4154 6568
340 477 409 530 17
1690 477 1748 533 S.
1784 475 1980 532 CYRIL

1966 476 2057 532 ιιι
2095 477 2277 533 VITA.
3538 466 3606 522 18

334 582 559 645 clesiam
586 586 1059 658 ConstantinOpoli
1100 586 1536 652 administrabat,
1562 586 1630 642 de
1656 603 1767 657 quo
1798 602 1919 657 cap.
1954 593 1995 648 Α
2025 588 2094 643 ab
2116 588 2371 644 incendio
2390 587 2646 643 liberem.
2676 586 2815 642 Tum
2844 587 3017 644 Judaei
3049 587 3300 658 protinus
3320 585 3525 655 impetu
3550 582 3608 638 in

339 676 407 730 12
450 683 661 746 egerat.
693 674 925 731 Creatus
962 676 1011 731 is
1042 686 1161 731 erat
1199 692 1288 730 an.
1336 676 1469 731 Chr.
1508 676 1632 743 412,
1676 687 1929 733 mortuus
2027 679 2367 735 Christianos
2404 678 2566 743 facto,
2610 693 2706 733 eos
2745 678 3047 733 trucidant.
3081 676 3258 745 Atque
3303 681 3365 727 ut
3402 688 3432 727 a
3470 675 3606 738 suis,

334 767 588 822 Monaxio
620 776 677 822 et
702 767 883 822 Plinta
924 783 1095 832 coss.,
1138 784 1228 822 an.
1272 768 1404 823 Chr.
1442 767 1569 823 419.
1598 786 1617 820 ι
1652 767 1857 823 Eodem
1901 786 1923 819 ι
2026 768 2244 823 annulis
2274 768 2681 833 demonstratis,
2715 784 2909 823 manus
2937 766 3321 829 abstinebant;
3347 763 3427 818 sic
3446 761 3610 817 Chri-

336 873 467 928 ergo
499 877 521 909 r
554 866 823 927 tempore,
862 877 880 910 ι
912 858 1089 929 inquit
1112 858 1385 923 Socrates,
1418 878 1437 911 ι
1462 859 1776 915 Iudaeorum
1795 874 1929 930 gens
2027 860 2251 924 stianos,
2277 860 2371 930 qui
2411 859 2544 930 ipsis
2568 859 2707 914 forte
2738 859 2952 915 obviam
2986 858 3113 913 facti
3152 864 3331 920 erant,
3366 870 3397 908 e
3425 851 3611 908 medio

336 963 370 1002 a
390 947 595 1018 Cyrillo
613 948 874 1019 episcopo
899 949 1231 1005 Alexandria
1251 950 1392 1005 hanc
1411 950 1483 1005 ob
1506 964 1726 1005 causam
1754 950 1926 1019 ejecta
2028 938 2311 1005 tollebant.

331 1046 440 1092 est.
476 1038 720 1108 Populus
740 1039 1149 1094 Alexandrinus
1169 1047 1366 1109 praeter
1389 1047 1618 1095 caeteros
1637 1038 1926 1094 seditioni-
2089 1042 2177 1095 22.
2191 1061 2211 1094 α
2239 1042 2342 1099 Ubi
2371 1051 2553 1097 autem
2574 1041 2751 1096 illuxit
2773 1040 2911 1106 dies,
2932 1039 3153 1095 sceleris
3169 1046 3421 1093 auctores
3440 1034 3607 1089 mini-

336 1128 446 1183 bus
470 1127 777 1183 delectatur
812 1148 826 1183 :
862 1130 919 1183 in
950 1129 1172 1199 quibus,
1208 1130 1254 1184 si
1283 1129 1502 1200 quando
1532 1129 1606 1184 sit
1634 1129 1815 1184 oblata
1856 1129 1927 1184 il-
2025 1150 2114 1191 me
2147 1135 2365 1190 obscuri
2399 1143 2454 1190 et
2477 1134 2735 1205 incogniti
2763 1132 3011 1187 fuerunt.
3028 1131 3143 1198 Qua
3181 1131 3248 1185 de
3286 1146 3344 1182 re
3373 1125 3609 1198 Cyrillus

336 1218 514 1273 hrum
540 1219 953 1275 conﬂandal'llm
983 1220 1220 1284 οοωδίον
1252 1220 1460 1276 scelera
1488 1219 1729 1275 θάιιιιιω·
1758 1234 1929 1289 Prope
2026 1227 2263 1298 graviter
2280 1233 2604 1289 commotus,
2630 1240 2753 1279 cum
2777 1224 2980 1294 ingenti
3005 1238 3167 1276 manu
3202 1220 3268 1274 ad
3293 1218 3605 1275 Judaeorum

338 1308 707 1367 intolerabilia
737 1330 751 1365 :
779 1312 983 1381 quippe
1002 1312 1121 1365 sine
1149 1311 1414 1382 sanguine
1431 1325 1712 1380 nunquam
1738 1309 1927 1380 populi
2026 1333 2322 1390 synagogas
2350 1316 2449 1388 (sic
2479 1316 2633 1371 enim
2661 1331 2854 1370 eorum
2894 1313 3093 1383 templa
3132 1308 3417 1379 vocantur)
3458 1317 3607 1364 recta

337 1399 579 1469 impetus
596 1401 836 1457 sedatur.
868 1402 926 1458 id
954 1402 1216 1471 temporis
1233 1402 1525 1465 tumultus,
1548 1416 1656 1455 non
1675 1400 1743 1455 de
1763 1415 1927 1455 causa

2026 1409 2206 1479 pergit
2239 1426 2254 1462 ε
2295 1417 2351 1464 et
2378 1424 2446 1463 ex
2467 1407 2670 1465 Iudaeis
2695 1407 2989 1461 nonnullos
3034 1404 3154 1460 neci
3184 1403 3312 1468 dat;
3348 1402 3484 1456 alios
3510 1416 3605 1455 ex-

334 1493 521 1563 ³Ῐίίι¹ι³
552 1494 881 1558 necessaria»
914 1493 1009 1548 ⁸θά
1032 1493 1099 1548 de
1124 1492 1305 1547 εῐυάίο
1335 1493 1619 1547 saltatores
1645 1487 1927 1560 Spectandi
2026 1500 2231 1570 pellite
2268 1500 2507 1560 civitate,
2543 1513 2843 1567 eorumque
2891 1497 3139 1551 fortunas
3182 1511 3213 1550 a
3255 1491 3609 1548 multitudine

337 1584 513 1654 ((1³οά
563 1585 766 1640 malum
809 1601 908 1656 Per
952 1598 1144 1638 omnes
1179 1583 1431 1638 οίνίιδῐθδ
1469 1581 1661 1651 εθτΡίῑ)
1711 1581 1767 1634 in
1810 1581 1926 1650 ipsa
2026 1590 2191 1662 diripi
2214 1592 2498 1662 permittit.
2522 1592 2707 1660 Itaque
2729 1589 2923 1654 Judaei,
2960 1587 3053 1658 qui
3086 1602 3257 1657 usque
3281 1585 3349 1639 ab
3372 1584 3609 1638 Alexan-

335 1674 694 1731 multitudine
720 1675 859 1729 forte
888 1675 1156 1729 ciebatur.
1180 1673 1314 1728 Nam
1339 1673 1427 1728 die
1464 1670 1688 1726 Sabbati
1735 1671 1933 1741 ingens
2026 1682 2114 1738 dri
2144 1682 2816 1753 Macedoniswmporibus
2841 1680 2986 1735 illam
3019 1679 3211 1733 urbem
3247 1674 3607 1739 incoluerant,

335 1765 500 1821 “"1”
526 1766 597 1821 ad
617 1766 910 1836 quemdam
936 1767 1251 1821 saltatorem
1268 1762 1624 1835 δρεοιεωάυπι
1642 1762 1929 1817 conuiuii.
2028 1782 2144 1829 tum
2174 1773 2417 1829 universi
2452 1773 2577 1827 inde
2615 1771 2794 1844 ejecti,
2840 1770 2932 1824 alii
2974 1770 3029 1823 in
3067 1769 3170 1823 alia
3214 1768 3331 1821 loca
3371 1765 3607 1834 dispersi

337 1853 413 1908 Et
440 1854 701 1923 quoniam
727 1853 920 1919 Judaei,
961 1854 1055 1923 qui
1088 1853 1181 1907 illo
1211 1852 1300 1907 die
1341 1850 1630 1913 feriantur,
1669 1866 1779 1905 non
1821 1851 1926 1921 legi

2028 1864 2302 1918 vixerunt.
2341 1860 2700 1917 Adamantius
2745 1876 2812 1914 ex
2856 1874 3085 1914 numero
3127 1856 3462 1916 Iudaeorum,
3516 1851 3608 1921 qui

337 1944 650 2009 audiendas,
680 1946 774 2001 sed
802 1945 1128 2015 spectaculis
1162 1952 1220 1999 et
1243 1943 1386 1998 ludis
1413 1942 1649 1997 scenicis
1676 1949 1925 1997 contem-
1960 1925 1977 1983 Ι

1970 1924 2002 1982 Β
2032 1954 2359 2009 medicinam
2382 1954 2630 2017 docebat,
2662 1949 3184 2019 Constantinopolim
3217 1945 3513 2016 profectus,
3543 1942 3610 1996 ad

336 2036 554 2107 Ρίῖωάίδ
582 2045 725 2092 “nos
746 2052 865 2092 sese
896 2036 1204 2100 dedebant,
1238 2035 1359 2090 dies
1389 2034 1479 2088 me
1502 2034 1691 2103 Populi
1730 2033 1930 2088 ῖθοῑίο-
2032 2045 2275 2101 Atticum
2328 2046 2646 2115 episcopum
2694 2058 2753 2097 se
2809 2040 3073 2096 contulit..
3106 2038 3209 2105 Qui
3256 2044 3619 2106 posteaquam

336 2128 506 2182 nibus
552 2128 699 2184 inter
739 2144 798 2184 se
838 2137 1030 2183 mutuo
1067 2126 1366 2182 dimicandi
1392 2140 1556 2180 causa
1588 2125 1813 2179 exstitit.
1849 2124 1928 2180 Ac

2030 2136 2397 2193 Christianam
2432 2135 2752 2206 religionem
2794 2132 3074 2203 professus
3106 2140 3246 2194 erat,
3273 2126 3622 2184 Alexandria

334 2234 654 2290 quanquam
694 2220 880 2289 populi
915 2218 1192 2274 discordia
1229 2233 1261 2271 a
1300 2216 1557 2288 praefecto
1586 2214 1928 2271 Alexandriae
2032 2228 2213 2283 denuo
2233 2226 2518 2281 habitavit.

339 2319 624 2381 utcunque
650 2319 767 2365 tum
791 2311 978 2365 sedata
1006 2310 1129 2374 fuit,
1152 2308 1511 2364 nihilominus
1543 2316 1722 2362 tamen
1746 2306 1925 2362 Judzei
2102 2319 2223 2373 ρει.
2251 2317 2490 2382 orestes,
2521 2317 2671 2371 mins
2703 2316 2857 2371 ιιι-δίε
2888 2313 3198 2385 ρι-τεῖθοιυε,
3246 2309 3379 2364 illud
3426 2307 3625 2379 Cyrilli.

336 2402 502 2456 alteri
522 2400 710 2472 populi
732 2400 957 2455 factioni
983 2399 1282 2455 adversarii
1302 2413 1423 2453 esse
1443 2413 1555 2452 non
1574 2396 1925 2451 destiterunt.

2032 2410 2235 2464 factum
2261 2408 2416 2463 valde
2439 2407 2627 2477 iniquo
2649 2406 2832 2462 animo
2854 2406 2980 2460 tulit
3005 2422 3017 2457 :
3061 2416 3431 2474 magnumque
3470 2398 3616 2468 cepit

335 2491 520 2561 Atque
539 2490 753 2546 tametsi
770 2489 944 2546 Judaei
966 2487 1301 2545 Christianis
1315 2497 1474 2543 erant
1488 2501 1702 2557 semper
1722 2486 1926 2555 infesti,

2034 2501 2299 2563 dolorem,
2334 2510 2442 2555 tam
2480 2498 2795 2569 praeclaram
2820 2496 3095 2552 civitatem
3141 2502 3292 2548 tanta
3324 2490 3613 2546 hominum

338 2587 461 2634 tum
496 2588 676 2635 tamen
712 2588 937 2651 propter
975 2580 1286 2644 saltatores,
1317 2579 1491 2634 multo
1530 2578 1586 2633 in
1615 2593 1714 2634 eos
1748 2577 1931 2633 infen-

2035 2590 2384 2646 multitudine
2415 2605 2639 2660 prorsus
2673 2590 2919 2643 orbatam
2960 2602 3100 2641 esse.
3137 2581 3502 2650 Quamobrem
3546 2576 3623 2632 ad

335 2671 519 2727 siores
553 2671 684 2727 facti
716 2679 848 2727 sunt
2036 2683 2420 2752 imperatorem
2476 2680 2544 2736 de
2592 2680 2756 2735 rebus
2802 2679 2877 2733 ibi
2926 2676 3093 2749 gestis
3142 2673 3337 2728 refert.
3381 2669 3622 2741 Cyrillus

417 2762 509 2817 20.
548 2781 569 2814 ι
602 2762 795 2832 itaque
833 2776 958 2817 cum
992 2760 1215 2817 Orestes
1252 2758 1543 2830 praefectus
1590 2757 1929 2812 Alexandria:
2034 2788 2057 2826 ε

2034 2772 2199 2826 etiam
2224 2771 2538 2841 imperatori
2571 2770 2883 2825 Judzeorum
2926 2768 3133 2823 scelera
3166 2780 3265 2833 per
3295 2761 3509 2816 litteras
3539 2758 3616 2813 si-

337 2853 617 2906 πολιτέιαν
650 2852 753 2924 (sic
771 2852 920 2907 enim
942 2850 1160 2922 publica
1190 2848 1429 2919 praefecti
1455 2848 1634 2903 edicta
1655 2846 1931 2916 appellant

2035 2861 2285 2933 gniﬁcat;
2318 2870 2375 2916 et
2414 2861 2771 2915 nihilominus
2804 2868 2985 2914 tamen
3033 2856 3101 2912 de
3149 2853 3392 2911 amicitia
3427 2848 3620 2905 conci-

337 2941 719 3012 Alexandrini)
751 2942 808 2997 in
854 2941 1069 2997 theatro
1100 2938 1507 3010 proponendam
1540 2945 1776 3001 curaret,
1831 2936 1930 2992 ad—

2035 2937 2217 3007 liarida
2242 2952 2330 3023 (ad
2362 2953 2494 3007 illud
2518 2966 2754 3021 namque
2787 2948 3097 3006 faciendum
3122 2945 3359 3018 populus
3389 2942 3621 2997 Alexan-

338 3043 513 3090 ετειηί
537 3033 703 3089 etiam
723 3032 913 3105 Cirim
950 3032 1190 3102 episcopi
1237 3029 1554 3093 necessariis
1587 3038 1649 3083 ιιι
1689 3028 1867 3083 θάίοιδ
1897 3043 1931 3083 3
2036 3042 2229 3097 drinus
2255 3043 2411 3097 illum
2432 3042 2742 3112 impulerat)
2770 3055 2895 3095 cum
2919 3039 3113 3095 Oreste
3139 3037 3268 3107 agit.
3293 3035 3497 3089 Verum
3522 3030 3619 3085 ubi

338 3125 604 3197 praefecto
622 3124 897 3195 publicata
924 3122 1352 3186 considerarent,
1377 3122 1520 3176 inter
1540 3134 1679 3189 quos
1708 3127 1829 3173 erat
1845 3119 1931 3172 vir

2036 3130 2257 3186 Orestes
2273 3131 2342 3185 de
2367 3130 2608 3185 amicitia
2629 3145 2697 3183 ne
2718 3128 2909 3183 audire
2931 3127 3155 3197 quidem
3172 3123 3364 3186 voluit,
3386 3112 3624 3192 Cyrillus

340 3216 571 3272 nomine
601 3217 822 3282 Hierax,
848 3214 1158 3271 humilioris
1183 3214 1504 3269 litteratum
1526 3212 1807 3282 magister,
1834 3209 1931 3280 qui
1964 3271 1980 3291 Δ

1980 3270 2004 3291 η
2042 3222 2249 3275 librum
2270 3222 2687 3291 Evangeliorum
2713 3219 2885 3290 (hunc
2910 3217 3059 3273 enim
3083 3216 3236 3270 illum
3255 3212 3620 3268 reveriturum

340 3309 746 3364 attentissimus
763 3307 983 3363 auditor
1010 3306 1251 3377 episcopi
1275 3304 1464 3376 Cyrilli
1491 3303 1613 3367 fuit,
1643 3302 1778 3357 etin
1802 3316 1935 3357 con-
1963 3270 2005 3327 Ο
2040 3310 2272 3381 putavit)
2302 3311 2355 3366 ei
2383 3270 2547 3365 moanu
2587 3270 2851 3380 ροτι-ξθχῑι,
2898 3309 2969 3362 At
3006 3321 3132 3361 cum
3172 3303 3381 3361 Orestis
3408 3300 3627 3356 animus

340 3398 605 3455 cionibus
633 3399 753 3469 eius
792 3397 1046 3468 plausum
1085 3395 1502 3466 diligentissime
1538 3393 1779 3450 excitare
1804 3405 1938 3446 θοι·
2039 3417 2109 3456 ne
2143 3403 2247 3477 hoc
2273 3401 2437 3456 modo
2468 3400 2690 3471 quidem
2723 3400 2941 3455 deliniri
2974 3405 3179 3469 posset,
3212 3395 3308 3452 sed
3332 3394 3477 3449 inter
3496 3408 3626 3448 eum

341 3489 548 3544 suevit.
573 3488 730 3543 Hunc
759 3487 925 3559 igitur
956 3486 1246 3547 Hieracem
1273 3495 1335 3540 ut
1356 3485 1593 3555 primum
1627 3482 1944 3539 ludmorum

2039 3502 2097 3549 et
2127 3478 2389 3566 Cyrillum
2429 3493 2690 3563 capitales
2723 3489 3024 3547 inimicitiae
3058 3502 3274 3559 semper
3315 3485 3628 3542 intercede-

344 3578 650 3635 multitudo
677 3578 735 3633 in
758 3577 977 3632 theatro
998 3576 1312 3645 conspicata
1338 3582 1443 3639 est,
1480 3573 1758 3643 extemplo
1787 3569 1940 3628 voci-

2041 3594 2195 3650 rent;
2223 3585 2339 3640 haec
2352 3584 2554 3649 clades,
2580 3598 2747 3654 quam
2764 3582 3023 3653 deinceps
3042 3578 3514 3642 commemorabo,
3539 3577 3625 3631 in-

346 3669 523 3725 ferari
554 3668 744 3739 cepit,
771 3681 901 3723 eum
930 3666 1002 3723 ob
1030 3666 1236 3722 nullam
1267 3666 1429 3720 aliam
1450 3678 1669 3720 causam
1694 3664 1764 3719 ad
1785 3664 1942 3722 thea-

2042 3677 2110 3733 de
2141 3683 2435 3731 consecuta
2462 3683 2566 3729 est.
2600 3693 2617 3726 ι
2643 3673 2772 3730 Haec
2790 3672 3063 3729 Socrates.
3091 3669 3296 3726 Eadem
3318 3676 3508 3723 narrat
3530 3664 3627 3721 Ni-

349 3773 507 3818 trum
541 3760 874 3826 accessisse,
911 3775 1076 3831 quam
1116 3766 1177 3814 ut
1204 3758 1466 3828 populum
1505 3757 1575 3812 ad
1616 3757 1943 3813 seditionem

2042 3768 2315 3838 cephorus
2337 3766 2434 3821 lib.
2464 3782 2572 3829 xiv,
2606 3779 2728 3836 cap.
2763 3764 2851 3831 14,
2888 3763 3033 3834 apud
3070 3775 3234 3833 quem
3268 3770 3452 3814 tamen
3478 3757 3637 3813 nulla

349 3855 679 3912 concitaret.
726 3853 950 3913 Orestes
987 3860 1193 3915 autem.
1243 3850 1348 3905 etsi
1396 3858 1522 3904 ante
1560 3848 1944 3920 episcoporum
2044 3854 2209 3910 caedis
2259 3853 2571 3909 Iudaeorum
2620 3853 2827 3909 mentio
2872 3860 2955 3906 est
2994 3868 3012 3904 τ
3054 3865 3157 3905 nee
3201 3846 3465 3904 credibile
3506 3860 3633 3901 eam.

351 3954 599 4017 potestas
642 3945 723 4000 illi
761 3943 893 4000 odio
932 3951 1225 4014 propterea
1268 3940 1469 4003 fuerat,
1517 3939 1665 4010 quod
1704 3955 1806 4010 per
1848 3955 1947 3995 eos
2044 3943 2285 4015 episcopi
2311 3943 2634 4000 auctoritate
2661 3944 3022 4015 designatam.
3059 3940 3369 4012 Agnoscere
3408 3951 3542 3993 vero
3572 3936 3630 3990 in

350 4036 609 4091 nonnihil
631 4036 701 4091 de
720 4034 1047 4091 auctoritate
1091 4047 1287 4088 eorum
1310 4031 1404 4102 qui
1424 4032 1492 4086 ab
1519 4031 1852 4101 imperatore
1877 4032 1946 4087 ad
2045 4036 2239 4091 Oreste
2266 4035 2395 4090 licet
2417 4035 2766 4105 politicorum
2790 4034 2966 4089 nostri
2992 4046 3212 4103 quoque
3242 4028 3507 4099 temporis
3542 4026 3630 4081 in-

354 4128 715 4199 magistratus
731 4126 1001 4199 gerendos
1020 4124 1286 4196 designati
1318 4132 1495 4187 erant,
1529 4123 1824 4179 admodum
1846 4123 1946 4179 de-
2047 4125 2259 4190 dolcm,
2306 4125 2401 4194 qui
2454 4141 2783 4196 quacunque
2821 4133 3053 4196 possunt
3107 4122 3318 4179 ratione
3356 4120 3635 4189 modoque

354 4228 597 4274 tractum
621 4219 755 4285 fuit;
784 4228 967 4274 tamen
1002 4226 1117 4273 tum
1140 4217 1225 4271 vel
1249 4215 1505 4279 maxime,
1537 4214 1684 4284 quod
1714 4214 1949 4287 Cyrillus
2048 4216 2367 4288 pontificum
2412 4225 2684 4272 conantur
2752 4217 3096 4286 aliorumque
3137 4212 3638 4270 ecclesiasticorum

355 4310 652 4364 videbatur
686 4309 742 4364 in
778 4310 898 4380 ejus
930 4308 1109 4364 edicta
1128 4308 1345 4363 curiose
1376 4306 1690 4375 inquirere;
1716 4306 1950 4376 proinde
2050 4306 2339 4361 hominum
2375 4306 2518 4361 bona
2562 4306 2841 4370 invadere,
2874 4307 3003 4377 jura
3051 4306 3285 4369 violare,
3328 4302 3634 4358 convellere

358 4401 650 4457 llicracem
668 4401 847 4471 palam
867 4400 928 4454 in
953 4399 1170 4454 theatro
1203 4397 1659 4469 comprehensum
1692 4396 1957 4468 gravibus
2050 4396 2450 4460 auctoritatem,
2497 4396 2667 4451 veluti
2719 4412 2913 4467 regum
2952 4394 3336 4451 emolumentis
3379 4390 3630 4455 noxiam;

357 4492 644 4547 divexavit
673 4491 978 4561 suppliciis.
2051 4503 2177 4543 cum
2216 4490 2383 4544 nullis
2410 4489 2630 4560 regibus
2660 4487 2875 4543 felicius
2905 4496 3102 4542 cuncta
3140 4482 3426 4549 cesserint,
3468 4496 3634 4553 quam

419 4608 486 4662 21
501 4648 515 4661 .
546 4606 691 4673 «Qua
712 4623 771 4661 re
794 4606 1066 4661 intellecta
1084 4605 1317 4677 Cyrillus
1336 4606 1647 4661 Iudaeorum
1668 4601 1957 4675 primarios
1984 4596 2033 4656 D
2166 4576 2744 4677 _Ec°'_95i3_3pl_‘frim“m
2773 4578 3092 4677 fiei‘fl°_"“m
3108 4583 3339 4677 ᾕθοξηη
3360 4588 3493 4677 ῖίξτο
3513 4572 3635 4642 plu“

360 4698 634 4765 accersit;
666 4697 796 4762 illis,
829 4697 874 4752 si
919 4713 1026 4751 non
1069 4663 1259 4752 contra
1296 4696 1638 4752 Christianos
1668 4663 1952 4749 tumultus

2057 4668 2213 4724 rimis
2228 4668 2629 4725 calamitatibus
2650 4684 2744 4725 eas
2772 4668 2973 4724 involvi
2998 4665 3307 4740 provincias
3332 4663 3634 4727 videamus,

360 4792 515 4846 ciere
536 4791 825 4852 desistant,
847 4788 1060 4844 debitas
1082 4804 1270 4859 poenas
1297 4804 1354 4843 se
1376 4788 1744 4859 irrogaturum
1773 4786 1951 4839 mina-

2057 4776 2291 4832 quarum
2350 4761 2737 4832 gubernaculis
2791 4759 3059 4832 ejusmodi
3124 4756 3375 4814 homines
3431 4753 3636 4809 admoti

362 4890 479 4935 tur.
504 4878 575 4933 At
605 4876 899 4932 multitudo
937 4877 1271 4941 Judaeorum,
1312 4876 1544 4947 cognitis
1572 4873 1814 4945 episcopi
1846 4873 1952 4929 mi-
2059 4859 2209 4907 δυηί-

360 4969 475 5031 nis,
503 4967 677 5022 multo
706 4967 911 5035 majore
934 4966 1234 5021 iracundiae
1263 4974 1397 5021 aestu
1424 4966 1806 5031 exardescerc,
1834 4980 1952 5020 ma-

361 5057 672 5127 chinasque
688 5056 757 5111 ad
770 5056 1098 5112 Christianis
1113 5056 1418 5111 nocendum
1434 5057 1741 5128 excogitare
1757 5056 1954 5127 carpit:

362 5160 509 5215 quas
529 5145 753 5215 quidem
791 5145 1120 5215 przecipuam
1153 5160 1373 5199 causam
1391 5144 1608 5199 Iudaeos
1631 5144 1957 5200 Alexandria
2129 5140 2224 5195 24.
2263 5139 2568 5211 Tragicam,
2619 5156 2781 5210 quam
2820 5146 3099 5193 narratum
3150 5135 3312 5197 imus,
3357 5130 3641 5186 historiam

362 5235 699 5292 exturbandi
727 5234 916 5299 fuisse,
945 5237 1059 5305 jam
1081 5235 1383 5290 ostendam.
1411 5234 1583 5291 Judaei
1621 5250 1747 5291 cum
1783 5243 1958 5291 tesse-
2064 5231 2381 5302 imperatori
2411 5240 2469 5286 et
2489 5230 2711 5286 Orestes
2733 5228 3021 5300 prafectus
3036 5233 3093 5279 et
3110 5223 3343 5297 Cyrillus
3375 5219 3645 5293 signiﬁca-

2194 5003 2222 5077 §
2250 5006 2312 5061 γ.
2351 5006 2532 5062 Turba:
2554 5005 2949 5061 Alexandriam.
2979 5003 3231 5057 Errantes
3253 4998 3489 5051 correcti.

364 5342 487 5381 ram
512 5325 613 5396 ipsi
635 5326 739 5381 sibi
764 5326 1063 5391 dedissent,
1084 5327 1342 5382 nimirum
1366 5333 1428 5381 ut
1446 5325 1677 5398 quisque
1695 5326 1957 5379 annulum
2065 5332 2213 5378 runt.
2260 5322 2479 5379 Utinam
2520 5322 2716 5376 littera:
2761 5316 2948 5388 Cyrilli
2994 5316 3301 5372 exstarent!
3348 5314 3525 5383 majus
3567 5326 3647 5368 ea:

364 5432 436 5471 ex
485 5416 692 5472 cortice
730 5418 924 5486 palmae
962 5417 1275 5473 confectum
1325 5424 1582 5489 gestaret,
1633 5424 1958 5471 nocturnam
2064 5411 2302 5483 pondus,
2350 5427 2512 5482 quam
2565 5408 2800 5465 furentis
2839 5407 2986 5463 illius
3022 5405 3253 5470 Orestis,
3304 5404 3449 5477 apud
3498 5409 3648 5459 recte

364 5518 611 5575 pugnam
633 5514 826 5561 contra
856 5507 1198 5563 Christianos
1228 5509 1540 5563 instituunt.
1586 5507 1775 5577 Itaque
1800 5516 1961 5565 nocte
2066 5503 2366 5559 sentientes
2385 5499 2898 5569 obtinerent.Hujus
2917 5506 3098 5553 tamen
3119 5496 3438 5552 relationem
3458 5494 3647 5564 potius

366 5594 609 5663 quadam
636 5611 739 5666 per
767 5597 1053 5654 universas
1082 5599 1237 5654 urbis
1284 5600 1534 5671 regiones
1571 5614 1601 5654 a
1633 5598 1959 5669 quibusdam
2064 5594 2301 5664 arripuit
2322 5593 2593 5656 Socrates,
2626 5591 2827 5662 Cyrillo
2843 5590 3109 5653 infensus,
3143 5588 3240 5643 lib.
3264 5602 3358 5651 vn,
3414 5601 3534 5656 cap.
3581 5585 3650 5641 M

368 5685 831 5741 conclamandum
872 5698 1086 5754 curant,
1132 5698 1301 5745 totam
1338 5690 1626 5746 ecclesiam
1669 5688 1963 5746 Alexandri
2065 5697 2123 5743 et
2144 5687 2231 5742 15.
2258 5706 2276 5737 ι
2304 5683 2561 5741 Nonnulli
2584 5700 2651 5739 ex
2674 5683 2976 5746 monachis,
3003 5701 3020 5735 ›
3054 5680 3255 5750 inquit,
3278 5696 3300 5731 ‹
3326 5676 3418 5749 qui
3441 5677 3649 5733 Nitram

373 5775 602 5832 nomine
632 5764 1178 5850 nuncupatam'igne
1219 5781 1572 5854 conﬂagrare.
1612 5781 1734 5849 Quo
1776 5781 1963 5837 audito
2069 5790 2309 5835 montem
2360 5775 2700 5839 accolebant,
2758 5774 2976 5845 ingenio
3024 5770 3356 5828 ferventiore
3416 5766 3648 5839 prmditi,

376 5864 699 5933 Christiani,
729 5869 869 5925 alius
903 5871 1123 5927 aliunde
1176 5880 1533 5938 concurrunt,
1582 5880 1643 5927 ut
1676 5871 1963 5929 ecclesiam
2070 5872 2215 5928 sicut
2251 5868 2573 5938 iampridem
2600 5865 2747 5922 idem
2774 5865 2956 5935 ipsum
2986 5862 3355 5929 declararunt,
3397 5857 3574 5915 exorsi
3618 5872 3651 5912 a
