  <div class='ocr_page' id='page_1' title='image "/cluster/home/n/w/nwhite01/storage/ocr_20150623/68/hvd.32044019207851/017.png"; bbox 0 0 4154 6548; ppageno 0'>
   <div class='ocr_carea' id='block_1_1' title="bbox 504 445 3773 513">
    <p class='ocr_par' dir='ltr' id='par_1_1' title="bbox 504 445 3773 513">
     <span class='ocr_line' id='line_1_1' title="bbox 504 445 3773 513; baseline 0.002 -13"><span class='ocrx_word' id='word_1_1' title='bbox 504 445 575 501; x_wconf 58' lang='grc'><strong>19</strong></span> <span class='ocrx_word' id='word_1_2' title='bbox 1854 450 1908 511; x_wconf 75' lang='lat' dir='ltr'><strong>S.</strong></span> <span class='ocrx_word' id='word_1_3' title='bbox 1951 450 2225 511; x_wconf 64' lang='lat' dir='ltr'><strong>CYRILLI</strong></span> <span class='ocrx_word' id='word_1_4' title='bbox 2266 450 2445 510; x_wconf 65' lang='lat' dir='ltr'><strong>“TA.</strong></span> <span class='ocrx_word' id='word_1_5' title='bbox 3699 455 3773 513; x_wconf 71' lang='lat'><strong>20</strong></span> 
     </span>
    </p>
   </div>
   <div class='ocr_carea' id='block_1_2' title="bbox 504 556 3774 636">
    <p class='ocr_par' dir='ltr' id='par_1_2' title="bbox 504 556 3774 636">
     <span class='ocr_line' id='line_1_2' title="bbox 504 556 3774 636; baseline 0.003 -21"><span class='ocrx_word' id='word_1_6' title='bbox 504 556 793 629; x_wconf 76' lang='lat' dir='ltr'><strong>Theophili</strong></span> <span class='ocrx_word' id='word_1_7' title='bbox 830 560 1188 629; x_wconf 75' lang='lat' dir='ltr'><strong>temporibus,</strong></span> <span class='ocrx_word' id='word_1_8' title='bbox 1225 559 1443 631; x_wconf 77' lang='lat' dir='ltr'><strong>quando</strong></span> <span class='ocrx_word' id='word_1_9' title='bbox 1480 568 1639 613; x_wconf 83' lang='lat' dir='ltr'><strong>erant</strong></span> <span class='ocrx_word' id='word_1_10' title='bbox 1677 559 1745 613; x_wconf 87' lang='lat' dir='ltr'><strong>ab</strong></span> <span class='ocrx_word' id='word_1_11' title='bbox 1774 560 1868 615; x_wconf 85' lang='lat' dir='ltr'><strong>&#39;rllo</strong></span> <span class='ocrx_word' id='word_1_12' title='bbox 1895 570 2087 616; x_wconf 88' lang='lat' dir='ltr'><strong>contra</strong></span> <span class='ocrx_word' id='word_1_13' title='bbox 2119 565 2159 622; x_wconf 83' lang='grc' dir='ltr'><strong>Α</strong></span> <span class='ocrx_word' id='word_1_14' title='bbox 2189 559 2594 621; x_wconf 69' lang='lat' dir='ltr'><strong>venerabantur</strong></span> <span class='ocrx_word' id='word_1_15' title='bbox 2616 568 2673 616; x_wconf 88' lang='lat' dir='ltr'><strong>et</strong></span> <span class='ocrx_word' id='word_1_16' title='bbox 2690 562 3083 633; x_wconf 87' lang='lat' dir='ltr'><strong>suscipiebant.</strong></span> <span class='ocrx_word' id='word_1_17' title='bbox 3104 565 3289 636; x_wconf 84' lang='lat' dir='ltr'><strong>itaque</strong></span> <span class='ocrx_word' id='word_1_18' title='bbox 3313 567 3531 624; x_wconf 63' lang='lat' dir='ltr'><strong>invidie</strong></span> <span class='ocrx_word' id='word_1_19' title='bbox 3556 568 3774 626; x_wconf 80' lang='lat' dir='ltr'><strong>ﬂamma</strong></span> 
     </span>
    </p>
   </div>
   <div class='ocr_carea' id='block_1_3' title="bbox 504 649 2087 720">
    <p class='ocr_par' dir='ltr' id='par_1_3' title="bbox 504 649 2087 720">
     <span class='ocr_line' id='line_1_3' title="bbox 504 649 2087 720; baseline 0.001 -18"><span class='ocrx_word' id='word_1_20' title='bbox 504 649 825 709; x_wconf 88' lang='lat' dir='ltr'><strong>Dioscorum</strong></span> <span class='ocrx_word' id='word_1_21' title='bbox 851 660 906 704; x_wconf 89' lang='lat' dir='ltr'><strong>et</strong></span> <span class='ocrx_word' id='word_1_22' title='bbox 938 652 1059 720; x_wconf 82' lang='lat' dir='ltr'><strong>ejus</strong></span> <span class='ocrx_word' id='word_1_23' title='bbox 1079 650 1278 706; x_wconf 91' lang='lat' dir='ltr'><strong>fratres</strong></span> <span class='ocrx_word' id='word_1_24' title='bbox 1299 651 1485 719; x_wconf 90' lang='lat' dir='ltr'><strong>inique</strong></span> <span class='ocrx_word' id='word_1_25' title='bbox 1511 651 1740 716; x_wconf 77' lang='lat' dir='ltr'><strong>armati;</strong></span> <span class='ocrx_word' id='word_1_26' title='bbox 1768 651 1847 705; x_wconf 90' lang='lat' dir='ltr'><strong>sic</strong></span> <span class='ocrx_word' id='word_1_27' title='bbox 1871 651 1924 705; x_wconf 87' lang='lat' dir='ltr'><strong>id</strong></span> <span class='ocrx_word' id='word_1_28' title='bbox 1949 660 2087 706; x_wconf 47' lang='lat' dir='ltr'><strong>temq</strong></span> 
     </span>
    </p>
   </div>
   <div class='ocr_carea' id='block_1_4' title="bbox 502 736 2079 810">
    <p class='ocr_par' dir='ltr' id='par_1_4' title="bbox 502 736 2079 810">
     <span class='ocr_line' id='line_1_4' title="bbox 502 736 2079 810; baseline 0.003 -21"><span class='ocrx_word' id='word_1_29' title='bbox 502 736 653 805; x_wconf 89' lang='lat' dir='ltr'><strong>poris</strong></span> <span class='ocrx_word' id='word_1_30' title='bbox 683 752 901 807; x_wconf 91' lang='lat' dir='ltr'><strong>quoque</strong></span> <span class='ocrx_word' id='word_1_31' title='bbox 922 740 1284 795; x_wconf 65' lang='lat' dir='ltr'><strong>aemulationis</strong></span> <span class='ocrx_word' id='word_1_32' title='bbox 1301 738 1495 793; x_wconf 89' lang='lat' dir='ltr'><strong>ardore</strong></span> <span class='ocrx_word' id='word_1_33' title='bbox 1522 737 1862 804; x_wconf 87' lang='lat' dir='ltr'><strong>inﬂammati,</strong></span> <span class='ocrx_word' id='word_1_34' title='bbox 1888 756 2079 810; x_wconf 47' lang='lat' dir='ltr'><strong>prome</strong></span> 
     </span>
    </p>
   </div>
   <div class='ocr_carea' id='block_1_5' title="bbox 502 829 2085 902">
    <p class='ocr_par' dir='ltr' id='par_1_5' title="bbox 502 829 2085 902">
     <span class='ocr_line' id='line_1_5' title="bbox 502 829 2085 902; baseline 0.002 -21"><span class='ocrx_word' id='word_1_35' title='bbox 502 835 597 897; x_wconf 88' lang='lat' dir='ltr'><strong>pto</strong></span> <span class='ocrx_word' id='word_1_36' title='bbox 608 837 665 882; x_wconf 91' lang='lat' dir='ltr'><strong>et</strong></span> <span class='ocrx_word' id='word_1_37' title='bbox 678 829 840 883; x_wconf 90' lang='lat' dir='ltr'><strong>alacri</strong></span> <span class='ocrx_word' id='word_1_38' title='bbox 859 831 1042 887; x_wconf 91' lang='lat' dir='ltr'><strong>animo</strong></span> <span class='ocrx_word' id='word_1_39' title='bbox 1056 847 1156 902; x_wconf 90' lang='lat' dir='ltr'><strong>pro</strong></span> <span class='ocrx_word' id='word_1_40' title='bbox 1170 830 1372 901; x_wconf 92' lang='lat' dir='ltr'><strong>Cyrillo</strong></span> <span class='ocrx_word' id='word_1_41' title='bbox 1388 831 1647 886; x_wconf 90' lang='lat' dir='ltr'><strong>dimicare</strong></span> <span class='ocrx_word' id='word_1_42' title='bbox 1664 831 2085 887; x_wconf 87' lang='lat' dir='ltr'><strong>constituerunt.</strong></span> 
     </span>
    </p>
   </div>
   <div class='ocr_carea' id='block_1_6' title="bbox 503 915 2087 989">
    <p class='ocr_par' dir='ltr' id='par_1_6' title="bbox 503 915 2087 989">
     <span class='ocr_line' id='line_1_6' title="bbox 503 915 2087 989; baseline 0.002 -19"><span class='ocrx_word' id='word_1_43' title='bbox 503 915 691 986; x_wconf 84' lang='lat' dir='ltr'><strong>itaque</strong></span> <span class='ocrx_word' id='word_1_44' title='bbox 722 919 825 972; x_wconf 91' lang='lat' dir='ltr'><strong>viri</strong></span> <span class='ocrx_word' id='word_1_45' title='bbox 872 919 942 973; x_wconf 92' lang='lat' dir='ltr'><strong>ad</strong></span> <span class='ocrx_word' id='word_1_46' title='bbox 985 920 1310 989; x_wconf 86' lang='lat' dir='ltr'><strong>quingentos</strong></span> <span class='ocrx_word' id='word_1_47' title='bbox 1357 936 1588 975; x_wconf 89' lang='lat' dir='ltr'><strong>numero</strong></span> <span class='ocrx_word' id='word_1_48' title='bbox 1630 936 1697 975; x_wconf 85' lang='lat' dir='ltr'><strong>ex</strong></span> <span class='ocrx_word' id='word_1_49' title='bbox 1742 920 2087 975; x_wconf 81' lang='lat' dir='ltr'><strong>monasteriis</strong></span> 
     </span>
    </p>
   </div>
   <div class='ocr_carea' id='block_1_7' title="bbox 502 1008 2085 1081">
    <p class='ocr_par' dir='ltr' id='par_1_7' title="bbox 502 1008 2085 1081">
     <span class='ocr_line' id='line_1_7' title="bbox 502 1008 2085 1081; baseline 0.001 -18"><span class='ocrx_word' id='word_1_50' title='bbox 502 1008 729 1079; x_wconf 82' lang='lat' dir='ltr'><strong>egressi,</strong></span> <span class='ocrx_word' id='word_1_51' title='bbox 763 1009 955 1063; x_wconf 88' lang='lat' dir='ltr'><strong>urbem</strong></span> <span class='ocrx_word' id='word_1_52' title='bbox 984 1009 1369 1073; x_wconf 76' lang='lat' dir='ltr'><strong>Alexandriam</strong></span> <span class='ocrx_word' id='word_1_53' title='bbox 1392 1011 1745 1075; x_wconf 82' lang='lat' dir='ltr'><strong>contendere,</strong></span> <span class='ocrx_word' id='word_1_54' title='bbox 1770 1010 2085 1081; x_wconf 82' lang='lat' dir='ltr'><strong>praefectum</strong></span> 
     </span>
    </p>
   </div>
   <div class='ocr_carea' id='block_1_8' title="bbox 504 1096 2085 1164">
    <p class='ocr_par' dir='ltr' id='par_1_8' title="bbox 504 1096 2085 1164">
     <span class='ocr_line' id='line_1_8' title="bbox 504 1096 2085 1164; baseline 0.001 -13"><span class='ocrx_word' id='word_1_55' title='bbox 504 1096 674 1159; x_wconf 83' lang='lat' dir='ltr'><strong>rheda</strong></span> <span class='ocrx_word' id='word_1_56' title='bbox 707 1097 1138 1157; x_wconf 86' lang='lat' dir='ltr'><strong>circumvectum</strong></span> <span class='ocrx_word' id='word_1_57' title='bbox 1171 1099 1486 1164; x_wconf 91' lang='lat' dir='ltr'><strong>observare,</strong></span> <span class='ocrx_word' id='word_1_58' title='bbox 1511 1114 1635 1155; x_wconf 91' lang='lat' dir='ltr'><strong>eum</strong></span> <span class='ocrx_word' id='word_1_59' title='bbox 1663 1100 1835 1163; x_wconf 89' lang='lat' dir='ltr'><strong>adire,</strong></span> <span class='ocrx_word' id='word_1_60' title='bbox 1876 1099 2085 1154; x_wconf 86' lang='lat' dir='ltr'><strong>sacriﬁ-</strong></span> 
     </span>
    </p>
   </div>
   <div class='ocr_carea' id='block_1_9' title="bbox 501 1189 2089 1261">
    <p class='ocr_par' dir='ltr' id='par_1_9' title="bbox 501 1189 2089 1261">
     <span class='ocr_line' id='line_1_9' title="bbox 501 1189 2089 1261; baseline 0.003 -18"><span class='ocrx_word' id='word_1_61' title='bbox 501 1202 646 1251; x_wconf 80' lang='lat' dir='ltr'><strong>cum,</strong></span> <span class='ocrx_word' id='word_1_62' title='bbox 675 1189 954 1257; x_wconf 86' lang='lat' dir='ltr'><strong>gentilem,</strong></span> <span class='ocrx_word' id='word_1_63' title='bbox 1000 1198 1055 1245; x_wconf 91' lang='lat' dir='ltr'><strong>et</strong></span> <span class='ocrx_word' id='word_1_64' title='bbox 1093 1190 1216 1251; x_wconf 89' lang='lat' dir='ltr'><strong>aliis</strong></span> <span class='ocrx_word' id='word_1_65' title='bbox 1258 1192 1637 1261; x_wconf 78' lang='lat' dir='ltr'><strong>compluribus</strong></span> <span class='ocrx_word' id='word_1_66' title='bbox 1679 1193 2089 1247; x_wconf 90' lang='lat' dir='ltr'><strong>contumeliosis</strong></span> 
     </span>
    </p>
   </div>
   <div class='ocr_carea' id='block_1_10' title="bbox 500 1280 1458 1352">
    <p class='ocr_par' dir='ltr' id='par_1_10' title="bbox 500 1280 1458 1352">
     <span class='ocr_line' id='line_1_10' title="bbox 500 1280 1458 1352; baseline 0.005 -20"><span class='ocrx_word' id='word_1_67' title='bbox 500 1280 817 1341; x_wconf 81' lang='lat' dir='ltr'><strong>numinibus</strong></span> <span class='ocrx_word' id='word_1_68' title='bbox 842 1282 1115 1351; x_wconf 89' lang='lat' dir='ltr'><strong>appellare</strong></span> <span class='ocrx_word' id='word_1_69' title='bbox 1147 1292 1458 1352; x_wconf 57' lang='lat' dir='ltr'><strong>cmperunt,</strong></span> 
     </span>
    </p>
   </div>
   <div class='ocr_carea' id='block_1_11' title="bbox 562 1370 2091 1445">
    <p class='ocr_par' dir='ltr' id='par_1_11' title="bbox 562 1370 2091 1445">
     <span class='ocr_line' id='line_1_11' title="bbox 562 1370 2091 1445; baseline 0.002 -20"><span class='ocrx_word' id='word_1_70' title='bbox 562 1370 655 1432; x_wconf 72' lang='lat'><strong>25,</strong></span> <span class='ocrx_word' id='word_1_71' title='bbox 690 1391 707 1421; x_wconf 87' lang='grc'><strong><em>‹</em></strong></span> <span class='ocrx_word' id='word_1_72' title='bbox 738 1371 853 1436; x_wconf 85' lang='lat' dir='ltr'><strong>Ille,</strong></span> <span class='ocrx_word' id='word_1_73' title='bbox 894 1373 1209 1443; x_wconf 90' lang='lat' dir='ltr'><strong>suspicatus</strong></span> <span class='ocrx_word' id='word_1_74' title='bbox 1238 1374 1343 1429; x_wconf 85' lang='lat' dir='ltr'><strong>sibi</strong></span> <span class='ocrx_word' id='word_1_75' title='bbox 1367 1389 1397 1435; x_wconf 87' lang='lat' dir='ltr'><strong>a</strong></span> <span class='ocrx_word' id='word_1_76' title='bbox 1427 1373 1630 1445; x_wconf 84' lang='lat' dir='ltr'><strong>Cyrillo</strong></span> <span class='ocrx_word' id='word_1_77' title='bbox 1659 1375 1887 1431; x_wconf 90' lang='lat' dir='ltr'><strong>insidias</strong></span> <span class='ocrx_word' id='word_1_78' title='bbox 1916 1374 2091 1429; x_wconf 90' lang='lat' dir='ltr'><strong>collo-.</strong></span> 
     </span>
    </p>
   </div>
   <div class='ocr_carea' id='block_1_12' title="bbox 499 1464 2086 1530">
    <p class='ocr_par' dir='ltr' id='par_1_12' title="bbox 499 1464 2086 1530">
     <span class='ocr_line' id='line_1_12' title="bbox 499 1464 2086 1530; baseline 0.001 -13"><span class='ocrx_word' id='word_1_79' title='bbox 499 1471 659 1523; x_wconf 82' lang='lat' dir='ltr'><strong>catas,</strong></span> <span class='ocrx_word' id='word_1_80' title='bbox 688 1478 833 1528; x_wconf 80' lang='lat' dir='ltr'><strong>esse,</strong></span> <span class='ocrx_word' id='word_1_81' title='bbox 874 1464 1180 1523; x_wconf 77' lang='lat' dir='ltr'><strong>exclamare</strong></span> <span class='ocrx_word' id='word_1_82' title='bbox 1224 1481 1284 1521; x_wconf 90' lang='lat' dir='ltr'><strong>se</strong></span> <span class='ocrx_word' id='word_1_83' title='bbox 1323 1466 1698 1530; x_wconf 78' lang='lat' dir='ltr'><strong>Christianum</strong></span> <span class='ocrx_word' id='word_1_84' title='bbox 1741 1481 1883 1530; x_wconf 91' lang='lat' dir='ltr'><strong>esse,</strong></span> <span class='ocrx_word' id='word_1_85' title='bbox 1935 1466 2086 1520; x_wconf 88' lang='lat' dir='ltr'><strong>etab</strong></span> 
     </span>
    </p>
   </div>
   <div class='ocr_carea' id='block_1_13' title="bbox 498 1551 2082 1634">
    <p class='ocr_par' dir='ltr' id='par_1_13' title="bbox 498 1551 2082 1634">
     <span class='ocr_line' id='line_1_13' title="bbox 498 1551 2082 1634; baseline 0.004 -29"><span class='ocrx_word' id='word_1_86' title='bbox 498 1551 681 1615; x_wconf 81' lang='lat' dir='ltr'><strong>Attico</strong></span> <span class='ocrx_word' id='word_1_87' title='bbox 708 1553 966 1629; x_wconf 85' lang='lat' dir='ltr'><strong>episcopo</strong></span> <span class='ocrx_word' id='word_1_88' title='bbox 987 1553 1458 1626; x_wconf 85' lang='lat' dir='ltr'><strong>Constantinopoli</strong></span> <span class='ocrx_word' id='word_1_89' title='bbox 1482 1556 1836 1634; x_wconf 79' lang='lat' dir='ltr'><strong>baptizatum.</strong></span> <span class='ocrx_word' id='word_1_90' title='bbox 1862 1557 2082 1621; x_wconf 77' lang='lat' dir='ltr'><strong>Verum,</strong></span> 
     </span>
    </p>
   </div>
   <div class='ocr_carea' id='block_1_14' title="bbox 500 1643 2083 1717">
    <p class='ocr_par' dir='ltr' id='par_1_14' title="bbox 500 1643 2083 1717">
     <span class='ocr_line' id='line_1_14' title="bbox 500 1643 2083 1717; baseline 0.003 -20"><span class='ocrx_word' id='word_1_91' title='bbox 500 1643 601 1698; x_wconf 86' lang='lat' dir='ltr'><strong>ubi</strong></span> <span class='ocrx_word' id='word_1_92' title='bbox 647 1645 899 1709; x_wconf 85' lang='lat' dir='ltr'><strong>monachi</strong></span> <span class='ocrx_word' id='word_1_93' title='bbox 951 1647 1082 1717; x_wconf 71' lang='lat' dir='ltr'><strong>ejus,</strong></span> <span class='ocrx_word' id='word_1_94' title='bbox 1114 1647 1283 1702; x_wconf 89' lang='lat' dir='ltr'><strong>verba</strong></span> <span class='ocrx_word' id='word_1_95' title='bbox 1330 1648 1661 1710; x_wconf 75' lang='lat' dir='ltr'><strong>videbantur</strong></span> <span class='ocrx_word' id='word_1_96' title='bbox 1711 1658 2083 1711; x_wconf 85' lang='lat' dir='ltr'><strong>contemnere,</strong></span> 
     </span>
    </p>
   </div>
   <div class='ocr_carea' id='block_1_15' title="bbox 500 1734 2089 1809">
    <p class='ocr_par' dir='ltr' id='par_1_15' title="bbox 500 1734 2089 1809">
     <span class='ocr_line' id='line_1_15' title="bbox 500 1734 2089 1809; baseline 0.004 -21"><span class='ocrx_word' id='word_1_97' title='bbox 500 1749 644 1789; x_wconf 88' lang='lat' dir='ltr'><strong>unus</strong></span> <span class='ocrx_word' id='word_1_98' title='bbox 674 1734 812 1790; x_wconf 90' lang='lat' dir='ltr'><strong>forte</strong></span> <span class='ocrx_word' id='word_1_99' title='bbox 837 1751 905 1791; x_wconf 91' lang='lat' dir='ltr'><strong>ex</strong></span> <span class='ocrx_word' id='word_1_100' title='bbox 938 1737 1066 1803; x_wconf 91' lang='lat' dir='ltr'><strong>illis,</strong></span> <span class='ocrx_word' id='word_1_101' title='bbox 1098 1740 1318 1793; x_wconf 89' lang='lat' dir='ltr'><strong>nomine</strong></span> <span class='ocrx_word' id='word_1_102' title='bbox 1338 1738 1679 1805; x_wconf 86' lang='lat' dir='ltr'><strong>Ammonius,</strong></span> <span class='ocrx_word' id='word_1_103' title='bbox 1707 1748 1871 1809; x_wconf 89' lang='lat' dir='ltr'><strong>caput</strong></span> <span class='ocrx_word' id='word_1_104' title='bbox 1892 1739 2089 1809; x_wconf 71' lang='lat' dir='ltr'><strong>prtefe-.</strong></span> 
     </span>
    </p>
   </div>
   <div class='ocr_carea' id='block_1_16' title="bbox 501 1824 2081 1899">
    <p class='ocr_par' dir='ltr' id='par_1_16' title="bbox 501 1824 2081 1899">
     <span class='ocr_line' id='line_1_16' title="bbox 501 1824 2081 1899; baseline 0.004 -21"><span class='ocrx_word' id='word_1_105' title='bbox 501 1824 573 1878; x_wconf 88' lang='lat' dir='ltr'><strong>cti</strong></span> <span class='ocrx_word' id='word_1_106' title='bbox 601 1824 781 1895; x_wconf 89' lang='lat' dir='ltr'><strong>lapide</strong></span> <span class='ocrx_word' id='word_1_107' title='bbox 809 1836 1099 1897; x_wconf 89' lang='lat' dir='ltr'><strong>percutere</strong></span> <span class='ocrx_word' id='word_1_108' title='bbox 1124 1846 1136 1883; x_wconf 90' lang='lat'>:</span> <span class='ocrx_word' id='word_1_109' title='bbox 1164 1830 1458 1899; x_wconf 73' lang='lat' dir='ltr'><strong>praefectus</strong></span> <span class='ocrx_word' id='word_1_110' title='bbox 1484 1830 1577 1886; x_wconf 89' lang='lat' dir='ltr'><strong>illo</strong></span> <span class='ocrx_word' id='word_1_111' title='bbox 1602 1831 1827 1886; x_wconf 84' lang='lat' dir='ltr'><strong>vulnere</strong></span> <span class='ocrx_word' id='word_1_112' title='bbox 1854 1830 2081 1895; x_wconf 87' lang='lat' dir='ltr'><strong>inﬂicto,</strong></span> 
     </span>
    </p>
   </div>
   <div class='ocr_carea' id='block_1_17' title="bbox 502 1902 2158 1993">
    <p class='ocr_par' dir='ltr' id='par_1_17' title="bbox 502 1902 2158 1993">
     <span class='ocr_line' id='line_1_17' title="bbox 502 1902 2158 1993; baseline 0.005 -24"><span class='ocrx_word' id='word_1_113' title='bbox 502 1923 654 1981; x_wconf 76' lang='lat' dir='ltr'><strong>totus</strong></span> <span class='ocrx_word' id='word_1_114' title='bbox 685 1920 948 1989; x_wconf 79' lang='lat' dir='ltr'><strong>sanguine</strong></span> <span class='ocrx_word' id='word_1_115' title='bbox 975 1936 1214 1974; x_wconf 89' lang='lat' dir='ltr'><strong>manare.</strong></span> <span class='ocrx_word' id='word_1_116' title='bbox 1254 1920 1598 1993; x_wconf 82' lang='lat' dir='ltr'><strong>Quapmpter</strong></span> <span class='ocrx_word' id='word_1_117' title='bbox 1639 1923 1877 1993; x_wconf 78' lang='lat' dir='ltr'><strong>praefecti</strong></span> <span class='ocrx_word' id='word_1_118' title='bbox 1915 1937 2083 1993; x_wconf 87' lang='lat' dir='ltr'><strong>appa-</strong></span> <span class='ocrx_word' id='word_1_119' title='bbox 2113 1902 2158 1960; x_wconf 71' lang='grc' dir='ltr'><strong>Β</strong></span> 
     </span>
    </p>
   </div>
   <div class='ocr_carea' id='block_1_18' title="bbox 501 2005 2084 2081">
    <p class='ocr_par' dir='ltr' id='par_1_18' title="bbox 501 2005 2084 2081">
     <span class='ocr_line' id='line_1_18' title="bbox 501 2005 2084 2081; baseline 0.008 -23"><span class='ocrx_word' id='word_1_120' title='bbox 501 2005 720 2072; x_wconf 90' lang='lat' dir='ltr'><strong>ritores,</strong></span> <span class='ocrx_word' id='word_1_121' title='bbox 750 2011 992 2079; x_wconf 80' lang='lat' dir='ltr'><strong>exceptis</strong></span> <span class='ocrx_word' id='word_1_122' title='bbox 1020 2012 1229 2081; x_wconf 89' lang='lat' dir='ltr'><strong>paucis,</strong></span> <span class='ocrx_word' id='word_1_123' title='bbox 1258 2028 1449 2069; x_wconf 90' lang='lat' dir='ltr'><strong>omnes</strong></span> <span class='ocrx_word' id='word_1_124' title='bbox 1479 2028 1537 2068; x_wconf 90' lang='lat' dir='ltr'><strong>se</strong></span> <span class='ocrx_word' id='word_1_125' title='bbox 1568 2013 1706 2069; x_wconf 92' lang='lat' dir='ltr'><strong>clam</strong></span> <span class='ocrx_word' id='word_1_126' title='bbox 1733 2014 1858 2069; x_wconf 91' lang='lat' dir='ltr'><strong>inde</strong></span> <span class='ocrx_word' id='word_1_127' title='bbox 1876 2014 2084 2069; x_wconf 82' lang='lat' dir='ltr'><strong>subdu-</strong></span> 
     </span>
    </p>
   </div>
   <div class='ocr_carea' id='block_1_19' title="bbox 500 2098 2086 2176">
    <p class='ocr_par' dir='ltr' id='par_1_19' title="bbox 500 2098 2086 2176">
     <span class='ocr_line' id='line_1_19' title="bbox 500 2098 2086 2176; baseline 0.006 -24"><span class='ocrx_word' id='word_1_128' title='bbox 500 2111 646 2163; x_wconf 79' lang='lat' dir='ltr'><strong>cere,</strong></span> <span class='ocrx_word' id='word_1_129' title='bbox 683 2098 829 2164; x_wconf 74' lang='lat' dir='ltr'><strong>alius,</strong></span> <span class='ocrx_word' id='word_1_130' title='bbox 859 2101 967 2157; x_wconf 90' lang='lat' dir='ltr'><strong>alio</strong></span> <span class='ocrx_word' id='word_1_131' title='bbox 1001 2118 1060 2158; x_wconf 91' lang='lat' dir='ltr'><strong>se</strong></span> <span class='ocrx_word' id='word_1_132' title='bbox 1092 2103 1148 2159; x_wconf 91' lang='lat' dir='ltr'><strong>in</strong></span> <span class='ocrx_word' id='word_1_133' title='bbox 1181 2104 1588 2172; x_wconf 83' lang='lat' dir='ltr'><strong>multitudinem</strong></span> <span class='ocrx_word' id='word_1_134' title='bbox 1620 2106 1846 2171; x_wconf 89' lang='lat' dir='ltr'><strong>abdere,</strong></span> <span class='ocrx_word' id='word_1_135' title='bbox 1880 2122 2086 2176; x_wconf 69' lang='lat' dir='ltr'><strong>praeca-</strong></span> 
     </span>
    </p>
   </div>
   <div class='ocr_carea' id='block_1_20' title="bbox 498 2191 2087 2266">
    <p class='ocr_par' dir='ltr' id='par_1_20' title="bbox 498 2191 2087 2266">
     <span class='ocr_line' id='line_1_20' title="bbox 498 2191 2087 2266; baseline 0.004 -22"><span class='ocrx_word' id='word_1_136' title='bbox 498 2199 691 2251; x_wconf 86' lang='lat' dir='ltr'><strong>ventes</strong></span> <span class='ocrx_word' id='word_1_137' title='bbox 726 2207 797 2247; x_wconf 90' lang='lat' dir='ltr'><strong>ne</strong></span> <span class='ocrx_word' id='word_1_138' title='bbox 833 2191 1076 2263; x_wconf 90' lang='lat' dir='ltr'><strong>lapidum</strong></span> <span class='ocrx_word' id='word_1_139' title='bbox 1104 2196 1255 2264; x_wconf 87' lang='lat' dir='ltr'><strong>jactu</strong></span> <span class='ocrx_word' id='word_1_140' title='bbox 1292 2196 1700 2263; x_wconf 87' lang='lat' dir='ltr'><strong>interimantur.</strong></span> <span class='ocrx_word' id='word_1_141' title='bbox 1733 2197 1957 2251; x_wconf 88' lang='lat' dir='ltr'><strong>Interim</strong></span> <span class='ocrx_word' id='word_1_142' title='bbox 1987 2212 2087 2266; x_wconf 88' lang='lat' dir='ltr'><strong>po-</strong></span> 
     </span>
    </p>
   </div>
   <div class='ocr_carea' id='block_1_21' title="bbox 498 2280 2090 2356">
    <p class='ocr_par' dir='ltr' id='par_1_21' title="bbox 498 2280 2090 2356">
     <span class='ocr_line' id='line_1_21' title="bbox 498 2280 2090 2356; baseline 0.004 -21"><span class='ocrx_word' id='word_1_143' title='bbox 498 2280 664 2352; x_wconf 78' lang='lat' dir='ltr'><strong>pulus</strong></span> <span class='ocrx_word' id='word_1_144' title='bbox 685 2281 1091 2340; x_wconf 79' lang='lat' dir='ltr'><strong>Alexandrinus</strong></span> <span class='ocrx_word' id='word_1_145' title='bbox 1107 2285 1367 2356; x_wconf 82' lang='lat' dir='ltr'><strong>frequens</strong></span> <span class='ocrx_word' id='word_1_146' title='bbox 1383 2302 1449 2341; x_wconf 91' lang='lat' dir='ltr'><strong>eo</strong></span> <span class='ocrx_word' id='word_1_147' title='bbox 1473 2286 1770 2351; x_wconf 85' lang='lat' dir='ltr'><strong>conﬂuere,</strong></span> <span class='ocrx_word' id='word_1_148' title='bbox 1793 2288 2090 2342; x_wconf 89' lang='lat' dir='ltr'><strong>monachos</strong></span> 
     </span>
    </p>
   </div>
   <div class='ocr_carea' id='block_1_22' title="bbox 498 2370 2086 2450">
    <p class='ocr_par' dir='ltr' id='par_1_22' title="bbox 498 2370 2086 2450">
     <span class='ocr_line' id='line_1_22' title="bbox 498 2370 2086 2450; baseline 0.004 -25"><span class='ocrx_word' id='word_1_149' title='bbox 498 2370 742 2441; x_wconf 65' lang='lat' dir='ltr'><strong>praefecti</strong></span> <span class='ocrx_word' id='word_1_150' title='bbox 766 2388 930 2429; x_wconf 87' lang='lat' dir='ltr'><strong>causa</strong></span> <span class='ocrx_word' id='word_1_151' title='bbox 953 2374 1139 2441; x_wconf 85' lang='lat' dir='ltr'><strong>animo</strong></span> <span class='ocrx_word' id='word_1_152' title='bbox 1162 2386 1417 2450; x_wconf 77' lang='lat' dir='ltr'><strong>prompto</strong></span> <span class='ocrx_word' id='word_1_153' title='bbox 1454 2377 1681 2443; x_wconf 69' lang='lat' dir='ltr'><strong>ulcisci;</strong></span> <span class='ocrx_word' id='word_1_154' title='bbox 1712 2392 1850 2446; x_wconf 91' lang='lat' dir='ltr'><strong>quos</strong></span> <span class='ocrx_word' id='word_1_155' title='bbox 1875 2392 2086 2440; x_wconf 90' lang='lat' dir='ltr'><strong>omnes,</strong></span> 
     </span>
    </p>
   </div>
   <div class='ocr_carea' id='block_1_23' title="bbox 500 2463 2088 2539">
    <p class='ocr_par' dir='ltr' id='par_1_23' title="bbox 500 2463 2088 2539">
     <span class='ocr_line' id='line_1_23' title="bbox 500 2463 2088 2539; baseline 0.004 -22"><span class='ocrx_word' id='word_1_156' title='bbox 500 2472 704 2532; x_wconf 64' lang='lat' dir='ltr'><strong>praeter</strong></span> <span class='ocrx_word' id='word_1_157' title='bbox 748 2463 1122 2532; x_wconf 81' lang='lat' dir='ltr'><strong>Ammonium,</strong></span> <span class='ocrx_word' id='word_1_158' title='bbox 1170 2468 1225 2522; x_wconf 87' lang='lat' dir='ltr'><strong>in</strong></span> <span class='ocrx_word' id='word_1_159' title='bbox 1280 2468 1463 2539; x_wconf 86' lang='lat' dir='ltr'><strong>fugam</strong></span> <span class='ocrx_word' id='word_1_160' title='bbox 1507 2478 1731 2526; x_wconf 87' lang='lat' dir='ltr'><strong>vertunt</strong></span> <span class='ocrx_word' id='word_1_161' title='bbox 1769 2487 1789 2535; x_wconf 58' lang='grc' dir='ltr'>ξ</span> <span class='ocrx_word' id='word_1_162' title='bbox 1824 2469 1978 2523; x_wconf 90' lang='lat' dir='ltr'><strong>illum</strong></span> <span class='ocrx_word' id='word_1_163' title='bbox 2020 2468 2088 2523; x_wconf 89' lang='lat' dir='ltr'><strong>ad</strong></span> 
     </span>
    </p>
   </div>
   <div class='ocr_carea' id='block_1_24' title="bbox 502 2553 2092 2630">
    <p class='ocr_par' dir='ltr' id='par_1_24' title="bbox 502 2553 2092 2630">
     <span class='ocr_line' id='line_1_24' title="bbox 502 2553 2092 2630; baseline 0.004 -23"><span class='ocrx_word' id='word_1_164' title='bbox 502 2553 821 2623; x_wconf 62' lang='lat' dir='ltr'><strong>praefectum</strong></span> <span class='ocrx_word' id='word_1_165' title='bbox 866 2556 1162 2625; x_wconf 72' lang='lat' dir='ltr'><strong>deducere.</strong></span> <span class='ocrx_word' id='word_1_166' title='bbox 1214 2559 1513 2615; x_wconf 62' lang='lat' dir='ltr'><strong>Praefectus</strong></span> <span class='ocrx_word' id='word_1_167' title='bbox 1551 2560 1763 2630; x_wconf 89' lang='lat' dir='ltr'><strong>palam,</strong></span> <span class='ocrx_word' id='word_1_168' title='bbox 1816 2559 1899 2618; x_wconf 88' lang='lat' dir='ltr'><strong>uti</strong></span> <span class='ocrx_word' id='word_1_169' title='bbox 1944 2561 2092 2630; x_wconf 80' lang='lat' dir='ltr'><strong>leges</strong></span> 
     </span>
    </p>
   </div>
   <div class='ocr_carea' id='block_1_25' title="bbox 503 2645 2091 2719">
    <p class='ocr_par' dir='ltr' id='par_1_25' title="bbox 503 2645 2091 2719">
     <span class='ocr_line' id='line_1_25' title="bbox 503 2645 2091 2719; baseline 0.002 -19"><span class='ocrx_word' id='word_1_170' title='bbox 503 2645 813 2715; x_wconf 78' lang='lat' dir='ltr'><strong>postulant,</strong></span> <span class='ocrx_word' id='word_1_171' title='bbox 851 2646 921 2711; x_wconf 76' lang='lat' dir='ltr'><strong>de</strong></span> <span class='ocrx_word' id='word_1_172' title='bbox 968 2663 1036 2704; x_wconf 89' lang='lat' dir='ltr'><strong>eo</strong></span> <span class='ocrx_word' id='word_1_173' title='bbox 1073 2648 1433 2719; x_wconf 66' lang='lat' dir='ltr'><strong>quaestionem</strong></span> <span class='ocrx_word' id='word_1_174' title='bbox 1480 2664 1761 2715; x_wconf 85' lang='lat' dir='ltr'><strong>exercere,</strong></span> <span class='ocrx_word' id='word_1_175' title='bbox 1805 2650 2091 2704; x_wconf 87' lang='lat' dir='ltr'><strong>tormentis</strong></span> 
     </span>
    </p>
   </div>
   <div class='ocr_carea' id='block_1_26' title="bbox 502 2735 2027 2811">
    <p class='ocr_par' dir='ltr' id='par_1_26' title="bbox 502 2735 2027 2811">
     <span class='ocr_line' id='line_1_26' title="bbox 502 2735 2027 2811; baseline 0.002 -19"><span class='ocrx_word' id='word_1_176' title='bbox 502 2735 771 2807; x_wconf 81' lang='lat' dir='ltr'><strong>tantisper</strong></span> <span class='ocrx_word' id='word_1_177' title='bbox 792 2737 1077 2805; x_wconf 74' lang='lat' dir='ltr'><strong>amictane,</strong></span> <span class='ocrx_word' id='word_1_178' title='bbox 1104 2740 1234 2801; x_wconf 87' lang='lat' dir='ltr'><strong>dum</strong></span> <span class='ocrx_word' id='word_1_179' title='bbox 1268 2750 1575 2801; x_wconf 81' lang='lat' dir='ltr'><strong>extremum</strong></span> <span class='ocrx_word' id='word_1_180' title='bbox 1608 2741 1865 2811; x_wconf 77' lang='lat' dir='ltr'><strong>spiritum</strong></span> <span class='ocrx_word' id='word_1_181' title='bbox 1891 2741 2027 2804; x_wconf 81' lang='lat' dir='ltr'><strong>edit.</strong></span> 
     </span>
    </p>
   </div>
   <div class='ocr_carea' id='block_1_27' title="bbox 571 2830 2093 2903">
    <p class='ocr_par' dir='ltr' id='par_1_27' title="bbox 571 2830 2093 2903">
     <span class='ocr_line' id='line_1_27' title="bbox 571 2830 2093 2903; baseline -0.001 -16"><span class='ocrx_word' id='word_1_182' title='bbox 571 2830 661 2887; x_wconf 74' lang='grc'><strong>26.</strong></span> <span class='ocrx_word' id='word_1_183' title='bbox 694 2850 713 2882; x_wconf 83' lang='grc'><em>‹</em></span> <span class='ocrx_word' id='word_1_184' title='bbox 752 2830 883 2897; x_wconf 66' lang='lat' dir='ltr'><strong>Qum</strong></span> <span class='ocrx_word' id='word_1_185' title='bbox 904 2846 996 2886; x_wconf 91' lang='lat' dir='ltr'><strong>res</strong></span> <span class='ocrx_word' id='word_1_186' title='bbox 1018 2848 1127 2886; x_wconf 90' lang='lat' dir='ltr'><strong>non</strong></span> <span class='ocrx_word' id='word_1_187' title='bbox 1148 2832 1243 2887; x_wconf 92' lang='lat' dir='ltr'><strong>diu</strong></span> <span class='ocrx_word' id='word_1_188' title='bbox 1267 2842 1390 2902; x_wconf 83' lang='lat' dir='ltr'><strong>post</strong></span> <span class='ocrx_word' id='word_1_189' title='bbox 1412 2833 1480 2888; x_wconf 91' lang='lat' dir='ltr'><strong>ad</strong></span> <span class='ocrx_word' id='word_1_190' title='bbox 1505 2833 1899 2903; x_wconf 70' lang='lat' dir='ltr'><strong>imperatorum</strong></span> <span class='ocrx_word' id='word_1_191' title='bbox 1931 2847 2093 2889; x_wconf 87' lang='lat' dir='ltr'><strong>aures</strong></span> 
     </span>
    </p>
   </div>
   <div class='ocr_carea' id='block_1_28' title="bbox 501 2922 2089 2996">
    <p class='ocr_par' dir='ltr' id='par_1_28' title="bbox 501 2922 2089 2996">
     <span class='ocr_line' id='line_1_28' title="bbox 501 2922 2089 2996; baseline 0.001 -19"><span class='ocrx_word' id='word_1_192' title='bbox 501 2922 709 2992; x_wconf 89' lang='lat' dir='ltr'><strong>perlata</strong></span> <span class='ocrx_word' id='word_1_193' title='bbox 737 2933 838 2977; x_wconf 90' lang='lat' dir='ltr'><strong>est.</strong></span> <span class='ocrx_word' id='word_1_194' title='bbox 874 2922 1017 2990; x_wconf 80' lang='lat' dir='ltr'><strong>Quin</strong></span> <span class='ocrx_word' id='word_1_195' title='bbox 1058 2925 1225 2991; x_wconf 78' lang='lat' dir='ltr'><strong>etiam</strong></span> <span class='ocrx_word' id='word_1_196' title='bbox 1263 2924 1501 2996; x_wconf 83' lang='lat' dir='ltr'><strong>Cyrillus</strong></span> <span class='ocrx_word' id='word_1_197' title='bbox 1531 2925 1779 2981; x_wconf 84' lang='lat' dir='ltr'><strong>eamdem</strong></span> <span class='ocrx_word' id='word_1_198' title='bbox 1812 2940 1927 2983; x_wconf 84' lang='lat' dir='ltr'><strong>rem</strong></span> <span class='ocrx_word' id='word_1_199' title='bbox 1960 2925 2089 2991; x_wconf 90' lang='lat' dir='ltr'><strong>illis,</strong></span> 
     </span>
    </p>
   </div>
   <div class='ocr_carea' id='block_1_29' title="bbox 500 3012 2091 3086">
    <p class='ocr_par' dir='ltr' id='par_1_29' title="bbox 500 3012 2091 3086">
     <span class='ocr_line' id='line_1_29' title="bbox 500 3012 2091 3086; baseline 0 -17"><span class='ocrx_word' id='word_1_200' title='bbox 500 3012 597 3069; x_wconf 85' lang='lat' dir='ltr'><strong>sed</strong></span> <span class='ocrx_word' id='word_1_201' title='bbox 625 3028 787 3069; x_wconf 88' lang='lat' dir='ltr'><strong>secus</strong></span> <span class='ocrx_word' id='word_1_202' title='bbox 821 3015 1126 3084; x_wconf 79' lang='lat' dir='ltr'><strong>expositam</strong></span> <span class='ocrx_word' id='word_1_203' title='bbox 1166 3016 1392 3075; x_wconf 84' lang='lat' dir='ltr'><strong>omnino</strong></span> <span class='ocrx_word' id='word_1_204' title='bbox 1430 3031 1530 3086; x_wconf 84' lang='lat' dir='ltr'><strong>per</strong></span> <span class='ocrx_word' id='word_1_205' title='bbox 1559 3016 1770 3071; x_wconf 86' lang='lat' dir='ltr'><strong>litteras</strong></span> <span class='ocrx_word' id='word_1_206' title='bbox 1819 3014 2091 3086; x_wconf 82' lang='lat' dir='ltr'><strong>significa-</strong></span> 
     </span>
    </p>
   </div>
   <div class='ocr_carea' id='block_1_30' title="bbox 498 3103 2094 3177">
    <p class='ocr_par' dir='ltr' id='par_1_30' title="bbox 498 3103 2094 3177">
     <span class='ocr_line' id='line_1_30' title="bbox 498 3103 2094 3177; baseline 0.001 -18"><span class='ocrx_word' id='word_1_207' title='bbox 498 3104 598 3159; x_wconf 90' lang='lat' dir='ltr'><strong>vit.</strong></span> <span class='ocrx_word' id='word_1_208' title='bbox 636 3103 848 3176; x_wconf 84' lang='lat' dir='ltr'><strong>Corpus</strong></span> <span class='ocrx_word' id='word_1_209' title='bbox 881 3121 1100 3176; x_wconf 92' lang='lat' dir='ltr'><strong>quoque</strong></span> <span class='ocrx_word' id='word_1_210' title='bbox 1138 3107 1415 3161; x_wconf 83' lang='lat' dir='ltr'><strong>Ammonii</strong></span> <span class='ocrx_word' id='word_1_211' title='bbox 1452 3107 1619 3177; x_wconf 87' lang='lat' dir='ltr'><strong>capit,</strong></span> <span class='ocrx_word' id='word_1_212' title='bbox 1656 3108 1822 3177; x_wconf 82' lang='lat' dir='ltr'><strong>inque</strong></span> <span class='ocrx_word' id='word_1_213' title='bbox 1858 3107 2094 3165; x_wconf 91' lang='lat' dir='ltr'><strong>ecclesia</strong></span> 
     </span>
    </p>
   </div>
   <div class='ocr_carea' id='block_1_31' title="bbox 2190 654 3776 714">
    <p class='ocr_par' dir='ltr' id='par_1_31' title="bbox 2190 654 3776 714">
     <span class='ocr_line' id='line_1_31' title="bbox 2190 654 3776 714; baseline 0.004 -7"><span class='ocrx_word' id='word_1_214' title='bbox 2190 664 2304 708; x_wconf 84' lang='lat' dir='ltr'><strong>tum</strong></span> <span class='ocrx_word' id='word_1_215' title='bbox 2342 662 2535 708; x_wconf 80' lang='lat' dir='ltr'><strong>contra</strong></span> <span class='ocrx_word' id='word_1_216' title='bbox 2569 668 2689 709; x_wconf 87' lang='lat' dir='ltr'><strong>eam</strong></span> <span class='ocrx_word' id='word_1_217' title='bbox 2718 654 2938 709; x_wconf 88' lang='lat' dir='ltr'><strong>incensa</strong></span> <span class='ocrx_word' id='word_1_218' title='bbox 2962 666 3066 712; x_wconf 90' lang='lat' dir='ltr'><strong>est.</strong></span> <span class='ocrx_word' id='word_1_219' title='bbox 3100 658 3313 711; x_wconf 89' lang='lat' dir='ltr'><strong>Etenim</strong></span> <span class='ocrx_word' id='word_1_220' title='bbox 3356 674 3480 713; x_wconf 88' lang='lat' dir='ltr'><strong>cum</strong></span> <span class='ocrx_word' id='word_1_221' title='bbox 3521 660 3776 714; x_wconf 80' lang='lat' dir='ltr'><strong>crebrius</strong></span> 
     </span>
    </p>
   </div>
   <div class='ocr_carea' id='block_1_32' title="bbox 2188 742 3776 819">
    <p class='ocr_par' dir='ltr' id='par_1_32' title="bbox 2188 742 3776 819">
     <span class='ocr_line' id='line_1_32' title="bbox 2188 742 3776 819; baseline 0.003 -20"><span class='ocrx_word' id='word_1_222' title='bbox 2188 760 2314 799; x_wconf 91' lang='lat' dir='ltr'><strong>eum</strong></span> <span class='ocrx_word' id='word_1_223' title='bbox 2345 742 2537 801; x_wconf 83' lang='lat' dir='ltr'><strong>Oreste</strong></span> <span class='ocrx_word' id='word_1_224' title='bbox 2558 745 2613 799; x_wconf 90' lang='lat' dir='ltr'><strong>in</strong></span> <span class='ocrx_word' id='word_1_225' title='bbox 2632 746 2967 815; x_wconf 87' lang='lat' dir='ltr'><strong>colloquium</strong></span> <span class='ocrx_word' id='word_1_226' title='bbox 2989 749 3221 812; x_wconf 87' lang='lat' dir='ltr'><strong>veniret,</strong></span> <span class='ocrx_word' id='word_1_227' title='bbox 3258 749 3493 819; x_wconf 83' lang='lat' dir='ltr'><strong>populus</strong></span> <span class='ocrx_word' id='word_1_228' title='bbox 3516 749 3776 804; x_wconf 57' lang='lat' dir='ltr'><strong>Ecclesia:</strong></span> 
     </span>
    </p>
   </div>
   <div class='ocr_carea' id='block_1_33' title="bbox 2188 835 3774 909">
    <p class='ocr_par' dir='ltr' id='par_1_33' title="bbox 2188 835 3774 909">
     <span class='ocr_line' id='line_1_33' title="bbox 2188 835 3774 909; baseline 0.003 -20"><span class='ocrx_word' id='word_1_229' title='bbox 2188 835 2334 889; x_wconf 84' lang='lat' dir='ltr'><strong>illam</strong></span> <span class='ocrx_word' id='word_1_230' title='bbox 2369 835 2536 904; x_wconf 65' lang='lat' dir='ltr'><strong>erepit</strong></span> <span class='ocrx_word' id='word_1_231' title='bbox 2566 835 2880 892; x_wconf 79' lang='lat' dir='ltr'><strong>insimulare</strong></span> <span class='ocrx_word' id='word_1_232' title='bbox 2907 839 3053 907; x_wconf 89' lang='lat' dir='ltr'><strong>quod</strong></span> <span class='ocrx_word' id='word_1_233' title='bbox 3078 840 3337 909; x_wconf 79' lang='lat' dir='ltr'><strong>episcopo</strong></span> <span class='ocrx_word' id='word_1_234' title='bbox 3376 839 3445 893; x_wconf 84' lang='lat' dir='ltr'><strong>ad</strong></span> <span class='ocrx_word' id='word_1_235' title='bbox 3476 840 3774 895; x_wconf 80' lang='lat' dir='ltr'><strong>amicitiam</strong></span> 
     </span>
    </p>
   </div>
   <div class='ocr_carea' id='block_1_34' title="bbox 2185 923 3774 998">
    <p class='ocr_par' dir='ltr' id='par_1_34' title="bbox 2185 923 3774 998">
     <span class='ocr_line' id='line_1_34' title="bbox 2185 923 3774 998; baseline 0.001 -19"><span class='ocrx_word' id='word_1_236' title='bbox 2185 923 2397 980; x_wconf 86' lang='lat' dir='ltr'><strong>Orestis</strong></span> <span class='ocrx_word' id='word_1_237' title='bbox 2411 926 2869 981; x_wconf 86' lang='lat' dir='ltr'><strong>reconciliandam</strong></span> <span class='ocrx_word' id='word_1_238' title='bbox 2892 928 3100 983; x_wconf 87' lang='lat' dir='ltr'><strong>aditum</strong></span> <span class='ocrx_word' id='word_1_239' title='bbox 3118 930 3337 998; x_wconf 87' lang='lat' dir='ltr'><strong>penitus</strong></span> <span class='ocrx_word' id='word_1_240' title='bbox 3352 928 3774 983; x_wconf 85' lang='lat' dir='ltr'><strong>intercludebat.</strong></span> 
     </span>
    </p>
   </div>
   <div class='ocr_carea' id='block_1_35' title="bbox 2186 1016 3772 1090">
    <p class='ocr_par' dir='ltr' id='par_1_35' title="bbox 2186 1016 3772 1090">
     <span class='ocr_line' id='line_1_35' title="bbox 2186 1016 3772 1090; baseline 0.002 -20"><span class='ocrx_word' id='word_1_241' title='bbox 2186 1016 2425 1071; x_wconf 90' lang='lat' dir='ltr'><strong>Proinde</strong></span> <span class='ocrx_word' id='word_1_242' title='bbox 2451 1018 2588 1071; x_wconf 89' lang='lat' dir='ltr'><strong>certi</strong></span> <span class='ocrx_word' id='word_1_243' title='bbox 2620 1018 2892 1083; x_wconf 89' lang='lat' dir='ltr'><strong>homines,</strong></span> <span class='ocrx_word' id='word_1_244' title='bbox 2925 1021 3018 1088; x_wconf 91' lang='lat' dir='ltr'><strong>qui</strong></span> <span class='ocrx_word' id='word_1_245' title='bbox 3052 1030 3209 1074; x_wconf 88' lang='lat' dir='ltr'><strong>erant</strong></span> <span class='ocrx_word' id='word_1_246' title='bbox 3233 1030 3428 1075; x_wconf 89' lang='lat' dir='ltr'><strong>natura</strong></span> <span class='ocrx_word' id='word_1_247' title='bbox 3454 1020 3618 1090; x_wconf 89' lang='lat' dir='ltr'><strong>paulo</strong></span> <span class='ocrx_word' id='word_1_248' title='bbox 3636 1062 3639 1065; x_wconf 42' lang='grc' dir='ltr'><strong><em>γ</em></strong></span> <span class='ocrx_word' id='word_1_249' title='bbox 3657 1019 3772 1073; x_wconf 85' lang='lat' dir='ltr'><strong>fer-</strong></span> 
     </span>
    </p>
   </div>
   <div class='ocr_carea' id='block_1_36' title="bbox 2184 1108 3775 1178">
    <p class='ocr_par' dir='ltr' id='par_1_36' title="bbox 2184 1108 3775 1178">
     <span class='ocr_line' id='line_1_36' title="bbox 2184 1108 3775 1178; baseline 0.001 -15"><span class='ocrx_word' id='word_1_250' title='bbox 2184 1109 2483 1173; x_wconf 87' lang='lat' dir='ltr'><strong>ventiores,</strong></span> <span class='ocrx_word' id='word_1_251' title='bbox 2510 1108 2713 1178; x_wconf 90' lang='lat' dir='ltr'><strong>quibus</strong></span> <span class='ocrx_word' id='word_1_252' title='bbox 2740 1110 2934 1164; x_wconf 88' lang='lat' dir='ltr'><strong>Petrus</strong></span> <span class='ocrx_word' id='word_1_253' title='bbox 2957 1110 3155 1165; x_wconf 89' lang='lat' dir='ltr'><strong>Lector</strong></span> <span class='ocrx_word' id='word_1_254' title='bbox 3194 1112 3249 1164; x_wconf 93' lang='lat' dir='ltr'><strong>in</strong></span> <span class='ocrx_word' id='word_1_255' title='bbox 3280 1112 3371 1164; x_wconf 90' lang='lat' dir='ltr'><strong>illa</strong></span> <span class='ocrx_word' id='word_1_256' title='bbox 3409 1110 3637 1165; x_wconf 89' lang='lat' dir='ltr'><strong>ecclesia</strong></span> <span class='ocrx_word' id='word_1_257' title='bbox 3666 1110 3775 1164; x_wconf 88' lang='lat' dir='ltr'><strong>du-</strong></span> 
     </span>
    </p>
   </div>
   <div class='ocr_carea' id='block_1_37' title="bbox 2186 1202 3779 1271">
    <p class='ocr_par' dir='ltr' id='par_1_37' title="bbox 2186 1202 3779 1271">
     <span class='ocr_line' id='line_1_37' title="bbox 2186 1202 3779 1271; baseline 0 -15"><span class='ocrx_word' id='word_1_258' title='bbox 2186 1216 2304 1256; x_wconf 87' lang='lat' dir='ltr'><strong>cem</strong></span> <span class='ocrx_word' id='word_1_259' title='bbox 2338 1217 2396 1255; x_wconf 91' lang='lat' dir='ltr'><strong>se</strong></span> <span class='ocrx_word' id='word_1_260' title='bbox 2435 1202 2691 1271; x_wconf 70' lang='lat' dir='ltr'><strong>praebuit,</strong></span> <span class='ocrx_word' id='word_1_261' title='bbox 2729 1218 2840 1257; x_wconf 91' lang='lat' dir='ltr'><strong>uno</strong></span> <span class='ocrx_word' id='word_1_262' title='bbox 2880 1218 3175 1268; x_wconf 89' lang='lat' dir='ltr'><strong>consensu,</strong></span> <span class='ocrx_word' id='word_1_263' title='bbox 3218 1203 3505 1258; x_wconf 89' lang='lat' dir='ltr'><strong>mulierem</strong></span> <span class='ocrx_word' id='word_1_264' title='bbox 3547 1203 3779 1257; x_wconf 84' lang='lat' dir='ltr'><strong>domum</strong></span> 
     </span>
    </p>
   </div>
   <div class='ocr_carea' id='block_1_38' title="bbox 2186 1291 3778 1361">
    <p class='ocr_par' dir='ltr' id='par_1_38' title="bbox 2186 1291 3778 1361">
     <span class='ocr_line' id='line_1_38' title="bbox 2186 1291 3778 1361; baseline 0 -16"><span class='ocrx_word' id='word_1_265' title='bbox 2186 1291 2439 1346; x_wconf 89' lang='lat' dir='ltr'><strong>alicunde</strong></span> <span class='ocrx_word' id='word_1_266' title='bbox 2477 1292 2799 1347; x_wconf 87' lang='lat' dir='ltr'><strong>redeuntem</strong></span> <span class='ocrx_word' id='word_1_267' title='bbox 2837 1293 3158 1359; x_wconf 87' lang='lat' dir='ltr'><strong>observant;</strong></span> <span class='ocrx_word' id='word_1_268' title='bbox 3201 1293 3269 1348; x_wconf 91' lang='lat' dir='ltr'><strong>de</strong></span> <span class='ocrx_word' id='word_1_269' title='bbox 3299 1308 3489 1357; x_wconf 89' lang='lat' dir='ltr'><strong>curru,</strong></span> <span class='ocrx_word' id='word_1_270' title='bbox 3528 1308 3637 1361; x_wconf 89' lang='lat' dir='ltr'><strong>quo</strong></span> <span class='ocrx_word' id='word_1_271' title='bbox 3672 1308 3778 1346; x_wconf 79' lang='lat' dir='ltr'><strong>ve—</strong></span> 
     </span>
    </p>
   </div>
   <div class='ocr_carea' id='block_1_39' title="bbox 2187 1381 3773 1453">
    <p class='ocr_par' dir='ltr' id='par_1_39' title="bbox 2187 1381 3773 1453">
     <span class='ocr_line' id='line_1_39' title="bbox 2187 1381 3773 1453; baseline 0 -18"><span class='ocrx_word' id='word_1_272' title='bbox 2187 1381 2442 1446; x_wconf 86' lang='lat' dir='ltr'><strong>hebatur,</strong></span> <span class='ocrx_word' id='word_1_273' title='bbox 2471 1382 2765 1437; x_wconf 87' lang='lat' dir='ltr'><strong>deturbant</strong></span> <span class='ocrx_word' id='word_1_274' title='bbox 2800 1401 2815 1436; x_wconf 93' lang='lat'><strong>:</strong></span> <span class='ocrx_word' id='word_1_275' title='bbox 2846 1384 2915 1437; x_wconf 90' lang='lat' dir='ltr'><strong>ad</strong></span> <span class='ocrx_word' id='word_1_276' title='bbox 2956 1384 3244 1439; x_wconf 89' lang='lat' dir='ltr'><strong>ecclesiam</strong></span> <span class='ocrx_word' id='word_1_277' title='bbox 3302 1398 3424 1453; x_wconf 68' lang='lat' dir='ltr'><strong>quae</strong></span> <span class='ocrx_word' id='word_1_278' title='bbox 3461 1381 3773 1437; x_wconf 62' lang='lat' dir='ltr'><strong>Caesareum</strong></span> 
     </span>
    </p>
   </div>
   <div class='ocr_carea' id='block_1_40' title="bbox 2186 1472 3777 1543">
    <p class='ocr_par' dir='ltr' id='par_1_40' title="bbox 2186 1472 3777 1543">
     <span class='ocr_line' id='line_1_40' title="bbox 2186 1472 3777 1543; baseline 0.003 -18"><span class='ocrx_word' id='word_1_279' title='bbox 2186 1472 2410 1537; x_wconf 91' lang='lat' dir='ltr'><strong>dicitur,</strong></span> <span class='ocrx_word' id='word_1_280' title='bbox 2443 1473 2666 1543; x_wconf 84' lang='lat' dir='ltr'><strong>rapiunt</strong></span> <span class='ocrx_word' id='word_1_281' title='bbox 2696 1490 2711 1526; x_wconf 87' lang='lat'>:</span> <span class='ocrx_word' id='word_1_282' title='bbox 2739 1481 3068 1543; x_wconf 88' lang='lat' dir='ltr'><strong>exutamque</strong></span> <span class='ocrx_word' id='word_1_283' title='bbox 3109 1475 3376 1539; x_wconf 86' lang='lat' dir='ltr'><strong>vestibus,</strong></span> <span class='ocrx_word' id='word_1_284' title='bbox 3408 1475 3568 1530; x_wconf 91' lang='lat' dir='ltr'><strong>testis</strong></span> <span class='ocrx_word' id='word_1_285' title='bbox 3596 1474 3777 1529; x_wconf 86' lang='lat' dir='ltr'><strong>acutis</strong></span> 
     </span>
    </p>
   </div>
   <div class='ocr_carea' id='block_1_41' title="bbox 2186 1563 3770 1635">
    <p class='ocr_par' dir='ltr' id='par_1_41' title="bbox 2186 1563 3770 1635">
     <span class='ocr_line' id='line_1_41' title="bbox 2186 1563 3770 1635; baseline 0 -17"><span class='ocrx_word' id='word_1_286' title='bbox 2186 1563 2253 1618; x_wconf 86' lang='lat' dir='ltr'><strong>ad</strong></span> <span class='ocrx_word' id='word_1_287' title='bbox 2278 1579 2468 1617; x_wconf 88' lang='lat' dir='ltr'><strong>necem</strong></span> <span class='ocrx_word' id='word_1_288' title='bbox 2487 1579 2660 1633; x_wconf 84' lang='lat' dir='ltr'><strong>usque</strong></span> <span class='ocrx_word' id='word_1_289' title='bbox 2683 1564 3004 1629; x_wconf 84' lang='lat' dir='ltr'><strong>dilacerant,</strong></span> <span class='ocrx_word' id='word_1_290' title='bbox 3022 1565 3141 1635; x_wconf 88' lang='lat' dir='ltr'><strong>ejus</strong></span> <span class='ocrx_word' id='word_1_291' title='bbox 3162 1565 3406 1628; x_wconf 82' lang='lat' dir='ltr'><strong>membra</strong></span> <span class='ocrx_word' id='word_1_292' title='bbox 3428 1565 3770 1635; x_wconf 89' lang='lat' dir='ltr'><strong>discerpunt,</strong></span> 
     </span>
    </p>
   </div>
   <div class='ocr_carea' id='block_1_42' title="bbox 2185 1654 3771 1725">
    <p class='ocr_par' dir='ltr' id='par_1_42' title="bbox 2185 1654 3771 1725">
     <span class='ocr_line' id='line_1_42' title="bbox 2185 1654 3771 1725; baseline 0.001 -17"><span class='ocrx_word' id='word_1_293' title='bbox 2185 1654 2569 1724; x_wconf 85' lang='lat' dir='ltr'><strong>discerptaque</strong></span> <span class='ocrx_word' id='word_1_294' title='bbox 2610 1654 2677 1709; x_wconf 84' lang='lat' dir='ltr'><strong>ad</strong></span> <span class='ocrx_word' id='word_1_295' title='bbox 2716 1655 2897 1709; x_wconf 91' lang='lat' dir='ltr'><strong>locum</strong></span> <span class='ocrx_word' id='word_1_296' title='bbox 2942 1656 3036 1725; x_wconf 87' lang='lat' dir='ltr'><strong>qui</strong></span> <span class='ocrx_word' id='word_1_297' title='bbox 3079 1654 3318 1711; x_wconf 88' lang='lat' dir='ltr'><strong>Cinaron</strong></span> <span class='ocrx_word' id='word_1_298' title='bbox 3374 1655 3579 1711; x_wconf 81' lang='lat' dir='ltr'><strong>dicitur</strong></span> <span class='ocrx_word' id='word_1_299' title='bbox 3617 1671 3771 1711; x_wconf 90' lang='lat' dir='ltr'><strong>com-</strong></span> 
     </span>
    </p>
   </div>
   <div class='ocr_carea' id='block_1_43' title="bbox 2184 1745 3778 1817">
    <p class='ocr_par' dir='ltr' id='par_1_43' title="bbox 2184 1745 3778 1817">
     <span class='ocr_line' id='line_1_43' title="bbox 2184 1745 3778 1817; baseline 0.001 -17"><span class='ocrx_word' id='word_1_300' title='bbox 2184 1753 2425 1813; x_wconf 90' lang='lat' dir='ltr'><strong>portant,</strong></span> <span class='ocrx_word' id='word_1_301' title='bbox 2456 1754 2619 1814; x_wconf 88' lang='lat' dir='ltr'><strong>atque</strong></span> <span class='ocrx_word' id='word_1_302' title='bbox 2648 1745 2758 1815; x_wconf 87' lang='lat' dir='ltr'><strong>igni</strong></span> <span class='ocrx_word' id='word_1_303' title='bbox 2781 1746 3133 1800; x_wconf 85' lang='lat' dir='ltr'><strong>comburunt.</strong></span> <span class='ocrx_word' id='word_1_304' title='bbox 3154 1746 3268 1802; x_wconf 83' lang='lat' dir='ltr'><strong>Hoc</strong></span> <span class='ocrx_word' id='word_1_305' title='bbox 3286 1746 3501 1802; x_wconf 82' lang='lat' dir='ltr'><strong>facinus</strong></span> <span class='ocrx_word' id='word_1_306' title='bbox 3521 1761 3650 1801; x_wconf 81' lang='lat' dir='ltr'><strong>cum</strong></span> <span class='ocrx_word' id='word_1_307' title='bbox 3669 1746 3778 1817; x_wconf 75' lang='lat' dir='ltr'><strong>Cy-</strong></span> 
     </span>
    </p>
   </div>
   <div class='ocr_carea' id='block_1_44' title="bbox 2186 1822 3772 1907">
    <p class='ocr_par' dir='ltr' id='par_1_44' title="bbox 2186 1822 3772 1907">
     <span class='ocr_line' id='line_1_44' title="bbox 2186 1822 3772 1907; baseline 0.001 -20"><span class='ocrx_word' id='word_1_308' title='bbox 2186 1835 2328 1899; x_wconf 89' lang='lat' dir='ltr'><strong>rillo,</strong></span> <span class='ocrx_word' id='word_1_309' title='bbox 2356 1843 2471 1889; x_wconf 85' lang='lat' dir='ltr'><strong>tum</strong></span> <span class='ocrx_word' id='word_1_310' title='bbox 2494 1836 2752 1890; x_wconf 64' lang='lat' dir='ltr'><strong>Ecclesia:</strong></span> <span class='ocrx_word' id='word_1_311' title='bbox 2768 1822 3167 1901; x_wconf 65' lang='lat' dir='ltr'><strong>Alexandrina),</strong></span> <span class='ocrx_word' id='word_1_312' title='bbox 3190 1852 3297 1892; x_wconf 90' lang='lat' dir='ltr'><strong>non</strong></span> <span class='ocrx_word' id='word_1_313' title='bbox 3322 1838 3571 1907; x_wconf 82' lang='lat' dir='ltr'><strong>exiguam</strong></span> <span class='ocrx_word' id='word_1_314' title='bbox 3592 1837 3772 1891; x_wconf 88' lang='lat' dir='ltr'><strong>labem</strong></span> 
     </span>
    </p>
   </div>
   <div class='ocr_carea' id='block_1_45' title="bbox 2187 1927 3774 1998">
    <p class='ocr_par' dir='ltr' id='par_1_45' title="bbox 2187 1927 3774 1998">
     <span class='ocr_line' id='line_1_45' title="bbox 2187 1927 3774 1998; baseline 0.001 -18"><span class='ocrx_word' id='word_1_315' title='bbox 2187 1927 2419 1996; x_wconf 82' lang='lat' dir='ltr'><strong>aspersit</strong></span> <span class='ocrx_word' id='word_1_316' title='bbox 2454 1927 2709 1981; x_wconf 75' lang='lat' dir='ltr'><strong>infamiae.</strong></span> <span class='ocrx_word' id='word_1_317' title='bbox 2737 1927 2874 1982; x_wconf 87' lang='lat' dir='ltr'><strong>Nam</strong></span> <span class='ocrx_word' id='word_1_318' title='bbox 2918 1927 3015 1997; x_wconf 82' lang='lat' dir='ltr'><strong>qui</strong></span> <span class='ocrx_word' id='word_1_319' title='bbox 3046 1928 3366 1998; x_wconf 81' lang='lat' dir='ltr'><strong>religionem</strong></span> <span class='ocrx_word' id='word_1_320' title='bbox 3405 1928 3774 1983; x_wconf 86' lang='lat' dir='ltr'><strong>Christianam</strong></span> 
     </span>
    </p>
   </div>
   <div class='ocr_carea' id='block_1_46' title="bbox 2186 2014 3781 2086">
    <p class='ocr_par' dir='ltr' id='par_1_46' title="bbox 2186 2014 3781 2086">
     <span class='ocr_line' id='line_1_46' title="bbox 2186 2014 3781 2086; baseline 0.001 -18"><span class='ocrx_word' id='word_1_321' title='bbox 2186 2014 2533 2085; x_wconf 88' lang='lat' dir='ltr'><strong>proﬁtentur,</strong></span> <span class='ocrx_word' id='word_1_322' title='bbox 2561 2032 2593 2071; x_wconf 86' lang='lat' dir='ltr'><strong>a</strong></span> <span class='ocrx_word' id='word_1_323' title='bbox 2614 2016 2783 2080; x_wconf 64' lang='lat' dir='ltr'><strong>cmde,</strong></span> <span class='ocrx_word' id='word_1_324' title='bbox 2802 2016 3020 2086; x_wconf 83' lang='lat' dir='ltr'><strong>pugnis,</strong></span> <span class='ocrx_word' id='word_1_325' title='bbox 3045 2025 3101 2071; x_wconf 90' lang='lat' dir='ltr'><strong>et</strong></span> <span class='ocrx_word' id='word_1_326' title='bbox 3126 2015 3180 2070; x_wconf 90' lang='lat' dir='ltr'><strong>id</strong></span> <span class='ocrx_word' id='word_1_327' title='bbox 3206 2030 3377 2085; x_wconf 88' lang='lat' dir='ltr'><strong>genus</strong></span> <span class='ocrx_word' id='word_1_328' title='bbox 3406 2016 3530 2071; x_wconf 91' lang='lat' dir='ltr'><strong>aliis</strong></span> <span class='ocrx_word' id='word_1_329' title='bbox 3548 2016 3781 2070; x_wconf 82' lang='lat' dir='ltr'><strong>omnino</strong></span> 
     </span>
    </p>
   </div>
   <div class='ocr_carea' id='block_1_47' title="bbox 2187 2104 3782 2176">
    <p class='ocr_par' dir='ltr' id='par_1_47' title="bbox 2187 2104 3782 2176">
     <span class='ocr_line' id='line_1_47' title="bbox 2187 2104 3782 2176; baseline 0.001 -18"><span class='ocrx_word' id='word_1_330' title='bbox 2187 2104 2349 2159; x_wconf 90' lang='lat' dir='ltr'><strong>alieni</strong></span> <span class='ocrx_word' id='word_1_331' title='bbox 2393 2120 2514 2160; x_wconf 90' lang='lat' dir='ltr'><strong>esse</strong></span> <span class='ocrx_word' id='word_1_332' title='bbox 2542 2105 2767 2163; x_wconf 79' lang='lat' dir='ltr'><strong>debent.</strong></span> <span class='ocrx_word' id='word_1_333' title='bbox 2800 2105 2893 2159; x_wconf 72' lang='lat' dir='ltr'><strong>Hae</strong></span> <span class='ocrx_word' id='word_1_334' title='bbox 2922 2120 3013 2159; x_wconf 86' lang='lat' dir='ltr'><strong>res</strong></span> <span class='ocrx_word' id='word_1_335' title='bbox 3041 2114 3206 2176; x_wconf 71' lang='lat' dir='ltr'><strong>gesta:</strong></span> <span class='ocrx_word' id='word_1_336' title='bbox 3243 2113 3373 2160; x_wconf 88' lang='lat' dir='ltr'><strong>sunt</strong></span> <span class='ocrx_word' id='word_1_337' title='bbox 3404 2114 3597 2174; x_wconf 88' lang='lat' dir='ltr'><strong>quarto</strong></span> <span class='ocrx_word' id='word_1_338' title='bbox 3627 2120 3782 2160; x_wconf 83' lang='lat' dir='ltr'><strong>anno</strong></span> 
     </span>
    </p>
   </div>
   <div class='ocr_carea' id='block_1_48' title="bbox 2187 2196 3773 2269">
    <p class='ocr_par' dir='ltr' id='par_1_48' title="bbox 2187 2196 3773 2269">
     <span class='ocr_line' id='line_1_48' title="bbox 2187 2196 3773 2269; baseline 0.001 -19"><span class='ocrx_word' id='word_1_339' title='bbox 2187 2196 2536 2267; x_wconf 88' lang='lat' dir='ltr'><strong>episcopatus</strong></span> <span class='ocrx_word' id='word_1_340' title='bbox 2554 2196 2762 2269; x_wconf 84' lang='lat' dir='ltr'><strong>Cyrilli,</strong></span> <span class='ocrx_word' id='word_1_341' title='bbox 2789 2197 2855 2251; x_wconf 86' lang='lat' dir='ltr'><strong>ad</strong></span> <span class='ocrx_word' id='word_1_342' title='bbox 2879 2196 3151 2251; x_wconf 88' lang='lat' dir='ltr'><strong>decimum</strong></span> <span class='ocrx_word' id='word_1_343' title='bbox 3176 2198 3515 2252; x_wconf 90' lang='lat' dir='ltr'><strong>consulatum</strong></span> <span class='ocrx_word' id='word_1_344' title='bbox 3544 2197 3773 2252; x_wconf 85' lang='lat' dir='ltr'><strong>llonorii</strong></span> 
     </span>
    </p>
   </div>
   <div class='ocr_carea' id='block_1_49' title="bbox 2188 2287 3778 2359">
    <p class='ocr_par' dir='ltr' id='par_1_49' title="bbox 2188 2287 3778 2359">
     <span class='ocr_line' id='line_1_49' title="bbox 2188 2287 3778 2359; baseline -0.001 -18"><span class='ocrx_word' id='word_1_345' title='bbox 2188 2297 2244 2342; x_wconf 88' lang='lat' dir='ltr'><strong>et</strong></span> <span class='ocrx_word' id='word_1_346' title='bbox 2268 2287 2561 2343; x_wconf 90' lang='lat' dir='ltr'><strong>Theodosii</strong></span> <span class='ocrx_word' id='word_1_347' title='bbox 2586 2288 2901 2359; x_wconf 89' lang='lat' dir='ltr'><strong>septimum,</strong></span> <span class='ocrx_word' id='word_1_348' title='bbox 2947 2303 3133 2345; x_wconf 89' lang='lat' dir='ltr'><strong>mense</strong></span> <span class='ocrx_word' id='word_1_349' title='bbox 3170 2289 3384 2354; x_wconf 75' lang='lat' dir='ltr'><strong>Martio,</strong></span> <span class='ocrx_word' id='word_1_350' title='bbox 3419 2304 3544 2344; x_wconf 81' lang='lat' dir='ltr'><strong>cum</strong></span> <span class='ocrx_word' id='word_1_351' title='bbox 3581 2289 3778 2345; x_wconf 43' lang='lat' dir='ltr'><strong>obsera</strong></span> 
     </span>
    </p>
   </div>
   <div class='ocr_carea' id='block_1_50' title="bbox 2188 2379 2768 2450">
    <p class='ocr_par' dir='ltr' id='par_1_50' title="bbox 2188 2379 2768 2450">
     <span class='ocr_line' id='line_1_50' title="bbox 2188 2379 2768 2450; baseline -0.002 -17"><span class='ocrx_word' id='word_1_352' title='bbox 2188 2379 2461 2433; x_wconf 88' lang='lat' dir='ltr'><strong>vabantur</strong></span> <span class='ocrx_word' id='word_1_353' title='bbox 2487 2380 2715 2450; x_wconf 82' lang='lat' dir='ltr'><strong>jejunia.</strong></span> <span class='ocrx_word' id='word_1_354' title='bbox 2748 2399 2768 2432; x_wconf 75' lang='grc' dir='ltr'><strong><em>ι</em></strong></span> 
     </span>
    </p>
   </div>
   <div class='ocr_carea' id='block_1_51' title="bbox 2253 2469 3780 2545">
    <p class='ocr_par' dir='ltr' id='par_1_51' title="bbox 2253 2469 3780 2545">
     <span class='ocr_line' id='line_1_51' title="bbox 2253 2469 3780 2545; baseline 0 -20"><span class='ocrx_word' id='word_1_355' title='bbox 2253 2472 2341 2526; x_wconf 77' lang='lat'><strong>28.</strong></span> <span class='ocrx_word' id='word_1_356' title='bbox 2369 2470 2613 2543; x_wconf 70' lang='lat' dir='ltr'><strong>Hypatia:</strong></span> <span class='ocrx_word' id='word_1_357' title='bbox 2643 2473 2829 2543; x_wconf 90' lang='lat' dir='ltr'><strong>plures</strong></span> <span class='ocrx_word' id='word_1_358' title='bbox 2850 2475 3110 2545; x_wconf 89' lang='lat' dir='ltr'><strong>epistolas</strong></span> <span class='ocrx_word' id='word_1_359' title='bbox 3145 2473 3365 2543; x_wconf 87' lang='lat' dir='ltr'><strong>scripsit</strong></span> <span class='ocrx_word' id='word_1_360' title='bbox 3390 2469 3671 2541; x_wconf 76' lang='lat' dir='ltr'><strong>Synesius.</strong></span> <span class='ocrx_word' id='word_1_361' title='bbox 3696 2471 3780 2525; x_wconf 78' lang='lat' dir='ltr'><strong>De</strong></span> 
     </span>
    </p>
   </div>
   <div class='ocr_carea' id='block_1_52' title="bbox 2189 2560 3773 2635">
    <p class='ocr_par' dir='ltr' id='par_1_52' title="bbox 2189 2560 3773 2635">
     <span class='ocr_line' id='line_1_52' title="bbox 2189 2560 3773 2635; baseline -0.004 -16"><span class='ocrx_word' id='word_1_362' title='bbox 2189 2579 2253 2619; x_wconf 87' lang='lat' dir='ltr'><strong>ea</strong></span> <span class='ocrx_word' id='word_1_363' title='bbox 2284 2562 2532 2632; x_wconf 87' lang='lat' dir='ltr'><strong>pluribus</strong></span> <span class='ocrx_word' id='word_1_364' title='bbox 2551 2563 2661 2634; x_wconf 90' lang='lat' dir='ltr'><strong>agit</strong></span> <span class='ocrx_word' id='word_1_365' title='bbox 2682 2564 2969 2629; x_wconf 88' lang='lat' dir='ltr'><strong>Baronius,</strong></span> <span class='ocrx_word' id='word_1_366' title='bbox 3004 2574 3060 2619; x_wconf 92' lang='lat' dir='ltr'><strong>et</strong></span> <span class='ocrx_word' id='word_1_367' title='bbox 3082 2564 3267 2635; x_wconf 87' lang='lat' dir='ltr'><strong>potius</strong></span> <span class='ocrx_word' id='word_1_368' title='bbox 3285 2560 3773 2617; x_wconf 85' lang='lat' dir='ltr'><strong>Alexandrinorum</strong></span> 
     </span>
    </p>
   </div>
   <div class='ocr_carea' id='block_1_53' title="bbox 2190 2650 3782 2723">
    <p class='ocr_par' dir='ltr' id='par_1_53' title="bbox 2190 2650 3782 2723">
     <span class='ocr_line' id='line_1_53' title="bbox 2190 2650 3782 2723; baseline -0.003 -15"><span class='ocrx_word' id='word_1_369' title='bbox 2190 2654 2379 2709; x_wconf 90' lang='lat' dir='ltr'><strong>furore</strong></span> <span class='ocrx_word' id='word_1_370' title='bbox 2410 2669 2472 2708; x_wconf 93' lang='lat' dir='ltr'><strong>ac</strong></span> <span class='ocrx_word' id='word_1_371' title='bbox 2509 2654 2768 2719; x_wconf 90' lang='lat' dir='ltr'><strong>tumultu,</strong></span> <span class='ocrx_word' id='word_1_372' title='bbox 2806 2670 2967 2723; x_wconf 92' lang='lat' dir='ltr'><strong>quam</strong></span> <span class='ocrx_word' id='word_1_373' title='bbox 2997 2655 3129 2709; x_wconf 92' lang='lat' dir='ltr'><strong>cleri</strong></span> <span class='ocrx_word' id='word_1_374' title='bbox 3164 2651 3586 2722; x_wconf 88' lang='lat' dir='ltr'><strong>conspiratione,</strong></span> <span class='ocrx_word' id='word_1_375' title='bbox 3623 2650 3782 2703; x_wconf 66' lang='lat' dir='ltr'><strong>occi~</strong></span> 
     </span>
    </p>
   </div>
   <div class='ocr_carea' id='block_1_54' title="bbox 2190 2741 3783 2819">
    <p class='ocr_par' dir='ltr' id='par_1_54' title="bbox 2190 2741 3783 2819">
     <span class='ocr_line' id='line_1_54' title="bbox 2190 2741 3783 2819; baseline -0.001 -21"><span class='ocrx_word' id='word_1_376' title='bbox 2190 2759 2305 2798; x_wconf 89' lang='lat' dir='ltr'><strong>sam</strong></span> <span class='ocrx_word' id='word_1_377' title='bbox 2337 2758 2457 2799; x_wconf 89' lang='lat' dir='ltr'><strong>esse</strong></span> <span class='ocrx_word' id='word_1_378' title='bbox 2496 2744 2792 2799; x_wconf 82' lang='lat' dir='ltr'><strong>existimat.</strong></span> <span class='ocrx_word' id='word_1_379' title='bbox 2839 2744 2967 2799; x_wconf 66' lang='lat' dir='ltr'><strong>Haec</strong></span> <span class='ocrx_word' id='word_1_380' title='bbox 3004 2752 3200 2814; x_wconf 89' lang='lat' dir='ltr'><strong>quarto</strong></span> <span class='ocrx_word' id='word_1_381' title='bbox 3245 2757 3389 2819; x_wconf 79' lang='lat' dir='ltr'><strong>anno</strong></span> <span class='ocrx_word' id='word_1_382' title='bbox 3428 2741 3783 2811; x_wconf 84' lang='lat' dir='ltr'><strong>episcopatus.</strong></span> 
     </span>
    </p>
   </div>
   <div class='ocr_carea' id='block_1_55' title="bbox 2190 2832 3781 2907">
    <p class='ocr_par' dir='ltr' id='par_1_55' title="bbox 2190 2832 3781 2907">
     <span class='ocr_line' id='line_1_55' title="bbox 2190 2832 3781 2907; baseline -0.003 -17"><span class='ocrx_word' id='word_1_383' title='bbox 2190 2836 2376 2907; x_wconf 87' lang='lat' dir='ltr'><strong>Cyrilli</strong></span> <span class='ocrx_word' id='word_1_384' title='bbox 2400 2835 2691 2906; x_wconf 88' lang='lat' dir='ltr'><strong>contigisse</strong></span> <span class='ocrx_word' id='word_1_385' title='bbox 2714 2836 2878 2890; x_wconf 89' lang='lat' dir='ltr'><strong>etiam</strong></span> <span class='ocrx_word' id='word_1_386' title='bbox 2901 2836 3242 2906; x_wconf 86' lang='lat' dir='ltr'><strong>Nicephorus</strong></span> <span class='ocrx_word' id='word_1_387' title='bbox 3280 2834 3488 2889; x_wconf 87' lang='lat' dir='ltr'><strong>scribit.</strong></span> <span class='ocrx_word' id='word_1_388' title='bbox 3520 2832 3695 2902; x_wconf 68' lang='lat' dir='ltr'><strong>Coepit</strong></span> <span class='ocrx_word' id='word_1_389' title='bbox 3728 2832 3781 2886; x_wconf 78' lang='lat' dir='ltr'><strong>is</strong></span> 
     </span>
    </p>
   </div>
   <div class='ocr_carea' id='block_1_56' title="bbox 2191 2922 3779 2996">
    <p class='ocr_par' dir='ltr' id='par_1_56' title="bbox 2191 2922 3779 2996">
     <span class='ocr_line' id='line_1_56' title="bbox 2191 2922 3779 2996; baseline -0.004 -15"><span class='ocrx_word' id='word_1_390' title='bbox 2191 2934 2423 2996; x_wconf 89' lang='lat' dir='ltr'><strong>quartus</strong></span> <span class='ocrx_word' id='word_1_391' title='bbox 2451 2941 2628 2981; x_wconf 87' lang='lat' dir='ltr'><strong>annus</strong></span> <span class='ocrx_word' id='word_1_392' title='bbox 2648 2942 2775 2981; x_wconf 83' lang='lat' dir='ltr'><strong>xvm</strong></span> <span class='ocrx_word' id='word_1_393' title='bbox 2796 2925 3051 2983; x_wconf 84' lang='lat' dir='ltr'><strong>Octobris</strong></span> <span class='ocrx_word' id='word_1_394' title='bbox 3077 2926 3204 2980; x_wconf 89' lang='lat' dir='ltr'><strong>anni</strong></span> <span class='ocrx_word' id='word_1_395' title='bbox 3236 2925 3342 2979; x_wconf 75' lang='grc'><strong>415</strong></span> <span class='ocrx_word' id='word_1_396' title='bbox 3359 2965 3373 2988; x_wconf 91' lang='grc'><em>,</em></span> <span class='ocrx_word' id='word_1_397' title='bbox 3399 2923 3644 2992; x_wconf 89' lang='lat' dir='ltr'><strong>adeoque</strong></span> <span class='ocrx_word' id='word_1_398' title='bbox 3683 2922 3779 2975; x_wconf 88' lang='lat' dir='ltr'><strong>hic</strong></span> 
     </span>
    </p>
   </div>
   <div class='ocr_carea' id='block_1_57' title="bbox 2192 3011 3780 3093">
    <p class='ocr_par' dir='ltr' id='par_1_57' title="bbox 2192 3011 3780 3093">
     <span class='ocr_line' id='line_1_57' title="bbox 2192 3011 3780 3093; baseline -0.003 -22"><span class='ocrx_word' id='word_1_399' title='bbox 2192 3018 2397 3072; x_wconf 90' lang='lat' dir='ltr'><strong>mensis</strong></span> <span class='ocrx_word' id='word_1_400' title='bbox 2435 3017 2661 3071; x_wconf 83' lang='lat' dir='ltr'><strong>Martius</strong></span> <span class='ocrx_word' id='word_1_401' title='bbox 2709 3017 3019 3071; x_wconf 87' lang='lat' dir='ltr'><strong>necessario</strong></span> <span class='ocrx_word' id='word_1_402' title='bbox 3061 3024 3146 3071; x_wconf 87' lang='lat' dir='ltr'><strong>est</strong></span> <span class='ocrx_word' id='word_1_403' title='bbox 3178 3016 3306 3070; x_wconf 90' lang='lat' dir='ltr'><strong>anni</strong></span> <span class='ocrx_word' id='word_1_404' title='bbox 3352 3014 3633 3093; x_wconf 87' lang='lat' dir='ltr'><strong>sequentis</strong></span> <span class='ocrx_word' id='word_1_405' title='bbox 3669 3011 3780 3066; x_wconf 78' lang='grc'><strong>416</strong></span> 
     </span>
    </p>
   </div>
   <div class='ocr_carea' id='block_1_58' title="bbox 2192 3105 3777 3177">
    <p class='ocr_par' dir='ltr' id='par_1_58' title="bbox 2192 3105 3777 3177">
     <span class='ocr_line' id='line_1_58' title="bbox 2192 3105 3777 3177; baseline -0.004 -14"><span class='ocrx_word' id='word_1_406' title='bbox 2192 3106 2477 3163; x_wconf 88' lang='lat' dir='ltr'><strong>consulatu</strong></span> <span class='ocrx_word' id='word_1_407' title='bbox 2520 3107 2715 3177; x_wconf 75' lang='lat' dir='ltr'><strong>imper.</strong></span> <span class='ocrx_word' id='word_1_408' title='bbox 2763 3106 3057 3162; x_wconf 80' lang='lat' dir='ltr'><strong>Theodosii</strong></span> <span class='ocrx_word' id='word_1_409' title='bbox 3093 3116 3186 3171; x_wconf 80' lang='lat' dir='ltr'><strong>vn,</strong></span> <span class='ocrx_word' id='word_1_410' title='bbox 3242 3114 3305 3159; x_wconf 90' lang='lat' dir='ltr'><strong>ut</strong></span> <span class='ocrx_word' id='word_1_411' title='bbox 3333 3105 3425 3159; x_wconf 92' lang='lat' dir='ltr'><strong>hic</strong></span> <span class='ocrx_word' id='word_1_412' title='bbox 3463 3105 3685 3169; x_wconf 86' lang='lat' dir='ltr'><strong>dicitur,</strong></span> <span class='ocrx_word' id='word_1_413' title='bbox 3718 3112 3777 3158; x_wconf 87' lang='lat' dir='ltr'><strong>et</strong></span> 
     </span>
    </p>
   </div>
   <div class='ocr_carea' id='block_1_59' title="bbox 498 3194 3780 3291">
    <p class='ocr_par' dir='ltr' id='par_1_59' title="bbox 498 3194 3780 3291">
     <span class='ocr_line' id='line_1_59' title="bbox 498 3194 3780 3291; baseline 0.001 -43"><span class='ocrx_word' id='word_1_414' title='bbox 498 3194 732 3264; x_wconf 89' lang='lat' dir='ltr'><strong>quadam</strong></span> <span class='ocrx_word' id='word_1_415' title='bbox 774 3196 1055 3261; x_wconf 87' lang='lat' dir='ltr'><strong>recondit,</strong></span> <span class='ocrx_word' id='word_1_416' title='bbox 1089 3205 1146 3252; x_wconf 90' lang='lat' dir='ltr'><strong>at</strong></span> <span class='ocrx_word' id='word_1_417' title='bbox 1184 3212 1293 3251; x_wconf 90' lang='lat' dir='ltr'><strong>non</strong></span> <span class='ocrx_word' id='word_1_418' title='bbox 1325 3196 1599 3251; x_wconf 83' lang='lat' dir='ltr'><strong>Ammonii</strong></span> <span class='ocrx_word' id='word_1_419' title='bbox 1646 3196 1741 3252; x_wconf 90' lang='lat' dir='ltr'><strong>sed</strong></span> <span class='ocrx_word' id='word_1_420' title='bbox 1773 3196 2087 3251; x_wconf 84' lang='lat' dir='ltr'><strong>Thaumasii</strong></span> <span class='ocrx_word' id='word_1_421' title='bbox 2119 3234 2161 3291; x_wconf 63' lang='grc' dir='ltr'>Ο</span> <span class='ocrx_word' id='word_1_422' title='bbox 2194 3199 2453 3263; x_wconf 90' lang='lat' dir='ltr'><strong>Palladii,</strong></span> <span class='ocrx_word' id='word_1_423' title='bbox 2483 3214 2594 3254; x_wconf 90' lang='lat' dir='ltr'><strong>non</strong></span> <span class='ocrx_word' id='word_1_424' title='bbox 2637 3198 2863 3253; x_wconf 81' lang='lat' dir='ltr'><strong>Honorii</strong></span> <span class='ocrx_word' id='word_1_425' title='bbox 2895 3214 2948 3252; x_wconf 90' lang='lat' dir='ltr'><strong>x.</strong></span> <span class='ocrx_word' id='word_1_426' title='bbox 2980 3198 3136 3268; x_wconf 84' lang='lat' dir='ltr'><strong>Apud</strong></span> <span class='ocrx_word' id='word_1_427' title='bbox 3171 3197 3535 3267; x_wconf 84' lang='lat' dir='ltr'><strong>Nicephorum</strong></span> <span class='ocrx_word' id='word_1_428' title='bbox 3576 3194 3780 3291; x_wconf 68' lang='lat' dir='ltr'><strong>ftediuo</strong></span> 
     </span>
    </p>
   </div>
   <div class='ocr_carea' id='block_1_60' title="bbox 499 3286 2090 3360">
    <p class='ocr_par' dir='ltr' id='par_1_60' title="bbox 499 3286 2090 3360">
     <span class='ocr_line' id='line_1_60' title="bbox 499 3286 2090 3360; baseline 0 -19"><span class='ocrx_word' id='word_1_429' title='bbox 499 3286 721 3349; x_wconf 85' lang='lat' dir='ltr'><strong>nomine</strong></span> <span class='ocrx_word' id='word_1_430' title='bbox 756 3291 1113 3360; x_wconf 77' lang='lat' dir='ltr'><strong>nuncupavit.</strong></span> <span class='ocrx_word' id='word_1_431' title='bbox 1143 3291 1211 3345; x_wconf 88' lang='lat' dir='ltr'><strong>Et</strong></span> <span class='ocrx_word' id='word_1_432' title='bbox 1238 3305 1362 3345; x_wconf 92' lang='lat' dir='ltr'><strong>cum</strong></span> <span class='ocrx_word' id='word_1_433' title='bbox 1408 3289 1464 3344; x_wconf 92' lang='lat' dir='ltr'><strong>in</strong></span> <span class='ocrx_word' id='word_1_434' title='bbox 1488 3289 1719 3345; x_wconf 90' lang='lat' dir='ltr'><strong>ecclesia</strong></span> <span class='ocrx_word' id='word_1_435' title='bbox 1753 3288 2090 3359; x_wconf 86' lang='lat' dir='ltr'><strong>magnitudi-.</strong></span> 
     </span>
    </p>
   </div>
   <div class='ocr_carea' id='block_1_61' title="bbox 500 3380 2089 3451">
    <p class='ocr_par' dir='ltr' id='par_1_61' title="bbox 500 3380 2089 3451">
     <span class='ocr_line' id='line_1_61' title="bbox 500 3380 2089 3451; baseline -0.002 -13"><span class='ocrx_word' id='word_1_436' title='bbox 500 3394 635 3438; x_wconf 77' lang='lat' dir='ltr'><strong>nem</strong></span> <span class='ocrx_word' id='word_1_437' title='bbox 653 3381 819 3442; x_wconf 80' lang='lat' dir='ltr'><strong>animi</strong></span> <span class='ocrx_word' id='word_1_438' title='bbox 854 3381 1023 3446; x_wconf 74' lang='lat' dir='ltr'><strong>illius,</strong></span> <span class='ocrx_word' id='word_1_439' title='bbox 1046 3388 1236 3450; x_wconf 91' lang='lat' dir='ltr'><strong>utpote</strong></span> <span class='ocrx_word' id='word_1_440' title='bbox 1266 3395 1427 3451; x_wconf 88' lang='lat' dir='ltr'><strong>grave</strong></span> <span class='ocrx_word' id='word_1_441' title='bbox 1451 3388 1729 3435; x_wconf 88' lang='lat' dir='ltr'><strong>certamen</strong></span> <span class='ocrx_word' id='word_1_442' title='bbox 1763 3395 1863 3448; x_wconf 90' lang='lat' dir='ltr'><strong>pro</strong></span> <span class='ocrx_word' id='word_1_443' title='bbox 1887 3380 2089 3449; x_wconf 87' lang='lat' dir='ltr'><strong>pietate</strong></span> 
     </span>
    </p>
   </div>
   <div class='ocr_carea' id='block_1_62' title="bbox 438 3468 2090 3540">
    <p class='ocr_par' dir='ltr' id='par_1_62' title="bbox 438 3468 2090 3540">
     <span class='ocr_line' id='line_1_62' title="bbox 438 3468 2090 3540; baseline -0.004 -13"><span class='ocrx_word' id='word_1_444' title='bbox 438 3526 441 3527; x_wconf 30' lang='grc' dir='ltr'><em>ν</em></span> <span class='ocrx_word' id='word_1_445' title='bbox 499 3470 767 3539; x_wconf 85' lang='lat' dir='ltr'><strong>perpessi.</strong></span> <span class='ocrx_word' id='word_1_446' title='bbox 818 3470 977 3525; x_wconf 90' lang='lat' dir='ltr'><strong>laude</strong></span> <span class='ocrx_word' id='word_1_447' title='bbox 1025 3477 1081 3531; x_wconf 86' lang='lat' dir='ltr'><strong>et</strong></span> <span class='ocrx_word' id='word_1_448' title='bbox 1120 3469 1508 3540; x_wconf 78' lang='lat' dir='ltr'><strong>praedicatione</strong></span> <span class='ocrx_word' id='word_1_449' title='bbox 1564 3468 1880 3532; x_wconf 77' lang='lat' dir='ltr'><strong>extulisset,</strong></span> <span class='ocrx_word' id='word_1_450' title='bbox 1927 3468 2090 3538; x_wconf 87' lang='lat' dir='ltr'><strong>jussit</strong></span> 
     </span>
    </p>
   </div>
   <div class='ocr_carea' id='block_1_63' title="bbox 501 3559 2086 3634">
    <p class='ocr_par' dir='ltr' id='par_1_63' title="bbox 501 3559 2086 3634">
     <span class='ocr_line' id='line_1_63' title="bbox 501 3559 2086 3634; baseline -0.003 -18"><span class='ocrx_word' id='word_1_451' title='bbox 501 3572 795 3634; x_wconf 86' lang='lat' dir='ltr'><strong>martyrem</strong></span> <span class='ocrx_word' id='word_1_452' title='bbox 829 3563 1114 3632; x_wconf 89' lang='lat' dir='ltr'><strong>appellari.</strong></span> <span class='ocrx_word' id='word_1_453' title='bbox 1150 3563 1353 3628; x_wconf 69' lang='lat' dir='ltr'><strong>Verum</strong></span> <span class='ocrx_word' id='word_1_454' title='bbox 1385 3561 1478 3631; x_wconf 92' lang='lat' dir='ltr'><strong>qui</strong></span> <span class='ocrx_word' id='word_1_455' title='bbox 1512 3559 1873 3614; x_wconf 85' lang='lat' dir='ltr'><strong>modestiores</strong></span> <span class='ocrx_word' id='word_1_456' title='bbox 1910 3569 2086 3622; x_wconf 87' lang='lat' dir='ltr'><strong>erant,</strong></span> 
     </span>
    </p>
   </div>
   <div class='ocr_carea' id='block_1_64' title="bbox 500 3651 2088 3724">
    <p class='ocr_par' dir='ltr' id='par_1_64' title="bbox 500 3651 2088 3724">
     <span class='ocr_line' id='line_1_64' title="bbox 500 3651 2088 3724; baseline -0.004 -13"><span class='ocrx_word' id='word_1_457' title='bbox 500 3655 677 3711; x_wconf 79' lang='lat' dir='ltr'><strong>etiam.</strong></span> <span class='ocrx_word' id='word_1_458' title='bbox 690 3670 758 3709; x_wconf 87' lang='lat' dir='ltr'><strong>ex</strong></span> <span class='ocrx_word' id='word_1_459' title='bbox 791 3655 929 3724; x_wconf 82' lang='lat' dir='ltr'><strong>ipsis</strong></span> <span class='ocrx_word' id='word_1_460' title='bbox 943 3654 1293 3717; x_wconf 87' lang='lat' dir='ltr'><strong>Christianis,</strong></span> <span class='ocrx_word' id='word_1_461' title='bbox 1321 3652 1507 3724; x_wconf 87' lang='lat' dir='ltr'><strong>Cyrilli</strong></span> <span class='ocrx_word' id='word_1_462' title='bbox 1534 3651 1781 3705; x_wconf 89' lang='lat' dir='ltr'><strong>studium</strong></span> <span class='ocrx_word' id='word_1_463' title='bbox 1806 3665 1934 3721; x_wconf 89' lang='lat' dir='ltr'><strong>erga</strong></span> <span class='ocrx_word' id='word_1_464' title='bbox 1955 3651 2088 3705; x_wconf 85' lang='lat' dir='ltr'><strong>Am-</strong></span> 
     </span>
    </p>
   </div>
   <div class='ocr_carea' id='block_1_65' title="bbox 502 3742 2088 3816">
    <p class='ocr_par' dir='ltr' id='par_1_65' title="bbox 502 3742 2088 3816">
     <span class='ocr_line' id='line_1_65' title="bbox 502 3742 2088 3816; baseline -0.005 -13"><span class='ocrx_word' id='word_1_465' title='bbox 502 3745 748 3805; x_wconf 76' lang='lat' dir='ltr'><strong>monium</strong></span> <span class='ocrx_word' id='word_1_466' title='bbox 772 3746 999 3801; x_wconf 83' lang='lat' dir='ltr'><strong>minime</strong></span> <span class='ocrx_word' id='word_1_467' title='bbox 1022 3745 1421 3816; x_wconf 75' lang='lat' dir='ltr'><strong>approbarunt.</strong></span> <span class='ocrx_word' id='word_1_468' title='bbox 1450 3742 1583 3803; x_wconf 74' lang='lat' dir='ltr'><strong>Nam</strong></span> <span class='ocrx_word' id='word_1_469' title='bbox 1610 3742 1953 3812; x_wconf 85' lang='lat' dir='ltr'><strong>exploratum</strong></span> <span class='ocrx_word' id='word_1_470' title='bbox 1988 3742 2088 3795; x_wconf 88' lang='lat' dir='ltr'><strong>ha-</strong></span> 
     </span>
    </p>
   </div>
   <div class='ocr_carea' id='block_1_66' title="bbox 502 3835 2089 3903">
    <p class='ocr_par' dir='ltr' id='par_1_66' title="bbox 502 3835 2089 3903">
     <span class='ocr_line' id='line_1_66' title="bbox 502 3835 2089 3903; baseline -0.003 -9"><span class='ocrx_word' id='word_1_471' title='bbox 502 3839 711 3894; x_wconf 80' lang='lat' dir='ltr'><strong>bebant</strong></span> <span class='ocrx_word' id='word_1_472' title='bbox 738 3840 1105 3903; x_wconf 83' lang='lat' dir='ltr'><strong>Ammonium,</strong></span> <span class='ocrx_word' id='word_1_473' title='bbox 1149 3854 1257 3893; x_wconf 88' lang='lat' dir='ltr'><strong>non</strong></span> <span class='ocrx_word' id='word_1_474' title='bbox 1293 3838 1348 3891; x_wconf 91' lang='lat' dir='ltr'><strong>in</strong></span> <span class='ocrx_word' id='word_1_475' title='bbox 1379 3836 1664 3892; x_wconf 86' lang='lat' dir='ltr'><strong>tormentis</strong></span> <span class='ocrx_word' id='word_1_476' title='bbox 1696 3835 1991 3900; x_wconf 86' lang='lat' dir='ltr'><strong>interiisse,</strong></span> <span class='ocrx_word' id='word_1_477' title='bbox 2019 3850 2089 3890; x_wconf 88' lang='lat' dir='ltr'><strong>ne</strong></span> 
     </span>
    </p>
   </div>
   <div class='ocr_carea' id='block_1_67' title="bbox 501 3926 2091 4001">
    <p class='ocr_par' dir='ltr' id='par_1_67' title="bbox 501 3926 2091 4001">
     <span class='ocr_line' id='line_1_67' title="bbox 501 3926 2091 4001; baseline -0.003 -16"><span class='ocrx_word' id='word_1_478' title='bbox 501 3930 784 3985; x_wconf 79' lang='lat' dir='ltr'><strong>Christum</strong></span> <span class='ocrx_word' id='word_1_479' title='bbox 821 3930 1088 4001; x_wconf 82' lang='lat' dir='ltr'><strong>denegare</strong></span> <span class='ocrx_word' id='word_1_480' title='bbox 1132 3938 1453 4001; x_wconf 75' lang='lat' dir='ltr'><strong>cogeretur;</strong></span> <span class='ocrx_word' id='word_1_481' title='bbox 1489 3927 1585 3981; x_wconf 88' lang='lat' dir='ltr'><strong>sed</strong></span> <span class='ocrx_word' id='word_1_482' title='bbox 1616 3926 1937 3984; x_wconf 87' lang='lat' dir='ltr'><strong>temeritatis</strong></span> <span class='ocrx_word' id='word_1_483' title='bbox 1976 3941 2091 3981; x_wconf 78' lang='lat' dir='ltr'><strong>suae</strong></span> 
     </span>
    </p>
   </div>
   <div class='ocr_carea' id='block_1_68' title="bbox 502 4015 2091 4091">
    <p class='ocr_par' dir='ltr' id='par_1_68' title="bbox 502 4015 2091 4091">
     <span class='ocr_line' id='line_1_68' title="bbox 502 4015 2091 4091; baseline -0.005 -13"><span class='ocrx_word' id='word_1_484' title='bbox 502 4036 694 4091; x_wconf 77' lang='lat' dir='ltr'><strong>pmnas</strong></span> <span class='ocrx_word' id='word_1_485' title='bbox 737 4021 974 4079; x_wconf 86' lang='lat' dir='ltr'><strong>dedisse.</strong></span> <span class='ocrx_word' id='word_1_486' title='bbox 1008 4020 1275 4086; x_wconf 85' lang='lat' dir='ltr'><strong>Quocirca</strong></span> <span class='ocrx_word' id='word_1_487' title='bbox 1314 4018 1549 4089; x_wconf 85' lang='lat' dir='ltr'><strong>Cyrillus</strong></span> <span class='ocrx_word' id='word_1_488' title='bbox 1586 4017 1700 4085; x_wconf 88' lang='lat' dir='ltr'><strong>ipse</strong></span> <span class='ocrx_word' id='word_1_489' title='bbox 1740 4015 1873 4070; x_wconf 92' lang='lat' dir='ltr'><strong>illud</strong></span> <span class='ocrx_word' id='word_1_490' title='bbox 1917 4015 2091 4084; x_wconf 88' lang='lat' dir='ltr'><strong>ipsius</strong></span> 
     </span>
    </p>
   </div>
   <div class='ocr_carea' id='block_1_69' title="bbox 502 4104 2089 4175">
    <p class='ocr_par' dir='ltr' id='par_1_69' title="bbox 502 4104 2089 4175">
     <span class='ocr_line' id='line_1_69' title="bbox 502 4104 2089 4175; baseline -0.004 -9"><span class='ocrx_word' id='word_1_491' title='bbox 502 4112 718 4166; x_wconf 84' lang='lat' dir='ltr'><strong>facinus</strong></span> <span class='ocrx_word' id='word_1_492' title='bbox 771 4111 991 4167; x_wconf 84' lang='lat' dir='ltr'><strong>silentio</strong></span> <span class='ocrx_word' id='word_1_493' title='bbox 1040 4111 1094 4165; x_wconf 91' lang='lat' dir='ltr'><strong>in</strong></span> <span class='ocrx_word' id='word_1_494' title='bbox 1141 4109 1470 4166; x_wconf 86' lang='lat' dir='ltr'><strong>oblivionem</strong></span> <span class='ocrx_word' id='word_1_495' title='bbox 1518 4105 1849 4175; x_wconf 86' lang='lat' dir='ltr'><strong>pedetentim</strong></span> <span class='ocrx_word' id='word_1_496' title='bbox 1901 4104 2089 4159; x_wconf 90' lang='lat' dir='ltr'><strong>venire</strong></span> 
     </span>
    </p>
   </div>
   <div class='ocr_carea' id='block_1_70' title="bbox 504 4195 2087 4272">
    <p class='ocr_par' dir='ltr' id='par_1_70' title="bbox 504 4195 2087 4272">
     <span class='ocr_line' id='line_1_70' title="bbox 504 4195 2087 4272; baseline -0.006 -14"><span class='ocrx_word' id='word_1_497' title='bbox 504 4218 699 4272; x_wconf 87' lang='lat' dir='ltr'><strong>passus</strong></span> <span class='ocrx_word' id='word_1_498' title='bbox 720 4213 822 4259; x_wconf 90' lang='lat' dir='ltr'><strong>est.</strong></span> <span class='ocrx_word' id='word_1_499' title='bbox 846 4204 915 4258; x_wconf 79' lang='lat' dir='ltr'><strong>At</strong></span> <span class='ocrx_word' id='word_1_500' title='bbox 938 4220 1009 4259; x_wconf 91' lang='lat' dir='ltr'><strong>ne</strong></span> <span class='ocrx_word' id='word_1_501' title='bbox 1032 4203 1214 4259; x_wconf 86' lang='lat' dir='ltr'><strong>adhuc</strong></span> <span class='ocrx_word' id='word_1_502' title='bbox 1240 4201 1461 4271; x_wconf 85' lang='lat' dir='ltr'><strong>quidem</strong></span> <span class='ocrx_word' id='word_1_503' title='bbox 1483 4197 1680 4251; x_wconf 89' lang='lat' dir='ltr'><strong>acerba</strong></span> <span class='ocrx_word' id='word_1_504' title='bbox 1706 4197 1796 4251; x_wconf 89' lang='lat' dir='ltr'><strong>illa</strong></span> <span class='ocrx_word' id='word_1_505' title='bbox 1818 4196 1960 4251; x_wconf 90' lang='lat' dir='ltr'><strong>inter</strong></span> <span class='ocrx_word' id='word_1_506' title='bbox 1982 4195 2087 4267; x_wconf 79' lang='lat' dir='ltr'><strong>Cy—</strong></span> 
     </span>
    </p>
   </div>
   <div class='ocr_carea' id='block_1_71' title="bbox 506 4288 2085 4362">
    <p class='ocr_par' dir='ltr' id='par_1_71' title="bbox 506 4288 2085 4362">
     <span class='ocr_line' id='line_1_71' title="bbox 506 4288 2085 4362; baseline -0.004 -15"><span class='ocrx_word' id='word_1_507' title='bbox 506 4294 699 4349; x_wconf 88' lang='lat' dir='ltr'><strong>rillum.</strong></span> <span class='ocrx_word' id='word_1_508' title='bbox 722 4304 782 4350; x_wconf 84' lang='lat' dir='ltr'><strong>et</strong></span> <span class='ocrx_word' id='word_1_509' title='bbox 814 4294 1062 4349; x_wconf 89' lang='lat' dir='ltr'><strong>Orestem</strong></span> <span class='ocrx_word' id='word_1_510' title='bbox 1111 4302 1363 4362; x_wconf 89' lang='lat' dir='ltr'><strong>suscepta</strong></span> <span class='ocrx_word' id='word_1_511' title='bbox 1411 4288 1692 4345; x_wconf 90' lang='lat' dir='ltr'><strong>contentio</strong></span> <span class='ocrx_word' id='word_1_512' title='bbox 1736 4289 1922 4343; x_wconf 88' lang='lat' dir='ltr'><strong>sedata</strong></span> <span class='ocrx_word' id='word_1_513' title='bbox 1963 4299 2085 4343; x_wconf 89' lang='lat' dir='ltr'><strong>est:</strong></span> 
     </span>
    </p>
   </div>
   <div class='ocr_carea' id='block_1_72' title="bbox 502 4378 2091 4455">
    <p class='ocr_par' dir='ltr' id='par_1_72' title="bbox 502 4378 2091 4455">
     <span class='ocr_line' id='line_1_72' title="bbox 502 4378 2091 4455; baseline -0.003 -17"><span class='ocrx_word' id='word_1_514' title='bbox 502 4385 704 4455; x_wconf 89' lang='lat' dir='ltr'><strong>quippe</strong></span> <span class='ocrx_word' id='word_1_515' title='bbox 741 4386 846 4442; x_wconf 86' lang='lat' dir='ltr'><strong>alia</strong></span> <span class='ocrx_word' id='word_1_516' title='bbox 888 4385 1073 4440; x_wconf 89' lang='lat' dir='ltr'><strong>clades</strong></span> <span class='ocrx_word' id='word_1_517' title='bbox 1104 4385 1243 4439; x_wconf 78' lang='lat' dir='ltr'><strong>huic.</strong></span> <span class='ocrx_word' id='word_1_518' title='bbox 1271 4399 1389 4437; x_wconf 83' lang='lat' dir='ltr'><strong>non</strong></span> <span class='ocrx_word' id='word_1_519' title='bbox 1414 4378 1716 4444; x_wconf 88' lang='lat' dir='ltr'><strong>dissimilis,</strong></span> <span class='ocrx_word' id='word_1_520' title='bbox 1758 4394 1920 4448; x_wconf 86' lang='lat' dir='ltr'><strong>quam</strong></span> <span class='ocrx_word' id='word_1_521' title='bbox 1966 4394 2091 4434; x_wconf 89' lang='lat' dir='ltr'><strong>sum</strong></span> 
     </span>
    </p>
   </div>
   <div class='ocr_carea' id='block_1_73' title="bbox 501 4472 1451 4545">
    <p class='ocr_par' dir='ltr' id='par_1_73' title="bbox 501 4472 1451 4545">
     <span class='ocr_line' id='line_1_73' title="bbox 501 4472 1451 4545; baseline -0.003 -16"><span class='ocrx_word' id='word_1_522' title='bbox 501 4474 608 4545; x_wconf 67' lang='lat' dir='ltr'><strong>iam</strong></span> <span class='ocrx_word' id='word_1_523' title='bbox 636 4484 975 4540; x_wconf 86' lang='lat' dir='ltr'><strong>narraturus,</strong></span> <span class='ocrx_word' id='word_1_524' title='bbox 1001 4489 1120 4530; x_wconf 91' lang='lat' dir='ltr'><strong>eam</strong></span> <span class='ocrx_word' id='word_1_525' title='bbox 1150 4472 1451 4529; x_wconf 84' lang='lat' dir='ltr'><strong>renovavit.</strong></span> 
     </span>
    </p>
   </div>
   <div class='ocr_carea' id='block_1_74' title="bbox 2194 3286 3781 3361">
    <p class='ocr_par' dir='ltr' id='par_1_74' title="bbox 2194 3286 3781 3361">
     <span class='ocr_line' id='line_1_74' title="bbox 2194 3286 3781 3361; baseline -0.003 -16"><span class='ocrx_word' id='word_1_526' title='bbox 2194 3291 2451 3345; x_wconf 90' lang='lat' dir='ltr'><strong>mendum</strong></span> <span class='ocrx_word' id='word_1_527' title='bbox 2484 3309 2496 3344; x_wconf 92' lang='lat'>:</span> <span class='ocrx_word' id='word_1_528' title='bbox 2534 3306 2660 3345; x_wconf 92' lang='lat' dir='ltr'><strong>nam</strong></span> <span class='ocrx_word' id='word_1_529' title='bbox 2685 3306 2809 3345; x_wconf 93' lang='lat' dir='ltr'><strong>cum</strong></span> <span class='ocrx_word' id='word_1_530' title='bbox 2839 3300 2997 3345; x_wconf 86' lang='lat' dir='ltr'><strong>antea</strong></span> <span class='ocrx_word' id='word_1_531' title='bbox 3026 3289 3288 3361; x_wconf 83' lang='lat' dir='ltr'><strong>Cyrillum</strong></span> <span class='ocrx_word' id='word_1_532' title='bbox 3326 3287 3633 3357; x_wconf 83' lang='lat' dir='ltr'><strong>scripsisset</strong></span> <span class='ocrx_word' id='word_1_533' title='bbox 3660 3286 3781 3341; x_wconf 57' lang='lat' dir='ltr'><strong>ele-z</strong></span> 
     </span>
    </p>
   </div>
   <div class='ocr_carea' id='block_1_75' title="bbox 2194 3375 3775 3451">
    <p class='ocr_par' dir='ltr' id='par_1_75' title="bbox 2194 3375 3775 3451">
     <span class='ocr_line' id='line_1_75' title="bbox 2194 3375 3775 3451; baseline -0.003 -16"><span class='ocrx_word' id='word_1_534' title='bbox 2194 3390 2342 3436; x_wconf 81' lang='lat' dir='ltr'><strong>etum</strong></span> <span class='ocrx_word' id='word_1_535' title='bbox 2377 3396 2520 3436; x_wconf 90' lang='lat' dir='ltr'><strong>anno</strong></span> <span class='ocrx_word' id='word_1_536' title='bbox 2551 3381 2746 3451; x_wconf 90' lang='lat' dir='ltr'><strong>quinto</strong></span> <span class='ocrx_word' id='word_1_537' title='bbox 2769 3380 3062 3436; x_wconf 88' lang='lat' dir='ltr'><strong>Theodosii</strong></span> <span class='ocrx_word' id='word_1_538' title='bbox 3091 3380 3308 3449; x_wconf 66' lang='lat' dir='ltr'><strong>impen,</strong></span> <span class='ocrx_word' id='word_1_539' title='bbox 3334 3377 3425 3432; x_wconf 88' lang='lat' dir='ltr'><strong>hic</strong></span> <span class='ocrx_word' id='word_1_540' title='bbox 3452 3386 3631 3431; x_wconf 89' lang='lat' dir='ltr'><strong>tamen</strong></span> <span class='ocrx_word' id='word_1_541' title='bbox 3662 3375 3775 3446; x_wconf 78' lang='lat' dir='ltr'><strong>Hy-</strong></span> 
     </span>
    </p>
   </div>
   <div class='ocr_carea' id='block_1_76' title="bbox 2193 3465 3774 3540">
    <p class='ocr_par' dir='ltr' id='par_1_76' title="bbox 2193 3465 3774 3540">
     <span class='ocr_line' id='line_1_76' title="bbox 2193 3465 3774 3540; baseline -0.003 -16"><span class='ocrx_word' id='word_1_542' title='bbox 2193 3471 2394 3540; x_wconf 89' lang='lat' dir='ltr'><strong>patiam</strong></span> <span class='ocrx_word' id='word_1_543' title='bbox 2418 3472 2652 3527; x_wconf 90' lang='lat' dir='ltr'><strong>occisam</strong></span> <span class='ocrx_word' id='word_1_544' title='bbox 2678 3471 2754 3526; x_wconf 91' lang='lat' dir='ltr'><strong>ait</strong></span> <span class='ocrx_word' id='word_1_545' title='bbox 2785 3486 2928 3527; x_wconf 88' lang='lat' dir='ltr'><strong>anno</strong></span> <span class='ocrx_word' id='word_1_546' title='bbox 2965 3477 3157 3540; x_wconf 89' lang='lat' dir='ltr'><strong>quarto</strong></span> <span class='ocrx_word' id='word_1_547' title='bbox 3187 3469 3530 3539; x_wconf 89' lang='lat' dir='ltr'><strong>episcopatus</strong></span> <span class='ocrx_word' id='word_1_548' title='bbox 3566 3465 3774 3537; x_wconf 45' lang='lat' dir='ltr'><strong>Cyrilli‘,</strong></span> 
     </span>
    </p>
   </div>
   <div class='ocr_carea' id='block_1_77' title="bbox 2194 3555 3777 3633">
    <p class='ocr_par' dir='ltr' id='par_1_77' title="bbox 2194 3555 3777 3633">
     <span class='ocr_line' id='line_1_77' title="bbox 2194 3555 3777 3633; baseline -0.005 -17"><span class='ocrx_word' id='word_1_549' title='bbox 2194 3572 2348 3617; x_wconf 86' lang='lat' dir='ltr'><strong>sexto</strong></span> <span class='ocrx_word' id='word_1_550' title='bbox 2388 3562 2604 3633; x_wconf 89' lang='lat' dir='ltr'><strong>imperii</strong></span> <span class='ocrx_word' id='word_1_551' title='bbox 2648 3563 2973 3626; x_wconf 88' lang='lat' dir='ltr'><strong>Theodosii,</strong></span> <span class='ocrx_word' id='word_1_552' title='bbox 3016 3575 3141 3615; x_wconf 92' lang='lat' dir='ltr'><strong>cum</strong></span> <span class='ocrx_word' id='word_1_553' title='bbox 3189 3558 3352 3628; x_wconf 79' lang='lat' dir='ltr'><strong>hujus</strong></span> <span class='ocrx_word' id='word_1_554' title='bbox 3396 3565 3620 3612; x_wconf 88' lang='lat' dir='ltr'><strong>octavus</strong></span> <span class='ocrx_word' id='word_1_555' title='bbox 3660 3555 3777 3609; x_wconf 86' lang='lat' dir='ltr'><strong>fere</strong></span> 
     </span>
    </p>
   </div>
   <div class='ocr_carea' id='block_1_78' title="bbox 2193 3645 3783 3723">
    <p class='ocr_par' dir='ltr' id='par_1_78' title="bbox 2193 3645 3783 3723">
     <span class='ocr_line' id='line_1_78' title="bbox 2193 3645 3783 3723; baseline -0.005 -17"><span class='ocrx_word' id='word_1_556' title='bbox 2193 3654 2515 3723; x_wconf 80' lang='lat' dir='ltr'><strong>exspiraret.</strong></span> <span class='ocrx_word' id='word_1_557' title='bbox 2542 3654 2705 3708; x_wconf 86' lang='lat' dir='ltr'><strong>Petro</strong></span> <span class='ocrx_word' id='word_1_558' title='bbox 2716 3652 2931 3708; x_wconf 89' lang='lat' dir='ltr'><strong>Lectori</strong></span> <span class='ocrx_word' id='word_1_559' title='bbox 2957 3652 3028 3723; x_wconf 92' lang='lat' dir='ltr'><strong>(ei</strong></span> <span class='ocrx_word' id='word_1_560' title='bbox 3049 3649 3294 3706; x_wconf 85' lang='lat' dir='ltr'><strong>fortassis</strong></span> <span class='ocrx_word' id='word_1_561' title='bbox 3313 3647 3409 3719; x_wconf 87' lang='lat' dir='ltr'><strong>qui</strong></span> <span class='ocrx_word' id='word_1_562' title='bbox 3432 3648 3596 3718; x_wconf 59' lang='lat' dir='ltr'><strong>huius</strong></span> <span class='ocrx_word' id='word_1_563' title='bbox 3613 3645 3783 3700; x_wconf 64' lang='lat' dir='ltr'><strong>caulis</strong></span> 
     </span>
    </p>
   </div>
   <div class='ocr_carea' id='block_1_79' title="bbox 2193 3736 3779 3814">
    <p class='ocr_par' dir='ltr' id='par_1_79' title="bbox 2193 3736 3779 3814">
     <span class='ocr_line' id='line_1_79' title="bbox 2193 3736 3779 3814; baseline -0.007 -16"><span class='ocrx_word' id='word_1_564' title='bbox 2193 3753 2386 3800; x_wconf 84' lang='lat' dir='ltr'><strong>auctor</strong></span> <span class='ocrx_word' id='word_1_565' title='bbox 2429 3742 2687 3813; x_wconf 89' lang='lat' dir='ltr'><strong>habetur)</strong></span> <span class='ocrx_word' id='word_1_566' title='bbox 2713 3744 2933 3814; x_wconf 91' lang='lat' dir='ltr'><strong>scripsit</strong></span> <span class='ocrx_word' id='word_1_567' title='bbox 2964 3743 3021 3797; x_wconf 90' lang='lat' dir='ltr'><strong>S.</strong></span> <span class='ocrx_word' id='word_1_568' title='bbox 3055 3741 3296 3797; x_wconf 88' lang='lat' dir='ltr'><strong>lsidorus</strong></span> <span class='ocrx_word' id='word_1_569' title='bbox 3338 3740 3611 3795; x_wconf 89' lang='lat' dir='ltr'><strong>Pelusiota</strong></span> <span class='ocrx_word' id='word_1_570' title='bbox 3652 3736 3779 3806; x_wconf 81' lang='lat' dir='ltr'><strong>epi—.</strong></span> 
     </span>
    </p>
   </div>
   <div class='ocr_carea' id='block_1_80' title="bbox 2194 3828 3775 3902">
    <p class='ocr_par' dir='ltr' id='par_1_80' title="bbox 2194 3828 3775 3902">
     <span class='ocr_line' id='line_1_80' title="bbox 2194 3828 3775 3902; baseline -0.004 -13"><span class='ocrx_word' id='word_1_571' title='bbox 2194 3835 2360 3889; x_wconf 86' lang='lat' dir='ltr'><strong>stolas</strong></span> <span class='ocrx_word' id='word_1_572' title='bbox 2392 3835 2491 3888; x_wconf 72' lang='grc' dir='ltr'><strong>ΓΠ</strong></span> <span class='ocrx_word' id='word_1_573' title='bbox 2517 3844 2573 3890; x_wconf 89' lang='lat' dir='ltr'><strong>et</strong></span> <span class='ocrx_word' id='word_1_574' title='bbox 2602 3834 2725 3900; x_wconf 80' lang='lat'><strong>505,</strong></span> <span class='ocrx_word' id='word_1_575' title='bbox 2753 3835 2849 3889; x_wconf 88' lang='lat' dir='ltr'><strong>lib.</strong></span> <span class='ocrx_word' id='word_1_576' title='bbox 2875 3851 2954 3898; x_wconf 83' lang='grc' dir='ltr'>ιιι,</span> <span class='ocrx_word' id='word_1_577' title='bbox 2990 3842 3046 3889; x_wconf 90' lang='lat' dir='ltr'><strong>et</strong></span> <span class='ocrx_word' id='word_1_578' title='bbox 3080 3832 3239 3902; x_wconf 86' lang='lat' dir='ltr'><strong>epist.</strong></span> <span class='ocrx_word' id='word_1_579' title='bbox 3260 3832 3396 3895; x_wconf 83' lang='lat'><strong>555,</strong></span> <span class='ocrx_word' id='word_1_580' title='bbox 3431 3831 3528 3886; x_wconf 90' lang='lat' dir='ltr'><strong>lib.</strong></span> <span class='ocrx_word' id='word_1_581' title='bbox 3572 3846 3626 3883; x_wconf 85' lang='lat' dir='ltr'><strong>v.</strong></span> <span class='ocrx_word' id='word_1_582' title='bbox 3669 3828 3775 3894; x_wconf 85' lang='lat' dir='ltr'><strong>Qui</strong></span> 
     </span>
    </p>
   </div>
   <div class='ocr_carea' id='block_1_81' title="bbox 2194 3916 3777 3993">
    <p class='ocr_par' dir='ltr' id='par_1_81' title="bbox 2194 3916 3777 3993">
     <span class='ocr_line' id='line_1_81' title="bbox 2194 3916 3777 3993; baseline -0.005 -16"><span class='ocrx_word' id='word_1_583' title='bbox 2194 3924 2284 3978; x_wconf 92' lang='lat' dir='ltr'><strong>alii</strong></span> <span class='ocrx_word' id='word_1_584' title='bbox 2312 3924 2367 3978; x_wconf 91' lang='lat' dir='ltr'><strong>id</strong></span> <span class='ocrx_word' id='word_1_585' title='bbox 2397 3922 2607 3978; x_wconf 87' lang='lat' dir='ltr'><strong>facinus</strong></span> <span class='ocrx_word' id='word_1_586' title='bbox 2631 3931 3038 3993; x_wconf 90' lang='lat' dir='ltr'><strong>perpetrarunt,</strong></span> <span class='ocrx_word' id='word_1_587' title='bbox 3065 3921 3323 3975; x_wconf 89' lang='lat' dir='ltr'><strong>videntur</strong></span> <span class='ocrx_word' id='word_1_588' title='bbox 3350 3919 3517 3974; x_wconf 89' lang='lat' dir='ltr'><strong>fuisse</strong></span> <span class='ocrx_word' id='word_1_589' title='bbox 3535 3916 3777 3973; x_wconf 87' lang='lat' dir='ltr'><strong>Parabo-</strong></span> 
     </span>
    </p>
   </div>
   <div class='ocr_carea' id='block_1_82' title="bbox 2193 4009 3777 4080">
    <p class='ocr_par' dir='ltr' id='par_1_82' title="bbox 2193 4009 3777 4080">
     <span class='ocr_line' id='line_1_82' title="bbox 2193 4009 3777 4080; baseline -0.005 -12"><span class='ocrx_word' id='word_1_590' title='bbox 2193 4014 2324 4078; x_wconf 85' lang='lat' dir='ltr'><strong>lani,</strong></span> <span class='ocrx_word' id='word_1_591' title='bbox 2363 4014 2448 4067; x_wconf 90' lang='lat' dir='ltr'><strong>vel</strong></span> <span class='ocrx_word' id='word_1_592' title='bbox 2474 4013 2828 4078; x_wconf 80' lang='lat' dir='ltr'><strong>Parabolarii,</strong></span> <span class='ocrx_word' id='word_1_593' title='bbox 2864 4028 2960 4069; x_wconf 88' lang='lat' dir='ltr'><strong>seu</strong></span> <span class='ocrx_word' id='word_1_594' title='bbox 2985 4012 3253 4076; x_wconf 90' lang='lat' dir='ltr'><strong>Paraboli,</strong></span> <span class='ocrx_word' id='word_1_595' title='bbox 3278 4010 3371 4080; x_wconf 92' lang='lat' dir='ltr'><strong>qui</strong></span> <span class='ocrx_word' id='word_1_596' title='bbox 3396 4009 3777 4080; x_wconf 64' lang='lat' dir='ltr'><strong>aagrotantium</strong></span> 
     </span>
    </p>
   </div>
   <div class='ocr_carea' id='block_1_83' title="bbox 2194 4098 3781 4174">
    <p class='ocr_par' dir='ltr' id='par_1_83' title="bbox 2194 4098 3781 4174">
     <span class='ocr_line' id='line_1_83' title="bbox 2194 4098 3781 4174; baseline -0.005 -15"><span class='ocrx_word' id='word_1_597' title='bbox 2194 4120 2382 4159; x_wconf 87' lang='lat' dir='ltr'><strong>curam</strong></span> <span class='ocrx_word' id='word_1_598' title='bbox 2411 4105 2805 4174; x_wconf 89' lang='lat' dir='ltr'><strong>suscipiebant,</strong></span> <span class='ocrx_word' id='word_1_599' title='bbox 2836 4114 2892 4159; x_wconf 86' lang='lat' dir='ltr'><strong>et</strong></span> <span class='ocrx_word' id='word_1_600' title='bbox 2916 4114 3069 4174; x_wconf 90' lang='lat' dir='ltr'><strong>peste</strong></span> <span class='ocrx_word' id='word_1_601' title='bbox 3098 4118 3315 4174; x_wconf 89' lang='lat' dir='ltr'><strong>quoque</strong></span> <span class='ocrx_word' id='word_1_602' title='bbox 3338 4101 3553 4156; x_wconf 84' lang='lat' dir='ltr'><strong>infectis</strong></span> <span class='ocrx_word' id='word_1_603' title='bbox 3572 4098 3781 4154; x_wconf 43' lang='lat' dir='ltr'><strong>subveq</strong></span> 
     </span>
    </p>
   </div>
   <div class='ocr_carea' id='block_1_84' title="bbox 2193 4190 3779 4265">
    <p class='ocr_par' dir='ltr' id='par_1_84' title="bbox 2193 4190 3779 4265">
     <span class='ocr_line' id='line_1_84' title="bbox 2193 4190 3779 4265; baseline -0.004 -16"><span class='ocrx_word' id='word_1_604' title='bbox 2193 4195 2449 4260; x_wconf 84' lang='lat' dir='ltr'><strong>niebant;</strong></span> <span class='ocrx_word' id='word_1_605' title='bbox 2476 4196 2568 4265; x_wconf 90' lang='lat' dir='ltr'><strong>qui</strong></span> <span class='ocrx_word' id='word_1_606' title='bbox 2607 4211 2732 4250; x_wconf 92' lang='lat' dir='ltr'><strong>cum</strong></span> <span class='ocrx_word' id='word_1_607' title='bbox 2761 4196 3018 4265; x_wconf 90' lang='lat' dir='ltr'><strong>episcopo</strong></span> <span class='ocrx_word' id='word_1_608' title='bbox 3064 4195 3368 4257; x_wconf 87' lang='lat' dir='ltr'><strong>subessent,</strong></span> <span class='ocrx_word' id='word_1_609' title='bbox 3404 4192 3583 4247; x_wconf 88' lang='lat' dir='ltr'><strong>eidem</strong></span> <span class='ocrx_word' id='word_1_610' title='bbox 3622 4190 3779 4244; x_wconf 41' lang='lat' dir='ltr'><strong>faves</strong></span> 
     </span>
    </p>
   </div>
   <div class='ocr_carea' id='block_1_85' title="bbox 2193 4280 3778 4358">
    <p class='ocr_par' dir='ltr' id='par_1_85' title="bbox 2193 4280 3778 4358">
     <span class='ocr_line' id='line_1_85' title="bbox 2193 4280 3778 4358; baseline -0.006 -16"><span class='ocrx_word' id='word_1_611' title='bbox 2193 4287 2345 4352; x_wconf 89' lang='lat' dir='ltr'><strong>bant,</strong></span> <span class='ocrx_word' id='word_1_612' title='bbox 2372 4297 2431 4341; x_wconf 89' lang='lat' dir='ltr'><strong>et</strong></span> <span class='ocrx_word' id='word_1_613' title='bbox 2458 4287 2739 4358; x_wconf 83' lang='lat' dir='ltr'><strong>negotium</strong></span> <span class='ocrx_word' id='word_1_614' title='bbox 2780 4286 3122 4342; x_wconf 84' lang='lat' dir='ltr'><strong>facesscbant</strong></span> <span class='ocrx_word' id='word_1_615' title='bbox 3161 4284 3452 4354; x_wconf 86' lang='lat' dir='ltr'><strong>praefectis.</strong></span> <span class='ocrx_word' id='word_1_616' title='bbox 3489 4282 3668 4348; x_wconf 86' lang='lat' dir='ltr'><strong>Quare</strong></span> <span class='ocrx_word' id='word_1_617' title='bbox 3703 4280 3778 4334; x_wconf 87' lang='lat' dir='ltr'><strong>de</strong></span> 
     </span>
    </p>
   </div>
   <div class='ocr_carea' id='block_1_86' title="bbox 2193 4372 3782 4447">
    <p class='ocr_par' dir='ltr' id='par_1_86' title="bbox 2193 4372 3782 4447">
     <span class='ocr_line' id='line_1_86' title="bbox 2193 4372 3782 4447; baseline -0.004 -14"><span class='ocrx_word' id='word_1_618' title='bbox 2193 4379 2279 4435; x_wconf 87' lang='lat' dir='ltr'><strong>his</strong></span> <span class='ocrx_word' id='word_1_619' title='bbox 2300 4394 2443 4433; x_wconf 87' lang='lat' dir='ltr'><strong>anno</strong></span> <span class='ocrx_word' id='word_1_620' title='bbox 2464 4378 2569 4433; x_wconf 90' lang='lat' dir='ltr'><strong>hoc</strong></span> <span class='ocrx_word' id='word_1_621' title='bbox 2591 4378 2695 4432; x_wconf 71' lang='grc'><strong>416</strong></span> <span class='ocrx_word' id='word_1_622' title='bbox 2718 4378 2997 4447; x_wconf 83' lang='lat' dir='ltr'><strong>rescripsit</strong></span> <span class='ocrx_word' id='word_1_623' title='bbox 3018 4375 3358 4431; x_wconf 88' lang='lat' dir='ltr'><strong>Theodosius</strong></span> <span class='ocrx_word' id='word_1_624' title='bbox 3375 4374 3443 4427; x_wconf 90' lang='lat' dir='ltr'><strong>ad</strong></span> <span class='ocrx_word' id='word_1_625' title='bbox 3465 4372 3782 4427; x_wconf 86' lang='lat' dir='ltr'><strong>Monaxium</strong></span> 
     </span>
    </p>
   </div>
   <div class='ocr_carea' id='block_1_87' title="bbox 2193 4462 3779 4540">
    <p class='ocr_par' dir='ltr' id='par_1_87' title="bbox 2193 4462 3779 4540">
     <span class='ocr_line' id='line_1_87' title="bbox 2193 4462 3779 4540; baseline -0.006 -16"><span class='ocrx_word' id='word_1_626' title='bbox 2193 4469 2506 4540; x_wconf 68' lang='lat' dir='ltr'><strong>praefectum</strong></span> <span class='ocrx_word' id='word_1_627' title='bbox 2546 4470 2820 4538; x_wconf 65' lang='lat' dir='ltr'><strong>praetorio,</strong></span> <span class='ocrx_word' id='word_1_628' title='bbox 2869 4469 2906 4522; x_wconf 93' lang='lat' dir='ltr'><strong>l.</strong></span> <span class='ocrx_word' id='word_1_629' title='bbox 2956 4484 3081 4531; x_wconf 82' lang='lat' dir='ltr'><strong>xm,</strong></span> <span class='ocrx_word' id='word_1_630' title='bbox 3136 4467 3213 4522; x_wconf 90' lang='lat' dir='ltr'><strong>De</strong></span> <span class='ocrx_word' id='word_1_631' title='bbox 3243 4465 3412 4535; x_wconf 90' lang='lat' dir='ltr'><strong>episc.</strong></span> <span class='ocrx_word' id='word_1_632' title='bbox 3462 4474 3519 4518; x_wconf 86' lang='lat' dir='ltr'><strong>et</strong></span> <span class='ocrx_word' id='word_1_633' title='bbox 3566 4462 3779 4523; x_wconf 68' lang='lat' dir='ltr'><strong>cleric.,</strong></span> 
     </span>
    </p>
   </div>
   <div class='ocr_carea' id='block_1_88' title="bbox 570 4552 3776 4655">
    <p class='ocr_par' dir='ltr' id='par_1_88' title="bbox 570 4552 3776 4655">
     <span class='ocr_line' id='line_1_88' title="bbox 570 4552 3776 4655; baseline -0.004 -14"><span class='ocrx_word' id='word_1_634' title='bbox 570 4587 660 4641; x_wconf 60' lang='lat' dir='ltr'><strong>Si.</strong></span> <span class='ocrx_word' id='word_1_635' title='bbox 709 4606 726 4637; x_wconf 77' lang='grc' dir='ltr'><strong>σ</strong></span> <span class='ocrx_word' id='word_1_636' title='bbox 761 4587 956 4641; x_wconf 76' lang='lat' dir='ltr'><strong>Mulier</strong></span> <span class='ocrx_word' id='word_1_637' title='bbox 993 4585 1240 4655; x_wconf 57' lang='lat' dir='ltr'><strong>quadam</strong></span> <span class='ocrx_word' id='word_1_638' title='bbox 1285 4596 1407 4639; x_wconf 90' lang='lat' dir='ltr'><strong>erat</strong></span> <span class='ocrx_word' id='word_1_639' title='bbox 1452 4582 1810 4644; x_wconf 72' lang='lat' dir='ltr'><strong>Alcxandrim,</strong></span> <span class='ocrx_word' id='word_1_640' title='bbox 1856 4578 2082 4650; x_wconf 75' lang='lat' dir='ltr'><strong>Hypatio</strong></span> <span class='ocrx_word' id='word_1_641' title='bbox 2117 4568 2160 4624; x_wconf 78' lang='grc' dir='ltr'><strong>ι)</strong></span> <span class='ocrx_word' id='word_1_642' title='bbox 2186 4560 2320 4617; x_wconf 62' lang='grc' dir='ltr'><strong>(Ῑοάο</strong></span> <span class='ocrx_word' id='word_1_643' title='bbox 2348 4559 2913 4655; x_wconf 42' lang='lat' dir='ltr'><strong>TheOd-{thibens</strong></span> <span class='ocrx_word' id='word_1_644' title='bbox 2935 4576 3004 4615; x_wconf 69' lang='lat' dir='ltr'><strong>ne</strong></span> <span class='ocrx_word' id='word_1_645' title='bbox 3028 4558 3313 4655; x_wconf 54' lang='grc' dir='ltr'><strong>εοιξεείιιιη</strong></span> <span class='ocrx_word' id='word_1_646' title='bbox 3336 4552 3776 4655; x_wconf 48' lang='grc' dir='ltr'><strong>ξῙῙξιάεΧεθδθτθι</strong></span> 
     </span>
    </p>
   </div>
   <div class='ocr_carea' id='block_1_89' title="bbox 503 4669 2085 4747">
    <p class='ocr_par' dir='ltr' id='par_1_89' title="bbox 503 4669 2085 4747">
     <span class='ocr_line' id='line_1_89' title="bbox 503 4669 2085 4747; baseline -0.006 -17"><span class='ocrx_word' id='word_1_647' title='bbox 503 4688 717 4742; x_wconf 81' lang='lat' dir='ltr'><strong>vocata,</strong></span> <span class='ocrx_word' id='word_1_648' title='bbox 747 4677 854 4731; x_wconf 77' lang='lat' dir='ltr'><strong>lilia</strong></span> <span class='ocrx_word' id='word_1_649' title='bbox 880 4677 1121 4731; x_wconf 81' lang='lat' dir='ltr'><strong>Theonis</strong></span> <span class='ocrx_word' id='word_1_650' title='bbox 1157 4675 1487 4747; x_wconf 85' lang='lat' dir='ltr'><strong>philosophi.</strong></span> <span class='ocrx_word' id='word_1_651' title='bbox 1524 4676 1650 4729; x_wconf 70' lang='lat' dir='ltr'><strong>Hch</strong></span> <span class='ocrx_word' id='word_1_652' title='bbox 1680 4682 1860 4727; x_wconf 86' lang='lat' dir='ltr'><strong>tantos</strong></span> <span class='ocrx_word' id='word_1_653' title='bbox 1902 4671 1955 4723; x_wconf 87' lang='lat' dir='ltr'><strong>in</strong></span> <span class='ocrx_word' id='word_1_654' title='bbox 1994 4669 2085 4722; x_wconf 84' lang='lat' dir='ltr'><strong>lit-</strong></span> 
     </span>
    </p>
   </div>
   <div class='ocr_carea' id='block_1_90' title="bbox 504 4761 2086 4840">
    <p class='ocr_par' dir='ltr' id='par_1_90' title="bbox 504 4761 2086 4840">
     <span class='ocr_line' id='line_1_90' title="bbox 504 4761 2086 4840; baseline -0.006 -17"><span class='ocrx_word' id='word_1_655' title='bbox 504 4769 639 4824; x_wconf 89' lang='lat' dir='ltr'><strong>teris</strong></span> <span class='ocrx_word' id='word_1_656' title='bbox 659 4768 1142 4840; x_wconf 82' lang='lat' dir='ltr'><strong>fecitprogrcssus,</strong></span> <span class='ocrx_word' id='word_1_657' title='bbox 1170 4775 1230 4821; x_wconf 90' lang='lat' dir='ltr'><strong>ut</strong></span> <span class='ocrx_word' id='word_1_658' title='bbox 1252 4781 1441 4819; x_wconf 85' lang='lat' dir='ltr'><strong>omnes</strong></span> <span class='ocrx_word' id='word_1_659' title='bbox 1464 4764 1816 4834; x_wconf 82' lang='lat' dir='ltr'><strong>philosophos</strong></span> <span class='ocrx_word' id='word_1_660' title='bbox 1837 4761 1920 4816; x_wconf 90' lang='lat' dir='ltr'><strong>sui</strong></span> <span class='ocrx_word' id='word_1_661' title='bbox 1949 4768 2086 4814; x_wconf 88' lang='lat' dir='ltr'><strong>tem-</strong></span> 
     </span>
    </p>
   </div>
   <div class='ocr_carea' id='block_1_91' title="bbox 505 4851 2090 4933">
    <p class='ocr_par' dir='ltr' id='par_1_91' title="bbox 505 4851 2090 4933">
     <span class='ocr_line' id='line_1_91' title="bbox 505 4851 2090 4933; baseline -0.008 -17"><span class='ocrx_word' id='word_1_662' title='bbox 505 4862 655 4932; x_wconf 88' lang='lat' dir='ltr'><strong>poris</strong></span> <span class='ocrx_word' id='word_1_663' title='bbox 686 4861 843 4933; x_wconf 81' lang='lat' dir='ltr'><strong>longe</strong></span> <span class='ocrx_word' id='word_1_664' title='bbox 872 4869 1188 4931; x_wconf 91' lang='lat' dir='ltr'><strong>superaret:</strong></span> <span class='ocrx_word' id='word_1_665' title='bbox 1217 4874 1280 4913; x_wconf 90' lang='lat' dir='ltr'><strong>ac</strong></span> <span class='ocrx_word' id='word_1_666' title='bbox 1305 4873 1413 4913; x_wconf 90' lang='lat' dir='ltr'><strong>non</strong></span> <span class='ocrx_word' id='word_1_667' title='bbox 1442 4856 1604 4911; x_wconf 88' lang='lat' dir='ltr'><strong>modo</strong></span> <span class='ocrx_word' id='word_1_668' title='bbox 1629 4857 1681 4909; x_wconf 92' lang='lat' dir='ltr'><strong>in</strong></span> <span class='ocrx_word' id='word_1_669' title='bbox 1706 4854 1945 4909; x_wconf 89' lang='lat' dir='ltr'><strong>scholam</strong></span> <span class='ocrx_word' id='word_1_670' title='bbox 1971 4851 2090 4905; x_wconf 79' lang='lat' dir='ltr'><strong>Pla-</strong></span> 
     </span>
    </p>
   </div>
   <div class='ocr_carea' id='block_1_92' title="bbox 508 4946 2085 5019">
    <p class='ocr_par' dir='ltr' id='par_1_92' title="bbox 508 4946 2085 5019">
     <span class='ocr_line' id='line_1_92' title="bbox 508 4946 2085 5019; baseline -0.008 -12"><span class='ocrx_word' id='word_1_671' title='bbox 508 4951 773 5019; x_wconf 41' lang='lat' dir='ltr'><strong>tonicam,</strong></span> <span class='ocrx_word' id='word_1_672' title='bbox 814 4967 843 5015; x_wconf 70' lang='lat'><strong>8</strong></span> <span class='ocrx_word' id='word_1_673' title='bbox 892 4950 1107 5015; x_wconf 85' lang='lat' dir='ltr'><strong>Plotino</strong></span> <span class='ocrx_word' id='word_1_674' title='bbox 1154 4949 1473 5013; x_wconf 82' lang='lat' dir='ltr'><strong>deductam,</strong></span> <span class='ocrx_word' id='word_1_675' title='bbox 1518 4946 1863 5009; x_wconf 85' lang='lat' dir='ltr'><strong>succederet,</strong></span> <span class='ocrx_word' id='word_1_676' title='bbox 1898 4946 2085 4999; x_wconf 85' lang='lat' dir='ltr'><strong>verum</strong></span> 
     </span>
    </p>
   </div>
   <div class='ocr_carea' id='block_1_93' title="bbox 507 5036 2089 5112">
    <p class='ocr_par' dir='ltr' id='par_1_93' title="bbox 507 5036 2089 5112">
     <span class='ocr_line' id='line_1_93' title="bbox 507 5036 2089 5112; baseline -0.005 -16"><span class='ocrx_word' id='word_1_677' title='bbox 507 5043 673 5107; x_wconf 85' lang='lat' dir='ltr'><strong>etiam</strong></span> <span class='ocrx_word' id='word_1_678' title='bbox 707 5058 898 5097; x_wconf 83' lang='lat' dir='ltr'><strong>omnes</strong></span> <span class='ocrx_word' id='word_1_679' title='bbox 929 5041 1378 5112; x_wconf 81' lang='lat' dir='ltr'><strong>philosophorum</strong></span> <span class='ocrx_word' id='word_1_680' title='bbox 1417 5040 1661 5095; x_wconf 91' lang='lat' dir='ltr'><strong>omnium</strong></span> <span class='ocrx_word' id='word_1_681' title='bbox 1698 5036 2089 5108; x_wconf 65' lang='lat' dir='ltr'><strong>praeceptioncs</strong></span> 
     </span>
    </p>
   </div>
   <div class='ocr_carea' id='block_1_94' title="bbox 506 5128 2086 5202">
    <p class='ocr_par' dir='ltr' id='par_1_94' title="bbox 506 5128 2086 5202">
     <span class='ocr_line' id='line_1_94' title="bbox 506 5128 2086 5202; baseline -0.005 -14"><span class='ocrx_word' id='word_1_682' title='bbox 506 5143 565 5189; x_wconf 88' lang='lat' dir='ltr'><strong>et</strong></span> <span class='ocrx_word' id='word_1_683' title='bbox 595 5133 913 5202; x_wconf 88' lang='lat' dir='ltr'><strong>disciplinas</strong></span> <span class='ocrx_word' id='word_1_684' title='bbox 954 5134 1212 5187; x_wconf 78' lang='lat' dir='ltr'><strong>omnibus</strong></span> <span class='ocrx_word' id='word_1_685' title='bbox 1277 5132 1371 5201; x_wconf 79' lang='lat' dir='ltr'><strong>qui</strong></span> <span class='ocrx_word' id='word_1_686' title='bbox 1418 5146 1537 5185; x_wconf 88' lang='lat' dir='ltr'><strong>eam</strong></span> <span class='ocrx_word' id='word_1_687' title='bbox 1584 5129 1775 5185; x_wconf 89' lang='lat' dir='ltr'><strong>audire</strong></span> <span class='ocrx_word' id='word_1_688' title='bbox 1811 5128 2086 5187; x_wconf 81' lang='lat' dir='ltr'><strong>volebant,</strong></span> 
     </span>
    </p>
   </div>
   <div class='ocr_carea' id='block_1_95' title="bbox 506 5218 2089 5296">
    <p class='ocr_par' dir='ltr' id='par_1_95' title="bbox 506 5218 2089 5296">
     <span class='ocr_line' id='line_1_95' title="bbox 506 5218 2089 5296; baseline -0.003 -17"><span class='ocrx_word' id='word_1_689' title='bbox 506 5225 824 5296; x_wconf 85' lang='lat' dir='ltr'><strong>explicaret.</strong></span> <span class='ocrx_word' id='word_1_690' title='bbox 856 5223 1197 5295; x_wconf 83' lang='lat' dir='ltr'><strong>Quapropter</strong></span> <span class='ocrx_word' id='word_1_691' title='bbox 1221 5231 1491 5293; x_wconf 83' lang='lat' dir='ltr'><strong>quotquot</strong></span> <span class='ocrx_word' id='word_1_692' title='bbox 1519 5220 1876 5292; x_wconf 60' lang='lat' dir='ltr'><strong>philosophiae</strong></span> <span class='ocrx_word' id='word_1_693' title='bbox 1907 5218 2089 5274; x_wconf 90' lang='lat' dir='ltr'><strong>studio</strong></span> 
     </span>
    </p>
   </div>
   <div class='ocr_carea' id='block_1_96' title="bbox 510 5312 2091 5385">
    <p class='ocr_par' dir='ltr' id='par_1_96' title="bbox 510 5312 2091 5385">
     <span class='ocr_line' id='line_1_96' title="bbox 510 5312 2091 5385; baseline -0.007 -8"><span class='ocrx_word' id='word_1_694' title='bbox 510 5316 965 5381; x_wconf 80' lang='lat' dir='ltr'><strong>incendebantur,</strong></span> <span class='ocrx_word' id='word_1_695' title='bbox 987 5316 1230 5385; x_wconf 83' lang='lat' dir='ltr'><strong>undique</strong></span> <span class='ocrx_word' id='word_1_696' title='bbox 1254 5315 1319 5370; x_wconf 91' lang='lat' dir='ltr'><strong>ad</strong></span> <span class='ocrx_word' id='word_1_697' title='bbox 1352 5315 1498 5369; x_wconf 84' lang='lat' dir='ltr'><strong>illam</strong></span> <span class='ocrx_word' id='word_1_698' title='bbox 1531 5313 1897 5369; x_wconf 89' lang='lat' dir='ltr'><strong>conﬂuebant.</strong></span> <span class='ocrx_word' id='word_1_699' title='bbox 1922 5312 2091 5378; x_wconf 79' lang='lat' dir='ltr'><strong>Quin-</strong></span> 
     </span>
    </p>
   </div>
   <div class='ocr_carea' id='block_1_97' title="bbox 509 5404 2087 5478">
    <p class='ocr_par' dir='ltr' id='par_1_97' title="bbox 509 5404 2087 5478">
     <span class='ocr_line' id='line_1_97' title="bbox 509 5404 2087 5478; baseline -0.004 -14"><span class='ocrx_word' id='word_1_700' title='bbox 509 5409 675 5464; x_wconf 86' lang='lat' dir='ltr'><strong>etiam</strong></span> <span class='ocrx_word' id='word_1_701' title='bbox 697 5416 922 5478; x_wconf 87' lang='lat' dir='ltr'><strong>propter</strong></span> <span class='ocrx_word' id='word_1_702' title='bbox 951 5422 1169 5477; x_wconf 88' lang='lat' dir='ltr'><strong>gravem</strong></span> <span class='ocrx_word' id='word_1_703' title='bbox 1195 5406 1366 5461; x_wconf 88' lang='lat' dir='ltr'><strong>animi</strong></span> <span class='ocrx_word' id='word_1_704' title='bbox 1384 5405 1685 5469; x_wconf 82' lang='lat' dir='ltr'><strong>fidentiam,</strong></span> <span class='ocrx_word' id='word_1_705' title='bbox 1702 5420 1871 5476; x_wconf 89' lang='lat' dir='ltr'><strong>quam</strong></span> <span class='ocrx_word' id='word_1_706' title='bbox 1891 5420 1955 5459; x_wconf 83' lang='lat' dir='ltr'><strong>ex</strong></span> <span class='ocrx_word' id='word_1_707' title='bbox 1987 5404 2087 5458; x_wconf 87' lang='lat' dir='ltr'><strong>do-</strong></span> 
     </span>
    </p>
   </div>
   <div class='ocr_carea' id='block_1_98' title="bbox 510 5495 2087 5564">
    <p class='ocr_par' dir='ltr' id='par_1_98' title="bbox 510 5495 2087 5564">
     <span class='ocr_line' id='line_1_98' title="bbox 510 5495 2087 5564; baseline -0.002 -13"><span class='ocrx_word' id='word_1_708' title='bbox 510 5497 699 5553; x_wconf 66' lang='lat' dir='ltr'><strong>ctrinae</strong></span> <span class='ocrx_word' id='word_1_709' title='bbox 752 5496 997 5551; x_wconf 91' lang='lat' dir='ltr'><strong>fontibus</strong></span> <span class='ocrx_word' id='word_1_710' title='bbox 1048 5495 1341 5559; x_wconf 85' lang='lat' dir='ltr'><strong>hauserat,</strong></span> <span class='ocrx_word' id='word_1_711' title='bbox 1400 5497 1566 5550; x_wconf 87' lang='lat' dir='ltr'><strong>etiam</strong></span> <span class='ocrx_word' id='word_1_712' title='bbox 1622 5496 1675 5549; x_wconf 89' lang='lat' dir='ltr'><strong>in</strong></span> <span class='ocrx_word' id='word_1_713' title='bbox 1736 5504 2087 5564; x_wconf 88' lang='lat' dir='ltr'><strong>conspectum</strong></span> 
     </span>
    </p>
   </div>
   <div class='ocr_carea' id='block_1_99' title="bbox 510 5586 2089 5657">
    <p class='ocr_par' dir='ltr' id='par_1_99' title="bbox 510 5586 2089 5657">
     <span class='ocr_line' id='line_1_99' title="bbox 510 5586 2089 5657; baseline 0 -17"><span class='ocrx_word' id='word_1_714' title='bbox 510 5586 1067 5657; x_wconf 81' lang='lat' dir='ltr'><strong>principumsumma</strong></span> <span class='ocrx_word' id='word_1_715' title='bbox 1110 5601 1234 5641; x_wconf 92' lang='lat' dir='ltr'><strong>cum</strong></span> <span class='ocrx_word' id='word_1_716' title='bbox 1266 5587 1529 5641; x_wconf 87' lang='lat' dir='ltr'><strong>modestia</strong></span> <span class='ocrx_word' id='word_1_717' title='bbox 1562 5587 1749 5643; x_wconf 87' lang='lat' dir='ltr'><strong>venire</strong></span> <span class='ocrx_word' id='word_1_718' title='bbox 1785 5602 1894 5641; x_wconf 91' lang='lat' dir='ltr'><strong>non</strong></span> <span class='ocrx_word' id='word_1_719' title='bbox 1926 5586 2089 5641; x_wconf 91' lang='lat' dir='ltr'><strong>dubi-</strong></span> 
     </span>
    </p>
   </div>
   <div class='ocr_carea' id='block_1_100' title="bbox 512 5677 2089 5751">
    <p class='ocr_par' dir='ltr' id='par_1_100' title="bbox 512 5677 2089 5751">
     <span class='ocr_line' id='line_1_100' title="bbox 512 5677 2089 5751; baseline -0.001 -17"><span class='ocrx_word' id='word_1_720' title='bbox 512 5678 664 5734; x_wconf 84' lang='lat' dir='ltr'><strong>tavit.</strong></span> <span class='ocrx_word' id='word_1_721' title='bbox 692 5679 879 5750; x_wconf 84' lang='lat' dir='ltr'><strong>Neque</strong></span> <span class='ocrx_word' id='word_1_722' title='bbox 900 5680 1045 5741; x_wconf 86' lang='lat' dir='ltr'><strong>illam</strong></span> <span class='ocrx_word' id='word_1_723' title='bbox 1079 5680 1319 5751; x_wconf 88' lang='lat' dir='ltr'><strong>pudebat</strong></span> <span class='ocrx_word' id='word_1_724' title='bbox 1337 5678 1393 5733; x_wconf 89' lang='lat' dir='ltr'><strong>in</strong></span> <span class='ocrx_word' id='word_1_725' title='bbox 1413 5679 1645 5733; x_wconf 88' lang='lat' dir='ltr'><strong>mediam</strong></span> <span class='ocrx_word' id='word_1_726' title='bbox 1677 5679 1957 5733; x_wconf 90' lang='lat' dir='ltr'><strong>hominum</strong></span> <span class='ocrx_word' id='word_1_727' title='bbox 1982 5677 2089 5732; x_wconf 92' lang='lat' dir='ltr'><strong>fre-</strong></span> 
     </span>
    </p>
   </div>
   <div class='ocr_carea' id='block_1_101' title="bbox 412 5760 2089 5841">
    <p class='ocr_par' dir='ltr' id='par_1_101' title="bbox 412 5760 2089 5841">
     <span class='ocr_line' id='line_1_101' title="bbox 412 5760 2089 5841; baseline 0.001 -18"><span class='ocrx_word' id='word_1_728' title='bbox 412 5784 417 5789; x_wconf 63' lang='lat'><strong>‘</strong></span> <span class='ocrx_word' id='word_1_729' title='bbox 511 5760 788 5840; x_wconf 73' lang='lat' dir='ltr'><strong>quentiam</strong></span> <span class='ocrx_word' id='word_1_730' title='bbox 821 5771 1063 5841; x_wconf 81' lang='lat' dir='ltr'><strong>prodire.</strong></span> <span class='ocrx_word' id='word_1_731' title='bbox 1098 5769 1300 5827; x_wconf 84' lang='lat' dir='ltr'><strong>Omnes</strong></span> <span class='ocrx_word' id='word_1_732' title='bbox 1322 5769 1467 5825; x_wconf 91' lang='lat' dir='ltr'><strong>enim</strong></span> <span class='ocrx_word' id='word_1_733' title='bbox 1497 5785 1635 5834; x_wconf 86' lang='lat' dir='ltr'><strong>eam,</strong></span> <span class='ocrx_word' id='word_1_734' title='bbox 1667 5770 1738 5824; x_wconf 91' lang='lat' dir='ltr'><strong>ob</strong></span> <span class='ocrx_word' id='word_1_735' title='bbox 1764 5770 2089 5840; x_wconf 83' lang='lat' dir='ltr'><strong>singularem</strong></span> 
     </span>
    </p>
   </div>
   <div class='ocr_carea' id='block_1_102' title="bbox 510 5861 2091 5946">
    <p class='ocr_par' dir='ltr' id='par_1_102' title="bbox 510 5861 2091 5946">
     <span class='ocr_line' id='line_1_102' title="bbox 510 5861 2091 5946; baseline -0.001 -30"><span class='ocrx_word' id='word_1_736' title='bbox 510 5861 684 5930; x_wconf 67' lang='lat' dir='ltr'><strong>animi</strong></span> <span class='ocrx_word' id='word_1_737' title='bbox 727 5862 1174 5929; x_wconf 82' lang='lat' dir='ltr'><strong>moderationem,</strong></span> <span class='ocrx_word' id='word_1_738' title='bbox 1228 5876 1356 5923; x_wconf 86' lang='lat' dir='ltr'><strong>cum</strong></span> <span class='ocrx_word' id='word_1_739' title='bbox 1398 5861 1699 5917; x_wconf 85' lang='lat' dir='ltr'><strong>reverentia</strong></span> <span class='ocrx_word' id='word_1_740' title='bbox 1748 5862 1979 5946; x_wconf 87' lang='lat' dir='ltr'><strong>quadam</strong></span> <span class='ocrx_word' id='word_1_741' title='bbox 2036 5871 2091 5915; x_wconf 86' lang='lat' dir='ltr'><strong>et</strong></span> 
     </span>
    </p>
   </div>
   <div class='ocr_carea' id='block_1_103' title="bbox 2188 4646 3778 4721">
    <p class='ocr_par' dir='ltr' id='par_1_103' title="bbox 2188 4646 3778 4721">
     <span class='ocr_line' id='line_1_103' title="bbox 2188 4646 3778 4721; baseline -0.003 -15"><span class='ocrx_word' id='word_1_742' title='bbox 2188 4666 2481 4717; x_wconf 84' lang='lat' dir='ltr'><strong>numerum</strong></span> <span class='ocrx_word' id='word_1_743' title='bbox 2508 4650 2967 4721; x_wconf 77' lang='lat' dir='ltr'><strong>quingentorum;</strong></span> <span class='ocrx_word' id='word_1_744' title='bbox 2995 4648 3325 4718; x_wconf 85' lang='lat' dir='ltr'><strong>eosdemque</strong></span> <span class='ocrx_word' id='word_1_745' title='bbox 3342 4646 3544 4718; x_wconf 75' lang='lat' dir='ltr'><strong>iubens</strong></span> <span class='ocrx_word' id='word_1_746' title='bbox 3576 4659 3685 4699; x_wconf 92' lang='lat' dir='ltr'><strong>non</strong></span> <span class='ocrx_word' id='word_1_747' title='bbox 3706 4656 3778 4702; x_wconf 76' lang='lat' dir='ltr'><strong>ex</strong></span> 
     </span>
    </p>
   </div>
   <div class='ocr_carea' id='block_1_104' title="bbox 2188 4734 3773 4817">
    <p class='ocr_par' dir='ltr' id='par_1_104' title="bbox 2188 4734 3773 4817">
     <span class='ocr_line' id='line_1_104' title="bbox 2188 4734 3773 4817; baseline -0.006 -22"><span class='ocrx_word' id='word_1_748' title='bbox 2188 4741 2458 4796; x_wconf 88' lang='lat' dir='ltr'><strong>divitibus</strong></span> <span class='ocrx_word' id='word_1_749' title='bbox 2484 4740 2579 4795; x_wconf 90' lang='lat' dir='ltr'><strong>sed</strong></span> <span class='ocrx_word' id='word_1_750' title='bbox 2605 4740 2943 4817; x_wconf 87' lang='lat' dir='ltr'><strong>pauperibus</strong></span> <span class='ocrx_word' id='word_1_751' title='bbox 2976 4739 3111 4811; x_wconf 87' lang='lat' dir='ltr'><strong>legi;</strong></span> <span class='ocrx_word' id='word_1_752' title='bbox 3140 4753 3244 4793; x_wconf 91' lang='lat' dir='ltr'><strong>nec</strong></span> <span class='ocrx_word' id='word_1_753' title='bbox 3271 4737 3443 4791; x_wconf 92' lang='lat' dir='ltr'><strong>ullum</strong></span> <span class='ocrx_word' id='word_1_754' title='bbox 3482 4734 3634 4789; x_wconf 89' lang='lat' dir='ltr'><strong>adire</strong></span> <span class='ocrx_word' id='word_1_755' title='bbox 3667 4748 3773 4802; x_wconf 91' lang='lat' dir='ltr'><strong>pu-</strong></span> 
     </span>
    </p>
   </div>
   <div class='ocr_carea' id='block_1_105' title="bbox 2188 4822 3779 4904">
    <p class='ocr_par' dir='ltr' id='par_1_105' title="bbox 2188 4822 3779 4904">
     <span class='ocr_line' id='line_1_105' title="bbox 2188 4822 3779 4904; baseline -0.006 -11"><span class='ocrx_word' id='word_1_756' title='bbox 2188 4834 2391 4893; x_wconf 80' lang='lat' dir='ltr'><strong>blicum</strong></span> <span class='ocrx_word' id='word_1_757' title='bbox 2431 4834 2827 4904; x_wconf 86' lang='lat' dir='ltr'><strong>spectaculum,</strong></span> <span class='ocrx_word' id='word_1_758' title='bbox 2868 4840 2963 4893; x_wconf 78' lang='lat' dir='ltr'><strong>aut</strong></span> <span class='ocrx_word' id='word_1_759' title='bbox 2991 4831 3059 4885; x_wconf 89' lang='lat' dir='ltr'><strong>ad</strong></span> <span class='ocrx_word' id='word_1_760' title='bbox 3098 4831 3303 4885; x_wconf 88' lang='lat' dir='ltr'><strong>curiam</strong></span> <span class='ocrx_word' id='word_1_761' title='bbox 3348 4826 3629 4889; x_wconf 90' lang='lat' dir='ltr'><strong>accedere,</strong></span> <span class='ocrx_word' id='word_1_762' title='bbox 3668 4822 3779 4883; x_wconf 88' lang='lat' dir='ltr'><strong>nisi.</strong></span> 
     </span>
    </p>
   </div>
   <div class='ocr_carea' id='block_1_106' title="bbox 2188 4919 3760 4995">
    <p class='ocr_par' dir='ltr' id='par_1_106' title="bbox 2188 4919 3760 4995">
     <span class='ocr_line' id='line_1_106' title="bbox 2188 4919 3760 4995; baseline -0.004 -18"><span class='ocrx_word' id='word_1_763' title='bbox 2188 4923 2450 4993; x_wconf 90' lang='lat' dir='ltr'><strong>singulos,</strong></span> <span class='ocrx_word' id='word_1_764' title='bbox 2490 4934 2546 4977; x_wconf 92' lang='lat' dir='ltr'><strong>et</strong></span> <span class='ocrx_word' id='word_1_765' title='bbox 2580 4934 2806 4995; x_wconf 85' lang='lat' dir='ltr'><strong>urgente</strong></span> <span class='ocrx_word' id='word_1_766' title='bbox 2854 4922 3195 4983; x_wconf 86' lang='lat' dir='ltr'><strong>necessitate,</strong></span> <span class='ocrx_word' id='word_1_767' title='bbox 3245 4919 3543 4990; x_wconf 84' lang='lat' dir='ltr'><strong>Rescripsit</strong></span> <span class='ocrx_word' id='word_1_768' title='bbox 3578 4928 3760 4972; x_wconf 89' lang='lat' dir='ltr'><strong>tamen</strong></span> 
     </span>
    </p>
   </div>
   <div class='ocr_carea' id='block_1_107' title="bbox 2189 5012 3777 5087">
    <p class='ocr_par' dir='ltr' id='par_1_107' title="bbox 2189 5012 3777 5087">
     <span class='ocr_line' id='line_1_107' title="bbox 2189 5012 3777 5087; baseline -0.004 -17"><span class='ocrx_word' id='word_1_769' title='bbox 2189 5026 2378 5087; x_wconf 89' lang='lat' dir='ltr'><strong>postea</strong></span> <span class='ocrx_word' id='word_1_770' title='bbox 2399 5017 2438 5071; x_wconf 94' lang='lat' dir='ltr'><strong>l.</strong></span> <span class='ocrx_word' id='word_1_771' title='bbox 2468 5033 2618 5083; x_wconf 78' lang='lat' dir='ltr'><strong>mn,</strong></span> <span class='ocrx_word' id='word_1_772' title='bbox 2648 5017 2876 5081; x_wconf 89' lang='lat' dir='ltr'><strong>ibidem,</strong></span> <span class='ocrx_word' id='word_1_773' title='bbox 2900 5025 2961 5071; x_wconf 89' lang='lat' dir='ltr'><strong>ut</strong></span> <span class='ocrx_word' id='word_1_774' title='bbox 2986 5031 3182 5072; x_wconf 83' lang='lat' dir='ltr'><strong>eorum</strong></span> <span class='ocrx_word' id='word_1_775' title='bbox 3202 5022 3379 5070; x_wconf 66' lang='lat' dir='ltr'><strong>caatus</strong></span> <span class='ocrx_word' id='word_1_776' title='bbox 3395 5012 3462 5067; x_wconf 90' lang='lat' dir='ltr'><strong>ad</strong></span> <span class='ocrx_word' id='word_1_777' title='bbox 3486 5020 3777 5067; x_wconf 85' lang='lat' dir='ltr'><strong>sexcentos</strong></span> 
     </span>
    </p>
   </div>
   <div class='ocr_carea' id='block_1_108' title="bbox 2188 5102 3780 5180">
    <p class='ocr_par' dir='ltr' id='par_1_108' title="bbox 2188 5102 3780 5180">
     <span class='ocr_line' id='line_1_108' title="bbox 2188 5102 3780 5180; baseline -0.004 -16"><span class='ocrx_word' id='word_1_778' title='bbox 2188 5118 2378 5180; x_wconf 85' lang='lat' dir='ltr'><strong>posset</strong></span> <span class='ocrx_word' id='word_1_779' title='bbox 2406 5108 2751 5179; x_wconf 85' lang='lat' dir='ltr'><strong>amplificari,</strong></span> <span class='ocrx_word' id='word_1_780' title='bbox 2787 5110 2990 5179; x_wconf 91' lang='lat' dir='ltr'><strong>quibus</strong></span> <span class='ocrx_word' id='word_1_781' title='bbox 3018 5107 3075 5162; x_wconf 91' lang='lat' dir='ltr'><strong>in</strong></span> <span class='ocrx_word' id='word_1_782' title='bbox 3096 5106 3353 5161; x_wconf 88' lang='lat' dir='ltr'><strong>omnibus</strong></span> <span class='ocrx_word' id='word_1_783' title='bbox 3377 5112 3635 5175; x_wconf 82' lang='lat' dir='ltr'><strong>praeesset</strong></span> <span class='ocrx_word' id='word_1_784' title='bbox 3659 5102 3780 5171; x_wconf 82' lang='lat' dir='ltr'><strong>epi-.</strong></span> 
     </span>
    </p>
   </div>
   <div class='ocr_carea' id='block_1_109' title="bbox 2189 5192 3773 5270">
    <p class='ocr_par' dir='ltr' id='par_1_109' title="bbox 2189 5192 3773 5270">
     <span class='ocr_line' id='line_1_109' title="bbox 2189 5192 3773 5270; baseline -0.007 -13"><span class='ocrx_word' id='word_1_785' title='bbox 2189 5214 2389 5270; x_wconf 80' lang='lat' dir='ltr'><strong>scopas</strong></span> <span class='ocrx_word' id='word_1_786' title='bbox 2424 5200 2827 5258; x_wconf 84' lang='lat' dir='ltr'><strong>Alexandrinus</strong></span> <span class='ocrx_word' id='word_1_787' title='bbox 2845 5216 2864 5265; x_wconf 90' lang='lat'><strong>;-</strong></span> <span class='ocrx_word' id='word_1_788' title='bbox 2888 5212 3014 5252; x_wconf 91' lang='lat' dir='ltr'><strong>nam</strong></span> <span class='ocrx_word' id='word_1_789' title='bbox 3043 5208 3100 5252; x_wconf 92' lang='lat' dir='ltr'><strong>et</strong></span> <span class='ocrx_word' id='word_1_790' title='bbox 3118 5196 3348 5250; x_wconf 90' lang='lat' dir='ltr'><strong>clericos</strong></span> <span class='ocrx_word' id='word_1_791' title='bbox 3378 5195 3613 5265; x_wconf 90' lang='lat' dir='ltr'><strong>appellat</strong></span> <span class='ocrx_word' id='word_1_792' title='bbox 3640 5211 3653 5246; x_wconf 92' lang='lat'>:</span> <span class='ocrx_word' id='word_1_793' title='bbox 3677 5192 3773 5246; x_wconf 89' lang='lat' dir='ltr'><strong>sed</strong></span> 
     </span>
    </p>
   </div>
   <div class='ocr_carea' id='block_1_110' title="bbox 2190 5284 3776 5361">
    <p class='ocr_par' dir='ltr' id='par_1_110' title="bbox 2190 5284 3776 5361">
     <span class='ocr_line' id='line_1_110' title="bbox 2190 5284 3776 5361; baseline -0.009 -10"><span class='ocrx_word' id='word_1_794' title='bbox 2190 5292 2427 5351; x_wconf 79' lang='lat' dir='ltr'><strong>minoris.</strong></span> <span class='ocrx_word' id='word_1_795' title='bbox 2448 5292 2657 5347; x_wconf 81' lang='lat' dir='ltr'><strong>ordinis</strong></span> <span class='ocrx_word' id='word_1_796' title='bbox 2683 5292 3076 5361; x_wconf 87' lang='lat' dir='ltr'><strong>interpretatur</strong></span> <span class='ocrx_word' id='word_1_797' title='bbox 3105 5288 3369 5343; x_wconf 87' lang='lat' dir='ltr'><strong>Baronius</strong></span> <span class='ocrx_word' id='word_1_798' title='bbox 3392 5303 3480 5341; x_wconf 88' lang='lat' dir='ltr'><strong>an.</strong></span> <span class='ocrx_word' id='word_1_799' title='bbox 3502 5285 3637 5340; x_wconf 91' lang='lat' dir='ltr'><strong>Chr.</strong></span> <span class='ocrx_word' id='word_1_800' title='bbox 3668 5284 3776 5337; x_wconf 75' lang='grc'><strong>416</strong></span> 
     </span>
    </p>
   </div>
   <div class='ocr_carea' id='block_1_111' title="bbox 2191 5375 3776 5450">
    <p class='ocr_par' dir='ltr' id='par_1_111' title="bbox 2191 5375 3776 5450">
     <span class='ocr_line' id='line_1_111' title="bbox 2191 5375 3776 5450; baseline -0.006 -9"><span class='ocrx_word' id='word_1_801' title='bbox 2191 5384 2246 5441; x_wconf 81' lang='lat' dir='ltr'><strong>in</strong></span> <span class='ocrx_word' id='word_1_802' title='bbox 2287 5382 2422 5449; x_wconf 53' lang='lat' dir='ltr'><strong>line,</strong></span> <span class='ocrx_word' id='word_1_803' title='bbox 2458 5383 2576 5438; x_wconf 83' lang='lat' dir='ltr'><strong>Huc</strong></span> <span class='ocrx_word' id='word_1_804' title='bbox 2612 5382 2831 5437; x_wconf 86' lang='lat' dir='ltr'><strong>videtur</strong></span> <span class='ocrx_word' id='word_1_805' title='bbox 2864 5380 3170 5450; x_wconf 87' lang='lat' dir='ltr'><strong>respexisse</strong></span> <span class='ocrx_word' id='word_1_806' title='bbox 3210 5378 3451 5432; x_wconf 85' lang='lat' dir='ltr'><strong>Isidorus</strong></span> <span class='ocrx_word' id='word_1_807' title='bbox 3498 5375 3776 5431; x_wconf 77' lang='lat' dir='ltr'><strong>Pelusiota</strong></span> 
     </span>
    </p>
   </div>
   <div class='ocr_carea' id='block_1_112' title="bbox 2189 5465 3774 5544">
    <p class='ocr_par' dir='ltr' id='par_1_112' title="bbox 2189 5465 3774 5544">
     <span class='ocr_line' id='line_1_112' title="bbox 2189 5465 3774 5544; baseline -0.007 -16"><span class='ocrx_word' id='word_1_808' title='bbox 2189 5474 2294 5538; x_wconf 67' lang='lat' dir='ltr'><strong>lib,</strong></span> <span class='ocrx_word' id='word_1_809' title='bbox 2320 5490 2373 5538; x_wconf 86' lang='lat' dir='ltr'><strong>v,</strong></span> <span class='ocrx_word' id='word_1_810' title='bbox 2402 5474 2564 5544; x_wconf 80' lang='lat' dir='ltr'><strong>epist,</strong></span> <span class='ocrx_word' id='word_1_811' title='bbox 2592 5473 2717 5538; x_wconf 71' lang='grc'><strong>268,</strong></span> <span class='ocrx_word' id='word_1_812' title='bbox 2740 5472 2823 5535; x_wconf 68' lang='lat' dir='ltr'><strong>Ad</strong></span> <span class='ocrx_word' id='word_1_813' title='bbox 2844 5470 2902 5532; x_wconf 75' lang='lat' dir='ltr'><strong>S.</strong></span> <span class='ocrx_word' id='word_1_814' title='bbox 2931 5470 3210 5541; x_wconf 74' lang='lat' dir='ltr'><strong>Cyrillum,</strong></span> <span class='ocrx_word' id='word_1_815' title='bbox 3232 5478 3290 5524; x_wconf 85' lang='lat' dir='ltr'><strong>et</strong></span> <span class='ocrx_word' id='word_1_816' title='bbox 3322 5469 3482 5538; x_wconf 85' lang='lat' dir='ltr'><strong>epist.</strong></span> <span class='ocrx_word' id='word_1_817' title='bbox 3524 5466 3649 5529; x_wconf 73' lang='grc'><strong>278,</strong></span> <span class='ocrx_word' id='word_1_818' title='bbox 3689 5465 3774 5519; x_wconf 75' lang='lat' dir='ltr'><strong>Ad</strong></span> 
     </span>
    </p>
   </div>
   <div class='ocr_carea' id='block_1_113' title="bbox 2190 5558 3773 5635">
    <p class='ocr_par' dir='ltr' id='par_1_113' title="bbox 2190 5558 3773 5635">
     <span class='ocr_line' id='line_1_113' title="bbox 2190 5558 3773 5635; baseline -0.009 -14"><span class='ocrx_word' id='word_1_819' title='bbox 2190 5565 2427 5630; x_wconf 84' lang='lat' dir='ltr'><strong>Petrum,</strong></span> <span class='ocrx_word' id='word_1_820' title='bbox 2467 5566 2747 5635; x_wconf 90' lang='lat' dir='ltr'><strong>disputans</strong></span> <span class='ocrx_word' id='word_1_821' title='bbox 2775 5580 2846 5619; x_wconf 84' lang='lat' dir='ltr'><strong>an</strong></span> <span class='ocrx_word' id='word_1_822' title='bbox 2876 5563 3022 5634; x_wconf 86' lang='lat' dir='ltr'><strong>regia</strong></span> <span class='ocrx_word' id='word_1_823' title='bbox 3054 5569 3295 5632; x_wconf 88' lang='lat' dir='ltr'><strong>potestas</strong></span> <span class='ocrx_word' id='word_1_824' title='bbox 3345 5560 3552 5614; x_wconf 88' lang='lat' dir='ltr'><strong>clerum</strong></span> <span class='ocrx_word' id='word_1_825' title='bbox 3589 5558 3643 5617; x_wconf 86' lang='lat' dir='ltr'><strong>in</strong></span> <span class='ocrx_word' id='word_1_826' title='bbox 3676 5570 3773 5610; x_wconf 74' lang='lat' dir='ltr'><strong>or-</strong></span> 
     </span>
    </p>
   </div>
   <div class='ocr_carea' id='block_1_114' title="bbox 2192 5654 2854 5726">
    <p class='ocr_par' dir='ltr' id='par_1_114' title="bbox 2192 5654 2854 5726">
     <span class='ocr_line' id='line_1_114' title="bbox 2192 5654 2854 5726; baseline -0.006 -14"><span class='ocrx_word' id='word_1_827' title='bbox 2192 5657 2374 5713; x_wconf 91' lang='lat' dir='ltr'><strong>dinem</strong></span> <span class='ocrx_word' id='word_1_828' title='bbox 2394 5655 2638 5726; x_wconf 86' lang='lat' dir='ltr'><strong>redigere</strong></span> <span class='ocrx_word' id='word_1_829' title='bbox 2667 5654 2854 5725; x_wconf 90' lang='lat' dir='ltr'><strong>possit.</strong></span> 
     </span>
    </p>
   </div>
   <div class='ocr_carea' id='block_1_115' title="bbox 2261 5752 3774 5838">
    <p class='ocr_par' dir='ltr' id='par_1_115' title="bbox 2261 5752 3774 5838">
     <span class='ocr_line' id='line_1_115' title="bbox 2261 5752 3774 5838; baseline -0.009 -15"><span class='ocrx_word' id='word_1_830' title='bbox 2261 5768 2351 5823; x_wconf 75' lang='lat'><strong>29.</strong></span> <span class='ocrx_word' id='word_1_831' title='bbox 2403 5766 2735 5838; x_wconf 84' lang='lat' dir='ltr'><strong>Subjicimus</strong></span> <span class='ocrx_word' id='word_1_832' title='bbox 2795 5780 2917 5838; x_wconf 68' lang='lat' dir='ltr'><strong>qum</strong></span> <span class='ocrx_word' id='word_1_833' title='bbox 2973 5766 3028 5820; x_wconf 88' lang='lat' dir='ltr'><strong>in</strong></span> <span class='ocrx_word' id='word_1_834' title='bbox 3084 5752 3388 5820; x_wconf 88' lang='lat' dir='ltr'><strong>revocando</strong></span> <span class='ocrx_word' id='word_1_835' title='bbox 3442 5758 3774 5814; x_wconf 87' lang='lat' dir='ltr'><strong>anachoreta</strong></span> 
     </span>
    </p>
   </div>
   <div class='ocr_carea' id='block_1_116' title="bbox 2193 5846 3778 5930">
    <p class='ocr_par' dir='ltr' id='par_1_116' title="bbox 2193 5846 3778 5930">
     <span class='ocr_line' id='line_1_116' title="bbox 2193 5846 3778 5930; baseline -0.008 -18"><span class='ocrx_word' id='word_1_836' title='bbox 2193 5858 2448 5930; x_wconf 90' lang='lat' dir='ltr'><strong>quodam,</strong></span> <span class='ocrx_word' id='word_1_837' title='bbox 2482 5856 2601 5911; x_wconf 91' lang='lat' dir='ltr'><strong>viro</strong></span> <span class='ocrx_word' id='word_1_838' title='bbox 2644 5862 2852 5920; x_wconf 86' lang='lat' dir='ltr'><strong>sancto,</strong></span> <span class='ocrx_word' id='word_1_839' title='bbox 2899 5854 2994 5910; x_wconf 89' lang='lat' dir='ltr'><strong>sed</strong></span> <span class='ocrx_word' id='word_1_840' title='bbox 3034 5853 3103 5908; x_wconf 89' lang='lat' dir='ltr'><strong>ad</strong></span> <span class='ocrx_word' id='word_1_841' title='bbox 3139 5850 3385 5908; x_wconf 66' lang='lat' dir='ltr'><strong>heresim</strong></span> <span class='ocrx_word' id='word_1_842' title='bbox 3431 5846 3778 5919; x_wconf 61' lang='lat' dir='ltr'><strong>prohibente,</strong></span> 
     </span>
    </p>
   </div>
  </div>
