  <div class='ocr_page' id='page_1' title='image "/cluster/home/n/w/nwhite01/storage/ocr_20150623/68/hvd.32044019207851/018.png"; bbox 0 0 4154 6490; ppageno 0'>
   <div class='ocr_carea' id='block_1_1' title="bbox 326 390 1895 471">
    <p class='ocr_par' dir='ltr' id='par_1_1' title="bbox 326 390 1895 454">
     <span class='ocr_line' id='line_1_1' title="bbox 326 390 1895 454; baseline 0.004 -7"><span class='ocrx_word' id='word_1_1' title='bbox 326 390 391 447; x_wconf 74' lang='grc'><strong>21</strong></span> <span class='ocrx_word' id='word_1_2' title='bbox 1678 400 1733 454; x_wconf 81' lang='lat' dir='ltr'><strong>S.</strong></span> <span class='ocrx_word' id='word_1_3' title='bbox 1778 396 1895 454; x_wconf 67' lang='grc' dir='ltr'><strong>ΟΥΕ</strong></span> 
     </span>
    </p>
   </div>
   <div class='ocr_carea' id='block_1_2' title="bbox 1998 390 3607 471">
    <p class='ocr_par' dir='ltr' id='par_1_2' title="bbox 1998 398 3607 471">
     <span class='ocr_line' id='line_1_2' title="bbox 1998 398 3607 471; baseline 0.001 -19"><span class='ocrx_word' id='word_1_4' title='bbox 1998 398 2053 453; x_wconf 85' lang='lat' dir='ltr'><strong>Ll</strong></span> <span class='ocrx_word' id='word_1_5' title='bbox 2092 398 2270 471; x_wconf 67' lang='lat' dir='ltr'><strong>Vm.</strong></span> <span class='ocrx_word' id='word_1_6' title='bbox 3536 402 3607 454; x_wconf 71' lang='lat' dir='ltr'><strong>as</strong></span> 
     </span>
    </p>
   </div>
   <div class='ocr_carea' id='block_1_3' title="bbox 328 506 3603 586">
    <p class='ocr_par' dir='ltr' id='par_1_3' title="bbox 328 506 3603 586">
     <span class='ocr_line' id='line_1_3' title="bbox 328 506 3603 586; baseline 0.003 -26"><span class='ocrx_word' id='word_1_7' title='bbox 328 506 630 577; x_wconf 83' lang='lat' dir='ltr'><strong>prudenter</strong></span> <span class='ocrx_word' id='word_1_8' title='bbox 669 509 925 581; x_wconf 77' lang='lat' dir='ltr'><strong>aCyrillo</strong></span> <span class='ocrx_word' id='word_1_9' title='bbox 946 522 1097 582; x_wconf 84' lang='lat' dir='ltr'><strong>gesta</strong></span> <span class='ocrx_word' id='word_1_10' title='bbox 1119 511 1455 579; x_wconf 85' lang='lat' dir='ltr'><strong>referuntur,</strong></span> <span class='ocrx_word' id='word_1_11' title='bbox 1497 514 1651 569; x_wconf 89' lang='lat' dir='ltr'><strong>lib.v</strong></span> <span class='ocrx_word' id='word_1_12' title='bbox 1691 513 1769 569; x_wconf 83' lang='lat' dir='ltr'><strong>De</strong></span> <span class='ocrx_word' id='word_1_13' title='bbox 1790 516 1906 569; x_wconf 75' lang='lat' dir='ltr'><strong>vitis</strong></span> <span class='ocrx_word' id='word_1_14' title='bbox 1939 515 2369 584; x_wconf 86' lang='lat' dir='ltr'><strong>ANicephorus,</strong></span> <span class='ocrx_word' id='word_1_15' title='bbox 2434 515 2529 569; x_wconf 85' lang='lat' dir='ltr'><strong>lib.</strong></span> <span class='ocrx_word' id='word_1_16' title='bbox 2597 531 2704 579; x_wconf 78' lang='lat' dir='ltr'><strong>xlv,</strong></span> <span class='ocrx_word' id='word_1_17' title='bbox 2766 531 2885 586; x_wconf 83' lang='lat' dir='ltr'><strong>cap.</strong></span> <span class='ocrx_word' id='word_1_18' title='bbox 2941 516 3011 571; x_wconf 73' lang='lat'><strong>25</strong></span> <span class='ocrx_word' id='word_1_19' title='bbox 3070 525 3126 570; x_wconf 92' lang='lat' dir='ltr'><strong>et</strong></span> <span class='ocrx_word' id='word_1_20' title='bbox 3177 517 3536 586; x_wconf 70' lang='lat' dir='ltr'><strong>sequentibus</strong></span> <span class='ocrx_word' id='word_1_21' title='bbox 3589 533 3603 569; x_wconf 90' lang='lat'><strong>:</strong></span> 
     </span>
    </p>
   </div>
   <div class='ocr_carea' id='block_1_4' title="bbox 326 598 1914 665">
    <p class='ocr_par' dir='ltr' id='par_1_4' title="bbox 326 598 1914 665">
     <span class='ocr_line' id='line_1_4' title="bbox 326 598 1914 665; baseline 0.006 -14"><span class='ocrx_word' id='word_1_22' title='bbox 326 598 573 663; x_wconf 77' lang='lat' dir='ltr'><strong>Patrum,</strong></span> <span class='ocrx_word' id='word_1_23' title='bbox 604 600 793 656; x_wconf 89' lang='lat' dir='ltr'><strong>libello</strong></span> <span class='ocrx_word' id='word_1_24' title='bbox 820 602 905 665; x_wconf 88' lang='lat' dir='ltr'><strong>l8,</strong></span> <span class='ocrx_word' id='word_1_25' title='bbox 937 618 1088 656; x_wconf 91' lang='lat' dir='ltr'><strong>num.</strong></span> <span class='ocrx_word' id='word_1_26' title='bbox 1118 604 1170 657; x_wconf 77' lang='grc'><strong>4.</strong></span> <span class='ocrx_word' id='word_1_27' title='bbox 1202 622 1221 653; x_wconf 83' lang='grc'><strong>‹</strong></span> <span class='ocrx_word' id='word_1_28' title='bbox 1246 603 1429 660; x_wconf 80' lang='lat' dir='ltr'><strong>Abbas</strong></span> <span class='ocrx_word' id='word_1_29' title='bbox 1450 605 1637 660; x_wconf 79' lang='lat' dir='ltr'><strong>Daniel</strong></span> <span class='ocrx_word' id='word_1_30' title='bbox 1670 604 1914 660; x_wconf 85' lang='lat' dir='ltr'><strong>narravit</strong></span> 
     </span>
    </p>
   </div>
   <div class='ocr_carea' id='block_1_5' title="bbox 325 690 1910 765">
    <p class='ocr_par' dir='ltr' id='par_1_5' title="bbox 325 690 1910 765">
     <span class='ocr_line' id='line_1_5' title="bbox 325 690 1910 765; baseline 0.003 -21"><span class='ocrx_word' id='word_1_31' title='bbox 325 690 393 745; x_wconf 83' lang='lat' dir='ltr'><strong>de</strong></span> <span class='ocrx_word' id='word_1_32' title='bbox 431 690 539 745; x_wconf 85' lang='lat' dir='ltr'><strong>alio</strong></span> <span class='ocrx_word' id='word_1_33' title='bbox 565 708 697 747; x_wconf 86' lang='lat' dir='ltr'><strong>sene</strong></span> <span class='ocrx_word' id='word_1_34' title='bbox 730 708 947 765; x_wconf 90' lang='lat' dir='ltr'><strong>magno,</strong></span> <span class='ocrx_word' id='word_1_35' title='bbox 971 695 1063 764; x_wconf 90' lang='lat' dir='ltr'><strong>qui</strong></span> <span class='ocrx_word' id='word_1_36' title='bbox 1095 695 1375 752; x_wconf 87' lang='lat' dir='ltr'><strong>habitabat</strong></span> <span class='ocrx_word' id='word_1_37' title='bbox 1400 696 1457 751; x_wconf 89' lang='lat' dir='ltr'><strong>in</strong></span> <span class='ocrx_word' id='word_1_38' title='bbox 1477 696 1765 752; x_wconf 87' lang='lat' dir='ltr'><strong>inferiores</strong></span> <span class='ocrx_word' id='word_1_39' title='bbox 1783 710 1910 765; x_wconf 84' lang='lat' dir='ltr'><strong>par-</strong></span> 
     </span>
    </p>
   </div>
   <div class='ocr_carea' id='block_1_6' title="bbox 325 782 1911 861">
    <p class='ocr_par' dir='ltr' id='par_1_6' title="bbox 325 782 1911 861">
     <span class='ocr_line' id='line_1_6' title="bbox 325 782 1911 861; baseline 0.006 -25"><span class='ocrx_word' id='word_1_40' title='bbox 325 792 406 837; x_wconf 87' lang='lat' dir='ltr'><strong>tes</strong></span> <span class='ocrx_word' id='word_1_41' title='bbox 451 782 688 855; x_wconf 67' lang='lat' dir='ltr'><strong>Egypti,</strong></span> <span class='ocrx_word' id='word_1_42' title='bbox 735 786 865 855; x_wconf 85' lang='lat' dir='ltr'><strong>quia</strong></span> <span class='ocrx_word' id='word_1_43' title='bbox 907 787 1118 843; x_wconf 90' lang='lat' dir='ltr'><strong>diceret</strong></span> <span class='ocrx_word' id='word_1_44' title='bbox 1164 805 1262 859; x_wconf 88' lang='lat' dir='ltr'><strong>per</strong></span> <span class='ocrx_word' id='word_1_45' title='bbox 1299 790 1722 861; x_wconf 67' lang='lat' dir='ltr'><strong>simplicitatem,</strong></span> <span class='ocrx_word' id='word_1_46' title='bbox 1763 790 1911 861; x_wconf 90' lang='lat' dir='ltr'><strong>quod</strong></span> 
     </span>
    </p>
   </div>
   <div class='ocr_carea' id='block_1_7' title="bbox 323 868 1909 949">
    <p class='ocr_par' dir='ltr' id='par_1_7' title="bbox 323 868 1909 949">
     <span class='ocr_line' id='line_1_7' title="bbox 323 868 1909 949; baseline 0.008 -21"><span class='ocrx_word' id='word_1_47' title='bbox 323 874 719 931; x_wconf 73' lang='lat' dir='ltr'><strong>Melchisedech</strong></span> <span class='ocrx_word' id='word_1_48' title='bbox 761 879 876 949; x_wconf 87' lang='lat' dir='ltr'><strong>ipse</strong></span> <span class='ocrx_word' id='word_1_49' title='bbox 902 888 984 935; x_wconf 87' lang='lat' dir='ltr'><strong>est</strong></span> <span class='ocrx_word' id='word_1_50' title='bbox 1011 880 1155 937; x_wconf 83' lang='lat' dir='ltr'><strong>ﬁlius</strong></span> <span class='ocrx_word' id='word_1_51' title='bbox 1184 884 1300 940; x_wconf 86' lang='lat' dir='ltr'><strong>Dei.</strong></span> <span class='ocrx_word' id='word_1_52' title='bbox 1336 884 1452 939; x_wconf 90' lang='lat' dir='ltr'><strong>Hoc</strong></span> <span class='ocrx_word' id='word_1_53' title='bbox 1487 894 1671 941; x_wconf 87' lang='lat' dir='ltr'><strong>autem</strong></span> <span class='ocrx_word' id='word_1_54' title='bbox 1701 868 1909 940; x_wconf 86' lang='lat' dir='ltr'><strong>indica-</strong></span> 
     </span>
    </p>
   </div>
   <div class='ocr_carea' id='block_1_8' title="bbox 323 973 1910 1048">
    <p class='ocr_par' dir='ltr' id='par_1_8' title="bbox 323 973 1910 1048">
     <span class='ocr_line' id='line_1_8' title="bbox 323 973 1910 1048; baseline 0.009 -30"><span class='ocrx_word' id='word_1_55' title='bbox 323 973 439 1020; x_wconf 87' lang='lat' dir='ltr'><strong>tum</strong></span> <span class='ocrx_word' id='word_1_56' title='bbox 497 977 583 1022; x_wconf 89' lang='lat' dir='ltr'><strong>est</strong></span> <span class='ocrx_word' id='word_1_57' title='bbox 640 978 842 1025; x_wconf 73' lang='lat' dir='ltr'><strong>sancta:</strong></span> <span class='ocrx_word' id='word_1_58' title='bbox 904 973 1182 1029; x_wconf 69' lang='lat' dir='ltr'><strong>memoria:</strong></span> <span class='ocrx_word' id='word_1_59' title='bbox 1235 974 1438 1048; x_wconf 83' lang='lat' dir='ltr'><strong>Cyrillo</strong></span> <span class='ocrx_word' id='word_1_60' title='bbox 1500 976 1910 1046; x_wconf 82' lang='lat' dir='ltr'><strong>archiepiscopo</strong></span> 
     </span>
    </p>
   </div>
   <div class='ocr_carea' id='block_1_9' title="bbox 321 1057 1909 1138">
    <p class='ocr_par' dir='ltr' id='par_1_9' title="bbox 321 1057 1909 1138">
     <span class='ocr_line' id='line_1_9' title="bbox 321 1057 1909 1138; baseline 0.005 -23"><span class='ocrx_word' id='word_1_61' title='bbox 321 1057 710 1126; x_wconf 64' lang='lat' dir='ltr'><strong>Alexandrino,</strong></span> <span class='ocrx_word' id='word_1_62' title='bbox 743 1073 797 1118; x_wconf 93' lang='lat' dir='ltr'><strong>et</strong></span> <span class='ocrx_word' id='word_1_63' title='bbox 830 1064 978 1120; x_wconf 90' lang='lat' dir='ltr'><strong>misit</strong></span> <span class='ocrx_word' id='word_1_64' title='bbox 1019 1067 1084 1120; x_wconf 88' lang='lat' dir='ltr'><strong>ad</strong></span> <span class='ocrx_word' id='word_1_65' title='bbox 1131 1082 1278 1122; x_wconf 89' lang='lat' dir='ltr'><strong>cum.</strong></span> <span class='ocrx_word' id='word_1_66' title='bbox 1327 1067 1518 1125; x_wconf 87' lang='lat' dir='ltr'><strong>Sciens</strong></span> <span class='ocrx_word' id='word_1_67' title='bbox 1549 1078 1730 1124; x_wconf 90' lang='lat' dir='ltr'><strong>autem</strong></span> <span class='ocrx_word' id='word_1_68' title='bbox 1780 1068 1909 1138; x_wconf 83' lang='lat' dir='ltr'><strong>quia</strong></span> 
     </span>
    </p>
   </div>
   <div class='ocr_carea' id='block_1_10' title="bbox 319 1149 1909 1229">
    <p class='ocr_par' dir='ltr' id='par_1_10' title="bbox 319 1149 1909 1229">
     <span class='ocr_line' id='line_1_10' title="bbox 319 1149 1909 1229; baseline 0.008 -27"><span class='ocrx_word' id='word_1_69' title='bbox 319 1149 546 1218; x_wconf 76' lang='lat' dir='ltr'><strong>signifer</strong></span> <span class='ocrx_word' id='word_1_70' title='bbox 565 1161 715 1207; x_wconf 83' lang='lat' dir='ltr'><strong>esset</strong></span> <span class='ocrx_word' id='word_1_71' title='bbox 750 1153 840 1208; x_wconf 92' lang='lat' dir='ltr'><strong>ille</strong></span> <span class='ocrx_word' id='word_1_72' title='bbox 872 1170 1057 1219; x_wconf 83' lang='lat' dir='ltr'><strong>senex,</strong></span> <span class='ocrx_word' id='word_1_73' title='bbox 1100 1166 1154 1211; x_wconf 91' lang='lat' dir='ltr'><strong>ct</strong></span> <span class='ocrx_word' id='word_1_74' title='bbox 1190 1157 1458 1229; x_wconf 83' lang='lat' dir='ltr'><strong>quidquid</strong></span> <span class='ocrx_word' id='word_1_75' title='bbox 1504 1168 1717 1229; x_wconf 86' lang='lat' dir='ltr'><strong>peteret</strong></span> <span class='ocrx_word' id='word_1_76' title='bbox 1741 1174 1771 1213; x_wconf 91' lang='lat' dir='ltr'><strong>a</strong></span> <span class='ocrx_word' id='word_1_77' title='bbox 1796 1159 1909 1213; x_wconf 90' lang='lat' dir='ltr'><strong>Deo</strong></span> 
     </span>
    </p>
   </div>
   <div class='ocr_carea' id='block_1_11' title="bbox 320 1238 1905 1315">
    <p class='ocr_par' dir='ltr' id='par_1_11' title="bbox 320 1238 1905 1315">
     <span class='ocr_line' id='line_1_11' title="bbox 320 1238 1905 1315; baseline 0.008 -24"><span class='ocrx_word' id='word_1_78' title='bbox 320 1238 670 1294; x_wconf 88' lang='lat' dir='ltr'><strong>revelabatur</strong></span> <span class='ocrx_word' id='word_1_79' title='bbox 702 1241 777 1307; x_wconf 92' lang='lat' dir='ltr'><strong>ei,</strong></span> <span class='ocrx_word' id='word_1_80' title='bbox 813 1253 868 1297; x_wconf 90' lang='lat' dir='ltr'><strong>et</strong></span> <span class='ocrx_word' id='word_1_81' title='bbox 888 1244 1015 1313; x_wconf 86' lang='lat' dir='ltr'><strong>quia</strong></span> <span class='ocrx_word' id='word_1_82' title='bbox 1044 1245 1369 1315; x_wconf 82' lang='lat' dir='ltr'><strong>simpliciter</strong></span> <span class='ocrx_word' id='word_1_83' title='bbox 1395 1247 1604 1303; x_wconf 83' lang='lat' dir='ltr'><strong>diceret</strong></span> <span class='ocrx_word' id='word_1_84' title='bbox 1644 1249 1748 1303; x_wconf 93' lang='lat' dir='ltr'><strong>hoc</strong></span> <span class='ocrx_word' id='word_1_85' title='bbox 1778 1264 1905 1303; x_wconf 89' lang='lat' dir='ltr'><strong>ver-</strong></span> 
     </span>
    </p>
   </div>
   <div class='ocr_carea' id='block_1_12' title="bbox 317 1327 1903 1405">
    <p class='ocr_par' dir='ltr' id='par_1_12' title="bbox 317 1327 1903 1405">
     <span class='ocr_line' id='line_1_12' title="bbox 317 1327 1903 1405; baseline 0.009 -24"><span class='ocrx_word' id='word_1_86' title='bbox 317 1327 471 1393; x_wconf 87' lang='lat' dir='ltr'><strong>bum,</strong></span> <span class='ocrx_word' id='word_1_87' title='bbox 511 1346 644 1386; x_wconf 88' lang='lat' dir='ltr'><strong>usus</strong></span> <span class='ocrx_word' id='word_1_88' title='bbox 680 1342 766 1388; x_wconf 91' lang='lat' dir='ltr'><strong>est</strong></span> <span class='ocrx_word' id='word_1_89' title='bbox 804 1334 1116 1404; x_wconf 91' lang='lat' dir='ltr'><strong>hujusmodi</strong></span> <span class='ocrx_word' id='word_1_90' title='bbox 1162 1337 1393 1403; x_wconf 82' lang='lat' dir='ltr'><strong>ratione,</strong></span> <span class='ocrx_word' id='word_1_91' title='bbox 1440 1339 1629 1394; x_wconf 90' lang='lat' dir='ltr'><strong>dicens</strong></span> <span class='ocrx_word' id='word_1_92' title='bbox 1664 1358 1678 1396; x_wconf 88' lang='lat'><strong>:</strong></span> <span class='ocrx_word' id='word_1_93' title='bbox 1727 1340 1903 1405; x_wconf 85' lang='lat' dir='ltr'><strong>Abba,</strong></span> 
     </span>
    </p>
   </div>
   <div class='ocr_carea' id='block_1_13' title="bbox 317 1424 1904 1499">
    <p class='ocr_par' dir='ltr' id='par_1_13' title="bbox 317 1424 1904 1499">
     <span class='ocr_line' id='line_1_13' title="bbox 317 1424 1904 1499; baseline 0.006 -24"><span class='ocrx_word' id='word_1_94' title='bbox 317 1437 450 1492; x_wconf 89' lang='lat' dir='ltr'><strong>rogo</strong></span> <span class='ocrx_word' id='word_1_95' title='bbox 478 1431 551 1487; x_wconf 92' lang='lat' dir='ltr'><strong>te,</strong></span> <span class='ocrx_word' id='word_1_96' title='bbox 586 1424 711 1492; x_wconf 84' lang='lat' dir='ltr'><strong>quia</strong></span> <span class='ocrx_word' id='word_1_97' title='bbox 754 1424 808 1479; x_wconf 92' lang='lat' dir='ltr'><strong>in</strong></span> <span class='ocrx_word' id='word_1_98' title='bbox 842 1426 1169 1497; x_wconf 78' lang='lat' dir='ltr'><strong>cogitatione</strong></span> <span class='ocrx_word' id='word_1_99' title='bbox 1218 1445 1337 1485; x_wconf 91' lang='lat' dir='ltr'><strong>mea</strong></span> <span class='ocrx_word' id='word_1_100' title='bbox 1363 1438 1448 1484; x_wconf 88' lang='lat' dir='ltr'><strong>est</strong></span> <span class='ocrx_word' id='word_1_101' title='bbox 1495 1430 1638 1499; x_wconf 90' lang='lat' dir='ltr'><strong>quod</strong></span> <span class='ocrx_word' id='word_1_102' title='bbox 1680 1429 1904 1485; x_wconf 79' lang='lat' dir='ltr'><strong>Melchi-</strong></span> 
     </span>
    </p>
   </div>
   <div class='ocr_carea' id='block_1_14' title="bbox 317 1512 1905 1593">
    <p class='ocr_par' dir='ltr' id='par_1_14' title="bbox 317 1512 1905 1593">
     <span class='ocr_line' id='line_1_14' title="bbox 317 1512 1905 1593; baseline 0.006 -27"><span class='ocrx_word' id='word_1_103' title='bbox 317 1512 521 1567; x_wconf 86' lang='lat' dir='ltr'><strong>sedech</strong></span> <span class='ocrx_word' id='word_1_104' title='bbox 568 1513 685 1583; x_wconf 86' lang='lat' dir='ltr'><strong>ipse</strong></span> <span class='ocrx_word' id='word_1_105' title='bbox 724 1515 797 1571; x_wconf 87' lang='lat' dir='ltr'><strong>sit</strong></span> <span class='ocrx_word' id='word_1_106' title='bbox 839 1516 984 1572; x_wconf 84' lang='lat' dir='ltr'><strong>ﬁlius</strong></span> <span class='ocrx_word' id='word_1_107' title='bbox 1026 1518 1164 1573; x_wconf 89' lang='lat' dir='ltr'><strong>Dei:</strong></span> <span class='ocrx_word' id='word_1_108' title='bbox 1198 1528 1257 1574; x_wconf 91' lang='lat' dir='ltr'><strong>et</strong></span> <span class='ocrx_word' id='word_1_109' title='bbox 1294 1536 1487 1575; x_wconf 84' lang='lat' dir='ltr'><strong>rursus</strong></span> <span class='ocrx_word' id='word_1_110' title='bbox 1507 1522 1614 1575; x_wconf 89' lang='lat' dir='ltr'><strong>alia</strong></span> <span class='ocrx_word' id='word_1_111' title='bbox 1647 1522 1905 1593; x_wconf 75' lang='lat' dir='ltr'><strong>cogitatio</strong></span> 
     </span>
    </p>
   </div>
   <div class='ocr_carea' id='block_1_15' title="bbox 315 1604 1905 1676">
    <p class='ocr_par' dir='ltr' id='par_1_15' title="bbox 315 1604 1905 1676">
     <span class='ocr_line' id='line_1_15' title="bbox 315 1604 1905 1676; baseline 0.006 -18"><span class='ocrx_word' id='word_1_112' title='bbox 315 1620 438 1659; x_wconf 87' lang='lat' dir='ltr'><strong>mea</strong></span> <span class='ocrx_word' id='word_1_113' title='bbox 477 1604 613 1661; x_wconf 88' lang='lat' dir='ltr'><strong>dicit</strong></span> <span class='ocrx_word' id='word_1_114' title='bbox 644 1606 775 1676; x_wconf 84' lang='lat' dir='ltr'><strong>quia</strong></span> <span class='ocrx_word' id='word_1_115' title='bbox 813 1623 923 1662; x_wconf 90' lang='lat' dir='ltr'><strong>non</strong></span> <span class='ocrx_word' id='word_1_116' title='bbox 956 1610 1047 1673; x_wconf 88' lang='lat' dir='ltr'><strong>sit,</strong></span> <span class='ocrx_word' id='word_1_117' title='bbox 1089 1611 1186 1665; x_wconf 89' lang='lat' dir='ltr'><strong>sed</strong></span> <span class='ocrx_word' id='word_1_118' title='bbox 1222 1611 1387 1667; x_wconf 91' lang='lat' dir='ltr'><strong>homo</strong></span> <span class='ocrx_word' id='word_1_119' title='bbox 1418 1611 1509 1676; x_wconf 91' lang='lat' dir='ltr'><strong>sit,</strong></span> <span class='ocrx_word' id='word_1_120' title='bbox 1559 1621 1615 1667; x_wconf 89' lang='lat' dir='ltr'><strong>et</strong></span> <span class='ocrx_word' id='word_1_121' title='bbox 1648 1613 1905 1668; x_wconf 87' lang='lat' dir='ltr'><strong>sacerdos</strong></span> 
     </span>
    </p>
   </div>
   <div class='ocr_carea' id='block_1_16' title="bbox 311 1696 1897 1773">
    <p class='ocr_par' dir='ltr' id='par_1_16' title="bbox 311 1696 1897 1773">
     <span class='ocr_line' id='line_1_16' title="bbox 311 1696 1897 1773; baseline 0.008 -26"><span class='ocrx_word' id='word_1_122' title='bbox 311 1708 566 1751; x_wconf 84' lang='lat' dir='ltr'><strong>summus</strong></span> <span class='ocrx_word' id='word_1_123' title='bbox 607 1696 778 1752; x_wconf 88' lang='lat' dir='ltr'><strong>fuerit</strong></span> <span class='ocrx_word' id='word_1_124' title='bbox 815 1698 930 1752; x_wconf 91' lang='lat' dir='ltr'><strong>Dei.</strong></span> <span class='ocrx_word' id='word_1_125' title='bbox 975 1698 1245 1765; x_wconf 86' lang='lat' dir='ltr'><strong>Quoniam</strong></span> <span class='ocrx_word' id='word_1_126' title='bbox 1277 1718 1407 1773; x_wconf 91' lang='lat' dir='ltr'><strong>ergo</strong></span> <span class='ocrx_word' id='word_1_127' title='bbox 1445 1703 1637 1759; x_wconf 62' lang='lat' dir='ltr'><strong>hasito</strong></span> <span class='ocrx_word' id='word_1_128' title='bbox 1673 1704 1741 1759; x_wconf 91' lang='lat' dir='ltr'><strong>de</strong></span> <span class='ocrx_word' id='word_1_129' title='bbox 1774 1704 1897 1770; x_wconf 90' lang='lat' dir='ltr'><strong>hoc,</strong></span> 
     </span>
    </p>
   </div>
   <div class='ocr_carea' id='block_1_17' title="bbox 312 1781 1902 1864">
    <p class='ocr_par' dir='ltr' id='par_1_17' title="bbox 312 1781 1902 1864">
     <span class='ocr_line' id='line_1_17' title="bbox 312 1781 1902 1864; baseline 0.008 -29"><span class='ocrx_word' id='word_1_130' title='bbox 312 1781 522 1838; x_wconf 84' lang='lat' dir='ltr'><strong>idcirco</strong></span> <span class='ocrx_word' id='word_1_131' title='bbox 559 1785 684 1839; x_wconf 85' lang='lat' dir='ltr'><strong>misi</strong></span> <span class='ocrx_word' id='word_1_132' title='bbox 733 1786 801 1840; x_wconf 88' lang='lat' dir='ltr'><strong>ad</strong></span> <span class='ocrx_word' id='word_1_133' title='bbox 836 1797 907 1851; x_wconf 89' lang='lat' dir='ltr'><strong>te,</strong></span> <span class='ocrx_word' id='word_1_134' title='bbox 946 1797 1007 1843; x_wconf 94' lang='lat' dir='ltr'><strong>ut</strong></span> <span class='ocrx_word' id='word_1_135' title='bbox 1045 1789 1356 1859; x_wconf 88' lang='lat' dir='ltr'><strong>depreceris</strong></span> <span class='ocrx_word' id='word_1_136' title='bbox 1402 1794 1595 1859; x_wconf 91' lang='lat' dir='ltr'><strong>Deum,</strong></span> <span class='ocrx_word' id='word_1_137' title='bbox 1631 1804 1902 1864; x_wconf 88' lang='lat' dir='ltr'><strong>quatenus</strong></span> 
     </span>
    </p>
   </div>
   <div class='ocr_carea' id='block_1_18' title="bbox 2029 604 3609 677">
    <p class='ocr_par' dir='ltr' id='par_1_18' title="bbox 2029 604 3609 677">
     <span class='ocr_line' id='line_1_18' title="bbox 2029 604 3609 677; baseline 0.004 -22"><span class='ocrx_word' id='word_1_138' title='bbox 2029 624 2047 655; x_wconf 75' lang='grc' dir='ltr'><strong>ι</strong></span> <span class='ocrx_word' id='word_1_139' title='bbox 2079 604 2384 660; x_wconf 80' lang='lat' dir='ltr'><strong>Alexander</strong></span> <span class='ocrx_word' id='word_1_140' title='bbox 2409 606 2591 677; x_wconf 85' lang='lat' dir='ltr'><strong>itaque</strong></span> <span class='ocrx_word' id='word_1_141' title='bbox 2616 616 2671 661; x_wconf 92' lang='lat' dir='ltr'><strong>et</strong></span> <span class='ocrx_word' id='word_1_142' title='bbox 2707 608 2818 661; x_wconf 86' lang='lat' dir='ltr'><strong>vita</strong></span> <span class='ocrx_word' id='word_1_143' title='bbox 2837 616 2893 662; x_wconf 92' lang='lat' dir='ltr'><strong>et</strong></span> <span class='ocrx_word' id='word_1_144' title='bbox 2915 606 3166 662; x_wconf 88' lang='lat' dir='ltr'><strong>doctrina</strong></span> <span class='ocrx_word' id='word_1_145' title='bbox 3201 608 3464 677; x_wconf 89' lang='lat' dir='ltr'><strong>optimus,</strong></span> <span class='ocrx_word' id='word_1_146' title='bbox 3492 608 3609 662; x_wconf 81' lang='lat' dir='ltr'><strong>zelo</strong></span> 
     </span>
    </p>
   </div>
   <div class='ocr_carea' id='block_1_19' title="bbox 2019 696 3606 769">
    <p class='ocr_par' dir='ltr' id='par_1_19' title="bbox 2019 696 3606 769">
     <span class='ocr_line' id='line_1_19' title="bbox 2019 696 3606 769; baseline 0 -18"><span class='ocrx_word' id='word_1_147' title='bbox 2019 696 2226 767; x_wconf 82' lang='lat' dir='ltr'><strong>ingenti</strong></span> <span class='ocrx_word' id='word_1_148' title='bbox 2253 696 2478 753; x_wconf 80' lang='lat' dir='ltr'><strong>Joannis</strong></span> <span class='ocrx_word' id='word_1_149' title='bbox 2504 713 2723 753; x_wconf 86' lang='lat' dir='ltr'><strong>causam</strong></span> <span class='ocrx_word' id='word_1_150' title='bbox 2742 698 2952 763; x_wconf 88' lang='lat' dir='ltr'><strong>fovens,</strong></span> <span class='ocrx_word' id='word_1_151' title='bbox 2981 698 3193 769; x_wconf 91' lang='lat' dir='ltr'><strong>primus</strong></span> <span class='ocrx_word' id='word_1_152' title='bbox 3223 698 3374 754; x_wconf 90' lang='lat' dir='ltr'><strong>illius</strong></span> <span class='ocrx_word' id='word_1_153' title='bbox 3404 712 3606 753; x_wconf 84' lang='lat' dir='ltr'><strong>nomen</strong></span> 
     </span>
    </p>
   </div>
   <div class='ocr_carea' id='block_1_20' title="bbox 2018 787 3606 859">
    <p class='ocr_par' dir='ltr' id='par_1_20' title="bbox 2018 787 3606 859">
     <span class='ocr_line' id='line_1_20' title="bbox 2018 787 3606 859; baseline -0.001 -16"><span class='ocrx_word' id='word_1_154' title='bbox 2018 789 2074 843; x_wconf 90' lang='lat' dir='ltr'><strong>in</strong></span> <span class='ocrx_word' id='word_1_155' title='bbox 2108 787 2540 843; x_wconf 87' lang='lat' dir='ltr'><strong>ecclesiasticum</strong></span> <span class='ocrx_word' id='word_1_156' title='bbox 2574 790 2765 844; x_wconf 88' lang='lat' dir='ltr'><strong>retulit</strong></span> <span class='ocrx_word' id='word_1_157' title='bbox 2800 790 2985 845; x_wconf 90' lang='lat' dir='ltr'><strong>album</strong></span> <span class='ocrx_word' id='word_1_158' title='bbox 3020 806 3032 843; x_wconf 93' lang='lat'>:</span> <span class='ocrx_word' id='word_1_159' title='bbox 3063 799 3227 859; x_wconf 89' lang='lat' dir='ltr'><strong>atque</strong></span> <span class='ocrx_word' id='word_1_160' title='bbox 3264 790 3331 845; x_wconf 94' lang='lat' dir='ltr'><strong>ad</strong></span> <span class='ocrx_word' id='word_1_161' title='bbox 3372 791 3606 858; x_wconf 85' lang='lat' dir='ltr'><strong>impera-</strong></span> 
     </span>
    </p>
   </div>
   <div class='ocr_carea' id='block_1_21' title="bbox 2018 877 3605 951">
    <p class='ocr_par' dir='ltr' id='par_1_21' title="bbox 2018 877 3605 951">
     <span class='ocr_line' id='line_1_21' title="bbox 2018 877 3605 951; baseline -0.001 -19"><span class='ocrx_word' id='word_1_162' title='bbox 2018 888 2195 934; x_wconf 89' lang='lat' dir='ltr'><strong>torem</strong></span> <span class='ocrx_word' id='word_1_163' title='bbox 2228 893 2527 948; x_wconf 90' lang='lat' dir='ltr'><strong>omnesque</strong></span> <span class='ocrx_word' id='word_1_164' title='bbox 2564 879 2769 949; x_wconf 91' lang='lat' dir='ltr'><strong>ubique</strong></span> <span class='ocrx_word' id='word_1_165' title='bbox 2800 881 3111 951; x_wconf 89' lang='lat' dir='ltr'><strong>episcopos,</strong></span> <span class='ocrx_word' id='word_1_166' title='bbox 3144 889 3205 933; x_wconf 93' lang='lat' dir='ltr'><strong>ut</strong></span> <span class='ocrx_word' id='word_1_167' title='bbox 3238 879 3381 934; x_wconf 90' lang='lat' dir='ltr'><strong>idem</strong></span> <span class='ocrx_word' id='word_1_168' title='bbox 3405 888 3461 933; x_wconf 95' lang='lat' dir='ltr'><strong>et</strong></span> <span class='ocrx_word' id='word_1_169' title='bbox 3500 877 3605 947; x_wconf 89' lang='lat' dir='ltr'><strong>ipsi</strong></span> 
     </span>
    </p>
   </div>
   <div class='ocr_carea' id='block_1_22' title="bbox 2014 969 3603 1041">
    <p class='ocr_par' dir='ltr' id='par_1_22' title="bbox 2014 969 3603 1041">
     <span class='ocr_line' id='line_1_22' title="bbox 2014 969 3603 1041; baseline 0.001 -18"><span class='ocrx_word' id='word_1_170' title='bbox 2014 969 2277 1035; x_wconf 88' lang='lat' dir='ltr'><strong>facerent,</strong></span> <span class='ocrx_word' id='word_1_171' title='bbox 2308 979 2365 1024; x_wconf 90' lang='lat' dir='ltr'><strong>et</strong></span> <span class='ocrx_word' id='word_1_172' title='bbox 2392 985 2454 1024; x_wconf 90' lang='lat' dir='ltr'><strong>ea</strong></span> <span class='ocrx_word' id='word_1_173' title='bbox 2484 986 2543 1024; x_wconf 92' lang='lat' dir='ltr'><strong>re</strong></span> <span class='ocrx_word' id='word_1_174' title='bbox 2568 986 2757 1041; x_wconf 90' lang='lat' dir='ltr'><strong>pacem</strong></span> <span class='ocrx_word' id='word_1_175' title='bbox 2782 982 2989 1027; x_wconf 90' lang='lat' dir='ltr'><strong>certam</strong></span> <span class='ocrx_word' id='word_1_176' title='bbox 3027 981 3085 1027; x_wconf 90' lang='lat' dir='ltr'><strong>et</strong></span> <span class='ocrx_word' id='word_1_177' title='bbox 3117 978 3458 1027; x_wconf 84' lang='lat' dir='ltr'><strong>constantem</strong></span> <span class='ocrx_word' id='word_1_178' title='bbox 3499 970 3603 1024; x_wconf 88' lang='lat' dir='ltr'><strong>Ec-</strong></span> 
     </span>
    </p>
   </div>
   <div class='ocr_carea' id='block_1_23' title="bbox 2015 1060 3603 1131">
    <p class='ocr_par' dir='ltr' id='par_1_23' title="bbox 2015 1060 3603 1131">
     <span class='ocr_line' id='line_1_23' title="bbox 2015 1060 3603 1131; baseline -0.001 -16"><span class='ocrx_word' id='word_1_179' title='bbox 2015 1060 2195 1115; x_wconf 65' lang='lat' dir='ltr'><strong>clesia:</strong></span> <span class='ocrx_word' id='word_1_180' title='bbox 2226 1060 2605 1125; x_wconf 88' lang='lat' dir='ltr'><strong>conciliarent,</strong></span> <span class='ocrx_word' id='word_1_181' title='bbox 2644 1062 2882 1131; x_wconf 86' lang='lat' dir='ltr'><strong>scripsit.</strong></span> <span class='ocrx_word' id='word_1_182' title='bbox 2914 1062 3183 1117; x_wconf 81' lang='lat' dir='ltr'><strong>Caeterum</strong></span> <span class='ocrx_word' id='word_1_183' title='bbox 3222 1077 3350 1117; x_wconf 90' lang='lat' dir='ltr'><strong>cum</strong></span> <span class='ocrx_word' id='word_1_184' title='bbox 3390 1060 3603 1118; x_wconf 88' lang='lat' dir='ltr'><strong>Atticus</strong></span> 
     </span>
    </p>
   </div>
   <div class='ocr_carea' id='block_1_24' title="bbox 2014 1151 3602 1223">
    <p class='ocr_par' dir='ltr' id='par_1_24' title="bbox 2014 1151 3602 1223">
     <span class='ocr_line' id='line_1_24' title="bbox 2014 1151 3602 1223; baseline -0.001 -17"><span class='ocrx_word' id='word_1_185' title='bbox 2014 1168 2234 1223; x_wconf 91' lang='lat' dir='ltr'><strong>quoque</strong></span> <span class='ocrx_word' id='word_1_186' title='bbox 2261 1152 2557 1222; x_wconf 89' lang='lat' dir='ltr'><strong>episcopus</strong></span> <span class='ocrx_word' id='word_1_187' title='bbox 2579 1162 2804 1222; x_wconf 85' lang='lat' dir='ltr'><strong>propter</strong></span> <span class='ocrx_word' id='word_1_188' title='bbox 2835 1151 3119 1207; x_wconf 85' lang='lat' dir='ltr'><strong>Joannitas</strong></span> <span class='ocrx_word' id='word_1_189' title='bbox 3153 1152 3451 1207; x_wconf 86' lang='lat' dir='ltr'><strong>Ecelesiam</strong></span> <span class='ocrx_word' id='word_1_190' title='bbox 3480 1165 3602 1205; x_wconf 86' lang='lat' dir='ltr'><strong>esse</strong></span> 
     </span>
    </p>
   </div>
   <div class='ocr_carea' id='block_1_25' title="bbox 2013 1240 3601 1312">
    <p class='ocr_par' dir='ltr' id='par_1_25' title="bbox 2013 1240 3601 1312">
     <span class='ocr_line' id='line_1_25' title="bbox 2013 1240 3601 1312; baseline -0.003 -15"><span class='ocrx_word' id='word_1_191' title='bbox 2013 1242 2238 1298; x_wconf 88' lang='lat' dir='ltr'><strong>scissam</strong></span> <span class='ocrx_word' id='word_1_192' title='bbox 2262 1242 2493 1306; x_wconf 85' lang='lat' dir='ltr'><strong>videret,</strong></span> <span class='ocrx_word' id='word_1_193' title='bbox 2534 1242 2601 1297; x_wconf 92' lang='lat' dir='ltr'><strong>de</strong></span> <span class='ocrx_word' id='word_1_194' title='bbox 2642 1240 2957 1312; x_wconf 86' lang='lat' dir='ltr'><strong>principum</strong></span> <span class='ocrx_word' id='word_1_195' title='bbox 2987 1242 3281 1305; x_wconf 88' lang='lat' dir='ltr'><strong>sententia,</strong></span> <span class='ocrx_word' id='word_1_196' title='bbox 3318 1241 3435 1310; x_wconf 90' lang='lat' dir='ltr'><strong>ipse</strong></span> <span class='ocrx_word' id='word_1_197' title='bbox 3464 1254 3601 1309; x_wconf 81' lang='lat' dir='ltr'><strong>quo-</strong></span> 
     </span>
    </p>
   </div>
   <div class='ocr_carea' id='block_1_26' title="bbox 2012 1332 3607 1407">
    <p class='ocr_par' dir='ltr' id='par_1_26' title="bbox 2012 1332 3607 1407">
     <span class='ocr_line' id='line_1_26' title="bbox 2012 1332 3607 1407; baseline -0.004 -16"><span class='ocrx_word' id='word_1_198' title='bbox 2012 1352 2119 1407; x_wconf 88' lang='lat' dir='ltr'><strong>que</strong></span> <span class='ocrx_word' id='word_1_199' title='bbox 2151 1335 2488 1391; x_wconf 88' lang='lat' dir='ltr'><strong>mentionem</strong></span> <span class='ocrx_word' id='word_1_200' title='bbox 2524 1334 2673 1389; x_wconf 89' lang='lat' dir='ltr'><strong>illius</strong></span> <span class='ocrx_word' id='word_1_201' title='bbox 2708 1334 2825 1389; x_wconf 82' lang='lat' dir='ltr'><strong>fieri</strong></span> <span class='ocrx_word' id='word_1_202' title='bbox 2866 1334 2923 1389; x_wconf 92' lang='lat' dir='ltr'><strong>in</strong></span> <span class='ocrx_word' id='word_1_203' title='bbox 2960 1332 3372 1405; x_wconf 85' lang='lat' dir='ltr'><strong>precationibus</strong></span> <span class='ocrx_word' id='word_1_204' title='bbox 3402 1332 3607 1402; x_wconf 73' lang='lat' dir='ltr'><strong>jussit;</strong></span> 
     </span>
    </p>
   </div>
   <div class='ocr_carea' id='block_1_27' title="bbox 2010 1424 3603 1499">
    <p class='ocr_par' dir='ltr' id='par_1_27' title="bbox 2010 1424 3603 1499">
     <span class='ocr_line' id='line_1_27' title="bbox 2010 1424 3603 1499; baseline -0.003 -16"><span class='ocrx_word' id='word_1_205' title='bbox 2010 1428 2470 1499; x_wconf 88' lang='lat' dir='ltr'><strong>quemadmodum</strong></span> <span class='ocrx_word' id='word_1_206' title='bbox 2521 1428 2573 1482; x_wconf 92' lang='lat' dir='ltr'><strong>id</strong></span> <span class='ocrx_word' id='word_1_207' title='bbox 2620 1438 2676 1482; x_wconf 88' lang='lat' dir='ltr'><strong>et</strong></span> <span class='ocrx_word' id='word_1_208' title='bbox 2722 1427 2776 1481; x_wconf 92' lang='lat' dir='ltr'><strong>in</strong></span> <span class='ocrx_word' id='word_1_209' title='bbox 2822 1428 2947 1482; x_wconf 90' lang='lat' dir='ltr'><strong>aliis</strong></span> <span class='ocrx_word' id='word_1_210' title='bbox 3005 1425 3297 1496; x_wconf 88' lang='lat' dir='ltr'><strong>episcopis,</strong></span> <span class='ocrx_word' id='word_1_211' title='bbox 3348 1424 3442 1493; x_wconf 90' lang='lat' dir='ltr'><strong>qui</strong></span> <span class='ocrx_word' id='word_1_212' title='bbox 3487 1424 3603 1479; x_wconf 78' lang='lat' dir='ltr'><strong>vita</strong></span> 
     </span>
    </p>
   </div>
   <div class='ocr_carea' id='block_1_28' title="bbox 2009 1518 3598 1587">
    <p class='ocr_par' dir='ltr' id='par_1_28' title="bbox 2009 1518 3598 1587">
     <span class='ocr_line' id='line_1_28' title="bbox 2009 1518 3598 1587; baseline -0.004 -12"><span class='ocrx_word' id='word_1_213' title='bbox 2009 1521 2392 1584; x_wconf 83' lang='lat' dir='ltr'><strong>excessissent,</strong></span> <span class='ocrx_word' id='word_1_214' title='bbox 2416 1518 2533 1574; x_wconf 76' lang='lat' dir='ltr'><strong>ﬁeri</strong></span> <span class='ocrx_word' id='word_1_215' title='bbox 2565 1518 2787 1573; x_wconf 88' lang='lat' dir='ltr'><strong>solitum</strong></span> <span class='ocrx_word' id='word_1_216' title='bbox 2818 1527 2957 1572; x_wconf 90' lang='lat' dir='ltr'><strong>erat.</strong></span> <span class='ocrx_word' id='word_1_217' title='bbox 2979 1518 3157 1587; x_wconf 84' lang='lat' dir='ltr'><strong>Atque</strong></span> <span class='ocrx_word' id='word_1_218' title='bbox 3178 1532 3249 1571; x_wconf 84' lang='lat' dir='ltr'><strong>ex</strong></span> <span class='ocrx_word' id='word_1_219' title='bbox 3270 1531 3337 1570; x_wconf 89' lang='lat' dir='ltr'><strong>eo</strong></span> <span class='ocrx_word' id='word_1_220' title='bbox 3352 1524 3598 1584; x_wconf 89' lang='lat' dir='ltr'><strong>tempore</strong></span> 
     </span>
    </p>
   </div>
   <div class='ocr_carea' id='block_1_29' title="bbox 2008 1598 3605 1683">
    <p class='ocr_par' dir='ltr' id='par_1_29' title="bbox 2008 1598 3605 1683">
     <span class='ocr_line' id='line_1_29' title="bbox 2008 1598 3605 1683; baseline -0.005 -15"><span class='ocrx_word' id='word_1_221' title='bbox 2008 1630 2113 1683; x_wconf 91' lang='lat' dir='ltr'><strong>pax</strong></span> <span class='ocrx_word' id='word_1_222' title='bbox 2141 1598 2370 1676; x_wconf 82' lang='lat' dir='ltr'><strong>exstitit,</strong></span> <span class='ocrx_word' id='word_1_223' title='bbox 2402 1612 2579 1666; x_wconf 83' lang='lat' dir='ltr'><strong>donec</strong></span> <span class='ocrx_word' id='word_1_224' title='bbox 2603 1620 2791 1681; x_wconf 89' lang='lat' dir='ltr'><strong>postea</strong></span> <span class='ocrx_word' id='word_1_225' title='bbox 2812 1625 3032 1680; x_wconf 91' lang='lat' dir='ltr'><strong>quoque</strong></span> <span class='ocrx_word' id='word_1_226' title='bbox 3060 1608 3306 1678; x_wconf 65' lang='lat' dir='ltr'><strong>reliquie</strong></span> <span class='ocrx_word' id='word_1_227' title='bbox 3328 1608 3447 1677; x_wconf 88' lang='lat' dir='ltr'><strong>ejus</strong></span> <span class='ocrx_word' id='word_1_228' title='bbox 3470 1606 3605 1661; x_wconf 87' lang='lat' dir='ltr'><strong>urbi-</strong></span> 
     </span>
    </p>
   </div>
   <div class='ocr_carea' id='block_1_30' title="bbox 2008 1698 3605 1774">
    <p class='ocr_par' dir='ltr' id='par_1_30' title="bbox 2008 1698 3605 1774">
     <span class='ocr_line' id='line_1_30' title="bbox 2008 1698 3605 1774; baseline -0.004 -16"><span class='ocrx_word' id='word_1_229' title='bbox 2008 1704 2297 1774; x_wconf 88' lang='lat' dir='ltr'><strong>imperanti</strong></span> <span class='ocrx_word' id='word_1_230' title='bbox 2345 1704 2509 1758; x_wconf 47' lang='lat' dir='ltr'><strong>illata).</strong></span> <span class='ocrx_word' id='word_1_231' title='bbox 2536 1711 2697 1757; x_wconf 84' lang='lat' dir='ltr'><strong>sunt.</strong></span> <span class='ocrx_word' id='word_1_232' title='bbox 2743 1702 2959 1757; x_wconf 87' lang='lat' dir='ltr'><strong>Atticus</strong></span> <span class='ocrx_word' id='word_1_233' title='bbox 3005 1700 3288 1765; x_wconf 82' lang='lat' dir='ltr'><strong>invidiam,</strong></span> <span class='ocrx_word' id='word_1_234' title='bbox 3332 1698 3389 1753; x_wconf 91' lang='lat' dir='ltr'><strong>in</strong></span> <span class='ocrx_word' id='word_1_235' title='bbox 3431 1714 3605 1768; x_wconf 78' lang='lat' dir='ltr'><strong>quam</strong></span> 
     </span>
    </p>
   </div>
   <div class='ocr_carea' id='block_1_31' title="bbox 2005 1790 3592 1864">
    <p class='ocr_par' dir='ltr' id='par_1_31' title="bbox 2005 1790 3592 1864">
     <span class='ocr_line' id='line_1_31' title="bbox 2005 1790 3592 1864; baseline -0.004 -16"><span class='ocrx_word' id='word_1_236' title='bbox 2005 1804 2229 1864; x_wconf 86' lang='lat' dir='ltr'><strong>propter</strong></span> <span class='ocrx_word' id='word_1_237' title='bbox 2256 1794 2503 1850; x_wconf 89' lang='lat' dir='ltr'><strong>divinum</strong></span> <span class='ocrx_word' id='word_1_238' title='bbox 2528 1793 2791 1849; x_wconf 82' lang='lat' dir='ltr'><strong>Joannem</strong></span> <span class='ocrx_word' id='word_1_239' title='bbox 2814 1792 3113 1857; x_wconf 88' lang='lat' dir='ltr'><strong>deciderat,</strong></span> <span class='ocrx_word' id='word_1_240' title='bbox 3145 1792 3250 1846; x_wconf 92' lang='lat' dir='ltr'><strong>hoc</strong></span> <span class='ocrx_word' id='word_1_241' title='bbox 3272 1790 3437 1845; x_wconf 92' lang='lat' dir='ltr'><strong>modo</strong></span> <span class='ocrx_word' id='word_1_242' title='bbox 3474 1806 3592 1844; x_wconf 86' lang='lat' dir='ltr'><strong>ma-</strong></span> 
     </span>
    </p>
   </div>
   <div class='ocr_carea' id='block_1_32' title="bbox 313 1874 3594 1954">
    <p class='ocr_par' dir='ltr' id='par_1_32' title="bbox 313 1874 3594 1954">
     <span class='ocr_line' id='line_1_32' title="bbox 313 1874 3594 1954; baseline 0.002 -28"><span class='ocrx_word' id='word_1_243' title='bbox 313 1876 558 1931; x_wconf 88' lang='lat' dir='ltr'><strong>revelare</strong></span> <span class='ocrx_word' id='word_1_244' title='bbox 581 1876 679 1931; x_wconf 91' lang='lat' dir='ltr'><strong>tibi</strong></span> <span class='ocrx_word' id='word_1_245' title='bbox 712 1877 970 1949; x_wconf 82' lang='lat' dir='ltr'><strong>dignetur</strong></span> <span class='ocrx_word' id='word_1_246' title='bbox 1014 1880 1081 1935; x_wconf 90' lang='lat' dir='ltr'><strong>de</strong></span> <span class='ocrx_word' id='word_1_247' title='bbox 1106 1882 1229 1947; x_wconf 93' lang='lat' dir='ltr'><strong>hoc,</strong></span> <span class='ocrx_word' id='word_1_248' title='bbox 1262 1884 1394 1954; x_wconf 87' lang='lat' dir='ltr'><strong>quid</strong></span> <span class='ocrx_word' id='word_1_249' title='bbox 1434 1885 1640 1941; x_wconf 89' lang='lat' dir='ltr'><strong>veritas</strong></span> <span class='ocrx_word' id='word_1_250' title='bbox 1678 1887 1895 1941; x_wconf 90' lang='lat' dir='ltr'><strong>habeat.</strong></span> <span class='ocrx_word' id='word_1_251' title='bbox 1930 1874 1971 1928; x_wconf 85' lang='grc' dir='ltr'><strong>Β</strong></span> <span class='ocrx_word' id='word_1_252' title='bbox 1999 1882 2196 1953; x_wconf 80' lang='lat' dir='ltr'><strong>gnifice</strong></span> <span class='ocrx_word' id='word_1_253' title='bbox 2238 1883 2501 1938; x_wconf 86' lang='lat' dir='ltr'><strong>abolevit.</strong></span> <span class='ocrx_word' id='word_1_254' title='bbox 2540 1882 2654 1937; x_wconf 91' lang='lat' dir='ltr'><strong>Nec</strong></span> <span class='ocrx_word' id='word_1_255' title='bbox 2698 1882 2790 1936; x_wconf 90' lang='lat' dir='ltr'><strong>ille</strong></span> <span class='ocrx_word' id='word_1_256' title='bbox 2832 1881 2995 1935; x_wconf 90' lang='lat' dir='ltr'><strong>modo</strong></span> <span class='ocrx_word' id='word_1_257' title='bbox 3038 1880 3093 1935; x_wconf 91' lang='lat' dir='ltr'><strong>id</strong></span> <span class='ocrx_word' id='word_1_258' title='bbox 3133 1880 3297 1945; x_wconf 83' lang='lat' dir='ltr'><strong>fecit;</strong></span> <span class='ocrx_word' id='word_1_259' title='bbox 3337 1879 3431 1934; x_wconf 91' lang='lat' dir='ltr'><strong>sed</strong></span> <span class='ocrx_word' id='word_1_260' title='bbox 3471 1879 3594 1934; x_wconf 82' lang='lat' dir='ltr'><strong>aliis</strong></span> 
     </span>
    </p>
   </div>
   <div class='ocr_carea' id='block_1_33' title="bbox 312 1966 1898 2047">
    <p class='ocr_par' dir='ltr' id='par_1_33' title="bbox 312 1966 1898 2047">
     <span class='ocr_line' id='line_1_33' title="bbox 312 1966 1898 2047; baseline 0.008 -26"><span class='ocrx_word' id='word_1_261' title='bbox 312 1966 488 2022; x_wconf 88' lang='lat' dir='ltr'><strong>Senex</strong></span> <span class='ocrx_word' id='word_1_262' title='bbox 528 1978 710 2025; x_wconf 88' lang='lat' dir='ltr'><strong>autem</strong></span> <span class='ocrx_word' id='word_1_263' title='bbox 736 1971 804 2025; x_wconf 89' lang='lat' dir='ltr'><strong>de</strong></span> <span class='ocrx_word' id='word_1_264' title='bbox 838 1974 1252 2030; x_wconf 80' lang='lat' dir='ltr'><strong>conversatione</strong></span> <span class='ocrx_word' id='word_1_265' title='bbox 1277 1990 1375 2031; x_wconf 91' lang='lat' dir='ltr'><strong>sua</strong></span> <span class='ocrx_word' id='word_1_266' title='bbox 1396 1992 1749 2047; x_wconf 71' lang='lat' dir='ltr'><strong>praesumens,</strong></span> <span class='ocrx_word' id='word_1_267' title='bbox 1773 1994 1898 2033; x_wconf 92' lang='lat' dir='ltr'><strong>cum</strong></span> 
     </span>
    </p>
   </div>
   <div class='ocr_carea' id='block_1_34' title="bbox 309 2058 1899 2135">
    <p class='ocr_par' dir='ltr' id='par_1_34' title="bbox 309 2058 1899 2135">
     <span class='ocr_line' id='line_1_34' title="bbox 309 2058 1899 2135; baseline 0.009 -23"><span class='ocrx_word' id='word_1_268' title='bbox 309 2058 509 2114; x_wconf 86' lang='lat' dir='ltr'><strong>fiducia</strong></span> <span class='ocrx_word' id='word_1_269' title='bbox 544 2060 683 2116; x_wconf 90' lang='lat' dir='ltr'><strong>dixit</strong></span> <span class='ocrx_word' id='word_1_270' title='bbox 727 2080 739 2115; x_wconf 90' lang='lat'>:</span> <span class='ocrx_word' id='word_1_271' title='bbox 782 2063 859 2118; x_wconf 90' lang='lat' dir='ltr'><strong>Da</strong></span> <span class='ocrx_word' id='word_1_272' title='bbox 891 2063 1025 2118; x_wconf 89' lang='lat' dir='ltr'><strong>mihi</strong></span> <span class='ocrx_word' id='word_1_273' title='bbox 1070 2080 1169 2135; x_wconf 86' lang='lat' dir='ltr'><strong>per</strong></span> <span class='ocrx_word' id='word_1_274' title='bbox 1211 2073 1324 2121; x_wconf 84' lang='lat' dir='ltr'><strong>tres</strong></span> <span class='ocrx_word' id='word_1_275' title='bbox 1366 2068 1485 2122; x_wconf 91' lang='lat' dir='ltr'><strong>dies</strong></span> <span class='ocrx_word' id='word_1_276' title='bbox 1538 2069 1808 2133; x_wconf 87' lang='lat' dir='ltr'><strong>inducias,</strong></span> <span class='ocrx_word' id='word_1_277' title='bbox 1843 2081 1899 2127; x_wconf 90' lang='lat' dir='ltr'><strong>et</strong></span> 
     </span>
    </p>
   </div>
   <div class='ocr_carea' id='block_1_35' title="bbox 306 2149 1894 2230">
    <p class='ocr_par' dir='ltr' id='par_1_35' title="bbox 306 2149 1894 2230">
     <span class='ocr_line' id='line_1_35' title="bbox 306 2149 1894 2230; baseline 0.008 -27"><span class='ocrx_word' id='word_1_278' title='bbox 306 2165 411 2219; x_wconf 86' lang='lat' dir='ltr'><strong>ego</strong></span> <span class='ocrx_word' id='word_1_279' title='bbox 433 2149 701 2221; x_wconf 91' lang='lat' dir='ltr'><strong>deprecor</strong></span> <span class='ocrx_word' id='word_1_280' title='bbox 723 2153 895 2209; x_wconf 88' lang='lat' dir='ltr'><strong>Deum</strong></span> <span class='ocrx_word' id='word_1_281' title='bbox 923 2154 990 2210; x_wconf 89' lang='lat' dir='ltr'><strong>de</strong></span> <span class='ocrx_word' id='word_1_282' title='bbox 1014 2156 1117 2211; x_wconf 88' lang='lat' dir='ltr'><strong>hac</strong></span> <span class='ocrx_word' id='word_1_283' title='bbox 1142 2172 1221 2221; x_wconf 91' lang='lat' dir='ltr'><strong>re,</strong></span> <span class='ocrx_word' id='word_1_284' title='bbox 1257 2166 1313 2213; x_wconf 87' lang='lat' dir='ltr'><strong>et</strong></span> <span class='ocrx_word' id='word_1_285' title='bbox 1344 2160 1602 2215; x_wconf 90' lang='lat' dir='ltr'><strong>renuntio</strong></span> <span class='ocrx_word' id='word_1_286' title='bbox 1623 2160 1723 2215; x_wconf 92' lang='lat' dir='ltr'><strong>tibi</strong></span> <span class='ocrx_word' id='word_1_287' title='bbox 1748 2162 1894 2230; x_wconf 88' lang='lat' dir='ltr'><strong>quod</strong></span> 
     </span>
    </p>
   </div>
   <div class='ocr_carea' id='block_1_36' title="bbox 306 2240 1894 2323">
    <p class='ocr_par' dir='ltr' id='par_1_36' title="bbox 306 2240 1894 2323">
     <span class='ocr_line' id='line_1_36' title="bbox 306 2240 1894 2323; baseline 0.009 -30"><span class='ocrx_word' id='word_1_288' title='bbox 306 2240 443 2294; x_wconf 81' lang='lat' dir='ltr'><strong>mihi</strong></span> <span class='ocrx_word' id='word_1_289' title='bbox 471 2241 637 2298; x_wconf 91' lang='lat' dir='ltr'><strong>fuerit</strong></span> <span class='ocrx_word' id='word_1_290' title='bbox 658 2245 958 2301; x_wconf 86' lang='lat' dir='ltr'><strong>revelatum</strong></span> <span class='ocrx_word' id='word_1_291' title='bbox 978 2247 1046 2304; x_wconf 91' lang='lat' dir='ltr'><strong>de</strong></span> <span class='ocrx_word' id='word_1_292' title='bbox 1077 2250 1199 2305; x_wconf 90' lang='lat' dir='ltr'><strong>hoc.</strong></span> <span class='ocrx_word' id='word_1_293' title='bbox 1230 2250 1444 2307; x_wconf 89' lang='lat' dir='ltr'><strong>lntrans</strong></span> <span class='ocrx_word' id='word_1_294' title='bbox 1462 2267 1591 2323; x_wconf 91' lang='lat' dir='ltr'><strong>ergo</strong></span> <span class='ocrx_word' id='word_1_295' title='bbox 1614 2253 1670 2307; x_wconf 90' lang='lat' dir='ltr'><strong>in</strong></span> <span class='ocrx_word' id='word_1_296' title='bbox 1703 2254 1894 2309; x_wconf 92' lang='lat' dir='ltr'><strong>cellam</strong></span> 
     </span>
    </p>
   </div>
   <div class='ocr_carea' id='block_1_37' title="bbox 303 2332 1897 2403">
    <p class='ocr_par' dir='ltr' id='par_1_37' title="bbox 303 2332 1897 2403">
     <span class='ocr_line' id='line_1_37' title="bbox 303 2332 1897 2403; baseline 0.009 -17"><span class='ocrx_word' id='word_1_297' title='bbox 303 2347 461 2387; x_wconf 85' lang='lat' dir='ltr'><strong>suam</strong></span> <span class='ocrx_word' id='word_1_298' title='bbox 496 2332 895 2403; x_wconf 84' lang='lat' dir='ltr'><strong>deprecabatur</strong></span> <span class='ocrx_word' id='word_1_299' title='bbox 923 2339 1095 2394; x_wconf 87' lang='lat' dir='ltr'><strong>Deum</strong></span> <span class='ocrx_word' id='word_1_300' title='bbox 1122 2340 1191 2395; x_wconf 92' lang='lat' dir='ltr'><strong>de</strong></span> <span class='ocrx_word' id='word_1_301' title='bbox 1230 2342 1398 2397; x_wconf 91' lang='lat' dir='ltr'><strong>verbo</strong></span> <span class='ocrx_word' id='word_1_302' title='bbox 1424 2342 1530 2397; x_wconf 87' lang='lat' dir='ltr'><strong>hoc</strong></span> <span class='ocrx_word' id='word_1_303' title='bbox 1558 2360 1570 2396; x_wconf 90' lang='lat'>:</span> <span class='ocrx_word' id='word_1_304' title='bbox 1596 2352 1651 2399; x_wconf 91' lang='lat' dir='ltr'><strong>et</strong></span> <span class='ocrx_word' id='word_1_305' title='bbox 1671 2345 1897 2400; x_wconf 89' lang='lat' dir='ltr'><strong>veniens</strong></span> 
     </span>
    </p>
   </div>
   <div class='ocr_carea' id='block_1_38' title="bbox 306 2426 1895 2505">
    <p class='ocr_par' dir='ltr' id='par_1_38' title="bbox 306 2426 1895 2505">
     <span class='ocr_line' id='line_1_38' title="bbox 306 2426 1895 2505; baseline 0.008 -28"><span class='ocrx_word' id='word_1_306' title='bbox 306 2434 429 2492; x_wconf 89' lang='lat' dir='ltr'><strong>post</strong></span> <span class='ocrx_word' id='word_1_307' title='bbox 459 2434 574 2479; x_wconf 87' lang='lat' dir='ltr'><strong>tres</strong></span> <span class='ocrx_word' id='word_1_308' title='bbox 598 2426 718 2481; x_wconf 86' lang='lat' dir='ltr'><strong>dies</strong></span> <span class='ocrx_word' id='word_1_309' title='bbox 748 2427 885 2483; x_wconf 89' lang='lat' dir='ltr'><strong>dixit</strong></span> <span class='ocrx_word' id='word_1_310' title='bbox 904 2438 1105 2485; x_wconf 62' lang='lat' dir='ltr'><strong>sancte</strong></span> <span class='ocrx_word' id='word_1_311' title='bbox 1136 2432 1650 2505; x_wconf 71' lang='lat' dir='ltr'><strong>memoriaajCyrillo</strong></span> <span class='ocrx_word' id='word_1_312' title='bbox 1674 2451 1687 2488; x_wconf 89' lang='lat'><strong>:</strong></span> <span class='ocrx_word' id='word_1_313' title='bbox 1720 2435 1895 2489; x_wconf 86' lang='lat' dir='ltr'><strong>Homo</strong></span> 
     </span>
    </p>
   </div>
   <div class='ocr_carea' id='block_1_39' title="bbox 300 2516 1895 2596">
    <p class='ocr_par' dir='ltr' id='par_1_39' title="bbox 300 2516 1895 2596">
     <span class='ocr_line' id='line_1_39' title="bbox 300 2516 1895 2596; baseline 0.006 -27"><span class='ocrx_word' id='word_1_314' title='bbox 300 2526 391 2571; x_wconf 90' lang='lat' dir='ltr'><strong>est</strong></span> <span class='ocrx_word' id='word_1_315' title='bbox 425 2516 846 2575; x_wconf 76' lang='lat' dir='ltr'><strong>Melchisedech.</strong></span> <span class='ocrx_word' id='word_1_316' title='bbox 879 2520 1345 2594; x_wconf 88' lang='lat' dir='ltr'><strong>Archiepiscopus</strong></span> <span class='ocrx_word' id='word_1_317' title='bbox 1384 2534 1567 2580; x_wconf 89' lang='lat' dir='ltr'><strong>autem</strong></span> <span class='ocrx_word' id='word_1_318' title='bbox 1612 2525 1895 2596; x_wconf 89' lang='lat' dir='ltr'><strong>respondit</strong></span> 
     </span>
    </p>
   </div>
   <div class='ocr_carea' id='block_1_40' title="bbox 298 2605 1895 2681">
    <p class='ocr_par' dir='ltr' id='par_1_40' title="bbox 298 2605 1895 2681">
     <span class='ocr_line' id='line_1_40' title="bbox 298 2605 1895 2681; baseline 0.007 -23"><span class='ocrx_word' id='word_1_319' title='bbox 298 2605 355 2658; x_wconf 87' lang='lat' dir='ltr'><strong>ei</strong></span> <span class='ocrx_word' id='word_1_320' title='bbox 384 2623 399 2658; x_wconf 92' lang='lat'><strong>:</strong></span> <span class='ocrx_word' id='word_1_321' title='bbox 428 2605 713 2673; x_wconf 85' lang='lat' dir='ltr'><strong>Quomodo</strong></span> <span class='ocrx_word' id='word_1_322' title='bbox 748 2619 963 2665; x_wconf 89' lang='lat' dir='ltr'><strong>constat</strong></span> <span class='ocrx_word' id='word_1_323' title='bbox 1004 2612 1147 2681; x_wconf 91' lang='lat' dir='ltr'><strong>apud</strong></span> <span class='ocrx_word' id='word_1_324' title='bbox 1188 2622 1262 2676; x_wconf 86' lang='lat' dir='ltr'><strong>te,</strong></span> <span class='ocrx_word' id='word_1_325' title='bbox 1303 2613 1485 2668; x_wconf 86' lang='lat' dir='ltr'><strong>abba?</strong></span> <span class='ocrx_word' id='word_1_326' title='bbox 1523 2614 1594 2669; x_wconf 86' lang='lat' dir='ltr'><strong>Et</strong></span> <span class='ocrx_word' id='word_1_327' title='bbox 1634 2614 1723 2669; x_wconf 90' lang='lat' dir='ltr'><strong>ille</strong></span> <span class='ocrx_word' id='word_1_328' title='bbox 1757 2615 1895 2670; x_wconf 86' lang='lat' dir='ltr'><strong>dixit</strong></span> 
     </span>
    </p>
   </div>
   <div class='ocr_carea' id='block_1_41' title="bbox 298 2696 1895 2775">
    <p class='ocr_par' dir='ltr' id='par_1_41' title="bbox 298 2696 1895 2775">
     <span class='ocr_line' id='line_1_41' title="bbox 298 2696 1895 2775; baseline 0.007 -24"><span class='ocrx_word' id='word_1_329' title='bbox 298 2698 397 2751; x_wconf 87' lang='lat' dir='ltr'><strong>ei:</strong></span> <span class='ocrx_word' id='word_1_330' title='bbox 439 2696 586 2754; x_wconf 89' lang='lat' dir='ltr'><strong>Deus</strong></span> <span class='ocrx_word' id='word_1_331' title='bbox 621 2700 861 2756; x_wconf 87' lang='lat' dir='ltr'><strong>ostendit</strong></span> <span class='ocrx_word' id='word_1_332' title='bbox 896 2703 1031 2756; x_wconf 92' lang='lat' dir='ltr'><strong>mihi</strong></span> <span class='ocrx_word' id='word_1_333' title='bbox 1076 2718 1268 2761; x_wconf 89' lang='lat' dir='ltr'><strong>omnes</strong></span> <span class='ocrx_word' id='word_1_334' title='bbox 1315 2706 1677 2775; x_wconf 88' lang='lat' dir='ltr'><strong>patriarchas,</strong></span> <span class='ocrx_word' id='word_1_335' title='bbox 1714 2708 1789 2762; x_wconf 89' lang='lat' dir='ltr'><strong>ita</strong></span> <span class='ocrx_word' id='word_1_336' title='bbox 1832 2718 1895 2763; x_wconf 92' lang='lat' dir='ltr'><strong>ut</strong></span> 
     </span>
    </p>
   </div>
   <div class='ocr_carea' id='block_1_42' title="bbox 299 2786 1892 2867">
    <p class='ocr_par' dir='ltr' id='par_1_42' title="bbox 299 2786 1892 2867">
     <span class='ocr_line' id='line_1_42' title="bbox 299 2786 1892 2867; baseline 0.008 -27"><span class='ocrx_word' id='word_1_337' title='bbox 299 2786 505 2857; x_wconf 86' lang='lat' dir='ltr'><strong>singuli</strong></span> <span class='ocrx_word' id='word_1_338' title='bbox 535 2803 728 2843; x_wconf 92' lang='lat' dir='ltr'><strong>eorum</strong></span> <span class='ocrx_word' id='word_1_339' title='bbox 756 2805 941 2845; x_wconf 86' lang='lat' dir='ltr'><strong>coram</strong></span> <span class='ocrx_word' id='word_1_340' title='bbox 972 2807 1063 2847; x_wconf 91' lang='lat' dir='ltr'><strong>me</strong></span> <span class='ocrx_word' id='word_1_341' title='bbox 1093 2795 1395 2850; x_wconf 90' lang='lat' dir='ltr'><strong>transirent</strong></span> <span class='ocrx_word' id='word_1_342' title='bbox 1419 2796 1488 2850; x_wconf 91' lang='lat' dir='ltr'><strong>ab</strong></span> <span class='ocrx_word' id='word_1_343' title='bbox 1515 2796 1686 2851; x_wconf 90' lang='lat' dir='ltr'><strong>Adam</strong></span> <span class='ocrx_word' id='word_1_344' title='bbox 1720 2813 1892 2867; x_wconf 88' lang='lat' dir='ltr'><strong>usque</strong></span> 
     </span>
    </p>
   </div>
   <div class='ocr_carea' id='block_1_43' title="bbox 299 2877 1889 2953">
    <p class='ocr_par' dir='ltr' id='par_1_43' title="bbox 299 2877 1889 2953">
     <span class='ocr_line' id='line_1_43' title="bbox 299 2877 1889 2953; baseline 0.008 -22"><span class='ocrx_word' id='word_1_345' title='bbox 299 2877 373 2931; x_wconf 89' lang='lat' dir='ltr'><strong>ad</strong></span> <span class='ocrx_word' id='word_1_346' title='bbox 413 2878 835 2946; x_wconf 78' lang='lat' dir='ltr'><strong>Melchisedech,</strong></span> <span class='ocrx_word' id='word_1_347' title='bbox 880 2892 937 2936; x_wconf 91' lang='lat' dir='ltr'><strong>et</strong></span> <span class='ocrx_word' id='word_1_348' title='bbox 969 2884 1196 2953; x_wconf 91' lang='lat' dir='ltr'><strong>angelus</strong></span> <span class='ocrx_word' id='word_1_349' title='bbox 1239 2885 1503 2942; x_wconf 86' lang='lat' dir='ltr'><strong>assistens</strong></span> <span class='ocrx_word' id='word_1_350' title='bbox 1541 2888 1677 2942; x_wconf 90' lang='lat' dir='ltr'><strong>mihi</strong></span> <span class='ocrx_word' id='word_1_351' title='bbox 1715 2887 1889 2945; x_wconf 89' lang='lat' dir='ltr'><strong>dixit:</strong></span> 
     </span>
    </p>
   </div>
   <div class='ocr_carea' id='block_1_44' title="bbox 298 2970 1888 3051">
    <p class='ocr_par' dir='ltr' id='par_1_44' title="bbox 298 2970 1888 3051">
     <span class='ocr_line' id='line_1_44' title="bbox 298 2970 1888 3051; baseline 0.008 -27"><span class='ocrx_word' id='word_1_352' title='bbox 298 2970 444 3025; x_wconf 81' lang='lat' dir='ltr'><strong>Ecce</strong></span> <span class='ocrx_word' id='word_1_353' title='bbox 485 2971 587 3026; x_wconf 92' lang='lat' dir='ltr'><strong>iste</strong></span> <span class='ocrx_word' id='word_1_354' title='bbox 606 2971 1102 3029; x_wconf 79' lang='lat' dir='ltr'><strong>estMelchisedech</strong></span> <span class='ocrx_word' id='word_1_355' title='bbox 1131 2991 1146 3029; x_wconf 87' lang='lat'><strong>:</strong></span> <span class='ocrx_word' id='word_1_356' title='bbox 1181 2984 1238 3030; x_wconf 91' lang='lat' dir='ltr'><strong>et</strong></span> <span class='ocrx_word' id='word_1_357' title='bbox 1276 2976 1422 3043; x_wconf 90' lang='lat' dir='ltr'><strong>ideo,</strong></span> <span class='ocrx_word' id='word_1_358' title='bbox 1455 2979 1888 3051; x_wconf 88' lang='lat' dir='ltr'><strong>archiepiscope,</strong></span> 
     </span>
    </p>
   </div>
   <div class='ocr_carea' id='block_1_45' title="bbox 297 3062 1894 3141">
    <p class='ocr_par' dir='ltr' id='par_1_45' title="bbox 297 3062 1894 3141">
     <span class='ocr_line' id='line_1_45' title="bbox 297 3062 1894 3141; baseline 0.008 -27"><span class='ocrx_word' id='word_1_359' title='bbox 297 3071 489 3116; x_wconf 78' lang='lat' dir='ltr'><strong>certus</strong></span> <span class='ocrx_word' id='word_1_360' title='bbox 517 3071 639 3118; x_wconf 89' lang='lat' dir='ltr'><strong>esto</strong></span> <span class='ocrx_word' id='word_1_361' title='bbox 696 3062 825 3133; x_wconf 91' lang='lat' dir='ltr'><strong>quia</strong></span> <span class='ocrx_word' id='word_1_362' title='bbox 867 3064 948 3118; x_wconf 90' lang='lat' dir='ltr'><strong>sic</strong></span> <span class='ocrx_word' id='word_1_363' title='bbox 974 3073 1077 3119; x_wconf 91' lang='lat' dir='ltr'><strong>est.</strong></span> <span class='ocrx_word' id='word_1_364' title='bbox 1115 3064 1319 3123; x_wconf 78' lang='lat' dir='ltr'><strong>Abiens</strong></span> <span class='ocrx_word' id='word_1_365' title='bbox 1358 3078 1542 3124; x_wconf 88' lang='lat' dir='ltr'><strong>autem</strong></span> <span class='ocrx_word' id='word_1_366' title='bbox 1574 3085 1762 3135; x_wconf 89' lang='lat' dir='ltr'><strong>senex,</strong></span> <span class='ocrx_word' id='word_1_367' title='bbox 1794 3088 1894 3141; x_wconf 90' lang='lat' dir='ltr'><strong>per</strong></span> 
     </span>
    </p>
   </div>
   <div class='ocr_carea' id='block_1_46' title="bbox 2001 1969 3590 2043">
    <p class='ocr_par' dir='ltr' id='par_1_46' title="bbox 2001 1969 3590 2043">
     <span class='ocr_line' id='line_1_46' title="bbox 2001 1969 3590 2043; baseline -0.005 -16"><span class='ocrx_word' id='word_1_368' title='bbox 2001 1988 2218 2043; x_wconf 90' lang='lat' dir='ltr'><strong>quoque</strong></span> <span class='ocrx_word' id='word_1_369' title='bbox 2239 1972 2464 2027; x_wconf 85' lang='lat' dir='ltr'><strong>Joannis</strong></span> <span class='ocrx_word' id='word_1_370' title='bbox 2494 1971 2813 2026; x_wconf 87' lang='lat' dir='ltr'><strong>memoriam</strong></span> <span class='ocrx_word' id='word_1_371' title='bbox 2845 1969 3103 2040; x_wconf 85' lang='lat' dir='ltr'><strong>precibus</strong></span> <span class='ocrx_word' id='word_1_372' title='bbox 3143 1970 3389 2024; x_wconf 88' lang='lat' dir='ltr'><strong>inserere</strong></span> <span class='ocrx_word' id='word_1_373' title='bbox 3427 1983 3590 2021; x_wconf 90' lang='lat' dir='ltr'><strong>recu-</strong></span> 
     </span>
    </p>
   </div>
   <div class='ocr_carea' id='block_1_47' title="bbox 1998 2058 3587 2135">
    <p class='ocr_par' dir='ltr' id='par_1_47' title="bbox 1998 2058 3587 2135">
     <span class='ocr_line' id='line_1_47' title="bbox 1998 2058 3587 2135; baseline -0.008 -15"><span class='ocrx_word' id='word_1_374' title='bbox 1998 2064 2268 2128; x_wconf 89' lang='lat' dir='ltr'><strong>santibus,</strong></span> <span class='ocrx_word' id='word_1_375' title='bbox 2314 2074 2371 2120; x_wconf 94' lang='lat' dir='ltr'><strong>et</strong></span> <span class='ocrx_word' id='word_1_376' title='bbox 2416 2064 2620 2135; x_wconf 83' lang='lat' dir='ltr'><strong>Cyrillo</strong></span> <span class='ocrx_word' id='word_1_377' title='bbox 2665 2061 2899 2117; x_wconf 87' lang='lat' dir='ltr'><strong>maxime</strong></span> <span class='ocrx_word' id='word_1_378' title='bbox 2949 2059 3291 2115; x_wconf 74' lang='lat' dir='ltr'><strong>Alexandria:</strong></span> <span class='ocrx_word' id='word_1_379' title='bbox 3346 2058 3587 2128; x_wconf 74' lang='lat' dir='ltr'><strong>praesuli,</strong></span> 
     </span>
    </p>
   </div>
   <div class='ocr_carea' id='block_1_48' title="bbox 1998 2150 3587 2226">
    <p class='ocr_par' dir='ltr' id='par_1_48' title="bbox 1998 2150 3587 2226">
     <span class='ocr_line' id='line_1_48' title="bbox 1998 2150 3587 2226; baseline -0.004 -16"><span class='ocrx_word' id='word_1_380' title='bbox 1998 2156 2093 2226; x_wconf 91' lang='lat' dir='ltr'><strong>qui</strong></span> <span class='ocrx_word' id='word_1_381' title='bbox 2120 2155 2397 2212; x_wconf 89' lang='lat' dir='ltr'><strong>hostiliter</strong></span> <span class='ocrx_word' id='word_1_382' title='bbox 2424 2155 2689 2210; x_wconf 82' lang='lat' dir='ltr'><strong>Joannem</strong></span> <span class='ocrx_word' id='word_1_383' title='bbox 2713 2153 2927 2217; x_wconf 88' lang='lat' dir='ltr'><strong>oderat,</strong></span> <span class='ocrx_word' id='word_1_384' title='bbox 2963 2152 3109 2223; x_wconf 91' lang='lat' dir='ltr'><strong>quod</strong></span> <span class='ocrx_word' id='word_1_385' title='bbox 3140 2152 3231 2207; x_wconf 90' lang='lat' dir='ltr'><strong>ille</strong></span> <span class='ocrx_word' id='word_1_386' title='bbox 3250 2168 3281 2206; x_wconf 92' lang='lat' dir='ltr'><strong>a</strong></span> <span class='ocrx_word' id='word_1_387' title='bbox 3308 2150 3587 2221; x_wconf 89' lang='lat' dir='ltr'><strong>Theophi-</strong></span> 
     </span>
    </p>
   </div>
   <div class='ocr_carea' id='block_1_49' title="bbox 1997 2243 3200 2318">
    <p class='ocr_par' dir='ltr' id='par_1_49' title="bbox 1997 2243 3200 2318">
     <span class='ocr_line' id='line_1_49' title="bbox 1997 2243 3200 2318; baseline -0.005 -16"><span class='ocrx_word' id='word_1_388' title='bbox 1997 2247 2051 2302; x_wconf 87' lang='grc' dir='ltr'>ιο</span> <span class='ocrx_word' id='word_1_389' title='bbox 2074 2255 2271 2318; x_wconf 88' lang='lat' dir='ltr'><strong>patruo</strong></span> <span class='ocrx_word' id='word_1_390' title='bbox 2308 2262 2410 2301; x_wconf 92' lang='lat' dir='ltr'><strong>suo</strong></span> <span class='ocrx_word' id='word_1_391' title='bbox 2437 2245 2805 2308; x_wconf 87' lang='lat' dir='ltr'><strong>dissensisset,</strong></span> <span class='ocrx_word' id='word_1_392' title='bbox 2850 2243 3141 2314; x_wconf 87' lang='lat' dir='ltr'><strong>persuasit.</strong></span> <span class='ocrx_word' id='word_1_393' title='bbox 3180 2261 3200 2295; x_wconf 67' lang='grc' dir='ltr'><strong>ι</strong></span> 
     </span>
    </p>
   </div>
   <div class='ocr_carea' id='block_1_50' title="bbox 2062 2356 3586 2429">
    <p class='ocr_par' dir='ltr' id='par_1_50' title="bbox 2062 2356 3586 2429">
     <span class='ocr_line' id='line_1_50' title="bbox 2062 2356 3586 2429; baseline -0.002 -15"><span class='ocrx_word' id='word_1_394' title='bbox 2062 2360 2149 2414; x_wconf 77' lang='lat'><strong>32.</strong></span> <span class='ocrx_word' id='word_1_395' title='bbox 2178 2360 2340 2415; x_wconf 85' lang='lat' dir='ltr'><strong>Attici</strong></span> <span class='ocrx_word' id='word_1_396' title='bbox 2364 2360 2650 2429; x_wconf 85' lang='lat' dir='ltr'><strong>epistolam</strong></span> <span class='ocrx_word' id='word_1_397' title='bbox 2680 2358 2933 2413; x_wconf 91' lang='lat' dir='ltr'><strong>dedimus</strong></span> <span class='ocrx_word' id='word_1_398' title='bbox 2957 2375 3050 2413; x_wconf 85' lang='lat' dir='ltr'><strong>vm</strong></span> <span class='ocrx_word' id='word_1_399' title='bbox 3078 2357 3325 2413; x_wconf 87' lang='lat' dir='ltr'><strong>Januarii</strong></span> <span class='ocrx_word' id='word_1_400' title='bbox 3359 2356 3586 2428; x_wconf 86' lang='lat' dir='ltr'><strong>:Cyrilli</strong></span> 
     </span>
    </p>
   </div>
   <div class='ocr_carea' id='block_1_51' title="bbox 1997 2449 3586 2521">
    <p class='ocr_par' dir='ltr' id='par_1_51' title="bbox 1997 2449 3586 2521">
     <span class='ocr_line' id='line_1_51' title="bbox 1997 2449 3586 2521; baseline -0.002 -16"><span class='ocrx_word' id='word_1_401' title='bbox 1997 2466 2317 2521; x_wconf 88' lang='lat' dir='ltr'><strong>responsum</strong></span> <span class='ocrx_word' id='word_1_402' title='bbox 2354 2451 2445 2505; x_wconf 92' lang='lat' dir='ltr'><strong>hic</strong></span> <span class='ocrx_word' id='word_1_403' title='bbox 2476 2466 2545 2505; x_wconf 91' lang='lat' dir='ltr'><strong>ne</strong></span> <span class='ocrx_word' id='word_1_404' title='bbox 2583 2450 2767 2514; x_wconf 91' lang='lat' dir='ltr'><strong>detur,</strong></span> <span class='ocrx_word' id='word_1_405' title='bbox 2796 2449 3028 2505; x_wconf 90' lang='lat' dir='ltr'><strong>nimium</strong></span> <span class='ocrx_word' id='word_1_406' title='bbox 3067 2449 3339 2504; x_wconf 90' lang='lat' dir='ltr'><strong>alienatus</strong></span> <span class='ocrx_word' id='word_1_407' title='bbox 3370 2449 3519 2504; x_wconf 90' lang='lat' dir='ltr'><strong>illius</strong></span> <span class='ocrx_word' id='word_1_408' title='bbox 3556 2465 3586 2502; x_wconf 87' lang='lat' dir='ltr'><strong>a</strong></span> 
     </span>
    </p>
   </div>
   <div class='ocr_carea' id='block_1_52' title="bbox 1994 2537 3583 2597">
    <p class='ocr_par' dir='ltr' id='par_1_52' title="bbox 1994 2537 3583 2597">
     <span class='ocr_line' id='line_1_52' title="bbox 1994 2537 3583 2597; baseline -0.003 -1"><span class='ocrx_word' id='word_1_409' title='bbox 1994 2542 2201 2597; x_wconf 88' lang='lat' dir='ltr'><strong>Joanne</strong></span> <span class='ocrx_word' id='word_1_410' title='bbox 2222 2542 2437 2595; x_wconf 87' lang='lat' dir='ltr'><strong>animus</strong></span> <span class='ocrx_word' id='word_1_411' title='bbox 2456 2550 2513 2595; x_wconf 91' lang='lat' dir='ltr'><strong>et</strong></span> <span class='ocrx_word' id='word_1_412' title='bbox 2534 2539 2779 2595; x_wconf 69' lang='lat' dir='ltr'><strong>offensus</strong></span> <span class='ocrx_word' id='word_1_413' title='bbox 2806 2548 2974 2594; x_wconf 86' lang='lat' dir='ltr'><strong>vetat.</strong></span> <span class='ocrx_word' id='word_1_414' title='bbox 3004 2537 3409 2594; x_wconf 87' lang='lat' dir='ltr'><strong>Oblitterentur</strong></span> <span class='ocrx_word' id='word_1_415' title='bbox 3428 2552 3583 2597; x_wconf 82' lang='lat' dir='ltr'><strong>sane.</strong></span> 
     </span>
    </p>
   </div>
   <div class='ocr_carea' id='block_1_53' title="bbox 1994 2627 3588 2701">
    <p class='ocr_par' dir='ltr' id='par_1_53' title="bbox 1994 2627 3588 2701">
     <span class='ocr_line' id='line_1_53' title="bbox 1994 2627 3588 2701; baseline -0.003 -16"><span class='ocrx_word' id='word_1_416' title='bbox 1994 2632 2038 2685; x_wconf 90' lang='lat' dir='ltr'><strong>si</strong></span> <span class='ocrx_word' id='word_1_417' title='bbox 2079 2646 2201 2701; x_wconf 64' lang='lat' dir='ltr'><strong>qua:</strong></span> <span class='ocrx_word' id='word_1_418' title='bbox 2244 2646 2353 2686; x_wconf 90' lang='lat' dir='ltr'><strong>non</strong></span> <span class='ocrx_word' id='word_1_419' title='bbox 2382 2632 2557 2685; x_wconf 86' lang='lat' dir='ltr'><strong>solum</strong></span> <span class='ocrx_word' id='word_1_420' title='bbox 2587 2631 2727 2685; x_wconf 88' lang='lat' dir='ltr'><strong>male</strong></span> <span class='ocrx_word' id='word_1_421' title='bbox 2759 2639 2915 2700; x_wconf 86' lang='lat' dir='ltr'><strong>gesta</strong></span> <span class='ocrx_word' id='word_1_422' title='bbox 2952 2645 2983 2683; x_wconf 91' lang='lat' dir='ltr'><strong>a</strong></span> <span class='ocrx_word' id='word_1_423' title='bbox 3024 2628 3251 2694; x_wconf 88' lang='lat' dir='ltr'><strong>sanctis,</strong></span> <span class='ocrx_word' id='word_1_424' title='bbox 3288 2627 3385 2683; x_wconf 89' lang='lat' dir='ltr'><strong>sed</strong></span> <span class='ocrx_word' id='word_1_425' title='bbox 3428 2628 3588 2698; x_wconf 80' lang='lat' dir='ltr'><strong>pejus</strong></span> 
     </span>
    </p>
   </div>
   <div class='ocr_carea' id='block_1_54' title="bbox 1993 2717 3585 2786">
    <p class='ocr_par' dir='ltr' id='par_1_54' title="bbox 1993 2717 3585 2786">
     <span class='ocr_line' id='line_1_54' title="bbox 1993 2717 3585 2786; baseline -0.004 -9"><span class='ocrx_word' id='word_1_426' title='bbox 1993 2723 2158 2777; x_wconf 88' lang='lat' dir='ltr'><strong>etiam</strong></span> <span class='ocrx_word' id='word_1_427' title='bbox 2179 2722 2402 2778; x_wconf 88' lang='lat' dir='ltr'><strong>defensa</strong></span> <span class='ocrx_word' id='word_1_428' title='bbox 2431 2730 2579 2786; x_wconf 90' lang='lat' dir='ltr'><strong>sunt,</strong></span> <span class='ocrx_word' id='word_1_429' title='bbox 2607 2730 2670 2776; x_wconf 92' lang='lat' dir='ltr'><strong>ut</strong></span> <span class='ocrx_word' id='word_1_430' title='bbox 2694 2737 2805 2776; x_wconf 90' lang='lat' dir='ltr'><strong>non</strong></span> <span class='ocrx_word' id='word_1_431' title='bbox 2837 2729 2947 2775; x_wconf 89' lang='lat' dir='ltr'><strong>tam</strong></span> <span class='ocrx_word' id='word_1_432' title='bbox 2984 2719 3216 2775; x_wconf 90' lang='lat' dir='ltr'><strong>cicatrix</strong></span> <span class='ocrx_word' id='word_1_433' title='bbox 3246 2719 3448 2774; x_wconf 90' lang='lat' dir='ltr'><strong>decore</strong></span> <span class='ocrx_word' id='word_1_434' title='bbox 3482 2717 3585 2772; x_wconf 88' lang='lat' dir='ltr'><strong>oh-</strong></span> 
     </span>
    </p>
   </div>
   <div class='ocr_carea' id='block_1_55' title="bbox 1993 2807 3586 2883">
    <p class='ocr_par' dir='ltr' id='par_1_55' title="bbox 1993 2807 3586 2883">
     <span class='ocr_line' id='line_1_55' title="bbox 1993 2807 3586 2883; baseline -0.003 -15"><span class='ocrx_word' id='word_1_435' title='bbox 1993 2813 2178 2879; x_wconf 89' lang='lat' dir='ltr'><strong>ducta,</strong></span> <span class='ocrx_word' id='word_1_436' title='bbox 2205 2829 2369 2883; x_wconf 90' lang='lat' dir='ltr'><strong>quam</strong></span> <span class='ocrx_word' id='word_1_437' title='bbox 2399 2812 2542 2869; x_wconf 65' lang='lat' dir='ltr'><strong>finde</strong></span> <span class='ocrx_word' id='word_1_438' title='bbox 2578 2812 2881 2867; x_wconf 87' lang='lat' dir='ltr'><strong>etiamnum</strong></span> <span class='ocrx_word' id='word_1_439' title='bbox 2918 2811 3078 2866; x_wconf 90' lang='lat' dir='ltr'><strong>hians</strong></span> <span class='ocrx_word' id='word_1_440' title='bbox 3112 2820 3167 2865; x_wconf 90' lang='lat' dir='ltr'><strong>ct</strong></span> <span class='ocrx_word' id='word_1_441' title='bbox 3211 2809 3364 2864; x_wconf 90' lang='lat' dir='ltr'><strong>sanie</strong></span> <span class='ocrx_word' id='word_1_442' title='bbox 3408 2807 3586 2864; x_wconf 81' lang='lat' dir='ltr'><strong>ﬂuens</strong></span> 
     </span>
    </p>
   </div>
   <div class='ocr_carea' id='block_1_56' title="bbox 1993 2901 3584 2973">
    <p class='ocr_par' dir='ltr' id='par_1_56' title="bbox 1993 2901 3584 2973">
     <span class='ocr_line' id='line_1_56' title="bbox 1993 2901 3584 2973; baseline -0.003 -15"><span class='ocrx_word' id='word_1_443' title='bbox 1993 2905 2193 2959; x_wconf 79' lang='lat' dir='ltr'><strong>vulnus</strong></span> <span class='ocrx_word' id='word_1_444' title='bbox 2223 2904 2402 2959; x_wconf 91' lang='lat' dir='ltr'><strong>videri</strong></span> <span class='ocrx_word' id='word_1_445' title='bbox 2440 2903 2672 2973; x_wconf 83' lang='lat' dir='ltr'><strong>possint.</strong></span> <span class='ocrx_word' id='word_1_446' title='bbox 2706 2904 2811 2959; x_wconf 86' lang='lat' dir='ltr'><strong>Eas</strong></span> <span class='ocrx_word' id='word_1_447' title='bbox 2836 2904 3049 2959; x_wconf 85' lang='lat' dir='ltr'><strong>litteras</strong></span> <span class='ocrx_word' id='word_1_448' title='bbox 3078 2903 3183 2958; x_wconf 71' lang='lat' dir='ltr'><strong>ubi.</strong></span> <span class='ocrx_word' id='word_1_449' title='bbox 3208 2918 3329 2972; x_wconf 89' lang='lat' dir='ltr'><strong>cap.</strong></span> <span class='ocrx_word' id='word_1_450' title='bbox 3354 2901 3435 2971; x_wconf 53' lang='lat'><strong>127</strong></span> <span class='ocrx_word' id='word_1_451' title='bbox 3493 2917 3584 2955; x_wconf 89' lang='lat' dir='ltr'><strong>re-</strong></span> 
     </span>
    </p>
   </div>
   <div class='ocr_carea' id='block_1_57' title="bbox 1993 2994 3585 3067">
    <p class='ocr_par' dir='ltr' id='par_1_57' title="bbox 1993 2994 3585 3067">
     <span class='ocr_line' id='line_1_57' title="bbox 1993 2994 3585 3067; baseline -0.003 -15"><span class='ocrx_word' id='word_1_452' title='bbox 1993 2996 2181 3053; x_wconf 85' lang='lat' dir='ltr'><strong>citavit</strong></span> <span class='ocrx_word' id='word_1_453' title='bbox 2217 2997 2579 3067; x_wconf 86' lang='lat' dir='ltr'><strong>Nicephorus,</strong></span> <span class='ocrx_word' id='word_1_454' title='bbox 2608 2998 2682 3052; x_wconf 87' lang='lat' dir='ltr'><strong>ita</strong></span> <span class='ocrx_word' id='word_1_455' title='bbox 2714 3012 2833 3066; x_wconf 86' lang='lat' dir='ltr'><strong>cap.</strong></span> <span class='ocrx_word' id='word_1_456' title='bbox 2858 2998 2930 3051; x_wconf 75' lang='lat'><strong>28</strong></span> <span class='ocrx_word' id='word_1_457' title='bbox 2978 2997 3174 3052; x_wconf 90' lang='lat' dir='ltr'><strong>scribit</strong></span> <span class='ocrx_word' id='word_1_458' title='bbox 3203 3013 3231 3050; x_wconf 14' lang='lat'><strong>:7</strong></span> <span class='ocrx_word' id='word_1_459' title='bbox 3263 3013 3283 3047; x_wconf 70' lang='grc' dir='ltr'><strong>ι</strong></span> <span class='ocrx_word' id='word_1_460' title='bbox 3316 2995 3445 3052; x_wconf 64' lang='lat' dir='ltr'><strong>Haec</strong></span> <span class='ocrx_word' id='word_1_461' title='bbox 3461 2994 3585 3064; x_wconf 88' lang='lat' dir='ltr'><strong>qui-</strong></span> 
     </span>
    </p>
   </div>
   <div class='ocr_carea' id='block_1_58' title="bbox 1994 3085 3585 3159">
    <p class='ocr_par' dir='ltr' id='par_1_58' title="bbox 1994 3085 3585 3159">
     <span class='ocr_line' id='line_1_58' title="bbox 1994 3085 3585 3159; baseline -0.003 -16"><span class='ocrx_word' id='word_1_462' title='bbox 1994 3087 2118 3143; x_wconf 90' lang='lat' dir='ltr'><strong>dem</strong></span> <span class='ocrx_word' id='word_1_463' title='bbox 2153 3087 2392 3159; x_wconf 82' lang='lat' dir='ltr'><strong>Cyrillus</strong></span> <span class='ocrx_word' id='word_1_464' title='bbox 2436 3090 2503 3143; x_wconf 91' lang='lat' dir='ltr'><strong>de</strong></span> <span class='ocrx_word' id='word_1_465' title='bbox 2541 3103 2694 3143; x_wconf 84' lang='lat' dir='ltr'><strong>sacro</strong></span> <span class='ocrx_word' id='word_1_466' title='bbox 2740 3087 3131 3158; x_wconf 87' lang='lat' dir='ltr'><strong>Chrysostomo</strong></span> <span class='ocrx_word' id='word_1_467' title='bbox 3178 3094 3236 3142; x_wconf 90' lang='lat' dir='ltr'><strong>et</strong></span> <span class='ocrx_word' id='word_1_468' title='bbox 3272 3085 3494 3155; x_wconf 88' lang='lat' dir='ltr'><strong>scripsit</strong></span> <span class='ocrx_word' id='word_1_469' title='bbox 3527 3094 3585 3139; x_wconf 87' lang='lat' dir='ltr'><strong>et</strong></span> 
     </span>
    </p>
   </div>
   <div class='ocr_carea' id='block_1_59' title="bbox 295 3153 1895 3254">
    <p class='ocr_par' dir='ltr' id='par_1_59' title="bbox 295 3153 1891 3226">
     <span class='ocr_line' id='line_1_59' title="bbox 295 3153 1891 3226; baseline 0.009 -21"><span class='ocrx_word' id='word_1_470' title='bbox 295 3153 658 3221; x_wconf 87' lang='lat' dir='ltr'><strong>semetipsum</strong></span> <span class='ocrx_word' id='word_1_471' title='bbox 717 3154 1044 3224; x_wconf 64' lang='lat' dir='ltr'><strong>praedicabat</strong></span> <span class='ocrx_word' id='word_1_472' title='bbox 1093 3157 1223 3226; x_wconf 90' lang='lat' dir='ltr'><strong>quia</strong></span> <span class='ocrx_word' id='word_1_473' title='bbox 1269 3158 1434 3215; x_wconf 92' lang='lat' dir='ltr'><strong>homo</strong></span> <span class='ocrx_word' id='word_1_474' title='bbox 1479 3171 1626 3217; x_wconf 89' lang='lat' dir='ltr'><strong>esset</strong></span> <span class='ocrx_word' id='word_1_475' title='bbox 1664 3162 1891 3218; x_wconf 68' lang='lat' dir='ltr'><strong>Melchi-</strong></span> 
     </span>
    </p>
   </div>
   <div class='ocr_carea' id='block_1_60' title="bbox 1998 3153 3585 3254">
    <p class='ocr_par' dir='ltr' id='par_1_60' title="bbox 1998 3153 3585 3248">
     <span class='ocr_line' id='line_1_60' title="bbox 1998 3153 3585 3248; baseline -0.004 -15"><span class='ocrx_word' id='word_1_476' title='bbox 1998 3153 2531 3248; x_wconf 65' lang='lat' dir='ltr'><strong>sensit,praasumptaa</strong></span> <span class='ocrx_word' id='word_1_477' title='bbox 2548 3176 2795 3246; x_wconf 90' lang='lat' dir='ltr'><strong>opinioni</strong></span> <span class='ocrx_word' id='word_1_478' title='bbox 2820 3153 3146 3240; x_wconf 77' lang='lat' dir='ltr'><strong>inserviens,</strong></span> <span class='ocrx_word' id='word_1_479' title='bbox 3170 3190 3333 3246; x_wconf 89' lang='lat' dir='ltr'><strong>quam</strong></span> <span class='ocrx_word' id='word_1_480' title='bbox 3351 3153 3585 3238; x_wconf 75' lang='lat' dir='ltr'><strong>dudum,</strong></span> 
     </span>
    </p>
   </div>
   <div class='ocr_carea' id='block_1_61' title="bbox 295 3242 1891 3382">
    <p class='ocr_par' dir='ltr' id='par_1_61' title="bbox 295 3242 1891 3382">
     <span class='ocr_line' id='line_1_61' title="bbox 295 3242 1891 3382; baseline 0.009 -86"><span class='ocrx_word' id='word_1_481' title='bbox 295 3242 523 3382; x_wconf 55' lang='lat' dir='ltr'><strong>:edeﬁh.</strong></span> <span class='ocrx_word' id='word_1_482' title='bbox 556 3244 626 3300; x_wconf 86' lang='lat' dir='ltr'><strong>Et</strong></span> <span class='ocrx_word' id='word_1_483' title='bbox 656 3245 873 3316; x_wconf 85' lang='lat' dir='ltr'><strong>gavisus</strong></span> <span class='ocrx_word' id='word_1_484' title='bbox 908 3256 993 3301; x_wconf 89' lang='lat' dir='ltr'><strong>est</strong></span> <span class='ocrx_word' id='word_1_485' title='bbox 1030 3248 1315 3319; x_wconf 86' lang='lat' dir='ltr'><strong>magnifice</strong></span> <span class='ocrx_word' id='word_1_486' title='bbox 1365 3260 1567 3309; x_wconf 66' lang='lat' dir='ltr'><strong>sanctae</strong></span> <span class='ocrx_word' id='word_1_487' title='bbox 1614 3254 1891 3310; x_wconf 63' lang='lat' dir='ltr'><strong>memoria)</strong></span> 
     </span>
     <span class='ocr_line' id='line_1_62' title="bbox 326 3343 611 3382; baseline 0.025 -6"><span class='ocrx_word' id='word_1_488' title='bbox 326 3343 427 3382; x_wconf 87' lang='lat' dir='ltr'><strong>.vn</strong></span> <span class='ocrx_word' id='word_1_489' title='bbox 472 3344 555 3382; x_wconf 90' lang='lat' dir='ltr'><strong>us.</strong></span> <span class='ocrx_word' id='word_1_490' title='bbox 592 3349 611 3382; x_wconf 76' lang='grc' dir='ltr'><strong>ι</strong></span> 
     </span>
    </p>
   </div>
   <div class='ocr_carea' id='block_1_62' title="bbox 326 3343 611 3397">
    <p class='ocr_par' dir='ltr' id='par_1_62' title="bbox 326 3343 611 3397">
     <span class='ocr_line' id='line_1_63' title="bbox 326 3343 611 3397; baseline 0.025 -21"><span class='ocrx_word' id='word_1_491' title='bbox 326 3343 555 3397; x_wconf 80' lang='lat' dir='ltr'><strong>.yrtuus.</strong></span> <span class='ocrx_word' id='word_1_492' title='bbox 592 3349 611 3382; x_wconf 76' lang='grc' dir='ltr'><strong>ι</strong></span> 
     </span>
    </p>
   </div>
   <div class='ocr_carea' id='block_1_63' title="bbox 329 3483 1839 3567">
    <p class='ocr_par' dir='ltr' id='par_1_63' title="bbox 329 3483 1839 3567">
     <span class='ocr_line' id='line_1_64' title="bbox 329 3483 1839 3567; baseline 0.005 -27"><span class='ocrx_word' id='word_1_493' title='bbox 329 3483 363 3552; x_wconf 69' lang='lat'><strong>5</strong></span> <span class='ocrx_word' id='word_1_494' title='bbox 390 3485 475 3541; x_wconf 82' lang='lat' dir='ltr'><strong>VI.</strong></span> <span class='ocrx_word' id='word_1_495' title='bbox 517 3485 723 3544; x_wconf 82' lang='lat' dir='ltr'><strong>Nomen</strong></span> <span class='ocrx_word' id='word_1_496' title='bbox 749 3490 806 3547; x_wconf 91' lang='lat' dir='ltr'><strong>S.</strong></span> <span class='ocrx_word' id='word_1_497' title='bbox 833 3492 1187 3565; x_wconf 78' lang='lat' dir='ltr'><strong>Chrysostomi</strong></span> <span class='ocrx_word' id='word_1_498' title='bbox 1229 3494 1485 3567; x_wconf 77' lang='lat' dir='ltr'><strong>diptychis</strong></span> <span class='ocrx_word' id='word_1_499' title='bbox 1508 3494 1839 3566; x_wconf 74' lang='lat' dir='ltr'><strong>inscriptum.</strong></span> 
     </span>
    </p>
   </div>
   <div class='ocr_carea' id='block_1_64' title="bbox 371 3614 1890 3699">
    <p class='ocr_par' dir='ltr' id='par_1_64' title="bbox 371 3614 1890 3699">
     <span class='ocr_line' id='line_1_65' title="bbox 371 3614 1890 3699; baseline 0.009 -30"><span class='ocrx_word' id='word_1_500' title='bbox 371 3614 460 3669; x_wconf 79' lang='lat'><strong>30.</strong></span> <span class='ocrx_word' id='word_1_501' title='bbox 509 3615 897 3677; x_wconf 88' lang='lat' dir='ltr'><strong>Controversia</strong></span> <span class='ocrx_word' id='word_1_502' title='bbox 946 3624 1062 3680; x_wconf 70' lang='lat' dir='ltr'><strong>haec</strong></span> <span class='ocrx_word' id='word_1_503' title='bbox 1111 3626 1309 3691; x_wconf 89' lang='lat' dir='ltr'><strong>omnis,</strong></span> <span class='ocrx_word' id='word_1_504' title='bbox 1362 3626 1641 3684; x_wconf 88' lang='lat' dir='ltr'><strong>diuturnis</strong></span> <span class='ocrx_word' id='word_1_505' title='bbox 1690 3627 1890 3699; x_wconf 82' lang='lat' dir='ltr'><strong>agitata</strong></span> 
     </span>
    </p>
   </div>
   <div class='ocr_carea' id='block_1_65' title="bbox 294 3704 1891 3787">
    <p class='ocr_par' dir='ltr' id='par_1_65' title="bbox 294 3704 1891 3787">
     <span class='ocr_line' id='line_1_66' title="bbox 294 3704 1891 3787; baseline 0.009 -31"><span class='ocrx_word' id='word_1_506' title='bbox 294 3704 519 3769; x_wconf 82' lang='lat' dir='ltr'><strong>studiis,</strong></span> <span class='ocrx_word' id='word_1_507' title='bbox 550 3708 881 3780; x_wconf 90' lang='lat' dir='ltr'><strong>tandemque</strong></span> <span class='ocrx_word' id='word_1_508' title='bbox 928 3713 1158 3768; x_wconf 84' lang='lat' dir='ltr'><strong>Romani</strong></span> <span class='ocrx_word' id='word_1_509' title='bbox 1204 3714 1479 3784; x_wconf 80' lang='lat' dir='ltr'><strong>pontificis</strong></span> <span class='ocrx_word' id='word_1_510' title='bbox 1515 3715 1715 3787; x_wconf 83' lang='lat' dir='ltr'><strong>insigni</strong></span> <span class='ocrx_word' id='word_1_511' title='bbox 1754 3730 1891 3771; x_wconf 83' lang='lat' dir='ltr'><strong>cou-</strong></span> 
     </span>
    </p>
   </div>
   <div class='ocr_carea' id='block_1_66' title="bbox 296 3794 1890 3875">
    <p class='ocr_par' dir='ltr' id='par_1_66' title="bbox 296 3794 1890 3875">
     <span class='ocr_line' id='line_1_67' title="bbox 296 3794 1890 3875; baseline 0.009 -29"><span class='ocrx_word' id='word_1_512' title='bbox 296 3794 523 3861; x_wconf 84' lang='lat' dir='ltr'><strong>stantia,</strong></span> <span class='ocrx_word' id='word_1_513' title='bbox 573 3795 888 3857; x_wconf 78' lang='lat' dir='ltr'><strong>felicissime</strong></span> <span class='ocrx_word' id='word_1_514' title='bbox 928 3818 995 3856; x_wconf 90' lang='lat' dir='ltr'><strong>ex</strong></span> <span class='ocrx_word' id='word_1_515' title='bbox 1035 3818 1315 3859; x_wconf 83' lang='lat' dir='ltr'><strong>sacrarum</strong></span> <span class='ocrx_word' id='word_1_516' title='bbox 1361 3804 1541 3875; x_wconf 92' lang='lat' dir='ltr'><strong>legum</strong></span> <span class='ocrx_word' id='word_1_517' title='bbox 1584 3806 1890 3861; x_wconf 83' lang='lat' dir='ltr'><strong>reverentia</strong></span> 
     </span>
    </p>
   </div>
   <div class='ocr_carea' id='block_1_67' title="bbox 298 3888 1888 3967">
    <p class='ocr_par' dir='ltr' id='par_1_67' title="bbox 298 3888 1888 3967">
     <span class='ocr_line' id='line_1_68' title="bbox 298 3888 1888 3967; baseline 0.006 -27"><span class='ocrx_word' id='word_1_518' title='bbox 298 3888 615 3955; x_wconf 82' lang='lat' dir='ltr'><strong>terminata,</strong></span> <span class='ocrx_word' id='word_1_519' title='bbox 650 3891 812 3961; x_wconf 88' lang='lat' dir='ltr'><strong>plene</strong></span> <span class='ocrx_word' id='word_1_520' title='bbox 836 3903 921 3949; x_wconf 89' lang='lat' dir='ltr'><strong>est</strong></span> <span class='ocrx_word' id='word_1_521' title='bbox 956 3910 987 3949; x_wconf 89' lang='lat' dir='ltr'><strong>a</strong></span> <span class='ocrx_word' id='word_1_522' title='bbox 1009 3895 1172 3950; x_wconf 90' lang='lat' dir='ltr'><strong>nobis</strong></span> <span class='ocrx_word' id='word_1_523' title='bbox 1202 3897 1270 3951; x_wconf 90' lang='lat' dir='ltr'><strong>ad</strong></span> <span class='ocrx_word' id='word_1_524' title='bbox 1299 3896 1476 3951; x_wconf 84' lang='lat' dir='ltr'><strong>Vitam</strong></span> <span class='ocrx_word' id='word_1_525' title='bbox 1504 3896 1559 3951; x_wconf 90' lang='lat' dir='ltr'><strong>S.</strong></span> <span class='ocrx_word' id='word_1_526' title='bbox 1582 3896 1745 3952; x_wconf 80' lang='lat' dir='ltr'><strong>Attici</strong></span> <span class='ocrx_word' id='word_1_527' title='bbox 1769 3897 1888 3967; x_wconf 83' lang='lat' dir='ltr'><strong>epi-</strong></span> 
     </span>
    </p>
   </div>
   <div class='ocr_carea' id='block_1_68' title="bbox 295 3979 1891 4055">
    <p class='ocr_par' dir='ltr' id='par_1_68' title="bbox 295 3979 1891 4055">
     <span class='ocr_line' id='line_1_69' title="bbox 295 3979 1891 4055; baseline 0.007 -23"><span class='ocrx_word' id='word_1_528' title='bbox 295 3979 449 4048; x_wconf 86' lang='lat' dir='ltr'><strong>scopi</strong></span> <span class='ocrx_word' id='word_1_529' title='bbox 478 3980 1074 4055; x_wconf 85' lang='lat' dir='ltr'><strong>Constantinopolitani</strong></span> <span class='ocrx_word' id='word_1_530' title='bbox 1117 4002 1209 4042; x_wconf 76' lang='lat' dir='ltr'><strong>vni</strong></span> <span class='ocrx_word' id='word_1_531' title='bbox 1248 3988 1494 4044; x_wconf 88' lang='lat' dir='ltr'><strong>Januarii</strong></span> <span class='ocrx_word' id='word_1_532' title='bbox 1526 3988 1791 4053; x_wconf 88' lang='lat' dir='ltr'><strong>discussa,</strong></span> <span class='ocrx_word' id='word_1_533' title='bbox 1834 3997 1891 4043; x_wconf 91' lang='lat' dir='ltr'><strong>et</strong></span> 
     </span>
    </p>
   </div>
   <div class='ocr_carea' id='block_1_69' title="bbox 296 4071 1889 4150">
    <p class='ocr_par' dir='ltr' id='par_1_69' title="bbox 296 4071 1889 4150">
     <span class='ocr_line' id='line_1_70' title="bbox 296 4071 1889 4150; baseline 0.006 -25"><span class='ocrx_word' id='word_1_534' title='bbox 296 4071 513 4143; x_wconf 87' lang='lat' dir='ltr'><strong>singula</strong></span> <span class='ocrx_word' id='word_1_535' title='bbox 549 4074 668 4129; x_wconf 90' lang='lat' dir='ltr'><strong>suis</strong></span> <span class='ocrx_word' id='word_1_536' title='bbox 687 4078 1028 4146; x_wconf 88' lang='lat' dir='ltr'><strong>temporibus</strong></span> <span class='ocrx_word' id='word_1_537' title='bbox 1052 4089 1177 4150; x_wconf 90' lang='lat' dir='ltr'><strong>apte</strong></span> <span class='ocrx_word' id='word_1_538' title='bbox 1199 4081 1470 4136; x_wconf 88' lang='lat' dir='ltr'><strong>restituta.</strong></span> <span class='ocrx_word' id='word_1_539' title='bbox 1503 4080 1603 4135; x_wconf 84' lang='lat' dir='ltr'><strong>llic</strong></span> <span class='ocrx_word' id='word_1_540' title='bbox 1623 4096 1686 4135; x_wconf 91' lang='lat' dir='ltr'><strong>ea</strong></span> <span class='ocrx_word' id='word_1_541' title='bbox 1712 4081 1889 4135; x_wconf 89' lang='lat' dir='ltr'><strong>solum</strong></span> 
     </span>
    </p>
   </div>
   <div class='ocr_carea' id='block_1_70' title="bbox 295 4164 1889 4242">
    <p class='ocr_par' dir='ltr' id='par_1_70' title="bbox 295 4164 1889 4242">
     <span class='ocr_line' id='line_1_71' title="bbox 295 4164 1889 4242; baseline 0.006 -25"><span class='ocrx_word' id='word_1_542' title='bbox 295 4178 423 4232; x_wconf 75' lang='lat' dir='ltr'><strong>qua:</strong></span> <span class='ocrx_word' id='word_1_543' title='bbox 445 4164 513 4219; x_wconf 93' lang='lat' dir='ltr'><strong>ad</strong></span> <span class='ocrx_word' id='word_1_544' title='bbox 533 4164 801 4236; x_wconf 89' lang='lat' dir='ltr'><strong>Cyrillum</strong></span> <span class='ocrx_word' id='word_1_545' title='bbox 832 4172 1111 4239; x_wconf 89' lang='lat' dir='ltr'><strong>pertinent</strong></span> <span class='ocrx_word' id='word_1_546' title='bbox 1131 4171 1495 4242; x_wconf 82' lang='lat' dir='ltr'><strong>proferemus.</strong></span> <span class='ocrx_word' id='word_1_547' title='bbox 1516 4173 1734 4228; x_wconf 88' lang='lat' dir='ltr'><strong>Nicetas</strong></span> <span class='ocrx_word' id='word_1_548' title='bbox 1759 4173 1889 4227; x_wconf 81' lang='lat' dir='ltr'><strong>Phi-</strong></span> 
     </span>
    </p>
   </div>
   <div class='ocr_carea' id='block_1_71' title="bbox 296 4255 1887 4328">
    <p class='ocr_par' dir='ltr' id='par_1_71' title="bbox 296 4255 1887 4328">
     <span class='ocr_line' id='line_1_72' title="bbox 296 4255 1887 4328; baseline 0.006 -19"><span class='ocrx_word' id='word_1_549' title='bbox 296 4255 588 4326; x_wconf 89' lang='lat' dir='ltr'><strong>losophus,</strong></span> <span class='ocrx_word' id='word_1_550' title='bbox 624 4256 861 4314; x_wconf 91' lang='lat' dir='ltr'><strong>Baronio</strong></span> <span class='ocrx_word' id='word_1_551' title='bbox 890 4268 1039 4316; x_wconf 90' lang='lat' dir='ltr'><strong>tomo</strong></span> <span class='ocrx_word' id='word_1_552' title='bbox 1067 4261 1135 4327; x_wconf 80' lang='grc' dir='ltr'><strong>Χ,</strong></span> <span class='ocrx_word' id='word_1_553' title='bbox 1165 4278 1253 4317; x_wconf 91' lang='lat' dir='ltr'><strong>an.</strong></span> <span class='ocrx_word' id='word_1_554' title='bbox 1277 4262 1409 4319; x_wconf 80' lang='lat' dir='ltr'><strong>Chr.</strong></span> <span class='ocrx_word' id='word_1_555' title='bbox 1446 4256 1753 4328; x_wconf 45' lang='lat' dir='ltr'><strong>848,&#39;num.</strong></span> <span class='ocrx_word' id='word_1_556' title='bbox 1798 4264 1887 4327; x_wconf 65' lang='grc'><strong>54,</strong></span> 
     </span>
    </p>
   </div>
   <div class='ocr_carea' id='block_1_72' title="bbox 297 4347 1888 4425">
    <p class='ocr_par' dir='ltr' id='par_1_72' title="bbox 297 4347 1888 4425">
     <span class='ocr_line' id='line_1_73' title="bbox 297 4347 1888 4425; baseline 0.006 -24"><span class='ocrx_word' id='word_1_557' title='bbox 297 4347 656 4404; x_wconf 87' lang='lat' dir='ltr'><strong>fidelissimus</strong></span> <span class='ocrx_word' id='word_1_558' title='bbox 675 4350 911 4421; x_wconf 76' lang='lat' dir='ltr'><strong>scriptor</strong></span> <span class='ocrx_word' id='word_1_559' title='bbox 928 4352 1151 4408; x_wconf 90' lang='lat' dir='ltr'><strong>habitus</strong></span> <span class='ocrx_word' id='word_1_560' title='bbox 1172 4354 1261 4425; x_wconf 90' lang='lat' dir='ltr'><strong>(de</strong></span> <span class='ocrx_word' id='word_1_561' title='bbox 1283 4370 1394 4425; x_wconf 91' lang='lat' dir='ltr'><strong>quo</strong></span> <span class='ocrx_word' id='word_1_562' title='bbox 1433 4371 1562 4410; x_wconf 83' lang='lat' dir='ltr'><strong>xxm</strong></span> <span class='ocrx_word' id='word_1_563' title='bbox 1589 4354 1781 4410; x_wconf 89' lang='lat' dir='ltr'><strong>Octob.</strong></span> <span class='ocrx_word' id='word_1_564' title='bbox 1822 4355 1888 4410; x_wconf 90' lang='lat' dir='ltr'><strong>ad</strong></span> 
     </span>
    </p>
   </div>
   <div class='ocr_carea' id='block_1_73' title="bbox 294 4438 1890 4517">
    <p class='ocr_par' dir='ltr' id='par_1_73' title="bbox 294 4438 1890 4517">
     <span class='ocr_line' id='line_1_74' title="bbox 294 4438 1890 4517; baseline 0.007 -26"><span class='ocrx_word' id='word_1_565' title='bbox 294 4438 475 4497; x_wconf 78' lang='lat' dir='ltr'><strong>Vitam</strong></span> <span class='ocrx_word' id='word_1_566' title='bbox 516 4439 576 4495; x_wconf 90' lang='lat' dir='ltr'><strong>S.</strong></span> <span class='ocrx_word' id='word_1_567' title='bbox 597 4440 794 4511; x_wconf 86' lang='lat' dir='ltr'><strong>lgnatii</strong></span> <span class='ocrx_word' id='word_1_568' title='bbox 827 4442 1160 4501; x_wconf 63' lang='lat' dir='ltr'><strong>Patriarehaa</strong></span> <span class='ocrx_word' id='word_1_569' title='bbox 1185 4444 1796 4517; x_wconf 81' lang='lat' dir='ltr'><strong>Constantinopolitani,</strong></span> <span class='ocrx_word' id='word_1_570' title='bbox 1821 4448 1890 4502; x_wconf 91' lang='lat' dir='ltr'><strong>ab</strong></span> 
     </span>
    </p>
   </div>
   <div class='ocr_carea' id='block_1_74' title="bbox 1990 3267 3577 3339">
    <p class='ocr_par' dir='ltr' id='par_1_74' title="bbox 1990 3267 3577 3339">
     <span class='ocr_line' id='line_1_75' title="bbox 1990 3267 3577 3339; baseline -0.004 -15"><span class='ocrx_word' id='word_1_571' title='bbox 1990 3278 2246 3339; x_wconf 88' lang='lat' dir='ltr'><strong>patruum</strong></span> <span class='ocrx_word' id='word_1_572' title='bbox 2303 3284 2464 3324; x_wconf 92' lang='lat' dir='ltr'><strong>suum</strong></span> <span class='ocrx_word' id='word_1_573' title='bbox 2520 3267 2887 3337; x_wconf 86' lang='lat' dir='ltr'><strong>Theophilum</strong></span> <span class='ocrx_word' id='word_1_574' title='bbox 2934 3276 3187 3331; x_wconf 91' lang='lat' dir='ltr'><strong>secutus,</strong></span> <span class='ocrx_word' id='word_1_575' title='bbox 3232 3271 3577 3335; x_wconf 87' lang='lat' dir='ltr'><strong>conceperat.</strong></span> 
     </span>
    </p>
   </div>
   <div class='ocr_carea' id='block_1_75' title="bbox 1990 3351 3578 3424">
    <p class='ocr_par' dir='ltr' id='par_1_75' title="bbox 1990 3351 3578 3424">
     <span class='ocr_line' id='line_1_76' title="bbox 1990 3351 3578 3424; baseline -0.003 -13"><span class='ocrx_word' id='word_1_576' title='bbox 1990 3356 2257 3423; x_wconf 77' lang='lat' dir='ltr'><strong>Quoniam</strong></span> <span class='ocrx_word' id='word_1_577' title='bbox 2287 3372 2419 3411; x_wconf 91' lang='lat' dir='ltr'><strong>vero</strong></span> <span class='ocrx_word' id='word_1_578' title='bbox 2439 3355 2729 3410; x_wconf 90' lang='lat' dir='ltr'><strong>dissidium</strong></span> <span class='ocrx_word' id='word_1_579' title='bbox 2748 3354 2855 3409; x_wconf 92' lang='lat' dir='ltr'><strong>hoc</strong></span> <span class='ocrx_word' id='word_1_580' title='bbox 2874 3353 3098 3424; x_wconf 89' lang='lat' dir='ltr'><strong>quidem</strong></span> <span class='ocrx_word' id='word_1_581' title='bbox 3123 3368 3191 3409; x_wconf 85' lang='lat' dir='ltr'><strong>ex</strong></span> <span class='ocrx_word' id='word_1_582' title='bbox 3209 3351 3578 3416; x_wconf 70' lang='lat' dir='ltr'><strong>aemulatione,</strong></span> 
     </span>
    </p>
   </div>
   <div class='ocr_carea' id='block_1_76' title="bbox 1990 3442 3584 3519">
    <p class='ocr_par' dir='ltr' id='par_1_76' title="bbox 1990 3442 3584 3519">
     <span class='ocr_line' id='line_1_77' title="bbox 1990 3442 3584 3519; baseline -0.004 -16"><span class='ocrx_word' id='word_1_583' title='bbox 1990 3447 2240 3519; x_wconf 86' lang='lat' dir='ltr'><strong>quamvis</strong></span> <span class='ocrx_word' id='word_1_584' title='bbox 2260 3463 2371 3502; x_wconf 91' lang='lat' dir='ltr'><strong>non</strong></span> <span class='ocrx_word' id='word_1_585' title='bbox 2388 3447 2688 3502; x_wconf 87' lang='lat' dir='ltr'><strong>secundum</strong></span> <span class='ocrx_word' id='word_1_586' title='bbox 2716 3445 3031 3509; x_wconf 89' lang='lat' dir='ltr'><strong>scientiam,</strong></span> <span class='ocrx_word' id='word_1_587' title='bbox 3060 3460 3172 3499; x_wconf 88' lang='lat' dir='ltr'><strong>non</strong></span> <span class='ocrx_word' id='word_1_588' title='bbox 3196 3452 3381 3499; x_wconf 88' lang='lat' dir='ltr'><strong>autem</strong></span> <span class='ocrx_word' id='word_1_589' title='bbox 3408 3458 3477 3499; x_wconf 90' lang='lat' dir='ltr'><strong>ex</strong></span> <span class='ocrx_word' id='word_1_590' title='bbox 3498 3442 3584 3497; x_wconf 82' lang='lat' dir='ltr'><strong>in-</strong></span> 
     </span>
    </p>
   </div>
   <div class='ocr_carea' id='block_1_77' title="bbox 1990 3531 3581 3605">
    <p class='ocr_par' dir='ltr' id='par_1_77' title="bbox 1990 3531 3581 3605">
     <span class='ocr_line' id='line_1_78' title="bbox 1990 3531 3581 3605; baseline -0.004 -14"><span class='ocrx_word' id='word_1_591' title='bbox 1990 3537 2169 3602; x_wconf 88' lang='lat' dir='ltr'><strong>vidia,</strong></span> <span class='ocrx_word' id='word_1_592' title='bbox 2216 3550 2395 3605; x_wconf 91' lang='lat' dir='ltr'><strong>neque</strong></span> <span class='ocrx_word' id='word_1_593' title='bbox 2432 3535 2703 3589; x_wconf 89' lang='lat' dir='ltr'><strong>diabolica</strong></span> <span class='ocrx_word' id='word_1_594' title='bbox 2739 3533 3122 3595; x_wconf 91' lang='lat' dir='ltr'><strong>contentione,</strong></span> <span class='ocrx_word' id='word_1_595' title='bbox 3169 3531 3430 3597; x_wconf 86' lang='lat' dir='ltr'><strong>manavit,</strong></span> <span class='ocrx_word' id='word_1_596' title='bbox 3469 3546 3581 3586; x_wconf 87' lang='lat' dir='ltr'><strong>non</strong></span> 
     </span>
    </p>
   </div>
   <div class='ocr_carea' id='block_1_78' title="bbox 1989 3624 3579 3697">
    <p class='ocr_par' dir='ltr' id='par_1_78' title="bbox 1989 3624 3579 3697">
     <span class='ocr_line' id='line_1_79' title="bbox 1989 3624 3579 3697; baseline -0.003 -16"><span class='ocrx_word' id='word_1_597' title='bbox 1989 3637 2247 3697; x_wconf 89' lang='lat' dir='ltr'><strong>oportere</strong></span> <span class='ocrx_word' id='word_1_598' title='bbox 2276 3626 2454 3679; x_wconf 89' lang='lat' dir='ltr'><strong>virum</strong></span> <span class='ocrx_word' id='word_1_599' title='bbox 2487 3635 2544 3680; x_wconf 92' lang='lat' dir='ltr'><strong>et</strong></span> <span class='ocrx_word' id='word_1_600' title='bbox 2576 3626 2829 3680; x_wconf 89' lang='lat' dir='ltr'><strong>doctrina</strong></span> <span class='ocrx_word' id='word_1_601' title='bbox 2871 3634 2941 3685; x_wconf 83' lang='lat' dir='ltr'><strong>et,</strong></span> <span class='ocrx_word' id='word_1_602' title='bbox 2959 3624 3165 3679; x_wconf 86' lang='lat' dir='ltr'><strong>virtute</strong></span> <span class='ocrx_word' id='word_1_603' title='bbox 3206 3631 3579 3694; x_wconf 57' lang='lat' dir='ltr'><strong>praestantem,</strong></span> 
     </span>
    </p>
   </div>
   <div class='ocr_carea' id='block_1_79' title="bbox 1991 3714 3580 3784">
    <p class='ocr_par' dir='ltr' id='par_1_79' title="bbox 1991 3714 3580 3784">
     <span class='ocr_line' id='line_1_80' title="bbox 1991 3714 3580 3784; baseline -0.001 -13"><span class='ocrx_word' id='word_1_604' title='bbox 1991 3717 2095 3773; x_wconf 90' lang='lat' dir='ltr'><strong>hac</strong></span> <span class='ocrx_word' id='word_1_605' title='bbox 2152 3732 2260 3771; x_wconf 87' lang='lat' dir='ltr'><strong>una</strong></span> <span class='ocrx_word' id='word_1_606' title='bbox 2294 3716 2351 3771; x_wconf 90' lang='lat' dir='ltr'><strong>in</strong></span> <span class='ocrx_word' id='word_1_607' title='bbox 2386 3732 2446 3771; x_wconf 90' lang='lat' dir='ltr'><strong>re</strong></span> <span class='ocrx_word' id='word_1_608' title='bbox 2483 3715 2821 3779; x_wconf 90' lang='lat' dir='ltr'><strong>claudicare,</strong></span> <span class='ocrx_word' id='word_1_609' title='bbox 2865 3714 3160 3784; x_wconf 88' lang='lat' dir='ltr'><strong>quominus</strong></span> <span class='ocrx_word' id='word_1_610' title='bbox 3197 3714 3262 3769; x_wconf 85' lang='lat' dir='ltr'><strong>ad</strong></span> <span class='ocrx_word' id='word_1_611' title='bbox 3312 3729 3580 3769; x_wconf 88' lang='lat' dir='ltr'><strong>summam</strong></span> 
     </span>
    </p>
   </div>
   <div class='ocr_carea' id='block_1_80' title="bbox 1989 3805 3584 3879">
    <p class='ocr_par' dir='ltr' id='par_1_80' title="bbox 1989 3805 3584 3879">
     <span class='ocr_line' id='line_1_81' title="bbox 1989 3805 3584 3879; baseline -0.003 -15"><span class='ocrx_word' id='word_1_612' title='bbox 1989 3808 2384 3879; x_wconf 87' lang='lat' dir='ltr'><strong>perfectionem</strong></span> <span class='ocrx_word' id='word_1_613' title='bbox 2432 3807 2767 3878; x_wconf 86' lang='lat' dir='ltr'><strong>perveniret,</strong></span> <span class='ocrx_word' id='word_1_614' title='bbox 2808 3808 2920 3862; x_wconf 91' lang='lat' dir='ltr'><strong>Deo</strong></span> <span class='ocrx_word' id='word_1_615' title='bbox 2951 3806 3131 3860; x_wconf 84' lang='lat' dir='ltr'><strong>visum</strong></span> <span class='ocrx_word' id='word_1_616' title='bbox 3168 3814 3271 3861; x_wconf 92' lang='lat' dir='ltr'><strong>est.</strong></span> <span class='ocrx_word' id='word_1_617' title='bbox 3320 3805 3584 3860; x_wconf 82' lang='lat' dir='ltr'><strong>Homines</strong></span> 
     </span>
    </p>
   </div>
   <div class='ocr_carea' id='block_1_81' title="bbox 1990 3896 3578 3964">
    <p class='ocr_par' dir='ltr' id='par_1_81' title="bbox 1990 3896 3578 3964">
     <span class='ocr_line' id='line_1_82' title="bbox 1990 3896 3578 3964; baseline -0.004 -9"><span class='ocrx_word' id='word_1_618' title='bbox 1990 3901 2137 3955; x_wconf 93' lang='lat' dir='ltr'><strong>enim</strong></span> <span class='ocrx_word' id='word_1_619' title='bbox 2178 3900 2257 3955; x_wconf 91' lang='lat' dir='ltr'><strong>illi</strong></span> <span class='ocrx_word' id='word_1_620' title='bbox 2291 3909 2469 3964; x_wconf 91' lang='lat' dir='ltr'><strong>erant,</strong></span> <span class='ocrx_word' id='word_1_621' title='bbox 2508 3909 2567 3954; x_wconf 91' lang='lat' dir='ltr'><strong>et</strong></span> <span class='ocrx_word' id='word_1_622' title='bbox 2606 3898 2864 3953; x_wconf 90' lang='lat' dir='ltr'><strong>humanis</strong></span> <span class='ocrx_word' id='word_1_623' title='bbox 2900 3897 3285 3953; x_wconf 73' lang='lat' dir='ltr'><strong>aﬁectionibus</strong></span> <span class='ocrx_word' id='word_1_624' title='bbox 3334 3896 3578 3951; x_wconf 90' lang='lat' dir='ltr'><strong>obnoxii.</strong></span> 
     </span>
    </p>
   </div>
   <div class='ocr_carea' id='block_1_82' title="bbox 1990 3988 3579 4063">
    <p class='ocr_par' dir='ltr' id='par_1_82' title="bbox 1990 3988 3579 4063">
     <span class='ocr_line' id='line_1_83' title="bbox 1990 3988 3579 4063; baseline -0.003 -16"><span class='ocrx_word' id='word_1_625' title='bbox 1990 3992 2333 4063; x_wconf 81' lang='lat' dir='ltr'><strong>Quapropter</strong></span> <span class='ocrx_word' id='word_1_626' title='bbox 2359 3992 2803 4062; x_wconf 88' lang='lat' dir='ltr'><strong>aliquanto-post,</strong></span> <span class='ocrx_word' id='word_1_627' title='bbox 2835 3990 3071 4063; x_wconf 90' lang='lat' dir='ltr'><strong>Cyrillus</strong></span> <span class='ocrx_word' id='word_1_628' title='bbox 3095 4002 3221 4045; x_wconf 89' lang='lat' dir='ltr'><strong>cum</strong></span> <span class='ocrx_word' id='word_1_629' title='bbox 3258 4004 3454 4060; x_wconf 87' lang='lat' dir='ltr'><strong>magno</strong></span> <span class='ocrx_word' id='word_1_630' title='bbox 3482 3988 3579 4043; x_wconf 90' lang='lat' dir='ltr'><strong>illo</strong></span> 
     </span>
    </p>
   </div>
   <div class='ocr_carea' id='block_1_83' title="bbox 1990 4079 3579 4153">
    <p class='ocr_par' dir='ltr' id='par_1_83' title="bbox 1990 4079 3579 4153">
     <span class='ocr_line' id='line_1_84' title="bbox 1990 4079 3579 4153; baseline -0.003 -16"><span class='ocrx_word' id='word_1_631' title='bbox 1990 4082 2130 4147; x_wconf 84' lang='lat' dir='ltr'><strong>viro,</strong></span> <span class='ocrx_word' id='word_1_632' title='bbox 2154 4082 2321 4138; x_wconf 90' lang='lat' dir='ltr'><strong>etiam</strong></span> <span class='ocrx_word' id='word_1_633' title='bbox 2345 4082 2615 4153; x_wconf 81' lang='lat' dir='ltr'><strong>post~ejus</strong></span> <span class='ocrx_word' id='word_1_634' title='bbox 2640 4089 2895 4147; x_wconf 90' lang='lat' dir='ltr'><strong>mortem,</strong></span> <span class='ocrx_word' id='word_1_635' title='bbox 2930 4082 2986 4136; x_wconf 90' lang='lat' dir='ltr'><strong>in</strong></span> <span class='ocrx_word' id='word_1_636' title='bbox 3013 4080 3243 4152; x_wconf 89' lang='lat' dir='ltr'><strong>gratiam</strong></span> <span class='ocrx_word' id='word_1_637' title='bbox 3278 4079 3460 4144; x_wconf 90' lang='lat' dir='ltr'><strong>rediit,</strong></span> <span class='ocrx_word' id='word_1_638' title='bbox 3488 4094 3579 4134; x_wconf 91' lang='lat' dir='ltr'><strong>er-</strong></span> 
     </span>
    </p>
   </div>
   <div class='ocr_carea' id='block_1_84' title="bbox 1990 4172 3581 4245">
    <p class='ocr_par' dir='ltr' id='par_1_84' title="bbox 1990 4172 3581 4245">
     <span class='ocr_line' id='line_1_85' title="bbox 1990 4172 3581 4245; baseline -0.002 -17"><span class='ocrx_word' id='word_1_639' title='bbox 1990 4189 2283 4245; x_wconf 89' lang='lat' dir='ltr'><strong>roremque</strong></span> <span class='ocrx_word' id='word_1_640' title='bbox 2312 4190 2473 4229; x_wconf 91' lang='lat' dir='ltr'><strong>suum</strong></span> <span class='ocrx_word' id='word_1_641' title='bbox 2494 4189 2619 4229; x_wconf 91' lang='lat' dir='ltr'><strong>cum</strong></span> <span class='ocrx_word' id='word_1_642' title='bbox 2643 4174 2834 4230; x_wconf 90' lang='lat' dir='ltr'><strong>multis</strong></span> <span class='ocrx_word' id='word_1_643' title='bbox 2865 4174 2988 4228; x_wconf 91' lang='lat' dir='ltr'><strong>aliis</strong></span> <span class='ocrx_word' id='word_1_644' title='bbox 3013 4172 3438 4235; x_wconf 85' lang='lat' dir='ltr'><strong>concitantibus,</strong></span> <span class='ocrx_word' id='word_1_645' title='bbox 3464 4178 3581 4226; x_wconf 91' lang='lat' dir='ltr'><strong>tum</strong></span> 
     </span>
    </p>
   </div>
   <div class='ocr_carea' id='block_1_85' title="bbox 1990 4264 3584 4335">
    <p class='ocr_par' dir='ltr' id='par_1_85' title="bbox 1990 4264 3584 4335">
     <span class='ocr_line' id='line_1_86' title="bbox 1990 4264 3584 4335; baseline -0.004 -14"><span class='ocrx_word' id='word_1_646' title='bbox 1990 4265 2226 4321; x_wconf 90' lang='lat' dir='ltr'><strong>maxime</strong></span> <span class='ocrx_word' id='word_1_647' title='bbox 2252 4266 2462 4321; x_wconf 90' lang='lat' dir='ltr'><strong>Isidoro</strong></span> <span class='ocrx_word' id='word_1_648' title='bbox 2489 4265 2767 4321; x_wconf 86' lang='lat' dir='ltr'><strong>Pelusiota</strong></span> <span class='ocrx_word' id='word_1_649' title='bbox 2791 4280 2940 4321; x_wconf 93' lang='lat' dir='ltr'><strong>nunc</strong></span> <span class='ocrx_word' id='word_1_650' title='bbox 2966 4264 3398 4335; x_wconf 88' lang='lat' dir='ltr'><strong>reprehensione</strong></span> <span class='ocrx_word' id='word_1_651' title='bbox 3433 4275 3584 4317; x_wconf 89' lang='lat' dir='ltr'><strong>nunc</strong></span> 
     </span>
    </p>
   </div>
   <div class='ocr_carea' id='block_1_86' title="bbox 1991 4355 3580 4420">
    <p class='ocr_par' dir='ltr' id='par_1_86' title="bbox 1991 4355 3580 4420">
     <span class='ocr_line' id='line_1_87' title="bbox 1991 4355 3580 4420; baseline -0.003 -8"><span class='ocrx_word' id='word_1_652' title='bbox 1991 4356 2513 4412; x_wconf 79' lang='lat' dir='ltr'><strong>admonitioneeum</strong></span> <span class='ocrx_word' id='word_1_653' title='bbox 2543 4356 2887 4420; x_wconf 89' lang='lat' dir='ltr'><strong>cohortante,</strong></span> <span class='ocrx_word' id='word_1_654' title='bbox 2927 4355 3112 4410; x_wconf 89' lang='lat' dir='ltr'><strong>divina</strong></span> <span class='ocrx_word' id='word_1_655' title='bbox 3135 4356 3299 4410; x_wconf 87' lang='lat' dir='ltr'><strong>etiam</strong></span> <span class='ocrx_word' id='word_1_656' title='bbox 3331 4363 3388 4408; x_wconf 93' lang='lat' dir='ltr'><strong>et</strong></span> <span class='ocrx_word' id='word_1_657' title='bbox 3423 4368 3580 4408; x_wconf 76' lang='lat' dir='ltr'><strong>arca-</strong></span> 
     </span>
    </p>
   </div>
   <div class='ocr_carea' id='block_1_87' title="bbox 1991 4443 3581 4516">
    <p class='ocr_par' dir='ltr' id='par_1_87' title="bbox 1991 4443 3581 4516">
     <span class='ocr_line' id='line_1_88' title="bbox 1991 4443 3581 4516; baseline -0.001 -15"><span class='ocrx_word' id='word_1_658' title='bbox 1991 4448 2147 4502; x_wconf 79' lang='lat' dir='ltr'><strong>niore</strong></span> <span class='ocrx_word' id='word_1_659' title='bbox 2176 4448 2409 4516; x_wconf 86' lang='lat' dir='ltr'><strong>quadam</strong></span> <span class='ocrx_word' id='word_1_660' title='bbox 2434 4446 2768 4501; x_wconf 79' lang='lat' dir='ltr'><strong>revelatione</strong></span> <span class='ocrx_word' id='word_1_661' title='bbox 2791 4445 3105 4509; x_wconf 87' lang='lat' dir='ltr'><strong>accedente,</strong></span> <span class='ocrx_word' id='word_1_662' title='bbox 3135 4443 3394 4499; x_wconf 86' lang='lat' dir='ltr'><strong>correxit.</strong></span> <span class='ocrx_word' id='word_1_663' title='bbox 3418 4443 3581 4499; x_wconf 58' lang='lat' dir='ltr'><strong>Vider</strong></span> 
     </span>
    </p>
   </div>
   <div class='ocr_carea' id='block_1_88' title="bbox 293 4529 3577 4607">
    <p class='ocr_par' dir='ltr' id='par_1_88' title="bbox 293 4529 3577 4607">
     <span class='ocr_line' id='line_1_89' title="bbox 293 4529 3577 4607; baseline 0.001 -22"><span class='ocrx_word' id='word_1_664' title='bbox 293 4544 363 4585; x_wconf 90' lang='lat' dir='ltr'><strong>eo</strong></span> <span class='ocrx_word' id='word_1_665' title='bbox 383 4529 843 4602; x_wconf 87' lang='lat' dir='ltr'><strong>scriptam,plura</strong></span> <span class='ocrx_word' id='word_1_666' title='bbox 863 4532 1155 4606; x_wconf 88' lang='lat' dir='ltr'><strong>dicemus);</strong></span> <span class='ocrx_word' id='word_1_667' title='bbox 1179 4534 1665 4607; x_wconf 83' lang='lat' dir='ltr'><strong>hic-ergoNicetas,</strong></span> <span class='ocrx_word' id='word_1_668' title='bbox 1686 4536 1889 4606; x_wconf 89' lang='lat' dir='ltr'><strong>quibus</strong></span> <span class='ocrx_word' id='word_1_669' title='bbox 1923 4530 1964 4585; x_wconf 91' lang='lat' dir='ltr'><strong>D</strong></span> <span class='ocrx_word' id='word_1_670' title='bbox 1993 4551 2053 4590; x_wconf 90' lang='lat' dir='ltr'><strong>re</strong></span> <span class='ocrx_word' id='word_1_671' title='bbox 2074 4535 2317 4605; x_wconf 72' lang='lat' dir='ltr'><strong>namque</strong></span> <span class='ocrx_word' id='word_1_672' title='bbox 2336 4534 2489 4589; x_wconf 89' lang='lat' dir='ltr'><strong>visus</strong></span> <span class='ocrx_word' id='word_1_673' title='bbox 2527 4545 2633 4600; x_wconf 90' lang='lat' dir='ltr'><strong>est,</strong></span> <span class='ocrx_word' id='word_1_674' title='bbox 2666 4534 2908 4605; x_wconf 90' lang='lat' dir='ltr'><strong>seipsum</strong></span> <span class='ocrx_word' id='word_1_675' title='bbox 2938 4536 3111 4590; x_wconf 84' lang='lat' dir='ltr'><strong>sacris</strong></span> <span class='ocrx_word' id='word_1_676' title='bbox 3136 4534 3349 4589; x_wconf 67' lang='lat' dir='ltr'><strong>aedibus</strong></span> <span class='ocrx_word' id='word_1_677' title='bbox 3383 4535 3577 4604; x_wconf 89' lang='lat' dir='ltr'><strong>expul-</strong></span> 
     </span>
    </p>
   </div>
   <div class='ocr_carea' id='block_1_89' title="bbox 294 4622 1882 4698">
    <p class='ocr_par' dir='ltr' id='par_1_89' title="bbox 294 4622 1882 4698">
     <span class='ocr_line' id='line_1_90' title="bbox 294 4622 1882 4698; baseline 0.004 -23"><span class='ocrx_word' id='word_1_678' title='bbox 294 4622 685 4693; x_wconf 83' lang='lat' dir='ltr'><strong>progressibus</strong></span> <span class='ocrx_word' id='word_1_679' title='bbox 712 4638 803 4678; x_wconf 89' lang='lat' dir='ltr'><strong>res</strong></span> <span class='ocrx_word' id='word_1_680' title='bbox 835 4631 986 4680; x_wconf 88' lang='lat' dir='ltr'><strong>tanto</strong></span> <span class='ocrx_word' id='word_1_681' title='bbox 1019 4635 1262 4696; x_wconf 88' lang='lat' dir='ltr'><strong>tempore</strong></span> <span class='ocrx_word' id='word_1_682' title='bbox 1284 4638 1612 4698; x_wconf 83' lang='lat' dir='ltr'><strong>pertractata</strong></span> <span class='ocrx_word' id='word_1_683' title='bbox 1640 4638 1882 4698; x_wconf 87' lang='lat' dir='ltr'><strong>optatum</strong></span> 
     </span>
    </p>
   </div>
   <div class='ocr_carea' id='block_1_90' title="bbox 292 4712 1889 4781">
    <p class='ocr_par' dir='ltr' id='par_1_90' title="bbox 292 4712 1889 4781">
     <span class='ocr_line' id='line_1_91' title="bbox 292 4712 1889 4781; baseline 0.003 -13"><span class='ocrx_word' id='word_1_684' title='bbox 292 4721 595 4769; x_wconf 85' lang='lat' dir='ltr'><strong>consecuta</strong></span> <span class='ocrx_word' id='word_1_685' title='bbox 628 4713 700 4768; x_wconf 92' lang='lat' dir='ltr'><strong>sit</strong></span> <span class='ocrx_word' id='word_1_686' title='bbox 731 4712 917 4780; x_wconf 80' lang='lat' dir='ltr'><strong>tinem,</strong></span> <span class='ocrx_word' id='word_1_687' title='bbox 947 4714 1204 4771; x_wconf 74' lang='lat' dir='ltr'><strong>Historia:</strong></span> <span class='ocrx_word' id='word_1_688' title='bbox 1232 4732 1343 4772; x_wconf 70' lang='lat' dir='ltr'><strong>suae</strong></span> <span class='ocrx_word' id='word_1_689' title='bbox 1359 4718 1613 4781; x_wconf 90' lang='lat' dir='ltr'><strong>inseruit,</strong></span> <span class='ocrx_word' id='word_1_690' title='bbox 1640 4718 1889 4773; x_wconf 86' lang='lat' dir='ltr'><strong>adductis</strong></span> 
     </span>
    </p>
   </div>
   <div class='ocr_carea' id='block_1_91' title="bbox 289 4805 1889 4881">
    <p class='ocr_par' dir='ltr' id='par_1_91' title="bbox 289 4805 1889 4881">
     <span class='ocr_line' id='line_1_92' title="bbox 289 4805 1889 4881; baseline 0.004 -20"><span class='ocrx_word' id='word_1_691' title='bbox 289 4806 494 4861; x_wconf 87' lang='lat' dir='ltr'><strong>litteris</strong></span> <span class='ocrx_word' id='word_1_692' title='bbox 522 4806 689 4861; x_wconf 88' lang='lat' dir='ltr'><strong>Attici</strong></span> <span class='ocrx_word' id='word_1_693' title='bbox 715 4814 880 4876; x_wconf 90' lang='lat' dir='ltr'><strong>atque</strong></span> <span class='ocrx_word' id='word_1_694' title='bbox 913 4805 1102 4879; x_wconf 81' lang='lat' dir='ltr'><strong>Cyrilli</strong></span> <span class='ocrx_word' id='word_1_695' title='bbox 1135 4808 1237 4863; x_wconf 89' lang='lat' dir='ltr'><strong>hac</strong></span> <span class='ocrx_word' id='word_1_696' title='bbox 1268 4808 1335 4864; x_wconf 91' lang='lat' dir='ltr'><strong>de</strong></span> <span class='ocrx_word' id='word_1_697' title='bbox 1370 4825 1435 4865; x_wconf 87' lang='lat' dir='ltr'><strong>re</strong></span> <span class='ocrx_word' id='word_1_698' title='bbox 1459 4810 1603 4867; x_wconf 92' lang='lat' dir='ltr'><strong>uitro</strong></span> <span class='ocrx_word' id='word_1_699' title='bbox 1640 4810 1889 4881; x_wconf 89' lang='lat' dir='ltr'><strong>citroque</strong></span> 
     </span>
    </p>
   </div>
   <div class='ocr_carea' id='block_1_92' title="bbox 289 4894 1888 4969">
    <p class='ocr_par' dir='ltr' id='par_1_92' title="bbox 289 4894 1888 4969">
     <span class='ocr_line' id='line_1_93' title="bbox 289 4894 1888 4969; baseline 0.003 -18"><span class='ocrx_word' id='word_1_700' title='bbox 289 4896 461 4959; x_wconf 88' lang='lat' dir='ltr'><strong>datis,</strong></span> <span class='ocrx_word' id='word_1_701' title='bbox 495 4912 634 4965; x_wconf 88' lang='lat' dir='ltr'><strong>quas</strong></span> <span class='ocrx_word' id='word_1_702' title='bbox 659 4895 809 4949; x_wconf 89' lang='lat' dir='ltr'><strong>omni</strong></span> <span class='ocrx_word' id='word_1_703' title='bbox 843 4894 951 4951; x_wconf 75' lang='lat' dir='ltr'><strong>[ide</strong></span> <span class='ocrx_word' id='word_1_704' title='bbox 977 4898 1317 4968; x_wconf 87' lang='lat' dir='ltr'><strong>conscriptas</strong></span> <span class='ocrx_word' id='word_1_705' title='bbox 1355 4900 1719 4969; x_wconf 86' lang='lat' dir='ltr'><strong>pronuntians</strong></span> <span class='ocrx_word' id='word_1_706' title='bbox 1744 4902 1888 4957; x_wconf 82' lang='lat' dir='ltr'><strong>reei-</strong></span> 
     </span>
    </p>
   </div>
   <div class='ocr_carea' id='block_1_93' title="bbox 292 4988 1889 5059">
    <p class='ocr_par' dir='ltr' id='par_1_93' title="bbox 292 4988 1889 5059">
     <span class='ocr_line' id='line_1_94' title="bbox 292 4988 1889 5059; baseline 0.004 -18"><span class='ocrx_word' id='word_1_707' title='bbox 292 4997 375 5042; x_wconf 87' lang='lat' dir='ltr'><strong>tat</strong></span> <span class='ocrx_word' id='word_1_708' title='bbox 407 4988 679 5042; x_wconf 88' lang='lat' dir='ltr'><strong>Baronius</strong></span> <span class='ocrx_word' id='word_1_709' title='bbox 717 5001 870 5041; x_wconf 90' lang='lat' dir='ltr'><strong>num.</strong></span> <span class='ocrx_word' id='word_1_710' title='bbox 916 4988 985 5043; x_wconf 72' lang='lat'><strong>46</strong></span> <span class='ocrx_word' id='word_1_711' title='bbox 1023 4997 1080 5043; x_wconf 91' lang='lat' dir='ltr'><strong>et</strong></span> <span class='ocrx_word' id='word_1_712' title='bbox 1120 5004 1299 5059; x_wconf 90' lang='lat' dir='ltr'><strong>seqq.,</strong></span> <span class='ocrx_word' id='word_1_713' title='bbox 1327 5004 1472 5044; x_wconf 86' lang='lat' dir='ltr'><strong>anno</strong></span> <span class='ocrx_word' id='word_1_714' title='bbox 1511 4991 1644 5056; x_wconf 68' lang='lat'><strong>412;</strong></span> <span class='ocrx_word' id='word_1_715' title='bbox 1676 5007 1800 5045; x_wconf 92' lang='lat' dir='ltr'><strong>nam</strong></span> <span class='ocrx_word' id='word_1_716' title='bbox 1822 5007 1889 5047; x_wconf 93' lang='lat' dir='ltr'><strong>eo</strong></span> 
     </span>
    </p>
   </div>
   <div class='ocr_carea' id='block_1_94' title="bbox 289 5077 1887 5153">
    <p class='ocr_par' dir='ltr' id='par_1_94' title="bbox 289 5077 1887 5153">
     <span class='ocr_line' id='line_1_95' title="bbox 289 5077 1887 5153; baseline 0.003 -20"><span class='ocrx_word' id='word_1_717' title='bbox 289 5077 634 5133; x_wconf 83' lang='lat' dir='ltr'><strong>existimavit</strong></span> <span class='ocrx_word' id='word_1_718' title='bbox 651 5092 851 5133; x_wconf 90' lang='lat' dir='ltr'><strong>nomen</strong></span> <span class='ocrx_word' id='word_1_719' title='bbox 866 5077 1239 5149; x_wconf 83' lang='lat' dir='ltr'><strong>Chrysostomi</strong></span> <span class='ocrx_word' id='word_1_720' title='bbox 1258 5080 1530 5153; x_wconf 84' lang='lat' dir='ltr'><strong>diptychis</strong></span> <span class='ocrx_word' id='word_1_721' title='bbox 1544 5082 1887 5152; x_wconf 89' lang='lat' dir='ltr'><strong>inscriptum,</strong></span> 
     </span>
    </p>
   </div>
   <div class='ocr_carea' id='block_1_95' title="bbox 290 5169 1893 5244">
    <p class='ocr_par' dir='ltr' id='par_1_95' title="bbox 290 5169 1893 5244">
     <span class='ocr_line' id='line_1_96' title="bbox 290 5169 1893 5244; baseline 0.004 -21"><span class='ocrx_word' id='word_1_722' title='bbox 290 5170 443 5240; x_wconf 89' lang='lat' dir='ltr'><strong>quod</strong></span> <span class='ocrx_word' id='word_1_723' title='bbox 473 5169 699 5228; x_wconf 76' lang='lat' dir='ltr'><strong>nonnisi</strong></span> <span class='ocrx_word' id='word_1_724' title='bbox 745 5170 957 5226; x_wconf 84' lang='lat' dir='ltr'><strong>ultimis</strong></span> <span class='ocrx_word' id='word_1_725' title='bbox 986 5172 1145 5227; x_wconf 89' lang='lat' dir='ltr'><strong>annis</strong></span> <span class='ocrx_word' id='word_1_726' title='bbox 1165 5172 1329 5228; x_wconf 86' lang='lat' dir='ltr'><strong>Attici</strong></span> <span class='ocrx_word' id='word_1_727' title='bbox 1354 5172 1555 5228; x_wconf 89' lang='lat' dir='ltr'><strong>factum</strong></span> <span class='ocrx_word' id='word_1_728' title='bbox 1576 5174 1642 5228; x_wconf 86' lang='lat' dir='ltr'><strong>ad</strong></span> <span class='ocrx_word' id='word_1_729' title='bbox 1663 5176 1781 5244; x_wconf 86' lang='lat' dir='ltr'><strong>ejus</strong></span> <span class='ocrx_word' id='word_1_730' title='bbox 1805 5175 1893 5229; x_wconf 83' lang='lat' dir='ltr'><strong>Vi-</strong></span> 
     </span>
    </p>
   </div>
   <div class='ocr_carea' id='block_1_96' title="bbox 292 5261 1891 5331">
    <p class='ocr_par' dir='ltr' id='par_1_96' title="bbox 292 5261 1891 5331">
     <span class='ocr_line' id='line_1_97' title="bbox 292 5261 1891 5331; baseline 0.003 -14"><span class='ocrx_word' id='word_1_731' title='bbox 292 5272 407 5317; x_wconf 89' lang='lat' dir='ltr'><strong>tam</strong></span> <span class='ocrx_word' id='word_1_732' title='bbox 452 5261 829 5331; x_wconf 83' lang='lat' dir='ltr'><strong>probavimus.</strong></span> <span class='ocrx_word' id='word_1_733' title='bbox 864 5261 1016 5318; x_wconf 89' lang='lat' dir='ltr'><strong>Obiit</strong></span> <span class='ocrx_word' id='word_1_734' title='bbox 1058 5264 1148 5319; x_wconf 91' lang='lat' dir='ltr'><strong>ille</strong></span> <span class='ocrx_word' id='word_1_735' title='bbox 1194 5281 1225 5318; x_wconf 82' lang='lat' dir='ltr'><strong>x</strong></span> <span class='ocrx_word' id='word_1_736' title='bbox 1263 5265 1456 5321; x_wconf 85' lang='lat' dir='ltr'><strong>Octob.</strong></span> <span class='ocrx_word' id='word_1_737' title='bbox 1495 5266 1622 5319; x_wconf 88' lang='lat' dir='ltr'><strong>anni</strong></span> <span class='ocrx_word' id='word_1_738' title='bbox 1671 5268 1795 5321; x_wconf 74' lang='grc'><strong>425.</strong></span> <span class='ocrx_word' id='word_1_739' title='bbox 1828 5267 1891 5321; x_wconf 83' lang='grc' dir='ltr'><strong>Εἰ</strong></span> 
     </span>
    </p>
   </div>
   <div class='ocr_carea' id='block_1_97' title="bbox 289 5352 1893 5429">
    <p class='ocr_par' dir='ltr' id='par_1_97' title="bbox 289 5352 1893 5429">
     <span class='ocr_line' id='line_1_98' title="bbox 289 5352 1893 5429; baseline 0.004 -22"><span class='ocrx_word' id='word_1_740' title='bbox 289 5352 543 5407; x_wconf 86' lang='lat' dir='ltr'><strong>convixit</strong></span> <span class='ocrx_word' id='word_1_741' title='bbox 578 5352 888 5408; x_wconf 83' lang='lat' dir='ltr'><strong>Alexander</strong></span> <span class='ocrx_word' id='word_1_742' title='bbox 912 5355 1207 5427; x_wconf 87' lang='lat' dir='ltr'><strong>episcopus</strong></span> <span class='ocrx_word' id='word_1_743' title='bbox 1250 5357 1647 5422; x_wconf 88' lang='lat' dir='ltr'><strong>Antiochenus,</strong></span> <span class='ocrx_word' id='word_1_744' title='bbox 1691 5359 1758 5414; x_wconf 88' lang='lat' dir='ltr'><strong>de</strong></span> <span class='ocrx_word' id='word_1_745' title='bbox 1783 5376 1893 5429; x_wconf 90' lang='lat' dir='ltr'><strong>quo</strong></span> 
     </span>
    </p>
   </div>
   <div class='ocr_carea' id='block_1_98' title="bbox 290 5444 1897 5518">
    <p class='ocr_par' dir='ltr' id='par_1_98' title="bbox 290 5444 1897 5518">
     <span class='ocr_line' id='line_1_99' title="bbox 290 5444 1897 5518; baseline 0.004 -21"><span class='ocrx_word' id='word_1_746' title='bbox 290 5458 445 5509; x_wconf 89' lang='lat' dir='ltr'><strong>mox,</strong></span> <span class='ocrx_word' id='word_1_747' title='bbox 470 5444 535 5498; x_wconf 89' lang='lat' dir='ltr'><strong>ad</strong></span> <span class='ocrx_word' id='word_1_748' title='bbox 561 5460 766 5499; x_wconf 92' lang='lat' dir='ltr'><strong>annum</strong></span> <span class='ocrx_word' id='word_1_749' title='bbox 795 5461 969 5516; x_wconf 89' lang='lat' dir='ltr'><strong>usque</strong></span> <span class='ocrx_word' id='word_1_750' title='bbox 1007 5447 1329 5518; x_wconf 89' lang='lat' dir='ltr'><strong>vigesimum</strong></span> <span class='ocrx_word' id='word_1_751' title='bbox 1359 5448 1507 5503; x_wconf 87' lang='lat' dir='ltr'><strong>illius</strong></span> <span class='ocrx_word' id='word_1_752' title='bbox 1535 5450 1745 5514; x_wconf 79' lang='lat' dir='ltr'><strong>saeculi;</strong></span> <span class='ocrx_word' id='word_1_753' title='bbox 1774 5457 1897 5518; x_wconf 90' lang='lat' dir='ltr'><strong>post</strong></span> 
     </span>
    </p>
   </div>
   <div class='ocr_carea' id='block_1_99' title="bbox 288 5534 1896 5613">
    <p class='ocr_par' dir='ltr' id='par_1_99' title="bbox 288 5534 1896 5613">
     <span class='ocr_line' id='line_1_100' title="bbox 288 5534 1896 5613; baseline 0.005 -24"><span class='ocrx_word' id='word_1_754' title='bbox 288 5534 459 5604; x_wconf 86' lang='lat' dir='ltr'><strong>cujus</strong></span> <span class='ocrx_word' id='word_1_755' title='bbox 483 5534 694 5589; x_wconf 89' lang='lat' dir='ltr'><strong>obitum</strong></span> <span class='ocrx_word' id='word_1_756' title='bbox 725 5535 941 5593; x_wconf 88' lang='lat' dir='ltr'><strong>Atticus</strong></span> <span class='ocrx_word' id='word_1_757' title='bbox 981 5554 1181 5593; x_wconf 86' lang='lat' dir='ltr'><strong>nomen</strong></span> <span class='ocrx_word' id='word_1_758' title='bbox 1213 5540 1583 5612; x_wconf 78' lang='lat' dir='ltr'><strong>Chrysostomi</strong></span> <span class='ocrx_word' id='word_1_759' title='bbox 1623 5541 1896 5613; x_wconf 75' lang='lat' dir='ltr'><strong>diptvchis</strong></span> 
     </span>
    </p>
   </div>
   <div class='ocr_carea' id='block_1_100' title="bbox 288 5625 1893 5704">
    <p class='ocr_par' dir='ltr' id='par_1_100' title="bbox 288 5625 1893 5704">
     <span class='ocr_line' id='line_1_101' title="bbox 288 5625 1893 5704; baseline 0.005 -23"><span class='ocrx_word' id='word_1_760' title='bbox 288 5625 919 5696; x_wconf 85' lang='lat' dir='ltr'><strong>Constantinopolitanis</strong></span> <span class='ocrx_word' id='word_1_761' title='bbox 948 5630 1246 5701; x_wconf 83' lang='lat' dir='ltr'><strong>inscripsit,</strong></span> <span class='ocrx_word' id='word_1_762' title='bbox 1281 5642 1444 5703; x_wconf 89' lang='lat' dir='ltr'><strong>atquc</strong></span> <span class='ocrx_word' id='word_1_763' title='bbox 1479 5642 1537 5687; x_wconf 92' lang='lat' dir='ltr'><strong>ut</strong></span> <span class='ocrx_word' id='word_1_764' title='bbox 1572 5634 1714 5688; x_wconf 83' lang='lat' dir='ltr'><strong>idem</strong></span> <span class='ocrx_word' id='word_1_765' title='bbox 1753 5650 1893 5704; x_wconf 79' lang='lat' dir='ltr'><strong>pra:-</strong></span> 
     </span>
    </p>
   </div>
   <div class='ocr_carea' id='block_1_101' title="bbox 245 5718 1890 5797">
    <p class='ocr_par' dir='ltr' id='par_1_101' title="bbox 245 5718 1890 5797">
     <span class='ocr_line' id='line_1_102' title="bbox 245 5718 1890 5797; baseline 0.004 -24"><span class='ocrx_word' id='word_1_766' title='bbox 245 5738 249 5745; x_wconf 69' lang='grc'><em>’</em></span> <span class='ocrx_word' id='word_1_767' title='bbox 280 5726 541 5773; x_wconf 64' lang='lat' dir='ltr'><strong>staretur</strong></span> <span class='ocrx_word' id='word_1_768' title='bbox 564 5718 927 5785; x_wconf 66' lang='lat' dir='ltr'><strong>Alexandrina,</strong></span> <span class='ocrx_word' id='word_1_769' title='bbox 966 5722 1167 5778; x_wconf 86' lang='lat' dir='ltr'><strong>litteris</strong></span> <span class='ocrx_word' id='word_1_770' title='bbox 1208 5726 1322 5779; x_wconf 83' lang='lat' dir='ltr'><strong>suis</strong></span> <span class='ocrx_word' id='word_1_771' title='bbox 1358 5727 1571 5781; x_wconf 90' lang='lat' dir='ltr'><strong>monuit</strong></span> <span class='ocrx_word' id='word_1_772' title='bbox 1606 5726 1890 5797; x_wconf 76' lang='lat' dir='ltr'><strong>Cyrillum.</strong></span> 
     </span>
    </p>
   </div>
   <div class='ocr_carea' id='block_1_102' title="bbox 369 5808 1893 5885">
    <p class='ocr_par' dir='ltr' id='par_1_102' title="bbox 369 5808 1893 5885">
     <span class='ocr_line' id='line_1_103' title="bbox 369 5808 1893 5885; baseline 0.007 -22"><span class='ocrx_word' id='word_1_773' title='bbox 369 5808 460 5863; x_wconf 75' lang='lat'><strong>51.</strong></span> <span class='ocrx_word' id='word_1_774' title='bbox 490 5808 566 5865; x_wconf 87' lang='lat' dir='ltr'><strong>Ex</strong></span> <span class='ocrx_word' id='word_1_775' title='bbox 590 5810 780 5866; x_wconf 80' lang='lat' dir='ltr'><strong>Niceta</strong></span> <span class='ocrx_word' id='word_1_776' title='bbox 819 5811 1152 5885; x_wconf 85' lang='lat' dir='ltr'><strong>Philosopho</strong></span> <span class='ocrx_word' id='word_1_777' title='bbox 1183 5833 1292 5872; x_wconf 87' lang='lat' dir='ltr'><strong>rem</strong></span> <span class='ocrx_word' id='word_1_778' title='bbox 1318 5825 1484 5874; x_wconf 90' lang='lat' dir='ltr'><strong>totam</strong></span> <span class='ocrx_word' id='word_1_779' title='bbox 1512 5819 1584 5874; x_wconf 89' lang='lat' dir='ltr'><strong>ita</strong></span> <span class='ocrx_word' id='word_1_780' title='bbox 1616 5818 1893 5874; x_wconf 87' lang='lat' dir='ltr'><strong>describit</strong></span> 
     </span>
    </p>
   </div>
   <div class='ocr_carea' id='block_1_103' title="bbox 1988 4624 3579 4695">
    <p class='ocr_par' dir='ltr' id='par_1_103' title="bbox 1988 4624 3579 4695">
     <span class='ocr_line' id='line_1_104' title="bbox 1988 4624 3579 4695; baseline -0.001 -14"><span class='ocrx_word' id='word_1_781' title='bbox 1988 4641 2109 4681; x_wconf 92' lang='lat' dir='ltr'><strong>sum</strong></span> <span class='ocrx_word' id='word_1_782' title='bbox 2139 4640 2260 4681; x_wconf 89' lang='lat' dir='ltr'><strong>esse</strong></span> <span class='ocrx_word' id='word_1_783' title='bbox 2283 4641 2315 4681; x_wconf 90' lang='lat' dir='ltr'><strong>a</strong></span> <span class='ocrx_word' id='word_1_784' title='bbox 2342 4624 2573 4690; x_wconf 87' lang='lat' dir='ltr'><strong>Joanne,</strong></span> <span class='ocrx_word' id='word_1_785' title='bbox 2607 4626 2873 4682; x_wconf 85' lang='lat' dir='ltr'><strong>comitatu</strong></span> <span class='ocrx_word' id='word_1_786' title='bbox 2902 4635 2968 4681; x_wconf 88' lang='lat' dir='ltr'><strong>et</strong></span> <span class='ocrx_word' id='word_1_787' title='bbox 2991 4626 3200 4691; x_wconf 90' lang='lat' dir='ltr'><strong>divino,</strong></span> <span class='ocrx_word' id='word_1_788' title='bbox 3243 4626 3393 4695; x_wconf 93' lang='lat' dir='ltr'><strong>quod</strong></span> <span class='ocrx_word' id='word_1_789' title='bbox 3435 4627 3579 4681; x_wconf 87' lang='lat' dir='ltr'><strong>circa</strong></span> 
     </span>
    </p>
   </div>
   <div class='ocr_carea' id='block_1_104' title="bbox 1987 4718 3579 4784">
    <p class='ocr_par' dir='ltr' id='par_1_104' title="bbox 1987 4718 3579 4784">
     <span class='ocr_line' id='line_1_105' title="bbox 1987 4718 3579 4784; baseline 0 -11"><span class='ocrx_word' id='word_1_790' title='bbox 1987 4734 2115 4774; x_wconf 86' lang='lat' dir='ltr'><strong>eum</strong></span> <span class='ocrx_word' id='word_1_791' title='bbox 2138 4728 2276 4784; x_wconf 88' lang='lat' dir='ltr'><strong>erat,</strong></span> <span class='ocrx_word' id='word_1_792' title='bbox 2318 4719 2578 4774; x_wconf 88' lang='lat' dir='ltr'><strong>satellitio</strong></span> <span class='ocrx_word' id='word_1_793' title='bbox 2617 4719 2851 4779; x_wconf 87' lang='lat' dir='ltr'><strong>maxime</strong></span> <span class='ocrx_word' id='word_1_794' title='bbox 2896 4718 3058 4784; x_wconf 84' lang='lat' dir='ltr'><strong>freto,</strong></span> <span class='ocrx_word' id='word_1_795' title='bbox 3098 4728 3155 4774; x_wconf 86' lang='lat' dir='ltr'><strong>et</strong></span> <span class='ocrx_word' id='word_1_796' title='bbox 3195 4726 3424 4773; x_wconf 87' lang='lat' dir='ltr'><strong>matrem</strong></span> <span class='ocrx_word' id='word_1_797' title='bbox 3471 4720 3579 4773; x_wconf 83' lang='lat' dir='ltr'><strong>Do-</strong></span> 
     </span>
    </p>
   </div>
   <div class='ocr_carea' id='block_1_105' title="bbox 1990 4806 3577 4878">
    <p class='ocr_par' dir='ltr' id='par_1_105' title="bbox 1990 4806 3577 4878">
     <span class='ocr_line' id='line_1_106' title="bbox 1990 4806 3577 4878; baseline 0.001 -18"><span class='ocrx_word' id='word_1_798' title='bbox 1990 4806 2123 4861; x_wconf 92' lang='lat' dir='ltr'><strong>mini</strong></span> <span class='ocrx_word' id='word_1_799' title='bbox 2170 4822 2271 4877; x_wconf 93' lang='lat' dir='ltr'><strong>pro</strong></span> <span class='ocrx_word' id='word_1_800' title='bbox 2318 4807 2437 4878; x_wconf 91' lang='lat' dir='ltr'><strong>ipso</strong></span> <span class='ocrx_word' id='word_1_801' title='bbox 2478 4807 2863 4877; x_wconf 81' lang='lat' dir='ltr'><strong>deprecantem</strong></span> <span class='ocrx_word' id='word_1_802' title='bbox 2910 4808 3195 4872; x_wconf 89' lang='lat' dir='ltr'><strong>Joannem,</strong></span> <span class='ocrx_word' id='word_1_803' title='bbox 3242 4815 3405 4877; x_wconf 89' lang='lat' dir='ltr'><strong>atque</strong></span> <span class='ocrx_word' id='word_1_804' title='bbox 3452 4821 3577 4862; x_wconf 83' lang='lat' dir='ltr'><strong>cum</strong></span> 
     </span>
    </p>
   </div>
   <div class='ocr_carea' id='block_1_106' title="bbox 1990 4897 3580 4970">
    <p class='ocr_par' dir='ltr' id='par_1_106' title="bbox 1990 4897 3580 4970">
     <span class='ocr_line' id='line_1_107' title="bbox 1990 4897 3580 4970; baseline -0.001 -18"><span class='ocrx_word' id='word_1_805' title='bbox 1990 4898 2357 4953; x_wconf 79' lang='lat' dir='ltr'><strong>multaetiam</strong></span> <span class='ocrx_word' id='word_1_806' title='bbox 2387 4899 2514 4963; x_wconf 89' lang='lat' dir='ltr'><strong>alia,</strong></span> <span class='ocrx_word' id='word_1_807' title='bbox 2549 4912 2664 4955; x_wconf 90' lang='lat' dir='ltr'><strong>tum</strong></span> <span class='ocrx_word' id='word_1_808' title='bbox 2706 4899 2841 4959; x_wconf 78' lang='lat' dir='ltr'><strong>illud</strong></span> <span class='ocrx_word' id='word_1_809' title='bbox 2880 4899 3154 4970; x_wconf 67' lang='lat' dir='ltr'><strong>praecipue</strong></span> <span class='ocrx_word' id='word_1_810' title='bbox 3188 4898 3334 4970; x_wconf 91' lang='lat' dir='ltr'><strong>quod</strong></span> <span class='ocrx_word' id='word_1_811' title='bbox 3363 4913 3463 4968; x_wconf 92' lang='lat' dir='ltr'><strong>pro</strong></span> <span class='ocrx_word' id='word_1_812' title='bbox 3500 4897 3580 4966; x_wconf 90' lang='lat' dir='ltr'><strong>ip-</strong></span> 
     </span>
    </p>
   </div>
   <div class='ocr_carea' id='block_1_107' title="bbox 1991 4988 3576 5061">
    <p class='ocr_par' dir='ltr' id='par_1_107' title="bbox 1991 4988 3576 5061">
     <span class='ocr_line' id='line_1_108' title="bbox 1991 4988 3576 5061; baseline -0.003 -16"><span class='ocrx_word' id='word_1_813' title='bbox 1991 4990 2108 5045; x_wconf 85' lang='lat' dir='ltr'><strong>sius</strong></span> <span class='ocrx_word' id='word_1_814' title='bbox 2133 4989 2306 5061; x_wconf 87' lang='lat' dir='ltr'><strong>gloria</strong></span> <span class='ocrx_word' id='word_1_815' title='bbox 2340 4990 2639 5060; x_wconf 85' lang='lat' dir='ltr'><strong>plurimum</strong></span> <span class='ocrx_word' id='word_1_816' title='bbox 2667 4991 2759 5045; x_wconf 89' lang='lat' dir='ltr'><strong>ille</strong></span> <span class='ocrx_word' id='word_1_817' title='bbox 2798 4990 3112 5054; x_wconf 89' lang='lat' dir='ltr'><strong>decertarit,</strong></span> <span class='ocrx_word' id='word_1_818' title='bbox 3160 4989 3307 5045; x_wconf 87' lang='lat' dir='ltr'><strong>sicut</strong></span> <span class='ocrx_word' id='word_1_819' title='bbox 3340 4988 3576 5053; x_wconf 88' lang='lat' dir='ltr'><strong>dicetur,</strong></span> 
     </span>
    </p>
   </div>
   <div class='ocr_carea' id='block_1_108' title="bbox 1993 5079 3576 5153">
    <p class='ocr_par' dir='ltr' id='par_1_108' title="bbox 1993 5079 3576 5153">
     <span class='ocr_line' id='line_1_109' title="bbox 1993 5079 3576 5153; baseline -0.001 -18"><span class='ocrx_word' id='word_1_820' title='bbox 1993 5079 2342 5146; x_wconf 86' lang='lat' dir='ltr'><strong>referentem,</strong></span> <span class='ocrx_word' id='word_1_821' title='bbox 2398 5090 2460 5137; x_wconf 93' lang='lat' dir='ltr'><strong>ut</strong></span> <span class='ocrx_word' id='word_1_822' title='bbox 2500 5081 2555 5136; x_wconf 92' lang='lat' dir='ltr'><strong>in</strong></span> <span class='ocrx_word' id='word_1_823' title='bbox 2586 5098 2744 5138; x_wconf 90' lang='lat' dir='ltr'><strong>sacra</strong></span> <span class='ocrx_word' id='word_1_824' title='bbox 2775 5084 2974 5153; x_wconf 88' lang='lat' dir='ltr'><strong>templa</strong></span> <span class='ocrx_word' id='word_1_825' title='bbox 3010 5082 3369 5152; x_wconf 84' lang='lat' dir='ltr'><strong>reciperetur,</strong></span> <span class='ocrx_word' id='word_1_826' title='bbox 3398 5095 3576 5135; x_wconf 88' lang='lat' dir='ltr'><strong>orare.</strong></span> 
     </span>
    </p>
   </div>
   <div class='ocr_carea' id='block_1_109' title="bbox 1994 5171 3579 5246">
    <p class='ocr_par' dir='ltr' id='par_1_109' title="bbox 1994 5171 3579 5246">
     <span class='ocr_line' id='line_1_110' title="bbox 1994 5171 3579 5246; baseline -0.001 -19"><span class='ocrx_word' id='word_1_827' title='bbox 1994 5171 2145 5227; x_wconf 82' lang='lat' dir='ltr'><strong>Hanc</strong></span> <span class='ocrx_word' id='word_1_828' title='bbox 2180 5172 2447 5229; x_wconf 83' lang='lat' dir='ltr'><strong>visionem</strong></span> <span class='ocrx_word' id='word_1_829' title='bbox 2488 5190 2614 5229; x_wconf 88' lang='lat' dir='ltr'><strong>eum</strong></span> <span class='ocrx_word' id='word_1_830' title='bbox 2664 5176 2722 5229; x_wconf 70' lang='lat' dir='ltr'><strong>B.</strong></span> <span class='ocrx_word' id='word_1_831' title='bbox 2776 5175 3015 5246; x_wconf 83' lang='lat' dir='ltr'><strong>Cyrillus</strong></span> <span class='ocrx_word' id='word_1_832' title='bbox 3066 5172 3469 5245; x_wconf 89' lang='lat' dir='ltr'><strong>cogitabundus</strong></span> <span class='ocrx_word' id='word_1_833' title='bbox 3526 5172 3579 5225; x_wconf 89' lang='lat' dir='ltr'><strong>in</strong></span> 
     </span>
    </p>
   </div>
   <div class='ocr_carea' id='block_1_110' title="bbox 1994 5264 3579 5335">
    <p class='ocr_par' dir='ltr' id='par_1_110' title="bbox 1994 5264 3579 5335">
     <span class='ocr_line' id='line_1_111' title="bbox 1994 5264 3579 5335; baseline -0.003 -14"><span class='ocrx_word' id='word_1_834' title='bbox 1994 5266 2178 5321; x_wconf 88' lang='lat' dir='ltr'><strong>animo</strong></span> <span class='ocrx_word' id='word_1_835' title='bbox 2220 5282 2406 5322; x_wconf 89' lang='lat' dir='ltr'><strong>secum</strong></span> <span class='ocrx_word' id='word_1_836' title='bbox 2440 5268 2705 5332; x_wconf 89' lang='lat' dir='ltr'><strong>volveret,</strong></span> <span class='ocrx_word' id='word_1_837' title='bbox 2743 5268 3007 5335; x_wconf 88' lang='lat' dir='ltr'><strong>seipsum,</strong></span> <span class='ocrx_word' id='word_1_838' title='bbox 3042 5264 3189 5335; x_wconf 89' lang='lat' dir='ltr'><strong>quod</strong></span> <span class='ocrx_word' id='word_1_839' title='bbox 3232 5264 3290 5319; x_wconf 89' lang='lat' dir='ltr'><strong>in</strong></span> <span class='ocrx_word' id='word_1_840' title='bbox 3330 5270 3579 5318; x_wconf 88' lang='lat' dir='ltr'><strong>sanctum</strong></span> 
     </span>
    </p>
   </div>
   <div class='ocr_carea' id='block_1_111' title="bbox 1993 5354 3583 5424">
    <p class='ocr_par' dir='ltr' id='par_1_111' title="bbox 1993 5354 3583 5424">
     <span class='ocr_line' id='line_1_112' title="bbox 1993 5354 3583 5424; baseline -0.003 -12"><span class='ocrx_word' id='word_1_841' title='bbox 1993 5360 2174 5413; x_wconf 92' lang='lat' dir='ltr'><strong>virum</strong></span> <span class='ocrx_word' id='word_1_842' title='bbox 2205 5358 2455 5415; x_wconf 90' lang='lat' dir='ltr'><strong>invectus</strong></span> <span class='ocrx_word' id='word_1_843' title='bbox 2476 5367 2642 5424; x_wconf 89' lang='lat' dir='ltr'><strong>esset,</strong></span> <span class='ocrx_word' id='word_1_844' title='bbox 2664 5357 2945 5414; x_wconf 89' lang='lat' dir='ltr'><strong>damnavit</strong></span> <span class='ocrx_word' id='word_1_845' title='bbox 2967 5375 2979 5409; x_wconf 90' lang='lat'><strong>:</strong></span> <span class='ocrx_word' id='word_1_846' title='bbox 3009 5366 3066 5413; x_wconf 90' lang='lat' dir='ltr'><strong>et</strong></span> <span class='ocrx_word' id='word_1_847' title='bbox 3083 5355 3282 5411; x_wconf 91' lang='lat' dir='ltr'><strong>deinde</strong></span> <span class='ocrx_word' id='word_1_848' title='bbox 3310 5354 3427 5424; x_wconf 88' lang='lat' dir='ltr'><strong>ipse</strong></span> <span class='ocrx_word' id='word_1_849' title='bbox 3448 5370 3583 5423; x_wconf 91' lang='lat' dir='ltr'><strong>quo-</strong></span> 
     </span>
    </p>
   </div>
   <div class='ocr_carea' id='block_1_112' title="bbox 1994 5444 3585 5521">
    <p class='ocr_par' dir='ltr' id='par_1_112' title="bbox 1994 5444 3585 5521">
     <span class='ocr_line' id='line_1_113' title="bbox 1994 5444 3585 5521; baseline -0.004 -17"><span class='ocrx_word' id='word_1_850' title='bbox 1994 5465 2102 5519; x_wconf 90' lang='lat' dir='ltr'><strong>que</strong></span> <span class='ocrx_word' id='word_1_851' title='bbox 2134 5464 2192 5504; x_wconf 88' lang='lat' dir='ltr'><strong>re</strong></span> <span class='ocrx_word' id='word_1_852' title='bbox 2222 5449 2458 5521; x_wconf 89' lang='lat' dir='ltr'><strong>cognita,</strong></span> <span class='ocrx_word' id='word_1_853' title='bbox 2492 5448 2752 5504; x_wconf 69' lang='lat' dir='ltr'><strong>Ecclesiae</strong></span> <span class='ocrx_word' id='word_1_854' title='bbox 2781 5446 3157 5520; x_wconf 86' lang='lat' dir='ltr'><strong>Chrysostomi</strong></span> <span class='ocrx_word' id='word_1_855' title='bbox 3193 5444 3465 5509; x_wconf 90' lang='lat' dir='ltr'><strong>addictus,</strong></span> <span class='ocrx_word' id='word_1_856' title='bbox 3502 5444 3585 5499; x_wconf 85' lang='lat' dir='ltr'><strong>vi-</strong></span> 
     </span>
    </p>
   </div>
   <div class='ocr_carea' id='block_1_113' title="bbox 1996 5534 3581 5608">
    <p class='ocr_par' dir='ltr' id='par_1_113' title="bbox 1996 5534 3581 5608">
     <span class='ocr_line' id='line_1_114' title="bbox 1996 5534 3581 5608; baseline -0.003 -17"><span class='ocrx_word' id='word_1_857' title='bbox 1996 5554 2116 5592; x_wconf 93' lang='lat' dir='ltr'><strong>rum</strong></span> <span class='ocrx_word' id='word_1_858' title='bbox 2148 5552 2273 5593; x_wconf 90' lang='lat' dir='ltr'><strong>eum</strong></span> <span class='ocrx_word' id='word_1_859' title='bbox 2304 5538 2608 5593; x_wconf 88' lang='lat' dir='ltr'><strong>admiratus</strong></span> <span class='ocrx_word' id='word_1_860' title='bbox 2634 5545 2741 5602; x_wconf 87' lang='lat' dir='ltr'><strong>est,</strong></span> <span class='ocrx_word' id='word_1_861' title='bbox 2760 5536 3028 5608; x_wconf 90' lang='lat' dir='ltr'><strong>valdeque</strong></span> <span class='ocrx_word' id='word_1_862' title='bbox 3050 5550 3198 5601; x_wconf 92' lang='lat' dir='ltr'><strong>eum,</strong></span> <span class='ocrx_word' id='word_1_863' title='bbox 3221 5534 3367 5606; x_wconf 86' lang='lat' dir='ltr'><strong>quod</strong></span> <span class='ocrx_word' id='word_1_864' title='bbox 3390 5544 3581 5590; x_wconf 82' lang='lat' dir='ltr'><strong>contra</strong></span> 
     </span>
    </p>
   </div>
   <div class='ocr_carea' id='block_1_114' title="bbox 1996 5627 3577 5699">
    <p class='ocr_par' dir='ltr' id='par_1_114' title="bbox 1996 5627 3577 5699">
     <span class='ocr_line' id='line_1_115' title="bbox 1996 5627 3577 5699; baseline -0.003 -14"><span class='ocrx_word' id='word_1_865' title='bbox 1996 5629 2149 5685; x_wconf 90' lang='lat' dir='ltr'><strong>illum</strong></span> <span class='ocrx_word' id='word_1_866' title='bbox 2191 5629 2509 5699; x_wconf 85' lang='lat' dir='ltr'><strong>imprudens</strong></span> <span class='ocrx_word' id='word_1_867' title='bbox 2540 5644 2768 5699; x_wconf 87' lang='lat' dir='ltr'><strong>prorsus</strong></span> <span class='ocrx_word' id='word_1_868' title='bbox 2799 5629 3049 5685; x_wconf 88' lang='lat' dir='ltr'><strong>irritatus</strong></span> <span class='ocrx_word' id='word_1_869' title='bbox 3071 5628 3258 5693; x_wconf 88' lang='lat' dir='ltr'><strong>fuerit,</strong></span> <span class='ocrx_word' id='word_1_870' title='bbox 3300 5627 3577 5698; x_wconf 72' lang='lat' dir='ltr'><strong>ptenituit.</strong></span> 
     </span>
    </p>
   </div>
   <div class='ocr_carea' id='block_1_115' title="bbox 1998 5720 3578 5792">
    <p class='ocr_par' dir='ltr' id='par_1_115' title="bbox 1998 5720 3578 5792">
     <span class='ocr_line' id='line_1_116' title="bbox 1998 5720 3578 5792; baseline -0.003 -16"><span class='ocrx_word' id='word_1_871' title='bbox 1998 5722 2231 5777; x_wconf 86' lang='lat' dir='ltr'><strong>Proinde</strong></span> <span class='ocrx_word' id='word_1_872' title='bbox 2251 5722 2528 5776; x_wconf 85' lang='lat' dir='ltr'><strong>diversum</strong></span> <span class='ocrx_word' id='word_1_873' title='bbox 2569 5724 2793 5777; x_wconf 89' lang='lat' dir='ltr'><strong>omnino</strong></span> <span class='ocrx_word' id='word_1_874' title='bbox 2823 5739 2852 5776; x_wconf 90' lang='lat' dir='ltr'><strong>a</strong></span> <span class='ocrx_word' id='word_1_875' title='bbox 2882 5722 3067 5792; x_wconf 89' lang='lat' dir='ltr'><strong>priore</strong></span> <span class='ocrx_word' id='word_1_876' title='bbox 3091 5720 3319 5777; x_wconf 90' lang='lat' dir='ltr'><strong>consilio</strong></span> <span class='ocrx_word' id='word_1_877' title='bbox 3351 5720 3578 5781; x_wconf 72' lang='lat' dir='ltr'><strong>faciens,</strong></span> 
     </span>
    </p>
   </div>
   <div class='ocr_carea' id='block_1_116' title="bbox 1996 5811 3587 5887">
    <p class='ocr_par' dir='ltr' id='par_1_116' title="bbox 1996 5811 3587 5887">
     <span class='ocr_line' id='line_1_117' title="bbox 1996 5811 3587 5887; baseline -0.003 -19"><span class='ocrx_word' id='word_1_878' title='bbox 1996 5815 2259 5887; x_wconf 73' lang='lat' dir='ltr'><strong>synodum</strong></span> <span class='ocrx_word' id='word_1_879' title='bbox 2284 5815 2672 5886; x_wconf 80' lang='lat' dir='ltr'><strong>provincialem</strong></span> <span class='ocrx_word' id='word_1_880' title='bbox 2703 5815 2899 5887; x_wconf 79' lang='lat' dir='ltr'><strong>coegit,</strong></span> <span class='ocrx_word' id='word_1_881' title='bbox 2930 5824 2985 5871; x_wconf 88' lang='lat' dir='ltr'><strong>ct</strong></span> <span class='ocrx_word' id='word_1_882' title='bbox 3012 5814 3236 5871; x_wconf 86' lang='lat' dir='ltr'><strong>Joannis</strong></span> <span class='ocrx_word' id='word_1_883' title='bbox 3275 5829 3472 5870; x_wconf 87' lang='lat' dir='ltr'><strong>nomen</strong></span> 
     </span>
    </p>
   </div>
  </div>
