4154 6512
610 389 684 448 ῃ
1969 390 2027 457 S.
2068 389 2345 445 CYRlLLl
2386 392 2569 447 VITA.
3816 396 3888 453 24

612 506 730 561 tnui
754 515 812 561 et
848 504 963 577 ipse
993 512 1051 561 et
1078 503 1277 575 reliqui
1323 517 1639 576 magnarum
1676 500 1890 557 sedium
1921 502 2197 558 antistites
2221 507 2265 560 Α
2360 501 2447 556 36.
2490 503 2714 569 Verum,
2739 516 2799 562 ut
2817 522 2941 562 mox
2964 506 3247 579 subjungit
3277 505 3425 564 idem
3438 507 3695 580 Cyrillus,
3724 526 3744 561 ι
3772 510 3889 565 ele-

614 599 670 655 in
699 614 855 656 sacro
883 600 1008 655 albo
1046 606 1473 670 proposuerunt.

677 692 767 746 53.
799 710 818 743 ι
869 689 953 747 llli
996 706 1128 747 vero
1168 693 1350 746 minus
1393 705 1522 744 vere
1553 689 1738 745 dicere
1781 689 2060 753 videntur,
2102 690 2199 759 qui

610 784 871 855 Cyrillum
896 785 1072 840 libros
1120 784 1259 839 alios
1284 781 1465 852 magni
1491 781 1670 837 Patris
1690 780 1992 836 abolevisse
2016 782 2202 851 perhi—

612 874 767 928 bent.
792 874 931 929 Nam
967 876 1012 929 si
1041 890 1149 943 qua
1172 872 1373 943 scripta
1404 873 1525 942 ejus
1557 871 1824 928 abolenda
1864 882 2040 935 erant,
2083 872 2201 927 haec

612 980 735 1033 quae
762 966 943 1020 adhuc
976 973 1220 1029 exstant,
1251 963 1398 1033 quod
1436 964 1733 1019 consilium
1779 964 2200 1033 institutumque

611 1055 731 1123 ejus
753 1054 808 1107 in
835 1054 918 1108 eis
937 1054 1172 1110 maxime
1199 1068 1520 1124 expressum
1550 1064 1653 1119 est,
1680 1054 1886 1110 abolita
1921 1054 2201 1124 oportuis-

611 1154 730 1209 set;
762 1145 868 1199 nisi
892 1146 1038 1201 Deus
1065 1146 1321 1202 utilitatis
1349 1147 1631 1201 hominum
1667 1162 1856 1201 curam
1885 1162 2102 1216 gerens,
2137 1162 2202 1201 ea

613 1246 1011 1291 conservasset.
1040 1237 1155 1291 Hoc
1173 1252 1300 1292 cum
1316 1238 1373 1291 in
1396 1252 1597 1292 arcana
1634 1237 1838 1292 Niceta:
1857 1237 2199 1307 Philosophi,

614 1322 710 1392 qui
731 1335 789 1379 et
814 1324 987 1381 David
1010 1325 1195 1381 dictus
1215 1336 1318 1391 est,
1333 1326 1593 1391 Historia,
1625 1335 1683 1381 et
1712 1326 1856 1397 apud
1890 1326 2029 1381 alios
2072 1327 2203 1381 item

615 1412 941 1482 invenerim,
974 1416 1130 1488 operi
1159 1417 1289 1471 huic
1316 1431 1439 1471 meo
1468 1417 1817 1473 inserendum
1842 1432 1963 1474 esse
1986 1433 2207 1488 quoque

616 1503 748 1558 duxi
779 1523 793 1558 :
828 1521 895 1561 ne
919 1507 1010 1561 cui
1038 1505 1317 1576 ambigere
1346 1506 1404 1560 in
1428 1514 1669 1561 mentem
1693 1507 1898 1571 veniat,
1928 1507 2207 1576 quomodo

617 1603 769 1650 tanta
789 1595 1101 1661 luminaria,
1142 1595 1460 1661 inimicitias
1486 1606 1705 1652 mutuas
1733 1591 2065 1660 exer‘centia,
2087 1612 2207 1650 am-

618 1685 689 1740 bo
711 1686 777 1741 ad
804 1702 1071 1742 summam
1102 1688 1447 1744 sanctitatem
1482 1688 1851 1758 pervenerint,
1873 1698 1930 1743 et
1951 1689 2209 1743 Ecclesiae

619 1776 888 1832 columna:
924 1777 1261 1845 exstiterint,
1294 1778 1598 1833 inimicitiis
1638 1779 1951 1849 huiusmodi
1995 1779 2207 1834 nullum

619 1867 840 1923 illorum
867 1870 1053 1941 gloria:
1080 1871 1469 1925 detrimentum
1491 1871 1923 1926 efferentibus:

894 1980 921 2051 §
958 1981 1070 2036 νη.
1110 1980 1338 2037 Ηιενεείε
1363 1982 1683 2037 Nestoriana
1710 1983 1934 2038 detecta.

688 2069 999 2127 3LcAttico
1014 2070 1129 2126 vita
1144 2071 1333 2128 functo
1360 2073 1627 2128 successit
1655 2072 1949 2138 Sisinnius,
1979 2082 2103 2144 post
2118 2089 2214 2128 cu-

616 2163 708 2233 jus
726 2172 1013 2227 mortem,»
1038 2162 1599 2232 inquitSocrateslib.
1621 2180 1713 2229 vn,
1732 2179 1851 2234 cap.
1872 2164 1963 2230 29,
1993 2184 2011 2217 ‹
2033 2165 2213 2221 visum

621 2259 707 2307 est
738 2252 1080 2323 imperatori,
1108 2261 1337 2322 propter
1359 2252 1613 2308 homines
1634 2252 1880 2307 inanium
1901 2268 2089 2307 rerum
2115 2268 2214 2323 ap-

623 2351 894 2414 petentes,
920 2345 1197 2420 neminem
1222 2360 1292 2401 ex
1314 2345 1407 2401 illa
1433 2345 1681 2401 Ecclesia
1707 2345 1859 2415 (licet
1886 2346 2045 2401 multi
2082 2346 2216 2401 Phi-

625 2433 859 2504 lippum,
894 2436 1209 2505 complures
1250 2436 1505 2491 Proclum
1546 2436 1891 2508 designatum
1926 2437 2216 2507 cuperent)

625 2525 694 2580 ad
717 2526 1095 2597 episcopatum
1129 2527 1287 2590 illum
1307 2527 1514 2598 eligere
1543 2544 1560 2581 :
1592 2527 1688 2582 sed
1725 2528 1988 2582 advenam
2021 2528 2215 2582 Antio-

628 2614 751 2669 chia
782 2630 1066 2671 accersere
1097 2617 1404 2673 constituit.
1449 2617 1581 2673 Erat
1605 2631 1843 2687 namque
1879 2617 1993 2672 illic
2018 2616 2217 2672 Nesto-

629 2704 749 2760 rius
766 2720 834 2759 ex
845 2704 1171 2761 Germanici
1188 2706 1477 2772 oriundus,
1496 2722 1631 2762 voce
1648 2707 1970 2777 cumprimis
1994 2721 2217 2773 sonora,

628 2798 927 2868 linguaque
950 2797 1196 2855 diserta:
1226 2808 1283 2854 et
1307 2799 1380 2853 ob
1410 2814 1534 2854 eam
1566 2812 1808 2863 causam,
1850 2806 2107 2866 tanquam
2150 2797 2219 2851 ad

630 2887 942 2943 docendum
995 2889 1260 2960 populum
1298 2888 1595 2944 admodum
1642 2888 2109 2953 accommodatus,
2149 2887 2218 2942 de

632 2979 853 3037 illorum
880 2981 1156 3037 sententia
1180 2980 1502 3036 accersitur.
1534 2979 1822 3035 Trimestri
1847 2980 2013 3050 igitur
2042 2980 2220 3050 spatio

632 3084 931 3141 percurso,
989 3071 1288 3126 Antiochia
1321 3070 1855 3141 Constantinopolim
1925 3070 2219 3126 deducitur

630 3161 948 3228 Nestorius;
974 3162 1071 3232 qui
1093 3175 1406 3232 quanquam
1450 3178 1483 3217 a
1504 3161 1779 3232 plerisque
1810 3162 1883 3217 ob
1907 3172 2220 3232 temperan-

634 3254 764 3312 tiam
782 3254 945 3314 laude
964 3253 1425 3324 etpradicatione
1449 3252 1805 3318 eﬁ‘erebatur,
1829 3262 2012 3307 tamen
2031 3252 2225 3322 quales

634 3354 903 3414 premeres
927 3344 1053 3414 ejus
1088 3358 1273 3399 mores
1301 3343 1528 3408 fuerint,
1552 3344 1767 3413 primus
1786 3343 1937 3398 illius
1960 3342 2225 3398 doctrina:

630 3450 868 3491 exorsus
899 3435 1267 3506 prudentibus
1294 3434 1432 3490 viris
1461 3435 1596 3490 satis
1629 3434 2046 3490 demonstravit.
2088 3432 2225 3488 Nam

636 3527 803 3582 simul
834 3540 899 3581 ac
925 3525 1219 3596 episcopus
1266 3541 1319 3581 IV
1360 3526 1489 3581 ldus
1530 3525 1736 3594 Aprilis
1781 3525 2069 3581 ordinatus
2099 3522 2224 3589 luit,

638 3617 820 3673 Felice
839 3626 897 3673 et
909 3617 1093 3672 Tauro
1114 3632 1283 3684 coss,
1302 3616 1598 3686 extemplo,
1619 3631 1745 3671 cum
1758 3615 2062 3670 orationem
2083 3614 2228 3685 apud

640 3709 1037 3779 imperatorem
1066 3709 1316 3776 haberet,
1338 3708 1482 3764 hanc
1500 3707 1851 3772 sententiam,
1881 3721 2004 3775 qua:
2044 3705 2230 3761 multis

638 3801 699 3857 in
718 3814 817 3856 ore
838 3810 944 3867 est,
966 3816 1153 3857 coram
1181 3801 1443 3856 universo
1463 3799 1668 3870 populo
1705 3797 1937 3869 protulit
1965 3815 1979 3850 :
2015 3796 2167 3861 Mihi,
2195 3812 2231 3852 ο

641 3892 960 3962 imperator,
989 3902 1195 3950 terram
1222 3893 1495 3949 haereticis
1522 3900 1582 3946 tu
1607 3900 1891 3962 purgatam
1930 3889 2131 3955 tribue,
2174 3898 2232 3944 et

638 3997 744 4054 ego
762 3983 864 4038 tibi
889 3984 1091 4041 calum
1128 3984 1466 4041 retribuam:
1512 3989 1570 4037 tu
1608 3981 1744 4036 mihi
1781 3982 1838 4036 in
1879 3978 2234 4051 proﬁigandis

643 4074 919 4130 haereticis
944 4074 1196 4141 subveni,
1225 4083 1283 4130 et
1305 4088 1408 4145 ego
1438 4072 1542 4128 tibi
1564 4072 1622 4127 in
1657 4070 2012 4142 proﬁigandis
2049 4068 2233 4128 Persis

642 4165 986 4222 subveniam.
1020 4184 1043 4217 ι
1930 4190 1935 4195 ρ
2076 4200 2079 4203 ,

711 4255 801 4311 55.
830 4256 1161 4311 Praeclarum
1198 4255 1439 4311 Nestorii
1475 4255 1718 4320 initium,
1742 4255 1875 4311 licet
1898 4264 2088 4326 pergat
2114 4254 2236 4325 plu-

643 4346 800 4400 ribus
841 4346 1135 4417 suggillare
1164 4345 1452 4410 Socrates,
1478 4354 1537 4401 et
1576 4346 1692 4415 ipse
1730 4346 1896 4401 homo
1918 4344 2231 4411 hereticus,

642 4434 939 4489 laudarunt
972 4433 1303 4490 Caelestinus
1356 4449 1497 4505 papa
1541 4442 1598 4488 et
1633 4433 1887 4505 Cyrillus,
1921 4433 2123 4490 litteris
2165 4433 2234 4489 ad

2300 606 2423 655 ctus
2446 612 2532 656 est
2564 611 2625 655 ut
2653 601 2792 665 ovis,
2830 601 2927 656 sed
2952 600 3211 655 inventus
3236 610 3321 655 est
3349 610 3409 655 ut
3437 600 3634 671 lupus;
3677 610 3741 656 ut
3769 604 3890 657 sin-

2298 707 2459 747 cerus
2490 692 2772 761 ﬁdelisque
2805 691 3062 755 famulus,
3088 691 3184 746 sed
3213 690 3406 746 dilexit
3432 691 3786 760 oppositum;
3828 700 3892 750 ut

2300 782 2710 845 uvarumferax
2734 785 2913 847 vinea,
2933 781 3029 837 sed
3043 783 3198 851 juxta
3214 781 3526 851 Scripturas
3545 780 3732 851 spinas
3755 798 3889 852 pro-

2304 875 2456 941 tulit;
2479 883 2541 929 ut
2572 872 2879 928 industrius
2902 871 3165 942 agricola,
3192 870 3287 926 sed
3308 870 3599 925 insidiatus
3625 880 3712 925 est
3733 886 3888 941 agro;

2302 978 2365 1024 ut
2384 967 2565 1022 bonus
2592 965 2830 1035 denique
2868 974 3078 1034 pastor,
3104 962 3199 1017 sed
3238 961 3547 1031 agrestibus
3585 961 3720 1017 feris
3749 963 3889 1018 eﬁ'e-

2302 1058 2473 1113 ratior
2492 1055 2685 1112 evasit.
2716 1074 2735 1107 ι
2772 1052 2977 1126 Cyrillo
3000 1051 3354 1109 consentiens
3388 1051 3711 1107 Vincentius
3741 1051 3889 1106 Liri-

2303 1148 2510 1212 nensis,
2558 1148 2758 1203 borum
2796 1154 3104 1215 temporum
3154 1144 3411 1213 scriptor,
3458 1143 3771 1213 ingemiscit
3819 1143 3892 1197 ob

2305 1236 2621 1292 scandalum
2653 1235 2911 1291 Ecclesiae
2943 1250 3040 1303 per
3066 1232 3379 1287 Nestorium
3413 1232 3647 1288 illatum.
3689 1252 3707 1283 ‹
3749 1232 3898 1298 Qua-

2306 1331 2411 1385 lem
2440 1329 2627 1393 fuisse,
2657 1349 2674 1379 ι
2717 1327 2915 1397 inquit,
2950 1345 2968 1376 ι
3008 1340 3185 1394 nuper
3215 1324 3571 1379 tentationem
3612 1334 3891 1395 putamus,

2306 1436 2432 1476 cum
2462 1419 2651 1475 infelix
2682 1419 2774 1473 ille
2803 1416 3107 1478 Nestorius,
3139 1414 3321 1469 subito
3351 1430 3419 1468 ex
3459 1429 3560 1468 ove
3594 1429 3901 1468 conversus

2308 1512 2364 1566 in
2397 1514 2607 1581 lupum,
2650 1523 2870 1580 gregem
2899 1507 3104 1562 Christi
3153 1506 3397 1560 lacerare
3433 1505 3730 1574 cmpisset?
3769 1521 3899 1560 cum

2310 1603 2364 1656 hi
2390 1603 2514 1672 ipsi,
2537 1601 2631 1672 qui
2649 1600 3007 1664 rodebantur,
3042 1614 3110 1652 ex
3130 1612 3325 1667 magna
3350 1595 3531 1650 adhuc
3557 1606 3712 1666 parte
3737 1611 3898 1651 ovem

2310 1692 2619 1756 crederent,
2664 1691 2898 1759 ideoque
2942 1688 3219 1743 morsibus
3259 1687 3380 1757 ejus
3413 1687 3586 1756 magis
3622 1696 3898 1756 paterent.

2308 1783 2446 1838 Nam
2499 1782 2625 1851 quis
2665 1796 2791 1836 eum
2840 1779 3001 1835 facile
3055 1792 3243 1832 errare
3299 1776 3684 1842 arbitraretur,
3735 1792 3902 1846 quem

2242 1854 2283 1907 Β
2316 1884 2467 1929 tanto
2497 1871 2841 1929 sacerdotum
2891 1871 3073 1925 studio
3114 1878 3465 1939 persecutum
3500 1868 3755 1923 videret?
3784 1870 3903 1939 qui,

2314 1983 2439 2022 cum
2467 1980 2664 2037 magno
2685 1974 3000 2020 sanctorum
3030 1977 3237 2027 amore,
3261 1975 3475 2016 summo
3504 1961 3692 2032 pepuli
3716 1961 3907 2017 favore

2314 2058 2714 2119 celebraretur,
2749 2053 2997 2124 quotidie
3034 2052 3209 2121 palam
3250 2050 3437 2105 divina
3476 2050 3748 2106 tractabat
3784 2050 3905 2105 elo-

2315 2148 2463 2218 quia,
2491 2158 2547 2202 et
2569 2145 2767 2202 noxios
2797 2159 3016 2215 quoque
3052 2142 3367 2198 Judazorum
3406 2150 3573 2211 atque
3602 2140 3907 2197 Gentilium

2317 2238 2634 2294 confutabat
2677 2235 2929 2291 errores?
2970 2233 3089 2300 Quo
3138 2231 3360 2287 tandem
3402 2233 3550 2302 justo
3590 2230 3755 2285 modo
3793 2246 3908 2287 non

2317 2330 2493 2386 cuivis
2508 2329 2673 2385 ﬁdem
2687 2329 2892 2383 faceret
2914 2343 2973 2382 se
2997 2336 3146 2381 recta
3166 2325 3386 2389 docere,
3404 2331 3554 2378 recta
3578 2322 3907 2393 praedicare,

2318 2432 2469 2478 recta
2500 2422 2705 2477 sentire
2727 2461 2741 2487 ,
2776 2420 2873 2490 qui
2905 2427 2965 2474 ut
2990 2418 3086 2472 uni
3120 2415 3318 2471 haeresi
3349 2431 3462 2471 sua:
3500 2415 3711 2470 aditum
3748 2424 3903 2484 pate-

2317 2517 2541 2581 faceret,
2590 2523 2915 2595 cunc'tarum
2940 2512 3225 2567 haereseon
3256 2506 3622 2578 blasphemias
3663 2506 3907 2561 insecta-

2318 2605 2445 2661 batu
2454 2605 2533 2659 r‘h
2565 2615 2673 2661 etc.

2386 2719 2475 2773 57.
2504 2719 2581 2774 De
2613 2719 2730 2789 ipsa
2777 2719 2898 2789 ejus
2919 2715 3135 2780 heresi,
3154 2713 3426 2784 hujusque
3470 2710 3711 2767 strenuis
3728 2724 3908 2781 oppu-

2318 2807 2656 2879 gnatoribus,
2696 2806 2770 2861 ita
2819 2805 3009 2876 paucis
3052 2805 3287 2873 Prosper
3342 2801 3400 2855 in
3440 2799 3716 2863 Chronico,
3762 2811 3907 2854 coss.

2320 2898 2500 2951 'l‘auro
2521 2905 2578 2951 et
2604 2896 2804 2960 Felice,
2830 2908 2974 2948 anno
2991 2892 3123 2948 Chr.
3145 2891 3268 2946 428:
3297 2888 3623 2959 czNestorius
3640 2887 3910 2951 Constan-

2322 2988 2713 3059 tinopolitanus
2734 2985 3026 3057 episcopus
3046 2998 3250 3038 novum
3282 2980 3544 3037 Ecclesiis
3572 2978 3801 3033 molitur
3821 2993 3909 3033 er-

2321 3095 2502 3135 rorem
2560 3079 2819 3133 inducere
2842 3117 2858 3143 ,
2911 3074 3217 3147 praedicans
3273 3072 3556 3128 Christum
3620 3085 3690 3125 ex
3740 3069 3910 3124 Maria

2247 3180 2289 3238 (ζ
2323 3170 2601 3226 hominem
2632 3179 2865 3234 tantum,
2888 3177 2946 3223 et
2970 3180 3080 3222 non
3105 3166 3300 3231 Deum,
3326 3173 3540 3228 natum,
3574 3161 3735 3231 eique
3763 3158 3912 3214 Divi.

2322 3263 2548 3317 nitatem
2578 3262 2828 3317 collatam
2860 3268 3121 3329 esse’pro
3176 3256 3397 3311 merito.
3441 3253 3585 3310 Huic
3640 3248 3911 3321 impietati

2323 3355 2596 3425 praecipue
2628 3353 2816 3425 Cyrilli
2852 3348 3209 3407 Alexandrini
3236 3346 3479 3418 episcopi
3517 3343 3821 3408 industria,
3856 3352 3912 3399 et

2325 3460 2478 3514 papa:
2512 3441 2793 3499 Coelestini
2833 3448 3100 3511 repugnat
3125 3437 3449 3493 auctoritas.
3485 3455 3503 3487 ι
3548 3434 3704 3491 Unde
3733 3433 3911 3488 haere-

2327 3536 2401 3589 sis
2439 3534 2528 3588 illa
2563 3532 2905 3603 proﬂuxerit,
2948 3539 3200 3585 accurate
3240 3528 3483 3597 disputat
3526 3524 3795 3580 Baronius
3838 3522 3906 3578 ad

2325 3626 2580 3682 eumdem
2609 3640 2812 3680 annum
2846 3639 3000 3679 num.
3031 3622 3100 3677 '50
3151 3631 3209 3677 et
3232 3619 3613 3690 sequentibus.
3652 3618 3765 3673 Nos
3793 3631 3913 3671 sce-

2326 3714 2641 3772 leratissimi
2686 3713 3037 3786 sycophanta:
3083 3711 3326 3766 fallacias
3360 3725 3392 3765 a
3430 3708 3633 3780 Cyrillo
3672 3706 3915 3762 detectas

2327 3820 2747 3875 prosequamur.
2774 3803 3062 3860 Nestorius
3103 3802 3292 3873 igitur,
3330 3801 3480 3872 jacto
3518 3797 3913 3854 Constantino-

2330 3897 2441 3967 poli
2462 3897 2667 3951 erroris
2687 3895 2883 3951 nefarii
2913 3895 3122 3951 semine
3142 3891 3565 3961 haudquaquam
3598 3896 3913 3954 contentus,

2332 3995 2394 4041 ut
2436 4003 2564 4042 eum
2610 3987 2774 4041 latius
2823 3995 3123 4056 spargeret,
3173 3982 3391 4038 libellos
3438 3981 3657 4036 occulto
3702 3993 3917 4036 veneno

2330 4078 2570 4134 suﬁ'usos
2614 4093 2711 4148 per
2752 4086 2969 4132 exteras
3017 4089 3237 4145 quoque
3278 4086 3408 4128 oras
3449 4070 3711 4140 vulgavit,
3751 4077 3917 4139 atque

2332 4167 2403 4222 ad
2455 4167 2604 4241 ipsos
2648 4165 2864 4237 Egypti
2920 4166 3218 4220 monachos
3270 4162 3458 4228 misit;
3510 4161 3651 4216 nihil
3702 4176 3762 4217 se
3808 4161 3914 4217 nisi

2333 4274 2402 4319 ex
2430 4254 2634 4313 Niczeni
2674 4256 2895 4313 concilii
2929 4256 3251 4325 praescripto
3282 4255 3502 4318 docere,
3535 4252 3914 4309 fraudulenter

2330 4349 2608 4423 jactitans.

2407 4442 2495 4497 58.
2523 4440 2729 4496 Horum
2763 4454 2930 4497 causa
2961 4444 3169 4510 magna:
3200 4437 3348 4491 inter
3368 4434 3587 4507 {Egypti
3620 4436 3917 4492 monachos

645 4524 824 4593 ipsum
842 4524 1158 4580 Nestorium
1176 4525 1351 4581 datis:
1376 4526 1469 4580 hic
1490 4541 1713 4585 suarum
1739 4525 1989 4581 meminit
2013 4525 2070 4580 in
2092 4541 2224 4597 apo-
2254 4525 2296 4581 D
2329 4535 2577 4592 excitata
2594 4540 2724 4588 sunt
2742 4531 2937 4595 turbae,
2955 4531 3022 4585 ad
3044 4544 3179 4599 quas
3201 4527 3471 4583 sedandas
3488 4526 3745 4598 Cyrillus,
3764 4541 3917 4582 acer-

645 4614 881 4686 logetica
939 4615 1170 4685 epistola
1235 4616 1305 4670 ad
1367 4615 1737 4670 Theodosium
1818 4617 2226 4689 imperatorem,

647 4716 797 4762 torno
827 4707 874 4763 γ
903 4708 1410 4778 concil.'Ephesini,
1431 4722 1554 4777 cap.
1578 4708 1632 4761 2.
1666 4727 1683 4758 ι
1716 4708 1939 4763 Electus
1961 4718 2066 4774 est,
2095 4731 2115 4762 ι
2149 4711 2232 4766 ἰη-

645 4798 787 4867 quit,
819 4817 838 4848 ι
870 4797 1164 4853 Nestorius
1180 4808 1441 4867 tanquam
1470 4797 1781 4867 apostolicae
1797 4799 2231 4869 evangelicaaque

647 4889 913 4945 doctrina
943 4904 1125 4959 praeco
1155 4889 1429 4961 egregius,
1480 4890 1973 4960 promovendaque
2014 4891 2233 4961 pietatis

646 4980 845 5036 artifex
873 4981 1124 5052 insignis,
1151 4995 1366 5037 necnon
1388 4990 1645 5051 tanquam
1686 4982 1736 5037 is
1776 4981 1870 5051 qui
1898 4982 1954 5036 in
1980 4991 2128 5038 recta
2152 4983 2233 5037 in-

649 5069 975 5141 culpataque
1008 5070 1115 5126 ﬁde
1152 5069 1413 5141 praeclare
1455 5076 1603 5129 esset
1649 5068 1928 5128 fundatus.
1978 5069 2048 5124 Et
2089 5070 2233 5141 ejus-

648 5162 798 5217 modi
832 5162 981 5219 hunc
1004 5162 1284 5221 hominem
1311 5176 1435 5217 esse
1462 5160 1721 5231 cupiebat
1745 5169 1929 5216 vestra
1956 5161 2229 5232 majestas,

648 5252 1003 5324 universique
1020 5261 1336 5310 sanctarum
1363 5250 1734 5308 Ecclesiarum
1754 5250 2035 5321 pmsides,
2054 5261 2111 5307 et
2130 5266 2233 5323 ego

649 5346 767 5414 ipse
788 5358 1031 5415 quoque.
1062 5344 1203 5401 Sane
1232 5358 1359 5401 cum
1388 5343 1458 5401 de
1484 5342 1637 5399 illius
1652 5341 1995 5398 ordinatione
2024 5344 2235 5400 litteras

649 5452 681 5494 a
702 5435 969 5506 piissimis
989 5435 1267 5509 episcopis
1307 5436 1376 5493 ad
1411 5435 1520 5492 hoc
1560 5434 1845 5491 destinatis
1878 5436 2229 5506 accepissem,

650 5526 788 5585 nihil
821 5528 950 5583 mali
980 5528 1308 5599 suspicatus,
1334 5528 1445 5582 imo
1467 5542 1598 5582 vero
1626 5524 1857 5581 laudans
1882 5535 1939 5581 et
1965 5526 2231 5597 gaudens,

652 5621 841 5691 illique
866 5630 1127 5694 tanquam
1159 5619 1317 5677 fratri
1354 5628 1411 5675 et
1434 5620 1811 5675 comministro
1849 5620 2055 5690 optima
2082 5636 2233 5690 qua:-

652 5728 761 5783 que
793 5729 895 5784 per
920 5713 1160 5770 divinam
1196 5712 1581 5769 liberalitatem
1619 5711 1905 5781 obtingere
1949 5722 2231 5782 exoptans,

655 5805 935 5883 rescripsi.
975 5826 995 5861 ι

2336 4627 2508 4681 rimus
2545 4622 2864 4679 orthodoxa:
2905 4621 3031 4676 ﬁdei
3066 4637 3100 4675 a
3132 4621 3244 4675 Deo
3276 4620 3486 4677 electus
3523 4627 3914 4688 propugnator,

2337 4732 2464 4771 mox
2498 4730 2558 4770 se
2585 4712 2840 4777 accinxit,
2867 4722 2926 4769 et
2956 4726 3082 4768 cum
3117 4709 3339 4766 schedis
3395 4725 3517 4779 qua:
3549 4709 3617 4763 de
3639 4724 3703 4764 ea
3729 4724 3787 4764 re
3816 4708 3915 4763 sub

2335 4806 2558 4862 nomine
2590 4804 2831 4861 Nestorii
2868 4803 3210 4865 ferebantur,
3258 4815 3451 4870 parum
3502 4798 3628 4854 ﬁdei
3669 4799 3913 4862 haberet,

2339 4897 2639 4966 prudenter
2664 4895 2735 4949 ab
2762 4895 2884 4965 ejus
2904 4892 3130 4948 nomine
3157 4890 3444 4946 abstinuit.
3479 4888 3718 4943 Primam
3755 4888 3918 4959 igitur

2336 4984 2620 5061 epistolam
2648 4984 2841 5039 scribit
2860 4982 2931 5040 ad
2966 4982 3115 5053 ipsos
3138 4979 3455 5044 monachos,
3490 4979 3582 5033 ubi
3609 4979 3752 5033 inter
3772 4978 3876 5033 alia
3900 4997 3913 5031 :

2346 5098 2364 5129 ι
2399 5076 2579 5135 Audio
2606 5076 2856 5133 exitiales
2884 5072 3152 5146 quosdam
3174 5086 3428 5127 rumores
3447 5070 3591 5125 inter
3621 5086 3718 5125 vos
3736 5085 3918 5140 prose-

2338 5167 2595 5233 minatos,
2628 5167 2923 5223 nonnullos
2942 5177 3163 5234 quoque
3195 5161 3478 5226 oberrare,
3510 5160 3606 5230 qui
3647 5159 3908 5215 sinceram

2338 5266 2579 5312 vestram
2624 5257 2787 5312 ﬁdem
2820 5253 3074 5312 demoliri
3116 5252 3408 5317 studeant,
3446 5260 3505 5306 et
3537 5250 3782 5305 inanium
3820 5266 3911 5304 vo-

2339 5349 2662 5404 cabulorum
2677 5348 2853 5403 bullas
2866 5346 3011 5417 apud
3028 5344 3165 5400 rude
3181 5343 3375 5413 vulgus
3386 5348 3722 5407 cruciantes,
3735 5350 3913 5395 utrum

2339 5441 2586 5495 θεοτόκον
2621 5453 2829 5497 sacram
2862 5436 3139 5507 Virginem
3174 5433 3449 5506 appellare
3480 5430 3661 5495 limat,
3694 5430 3748 5484 in
3786 5446 3917 5486 con-

2343 5531 2664 5588 troversiam
2702 5543 2899 5583 vocare
2925 5527 3184 5592 audeant,
3208 5545 3225 5574 ι
3265 5532 3374 5581 etc.
3424 5524 3608 5593 Pergit
3646 5521 3916 5577 validissi'

2342 5625 2446 5681 mis
2492 5621 2818 5684 rationibus,
2860 5617 3306 5689 gravissimisque
3348 5630 3473 5670 cum
3514 5612 3916 5684 Scripturarum

2344 5727 2459 5772 tum
2480 5719 2793 5768 sanctorum
2816 5712 3040 5765 Patrum
3064 5705 3412 5768 testimoniis,
3434 5704 3710 5759 Christum
3729 5719 3915 5758 verum

2343 5820 2462 5863 esse
2502 5805 2671 5859 Deum
2699 5801 2951 5873 probare,
2989 5800 3134 5855 unde
3169 5814 3291 5853 mox
3332 5794 3748 5867 appellationem
3789 5794 3913 5852 Dci-
