4120 6538
265 420 340 478 25
1625 422 1682 479 S.
1716 420 1992 479 CYRlLLl
2032 422 2214 479 VITA.
3462 422 3534 479 26

265 545 416 607 para
448 547 585 589 vere
612 546 678 587 ac
717 531 940 602 proprie
973 532 1130 587 Hatri
1158 532 1370 605 Virgini
1399 537 1697 592 convenire
1716 551 1847 591 con-
1876 540 1925 599 Α
1949 546 2007 592 et
2034 553 2064 592 a
2093 537 2295 608 quibus
2341 536 2394 591 id
2432 535 2656 593 minime
2684 534 3088 607 exspectabam,
3131 533 3397 590 hactenus
3423 535 3536 590 sint

166 646 169 649 λ
269 623 464 680 cludit.
488 623 670 693 Atque
696 622 777 677 ita
798 623 1030 693 epistola
1056 624 1159 678 hac
1177 624 1521 695 gravissima,
1546 626 1859 682 eruditione

268 726 324 779 et
352 725 545 772 sancto
577 715 704 770 ﬁdei
733 717 855 771 zelo
885 716 1067 786 plena,
1092 718 1389 787 provincia
1418 733 1531 774 sua
1562 718 1858 784 solitarius,

269 808 441 865 veluti
460 808 875 879 prophylactico
894 808 1130 878 quodam
1147 809 1728 878 pbarmaco,adversus
1745 811 1864 881 pul-

271 901 537 955 lulantem
585 898 841 960 haeresim
889 900 1240 969 pramunire,
1293 909 1352 957 et
1381 902 1438 958 in
1468 902 1691 972 antiqua
1734 902 1861 957 ﬁdei

274 990 527 1047 doctrina
567 989 901 1046 conﬁrmare
940 992 1171 1047 studuit.
1209 992 1433 1048 Veritus
1472 1003 1737 1063 praeterea
1793 1007 1863 1048 ne

274 1081 441 1137 ferale
464 1080 706 1136 Nestorii
727 1081 879 1137 virus
925 1083 1043 1152 ipsa
1078 1097 1297 1153 quoque
1330 1082 1481 1138 orbis
1508 1084 1686 1153 capita
1713 1081 1863 1136 allia-

275 1184 379 1237 ret,
408 1172 559 1227 unde
593 1173 791 1244 ingens
834 1173 1163 1230 Christianae
1200 1174 1520 1245 reipublica
1558 1173 1863 1243 perieulum

274 1260 565 1315 formidari
602 1262 806 1317 merito
827 1271 1033 1332 posset,
1075 1263 1144 1317 de
1168 1275 1315 1319 recta
1350 1265 1404 1318 in
1430 1265 1601 1319 Deum
1635 1262 1761 1326 ﬁde,
1784 1262 1868 1317 di-

276 1352 518 1422 vinaque
559 1352 726 1409 Verbi
756 1352 1139 1410 lncarnatione
1172 1364 1285 1411 tres
1310 1356 1483 1409 libros
1520 1353 1865 1423 conscripsit,

275 1460 416 1516 quos
437 1445 648 1513 Λόγους
676 1448 1163 1516 προσφωνητικοὺς
1194 1446 1506 1517 appellavit.
1528 1445 1733 1501 Horum
1757 1444 1870 1513 pri-

279 1552 433 1591 mum
463 1537 808 1607 nuncupavit
850 1538 1161 1594 Theodosio
1189 1549 1244 1595 et
1274 1540 1653 1595 Valentiniano
1693 1537 1869 1605 impe—

280 1628 580 1692 ratoribus,
626 1628 769 1683 duos
800 1630 1137 1699 posteriores
1179 1631 1433 1687 Eudocia
1476 1639 1533 1685 et
1570 1627 1869 1684 Pulcheria

279 1717 509 1787 reginis,
554 1719 721 1772 tacito
771 1718 974 1787 ubique
1017 1719 1255 1774 Nestorii
1299 1720 1544 1782 nomine,
1582 1734 1653 1773 ne
1693 1732 1760 1773 cx
1803 1732 1869 1771 eo

280 1802 577 1862 Theodosii
610 1808 829 1862 animus
860 1808 1253 1874 offenderetur,
1284 1810 1379 1878 qui
1414 1808 1726 1863 Nestorium
1756 1806 1870 1862 An-

283 1896 484 1949 tiochia
513 1896 868 1961 accersitum,
898 1898 1213 1967 episcopum
1237 1898 1396 1969 deligi
1429 1906 1665 1953 curarat.

348 1986 438 2041 59.
464 1985 683 2043 Interea
704 1987 872 2043 latius
898 1988 1099 2041 malum
1121 1989 1394 2058 serpebat,
1417 1998 1473 2042 et
1501 1989 1729 2043 Romam
1758 2000 1868 2039 non

280 2076 423 2134 fama
450 2079 634 2133 solum
666 2078 877 2148 perlata
902 2077 969 2132 ad
997 2077 1357 2133 Calestinum
1394 2093 1612 2147 papam,
1643 2075 1740 2131 sed
1764 2074 1869 2145 ipsi

279 2186 503 2241 quoque
535 2171 860 2241 pestilentes
880 2170 1072 2224 libelli.
1101 2170 1347 2237 Quorum
1374 2171 1466 2224 ille
1493 2166 1867 2238 blasphemiis,

280 2262 482 2331 quibus
511 2263 818 2327 scatebant,
846 2263 1188 2327 examinatis,
1214 2262 1417 2333 Cyrillo
1445 2260 1685 2330 scripsit,
1708 2266 1770 2313 ut
1788 2258 1873 2314 di-

280 2353 517 2423 ligenter
535 2355 884 2425 perquireret
925 2371 1058 2409 num
1089 2355 1179 2409 illa
1206 2368 1399 2409 revera
1421 2362 1606 2408 essent
1631 2368 1663 2405 a
1681 2350 1874 2406 Nesto-

281 2445 365 2499 rio
414 2445 773 2516 conscripta:
819 2462 1000 2516 neque
1049 2446 1199 2502 enim
1248 2444 1513 2499 credibile
1558 2442 1868 2506 videbatur,

278 2535 623 2601 Nestorium,
661 2537 729 2593 de
757 2553 868 2608 quo
907 2553 1084 2608 nuper
1118 2545 1198 2592 tot
1228 2552 1294 2591 ac
1334 2544 1485 2592 tanta
1519 2534 1870 2590 orientalium

279 2626 673 2697 episcoporum
698 2628 903 2685 litteris
928 2628 1204 2699 praconia
1229 2625 1552 2698 accepisset,
1584 2626 1660 2680 ita
1687 2624 1871 2680 subito

280 2718 337 2772 in
352 2726 734 2775 transversum
752 2729 935 2776 actum
952 2736 1096 2787 esse,
1111 2719 1317 2790 talique
1335 2718 1520 2774 furore
1535 2726 1869 2788 correptum.

280 2810 410 2866 Hac
443 2811 565 2882 ipse
590 2820 824 2868 testatur
847 2812 1086 2884 Cyrillus
1108 2813 1164 2868 in
1193 2812 1387 2882 primis
1403 2810 1474 2866 ad
1494 2810 1749 2864 eumdem
1768 2808 1874 2863 Ne-

280 2900 518 2957 storium
557 2901 779 2968 litteris,
814 2918 880 2960 ea
908 2904 1195 2960 occasione
1232 2902 1493 2966 exaratis,
1526 2899 1672 2970 quod
1708 2898 1871 2954 intel-

281 2991 513 3048 lexisset
562 2994 802 3065 graviter
833 3010 960 3050 eum
1000 2993 1170 3049 fuisse
1212 2992 1485 3048 offensum
1527 2991 1599 3045 ob
1640 2989 1875 3059 scriptas

282 3100 314 3139 ε
335 3100 395 3139 se
427 3084 645 3141 litteras
673 3087 742 3141 ad
768 3086 987 3158 Egypti
1008 3086 1307 3141 monachos
1328 3084 1594 3140 adversus
1621 3082 1874 3153 blasphe-

1958 628 2125 683 illata.
2156 627 2263 684 Sed
2288 628 2474 683 isthac
2499 628 2681 683 omnia
2703 626 2979 683 oblivione
3000 625 3310 681 voluntaria
3344 635 3537 680 conte-

1959 729 2148 775 rantur
2174 736 2187 773 :
2228 720 2374 774 Deus
2396 719 2543 775 enim
2576 719 2887 775 istiusmodi
2918 727 3215 789 nugatores
3236 716 3369 771 olim
3394 702 3560 798 judi-i

1960 821 2186 866 caturus
2217 820 2320 865 est.
2367 810 2602 865 Tantum
2638 810 2775 865 ﬁdes
2814 810 3025 880 integra
3059 816 3115 863 et
3157 808 3304 861 salva
3350 807 3441 871 sit,
3485 816 3543 862 et

1961 904 2162 959 charus
2184 903 2396 957 amicus
2416 903 2673 958 omnibus
2703 918 2836 957 ero:
2874 917 3055 972 neque
3098 900 3194 955 ulli
3244 900 3542 975 conceda_m

1962 1004 2024 1050 ut
2046 992 2515 1066 religiosissimum
2550 993 2870 1062 episcopum
2905 989 3218 1046 Nestorium
3260 987 3546 1042 ardentius

1962 1093 2136 1150 amet,
2180 1099 2343 1154 quam
2384 1098 2527 1154 ego:
2566 1098 2731 1152 quem
2779 1082 2944 1136 etiam
2977 1081 3191 1151 (Deum
3242 1086 3402 1133 testor
3436 1079 3455 1147 )
3490 1076 3545 1129 in

1962 1177 2180 1233 Christo
2202 1184 2430 1246 peropto
2450 1175 2595 1244 apud
2620 1188 2814 1228 omnes
2833 1173 2976 1226 bene
3003 1170 3216 1235 audire,
3250 1177 3546 1237 notamque

1965 1268 2036 1323 ob
2064 1283 2148 1332 ea,
2176 1281 2297 1336 qua
2327 1265 2541 1335 pridem
2569 1263 2809 1327 admisit,
2835 1269 3174 1317 contractam
3204 1260 3423 1324 eluere;
3448 1273 3546 1326 pa-

1965 1359 2183 1428 lamque
2213 1356 2420 1420 facere,
2460 1355 2791 1410 calumniam
2826 1366 2952 1409 esse
3003 1366 3234 1413 meram,
3266 1365 3376 1403 non
3402 1348 3546 1403 veri-

1967 1458 2163 1513 tatem,
2212 1462 2334 1519 qua
2378 1448 2445 1503 de
2489 1455 2585 1501 Sua
2632 1444 2862 1516 perﬁdia
2897 1461 2927 1498 a
2962 1442 3244 1498 nonnullis
3278 1440 3551 1508 invulgata

1966 1550 2114 1597 sunt.
2153 1541 2288 1596 Nam
2321 1540 2367 1595 si
2399 1538 2602 1595 Christi
2636 1536 2892 1591 mandato
2922 1534 2990 1589 ad
3028 1533 3373 1588 inimicorum
3412 1529 3551 1583 dile-

1968 1635 2208 1690 ctionem
2246 1647 2526 1704 urgemur,
2549 1628 2825 1700 quomodo
2875 1634 3303 1683 consentaneum
3323 1635 3433 1676 non
3469 1628 3554 1675 est

1970 1738 2031 1783 ut
2054 1726 2262 1781 amicos
2280 1732 2338 1779 et
2366 1720 2789 1779 consacerdotes
2822 1718 2973 1774 omni
3001 1712 3395 1770 benevolentia
3432 1718 3552 1765 stu—

1971 1818 2065 1873 dio
2093 1814 2559 1886 complectamur?
2585 1811 2742 1879 Quod
2774 1810 2821 1865 si
2850 1824 2981 1864 vero
3012 1806 3332 1862 exoriantur
3357 1802 3453 1873 qui
3488 1801 3554 1854 ﬁ-

1900 1893 1941 1947 Β
1970 1909 2093 1963 dem
2133 1905 2387 1962 demoliri
2435 1910 2698 1974 satagant,
2737 1899 3014 1971 quomodo
3056 1906 3268 1952 nostras
3312 1894 3555 1964 ipsorum

1971 1997 2183 2050 animas
2223 1994 2369 2048 ultro
2414 2008 2525 2047 non
2566 1989 2897 2045 oﬁ‘eremus?
2952 1986 3207 2041 Profecto
3255 1983 3386 2036 licet
3438 1980 3556 2049 ipsa

1971 2105 2192 2160 quoque
2209 2103 2357 2142 mors
2384 2084 2546 2155 capiti
2569 2092 2758 2137 nostro
2783 2078 3115 2150 impendeag
3133 2074 3282 2129 nulla
3310 2074 3366 2127 in
3396 2071 3557 2126 nobis

1971 2184 2081 2239 erit
2104 2181 2416 2237 cunctatio:
2449 2192 2575 2232 nam
2596 2176 2642 2231 si
2671 2190 2772 2244 pro
2793 2172 2963 2243 gloria
2985 2170 3081 2223 Dei
3112 2167 3398 2223 veritatem
3422 2179 3559 2233 pra.

1972 2276 2158 2332 dicare
2211 2270 2721 2330 formidaverimus,
2772 2281 2841 2320 ne
2892 2262 3152 2318 videlicet
3209 2258 3265 2312 in
3321 2256 3559 2325 aliquam

1973 2365 2278 2423 molestiam
2314 2360 2654 2426 incidamus;
2691 2372 2821 2429 qua,
2869 2369 3076 2425 quaso,
3114 2351 3294 2406 fronte
3338 2356 3559 2403 sancto-

1974 2475 2096 2513 rum
2126 2464 2428 2526 martyrum
2448 2450 2751 2507 certamina
2777 2454 2834 2501 et
2863 2443 3176 2514 triumphos
3206 2437 3352 2510 apud
3388 2452 3562 2508 popu-

1973 2552 2085 2606 lum
2112 2548 2370 2604 laudibus
2392 2542 2728 2602 evehemus?
2766 2539 2970 2611 quippe
2994 2550 3136 2613 quos
3168 2547 3279 2588 uno
3316 2531 3424 2586 hoc
3457 2544 3560 2584 no-

1972 2643 2121 2698 mine
2158 2640 2433 2711 pracipue
2472 2636 2858 2696 decantamus,
2900 2627 3050 2698 quod
3089 2626 3217 2690 hoc,
3266 2622 3416 2694 quod
3450 2622 3563 2693 jam

1972 2731 2181 2787 dictum
2208 2736 2320 2791 est,
2357 2740 2552 2795 magna
2596 2720 2769 2777 animi
2819 2714 3126 2774 constantia
3166 2712 3562 2784 prastiterunt,

1974 2821 2079 2876 hoc
2124 2827 2230 2884 est,
2268 2815 2336 2872 ad
2375 2821 2610 2870 mortem
2651 2823 2826 2879 usque
2860 2822 2961 2878 pro
3000 2804 3235 2860 veritate
3264 2799 3563 2858 dimicave-

1976 2919 2125 2967 runt.
2163 2928 2182 2962 ι

2044 3024 2132 3080 η.
2165 3022 2608 3092 Composuerunt
2638 3030 2706 3071 eo
2736 3023 2984 3083 tempore
3010 3007 3197 3065 clerici
3257 3000 3567 3061 Constanti-

1974 3115 2279 3188 nopolitani
2302 3113 2567 3168 adversus
2581 3106 2805 3177 impiam
2823 3100 3064 3158 Nestorii
3086 3096 3391 3153 doctrinam
3411 3092 3568 3149 libelc

284 3192 405 3279 mos
430 3177 672 3279 libellos.
700 3178 774 3279 .ln
802 3178 891 3279 his
914 3188 1045 3279 post
1072 3176 1427 3279 luculentam,
1460 3191 1560 3278 cur
1587 3174 1871 3279 admona:
1896 3216 1940 3276 ο
1973 3174 2087 3265 1υώ
2112 3222 2277 3279 quem
2299 3204 2500 3259 onem
2528 3174 2848 3270 ίωρέηωτί
2874 3191 3209 3264 cogitabat,
3241 3187 3470 3249 Verum,
3495 3198 3567 3238 ne

286 3268 423 3323 chos
454 3267 759 3339 scripserit,
798 3267 1065 3322 redditam
1101 3266 1393 3331 rationem,
1429 3266 1577 3321 serio
1612 3265 1766 3321 illum
1801 3265 1869 3320 ad

286 3358 752 3428 resipiscentiam,
779 3357 1088 3426 elapsaque
1120 3370 1220 3425 per
1262 3353 1687 3424 imprudentiam
1721 3354 1873 3410 vocis

289 3446 624 3518 palinodiam
680 3444 934 3499 hortatur
976 3461 989 3497 :
1044 3442 1193 3513 quod
1247 3442 1419 3497 altera
1467 3456 1593 3495 mox
1643 3441 1874 3510 epistola

291 3552 521 3607 prorsus
546 3534 852 3606 dogmatica
878 3544 936 3589 et
974 3533 1295 3604 gravissima
1325 3532 1525 3587 iterum
1553 3531 1870 3587 inculcavit.

358 3646 449 3703 ω.
478 3646 685 3703 Verum
716 3643 946 3715 singulis
976 3659 1092 3699 sua
1128 3659 1159 3699 a
1195 3643 1449 3699 Nestorio
1484 3643 1711 3700 reddita
1748 3652 1877 3698 sunt

295 3738 517 3802 littera,
546 3745 794 3805 utraque
824 3732 1135 3803 arrogantia
1155 3747 1370 3787 summa
1404 3746 1468 3786 ac
1487 3731 1650 3796 fastu,
1682 3746 1791 3801 quo
1819 3746 1878 3786 sc

294 3843 464 3898 supra
518 3825 761 3895 reliquos
807 3823 1089 3879 antistites
1143 3822 1431 3887 eﬁ‘erebat,
1481 3822 1714 3877 referta.
1764 3821 1879 3875 lmo

296 3918 447 3973 omni
474 3916 606 3972 dolo
644 3915 910 3987 Cyrillum
942 3929 1248 3985 aggressus,
1283 3913 1501 3984 collegit
1535 3912 1878 3977 circuitores,

298 4012 573 4081 proiectos
601 4007 671 4062 ad
706 4021 869 4063 omne
900 4007 1055 4062 nefas
1087 4021 1152 4062 ac
1182 4005 1448 4077 ﬂagitium
1481 4006 1751 4072 homines,
1786 4004 1885 4077 qui

298 4103 365 4157 ad
394 4103 503 4157 hoc
521 4109 872 4172 vagarentur,
901 4108 962 4154 ut
988 4100 1194 4170 ubique
1212 4100 1472 4155 locorum
1503 4101 1766 4157 adversus
1782 4100 1884 4173 Cy-

300 4195 486 4249 rillum
514 4193 719 4263 probra
761 4192 1209 4247 disseminarent.
1252 4210 1270 4241 ι
1301 4186 1586 4247 Ιείοιεώθηι
1615 4200 1820 4256 autem,
1859 4211 1879 4243 ι

302 4288 421 4357 ipso
441 4295 582 4341 teste
607 4283 813 4356 Cyrillo
833 4284 1063 4354 epistola
1086 4283 1244 4339 tertia
1262 4282 1330 4338 ad
1357 4283 1666 4339 Nestorium
1688 4292 1821 4338 tom.
1842 4283 1886 4348 Ι,

301 4394 421 4449 cap.
452 4378 541 4443 l2,
575 4377 709 4431 edit.
751 4377 982 4442 Peltani,
1024 4396 1042 4428 ι
1076 4392 1242 4432 voces
1280 4376 1491 4432 insania
1527 4377 1751 4447 plenas:
1800 4376 1891 4431 hic

304 4469 550 4539 quidem,
590 4467 739 4537 quod
771 4482 946 4522 cacus
996 4482 1307 4538 egenosque
1351 4483 1450 4537 per
1498 4466 1756 4536 iniuriam
1789 4482 1890 4538 op-

1975 3274 2180 3357 tcmere
2208 3295 2341 3369 quid
2362 3293 2557 3349 fecisse
2577 3289 2921 3350 viderentur,
2952 3282 3190 3354 primum
3216 3277 3284 3333 ad
3303 3274 3568 3369 Cyrillum

1974 3366 2265 3455 miserunt,
2297 3397 2360 3444 ut
2396 3385 2549 3442 illius
2584 3382 2912 3455 probaretur
2951 3375 3183 3449 judicio.
3225 3370 3439 3439 Quibus
3477 3366 3568 3421 ille

1975 3500 2188 3542 summa
2212 3477 2635 3537 mansuetudine
2659 3482 2716 3530 et
2756 3469 2924 3527 animi
2951 3464 3329 3523 moderatione
3373 3456 3572 3514 rescri-

1976 3577 2108 3647 psit,
2140 3581 2202 3629 ut
2223 3572 2461 3627 habetur
2484 3582 2605 3638 cap.
2628 3564 2716 3629 l0,
2740 3560 2986 3634 ejusdem
3012 3555 3185 3613 tomil
3212 3572 3226 3609 :
3254 3571 3272 3604 ι
3299 3550 3570 3647 libellum

1977 3639 2280 3735 supplicem
2298 3666 2484 3715 vestra
2507 3671 2675 3728 opera
2695 3654 2765 3709 ad
2787 3667 2875 3707 me
2909 3649 3161 3713 missum,
3180 3643 3337 3716 quasi
3365 3642 3413 3697 is
3432 3639 3571 3695 citra

1979 3730 2219 3814 nostram
2238 3750 2568 3811 sententiam
2591 3742 2911 3817 imperatori
2933 3738 3139 3812 porrigi
3157 3751 3266 3791 non
3288 3730 3568 3793 debuerit,

1980 3847 2168 3918 accepi
2197 3853 2254 3901 et
2275 3842 2417 3914 legi:
2443 3852 2635 3896 verum
2661 3833 2808 3907 quod
2835 3831 3048 3903 prolixe
3071 3829 3126 3883 in
3147 3840 3275 3882 eum
3304 3823 3572 3878 incurran

1980 3940 2075 4011 qui
2106 3937 2272 3994 isthic
2292 3935 2405 4007 agit
2446 3932 2586 4007 (sive
2613 3928 2819 3991 fratris,
2852 3925 2965 3980 sive
2985 3922 3096 3978 alio
3122 3929 3453 3991 quocunque
3475 3927 3574 3968 no-

1983 4008 2131 4087 mine
2163 4025 2790 4097 censeatur),hactenus
2826 4014 3129 4088 suppressi,
3168 4027 3240 4067 ne
3281 4008 3572 4065 adversum

1984 4139 2086 4178 nos
2110 4121 2421 4191 insurgens,
2450 4131 2509 4172 se
2534 4130 2636 4186 per
2668 4128 2771 4168 nos
2798 4112 3071 4165 hareseos
3097 4101 3243 4174 apud
3283 4101 3574 4171 imperato-

1986 4234 2103 4273 rem
2141 4215 2382 4271 delatum
2426 4210 2731 4267 cavilletur.
2792 4206 3007 4260 Interea
3060 4193 3346 4269 protestati
3385 4202 3578 4247 sumus

1988 4310 2106 4364 fore
2155 4315 2218 4361 ut
2237 4302 2654 4359 inimicitiarum
2682 4312 2847 4354 causa
2876 4292 3104 4365 posthac
3127 4285 3395 4359 judicium
3424 4281 3575 4336 illius

1990 4400 2389 4459 detrectemus,
2417 4397 2853 4464 prasentemque
2901 4377 3355 4440 controversiam,
3385 4372 3431 4428 si
3458 4386 3579 4426 omn

1993 4492 2125 4545 nino
2177 4484 2477 4556 importuni
2521 4497 2641 4536 esse
2678 4474 3041 4550 perrexerint,
3087 4470 3154 4525 ad
3200 4466 3349 4523 aliud
3392 4464 3576 4519 forum

307 4561 660 4631 presserim,»
697 4560 912 4630 inquit;
944 4579 963 4611 ‹
988 4560 1149 4625 alius,
1164 4560 1313 4630 quod
1332 4561 1539 4615 ferrum
1574 4560 1629 4614 in
1659 4568 1890 4615 matrem
1925 4591 1967 4647 ο
1998 4555 2406 4635 transferamus.
2449 4574 2587 4631 cum
2623 4573 2808 4643 itaque
2844 4567 3094 4625 tibenum
3128 4559 3490 4635 perlegeritis,
3529 4555 3576 4611 si

306 4652 656 4716 strinxerim;
691 4651 962 4716 nonnulli,
995 4652 1141 4721 quod
1173 4652 1383 4707 ancilla
1411 4652 1666 4722 prasidio
1694 4666 1889 4705 aurum

306 4746 545 4800 alienum
597 4744 952 4810 abstulerim;
994 4743 1217 4813 quidam
1246 4742 1512 4814 denique,
1544 4742 1692 4813 quod
1738 4741 1891 4811 ejus—

308 4841 452 4895 modi
480 4838 859 4909 improbitatis
901 4838 1213 4909 suspicione
1244 4837 1608 4893 laboraverim
1649 4850 1888 4905 semper,

309 4930 615 5001 cujusmodi
644 4945 715 4985 ne
749 4929 1133 4986 infestissimos
1159 4928 1382 4999 quidem
1429 4929 1617 4983 hostes
1643 4926 1893 4981 laborare

310 5019 582 5089 optaverit
605 5019 899 5089 quispiam.
924 5020 1127 5074 Verum
1162 5020 1316 5082 istos,
1343 5030 1401 5075 et
1429 5019 1475 5072 si
1501 5018 1595 5088 qui
1621 5019 1739 5089 ejus
1766 5017 1895 5072 fari-

313 5128 391 5166 na
427 5120 562 5167 sunt
593 5111 710 5174 alii,
739 5128 850 5166 non
888 5112 1125 5166 multum
1158 5126 1365 5175 moror,
1403 5128 1471 5167 ne
1512 5127 1681 5182 supra
1723 5109 1892 5181 Magi-

311 5210 482 5256 strum
514 5208 576 5257 et
599 5202 916 5266 Dominum,
941 5202 1027 5255 vel
1055 5200 1221 5256 etiam
1252 5217 1418 5271 supra
1449 5202 1682 5273 majores
1718 5215 1890 5266 meos,

315 5294 598 5349 tenuitatis
622 5308 762 5349 mea
786 5308 1099 5348 mensuram
1121 5293 1419 5349 extendere
1444 5293 1653 5350 videar.
1682 5312 1701 5346 ι

378 5385 468 5439 4-1.
503 5384 680 5452 Quam
701 5394 887 5439 autem
908 5400 1183 5455 propenso
1210 5385 1397 5441 studio
1416 5385 1743 5441 Christiana
1767 5384 1895 5439 cha-

319 5477 510 5544 ritatis,
554 5476 796 5549 Cyrillus
832 5476 1071 5532 Nestorii
1108 5478 1341 5533 salutem
1370 5493 1588 5533 summa
1631 5477 1894 5548 patientia

322 5569 652 5637 procuravit,
694 5576 927 5625 testatur
948 5569 1182 5639 epistola
1212 5569 1457 5641 ejusdem
1492 5568 1562 5624 ad
1601 5569 1895 5639 quemdam

324 5657 552 5713 Nestorii
595 5665 946 5724 sectatorem,
981 5674 1101 5729 cap.
1142 5659 1195 5714 9.
1248 5677 1267 5711 ι
1307 5659 1391 5715 Me
1421 5660 1608 5731 igitur,
1640 5680 1661 5712 ι
1692 5661 1893 5731 inquit,

331 5766 349 5799 σ
375 5750 519 5805 nulla
543 5765 727 5820 neque
748 5749 968 5820 injuria,
990 5767 1170 5820 neque
1191 5753 1543 5818 contumelia,
1567 5768 1747 5824 neque
1767 5769 1896 5809 con-

329 5839 455 5896 vicia
484 5850 742 5906 movent;
765 5841 980 5897 etiamsi
1010 5844 1430 5910 quamplurima,
1466 5853 1522 5900 ct
1559 5844 1891 5908 immerenti,

1992 4687 2099 4740 qua
2129 4670 2433 4725 necessitas
2478 4664 2813 4740 poposcerit,
2854 4660 3055 4719 tradite
3090 4676 3105 4712 :
3155 4664 3211 4713 et
3256 4654 3303 4711 si
3353 4668 3481 4709 eum
3522 4651 3578 4706 in

1994 4763 2144 4817 hisce
2165 4761 2380 4817 insidiis
2401 4766 2867 4831 perseverantem,
2897 4761 2955 4809 et
2977 4750 3116 4807 nihil
3149 4763 3257 4803 non
3288 4745 3595 4831 adversum

1993 4867 2095 4907 nos
2115 4852 2430 4907 molientem
2460 4843 2979 4908 animadverteritis,
3019 4839 3313 4909 diligenter
3342 4828 3582 4903 perscri-

1994 4944 2127 4999 bite.
2163 4943 2372 5014 Eligam
2421 4942 2569 4996 enim
2614 4940 2765 4995 viros
2814 4936 2935 5007 pios
2978 4948 3043 4987 ac
3091 4927 3411 5014 prudentes,
3451 4934 3578 5014 cum
3662 4918 3671 4927 '

1994 5007 2298 5107 episcopos,
2329 5041 2443 5087 tum
2465 5031 2761 5086 monachos
2786 5038 3025 5096 quoque,
3054 5031 3193 5090 quos
3210 5013 3375 5107 etiam
3398 5007 3581 5107 primo

1994 5100 2212 5199 quoque
2240 5136 2486 5196 tempore
2519 5123 2587 5178 ad
2608 5138 2707 5177 vos
2743 5118 2979 5173 mittam.
3019 5112 3207 5180 Neque
3234 5104 3381 5162 enim
3401 5100 3581 5157 oculis

1996 5221 2153 5286 meis,
2188 5227 2249 5275 ut
2277 5219 2542 5289 scriptum
2579 5221 2664 5270 est
2681 5210 2846 5285 (Psal.
2874 5221 3051 5270 cxxxr,
3072 5200 3288 5271 ὀξείῃ),
3322 5208 3577 5253 somnum

1995 5312 2158 5376 dabo,
2194 5324 2372 5380 neque
2413 5304 2691 5378 palpebris
2720 5300 2859 5356 meis
2894 5293 3364 5367 dormitationem,
3399 5299 3581 5380 neque

1997 5404 2242 5474 requiem
2284 5376 2633 5469 temporibus
2673 5391 2843 5455 meis,
2884 5388 3061 5444 donec
3105 5380 3404 5440 certamine
3448 5376 3557 5431 hoc

1996 5470 2241 5548 omnium
2269 5489 2462 5545 salutis
2482 5500 2667 5550 causa,
2690 5480 3012 5554 perfunctus
3039 5477 3216 5532 fuero.
3243 5470 3426 5539 Quare
3447 5479 3580 5523 cum

1997 5598 2173 5637 meam
2230 5594 2379 5634 nunc
2427 5576 2753 5633 sententiam
2799 5569 3143 5633 didiceritis,
3200 5565 3308 5620 viri
3373 5568 3574 5619 estote.

1996 5670 2412 5744 Quamprimum
2460 5668 2609 5723 enim
2651 5668 2991 5739 parabuntur
3041 5679 3071 5719 a
3124 5679 3209 5719 me
3253 5663 3471 5728 littera,
3518 5668 3577 5718 et

1996 5765 2186 5835 quales
2228 5770 2468 5834 oportet,
2513 5770 2570 5816 et
2615 5759 2682 5814 ad
2723 5774 2862 5830 quos
2900 5765 3164 5829 oportet:
3212 5753 3381 5810 statui
3425 5752 3574 5808 enim

1997 5855 2220 5907 Drooter
2241 5847 2445 5904 Christi
2474 5846 2634 5901 ﬁdem
2665 5843 2914 5909 quemvis
2931 5842 3172 5899 laborem
3194 5838 3399 5901 subire,
3422 5851 3590 5915 qua-_
