4120 6518
569 407 639 461 27
1872 452 1873 455 η
1911 404 1967 459 S.
2010 401 2286 459 CYRILLI
2320 401 2502 457 VITA.
3755 402 3825 455 28

568 520 1142 593 visquoqueperferre
1157 522 1614 585 tormenta,etiam
1627 537 1690 576 ea
1722 537 1843 591 quo:
1860 522 2143 591 intersup-
2169 525 2216 582 Α
2244 520 2457 574 ratione
2482 518 2643 573 ﬁdem
2666 518 2722 573 in
2749 527 3028 588 posterum
3058 517 3440 574 confessurum
3463 534 3520 573 se
3540 519 3829 595 spondeat,

568 612 734 682 plicia
756 620 1050 668 censentur
1076 612 1414 682 gravissima,
1452 611 1629 666 donec
1661 612 1876 666 tandem
1905 619 2142 666 mortem

567 703 669 758 hac
684 704 751 758 de
783 718 947 757 causa
972 712 1280 773 susceptam
1298 703 1433 757 mihi
1459 704 1756 774 jucundam
1778 702 2087 773 pertulero.
2116 721 2134 753 ι

665 852 848 925 ςνιιι.
887 854 1024 909 Vica
1053 855 1183 910 sedis
1206 854 1505 926 apostolica:
1532 855 1732 927 Cyrillo
1759 856 2027 926 delegatw.

632 984 719 1038 43.
748 984 883 1038 Cum
922 985 1123 1040 frustra
1152 986 1389 1041 Nestorii
1418 989 1855 1045 emendationem
1882 1000 2147 1050 tentasset

560 1072 817 1145 Cyrillus,
842 1074 1223 1130 Possidonium
1253 1077 1453 1147 legavit
1479 1079 1737 1133 Ecclesia:
1764 1080 2145 1139 Alexandrina:

565 1163 858 1218 diaconum
887 1165 955 1219 ad
987 1165 1341 1221 Caelestinum
1373 1168 1707 1238 pontiﬁcem,
1740 1173 1834 1240 qui
1873 1173 1941 1227 de
1971 1175 2147 1228 omni-

561 1251 664 1307 bus
695 1268 822 1307 eum
860 1254 1066 1310 faceret
1109 1257 1420 1312 certiorem.
1463 1259 1663 1313 Verum
1709 1277 1777 1316 ne
1821 1262 1888 1315 ad
1923 1263 2146 1319 damna-

560 1342 766 1398 tionem
806 1345 1041 1400 Nestorii
1082 1347 1339 1403 incitasse
1379 1349 1556 1419 ipsum
1590 1352 1905 1420 pontiﬁcem
1928 1354 2145 1410 videre-

558 1443 671 1500 tur,
704 1436 849 1491 istud
877 1438 1029 1493 dedit
1060 1440 1384 1495 Possidonio
1410 1444 1722 1498 mandatum
1758 1463 1770 1496 :
1810 1466 1826 1495 ι
1862 1446 1919 1499 Si
1953 1447 2146 1503 Nesto-

558 1520 628 1573 rii
658 1522 886 1587 litteras,
927 1533 983 1589 et
1009 1528 1412 1596 expositionum
1456 1530 1605 1586 illius
1642 1533 1861 1588 codices
1900 1535 2145 1591 redditos

554 1610 851 1670 Ctelestino
897 1618 1252 1687 compereris,
1302 1630 1359 1675 tu
1408 1638 1627 1692 quoque
1663 1623 1743 1677 illi
1781 1640 1931 1680 meas
1975 1627 2144 1682 redde

557 1704 803 1771 litteras;
844 1706 927 1761 sin
967 1709 1166 1775 secius,
1200 1725 1311 1764 non
1335 1713 1548 1767 reddas.
1587 1733 1604 1764 ι
1650 1716 2004 1775 Possidonius
2042 1734 2142 1772 au-

557 1804 689 1860 tem,
719 1812 843 1851 cum
871 1803 1234 1870 comperisset
1265 1812 1372 1857 tam
1402 1803 1662 1872 epistolas
1688 1822 1851 1875 quam
1886 1823 2143 1878 exegeses

553 1885 706 1941 illius
732 1887 1029 1946 Caelestino
1053 1893 1223 1949 fuisse
1253 1897 1545 1963 exhibitas,
1570 1898 1887 1969 compulsus
1907 1910 1993 1954 est
2020 1901 2135 1971 ipse

549 1994 772 2049 quoque
812 1998 949 2051 quas
987 1984 1198 2043 ferebat
1238 1990 1523 2055 exhibere,
1556 1998 1616 2045 ut
1664 2000 1897 2047 testatur
1944 1993 2136 2048 relatio

551 2069 697 2123 Petri
717 2073 1017 2141 primicerii
1041 2078 1403 2143 notariorum,
1424 2081 1727 2151 presbyteri
1751 2082 2131 2149 Alexandrini,

550 2160 758 2215 intexta
784 2164 1003 2217 concilii
1032 2166 1461 2235 Epliesini-tomo
1482 2168 1546 2231 ll,
1578 2169 1634 2221 in
1656 2169 1898 2225 editione
1925 2172 2133 2225 Peltani

548 2252 743 2306 nostri.
785 2254 904 2322 Ipsa
948 2264 1129 2310 autem
1160 2258 1391 2327 epistola
1431 2257 1621 2329 Cyrilli
1661 2260 1729 2313 ad
1775 2260 2133 2317 leestinum

546 2343 786 2397 refertur
812 2353 960 2399 tome
991 2346 1033 2409 l,
1065 2362 1183 2416 cap.
1210 2347 1299 2411 39,
1334 2349 1390 2403 in
1420 2364 1528 2417 qua
1557 2348 1702 2403 inter
1735 2350 1840 2404 alia
1876 2351 1950 2406 ita
1990 2367 2132 2421 prte-

546 2434 727 2488 fatur:
771 2456 789 2485 ι
835 2437 1110 2493 Hactenus
1136 2439 1304 2493 altum
1346 2439 1489 2494 tacui
1524 2455 1537 2494 :
1580 2455 1758 2509 neque
1788 2442 1938 2495 eni
1967 2442 2132 2511 quid-

547 2542 708 2595 quam
732 2528 958 2583 omnino
987 2529 1055 2583 de
1083 2530 1176 2585 illo
1208 2529 1303 2599 qui
1341 2529 1998 2601 Constantinopolitanam
2024 2534 2129 2588 Ec-

545 2618 767 2672 clesiam
798 2619 902 2674 hoc
931 2628 1177 2689 tempore
1209 2620 1575 2686 administrat,
1608 2631 1668 2676 ut
1702 2623 1772 2677 ad
1808 2625 2129 2694 religionem

547 2721 717 2777 tuam,
740 2713 825 2766 vel
849 2712 916 2766 ad
948 2713 1119 2766 ullum
1145 2713 1313 2767 alium
1333 2714 1783 2768 consacerdotum
1813 2725 2128 2772 nostrorum

544 2802 773 2871 scripsi;
826 2818 938 2858 non
981 2803 1255 2874 ignorans,
1300 2805 1636 2875 praecipitem
1687 2808 2022 2862 celeritatem
2073 2810 2129 2864 in

542 2893 808 2962 ejusmodi
857 2894 1024 2949 rebus
1061 2910 1185 2949 cum
1231 2894 1365 2949 vitio
1405 2896 1729 2967 plerumque
1781 2899 2127 2968 conjunctam

541 3000 663 3040 esse
693 2986 888 3040 solere.
922 2985 992 3041 At
1017 2986 1146 3055 quia
1186 3000 1333 3041 nunc
1378 2986 1445 3041 ad
1488 2996 1792 3043 extremum
1836 3005 2127 3059 propemo-

541 3075 673 3130 dum
705 3075 970 3129 malorum
1021 3076 1306 3131 devenisse
1358 3076 1630 3143 videmur,
1661 3093 1843 3147 operae
1887 3080 2126 3149 pretium

540 3163 869 3231 existimavi,
904 3173 1066 3235 rupto
1098 3165 1338 3231 silentio,
1372 3165 1565 3223 ordine
1596 3167 1781 3225 onmia
1824 3184 1946 3238 qua:
1977 3170 2125 3225 acci-

541 3256 744 3312 derunt
772 3272 1064 3327 exponere.
1101 3276 1119 3308 ι

610 3348 701 3400 44.
733 3347 1082 3410 (Ζωιθειίιιιιε,
1114 3348 1375 3416 perlectis
1399 3348 1589 3420 Cyrilli
1619 3358 1677 3409 et
1704 3350 1945 3406 Nestorii
1976 3352 2123 3407 litte-

541 3436 640 3499 ris,
663 3445 826 3505 atque
848 3436 974 3490 aliis
1010 3437 1159 3491 ultro
1193 3437 1443 3506 citroque
1490 3438 1547 3491 in
1586 3447 1879 3509 utramque
1914 3449 2122 3510 partem

540 3527 780 3597 scriptis,
798 3528 1040 3583 evocatis
1061 3528 1289 3583 Romam
1306 3529 1578 3599 episcopis
1592 3531 1889 3587 concilium
1910 3531 2122 3599 habuit;

540 3621 597 3675 in
629 3636 758 3691 quo,
795 3621 1039 3675 omnium
1077 3621 1367 3685 sententia,
1402 3629 1459 3677 et
1489 3623 1827 3692 blasphemia
1861 3626 2121 3689 Nestorii,

539 3712 728 3767 decem
789 3712 893 3782 ipsi
951 3713 1019 3767 ad
1081 3712 1513 3781 resipiscendum
1576 3713 1775 3770 diebus
1824 3719 2121 3783 concessis,

539 3802 813 3865 damnata,
838 3811 895 3856 et
918 3802 1066 3857 vices
1096 3802 1372 3858 C(elestini
1405 3803 1459 3859 in
1484 3818 1649 3861 causa
1670 3805 1911 3861 Nestorii
1938 3823 2125 3876 prose-

538 3894 753 3964 quenda
791 3893 994 3965 Cyrillo
1023 3894 1234 3963 legataz,
1273 3894 1472 3951 litteris
1511 3895 1733 3964 utrique
1780 3898 2002 3967 scriptis
2065 3916 2121 3953 ιιι

539 3985 666 4040 ldus
714 3985 963 4055 Augusti,
1018 3984 1330 4039 Theodosio
1375 4002 1467 4040 xui
1515 3994 1571 4040 et
1633 3985 2012 4047 Valentiniano
2063 4005 2119 4048 ιιι

537 4077 675 4149 Aug.
702 4093 865 4142 coss,
891 4092 1034 4134 anno
1066 4076 1427 4136 ChristiréSO.’
1474 4078 1549 4132 ln'
1576 4077 1663 4132 his
1693 4078 1882 4149 Cyrilli
1912 4080 2120 4137 doctri-

538 4186 664 4225 nam
701 4170 940 4240 appellat
971 4169 1237 4239 pontifex,
1292 4190 1310 4220 ι
1349 4186 1591 4239 praesens
1642 4171 1969 4237 remedium,
2014 4188 2122 4241 quo

537 4263 765 4334 pestifer
783 4263 873 4317 ille
895 4262 1142 4327 morbus,
1159 4261 1311 4315 velut
1336 4261 1563 4315 salutari
1588 4260 1826 4331 quodam
1851 4262 2118 4326 antidoto,

536 4354 734 4425 depelli
768 4351 975 4424 possit;
1010 4353 1134 4424 puri
1171 4352 1336 4407 fontis
1375 4352 1787 4424 scaturiginem,
1823 4369 1921 4423 per
1957 4370 2120 4423 quam

536 4447 716 4501 omnis
759 4446 850 4500 illa
887 4445 991 4500 faex
1032 4445 1172 4498 male
1204 4444 1479 4499 currentis
1511 4444 1673 4499 rivuli
1705 4444 1972 4510 aufertur,
2000 4461 2120 4500 om-

2249 627 2409 681 quam
2434 622 2490 665 et
2515 612 2776 675 Romana,
2800 620 2856 666 et
2879 620 2985 666 tua:
3009 612 3312 667 sanctitatis
3343 612 3603 677 Ecclesia,
3629 623 3684 668 et
3711 615 3827 667 uni-

2247 718 2405 757 versa
2444 703 2706 774 deinceps
2752 706 2943 774 religio
2984 704 3295 759 Christiana
3343 704 3631 773 praedicat,
3680 706 3825 761 illico

2247 794 2505 848 sanctitas
2538 803 2630 848 tua
2662 795 2740 848 illi
2776 795 3033 850 Ecclesia:
3062 795 3380 864 prospiciat.
3415 794 3464 849 ls
3490 811 3621 849 vero
3651 797 3825 852 modis

2245 884 2503 939 omnibus
2539 899 2597 939 se
2619 900 2649 937 a
2677 894 2868 940 nostro
2893 901 3122 954 corpore
3148 893 3488 955 segregatum
3510 901 3628 941 esse
3661 887 3823 941 intel-

2245 974 2408 1043 ligat;
2446 984 2505 1029 ut
2541 977 2636 1046 qui
2660 992 2876 1031 omnem
2903 977 3240 1031 medentium
3266 992 3455 1029 curam
3481 989 3821 1046 aspernatus,

2244 1080 2345 1119 nec
2368 1082 2476 1119 non
2500 1067 2675 1121 instar
2703 1067 2949 1137 pestiferi
2982 1066 3161 1121 morbi
3190 1083 3286 1137 per
3309 1067 3623 1121 universum
3641 1070 3823 1124 Eccle-

2244 1157 2339 1212 size
2377 1172 2579 1228 corpus
2625 1159 2817 1213 insano
2862 1159 3026 1214 modo
3068 1167 3360 1230 grassatus,
3409 1168 3516 1213 tam
3561 1162 3820 1230 seipsum,

2244 1263 2407 1317 quam
2437 1258 2666 1304 caeteros
2698 1265 2889 1305 omnes
2913 1250 3017 1305 sibi
3040 1251 3361 1306 commissos
3381 1292 3394 1315 ,
3430 1253 3485 1306 in
3516 1262 3818 1308 extremum

2241 1340 2468 1393 exitium
2499 1341 2841 1411 prtecipitare
2866 1342 3155 1397 studuerit.
3195 1362 3212 1395 ι
3244 1344 3369 1399 Haec
3399 1344 3724 1400 leestinus
3752 1348 3819 1402 ad

2240 1426 2535 1497 Cyrillum,
2583 1445 2706 1499 quae
2749 1432 2949 1500 repetit
2988 1432 3043 1485 in
3099 1431 3341 1503 Epistola
3390 1434 3459 1486 ad
3499 1433 3818 1500 Nestorium,

2242 1533 2404 1586 quam
2441 1520 2515 1573 ita
2538 1521 2815 1576 concludit
2844 1540 2855 1574 :
2888 1543 2905 1573 ι
2938 1523 3122 1577 Nostri
3147 1524 3200 1577 in
3235 1533 3285 1579 te
3313 1524 3501 1595 judicii
3535 1525 3819 1581 formulam

2243 1609 2308 1662 ad
2363 1611 2418 1664 S.
2474 1611 2738 1681 Cyrillum
2790 1615 3213 1679 transmisimus,
3273 1626 3331 1670 ut
3381 1625 3566 1671 noster
3611 1617 3713 1672 hac
3766 1619 3819 1672 in

2242 1710 2397 1768 parte
2448 1701 2688 1756 vicarius
2725 1702 2943 1767 efﬁciat,
2984 1720 3095 1774 quo
3139 1714 3387 1759 nostrum
3437 1705 3715 1760 decretum
3766 1718 3821 1762 et

2244 1789 2343 1843 tibi
2392 1801 2449 1845 et
2501 1793 2728 1863 reliquis
2773 1810 2995 1865 quoque
3042 1798 3299 1852 omnibus
3348 1798 3613 1854 fratribus
3667 1808 3817 1870 pate-

2171 1886 2210 1939 B
2236 1879 2349 1945 fiat,
2392 1900 2410 1932 ι
2441 1890 2547 1937 etc.

2306 1971 2393 2023 45.
2416 1970 2669 2041 Cyrillus,
2692 1976 2932 2044 acceptis
2957 1992 2987 2030 a
3006 1975 3303 2032 Caelestino
3324 1979 3579 2048 pontiﬁce
3598 1981 3816 2047 litteris,

2236 2061 2430 2116 scribit
2449 2062 2643 2118 Joanni
2674 2065 2999 2130 Antiochiae,
3026 2069 3271 2123 Juvenali
3296 2070 3815 2142 Hierosolymorum,

2233 2161 2291 2206 et
2319 2153 2519 2210 Acacio
2549 2155 2756 2211 Beroea:
2795 2159 3088 2230 episcopis,
3130 2176 3286 2238 quos,
3322 2171 3383 2216 ut
3426 2164 3491 2219 ad
3534 2165 3817 2221 vindican-

2233 2242 2359 2297 dam
2398 2244 2581 2300 laasam
2617 2247 2943 2304 catholicam
2985 2250 3144 2306 ﬁdem
3184 2270 3335 2308 arma
3376 2266 3674 2325 capessant,
3719 2259 3819 2312 ad-

2234 2336 2507 2405 hortatur,
2530 2340 2755 2410 ipseque
2776 2343 3028 2412 exemplo
3048 2359 3149 2397 suo
3173 2345 3350 2413 praeit,
3379 2347 3567 2402 accitis
3589 2349 3819 2403 Alexan-

2233 2428 2411 2482 driam
2461 2430 2657 2484 vicinis
2694 2431 2970 2501 episcopis
2994 2433 3261 2502 synodum
3300 2435 3462 2505 cogit,
3505 2446 3817 2507 quantoque

2235 2518 2289 2573 in
2336 2520 2656 2593 discrimine
2699 2532 2953 2577 versetur
2999 2525 3251 2578 universa
3302 2526 3563 2592 Ecclesia,
3609 2527 3816 2596 prolixe

2232 2612 2492 2666 ostendit.
2522 2612 2773 2683 Synodus
2804 2614 3141 2679 Nestorium,
3175 2617 3436 2672 discussis
3465 2619 3583 2689 ejus
3611 2619 3816 2688 episto-

2233 2702 2303 2757 lis
2336 2714 2391 2758 et
2422 2706 2764 2775 exegcsibus,
2818 2706 3138 2762 haereticum
3180 2710 3499 2778 pronuntiat
3531 2729 3545 2764 :
3585 2719 3817 2781 quatuor

2232 2792 2478 2849 decernit
2510 2795 2736 2865 legatos,
2763 2797 3202 2867 Tbe0pemptum
3232 2797 3586 2864 Cabasorum,
3617 2800 3815 2856 Danie-

2230 2882 2335 2936 lcm
2384 2883 2744 2939 Daruensium
2796 2885 3104 2956 episcopos,
3150 2889 3501 2944 Potamonem
3545 2900 3600 2945 et
3636 2891 3814 2946 Maca-

2231 2975 2372 3029 rium
2403 2976 2666 3031 Ecclesia:
2698 2977 3083 3032 Alexandrina:
3110 2979 3409 3045 ministros,
3438 2981 3530 3050 qui
3551 2981 3815 3037 Constan-

2230 3062 2512 3131 tinopolim
2530 3063 2953 3133 proﬁciscantur
2975 3067 3245 3121 reddituri
3263 3068 3522 3138 epistolas
3536 3070 3813 3127 Ctelestini

2229 3153 2331 3222 ipsi
2360 3154 2633 3220 Nestorio,
2680 3171 2807 3209 cum
2840 3156 3064 3212 decreto
3105 3157 3486 3224 damnationis,
3528 3161 3630 3215 nisi
3672 3162 3813 3216 intra

2151 3237 2193 3294 C
2227 3246 2606 3314 przescriptum
2660 3246 2852 3301 decem
2897 3248 3110 3303 dierum
3162 3252 3395 3320 spatium
3449 3252 3811 3322 resipisceret.

2226 3335 2386 3390 Missa
2426 3337 2592 3407 igitur
2620 3337 2876 3393 Nestorio
2914 3338 3188 3410 synodalis
3229 3340 3479 3410 epistola,
3531 3356 3651 3410 qua:
3685 3340 3811 3395 ﬁdei

2225 3425 2545 3482 orthodoxae
2575 3427 2977 3483 confessionem
3002 3437 3058 3483 et
3083 3429 3369 3485 duodecim
3392 3445 3641 3485 errorum
3678 3445 3811 3484 ana~

2226 3516 2606 3572 thematismos
2636 3518 2976 3574 continebat.

2294 3609 2380 3663 46.
2408 3609 2714 3675 Nestorius,
2750 3620 2975 3682 accepta
3002 3615 3105 3667 hac
3126 3613 3361 3682 epistola
3392 3612 3651 3683 lectisque
3678 3628 3810 3667 ana-

2227 3699 2609 3764 thematismis,
2648 3700 2704 3755 iu
2743 3702 3007 3773 Cyrillum
3060 3703 3257 3758 horum
3306 3712 3583 3761 auctorem
3626 3705 3811 3759 insur-

2225 3808 2376 3863 gens,
2412 3792 2682 3847 hzereseos
2730 3794 3060 3866 Apollinaris
3096 3811 3221 3850 eum
3261 3796 3553 3860 accusavit,
3596 3805 3708 3851 tum
3750 3806 3813 3852 ut

2224 3880 2316 3934 alii
2354 3880 2496 3935 idem
2530 3892 2853 3951 praestarent
2886 3884 3086 3941 effecit.
3125 3904 3141 3934 ι
3176 3884 3347 3954 Cujus
3383 3885 3658 3953 exemplar
3689 3885 3809 3953 epi-

2225 3973 2397 4038 stolae,
2462 3994 2478 4024 ι
2536 3975 2716 4044 inquit
2768 3976 3060 4030 Liberatus
3113 3975 3169 4029 in
3217 3975 3495 4029 Breviario
3540 3976 3606 4030 de
3646 3991 3808 4030 causa

2223 4064 2565 4131 Nestoriana,
2602 4083 2723 4136 cap.
2763 4068 2817 4129 4,
2852 4087 2869 4116 ι
2914 4067 3249 4136 perveniens.
3283 4066 3349 4120 ad
3401 4067 3663 4123 Joannem
3694 4067 3807 4121 An~

2225 4155 2562 4221 tiochenum,
2602 4156 2845 4211 oﬁ'enSus
2883 4164 2967 4210 cst
3013 4156 3068 4209 in
3118 4155 3251 4225 ipsis
3293 4155 3478 4227 Cyrilli
3519 4157 3805 4226 capitulis;

2222 4245 2603 4314 putavitcnim
2627 4261 2776 4310 eum,
2809 4245 2939 4298 dum
2975 4244 3329 4301 immoderate
3356 4254 3669 4300 occurreret
3696 4246 3805 4299 Ne-

2223 4338 2414 4403 storio,
2470 4340 2528 4393 in
2572 4346 2773 4393 sectam
2821 4337 3153 4406 Apollinaris
3208 4337 3482 4391 incidisse.
3535 4335 3809 4390 Mandavit

2221 4443 2351 4500 ergo
2380 4430 2612 4487 Andreas
2654 4438 2709 4483 et
2754 4428 3089 4483 Theodorito
3126 4427 3398 4497 episcopis
3436 4427 3653 4481 concilii
3699 4428 3808 4491 sui,

537 4550 742 4604 nosque
779 4536 844 4588 ad
879 4545 1088 4589 certam
1118 4550 1411 4603 veramque
1437 4534 1598 4588 ﬁdem
1640 4535 2037 4590 instituuntur:
2088 4554 2110 4589 ι
2150 4571 2195 4626 D
2226 4528 2296 4626 υξιι
2329 4521 2535 4626 ξετξριο
2568 4520 2963 4626 ΥεδΡοξιάθξεξηῐ
3006 4519 3674 4626 ξξοιξίτθᾷίᾮξθξυοίξθίξξφ
3704 4535 3806 4626 ξδ’

537 4628 716 4697 ipsum
760 4626 1020 4698 Cyrillum
1056 4628 1311 4683 nominat
1352 4646 1369 4676 ι
1418 4627 1621 4680 bonum
1673 4639 1970 4697 pastorem,
2019 4632 2114 4700 qui

534 4718 773 4772 animam
818 4733 973 4771 suam
1006 4726 1174 4787 ponat
1210 4732 1311 4786 pro
1341 4715 1539 4770 ovibus
1578 4718 1726 4783 suis;
1759 4718 2115 4775 fortissimum

526 4794 592 4864 in
622 4808 728 4864 ﬁde
765 4808 1033 4863 servanda
1063 4806 1478 4877 antagonistam,
1507 4807 1601 4876 qui
1628 4808 1871 4862 omnium
1906 4825 2115 4865 seriuo-

535 4915 667 4953 num
716 4896 953 4950 Nestorii
1010 4895 1234 4950 technas
1282 4895 1499 4961 retexit,
1544 4897 1815 4967 ﬁdemque
1867 4899 1934 4953 ad
1990 4917 2116 4955 eum

535 4989 757 5044 modum
786 4986 1181 5050 corroboravit,
1219 4996 1279 5041 ut
1318 4987 1485 5042 corda
1531 4988 1586 5042 in
1627 4987 1906 5044 Christum
1947 4992 2117 5047 Deum

534 5089 784 5138 nostrum
811 5080 1091 5135 credentia
1141 5081 1195 5134 in
1241 5081 1467 5135 alteram
1512 5090 1723 5151 partem
1766 5084 1963 5139 abduci
2008 5102 2119 5142 non

537 5170 694 5224 facile
723 5176 964 5239 queant:
1009 5188 1027 5219 ι
1078 5169 1310 5240 ideoque
1354 5169 1573 5224 tandem
1622 5171 1709 5226 his
1753 5173 1938 5229 verbis
1984 5191 2117 5229 cou-

535 5260 709 5315 eludit
736 5278 747 5313 :
781 5280 798 5311 ι
835 5259 1199 5327 Quamobrem
1228 5269 1426 5316 nostra:
1450 5261 1596 5317 sedis
1621 5264 1946 5319 auctoritate
1980 5267 2121 5320 asci-

537 5363 612 5415 ta,
641 5361 937 5423 nostraque
963 5351 1083 5409 vice
1105 5361 1161 5406 et
1186 5353 1305 5407 loco
1335 5368 1458 5407 cum
1479 5362 1750 5423 potestate
1783 5372 1935 5419 usus,
1969 5357 2118 5426 ejus-

537 5444 685 5499 modi
729 5460 839 5500 non
907 5443 1114 5514 absque
1152 5444 1422 5512 exquisita
1463 5445 1752 5501 severitate
1793 5446 2119 5501 sententiam

537 5536 886 5605 (xsequcris:
922 5550 1141 5605 nempe,
1178 5542 1257 5597 ut,
1304 5534 1409 5589 nisi
1453 5535 1641 5590 decem
1688 5536 1905 5590 dierum
1947 5536 2120 5591 inter-

544 5628 687 5683 vallo
714 5628 784 5683 ab
815 5628 980 5698 hujus
1004 5634 1205 5681 nostra:
1230 5624 1614 5681 admonitionis
1639 5626 1728 5681 die
1753 5627 2120 5681 numerando-

551 5734 700 5782 rum,
744 5718 1007 5774 nefariam
1051 5715 1354 5771 doctrinam
1410 5734 1560 5771 suam
1616 5716 1892 5787 conceptis
1939 5718 2122 5774 verbis

554 5808 997 5876 anathematizct,
1025 5824 1252 5879 eamque
1286 5807 1349 5862 de
1378 5808 1576 5863 Christi
1617 5808 1711 5863 Dei
1754 5808 1922 5887 nostri
1956 5825 2119 5879 gene-

2224 4609 2397 4679 pitula
2428 4618 2686 4680 tanquam
2717 4608 3052 4679 Apollinaris
3079 4608 3275 4680 dogma
3297 4609 3675 4663 instaurantia.
3701 4608 3809 4664 Coa

2217 4715 2484 4770 gnoscens
2515 4700 2697 4770 itaque
2729 4698 3015 4755 Nestorius
3076 4698 3221 4768 quod
3250 4698 3486 4770 Cyrillus
3512 4714 3620 4753 non
3652 4708 3807 4769 pate~

2220 4800 2374 4845 retur
2428 4792 2728 4845 Ecclesiam
2780 4790 2859 4844 sic
2903 4805 3025 4844 esse
3078 4790 3132 4843 in
3183 4789 3709 4860 perturbationibus,
3754 4799 3811 4844 et

2219 4881 2453 4951 populos
2480 4881 2533 4935 iu
2569 4882 2848 4947 seandalo,
2882 4881 3157 4951 subripuit
3181 4882 3272 4951 pio
3305 4879 3536 4951 principi
3563 4879 3810 4933 Theodo-

2219 4976 2322 5042 sio,
2351 4986 2411 5031 ut
2440 4978 2661 5032 Sacram
2698 4976 2765 5031 ad
2792 4994 2919 5032 eum
2951 4977 3230 5047 dirigeret,
3266 4984 3321 5031 et
3354 4992 3384 5029 a
3408 4989 3506 5029 sua
3527 4989 3651 5029 eum
3683 4989 3807 5043 ρει-η

2219 5068 2501 5123 secutione
2529 5078 2923 5139 compesceret.
2969 5069 3037 5125 Et
3076 5067 3300 5136 scripsit
3337 5063 3558 5134 quidem
3590 5063 3657 5119 ad
3682 5078 3808 5119 cum

2222 5156 2444 5212 Sacram
2481 5158 2795 5228 imperator,
2823 5173 3061 5227 arguens
3083 5172 3208 5211 eum
3233 5164 3485 5225 tanquam
3509 5153 3809 5223 inquietum

2219 5258 2277 5302 et
2307 5249 2561 5304 scandala
2595 5257 2918 5311 sectantem,
2951 5249 3043 5318 qui
3085 5248 3203 5302 sine
3242 5247 3520 5302 conso!.io
3554 5240 3809 5301 sacerdo-

2226 5350 2339 5395 tum
2371 5349 2557 5411 ageret
2579 5349 2745 5409 atque
2779 5339 3067 5394 scriberet.

2290 5454 2319 5523 ᾗ
2344 5453 2436 5507 IX.
2466 5452 2759 5508 Concilium
2798 5451 3143 5576 Epgzgzzéi‘rz.
3176 5451 3402 5507 [heresis
3428 5448 3739 5504 Nestorium:

2293 5638 2379 5690 47.
2413 5634 2755 5690 Theodosius
2780 5634 3098 5704 imperator,
3127 5650 3195 5689 eo
3229 5649 3344 5687 rem
3377 5631 3693 5702 perductam
3728 5644 3814 5680 ra-

2226 5731 2313 5776 tus
2368 5731 2428 5775 ut
2457 5739 2595 5791 opus
2631 5730 2776 5776 esset
2799 5722 3092 5776 universali
3125 5720 3375 5783 concilio,
3417 5720 3640 5773 Romam
3663 5717 3814 5770 misit

2229 5813 2283 5867 S.
2315 5813 2631 5868 Petronium
2658 5814 2868 5882 (postea
2902 5822 3147 5869 creatum
3180 5813 3573 5868 Bononiensem
3602 5808 3814 5880 episco-
