  <div class='ocr_page' id='page_1' title='image "/cluster/home/n/w/nwhite01/storage/ocr_20150623/68/hvd.32044019207851/022.png"; bbox 0 0 4154 6496; ppageno 0'>
   <div class='ocr_carea' id='block_1_1' title="bbox 296 411 3575 475">
    <p class='ocr_par' dir='ltr' id='par_1_1' title="bbox 296 411 3575 475">
     <span class='ocr_line' id='line_1_1' title="bbox 296 411 3575 475; baseline -0.005 -2"><span class='ocrx_word' id='word_1_1' title='bbox 296 417 372 475; x_wconf 71' lang='lat'><strong>29</strong></span> <span class='ocrx_word' id='word_1_2' title='bbox 1653 414 1707 469; x_wconf 88' lang='lat' dir='ltr'><strong>S.</strong></span> <span class='ocrx_word' id='word_1_3' title='bbox 1750 411 2025 469; x_wconf 79' lang='lat' dir='ltr'><strong>CYRILLI</strong></span> <span class='ocrx_word' id='word_1_4' title='bbox 2067 411 2245 467; x_wconf 78' lang='lat' dir='ltr'><strong>VITA.</strong></span> <span class='ocrx_word' id='word_1_5' title='bbox 3504 411 3575 467; x_wconf 77' lang='lat'><strong>50</strong></span> 
     </span>
    </p>
   </div>
   <div class='ocr_carea' id='block_1_2' title="bbox 293 501 3580 603">
    <p class='ocr_par' dir='ltr' id='par_1_2' title="bbox 293 501 3580 603">
     <span class='ocr_line' id='line_1_2' title="bbox 293 501 3580 603; baseline -0.002 -15"><span class='ocrx_word' id='word_1_6' title='bbox 293 548 451 603; x_wconf 84' lang='lat' dir='ltr'><strong>pum,</strong></span> <span class='ocrx_word' id='word_1_7' title='bbox 482 532 553 588; x_wconf 90' lang='lat' dir='ltr'><strong>de</strong></span> <span class='ocrx_word' id='word_1_8' title='bbox 589 546 700 603; x_wconf 90' lang='lat' dir='ltr'><strong>quo</strong></span> <span class='ocrx_word' id='word_1_9' title='bbox 739 548 791 585; x_wconf 79' lang='lat' dir='ltr'><strong>iv</strong></span> <span class='ocrx_word' id='word_1_10' title='bbox 834 501 1090 587; x_wconf 76' lang='lat' dir='ltr'><strong>octobris</strong></span> <span class='ocrx_word' id='word_1_11' title='bbox 1133 527 1377 599; x_wconf 87' lang='lat' dir='ltr'><strong>agemus)</strong></span> <span class='ocrx_word' id='word_1_12' title='bbox 1418 527 1487 583; x_wconf 90' lang='lat' dir='ltr'><strong>ad</strong></span> <span class='ocrx_word' id='word_1_13' title='bbox 1533 527 1888 583; x_wconf 67' lang='lat' dir='ltr'><strong>Caelestinum</strong></span> <span class='ocrx_word' id='word_1_14' title='bbox 1919 529 1964 586; x_wconf 78' lang='grc' dir='ltr'>Α</span> <span class='ocrx_word' id='word_1_15' title='bbox 1991 540 2103 577; x_wconf 88' lang='lat' dir='ltr'><strong>non</strong></span> <span class='ocrx_word' id='word_1_16' title='bbox 2138 522 2365 578; x_wconf 81' lang='lat' dir='ltr'><strong>concedi</strong></span> <span class='ocrx_word' id='word_1_17' title='bbox 2403 522 2574 577; x_wconf 94' lang='lat' dir='ltr'><strong>soleat</strong></span> <span class='ocrx_word' id='word_1_18' title='bbox 2603 521 2669 577; x_wconf 92' lang='lat' dir='ltr'><strong>iis</strong></span> <span class='ocrx_word' id='word_1_19' title='bbox 2697 523 2901 592; x_wconf 84' lang='lat' dir='ltr'><strong>quibus</strong></span> <span class='ocrx_word' id='word_1_20' title='bbox 2926 521 3173 579; x_wconf 85' lang='lat' dir='ltr'><strong>creditur</strong></span> <span class='ocrx_word' id='word_1_21' title='bbox 3203 522 3409 580; x_wconf 80' lang='lat' dir='ltr'><strong>vicaria</strong></span> <span class='ocrx_word' id='word_1_22' title='bbox 3435 540 3580 597; x_wconf 67' lang='lat' dir='ltr'><strong>prse—</strong></span> 
     </span>
    </p>
   </div>
   <div class='ocr_carea' id='block_1_3' title="bbox 296 618 1885 695">
    <p class='ocr_par' dir='ltr' id='par_1_3' title="bbox 296 618 1885 695">
     <span class='ocr_line' id='line_1_3' title="bbox 296 618 1885 695; baseline -0.005 -16"><span class='ocrx_word' id='word_1_23' title='bbox 296 640 515 695; x_wconf 86' lang='lat' dir='ltr'><strong>papam,</strong></span> <span class='ocrx_word' id='word_1_24' title='bbox 552 633 615 678; x_wconf 92' lang='lat' dir='ltr'><strong>ut</strong></span> <span class='ocrx_word' id='word_1_25' title='bbox 650 622 853 693; x_wconf 82' lang='lat' dir='ltr'><strong>Ephesi</strong></span> <span class='ocrx_word' id='word_1_26' title='bbox 883 622 1002 691; x_wconf 85' lang='lat' dir='ltr'><strong>ejus</strong></span> <span class='ocrx_word' id='word_1_27' title='bbox 1032 619 1355 675; x_wconf 91' lang='lat' dir='ltr'><strong>auctoritate</strong></span> <span class='ocrx_word' id='word_1_28' title='bbox 1386 619 1681 673; x_wconf 89' lang='lat' dir='ltr'><strong>concilium</strong></span> <span class='ocrx_word' id='word_1_29' title='bbox 1715 618 1885 672; x_wconf 88' lang='lat' dir='ltr'><strong>habe-</strong></span> 
     </span>
    </p>
   </div>
   <div class='ocr_carea' id='block_1_4' title="bbox 298 709 1887 782">
    <p class='ocr_par' dir='ltr' id='par_1_4' title="bbox 298 709 1887 782">
     <span class='ocr_line' id='line_1_4' title="bbox 298 709 1887 782; baseline -0.005 -12"><span class='ocrx_word' id='word_1_30' title='bbox 298 724 472 779; x_wconf 86' lang='lat' dir='ltr'><strong>retur,</strong></span> <span class='ocrx_word' id='word_1_31' title='bbox 506 715 742 770; x_wconf 78' lang='lat' dir='ltr'><strong>maxime</strong></span> <span class='ocrx_word' id='word_1_32' title='bbox 770 711 917 782; x_wconf 91' lang='lat' dir='ltr'><strong>quod</strong></span> <span class='ocrx_word' id='word_1_33' title='bbox 957 727 1066 766; x_wconf 92' lang='lat' dir='ltr'><strong>non</strong></span> <span class='ocrx_word' id='word_1_34' title='bbox 1109 710 1398 765; x_wconf 87' lang='lat' dir='ltr'><strong>Nestorius</strong></span> <span class='ocrx_word' id='word_1_35' title='bbox 1436 719 1668 774; x_wconf 90' lang='lat' dir='ltr'><strong>tantum,</strong></span> <span class='ocrx_word' id='word_1_36' title='bbox 1708 709 1802 763; x_wconf 90' lang='lat' dir='ltr'><strong>sed</strong></span> <span class='ocrx_word' id='word_1_37' title='bbox 1832 718 1887 763; x_wconf 93' lang='lat' dir='ltr'><strong>et</strong></span> 
     </span>
    </p>
   </div>
   <div class='ocr_carea' id='block_1_5' title="bbox 294 798 1887 876">
    <p class='ocr_par' dir='ltr' id='par_1_5' title="bbox 294 798 1887 876">
     <span class='ocr_line' id='line_1_5' title="bbox 294 798 1887 876; baseline -0.006 -14"><span class='ocrx_word' id='word_1_38' title='bbox 294 805 533 876; x_wconf 86' lang='lat' dir='ltr'><strong>Cyrillus</strong></span> <span class='ocrx_word' id='word_1_39' title='bbox 563 807 835 860; x_wconf 64' lang='lat' dir='ltr'><strong>haereseos</strong></span> <span class='ocrx_word' id='word_1_40' title='bbox 874 809 1244 859; x_wconf 84' lang='lat' dir='ltr'><strong>accusaretur.</strong></span> <span class='ocrx_word' id='word_1_41' title='bbox 1287 819 1305 851; x_wconf 74' lang='grc' dir='ltr'>ι</span> <span class='ocrx_word' id='word_1_42' title='bbox 1343 801 1474 854; x_wconf 90' lang='lat' dir='ltr'><strong>Post</strong></span> <span class='ocrx_word' id='word_1_43' title='bbox 1509 800 1625 853; x_wconf 60' lang='lat' dir='ltr'><strong>haec</strong></span> <span class='ocrx_word' id='word_1_44' title='bbox 1668 798 1887 869; x_wconf 88' lang='lat' dir='ltr'><strong>scripsit</strong></span> 
     </span>
    </p>
   </div>
   <div class='ocr_carea' id='block_1_6' title="bbox 310 890 1885 962">
    <p class='ocr_par' dir='ltr' id='par_1_6' title="bbox 310 890 1885 962">
     <span class='ocr_line' id='line_1_6' title="bbox 310 890 1885 962; baseline -0.008 -7"><span class='ocrx_word' id='word_1_45' title='bbox 310 897 532 955; x_wconf 78' lang='lat' dir='ltr'><strong>Sacram</strong></span> <span class='ocrx_word' id='word_1_46' title='bbox 564 894 633 950; x_wconf 88' lang='lat' dir='ltr'><strong>ad</strong></span> <span class='ocrx_word' id='word_1_47' title='bbox 658 895 944 950; x_wconf 87' lang='lat' dir='ltr'><strong>universos</strong></span> <span class='ocrx_word' id='word_1_48' title='bbox 973 892 1280 962; x_wconf 87' lang='lat' dir='ltr'><strong>episcopos,</strong></span> <span class='ocrx_word' id='word_1_49' title='bbox 1296 900 1357 944; x_wconf 90' lang='lat' dir='ltr'><strong>ut</strong></span> <span class='ocrx_word' id='word_1_50' title='bbox 1381 890 1656 960; x_wconf 87' lang='lat' dir='ltr'><strong>Ephesum</strong></span> <span class='ocrx_word' id='word_1_51' title='bbox 1683 905 1885 944; x_wconf 87' lang='lat' dir='ltr'><strong>conve-</strong></span> 
     </span>
    </p>
   </div>
   <div class='ocr_carea' id='block_1_7' title="bbox 290 980 1884 1052">
    <p class='ocr_par' dir='ltr' id='par_1_7' title="bbox 290 980 1884 1052">
     <span class='ocr_line' id='line_1_7' title="bbox 290 980 1884 1052; baseline -0.004 -11"><span class='ocrx_word' id='word_1_52' title='bbox 290 987 501 1051; x_wconf 83' lang='lat' dir='ltr'><strong>nirent,</strong></span> <span class='ocrx_word' id='word_1_53' title='bbox 547 996 605 1041; x_wconf 92' lang='lat' dir='ltr'><strong>et</strong></span> <span class='ocrx_word' id='word_1_54' title='bbox 651 984 965 1041; x_wconf 87' lang='lat' dir='ltr'><strong>conferrent</strong></span> <span class='ocrx_word' id='word_1_55' title='bbox 1010 984 1077 1039; x_wconf 91' lang='lat' dir='ltr'><strong>de</strong></span> <span class='ocrx_word' id='word_1_56' title='bbox 1120 982 1361 1038; x_wconf 88' lang='lat' dir='ltr'><strong>Nestorii</strong></span> <span class='ocrx_word' id='word_1_57' title='bbox 1402 982 1580 1046; x_wconf 90' lang='lat' dir='ltr'><strong>libris,</strong></span> <span class='ocrx_word' id='word_1_58' title='bbox 1602 990 1657 1036; x_wconf 89' lang='lat' dir='ltr'><strong>et</strong></span> <span class='ocrx_word' id='word_1_59' title='bbox 1694 980 1884 1052; x_wconf 87' lang='lat' dir='ltr'><strong>Cyrilli</strong></span> 
     </span>
    </p>
   </div>
   <div class='ocr_carea' id='block_1_8' title="bbox 278 1070 1885 1148">
    <p class='ocr_par' dir='ltr' id='par_1_8' title="bbox 278 1070 1885 1148">
     <span class='ocr_line' id='line_1_8' title="bbox 278 1070 1885 1148; baseline -0.002 -19"><span class='ocrx_word' id='word_1_60' title='bbox 278 1104 283 1129; x_wconf 80' lang='grc' dir='ltr'><strong>ι</strong></span> <span class='ocrx_word' id='word_1_61' title='bbox 291 1078 565 1148; x_wconf 87' lang='lat' dir='ltr'><strong>judicium</strong></span> <span class='ocrx_word' id='word_1_62' title='bbox 597 1076 992 1147; x_wconf 79' lang='lat' dir='ltr'><strong>expenderent.</strong></span> <span class='ocrx_word' id='word_1_63' title='bbox 1034 1092 1053 1125; x_wconf 77' lang='grc' dir='ltr'><strong><em>ι</em></strong></span> <span class='ocrx_word' id='word_1_64' title='bbox 1090 1074 1167 1128; x_wconf 90' lang='lat' dir='ltr'><strong>lta</strong></span> <span class='ocrx_word' id='word_1_65' title='bbox 1198 1073 1492 1128; x_wconf 87' lang='lat' dir='ltr'><strong>Liberatus</strong></span> <span class='ocrx_word' id='word_1_66' title='bbox 1524 1088 1643 1141; x_wconf 91' lang='lat' dir='ltr'><strong>cap.</strong></span> <span class='ocrx_word' id='word_1_67' title='bbox 1674 1072 1724 1125; x_wconf 86' lang='lat'><strong>5.</strong></span> <span class='ocrx_word' id='word_1_68' title='bbox 1754 1070 1885 1136; x_wconf 64' lang='lat' dir='ltr'><strong>Quae</strong></span> 
     </span>
    </p>
   </div>
   <div class='ocr_carea' id='block_1_9' title="bbox 296 1164 1881 1239">
    <p class='ocr_par' dir='ltr' id='par_1_9' title="bbox 296 1164 1881 1239">
     <span class='ocr_line' id='line_1_9' title="bbox 296 1164 1881 1239; baseline -0.004 -16"><span class='ocrx_word' id='word_1_69' title='bbox 296 1179 446 1239; x_wconf 89' lang='lat' dir='ltr'><strong>gesta</strong></span> <span class='ocrx_word' id='word_1_70' title='bbox 479 1168 571 1222; x_wconf 91' lang='lat' dir='ltr'><strong>hic</strong></span> <span class='ocrx_word' id='word_1_71' title='bbox 600 1176 747 1230; x_wconf 86' lang='lat' dir='ltr'><strong>sunt,</strong></span> <span class='ocrx_word' id='word_1_72' title='bbox 784 1166 1042 1220; x_wconf 87' lang='lat' dir='ltr'><strong>universa</strong></span> <span class='ocrx_word' id='word_1_73' title='bbox 1084 1164 1333 1234; x_wconf 85' lang='lat' dir='ltr'><strong>proferre</strong></span> <span class='ocrx_word' id='word_1_74' title='bbox 1374 1164 1593 1217; x_wconf 85' lang='lat' dir='ltr'><strong>animus</strong></span> <span class='ocrx_word' id='word_1_75' title='bbox 1626 1177 1736 1216; x_wconf 93' lang='lat' dir='ltr'><strong>non</strong></span> <span class='ocrx_word' id='word_1_76' title='bbox 1778 1170 1881 1216; x_wconf 90' lang='lat' dir='ltr'><strong>est.</strong></span> 
     </span>
    </p>
   </div>
   <div class='ocr_carea' id='block_1_10' title="bbox 294 1252 1883 1329">
    <p class='ocr_par' dir='ltr' id='par_1_10' title="bbox 294 1252 1883 1329">
     <span class='ocr_line' id='line_1_10' title="bbox 294 1252 1883 1329; baseline -0.004 -16"><span class='ocrx_word' id='word_1_77' title='bbox 294 1259 419 1329; x_wconf 84' lang='lat' dir='ltr'><strong>Ipsa</strong></span> <span class='ocrx_word' id='word_1_78' title='bbox 463 1258 685 1314; x_wconf 87' lang='lat' dir='ltr'><strong>concilii</strong></span> <span class='ocrx_word' id='word_1_79' title='bbox 719 1258 852 1312; x_wconf 89' lang='lat' dir='ltr'><strong>Acta</strong></span> <span class='ocrx_word' id='word_1_80' title='bbox 896 1256 1097 1327; x_wconf 90' lang='lat' dir='ltr'><strong>passim</strong></span> <span class='ocrx_word' id='word_1_81' title='bbox 1139 1263 1373 1318; x_wconf 84' lang='lat' dir='ltr'><strong>exstant,</strong></span> <span class='ocrx_word' id='word_1_82' title='bbox 1413 1269 1585 1323; x_wconf 90' lang='lat' dir='ltr'><strong>eaque</strong></span> <span class='ocrx_word' id='word_1_83' title='bbox 1627 1252 1883 1323; x_wconf 67' lang='lat' dir='ltr'><strong>praaclare</strong></span> 
     </span>
    </p>
   </div>
   <div class='ocr_carea' id='block_1_11' title="bbox 296 1341 1881 1412">
    <p class='ocr_par' dir='ltr' id='par_1_11' title="bbox 296 1341 1881 1412">
     <span class='ocr_line' id='line_1_11' title="bbox 296 1341 1881 1412; baseline -0.004 -11"><span class='ocrx_word' id='word_1_84' title='bbox 296 1347 547 1401; x_wconf 87' lang='lat' dir='ltr'><strong>discussa</strong></span> <span class='ocrx_word' id='word_1_85' title='bbox 578 1362 611 1400; x_wconf 85' lang='lat' dir='ltr'><strong>a</strong></span> <span class='ocrx_word' id='word_1_86' title='bbox 643 1346 878 1404; x_wconf 86' lang='lat' dir='ltr'><strong>Baronio</strong></span> <span class='ocrx_word' id='word_1_87' title='bbox 906 1346 974 1399; x_wconf 88' lang='lat' dir='ltr'><strong>ad</strong></span> <span class='ocrx_word' id='word_1_88' title='bbox 1006 1346 1153 1403; x_wconf 79' lang='lat' dir='ltr'><strong>hunc</strong></span> <span class='ocrx_word' id='word_1_89' title='bbox 1185 1358 1387 1399; x_wconf 89' lang='lat' dir='ltr'><strong>annum</strong></span> <span class='ocrx_word' id='word_1_90' title='bbox 1431 1342 1555 1406; x_wconf 76' lang='grc'>451,</span> <span class='ocrx_word' id='word_1_91' title='bbox 1591 1341 1685 1412; x_wconf 93' lang='lat' dir='ltr'><strong>qui</strong></span> <span class='ocrx_word' id='word_1_92' title='bbox 1728 1357 1881 1395; x_wconf 91' lang='lat' dir='ltr'><strong>num.</strong></span> 
     </span>
    </p>
   </div>
   <div class='ocr_carea' id='block_1_12' title="bbox 294 1435 1882 1507">
    <p class='ocr_par' dir='ltr' id='par_1_12' title="bbox 294 1435 1882 1507">
     <span class='ocr_line' id='line_1_12' title="bbox 294 1435 1882 1507; baseline -0.001 -16"><span class='ocrx_word' id='word_1_93' title='bbox 294 1438 365 1491; x_wconf 76' lang='lat'><strong>37</strong></span> <span class='ocrx_word' id='word_1_94' title='bbox 394 1437 462 1492; x_wconf 92' lang='lat' dir='ltr'><strong>de</strong></span> <span class='ocrx_word' id='word_1_95' title='bbox 490 1437 765 1507; x_wconf 86' lang='lat' dir='ltr'><strong>episc0pis</strong></span> <span class='ocrx_word' id='word_1_96' title='bbox 798 1436 866 1491; x_wconf 92' lang='lat' dir='ltr'><strong>ad</strong></span> <span class='ocrx_word' id='word_1_97' title='bbox 907 1436 1173 1507; x_wconf 85' lang='lat' dir='ltr'><strong>synodum</strong></span> <span class='ocrx_word' id='word_1_98' title='bbox 1206 1435 1555 1490; x_wconf 86' lang='lat' dir='ltr'><strong>venientibus</strong></span> <span class='ocrx_word' id='word_1_99' title='bbox 1583 1451 1767 1505; x_wconf 81' lang='lat' dir='ltr'><strong>agens,</strong></span> <span class='ocrx_word' id='word_1_100' title='bbox 1808 1435 1882 1489; x_wconf 91' lang='lat' dir='ltr'><strong>ita</strong></span> 
     </span>
    </p>
   </div>
   <div class='ocr_carea' id='block_1_13' title="bbox 294 1526 1884 1598">
    <p class='ocr_par' dir='ltr' id='par_1_13' title="bbox 294 1526 1884 1598">
     <span class='ocr_line' id='line_1_13' title="bbox 294 1526 1884 1598; baseline -0.001 -15"><span class='ocrx_word' id='word_1_101' title='bbox 294 1526 562 1598; x_wconf 78' lang='lat' dir='ltr'><strong>Cyrillum</strong></span> <span class='ocrx_word' id='word_1_102' title='bbox 586 1528 770 1583; x_wconf 88' lang='lat' dir='ltr'><strong>laudat</strong></span> <span class='ocrx_word' id='word_1_103' title='bbox 799 1546 811 1580; x_wconf 94' lang='lat'>:</span> <span class='ocrx_word' id='word_1_104' title='bbox 852 1547 871 1579; x_wconf 73' lang='grc' dir='ltr'><strong><em>ι</em></strong></span> <span class='ocrx_word' id='word_1_105' title='bbox 907 1528 1055 1583; x_wconf 84' lang='lat' dir='ltr'><strong>inter</strong></span> <span class='ocrx_word' id='word_1_106' title='bbox 1080 1544 1273 1584; x_wconf 92' lang='lat' dir='ltr'><strong>omnes</strong></span> <span class='ocrx_word' id='word_1_107' title='bbox 1296 1526 1531 1598; x_wconf 90' lang='lat' dir='ltr'><strong>Cyrillus</strong></span> <span class='ocrx_word' id='word_1_108' title='bbox 1552 1527 1741 1597; x_wconf 60' lang='lat' dir='ltr'><strong>prima}</strong></span> <span class='ocrx_word' id='word_1_109' title='bbox 1762 1536 1884 1597; x_wconf 89' lang='lat' dir='ltr'><strong>post</strong></span> 
     </span>
    </p>
   </div>
   <div class='ocr_carea' id='block_1_14' title="bbox 296 1617 1883 1690">
    <p class='ocr_par' dir='ltr' id='par_1_14' title="bbox 296 1617 1883 1690">
     <span class='ocr_line' id='line_1_14' title="bbox 296 1617 1883 1690; baseline 0.001 -18"><span class='ocrx_word' id='word_1_110' title='bbox 296 1617 601 1674; x_wconf 82' lang='lat' dir='ltr'><strong>Romanam</strong></span> <span class='ocrx_word' id='word_1_111' title='bbox 631 1619 988 1690; x_wconf 60' lang='lat' dir='ltr'><strong>prterogativa</strong></span> <span class='ocrx_word' id='word_1_112' title='bbox 1019 1619 1187 1683; x_wconf 89' lang='lat' dir='ltr'><strong>sedis,</strong></span> <span class='ocrx_word' id='word_1_113' title='bbox 1222 1627 1280 1674; x_wconf 93' lang='lat' dir='ltr'><strong>ct</strong></span> <span class='ocrx_word' id='word_1_114' title='bbox 1318 1618 1489 1688; x_wconf 89' lang='lat' dir='ltr'><strong>ipsius</strong></span> <span class='ocrx_word' id='word_1_115' title='bbox 1524 1618 1713 1688; x_wconf 66' lang='lat' dir='ltr'><strong>prima:</strong></span> <span class='ocrx_word' id='word_1_116' title='bbox 1737 1619 1883 1674; x_wconf 84' lang='lat' dir='ltr'><strong>sedis</strong></span> 
     </span>
    </p>
   </div>
   <div class='ocr_carea' id='block_1_15' title="bbox 294 1708 1881 1779">
    <p class='ocr_par' dir='ltr' id='par_1_15' title="bbox 294 1708 1881 1779">
     <span class='ocr_line' id='line_1_15' title="bbox 294 1708 1881 1779; baseline 0.001 -17"><span class='ocrx_word' id='word_1_117' title='bbox 294 1708 503 1764; x_wconf 81' lang='lat' dir='ltr'><strong>vicaria</strong></span> <span class='ocrx_word' id='word_1_118' title='bbox 536 1709 883 1779; x_wconf 69' lang='lat' dir='ltr'><strong>praefectura,</strong></span> <span class='ocrx_word' id='word_1_119' title='bbox 919 1709 1161 1779; x_wconf 90' lang='lat' dir='ltr'><strong>reliquos</strong></span> <span class='ocrx_word' id='word_1_120' title='bbox 1182 1724 1374 1765; x_wconf 90' lang='lat' dir='ltr'><strong>omnes</strong></span> <span class='ocrx_word' id='word_1_121' title='bbox 1400 1710 1687 1779; x_wconf 88' lang='lat' dir='ltr'><strong>episcopos</strong></span> <span class='ocrx_word' id='word_1_122' title='bbox 1724 1717 1881 1763; x_wconf 73' lang='lat' dir='ltr'><strong>ante~</strong></span> 
     </span>
    </p>
   </div>
   <div class='ocr_carea' id='block_1_16' title="bbox 295 1800 1878 1871">
    <p class='ocr_par' dir='ltr' id='par_1_16' title="bbox 295 1800 1878 1871">
     <span class='ocr_line' id='line_1_16' title="bbox 295 1800 1878 1871; baseline -0.002 -13"><span class='ocrx_word' id='word_1_123' title='bbox 295 1801 519 1865; x_wconf 80' lang='lat' dir='ltr'><strong>cellens,</strong></span> <span class='ocrx_word' id='word_1_124' title='bbox 550 1800 771 1864; x_wconf 90' lang='lat' dir='ltr'><strong>enituit,</strong></span> <span class='ocrx_word' id='word_1_125' title='bbox 798 1810 962 1871; x_wconf 91' lang='lat' dir='ltr'><strong>atque</strong></span> <span class='ocrx_word' id='word_1_126' title='bbox 999 1800 1175 1871; x_wconf 85' lang='lat' dir='ltr'><strong>magis</strong></span> <span class='ocrx_word' id='word_1_127' title='bbox 1200 1801 1481 1871; x_wconf 82' lang='lat' dir='ltr'><strong>magisque</strong></span> <span class='ocrx_word' id='word_1_128' title='bbox 1514 1816 1638 1855; x_wconf 90' lang='lat' dir='ltr'><strong>cum</strong></span> <span class='ocrx_word' id='word_1_129' title='bbox 1662 1816 1878 1856; x_wconf 91' lang='lat' dir='ltr'><strong>morum</strong></span> 
     </span>
    </p>
   </div>
   <div class='ocr_carea' id='block_1_17' title="bbox 293 1892 1874 1963">
    <p class='ocr_par' dir='ltr' id='par_1_17' title="bbox 293 1892 1874 1963">
     <span class='ocr_line' id='line_1_17' title="bbox 293 1892 1874 1963; baseline 0.003 -19"><span class='ocrx_word' id='word_1_130' title='bbox 293 1892 511 1963; x_wconf 80' lang='lat' dir='ltr'><strong>egregia</strong></span> <span class='ocrx_word' id='word_1_131' title='bbox 565 1893 874 1955; x_wconf 86' lang='lat' dir='ltr'><strong>sanctitate,</strong></span> <span class='ocrx_word' id='word_1_132' title='bbox 924 1900 1039 1945; x_wconf 86' lang='lat' dir='ltr'><strong>tum</strong></span> <span class='ocrx_word' id='word_1_133' title='bbox 1080 1893 1280 1947; x_wconf 77' lang='lat' dir='ltr'><strong>eximia</strong></span> <span class='ocrx_word' id='word_1_134' title='bbox 1327 1892 1636 1947; x_wconf 88' lang='lat' dir='ltr'><strong>divinarum</strong></span> <span class='ocrx_word' id='word_1_135' title='bbox 1690 1909 1874 1948; x_wconf 90' lang='lat' dir='ltr'><strong>rerum</strong></span> 
     </span>
    </p>
   </div>
   <div class='ocr_carea' id='block_1_18' title="bbox 291 1981 1874 2054">
    <p class='ocr_par' dir='ltr' id='par_1_18' title="bbox 291 1981 1874 2054">
     <span class='ocr_line' id='line_1_18' title="bbox 291 1981 1874 2054; baseline 0.001 -17"><span class='ocrx_word' id='word_1_136' title='bbox 291 1982 527 2037; x_wconf 74' lang='lat' dir='ltr'><strong>scientia</strong></span> <span class='ocrx_word' id='word_1_137' title='bbox 547 1982 762 2037; x_wconf 88' lang='lat' dir='ltr'><strong>claruit.</strong></span> <span class='ocrx_word' id='word_1_138' title='bbox 792 2002 810 2033; x_wconf 74' lang='grc' dir='ltr'><strong><em>ι</em></strong></span> <span class='ocrx_word' id='word_1_139' title='bbox 835 1981 996 2036; x_wconf 86' lang='lat' dir='ltr'><strong>Certe</strong></span> <span class='ocrx_word' id='word_1_140' title='bbox 1016 1998 1243 2053; x_wconf 88' lang='lat' dir='ltr'><strong>magnus</strong></span> <span class='ocrx_word' id='word_1_141' title='bbox 1260 1983 1609 2054; x_wconf 89' lang='lat' dir='ltr'><strong>Euthymius,</strong></span> <span class='ocrx_word' id='word_1_142' title='bbox 1625 1993 1687 2038; x_wconf 93' lang='lat' dir='ltr'><strong>ut</strong></span> <span class='ocrx_word' id='word_1_143' title='bbox 1707 1984 1763 2038; x_wconf 90' lang='lat' dir='ltr'><strong>in</strong></span> <span class='ocrx_word' id='word_1_144' title='bbox 1779 1985 1874 2038; x_wconf 69' lang='lat' dir='ltr'><strong>Vi-</strong></span> 
     </span>
    </p>
   </div>
   <div class='ocr_carea' id='block_1_19' title="bbox 290 2073 1875 2148">
    <p class='ocr_par' dir='ltr' id='par_1_19' title="bbox 290 2073 1875 2148">
     <span class='ocr_line' id='line_1_19' title="bbox 290 2073 1875 2148; baseline 0.002 -21"><span class='ocrx_word' id='word_1_145' title='bbox 290 2081 347 2128; x_wconf 72' lang='lat' dir='ltr'><strong>ta</strong></span> <span class='ocrx_word' id='word_1_146' title='bbox 378 2073 501 2144; x_wconf 77' lang='lat' dir='ltr'><strong>ejus</strong></span> <span class='ocrx_word' id='word_1_147' title='bbox 529 2073 726 2143; x_wconf 76' lang='lat' dir='ltr'><strong>legitur</strong></span> <span class='ocrx_word' id='word_1_148' title='bbox 754 2088 823 2127; x_wconf 87' lang='lat' dir='ltr'><strong>xx</strong></span> <span class='ocrx_word' id='word_1_149' title='bbox 846 2073 1111 2137; x_wconf 84' lang='lat' dir='ltr'><strong>Januarii,</strong></span> <span class='ocrx_word' id='word_1_150' title='bbox 1141 2091 1293 2128; x_wconf 91' lang='lat' dir='ltr'><strong>num.</strong></span> <span class='ocrx_word' id='word_1_151' title='bbox 1327 2076 1416 2140; x_wconf 85' lang='lat'><strong>55,</strong></span> <span class='ocrx_word' id='word_1_152' title='bbox 1455 2094 1472 2124; x_wconf 76' lang='grc' dir='ltr'><strong><em>ι</em></strong></span> <span class='ocrx_word' id='word_1_153' title='bbox 1503 2091 1627 2129; x_wconf 91' lang='lat' dir='ltr'><strong>cum</strong></span> <span class='ocrx_word' id='word_1_154' title='bbox 1652 2075 1718 2130; x_wconf 93' lang='lat' dir='ltr'><strong>ad</strong></span> <span class='ocrx_word' id='word_1_155' title='bbox 1744 2092 1875 2148; x_wconf 61' lang='lat' dir='ltr'><strong>syno</strong></span> 
     </span>
    </p>
   </div>
   <div class='ocr_carea' id='block_1_20' title="bbox 290 2164 1873 2237">
    <p class='ocr_par' dir='ltr' id='par_1_20' title="bbox 290 2164 1873 2237">
     <span class='ocr_line' id='line_1_20' title="bbox 290 2164 1873 2237; baseline 0.003 -21"><span class='ocrx_word' id='word_1_156' title='bbox 290 2164 463 2219; x_wconf 89' lang='lat' dir='ltr'><strong>odum</strong></span> <span class='ocrx_word' id='word_1_157' title='bbox 492 2178 709 2233; x_wconf 91' lang='lat' dir='ltr'><strong>quoque</strong></span> <span class='ocrx_word' id='word_1_158' title='bbox 728 2164 1049 2219; x_wconf 87' lang='lat' dir='ltr'><strong>conventuri</strong></span> <span class='ocrx_word' id='word_1_159' title='bbox 1072 2176 1257 2221; x_wconf 88' lang='lat' dir='ltr'><strong>essent</strong></span> <span class='ocrx_word' id='word_1_160' title='bbox 1284 2166 1526 2237; x_wconf 89' lang='lat' dir='ltr'><strong>episcopi</strong></span> <span class='ocrx_word' id='word_1_161' title='bbox 1555 2167 1873 2232; x_wconf 61' lang='lat' dir='ltr'><strong>Palaestinae,</strong></span> 
     </span>
    </p>
   </div>
   <div class='ocr_carea' id='block_1_21' title="bbox 289 2255 1877 2325">
    <p class='ocr_par' dir='ltr' id='par_1_21' title="bbox 289 2255 1877 2325">
     <span class='ocr_line' id='line_1_21' title="bbox 289 2255 1877 2325; baseline 0 -12"><span class='ocrx_word' id='word_1_162' title='bbox 289 2255 448 2314; x_wconf 69' lang='lat' dir='ltr'><strong>“ibet</strong></span> <span class='ocrx_word' id='word_1_163' title='bbox 502 2256 666 2309; x_wconf 91' lang='lat' dir='ltr'><strong>Petro</strong></span> <span class='ocrx_word' id='word_1_164' title='bbox 709 2256 968 2325; x_wconf 90' lang='lat' dir='ltr'><strong>episcopo</strong></span> <span class='ocrx_word' id='word_1_165' title='bbox 1016 2255 1434 2323; x_wconf 86' lang='lat' dir='ltr'><strong>Saracenorum,</strong></span> <span class='ocrx_word' id='word_1_166' title='bbox 1477 2264 1538 2312; x_wconf 91' lang='lat' dir='ltr'><strong>ut</strong></span> <span class='ocrx_word' id='word_1_167' title='bbox 1588 2258 1877 2314; x_wconf 85' lang='lat' dir='ltr'><strong>accederet</strong></span> 
     </span>
    </p>
   </div>
   <div class='ocr_carea' id='block_1_22' title="bbox 287 2344 1874 2422">
    <p class='ocr_par' dir='ltr' id='par_1_22' title="bbox 287 2344 1874 2422">
     <span class='ocr_line' id='line_1_22' title="bbox 287 2344 1874 2422; baseline 0.003 -21"><span class='ocrx_word' id='word_1_168' title='bbox 287 2344 495 2415; x_wconf 88' lang='lat' dir='ltr'><strong>Cyrillo</strong></span> <span class='ocrx_word' id='word_1_169' title='bbox 539 2346 878 2401; x_wconf 76' lang='lat' dir='ltr'><strong>Alexandria:</strong></span> <span class='ocrx_word' id='word_1_170' title='bbox 921 2355 977 2401; x_wconf 91' lang='lat' dir='ltr'><strong>et</strong></span> <span class='ocrx_word' id='word_1_171' title='bbox 1017 2346 1216 2402; x_wconf 87' lang='lat' dir='ltr'><strong>Acacio</strong></span> <span class='ocrx_word' id='word_1_172' title='bbox 1254 2349 1538 2405; x_wconf 83' lang='lat' dir='ltr'><strong>Melitenes</strong></span> <span class='ocrx_word' id='word_1_173' title='bbox 1581 2351 1874 2422; x_wconf 86' lang='lat' dir='ltr'><strong>episcopis,</strong></span> 
     </span>
    </p>
   </div>
   <div class='ocr_carea' id='block_1_23' title="bbox 289 2438 1876 2510">
    <p class='ocr_par' dir='ltr' id='par_1_23' title="bbox 289 2438 1876 2510">
     <span class='ocr_line' id='line_1_23' title="bbox 289 2438 1876 2510; baseline 0.003 -19"><span class='ocrx_word' id='word_1_174' title='bbox 289 2447 355 2492; x_wconf 83' lang='lat' dir='ltr'><strong>ut</strong></span> <span class='ocrx_word' id='word_1_175' title='bbox 399 2452 524 2506; x_wconf 65' lang='lat' dir='ltr'><strong>qua;</strong></span> <span class='ocrx_word' id='word_1_176' title='bbox 566 2438 647 2492; x_wconf 89' lang='lat' dir='ltr'><strong>eis</strong></span> <span class='ocrx_word' id='word_1_177' title='bbox 695 2438 1036 2502; x_wconf 80' lang='lat' dir='ltr'><strong>viderentur,</strong></span> <span class='ocrx_word' id='word_1_178' title='bbox 1082 2455 1139 2494; x_wconf 93' lang='lat' dir='ltr'><strong>se</strong></span> <span class='ocrx_word' id='word_1_179' title='bbox 1192 2455 1410 2510; x_wconf 91' lang='lat' dir='ltr'><strong>quoque</strong></span> <span class='ocrx_word' id='word_1_180' title='bbox 1460 2441 1570 2496; x_wconf 85' lang='lat' dir='ltr'><strong>illis</strong></span> <span class='ocrx_word' id='word_1_181' title='bbox 1621 2443 1876 2497; x_wconf 89' lang='lat' dir='ltr'><strong>assentiri</strong></span> 
     </span>
    </p>
   </div>
   <div class='ocr_carea' id='block_1_24' title="bbox 288 2526 1877 2604">
    <p class='ocr_par' dir='ltr' id='par_1_24' title="bbox 288 2526 1877 2604">
     <span class='ocr_line' id='line_1_24' title="bbox 288 2526 1877 2604; baseline 0.003 -23"><span class='ocrx_word' id='word_1_182' title='bbox 288 2526 671 2599; x_wconf 78' lang='lat' dir='ltr'><strong>proﬁteretur;</strong></span> <span class='ocrx_word' id='word_1_183' title='bbox 694 2547 712 2580; x_wconf 74' lang='grc' dir='ltr'><strong><em>ι</em></strong></span> <span class='ocrx_word' id='word_1_184' title='bbox 736 2544 885 2594; x_wconf 89' lang='lat' dir='ltr'><strong>nam,</strong></span> <span class='ocrx_word' id='word_1_185' title='bbox 902 2539 965 2583; x_wconf 84' lang='lat' dir='ltr'><strong>ut</strong></span> <span class='ocrx_word' id='word_1_186' title='bbox 985 2545 1140 2583; x_wconf 91' lang='lat' dir='ltr'><strong>num.</strong></span> <span class='ocrx_word' id='word_1_187' title='bbox 1166 2530 1235 2584; x_wconf 75' lang='grc'><strong>54</strong></span> <span class='ocrx_word' id='word_1_188' title='bbox 1256 2531 1484 2597; x_wconf 89' lang='lat' dir='ltr'><strong>dicitur,</strong></span> <span class='ocrx_word' id='word_1_189' title='bbox 1511 2551 1529 2582; x_wconf 85' lang='grc'><em>‹</em></span> <span class='ocrx_word' id='word_1_190' title='bbox 1549 2540 1877 2604; x_wconf 85' lang='lat' dir='ltr'><strong>exposuerat</strong></span> 
     </span>
    </p>
   </div>
   <div class='ocr_carea' id='block_1_25' title="bbox 288 2616 1876 2690">
    <p class='ocr_par' dir='ltr' id='par_1_25' title="bbox 288 2616 1876 2690">
     <span class='ocr_line' id='line_1_25' title="bbox 288 2616 1876 2690; baseline 0.003 -19"><span class='ocrx_word' id='word_1_191' title='bbox 288 2617 343 2672; x_wconf 90' lang='lat' dir='ltr'><strong>ei</strong></span> <span class='ocrx_word' id='word_1_192' title='bbox 379 2616 650 2688; x_wconf 88' lang='lat' dir='ltr'><strong>Synodius</strong></span> <span class='ocrx_word' id='word_1_193' title='bbox 674 2617 742 2673; x_wconf 93' lang='lat' dir='ltr'><strong>de</strong></span> <span class='ocrx_word' id='word_1_194' title='bbox 774 2617 978 2690; x_wconf 88' lang='lat' dir='ltr'><strong>Cyrillo</strong></span> <span class='ocrx_word' id='word_1_195' title='bbox 1004 2619 1374 2675; x_wconf 88' lang='lat' dir='ltr'><strong>Alexandrino</strong></span> <span class='ocrx_word' id='word_1_196' title='bbox 1403 2630 1461 2677; x_wconf 86' lang='lat' dir='ltr'><strong>et</strong></span> <span class='ocrx_word' id='word_1_197' title='bbox 1488 2622 1689 2677; x_wconf 84' lang='lat' dir='ltr'><strong>Acacio</strong></span> <span class='ocrx_word' id='word_1_198' title='bbox 1720 2622 1876 2677; x_wconf 83' lang='lat' dir='ltr'><strong>Meli—</strong></span> 
     </span>
    </p>
   </div>
   <div class='ocr_carea' id='block_1_26' title="bbox 288 2708 1875 2777">
    <p class='ocr_par' dir='ltr' id='par_1_26' title="bbox 288 2708 1875 2777">
     <span class='ocr_line' id='line_1_26' title="bbox 288 2708 1875 2777; baseline 0.005 -17"><span class='ocrx_word' id='word_1_199' title='bbox 288 2714 490 2771; x_wconf 74' lang='lat' dir='ltr'><strong>tenaeo,</strong></span> <span class='ocrx_word' id='word_1_200' title='bbox 511 2708 968 2777; x_wconf 84' lang='lat' dir='ltr'><strong>quemadmodum</strong></span> <span class='ocrx_word' id='word_1_201' title='bbox 991 2724 1177 2765; x_wconf 89' lang='lat' dir='ltr'><strong>aerem</strong></span> <span class='ocrx_word' id='word_1_202' title='bbox 1206 2720 1263 2767; x_wconf 91' lang='lat' dir='ltr'><strong>et</strong></span> <span class='ocrx_word' id='word_1_203' title='bbox 1291 2713 1672 2769; x_wconf 85' lang='lat' dir='ltr'><strong>vehementem</strong></span> <span class='ocrx_word' id='word_1_204' title='bbox 1698 2715 1875 2768; x_wconf 88' lang='lat' dir='ltr'><strong>zelum</strong></span> 
     </span>
    </p>
   </div>
   <div class='ocr_carea' id='block_1_27' title="bbox 291 2801 1341 2872">
    <p class='ocr_par' dir='ltr' id='par_1_27' title="bbox 291 2801 1341 2872">
     <span class='ocr_line' id='line_1_27' title="bbox 291 2801 1341 2872; baseline 0.001 -16"><span class='ocrx_word' id='word_1_205' title='bbox 291 2801 650 2857; x_wconf 84' lang='lat' dir='ltr'><strong>ostenderent</strong></span> <span class='ocrx_word' id='word_1_206' title='bbox 683 2818 783 2872; x_wconf 93' lang='lat' dir='ltr'><strong>pro</strong></span> <span class='ocrx_word' id='word_1_207' title='bbox 818 2802 924 2859; x_wconf 89' lang='lat' dir='ltr'><strong>ﬁde</strong></span> <span class='ocrx_word' id='word_1_208' title='bbox 957 2805 1284 2861; x_wconf 88' lang='lat' dir='ltr'><strong>orthodoxa.</strong></span> <span class='ocrx_word' id='word_1_209' title='bbox 1322 2825 1341 2857; x_wconf 75' lang='grc' dir='ltr'><strong><em>ι</em></strong></span> 
     </span>
    </p>
   </div>
   <div class='ocr_carea' id='block_1_28' title="bbox 359 2911 1874 2986">
    <p class='ocr_par' dir='ltr' id='par_1_28' title="bbox 359 2911 1874 2986">
     <span class='ocr_line' id='line_1_28' title="bbox 359 2911 1874 2986; baseline 0.003 -19"><span class='ocrx_word' id='word_1_210' title='bbox 359 2912 453 2967; x_wconf 72' lang='grc'><strong>48.</strong></span> <span class='ocrx_word' id='word_1_211' title='bbox 502 2911 639 2968; x_wconf 90' lang='lat' dir='ltr'><strong>Suas</strong></span> <span class='ocrx_word' id='word_1_212' title='bbox 684 2911 889 2986; x_wconf 89' lang='lat' dir='ltr'><strong>Cyrillo</strong></span> <span class='ocrx_word' id='word_1_213' title='bbox 936 2915 1088 2971; x_wconf 82' lang='lat' dir='ltr'><strong>vices</strong></span> <span class='ocrx_word' id='word_1_214' title='bbox 1137 2916 1472 2971; x_wconf 89' lang='lat' dir='ltr'><strong>concessisse</strong></span> <span class='ocrx_word' id='word_1_215' title='bbox 1518 2916 1874 2973; x_wconf 81' lang='lat' dir='ltr'><strong>Caelestinum</strong></span> 
     </span>
    </p>
   </div>
   <div class='ocr_carea' id='block_1_29' title="bbox 291 3003 1873 3075">
    <p class='ocr_par' dir='ltr' id='par_1_29' title="bbox 291 3003 1873 3075">
     <span class='ocr_line' id='line_1_29' title="bbox 291 3003 1873 3075; baseline 0.004 -16"><span class='ocrx_word' id='word_1_216' title='bbox 291 3003 462 3059; x_wconf 89' lang='lat' dir='ltr'><strong>misso</strong></span> <span class='ocrx_word' id='word_1_217' title='bbox 485 3004 738 3075; x_wconf 88' lang='lat' dir='ltr'><strong>phrygio,</strong></span> <span class='ocrx_word' id='word_1_218' title='bbox 779 3021 877 3061; x_wconf 90' lang='lat' dir='ltr'><strong>seu</strong></span> <span class='ocrx_word' id='word_1_219' title='bbox 919 3008 1102 3072; x_wconf 89' lang='lat' dir='ltr'><strong>mitra,</strong></span> <span class='ocrx_word' id='word_1_220' title='bbox 1144 3008 1350 3063; x_wconf 88' lang='lat' dir='ltr'><strong>indicat</strong></span> <span class='ocrx_word' id='word_1_221' title='bbox 1393 3009 1715 3064; x_wconf 87' lang='lat' dir='ltr'><strong>Theodorus</strong></span> <span class='ocrx_word' id='word_1_222' title='bbox 1749 3008 1873 3065; x_wconf 85' lang='lat' dir='ltr'><strong>Bal-</strong></span> 
     </span>
    </p>
   </div>
   <div class='ocr_carea' id='block_1_30' title="bbox 286 3097 1876 3171">
    <p class='ocr_par' dir='ltr' id='par_1_30' title="bbox 286 3097 1876 3171">
     <span class='ocr_line' id='line_1_30' title="bbox 286 3097 1876 3171; baseline 0.003 -21"><span class='ocrx_word' id='word_1_223' title='bbox 286 3112 480 3151; x_wconf 81' lang='lat' dir='ltr'><strong>aamon</strong></span> <span class='ocrx_word' id='word_1_224' title='bbox 499 3097 556 3151; x_wconf 93' lang='lat' dir='ltr'><strong>in</strong></span> <span class='ocrx_word' id='word_1_225' title='bbox 586 3097 955 3152; x_wconf 82' lang='lat' dir='ltr'><strong>Nomocanone</strong></span> <span class='ocrx_word' id='word_1_226' title='bbox 986 3100 1186 3165; x_wconf 89' lang='lat' dir='ltr'><strong>Pbotii,</strong></span> <span class='ocrx_word' id='word_1_227' title='bbox 1218 3100 1378 3154; x_wconf 91' lang='lat' dir='ltr'><strong>titulo</strong></span> <span class='ocrx_word' id='word_1_228' title='bbox 1396 3100 1448 3165; x_wconf 92' lang='lat'><strong>8,</strong></span> <span class='ocrx_word' id='word_1_229' title='bbox 1471 3117 1590 3171; x_wconf 89' lang='lat' dir='ltr'><strong>cap.</strong></span> <span class='ocrx_word' id='word_1_230' title='bbox 1628 3102 1651 3154; x_wconf 80' lang='grc'><strong>1</strong></span> <span class='ocrx_word' id='word_1_231' title='bbox 1679 3121 1691 3155; x_wconf 92' lang='lat'>:</span> <span class='ocrx_word' id='word_1_232' title='bbox 1725 3121 1741 3151; x_wconf 72' lang='grc' dir='ltr'><strong><em>ι</em></strong></span> <span class='ocrx_word' id='word_1_233' title='bbox 1766 3102 1876 3155; x_wconf 85' lang='lat' dir='ltr'><strong>Hu-</strong></span> 
     </span>
    </p>
   </div>
   <div class='ocr_carea' id='block_1_31' title="bbox 279 3188 1870 3259">
    <p class='ocr_par' dir='ltr' id='par_1_31' title="bbox 279 3188 1870 3259">
     <span class='ocr_line' id='line_1_31' title="bbox 279 3188 1870 3259; baseline 0.003 -18"><span class='ocrx_word' id='word_1_234' title='bbox 279 3188 377 3258; x_wconf 81' lang='lat' dir='ltr'><strong>jus</strong></span> <span class='ocrx_word' id='word_1_235' title='bbox 426 3203 643 3258; x_wconf 89' lang='lat' dir='ltr'><strong>quoque</strong></span> <span class='ocrx_word' id='word_1_236' title='bbox 684 3188 947 3257; x_wconf 88' lang='lat' dir='ltr'><strong>temporis</strong></span> <span class='ocrx_word' id='word_1_237' title='bbox 982 3190 1293 3259; x_wconf 82' lang='lat' dir='ltr'><strong>patriarcha</strong></span> <span class='ocrx_word' id='word_1_238' title='bbox 1333 3191 1763 3255; x_wconf 86' lang='lat' dir='ltr'><strong>Alexandrinus,</strong></span> <span class='ocrx_word' id='word_1_239' title='bbox 1804 3207 1870 3245; x_wconf 85' lang='lat' dir='ltr'><strong>ex</strong></span> 
     </span>
    </p>
   </div>
   <div class='ocr_carea' id='block_1_32' title="bbox 286 3278 1863 3352">
    <p class='ocr_par' dir='ltr' id='par_1_32' title="bbox 286 3278 1863 3352">
     <span class='ocr_line' id='line_1_32' title="bbox 286 3278 1863 3352; baseline 0.001 -19"><span class='ocrx_word' id='word_1_240' title='bbox 286 3278 543 3348; x_wconf 62' lang='lat' dir='ltr'><strong>presenti</strong></span> <span class='ocrx_word' id='word_1_241' title='bbox 574 3278 754 3333; x_wconf 90' lang='lat' dir='ltr'><strong>edicto</strong></span> <span class='ocrx_word' id='word_1_242' title='bbox 776 3279 875 3350; x_wconf 51' lang='lat' dir='ltr'><strong>jus:</strong></span> <span class='ocrx_word' id='word_1_243' title='bbox 902 3280 1066 3335; x_wconf 87' lang='lat' dir='ltr'><strong>habet</strong></span> <span class='ocrx_word' id='word_1_244' title='bbox 1089 3290 1148 3335; x_wconf 92' lang='lat' dir='ltr'><strong>ut</strong></span> <span class='ocrx_word' id='word_1_245' title='bbox 1185 3297 1310 3335; x_wconf 90' lang='lat' dir='ltr'><strong>cum</strong></span> <span class='ocrx_word' id='word_1_246' title='bbox 1338 3282 1568 3352; x_wconf 81' lang='lat' dir='ltr'><strong>phrygio</strong></span> <span class='ocrx_word' id='word_1_247' title='bbox 1598 3282 1863 3336; x_wconf 86' lang='lat' dir='ltr'><strong>celebret.</strong></span> 
     </span>
    </p>
   </div>
   <div class='ocr_carea' id='block_1_33' title="bbox 286 3367 1867 3442">
    <p class='ocr_par' dir='ltr' id='par_1_33' title="bbox 286 3367 1867 3442">
     <span class='ocr_line' id='line_1_33' title="bbox 286 3367 1867 3442; baseline 0.001 -19"><span class='ocrx_word' id='word_1_248' title='bbox 286 3367 493 3423; x_wconf 76' lang='lat' dir='ltr'><strong>Habuit</strong></span> <span class='ocrx_word' id='word_1_249' title='bbox 530 3376 710 3423; x_wconf 88' lang='lat' dir='ltr'><strong>autem</strong></span> <span class='ocrx_word' id='word_1_250' title='bbox 743 3369 884 3424; x_wconf 90' lang='lat' dir='ltr'><strong>hanc</strong></span> <span class='ocrx_word' id='word_1_251' title='bbox 910 3369 1223 3425; x_wconf 78' lang='lat' dir='ltr'><strong>facultatem</strong></span> <span class='ocrx_word' id='word_1_252' title='bbox 1264 3370 1320 3425; x_wconf 93' lang='lat' dir='ltr'><strong>S.</strong></span> <span class='ocrx_word' id='word_1_253' title='bbox 1362 3370 1597 3442; x_wconf 89' lang='lat' dir='ltr'><strong>Cyrillus</strong></span> <span class='ocrx_word' id='word_1_254' title='bbox 1632 3370 1867 3424; x_wconf 77' lang='lat' dir='ltr'><strong>Alexan-</strong></span> 
     </span>
    </p>
   </div>
   <div class='ocr_carea' id='block_1_34' title="bbox 286 3456 1869 3532">
    <p class='ocr_par' dir='ltr' id='par_1_34' title="bbox 286 3456 1869 3532">
     <span class='ocr_line' id='line_1_34' title="bbox 286 3456 1869 3532; baseline 0.003 -19"><span class='ocrx_word' id='word_1_255' title='bbox 286 3459 483 3515; x_wconf 85' lang='lat' dir='ltr'><strong>drinus</strong></span> <span class='ocrx_word' id='word_1_256' title='bbox 501 3476 532 3514; x_wconf 91' lang='lat' dir='ltr'><strong>a</strong></span> <span class='ocrx_word' id='word_1_257' title='bbox 554 3456 802 3515; x_wconf 81' lang='lat' dir='ltr'><strong>Roma&#39;no</strong></span> <span class='ocrx_word' id='word_1_258' title='bbox 819 3477 958 3531; x_wconf 90' lang='lat' dir='ltr'><strong>papa</strong></span> <span class='ocrx_word' id='word_1_259' title='bbox 978 3461 1293 3527; x_wconf 64' lang='lat' dir='ltr'><strong>Caelestino,</strong></span> <span class='ocrx_word' id='word_1_260' title='bbox 1325 3463 1544 3532; x_wconf 90' lang='lat' dir='ltr'><strong>quando</strong></span> <span class='ocrx_word' id='word_1_261' title='bbox 1563 3462 1667 3517; x_wconf 92' lang='lat' dir='ltr'><strong>fuit</strong></span> <span class='ocrx_word' id='word_1_262' title='bbox 1691 3462 1869 3532; x_wconf 88' lang='lat' dir='ltr'><strong>Ephe-</strong></span> 
     </span>
    </p>
   </div>
   <div class='ocr_carea' id='block_1_35' title="bbox 284 3543 1869 3623">
    <p class='ocr_par' dir='ltr' id='par_1_35' title="bbox 284 3543 1869 3623">
     <span class='ocr_line' id='line_1_35' title="bbox 284 3543 1869 3623; baseline 0.002 -18"><span class='ocrx_word' id='word_1_263' title='bbox 284 3551 407 3606; x_wconf 83' lang='lat' dir='ltr'><strong>sina</strong></span> <span class='ocrx_word' id='word_1_264' title='bbox 437 3552 673 3623; x_wconf 70' lang='lat' dir='ltr'><strong>synodus</strong></span> <span class='ocrx_word' id='word_1_265' title='bbox 700 3543 962 3607; x_wconf 84' lang='lat' dir='ltr'><strong>adversus</strong></span> <span class='ocrx_word' id='word_1_266' title='bbox 992 3552 1326 3607; x_wconf 85' lang='lat' dir='ltr'><strong>Nestorium.</strong></span> <span class='ocrx_word' id='word_1_267' title='bbox 1358 3552 1494 3607; x_wconf 91' lang='lat' dir='ltr'><strong>Cum</strong></span> <span class='ocrx_word' id='word_1_268' title='bbox 1527 3570 1638 3608; x_wconf 92' lang='lat' dir='ltr'><strong>non</strong></span> <span class='ocrx_word' id='word_1_269' title='bbox 1684 3563 1869 3623; x_wconf 82' lang='lat' dir='ltr'><strong>posset</strong></span> 
     </span>
    </p>
   </div>
   <div class='ocr_carea' id='block_1_36' title="bbox 283 3641 1862 3716">
    <p class='ocr_par' dir='ltr' id='par_1_36' title="bbox 283 3641 1862 3716">
     <span class='ocr_line' id='line_1_36' title="bbox 283 3641 1862 3716; baseline -0.001 -18"><span class='ocrx_word' id='word_1_270' title='bbox 283 3641 616 3698; x_wconf 66' lang='lat' dir='ltr'><strong>Caelestinus</strong></span> <span class='ocrx_word' id='word_1_271' title='bbox 654 3643 846 3698; x_wconf 88' lang='lat' dir='ltr'><strong>adesse</strong></span> <span class='ocrx_word' id='word_1_272' title='bbox 885 3644 1108 3713; x_wconf 88' lang='lat' dir='ltr'><strong>Ephesi,</strong></span> <span class='ocrx_word' id='word_1_273' title='bbox 1153 3653 1210 3699; x_wconf 91' lang='lat' dir='ltr'><strong>et</strong></span> <span class='ocrx_word' id='word_1_274' title='bbox 1239 3646 1489 3716; x_wconf 87' lang='lat' dir='ltr'><strong>judicare</strong></span> <span class='ocrx_word' id='word_1_275' title='bbox 1528 3645 1862 3707; x_wconf 86' lang='lat' dir='ltr'><strong>Nestorium,</strong></span> 
     </span>
    </p>
   </div>
   <div class='ocr_carea' id='block_1_37' title="bbox 286 3733 1869 3805">
    <p class='ocr_par' dir='ltr' id='par_1_37' title="bbox 286 3733 1869 3805">
     <span class='ocr_line' id='line_1_37' title="bbox 286 3733 1869 3805; baseline 0.003 -21"><span class='ocrx_word' id='word_1_276' title='bbox 286 3733 465 3787; x_wconf 84' lang='lat' dir='ltr'><strong>visum</strong></span> <span class='ocrx_word' id='word_1_277' title='bbox 501 3741 585 3788; x_wconf 89' lang='lat' dir='ltr'><strong>est</strong></span> <span class='ocrx_word' id='word_1_278' title='bbox 616 3743 679 3788; x_wconf 92' lang='lat' dir='ltr'><strong>ut</strong></span> <span class='ocrx_word' id='word_1_279' title='bbox 705 3733 762 3788; x_wconf 87' lang='lat' dir='ltr'><strong>S.</strong></span> <span class='ocrx_word' id='word_1_280' title='bbox 797 3733 997 3805; x_wconf 88' lang='lat' dir='ltr'><strong>Cyrillo</strong></span> <span class='ocrx_word' id='word_1_281' title='bbox 1044 3751 1074 3789; x_wconf 92' lang='lat' dir='ltr'><strong>a</strong></span> <span class='ocrx_word' id='word_1_282' title='bbox 1113 3734 1408 3791; x_wconf 85' lang='lat' dir='ltr'><strong>Caelestino</strong></span> <span class='ocrx_word' id='word_1_283' title='bbox 1455 3736 1869 3805; x_wconf 86' lang='lat' dir='ltr'><strong>permitteretur</strong></span> 
     </span>
    </p>
   </div>
   <div class='ocr_carea' id='block_1_38' title="bbox 285 3822 1867 3895">
    <p class='ocr_par' dir='ltr' id='par_1_38' title="bbox 285 3822 1867 3895">
     <span class='ocr_line' id='line_1_38' title="bbox 285 3822 1867 3895; baseline 0.002 -18"><span class='ocrx_word' id='word_1_284' title='bbox 285 3822 420 3877; x_wconf 85' lang='lat' dir='ltr'><strong>huic</strong></span> <span class='ocrx_word' id='word_1_285' title='bbox 466 3823 674 3894; x_wconf 82' lang='lat' dir='ltr'><strong>synodo</strong></span> <span class='ocrx_word' id='word_1_286' title='bbox 715 3824 1032 3893; x_wconf 69' lang='lat' dir='ltr'><strong>pmsidere.</strong></span> <span class='ocrx_word' id='word_1_287' title='bbox 1072 3826 1143 3881; x_wconf 92' lang='lat' dir='ltr'><strong>Ut</strong></span> <span class='ocrx_word' id='word_1_288' title='bbox 1176 3825 1371 3895; x_wconf 79' lang='lat' dir='ltr'><strong>&#39;jtaque</strong></span> <span class='ocrx_word' id='word_1_289' title='bbox 1418 3840 1545 3879; x_wconf 89' lang='lat' dir='ltr'><strong>eum</strong></span> <span class='ocrx_word' id='word_1_290' title='bbox 1590 3833 1867 3880; x_wconf 88' lang='lat' dir='ltr'><strong>constaret</strong></span> 
     </span>
    </p>
   </div>
   <div class='ocr_carea' id='block_1_39' title="bbox 286 3915 1858 3988">
    <p class='ocr_par' dir='ltr' id='par_1_39' title="bbox 286 3915 1858 3988">
     <span class='ocr_line' id='line_1_39' title="bbox 286 3915 1858 3988; baseline 0 -19"><span class='ocrx_word' id='word_1_291' title='bbox 286 3915 492 3969; x_wconf 87' lang='lat' dir='ltr'><strong>habere</strong></span> <span class='ocrx_word' id='word_1_292' title='bbox 511 3915 604 3985; x_wconf 88' lang='lat' dir='ltr'><strong>jus</strong></span> <span class='ocrx_word' id='word_1_293' title='bbox 625 3924 682 3969; x_wconf 92' lang='lat' dir='ltr'><strong>et</strong></span> <span class='ocrx_word' id='word_1_294' title='bbox 706 3916 1089 3971; x_wconf 89' lang='lat' dir='ltr'><strong>auctoritatem</strong></span> <span class='ocrx_word' id='word_1_295' title='bbox 1114 3932 1289 3986; x_wconf 66' lang='lat' dir='ltr'><strong>papae,</strong></span> <span class='ocrx_word' id='word_1_296' title='bbox 1313 3916 1457 3971; x_wconf 91' lang='lat' dir='ltr'><strong>sedit</strong></span> <span class='ocrx_word' id='word_1_297' title='bbox 1474 3930 1599 3970; x_wconf 91' lang='lat' dir='ltr'><strong>cum</strong></span> <span class='ocrx_word' id='word_1_298' title='bbox 1626 3916 1858 3988; x_wconf 78' lang='lat' dir='ltr'><strong>phrygio</strong></span> 
     </span>
    </p>
   </div>
   <div class='ocr_carea' id='block_1_40' title="bbox 283 4005 1862 4079">
    <p class='ocr_par' dir='ltr' id='par_1_40' title="bbox 283 4005 1862 4079">
     <span class='ocr_line' id='line_1_40' title="bbox 283 4005 1862 4079; baseline 0 -18"><span class='ocrx_word' id='word_1_299' title='bbox 283 4014 342 4061; x_wconf 91' lang='lat' dir='ltr'><strong>et</strong></span> <span class='ocrx_word' id='word_1_300' title='bbox 357 4005 740 4061; x_wconf 83' lang='lat' dir='ltr'><strong>condemnavit</strong></span> <span class='ocrx_word' id='word_1_301' title='bbox 762 4006 1093 4063; x_wconf 86' lang='lat' dir='ltr'><strong>Nestorium.</strong></span> <span class='ocrx_word' id='word_1_302' title='bbox 1113 4008 1195 4062; x_wconf 83' lang='lat' dir='ltr'><strong>Ab</strong></span> <span class='ocrx_word' id='word_1_303' title='bbox 1219 4023 1287 4063; x_wconf 91' lang='lat' dir='ltr'><strong>eo</strong></span> <span class='ocrx_word' id='word_1_304' title='bbox 1300 4023 1429 4079; x_wconf 87' lang='lat' dir='ltr'><strong>ergo</strong></span> <span class='ocrx_word' id='word_1_305' title='bbox 1461 4016 1707 4078; x_wconf 88' lang='lat' dir='ltr'><strong>tempore</strong></span> <span class='ocrx_word' id='word_1_306' title='bbox 1737 4024 1862 4062; x_wconf 89' lang='lat' dir='ltr'><strong>cum</strong></span> 
     </span>
    </p>
   </div>
   <div class='ocr_carea' id='block_1_41' title="bbox 285 4096 1864 4170">
    <p class='ocr_par' dir='ltr' id='par_1_41' title="bbox 285 4096 1864 4170">
     <span class='ocr_line' id='line_1_41' title="bbox 285 4096 1864 4170; baseline 0.003 -19"><span class='ocrx_word' id='word_1_307' title='bbox 285 4096 483 4151; x_wconf 85' lang='lat' dir='ltr'><strong>eodem</strong></span> <span class='ocrx_word' id='word_1_308' title='bbox 515 4098 744 4169; x_wconf 86' lang='lat' dir='ltr'><strong>phrygio</strong></span> <span class='ocrx_word' id='word_1_309' title='bbox 776 4099 1083 4153; x_wconf 87' lang='lat' dir='ltr'><strong>sacriﬁcant</strong></span> <span class='ocrx_word' id='word_1_310' title='bbox 1110 4107 1166 4154; x_wconf 89' lang='lat' dir='ltr'><strong>et</strong></span> <span class='ocrx_word' id='word_1_311' title='bbox 1196 4100 1503 4169; x_wconf 89' lang='lat' dir='ltr'><strong>procedunt</strong></span> <span class='ocrx_word' id='word_1_312' title='bbox 1536 4100 1864 4170; x_wconf 78' lang='lat' dir='ltr'><strong>patriarchae</strong></span> 
     </span>
    </p>
   </div>
   <div class='ocr_carea' id='block_1_42' title="bbox 281 4188 1862 4260">
    <p class='ocr_par' dir='ltr' id='par_1_42' title="bbox 281 4188 1862 4260">
     <span class='ocr_line' id='line_1_42' title="bbox 281 4188 1862 4260; baseline 0.001 -17"><span class='ocrx_word' id='word_1_313' title='bbox 281 4188 660 4253; x_wconf 75' lang='lat' dir='ltr'><strong>Alexandrini,</strong></span> <span class='ocrx_word' id='word_1_314' title='bbox 694 4198 751 4243; x_wconf 91' lang='lat' dir='ltr'><strong>et</strong></span> <span class='ocrx_word' id='word_1_315' title='bbox 793 4206 902 4245; x_wconf 85' lang='lat' dir='ltr'><strong>non</strong></span> <span class='ocrx_word' id='word_1_316' title='bbox 943 4199 1206 4245; x_wconf 89' lang='lat' dir='ltr'><strong>verentur</strong></span> <span class='ocrx_word' id='word_1_317' title='bbox 1244 4191 1593 4260; x_wconf 88' lang='lat' dir='ltr'><strong>reprehendi.</strong></span> <span class='ocrx_word' id='word_1_318' title='bbox 1641 4212 1657 4243; x_wconf 73' lang='grc' dir='ltr'><strong>ι</strong></span> <span class='ocrx_word' id='word_1_319' title='bbox 1692 4192 1862 4246; x_wconf 87' lang='lat' dir='ltr'><strong>Baro-</strong></span> 
     </span>
    </p>
   </div>
   <div class='ocr_carea' id='block_1_43' title="bbox 283 4280 1862 4355">
    <p class='ocr_par' dir='ltr' id='par_1_43' title="bbox 283 4280 1862 4355">
     <span class='ocr_line' id='line_1_43' title="bbox 283 4280 1862 4355; baseline 0.001 -19"><span class='ocrx_word' id='word_1_320' title='bbox 283 4283 413 4336; x_wconf 86' lang='lat' dir='ltr'><strong>nius</strong></span> <span class='ocrx_word' id='word_1_321' title='bbox 431 4297 519 4335; x_wconf 89' lang='lat' dir='ltr'><strong>an.</strong></span> <span class='ocrx_word' id='word_1_322' title='bbox 545 4280 678 4335; x_wconf 87' lang='lat' dir='ltr'><strong>Chr.</strong></span> <span class='ocrx_word' id='word_1_323' title='bbox 713 4280 835 4346; x_wconf 71' lang='lat'><strong>450,</strong></span> <span class='ocrx_word' id='word_1_324' title='bbox 867 4298 922 4335; x_wconf 90' lang='lat' dir='ltr'><strong>n.</strong></span> <span class='ocrx_word' id='word_1_325' title='bbox 963 4281 1051 4346; x_wconf 69' lang='lat'><strong>26,</strong></span> <span class='ocrx_word' id='word_1_326' title='bbox 1085 4298 1185 4352; x_wconf 86' lang='lat' dir='ltr'><strong>per</strong></span> <span class='ocrx_word' id='word_1_327' title='bbox 1214 4284 1503 4355; x_wconf 80' lang='lat' dir='ltr'><strong>phrygium</strong></span> <span class='ocrx_word' id='word_1_328' title='bbox 1532 4283 1862 4353; x_wconf 83' lang='lat' dir='ltr'><strong>interpreta-</strong></span> 
     </span>
    </p>
   </div>
   <div class='ocr_carea' id='block_1_44' title="bbox 284 4372 1863 4446">
    <p class='ocr_par' dir='ltr' id='par_1_44' title="bbox 284 4372 1863 4446">
     <span class='ocr_line' id='line_1_44' title="bbox 284 4372 1863 4446; baseline 0.003 -19"><span class='ocrx_word' id='word_1_329' title='bbox 284 4383 377 4428; x_wconf 85' lang='lat' dir='ltr'><strong>tur</strong></span> <span class='ocrx_word' id='word_1_330' title='bbox 414 4373 657 4443; x_wconf 87' lang='lat' dir='ltr'><strong>pallium.</strong></span> <span class='ocrx_word' id='word_1_331' title='bbox 707 4372 1032 4427; x_wconf 86' lang='lat' dir='ltr'><strong>Tbcodorus</strong></span> <span class='ocrx_word' id='word_1_332' title='bbox 1070 4373 1244 4445; x_wconf 83' lang='grc' dir='ltr'>λῶρον</span> <span class='ocrx_word' id='word_1_333' title='bbox 1290 4375 1544 4446; x_wconf 89' lang='lat' dir='ltr'><strong>scripsit,</strong></span> <span class='ocrx_word' id='word_1_334' title='bbox 1586 4392 1691 4445; x_wconf 88' lang='lat' dir='ltr'><strong>qua</strong></span> <span class='ocrx_word' id='word_1_335' title='bbox 1728 4392 1863 4432; x_wconf 91' lang='lat' dir='ltr'><strong>voce</strong></span> 
     </span>
    </p>
   </div>
   <div class='ocr_carea' id='block_1_45' title="bbox 280 4464 1862 4536">
    <p class='ocr_par' dir='ltr' id='par_1_45' title="bbox 280 4464 1862 4536">
     <span class='ocr_line' id='line_1_45' title="bbox 280 4464 1862 4536; baseline 0.002 -17"><span class='ocrx_word' id='word_1_336' title='bbox 280 4466 503 4520; x_wconf 89' lang='lat' dir='ltr'><strong>mitram</strong></span> <span class='ocrx_word' id='word_1_337' title='bbox 542 4466 726 4535; x_wconf 87' lang='lat' dir='ltr'><strong>potius</strong></span> <span class='ocrx_word' id='word_1_338' title='bbox 754 4464 1051 4536; x_wconf 87' lang='lat' dir='ltr'><strong>signiﬁcari</strong></span> <span class='ocrx_word' id='word_1_339' title='bbox 1080 4465 1241 4521; x_wconf 90' lang='lat' dir='ltr'><strong>docet</strong></span> <span class='ocrx_word' id='word_1_340' title='bbox 1267 4465 1592 4536; x_wconf 90' lang='lat' dir='ltr'><strong>Spondanus</strong></span> <span class='ocrx_word' id='word_1_341' title='bbox 1616 4468 1683 4521; x_wconf 89' lang='lat' dir='ltr'><strong>ad</strong></span> <span class='ocrx_word' id='word_1_342' title='bbox 1713 4468 1862 4523; x_wconf 89' lang='lat' dir='ltr'><strong>hunc</strong></span> 
     </span>
    </p>
   </div>
   <div class='ocr_carea' id='block_1_46' title="bbox 1987 614 3577 685">
    <p class='ocr_par' dir='ltr' id='par_1_46' title="bbox 1987 614 3577 685">
     <span class='ocr_line' id='line_1_46' title="bbox 1987 614 3577 685; baseline -0.001 -16"><span class='ocrx_word' id='word_1_343' title='bbox 1987 615 2202 669; x_wconf 89' lang='lat' dir='ltr'><strong>fectura</strong></span> <span class='ocrx_word' id='word_1_344' title='bbox 2242 615 2328 669; x_wconf 88' lang='lat' dir='ltr'><strong>vel</strong></span> <span class='ocrx_word' id='word_1_345' title='bbox 2383 614 2581 684; x_wconf 78' lang='lat' dir='ltr'><strong>legatio</strong></span> <span class='ocrx_word' id='word_1_346' title='bbox 2626 631 2656 669; x_wconf 87' lang='lat' dir='ltr'><strong>a</strong></span> <span class='ocrx_word' id='word_1_347' title='bbox 2706 615 2908 680; x_wconf 90' lang='lat' dir='ltr'><strong>latere,</strong></span> <span class='ocrx_word' id='word_1_348' title='bbox 2958 624 3015 669; x_wconf 89' lang='lat' dir='ltr'><strong>et</strong></span> <span class='ocrx_word' id='word_1_349' title='bbox 3062 624 3223 685; x_wconf 88' lang='lat' dir='ltr'><strong>negat</strong></span> <span class='ocrx_word' id='word_1_350' title='bbox 3267 618 3577 685; x_wconf 84' lang='lat' dir='ltr'><strong>exemplum</strong></span> 
     </span>
    </p>
   </div>
   <div class='ocr_carea' id='block_1_47' title="bbox 1990 705 3580 777">
    <p class='ocr_par' dir='ltr' id='par_1_47' title="bbox 1990 705 3580 777">
     <span class='ocr_line' id='line_1_47' title="bbox 1990 705 3580 777; baseline 0.002 -18"><span class='ocrx_word' id='word_1_351' title='bbox 1990 706 2158 775; x_wconf 89' lang='lat' dir='ltr'><strong>(quod</strong></span> <span class='ocrx_word' id='word_1_352' title='bbox 2190 706 2413 774; x_wconf 89' lang='lat' dir='ltr'><strong>quidem</strong></span> <span class='ocrx_word' id='word_1_353' title='bbox 2448 706 2564 775; x_wconf 90' lang='lat' dir='ltr'><strong>ipse</strong></span> <span class='ocrx_word' id='word_1_354' title='bbox 2588 705 2756 775; x_wconf 88' lang='lat' dir='ltr'><strong>norit)</strong></span> <span class='ocrx_word' id='word_1_355' title='bbox 2778 715 2993 761; x_wconf 86' lang='lat' dir='ltr'><strong>exstare</strong></span> <span class='ocrx_word' id='word_1_356' title='bbox 3023 707 3314 776; x_wconf 89' lang='lat' dir='ltr'><strong>potestatis</strong></span> <span class='ocrx_word' id='word_1_357' title='bbox 3339 708 3580 777; x_wconf 84' lang='lat' dir='ltr'><strong>ejusmo-</strong></span> 
     </span>
    </p>
   </div>
   <div class='ocr_carea' id='block_1_48' title="bbox 1987 797 3577 867">
    <p class='ocr_par' dir='ltr' id='par_1_48' title="bbox 1987 797 3577 867">
     <span class='ocr_line' id='line_1_48' title="bbox 1987 797 3577 867; baseline 0 -16"><span class='ocrx_word' id='word_1_358' title='bbox 1987 797 2042 851; x_wconf 92' lang='lat' dir='ltr'><strong>di</strong></span> <span class='ocrx_word' id='word_1_359' title='bbox 2072 797 2141 851; x_wconf 89' lang='lat' dir='ltr'><strong>ad</strong></span> <span class='ocrx_word' id='word_1_360' title='bbox 2175 804 2428 866; x_wconf 87' lang='lat' dir='ltr'><strong>posteros</strong></span> <span class='ocrx_word' id='word_1_361' title='bbox 2455 807 2785 867; x_wconf 83' lang='lat' dir='ltr'><strong>propagatae,</strong></span> <span class='ocrx_word' id='word_1_362' title='bbox 2820 813 2929 851; x_wconf 91' lang='lat' dir='ltr'><strong>non</strong></span> <span class='ocrx_word' id='word_1_363' title='bbox 2961 798 3269 867; x_wconf 88' lang='lat' dir='ltr'><strong>insignibus</strong></span> <span class='ocrx_word' id='word_1_364' title='bbox 3300 798 3454 862; x_wconf 89' lang='lat' dir='ltr'><strong>solis,</strong></span> <span class='ocrx_word' id='word_1_365' title='bbox 3483 798 3577 852; x_wconf 89' lang='lat' dir='ltr'><strong>sed</strong></span> 
     </span>
    </p>
   </div>
   <div class='ocr_carea' id='block_1_49' title="bbox 1986 889 3581 959">
    <p class='ocr_par' dir='ltr' id='par_1_49' title="bbox 1986 889 3581 959">
     <span class='ocr_line' id='line_1_49' title="bbox 1986 889 3581 959; baseline 0 -16"><span class='ocrx_word' id='word_1_366' title='bbox 1986 889 2332 944; x_wconf 88' lang='lat' dir='ltr'><strong>auctoritatis</strong></span> <span class='ocrx_word' id='word_1_367' title='bbox 2361 904 2580 958; x_wconf 91' lang='lat' dir='ltr'><strong>quoque</strong></span> <span class='ocrx_word' id='word_1_368' title='bbox 2615 890 2990 959; x_wconf 89' lang='lat' dir='ltr'><strong>usurpatione.</strong></span> <span class='ocrx_word' id='word_1_369' title='bbox 3037 890 3291 959; x_wconf 88' lang='lat' dir='ltr'><strong>Episcopi</strong></span> <span class='ocrx_word' id='word_1_370' title='bbox 3336 889 3581 944; x_wconf 86' lang='lat' dir='ltr'><strong>Orientis</strong></span> 
     </span>
    </p>
   </div>
   <div class='ocr_carea' id='block_1_50' title="bbox 1985 980 3578 1049">
    <p class='ocr_par' dir='ltr' id='par_1_50' title="bbox 1985 980 3578 1049">
     <span class='ocr_line' id='line_1_50' title="bbox 1985 980 3578 1049; baseline 0 -14"><span class='ocrx_word' id='word_1_371' title='bbox 1985 981 2209 1035; x_wconf 85' lang='lat' dir='ltr'><strong>Mennas</strong></span> <span class='ocrx_word' id='word_1_372' title='bbox 2238 980 2899 1049; x_wconf 83' lang='lat' dir='ltr'><strong>Constantinopolitanus,</strong></span> <span class='ocrx_word' id='word_1_373' title='bbox 2946 980 3273 1034; x_wconf 84' lang='lat' dir='ltr'><strong>Theodorus</strong></span> <span class='ocrx_word' id='word_1_374' title='bbox 3316 980 3578 1035; x_wconf 64' lang='lat' dir='ltr'><strong>Caesarea:</strong></span> 
     </span>
    </p>
   </div>
   <div class='ocr_carea' id='block_1_51' title="bbox 1983 1058 3576 1140">
    <p class='ocr_par' dir='ltr' id='par_1_51' title="bbox 1983 1058 3576 1140">
     <span class='ocr_line' id='line_1_51' title="bbox 1983 1058 3576 1140; baseline -0.002 -15"><span class='ocrx_word' id='word_1_375' title='bbox 1983 1070 2362 1140; x_wconf 66' lang='lat' dir='ltr'><strong>Cappadociae,</strong></span> <span class='ocrx_word' id='word_1_376' title='bbox 2402 1069 2652 1124; x_wconf 80' lang='lat' dir='ltr'><strong>Andreas</strong></span> <span class='ocrx_word' id='word_1_377' title='bbox 2684 1058 3015 1137; x_wconf 73' lang='lat' dir='ltr'><strong>Ephesinus,</strong></span> <span class='ocrx_word' id='word_1_378' title='bbox 3048 1070 3251 1138; x_wconf 90' lang='lat' dir='ltr'><strong>aliique</strong></span> <span class='ocrx_word' id='word_1_379' title='bbox 3279 1070 3576 1139; x_wconf 79' lang='lat' dir='ltr'><strong>quamplu-</strong></span> 
     </span>
    </p>
   </div>
   <div class='ocr_carea' id='block_1_52' title="bbox 1985 1158 3577 1232">
    <p class='ocr_par' dir='ltr' id='par_1_52' title="bbox 1985 1158 3577 1232">
     <span class='ocr_line' id='line_1_52' title="bbox 1985 1158 3577 1232; baseline -0.003 -16"><span class='ocrx_word' id='word_1_380' title='bbox 1985 1162 2108 1215; x_wconf 90' lang='lat' dir='ltr'><strong>rimi</strong></span> <span class='ocrx_word' id='word_1_381' title='bbox 2150 1162 2205 1216; x_wconf 90' lang='lat' dir='ltr'><strong>in</strong></span> <span class='ocrx_word' id='word_1_382' title='bbox 2235 1160 2578 1232; x_wconf 74' lang='lat' dir='ltr'><strong>professione</strong></span> <span class='ocrx_word' id='word_1_383' title='bbox 2605 1160 2783 1229; x_wconf 90' lang='lat' dir='ltr'><strong>prima</strong></span> <span class='ocrx_word' id='word_1_384' title='bbox 2813 1158 2939 1212; x_wconf 90' lang='lat' dir='ltr'><strong>ﬁdei</strong></span> <span class='ocrx_word' id='word_1_385' title='bbox 2965 1175 3126 1227; x_wconf 90' lang='lat' dir='ltr'><strong>quam</strong></span> <span class='ocrx_word' id='word_1_386' title='bbox 3159 1160 3227 1215; x_wconf 83' lang='lat' dir='ltr'><strong>ad</strong></span> <span class='ocrx_word' id='word_1_387' title='bbox 3267 1160 3323 1214; x_wconf 89' lang='lat' dir='ltr'><strong>S.</strong></span> <span class='ocrx_word' id='word_1_388' title='bbox 3356 1161 3577 1229; x_wconf 81' lang='lat' dir='ltr'><strong>Euphe-</strong></span> 
     </span>
    </p>
   </div>
   <div class='ocr_carea' id='block_1_53' title="bbox 1985 1250 3578 1322">
    <p class='ocr_par' dir='ltr' id='par_1_53' title="bbox 1985 1250 3578 1322">
     <span class='ocr_line' id='line_1_53' title="bbox 1985 1250 3578 1322; baseline -0.003 -15"><span class='ocrx_word' id='word_1_389' title='bbox 1985 1254 2108 1307; x_wconf 74' lang='lat' dir='ltr'><strong>mia:</strong></span> <span class='ocrx_word' id='word_1_390' title='bbox 2162 1254 2425 1322; x_wconf 90' lang='lat' dir='ltr'><strong>templum</strong></span> <span class='ocrx_word' id='word_1_391' title='bbox 2483 1250 2960 1320; x_wconf 84' lang='lat' dir='ltr'><strong>Constantinopoli</strong></span> <span class='ocrx_word' id='word_1_392' title='bbox 3014 1250 3070 1303; x_wconf 92' lang='lat' dir='ltr'><strong>in</strong></span> <span class='ocrx_word' id='word_1_393' title='bbox 3128 1250 3319 1320; x_wconf 89' lang='lat' dir='ltr'><strong>quinta</strong></span> <span class='ocrx_word' id='word_1_394' title='bbox 3368 1251 3578 1321; x_wconf 88' lang='lat' dir='ltr'><strong>synodo</strong></span> 
     </span>
    </p>
   </div>
   <div class='ocr_carea' id='block_1_54' title="bbox 1984 1340 3580 1410">
    <p class='ocr_par' dir='ltr' id='par_1_54' title="bbox 1984 1340 3580 1410">
     <span class='ocr_line' id='line_1_54' title="bbox 1984 1340 3580 1410; baseline -0.003 -11"><span class='ocrx_word' id='word_1_395' title='bbox 1984 1345 2343 1409; x_wconf 68' lang='lat' dir='ltr'><strong>uacumcnica,</strong></span> <span class='ocrx_word' id='word_1_396' title='bbox 2408 1359 2497 1398; x_wconf 92' lang='lat' dir='ltr'><strong>an.</strong></span> <span class='ocrx_word' id='word_1_397' title='bbox 2536 1342 2669 1398; x_wconf 91' lang='lat' dir='ltr'><strong>Chr.</strong></span> <span class='ocrx_word' id='word_1_398' title='bbox 2717 1342 2841 1405; x_wconf 79' lang='grc'><strong>555,</strong></span> <span class='ocrx_word' id='word_1_399' title='bbox 2871 1341 3141 1404; x_wconf 89' lang='lat' dir='ltr'><strong>fecerunt,</strong></span> <span class='ocrx_word' id='word_1_400' title='bbox 3204 1360 3223 1391; x_wconf 74' lang='grc' dir='ltr'>ι</span> <span class='ocrx_word' id='word_1_401' title='bbox 3272 1340 3580 1410; x_wconf 70' lang='lat' dir='ltr'><strong>suscipiunt</strong></span> 
     </span>
    </p>
   </div>
   <div class='ocr_carea' id='block_1_55' title="bbox 1983 1431 3574 1505">
    <p class='ocr_par' dir='ltr' id='par_1_55' title="bbox 1983 1431 3574 1505">
     <span class='ocr_line' id='line_1_55' title="bbox 1983 1431 3574 1505; baseline -0.004 -16"><span class='ocrx_word' id='word_1_402' title='bbox 1983 1444 2219 1505; x_wconf 90' lang='lat' dir='ltr'><strong>quatuor</strong></span> <span class='ocrx_word' id='word_1_403' title='bbox 2262 1443 2479 1490; x_wconf 89' lang='lat' dir='ltr'><strong>sanctas</strong></span> <span class='ocrx_word' id='word_1_404' title='bbox 2510 1434 2767 1505; x_wconf 89' lang='lat' dir='ltr'><strong>synodos,</strong></span> <span class='ocrx_word' id='word_1_405' title='bbox 2798 1441 2855 1486; x_wconf 89' lang='lat' dir='ltr'><strong>et</strong></span> <span class='ocrx_word' id='word_1_406' title='bbox 2897 1432 3042 1486; x_wconf 91' lang='lat' dir='ltr'><strong>inter</strong></span> <span class='ocrx_word' id='word_1_407' title='bbox 3081 1431 3201 1485; x_wconf 92' lang='lat' dir='ltr'><strong>illas</strong></span> <span class='ocrx_word' id='word_1_408' title='bbox 3240 1431 3574 1500; x_wconf 87' lang='lat' dir='ltr'><strong>Ephesinam</strong></span> 
     </span>
    </p>
   </div>
   <div class='ocr_carea' id='block_1_56' title="bbox 1982 1522 3577 1597">
    <p class='ocr_par' dir='ltr' id='par_1_56' title="bbox 1982 1522 3577 1597">
     <span class='ocr_line' id='line_1_56' title="bbox 1982 1522 3577 1597; baseline -0.004 -16"><span class='ocrx_word' id='word_1_409' title='bbox 1982 1527 2214 1597; x_wconf 85' lang='lat' dir='ltr'><strong>primam</strong></span> <span class='ocrx_word' id='word_1_410' title='bbox 2261 1527 2643 1590; x_wconf 88' lang='lat' dir='ltr'><strong>ducentorum,</strong></span> <span class='ocrx_word' id='word_1_411' title='bbox 2694 1524 2750 1577; x_wconf 94' lang='lat' dir='ltr'><strong>in</strong></span> <span class='ocrx_word' id='word_1_412' title='bbox 2789 1540 2896 1593; x_wconf 91' lang='lat' dir='ltr'><strong>qua</strong></span> <span class='ocrx_word' id='word_1_413' title='bbox 2933 1524 2989 1577; x_wconf 92' lang='lat' dir='ltr'><strong>in</strong></span> <span class='ocrx_word' id='word_1_414' title='bbox 3028 1522 3223 1593; x_wconf 85' lang='lat' dir='ltr'><strong>legatis</strong></span> <span class='ocrx_word' id='word_1_415' title='bbox 3261 1522 3377 1575; x_wconf 89' lang='lat' dir='ltr'><strong>suis</strong></span> <span class='ocrx_word' id='word_1_416' title='bbox 3412 1531 3577 1591; x_wconf 83' lang='lat' dir='ltr'><strong>atque</strong></span> 
     </span>
    </p>
   </div>
   <div class='ocr_carea' id='block_1_57' title="bbox 1982 1616 3575 1689">
    <p class='ocr_par' dir='ltr' id='par_1_57' title="bbox 1982 1616 3575 1689">
     <span class='ocr_line' id='line_1_57' title="bbox 1982 1616 3575 1689; baseline -0.003 -15"><span class='ocrx_word' id='word_1_417' title='bbox 1982 1620 2222 1684; x_wconf 84' lang='lat' dir='ltr'><strong>vicariis,</strong></span> <span class='ocrx_word' id='word_1_418' title='bbox 2256 1619 2309 1673; x_wconf 93' lang='lat' dir='ltr'><strong>id</strong></span> <span class='ocrx_word' id='word_1_419' title='bbox 2334 1628 2438 1683; x_wconf 87' lang='lat' dir='ltr'><strong>est,</strong></span> <span class='ocrx_word' id='word_1_420' title='bbox 2469 1618 2787 1673; x_wconf 89' lang='lat' dir='ltr'><strong>beatissimo</strong></span> <span class='ocrx_word' id='word_1_421' title='bbox 2818 1618 3026 1689; x_wconf 89' lang='lat' dir='ltr'><strong>Cyrillo</strong></span> <span class='ocrx_word' id='word_1_422' title='bbox 3052 1616 3438 1670; x_wconf 77' lang='lat' dir='ltr'><strong>Alexandrina:</strong></span> <span class='ocrx_word' id='word_1_423' title='bbox 3473 1632 3575 1669; x_wconf 60' lang='lat' dir='ltr'><strong>ur»</strong></span> 
     </span>
    </p>
   </div>
   <div class='ocr_carea' id='block_1_58' title="bbox 1982 1706 3573 1780">
    <p class='ocr_par' dir='ltr' id='par_1_58' title="bbox 1982 1706 3573 1780">
     <span class='ocr_line' id='line_1_58' title="bbox 1982 1706 3573 1780; baseline -0.004 -15"><span class='ocrx_word' id='word_1_424' title='bbox 1982 1712 2068 1766; x_wconf 92' lang='lat' dir='ltr'><strong>bis</strong></span> <span class='ocrx_word' id='word_1_425' title='bbox 2097 1711 2374 1780; x_wconf 88' lang='lat' dir='ltr'><strong>episcopo,</strong></span> <span class='ocrx_word' id='word_1_426' title='bbox 2408 1710 2648 1765; x_wconf 87' lang='lat' dir='ltr'><strong>Arcadio</strong></span> <span class='ocrx_word' id='word_1_427' title='bbox 2683 1719 2741 1763; x_wconf 91' lang='lat' dir='ltr'><strong>et</strong></span> <span class='ocrx_word' id='word_1_428' title='bbox 2780 1710 3031 1780; x_wconf 78' lang='lat' dir='ltr'><strong>Projecto</strong></span> <span class='ocrx_word' id='word_1_429' title='bbox 3064 1707 3336 1777; x_wconf 89' lang='lat' dir='ltr'><strong>episcopis</strong></span> <span class='ocrx_word' id='word_1_430' title='bbox 3359 1714 3414 1760; x_wconf 92' lang='lat' dir='ltr'><strong>et</strong></span> <span class='ocrx_word' id='word_1_431' title='bbox 3440 1706 3573 1760; x_wconf 85' lang='lat' dir='ltr'><strong>Phi-</strong></span> 
     </span>
    </p>
   </div>
   <div class='ocr_carea' id='block_1_59' title="bbox 1980 1800 3574 1873">
    <p class='ocr_par' dir='ltr' id='par_1_59' title="bbox 1980 1800 3574 1873">
     <span class='ocr_line' id='line_1_59' title="bbox 1980 1800 3574 1873; baseline -0.003 -17"><span class='ocrx_word' id='word_1_432' title='bbox 1980 1803 2129 1872; x_wconf 93' lang='lat' dir='ltr'><strong>lippo</strong></span> <span class='ocrx_word' id='word_1_433' title='bbox 2159 1804 2510 1873; x_wconf 89' lang='lat' dir='ltr'><strong>presbytero,</strong></span> <span class='ocrx_word' id='word_1_434' title='bbox 2557 1802 2914 1856; x_wconf 91' lang='lat' dir='ltr'><strong>beatissimus</strong></span> <span class='ocrx_word' id='word_1_435' title='bbox 2951 1800 3282 1855; x_wconf 75' lang='lat' dir='ltr'><strong>lecstinus</strong></span> <span class='ocrx_word' id='word_1_436' title='bbox 3310 1813 3447 1869; x_wconf 85' lang='lat' dir='ltr'><strong>papa</strong></span> <span class='ocrx_word' id='word_1_437' title='bbox 3482 1813 3574 1852; x_wconf 48' lang='lat' dir='ltr'><strong>se-</strong></span> 
     </span>
    </p>
   </div>
   <div class='ocr_carea' id='block_1_60' title="bbox 1911 1877 3025 1963">
    <p class='ocr_par' dir='ltr' id='par_1_60' title="bbox 1911 1877 3025 1963">
     <span class='ocr_line' id='line_1_60' title="bbox 1911 1877 3025 1963; baseline -0.004 -14"><span class='ocrx_word' id='word_1_438' title='bbox 1911 1877 1953 1931; x_wconf 65' lang='lat'><strong>3</strong></span> <span class='ocrx_word' id='word_1_439' title='bbox 1979 1894 2150 1949; x_wconf 88' lang='lat' dir='ltr'><strong>nioris</strong></span> <span class='ocrx_word' id='word_1_440' title='bbox 2180 1894 2625 1949; x_wconf 62' lang='lat' dir='ltr'><strong>Romanoscitur</strong></span> <span class='ocrx_word' id='word_1_441' title='bbox 2653 1892 3025 1963; x_wconf 63' lang='lat' dir='ltr'><strong>pmsedisse.»</strong></span> 
     </span>
    </p>
   </div>
   <div class='ocr_carea' id='block_1_61' title="bbox 2053 2001 3574 2077">
    <p class='ocr_par' dir='ltr' id='par_1_61' title="bbox 2053 2001 3574 2077">
     <span class='ocr_line' id='line_1_61' title="bbox 2053 2001 3574 2077; baseline -0.003 -18"><span class='ocrx_word' id='word_1_442' title='bbox 2053 2004 2141 2059; x_wconf 77' lang='grc'><strong>49.</strong></span> <span class='ocrx_word' id='word_1_443' title='bbox 2176 2004 2505 2059; x_wconf 85' lang='lat' dir='ltr'><strong>Convolarat</strong></span> <span class='ocrx_word' id='word_1_444' title='bbox 2553 2004 2829 2073; x_wconf 90' lang='lat' dir='ltr'><strong>Ephesum</strong></span> <span class='ocrx_word' id='word_1_445' title='bbox 2881 2003 3062 2057; x_wconf 89' lang='lat' dir='ltr'><strong>statim</strong></span> <span class='ocrx_word' id='word_1_446' title='bbox 3111 2011 3236 2071; x_wconf 90' lang='lat' dir='ltr'><strong>post</strong></span> <span class='ocrx_word' id='word_1_447' title='bbox 3280 2001 3574 2077; x_wconf 62' lang='lat' dir='ltr'><strong>Paschales</strong></span> 
     </span>
    </p>
   </div>
   <div class='ocr_carea' id='block_1_62' title="bbox 1981 2091 3569 2165">
    <p class='ocr_par' dir='ltr' id='par_1_62' title="bbox 1981 2091 3569 2165">
     <span class='ocr_line' id='line_1_62' title="bbox 1981 2091 3569 2165; baseline -0.001 -14"><span class='ocrx_word' id='word_1_448' title='bbox 1981 2096 2145 2153; x_wconf 83' lang='lat' dir='ltr'><strong>ferias</strong></span> <span class='ocrx_word' id='word_1_449' title='bbox 2172 2095 2478 2158; x_wconf 86' lang='lat' dir='ltr'><strong>Nestorius,</strong></span> <span class='ocrx_word' id='word_1_450' title='bbox 2504 2110 2696 2164; x_wconf 87' lang='lat' dir='ltr'><strong>magna</strong></span> <span class='ocrx_word' id='word_1_451' title='bbox 2740 2095 2925 2165; x_wconf 89' lang='lat' dir='ltr'><strong>populi</strong></span> <span class='ocrx_word' id='word_1_452' title='bbox 2966 2095 3199 2163; x_wconf 87' lang='lat' dir='ltr'><strong>stipatus</strong></span> <span class='ocrx_word' id='word_1_453' title='bbox 3239 2091 3569 2161; x_wconf 78' lang='lat' dir='ltr'><strong>frequentia.</strong></span> 
     </span>
    </p>
   </div>
   <div class='ocr_carea' id='block_1_63' title="bbox 1981 2181 3570 2257">
    <p class='ocr_par' dir='ltr' id='par_1_63' title="bbox 1981 2181 3570 2257">
     <span class='ocr_line' id='line_1_63' title="bbox 1981 2181 3570 2257; baseline -0.004 -16"><span class='ocrx_word' id='word_1_454' title='bbox 1981 2186 2171 2241; x_wconf 81' lang='lat' dir='ltr'><strong>Adfuit</strong></span> <span class='ocrx_word' id='word_1_455' title='bbox 2196 2195 2251 2241; x_wconf 90' lang='lat' dir='ltr'><strong>et</strong></span> <span class='ocrx_word' id='word_1_456' title='bbox 2283 2185 2520 2257; x_wconf 83' lang='lat' dir='ltr'><strong>Cyrillus</strong></span> <span class='ocrx_word' id='word_1_457' title='bbox 2553 2185 2702 2239; x_wconf 91' lang='lat' dir='ltr'><strong>cultu</strong></span> <span class='ocrx_word' id='word_1_458' title='bbox 2747 2194 2803 2238; x_wconf 89' lang='lat' dir='ltr'><strong>et</strong></span> <span class='ocrx_word' id='word_1_459' title='bbox 2848 2191 3109 2255; x_wconf 86' lang='lat' dir='ltr'><strong>apparatu</strong></span> <span class='ocrx_word' id='word_1_460' title='bbox 3142 2182 3422 2252; x_wconf 77' lang='lat' dir='ltr'><strong>pontificio</strong></span> <span class='ocrx_word' id='word_1_461' title='bbox 3465 2181 3570 2235; x_wconf 89' lang='lat' dir='ltr'><strong>sub</strong></span> 
     </span>
    </p>
   </div>
   <div class='ocr_carea' id='block_1_64' title="bbox 1982 2271 3569 2344">
    <p class='ocr_par' dir='ltr' id='par_1_64' title="bbox 1982 2271 3569 2344">
     <span class='ocr_line' id='line_1_64' title="bbox 1982 2271 3569 2344; baseline -0.006 -11"><span class='ocrx_word' id='word_1_462' title='bbox 1982 2278 2333 2333; x_wconf 90' lang='lat' dir='ltr'><strong>Pentecostes</strong></span> <span class='ocrx_word' id='word_1_463' title='bbox 2374 2276 2779 2331; x_wconf 86' lang='lat' dir='ltr'><strong>solemnitatem</strong></span> <span class='ocrx_word' id='word_1_464' title='bbox 2817 2315 2830 2339; x_wconf 96' lang='lat'><strong>,</strong></span> <span class='ocrx_word' id='word_1_465' title='bbox 2876 2282 3001 2344; x_wconf 89' lang='lat' dir='ltr'><strong>post</strong></span> <span class='ocrx_word' id='word_1_466' title='bbox 3037 2288 3200 2342; x_wconf 91' lang='lat' dir='ltr'><strong>quam</strong></span> <span class='ocrx_word' id='word_1_467' title='bbox 3246 2281 3446 2341; x_wconf 89' lang='lat' dir='ltr'><strong>quarto</strong></span> <span class='ocrx_word' id='word_1_468' title='bbox 3478 2271 3569 2325; x_wconf 89' lang='lat' dir='ltr'><strong>die</strong></span> 
     </span>
    </p>
   </div>
   <div class='ocr_carea' id='block_1_65' title="bbox 1981 2363 3567 2438">
    <p class='ocr_par' dir='ltr' id='par_1_65' title="bbox 1981 2363 3567 2438">
     <span class='ocr_line' id='line_1_65' title="bbox 1981 2363 3567 2438; baseline -0.005 -13"><span class='ocrx_word' id='word_1_469' title='bbox 1981 2370 2203 2425; x_wconf 82' lang='lat' dir='ltr'><strong>advenit</strong></span> <span class='ocrx_word' id='word_1_470' title='bbox 2231 2369 2511 2425; x_wconf 88' lang='lat' dir='ltr'><strong>Juvenalis</strong></span> <span class='ocrx_word' id='word_1_471' title='bbox 2531 2367 3031 2438; x_wconf 86' lang='lat' dir='ltr'><strong>Hierosolymorum</strong></span> <span class='ocrx_word' id='word_1_472' title='bbox 3078 2366 3391 2435; x_wconf 87' lang='lat' dir='ltr'><strong>episcopus.</strong></span> <span class='ocrx_word' id='word_1_473' title='bbox 3421 2363 3567 2419; x_wconf 79' lang='lat' dir='ltr'><strong>Con-</strong></span> 
     </span>
    </p>
   </div>
   <div class='ocr_carea' id='block_1_66' title="bbox 1980 2456 3571 2530">
    <p class='ocr_par' dir='ltr' id='par_1_66' title="bbox 1980 2456 3571 2530">
     <span class='ocr_line' id='line_1_66' title="bbox 1980 2456 3571 2530; baseline -0.006 -11"><span class='ocrx_word' id='word_1_474' title='bbox 1980 2471 2251 2519; x_wconf 85' lang='lat' dir='ltr'><strong>venerunt</strong></span> <span class='ocrx_word' id='word_1_475' title='bbox 2287 2461 2524 2530; x_wconf 86' lang='lat' dir='ltr'><strong>denique</strong></span> <span class='ocrx_word' id='word_1_476' title='bbox 2562 2476 2686 2514; x_wconf 90' lang='lat' dir='ltr'><strong>cum</strong></span> <span class='ocrx_word' id='word_1_477' title='bbox 2733 2460 2819 2513; x_wconf 85' lang='lat' dir='ltr'><strong>his</strong></span> <span class='ocrx_word' id='word_1_478' title='bbox 2860 2458 3081 2513; x_wconf 82' lang='lat' dir='ltr'><strong>ducenti</strong></span> <span class='ocrx_word' id='word_1_479' title='bbox 3131 2468 3283 2511; x_wconf 88' lang='lat' dir='ltr'><strong>eteo</strong></span> <span class='ocrx_word' id='word_1_480' title='bbox 3327 2456 3571 2525; x_wconf 85' lang='lat' dir='ltr'><strong>amplius</strong></span> 
     </span>
    </p>
   </div>
   <div class='ocr_carea' id='block_1_67' title="bbox 1979 2546 3570 2626">
    <p class='ocr_par' dir='ltr' id='par_1_67' title="bbox 1979 2546 3570 2626">
     <span class='ocr_line' id='line_1_67' title="bbox 1979 2546 3570 2626; baseline -0.008 -15"><span class='ocrx_word' id='word_1_481' title='bbox 1979 2555 2244 2626; x_wconf 91' lang='lat' dir='ltr'><strong>episcopi.</strong></span> <span class='ocrx_word' id='word_1_482' title='bbox 2273 2554 2458 2607; x_wconf 88' lang='lat' dir='ltr'><strong>Solum</strong></span> <span class='ocrx_word' id='word_1_483' title='bbox 2485 2550 2907 2621; x_wconf 89' lang='lat' dir='ltr'><strong>exspectabatur</strong></span> <span class='ocrx_word' id='word_1_484' title='bbox 2934 2549 3170 2604; x_wconf 85' lang='lat' dir='ltr'><strong>Joannes</strong></span> <span class='ocrx_word' id='word_1_485' title='bbox 3190 2546 3570 2601; x_wconf 80' lang='lat' dir='ltr'><strong>Antiochenus</strong></span> 
     </span>
    </p>
   </div>
   <div class='ocr_carea' id='block_1_68' title="bbox 1980 2640 3569 2719">
    <p class='ocr_par' dir='ltr' id='par_1_68' title="bbox 1980 2640 3569 2719">
     <span class='ocr_line' id='line_1_68' title="bbox 1980 2640 3569 2719; baseline -0.01 -13"><span class='ocrx_word' id='word_1_486' title='bbox 1980 2666 2105 2706; x_wconf 91' lang='lat' dir='ltr'><strong>cum</strong></span> <span class='ocrx_word' id='word_1_487' title='bbox 2138 2646 2413 2719; x_wconf 89' lang='lat' dir='ltr'><strong>episcopis</strong></span> <span class='ocrx_word' id='word_1_488' title='bbox 2436 2644 2625 2716; x_wconf 63' lang='lat' dir='ltr'><strong>Syriaa,</strong></span> <span class='ocrx_word' id='word_1_489' title='bbox 2664 2642 2779 2713; x_wconf 90' lang='lat' dir='ltr'><strong>qui,</strong></span> <span class='ocrx_word' id='word_1_490' title='bbox 2814 2650 2875 2696; x_wconf 92' lang='lat' dir='ltr'><strong>ut</strong></span> <span class='ocrx_word' id='word_1_491' title='bbox 2911 2640 3168 2696; x_wconf 90' lang='lat' dir='ltr'><strong>Nestorio</strong></span> <span class='ocrx_word' id='word_1_492' title='bbox 3220 2653 3429 2692; x_wconf 90' lang='lat' dir='ltr'><strong>morem</strong></span> <span class='ocrx_word' id='word_1_493' title='bbox 3478 2652 3569 2707; x_wconf 86' lang='lat' dir='ltr'><strong>ge-</strong></span> 
     </span>
    </p>
   </div>
   <div class='ocr_carea' id='block_1_69' title="bbox 1980 2729 3566 2810">
    <p class='ocr_par' dir='ltr' id='par_1_69' title="bbox 1980 2729 3566 2810">
     <span class='ocr_line' id='line_1_69' title="bbox 1980 2729 3566 2810; baseline -0.01 -13"><span class='ocrx_word' id='word_1_494' title='bbox 1980 2748 2149 2805; x_wconf 92' lang='lat' dir='ltr'><strong>reret,</strong></span> <span class='ocrx_word' id='word_1_495' title='bbox 2179 2739 2468 2810; x_wconf 91' lang='lat' dir='ltr'><strong>plusquam</strong></span> <span class='ocrx_word' id='word_1_496' title='bbox 2499 2733 2871 2789; x_wconf 88' lang='lat' dir='ltr'><strong>hebdomadas</strong></span> <span class='ocrx_word' id='word_1_497' title='bbox 2895 2733 3033 2786; x_wconf 88' lang='lat' dir='ltr'><strong>duas</strong></span> <span class='ocrx_word' id='word_1_498' title='bbox 3066 2732 3211 2786; x_wconf 89' lang='lat' dir='ltr'><strong>ultra</strong></span> <span class='ocrx_word' id='word_1_499' title='bbox 3253 2729 3566 2784; x_wconf 86' lang='lat' dir='ltr'><strong>condictum</strong></span> 
     </span>
    </p>
   </div>
   <div class='ocr_carea' id='block_1_70' title="bbox 1978 2820 3568 2893">
    <p class='ocr_par' dir='ltr' id='par_1_70' title="bbox 1978 2820 3568 2893">
     <span class='ocr_line' id='line_1_70' title="bbox 1978 2820 3568 2893; baseline -0.009 -5"><span class='ocrx_word' id='word_1_500' title='bbox 1978 2833 2125 2888; x_wconf 89' lang='lat' dir='ltr'><strong>diem</strong></span> <span class='ocrx_word' id='word_1_501' title='bbox 2169 2837 2432 2893; x_wconf 91' lang='lat' dir='ltr'><strong>moratus,</strong></span> <span class='ocrx_word' id='word_1_502' title='bbox 2470 2826 2690 2881; x_wconf 86' lang='lat' dir='ltr'><strong>tandem</strong></span> <span class='ocrx_word' id='word_1_503' title='bbox 2720 2825 2977 2880; x_wconf 86' lang='lat' dir='ltr'><strong>Patribus</strong></span> <span class='ocrx_word' id='word_1_504' title='bbox 3010 2822 3271 2878; x_wconf 83' lang='lat' dir='ltr'><strong>indicavit</strong></span> <span class='ocrx_word' id='word_1_505' title='bbox 3297 2836 3397 2891; x_wconf 90' lang='lat' dir='ltr'><strong>per</strong></span> <span class='ocrx_word' id='word_1_506' title='bbox 3428 2820 3568 2873; x_wconf 89' lang='lat' dir='ltr'><strong>duos</strong></span> 
     </span>
    </p>
   </div>
   <div class='ocr_carea' id='block_1_71' title="bbox 1978 2911 3565 2994">
    <p class='ocr_par' dir='ltr' id='par_1_71' title="bbox 1978 2911 3565 2994">
     <span class='ocr_line' id='line_1_71' title="bbox 1978 2911 3565 2994; baseline -0.01 -14"><span class='ocrx_word' id='word_1_507' title='bbox 1978 2924 2430 2994; x_wconf 89' lang='lat' dir='ltr'><strong>metropolitanos</strong></span> <span class='ocrx_word' id='word_1_508' title='bbox 2478 2934 2626 2983; x_wconf 89' lang='lat' dir='ltr'><strong>suos,</strong></span> <span class='ocrx_word' id='word_1_509' title='bbox 2681 2933 2791 2973; x_wconf 90' lang='lat' dir='ltr'><strong>non</strong></span> <span class='ocrx_word' id='word_1_510' title='bbox 2835 2932 2955 2971; x_wconf 90' lang='lat' dir='ltr'><strong>esse</strong></span> <span class='ocrx_word' id='word_1_511' title='bbox 2996 2915 3266 2986; x_wconf 87' lang='lat' dir='ltr'><strong>synodum</strong></span> <span class='ocrx_word' id='word_1_512' title='bbox 3300 2911 3565 2967; x_wconf 80' lang='lat' dir='ltr'><strong>diﬁ&#39;eren-</strong></span> 
     </span>
    </p>
   </div>
   <div class='ocr_carea' id='block_1_72' title="bbox 1978 3002 3563 3081">
    <p class='ocr_par' dir='ltr' id='par_1_72' title="bbox 1978 3002 3563 3081">
     <span class='ocr_line' id='line_1_72' title="bbox 1978 3002 3563 3081; baseline -0.009 -14"><span class='ocrx_word' id='word_1_513' title='bbox 1978 3013 2123 3067; x_wconf 89' lang='lat' dir='ltr'><strong>dam.</strong></span> <span class='ocrx_word' id='word_1_514' title='bbox 2153 3013 2344 3081; x_wconf 82' lang='lat' dir='ltr'><strong>Magno</strong></span> <span class='ocrx_word' id='word_1_515' title='bbox 2374 3024 2505 3080; x_wconf 90' lang='lat' dir='ltr'><strong>ergo</strong></span> <span class='ocrx_word' id='word_1_516' title='bbox 2542 3009 2927 3077; x_wconf 81' lang='lat' dir='ltr'><strong>episcOporum</strong></span> <span class='ocrx_word' id='word_1_517' title='bbox 2956 3019 3224 3059; x_wconf 90' lang='lat' dir='ltr'><strong>consensu</strong></span> <span class='ocrx_word' id='word_1_518' title='bbox 3280 3002 3563 3056; x_wconf 88' lang='lat' dir='ltr'><strong>decretum</strong></span> 
     </span>
    </p>
   </div>
   <div class='ocr_carea' id='block_1_73' title="bbox 1976 3096 3560 3175">
    <p class='ocr_par' dir='ltr' id='par_1_73' title="bbox 1976 3096 3560 3175">
     <span class='ocr_line' id='line_1_73' title="bbox 1976 3096 3560 3175; baseline -0.011 -15"><span class='ocrx_word' id='word_1_519' title='bbox 1976 3113 2062 3160; x_wconf 90' lang='lat' dir='ltr'><strong>est</strong></span> <span class='ocrx_word' id='word_1_520' title='bbox 2100 3102 2364 3175; x_wconf 89' lang='lat' dir='ltr'><strong>synodum</strong></span> <span class='ocrx_word' id='word_1_521' title='bbox 2398 3101 2641 3154; x_wconf 89' lang='lat' dir='ltr'><strong>inchoari</strong></span> <span class='ocrx_word' id='word_1_522' title='bbox 2672 3106 2947 3168; x_wconf 89' lang='lat' dir='ltr'><strong>oportere.</strong></span> <span class='ocrx_word' id='word_1_523' title='bbox 2972 3096 3211 3151; x_wconf 87' lang='lat' dir='ltr'><strong>Collecta</strong></span> <span class='ocrx_word' id='word_1_524' title='bbox 3246 3108 3311 3147; x_wconf 90' lang='lat' dir='ltr'><strong>ea</strong></span> <span class='ocrx_word' id='word_1_525' title='bbox 3333 3099 3419 3145; x_wconf 89' lang='lat' dir='ltr'><strong>est</strong></span> <span class='ocrx_word' id='word_1_526' title='bbox 3451 3108 3560 3144; x_wconf 85' lang='lat' dir='ltr'><strong>xxn</strong></span> 
     </span>
    </p>
   </div>
   <div class='ocr_carea' id='block_1_74' title="bbox 1974 3186 3559 3253">
    <p class='ocr_par' dir='ltr' id='par_1_74' title="bbox 1974 3186 3559 3253">
     <span class='ocr_line' id='line_1_74' title="bbox 1974 3186 3559 3253; baseline -0.01 -2"><span class='ocrx_word' id='word_1_527' title='bbox 1974 3194 2121 3251; x_wconf 83' lang='lat' dir='ltr'><strong>Junii</strong></span> <span class='ocrx_word' id='word_1_528' title='bbox 2148 3196 2200 3247; x_wconf 89' lang='lat' dir='ltr'><strong>in</strong></span> <span class='ocrx_word' id='word_1_529' title='bbox 2229 3192 2460 3249; x_wconf 88' lang='lat' dir='ltr'><strong>ecclesia</strong></span> <span class='ocrx_word' id='word_1_530' title='bbox 2480 3190 2838 3246; x_wconf 66' lang='lat' dir='ltr'><strong>sanctissima)</strong></span> <span class='ocrx_word' id='word_1_531' title='bbox 2870 3189 2967 3243; x_wconf 89' lang='lat' dir='ltr'><strong>Dei</strong></span> <span class='ocrx_word' id='word_1_532' title='bbox 2987 3186 3283 3242; x_wconf 88' lang='lat' dir='ltr'><strong>Genitricis</strong></span> <span class='ocrx_word' id='word_1_533' title='bbox 3308 3202 3320 3237; x_wconf 92' lang='lat'>:</span> <span class='ocrx_word' id='word_1_534' title='bbox 3351 3198 3559 3253; x_wconf 65' lang='lat' dir='ltr'><strong>praesc-</strong></span> 
     </span>
    </p>
   </div>
   <div class='ocr_carea' id='block_1_75' title="bbox 1970 3276 3552 3357">
    <p class='ocr_par' dir='ltr' id='par_1_75' title="bbox 1970 3276 3552 3357">
     <span class='ocr_line' id='line_1_75' title="bbox 1970 3276 3552 3357; baseline -0.009 -16"><span class='ocrx_word' id='word_1_535' title='bbox 1970 3288 2051 3341; x_wconf 92' lang='lat' dir='ltr'><strong>dit</strong></span> <span class='ocrx_word' id='word_1_536' title='bbox 2073 3286 2307 3357; x_wconf 88' lang='lat' dir='ltr'><strong>Cyrillus</strong></span> <span class='ocrx_word' id='word_1_537' title='bbox 2337 3282 2615 3338; x_wconf 73' lang='lat' dir='ltr'><strong>leestini</strong></span> <span class='ocrx_word' id='word_1_538' title='bbox 2652 3296 2805 3351; x_wconf 65' lang='lat' dir='ltr'><strong>papae</strong></span> <span class='ocrx_word' id='word_1_539' title='bbox 2846 3280 3086 3334; x_wconf 90' lang='lat' dir='ltr'><strong>vicarius</strong></span> <span class='ocrx_word' id='word_1_540' title='bbox 3116 3296 3130 3331; x_wconf 90' lang='lat'>:</span> <span class='ocrx_word' id='word_1_541' title='bbox 3177 3276 3552 3331; x_wconf 89' lang='lat' dir='ltr'><strong>interfuerunt</strong></span> 
     </span>
    </p>
   </div>
   <div class='ocr_carea' id='block_1_76' title="bbox 1966 3366 3562 3447">
    <p class='ocr_par' dir='ltr' id='par_1_76' title="bbox 1966 3366 3562 3447">
     <span class='ocr_line' id='line_1_76' title="bbox 1966 3366 3562 3447; baseline -0.008 -15"><span class='ocrx_word' id='word_1_542' title='bbox 1966 3377 2204 3447; x_wconf 91' lang='lat' dir='ltr'><strong>episcopi</strong></span> <span class='ocrx_word' id='word_1_543' title='bbox 2233 3376 2519 3445; x_wconf 87' lang='lat' dir='ltr'><strong>plusquam</strong></span> <span class='ocrx_word' id='word_1_544' title='bbox 2541 3372 2785 3428; x_wconf 90' lang='lat' dir='ltr'><strong>ducenti.</strong></span> <span class='ocrx_word' id='word_1_545' title='bbox 2813 3373 3075 3427; x_wconf 61' lang='lat' dir='ltr'><strong>Perlectee</strong></span> <span class='ocrx_word' id='word_1_546' title='bbox 3099 3366 3454 3439; x_wconf 68' lang='lat' dir='ltr'><strong>imperatoris</strong></span> <span class='ocrx_word' id='word_1_547' title='bbox 3472 3369 3562 3421; x_wconf 78' lang='lat' dir='ltr'><strong>lit-</strong></span> 
     </span>
    </p>
   </div>
   <div class='ocr_carea' id='block_1_77' title="bbox 1967 3463 3560 3537">
    <p class='ocr_par' dir='ltr' id='par_1_77' title="bbox 1967 3463 3560 3537">
     <span class='ocr_line' id='line_1_77' title="bbox 1967 3463 3560 3537; baseline -0.006 -14"><span class='ocrx_word' id='word_1_548' title='bbox 1967 3479 2132 3531; x_wconf 64' lang='lat' dir='ltr'><strong>tera},</strong></span> <span class='ocrx_word' id='word_1_549' title='bbox 2180 3468 2383 3537; x_wconf 90' lang='lat' dir='ltr'><strong>quibus</strong></span> <span class='ocrx_word' id='word_1_550' title='bbox 2433 3467 2723 3537; x_wconf 90' lang='lat' dir='ltr'><strong>episcopos</strong></span> <span class='ocrx_word' id='word_1_551' title='bbox 2784 3464 2850 3518; x_wconf 90' lang='lat' dir='ltr'><strong>ad</strong></span> <span class='ocrx_word' id='word_1_552' title='bbox 2898 3463 3165 3535; x_wconf 86' lang='lat' dir='ltr'><strong>synodum</strong></span> <span class='ocrx_word' id='word_1_553' title='bbox 3217 3469 3560 3517; x_wconf 76' lang='lat' dir='ltr'><strong>evocaverat.</strong></span> 
     </span>
    </p>
   </div>
   <div class='ocr_carea' id='block_1_78' title="bbox 1964 3554 3563 3626">
    <p class='ocr_par' dir='ltr' id='par_1_78' title="bbox 1964 3554 3563 3626">
     <span class='ocr_line' id='line_1_78' title="bbox 1964 3554 3563 3626; baseline -0.005 -11"><span class='ocrx_word' id='word_1_554' title='bbox 1964 3562 2253 3616; x_wconf 86' lang='lat' dir='ltr'><strong>Nestorius</strong></span> <span class='ocrx_word' id='word_1_555' title='bbox 2276 3560 2436 3615; x_wconf 91' lang='lat' dir='ltr'><strong>tertio</strong></span> <span class='ocrx_word' id='word_1_556' title='bbox 2458 3560 2679 3621; x_wconf 87' lang='lat' dir='ltr'><strong>citatus,</strong></span> <span class='ocrx_word' id='word_1_557' title='bbox 2709 3558 2902 3613; x_wconf 89' lang='lat' dir='ltr'><strong>abnuit</strong></span> <span class='ocrx_word' id='word_1_558' title='bbox 2927 3556 3149 3626; x_wconf 90' lang='lat' dir='ltr'><strong>prodire</strong></span> <span class='ocrx_word' id='word_1_559' title='bbox 3177 3574 3191 3608; x_wconf 87' lang='lat'><strong>:</strong></span> <span class='ocrx_word' id='word_1_560' title='bbox 3215 3571 3282 3609; x_wconf 90' lang='lat' dir='ltr'><strong>eo</strong></span> <span class='ocrx_word' id='word_1_561' title='bbox 3308 3554 3563 3625; x_wconf 87' lang='lat' dir='ltr'><strong>neglecto</strong></span> 
     </span>
    </p>
   </div>
   <div class='ocr_carea' id='block_1_79' title="bbox 1966 3646 3561 3725">
    <p class='ocr_par' dir='ltr' id='par_1_79' title="bbox 1966 3646 3561 3725">
     <span class='ocr_line' id='line_1_79' title="bbox 1966 3646 3561 3725; baseline -0.005 -18"><span class='ocrx_word' id='word_1_562' title='bbox 1966 3654 2078 3707; x_wconf 91' lang='lat' dir='ltr'><strong>itur</strong></span> <span class='ocrx_word' id='word_1_563' title='bbox 2108 3654 2175 3707; x_wconf 92' lang='lat' dir='ltr'><strong>ad</strong></span> <span class='ocrx_word' id='word_1_564' title='bbox 2216 3653 2531 3725; x_wconf 90' lang='lat' dir='ltr'><strong>synodicam</strong></span> <span class='ocrx_word' id='word_1_565' title='bbox 2570 3649 3020 3721; x_wconf 89' lang='lat' dir='ltr'><strong>dijudicationem</strong></span> <span class='ocrx_word' id='word_1_566' title='bbox 3054 3666 3067 3701; x_wconf 91' lang='lat'>:</span> <span class='ocrx_word' id='word_1_567' title='bbox 3115 3646 3419 3702; x_wconf 87' lang='lat' dir='ltr'><strong>recitantur</strong></span> <span class='ocrx_word' id='word_1_568' title='bbox 3454 3662 3561 3716; x_wconf 78' lang='lat' dir='ltr'><strong>pu-</strong></span> 
     </span>
    </p>
   </div>
   <div class='ocr_carea' id='block_1_80' title="bbox 1964 3737 3554 3814">
    <p class='ocr_par' dir='ltr' id='par_1_80' title="bbox 1964 3737 3554 3814">
     <span class='ocr_line' id='line_1_80' title="bbox 1964 3737 3554 3814; baseline -0.006 -15"><span class='ocrx_word' id='word_1_569' title='bbox 1964 3745 2108 3799; x_wconf 90' lang='lat' dir='ltr'><strong>blice</strong></span> <span class='ocrx_word' id='word_1_570' title='bbox 2142 3744 2375 3799; x_wconf 61' lang='lat' dir='ltr'><strong>Nicaeum</strong></span> <span class='ocrx_word' id='word_1_571' title='bbox 2417 3742 2541 3796; x_wconf 89' lang='lat' dir='ltr'><strong>ﬁdei</strong></span> <span class='ocrx_word' id='word_1_572' title='bbox 2573 3742 2903 3814; x_wconf 82' lang='lat' dir='ltr'><strong>symbolum,</strong></span> <span class='ocrx_word' id='word_1_573' title='bbox 2944 3740 3256 3802; x_wconf 89' lang='lat' dir='ltr'><strong>conciones,</strong></span> <span class='ocrx_word' id='word_1_574' title='bbox 3290 3737 3554 3807; x_wconf 72' lang='lat' dir='ltr'><strong>epistolze,</strong></span> 
     </span>
    </p>
   </div>
   <div class='ocr_carea' id='block_1_81' title="bbox 1962 3827 3556 3898">
    <p class='ocr_par' dir='ltr' id='par_1_81' title="bbox 1962 3827 3556 3898">
     <span class='ocr_line' id='line_1_81' title="bbox 1962 3827 3556 3898; baseline -0.006 -9"><span class='ocrx_word' id='word_1_575' title='bbox 1962 3835 2133 3889; x_wconf 90' lang='lat' dir='ltr'><strong>libelli</strong></span> <span class='ocrx_word' id='word_1_576' title='bbox 2166 3850 2228 3889; x_wconf 91' lang='lat' dir='ltr'><strong>ac</strong></span> <span class='ocrx_word' id='word_1_577' title='bbox 2272 3842 2535 3888; x_wconf 88' lang='lat' dir='ltr'><strong>tractatus</strong></span> <span class='ocrx_word' id='word_1_578' title='bbox 2568 3832 2805 3887; x_wconf 91' lang='lat' dir='ltr'><strong>Nestorii</strong></span> <span class='ocrx_word' id='word_1_579' title='bbox 2835 3849 2847 3884; x_wconf 93' lang='lat'><strong>:</strong></span> <span class='ocrx_word' id='word_1_580' title='bbox 2894 3840 3059 3885; x_wconf 87' lang='lat' dir='ltr'><strong>testes</strong></span> <span class='ocrx_word' id='word_1_581' title='bbox 3098 3829 3166 3883; x_wconf 92' lang='lat' dir='ltr'><strong>de</strong></span> <span class='ocrx_word' id='word_1_582' title='bbox 3197 3827 3556 3898; x_wconf 88' lang='lat' dir='ltr'><strong>blasphemiis</strong></span> 
     </span>
    </p>
   </div>
   <div class='ocr_carea' id='block_1_82' title="bbox 1962 3918 3555 3989">
    <p class='ocr_par' dir='ltr' id='par_1_82' title="bbox 1962 3918 3555 3989">
     <span class='ocr_line' id='line_1_82' title="bbox 1962 3918 3555 3989; baseline -0.004 -11"><span class='ocrx_word' id='word_1_583' title='bbox 1962 3924 2033 3978; x_wconf 90' lang='lat' dir='ltr'><strong>ah</strong></span> <span class='ocrx_word' id='word_1_584' title='bbox 2072 3940 2139 3978; x_wconf 92' lang='lat' dir='ltr'><strong>eo</strong></span> <span class='ocrx_word' id='word_1_585' title='bbox 2185 3924 2237 3977; x_wconf 90' lang='lat' dir='ltr'><strong>in</strong></span> <span class='ocrx_word' id='word_1_586' title='bbox 2281 3922 2561 3977; x_wconf 88' lang='lat' dir='ltr'><strong>Christum</strong></span> <span class='ocrx_word' id='word_1_587' title='bbox 2603 3937 2667 3975; x_wconf 90' lang='lat' dir='ltr'><strong>ac</strong></span> <span class='ocrx_word' id='word_1_588' title='bbox 2698 3921 2986 3989; x_wconf 86' lang='lat' dir='ltr'><strong>Deiparam</strong></span> <span class='ocrx_word' id='word_1_589' title='bbox 3025 3919 3302 3989; x_wconf 81' lang='lat' dir='ltr'><strong>Virginem</strong></span> <span class='ocrx_word' id='word_1_590' title='bbox 3335 3918 3555 3988; x_wconf 85' lang='lat' dir='ltr'><strong>jactatis</strong></span> 
     </span>
    </p>
   </div>
   <div class='ocr_carea' id='block_1_83' title="bbox 1962 4008 3556 4085">
    <p class='ocr_par' dir='ltr' id='par_1_83' title="bbox 1962 4008 3556 4085">
     <span class='ocr_line' id='line_1_83' title="bbox 1962 4008 3556 4085; baseline -0.006 -15"><span class='ocrx_word' id='word_1_591' title='bbox 1962 4015 2343 4085; x_wconf 90' lang='lat' dir='ltr'><strong>producuntur</strong></span> <span class='ocrx_word' id='word_1_592' title='bbox 2377 4032 2389 4067; x_wconf 93' lang='lat'><strong>:</strong></span> <span class='ocrx_word' id='word_1_593' title='bbox 2421 4012 2607 4084; x_wconf 87' lang='lat' dir='ltr'><strong>Cyrilli</strong></span> <span class='ocrx_word' id='word_1_594' title='bbox 2638 4011 2707 4066; x_wconf 88' lang='lat' dir='ltr'><strong>ad</strong></span> <span class='ocrx_word' id='word_1_595' title='bbox 2743 4011 3079 4075; x_wconf 89' lang='lat' dir='ltr'><strong>Nestorium,</strong></span> <span class='ocrx_word' id='word_1_596' title='bbox 3111 4018 3169 4064; x_wconf 88' lang='lat' dir='ltr'><strong>et</strong></span> <span class='ocrx_word' id='word_1_597' title='bbox 3191 4009 3356 4080; x_wconf 86' lang='lat' dir='ltr'><strong>hujus</strong></span> <span class='ocrx_word' id='word_1_598' title='bbox 3391 4008 3459 4063; x_wconf 90' lang='lat' dir='ltr'><strong>ad</strong></span> <span class='ocrx_word' id='word_1_599' title='bbox 3488 4009 3556 4061; x_wconf 77' lang='lat' dir='ltr'><strong>il—</strong></span> 
     </span>
    </p>
   </div>
   <div class='ocr_carea' id='block_1_84' title="bbox 1962 4103 2600 4172">
    <p class='ocr_par' dir='ltr' id='par_1_84' title="bbox 1962 4103 2600 4172">
     <span class='ocr_line' id='line_1_84' title="bbox 1962 4103 2600 4172; baseline -0.008 -13"><span class='ocrx_word' id='word_1_600' title='bbox 1962 4106 2074 4160; x_wconf 90' lang='lat' dir='ltr'><strong>lum</strong></span> <span class='ocrx_word' id='word_1_601' title='bbox 2096 4104 2293 4158; x_wconf 75' lang='lat' dir='ltr'><strong>litterae</strong></span> <span class='ocrx_word' id='word_1_602' title='bbox 2322 4103 2600 4172; x_wconf 90' lang='lat' dir='ltr'><strong>leguntur.</strong></span> 
     </span>
    </p>
   </div>
   <div class='ocr_carea' id='block_1_85' title="bbox 2031 4189 3553 4261">
    <p class='ocr_par' dir='ltr' id='par_1_85' title="bbox 2031 4189 3553 4261">
     <span class='ocr_line' id='line_1_85' title="bbox 2031 4189 3553 4261; baseline -0.006 -12"><span class='ocrx_word' id='word_1_603' title='bbox 2031 4194 2117 4249; x_wconf 84' lang='lat'><strong>50.</strong></span> <span class='ocrx_word' id='word_1_604' title='bbox 2154 4193 2364 4261; x_wconf 89' lang='lat' dir='ltr'><strong>Quibus</strong></span> <span class='ocrx_word' id='word_1_605' title='bbox 2390 4191 2651 4245; x_wconf 86' lang='lat' dir='ltr'><strong>omnibus</strong></span> <span class='ocrx_word' id='word_1_606' title='bbox 2680 4189 2918 4259; x_wconf 84' lang='lat' dir='ltr'><strong>graviter</strong></span> <span class='ocrx_word' id='word_1_607' title='bbox 2940 4197 2998 4243; x_wconf 92' lang='lat' dir='ltr'><strong>ct</strong></span> <span class='ocrx_word' id='word_1_608' title='bbox 3024 4196 3281 4242; x_wconf 86' lang='lat' dir='ltr'><strong>accurate</strong></span> <span class='ocrx_word' id='word_1_609' title='bbox 3316 4201 3553 4257; x_wconf 56' lang='lat' dir='ltr'><strong>perpcn-</strong></span> 
     </span>
    </p>
   </div>
   <div class='ocr_carea' id='block_1_86' title="bbox 1962 4277 3553 4353">
    <p class='ocr_par' dir='ltr' id='par_1_86' title="bbox 1962 4277 3553 4353">
     <span class='ocr_line' id='line_1_86' title="bbox 1962 4277 3553 4353; baseline -0.007 -12"><span class='ocrx_word' id='word_1_610' title='bbox 1962 4285 2058 4349; x_wconf 91' lang='lat' dir='ltr'><strong>sis,</strong></span> <span class='ocrx_word' id='word_1_611' title='bbox 2086 4284 2154 4338; x_wconf 89' lang='lat' dir='ltr'><strong>ab</strong></span> <span class='ocrx_word' id='word_1_612' title='bbox 2181 4283 2501 4353; x_wconf 89' lang='lat' dir='ltr'><strong>episcopatu</strong></span> <span class='ocrx_word' id='word_1_613' title='bbox 2538 4280 2999 4349; x_wconf 90' lang='lat' dir='ltr'><strong>sacerdotumque</strong></span> <span class='ocrx_word' id='word_1_614' title='bbox 3038 4278 3317 4333; x_wconf 89' lang='lat' dir='ltr'><strong>consortio</strong></span> <span class='ocrx_word' id='word_1_615' title='bbox 3355 4277 3553 4331; x_wconf 68' lang='lat' dir='ltr'><strong>Nesto»</strong></span> 
     </span>
    </p>
   </div>
   <div class='ocr_carea' id='block_1_87' title="bbox 1962 4366 3552 4445">
    <p class='ocr_par' dir='ltr' id='par_1_87' title="bbox 1962 4366 3552 4445">
     <span class='ocr_line' id='line_1_87' title="bbox 1962 4366 3552 4445; baseline -0.007 -15"><span class='ocrx_word' id='word_1_616' title='bbox 1962 4374 2078 4430; x_wconf 86' lang='lat' dir='ltr'><strong>rius</strong></span> <span class='ocrx_word' id='word_1_617' title='bbox 2094 4372 2369 4445; x_wconf 84' lang='lat' dir='ltr'><strong>dejicitur,</strong></span> <span class='ocrx_word' id='word_1_618' title='bbox 2389 4370 2829 4425; x_wconf 90' lang='lat' dir='ltr'><strong>constantissima</strong></span> <span class='ocrx_word' id='word_1_619' title='bbox 2856 4369 3027 4423; x_wconf 90' lang='lat' dir='ltr'><strong>totius</strong></span> <span class='ocrx_word' id='word_1_620' title='bbox 3042 4369 3233 4439; x_wconf 82' lang='lat' dir='ltr'><strong>synodi</strong></span> <span class='ocrx_word' id='word_1_621' title='bbox 3258 4366 3552 4432; x_wconf 80' lang='lat' dir='ltr'><strong>sententia,</strong></span> 
     </span>
    </p>
   </div>
   <div class='ocr_carea' id='block_1_88' title="bbox 1960 4464 3547 4542">
    <p class='ocr_par' dir='ltr' id='par_1_88' title="bbox 1960 4464 3547 4542">
     <span class='ocr_line' id='line_1_88' title="bbox 1960 4464 3547 4542; baseline -0.005 -17"><span class='ocrx_word' id='word_1_622' title='bbox 1960 4469 2585 4542; x_wconf 69' lang='lat' dir='ltr'><strong>Cyrilliczeterorumque</strong></span> <span class='ocrx_word' id='word_1_623' title='bbox 2607 4466 2850 4520; x_wconf 91' lang='lat' dir='ltr'><strong>omnium</strong></span> <span class='ocrx_word' id='word_1_624' title='bbox 2890 4466 3273 4535; x_wconf 88' lang='lat' dir='ltr'><strong>episcoporum</strong></span> <span class='ocrx_word' id='word_1_625' title='bbox 3316 4464 3547 4519; x_wconf 81' lang='lat' dir='ltr'><strong>subscri-</strong></span> 
     </span>
    </p>
   </div>
   <div class='ocr_carea' id='block_1_89' title="bbox 282 4554 3553 4633">
    <p class='ocr_par' dir='ltr' id='par_1_89' title="bbox 282 4554 3553 4633">
     <span class='ocr_line' id='line_1_89' title="bbox 282 4554 3553 4633; baseline 0.001 -25"><span class='ocrx_word' id='word_1_626' title='bbox 282 4570 507 4619; x_wconf 85' lang='lat' dir='ltr'><strong>annum,</strong></span> <span class='ocrx_word' id='word_1_627' title='bbox 544 4554 865 4623; x_wconf 86' lang='lat' dir='ltr'><strong>interposita</strong></span> <span class='ocrx_word' id='word_1_628' title='bbox 896 4554 1055 4608; x_wconf 89' lang='lat' dir='ltr'><strong>docta</strong></span> <span class='ocrx_word' id='word_1_629' title='bbox 1083 4554 1295 4626; x_wconf 78' lang='lat' dir='ltr'><strong>phrygii</strong></span> <span class='ocrx_word' id='word_1_630' title='bbox 1332 4557 1709 4626; x_wconf 81' lang='lat' dir='ltr'><strong>explicatione.</strong></span> <span class='ocrx_word' id='word_1_631' title='bbox 1757 4558 1855 4611; x_wconf 85' lang='lat' dir='ltr'><strong>lsi-</strong></span> <span class='ocrx_word' id='word_1_632' title='bbox 1890 4576 1932 4629; x_wconf 82' lang='grc' dir='ltr'><strong>ι)</strong></span> <span class='ocrx_word' id='word_1_633' title='bbox 1960 4562 2147 4633; x_wconf 79' lang='lat' dir='ltr'><strong>ptiOne</strong></span> <span class='ocrx_word' id='word_1_634' title='bbox 2176 4560 2406 4614; x_wconf 89' lang='lat' dir='ltr'><strong>munita.</strong></span> <span class='ocrx_word' id='word_1_635' title='bbox 2437 4559 2512 4613; x_wconf 90' lang='lat' dir='ltr'><strong>Ea</strong></span> <span class='ocrx_word' id='word_1_636' title='bbox 2542 4558 2614 4611; x_wconf 89' lang='lat' dir='ltr'><strong>ita</strong></span> <span class='ocrx_word' id='word_1_637' title='bbox 2641 4557 2878 4612; x_wconf 89' lang='lat' dir='ltr'><strong>refertur</strong></span> <span class='ocrx_word' id='word_1_638' title='bbox 2908 4565 2950 4611; x_wconf 93' lang='lat' dir='ltr'><strong>t.</strong></span> <span class='ocrx_word' id='word_1_639' title='bbox 2975 4557 3042 4621; x_wconf 84' lang='lat' dir='ltr'><strong>ll,</strong></span> <span class='ocrx_word' id='word_1_640' title='bbox 3070 4571 3189 4625; x_wconf 89' lang='lat' dir='ltr'><strong>cap.</strong></span> <span class='ocrx_word' id='word_1_641' title='bbox 3228 4556 3324 4610; x_wconf 78' lang='lat' dir='ltr'><strong>lt):</strong></span> <span class='ocrx_word' id='word_1_642' title='bbox 3364 4574 3381 4605; x_wconf 70' lang='grc' dir='ltr'><em>ρ</em></span> <span class='ocrx_word' id='word_1_643' title='bbox 3413 4555 3553 4610; x_wconf 89' lang='lat' dir='ltr'><strong>San-</strong></span> 
     </span>
    </p>
   </div>
   <div class='ocr_carea' id='block_1_90' title="bbox 280 4645 1858 4719">
    <p class='ocr_par' dir='ltr' id='par_1_90' title="bbox 280 4645 1858 4719">
     <span class='ocr_line' id='line_1_90' title="bbox 280 4645 1858 4719; baseline 0.001 -19"><span class='ocrx_word' id='word_1_644' title='bbox 280 4645 471 4712; x_wconf 91' lang='lat' dir='ltr'><strong>dorus,</strong></span> <span class='ocrx_word' id='word_1_645' title='bbox 516 4646 613 4699; x_wconf 90' lang='lat' dir='ltr'><strong>lib.</strong></span> <span class='ocrx_word' id='word_1_646' title='bbox 646 4660 736 4699; x_wconf 66' lang='grc' dir='ltr'><strong>ιιι</strong></span> <span class='ocrx_word' id='word_1_647' title='bbox 768 4645 1088 4717; x_wconf 57' lang='grc' dir='ltr'><strong>Ειῃηιοιοῃη</strong></span> <span class='ocrx_word' id='word_1_648' title='bbox 1123 4662 1242 4717; x_wconf 90' lang='lat' dir='ltr'><strong>cap.</strong></span> <span class='ocrx_word' id='word_1_649' title='bbox 1274 4647 1334 4701; x_wconf 77' lang='grc'><strong>51</strong></span> <span class='ocrx_word' id='word_1_650' title='bbox 1361 4666 1373 4701; x_wconf 91' lang='lat'><strong>:</strong></span> <span class='ocrx_word' id='word_1_651' title='bbox 1415 4668 1432 4697; x_wconf 83' lang='grc'><em>‹</em></span> <span class='ocrx_word' id='word_1_652' title='bbox 1470 4649 1626 4703; x_wconf 86' lang='lat' dir='ltr'><strong>Mitra</strong></span> <span class='ocrx_word' id='word_1_653' title='bbox 1659 4658 1743 4703; x_wconf 93' lang='lat' dir='ltr'><strong>est</strong></span> <span class='ocrx_word' id='word_1_654' title='bbox 1775 4650 1858 4719; x_wconf 83' lang='lat' dir='ltr'><strong>pi-</strong></span> 
     </span>
    </p>
   </div>
   <div class='ocr_carea' id='block_1_91' title="bbox 279 4737 1858 4809">
    <p class='ocr_par' dir='ltr' id='par_1_91' title="bbox 279 4737 1858 4809">
     <span class='ocr_line' id='line_1_91' title="bbox 279 4737 1858 4809; baseline 0.001 -18"><span class='ocrx_word' id='word_1_655' title='bbox 279 4739 429 4792; x_wconf 89' lang='lat' dir='ltr'><strong>leum</strong></span> <span class='ocrx_word' id='word_1_656' title='bbox 464 4737 775 4809; x_wconf 87' lang='lat' dir='ltr'><strong>phrygium,</strong></span> <span class='ocrx_word' id='word_1_657' title='bbox 801 4745 967 4808; x_wconf 89' lang='lat' dir='ltr'><strong>caput</strong></span> <span class='ocrx_word' id='word_1_658' title='bbox 984 4746 1293 4809; x_wconf 83' lang='lat' dir='ltr'><strong>protegens.</strong></span> <span class='ocrx_word' id='word_1_659' title='bbox 1332 4758 1349 4790; x_wconf 81' lang='lat' dir='ltr'><strong>i</strong></span> <span class='ocrx_word' id='word_1_660' title='bbox 1388 4738 1858 4805; x_wconf 84' lang='lat' dir='ltr'><strong>Quemadmodum</strong></span> 
     </span>
    </p>
   </div>
   <div class='ocr_carea' id='block_1_92' title="bbox 276 4828 1859 4900">
    <p class='ocr_par' dir='ltr' id='par_1_92' title="bbox 276 4828 1859 4900">
     <span class='ocr_line' id='line_1_92' title="bbox 276 4828 1859 4900; baseline 0.001 -17"><span class='ocrx_word' id='word_1_661' title='bbox 276 4838 335 4883; x_wconf 90' lang='lat' dir='ltr'><strong>ct</strong></span> <span class='ocrx_word' id='word_1_662' title='bbox 380 4828 729 4899; x_wconf 84' lang='lat' dir='ltr'><strong>Nicephorus</strong></span> <span class='ocrx_word' id='word_1_663' title='bbox 764 4828 975 4899; x_wconf 89' lang='lat' dir='ltr'><strong>accepit</strong></span> <span class='ocrx_word' id='word_1_664' title='bbox 1020 4828 1121 4883; x_wconf 90' lang='lat' dir='ltr'><strong>lib.</strong></span> <span class='ocrx_word' id='word_1_665' title='bbox 1170 4846 1278 4893; x_wconf 78' lang='lat' dir='ltr'><strong>xiv,</strong></span> <span class='ocrx_word' id='word_1_666' title='bbox 1326 4846 1445 4900; x_wconf 86' lang='lat' dir='ltr'><strong>cap.</strong></span> <span class='ocrx_word' id='word_1_667' title='bbox 1499 4832 1587 4897; x_wconf 66' lang='lat'><strong>5.4,</strong></span> <span class='ocrx_word' id='word_1_668' title='bbox 1644 4832 1737 4886; x_wconf 90' lang='lat' dir='ltr'><strong>ubi</strong></span> <span class='ocrx_word' id='word_1_669' title='bbox 1787 4832 1859 4885; x_wconf 89' lang='lat' dir='ltr'><strong>ita</strong></span> 
     </span>
    </p>
   </div>
   <div class='ocr_carea' id='block_1_93' title="bbox 276 4916 1863 4992">
    <p class='ocr_par' dir='ltr' id='par_1_93' title="bbox 276 4916 1863 4992">
     <span class='ocr_line' id='line_1_93' title="bbox 276 4916 1863 4992; baseline 0.001 -19"><span class='ocrx_word' id='word_1_670' title='bbox 276 4918 477 4973; x_wconf 87' lang='lat' dir='ltr'><strong>scribit</strong></span> <span class='ocrx_word' id='word_1_671' title='bbox 505 4935 520 4971; x_wconf 88' lang='lat'><strong>:</strong></span> <span class='ocrx_word' id='word_1_672' title='bbox 554 4937 571 4968; x_wconf 71' lang='grc' dir='ltr'>ι</span> <span class='ocrx_word' id='word_1_673' title='bbox 608 4916 934 4975; x_wconf 69' lang='lat' dir='ltr'><strong>Caelestinus</strong></span> <span class='ocrx_word' id='word_1_674' title='bbox 963 4919 1149 4973; x_wconf 84' lang='lat' dir='ltr'><strong>Romae</strong></span> <span class='ocrx_word' id='word_1_675' title='bbox 1177 4920 1486 4988; x_wconf 87' lang='lat' dir='ltr'><strong>episcopus,</strong></span> <span class='ocrx_word' id='word_1_676' title='bbox 1516 4933 1741 4992; x_wconf 85' lang='lat' dir='ltr'><strong>propter</strong></span> <span class='ocrx_word' id='word_1_677' title='bbox 1767 4938 1863 4976; x_wconf 85' lang='lat' dir='ltr'><strong>na-</strong></span> 
     </span>
    </p>
   </div>
   <div class='ocr_carea' id='block_1_94' title="bbox 274 5009 1857 5081">
    <p class='ocr_par' dir='ltr' id='par_1_94' title="bbox 274 5009 1857 5081">
     <span class='ocr_line' id='line_1_94' title="bbox 274 5009 1857 5081; baseline 0.003 -18"><span class='ocrx_word' id='word_1_678' title='bbox 274 5009 574 5080; x_wconf 73' lang='lat' dir='ltr'><strong>vigationis</strong></span> <span class='ocrx_word' id='word_1_679' title='bbox 598 5010 862 5080; x_wconf 84' lang='lat' dir='ltr'><strong>pericula,</strong></span> <span class='ocrx_word' id='word_1_680' title='bbox 900 5009 1014 5080; x_wconf 87' lang='lat' dir='ltr'><strong>ipse</strong></span> <span class='ocrx_word' id='word_1_681' title='bbox 1047 5010 1254 5081; x_wconf 83' lang='lat' dir='ltr'><strong>synodo</strong></span> <span class='ocrx_word' id='word_1_682' title='bbox 1276 5010 1465 5065; x_wconf 87' lang='lat' dir='ltr'><strong>adesse</strong></span> <span class='ocrx_word' id='word_1_683' title='bbox 1497 5014 1857 5069; x_wconf 85' lang='lat' dir='ltr'><strong>detrectavit:</strong></span> 
     </span>
    </p>
   </div>
   <div class='ocr_carea' id='block_1_95' title="bbox 280 5099 1856 5171">
    <p class='ocr_par' dir='ltr' id='par_1_95' title="bbox 280 5099 1856 5171">
     <span class='ocr_line' id='line_1_95' title="bbox 280 5099 1856 5171; baseline 0.003 -17"><span class='ocrx_word' id='word_1_684' title='bbox 280 5100 345 5154; x_wconf 89' lang='lat' dir='ltr'><strong>ad</strong></span> <span class='ocrx_word' id='word_1_685' title='bbox 377 5099 644 5171; x_wconf 79' lang='lat' dir='ltr'><strong>Cyrillum</strong></span> <span class='ocrx_word' id='word_1_686' title='bbox 681 5109 885 5163; x_wconf 90' lang='lat' dir='ltr'><strong>tamen,</strong></span> <span class='ocrx_word' id='word_1_687' title='bbox 919 5109 979 5154; x_wconf 92' lang='lat' dir='ltr'><strong>ut</strong></span> <span class='ocrx_word' id='word_1_688' title='bbox 1014 5101 1194 5155; x_wconf 90' lang='lat' dir='ltr'><strong>locum</strong></span> <span class='ocrx_word' id='word_1_689' title='bbox 1242 5100 1317 5154; x_wconf 88' lang='lat' dir='ltr'><strong>ibi</strong></span> <span class='ocrx_word' id='word_1_690' title='bbox 1357 5117 1516 5155; x_wconf 89' lang='lat' dir='ltr'><strong>suum</strong></span> <span class='ocrx_word' id='word_1_691' title='bbox 1563 5104 1856 5167; x_wconf 84' lang='lat' dir='ltr'><strong>obtineret,</strong></span> 
     </span>
    </p>
   </div>
   <div class='ocr_carea' id='block_1_96' title="bbox 279 5191 1857 5263">
    <p class='ocr_par' dir='ltr' id='par_1_96' title="bbox 279 5191 1857 5263">
     <span class='ocr_line' id='line_1_96' title="bbox 279 5191 1857 5263; baseline 0.002 -18"><span class='ocrx_word' id='word_1_692' title='bbox 279 5192 521 5263; x_wconf 82' lang='lat' dir='ltr'><strong>scripsit.</strong></span> <span class='ocrx_word' id='word_1_693' title='bbox 557 5191 639 5246; x_wconf 82' lang='lat' dir='ltr'><strong>Ex</strong></span> <span class='ocrx_word' id='word_1_694' title='bbox 680 5208 788 5261; x_wconf 89' lang='lat' dir='ltr'><strong>quo</strong></span> <span class='ocrx_word' id='word_1_695' title='bbox 827 5199 1071 5261; x_wconf 91' lang='lat' dir='ltr'><strong>tempore</strong></span> <span class='ocrx_word' id='word_1_696' title='bbox 1113 5191 1255 5245; x_wconf 87' lang='lat' dir='ltr'><strong>fama</strong></span> <span class='ocrx_word' id='word_1_697' title='bbox 1294 5202 1398 5256; x_wconf 83' lang='lat' dir='ltr'><strong>est,</strong></span> <span class='ocrx_word' id='word_1_698' title='bbox 1443 5193 1660 5247; x_wconf 87' lang='lat' dir='ltr'><strong>mitram</strong></span> <span class='ocrx_word' id='word_1_699' title='bbox 1705 5194 1857 5249; x_wconf 90' lang='lat' dir='ltr'><strong>illum</strong></span> 
     </span>
    </p>
   </div>
   <div class='ocr_carea' id='block_1_97' title="bbox 280 5282 1860 5355">
    <p class='ocr_par' dir='ltr' id='par_1_97' title="bbox 280 5282 1860 5355">
     <span class='ocr_line' id='line_1_97' title="bbox 280 5282 1860 5355; baseline -0.001 -16"><span class='ocrx_word' id='word_1_700' title='bbox 280 5284 491 5354; x_wconf 54' lang='lat' dir='ltr'><strong>(Graec</strong></span> <span class='ocrx_word' id='word_1_701' title='bbox 534 5283 597 5336; x_wconf 79' lang='grc' dir='ltr'>τὸ</span> <span class='ocrx_word' id='word_1_702' title='bbox 627 5286 727 5354; x_wconf 81' lang='grc' dir='ltr'><strong>τῆς</strong></span> <span class='ocrx_word' id='word_1_703' title='bbox 764 5282 962 5354; x_wconf 80' lang='grc' dir='ltr'><strong>μίτρας</strong></span> <span class='ocrx_word' id='word_1_704' title='bbox 993 5283 1251 5353; x_wconf 78' lang='grc' dir='ltr'><strong>ἐπίθεμα)</strong></span> <span class='ocrx_word' id='word_1_705' title='bbox 1292 5293 1347 5337; x_wconf 81' lang='lat' dir='ltr'><strong>et</strong></span> <span class='ocrx_word' id='word_1_706' title='bbox 1376 5298 1528 5353; x_wconf 69' lang='lat' dir='ltr'><strong>papae</strong></span> <span class='ocrx_word' id='word_1_707' title='bbox 1543 5286 1860 5355; x_wconf 83' lang='lat' dir='ltr'><strong>appellatio-</strong></span> 
     </span>
    </p>
   </div>
   <div class='ocr_carea' id='block_1_98' title="bbox 278 5371 1855 5443">
    <p class='ocr_par' dir='ltr' id='par_1_98' title="bbox 278 5371 1855 5443">
     <span class='ocr_line' id='line_1_98' title="bbox 278 5371 1855 5443; baseline 0.001 -17"><span class='ocrx_word' id='word_1_708' title='bbox 278 5389 427 5436; x_wconf 89' lang='lat' dir='ltr'><strong>nem,</strong></span> <span class='ocrx_word' id='word_1_709' title='bbox 461 5382 628 5443; x_wconf 87' lang='lat' dir='ltr'><strong>atque</strong></span> <span class='ocrx_word' id='word_1_710' title='bbox 675 5381 736 5427; x_wconf 92' lang='lat' dir='ltr'><strong>ut</strong></span> <span class='ocrx_word' id='word_1_711' title='bbox 772 5371 925 5426; x_wconf 87' lang='lat' dir='ltr'><strong>orbis</strong></span> <span class='ocrx_word' id='word_1_712' title='bbox 964 5372 1205 5426; x_wconf 87' lang='lat' dir='ltr'><strong>universi</strong></span> <span class='ocrx_word' id='word_1_713' title='bbox 1244 5372 1412 5442; x_wconf 83' lang='lat' dir='ltr'><strong>judcx</strong></span> <span class='ocrx_word' id='word_1_714' title='bbox 1467 5374 1855 5442; x_wconf 90' lang='lat' dir='ltr'><strong>appellaretur,</strong></span> 
     </span>
    </p>
   </div>
   <div class='ocr_carea' id='block_1_99' title="bbox 275 5460 1859 5533">
    <p class='ocr_par' dir='ltr' id='par_1_99' title="bbox 275 5460 1859 5533">
     <span class='ocr_line' id='line_1_99' title="bbox 275 5460 1859 5533; baseline 0.001 -18"><span class='ocrx_word' id='word_1_715' title='bbox 275 5461 578 5531; x_wconf 84' lang='lat' dir='ltr'><strong>accepisse.</strong></span> <span class='ocrx_word' id='word_1_716' title='bbox 623 5480 640 5512; x_wconf 78' lang='grc' dir='ltr'><strong><em>ι</em></strong></span> <span class='ocrx_word' id='word_1_717' title='bbox 672 5460 753 5515; x_wconf 90' lang='lat' dir='ltr'><strong>Ex</strong></span> <span class='ocrx_word' id='word_1_718' title='bbox 767 5461 970 5531; x_wconf 89' lang='lat' dir='ltr'><strong>quibus</strong></span> <span class='ocrx_word' id='word_1_719' title='bbox 988 5461 1191 5533; x_wconf 86' lang='lat' dir='ltr'><strong>colligit</strong></span> <span class='ocrx_word' id='word_1_720' title='bbox 1214 5461 1561 5531; x_wconf 88' lang='lat' dir='ltr'><strong>Spondanus,</strong></span> <span class='ocrx_word' id='word_1_721' title='bbox 1598 5481 1616 5512; x_wconf 71' lang='grc' dir='ltr'><strong><em>ι</em></strong></span> <span class='ocrx_word' id='word_1_722' title='bbox 1653 5462 1859 5532; x_wconf 88' lang='lat' dir='ltr'><strong>priscos</strong></span> 
     </span>
    </p>
   </div>
   <div class='ocr_carea' id='block_1_100' title="bbox 277 5551 1859 5621">
    <p class='ocr_par' dir='ltr' id='par_1_100' title="bbox 277 5551 1859 5621">
     <span class='ocr_line' id='line_1_100' title="bbox 277 5551 1859 5621; baseline 0.003 -17"><span class='ocrx_word' id='word_1_723' title='bbox 277 5551 403 5605; x_wconf 87' lang='lat' dir='ltr'><strong>illos</strong></span> <span class='ocrx_word' id='word_1_724' title='bbox 434 5551 726 5621; x_wconf 90' lang='lat' dir='ltr'><strong>episcopos</strong></span> <span class='ocrx_word' id='word_1_725' title='bbox 755 5551 1053 5606; x_wconf 91' lang='lat' dir='ltr'><strong>orientales</strong></span> <span class='ocrx_word' id='word_1_726' title='bbox 1075 5552 1255 5607; x_wconf 91' lang='lat' dir='ltr'><strong>mitris</strong></span> <span class='ocrx_word' id='word_1_727' title='bbox 1276 5552 1354 5607; x_wconf 94' lang='lat' dir='ltr'><strong>uti</strong></span> <span class='ocrx_word' id='word_1_728' title='bbox 1377 5553 1601 5608; x_wconf 91' lang='lat' dir='ltr'><strong>minime</strong></span> <span class='ocrx_word' id='word_1_729' title='bbox 1629 5569 1859 5609; x_wconf 86' lang='lat' dir='ltr'><strong>consuc-</strong></span> 
     </span>
    </p>
   </div>
   <div class='ocr_carea' id='block_1_101' title="bbox 273 5642 1857 5712">
    <p class='ocr_par' dir='ltr' id='par_1_101' title="bbox 273 5642 1857 5712">
     <span class='ocr_line' id='line_1_101' title="bbox 273 5642 1857 5712; baseline 0.004 -19"><span class='ocrx_word' id='word_1_730' title='bbox 273 5642 443 5705; x_wconf 80' lang='lat' dir='ltr'><strong>visse,</strong></span> <span class='ocrx_word' id='word_1_731' title='bbox 477 5650 535 5697; x_wconf 88' lang='lat' dir='ltr'><strong>et</strong></span> <span class='ocrx_word' id='word_1_732' title='bbox 565 5657 721 5712; x_wconf 60' lang='lat' dir='ltr'><strong>papa</strong></span> <span class='ocrx_word' id='word_1_733' title='bbox 743 5644 1211 5698; x_wconf 88' lang='lat' dir='ltr'><strong>nomenclaturam</strong></span> <span class='ocrx_word' id='word_1_734' title='bbox 1251 5644 1392 5698; x_wconf 89' lang='lat' dir='ltr'><strong>haud</strong></span> <span class='ocrx_word' id='word_1_735' title='bbox 1436 5645 1523 5707; x_wconf 87' lang='lat' dir='ltr'><strong>iis,</strong></span> <span class='ocrx_word' id='word_1_736' title='bbox 1565 5645 1707 5699; x_wconf 88' lang='lat' dir='ltr'><strong>sicut</strong></span> <span class='ocrx_word' id='word_1_737' title='bbox 1740 5654 1857 5700; x_wconf 90' lang='lat' dir='ltr'><strong>erat</strong></span> 
     </span>
    </p>
   </div>
   <div class='ocr_carea' id='block_1_102' title="bbox 275 5733 1853 5799">
    <p class='ocr_par' dir='ltr' id='par_1_102' title="bbox 275 5733 1853 5799">
     <span class='ocr_line' id='line_1_102' title="bbox 275 5733 1853 5799; baseline 0.002 -12"><span class='ocrx_word' id='word_1_738' title='bbox 275 5733 736 5799; x_wconf 87' lang='lat' dir='ltr'><strong>occidentalibus,</strong></span> <span class='ocrx_word' id='word_1_739' title='bbox 775 5734 942 5790; x_wconf 89' lang='lat' dir='ltr'><strong>fuisse</strong></span> <span class='ocrx_word' id='word_1_740' title='bbox 966 5751 1331 5792; x_wconf 86' lang='lat' dir='ltr'><strong>communem.</strong></span> <span class='ocrx_word' id='word_1_741' title='bbox 1366 5756 1382 5788; x_wconf 78' lang='grc' dir='ltr'><strong><em>ι</em></strong></span> <span class='ocrx_word' id='word_1_742' title='bbox 1423 5738 1709 5792; x_wconf 84' lang='lat' dir='ltr'><strong>Existimat</strong></span> <span class='ocrx_word' id='word_1_743' title='bbox 1751 5737 1853 5791; x_wconf 84' lang='lat' dir='ltr'><strong>Ba-</strong></span> 
     </span>
    </p>
   </div>
   <div class='ocr_carea' id='block_1_103' title="bbox 272 5825 1852 5899">
    <p class='ocr_par' dir='ltr' id='par_1_103' title="bbox 272 5825 1852 5899">
     <span class='ocr_line' id='line_1_103' title="bbox 272 5825 1852 5899; baseline 0.002 -19"><span class='ocrx_word' id='word_1_744' title='bbox 272 5825 469 5881; x_wconf 83' lang='lat' dir='ltr'><strong>ronius</strong></span> <span class='ocrx_word' id='word_1_745' title='bbox 510 5826 645 5883; x_wconf 88' lang='lat' dir='ltr'><strong>nihil</strong></span> <span class='ocrx_word' id='word_1_746' title='bbox 685 5826 892 5896; x_wconf 78' lang='lat' dir='ltr'><strong>Cyrillo</strong></span> <span class='ocrx_word' id='word_1_747' title='bbox 936 5842 1255 5885; x_wconf 87' lang='lat' dir='ltr'><strong>concessum</strong></span> <span class='ocrx_word' id='word_1_748' title='bbox 1291 5847 1319 5884; x_wconf 87' lang='lat' dir='ltr'><strong>a</strong></span> <span class='ocrx_word' id='word_1_749' title='bbox 1352 5829 1667 5894; x_wconf 80' lang='lat' dir='ltr'><strong>C(elestino,</strong></span> <span class='ocrx_word' id='word_1_750' title='bbox 1709 5829 1852 5899; x_wconf 89' lang='lat' dir='ltr'><strong>quod</strong></span> 
     </span>
    </p>
   </div>
   <div class='ocr_carea' id='block_1_104' title="bbox 1961 4648 3553 4724">
    <p class='ocr_par' dir='ltr' id='par_1_104' title="bbox 1961 4648 3553 4724">
     <span class='ocr_line' id='line_1_104' title="bbox 1961 4648 3553 4724; baseline -0.003 -18"><span class='ocrx_word' id='word_1_751' title='bbox 1961 4662 2047 4707; x_wconf 87' lang='lat' dir='ltr'><strong>cta</strong></span> <span class='ocrx_word' id='word_1_752' title='bbox 2065 4651 2302 4724; x_wconf 85' lang='lat' dir='ltr'><strong>synodus</strong></span> <span class='ocrx_word' id='word_1_753' title='bbox 2324 4650 2461 4704; x_wconf 84' lang='lat' dir='ltr'><strong>dixit</strong></span> <span class='ocrx_word' id='word_1_754' title='bbox 2495 4650 2666 4704; x_wconf 91' lang='lat' dir='ltr'><strong>:Cum</strong></span> <span class='ocrx_word' id='word_1_755' title='bbox 2697 4649 2841 4703; x_wconf 89' lang='lat' dir='ltr'><strong>inter</strong></span> <span class='ocrx_word' id='word_1_756' title='bbox 2875 4659 3067 4704; x_wconf 64' lang='lat' dir='ltr'><strong>caetera</strong></span> <span class='ocrx_word' id='word_1_757' title='bbox 3109 4648 3553 4720; x_wconf 78' lang='lat' dir='ltr'><strong>religiosissimus</strong></span> 
     </span>
    </p>
   </div>
   <div class='ocr_carea' id='block_1_105' title="bbox 1959 4740 3553 4810">
    <p class='ocr_par' dir='ltr' id='par_1_105' title="bbox 1959 4740 3553 4810">
     <span class='ocr_line' id='line_1_105' title="bbox 1959 4740 3553 4810; baseline -0.002 -12"><span class='ocrx_word' id='word_1_758' title='bbox 1959 4742 2264 4804; x_wconf 87' lang='lat' dir='ltr'><strong>Nestorius,</strong></span> <span class='ocrx_word' id='word_1_759' title='bbox 2317 4755 2495 4810; x_wconf 89' lang='lat' dir='ltr'><strong>neque</strong></span> <span class='ocrx_word' id='word_1_760' title='bbox 2551 4748 2754 4794; x_wconf 72' lang='lat' dir='ltr'><strong>nostra:</strong></span> <span class='ocrx_word' id='word_1_761' title='bbox 2797 4740 3044 4810; x_wconf 83' lang='lat' dir='ltr'><strong>citationi</strong></span> <span class='ocrx_word' id='word_1_762' title='bbox 3092 4756 3318 4810; x_wconf 91' lang='lat' dir='ltr'><strong>parere,</strong></span> <span class='ocrx_word' id='word_1_763' title='bbox 3374 4756 3553 4810; x_wconf 91' lang='lat' dir='ltr'><strong>neque</strong></span> 
     </span>
    </p>
   </div>
   <div class='ocr_carea' id='block_1_106' title="bbox 1961 4831 3551 4901">
    <p class='ocr_par' dir='ltr' id='par_1_106' title="bbox 1961 4831 3551 4901">
     <span class='ocr_line' id='line_1_106' title="bbox 1961 4831 3551 4901; baseline -0.003 -12"><span class='ocrx_word' id='word_1_764' title='bbox 1961 4834 2335 4889; x_wconf 89' lang='lat' dir='ltr'><strong>sanctissimos</strong></span> <span class='ocrx_word' id='word_1_765' title='bbox 2384 4847 2604 4885; x_wconf 89' lang='lat' dir='ltr'><strong>rursum</strong></span> <span class='ocrx_word' id='word_1_766' title='bbox 2666 4831 3216 4901; x_wconf 90' lang='lat' dir='ltr'><strong>religiosissimosque</strong></span> <span class='ocrx_word' id='word_1_767' title='bbox 3265 4831 3551 4901; x_wconf 74' lang='lat' dir='ltr'><strong>episcopos</strong></span> 
     </span>
    </p>
   </div>
   <div class='ocr_carea' id='block_1_107' title="bbox 1960 4923 3553 4991">
    <p class='ocr_par' dir='ltr' id='par_1_107' title="bbox 1960 4923 3553 4991">
     <span class='ocr_line' id='line_1_107' title="bbox 1960 4923 3553 4991; baseline -0.003 -12"><span class='ocrx_word' id='word_1_768' title='bbox 1960 4934 2180 4979; x_wconf 90' lang='lat' dir='ltr'><strong>nostros</strong></span> <span class='ocrx_word' id='word_1_769' title='bbox 2228 4923 2295 4977; x_wconf 91' lang='lat' dir='ltr'><strong>ad</strong></span> <span class='ocrx_word' id='word_1_770' title='bbox 2343 4938 2402 4977; x_wconf 91' lang='lat' dir='ltr'><strong>se</strong></span> <span class='ocrx_word' id='word_1_771' title='bbox 2442 4924 2640 4978; x_wconf 86' lang='lat' dir='ltr'><strong>missos</strong></span> <span class='ocrx_word' id='word_1_772' title='bbox 2680 4923 2972 4977; x_wconf 90' lang='lat' dir='ltr'><strong>admittere</strong></span> <span class='ocrx_word' id='word_1_773' title='bbox 3012 4923 3269 4986; x_wconf 89' lang='lat' dir='ltr'><strong>voluerit,</strong></span> <span class='ocrx_word' id='word_1_774' title='bbox 3302 4936 3411 4975; x_wconf 91' lang='lat' dir='ltr'><strong>non</strong></span> <span class='ocrx_word' id='word_1_775' title='bbox 3451 4937 3553 4991; x_wconf 83' lang='lat' dir='ltr'><strong>po-</strong></span> 
     </span>
    </p>
   </div>
   <div class='ocr_carea' id='block_1_108' title="bbox 1964 5010 3552 5083">
    <p class='ocr_par' dir='ltr' id='par_1_108' title="bbox 1964 5010 3552 5083">
     <span class='ocr_line' id='line_1_108' title="bbox 1964 5010 3552 5083; baseline -0.003 -14"><span class='ocrx_word' id='word_1_776' title='bbox 1964 5014 2165 5069; x_wconf 90' lang='lat' dir='ltr'><strong>tuimus</strong></span> <span class='ocrx_word' id='word_1_777' title='bbox 2192 5012 2259 5067; x_wconf 91' lang='lat' dir='ltr'><strong>ad</strong></span> <span class='ocrx_word' id='word_1_778' title='bbox 2283 5028 2475 5067; x_wconf 89' lang='lat' dir='ltr'><strong>eorum</strong></span> <span class='ocrx_word' id='word_1_779' title='bbox 2523 5029 2645 5083; x_wconf 62' lang='lat' dir='ltr'><strong>qum</strong></span> <span class='ocrx_word' id='word_1_780' title='bbox 2665 5013 2829 5083; x_wconf 83' lang='lat' dir='ltr'><strong>impie</strong></span> <span class='ocrx_word' id='word_1_781' title='bbox 2856 5013 3043 5067; x_wconf 87' lang='lat' dir='ltr'><strong>docuit</strong></span> <span class='ocrx_word' id='word_1_782' title='bbox 3091 5010 3552 5066; x_wconf 88' lang='lat' dir='ltr'><strong>examinationem</strong></span> 
     </span>
    </p>
   </div>
   <div class='ocr_carea' id='block_1_109' title="bbox 1960 5103 3547 5175">
    <p class='ocr_par' dir='ltr' id='par_1_109' title="bbox 1960 5103 3547 5175">
     <span class='ocr_line' id='line_1_109' title="bbox 1960 5103 3547 5175; baseline -0.001 -17"><span class='ocrx_word' id='word_1_783' title='bbox 1960 5106 2202 5159; x_wconf 90' lang='lat' dir='ltr'><strong>animum</strong></span> <span class='ocrx_word' id='word_1_784' title='bbox 2252 5119 2361 5157; x_wconf 91' lang='lat' dir='ltr'><strong>non</strong></span> <span class='ocrx_word' id='word_1_785' title='bbox 2409 5104 2724 5175; x_wconf 74' lang='lat' dir='ltr'><strong>adiungere.</strong></span> <span class='ocrx_word' id='word_1_786' title='bbox 2772 5103 2964 5157; x_wconf 78' lang='lat' dir='ltr'><strong>Edoeti</strong></span> <span class='ocrx_word' id='word_1_787' title='bbox 3011 5103 3193 5171; x_wconf 90' lang='lat' dir='ltr'><strong>itaque</strong></span> <span class='ocrx_word' id='word_1_788' title='bbox 3235 5103 3436 5171; x_wconf 89' lang='lat' dir='ltr'><strong>partim</strong></span> <span class='ocrx_word' id='word_1_789' title='bbox 3481 5120 3547 5157; x_wconf 82' lang='lat' dir='ltr'><strong>ex</strong></span> 
     </span>
    </p>
   </div>
   <div class='ocr_carea' id='block_1_110' title="bbox 1960 5193 3547 5265">
    <p class='ocr_par' dir='ltr' id='par_1_110' title="bbox 1960 5193 3547 5265">
     <span class='ocr_line' id='line_1_110' title="bbox 1960 5193 3547 5265; baseline -0.001 -17"><span class='ocrx_word' id='word_1_790' title='bbox 1960 5194 2162 5250; x_wconf 91' lang='lat' dir='ltr'><strong>litteris</strong></span> <span class='ocrx_word' id='word_1_791' title='bbox 2194 5195 2709 5265; x_wconf 90' lang='lat' dir='ltr'><strong>commentariisque</strong></span> <span class='ocrx_word' id='word_1_792' title='bbox 2757 5194 2905 5248; x_wconf 91' lang='lat' dir='ltr'><strong>illius</strong></span> <span class='ocrx_word' id='word_1_793' title='bbox 2944 5193 3036 5247; x_wconf 90' lang='lat' dir='ltr'><strong>hic</strong></span> <span class='ocrx_word' id='word_1_794' title='bbox 3082 5193 3304 5263; x_wconf 90' lang='lat' dir='ltr'><strong>publice</strong></span> <span class='ocrx_word' id='word_1_795' title='bbox 3354 5194 3547 5258; x_wconf 88' lang='lat' dir='ltr'><strong>lectis,</strong></span> 
     </span>
    </p>
   </div>
   <div class='ocr_carea' id='block_1_111' title="bbox 1958 5285 3552 5358">
    <p class='ocr_par' dir='ltr' id='par_1_111' title="bbox 1958 5285 3552 5358">
     <span class='ocr_line' id='line_1_111' title="bbox 1958 5285 3552 5358; baseline -0.001 -17"><span class='ocrx_word' id='word_1_796' title='bbox 1958 5288 2158 5358; x_wconf 89' lang='lat' dir='ltr'><strong>partim</strong></span> <span class='ocrx_word' id='word_1_797' title='bbox 2195 5303 2412 5343; x_wconf 92' lang='lat' dir='ltr'><strong>rursum</strong></span> <span class='ocrx_word' id='word_1_798' title='bbox 2455 5302 2523 5341; x_wconf 86' lang='lat' dir='ltr'><strong>ex</strong></span> <span class='ocrx_word' id='word_1_799' title='bbox 2556 5285 2913 5343; x_wconf 91' lang='lat' dir='ltr'><strong>concionibus</strong></span> <span class='ocrx_word' id='word_1_800' title='bbox 2974 5301 3111 5355; x_wconf 85' lang='lat' dir='ltr'><strong>quas</strong></span> <span class='ocrx_word' id='word_1_801' title='bbox 3143 5285 3199 5339; x_wconf 90' lang='lat' dir='ltr'><strong>in</strong></span> <span class='ocrx_word' id='word_1_802' title='bbox 3233 5286 3337 5341; x_wconf 88' lang='lat' dir='ltr'><strong>hac</strong></span> <span class='ocrx_word' id='word_1_803' title='bbox 3366 5286 3552 5357; x_wconf 84' lang='lat' dir='ltr'><strong>Ephe-</strong></span> 
     </span>
    </p>
   </div>
   <div class='ocr_carea' id='block_1_112' title="bbox 1960 5378 3548 5455">
    <p class='ocr_par' dir='ltr' id='par_1_112' title="bbox 1960 5378 3548 5455">
     <span class='ocr_line' id='line_1_112' title="bbox 1960 5378 3548 5455; baseline -0.001 -22"><span class='ocrx_word' id='word_1_804' title='bbox 1960 5381 2167 5435; x_wconf 90' lang='lat' dir='ltr'><strong>siorum</strong></span> <span class='ocrx_word' id='word_1_805' title='bbox 2192 5379 2484 5449; x_wconf 88' lang='lat' dir='ltr'><strong>metropoli</strong></span> <span class='ocrx_word' id='word_1_806' title='bbox 2518 5379 2741 5444; x_wconf 89' lang='lat' dir='ltr'><strong>habuit,</strong></span> <span class='ocrx_word' id='word_1_807' title='bbox 2778 5378 2978 5455; x_wconf 85' lang='lat' dir='ltr'><strong>partim</strong></span> <span class='ocrx_word' id='word_1_808' title='bbox 3021 5378 3257 5448; x_wconf 90' lang='lat' dir='ltr'><strong>denique</strong></span> <span class='ocrx_word' id='word_1_809' title='bbox 3292 5393 3357 5433; x_wconf 89' lang='lat' dir='ltr'><strong>ex</strong></span> <span class='ocrx_word' id='word_1_810' title='bbox 3394 5378 3548 5432; x_wconf 78' lang='lat' dir='ltr'><strong>testi-</strong></span> 
     </span>
    </p>
   </div>
   <div class='ocr_carea' id='block_1_113' title="bbox 1960 5467 3549 5541">
    <p class='ocr_par' dir='ltr' id='par_1_113' title="bbox 1960 5467 3549 5541">
     <span class='ocr_line' id='line_1_113' title="bbox 1960 5467 3549 5541; baseline -0.001 -18"><span class='ocrx_word' id='word_1_811' title='bbox 1960 5470 2063 5524; x_wconf 88' lang='lat' dir='ltr'><strong>bus</strong></span> <span class='ocrx_word' id='word_1_812' title='bbox 2087 5469 2192 5526; x_wconf 88' lang='lat' dir='ltr'><strong>ﬁde</strong></span> <span class='ocrx_word' id='word_1_813' title='bbox 2227 5469 2427 5541; x_wconf 88' lang='lat' dir='ltr'><strong>dignis,</strong></span> <span class='ocrx_word' id='word_1_814' title='bbox 2461 5469 2615 5523; x_wconf 91' lang='lat' dir='ltr'><strong>illum</strong></span> <span class='ocrx_word' id='word_1_815' title='bbox 2652 5469 2819 5538; x_wconf 92' lang='lat' dir='ltr'><strong>impie</strong></span> <span class='ocrx_word' id='word_1_816' title='bbox 2856 5467 3056 5523; x_wconf 82' lang='lat' dir='ltr'><strong>docere</strong></span> <span class='ocrx_word' id='word_1_817' title='bbox 3101 5476 3157 5522; x_wconf 89' lang='lat' dir='ltr'><strong>et</strong></span> <span class='ocrx_word' id='word_1_818' title='bbox 3198 5484 3411 5538; x_wconf 90' lang='lat' dir='ltr'><strong>sapere,</strong></span> <span class='ocrx_word' id='word_1_819' title='bbox 3448 5483 3549 5537; x_wconf 89' lang='lat' dir='ltr'><strong>per</strong></span> 
     </span>
    </p>
   </div>
   <div class='ocr_carea' id='block_1_114' title="bbox 1959 5559 3545 5629">
    <p class='ocr_par' dir='ltr' id='par_1_114' title="bbox 1959 5559 3545 5629">
     <span class='ocr_line' id='line_1_114' title="bbox 1959 5559 3545 5629; baseline -0.001 -14"><span class='ocrx_word' id='word_1_820' title='bbox 1959 5576 2145 5616; x_wconf 87' lang='lat' dir='ltr'><strong>sacros</strong></span> <span class='ocrx_word' id='word_1_821' title='bbox 2190 5576 2448 5624; x_wconf 89' lang='lat' dir='ltr'><strong>canones,</strong></span> <span class='ocrx_word' id='word_1_822' title='bbox 2493 5559 2936 5629; x_wconf 88' lang='lat' dir='ltr'><strong>sanctissimique</strong></span> <span class='ocrx_word' id='word_1_823' title='bbox 2984 5560 3243 5614; x_wconf 70' lang='lat' dir='ltr'><strong>Romanze</strong></span> <span class='ocrx_word' id='word_1_824' title='bbox 3284 5559 3545 5613; x_wconf 65' lang='lat' dir='ltr'><strong>Ecclesiae</strong></span> 
     </span>
    </p>
   </div>
   <div class='ocr_carea' id='block_1_115' title="bbox 1956 5650 3539 5722">
    <p class='ocr_par' dir='ltr' id='par_1_115' title="bbox 1956 5650 3539 5722">
     <span class='ocr_line' id='line_1_115' title="bbox 1956 5650 3539 5722; baseline -0.001 -17"><span class='ocrx_word' id='word_1_825' title='bbox 1956 5652 2198 5722; x_wconf 88' lang='lat' dir='ltr'><strong>episcopi</strong></span> <span class='ocrx_word' id='word_1_826' title='bbox 2235 5650 2513 5708; x_wconf 75' lang='lat' dir='ltr'><strong>leestini</strong></span> <span class='ocrx_word' id='word_1_827' title='bbox 2558 5651 2728 5721; x_wconf 85' lang='lat' dir='ltr'><strong>patris</strong></span> <span class='ocrx_word' id='word_1_828' title='bbox 2765 5651 2939 5706; x_wconf 91' lang='lat' dir='ltr'><strong>nostri</strong></span> <span class='ocrx_word' id='word_1_829' title='bbox 2984 5650 3224 5716; x_wconf 89' lang='lat' dir='ltr'><strong>litteras,</strong></span> <span class='ocrx_word' id='word_1_830' title='bbox 3282 5650 3539 5721; x_wconf 86' lang='lat' dir='ltr'><strong>lacrymis</strong></span> 
     </span>
    </p>
   </div>
   <div class='ocr_carea' id='block_1_116' title="bbox 1958 5738 3535 5810">
    <p class='ocr_par' dir='ltr' id='par_1_116' title="bbox 1958 5738 3535 5810">
     <span class='ocr_line' id='line_1_116' title="bbox 1958 5738 3535 5810; baseline 0.002 -19"><span class='ocrx_word' id='word_1_831' title='bbox 1958 5738 2151 5793; x_wconf 82' lang='lat' dir='ltr'><strong>suffusi</strong></span> <span class='ocrx_word' id='word_1_832' title='bbox 2181 5749 2236 5794; x_wconf 87' lang='lat' dir='ltr'><strong>et</strong></span> <span class='ocrx_word' id='word_1_833' title='bbox 2261 5755 2400 5810; x_wconf 84' lang='lat' dir='ltr'><strong>pene</strong></span> <span class='ocrx_word' id='word_1_834' title='bbox 2424 5740 2580 5794; x_wconf 90' lang='lat' dir='ltr'><strong>inviti</strong></span> <span class='ocrx_word' id='word_1_835' title='bbox 2610 5739 2677 5793; x_wconf 87' lang='lat' dir='ltr'><strong>ad</strong></span> <span class='ocrx_word' id='word_1_836' title='bbox 2713 5739 3001 5809; x_wconf 87' lang='lat' dir='ltr'><strong>lugubrem</strong></span> <span class='ocrx_word' id='word_1_837' title='bbox 3036 5741 3176 5796; x_wconf 85' lang='lat' dir='ltr'><strong>hanc</strong></span> <span class='ocrx_word' id='word_1_838' title='bbox 3210 5739 3535 5795; x_wconf 87' lang='lat' dir='ltr'><strong>sententiam</strong></span> 
     </span>
    </p>
   </div>
   <div class='ocr_carea' id='block_1_117' title="bbox 1956 5833 3532 5903">
    <p class='ocr_par' dir='ltr' id='par_1_117' title="bbox 1956 5833 3532 5903">
     <span class='ocr_line' id='line_1_117' title="bbox 1956 5833 3532 5903; baseline 0.001 -18"><span class='ocrx_word' id='word_1_839' title='bbox 1956 5848 2237 5902; x_wconf 83' lang='lat' dir='ltr'><strong>urgemur.</strong></span> <span class='ocrx_word' id='word_1_840' title='bbox 2288 5833 2457 5903; x_wconf 83' lang='lat' dir='ltr'><strong>igitur</strong></span> <span class='ocrx_word' id='word_1_841' title='bbox 2505 5834 2769 5890; x_wconf 87' lang='lat' dir='ltr'><strong>Dominus</strong></span> <span class='ocrx_word' id='word_1_842' title='bbox 2818 5842 3004 5890; x_wconf 88' lang='lat' dir='ltr'><strong>noster</strong></span> <span class='ocrx_word' id='word_1_843' title='bbox 3051 5835 3209 5890; x_wconf 85' lang='lat' dir='ltr'><strong>Jcsus</strong></span> <span class='ocrx_word' id='word_1_844' title='bbox 3259 5834 3532 5898; x_wconf 81' lang='lat' dir='ltr'><strong>Christus,</strong></span> 
     </span>
    </p>
   </div>
  </div>
