4154 6536
548 389 614 445 31
1886 396 1942 451 S.
1986 395 2264 452 CYlllLLl
2304 393 2483 449 VITA.

3721 398 3801 455 53

543 518 709 575 quem
757 502 874 558 suis
913 501 1004 559 ille
1048 503 1381 575 blasphemis
1415 506 1643 562 vocibus
1686 506 1975 578 impetivit,
2024 526 2123 580 per
2151 520 2192 571 Α
2224 508 2307 563 sui
2349 517 2406 563 et
2450 524 2574 563 cum
2620 510 2808 566 multis
2848 513 3171 585 Pelagianis,
3210 516 3307 586 qui
3355 525 3645 587 cognatum
3684 517 3801 576 sibi

543 609 758 650 sacram
788 594 929 649 hanc
971 595 1258 667 synodum,
1299 596 1552 651 eumdem
1600 598 1933 665 Nestorium,
1969 602 2119 656 omni

544 699 771 754 prorsus
800 684 1095 755 episcopali
1128 685 1390 756 dignitate
1430 687 1725 756 privatum,
1778 700 1836 745 et
1877 693 1948 747 ab
1992 694 2118 747 uni-

545 791 703 831 verso
742 776 1099 833 nihilominus
1156 777 1507 833 sacerdotum
1551 782 1830 838 consortio
1872 792 1929 839 et
1974 794 2119 841 cmtu

543 866 784 922 alienum
816 883 938 923 esse
963 868 1231 923 decernit.
1274 887 1293 921 ι

608 959 695 1013 51.
729 959 882 1014 lianc
912 959 1242 1014 sententiam
1270 960 1500 1015 solemni
1540 963 1725 1019 statim
1753 979 1950 1036 pompa
1976 982 2119 1036 prae-

543 1064 709 1103 cones
743 1056 855 1103 tota
894 1048 1029 1105 urbe
1062 1050 1540 1117 circumtulerunt,
1585 1063 1641 1109 et
1678 1054 1853 1111 allixis
1898 1057 2119 1127 publice

542 1139 868 1210 syngraphis
900 1143 1335 1214 promulgarunt.
1382 1145 1621 1214 Populus
1665 1146 1979 1216 Ephesinus
2031 1149 2117 1203 in-

540 1235 792 1291 credibili
814 1237 1012 1307 gaudio
1032 1239 1285 1308 perfusus
1307 1241 1704 1297 collucentibus
1726 1243 1881 1299 taedis
1896 1244 2118 1300 domum

542 1325 771 1381 deduxit
805 1327 1110 1398 episcopos,
1146 1332 1606 1399 praetereuntibus
1638 1333 1801 1388 thura
1835 1342 1891 1389 et
1922 1334 2120 1391 odores

545 1417 809 1482 incendit,
832 1418 1093 1489 impiique
1119 1420 1356 1476 Nestorii
1385 1423 1894 1481 condemnationem
1925 1426 2117 1496 plausu

542 1511 879 1567 laustissimo
907 1512 1140 1582 excepit.
1173 1512 1432 1582 Sequenti
1465 1515 1552 1569 die
1577 1514 1813 1588 Cyrillus
1844 1518 1909 1572 ad
1940 1534 2117 1589 popu-

547 1602 657 1655 lum
687 1601 1019 1671 Ephesinum
1053 1602 1109 1655 in
1136 1601 1352 1656 laudem
1376 1604 1729 1659 sanctissimae
1750 1606 1845 1661 Dei
1876 1606 2116 1661 Genitri-

544 1691 628 1745 cis
655 1691 974 1746 concionem
998 1691 1209 1758 habuit,
1237 1693 1611 1764 acerrimeque
1637 1696 1691 1749 in
1713 1696 1949 1751 Nestorii
1972 1698 2117 1752 blas-

546 1782 792 1852 phemias
818 1782 1063 1837 invectus
1086 1790 1189 1837 est.
1224 1783 1466 1853 Denique
1493 1785 1561 1838 ad
1604 1786 1974 1841 Theodosium
2018 1787 2119 1841 im-

2220 600 2417 671 dogma
2450 601 2734 671 iuvabant,
2771 603 3081 660 damnatur.
3114 625 3133 659 ι

2291 694 2378 748 55.
2404 695 2615 749 [nterea
2637 695 2951 767 imperator,
2982 697 3115 753 falsa
3149 698 3507 755 Orientalium
3530 700 3798 755 relatione

2219 785 2505 856 deceptus,
2540 803 2651 842 non
2680 788 2857 843 solum
2904 789 3163 855 Nestorii,
3191 806 3381 846 verum
3417 792 3582 847 etiam
3604 791 3796 863 Cyrilli

2218 885 2275 931 et
2320 877 2624 933 Memnonis
2678 880 3202 946 exauctoratiouem,
3245 890 3504 952 tanquam
3553 883 3799 953 legitime

2220 968 2448 1033 factam,
2501 970 2767 1039 approbat
2813 988 2828 1024 :
2896 971 3160 1027 Joannem
3208 987 3490 1027 sacrorum
3537 974 3799 1028 comitem

2218 1062 2690 1132 Constantinopoli
2724 1062 3003 1132 Ephesum
3039 1064 3201 1134 legat,
3244 1062 3340 1132 qui
3377 1062 3528 1133 pacis
3559 1078 3795 1119 concor-

2218 1153 2428 1224 dizeque
2453 1169 2616 1209 causa
2640 1152 2848 1225 synodo
2877 1153 3038 1217 adsit,
3060 1161 3123 1207 ut
3149 1153 3353 1208 dicitur
3380 1161 3529 1207 tomo
3556 1152 3645 1218 lli,
3668 1168 3793 1222 cap.

2220 1245 2306 1299 l5.
2345 1246 2445 1300 llic
2470 1245 2565 1299 ubi
2594 1245 2869 1314 Ephesum
2901 1244 3144 1308 advenit,
3174 1244 3351 1313 prima
3381 1243 3469 1299 die
3500 1244 3657 1299 lectis
3684 1245 3795 1298 im-

2219 1337 2487 1405 peratoris
2545 1335 2763 1399 litteris,
2820 1334 3062 1389 declarat
3114 1335 3448 1400 Nestorium,
3505 1334 3799 1407 Cyrillum,

2217 1434 2381 1496 atque
2408 1425 2747 1480 Memnonem
2786 1425 2907 1495 jure
2951 1424 3268 1494 depositos:
3307 1440 3448 1495 quos
3478 1439 3689 1490 omnes,
3725 1441 3800 1481 ne

2217 1518 2445 1578 dissidia
2468 1519 2671 1588 majora
2693 1517 3116 1581 concitarentur,
3143 1516 3350 1571 carceri
3388 1532 3662 1587 quemque
3694 1533 3800 1573 suo

2218 1608 2481 1672 includit;
2511 1617 2567 1663 et
2592 1607 2903 1662 Nestorium
2932 1607 3157 1677 quidem
3182 1607 3601 1663 custodiendum
3630 1608 3801 1662 tradit

2215 1696 2553 1752 Candidiano
2576 1694 2785 1759 comiti,
2816 1694 3077 1766 Cyrillum
3093 1710 3223 1749 vero
3251 1704 3309 1751 et
3331 1695 3675 1750 Memnonem
3699 1696 3798 1751 la.

2216 1790 2358 1844 cobo
2411 1789 2600 1843 itidem
2648 1788 2855 1850 comiti,
2912 1797 2972 1841 ut
3025 1788 3142 1858 ipse
3190 1789 3429 1843 Joannes
3472 1789 3671 1843 litteris
3727 1789 3797 1842 ad

546 1881 851 1940 peratorem
888 1880 943 1925 et
978 1872 1184 1926 clerum
1214 1871 1873 1945 Constantiuopolitanum
1897 1877 2115 1947 scripta:
2148 1858 2191 1916 Β
2220 1879 2591 1936 Theodosium
2611 1878 2795 1933 missis
2822 1878 3028 1932 indicat
3058 1888 3190 1932 tom.
3218 1876 3307 1940 lll,
3335 1878 3568 1947 append.
3590 1878 3645 1941 2,
3672 1893 3793 1947 cap.

545 1971 673 2016 sunt
695 1963 891 2017 litterae
912 1964 1213 2033 synodales.

543 2117 571 2189 ᾗ
599 2118 665 2174 Χ.
689 2119 847 2174 Nova:
877 2122 931 2174 in
956 2120 1214 2192 Cyrillum
1237 2121 1550 2187 calumnia;
1576 2140 1842 2189 carceres;
1874 2126 2112 2181 victoria.

619 2255 709 2310 52.
739 2256 864 2310 llaec
893 2256 1023 2311 dum
1049 2273 1261 2311 summa
1301 2258 1730 2313 orthodoxorum
1772 2260 1959 2315 laetitia
1987 2276 2115 2331 per-

548 2353 801 2416 aguntur,
821 2356 1097 2401 certamen
1127 2347 1391 2403 instaurat
1418 2349 1781 2405 haaresiarcha
1812 2352 2114 2408 Nestorius.

550 2436 613 2490 Ei
655 2435 910 2491 {avebant
956 2438 1212 2504 comites,
1251 2439 1623 2495 Candidianus
1677 2442 1747 2496 ab
1788 2442 2118 2512 imperatore

548 2526 859 2583 Theodosio
888 2529 956 2584 ad
982 2545 1168 2599 pacem
1198 2530 1470 2601 publicam
1497 2533 1792 2588 curandam
1815 2534 2116 2603 appositus,

546 2624 604 2673 et
627 2617 864 2676 [renatis
892 2620 1145 2677 amicitiae
1188 2622 1370 2677 studio
1405 2622 1716 2677 Nestorium
1754 2633 1991 2678 secutus.
2028 2624 2118 2679 lu-

548 2706 934 2763 tercluduntur
961 2722 1093 2780 ergo
1117 2708 1186 2764 ab
1209 2709 1297 2765 his
1319 2710 1422 2765 via:
1452 2725 1661 2776 omnes,
1697 2727 1767 2767 ne
1787 2728 1896 2782 qua
1926 2713 2118 2783 synodi

546 2796 745 2853 litterae
767 2798 835 2853 ad
868 2799 1256 2870 imperatorem
1285 2801 1622 2867 deferantur,
1648 2811 1795 2857 terra
1829 2811 1926 2857 aut
1958 2804 2114 2858 mari.

548 2889 773 2945 Interim
824 2890 1061 2947 Joannes
1118 2892 1409 2963 episcopus
1461 2892 1840 2948 Autiochenus
1910 2894 2115 2965 aliique

547 2978 853 3038 Orientales
877 2982 1140 3054 episcopi,
1172 2983 1242 3038 ad
1276 2982 1643 3038 damnandum
1680 2984 1990 3039 Nestorium
2017 3001 2118 3055 po-

549 3072 795 3141 pularem
815 3088 977 3128 suum
999 3074 1247 3145 ingratiis
1265 3074 1446 3139 acciti,
1463 3090 1607 3129 xxvn
1627 3075 1780 3132 Junii
1797 3076 2117 3141 adveniunt,

547 3170 606 3217 et
633 3162 990 3218 tumultuario
1022 3172 1211 3221 coacto
1248 3164 1611 3221 conciliabqu
1640 3166 1895 3236 legitima:
1926 3167 2119 3237 synodi
2149 3204 2193 3262 ο

549 3254 684 3311 Acta
716 3256 1054 3321 rescindunt,
1084 3272 1149 3313 ac
1170 3256 1439 3329 Cyrillum
1462 3266 1519 3313 et
1539 3257 1879 3313 Memnonem
1922 3258 2123 3329 Ephesi

548 3347 865 3417 episcopum
895 3347 1187 3414 damnant;
1218 3348 1484 3420 Cyrillum
1505 3350 1749 3420 quidem,
1795 3351 1950 3420 quasi
1985 3351 2123 3405 seri-

550 3438 664 3510 ptis
708 3440 825 3494 suis
850 3439 918 3494 ad
938 3439 1250 3495 Nestorium
1268 3441 1793 3511 Constantinopolim
1819 3442 2000 3496 missis
2018 3442 2128 3498 ha:-

554 3543 715 3583 reses
746 3529 1151 3595 admiscuisset,
1181 3531 1523 3587 Memnonem
1576 3546 1707 3587 vero
1756 3532 1901 3601 quod
1938 3532 2126 3604 Cyrilli

549 3619 788 3691 capitula
809 3621 1601 3693 promulgasset,Nestorioque
1645 3638 1835 3678 omnes
1869 3625 2128 3680 ecclesias

552 3711 754 3782 Ephesi
787 3712 1091 3779 clausisset,
1124 3721 1181 3769 et
1211 3714 1317 3769 alia
1358 3714 1629 3785 permulta
1663 3724 1851 3769 contra
1892 3731 2130 3773 canones

552 3804 854 3874 peregisset
883 3820 897 3857 :
930 3803 1172 3875 reliquos
1199 3812 1382 3860 autem
1412 3804 1762 3861 mcumenicze
1786 3806 1977 3876 synodi
2008 3806 2127 3877 epi-

554 3895 1324 3964 scoposexcommuuicatioui
1364 3896 1683 3969 subjiciunt,
1722 3897 1897 3952 donec
1942 3898 2128 3970 Cyrilli

553 3986 794 4057 capitula
836 3984 1179 4043 damnarent.
1221 3986 1438 4045 Charta:
1476 3987 1713 4059 denique
1760 3990 1977 4059 publice
2008 3990 2127 4046 alli-

554 4087 776 4148 gantur,
804 4080 1005 4149 quibus
1031 4078 1266 4150 Cyrillus
1293 4078 1584 4150 episcopus
1603 4080 2003 4137 Alexandrinus
2028 4082 2129 4137 de-

554 4170 796 4226 claratur
842 4179 1005 4228 secta:
1042 4171 1375 4242 Apollinaris
1422 4172 1730 4236 haereticus,
1775 4183 1939 4243 atque
1990 4174 2131 4229 hanc

552 4264 675 4334 ejus
706 4264 953 4321 haeresim
981 4264 1296 4335 imperatori
1328 4262 1703 4318 denuntiatam
1737 4279 1877 4319 esse.

751 4354 996 4422 Quarum
1040 4371 1227 4410 rerum
1272 4354 1598 4425 indignitate
1646 4355 1904 4410 commoti
1944 4356 2132 4412 Patres

554 4444 843 4514 Ephesium
874 4444 1087 4517 synodi,
1120 4445 1359 4517 acceptis
1396 4443 1597 4500 libellis
1633 4444 1974 4515 supplicibus
1992 4461 2131 4516 quos

2222 1972 2274 2035 l,
2302 1971 2502 2041 quibus
2528 1970 2759 2040 aliisque
2793 1971 2990 2025 litteris
3024 1978 3173 2025 tanta
3212 1970 3558 2043 improbitate
3598 1977 3798 2023 cuncta

2222 2062 2431 2126 retulit,
2463 2071 2523 2117 ut
2547 2062 2615 2116 de
2634 2061 2820 2132 Cyrilli
2852 2062 3046 2116 exsilio
3076 2061 3364 2115 consilium
3405 2058 3800 2115 Constantino-

2222 2152 2332 2223 poli
2360 2153 2613 2217 iuiretur,
2636 2153 2791 2223 quasi
2811 2168 2964 2207 sacra
2990 2152 3229 2223 synodus
3258 2152 3378 2221 ejus
3396 2150 3810 2205 exauctoratio—

2220 2258 2349 2299 nem
2370 2253 2542 2298 ratam
2564 2243 2878 2309 habuisset,
2902 2253 2963 2297 ut
2988 2246 3102 2313 ipse
3122 2242 3357 2315 Cyrillus
3383 2241 3437 2295 in
3461 2241 3701 2311 Epistola
3724 2242 3798 2295 ad

2222 2332 2419 2387 clerum
2466 2332 2817 2404 populumque
2875 2332 3516 2403 Constantinopolitanae:
3567 2339 3798 2386 testatur

2225 2429 2373 2477 tomo
2392 2422 2480 2487 1V,
2506 2437 2625 2491 cap.
2653 2422 2740 2486 l2,
2767 2422 2861 2476 ubi
2885 2423 3130 2477 detectas
3152 2421 3376 2477 Joannis
3398 2420 3620 2475 comitis
3643 2420 3815 2475 [ηας-ί

2222 2513 2321 2568 des
2344 2513 2582 2583 postulat
2617 2513 2739 2568 aliis
2769 2512 3034 2584 pateﬁeri,
3066 2512 3300 2567 maxime
3328 2511 3799 2578 archimandritis,

2223 2616 2458 2671 quorum
2500 2602 2748 2657 omnium
2775 2618 2936 2672 opem
2975 2601 3247 2670 ﬁdemque
3284 2600 3484 2655 obnixe
3522 2601 3794 2671 implorat.

2223 2688 2369 2757 quod
2388 2688 2629 2759 synodus
2646 2688 2897 2744 maximis
2916 2688 3153 2744 miseriis
3173 2688 3469 2753 obruatur;
3488 2698 3546 2743 et
3565 2705 3683 2758 cap.
3707 2690 3793 2751 l8,

2223 2782 2290 2835 ad
2341 2781 2626 2852 episcopos
2676 2780 3145 2849 Constantinopoli
3194 2788 3425 2849 agentes
3468 2779 3538 2834 de
3586 2794 3644 2833 se
3693 2779 3801 2833 huc

2224 2872 2449 2928 scribit:
2484 2891 2502 2925 ί
2524 2872 2634 2927 Nos
2654 2872 2822 2927 vincti
2850 2870 3218 2941 custoditique
3238 2886 3599 2934 asservamur,
3622 2870 3794 2941 ignari

2228 2979 2449 3035 prorsus
2502 2980 2612 3033 quo
2642 2964 2860 3019 tandem
2892 2980 2980 3019 res
3018 2963 3134 3019 haec
3173 2964 3245 3018 sit
3282 2978 3537 3018 evasura.
3564 2962 3803 3017 Verum-

2228 3060 2409 3107 tamen
2440 3052 2642 3124 gratias
2672 3051 2883 3123 agimus
2906 3050 3147 3116 Christo,
3173 3050 3319 3123 quod
3356 3067 3455 3121 pro
3486 3051 3703 3107 nomine
3728 3051 3799 3106 ii-

2227 3143 2333 3198 lius
2352 3143 2500 3215 digni
2529 3143 2849 3210 habeamur,
2877 3158 2988 3199 non
3010 3144 3187 3199 solum
3214 3143 3453 3199 vinculis
3477 3143 3798 3214 constringi,

2225 3235 2321 3290 sed
2344 3244 2541 3290 caetera
2562 3249 2781 3304 quoque
2818 3233 3005 3289 omnia
3027 3232 3238 3304 perpeti
3263 3250 3276 3286 :
3304 3248 3482 3302 neque
3509 3232 3656 3287 enim
3696 3233 3809 3289 ista

2226 3325 2467 3396 pmmiis
2507 3324 2625 3380 suis
2661 3324 2991 3379 carebunt...
3032 3325 3334 3381 Preceutur
3373 3340 3472 3394 pro
3508 3324 3669 3379 nobis
3705 3340 3803 3378 or-

2226 3416 2451 3472 thodoxi
2479 3432 2687 3472 omnes.
2714 3416 2783 3474 Ut
2805 3416 2950 3471 enim
2977 3416 3170 3472 beatus
3215 3415 3381 3469 David
3404 3415 3479 3469 ait
3507 3432 3527 3468 :
3568 3414 3679 3487 Ego
3730 3418 3809 3469 ad

2225 3507 2442 3579 ﬂagella
2472 3517 2693 3579 paratus
2724 3524 2863 3562 sum.
2897 3505 3066 3576 (Psal.
3089 3521 3288 3570 xxxvn,
3324 3503 3434 3574 l8.)
3454 3523 3473 3556 ι

2289 3621 2376 3676 56.
2407 3620 2624 3687 Quanta
2661 3620 2829 3674 animi
2859 3619 3187 3683 constantia,
3214 3634 3486 3689 quamque
3530 3616 3806 3674 indefesso

2227 3710 2430 3776 studio,
2460 3710 2675 3782 egerint
2712 3711 2857 3781 apud
2904 3711 3289 3781 imperatorem
3329 3709 3616 3764 orthodoxi
3655 3710 3809 3764 Con-

2227 3800 2717 3872 stantinopolitani,
2736 3800 2943 3856 indicat
2958 3800 3179 3855 libellus
3197 3800 3277 3854 illi
3294 3799 3531 3864 oblatus,
3547 3808 3693 3877 tome
3709 3802 3801 3863 IV.

2226 3910 2345 3964 cap.
2381 3894 2468 3959 16,
2507 3909 2618 3964 quo
2646 3908 2770 3948 cum
2793 3892 3131 3956 docuissent,
3177 3892 3342 3962 justis
3382 3892 3689 3963 principum
3720 3894 3803 3947 le-

2227 3982 2387 4053 gibus
2438 3980 2952 4051 obtemperaudum,
3019 3980 3237 4051 injustis
3296 3995 3426 4035 vero
3484 3980 3813 4036 eorundem

2227 4072 2601 4128 sanctionibus
2647 4071 3059 4142 repugnandum
3094 4070 3226 4126 totis
3255 4070 3468 4126 viribus
3491 4086 3633 4137 esse,
3676 4072 3813 4126 sub-

2223 4163 2462 4235 jungunt
2492 4179 2551 4218 se
2591 4162 2809 4233 quidvis
2841 4163 3001 4218 malle
3045 4161 3278 4232 perpeti,
3326 4176 3488 4231 quam
3543 4162 3805 4232 injustam

2228 4254 2596 4310 damnationis
2625 4252 2951 4310 sententiam
2992 4252 3199 4308 nefarie
3234 4253 3303 4307 ab
3334 4252 3703 4308 Orientalibus
3745 4254 3811 4308 in

2227 4347 2489 4418 Cyrillum
2519 4355 2577 4402 et
2603 4345 2945 4402 Memnonem
2976 4344 3161 4407 latam,
3199 4352 3256 4399 et
3298 4343 3503 4415 injuste
3527 4344 3596 4399 ab
3626 4345 3804 4414 impo-

2230 4440 2509 4495 ratoribus
2532 4438 2929 4502 conﬁrmatam,
2954 4437 3218 4507 recipere.
3243 4436 3487 4507 Denique
3508 4436 3595 4491 his
3618 4436 3803 4491 verbis

556 4551 656 4605 pro
686 4552 786 4589 sua
817 4537 1131 4593 innocentia
1151 4538 1388 4608 Cyrillus
1422 4553 1486 4592 ac
1510 4538 1760 4593 Memnon
1795 4539 2126 4604 obtulerant,
2232 4530 2572 4587 concludunt
2597 4547 2612 4583 :
2661 4548 2681 4581 ί
2710 4527 2849 4584 Cum
2878 4525 3060 4596 itaque
3081 4526 3363 4581 Nestorius
3394 4535 3615 4598 propter
3644 4542 3809 4582 suam.

554 4628 816 4682 Joannem
847 4629 1025 4682 missis
1044 4628 1222 4683 tribus
1246 4628 1517 4697 episcopis
1538 4638 1762 4683 mouent
1804 4639 1863 4683 ut
1909 4644 1967 4684 se
2005 4647 2131 4701 syn-

555 4718 665 4773 odo
683 4717 859 4784 sistat,
885 4718 1153 4773 rationem
1174 4718 1259 4773 sui
1282 4718 1407 4773 facti
1432 4717 1766 4773 redditurus.
1793 4718 1998 4774 Abuuit
2017 4720 2128 4785 ille,

557 4810 795 4863 militum
832 4808 1014 4879 potius
1054 4808 1243 4863 virtuti
1270 4823 1434 4879 quam
1469 4823 1647 4863 causa:
1678 4808 1921 4877 tequitati
1958 4809 2130 4864 conﬁ-

559 4915 671 4955 sus.
710 4901 889 4967 Quare
933 4899 1174 4971 synodus
1205 4900 1471 4955 Joannem
1508 4915 1632 4954 cum
1677 4901 1860 4966 sociis,
1902 4901 2132 4956 anathe-

556 5002 699 5048 mate
712 5003 875 5064 atque
889 4992 1237 5064 episcopatus
1252 4989 1597 5045 abdicatione
1616 4991 1830 5056 multat;
1847 4991 2131 5063 Cyrillum,

558 5085 924 5151 Memnonem,
944 5101 1009 5141 ac
1028 5084 1271 5155 reliquos
1293 5089 1485 5138 contra
1503 5082 1593 5153 jus
1614 5098 1678 5137 ac
1701 5082 1780 5137 fas
1796 5098 1957 5137 omne
1976 5083 2133 5137 dam-

557 5186 715 5235 natos
750 5177 919 5233 fuisse
947 5176 1284 5248 pronuntiat.
1352 5174 1589 5247 Cyrillus
1640 5190 1774 5229 vero
1814 5184 2136 5230 ostensurus

559 5283 723 5338 quam
739 5267 896 5338 longe
907 5268 1122 5323 abesset
1149 5276 1211 5321 ut
1224 5264 1519 5335 aliquando
1530 5264 1902 5334 Apollinarem
1932 5265 2020 5319 vel
2042 5263 2137 5318 ali-

561 5375 727 5430 quem
737 5358 1120 5413 haereticorum
1137 5356 1577 5421 sectatusl'uerit,
1597 5356 1652 5410 in
1667 5355 2137 5425 eumdemApolli-

561 5468 751 5508 narem
767 5460 827 5506 et
847 5449 985 5505 alios
998 5464 1191 5505 omnes
1207 5448 1601 5504 haeresiarchas
1616 5446 1802 5502 intulit
1823 5447 2133 5502 anathema.

632 5542 719 5597 54.
752 5540 1070 5611 Pelagianos
1100 5554 1225 5595 cum
1250 5538 1504 5595 Nestorio
1539 5537 1826 5593 damnatos
1852 5537 2018 5592 fuisse
2055 5546 2137 5592 te—

566 5642 739 5689 itatur
768 5634 1003 5704 Prosper
1035 5632 1091 5687 in
1117 5630 1370 5687 Chronico
1399 5630 1467 5685 ad
1495 5630 1643 5684 hunc
1672 5643 1874 5683 annum
1908 5645 1921 5680 :
1954 5647 1973 5675 ί
1999 5626 2141 5681 Con-

565 5735 781 5797 gregata
826 5725 969 5796 apud
1018 5724 1292 5795 Ephesum
1344 5723 1469 5792 plus
1511 5721 1871 5776 ducentorum
1925 5718 2133 5789 synodo

570 5811 938 5875 sacerdotum,
988 5811 1270 5867 Nestorius
1320 5826 1443 5866 cum
1484 5809 1632 5865 omni
1681 5808 1871 5865 haeresi
1902 5807 2140 5863 nominis

2233 4620 2570 4692 impietatem
2591 4618 2735 4689 juste
2767 4615 2840 4671 sit
2868 4623 3288 4681 exauctoratus;
3312 4615 3555 4687 Cyrillus
3582 4632 3713 4673 vero
3745 4623 3809 4670 et.

2231 4711 2484 4766 Memnon
2512 4705 2842 4765 sanctissimi
2873 4705 3216 4776 piissimique
3252 4705 3516 4777 episcopi,
3542 4722 3611 4761 ex
3638 4722 3812 4777 prava

2233 4802 2601 4873 suggestione,
2624 4798 2848 4869 indigne
2875 4806 2933 4854 et
2958 4797 3160 4868 injuste
3191 4796 3308 4868 pari
3341 4812 3502 4868 pceua
3526 4798 3640 4853 sint
3661 4799 3806 4853 mul-

2234 4894 2363 4959 tati;
2390 4907 2607 4963 zequum
2636 4898 2743 4956 est,
2766 4888 2971 4945 Christi
2994 4896 3241 4945 amantes
3298 4903 3471 4960 reges,
3495 4889 3690 4944 sedulo
3708 4905 3825 4944 vos

2233 5004 2426 5045 curare
2475 5003 2545 5043 ne
2567 4986 2665 5042 Dei
2693 4984 2957 5049 Ecclesia,
2979 4998 3099 5053 quae
3116 4995 3270 5036 more
3288 4979 3523 5035 nutricis
3544 4978 3817 5049 pietatem

2235 5089 2466 5134 vestram
2504 5076 2776 5141 confovet,
2820 5073 3216 5143 victoriamque
3252 5071 3324 5126 de
3359 5070 3631 5133 hostibus,
3670 5068 3813 5124 citra

2234 5185 2486 5241 magnam
2509 5167 2882 5224 difﬁcultatem
2903 5163 3169 5235 maiestati
3192 5172 3388 5217 vestra:
3416 5160 3650 5216 subinde
3673 5175 3823 5239 con-5

2236 5220 2404 5327 ciliZt,
2453 5261 2509 5315 in
2551 5268 2831 5330 posterum
2882 5220 3208 5326 dissipetur;
3258 5269 3393 5308 neve
3442 5252 3594 5322 regni
3641 5220 3843 5327 vestri!

2238 5363 2484 5424 tempore
2540 5360 2839 5422 martyrum
2895 5347 3155 5405 saxulum
3208 5345 3391 5401 denuo
3440 5350 3743 5399 revertatur
3791 5330 3844 5394 τ’

2237 5445 2370 5516 quin
2402 5445 2458 5500 in
2492 5444 2548 5498 id
2582 5442 2763 5513 potius
2787 5439 3107 5495 incumbere
3133 5452 3232 5493 vos
3259 5452 3360 5507 par
3378 5444 3485 5501 est,
3527 5450 3724 5505 nempe
3751 5442 3818 5488 ut

2240 5535 2509 5606 majorum
2542 5540 2851 5587 vestrorum
2884 5542 3014 5599 erga
3046 5527 3141 5584 Dei
3174 5524 3446 5583 Ecclesias
3474 5538 3717 5579 amorem
3745 5536 3819 5576 ac

2240 5625 2481 5681 studium
2506 5623 2561 5677 in
2592 5621 2792 5676 animis
2819 5619 3018 5675 vestris
3054 5616 3226 5689 magis
3269 5614 3547 5685 magisque
3578 5610 3819 5667 subinde

2242 5713 2610 5771 cxsuscitctis.
2670 5708 3143 5777 Quemadmodum
3193 5720 3332 5776 ergo
3376 5702 3576 5775 singuli
3616 5716 3814 5756 eorum

2244 5815 2557 5863 sanctorum
2589 5804 2813 5859 Patrum
2842 5797 3066 5864 synodis
3098 5794 3322 5865 imperii-
3338 5793 3421 5850 sui
3456 5802 3700 5862 tempore
3723 5804 3818 5845 ce-
