4154 6566
283 420 352 478 33
1623 416 1681 473 s.
1721 384 1996 473 ciuium
2039 418 2217 472 vnA.
3479 425 3552 482 ω

288 533 512 591 lebratis
558 540 884 603 paruerunt,
936 531 1268 600 Patrumque
1312 530 1626 585 sanctiones
1659 528 1874 599 legibus
1902 534 1945 590 Α
1974 528 2249 597 cipatibus
2285 537 2341 584 et
2375 531 2759 599 potestatibus,
2807 531 2940 588 dum
2985 533 3176 588 mundi
3222 534 3462 592 dominis
3495 547 3555 593 et

288 626 403 680 suis
430 624 769 689 munierunt,
801 631 861 678 et
889 637 1052 693 quam
1090 621 1201 676 illis
1234 621 1532 685 deferrent,
1565 621 1869 675 observan-

290 717 419 770 tiam
452 716 692 772 decretis
721 716 839 771 suis
878 713 1258 779 ostenderunt,
1306 714 1383 768 ita
1426 722 1485 769 et
1522 728 1622 768 vos
1652 724 1872 783 quoque

288 823 413 863 eum
448 822 615 877 quem
646 808 807 863 decet
847 807 1106 862 affectum
1140 820 1269 876 erga
1306 806 1575 877 synodum
1605 812 1871 866 sanctam,

289 913 451 967 quam
480 897 779 953 convenire
801 897 1061 968 iussistis,
1090 895 1365 951 declarate
1393 912 1407 948 :
1441 910 1553 965 quo
1592 894 1712 965 pias
1753 893 1873 963 ipsa

291 992 584 1062 gratiarum
646 992 893 1047 actiones
932 1006 1035 1062 pro
1062 989 1311 1060 ‘imperii
1370 988 1538 1043 vestri
1580 986 1874 1043 incolumi-

294 1091 400 1136 tate
456 1082 753 1151 persolvat,
802 1090 860 1136 et
918 1096 1021 1137 nos
1081 1094 1301 1151 quoque
1342 1093 1443 1149 pro
1499 1077 1655 1149 regni
1703 1078 1875 1132 vestri

290 1172 588 1227 stabilitate
632 1171 858 1227 devotas
909 1172 979 1227 ad
1017 1172 1299 1229 Christum
1349 1171 1640 1228 Dominum
1683 1184 1877 1239 preces

292 1263 748 1318 transmittamus.
790 1282 809 1315 ι

344 1354 435 1409 57.
468 1354 771 1424 Imperator
802 1356 1073 1411 acerrimo
1104 1357 1199 1411 illo
1229 1355 1661 1411 orthodoxorum
1686 1354 1875 1410 libello

290 1445 724 1515 expergefactus,
747 1456 806 1502 et
833 1447 1019 1502 amissi
1064 1448 1119 1502 in
1157 1448 1341 1504 Africa
1368 1448 1645 1503 exercitus
1676 1447 1874 1502 nuntio

292 1545 621 1601 commotus,
672 1552 893 1593 necnon
924 1538 979 1593 S.
1012 1538 1311 1594 Pulcherite
1331 1537 1538 1593 sororis
1568 1552 1681 1592 sua:
1700 1536 1878 1607 preci-

295 1630 399 1685 bus
419 1629 695 1701 fatigatus,
729 1630 944 1686 saniora
975 1630 1194 1685 tandem
1221 1628 1449 1684 consilia
1485 1628 1629 1693 iniit,
1664 1638 1721 1683 et
1777 1642 1869 1682 se-

297 1731 451 1792 ptem
508 1722 580 1776 ab
633 1729 865 1792 utraque
895 1731 1048 1792 parte
1097 1722 1315 1791 Epheso
1345 1719 1875 1790 ConstantinOpolim

296 1811 443 1866 mitti
470 1811 760 1882 episcopos
780 1812 965 1883 jussit.
1000 1812 1331 1872 Orthodoxis
1357 1812 1413 1866 in
1441 1812 1637 1867 urbem
1668 1810 1873 1881 regiam

296 1903 427 1957 solis
468 1880 725 1957 admissis
760 1880 1095 1974 auditisque,
1138 1901 1274 1957 Acta
1310 1903 1574 1958 adversus
1612 1880 1879 1973 Cyrillum
1907 1880 1951 1937 Β

297 1992 750 2063 Πειηιιοηεωίιιιθ
783 2002 840 2047 et
865 1993 1181 2049 universam
1203 1993 1472 2065 synodum
1506 1992 1727 2063 penitus
1751 1990 1883 2045 abo-

295 2085 449 2140 levit.
466 2086 669 2142 Verum
697 2085 1093 2156 multiplicibus
1121 2085 1474 2141 factiosorum
1505 2083 1707 2138 libellis
1728 2082 1884 2137 indu-

257 2219 263 2224 .
296 2186 440 2241 ctus,
456 2190 554 2231 eos
563 2191 780 2246 quoque
802 2176 859 2230 in
876 2176 1069 2231 urbem
1086 2175 1328 2239 admisit,
1346 2184 1403 2230 et
1418 2190 1542 2229 cum
1562 2172 1883 2228 orthodoxis

297 2265 594 2336 quinquies
617 2280 677 2320 se
705 2280 890 2320 coram
915 2279 1261 2336 congressos,
1303 2279 1368 2318 ac
1409 2272 1534 2332 post
1578 2261 1783 2316 multas
1812 2260 1881 2315 de

296 2353 587 2410 duodecim
615 2352 802 2425 Cyrilli
829 2352 1322 2416 anathematismis,
1347 2351 1591 2421 aliasque
1612 2348 1882 2420 ejusmodi

295 2445 733 2515 disputationes,
792 2444 1091 2515 impietatis
1146 2443 1450 2508 cenvictos,
1496 2441 1758 2512 praecepit
1813 2439 1880 2496 ad

294 2535 522 2605 propria
550 2534 774 2589 reverti.
810 2533 988 2603 Atque
1025 2534 1173 2588 hunc
1206 2530 1427 2588 tandem
1475 2530 1639 2585 ﬁnem
1679 2529 1885 2586 habue-

296 2635 429 2681 runt
457 2626 841 2682 haereticorum
866 2633 922 2680 et
946 2622 1422 2680 schismaticorum
1457 2621 1730 2678 seditiose
1763 2635 1883 2676 ma-

296 2716 661 2775 chinationes.
688 2716 777 2779 Et,
801 2724 939 2772 teste
969 2715 1024 2770 S.
1050 2716 1321 2785 Prospero
1342 2722 1535 2769 contra
1554 2711 1883 2768 Collatorem

297 2805 405 2860 sub
429 2805 614 2870 ﬁnem,
655 2824 674 2857 ‹
717 2821 910 2861 omnes
951 2805 1246 2861 orientales
1266 2803 1527 2860 Ecclesiae
1553 2802 1770 2873 gemina
1790 2816 1885 2871 pe-

296 2904 384 2950 ste
414 2894 658 2950 liberata:
676 2903 826 2959 sunt,
846 2894 1069 2965 quando
1096 2893 1299 2965 Cyrillo
1328 2892 1711 2949 Alexandrinae
1732 2891 1885 2947 urbis

298 2986 576 3051 antistiti,
631 2986 1028 3058 gloriosissimo
1080 2985 1209 3041 ﬁdei
1258 2984 1541 3041 catholica:
1584 2983 1881 3049 defensori,

298 3077 371 3132 ad
398 3075 790 3133 exsecrandum
819 3074 1197 3132 Nestorianam
1222 3073 1558 3145 impietatem
1586 3073 1886 3144 apostolico

1971 619 2321 673 tenebrarum
2347 621 2532 675 saeculi
2567 621 2731 693 hujus
2764 623 3090 691 rectoribus,
3124 624 3257 681 dum
3291 627 3557 697 nequitia:

1972 709 2260 780 spiritibus
2279 711 2557 777 resistitis,
2576 714 2868 780 tolerastis,
2888 715 3167 771 auditione
3194 718 3505 788 accepimus
3536 734 3551 771 :

1972 801 2109 855 alias
2136 817 2267 857 vero
2290 812 2440 858 certa
2464 805 2821 875 experientia:
2848 806 2954 861 ﬁde
2980 807 3071 863 hic
3094 810 3376 864 constituti
3407 810 3553 864 didi-

1974 890 2198 963 cimus),
2233 900 2291 947 et
2327 893 2456 962 quia
2493 910 2712 950 rursum
2748 896 2816 951 ad
2857 912 3065 968 magna!
3090 897 3273 970 hujus
3317 883 3557 954 civitatis

1974 982 2506 1054 archiepiscopatum
2536 988 2773 1056 promoti
2808 1004 2999 1043 sumus
3017 1029 3032 1053 ,
3063 988 3306 1060 dignare,
3336 990 3447 1045 Deo
3474 981 3558 1044 dii
3592 974 3611 987 “

1972 1073 2293 1142 lectissime,
2322 1092 2449 1131 cum
2481 1079 2738 1148 precibus
2779 1095 2879 1135 nos
2906 1079 3120 1146 fulcire,
3164 1088 3280 1135 tum
3312 1081 3560 1137 consiliis

1973 1181 2195 1237 quoque
2234 1166 2504 1238 dirigere,
2544 1179 2658 1224 tum
2696 1170 2846 1223 omni
2886 1169 3124 1239 denique
3164 1171 3557 1228 benevolentia:

1974 1257 2159 1313 studio
2192 1260 2484 1329 prosequi;
2531 1276 2642 1330 quo
2690 1261 2793 1316 hac
2838 1261 3049 1315 ratione
3092 1261 3226 1317 illud
3261 1262 3559 1335 Scriptura:

1974 1347 2185 1403 dictum
2225 1348 2282 1403 in
2302 1349 2463 1404 nobis
2497 1350 2859 1420 adimpleatur
2883 1368 2898 1403 :
2924 1349 3114 1404 Frater
3157 1352 3249 1421 qui
3273 1352 3560 1422 adjuvatur

1974 1458 2008 1495 α
2041 1440 2229 1511 fratre,
2260 1445 2414 1512 quasi
2434 1445 2616 1497 civitas
2639 1443 2797 1511 ﬁrma
2838 1443 3034 1514 (Prov.
3072 1459 3225 1509 xvm,
3267 1443 3378 1515 l9).
3419 1445 3559 1500 Vere

1974 1532 2179 1587 etenim
2213 1534 2515 1604 spiritualis
2552 1534 2793 1599 dilectio,
2826 1534 3034 1589 munita
3064 1533 3258 1589 civitas
3282 1542 3401 1601 est;
3439 1551 3560 1604 qua:

1976 1640 2155 1695 neque
2189 1625 2461 1681 cuniculis
2487 1642 2516 1680 a
2541 1625 2759 1679 diabolo
2801 1624 3023 1688 suﬁ‘odi,
3066 1640 3247 1694 neque
3287 1624 3447 1679 scalis
3490 1625 3561 1678 ab

1975 1717 2170 1772 eodem
2197 1724 2378 1786 potest
2402 1715 2674 1786 superari.
2711 1716 2900 1786 Neque
2921 1715 3068 1770 enim
3098 1702 3191 1770 ilt'a
3223 1714 3438 1769 bellicis
3463 1714 3564 1770 Sa-

1978 1816 2120 1863 tanae
2149 1805 2422 1863 machinis
2454 1807 2650 1861 cedere
2676 1807 2849 1871 novit,
2885 1815 2948 1861 ut
2980 1823 3101 1877 qua:
3143 1822 3174 1861 a
3209 1806 3428 1862 Christo
3451 1807 3560 1861 Do-

1980 1899 2132 1954 mino
2170 1898 2531 1963 custodiatur,
2559 1898 2779 1955 Christo
2823 1900 3014 1969 utique
3049 1899 3165 1963 illo,
3195 1899 3291 1968 qui
3328 1906 3383 1954 et
3416 1898 3564 1953 hunc

1981 1989 2245 2045 mundum
2273 1989 2498 2054 devicit,
2529 1997 2585 2043 ct
2615 1990 2945 2059 sempiterna
2977 1989 3121 2043 bona
3156 1987 3259 2042 tibi
3288 2003 3562 2058 praepara-

1979 2081 2078 2142 vit,
2104 2079 2470 2150 etaliquando
2508 2080 2868 2135 nihilominus
2898 2079 3037 2133 dixit
3069 2094 3084 2132 :
3114 2077 3217 2143 Qui
3242 2095 3346 2133 non
3376 2079 3565 2148 accipit

1981 2186 2186 2245 crucem
2226 2187 2415 2234 suam,
2447 2180 2494 2223 et
2539 2166 2775 2240 sequitur
2832 2186 2933 2232 me,
2977 2186 3083 2223 non
3133 2176 3210 2224 est
3255 2185 3337 2223 me
3376 2169 3567 2237 dignus

1984 2261 2197 2333 (Matth.
2229 2279 2281 2327 x,
2314 2261 2426 2333 38).
2458 2262 2597 2317 Cum
2631 2261 2815 2331 itaque
2849 2261 3070 2316 Christo
3095 2260 3327 2316 Domino
3365 2259 3569 2330 dignus

1980 2353 2242 2417 evaseris,
2283 2342 2574 2423 propterea
2611 2352 2757 2422 quod
2803 2367 3023 2407 crucem
3067 2360 3213 2406 tuam
3269 2350 3564 2412 sustulisti,

1982 2452 2327 2514 sectatorque
2364 2444 2515 2498 illius
2551 2443 2782 2498 effectus
2816 2443 2921 2509 sis;
2951 2442 3230 2499 Christum
3269 2458 3369 2512 pro
3405 2441 3568 2496 nobis

1983 2535 2266 2605 deprecari
2309 2551 2379 2589 ne
2412 2535 2653 2601 omittas,
2697 2534 2949 2591 fraterna:
2981 2534 3202 2590 virtutis
3246 2543 3569 2589 ornamenta

1982 2624 2232 2695 preprias
2261 2625 2649 2695 praerogativas
2676 2639 2796 2680 esse
2828 2636 2999 2681 ratus.
3044 2625 3175 2681 Vale
3219 2625 3276 2680 in
3311 2625 3568 2687 Domino.

1982 2723 2039 2769 et
2070 2730 2169 2785 pro
2208 2731 2317 2779 me,
2354 2715 2468 2770 Deo
2516 2716 2876 2772 dilectissime
2913 2726 2970 2775 et
3015 2716 3359 2773 sanctissime
3398 2715 3571 2771 frater

1984 2820 2047 2861 ac
2084 2805 2479 2871 comminister,
2514 2822 2631 2861 ora.
2682 2826 2700 2859 ι

2054 2916 2141 2971 60.
2171 2917 2291 2971 Non
2312 2915 2511 2971 minori
2550 2918 2711 2973 laude
2740 2919 2981 2973 celebrat
3021 2921 3276 2976 eumdem
3305 2920 3568 2993 Cyrillum
3596 2974 3597 2977 η

1983 3006 2313 3063 Ctelestinus
2345 3025 2482 3081 papa
2503 3010 2733 3080 epistola
2768 3010 2835 3064 ad
2878 3011 3087 3065 clerum
3112 3011 3577 3084 Constantinopo-

1985 3100 2236 3164 litanum,
2258 3101 2405 3155 edita
2423 3117 2489 3155 ex
2516 3100 2707 3156 codice
2723 3100 2987 3156 Vaticano
3009 3118 3039 3155 a
3062 3102 3298 3157 Baronio
3318 3118 3409 3156 an.
3434 3103 3568 3159 Chr.

297 3169 631 3264 Calatinus
667 3167 965 3264 auxiliatum
1009 3165 1342 3264 qsﬁsladio.
1382 3180 1493 3236 quo
1519 3164 1684 3264 θιίῆξη
1723 3164 1881 3264 Ρεῖιε-
1912 3207 1954 3264 ο
1988 3188 2112 3253 iss,
2145 3189 2241 3243 ubi
2270 3205 2423 3244 num.
2451 3190 2521 3244 24
2566 3190 2683 3244 haec
2713 3190 3025 3245 habentur:
3068 3210 3086 3242 ι
3124 3192 3369 3257 Vitastis,
3403 3209 3572 3263 quem

297 3259 471 3330 giani,
494 3258 624 3313 dum
649 3257 894 3329 cognatis
913 3256 1422 3313 conftederarentur
1451 3254 1758 3319 erroribus,
1783 3253 1885 3309 ite-

298 3364 425 3403 rum
458 3356 959 3420 prosternerentur.
1005 3367 1023 3399 ι

373 3462 463 3518 58.
488 3462 774 3518 Nestorius
801 3462 856 3516 in
884 3460 1177 3532 pristinum
1207 3475 1368 3516 suum
1398 3458 1791 3515 monasterium
1823 3456 1880 3513 S.

299 3551 569 3622 Euprepii
594 3552 738 3622 apud
757 3551 1123 3620 Antiochiam,
1148 3552 1194 3606 si
1213 3551 1353 3607 forte
1369 3551 1737 3621 resipisceret,
1767 3561 1887 3606 tan-

299 3647 479 3718 tisper
504 3647 795 3718 relegatus,
824 3648 1028 3702 multos
1055 3646 1381 3717 contagione
1404 3645 1490 3701 sui
1510 3645 1717 3701 erroris
1742 3643 1888 3700 allia-

301 3740 417 3794 bat.
450 3737 628 3805 Quare
664 3739 719 3792 in
752 3738 933 3794 Oasim
964 3737 1318 3793 solitudinem
1351 3736 1537 3808 Libya
1565 3736 1887 3792 amandatus

300 3836 410 3891 est,
449 3827 634 3897 ibique
675 3838 863 3897 postea
902 3827 1245 3883 verminante
1291 3827 1477 3897 lingua
1520 3825 1884 3882 miserabilem

301 3920 433 3974 vita:
461 3918 689 3974 sortitus
719 3920 925 3974 exitum
949 3961 964 3985 ,
1002 3920 1160 3974 libris
1184 3920 1323 3989 ejus,
1352 3919 1648 3975 Theodosii
1683 3920 1884 3984 edicto,

301 4010 417 4081 igni
433 4010 854 4081 absumptis.llli
879 4011 933 4067 in
962 4011 1091 4066 sede
1116 4010 1719 4081 Constantinopolitana
1752 4012 1887 4067 sub-

299 4112 529 4173 rogatus
562 4110 648 4157 est
694 4100 1055 4157 Haximtanus
1084 4102 1391 4174 presbyter,
1420 4103 1516 4172 qui
1537 4104 1604 4158 ad
1625 4103 1885 4176 Cyrillum

301 4193 405 4247 bas
432 4192 644 4248 litteras
670 4190 841 4255 dedit,
879 4201 1012 4246 tom.
1050 4191 1118 4246 lV
1153 4193 1353 4248 concil.
1391 4193 1618 4263 Ephes.,
1649 4208 1769 4264 cap.
1797 4194 1887 4249 24:

311 4303 332 4337 ι
361 4283 652 4353 Expletum
695 4293 780 4339 est
805 4282 1141 4338 desiderium
1171 4292 1347 4348 tuum,
1369 4284 1481 4340 Deo
1500 4285 1848 4341 devotissime
1873 4304 1888 4338 :

303 4372 612 4443 perfectum
635 4380 741 4437 est,
764 4372 914 4442 quod
945 4373 1225 4443 religionis
1249 4390 1413 4431 causa
1438 4390 1789 4446 susceperas:
1821 4376 1888 4431 ad

305 4465 474 4522 ﬁnem
505 4465 833 4535 perductum
857 4472 944 4521 est
971 4465 1193 4535 pietatis
1221 4475 1328 4523 tua:
1352 4476 1540 4524 votum
1567 4486 1584 4522 :
1616 4469 1886 4525 theatrum

1986 3295 2018 3334 a
2044 3281 2308 3335 memoria
2353 3281 2515 3351 digna
2554 3291 2741 3336 sancta
2790 3281 3155 3339 Alexandrina
3192 3285 3439 3341 Ecclesia
3479 3302 3573 3342 se.

1985 3372 2227 3426 cundum
2265 3372 2326 3426 Β.
2351 3371 2505 3426 Pauli
2543 3372 2775 3441 apostoli
2803 3371 2851 3442 (1
2879 3371 3005 3427 Cor.
3026 3372 3082 3445 v)
3112 3376 3443 3431 sententiam
3457 3378 3573 3447 jam

1986 3463 2202 3518 sciretis
2229 3478 2347 3517 esse
2377 3472 2710 3518 correctum.
2746 3463 2980 3533 Legistis
3006 3480 3241 3535 namque
3266 3474 3322 3521 et
3355 3481 3574 3521 memo-

1988 3555 2123 3610 riter
2163 3556 2275 3625 jam
2311 3554 2508 3609 tenetis
2557 3554 2878 3619 sacerdotis,
2921 3555 3028 3610 hoc
3062 3566 3166 3621 est,
3207 3558 3462 3614 catholici
3502 3560 3575 3615 ad

1987 3645 2135 3700 hunc
2172 3644 2377 3715 scripta
2418 3645 2689 3710 doctoris,
2725 3647 2929 3716 quibus
2958 3663 3085 3703 eum
3120 3649 3197 3706 ita
3228 3660 3573 3721 corruptum,

1988 3747 2048 3793 ut
2078 3738 2211 3793 velit
2242 3752 2365 3791 esse
2395 3746 2696 3801 correctus,
2722 3737 2954 3802 studuit,
2982 3739 3151 3794 nixus
3183 3750 3269 3795 est
3297 3740 3576 3797 labentem
3642 3766 3647 3773 τ

1988 3844 2246 3884 revocare
2271 3827 2554 3897 collegam,
2580 3827 2825 3897 porrexit
2862 3828 3110 3885 dextram
3139 3831 3440 3902 magisterii
3460 3832 3575 3897 sui,

1989 3921 2045 3975 in
2078 3936 2189 3976 uno
2226 3919 2420 3974 volens
2439 3917 2692 3988 plurimis
2715 3919 3011 3977 subvenire
3041 3939 3057 3974 :
3082 3923 3415 3992 percellebat
3451 3924 3577 3978 ani-

1990 4030 2138 4067 mum
2159 4012 2361 4067 veteris
2387 4012 2709 4079 sacerdotis,
2737 4013 2886 4083 quod
2915 4023 3075 4069 nutat
3098 4015 3391 4087 episcopus
3412 4017 3575 4073 ruina

1990 4104 2306 4158 multorum.
2334 4103 2477 4172 Egit,
2509 4102 2651 4158 sicut
2668 4105 2933 4174 scriptum
2962 4116 3047 4161 est
3073 4147 3089 4160 .
3108 4106 3420 4163 Benedicam
3442 4126 3579 4181 opus

1992 4194 2202 4248 Domini
2244 4193 2539 4264 diligenter.
2583 4193 2643 4248 In
2694 4195 2845 4250 nullo
2886 4196 2939 4251 ei
2986 4197 3164 4253 cilicio
3214 4200 3448 4269 apostoli
3485 4201 3576 4255 vir

1990 4286 2322 4357 apostolicus
2357 4285 2569 4340 defuit:
2596 4287 2929 4354 obsecravit,
2965 4289 3274 4355 admonuit,
3320 4291 3575 4361 increpa.

1990 4380 2088 4433 vit.
2115 4377 2295 4433 Atille
2315 4376 2485 4446 quiin
2510 4377 2841 4446 profundum
2861 4378 3325 4448 blasphemiarum
3350 4395 3578 4435 suarum

1992 4468 2237 4539 pondere
2272 4476 2637 4538 mergeretur,
2670 4468 2805 4521 tanti
2840 4468 2947 4521 viri
2975 4468 3278 4523 doctrinam
3315 4486 3577 4535 renuens,

304 4556 489 4611 factus
512 4571 576 4611 es
601 4555 809 4627 angelis
828 4564 887 4611 et
910 4556 1248 4621 hominibus,
1281 4558 1664 4629 universisque
1684 4558 1890 4615 Christi
1925 4556 1964 4607 D
1991 4567 2046 4613 ct
2082 4557 2292 4612 abusus
2319 4555 2562 4621 hortatu,
2599 4555 2796 4610 docilis
2835 4570 2954 4610 esse
2991 4556 3194 4621 renuit,
3231 4571 3355 4611 cum
3385 4557 3582 4612 doctor

303 4644 688 4699 sacerdotibus
721 4661 734 4698 :
774 4659 955 4714 neque
981 4645 1128 4699 enim
1159 4646 1336 4701 solum
1372 4646 1429 4701 in
1457 4646 1737 4703 Christum
1766 4662 1887 4703 cre-

302 4737 529 4804 didisti;
558 4736 656 4793 sed
692 4735 1039 4792 incommoda
1070 4751 1288 4807 quoque
1319 4753 1419 4808 pro
1450 4737 1568 4809 ipso
1594 4737 1888 4809 pertulisti.

304 4830 470 4886 Solus
501 4829 702 4900 dignus
751 4843 952 4883 census
991 4844 1051 4883 es
1091 4827 1186 4897 qui
1218 4828 1471 4900 stigmata
1502 4829 1651 4885 illius
1681 4829 1738 4885 in
1765 4845 1889 4886 cor-

303 4936 442 4992 pore
473 4929 571 4976 tuo
598 4928 872 4990 portares.
897 4917 1195 4975 Confessus
1228 4919 1381 4976 illum
1428 4935 1613 4976 coram
1651 4920 1890 4978 homini-

303 5014 433 5077 bus,
466 5010 805 5083 promeritus
842 5025 905 5064 es
948 5018 1010 5066 ut
1050 5010 1211 5067 Pater
1251 5019 1305 5065 te
1347 5009 1673 5068 conﬁteatur
1706 5024 1890 5069 coram

304 5102 539 5175 angelis.
572 5099 880 5157 Rcdimitus
908 5115 970 5157 es
996 5101 1219 5156 coronis
1267 5115 1391 5171 qua:
1410 5116 1512 5172 pro
1542 5102 1744 5172 pietate
1776 5119 1894 5160 cer-

305 5195 558 5255 tantibus
581 5191 889 5259 debentur;
909 5192 1136 5262 potuisti
1156 5193 1343 5248 omnia
1370 5193 1426 5249 in
1448 5192 1690 5262 Christo,
1719 5195 1814 5266 qui
1839 5204 1892 5251 te

276 5283 687 5348 conﬁrmavit;
729 5282 1031 5338 bumiliasti
1084 5282 1339 5339 Satanam
1390 5299 1489 5353 per
1536 5284 1891 5355 patientiam;

302 5373 691 5445 contempsisti
718 5382 1027 5441 tormenta;
1058 5374 1396 5431 coneulcasti
1425 5374 1666 5431 furorem
1689 5376 1896 5448 princi-

304 5483 477 5540 pum;
518 5466 718 5521 famem
751 5480 851 5536 pro
890 5465 1067 5520 nihilo
1095 5464 1299 5521 duxisti
1330 5484 1345 5520 :
1375 5481 1571 5537 panem
1601 5468 1748 5523 enim
1794 5470 1895 5525 ha—

306 5558 483 5614 bebas
515 5557 611 5627 qui
650 5556 718 5612 de
752 5557 892 5613 etnlo
916 5556 1279 5622 descendens,
1299 5557 1577 5614 ccclestem
1604 5559 1771 5616 vitam
1791 5561 1893 5617 bo-

306 5650 557 5705 minibus
594 5648 925 5718 impertitur.
971 5666 990 5701 ι

381 5742 469 5796 59.
516 5760 538 5793 ι
598 5739 736 5807 Quia
772 5754 907 5794 vero
952 5755 1054 5795 nos
1094 5737 1232 5794 nihil
1274 5738 1471 5795 horum
1518 5741 1886 5813 ignoravimus

306 5829 614 5891 (siquidem
645 5829 780 5885 alias
814 5838 1025 5885 vestras
1047 5827 1388 5897 amictiones,
1416 5846 1577 5902 quas,
1596 5833 1725 5889 dum
1746 5836 1897 5906 prin-

1993 4664 2114 4705 esse
2160 4663 2272 4702 non
2317 4656 2503 4718 posset
2535 4664 2549 4701 :
2589 4646 2703 4717 egit
2742 4645 2978 4717 injuriis,
3004 4653 3257 4702 tenacem
3294 4647 3428 4702 recti
3455 4661 3583 4702 esse

1996 4738 2370 4811 perversitatis
2391 4746 2635 4794 assertor
2660 4737 2947 4808 gloriatus.
2971 4738 3113 4793 Hinc
3149 4754 3256 4794 nec
3288 4739 3582 4794 contrista-

1997 4842 2086 4887 tus
2128 4840 2214 4887 est
2254 4830 2456 4896 frater,
2499 4846 2689 4887 secum
2743 4842 3004 4902 reputans
3040 4830 3187 4902 quod
3230 4831 3426 4885 merito
3471 4830 3582 4885 sibi

1995 4939 2263 4980 conservo
2286 4939 2398 4980 non
2427 4931 2699 4994 parceret,
2730 4924 2824 4994 qui
2853 4938 2954 4979 suo
2998 4921 3234 4978 Domino
3268 4921 3584 4992 derogaret.

1994 5017 2255 5073 Inventus
2277 5025 2363 5072 est
2393 5030 2494 5087 per
2515 5015 2853 5087 diligentiam
2896 5015 2988 5071 ille
3015 5014 3085 5071 de
3118 5013 3412 5084 Evangelia
3436 5011 3585 5085 frugi

1995 5105 2142 5162 ﬁlius
2166 5112 2223 5161 et
2247 5105 2511 5176 providus
2541 5119 2774 5172 servus;
2799 5120 2925 5161 nam
2949 5113 3006 5160 et
3028 5111 3311 5176 paternam
3340 5105 3586 5160 servavit

1996 5196 2379 5261 substantiam,
2422 5204 2479 5252 et
2517 5197 2670 5252 auxit
2712 5209 3010 5250 numerum
3060 5195 3417 5251 talentorum.
3469 5194 3588 5250 Nec

1996 5288 2304 5359 duplicasse
2330 5303 2479 5351 eum,
2514 5287 2611 5343 sed
2649 5285 3043 5355 multiplicasse
3074 5284 3306 5340 dixerim
3352 5293 3586 5348 sortem,

1996 5395 2162 5450 quem
2218 5378 2546 5435 videbamus
2592 5378 2760 5435 etiam
2806 5379 2965 5448 longe
3014 5376 3208 5448 positis
3249 5375 3342 5446 pio
3391 5375 3587 5431 fenore

1997 5470 2345 5528 subvenisse.
2360 5471 2405 5527 Ο
2428 5480 2631 5527 saneta
2660 5470 3065 5541 praedicationis
3084 5483 3251 5525 usura
3271 5469 3285 5523 l
3307 5482 3473 5539 quam
3493 5466 3583 5523 hic

1998 5563 2225 5635 gratiam
2256 5571 2382 5619 aute
2406 5577 2755 5618 communem
2785 5563 3079 5620 Dominum
3108 5560 3235 5616 ﬁdei
3277 5558 3591 5630 negotiator

2000 5655 2261 5721 inveniet,
2296 5655 2390 5726 qui
2419 5664 2644 5726 propter
2677 5656 2985 5712 animarum
3026 5656 3262 5718 lucrum,
3301 5651 3584 5722 negotium

1998 5757 2055 5802 et
2077 5746 2188 5802 illic
2206 5747 2470 5813 exercuit,
2496 5746 2592 5802 ubi
2616 5748 2819 5806 talenta
2855 5748 3102 5819 accepit?
3132 5746 3325 5803 Nonne
3351 5741 3442 5797 hic
3466 5758 3583 5799 me-

2001 5840 2108 5895 rito
2137 5855 2168 5895 a
2196 5839 2896 5900 Patrefamiliasauditurus
2929 5852 3014 5900 est
3040 5860 3052 5897 :
3085 5842 3253 5912 Euge,
3285 5856 3432 5899 serue
3459 5838 3593 5894 bene
