4120 6522
586 378 657 438 δῦ
1934 369 1989 423 S.
2032 366 2179 422 CYRT

2280 367 2311 422 .l
2351 366 2542 429 VITA;
3787 365 3857 420 56

599 504 651 550 et
702 493 894 564 ﬁdem,
961 494 1103 547 intra
1165 493 1219 545 in
1257 488 1509 562 gaudium
1557 486 1772 539 Domini
1819 485 1938 538 tui.’
1972 483 2180 555 (Matth.
2212 490 2258 547 Α
2290 483 2507 549 tituros,
2541 483 2646 537 nisi
2677 498 2742 537 ea
2776 482 2933 551 prius
2970 492 3091 551 qua:
3135 482 3316 536 facere
3344 476 3619 537 debebant
3669 483 3857 539 confe-

588 601 713 649 uv,
744 585 860 655 εδδ)
892 584 1017 639 Hth
1050 583 1182 637 huic
1208 585 1548 649 competunt,
1576 576 1671 647 qui
1700 577 1789 630 illa
1821 590 2040 644 quoque
2060 590 2183 643 qua:

588 678 712 731 aliis
748 686 877 731 sunt
909 674 1201 729 commissa
1233 669 1534 726 servavit.»
1571 669 1698 725 ιιωο
1723 667 2069 723 Caelestinus.

896 832 921 901 ᾗ
961 828 1049 885 ΧΙ.
1092 818 1465 884 Βεεοηεὶιὲαιίο
1495 825 1876 883 Ecclesiarum.

674 963 756 1024 6i.
815 961 1113 1017 Caelestino
1144 974 1297 1028 papa:
1333 975 1425 1011 \‘ili
1453 959 1581 1012 ldus
1611 958 1814 1028 Aprilis
1850 960 1959 1015 vita
1994 960 2180 1015 functo

588 1054 855 1109 successit
886 1052 1073 1106 Sixtus
1106 1052 1196 1115 lli,
1243 1067 1479 1121 quocum
1523 1052 1740 1104 tandem
1775 1062 1831 1105 et
1874 1052 1929 1105 S.
1979 1051 2181 1123 Cyrillo

586 1156 777 1211 pacem
803 1140 928 1195 iniit
957 1141 1197 1195 Joannes
1240 1140 1632 1203 Antiochenus,
1682 1140 1749 1194 iis
1797 1140 1994 1194 litteris
2034 1141 2178 1210 (cum

589 1234 715 1289 tidei
743 1226 1037 1290 catholica
1057 1236 1274 1289 sincera
1312 1232 1670 1303 professione)
1703 1233 1863 1299 datis,
1889 1249 2009 1302 quze.
2043 1231 2182 1286 refe-

586 1335 967 1381 runturtomo
996 1328 1038 1381 V
1067 1326 1269 1380 concil.
1299 1325 1524 1395 Ephes.,
1566 1340 1723 1394 capp.
1768 1326 1800 1379 5
1831 1332 1887 1378 et
1916 1324 2000 1377 17.
2036 1324 2178 1377 Exa-

588 1429 733 1472 etam
776 1421 852 1473 rei
877 1427 1042 1489 gesta:
1073 1418 1270 1472 seriem
1302 1417 1492 1487 pandit
1519 1418 1633 1487 ipse
1656 1400 1893 1487 Cyrillus
1934 1414 2179 1487 Epistola

587 1509 661 1562 ad
695 1510 964 1578 Dynatum
994 1501 1259 1580 Nicopolis
1288 1510 1473 1562 veteris
1507 1509 1659 1579 Epiri
1689 1511 2004 1580 episcopum,
2033 1516 2179 1562 tomo

586 1600 651 1666 V,
697 1616 817 1671 cap.
860 1602 945 1665 16,
997 1617 1160 1671 quam
1206 1601 1297 1655 hic
1336 1601 1575 1655 damus:
1634 1621 1650 1651 ι
1696 1600 1890 1672 Opera:
1938 1601 2179 1672 pretium

586 1690 719 1743 duxi
751 1690 1011 1759 pietatem
1055 1700 1199 1744 tuam
1231 1689 1297 1744 de
1328 1690 1396 1744 iis
1430 1690 1593 1744 rebus
1635 1690 1932 1745 certiorem
1974 1689 2176 1752 facere,

586 1798 710 1853 qua:
757 1798 925 1852 super
971 1782 1339 1837 Ecclesiamm
1373 1796 1506 1851 pace
1544 1780 1931 1836 constituenda
1975 1795 2179 1834 eveneu

584 1882 734 1927 runt.
779 1873 941 1928 Venit
986 1873 1171 1943 itaque
1215 1873 1472 1927 dominus
1526 1888 1681 1926 meus
1728 1870 2179 1941 prreclarissimus

586 1968 844 2022 tribunus
871 1976 927 2022 et
956 1967 1203 2022 notarius
1230 1966 1533 2022 Aristolaus
1563 1965 1931 2028 Antiochiam,
1970 1963 2181 2017 litteras

583 2058 763 2129 negias
789 2073 974 2113 secum
1007 2058 1281 2121 deferens,
1313 2059 1515 2127 quibus
1541 2052 1737 2112 Joanni
1785 2056 2033 2124 piissimo
2073 2056 2179 2108 Ee-

582 2149 767 2203 clesia:
798 2148 1154 2204 Antiochense
1191 2149 1450 2217 episcopo
1493 2148 1858 2201 mandabatur
1918 2156 1977 2201 ut
2006 2148 2179 2201 seele~

583 2248 700 2293 rata
730 2238 969 2293 Nestorii
990 2238 1242 2308 dogmata
1261 2236 1768 2298 anathematizaret,
1795 2251 2010 2289 necnon
2072 2251 2179 2289 una

582 2343 710 2381 cum
751 2343 907 2382 sacra
955 2327 1165 2399 synodo
1211 2325 1570 2395 depositionis
1617 2325 1945 2379 sententiam
1988 2334 2179 2377 contra

584 2415 741 2470 illum
757 2417 945 2481 ferret,
964 2431 1136 2485 eaque
1154 2416 1366 2469 ratione
1387 2415 1454 2468 ad
1476 2423 1717 2469 nostram
1739 2414 2180 2468 communionem

580 2507 730 2560 viam
751 2506 857 2561 sibi
887 2507 1145 2561 muniret.
1182 2525 1199 2557 ›
1238 2506 1305 2560 Et
1329 2507 1446 2560 haec
1476 2490 1698 2575 quidem
1738 2518 1929 2558 earum
1962 2505 2179 2558 littera-

589 2613 718 2651 rum
759 2612 973 2650 summa
1005 2606 1145 2651 erat.

654 2688 741 2743 ὕει
793 2687 1071 2754 «Quidam
1122 2697 1309 2743 autem
1356 2702 1422 2741 ex
1473 2686 1838 2740 orientalibus
1886 2683 2181 2755 episc0pis,

583 2781 681 2850 qui
716 2780 1031 2835 Nestorium
1054 2780 1195 2834 forte
1223 2779 1459 2833 necdum
1490 2777 1950 2842 condemnarunt,
1982 2778 2079 2831 sed
2103 2778 2182 2831 illi

583 2889 752 2943 porro
778 2872 981 2937 favere,
1016 2883 1330 2941 rectamque
1360 2871 1520 2924 fidem
1546 2869 1768 2924 turbare
1799 2878 2053 2939 pergum,
2084 2886 2183 2925 nc-

581 2982 693 3035 que
727 2964 933 3020 Christi
952 2964 1199 3019 omnium
1224 2961 1531 3017 Servatoris
1552 2960 1727 3014 nostri
1758 2959 1989 3029 gloriam
2019 2976 2185 3029 agno-

584 3065 778 3122 scunt;
827 3056 1088 3110 Acacium
1138 3054 1546 3109 sanctissimum
1600 3051 2021 3121 piissimumque
2076 3052 2180 3107 Be-

2282 573 2506 638 cissent,
2524 575 2793 629 miserunt
2812 573 3193 627 Alexandriam
3213 574 3441 628 Paulum
3457 573 3858 643 pientissimum

2283 666 2864 736 religiosissimumque
2908 666 3294 722 Emisenorum
3333 665 3676 736 episcopum,
3722 668 3857 723 affet

2283 766 2492 811 rentem
2549 758 2770 827 quidem
2828 758 2895 812 ad
2946 756 3351 812 communionis
3410 758 3858 814 instaurationem

2280 847 2633 919 pertinentia,
2669 864 2860 918 parum
2896 857 3076 903 tamen
3108 848 3309 903 decore
3333 858 3390 902 et
3420 849 3706 905 commode
3730 866 3857 920 pro-'-

2283 939 2457 1008 posita
2485 958 2496 992 :
2524 956 2635 1009 pra:
2656 955 2713 994 se
2732 940 2981 994 ferebant
3004 939 3343 1009 enimjustas
3376 939 3638 1007 quasdam
3666 955 3860 1010 quere-

2281 1031 2362 1085 las
2376 1026 2652 1085 adversus
2684 1046 2785 1085 nos
2821 1046 2880 1085 se
2912 1031 3137 1095 habere,
3168 1045 3235 1085 eo
3262 1030 3408 1101 quod
3435 1030 3681 1100 quadam
3716 1047 3745 1084 a
3768 1047 3857 1086 sae-

2279 1138 2377 1177 cro
2397 1122 2650 1186 concilio,
2685 1138 2864 1192 neque
2894 1131 3041 1177 recte
3061 1122 3225 1187 dicta,
3262 1137 3439 1193 neque
3465 1128 3613 1176 recte
3642 1137 3859 1192 quoque
3902 1128 3905 1129 ⁷

2280 1214 2422 1268 facta
2454 1222 2656 1269 essent.
2684 1215 2884 1269 Verum
2926 1214 3238 1285 hujusmodi
3310 1214 3566 1285 epistolas
3602 1214 3857 1284 equidem

2280 1319 2389 1358 non
2419 1303 2635 1369 admisi,
2688 1304 2783 1359 sed
2831 1304 2981 1358 dixi:
3023 1305 3161 1359 Cum
3207 1304 3275 1359 de
3316 1304 3593 1373 prioribus
3642 1305 3859 1360 veniam

2281 1398 2603 1466 suppliciter
2623 1408 2810 1467 petere
2834 1396 3120 1461 deberent,
3149 1412 3317 1451 novas
3344 1397 3541 1451 iterum
3571 1407 3858 1451 contumea-

2281 1484 2382 1539 lias
2412 1486 2615 1540 inferre
2641 1486 2920 1541 festinant.
2949 1486 3086 1541 Cum
3118 1496 3301 1541 autem
3348 1494 3681 1542 memoratus
3722 1488 3857 1559 piis:-

2282 1580 2453 1633 simus
2499 1580 2790 1649 episcopus
2835 1580 3037 1634 factum
3090 1588 3397 1642 excusaret,
3443 1580 3861 1651 juramentoque

2281 1672 2386 1726 hoc
2410 1670 2627 1725 illorum
2658 1672 2998 1741 propositum
3029 1687 3139 1725 non
3163 1686 3284 1726 esse
3317 1671 3629 1737 alIimIaret,
3659 1688 3726 1725 ex
3748 1688 3863 1727 me-

2282 1779 2341 1816 ra
2370 1774 2553 1818 autem
2590 1762 2758 1817 animi
2803 1762 3155 1832 simplicitate
3194 1762 3375 1816 isthuc
3407 1763 3604 1817 litteris
3636 1763 3750 1817 suis
3774 1762 3859 1816 in-
3921 1774 3940 1789 °

2278 1853 2539 1916 seruisse,
2573 1852 2884 1907 dilectionis
2917 1869 3081 1908 causa
3105 1851 3483 1923 purgationem
3510 1851 3725 1907 admisi.

2350 1948 2438 2002 64.
2477 1966 2493 1997 ‹
2523 1946 2795 2001 Caeterum
2833 1962 2941 2001 non
2976 1962 3132 2017 pnus
3162 1947 3316 2000 illum
3342 1945 3409 2000 ad
3433 1945 3677 2017 synaxim
3706 1959 3862 2002 recc»

2281 2040 2357 2109 pi,
2393 2056 2557 2108 quam
2596 2040 2781 2095 oblato
2828 2040 3032 2103 libelio,
3080 2023 3316 2093 Nestorii
3354 2038 3604 2108 dogmata
3640 2037 3862 2108 proprio

2276 2128 2644 2198 chirographo
2701 2128 3245 2193 anathematizasset;
3291 2143 3518 2197 seseque
3566 2127 3720 2181 illum
3762 2143 3862 2198 pro

2282 2220 2535 2289 deposito
2565 2220 2791 2280 habere,
2818 2219 3037 2288 publice
3064 2219 3349 2274 confessus
3367 2226 3532 2281 esset,
3563 2228 3621 2273 et
3645 2218 3865 2273 ordina-

2282 2311 2417 2364 tioni
2459 2302 2680 2363 tandem
2726 2308 3118 2379 religiosissimi
3157 2308 3398 2378 episcopi
3434 2307 3743 2361 Maximiani
3774 2323 3863 2362 asa-

2280 2403 2562 2458 sensisset.
2588 2401 2751 2455 Petiit
2781 2409 2965 2456 autem
2996 2410 3079 2467 ut,
3111 2400 3313 2455 libellis
3348 2400 3594 2454 omnium
3623 2400 3864 2455 orienta-

2280 2494 2416 2548 lium
2467 2494 2853 2563 episcoporum
2910 2493 3030 2547 loco
3075 2492 3274 2546 oblatis
3332 2492 3697 2561 receptisque,
3726 2492 3865 2545 nihil

2282 2586 2517 2655 amplius
2558 2586 2853 2655 exigerem.
2902 2584 3010 2639 Sed
3049 2584 3197 2638 nulla
3244 2584 3454 2638 ratione
3494 2583 3545 2637 id
3593 2583 3711 2637 fieri
3745 2599 3866 2637 sum

2283 2691 2476 2745 passus
2506 2692 2520 2727 :
2554 2674 2649 2729 sed
2674 2675 2904 2729 domino
2932 2690 3056 2729 meo
3098 2674 3515 2744 praeclarissimo
3557 2674 3777 2727 tribuno
3804 2690 3869 2729 ac

2283 2767 2499 2821 notario
2516 2767 2762 2819 chartam
2792 2766 2941 2830 misi,
2964 2780 3070 2834 qua
3098 2765 3149 2820 ei
3180 2753 3515 2834 significavi:
3548 2763 3605 2819 Si
3634 2765 3869 2823 Joannes

2283 2854 2663 2924 pientissimus
2715 2854 2974 2908 Ecclesiae
3030 2852 3384 2907 Antiochenaa
3440 2852 3729 2921 episcopus
3789 2850 3868 2904 illi

2284 2946 2697 3016 subscripserit,
2730 2954 2863 3000 tunc
2890 2946 3112 3000 demum
3144 2943 3586 2998 communionem
3617 2942 3723 2996 illis
3747 2942 3870 2996 red-

2284 3038 2433 3103 dite;
2462 3053 2603 3107 atgre
2631 3036 2779 3091 enim
2811 3036 3031 3090 illorum
3065 3048 3271 3089 moram
3302 3033 3512 3089 ferebat
3537 3033 3871 3088 clarissimus

582 3150 881 3204 resensium
937 3147 1275 3216 episcopum,
1307 3154 1368 3199 ut
1396 3145 1464 3198 ad
1508 3158 1594 3197 me
1628 3143 1913 3208 scriberet,
1947 3147 2185 3200 nonnul-
2214 3153 2255 3209 ε
2290 3131 2545 3187 tribunus
2576 3129 2897 3183 Aristolaus.
2931 3127 3068 3183 Cum
3105 3126 3271 3199 igitur
3308 3126 3590 3197 piissimus
3634 3126 3872 3181 Joannes

580 3240 744 3310 laque
788 3240 1051 3303 absurda,
1094 3254 1216 3307 qua:
1259 3236 1362 3306 ipsi
1415 3236 1788 3306 postulabant,
1825 3247 2178 3306 proponeret,

582 3331 939 3402 instigarunt.
980 3330 1220 3400 Urgebat
1251 3329 1457 3383 etenim
1497 3336 1558 3382 ut
1600 3329 1878 3393 omnibus,
1919 3344 2041 3399 quae
2080 3329 2181 3384 ad-

581 3439 778 3480 versus
799 3422 1114 3477 Nestorium
1135 3421 1476 3490 scripsimus,
1507 3420 1746 3485 abolitis,
1776 3429 1834 3475 et
1888 3422 2057 3476 veluti
2099 3422 2183 3475 im-

582 3516 816 3571 utilibus
846 3514 1084 3585 rejectis,
1108 3513 1286 3567 solum
1318 3512 1625 3583 symbolum
1648 3528 1680 3566 a
1705 3513 1909 3567 sanctis
1928 3514 2183 3570 Patribus

583 3607 641 3662 in
670 3607 891 3661 civitate
922 3605 1103 3660 Nicaaa
1130 3603 1481 3673 congregatis
1501 3603 1814 3673 expositum
1859 3604 2178 3675 admittere-

583 3714 727 3754 mus.
774 3696 1021 3752 Meminit
1064 3695 1324 3750 sanctitas
1370 3704 1483 3761 tua,
1536 3695 1790 3750 eamdem
1844 3696 1987 3751 hanc
2064 3713 2180 3752 rem

586 3790 796 3843 ursisse
821 3802 1043 3856 quoque
1080 3801 1207 3840 cum
1254 3801 1430 3854 nuper
1463 3785 1517 3839 in
1549 3785 1915 3855 Ephesiorum
1958 3786 2181 3841 civitate

582 3878 771 3932 adhuc
798 3877 1049 3931 aderant.
1087 3876 1200 3945 Ego
1234 3890 1362 3929 vero
1390 3873 1459 3929 ad
1492 3874 1608 3929 haec
1640 3876 1919 3945 rescripsi,
1952 3892 2068 3932 rem
2112 3879 2179 3932 iis

584 3970 669 4026 los
697 3970 975 4041 postulare
999 3968 1266 4039 ejusmodi
1306 3983 1428 4037 qua:
1466 3967 1582 4021 ﬁeri
1613 3968 1773 4038 plane
1820 3952 1932 4024 non
1977 3981 2179 4039 posset,

583 4062 735 4130 quod
806 4072 1153 4129 qttmcunque
1196 4059 1623 4128 scripsissemus,
1677 4068 1824 4115 recte
1867 4061 2180 4131 scripsisse-

585 4166 743 4217 mus;
788 4160 976 4220 utpote
1017 4159 1179 4206 rectae
1214 4150 1611 4219 inculpaueque
1644 4148 1771 4204 fidei
1812 4150 2016 4221 ubique
2064 4152 2180 4207 suf-

584 4244 807 4312 iragati,
834 4243 1086 4312 nihilque
1114 4242 1187 4297 ob
1220 4241 1273 4296 id
1307 4257 1499 4296 eorum
1550 4240 1797 4295 omnium
1824 4258 1945 4312 qua:
1964 4258 1997 4296 a
2022 4243 2183 4299 nobis

582 4334 788 4404 scripta
821 4344 1026 4398 essent,
1074 4334 1335 4389 damnare
1368 4344 1464 4388 aut
1496 4349 1697 4405 negare
1718 4350 1829 4389 non
1864 4350 2041 4405 posse.
2071 4336 2181 4390 Ne-

582 4441 692 4494 que
716 4426 864 4480 enim
895 4426 1196 4496 quidquam
1238 4426 1463 4480 omnino
1511 4433 1715 4481 temere
1755 4440 1786 4479 a
1834 4440 1922 4479 me
1967 4425 2180 4482 dictum

583 4526 682 4570 aut
711 4518 977 4586 scriptum
998 4526 1104 4582 est,
1137 4525 1200 4570 ut
1220 4518 1311 4572 isti
1340 4517 1551 4581 dicunt,
1582 4517 1679 4573 sed
1713 4532 1777 4571 ea
1804 4527 2016 4572 tantum
2042 4533 2073 4573 a
2094 4536 2181 4575 me
2215 4530 2259 4588 ι)
2286 4520 2376 4593 Η)
2412 4539 2425 4575 :

582 4606 734 4660 dicta
783 4616 839 4661 et
883 4608 1085 4675 scripta
1135 4617 1283 4670 sunt,
1325 4623 1446 4676 quae
1490 4624 1617 4661 cum
1663 4607 1790 4662 fidei
1843 4610 2177 4667 rectitudine

585 4699 794 4768 ubique
819 4698 1157 4767 conspirant,
1190 4698 1517 4766 veritatique
1544 4714 1643 4767 per
1675 4700 1857 4753 omnia
1887 4712 2177 4759 consenta-

584 4805 690 4844 nea
740 4799 887 4843 sunt.
938 4789 1135 4841 Addidi
1182 4803 1333 4851 vero,
1380 4788 1586 4842 rectius
1631 4788 1780 4858 ipsos
1825 4790 2087 4853 facturos,
2133 4794 2177 4848 si

586 4878 912 4947 ambagibus
956 4878 1065 4931 illis
1109 4875 1575 4945 dilationibusque
1620 4878 1823 4946 quibus
1860 4880 2176 4945 utebantur,

585 4969 790 5033 missis,
818 4968 1068 5038 intraque
1096 4966 1234 5022 recti
1258 4974 1315 5020 et
1339 4968 1638 5022 necessarii
1672 4970 1879 5025 limites
1901 4987 2021 5027 sese
2049 4988 2180 5028 con-

584 5060 846 5124 tinentes,
884 5059 1117 5129 piissimi
1145 5059 1367 5127 Deoque
1401 5058 1745 5116 dilectissimi
1779 5063 1911 5133 imp.
1937 5065 2176 5134 placitis,

579 5168 863 5221 sacraeque
897 5150 1091 5221 synodi
1122 5149 1360 5205 decretis
1383 5152 1831 5221 acquiescerent;
1856 5171 1920 5209 ac
1940 5155 2177 5211 Nestorii

582 5259 756 5316 nugas
790 5243 1249 5315 blasphemasque
1286 5244 1535 5316 ejusdem
1568 5254 1758 5300 contra
1781 5246 2064 5303 Christum
2082 5264 2180 5303 vo-

581 5351 676 5391 ces
710 5335 1274 5403 anathematizarent;
1307 5353 1523 5393 necnon
1572 5347 1629 5393 et
1674 5339 2077 5410 depositionem
2107 5341 2175 5395 il-

581 5427 691 5482 lius
713 5428 917 5498 justam
944 5444 1066 5484 esse
1092 5440 1479 5499 agnoscerent,
1502 5438 1559 5486 et
1585 5431 1925 5487 ordinationi
1958 5432 2175 5487 tandem

580 5518 914 5573 sanctissimi
937 5517 1379 5588 pientissimique
1404 5520 1652 5593 epise0pi
1682 5521 1995 5577 Maximiani
2041 5522 2176 5576 sub-

579 5610 907 5667 scriberent.

651 5727 739 5781 65.
781 5748 799 5779 ‹
832 5727 969 5783 Cum
1003 5727 1189 5801 itaque,
1220 5730 1321 5786 has
1351 5729 1419 5785 ad
1450 5729 1574 5785 illos
1610 5729 1819 5784 litteras
1862 5727 2134 5783 misissem
2157 5768 2171 5793 ,

576 5818 1082 5879 animadvertentes
1110 5840 1230 5880 sesc
1264 5811 1653 5880 communione
1694 5836 2040 5892 nequaquam
2070 5837 2171 5891 po-

2281 3221 2718 3291 subscripsisset,
2771 3220 3087 3289 ceterique,
3142 3219 3236 3288 qui
3291 3219 3496 3289 majore
3545 3218 3869 3273 auctoritate

2282 3313 2425 3385 apud
2471 3312 2651 3384 ipsum
2684 3320 2860 3375 erant,
2896 3310 3135 3365 Nestorii
3164 3309 3469 3364 doctrinam
3506 3309 3870 3363 anathemati--

2282 3418 2518 3472 lassent,
2544 3416 2600 3461 et
2624 3405 2770 3475 quod
2799 3405 2979 3474 ipsum
3017 3419 3116 3473 pro
3147 3402 3398 3473 deposito
3434 3402 3720 3464 haberent,
3746 3415 3872 3469 pro-

2282 3498 2411 3553 fessi
2439 3506 2661 3563 essent;
2700 3494 3123 3564 Maximianique
3164 3493 3555 3569 religiosissimi
3583 3491 3864 3561 pientissi—

2283 3590 2467 3661 Inique
2512 3587 2757 3660 episcOpi
2822 3585 3221 3641 ordinationem
3260 3585 3670 3656 approbassent,
3715 3600 3867 3639 com-

2282 3682 2599 3737 munionem
2642 3679 2751 3734 illis
2795 3678 3157 3733 restituimus.
3212 3677 3338 3732 Haec
3381 3677 3530 3731 enim
3558 3677 3694 3742 sola,
3742 3691 3867 3729 cum

2282 3770 2485 3842 Ephesi
2510 3771 2693 3826 adhuc
2723 3776 2931 3833 essent,
2960 3784 2991 3822 a
3015 3782 3170 3823 sacra
3194 3767 3401 3839 synodo
3430 3767 3499 3822 ab
3530 3767 3662 3838 ipsis
3684 3766 3867 3837 exige-

2285 3865 2503 3920 bantur.
2546 3883 2564 3916 ι

2354 3977 2442 4031 65.
2481 3977 2704 4041 Paulus,
2734 3986 2793 4030 re
2820 3976 2962 4030 bene
2992 3972 3261 4037 confecta,
3291 3971 3357 4027 ad
3386 3972 3649 4027 Joannem
3674 3971 3867 4027 Antio-

2282 4068 2521 4123 chenum
2573 4068 2840 4138 aliosque,
2891 4082 2925 4121 a
2974 4065 3178 4136 quibus
3230 4063 3298 4118 ad
3352 4062 3617 4135 Cyrillum
3666 4063 3870 4118 missus

2283 4156 2488 4223 fuerat,
2536 4158 2704 4214 rediit
2747 4157 2989 4212 afferens
3034 4170 3221 4211 secum
3270 4153 3341 4209 ad
3384 4153 3564 4225 ipsum
3605 4153 3869 4217 Joannem

2282 4251 2595 4322 epistolam,
2631 4264 2740 4320 qua
2778 4264 2883 4319 pax
2923 4245 3395 4316 tranquillitasque
3424 4243 3683 4298 Ecclesiae
3724 4252 3870 4298 esset

2286 4341 2520 4397 reddita.
2567 4342 2699 4412 Ejus
2742 4339 2989 4410 epistolae
3029 4338 3134 4391 hoc
3178 4344 3264 4391 est
3306 4334 3614 4399 exordium,
3655 4348 3774 4403 cap.
3811 4333 3866 4397 6,

2284 4438 2435 4484 torno
2460 4428 2547 4483 1V:
2578 4447 2595 4479 ι
2632 4427 2899 4482 ιωιεηειιν
2918 4425 3034 4480 caeli
3064 4435 3115 4478 et
3143 4423 3365 4478 exsultet
3390 4431 3529 4477 terra
3552 4420 3722 4495 (Psal.
3745 4436 3867 4487 xcv,

2464 4521 2706 4576 solutum
2734 4520 2882 4574 enim
2907 4526 2993 4574 est
3019 4516 3368 4572 intervallum
3410 4514 3691 4579 maceriaa;
3721 4514 3869 4583 quod

2279 4629 2581 4670 maerorem
2625 4610 2928 4676 afferebat,
2974 4609 3319 4680 conquievit;
3357 4616 3607 4663 et‘omne
3647 4606 3868 4661 tandem

2277 4702 2635 4758 dissidiorum
2679 4716 2852 4773 genus
2884 4700 3159 4755 sublatum
3200 4706 3322 4765 est;
3357 4698 3603 4752 omnium
3643 4696 3865 4767 quidem

2279 4804 2529 4850 nostrum
2550 4794 2833 4848 Salvatore
2857 4791 3075 4847 Christo
3102 4804 3293 4862 pacem
3312 4790 3573 4845 Ecclesiis
3598 4789 3712 4843 suis
3731 4802 3864 4843 con-

2281 4886 2525 4949 ciliante,
2557 4884 2990 4956 religiosissimis
3006 4892 3211 4948 autem,
3244 4880 3466 4953 Deoque
3494 4880 3867 4936 dilectissimis

2278 4972 2725 5043 imperatoribus,
2778 4987 2882 5027 nos
2934 4972 3001 5027 ad
3060 4971 3207 5027 istud
3264 4969 3709 5042 provocantibus.
3760 4969 3868 5037 Qui

2277 5080 2405 5121 cum
2447 5065 2607 5120 avitae
2636 5065 2915 5135 religionis
2954 5065 3148 5136 optimi
3194 5063 3538 5119 aemulatores
3580 5061 3866 5128 exsistant,

2278 5156 2407 5210 dant
2460 5171 2681 5226 operam
2718 5165 2779 5210 ut
2807 5155 2969 5211 fidem
2998 5164 3202 5211 rectam
3235 5155 3432 5210 animis
3469 5153 3583 5209 suis
3622 5152 3866 5218 infixam,

2279 5248 2493 5303 firmam
2515 5247 2905 5319 immotamque
2926 5248 3261 5303 custodiant.
3283 5245 3425 5312 Quin
3451 5255 3506 5299 et
3535 5245 3875 5314 singularem

2276 5354 2499 5409 quoque
2522 5339 2728 5395 sanctis
2751 5339 3011 5394 Ecclesiis
3029 5353 3219 5393 curam
3239 5336 3581 5407 impendunt,
3603 5350 3714 5405 quo
3739 5334 3870 5388 hinc

2277 5430 2539 5484 nimirum
2564 5440 2620 5484 et
2635 5430 2866 5501 gloriam
2887 5430 3174 5485 obtineant
3198 5436 3539 5498 perpetuam,
3557 5435 3613 5482 et
3635 5441 3868 5499 regnum

2276 5538 2439 5578 suum
2478 5522 2928 5578 florentissimum
2957 5521 3315 5577 constituant.
3346 5540 3364 5573 ι
3826 5522 3832 5528 '

2347 5637 2435 5692 66.
2467 5635 2598 5703 Qua:
2637 5652 2667 5690 a
2705 5635 2888 5690 reditu
2939 5636 3095 5691 Pauli
3134 5634 3502 5705 contigerunt,
3556 5633 3631 5687 ita
3679 5639 3867 5696 narrat

2276 5728 2566 5782 Liberatus
2596 5727 2651 5781 in
2687 5727 2986 5793 Breviario,
3031 5743 3187 5798 capp.
3221 5727 3255 5781 8
3284 5726 3393 5782 et9
3440 5743 3452 5780 :
3494 5746 3511 5805 ᾳ
3550 5724 3869 5783 Ascendens

2276 5833 2407 5889 ergo
2424 5818 2769 5873 Antiochiam
2788 5818 3008 5885 Paulus,
3025 5818 3223 5872 obtulit
3237 5817 3431 5874 Joanni
3451 5815 3836 5885 archiepiscop
