4154 6526
344 379 413 434 87
1692 382 1748 436 S.
1788 381 1913 437 (ΠΗ

2011 381 2064 436 [λι
2100 381 2278 436 vna.
3264 422 3270 428 -
3531 375 3613 444 38'

343 501 401 546 et
432 491 586 547 omni
631 491 869 547 concilio
915 493 1056 562 ejus,
1097 492 1389 562 epistolam
1434 495 1644 566 Cyriili.
1695 497 1820 563 Qui,
1868 507 1928 551 ut
1962 508 1998 561 Α
2028 495 2509 566 acceperit.Quem
2532 504 2714 550 tamen
2734 503 2958 552 secutus
2979 502 3064 550 est
3090 493 3388 552 Photiusin
3410 461 3609 555 Βεωεοέ

344 592 722 654 cognoverunt
744 598 872 638 eum
910 583 1217 652 suscepisse
1266 583 1429 638 ﬁdem
1473 599 1503 638 a
1545 601 1604 640 se
1636 585 1923 650 directam,

341 685 398 730 ct
423 676 481 730 in
504 676 628 746 ejus
649 675 935 744 scripsisse
957 673 1449 741 conﬁrmationem,
1470 691 1660 746 pacem
1681 693 1807 732 cum
1834 693 1923 743 eo,

339 773 399 820 et
417 766 538 834 ejus
571 764 828 821 fecerunt
860 764 1116 829 concilio,
1143 765 1466 821 damnantcs
1497 767 1832 833 Nestorium,
1871 776 1928 824 et

341 857 712 926 suscipientes
744 855 1152 920 Maximianum,
1183 857 1278 926 qui
1300 873 1400 927 pro
1427 859 1522 913 illo
1547 859 1724 914 factus
1749 859 1927 914 fuerat

341 946 665 1016 episcopus;
742 946 1125 1001 dubitantibus
1173 947 1352 1002 adhuc
1412 965 1478 1004 ex
1529 950 1611 1005 eis
1657 951 1930 1020 aliquibus

342 1035 549 1107 Cyrillo
594 1038 1025 1101 communicare,
1081 1038 1406 1106 putantibus
1437 1055 1565 1094 eum
1601 1055 1832 1104 errasse,
1871 1049 1925 1095 et

338 1136 532 1196 postea
553 1128 839 1182 veritatem
868 1129 1174 1198 agnovisse,
1199 1137 1254 1181 et
1281 1129 1628 1199 culpantibus
1662 1131 1924 1186 Joannem

339 1233 442 1272 cur
471 1218 541 1272 ab
572 1233 639 1273 eo
666 1234 778 1272 non
800 1219 1093 1288 expetierit
1124 1219 1492 1289 capitulorum
1537 1221 1658 1292 ejus
1697 1221 1924 1277 damna-

341 1308 569 1364 tionem.
603 1309 683 1364 Ex
717 1311 888 1363 altera
917 1319 1098 1364 autem
1138 1318 1294 1380 parte
1333 1310 1553 1379 quidam
1587 1309 1657 1364 de
1699 1311 1923 1380 palatio,

337 1417 438 1471 per
469 1401 756 1470 Eulogium
776 1401 1156 1471 presbyterum
1189 1409 1247 1456 et
1267 1401 1663 1471 apocrisarium
1693 1401 1926 1458 Alexan-

336 1492 515 1546 drina:
539 1492 816 1555 Ecclesia,
848 1493 1207 1562 culpaverunt
1237 1493 1521 1564 Cyrillum,
1544 1509 1644 1548 cur
1671 1510 1926 1565 suscepe-

338 1583 412 1636 rit
441 1583 510 1636 ab
540 1583 905 1637 orientalibus
947 1583 1222 1654 episcopis
1253 1585 1484 1638 duarum
1520 1585 1922 1642 confessionem

335 1681 684 1738 naturarum,
713 1673 862 1742 quod
893 1673 1178 1728 Nestorius
1210 1675 1349 1729 dixit
1377 1685 1433 1729 et
1471 1676 1676 1731 docuit.
1717 1677 1824 1731 Sed
1869 1687 1924 1732 et

335 1762 630 1820 Valeriano
680 1764 852 1819 lconii
872 1804 888 1828 ,
930 1774 988 1819 et
1040 1765 1241 1821 Acacio
1282 1766 1612 1822 Melitinensi
1653 1768 1924 1838 episcopis

2032 587 2177 639 theca
2211 593 2464 640 tmemate
2492 601 2718 645 ccxxv-1|.

2096 676 2184 730 68.
2217 675 2501 740 Quomodo
2551 678 2698 732 enim
2734 676 3022 732 credemus
3068 676 3138 731 ab
3179 670 3404 747 Cyrillo,
3454 678 3602 747 quod

2026 764 2216 820 scribit
2245 765 2387 820 idem
2424 766 2730 830 Liberatus,
2761 766 3042 821 laudatum
3069 767 3440 836 Theodorum,
3458 769 3602 838 ejus-

2026 869 2131 923 que
2173 855 2376 924 scripta
2420 856 2667 925 probata,
2704 871 2829 911 cum
2898 857 3034 912 adeo
3076 857 3393 912 adversatus
3437 858 3604 912 fuerit

2024 943 2298 1008 Nestorio,
2334 957 2500 1012 quem
2526 959 2655 998 suos
2683 945 2752 999 ab
2789 945 2907 1014 ipso
2931 944 3219 999 Theodoro
3246 944 3490 999 hausisse
3515 959 3602 998 er-

2026 1048 2178 1089 rores
2207 1034 2438 1103 ipsemet
2461 1041 2693 1090 testatur
2714 1035 2942 1104 epistola
2985 1035 3052 1089 ad
3085 1035 3348 1090 Joannem
3384 1035 3599 1104 episco-

2025 1141 2156 1195 pum
2207 1125 2629 1182 Antiocbenum.
2682 1146 2700 1178 ‹
2749 1127 3149 1196 Conﬁngentes,
3199 1146 3217 1178 ›
3265 1127 3362 1191 ait,
3409 1147 3426 1178 ι
3477 1143 3600 1196 quas

2023 1215 2262 1270 Nestorii
2309 1224 2437 1272 sunt
2485 1216 2686 1280 odisse,
2733 1218 2843 1270 alio
2881 1217 3078 1270 iterum
3129 1232 3193 1270 ea
3245 1213 3598 1290 introducunt

2024 1307 2209 1371 modo,
2241 1323 2366 1376 qua:
2386 1307 2657 1362 Theodori
2685 1316 2814 1361 sunt
2843 1307 3124 1371 mirantes,
3145 1315 3201 1360 et
3231 1315 3379 1361 certe
3410 1323 3595 1378 siqua-

2024 1398 2153 1463 lem,
2187 1400 2358 1471 magis
2385 1415 2517 1456 vero
2545 1401 2719 1455 multo
2743 1401 2985 1471 pejorem
3015 1399 3267 1454 morbum
3305 1401 3598 1471 impietatis

2025 1489 2301 1545 habentia.
2329 1491 2442 1546 Nec
2477 1492 2625 1546 enim
2664 1491 2986 1547 Theodorus
3024 1491 3260 1546 Nestorii
3295 1491 3400 1547 fuit
3426 1494 3593 1548 disci-

2023 1580 2206 1648 pulus,
2238 1581 2333 1636 sed
2364 1582 2466 1636 iste
2495 1583 2661 1647 illius,
2691 1589 2748 1637 et
2775 1581 2928 1636 velut
2947 1597 3058 1635 uno
3079 1581 3379 1651 loquuntur
3406 1593 3597 1646 ore,et

2024 1686 2194 1724 unum
2219 1672 2374 1726 mala:
2400 1672 2662 1727 doctrina:
2698 1687 2764 1727 ex
2800 1687 2900 1726 suo
2939 1670 3104 1726 corde
3135 1681 3396 1726 evomunt
3427 1688 3594 1726 vene-

2023 1777 2176 1817 num.
2203 1761 2262 1818 ιη
2285 1762 2530 1834 Epistola
2554 1763 2624 1817 ad
2653 1763 2988 1818 Theodosium
3007 1763 3395 1834 imperatorem,
3420 1763 3596 1819 Theo-

336 1852 444 1907 hoc
474 1851 656 1922 ipsum
695 1852 762 1908 de
801 1853 1004 1924 Cyrillo
1039 1851 1346 1909 videbatur.
1396 1855 1625 1926 Scripsit
1665 1872 1794 1928 ergo
1837 1859 1916 1914 ei's
1954 1841 1996 1899 Β
2021 1855 2219 1909 dorum
2267 1854 2732 1923 Mopsuestenum,
2788 1861 2845 1909 et
2899 1853 3196 1908 Diodorum
3248 1855 3592 1920 Tarsensem,

334 1942 574 2014 Cyrillus
617 1943 674 1997 in
709 1943 1086 2000 defensionem
1130 1945 1480 2001 orientalium
1509 1947 1912 2021 episcoporum,

332 2044 391 2088 et
425 2050 526 2104 pro
552 2035 768 2090 duabus
797 2035 963 2090 unius
991 2036 1193 2090 Christi
1221 2038 1498 2094 naturis...
1535 2039 1734 2095 Acacio
1762 2041 1911 2096 Meli-

335 2127 538 2181 tinensi
564 2127 820 2196 episcopo
849 2126 1094 2182 scribens
1126 2128 1268 2182 inter
1295 2130 1398 2184 alia
1430 2132 1508 2185 sic
1534 2131 1699 2186 dicit:
1724 2133 1918 2188 Nesto-

331 2215 453 2269 rius
484 2214 688 2268 etenim
715 2213 994 2268 Christum
1045 2229 1309 2287 seorsum,
1340 2218 1611 2272 nominari
1650 2219 1786 2273 dicit
1817 2217 1914 2274 Dei

332 2305 596 2371 Verbum,
629 2307 830 2361 habere
862 2313 1046 2359 autent
1071 2306 1510 2377 conjunctionem
1544 2310 1613 2364 ad
1638 2309 1915 2366 Christum

331 2396 674 2450 continuam.
699 2396 868 2450 Putas
893 2409 1044 2464 ergo,
1069 2411 1180 2450 non
1207 2397 1346 2452 duos
1367 2397 1614 2456 Christos
1640 2403 1917 2471 apertissi-

330 2502 420 2542 me
439 2476 614 2542 dicit?
636 2487 942 2544 Orientales
963 2503 1095 2543 vero
1115 2488 1394 2544 Christum
1416 2507 1586 2546 unum
1607 2503 1663 2548 et
1690 2492 1911 2561 Filium,

327 2589 388 2633 et
414 2579 588 2632 Deum
621 2587 676 2633 et
703 2575 993 2634 Dominum
1033 2577 1364 2634 conﬁtentur
1395 2596 1452 2636 se
1481 2583 1724 2648 adorare,
1757 2601 1913 2638 eum-

327 2666 455 2720 dem
483 2681 551 2721 ex
580 2667 739 2721 Patre
764 2667 1065 2720 secundum
1095 2666 1460 2734 divinitatem,
1499 2679 1553 2724 et
1573 2671 1826 2726 eumdem
1847 2688 1914 2728 ex

327 2768 517 2812 sancta
563 2759 786 2829 Virgine
839 2757 1140 2814 secundum
1197 2758 1614 2816 humanitatem.
1671 2763 1912 2817 Duarum

327 2863 562 2917 namque
585 2857 901 2903 naturarum
935 2846 1238 2901 unitionem
1259 2848 1456 2904 factam
1485 2851 1706 2918 dicunt;
1735 2863 1912 2909 tamen

327 2953 502 2998 unum
526 2938 828 3002 Christum,
853 2952 1021 2991 unum
1048 2937 1248 2994 Filium
1270 2941 1560 2998 Dominum
1583 2945 1914 3003 confitentur

327 3035 516 3098 aperte
544 3029 770 3092 factum,
809 3047 827 3079 δ
857 3039 962 3083 etc.

400 3225 486 3279 67.
511 3225 693 3295 Pergit
727 3223 1016 3282 Liberatus
1050 3244 1062 3282 :
1103 3248 1121 3280 ‹
1179 3229 1306 3284 Haec
1352 3234 1481 3284 sunt
1513 3245 1634 3299 qua:
1678 3231 1910 3302 Cyrillus

325 3315 553 3384 scripsit
601 3315 656 3369 in
695 3315 1072 3373 defensionem
1115 3320 1464 3374 orientalium
1505 3321 1906 3391 episcoporum,

324 3418 429 3474 pro
463 3403 680 3459 duabus
708 3406 872 3462 unius
892 3405 1095 3462 Christi
1125 3410 1356 3463 naturis.
1393 3409 1563 3476 Quam
1600 3411 1910 3481 quicunque

327 3504 462 3550 tunc
506 3495 733 3550 minime
777 3507 1118 3568 receperunt,
1163 3500 1263 3555 hos
1309 3515 1430 3556 esse
1483 3510 1615 3570 puto
1661 3513 1911 3558 auctores

324 3586 751 3654 Acephalorum,
799 3588 894 3656 qui
931 3604 1110 3658 neque
1159 3589 1420 3661 Cyrillum
1471 3592 1674 3647 habent
1724 3601 1907 3663 caput,

326 3691 510 3745 neque
533 3691 698 3745 quem
729 3687 1030 3746 sequantur
1049 3680 1368 3734 ostendunt.
1391 3679 1546 3734 Time
1565 3689 1620 3735 et
1647 3681 1910 3751 Evoptius

327 3763 683 3818 Ptolemaidis
737 3765 1101 3836 Pentapoleos
1145 3768 1384 3838 regionis
1412 3769 1723 3838 episcopus,
1763 3771 1907 3824 acci-

325 3857 487 3925 picus
503 3857 783 3926 exemplar
803 3857 1109 3912 litterarum
1145 3858 1482 3932 Theodoriti,
1503 3861 1598 3930 qui
1616 3860 1911 3930 scripserat

327 3958 523 4002 contra
563 3948 857 4003 duodecim
895 3950 1130 4018 capitula
1160 3948 1368 4022 Cyrilli,
1411 3951 1611 4006 direxit
1641 3951 1774 4007 illud
1803 3951 1908 4024 Cy-

324 4039 476 4107 rilla,
499 4049 560 4093 ut
596 4040 954 4110 responderet
984 4041 1051 4095 ad
1080 4057 1165 4106 ea,
1201 4052 1257 4097 et
1279 4058 1376 4097 sua
1400 4028 1636 4113 capitula
1668 4061 1907 4115 expone-

325 4136 433 4181 ret.
463 4126 622 4194 Quod
650 4128 956 4199 gratissime
979 4129 1285 4199 suseipiens
1315 4128 1571 4202 Cyrillus,
1594 4134 1722 4188 fecit
1745 4134 1911 4188 inter.

323 4220 694 4289 pretationem
717 4220 1082 4290 capitulorum
1105 4238 1349 4287 suorum,
1382 4224 1670 4279 duodecim
1703 4227 1910 4281 addens

323 4309 723 4377 expositiones,
746 4325 856 4380 quo
883 4311 1165 4367 videretur
1187 4313 1402 4382 plenam
1439 4329 1539 4384 pro
1562 4317 1643 4371 eis
1681 4317 1907 4372 reddere

324 4400 622 4455 rationem.
658 4401 847 4470 Itaque
873 4401 1075 4474 Cyrillo
1117 4404 1447 4474 suscipiente
1494 4415 1550 4460 et
1584 4405 1906 4462 defendente

2017 1944 2218 1999 asserit
2245 1952 2432 2014 patres
2462 1943 2757 2013 impietatis
2794 1942 2961 1998 fuisse
2984 1943 3256 2010 Nestorio,
3287 1945 3599 2000 immaniter

2016 2035 2424 2104 blasphemasse
2475 2045 2664 2090 contra
2721 2035 3000 2090 Christum
3051 2036 3296 2090 omnium
3345 2044 3595 2091 nostrum

2017 2123 2371 2187 Salvatorem,
2396 2123 2700 2177 nescientes
2724 2123 2894 2192 ipsius
2929 2124 3266 2193 mysterium,
3295 2143 3314 2176 ι
3339 2133 3444 2180 etc.
3469 2125 3599 2183 Huic

2016 2213 2198 2268 omnia
2229 2213 2540 2267 referuntur
2569 2212 2857 2266 collatione
2898 2213 2932 2266 5
2979 2214 3197 2268 concilii
3224 2230 3257 2268 v
3293 2217 3592 2270 meumeni-

2015 2304 2086 2359 ci.
2114 2304 2359 2373 Denique
2389 2303 2579 2358 ambos
2601 2302 2847 2375 ejusdem
2876 2303 3148 2358 haereseos
3179 2313 3430 2360 auctores
3460 2306 3596 2361 fuis-

2015 2409 2072 2449 se
2137 2392 2376 2448 ostendit
2422 2393 2477 2447 in
2509 2392 2846 2462 expositione
2871 2393 3101 2465 symboli
3139 2393 3345 2448 Nicatni
3385 2395 3488 2449 sub
3525 2394 3592 2448 ﬁ-

2015 2501 2159 2541 nem.
2201 2485 2304 2542 Ubi
2329 2493 2386 2540 et
2408 2484 2660 2538 meminit
2680 2483 2923 2553 epistolae
2953 2484 3130 2539 Procli
3151 2483 3220 2538 ad
3240 2485 3503 2540 Armenes
3523 2486 3592 2541 de

2014 2593 2078 2632 ca
2123 2592 2181 2630 re
2235 2576 2492 2646 scripta-3:
2550 2595 2567 2628 ε
2616 2577 2743 2632 ΙΙωο
2781 2577 2948 2631 sentit
2985 2576 3294 2641 nobiscum,
3335 2596 3353 2628 ι
3392 2577 3589 2647 inquit,

2022 2686 2040 2718 ι
2077 2667 2482 2721 amantissimus
2511 2665 2716 2721 Christi
2751 2674 3064 2722 sanctorum
3110 2667 3331 2721 Patrum
3367 2668 3588 2732 chorus,

2014 2765 2068 2811 et
2094 2757 2320 2811 Proclus
2344 2757 2479 2826 ipse,
2510 2756 2604 2826 qui
2633 2770 2782 2811 nunc
2807 2762 3006 2812 sancta:
3027 2752 3589 2828 Constantinopolita-

2013 2863 2096 2903 nze
2151 2848 2409 2902 Ecclesiae
2447 2847 2703 2902 thronum
2764 2847 2994 2902 adornat
3049 2847 3490 2918 religiosissimus
3534 2859 3592 2903 et

2013 2937 2386 3007 pientissimus
2412 2938 2572 2992 Pater
2603 2945 2658 2992 et
2679 2937 3058 3007 coepisc0pus.
3097 2937 3326 3007 Scripsit
3358 2939 3502 2992 enim
3534 2948 3591 2993 et

2013 3030 2129 3100 ipse
2154 3030 2221 3084 ad
2241 3029 2538 3084 orientales
2556 3029 2838 3098 piissimus
2856 3029 3142 3099 episcopos
3164 3029 3220 3082 in
3241 3030 3359 3085 hzec
3383 3031 3547 3085 verba
3571 3069 3588 3083 .

1957 3167 1974 3186 ,
2020 3141 2036 3170 ‹
2083 3122 2152 3174 Et
2180 3121 2495 3175 incarnatus
2515 3120 2736 3189 quidem
2762 3127 2865 3180 est,
2897 3138 2914 3170 ι
2944 3128 3051 3173 etc.
3081 3121 3270 3174 Exstat
3297 3136 3360 3174 ea
3388 3122 3589 3190 episto-

1960 3201 1976 3220 ⁴
2012 3212 2063 3265 la
2093 3211 2149 3264 in
2191 3209 2528 3264 Bibliotheca
2572 3209 2794 3263 Patrum
2843 3208 3034 3262 Latine
3071 3223 3226 3264 versa
3269 3219 3298 3263 a
3333 3209 3588 3281 Dionysio

2011 3305 2237 3375 Exiguo,
2290 3303 2578 3359 occasione
2633 3302 2878 3373 ejusdem
2925 3303 3311 3358 controversiae
3368 3320 3589 3360 rursum

2011 3401 2254 3461 tempore
2287 3407 2386 3446 suo
2413 3389 2688 3445 suscitata:
2718 3399 2940 3459 propter
2972 3390 3075 3444 tria
3099 3391 3336 3460 capitula
3369 3393 3589 3449 concilii

2009 3479 2488 3543 Chalcedonensis,
2509 3495 2631 3548 qua:
2654 3479 2872 3534 tandem
2901 3481 3146 3537 Ecclesia
3173 3483 3419 3548 rescidit,
3447 3500 3589 3553 quo—

2011 3585 2133 3628 rum
2167 3588 2337 3626 unum
2367 3579 2488 3626 erat
2511 3570 2579 3624 de
2609 3570 2854 3641 ejusdem
2877 3572 3151 3626 Theodori
3177 3573 3416 3643 scriptis.
3447 3575 3587 3631 Suc-

2010 3674 2250 3720 cesserat
2311 3678 2475 3732 porro
2527 3660 2852 3716 Maximiano
2906 3662 3164 3718 defuncto
3222 3662 3275 3718 S.
3335 3665 3587 3730 Proclus,

2008 3751 2214 3822 Aspare
2239 3761 2293 3806 et
2315 3751 2626 3806 Areobinda
2659 3766 2827 3815 coss.,
2867 3768 2956 3806 an.
2994 3752 3126 3808 Chr.
3153 3753 3280 3819 454,
3323 3754 3392 3809 ad
3430 3757 3590 3826 cujus

2009 3844 2176 3898 vitam
2213 3859 2335 3898 xxiv
2371 3841 2593 3898 Octobr.
2620 3841 2774 3910 plura
2817 3842 2886 3896 de
2924 3843 3024 3898 hac
3067 3845 3440 3900 controversia
3498 3845 3587 3901 di-

2011 3939 2223 3986 centur.
2271 3980 2275 3986 .

2080 4041 2167 4096 69.
2187 4043 2520 4113 *Apostolica
2551 4043 2874 4099 auctoritate
2911 4044 3166 4114 Cyrilium
3201 4048 3468 4103 restitisse
3490 4049 3586 4105 Ju-

2009 4133 2184 4186 venali
2212 4133 2469 4204 episcOpo
2503 4133 2995 4203 Hierosolymitano
3031 4134 3321 4203 primatum
3347 4137 3586 4192 Palaesti-

2010 4237 2096 4277 na:
2120 4223 2394 4276 affectanti
2416 4222 2530 4293 (qui
2551 4231 2608 4278 et
2631 4223 2848 4276 tandem
2872 4222 2950 4276 illi
2981 4222 3098 4277 sedi
3120 4221 3371 4290 collatus)
3394 4225 3585 4279 scribit

2011 4314 2065 4368 S.
2101 4314 2211 4367 Leo
2245 4329 2382 4383 papa
2409 4315 2569 4384 epist.
2594 4315 2682 4379 62,
2715 4314 2797 4368 Ad
2825 4313 3115 4367 Maximum
3142 4317 3436 4386 episcopum
3469 4318 3583 4370 An-

2009 4405 2297 4456 tiochenam
2332 4419 2349 4455 :
2385 4422 2402 4453 ι
2457 4403 2516 4456 In
2558 4403 2832 4472 Ephesina
2880 4403 3104 4472 synodo,
3141 4423 3159 4454 ι
3197 4404 3392 4472 inquit,
3435 4425 3452 4456 ι
3483 4406 3584 4461 Ju-

328 4487 495 4543 iidem
521 4490 872 4544 orientalium
907 4493 1312 4561 episcoporum,
1341 4503 1396 4548 ει
1423 4509 1519 4549 sua
1559 4495 1792 4565 capitula
1818 4513 1910 4552 εχ-
1942 4489 1982 4540 D
2011 4492 2217 4545 venalis
2243 4491 2530 4560 episcopus
2553 4491 2620 4545 ad
2650 4491 3007 4546 obtinendum
3039 4491 3337 4548 Palaestina:
3365 4495 3586 4564 provin-

321 4590 588 4649 ponente,
625 4597 729 4650 pax
748 4590 804 4636 et
829 4583 1009 4638 unitas
1047 4585 1312 4639 Ecclesiis
1354 4586 1563 4640 reddita
1592 4599 1694 4642 est.
1717 4588 1776 4642 In
1803 4605 1909 4658 qua

322 4684 460 4739 pace
515 4671 786 4740 gaudente
842 4671 1104 4737 Ecclesia,
1157 4673 1409 4729 inimicus
1463 4677 1632 4745 pacis,
1681 4679 1910 4734 aemulus

321 4761 577 4826 unitatis,
599 4778 708 4817 non
729 4763 938 4832 quievit
962 4764 1225 4820 adversus
1247 4782 1366 4822 eam
1395 4783 1616 4824 movere
1641 4784 1767 4825 vasa
1789 4785 1906 4837 sua,

318 4862 380 4906 et
431 4856 868 4923 superseminare
917 4857 1122 4911 zizania
1154 4875 1168 4924 ;
1203 4877 1221 4909 ι
1281 4874 1403 4928 qua:
1462 4870 1683 4930 propter
1741 4861 1910 4918 libros

317 4944 606 4998 Theodori
675 4945 1036 5015 M0psuesteni
1065 4956 1122 5003 et
1154 4947 1376 5003 Diodori
1411 4949 1694 5006 Tarsensis
1723 4962 1907 5007 exorta

315 5044 475 5090 sunt.
515 5033 613 5101 Ea,
633 5035 762 5106 quia
791 5037 859 5091 ad
882 5037 936 5091 S.
960 5037 1220 5110 Cyrillum
1250 5041 1340 5094 vix
1363 5043 1616 5104 attinent,
1654 5043 1757 5097 hoc
1788 5045 1908 5099 loco

315 5127 666 5194 omittimus;
695 5131 995 5199 praesertim
1019 5133 1164 5202 quod
1192 5134 1284 5188 illa
1309 5133 1550 5188 Liberali
1572 5135 1784 5190 diaconi
1816 5137 1908 5191 lli-

313 5219 496 5273 storia
542 5218 692 5273 haud
739 5236 1127 5292 usquequaque
1179 5223 1340 5278 ﬁdem
1394 5233 1688 5289 mereatur,
1725 5224 1816 5294 qui
1850 5235 1906 5281 et

316 5309 428 5362 tria
469 5308 728 5377 capitula,
763 5308 830 5364 de
853 5310 1072 5380 scriptis
1096 5310 1483 5381 Mopsuesteni,
1524 5314 1630 5369 Iba:
1653 5315 1900 5384 epistola,

311 5415 385 5454 ac
405 5398 740 5454 Theodoreti
770 5409 958 5456 contra
986 5401 1247 5474 Cyrillum
1272 5405 1702 5470 commentariis,
1729 5422 1762 5461 a
1791 5406 1903 5461 Ro-

314 5502 489 5542 mano
531 5488 697 5542 etiam
745 5490 1002 5559 pontiﬁce
1049 5493 1161 5562 jam
1213 5491 1488 5557 damnata,
1547 5493 1904 5563 pervicaciter

311 5594 448 5632 eum
472 5579 596 5634 aliis
624 5579 896 5635 Africanis
921 5583 1122 5637 tuenda
1145 5585 1467 5654 susceperit,
1497 5592 1659 5654 atque
1686 5586 1902 5643 incaute

311 5686 384 5723 ex
425 5669 656 5740 epistola
685 5685 716 5724 a
746 5671 1002 5741 quopiam
1049 5674 1372 5729 Nestoriano
1414 5675 1516 5730 sub
1551 5676 1771 5730 nomine
1796 5675 1900 5747 Cy-

311 5760 426 5814 rilli
455 5760 525 5815 ad
543 5761 808 5816 Joannem
849 5762 1250 5819 Antiochenam
1280 5766 1534 5821 conﬁcta.
1570 5781 1690 5822 una:
1719 5777 1900 5822 narrat

2011 4582 2108 4637 cia:
2138 4582 2501 4651 principatum
2529 4598 2586 4637 se
2616 4582 2849 4637 credidit
2872 4597 3028 4651 posse
3063 4581 3331 4648 suﬁiccre,
3358 4595 3415 4640 et
3441 4585 3586 4641 inso«

2010 4673 2184 4727 lentes
2205 4688 2370 4727 ausus
2399 4688 2496 4742 per
2518 4673 2887 4728 cosnmentitia
2917 4674 3118 4743 scripta
3156 4673 3369 4730 firmare
3397 4694 3410 4730 :
3435 4677 3582 4746 quod

2009 4773 2210 4818 sancta:
2239 4763 2515 4818 memoriae
2544 4762 2778 4836 Cyrillus
2808 4764 3205 4819 Alexandrinus
3230 4766 3423 4820 merito
3451 4783 3582 4835 per-

2009 4851 2351 4921 horrescens,
2378 4853 2596 4924 scriptis
2623 4853 2738 4910 suis
2766 4854 2921 4918 mihi,
2953 4856 3100 4925 quod
3131 4857 3386 4935 praedicta
3423 4858 3582 4928 cupi-

2008 4946 2150 5001 ditas
2182 4962 2314 5001 ausa
2352 4946 2442 5010 sit,
2473 4946 2770 5016 judicavit;
2801 4957 2857 5002 et
2886 4948 3116 5002 sollicita
3153 4963 3314 5016 prece
3346 4950 3580 5004 multum

2007 5039 2291 5108 poposcit,
2338 5046 2399 5091 ut
2444 5038 2629 5091 nullus
2687 5038 2892 5093 illicitis
2943 5038 3230 5093 conatibus
3272 5041 3580 5109 praebeatur

2006 5145 2278 5184 assensus.
2315 5149 2332 5176 ι

2077 5221 2162 5276 70.
2187 5220 2374 5294 Cyrilli
2406 5223 2655 5278 doctrina
2689 5239 2720 5276 a
2761 5221 2962 5277 sanctis
2986 5222 3238 5277 Patribls
3265 5234 3580 5286 reverenter

2007 5323 2258 5383 suscepta
2302 5327 2366 5367 ac
2393 5313 2609 5367 laudata
2647 5322 2750 5368 est.
2778 5311 3002 5383 Magnus
3029 5313 3374 5384 Euthymius,
3417 5323 3476 5367 ut
3510 5330 3578 5369 xx

2004 5403 2246 5458 Januarii
2290 5403 2348 5457 in
2389 5404 2508 5474 ejus
2533 5403 2655 5459 Vita
2693 5402 2915 5467 dicitur,
2962 5417 3112 5456 num.
3158 5404 3244 5467 75,
3278 5403 3580 5458 calumnias

2005 5501 2192 5547 contra
2221 5494 2483 5564 synodum
2526 5494 3026 5549 Chalcedonensem
3074 5495 3446 5559 aversabatur,
3475 5495 3582 5550 hac

2004 5582 2146 5636 inter
2182 5583 2315 5637 alias
2347 5584 2576 5639 adducta
2604 5585 2814 5640 ratione
2845 5602 2857 5637 :
2891 5603 2909 5634 ι
2940 5583 3201 5655 Cyrillum
3237 5583 3578 5639 Alexandriae

2001 5675 2320 5744 episcopum
2355 5675 2594 5746 synodus
2622 5676 2726 5730 sibi
2761 5675 3027 5747 adjungit,
3072 5685 3330 5744 tanquam
3371 5675 3463 5744 qui
3505 5676 3578 5728 s'rt

2001 5766 2246 5825 eiusdem
2274 5766 2589 5824 sententim:
2626 5776 2681 5820 et
2714 5777 2874 5822 recta:
2907 5767 3190 5822 sententiae
3228 5766 3430 5821 fatetur
3456 5781 3576 5819 esse
