4120 6488
268 408 335 471 ιι
1326 448 1329 451 ·
1517 427 1797 485 NOTITIA

1920 428 1928 482 ζ
1967 430 2300 492 FABRICIO.
3464 455 3534 509 η

267 530 523 587 cumulet
550 531 969 590 Tillemontium
998 543 1148 593 torno
1178 536 1299 596 XIV
1328 539 1707 599 Hemoriarum
1735 546 1856 599 hist.
1890 548 1934 604 A
1962 544 2394 605 Alexandrinum
2411 549 2726 610 Carmelitis
2754 557 2987 615 ridicule
3013 576 3364 620 accensuere.
3398 568 3533 623 Vide

265 619 476 686 acciet,-
512 622 599 677 Jo.
636 621 968 680 Garnerium
985 625 1055 681 ad
1088 634 1219 682 tom.
1248 629 1294 683 ll
1323 629 1478 685 Marii
1508 631 1853 700 Mercatoris;

266 711 554 767 Petavium
578 714 632 768 in
652 715 1013 785 Dogmatibus
1031 718 1353 790 theologicis
1375 722 1443 777 de
1458 723 1853 792 incarnatione,

259 812 318 857 et
352 804 703 861 Ludovicum
745 808 1039 865 Dulcinum
1072 810 1126 866 in
1155 813 1393 868 Historia
1428 815 1851 885 Nestorianismi,

258 892 467 950 Gallice
497 896 651 951 edita
679 899 1035 956 Roterodami
1073 903 1229 970 1698,
1264 904 1317 959 in
1347 906 1400 960 4.
1433 905 1583 963 Obiit
1613 908 1851 981 Cyrillus

256 986 323 1040 Α.
354 986 415 1042 C.
448 990 579 1054 4M,
612 991 684 1045 27
728 992 856 1046 Jun.
887 994 1022 1063 Ejus
1049 996 1370 1051 memoriam
1394 999 1583 1055 Latina
1608 1002 1850 1057 celebrat

254 1077 504 1133 Ecclesia
538 1080 610 1135 28
655 1082 882 1137 Januar.
926 1084 1016 1155 (ad
1051 1101 1215 1155 quem
1263 1087 1410 1143 diem
1457 1090 1731 1147 videndus
1789 1093 1846 1148 in

253 1169 399 1224 Actis
428 1169 755 1229 Sanctorum
783 1176 1082 1232 Bollandus
1102 1178 1171 1234 de
1193 1179 1397 1253 Cyrillo
1423 1184 1646 1254 copiose
1666 1184 1843 1240 disse-

251 1260 430 1328 rens),
469 1272 527 1317 et
552 1262 743 1319 Graeca
764 1265 797 1318 9
816 1265 969 1322 Junii
991 1276 1047 1323 et
1075 1268 1143 1323 18
1169 1270 1419 1339 Januar.,
1445 1273 1555 1327 τῶν
1582 1276 1641 1328 ἐν
1670 1275 1845 1343 ἁγίοις

248 1352 520 1424 Πατέρων
575 1356 735 1426 ἡμῶν
795 1357 891 1412 καὶ
935 1359 1383 1431 ἀρχιεπισκόπων
1442 1364 1843 1437 Ἀλεξανδρείας

260 1444 589 1500 Ἀθανασίου
622 1449 717 1503 καὶ
753 1450 1049 1521 Κυρίλλου.
1081 1452 1352 1520 Quoniam
1382 1455 1578 1526 dogma
1610 1459 1844 1514 catholi-

245 1548 374 1587 cum
416 1534 488 1589 de
522 1536 908 1593 incarnatione
928 1540 1094 1595 Verbi
1124 1550 1275 1596 tanta
1302 1544 1471 1598 animi
1491 1547 1845 1604 contentione

244 1629 508 1692 asseruit,
532 1630 766 1699 perinde
796 1632 1013 1688 alienus
1031 1634 1100 1687 ab
1124 1635 1391 1706 Eutychis
1410 1653 1576 1707 quam
1598 1654 1628 1693 a
1649 1640 1843 1696 Nesto-

244 1718 315 1773 rii
342 1721 661 1784 erroribus,
682 1723 811 1779 hinc
844 1724 1079 1794 γνώμων
1096 1727 1195 1796 τῆς
1217 1728 1521 1799 ἀκριϐείας,
1543 1734 1841 1786 accuratio-

242 1812 325 1865 nis
364 1813 579 1883 regula,
613 1814 821 1871 dicitur
861 1817 930 1871 ab
964 1817 1194 1890 Eulogio
1233 1821 1379 1892 apud
1409 1822 1666 1877 Photium
1712 1823 1835 1879 cod.

239 1918 368 1967 xxx,
409 1921 466 1973 p.
504 1906 634 1970 452,
666 1909 766 1979 τῆς
798 1909 1088 1978 ἀκριϐείας
1114 1912 1457 1978 διδάσκαλος,
1475 1914 1655 1970 doctor
1686 1934 1841 1971 accu-

238 1997 570 2062 ratissimus,
607 2015 662 2068 p.
691 2000 816 2065 454,
845 2010 901 2055 et
931 2001 1132 2072 θερμὸς
1151 2005 1249 2073 τῆς
1265 2006 1550 2076 ἀκριϐείας
1575 2008 1671 2062 καὶ
1709 2009 1840 2081 ἀλη-

236 2086 395 2149 θείας
415 2089 678 2160 ἐραστής,
700 2091 933 2160 fervidus
953 2098 1308 2151 accurationis
1320 2100 1659 2171 veritatisque
1682 2119 1836 2156 ama—

234 2190 340 2243 tor,
378 2197 433 2251 p.
477 2181 605 2236 Ml.
653 2182 811 2250 Quod
859 2202 993 2241 vero
1021 2187 1182 2257 φύσιν
1216 2206 1381 2245 unam
1417 2192 1495 2262 (a)
1527 2193 1584 2248 in
1614 2194 1837 2250 Christo

230 2283 361 2343 post
390 2275 655 2331 unionem
685 2278 1055 2350 ὑποπατικὴν
1095 2296 1218 2336 esse
1263 2284 1504 2354 scripsit,
1541 2285 1678 2341 locis
1710 2302 1835 2341 sex-

227 2367 415 2421 centis
443 2370 585 2423 satis
606 2369 1028 2435 demonstravit,
1059 2374 1221 2445 longe
1248 2376 1358 2432 alio
1388 2393 1554 2432 sensu
1585 2395 1644 2434 se
1668 2380 1833 2435 intel-

227 2454 431 2526 ligere,
478 2474 645 2528 quam
680 2460 959 2531 Eutyches
992 2463 1194 2519 deinde
1223 2475 1309 2520 est
1347 2467 1623 2536 opinatus,
1667 2480 1831 2541 atque

227 2557 449 2607 natura:
482 2553 752 2607 vocabulo
777 2569 881 2624 pro
919 2555 1219 2610 ὑποστάσει
1240 2572 1362 2614 esse
1393 2559 1645 2615 abusum.

763 2708 842 2768 ιι.
893 2707 1026 2769 Alii
1058 2710 1306 2787 Cyrilli,

294 2842 568 2915 Cyrillns,
594 2844 910 2901 Adanorum
943 2845 1152 2903 Cilicize
1177 2849 1367 2918 primae
1388 2850 1700 2921 cpiscopus,
1729 2854 1824 2922 qui

222 2936 481 2991 interfuit
496 2939 715 3010 synodo
740 2940 1107 2994 Orientalium
1128 2952 1249 3011 post
1272 2943 1564 2998 concilium
1591 2945 1823 3014 Ephesi-

222 3044 385 3083 rum.
417 3030 500 3084 Ad
533 3046 662 3085 eum
685 3032 919 3101 epistola
940 3033 1281 3101 Theodoriti,
1312 3035 1367 3089 in
1398 3035 1657 3092 Auetario
1683 3036 1821 3092 Gar-

218 3121 482 3184 aer-iano,
517 3138 642 3192 pag.
680 3123 804 3177 679.

1957 636 2239 694 Labbeum
2271 652 2402 697 tom.
2440 644 2459 698 l
2493 645 2569 699 De
2610 644 2667 701 S.
2705 646 2797 713 E.,
2838 666 2891 719 p.
2922 652 3047 707 246.
3083 653 3421 729 [Cantabrig.
3476 660 3538 725 in;

1955 731 2080 786 cod.
2112 734 2239 789 coll.
2274 734 2684 806 Gaio-Gonvil.,
2721 758 2778 795 ιι.
2805 743 2961 809 1266,
2996 745 3115 801 Cat.
3138 749 3297 804 codd.
3342 750 3532 823 Cyrilli

1956 823 2126 890 presb.
2161 840 2320 879 erem.
2342 826 2533 883 Montis
2563 830 2795 886 Carmel.
2820 833 2954 889 Visio
2981 852 3025 891 s.
3062 838 3423 915 Vaticinium.]

2024 912 2284 984 Cyrillus,
2307 919 2743 990 cathegumenus
2771 929 3088 984 monasterii
3109 930 3204 986 SS.
3229 912 3531 1007 martyrum

1954 1003 2138 1071 Probi,
2167 1009 2399 1065 Tarachi
2441 1024 2497 1068 ct
2518 1013 2838 1084 Andronici,
2878 1022 2972 1090 qui
3008 1022 3257 1079 interfuit
3292 1003 3532 1084 concilio
3572 1016 3581 1031 A‘

1952 1098 2559 1174 Constantinopolitano
2586 1125 2686 1178 pro
2713 1112 2862 1166 cultu
2892 1114 3211 1186 imaginum,
3241 1120 3388 1190 quod
3424 1125 3529 1179 sub

1951 1187 2105 1245 Alex.
2135 1191 2416 1249 Comneno
2446 1196 2697 1253 habitum
2730 1209 2815 1256 est
2836 1202 2893 1257 in
2923 1205 3165 1262 triclinio
3194 1187 3526 1268 Blacherna-

1951 1294 2094 1333 rum.

2020 1369 2285 1444 [Cyrillus
2334 1377 2528 1446 Chius,
2570 1383 2633 1438 V.
2682 1385 2792 1439 vol.
2829 1385 2897 1450 Χ,
2945 1403 2999 1457 p.
3052 1388 3174 1443 501.
3206 1391 3465 1449 Diversus
3494 1410 3527 1449 a

1946 1463 2152 1537 Cyrillo
2182 1468 2301 1536 Cio,
2323 1473 2583 1546 episcopo
2606 1479 2902 1547 provinciae
2947 1482 3232 1554 Bithyniae,
3263 1487 3357 1555 qui
3386 1503 3524 1544 cou-

1946 1558 2076 1614 cilio
2091 1561 2315 1619 Nicaano
2333 1566 2679 1639 subscripsit.
2709 1570 2961 1642 Vallem.
2990 1574 3189 1630 Valcsii
3214 1577 3521 1635 Emendatt.

1945 1650 2044 1705 lib.
2070 1669 2128 1717 ιι,
2165 1670 2286 1726 pag.
2307 1657 2394 1711 49.
2429 1658 2625 1733 iisan]
3464 1662 3467 1663 ⁷

2012 1745 2250 1818 Cyrillus
2262 1750 2744 1825 Chronographus.
2764 1757 2828 1813 V.
2845 1760 2954 1815 vol.
2971 1761 3082 1826 Vll,
3101 1779 3156 1833 p.
3176 1764 3407 1837 ἀηθείᾳ.
3428 1767 3522 1841 H.]

2012 1841 2200 1912 Cyrilli
2226 1883 2241 1907 ,
2297 1843 2890 1919 Constantinopolitani
2950 1856 3312 1923 patriarcha,
3364 1858 3522 1916 fuere

1945 1940 2071 1996 tres,
2102 1949 2250 1989 unus
2289 1934 2528 2006 Cyrillus
2559 1938 2652 1993 hic
2687 1938 2928 2007 Contari,
2958 1944 3027 1998 de
3059 1961 3169 2015 quo
3198 1948 3364 2016 paulo
3390 1958 3520 2007 ante

1942 2022 1998 2076 in
2028 2024 2378 2090 Berrhoensi,
2405 2028 2546 2083 alter
2572 2029 2811 2101 Cyrillus
2841 2034 3085 2103 Lucoris,
3116 2039 3185 2094 de
3212 2056 3323 2111 quo
3346 2058 3471 2099 mox
3499 2062 3515 2100 :

1938 2122 1993 2167 et
2011 2115 2204 2170 tertius
2222 2116 2459 2189 Cyrillus
2475 2121 2687 2186 Σπανὸς
2703 2127 2731 2177 ὁ
2743 2125 3009 2196 Τορνόσου
3026 2130 3095 2184 ab
3111 2145 3161 2184 a.
3184 2132 3515 2192 46524656.

1938 2205 2096 2260 Fann.
2130 2206 2244 2262 Sub
2264 2210 2485 2265 nomine
2502 2210 2713 2284 Cyrilli,
2734 2218 3058 2285 patriarcha
3072 2221 3255 2287 CPo|.,
3278 2225 3527 2283 circnma

1936 2292 2114 2348 fertur
2166 2294 2402 2353 Censura
2450 2304 2823 2373 confessionis,
2867 2306 2996 2363 ﬁdei
3048 2309 3399 2372 Calvinianze.
3446 2318 3511 2373 V.

1934 2387 2092 2456 plura
2131 2388 2187 2444 in
2227 2392 2336 2446 vol.
2368 2393 2437 2458 X,
2474 2411 2528 2465 p.
2570 2396 2694 2461 416,
2732 2414 2787 2453 ιι.
2837 2399 2891 2465 9,
2924 2408 3035 2457 vet.
3076 2404 3164 2458 ed.
3209 2435 3281 2446 —
3320 2407 3509 2479 Cyrill.

1935 2477 2173 2536 Tomobi
2209 2485 2523 2553 patriarcha
2562 2486 2731 2545 fuisse
2761 2491 2967 2547 dicitur
3005 2510 3055 2549 a.
3090 2496 3247 2565 1651,
3276 2477 3395 2557 dies
3419 2517 3518 2568 xx,-

1933 2572 2218 2628 restitutus
2250 2591 2299 2629 a.
2335 2576 2493 2642 1654,
2529 2578 2648 2635 dies
2677 2597 2785 2635 xxv.
2811 2582 2976 2639 ΗΑιιι..

2000 2662 2259 2737 [Cyrillus
2285 2669 2608 2741 Cyzicenus,
2650 2674 2806 2745 cujus
2830 2675 2928 2731 lib.
2967 2679 3030 2732 de
3057 2679 3115 2735 S.
3148 2680 3417 2741 Blandula
3460 2698 3511 2743 et

1927 2755 2111 2826 ﬁgulo,
2143 2768 2229 2813 est
2253 2759 2429 2817 Oxon.
2467 2763 2521 2818 in
2546 2766 2668 2820 cod.
2700 2766 2923 2824 Barocc.
2967 2769 3131 2839 XXV,
3166 2790 3219 2844 p.
3251 2775 3374 2832 273.
3391 2777 3503 2835 inc.

1927 2848 1993 2901 Τί
2017 2850 2078 2902 τὸ
2112 2850 2254 2921 ἱερὸν
2288 2852 2465 2907 τοῦτο.
2500 2854 2696 2929 Hann]

1995 2938 2233 3010 Cyrillus
2272 2942 2536 3010 Dalmata,
2570 2946 2633 3001 A.
2676 2947 2737 3003 C.
2770 2948 2894 3015 865,
2927 2950 3271 3011 Moravorum
3315 2957 3507 3016 Slavo-

1926 3046 2158 3101 rumque
2184 3037 2466 3104 apostolus
2493 3046 2548 3092 et
2575 3038 2956 3111 Bulgarorum,
2989 3060 3097 3099 una
3133 3061 3259 3101 cum
3294 3049 3462 3107 fratre
3484 3094 3499 3115 ,

1922 3122 2222 3190 Methodio,
2248 3126 2316 3181 de
2343 3144 2455 3197 quo
2495 3138 2696 3199 praeter
2731 3133 3051 3202 scriptores,
3090 3136 3187 3191 lih.
3218 3155 3270 3203 ν,
3301 3155 3420 3211 cap.
3459 3160 3497 3207 ι,

291 3212 509 3267 Meutio
558 3214 688 3284 ejus
741 3214 797 3269 in
856 3217 1122 3287 synodico
1185 3216 1451 3274 adversus
1500 3221 1819 3292 tragoediam
1848 3229 1889 3288 C
1925 3214 2127 3284 §XXX
2161 3217 2290 3289 [V0].
2330 3220 2422 3274 VII
2446 3262 2461 3284 ,
2503 3237 2623 3293 pag.
2666 3222 2771 3277 272
2807 3223 2919 3297 sq.]
2958 3226 3174 3294 citatos,
3216 3230 3501 3290 adeundus

218 3301 444 3367 Iremei,
478 3320 601 3374 cap.
632 3305 685 3369 7,
737 3305 825 3372 ιδ,
870 3306 959 3371 es,
1004 3307 1293 3371 130,-16-1.
1330 3307 1418 3381 [γ.
1444 3311 1555 3365 vol.
1592 3311 1728 3379 vuI,
1760 3328 1815 3385 p.

216 3394 329 3450 300
355 3405 413 3449 et
440 3395 593 3468 302.]

287 3487 558 3558 Cyrillus,
610 3489 906 3559 episcopus
950 3492 1101 3557 Afer,
1150 3500 1377 3564 martyr,
1418 3494 1486 3550 de
1540 3511 1651 3567 quo
1682 3496 1815 3552 Acta

216 3572 474 3629 Sanctor.
507 3576 541 3629 8
570 3577 773 3643 Martii,
819 3588 950 3634 tom.
988 3581 1030 3644 l,
1064 3597 1118 3651 p.
1151 3582 1273 3636 757.

282 3666 507 3739 Cyrilli,
566 3668 927 3725 Alexandrini
964 3671 1308 3741 patriarchae,
1361 3683 1485 3743 post
1538 3675 1813 3730 celebrem

214 3758 404 3823 Hum,
436 3758 507 3813 de
540 3775 653 3829 quo
681 3760 815 3824 dixi,
835 3761 990 3816 fuere
1022 3764 1354 3833 complures,
1383 3780 1527 3819 unus
1550 3765 1623 3820 ab
1655 3766 1719 3819 A.
1747 3767 1808 3823 C.

216 3848 364 3904 {078
393 3850 465 3904 ad
510 3850 670 3915 1092,
719 3852 861 3906 alter
909 3851 1058 3907 ﬁlius
1100 3852 1325 3908 Laklaki
1354 3854 1424 3908 ab
1468 3870 1517 3908 a.
1557 3854 1694 3910 l255
1742 3857 1811 3911 ad

217 3941 400 4007 ms;
439 3943 640 3997 tertius
678 3941 915 4013 Cyrillus
947 3944 1207 4009 Lucaris,
1238 3946 1334 4014 qui
1361 3946 1561 4001 deinde
1600 3947 1667 4001 ad
1709 3964 1809 4017 pa-

214 4034 589 4089 triarchatum
610 4033 1282 4106 Constantinopolitanum
1298 4038 1548 4107 pervenit
1574 4054 1622 4091 a.
1646 4039 1802 4094 1621.

282 4123 580 4197 [Cyl-illus,
615 4124 997 4180 Antiochenus
1027 4126 1354 4196 patriarcha.
1392 4126 1585 4199 ΙΙΑιιι..]

282 4215 557 4288 [Cyrinus
584 4216 959 4282 Caesariensis,
1001 4232 1047 4272 s.
1094 4217 1299 4282 senior,
1330 4233 1492 4287 quem
1527 4220 1596 4274 ab
1636 4221 1807 4277 altero

210 4304 445 4377 Cyrillo,
478 4306 1001 4377 ilierosolymitano,
1030 4306 1180 4361 haud
1219 4306 1500 4363 diversum
1527 4325 1670 4374 esse,
1709 4327 1805 4366 su-

210 4398 466 4467 spicatur
496 4397 731 4453 Touttée
770 4398 827 4453 in
870 4397 1006 4453 diss.
1036 4398 1333 4470 Cyrilliana
1380 4416 1396 4454 ι
1428 4400 1650 4471 prazlixa
1685 4406 1804 4475 ejus

208 4488 375 4543 «litt.
425 4487 567 4558 Opp.
619 4487 811 4559 Cyrilli
864 4489 1300 4561 Hierosolymit.,
1331 4506 1439 4561 p.l
1486 4500 1542 4546 et
1600 4509 1650 4558 L,
1707 4495 1801 4550 ubi

210 4586 407 4651 plures
427 4588 722 4634 enumerat
743 4579 995 4652 Cyrillos.
1026 4580 1218 4653 Hann]

277 4670 551 4741 Cyrillus,
589 4670 865 4727 Armenia:
914 4673 1225 4742 episcopus,
1273 4672 1559 4728 ordinatus
1600 4674 1669 4729 ab
1697 4674 1809 4729 Eu-

209 4761 423 4817 stathio
458 4761 785 4817 Sebasteno.
818 4763 956 4818 Vide
984 4762 1040 4818 S.
1087 4764 1278 4819 Basilii
1299 4763 1464 4833 epist.
1500 4764 1569 4820 58
1593 4774 1649 4819 et
1679 4766 1801 4820 187.

270 4853 453 4920 Cyrill
462 4868 525 4909 us
536 4851 650 4909 Con
658 4853 788 4917 tari,
808 4853 1189 4920 Berrhoensis,
1206 4856 1518 4926 patriarcha
1531 4856 1804 4912 Constan-

206 4943 633 5013 tfmpolitanus,
663 4944 854 5014 Cyrilli
884 4944 1113 5001 Lucaris
1144 4947 1397 5012 aemulus,
1433 4949 1804 5018 strangulatus

208 5035 381 5105 (anno
408 5044 535 5105 post
574 5037 727 5103 eum)
754 5036 910 5092 1659.
958 5037 1119 5092 ΕΔΜ.
1150 5068 1222 5077 ——
1250 5036 1407 5093 Conl‘.
1430 5038 1516 5093 Jo.
1541 5036 1800 5110 Aymonii

204 5129 339 5184 libr.
365 5127 677 5184 Honumem
705 5130 1071 5199 authentiques
1102 5144 1224 5199 pag.
1259 5129 1478 5199 5Hcsq.
1508 5130 1675 5185 ΒΑΜ..

188 5226 199 5287 ξ
269 5223 519 5294 Cyrillus
547 5222 871 5287 Carmellta,
896 5222 1043 5277 circa
1071 5222 1137 5277 Α.
1155 5221 1216 5277 C.
1247 5222 1405 5287 l224,
1433 5222 1501 5278 de
1534 5238 1644 5293 quo
1665 5224 1801 5278 Acta

207 5312 455 5370 Sudor.
501 5317 537 5370 6
569 5315 777 5378 Martii,
820 5322 953 5369 tom.
990 5315 1033 5379 l,
1065 5328 1187 5386 pag.
1218 5313 1324 5369 498
1347 5329 1490 5385 seq.,
1539 5314 1634 5369 ubi
1680 5313 1799 5369 Vita

205 5408 405 5477 scripta
433 5423 466 5461 a
496 5408 708 5463 Joanne
738 5406 1148 5478 Palmanydoro.
1178 5406 1279 5462 ilic
1304 5414 1388 5462 est
1413 5405 1625 5460 ordinis
1652 5405 1790 5461 Car-

188 5480 433 5551 ’πιριίιὶςὶ
477 5497 680 5551 tertius
718 5496 872 5565 prior
923 5494 1215 5566 generalis,
1268 5495 1493 5549 natione
1540 5492 1787 5560 Graecus,

202 5587 295 5654 qui
325 5587 394 5642 ad
417 5587 768 5643 Joachimum
785 5586 1041 5641 abbatem
1074 5585 1316 5656 scripsit.
1341 5585 1498 5642 Unde
1527 5599 1791 5654 quorum-

201 5678 325 5732 thm
366 5686 584 5749 stupor,
639 5678 737 5747 qui
780 5676 1338 5748 ilierosolymitanum
1386 5676 1655 5750 Cyrillum
1700 5678 1787 5733 vel

1921 3306 2044 3361 Joh.
2078 3307 2375 3365 Weichard
2414 3311 2675 3367 Valvasor
2714 3323 2772 3369 et
2817 3315 3079 3373 Erasmus
3114 3320 3394 3379 Francisci
3441 3325 3500 3381 in

1919 3408 2073 3469 parte
2113 3401 2354 3458 secunda
2395 3404 2597 3474 operis,
2646 3405 2971 3463 Germanice
3000 3408 3136 3465 editi
3172 3428 3187 3465 ε
3224 3411 3367 3467 Ehrc
3411 3416 3500 3471 des

1916 3489 2299 3564 Herzogtlmms
2340 3494 2526 3561 Crain,
2565 3496 2664 3552 lib.
2704 3514 2779 3564 vi,
2811 3514 2930 3570 cap.
2971 3500 3023 3566 l,
3066 3503 3159 3558 ubi
3196 3504 3263 3560 de
3296 3506 3500 3564 litteris

1919 3582 2247 3649 Slavonicis,
2274 3602 2306 3641 a
2330 3586 2535 3659 Cyrillo
2556 3597 2611 3644 et
2641 3588 2920 3647 Methodio
2948 3594 3205 3664 repertis.

1986 3674 2245 3748 [Cyrillus
2266 3679 2558 3745 Diaconus,
2582 3682 2740 3752 cujus
2765 3685 3089 3756 martyrium
3113 3688 3167 3742 in
3195 3689 3331 3745 Vitis
3356 3691 3495 3746 San-

1914 3775 2126 3822 ctorum
2150 3786 2223 3824 m.
2252 3770 2377 3824 Maii
2405 3771 2605 3843 legitur
2632 3773 2687 3827 in
2700 3774 2822 3829 cod.
2845 3775 3066 3834 Barocc.
3095 3778 3270 3837 Oxon.
3290 3782 3492 3850 CCLX,

1913 3876 1967 3929 p.
2002 3859 2122 3915 159.
2156 3860 2249 3934 Η.]

1982 3948 2219 4021 Cyrillus
2270 3950 2707 4021 Grammaticus,
2766 3955 3026 4012 Glossarii
3087 3958 3492 4019 Gnaeo-Latini

1909 4048 2124 4105 auctor,
2173 4040 2241 4096 de
2279 4058 2388 4112 quo
2430 4044 2584 4099 alibi.
2633 4045 2792 4100 FAsn.
2833 4049 3001 4104 —De
3029 4050 3231 4106 Lexico
3264 4052 3490 4120 biblico,

1908 4130 2055 4199 quod
2097 4131 2200 4185 sub
2242 4134 2464 4190 nomine
2516 4136 2682 4191 modo
2741 4136 2950 4209 Cyrilli,
3005 4142 3168 4197 modo
3220 4143 3487 4212 Philonis,

1908 4222 2072 4278 modo
2103 4222 2358 4295 Origenis
2405 4236 2680 4297 superest,
2713 4230 2776 4285 V.
2832 4231 2928 4286 lib.
2968 4248 3040 4297 tv,
3080 4248 3199 4304 cap.
3240 4235 3329 4297 37.
3373 4236 3485 4294 vol.

1907 4314 1995 4380 Vl,
2026 4330 2080 4385 p.
2117 4316 2220 4372 199
2244 4332 2351 4387 sq.,
2383 4325 2438 4372 et
2462 4319 2568 4373 vol.
2599 4320 2689 4387 iV,
2717 4336 2772 4390 p.
2808 4323 2932 4386 470,
2973 4323 3042 4379 de
3066 4324 3268 4396 Cyrillo
3288 4325 3485 4382 Gram-

1905 4407 2105 4462 matico
2130 4408 2273 4464 inter
2298 4411 2901 4482 poctasepigrammat.;
2938 4414 2999 4468 it.
3030 4416 3139 4470 vol.
3164 4417 3324 4488 Vi,p.
3343 4418 3440 4475 391
3464 4439 3481 4488 ;

1904 4495 1972 4551 de
2001 4496 2213 4568 Cyrilli,
2251 4499 2335 4551 vel
2372 4499 2557 4568 potius
2591 4501 2677 4556 Jo.
2715 4500 3027 4572 Pbiloponi.
3076 4503 3293 4561 Collect.
3341 4525 3481 4567 socc.

1838 4568 1882 4624 Ι)
1908 4571 2339 4651 discrepantium,
2382 4590 2513 4648 ctc.,
2543 4583 2633 4638 adi
2665 4585 2829 4654 paulo
2857 4568 2983 4655 post
3030 4595 3165 4643 sect.
3215 4606 3290 4657 ιιι,
3325 4592 3393 4648 ad
3422 4610 3481 4651 ιι.

1907 4671 2029 4725 172.
2057 4672 2223 4728 Hanc.

1971 4761 2209 4833 Cyrillus
2264 4763 2721 4834 Heliopolitanus,
2762 4766 2866 4821 sub
2906 4767 3124 4825 Juliano
3158 4773 3480 4843 martyrium

1900 4868 2117 4922 passus,
2148 4854 2217 4909 de
2234 4872 2346 4926 quo
2375 4855 2750 4913 Theodoritus
2768 4874 2851 4924 ιιι,
2872 4860 2924 4924 7,
2956 4859 3233 4927 Historia),
3266 4872 3323 4918 et
3356 4863 3481 4918 Sui-

1900 4946 2000 5001 das
2024 4946 2080 5000 in
2105 4947 2423 5016 Κύριλλος.

1969 5037 2209 5109 Cyrillus
2257 5040 2808 5114 Hierosolymitanus,
2845 5042 2913 5096 de
2941 5057 3051 5111 quo
3104 5042 3217 5096 dixi
3266 5042 3365 5098 lib.
3420 5063 3473 5111 ν,

1899 5143 2021 5199 cap.
2048 5129 2135 5183 M.
2156 5130 2316 5186 Nunc
2333 5140 2548 5187 tantum
2578 5133 2742 5197 addo,
2769 5132 3049 5188 diversum
3067 5132 3139 5187 ab
3165 5133 3271 5188 hoc
3297 5134 3475 5192 videri

1897 5216 2183 5290 Cyrillum,
2222 5220 2712 5294 cui‘Hieronymus
2758 5220 2884 5275 ﬁdei
2934 5235 3046 5275 suae
3073 5220 3477 5278 confessionem

1896 5312 2193 5369 tradidisse
2217 5313 2413 5368 scribit
2436 5314 2668 5384 epistola
2694 5314 2782 5367 77.
2818 5311 2957 5367 Vide
2987 5312 3303 5370 Tillemont.
3338 5324 3471 5370 tom.

1894 5403 2027 5468 XII,
2072 5420 2126 5474 p.
2178 5404 2301 5459 626.
2355 5404 2516 5459 an.
2565 5434 2636 5444 -—
2682 5404 2766 5459 Ab
2807 5402 3011 5476 Cyrillo
3063 5404 3472 5477 Hierosolymit.

1896 5494 2085 5549 diﬂ‘ert
2115 5494 2256 5550 alius
2300 5494 2549 5567 ejusdem
2578 5495 2777 5560 aetatis,
2811 5495 3060 5566 ejusdem
3097 5495 3288 5566 Cyrilli
3320 5511 3474 5550 com-

1896 5587 2121 5657 petitor,
2154 5595 2211 5642 et
2241 5599 2367 5657 post
2396 5588 2563 5658 hujus
2614 5588 3125 5644 exauctorationem
3158 5586 3306 5643 sedis
3338 5587 3470 5642 Hie-

1897 5677 2299 5749 rosolymitana:
2370 5679 2619 5747 invasor;
2678 5680 2743 5734 V.
2800 5680 3033 5736 Touttée
3086 5679 3227 5734 Diss.
3283 5677 3469 5751 Cyrill.

275 5820 347 5875 ἀξ
394 5815 644 5888 Εηξίξιοιὲςι
696 5813 770 5888 Δ2,
818 5812 906 5888 ad
947 5812 1306 5888 Succensum.
1355 5814 1717 5885 Conferqua:
1750 5826 1853 5885 pro
1889 5811 2094 5882 Cyrillo
2129 5814 2393 5887 Ephraim
2436 5782 2817 5874 Antiochenus
2859 5815 3004 5888 apud
3046 5814 3303 5871 Photium
3342 5816 3471 5875 cod.

202 5901 407 5954 χχιιι,
434 5896 492 5943 et
513 5884 781 5955 Eulogius
801 5883 957 5939 Alex.
981 5883 1103 5939 cod.
1132 5900 1322 5939 ccxxx.

522 5982 802 6043 ΡΑτιιοι..
851 5979 968 6042 GR.
1011 5978 1293 6057 LXVIIL

3042 5971 3079 6034 2
