4120 6488
584 439 655 497 ω
1815 424 2096 487 ΝΟΤΙἸῚΛ
2122 424 2188 487 Ε

2289 422 2604 485 r'ABRICIO.
3770 408 3842 465 «Μ

586 554 815 613 Iaudat.,
851 567 970 623 cap.
1000 550 1110 620 1,κῇ
1142 550 1221 610 II,
1262 565 1313 617 p.
1348 564 1402 609 'I,
1441 546 1714 615 imprimis
1748 562 1867 615 cap.
1904 546 1957 608 8,
1992 562 2046 599 ιι.
2077 545 2165 607 48,
2200 549 2243 605 Α
2270 544 2389 599 Cat.
2442 542 2591 595 codd.
2624 540 2715 596 Gr.
2760 538 2946 599 Laur.,
2983 537 3022 599 I,
3056 550 3109 604 p.
3142 532 3265 595 505,
3299 540 3355 585 et
3382 526 3751 585 Montfaucon.
3783 525 3841 578 iu

586 661 706 715 pag.
748 660 908 697 xum
939 658 1054 713 sqq.
1093 641 1256 693 ΗΑιιι.

654 736 892 806 Cyrillus
906 732 1279 804 jurisperitus,
1306 744 1467 798 quem
1491 728 1634 782 inter
1651 728 1970 781 scholiastas
1990 729 2168 780 Βασι-

584 826 773 881 λικῶν
799 823 1117 880 memorabo
1154 821 1316 884 infra,
1354 820 1498 873 libro
1530 828 1600 871 ir.

653 918 911 990 Cyrillus,
952 918 1117 970 lauru:
1155 914 1213 969 S.
1260 913 1415 968 Saba
1448 913 1758 983 presbyter,
1819 912 1914 979 qui
1951 910 2171 979 scripsit

586 1011 904 1065 Encomium
949 1005 1007 1061 S.
1059 1005 1329 1075 Thcognii,
1366 1013 1645 1059 ascetze'et
1689 1002 1932 1071 episcopi
1980 1001 2164 1071 Cypri»

587 1084 789 1169 Incipit
815 1117 828 1151 :
862 1098 1113 1165 Θεόγνιος
1135 1099 1163 1149 ὁ
1195 1096 1569 1165 πανεύφημος.

654 1190 916 1263 [Cyrillus
960 1188 1231 1252 Lesbius,
1278 1187 1591 1257 patriarcha
1642 1184 1949 1247 CPolitan.,
2006 1199 2170 1253 quem

585 1283 670 1337 sui
702 1281 965 1352 aqualem
992 1279 1302 1334 Demetrius
1336 1278 1640 1348 Procopius
1660 1276 1736 1330 De
1769 1276 1987 1329 eruditis
2021 1276 2169 1330 Cra-

586 1378 680 1440 eis,
709 1374 891 1428 virum
927 1372 1311 1427 doctissimum
1350 1378 1407 1424 et
1442 1369 1712 1439 imprimis
1761 1369 1913 1437 pium
1962 1366 2167 1421 laudat.

586 1470 651 1526 V.
688 1467 902 1525 Fabric.
937 1466 1047 1520 vol.
1073 1458 1165 1527 XI,
1196 1480 1318 1535 pag.
1342 1463 1466 1525 790,
1507 1461 1744 1531 §LXIV.
1780 1457 1973 1530 Hann]

655 1559 896 1633 Cyrillus
972 1556 1239 1619 Luearis,
1307 1570 1371 1608 ex
1425 1551 1797 1607 Alexandrino
1862 1547 2171 1619 patriarcha

588 1647 1252 1719 Constantinopolitanus,
1303 1644 1674 1713 strangulatus
1708 1656 1852 1695 anno
1903 1637 2072 1703 I638;
2104 1636 2173 1691 de

590 1759 700 1819 quo
721 1744 978 1800 consules
1000 1722 1204 1795 librum
1235 1755 1248 1791 :
1283 1736 1505 1806 Défense
1531 1734 1593 1787 de
1626 1732 1679 1787 la
1711 1731 2003 1803 perpétuité
2027 1730 2089 1781 de
2122 1728 2174 1781 la

588 1836 685 1907 foi,
710 1832 883 1889 Paris.
915 1828 1074 1891 I709,
1095 1827 1183 1891 I2,
1215 1825 1576 1881 etMemorias
1606 1822 1895 1876 litterarias
1921 1818 2173 1874 Treuolti—

722 1922 849 1979 anni
883 1889 1138 1989 I7IO,-p.
1173 1889 1288 1971 626
1329 1931 1443 1985 seq.
1498 1914 1606 1969 Sed
1651 1921 1709 1968 et
1752 1912 2172 1982 Hottingerum‘,
2207 1889 2250 1944 Β

591 2014 786 2068 Thom.
808 2010 1081 2067 Smithum
1101 2007 1370 2077 aliosque,
1390 2005 1632 2060 citatosa
1658 2019 1744 2058 me
1773 2003 1869 2056 lib.
1888 2018 1942 2065 ν,
1974 2017 2093 2071 cap.
2118 2001 2172 2063 5,

589 2121 644 2177 p.
668 2103 771 2159 749
787 2101 998 2175 [prima
1010 2099 1145 2153 edit.
1165 2099 1273 2152 vol.
1293 2096 1404 2167 VI].
1424 2095 1717 2150 Fiam—In
1734 2094 1869 2148 bibl.
1894 2090 2176 2147 Leidensis

591 2195 788 2258 Catal.,
811 2209 865 2264 p.
897 2191 1020 2253 326,
1054 2206 1109 2243 ιι.
1135 2188 1224 2250 26,
1244 2187 1387 2241 inter
1409 2185 1569 2240 codd.
1596 2181 2175 2254 memoranturCyrilli

591 2284 918 2357 patriarcha:
941 2295 1067 2350 epp.
1094 2278 1234 2341 XIV,
1266 2277 1333 2331 ad
1362 2274 1554 2331 David.
1591 2273 1660 2329 de
1705 2273 1947 2328 Willem.
1975 2302 2046 2312 —
2066 2271 2175 2326 Co-

592 2377 683 2448 pia
710 2374 1072 2447 epistolarum
1098 2369 1310 2442 Cyrilli,
1338 2367 1674 2439 patriarcha
1702 2364 1888 2428 CPol.,
1925 2362 1992 2418 ad
2015 2378 2177 2419 sena-

594 2478 766 2535 tores,
797 2465 1072 2527 doctores,
1123 2459 1427 2523 ministros,
1468 2467 1603 2521 etc.,
1634 2456 1982 2512 Genevenses
2006 2472 2021 2520 ;
2047 2454 2176 2508 item

590 2559 663 2613 ad
689 2556 978 2613 Diodatum
1000 2562 1055 2609 et
1085 2551 1212 2608 Ant.
1244 2550 1418 2620 Leger
1441 2567 1457 2613 ;
1501 2546 1791 2603 Confessio
1815 2544 2180 2615 fideipropria

593 2649 783 2722 Cyrilli
817 2663 981 2702 manu
1010 2643 1344 2713 conscripta,
1380 2655 1568 2696 mense
1594 2639 1818 2694 Januar.
1846 2652 1897 2691 a.
1927 2637 2083 2691 1651.
2111 2665 2181 2675 -

596 2743 726 2813 Pag.
760 2739 883 2803 542,
920 2755 976 2793 ιι.
1010 2735 1443 2801 67,6racorum
1481 2731 1775 2795 confessio,
1811 2746 1843 2784 a
1882 2728 2086 2800 Cyrillo
2125 2727 2180 2781 ia

602 2830 851 2902 margine
886 2828 1088 2899 passim
1112 2825 1421 2881 emendata.
1445 2854 1515 2864 —
1538 2823 1597 2877 In
1628 2820 1748 2877 Cat.
1772 2820 1922 2875 codd.
1950 2818 2179 2890 Anglia,

596 2930 728 2985 etc.,
770 2928 904 2976 tom.
944 2919 1011 2982 II,
1062 2934 1118 2989 p.
1156 2918 1248 2982 57,
1283 2932 1341 2970 ιι.
1386 2914 1543 2978 1505,
1590 2913 1736 2967 inter
1770 2910 1930 2966 codd.
1964 2908 2184 2965 comitis

581 3008 867 3081 'Denbigh.
925 3008 1169 3065 Relation
1222 3008 1284 3078 of
1317 3009 1401 3061 the
1470 3006 1726 3077 practices
1770 3003 1830 3073 of
1867 3004 1952 3057 the
1992 3002 2183 3073 jesuits

601 3107 811 3178 against
845 3101 1098 3174 Cyrillus,
1129 3100 1402 3171 patriarch
1430 3098 1491 3167 of
1511 3095 1671 3159 CPle,
1693 3095 1800 3149 and
1828 3096 1912 3148 the
1938 3110 2096 3148 cause
2130 3093 2191 3163 of

600 3195 734 3250 their
765 3192 1116 3247 banishment.
1147 3190 1316 3246 11Αιιι..

658 3284 907 3355 Cyrillus
933 3283 1156 3354 Martyr,
1181 3278 1531 3337 Cretensium
1557 3278 1876 3349 episcopus,
1910 3278 2071 3348 cujus
2105 3275 2189 3329 Vi-

606 3386 743 3441 tam,
769 3377 839 3431 ab
862 3377 1148 3445 Anonymo
1163 3372 1413 3427 Cretensi
1443 3370 1723 3439 scriptam,
1742 3368 1939 3423 habuit
1960 3367 2191 3421 Allatius

606 3468 712 3522 hoc
754 3467 948 3523 initio:
990 3465 1078 3527 Ὠς
1126 3462 1191 3517 ἂν
1225 3462 1300 3531 μὴ
1334 3463 1426 3514 τὸν
1457 3462 1614 3529 λόγον
1663 3460 2008 3531 ἀνάρμοστον
2056 3457 2192 3527 πρὸς

608 3556 708 3617 τὴν
741 3555 994 3626 διήγησιν
1026 3552 1305 3621 ἐσόμενον.
1340 3548 1426 3621 [V.
1458 3550 1570 3603 vol.
1609 3548 1703 3613 IX,
1740 3564 1795 3619 p.
1837 3547 1905 3601 70
1932 3554 2045 3601 vet.
2074 3544 2191 3617 ed.]

679 3644 935 3719 [Cyl-illus
953 3640 1196 3698 Medicus
1218 3640 1424 3710 (V.vol.
1450 3639 1591 3703 XIII,
1622 3656 1676 3709 p.
1702 3640 1845 3707 151).
1876 3637 2051 3701 Alius,
2081 3652 2194 3691 me—

608 3736 866 3809 tropolita
902 3735 1175 3799 Nicauus,
1232 3748 1281 3787 a.
1330 3731 1484 3787 I675.
1537 3730 1602 3785 V.
1654 3730 1761 3785 vol.
1813 3729 1949 3793 VIII,
1999 3744 2051 3798 p.
2100 3726 2187 3782 91.

681 3940 959 4015 (Cyrinus,
993 3938 1287 4009 episcopus
1328 3935 1637 3991 Satalorum
1670 3935 1755 3989 vel
1798 3946 1967 4004 prope
2012 3932 2193 3989 Satala

610 4036 667 4090 in
714 4032 1001 4095 Armenia,
1058 4031 1214 4101 cujus
1260 4028 1513 4083 meminit
1568 4026 1803 4080 Basilius
1854 4026 2013 4095 epist.
2061 4024 2191 4088 187,

611 4143 665 4198 p.
707 4124 832 4187 202,
868 4133 924 4178 et
960 4122 1142 4176 forsan
1177 4121 1341 4175 etiam
1384 4119 1545 4189 epist.
1582 4118 1671 4181 58,
1716 4132 1767 4186 p.
1802 4116 1889 4170 86.
1928 4116 2090 4169 Plura
2126 4116 2195 4171 de

609 4230 679 4273 eo
722 4213 1021 4285 disputavit
1062 4211 1293 4266 Touttée
1348 4211 1404 4265 in
1440 4209 1572 4263 diss.
1607 4224 1623 4261 I
1667 4206 1961 4277 Cyrilliana
2006 4206 2191 4270 citata,

609 4324 665 4379 p.
712 4322 731 4361 ι
760 4312 817 4361 et
842 4320 901 4369 ιι,
930 4302 1025 4358 ubi
1066 4316 1285 4372 quoque
1316 4299 1555 4371 Cyrillus
1584 4296 1930 4362 Cortinensis,
1968 4306 2023 4351 et
2055 4296 2197 4351 alius

611 4397 838 4451 incerta
872 4393 929 4447 in
956 4390 1131 4463 Syria,
1162 4400 1225 4445 ut
1253 4389 1492 4454 videtur,
1523 4387 1670 4443 sedis
1698 4388 1988 4458 episc0pus
2015 4403 2065 4442 a.
2092 4387 2196 4441 579

612 4488 697 4541 vel
727 4486 832 4540 380
860 4484 1236 4540 nominantur.
1271 4481 1468 4553 Ilua]

2271 633 2554 695 Analectis,
2614 647 2668 699 p.
2731 630 2818 691 67,
2873 636 3035 697 atque
3089 626 3144 678 in
3197 623 3382 677 Diario
3428 618 3583 683 Ital.,
3640 633 3697 687 p.
3751 617 3838 670 32.

2270 727 2594 883 HAaii-illus,
2627 810 2977 863 Trevirorum
3019 808 3308 876 episcopus
3334 806 3481 859 circa
3523 802 3587 856 A.
3627 800 3689 855 C.
3722 798 3841 861 458,

2270 902 2337 956 de
2367 918 2476 971 quo
2508 902 2639 955 Acta
2672 899 2915 955 Sanctor.
2952 898 3018 952 I9
3047 897 3192 961 Maii,
3226 906 3265 950 t.
3298 896 3386 957 IV,
3418 908 3474 963 p.
3511 892 3633 945 551.

2310 1056 2412 1114 111.
2458 1050 2685 1130 Cyrilli
2715 1068 2968 1130 operum
2997 1047 3177 1108 codd.
3208 1064 3352 1105 mss.
3392 1053 3447 1103 et
3470 1041 3805 1102 editiones.

2346 1197 2430 1270 [γ.
2462 1196 2747 1251 Fabricius
2774 1194 2849 1248 De
2873 1194 3117 1264 scriptor.
3160 1192 3223 1244 de
3258 1190 3409 1243 verit.
3439 1186 3595 1257 relig.
3634 1183 3848 1248 Christ.,

2272 1305 2391 1360 cap.
2417 1289 2473 1353 2,
2505 1288 2533 1359 §
2562 1287 2750 1352 XXVI,
2782 1303 2835 1356 p.
2874 1285 2991 1339 104.
3029 1282 3229 1355 litum]

2344 1378 2609 1450 [Primum
2656 1376 2952 1431 nonnullos
3006 1372 3166 1428 codd.
3230 1374 3485 1450 (quorum
3532 1378 3722 1437 magna
3770 1364 3852 1419 vis

2272 1443 2396 1539 est)
2432 1467 2619 1540 Cyrilli
2667 1466 2819 1521 Alex.
2874 1464 3219 1527 memorabo;
3270 1443 3521 1515 notitiam
3551 1458 3850 1512 'multorum

2274 1562 2503 1616 aliorum
2536 1560 2653 1614 suis
2682 1559 2820 1613 locis
2853 1558 3109 1612 inseram.

2346 1651 2658 1707 Secundum
2692 1648 2929 1703 Matthai
2970 1647 3134 1702 Notit.
3183 1645 3333 1700 codd.
3376 1644 3469 1701 Gr.
3532 1642 3852 1710 Mosquens.,

2277 1760 2330 1815 p.
2357 1744 2418 1798 21
2456 1753 2511 1798 et
2538 1742 2627 1807 22,
2658 1742 2711 1795 in
2738 1741 2859 1795 cod.
2896 1740 3036 1803 XIII,
3070 1738 3371 1808 fragmenta
3414 1735 3751 1806 plura.--P.
3786 1733 3855 1787 28

2278 1852 2383 1906 sq.,
2419 1834 2475 1890 in
2508 1833 2630 1889 cod.
2663 1832 2805 1897 XIX,
2836 1833 2891 1886 in
2930 1841 3119 1886 eatena
3160 1831 3383 1884 Patrum
3424 1827 3479 1881 in
3520 1826 3756 1881 Genesin
3801 1836 3859 1879 et

2277 1927 2546 1983 Exodum.
2569 1957 2638 1965 —
2656 1926 2717 1980 P.
2743 1925 2812 1980 35
2836 1932 2893 1978 et
2918 1923 3007 1986 56,
3034 1922 3089 1976 in
3113 1921 3234 1975 cod.
3267 1919 3430 1973 XXIV
3460 1934 3507 1973 s.
3536 1927 3728 1972 catena
3753 1917 3855 1972 Pa‘

2278 2030 2423 2074 trum
2467 2019 2523 2073 in
2574 2018 2789 2082 Isaiam,
2819 2027 2959 2086 etp.
2994 2014 3082 2078 36,
3114 2014 3168 2068 in
3197 2012 3320 2067 cod.
3363 2010 3502 2065 XXV
3547 2025 3592 2063 s.
3644 2009 3861 2063 diversa

2278 2125 2307 2163 a
2327 2110 2607 2180 superiore
2632 2118 2823 2164 catena
2854 2108 2907 2161 in
2938 2106 3152 2161 Isaiam.

2345 2202 2405 2256 In
2434 2202 2568 2256 bibl.
2601 2199 2968 2256 Escorialensi
3001 2198 3170 2269 regia,
3204 2204 3340 2251 teste
3371 2195 3571 2250 Pluero
3600 2193 3653 2246 in
3692 2190 3860 2245 Itine-

2279 2295 2422 2347 rario
2450 2310 2543 2365 per
2570 2293 2817 2363 Hispan.,
2857 2308 2910 2362 p.
2952 2290 3054 2346 I63
3078 2306 3163 2359 sq.
3202 2288 3349 2359 (coll.
3392 2286 3685 2341 Montfauc.
3721 2282 3859 2338 Bibl.

2279 2384 2401 2439 bibl.
2433 2401 2583 2446 mss.,
2618 2384 2660 2446 I,
2692 2400 2746 2453 p.
2778 2382 2882 2437 618
2909 2380 3040 2451 sq.),
3072 2389 3202 2435 sunt
3240 2378 3391 2432 varia
3436 2376 3713 2444 multaque
3755 2370 3863 2444 Cy-

2281 2474 2389 2528 rilli
2409 2472 2548 2543 Opp.
2577 2472 2690 2527 Hoc
2711 2472 2834 2526 loco
2852 2478 3061 2525 tantum
3085 2465 3378 2521 memorari
3407 2464 3571 2518 liceat
3600 2481 3611 2514 ;
3639 2460 3681 2514 I.
3708 2459 3864 2514 Lex-i-

2282 2586 2377 2623 con
2409 2568 2735 2640 particulare
2758 2583 2821 2620 ex
2857 2563 3044 2636 Cyrilli
3076 2562 3210 2633 Opp.
3239 2577 3357 2615 cum
3397 2557 3704 2611 dictionibus
3729 2556 3866 2609 divi-

2284 2679 2367 2717 na
2414 2660 2704 2731 Scriptura
2750 2676 2842 2730 per
2874 2658 3069 2711 Anton.
3111 2653 3500 2725 philosophum;
3529 2649 3583 2703 2.
3620 2647 3867 2704 Collectio

2284 2752 2571 2805 dictionum
2596 2766 2659 2803 ea:
2688 2750 2850 2803 variis
2893 2743 3037 2800 libris
3065 2744 3122 2797 I’.
3156 2761 3217 2797 ac
3244 2742 3311 2797 N.
3352 2742 3484 2796 Test.
3522 2756 3614 2793 nec
3639 2756 3742 2793 non
3772 2755 3867 2793 ex-

2286 2855 2449 2898 terna
2495 2844 2801 2913 scriptura;
2854 2839 2907 2892 3.
2952 2836 3101 2902 Quod
3150 2852 3255 2888 non
3312 2839 3549 2903 oporteat
3597 2831 3868 2899 definitam

2285 2934 2443 3003 ﬁdem
2487 2952 2520 2987 α
2564 2931 2663 2987 SS.
2714 2930 2824 2985 PP.
2880 2932 2936 2983 in
2991 2926 3210 2982 Nicana
3254 2925 3451 2997 synodo
3517 2939 3870 2986 commovere;

2285 3028 2338 3082 4.
2357 3024 2543 3099 Cyrilli
2571 3023 2675 3092 (vel
2694 3022 2830 3076 forte
2854 3016 3101 3088 alterius)
3118 3019 3171 3071 in
3190 3017 3432 3079 Genesin,
3455 3015 3624 3069 uelDe
3641 3016 3869 3070 historiis

2287 3119 2473 3172 ueteris
2515 3114 2805 3185 Scriptura
2842 3130 2959 3167 cum
2985 3111 3195 3184 synopsi
3232 3108 3546 3180 particulari
3572 3107 3634 3161 de
3671 3107 3869 3162 theolo-

2213 3230 2256 3289 ε
2289 3208 2375 3278 gia
2406 3215 2456 3259 et
2488 3206 2551 3259 de
2584 3203 2802 3259 historia
2834 3204 3035 3266 ueteri;
3081 3202 3134 3255 5.
3167 3215 3233 3255 ex
3268 3199 3429 3265 libro,
3475 3200 3636 3269 cujus
3674 3199 3871 3254 inscri-

2292 3298 2408 3368 ptio
2441 3306 2525 3351 est
2558 3314 2569 3348 :
2610 3294 3005 3361 Demonstratio
3037 3309 3128 3363 per
3161 3309 3224 3346 ea
3269 3308 3387 3362 qua
3411 3293 3700 3362 antiquitus
3729 3292 3873 3360 facta

2290 3400 2433 3454 sunt,
2470 3389 2646 3443 divina
2675 3386 2893 3441 oracula
2940 3384 3035 3441 SS.
3087 3386 3311 3449 vatibus,
3348 3387 3697 3456 patriarchis,
3724 3394 3871 3451 etc.,;

2292 3479 2347 3535 6.
2369 3478 2444 3532 De
2465 3478 2775 3532 adoratione
2800 3484 2850 3529 et
2881 3461 3025 3529 cultu
3048 3476 3101 3527 in
3122 3472 3323 3544 Spiritu
3355 3484 3536 3529 sancto
3572 3484 3621 3527 et
3656 3475 3875 3528 uen'tate

2294 3572 2364 3625 ad
2417 3568 2729 3624 Palladium
2778 3567 2897 3621 libri
2936 3565 3103 3629 XVII,
3157 3583 3248 3636 per
3292 3566 3487 3636 dialogi
3538 3566 3767 3627 modum,
3825 3573 3875 3618 et

2294 3662 2651 3734 apologeticus
2676 3676 2775 3731 pro
2811 3658 2911 3713 XII
2942 3676 3120 3729 capp.;
3150 3660 3202 3713 7.
3240 3659 3303 3713 In
3338 3660 3636 3712 ascensione
3664 3658 3876 3712 Domini

2292 3765 2342 3809 et
2372 3756 2435 3808 de
2466 3756 2681 3826 mystico
2723 3753 2947 3823 prandio
2985 3768 3047 3805 ac
3081 3751 3335 3816 lauacro;
3366 3751 3417 3805 8.
3453 3750 3781 3805 Acclamatio
3808 3753 3877 3805 ad

2293 3847 2478 3915 imper».
2517 3844 2880 3905 Theodosium,
2931 3850 2981 3895 et
3028 3858 3092 3895 ea:
3139 3841 3578 3911 confutationibus
3631 3843 3879 3897 adversus

2292 3933 2568 3987 lulianum
2590 3932 2922 4003 Apos’tatam,
2941 3931 3190 3983 scctiones
3215 3928 3280 3993 X,
3307 3929 3427 3983 libri
3446 3929 3502 3983 11
3514 3946 3535 3995 ;
3558 3929 3610 3983 9.
3646 3928 3876 3983 Demon-

2295 4028 2481 4080 stratio
2524 4026 2587 4077 de
2620 4024 2949 4095 processione
2988 4020 3217 4092 Spiritus
3260 4023 3465 4085 sancti;
3504 4020 3589 4074 IO.
3632 4021 3878 4091 Epistula

2296 4118 2549 4171 canonica
2594 4116 2664 4169 ad
2706 4113 2989 4168 Dominum
3039 4112 3388 4183 (Domuum?)
3435 4120 3484 4165 et
3517 4115 3781 4183 episcopos
3822 4115 3877 4165 in

2296 4210 2480 4265 Libuit.

2365 4227 2388 4262 ο
2428 4227 2480 4263 αι.

2365 4227 2703 4356 \iindobona
2738 4298 2793 4353 in
2831 4298 2966 4354 bibl.
3007 4297 3275 4361 Caesarea,
3309 4298 3633 4353 voluminib.
3668 4298 3756 4363 III,
3788 4298 3877 4361 IV,

2296 4394 2361 4455 V,
2392 4392 2459 4447 Vl
2493 4401 2550 4447 et
2582 4391 2718 4454 VIII,
2762 4390 2851 4445 ed.
2888 4390 3145 4444 Lambec.
3186 4388 3412 4453 Comm,
3455 4390 3711 4459 permulti
3761 4405 3871 4443 ser-

2297 4491 2497 4537 vantur
2524 4482 2685 4536 codd.
2726 4480 2781 4535 in
2821 4481 3026 4551 quibus
3071 4491 3200 4535 sunt
3248 4480 3399 4534 varia
3441 4480 3629 4551 Cyrilli
3679 4480 3879 4549 scripta

667 4575 924 4647 (lyrinus
974 4574 1485 4644 Scythopolitanus,
1538 4573 1841 4627 monachus
1893 4570 1947 4625 S.
2004 4570 2196 4624 Laure
2227 4570 2271 4626 D
2300 4586 2395 4629 aut
2418 4584 2695 4643 excerpta.
2722 4573 2834 4629 Hoc
2858 4574 2979 4629 loco
3001 4572 3233 4628 sufﬁciat
3251 4573 3615 4644 quorumdam
3644 4572 3837 4627 notitia
3865 4590 3878 4625 :

616 4664 1141 4736 Hierosolymitana,
1180 4664 1273 4734 qui
1316 4663 1499 4717 medio
1544 4670 1698 4717 sexto
1749 4672 1872 4731 post
1917 4661 2196 4716 Christum

615 4760 803 4811 natum
853 4754 1057 4811 saeulo
1104 4753 1309 4817 ﬂoruit,
1365 4762 1421 4807 et
1478 4752 1659 4806 varias
1692 4751 1841 4805 Vitas
1884 4760 2196 4805 sanctorum

614 4847 801 4905 Graece
828 4846 1070 4918 scripsit.
1105 4844 1173 4900 de
1203 4860 1315 4915 quo
1343 4844 1519 4899 dicam
1552 4843 1691 4898 infra
1731 4856 1831 4897 suo
1863 4842 2003 4897 loco.
2038 4841 2195 4896 FABII.

614 4939 859 5005 —Infra,
887 4937 997 4994 vol.
1022 4936 1092 5001 X,
1122 4952 1175 5008 p.
1210 4935 1312 4991 155
1339 4950 1420 5005 sq.
1460 4944 1570 4990 vet.
1602 4932 1691 4989 ed.
1711 4933 1852 4987 —In
1880 4932 2001 4987 cod.
2034 4932 2195 4987 Arab.

616 5032 879 5087 Vaticano
902 5030 1027 5085 'Vita
1066 5026 1344 5099 'Eathymii
1378 5036 1426 5080 et
1468 5024 1621 5082 Saba
1650 5026 1930 5090 abbatum;
1974 5025 2033 5079 In
2073 5024 2195 5080 θοὰ.

617 5122 714 5177 Gr.
758 5121 911 5177 CCLI
947 5121 1183 5177 Vindoh.
1232 5127 1317 5176 est
1345 5119 1711 5189 fragmentum
1741 5131 1810 5171 ex
1851 5116 2200 5186 Euthymiaca

619 5214 839 5269 historia
880 5213 949 5267 de
981 5214 1153 5269 rebus
1197 5212 1365 5283 gestis
1406 5210 1464 5267 ὃ.
1500 5210 1803 5281 Euthymii,
1842 5209 2059 5263 abbatis
2096 5208 2199 5262 Pa-

620 5305 839 5369 laestini,
871 5306 1073 5359 mortui
1116 5306 1181 5359 A.
1214 5305 1281 5360 'C.
1317 5304 1439 5369 472,
1470 5318 1633 5373 quam
1662 5300 1919 5356 Lambec.
1951 5300 2008 5354 in
2045 5297 2200 5354 Com-

622 5410 876 5462 Μινύαι,
914 5400 1000 5461 V.,
1031 5414 1084 5469 p.
1135 5397 1239 5453 329
1265 5413 1409 5467 sqq.,
1440 5406 1555 5451 not.
1594 5395 1647 5457 I,
1673 5394 2044 5462 conscriptam
2080 5406 2201 5447 esse

622 5490 852 5562 putabat
881 5504 912 5543 a
940 5487 1144 5560 Cyrillo
1173 5488 1472 5553 monacho;
1500 5496 1555 5541 at
1580 5484 1840 5541 refutavit
1865 5484 2014 5538 illam
2040 5483 2201 5537 Lam-

623 5580 767 5636 becii
801 5578 1113 5649 opinionem
1148 5586 1205 5632 et
1234 5576 1508 5631 Kollarius
1542 5576 1597 5631 in
1630 5584 1745 5630 not.
1777 5573 1840 5628 Β.
1872 5573 1939 5627 ad
1969 5573 2203 5628 Lambe-

624 5671 695 5727 eii
731 5673 838 5727 loc.
870 5673 989 5736 cit.,
1023 5679 1188 5740 atque
1218 5667 1285 5722 ad
1326 5668 1434 5722 vol.
1460 5668 1598 5732 VIII,
1642 5682 1697 5736 p.
1731 5665 1838 5720 565
1864 5680 1971 5735 sq.,
2002 5664 2098 5719 ubi
2142 5679 2206 5720 ac

624 5781 680 5836 p.
709 5766 813 5821 645
845 5779 963 5836 sqq.
1006 5763 1263 5820 Lambec.
1300 5777 1455 5816 suam
1502 5759 1725 5830 repetiit
1767 5758 2117 5822 sententiam,
2149 5769 2206 5814 et

624 5856 910 5915 Fabricius
948 5857 1056 5914 vol.
1093 5856 1162 5927 X,
1204 5870 1260 5928 p.
1303 5853 1405 5911 156
1448 5868 1553 5924 sq.,
1587 5868 1642 5907 n.
1685 5852 1739 5911 4.
1781 5850 1921 5909 Add.
1970 5850 2200 5908 Bandin.

2302 4665 2425 4721 eod.
2463 4665 2642 4728 LVIII,
2677 4681 2732 4719 ιι.
2771 4665 2826 4729 2,
2857 4666 2966 4719 vol.
3012 4664 3100 4727 III,
3140 4680 3195 4735 p.
3228 4664 3333 4720 255
3364 4681 3446 4735 sq.
3489 4664 3717 4729 ωιτη..
3747 4664 3880 4719 Sen-

2304 4759 2480 4812 tentia
2526 4756 2717 4827 Cyrilli
2759 4756 2913 4811 Alex.
2948 4765 2999 4809 et
3033 4756 3263 4811 aliorum
3304 4757 3365 4810 de
3411 4774 3532 4811 vero
3572 4757 3740 4812 Deum
3782 4760 3882 4811 ad-

2303 4848 2492 4902 orandi
2513 4848 2664 4901 modo
2684 4849 2738 4900 in
2758 4849 2949 4917 spiritu
2979 4857 3027 4900 et
3056 4848 3435 4903 ueritate.-——In
3455 4849 3565 4902 vol.
3587 4848 3674 4912 IV,
3704 4865 3758 4918 p.
3778 4850 3884 4904 255

2303 4955 2445 5009 sqq,
2482 4939 2604 4994 cod.
2659 4938 2889 5003 CXLVI,
2938 4956 2994 4993 ιι.
3044 4939 3100 5002 2,
3152 4940 3239 5003 I3,
3269 4940 3332 4995 21
3385 4950 3441 4996 et
3486 4940 3575 5005 55,
3626 4950 3885 5011 excerpta

2303 5032 2460 5101 plura
2487 5046 2552 5083 ex
2581 5028 2769 5101 Cyrilli
2817 5030 3268 5099 Expositionibus
3312 5031 3365 5085 in
3396 5031 3460 5085 ν.
3511 5031 3747 5086 Τ.-Ν.
3798 5032 3885 5093 17,

2302 5123 2426 5193 Cyr.
2459 5119 2608 5175 Orat.
2656 5122 2711 5174 in
2748 5120 2938 5191 festum
2978 5121 3556 5189 Puriﬁcationis.—P.
3592 5122 3715 5185 565,
3752 5132 3885 5185 etc.,

2304 5212 2604 5284 fragmenta
2655 5212 2711 5267 in
2758 5210 2919 5267 codd.
2974 5210 3203 5276 CLXIV,
3235 5229 3291 5267 ιι.
3323 5212 3386 5269 6.
3435 5211 3677 5276 CLXVI,
3710 5228 3767 5266 ιι.
3818 5212 3887 5276 1,

2303 5304 2533 5359 CLXVII
2572 5316 2629 5360 et
2666 5304 2954 5364 CLXVIII:
2989 5304 3365 5369 CLXXXVIII,
3397 5322 3452 5360 ιι.
3481 5305 3571 5369 22,
3598 5315 3656 5360 et
3697 5305 3754 5359 in
3782 5304 3890 5360 hoc

2304 5413 2524 5467 quoque
2554 5398 2698 5461 eod.,
2735 5414 2792 5451 ιι.
2829 5398 2916 5461 12,
2950 5396 3136 5469 Cyrilli
3175 5406 3225 5452 et
3264 5396 3321 5453 S.
3355 5397 3629 5454 Anastasii
3667 5396 3889 5452 Sinaita

2306 5489 2556 5559 expositio
2606 5490 3003 5559 compendiaria
3040 5490 3343 5545 orthodoxa
3386 5489 3532 5558 ﬁdei,
3572 5490 3639 5545 de
3686 5506 3797 5560 qua
3820 5489 3885 5544 V.

2306 5578 2470 5647 paulo
2497 5585 2653 5649 post,
2695 5577 2721 5649 ᾗ
2751 5578 2843 5633 IX.
2866 5610 2935 5619 —
2975 5580 3034 5633 In
3060 5579 3170 5633 vol.
3201 5581 3243 5633 V
3268 5580 3417 5634 varia
3460 5595 3651 5650 opusc.
3692 5580 3888 5650 impri-

2307 5669 2411 5723 mis
2442 5678 2698 5738 excerpta
2737 5678 2793 5722 et
2819 5668 3071 5739 fragmm.
3107 5668 3163 5721 in
3198 5669 3321 5722 cod.
3355 5668 3626 5733 CCXLIV,
3661 5685 3718 5722 ιι.
3747 5669 3890 5723 4.-

2307 5761 2365 5816 Iu
2400 5760 2521 5815 eod.
2558 5759 2832 5823 CCXLVI,
2887 5776 2943 5813 n.
2997 5761 3085 5825 14,
3120 5777 3187 5816 ex
3235 5760 3380 5815 libro
3428 5777 3465 5815 ιι
3500 5760 3577 5814 De
3624 5758 3888 5828 sacriﬁcio

2308 5851 2619 5943 agni.-.-In
2659 5850 2782 5910 cod.
2831 5849 3126 5938 CCXLVII,
3162 5867 3219 5909 ιι.
3265 5851 3353 5923 50,
3384 5860 3441 5909 et
3479 5851 3603 5935 θοὰ.
3642 5850 3886 5919 XXXIII,
