4154 6530
320 446 396 506 .15
1571 443 1850 500 NOTITIA
1888 445 1982 500 EX
2021 443 2358 502 FABRICIO.
3524 461 3591 510 46

321 579 386 620 ιι.
425 564 480 630 4,
514 561 574 616 in
606 561 715 616 vol.
759 561 893 624 VIII,
939 559 1239 630 Disputatio
1278 577 1394 614 cum
1435 559 1704 626 Nestorio;
1746 577 1911 630 quam
1943 574 1985 629 Α
2017 561 2192 616 tertiae
2225 559 2438 632 synodi,
2488 559 2745 615 Gr.—In
2777 569 2906 616 tom.
2955 563 3020 628 II,
3056 581 3111 618 ιι.
3147 564 3235 630 56,
3271 581 3358 636 ep.
3408 576 3590 622 contra

322 656 531 711 Kollar.
564 653 634 708 ad
664 653 773 707 vol.
808 653 872 715 V,
904 668 957 722 p.
993 651 1117 716 269,
1145 667 1264 706 esse
1292 652 1361 705 ab
1387 652 1494 706 alio
1533 652 1729 707 factam
1760 664 1914 723 putat

323 763 396 801 ex
439 745 632 817 Cyrilli
684 742 1213 798 Antirrhetico.-——In
1260 742 1382 797 cod.
1427 743 1743 807 CCXLVIII,
1778 760 1831 797 ιι.
1881 745 1915 798 5

327 837 560 909 (spuria.
588 836 654 891 V.
689 836 916 897 Kollar.,
939 851 994 904 p.
1017 833 1142 897 287,
1176 833 1316 902 not.)
1345 833 1552 906 Disput.
1577 853 1693 889 cum
1715 835 1913 889 Judwis

325 928 391 980 de
426 927 740 981 adoratione
774 933 975 979 sancta
1009 925 1176 977 crucis
1211 933 1261 977 et
1284 941 1564 979 sacrarum
1596 926 1909 996 imaginum.

323 1018 476 1073 -——In
503 1018 629 1072 cod.
676 1015 826 1079 CCL,
862 1031 918 1069 ιι.
956 1015 1042 1080 10,
1074 1031 1142 1069 ex
1176 1015 1402 1086 Dialogo
1437 1017 1508 1069 ad
1542 1016 1811 1070 Hermiam
1850 1017 1914 1070 de

323 1109 767 1165 consubstantiali
791 1109 1069 1171 Trinitate,
1090 1109 1283 1179 fragm.
1309 1109 1510 1162 Kollar.
1535 1124 1590 1178 p.
1639 1108 1912 1163 514.-Ιιι

323 1203 451 1258 eod.
484 1201 858 1264 CCLXXXIII,
894 1217 951 1254 ιι.
987 1200 1041 1264 2,
1074 1216 1128 1270 ιι.
1154 1201 1278 1265 474,
1313 1200 1523 1255 Comm.
1560 1210 1816 1270 excerpta
1845 1216 1913 1255 ex

321 1297 515 1370 Cyrilli
549 1295 841 1366 Opp.—In
884 1295 994 1349 vol.
1046 1294 1130 1358 VI,
1167 1304 1310 1364 part.
1359 1311 1396 1360 ι,
1443 1311 1497 1364 ιι.
1524 1294 1612 1357 97,
1658 1293 1781 1348 cod.
1816 1293 1909 1359 XI,

320 1404 382 1443 ιι.
439 1388 528 1454 16,
574 1389 767 1457 fragm.
821 1403 888 1441 ex
938 1385 1128 1456 Cyrilli
1173 1386 1311 1456 Opp.
1360 1387 1424 1440 de
1473 1395 1705 1456 tempore
1743 1403 1912 1441 sacra:

319 1493 484 1531 ciente
513 1476 882 1547 Christi;—p.
922 1477 1025 1530 I50
1058 1493 1140 1547 sq.
1175 1478 1232 1530 in
1261 1477 1383 1532 cod.
1412 1477 1600 1543 XVIII,
1635 1496 1689 1532 ιι.
1727 1481 1761 1534 4
1793 1479 1908 1552 (ubi

318 1568 389 1623 ν.
443 1577 561 1623 not.
592 1567 820 1638 Kollar.)
869 1567 1175 1638 fragmenta
1228 1569 1491 1622 canonica
1533 1585 1600 1624 ex
1640 1572 1793 1640 epist.
1843 1572 1912 1625 ad

317 1659 588 1712 Domuum
605 1669 659 1714 et
685 1675 766 1729 ep.
788 1659 856 1711 ad
874 1660 1136 1729 episcopos
1159 1659 1332 1728 Libyae
1348 1668 1397 1712 et
1412 1659 1783 1731 Pentapoleos,
1802 1671 1906 1718 etc.

321 1751 495 1822 (conf.
530 1750 809 1805 Theodori
838 1751 1176 1805 Balsamonis
1206 1749 1343 1820 Opp.
1374 1751 1468 1806 Gr.
1509 1761 1566 1806 et
1595 1753 1711 1807 Lat.
1735 1753 1908 1809 Paris.

319 1843 493 1908 edita,
517 1860 573 1914 p.
605 1844 740 1898 I076
769 1851 899 1914 etp.
922 1842 1162 1896 1080.-
1190 1842 1473 1898 Sententia:
1496 1842 1682 1915 Cyrilli
1705 1853 1754 1898 et
1779 1844 1913 1900 alio-

2016 655 2418 721 Theodoretum;
2450 671 2506 708 ιι.
2542 654 2665 718 980,
2698 655 2754 708 in
2795 657 2916 711 cod.
2951 655 3379 713 Sarisburiensis
3413 661 3592 714 eccle—

2014 747 2128 812 size,
2163 747 2240 800 De
2276 748 2604 817 proccssione
2625 745 2852 818 Spiritus
2879 751 3067 803 sancti.
3102 750 3252 805 —N.
3283 751 3422 806 5455
3453 751 3592 808 bibl.

2013 839 2280 905 Norfolc.,
2324 837 2447 909 Cyr.
2493 839 2564 892 ad
2605 838 2938 904 Nestorium;
2969 857 3025 894 ιι.
3077 841 3214 896 5959
3265 841 3399 897 bibl.
3437 843 3592 910 Cale,

2014 931 2286 986 Anastasii
2316 940 2363 985 et
2393 931 2580 1003 Cyrilli
2614 931 2882 1003 Expositio
2911 933 3078 987 brevis
3102 933 3227 1002 ﬁdei
3257 933 3591 991 Christianw.

2084 1023 2328 1088 Dublini,
2359 1040 2415 1078 n.
2442 1023 2564 1087 726,
2597 1023 2894 1095 Explicatio
2922 1024 3108 1096 Cyrilli
3136 1043 3295 1098 super
3326 1028 3596 1082 circumcio

2013 1117 2157 1169 sione
2186 1114 2400 1180 Christi,
2418 1123 2552 1168 —et
2577 1115 2639 1168 de
2663 1117 2956 1185 portatione
2984 1133 3076 1187 per
3097 1117 3412 1173 Simeonem.

2086 1205 2268 1260 Leidae
2298 1206 2442 1260 inter
2462 1205 2622 1260 codd.
2652 1205 2919 1269 Vulcanii,
2953 1205 3128 1260 Catal.
3158 1207 3302 1272 bibl.,
3329 1225 3383 1279 p.
3416 1210 3520 1265 544
3539 1219 3597 1265 et

2014 1295 2137 1360 545,
2167 1297 2327 1366 plura
2367 1296 2554 1369 Cyrilli
2589 1312 2774 1366 opera,
2803 1313 2835 1351 a
2867 1297 3133 1354 Vulcanio
3174 1301 3258 1354 vel
3293 1300 3591 1371 descripta,

2014 1388 2097 1442 vel
2129 1387 2322 1442 Latine
2356 1404 2534 1452 versa,
2564 1389 2648 1444 vel
2689 1389 2978 1444 illustrata.
3008 1390 3067 1444 P.
3107 1389 3229 1455 546,
3270 1407 3326 1445 ιι.
3363 1391 3451 1456 52,
3488 1393 3594 1465 Cy-

2014 1478 2124 1533 rilli
2162 1478 2404 1550 dialogus
2437 1481 2505 1534 ad
2539 1480 2860 1545 Hermwum,
2897 1481 3436 1553 philosophum.—P.
3468 1485 3592 1551 547,

2015 1586 2070 1624 ιι.
2114 1572 2202 1635 62,
2237 1571 2347 1626 duo
2376 1570 2675 1636 Sermones,
2710 1581 2766 1627 et
2809 1573 2877 1626 ad
2907 1573 3182 1627 Hermian:
3215 1575 3591 1646 presbyterum.

2013 1692 2082 1700 -—
2119 1661 2179 1715 P.
2211 1661 2348 1726 548,
2398 1678 2454 1716 ιι.
2519 1662 2589 1716 92
2635 1663 2699 1726 Ε,
2755 1680 2929 1716 sermo
2974 1664 3187 1733 fest.—
3224 1665 3373 1720 Inter
3428 1668 3590 1723 codd.

2016 1753 2286 1818 Vossian.,
2311 1769 2365 1823 p.
2393 1753 2517 1818 581,
2542 1771 2597 1808 ιι.
2627 1755 2716 1819 54,
2745 1756 3008 1826 rescripta
3035 1755 3103 1810 ad
3131 1759 3424 1813 concilium
3451 1760 3590 1816 Afri-

2015 1861 2235 1911 canum,
2267 1846 2363 1900 ubi
2402 1846 2717 1902 authentica
2745 1847 2950 1902 Niczeni
2991 1849 3208 1904 concilii
3239 1851 3497 1906 translata
3526 1853 3595 1908 de

319 1952 464 1989 rum.
486 1937 550 1991 γ.
578 1936 788 1990 Reiser.
813 1935 932 1989 Ind.
961 1936 1109 1990 codd.
1135 1937 1381 2008 August.,
1406 1953 1460 2006 p.
1484 1937 1582 2003 22;
1609 1938 1710 2004 ib.,
1736 1953 1790 2008 p.
1815 1937 1904 2003 25,
1943 1935 1981 1990 Β
2009 1933 2197 1991 Graeco
2217 1952 2317 2008 per
2339 1936 2722 1991 Innocentium
2745 1937 3147 2009 presbyterum,
3179 1942 3443 1996 etc.—P.
3465 1943 3590 2007 401,

317 2027 626 2098 Ειτριὶεαιὶο
651 2029 921 2100 parabolae
945 2030 1071 2084 Luc.
1109 2045 1214 2083 va.

396 2119 643 2176 Yenetiis
673 2121 816 2175 inter
851 2121 1012 2176 codd.
1055 2121 1164 2177 Iul.
1209 2121 1504 2177 Iustiniani
1539 2121 1728 2193 Cyrilli
1773 2123 1906 2194 Epi-

315 2213 477 2268 stula:
501 2213 741 2283 (estates;
771 2214 826 2268 in
857 2214 964 2268 alio
997 2214 1118 2269 cod.
1149 2214 1323 2285 ejusd.
1350 2215 1678 2281 Thesaurus;
1713 2215 1767 2269 in
1799 2216 1908 2270 alio

317 2304 556 2358 homilire
580 2305 632 2358 in
662 2304 902 2369 Cenesin,
927 2313 1064 2360 teste
1095 2304 1460 2360 Montfaucon.
1489 2305 1544 2360 in
1574 2305 1725 2359 Diar.
1754 2305 1906 2370 Ital.,

318 2410 382 2465 ιι.
414 2395 930 2451 454.-Βιιιιᾱίιιὶιιε
969 2397 1025 2450 in
1054 2395 1172 2452 Cat.
1206 2396 1354 2450 codd.
1398 2396 1490 2452 Gr.
1529 2395 1782 2452 Laurent.
1819 2413 1906 2453 re-

318 2489 544 2542 censuit
565 2489 723 2559 plura
748 2499 1004 2560 excerpta
1028 2504 1096 2544 ex
1116 2489 1284 2544 variis
1304 2488 1489 2561 Cyrilli
1509 2487 1648 2559 Opp.
1669 2489 1724 2544 in
1745 2489 1904 2544 codd.

319 2580 590 2634 Laurent.
613 2579 774 2635 obvia
800 2590 838 2635 t.
861 2581 902 2645 I,
929 2597 983 2651 p.
1015 2581 1104 2645 47,
1130 2597 1186 2634 ιι.
1219 2579 1388 2644 XXX,
1415 2579 1587 2635 XXXI
1611 2591 1667 2634 et
1690 2580 1905 2646 XXXII,

318 2687 384 2742 p.
420 2671 697 2738 468ςΧ11,
733 2689 788 2742 ιι.
825 2672 955 2739 I18;
1001 2673 1064 2738 γ,
1095 2689 1148 2742 p.
1195 2672 1325 2737 119;
1355 2672 1422 2737 Χ,
1457 2688 1511 2742 ι).
1551 2673 1680 2738 415;
1716 2673 1904 2736 xxvn,

318 2778 386 2834 ιι.
416 2763 546 2829 60ος
580 2763 636 2817 in
672 2774 802 2818 tom.
848 2764 912 2829 II,
948 2764 1071 2818 cod.
1112 2763 1203 2828 XI,
1240 2763 1266 2835 §
1307 2765 1371 2828 II,
1404 2773 1534 2818 tom.
1566 2764 1655 2829 III,
1685 2779 1738 2834 p.
1782 2764 1904 2830 524,

318 2855 448 2910 XX.
482 2856 732 2912 Citantur
769 2857 890 2912 loca
929 2866 1062 2911 tom.
1100 2857 1142 2921 I,
1179 2873 1232 2926 p.
1265 2857 1333 2912 99
1365 2864 1422 2911 ct
1452 2856 1556 2910 456
1588 2855 1644 2910 in
1679 2856 1907 2927 Exposi-

321 2950 471 3001 tione
497 2965 767 3002 sacrorum
791 2958 1122 3019 prwceptor.,
1153 2964 1208 3017 p.
1238 2947 1372 3013 255;
1402 2946 1458 3001 in
1487 2945 1768 3017 Florilegio
1787 2964 1908 3001 sen-

321 3041 570 3105 tentiar.,
612 3056 667 3109 p.
700 3040 824 3104 547,
870 3056 902 3094 a
947 3040 1032 3095 Io.
1077 3038 1462 3094 Cantacuzeno
1504 3047 1690 3093 contra
1738 3037 1908 3093 Pala-

322 3148 476 3184 mam
504 3147 522 3186 :
553 3131 753 3202 p.558,
789 3131 846 3185 in
890 3147 1055 3202 opere
1093 3129 1349 3201 anonymi
1391 3139 1584 3184 contra
1621 3129 1907 3194 eumdem;

321 3232 389 3278 et
419 3238 475 3292 p.
501 3223 623 3287 452,
648 3223 702 3276 in
737 3223 1002 3277 Thesauro
1028 3222 1233 3276 orthod.
1262 3221 1406 3290 ﬁdei.
1425 3221 1720 3293 —Integra
1745 3219 1906 3292 Opp.,

2013 2043 2071 2080 ιι.
2123 2029 2184 2092 4,
2245 2028 2432 2100 Cyrilli
2477 2028 2714 2083 collectio
2755 2033 3138 2086 sententiarum
3193 2043 3378 2088 contra
3411 2039 3596 2090 Πνευ-

2007 2120 2409 2191 ματομάχους.

2087 2214 2258 2268 Paris.
2294 2215 2349 2268 in
2397 2215 2533 2270 bibl.
2582 2216 2734 2286 publ.
2781 2217 2955 2272 multa
3003 2228 3362 2274 numerantur
3405 2220 3594 2292 Cyrilli

2014 2305 2236 2375 scripta,
2273 2321 2439 2360 manu
2467 2315 2729 2362 exarata:
2759 2308 2848 2363 hic
2894 2317 3106 2364 tantum
3146 2311 3443 2366 nominabo
3483 2312 3593 2367 Ex-

2015 2405 2200 2465 cerpta
2223 2395 2279 2450 in
2313 2396 2473 2452 codd.
2509 2397 2923 2455 DCCCLXXXII
2954 2410 3009 2456 et
3033 2401 3593 2460 MMMIX.—Secun-

2015 2486 2146 2541 dum
2180 2487 2359 2543 Catal.
2393 2489 2573 2544 Paris.
2604 2490 2726 2544 bibl.
2755 2508 2904 2555 mss.,
2932 2491 3041 2546 vol.
3075 2491 3116 2555 I,
3150 2507 3206 2562 ι).
3245 2492 3344 2547 107
3375 2503 3434 2548 et
3467 2494 3590 2558 I08,

2015 2593 2079 2632 ac
2132 2579 2257 2644 117,
2287 2587 2417 2634 sunt
2446 2579 2591 2635 inter
2623 2580 2786 2636 codd.
2838 2582 3106 2637 Arabicos
3149 2583 3360 2653 aliquot
3402 2583 3594 2656 Cyrilli

2015 2669 2272 2726 homiliaa.

2085 2763 2332 2818 Venetiis
2365 2763 2420 2817 in
2469 2764 2603 2819 bibl.
2645 2765 2810 2822 Marc.
2851 2766 2974 2822 cod.
3013 2765 3222 2833 CXXII,
3257 2767 3380 2840 Cyr.
3411 2779 3596 2825 contra

2015 2855 2601 2927 Anthropomorphitas.
2637 2857 2756 2912 Vid.
2800 2854 2985 2914 notam
3033 2859 3089 2914 in
3132 2861 3250 2915 Cat.
3301 2861 3451 2916 codd.
3500 2862 3593 2918 Gr.

2015 2947 2208 3012 Mora,
2238 2963 2292 3017 p.
2337 2947 2578 3002 70.—In
2607 2949 2728 3004 cod.
2758 2949 3113 3007 CDXXXVIII
3156 2953 3596 3013 anathematismi

2017 3037 2228 3106 aliquot
2257 3035 2420 3109 (Cat.,
2475 3053 2531 3107 p.
2582 3037 2730 3108 2l5).
2783 3039 2864 3094 Ex
2912 3055 3145 3094 numero
3197 3044 3597 3110 permultorum

2019 3129 2181 3184 codd.
2212 3144 2354 3198 quos
2374 3129 2744 3185 Montfaucon.
2776 3131 2832 3184 in
2861 3131 2997 3184 Bibl.
3027 3131 3316 3187 bibliothec.
3343 3150 3468 3188 mss.
3506 3150 3596 3190 re-

2019 3219 2143 3286 fert,
2177 3236 2478 3291 paucorum
2511 3230 2720 3276 tantum
2755 3222 2995 3293 injiciam
3026 3224 3382 3279 mentionem.

323 3315 391 3370 in
419 3289 588 3370 codd.
617 3314 778 3368 Laur.
811 3321 1047 3378 servata,
1080 3313 1196 3368 suis
1221 3289 1356 3374 locis
1386 3289 1770 3368 indicabimus.
1792 3289 1909 3368 bio-
1939 3289 1984 3348 (ἶ
2088 3289 2274 3368 Romae
2302 3313 2359 3366 in
2393 3312 2528 3367 bibl.
2563 3289 2825 3368 Ottobon:
2855 3312 3042 3385 Cyrilli
3070 3313 3244 3369 Oratt.
3288 3316 3351 3385 (I,
3397 3331 3451 3386 p.
3495 3316 3598 3370 I85

325 3407 533 3464 tandus
561 3416 645 3461 est
665 3421 884 3475 quoque
907 3404 1028 3460 cod.
1054 3405 1096 3469 I,
1120 3421 1175 3459 ιι.
1201 3404 1256 3468 2,
1289 3405 1427 3475 plut.
1452 3405 1504 3470 7,
1536 3403 1651 3460 sive
1669 3404 1914 3458 Edictum

321 3500 665 3572 imperatoris
688 3498 1000 3562 Iustiniani,
1025 3498 1312 3552 continens
1331 3496 1731 3552 confessionem
1753 3506 1915 3552 rectae

325 3591 484 3655 ﬁdei,
523 3600 654 3655 etc.,
697 3589 753 3643 in
786 3605 894 3658 qua
930 3587 1292 3650 Justinianus,
1340 3601 1396 3654 p.
1439 3584 1565 3650 295,
1601 3584 1764 3640 all'ert
1795 3585 1914 3639 loca

322 3682 520 3755 Cyrilli
544 3682 699 3737 Alex.
723 3696 791 3736 ex
816 3681 976 3750 epist.
1004 3679 1030 3732 I
1067 3687 1124 3733 et
1153 3678 1189 3732 2
1214 3678 1283 3732 ad
1313 3676 1639 3742 Successum,
1665 3685 1796 3742 etc.,
1829 3683 1913 3730 at-

325 3790 441 3847 que
465 3791 520 3829 ιι.
547 3774 601 3839 5,
627 3771 922 3843 Exemplar
959 3769 1208 3842 epistolw,
1228 3769 1292 3823 ab
1313 3770 1440 3839 imp.
1467 3767 1769 3822 Iustiniano
1797 3783 1916 3839 per-

324 3869 563 3937 scriptae,
600 3865 850 3919 adversus
879 3861 1184 3926 nonnullos,
1213 3862 1432 3931 impium
1463 3858 1807 3923 Theodorum,
1835 3869 1916 3912 at—

327 3976 432 4031 que
467 3960 655 4029 iniqua
697 3958 811 4028 ejus
843 3955 1114 4025 dogmata,
1161 3961 1210 4005 et
1239 3951 1514 4022 epistolam
1554 3950 1662 4006 Ibat
1695 3951 1913 4015 dictam,

326 4069 428 4107 nec
471 4067 575 4104 non
620 4048 915 4103 Theodoriti
958 4040 1117 4099 librbs
1157 4053 1340 4096 contra
1384 4041 1697 4096 catholicam
1734 4041 1912 4110 ﬁdem,

325 4144 540 4214 scriptis
586 4146 1000 4211 propugnantes,
1046 4149 1212 4205 quam
1257 4133 1474 4203 longam
1514 4133 1676 4203 epist.
1713 4131 1914 4186 Bandi-

326 4237 462 4291 nins
486 4234 541 4288 in
564 4241 670 4288 cat.
700 4242 831 4287 tom.
862 4231 905 4296 ι,
933 4246 987 4301 ιι.
1021 4227 1122 4283 166
1156 4243 1301 4296 sqq.,
1331 4227 1542 4297 primus
1573 4226 1759 4282 Griecc
1789 4240 1914 4280 cum

329 4327 530 4384 Latina
555 4325 810 4380 versione
837 4321 1112 4392 evulgavit
1151 4337 1164 4372 :
1203 4319 1258 4372 in
1292 4334 1399 4388 qua
1439 4317 1695 4388 frequens
1728 4316 1915 4389 Cyrilli

327 4420 563 4492 ejusque
603 4432 831 4487 operum
867 4410 1233 4486 quorumdam
1267 4408 1328 4464 fit
1355 4409 1580 4474 mentio,
1609 4419 1705 4464 aut
1735 4409 1783 4464 is
1817 4409 1915 4464 (ιε-

326 4511 605 4568 tenditur.

405 4622 723 4680 Secundum
761 4619 938 4676 Catal.
970 4620 1118 4674 codd.
1154 4618 1361 4690 Anglia:
1388 4626 1437 4670 et
1469 4615 1689 4672 Hibera.
1729 4612 1786 4666 in
1815 4627 1910 4666 va-
1947 4623 1989 4678 ι)

328 4719 432 4774 riis
459 4715 743 4778 biblioth.,
775 4713 1048 4783 praecipue
1085 4711 1400 4774 Bodleiana,
1431 4707 1619 4779 Cyrilli
1656 4703 1794 4776 Opp.
1828 4713 1923 4758 aut

327 4807 751 4881 partesillorum
770 4818 1147 4873 saepenumero
1167 4811 1409 4856 exstant:
1429 4799 1518 4853 hic
1533 4797 1742 4866 aliquot
1758 4795 1918 4850 codd.

327 4897 609 4968 inquibus
619 4894 900 4964 particulae
919 4891 1292 4962 reperiuntur,
1308 4898 1518 4943 tantum
1529 4885 1918 4943 excitabimus:

325 5006 390 5045 ιι.
425 4989 498 5043 85
530 4987 669 5042 bibl.
700 4984 932 5048 Bodlei.,
978 4983 1035 5038 in
1080 4982 1203 5036 cod.
1237 4981 1460 5035 Barocc.
1505 4977 1766 5042 LXXXV,
1814 4977 1923 5046 epi-

324 5079 473 5137 stola
495 5078 565 5133 ad
585 5076 916 5134 Cennadium
939 5086 994 5129 et
1016 5082 1273 5143 excerpta
1290 5088 1356 5126 ex
1373 5071 1622 5140 epistolis
1639 5077 1694 5123 et
1715 5085 1782 5123 ex
1807 5083 1924 5124 ser-

328 5187 497 5228 mone
529 5168 958 5240 quodam;—n.
995 5163 1122 5227 272,
1153 5162 1366 5232 Disput.
1400 5161 1539 5213 inter
1571 5157 1829 5229 Cyrillum
1871 5166 1922 5211 et

325 5263 670 5325 Nestorium;
709 5275 764 5312 ιι.
795 5256 920 5321 688,
955 5254 1282 5320 ριιωειὶοηεε
1323 5260 1372 5306 et
1406 5253 1730 5320 responsion.
1775 5265 1920 5320 qum-

327 5358 457 5410 dam
486 5355 549 5408 de
578 5353 683 5423 ﬁde
710 5359 910 5406 sancta
941 5347 1214 5402 Trinitatis
1226 5361 1382 5412 ;——n.
1420 5344 1580 5407 2500,
1609 5343 1922 5397 Encomium

325 5449 391 5503 Β.
419 5446 680 5518 Virginis;
711 5459 766 5497 ιι.
799 5441 959 5506 2877,
995 5439 1070 5493 De
1087 5437 1434 5509 imaginibus;
1463 5451 1520 5490 ιι.
1549 5433 1707 5496 5060,
1731 5431 1921 5502 Capita

327 5538 536 5609 aliquot
563 5533 870 5606 synodalia;
897 5547 955 5584 ιι.
987 5529 1148 5593 5275,
1185 5536 1326 5582 orat.
1361 5527 1440 5582 De
1469 5524 1635 5580 XXIV
1654 5523 1920 5595 presbyte-

325 5631 401 5684 ris
439 5631 534 5700 qui
580 5629 636 5681 in
675 5623 802 5680 caelo
846 5630 1004 5687 sunt,
1066 5636 1301 5690 quorum
1337 5617 1560 5673 nomina
1604 5615 1922 5670 scribuntur

323 5720 557 5793 Coptice
590 5731 869 5788 :quorum
915 5712 1366 5769 commemoratio
1396 5709 1514 5764 fieri
1547 5707 1686 5764 solet
1728 5706 1815 5761 die
1851 5706 1922 5761 24

323 5810 538 5867 mensis
563 5807 760 5870 ﬂatur,
795 5802 1059 5868 Arabice;
1090 5817 1146 5854 ιι.
1171 5799 1332 5864 5597,
1363 5800 1418 5854 in
1456 5798 1786 5871 Symeonem.

397 5899 717 5966 Cantabrig.
748 5912 807 5951 ιι.
837 5895 962 5962 514,
993 5893 1182 5964 Cyrilli
1209 5901 1265 5948 et
1294 5890 1526 5947 aliorum
1558 5904 1682 5961 epp.
1713 5905 1758 5944 s.
1797 5897 1918 5944 acta

2013 3402 2102 3473 A).
2153 3403 2399 3457 Vatican.
2453 3402 2587 3457 bibl.
2638 3413 2694 3458 et
2746 3403 2832 3458 bis
2883 3403 2940 3457 in
2979 3403 3324 3458 Ambrosian.
3375 3403 3593 3459 Mediol.

2015 3491 2189 3562 Opem
2221 3491 2283 3562 (I,
2316 3507 2371 3560 p.
2403 3491 2504 3546 199
2529 3491 2594 3556 A,
2622 3506 2678 3560 p.
2710 3490 2817 3545 495
2840 3490 2905 3555 Ε,
2934 3505 2987 3560 ιι.
3017 3489 3124 3544 512
3157 3489 3241 3561 Β).

2083 3581 2328 3646 Basileae,
2371 3579 2556 3651 Cyrill.
2595 3579 2748 3634 Alex.
2789 3581 2845 3633 in
2893 3579 3138 3633 Exortum
3187 3588 3235 3633 et
3281 3579 3598 3644 Leciticum;

2015 3675 2319 3730 Theodoret.
2355 3673 2480 3746 Cyri
2522 3683 2706 3727 contra
2734 3671 3017 3744 Cyrillum,
3058 3680 3115 3726 et
3151 3670 3337 3743 Cyrilli
3376 3673 3598 3743 epistola

2015 3776 2199 3822 contra
2212 3767 2584 3822 Theodoretum
2598 3782 2616 3831 ;
2631 3764 2752 3836 Cyr.
2773 3765 3201 3819 anathematismi
3212 3763 3332 3830 XII,
3345 3774 3400 3819 et
3411 3774 3600 3820 contra

2015 3859 2608 3931 Anthropomorphitas;
2642 3865 2698 3911 et
2735 3857 2788 3911 in
2821 3857 2930 3910 alio
2962 3855 3084 3910 cod.
3107 3855 3296 3926 Cyrilli
3324 3855 3595 3926 quaedam,

2014 3958 2072 4004 et
2097 3949 2347 4020 epistola,
2373 3957 2479 4004 etc.
2523 3949 2586 4020 (I,
2622 3963 2674 4018 p.
2709 3945 2892 4011 6098,
2929 3961 2983 4016 p.
3021 3945 3125 4001 610
3148 3943 3235 4017 A).
3259 3977 3331 3986 —
3358 3946 3416 4001 In
3459 3947 3594 4002 bibl.

2017 4037 2073 4092 S.
2102 4037 2398 4100 Vincentii,
2424 4051 2591 4108 opera
2617 4037 2704 4108 (II,
2737 4051 2790 4106 p.
2825 4036 2962 4090 1194
2991 4035 3238 4106 1)).-Ιιι
3269 4035 3402 4091 bibl.
3430 4037 3596 4094 Pelli-

2016 4128 2167 4191 serii,
2191 4129 2247 4181 in
2270 4127 2492 4182 Esaiam
2530 4127 2616 4197 (ιι,
2652 4143 2708 4197 p.
2745 4126 2882 4181 II98
2916 4126 3158 4197 E).——In
3191 4127 3327 4182 bibl.
3365 4127 3599 4184 abbatize

2017 4220 2072 4275 S.
2116 4219 2447 4274 Theoderici
2491 4233 2662 4288 prope
2692 4219 2912 4283 Remos,
2954 4217 3198 4273 Homilies
3225 4219 3280 4272 in
3320 4217 3483 4273 Leuit.
3513 4220 3601 4274 bis

2018 4313 2104 4383 (ιι,
2129 4327 2182 4382 p.
2215 4311 2345 4365 1251
2371 4311 2435 4376 ιε,
2469 4320 2526 4365 ει
2561 4310 2697 4364 ηδι
2731 4309 2815 4379 ιι).

2088 4403 2328 4458 Florent.
2365 4402 2421 4456 in
2453 4401 2587 4456 bibl.
2619 4401 2676 4456 S.
2708 4401 2875 4456 Marci
2903 4400 3171 4455 Dominic.
3212 4400 3318 4455 tria
3341 4400 3620 4457 Commoov

2017 4493 2218 4547 nitoria
2237 4500 2293 4546 et
2315 4490 2566 4562 Epistolas
2581 4489 2697 4544 duce
2721 4491 2790 4543 ad
2819 4489 3090 4554 Acacium,
3113 4489 3305 4545 Latine
3333 4489 3396 4560 (I,
3420 4505 3474 4559 ι).
3497 4490 3601 4547 419

2018 4583 2061 4636 D
2091 4582 2261 4653 E—).
2293 4581 2432 4637 Add.
2471 4580 2749 4636 Zachariae
2792 4579 2902 4634 Iter
2949 4578 3176 4634 litterar.
3219 4596 3313 4652 per
3356 4580 3599 4647 Italiam,

2020 4672 2214 4727 Venet.
2235 4670 2389 4735 I762,
2407 4671 2460 4734 4,
2486 4687 2540 4740 ιι.
2565 4671 2652 4736 51,
2675 4678 2732 4725 et
2753 4669 2820 4725 de
2843 4670 2950 4724 alio
2975 4669 3122 4735 cod.,
3147 4687 3200 4742 p.
3226 4671 3312 4727 55.
3337 4670 3442 4727 Sed
3464 4671 3598 4730 ohe!

2016 4766 2127 4836 jam
2159 4764 2292 4820 satis
2317 4774 2403 4819 est
2435 4763 2490 4817 in
2512 4763 2794 4834 praesenti!
2822 4762 3016 4834 Haut.)

2547 4920 2753 4978 Latinw
2801 4923 3070 4978 editiones.

2091 5057 2253 5111 Basil.
2293 5055 2450 5121 1524,
2483 5055 2601 5119 fol.,
2634 5054 2777 5125 apud
2810 5053 3195 5116 Cratandrum,
3231 5051 3288 5108 in
3331 5065 3439 5122 qua
3481 5051 3603 5108 edi-

2023 5148 2170 5202 tione
2221 5156 2432 5202 tantum
2482 5153 2699 5201 exstant
2749 5144 3141 5200 Commentarii
3202 5144 3258 5198 iu
3306 5141 3600 5209 Joannem,

2019 5242 2076 5294 in
2112 5240 2395 5295 Leuiticum
2426 5238 2542 5309 (qui
2571 5236 2823 5308 Origenis
2854 5235 3003 5306 sunt)
3035 5244 3092 5290 et
3123 5234 3446 5301 Thesaurus;
3481 5250 3604 5305 qua:

2020 5331 2231 5402 singula
2277 5329 2570 5400 separatim
2609 5328 2933 5400 prodierunt
2964 5328 3136 5384 Paris.
3187 5321 3324 5384 I520
3359 5338 3416 5384 et
3441 5329 3600 5394 1521,

2019 5425 2115 5481 fol.
2164 5423 2548 5481 Fam—Haec
2587 5421 2722 5478 edit.
2768 5420 2932 5476 Basil.
2984 5437 3034 5478 a.
3073 5421 3230 5487 1524,
3269 5422 3408 5476 nihil
3452 5421 3601 5475 aliud

2021 5518 2268 5575 continet
2312 5532 2477 5587 quam
2521 5531 2643 5585 quae
2685 5521 2854 5583 antea
2900 5514 3124 5570 Parisiis
3168 5515 3398 5569 seorsim
3452 5513 3603 5570 edita

2019 5617 2198 5673 erant,
2249 5616 2544 5662 annotante
2593 5605 2967 5660 Lambachero
3018 5606 3074 5660 in
3129 5601 3263 5660 Bibl.
3313 5605 3598 5660 Vindobon.

2020 5703 2204 5767 civica,
2228 5718 2284 5772 p.
2312 5701 2402 5765 98,
2434 5708 2575 5764 not.,
2603 5699 2697 5769 qui
2724 5715 2777 5769 p.
2809 5698 2877 5754 99
2904 5707 3171 5755 memorat
3199 5708 3310 5753 tres
3330 5697 3603 5754 editiones

2021 5792 2385 5865 quorumdam
2407 5808 2534 5863 opp.
2552 5773 2760 5864 Cyrilli.
2783 5791 2852 5846 At
2871 5791 2928 5846 in
2950 5791 3086 5847 bibl.
3105 5789 3256 5846 acad.
3279 5789 3602 5861 Erlangensi

2019 5893 2105 5941 est
2146 5884 2405 5942 volumen
2435 5881 2726 5954 grandc'in
2766 5882 2901 5939 min.
2944 5881 3097 5949 folio,
3129 5879 3278 5953 quod
3309 5889 3602 5953 sequentes
