4154 6572
587 448 652 504 1,7
1824 447 2102 504 Ml'll'llA
2141 447 2236 506 EX
2278 454 2616 512 FABRICIO.

3794 456 3867 516 18

583 565 859 621 editiones
891 575 1016 619 cum
1037 565 1418 635 peculiaribus
1454 565 1796 636 singulorum
1819 581 1946 637 opp.
1973 568 2170 622 inscri-
2202 579 2243 635 Α
2275 575 2427 643 ginas
2451 575 2580 629 liber
2608 591 2764 640 unus,
2786 567 2870 629 .Io.
2905 573 3327 646 OEcolampadio
3355 569 3660 647 interprete.
3692 578 3861 634 limi.

587 656 871 727 ptionibus
899 657 1317 727 comprehendit
1351 675 1362 710 :
1395 673 1451 711 n.
1481 657 1528 710 l.
1563 656 1705 728 Opus
1737 659 1942 729 insigne
1963 658 2174 730 Cyrilli,

585 748 890 818 patriarche
914 747 1068 801 Alex.
1099 749 1153 801 in
1197 748 1549 818 Evangelium
1579 749 1802 804 Joannis
1834 766 1851 803 :
1892 769 1924 804 a
1958 751 2177 821 Georgio

587 837 934 909 Trapezontio
961 839 1284 892 traductum.
1303 839 1545 895 Jodocus
1567 840 1918 897 Clichtoveus
1941 842 1994 896 in
2012 843 2171 912 epist.

585 935 1017 1006 nuncupatoria,
1068 935 1272 1004 scripta
1322 934 1494 988 Paris.
1552 935 1726 1001 1508,
1767 935 1917 990 dolet
1958 946 2174 991 exstare

585 1029 750 1084 etiam
786 1029 841 1083 in
869 1028 1044 1081 tribus
1072 1025 1282 1082 Latinis
1315 1038 1371 1083 et
1397 1029 1612 1083 duobus
1640 1028 1844 1088 Graecis
1873 1029 2035 1085 codd.
2067 1031 2172 1084 Va-

585 1120 748 1174 tican.
784 1134 815 1173 e
855 1118 1147 1175 duodecim
1190 1118 1350 1172 libris
1382 1120 1902 1176 commentariorum
1935 1129 2173 1191 quatuor

582 1213 844 1267 duntaxat
892 1210 1101 1282 primos
1142 1219 1200 1266 et
1247 1211 1474 1267 totidem
1522 1221 1858 1282 postremos;
1909 1224 2034 1284 post
2075 1214 2168 1268 fol.

585 1302 686 1358 168
715 1319 746 1357 a
781 1317 919 1356 nova
959 1318 1112 1373 pagg.
1155 1303 1295 1358 serie
1329 1304 1352 1356 1
1377 1335 1444 1344 —-
1469 1304 1534 1358 19
1560 1304 1807 1375 adjectus
1837 1314 1921 1360 est
1943 1322 1971 1360 a
1991 1305 2174 1361 CllCll-

584 1407 743 1451 toveo
775 1396 1142 1465 explanationi
1199 1395 1384 1468 Cyrilli
1448 1398 1968 1452 commentariorum
2032 1398 2172 1453 liber

581 1490 809 1562 quintus
839 1507 850 1542 :
888 1496 1003 1543 tum
1025 1505 1078 1559 p.
1107 1488 1177 1542 58
1200 1505 1321 1559 sqq.
1348 1489 1567 1544 additus
1593 1498 1676 1544 est
1704 1490 1844 1544 liber
1876 1491 2167 1560 septiruus;

583 1591 700 1636 tum
732 1597 787 1651 p.
821 1581 890 1636 52
923 1582 1132 1651 pariter
1166 1581 1307 1634 liber
1341 1591 1588 1646 octavus,
1621 1588 1677 1635 et
1725 1583 1804 1636 sic
1851 1598 2038 1652 porro,
2075 1584 2168 1638 ubi

581 1672 784 1728 defecit
823 1672 1012 1744 Cyrilli
1052 1680 1253 1727 textus.
1287 1673 1344 1726 lu
1388 1672 1493 1727 line
1529 1684 1654 1728 ante
1690 1674 1924 1728 indicem
1956 1687 2168 1730 errato-

583 1781 705 1818 rum
737 1763 1071 1818 :—Parisiis
1105 1765 1157 1817 in
1187 1765 1390 1834 officina
1423 1764 1721 1837 ll’olfgangi
1749 1766 1982 1837 ,IIopilii,
2008 1768 2163 1822 1508.

578 1887 649 1896 --
683 1856 736 1910 2.
774 1855 960 1927 Cyrilli
1005 1858 1370 1910 commentarii
1417 1859 1469 1909 in
1519 1857 1802 1912 Leviticum
1835 1898 1850 1924 ,
1907 1861 2166 1914 sexdecim

2352 666 2517 720 Basil.
2569 667 2726 730 1546,
2788 666 2907 732 lol.,
2952 666 3097 737 apud
3148 666 3502 738 Hervagium,
3548 669 3616 725 Ν
3667 671 3860 734 tomis,

2281 759 2377 814 sed
2411 761 2505 828 qui
2526 775 2634 814 uno
2665 760 3060 830 comprehendi
3093 759 3370 814 volumine
3396 770 3645 831 possunt.
3677 763 3738 818 In
3759 763 3863 821 hac

2280 849 2546 904 accedunt
2587 850 2705 904 libri
2738 849 2835 904 VII
2878 849 2941 903 de
2996 850 3292 916 Trinitate;
3321 851 3398 904 De
3429 849 3630 923 Spiritu
3656 865 3860 919 sancto,

2279 941 2342 994 de
2380 941 2693 994 adoratione
2720 942 2777 994 in
2808 943 3000 1012 spiritu
3048 950 3096 996 et
3127 943 3393 1008 veritate;
3435 941 3553 997 libri
3578 942 3625 1000 Χ
3672 956 3858 1001 contra

2277 1032 2593 1098 Iulianum;
2650 1041 2700 1086 et
2737 1033 2827 1089 III
2875 1035 2938 1088 de
2994 1042 3139 1088 recta
3202 1033 3308 1102 ﬁde
3369 1035 3425 1088 in
3463 1033 3728 1092 Christum
3789 1039 3860 1092 ad

2279 1125 2618 1180 Theodosium
2670 1127 2798 1198 imp.
2852 1137 2901 1180 et
2935 1128 3145 1198 reginas
3176 1127 3275 1198 (a);
3312 1127 3566 1198 Epistolas
3624 1129 3857 1195 XXXIX,

2278 1217 2521 1273 Homilia:
2565 1218 2630 1284 X,
2685 1218 2942 1290 Apologia
2973 1219 3042 1273 ad
3089 1220 3217 1290 imp.
3252 1219 3630 1286 Theodosium;
3661 1221 3856 1277 Decla-

2276 1310 2414 1362 ratio
2460 1309 2566 1364 XII
2617 1309 3006 1381 capitulorum;
3045 1328 3142 1380 pro
3175 1312 3362 1366 iisdem
3415 1313 3766 1383 apologeticus
3808 1323 3861 1368 et

2277 1396 2405 1451 liber
2434 1400 2503 1454 ad
2546 1400 2871 1471 Euoptium;
2906 1403 3182 1472 Expositio
3223 1402 3458 1474 Symboli
3504 1404 3707 1460 Nicteni
3731 1404 3855 1478 [in-

2275 1499 2414 1560 terp.
2445 1491 2529 1546 Jo.
2577 1492 2922 1563 Theophilo;
2961 1491 3172 1548 Scholia
3203 1494 3268 1548 de
3303 1494 3680 1551 Incarnatione
3726 1497 3856 1553 Uni-

2270 1582 2460 1651 genili:
2496 1579 2789 1654 Sgnodales
2821 1582 3054 1653 epistolae
3086 1582 3211 1647 XII,
3243 1591 3298 1638 et
3332 1583 3594 1654 Dogmata
3624 1586 3858 1640 Nestorii

2271 1689 2303 1724 a
2321 1672 2518 1744 Cyrillo
2533 1674 2845 1743 impugnata
2864 1681 2912 1726 et
2930 1692 2961 1727 a
2978 1674 3176 1745 synodo
3196 1673 3462 1744 Ephesina
3479 1677 3852 1731 condemnata.

2339 1763 2502 1816 Basll.
2550 1762 3010 1833 1566,fol.,apud
3057 1762 3302 1817 bzeredes
3367 1762 3524 1817 Ioan.
3576 1763 3852 1833 llervagii,

2270 1854 2326 1908 in
2372 1871 2481 1926 qua
2511 1856 2754 1910 editione
2803 1856 3032 1926 quintus
3093 1864 3292 1919 tomus,
3330 1856 3444 1910 sive
3484 1855 3676 1925 quinta
3726 1871 3856 1926 pars

582 1950 726 2004 libris
767 1950 972 2020 digesti,
1013 1959 1144 2010 etc.,
1190 1949 1343 2002 1514.
1370 1948 1521 2002 ——-lu
1560 1946 1665 2002 line
1699 1956 1826 2002 ante
1870 1949 2106 2004 indicem
2151 1968 2162 2002 :
2201 1944 2239 1998 Β
2272 1947 2484 2018 (omnes
2523 1947 2670 2002 enim
2716 1947 2959 2018 quinque
3005 1947 3137 2001 torni
3196 1962 3307 2001 uno
3354 1947 3633 2001 volumine
3675 1947 3856 2001 conti-

574 2042 802 2097 Parisiis
847 2057 910 2095 ea:
941 2042 1026 2112 οιῙ.
1071 2040 1294 2094 libraria
1341 2039 1531 2110 Wolfg.
1575 2039 1808 2111 IIopylii,
1843 2059 1894 2094 a.
1927 2041 2168 2096 1514.-

571 2135 648 2190 ιΕι
681 2135 875 2190 eodem
927 2133 982 2188 in
1028 2133 1148 2187 loco
1191 2150 1203 2184 :
1240 2132 1335 2185 IIic
1391 2131 1521 2185 liber
1563 2149 1679 2184 cum
1733 2132 1998 2187 nonnullis
2047 2132 2166 2187 aliis

567 2228 813 2300 qualem
851 2225 1037 2300 Cyrilli
1078 2242 1198 2296 opp.
1232 2224 1452 2278 habetur
1485 2223 1707 2277 venalis.
1749 2225 1818 2278 Αι
1846 2224 1913 2278 de
1944 2235 2166 2280 auctore

568 2319 744 2390 hujus
801 2318 986 2389 operis
1033 2316 1098 2371 ν.
1163 2314 1303 2369 infra
1359 2313 1597 2369 indicem
1654 2329 1884 2384 operum
1938 2331 2059 2385 quae
2111 2315 2164 2369 in

564 2412 997 2468 Graeco-Latina
1035 2411 1276 2466 editione
1321 2410 1520 2465 omissa
1552 2418 1701 2473 sunt,
1751 2426 1901 2465 num.
1955 2412 2168 2466 165.-

575 2505 891 2561 ~Preelarum
917 2521 1046 2575 opus
1079 2501 1264 2574 Cyrilli
1299 2501 1450 2556 Alex.
1496 2503 1585 2572 qui
1634 2501 1924 2556 Thesaurus
1959 2518 2164 2556 nuncu-

579 2609 762 2669 patur,
796 2596 1189 2668 quatuordecim
1228 2594 1384 2648 libros
1425 2592 1799 2664 complectens;
1839 2601 1888 2647 et
1931 2593 1994 2646 de
2039 2609 2164 2646 con-

562 2688 1032 2744 substantialitale
1061 2688 1185 2742 Filii
1213 2695 1262 2740 et
1303 2685 1531 2757 Spiritus
1561 2687 1730 2739 sancti
1760 2702 1876 2738 cum
1911 2683 2020 2738 Deo
2053 2683 2163 2740 Pa-

563 2791 680 2846 tre,
727 2792 910 2834 contra
961 2781 1302 2833 hereticos—
1333 2778 1551 2848 Georgio
1609 2778 1952 2848 Trapezontio
1995 2779 2164 2831 inter-

563 2881 746 2942 .prete,
789 2882 896 2927 etc.
946 2871 1407 2941 Venale—rlt‘ill.
1446 2870 1556 2941 (hic
1590 2885 1768 2925 anuus
1812 2877 2034 2925 notatus
2080 2878 2166 2924 est

566 2965 634 3019 -in
663 2963 845 3020 fronte
865 2964 925 3033 1:)
959 2963 1265 3019 Clichtovei
1299 2963 1573 3018 dedicatio
1605 2962 1806 3032 scripta
1833 2970 1918 3016 est
1943 2961 2166 3017 Parisiis

565 3071 628 3112 'I.
671 3057 827 3110 1515.
859 3086 930 3096 -
959 3051 1074 3110 Sub
1105 3055 1269 3110 ﬁnem
1306 3073 1318 3108 :
1373 3054 1598 3109 Parisiis
1619 3095 1633 3118 ,
1675 3072 1727 3108 α.
1768 3054 1903 3109 1515
1927 3096 1940 3118 ,
1969 3065 2163 3124 quarta

576 3149 659 3201 die
682 3146 854 3218 April.
887 3163 980 3216 per
1008 3145 1196 3215 Wolfg.
1245 3144 1554 3216 IIopylium,
1585 3153 1692 3200 etc.
1738 3145 1930 3200 Postea
1959 3145 2164 3215 prodiit

568 3239 708 3296 ‘edit.
758 3255 789 3294 a
821 3237 1070 3292 Fabricio
1126 3238 1329 3294 omissa
1377 3246 1434 3292 et
1485 3252 1608 3290 cum
1641 3235 1883 3291 editione
1924 3251 1974 3292 a.
2026 3237 2163 3292 1546

575 3330 833 3396 confusa;
859 3331 1017 3400 cujus
1047 3331 1326 3399 exemplar
1353 3337 1437 3383 est
1468 3330 1519 3383 in
1555 3329 1690 3383 bibl.
1723 3328 1876 3383 acad.
1917 3328 2159 3399 Erlang.,

576 3432 632 3480 et
646 3437 676 3478 a
689 3421 1062 3476 Lambachero
1077 3421 1242 3476 etiam
1260 3422 1298 3474 Ι.
1322 3435 1395 3485 c.,
1417 3436 1472 3490 p.
1491 3420 1734 3485 98,aliud
1751 3428 1833 3474 est
1851 3434 2159 3480 recensum:

647 3511 766 3567 Divi
807 3510 993 3582 Cyrilli
1039 3509 1211 3581 Opera
1249 3513 1304 3564 in
1335 3520 1438 3565 tres
1483 3512 1684 3574 partita
1722 3519 1886 3564 tomos
1914 3511 2030 3582 (sed
2053 3527 2165 3566 uno

578 3601 1008 3673 comprehensos
1024 3601 1324 3671 volumine)
1349 3618 1361 3654 :
1396 3602 1450 3654 in
1478 3602 1665 3671 quibus
1687 3602 1841 3655 habes
1870 3619 1974 3656 non
1993 3619 2164 3672 pauca

579 3704 705 3751 ante
727 3693 826 3749 hac
851 3690 1057 3746 Latinis
1088 3707 1192 3744 non
1228 3689 1477 3745 exhibita.
1508 3689 1690 3744 Primo
1725 3693 2072 3745 tomoinsunt
2108 3693 2163 3746 in

579 3783 928 3855 Evangelia»:
940 3782 1164 3837 Joannis
1186 3789 1530 3836 commentor.
1570 3781 1688 3837 libri
1707 3783 1810 3838 XII
1829 3784 1962 3852 (sive
1980 3786 2164 3855 potius

580 3872 718 3936 VIII,
775 3871 980 3942 quibus
1035 3870 1229 3926 Jodoc.
1290 3869 1644 3925 Clichtoveus
1682 3872 1883 3943 adjecit
1927 3882 2164 3944 quatuor

581 3964 958 4034 intermodios)
983 3963 1201 4034 Georgio
1226 3962 1443 4034 Trapez.
1464 3964 1776 4034 interprete;
1796 3965 1861 4020 In
1881 3965 2163 4021 Leviticnm

581 4057 700 4113 ﬁbri
759 4057 877 4112 XVI
929 4056 1188 4128 (incerto
1256 4054 1598 4126 interprete)
1637 4055 1863 4112 Basilea:
1911 4058 1966 4110 in
2009 4057 2158 4111 azdib.

578 4147 748 4206 Andr.
779 4145 1088 4204 Cratandri.
1123 4145 1194 4199 Μ.
1227 4144 1292 4198 D.
1319 4143 1562 4209 XXVIII,
1595 4144 1688 4199 fol.
1723 4145 1787 4201 In
1822 4154 1971 4201 tomo
2001 4147 2044 4201 ll
2079 4155 2163 4203 est

579 4237 894 4302 Thesaurus,
937 4237 1238 4308 interprete
1294 4236 1357 4292 G.
1385 4237 1768 4306 Trapezontio.
1810 4237 2040 4307 Reliqua
2069 4252 2160 4292 ac-

577 4347 797 4389 cessere
835 4331 891 4385 in
913 4338 1044 4385 tom.
1073 4330 1122 4384 ll
1146 4337 1202 4384 et
1242 4329 1310 4383 Ill
1338 4329 1571 4384 antehac
1601 4329 1808 4385 inedita
1847 4347 1860 4383 :
1892 4331 1942 4384 l.
1973 4328 2160 4384 Dialo-

577 4441 764 4496 gorum
798 4438 916 4478 cum
951 4421 1167 4480 Hermia
1206 4421 1270 4474 de
1313 4420 1573 4475 Trinitate
1608 4420 1730 4476 libri
1758 4420 1877 4485 VII,
1907 4438 2026 4475 cum
2061 4421 2159 4474 ad-

576 4515 790 4584 pendice
817 4521 1277 4584 argumentorum,
1299 4512 1438 4583 quod
1485 4510 1629 4583 Spir.
1682 4510 1740 4567 S.
1782 4513 1848 4566 sit
1877 4511 2041 4576 Deus,
2069 4511 2156 4566 Jo.

579 4602 1002 4675 {IEcolampadio
1031 4604 1350 4674 interprete;
1391 4602 1545 4658 2.1)c
1585 4604 1894 4659 adoratione
1932 4613 1982 4657 et
2011 4603 2158 4657 cultu

2271 2037 2520 2107 nentur),
2577 2040 2982 2091 commentarios
3016 2038 3071 2090 in
3113 2036 3334 2100 Isaiam,
3377 2051 3446 2091 ex
3482 2037 3647 2091 Laur.
3700 2037 3854 2093 Hun-

2269 2130 2408 2185 lredi
2437 2131 2690 2186 versione
2730 2133 3012 2202 complexa
3051 2132 3302 2186 accessit.
3344 2132 3575 2187 Fallitur
3601 2133 3748 2189 Elias
3775 2135 3851 2188 du

2268 2224 2387 2288 Pin,
2419 2225 2513 2294 qui
2542 2225 2683 2278 hanc
2711 2224 3009 2279 editionem
3051 2224 3281 2294 primam
3317 2224 3564 2282 Latinam
3610 2225 3851 2298 Operum

2266 2312 2455 2386 Cyrilli
2490 2330 2610 2370 esse
2654 2315 2847 2370 scribit
2881 2324 3012 2370 tom.
3053 2315 3140 2369 IV.
3167 2313 3498 2371 Bibliotheca:
3533 2318 3850 2388 scriptorum

2268 2399 2448 2459 eccles.
2487 2421 2608 2477 pag.
2638 2405 2726 2460 52.

2341 2497 2513 2551 Paris.
2549 2498 2708 2564 1575,
2745 2498 2864 2562 fol.,
2894 2498 2938 2553 ll
2979 2498 3376 2564 voluminibus,
3412 2499 3672 2558 Gentiano
3709 2501 3845 2556 Her-

2267 2600 2380 2644 vero
2427 2598 2654 2645 curante
2695 2590 2794 2661 (b),
2830 2606 2952 2660 quae
2973 2590 3146 2645 editio
3179 2607 3208 2645 a
3252 2591 3549 2646 Possevino
3587 2593 3642 2648 in
3669 2592 3851 2664 Appa-

2269 2693 2391 2736 ratu
2437 2700 2591 2738 sacro
2652 2692 2993 2738 recensetur.
3042 2683 3148 2738 Sed
3191 2685 3404 2755 plenior
3440 2685 3718 2755 prioribus
3764 2694 3851 2738 est

2266 2777 2537 2844 posterior
2558 2776 2882 2831 Parisiensis
2913 2793 2963 2830 a.
2995 2777 3152 2843 1605,
3200 2777 3244 2832 ll
3274 2777 3406 2842 vol.,
3447 2793 3610 2848 quam
3657 2793 3849 2848 perse-

2267 2868 2456 2938 quitur
2477 2867 2847 2923 Bellarminus
2866 2868 2943 2921 De
2975 2867 3032 2924 S.
3066 2869 3159 2935 E.;
3191 2869 3248 2924 in
3280 2869 3371 2925 illa
3399 2870 3546 2924 enim
3573 2871 3850 2944 Glaphyro

2266 2963 2321 3016 in
2359 2961 2783 3016 Pentateuchum
2823 2978 2891 3017 ex
2928 2962 2993 3016 A.
3041 2961 3254 3017 Scholti
3306 2965 3579 3030 versione,
3627 2974 3682 3020 et
3718 2966 3851 3020 libri

2267 3055 2602 3124 posteriores
2636 3054 2754 3110 XVI
2783 3054 2860 3109 De
2888 3055 3204 3110 udoratione
3233 3057 3287 3108 in
3334 3057 3524 3127 spiritu
3554 3066 3602 3112 et
3628 3061 3853 3113 veritate

2266 3159 2335 3198 ex
2409 3143 2869 3212 interpretatione
2918 3143 3143 3197 Antonii
3191 3142 3410 3214 Agellii,
3470 3158 3539 3198 ne
3592 3144 3695 3199 alia
3733 3145 3851 3216 jam

2269 3251 2592 3300 memorem,
2633 3250 2938 3290 accessere.

2689 3326 2868 3380 Editio
2907 3327 3334 3382 Gnaeo—Latina.

2335 3418 2503 3476 Unica
2553 3415 2776 3472 Joannis
2828 3417 3066 3483 Auberti,
3103 3417 3487 3475 Laudunensis
3503 3420 3851 3492 presbyteri,

2267 3510 2516 3566 canonici
2546 3517 2602 3563 et
2641 3509 2698 3562 in
2735 3509 2922 3563 schola
2972 3509 3148 3564 Paris.
3204 3509 3586 3564 Laudunensis
3631 3509 3853 3580 collegii

2267 3601 2511 3672 magistri
2551 3609 2714 3671 atque
2752 3600 3071 3673 interpretis
3107 3601 3264 3671 regii,
3309 3601 3480 3656 Paris.
3517 3601 3681 3667 1658,
3722 3602 3852 3669 fol.,

2267 3703 2476 3766 septem
2505 3693 2900 3757 voluminibus,
2932 3708 3097 3766 quam
3115 3701 3238 3762 post
3257 3692 3538 3748 Labbeum
3575 3692 3852 3750 Caveum-

2266 3802 2373 3856 que
2399 3787 2561 3856 paulo
2595 3785 2914 3857 diligentius
2946 3784 3088 3839 infra
3119 3785 3392 3840 recensui.
3437 3785 3598 3858 [Add.
3641 3786 3852 3842 Oudin.

2266 3877 2583 3942 Comment,
2613 3877 2657 3943 ι,
2681 3878 2788 3933 col.
2811 3875 3134 3942 1012-1050,
3162 3877 3262 3952 qui
3284 3877 3352 3932 de
3391 3878 3621 3950 singulis
3651 3895 3849 3950 opusc.

2260 3969 2474 4046 judicat
2505 3967 2783 4040 uberius]

2780 4057 3053 4113 Editiones
3084 4059 3372 4128 promissae.

2336 4153 2386 4207 l.
2419 4151 2803 4206 Bonaventurw
2844 4149 3103 4204 Vulcanii.
3139 4149 3415 4204 Abraham
3467 4147 3745 4207 Scultctus
3787 4149 3855 4205 in

2264 4244 2575 4300 narratione
2601 4243 2677 4296 De
2731 4244 2840 4298 vita
2883 4258 3003 4306 sua,
3052 4257 3173 4312 pag.
3205 4242 3272 4298 55
3309 4259 3322 4293 :
3356 4240 3550 4305 Leidar,
3593 4259 3646 4296 a.
3682 4239 3850 4304 l6l2,

2263 4336 2492 4389 maxime
2539 4349 2620 4388 me
2649 4333 2974 4389 oblectabam
3012 4332 3246 4401 alloquio
3288 4331 3711 4386 clarissimorum
3761 4333 3852 4383 vi-

2266 4443 2467 4489 rerum,
2505 4435 2552 4479 et
2602 4427 2742 4478 inter
2780 4424 2914 4479 alios
2949 4424 3339 4479 Bonaventuraz
3379 4422 3641 4488 Vulcanii,
3686 4439 3852 4492 quem

2263 4535 2437 4572 senem
2482 4517 2767 4573 admodum
2791 4515 2936 4570 sella:
2966 4516 3199 4585 affixam,
3235 4522 3284 4568 et
3325 4515 3563 4569 manibus
3599 4513 3852 4585 pedibus-

2267 4627 2366 4683 que
2391 4618 2605 4681 captum
2633 4610 2824 4662 inveni.
2857 4607 3182 4662 Promiserat
3229 4605 3320 4660 ille
3351 4607 3570 4676 triginta
3614 4615 3856 4677 quatuor

571 4699 634 4752 in
673 4697 864 4768 spiritu
895 4704 944 4751 et
971 4695 1194 4750 veritate
1247 4694 1490 4764 dialogus
1540 4695 1610 4752 ad
1648 4695 1984 4760 Palladium,
2019 4696 2147 4750 eod.
2190 4687 2236 4742 Β
2262 4703 2415 4756 annis
2459 4708 2582 4755 ante
2611 4699 2678 4768 (c)
2709 4699 2988 4752 editionem
3013 4699 3250 4752 omnium
3280 4713 3498 4766 aperum
3537 4697 3852 4752 Grecorum

579 4789 921 4859 interprete;
962 4787 1016 4840 5.
1048 4784 1252 4842 Contra
1277 4784 1558 4842 Iulianum
1587 4786 1905 4846 Apostatam
1944 4804 2040 4856 pro
2067 4803 2152 4841 re-

568 4878 768 4949 ligione
803 4875 1108 4934 Christiana
1140 4873 1228 4928 lib.
1263 4873 1329 4938 X;
1357 4874 1390 4928 4
1414 4873 1492 4928 De
1533 4884 1677 4928 recta
1710 4877 1765 4928 in
1792 4874 1974 4929 Iesum
2008 4875 2158 4931 Chri-

571 4981 715 5025 stum
742 4969 847 5038 ﬁde
875 4969 946 5023 ad
976 4967 1225 5023 Theodos.
1274 4965 1392 5020 libri
1421 4964 1513 5030 II;
1540 4966 1592 5020 5.
1636 4965 1712 5020 De
1745 4966 1930 5020 eadem
1973 4966 2044 5020 ad
2069 4983 2155 5020 re-

649 5082 724 5152 (a)
754 5082 862 5138 Sed
891 5081 1064 5136 libros
1086 5080 1177 5152 ΥΠ
1208 5079 1555 5152 deTrinitate
1592 5095 1764 5152 usque
1812 5079 1881 5152 ad
1921 5079 2048 5135 libr.
2083 5081 2154 5133 ad

578 5149 788 5223 reginas
815 5154 927 5223 jam
955 5152 1010 5206 in
1045 5151 1133 5206 ed.
1168 5167 1218 5205 a.
1274 5149 1671 5223 l528hreperiri
1713 5149 1876 5204 modo
1899 5158 2152 5223 annota-

578 5219 776 5277 viinus.
805 5219 1033 5292 Reliqua
1063 5221 1342 5292 opuscula
1358 5219 1570 5292 adjecta
1593 5228 1793 5292 suntet
1833 5220 2057 5292 collecta
2082 5219 2153 5292 _in

578 5303 712 5346 tom.
777 5293 876 5356 IV,
929 5289 1228 5360 interprete
1278 5289 1593 5361 Wolfgango
1639 5289 1877 5343 Musculo
1928 5298 2024 5344 aut
2067 5289 2151 5361 Io.

578 5361 895 5433 OEcolamp.
925 5359 1214 5433 Egemplar
1247 5359 1572 5432 hujus‘edit.
1607 5368 1692 5414 est
1716 5361 1775 5415 in
1815 5361 1952 5418 bibl.
1995 5359 2149 5416 acad.

579 5430 920 5502 Erlangensi.
954 5430 1117 5502 ligat.

648 5503 720 5586 (ᾇ)
746 5499 948 5586 Bonay.
983 5499 1298 5586 vulcanius,
1328 5500 1482 5586 praef;
1506 5500 1574 5586 ad
1605 5501 1900 5586 Arrianum
1931 5517 1980 5555 a.
2005 5501 2150 5586 ,1575

579 5571 786 5628 editum
813 5590 825 5626 :
855 5571 932 5626 Ne
954 5571 1068 5641 quis
1092 5586 1173 5622 me
1200 5571 1392 5624 temere
1412 5572 1482 5625 ad
1515 5572 1651 5625 hunc
1686 5581 1953 5626 auctorem
1982 5571 2153 5624 denuo

580 5645 889 5698 vertendum
921 5641 1196 5694 accessisse
1223 5641 1501 5704 existimet,
1528 5658 1650 5695 neve
1669 5644 1786 5711 quis
1821 5658 1902 5696 me
1925 5658 2009 5694 eos
2035 5641 2155 5695 imi-

581 5715 687 5768 tari
713 5714 1024 5784 suspicetur,
1055 5712 1291 5784 quicum
1324 5711 1473 5784 hodie
1498 5715 1683 5766 veteris
1711 5711 1937 5784 alicujus
1976 5720 2156 5784 aucto-

582 5785 655 5854 ris
687 5779 1006 5854 post'omnes
1055 5779 1560 5854 aliorumeditiones
1592 5779 1996 5854 recognitionem
2021 5781 2152 5854 pol-

583 5849 824 5919 liceatur,
876 5854 921 5906 si
949 5851 1228 5923 conferas,
1257 5849 1418 5904 nihilo
1457 5849 1824 5923 amplius'eos
1853 5849 2156 5923 prastitisse

581 5926 837 5992 reperias,
865 5920 1111 5994 quantis
1141 5922 1232 5992 qui
1259 5928 1393 5992 [ante
1437 5920 1717 5990 .bien‘nium
1757 5920 1944 5995 Cyrilli
1977 5923 2150 5993 Opera

2262 4792 2470 4865 Cyrilli,
2499 4796 2751 4848 hactenus
2781 4809 2814 4844 a
2865 4790 3042 4844 multis
3085 4788 3461 4842 desideratam.
3515 4788 3666 4842 Hanc
3720 4806 3854 4843 cum

2259 4877 2468 4955 frustra
2497 4888 2748 4940 hactenus
2789 4883 3010 4955 singulis
3053 4882 3431 4954 propemodum
3461 4882 3708 4935 nundinis
3743 4898 3854 4935 e1-

2263 4983 2598 5048 spectassem,
2633 4984 2681 5030 et
2699 4976 2820 5048 jam
2851 4990 3030 5030 coram
3067 4974 3289 5028 hominis
3333 4982 3543 5027 aetatem
3584 4972 3857 5027 valetudi-

2251 5090 2469 5146 Lutetia:
2505 5090 2685 5145 edidit.
2724 5089 2888 5158 Quem
2920 5089 3128 5160 quidem
3156 5095 3421 5142 auctorem
3440 5104 3568 5160 cum
3605 5104 3857 5160 summo—

2253 5176 2375 5232 pere
2411 5171 2719 5231 corruptum
2756 5159 3070 5232 habeamus,
3104 5174 3356 5232 nemoque
3402 5159 3512 5232 sit,
3550 5174 3613 5210 ea:
3662 5159 3858 5210 ortho-

2253 5228 2402 5302 doxis
2439 5228 2780 5302 scriptoribus
2802 5271 2814 5295 ,
2869 5231 2960 5300 qui
2979 5228 3226 5302 _majore_
3259 5228 3636 5302 recognitione
3671 5240 3857 5296 egeat,

2255 5300 2464 5354 nullum
2495 5297 2668 5354 tamen
2701 5301 2765 5354 ab
2804 5297 2988 5370 eo'qui
3017 5297 3134 5352 eum
3163 5297 3423 5370 edendum
3455 5300 3660 5352 curavit
3684 5338 3698 5360 ,
3717 5313 3859 5370 iver-

2255 5372 2375 5426 bum
2410 5372 2752 5426 immutatum
2787 5379 2882 5424 aut
2913 5369 3203 5424 correctum
3245 5369 3512 5429 invenias,
3548 5385 3667 5422 cum
3709 5369 3859 5421 inte-

2262 5443 2363 5495 rim
2401 5442 2444 5495 is
2472 5443 2651 5495 omnia
2683 5441 2949 5511 priorum_
2972 5439 3322 5511 interpretum
3342 5439 3578 5511 nomina
3603 5439 3857 5511 suppri-

2262 5519 2391 5582 mat,
2435 5507 2693 5582 totinsque
2730 5511 2899 5582 aperis
2932 5507 3141 5562 laudem
3185 5507 3428 5562 inaudita
3469 5508 3700 5577 quadam
3734 5508 3858 5560 im-

2252 5581 2501 5651 pudentia
2525 5581 2620 5635 sibi
2645 5581 2884 5651 vindicet.

2325 5651 2392 5722 (c)
2411 5652 2708 5706 Vulcanius
2733 5647 3323 5722 praefLadJArrianum,
3352 5647 3562 5722 editum
3582 5663 3636 5722 a1
3662 5647 3714 5722 ll
3733 5647 3811 5700 73
3840 5669 3854 5703 :

2253 5717 2492 5805 Seposito
2531 5738 2558 5775 e
2595 5717 2834 5805 inanibus
2863 5718 3084 5800 Cyrillo,
3113 5719 3198 5771 cui
3230 5717 3494 5780 vertendo,
3528 5725 3574 5770 et
3606 5717 3855 5805 {sifore}.

2254 5790 2336 5846 cui
2362 5791 2671 5862 castigando
2696 5791 2909 5862 longam
2932 5790 3056 5862 jam
3101 5804 3314 5862 cperam
3355 5802 3636 5862 navaram,
3675 5796 3855 5862 totum

2256 5880 2336 5918 me
2360 5855 2554 5927 maqna
2585 5861 2751 5916 animi
2773 5855 3054 5914 alacritate
3083 5855 3477 5918 adlArrianum
3499 5855 3741 5928 lcantuli.
