4120 6492
338 386 408 441 49
1570 394 1698 451 lim
1714 398 1851 449 ma
1890 400 1980 450 ex
2022 398 2358 452 raumuu.
3529 395 3594 447 t'ﬂ

336 519 560 573 nemque
599 503 864 572 perditam
909 504 1299 558 considerarent
1326 547 1338 570 ,
1378 508 1501 576 petii
1541 508 1604 560 ab
1641 525 1698 560 eo
1724 517 1779 562 ut
1811 508 1912 580 Cy—
1941 518 1984 573 Α
2015 510 2282 564 omittam.
2307 510 2520 565 Citalur
2549 510 2653 564 hoc
2684 509 2869 581 Cyrilli
2902 522 3039 579 opus
3072 507 3139 562 ab
3171 506 3385 561 Andrea
3403 506 3594 559 Samo-

337 594 521 648 rillum
547 594 787 650 Gracum
805 594 928 661 ﬁdei
955 610 1081 649 mea:
1119 596 1417 650 concederet
1456 614 1472 651 :
1509 614 1588 650 me
1616 614 1718 651 non
1742 598 1913 653 solum

338 700 556 754 operam
595 686 851 737 daturum
906 693 965 737 ut
996 688 1076 738 ’ρας
1126 687 1291 756 ipsius
1350 696 1467 741 voto
1502 688 1591 741 ille
1623 690 1679 742 in
1730 689 1914 759 vulgus

336 779 525 839 exiret,
552 776 646 829 sed
673 779 831 829 etiam
862 777 925 829 de
948 777 1135 831 codicis
1170 781 1336 848 pretio
1364 780 1463 849 ipsi
1495 780 1911 849 satisfacturum.

335 867 404 921 At
430 866 543 932 ille,
570 869 760 939 gratiis
803 881 897 939 pro
916 869 1077 938 ofﬁcio
1107 872 1259 935 actis,
1309 878 1517 924 tantum
1543 872 1711 925 adhuc
1726 873 1916 943 virium

335 958 431 1011 sibi
463 974 737 1028 superesse
780 960 973 1023 aiebat,
1020 968 1077 1012 ut
1106 962 1321 1031 ipsemet
1345 964 1606 1032 promisso
1652 979 1706 1017 se
1738 964 1913 1017 exsol-

335 1064 453 1101 vere
486 1058 679 1118 posset.
739 1050 909 1120 Usque
938 1050 1067 1104 adeo
1116 1068 1296 1105 verum
1340 1062 1434 1116 est,
1494 1054 1755 1107 neminem
1802 1071 1914 1108 esse

336 1149 446 1192 tam
470 1154 648 1193 senem
677 1143 767 1212 qui
796 1158 899 1194 non
930 1142 1043 1195 dico
1072 1143 1228 1207 diem,
1261 1144 1350 1196 sed
1394 1161 1557 1197 annos
1594 1148 1918 1216 supervivere

336 1248 486 1301 posse
515 1249 571 1286 se
599 1233 854 1304 desperet.
892 1233 1211 1305 Quanquam
1254 1245 1368 1290 erat
1399 1252 1501 1289 non
1541 1253 1690 1290 nemo
1720 1240 1775 1291 in
1804 1240 1915 1292 An-

333 1321 470 1394 glia,
501 1325 590 1394 qui
626 1324 690 1377 de
718 1326 855 1378 tanti
899 1326 1133 1379 thesauri
1168 1328 1489 1395 possessione
1516 1327 1793 1397 magniﬁce
1821 1346 1915 1399 po-

337 1415 442 1466 tius
481 1430 537 1467 se
552 1414 813 1483 jactasse,
850 1432 1012 1485 quam
1032 1431 1150 1468 vere
1184 1414 1470 1485 gloriatum
1490 1416 1649 1485 fuisse
1682 1418 1915 1487 afﬁrma-

336 1508 437 1555 ret.
474 1501 699 1557 Certum
742 1512 925 1558 tamen
959 1512 1042 1558 est
1070 1503 1396 1559 Vulcanium
1421 1521 1529 1559 non
1570 1505 1733 1561 modo
1762 1508 1917 1577 plura

335 1594 529 1665 Cyrilli
566 1594 780 1649 inedita
821 1595 1008 1651 Graece
1052 1597 1380 1668 possedisse,
1412 1600 1506 1654 sed
1533 1601 1700 1655 etiam
1726 1601 1917 1657 Latine

333 1687 572 1741 vertisse
627 1687 775 1741 haud
828 1702 1036 1757 pauca,
1077 1705 1309 1759 quorum
1382 1707 1510 1761 pars
1566 1692 1920 1750 bibliotheca:

336 1777 595 1833 Leidensi
625 1779 799 1851 legata
824 1779 901 1852 [et
935 1781 990 1834 in
1012 1781 1131 1837 Cat.
1155 1782 1276 1836 bibl.
1310 1783 1454 1837 Leid.
1479 1785 1625 1839 inter
1652 1784 1812 1841 codd.
1850 1802 1917 1841 ex

2016 608 2205 653 saleno
2264 599 2407 668 apud
2454 598 2800 654 Anastasium
2850 598 2906 652 in
2967 598 3215 669 llodcgo,
3271 611 3391 666 pag.
3451 594 3592 658 512,

2015 690 2303 759 Ephrasmo
2345 691 2690 745 Antiocheno
2740 690 2884 761 apud
2934 689 3188 745 Photium
3226 689 3347 743 cod.
3385 698 3592 752 ccxxxx,

2016 780 2244 834 Leontio
2288 780 2412 853 Byz.
2468 782 2523 834 in
2567 782 2879 851 Eutychen;
2919 781 2987 834 ab
3045 780 3334 835 Anastasio
3388 778 3594 833 Sinaita

2016 878 2208 938 quiest.
2233 870 2321 933 20,
2344 869 2411 924 59
2445 878 2499 925 et
2532 870 2618 935 57;
2652 871 2860 925 Joanne
2880 870 3214 924 Damasceno
3234 869 3310 923 De
3334 868 3591 941 Trisagio,

2018 970 2150 1014 tom.
2188 961 2208 1015 l
2242 960 2406 1031 Opp.,
2434 977 2488 1030 p.
2528 948 2651 1025 400,
2680 968 2736 1015 et
2777 961 2833 1014 in
2864 960 3172 1025 Parallelis,
3198 968 3331 1015 tom.
3363 961 3428 1025 II,
3469 978 3591 1032 pag.

2017 1052 2141 1115 561,
2172 1060 2227 1106 et
2265 1067 2296 1106 a
2336 1061 2654 1106 catenarum
2688 1052 3007 1106 auctoribus
3048 1053 3101 1105 in
3138 1052 3590 1107 Pentateuchum.

2018 1142 2262 1198 Meminit
2281 1152 2336 1198 et
2354 1142 2717 1212 Nicephorus,
2739 1159 2847 1208 xw,
2864 1144 2950 1208 11,
2975 1159 3039 1199 ac
3056 1143 3284 1199 Photius
3304 1145 3425 1199 cod.
3447 1161 3591 1211 xux;

2018 1234 2391 1307 Cyrillusipse
2429 1236 2531 1290 sub
2558 1236 2776 1290 initium
2821 1236 2930 1288 τῶν
2972 1236 3291 1308 Γλαφυρῶν,
3322 1253 3376 1307 p.
3417 1236 3453 1290 2
3496 1235 3590 1309 (b).

2019 1327 2077 1381 ln
2106 1328 2348 1397 antiquis
2376 1327 2585 1382 Latinis
2612 1327 2948 1382 editionibus
2978 1327 3353 1382 tantummodo
3387 1327 3595 1397 primus

2020 1414 2184 1485 hujus
2230 1416 2411 1485 operis
2439 1416 2582 1471 liber
2618 1432 2686 1470 ex
2720 1416 2825 1471 alia
2870 1417 3324 1487 interpretatione
3372 1416 3590 1486 legitur,

2021 1519 2143 1573 qua:
2176 1504 2371 1575 incipit
2404 1523 2415 1557 :
2452 1504 2912 1577 Supervacaneum
2944 1507 3131 1577 opinor
3174 1522 3364 1577 rogare
3413 1520 3475 1559 ex
3522 1514 3589 1559 te.

2020 1594 2207 1649 Graeca
2248 1595 2526 1652 Aubcrtus
2582 1598 2923 1668 deprompsit
2988 1613 3019 1653 e
3077 1597 3265 1652 codice
3322 1596 3592 1662 Vulcanii,

2021 1698 2182 1754 quem
2226 1685 2575 1742 bibliotheca:
2615 1686 2873 1743 Leidensi
2904 1688 2996 1743 ille
3033 1687 3306 1758 legaverat
3329 1684 3421 1756 (c),
3442 1694 3497 1739 et
3527 1700 3595 1741 ex

2024 1776 2195 1831 altero
2223 1774 2439 1842 Harlaai,
2496 1777 2875 1835 Macloviensis
2923 1778 3187 1849 episcopi,
3241 1777 3400 1847 cujus
3433 1776 3598 1831 varia

333 1870 517 1939 legato
579 1870 830 1925 Vulcanii
889 1872 1131 1944 laudata]
1200 1874 1367 1928 etiam
1430 1873 1662 1931 Aubcru
1722 1876 1913 1933 usibus
1945 1863 1987 1918 Β
2020 1867 2284 1925 lectiones
2309 1878 2432 1938 post
2460 1878 2618 1924 notas
2652 1868 2845 1940 Agellii
2886 1869 2943 1923 in
2976 1867 3120 1923 calce
3159 1864 3454 1922 voluminis
3495 1879 3591 1919 oo-

334 1960 538 2016 deinde
562 1963 762 2031 patuit.

407 2051 459 2105 2.
502 2051 786 2108 Frontonis
810 2054 1010 2120 Durati,
1042 2055 1109 2111 de
1133 2072 1243 2127 quo
1264 2056 1505 2114 Iacobus
1524 2059 1844 2117 Sirmondus
1860 2060 1917 2116 in

333 2142 537 2198 litteris
568 2145 637 2199 ad
667 2146 1052 2202 Sebastianum
1088 2148 1474 2221 Tegnagelium
1505 2152 1645 2207 datis
1680 2169 1737 2207 ιιι
1774 2153 1911 2207 Νοιι.

330 2231 484 2301 Sept.
514 2234 648 2289 1696
678 2235 776 2289 :In
806 2236 1347 2294 bibliothecaPatrum
1369 2240 1765 2297 Graeco-Latina
1789 2243 1916 2298 duo-

328 2322 425 2376 bus
442 2324 792 2381 uoluminibus
813 2336 1181 2401 comprehensa
1205 2333 1356 2386 desiit
1374 2336 1399 2386 ὁ
1417 2336 1743 2406 μακαρίτης,
1762 2338 1850 2406 qui
1866 2345 1913 2390 et

328 2414 465 2478 alia,
482 2426 539 2469 ut
556 2420 714 2482 nosti,
730 2422 1106 2489 meditabatur,
1120 2424 1490 2495 Nicephorum,
1518 2427 1909 2493 Theodoretum,

328 2503 615 2574 Cyrillum,
669 2507 822 2562 Alex.
862 2518 910 2568 et
940 2510 1099 2565 biblia
1135 2513 1562 2569 Crazco-Latina.
1597 2517 1680 2571 Ea:
1724 2520 1911 2589 quibus

326 2592 684 2671 Nicephorum
708 2596 867 2668 plane
895 2599 1212 2667 absolverat,
1240 2603 1616 2663 Theodoretum
1639 2624 1834 2678 magna
1851 2624 1913 2662 ea:

321 2691 485 2754 parte
511 2690 803 2758 confectum
835 2692 1075 2747 habebat.
1115 2694 1266 2759 Quod
1298 2698 1494 2763 deerat,
1525 2700 1766 2771 supplere
1804 2703 1913 2772 ipse

324 2780 557 2832 institui.
588 2781 671 2834 Ad
698 2780 957 2852 Cyrillum
1002 2788 1252 2856 pauciora
1297 2788 1617 2858 collegerat,
1648 2808 1764 2862 quce
1794 2795 1911 2845 usui

325 2876 511 2923 tamen
539 2887 648 2925 esse
670 2875 889 2943 possint,
924 2877 1103 2946 siquis
1142 2879 1238 2931 huc
1272 2879 1561 2950 aliquando
1591 2882 1659 2934 ad
1691 2899 1806 2935 eam
1824 2900 1912 2936 cu-

329 2976 452 3013 ram
480 2963 721 3015 animum
754 2965 984 3033 adjiciet.
1016 2965 1226 3038 [Cyrilli
1268 2967 1445 3039 Opera
1470 2970 1559 3024 vix
1595 2971 1756 3042 digna
1787 2988 1907 3028 esse

323 3067 452 3119 quas
476 3051 749 3123 legantur,
782 3056 990 3125 judicat
1024 3058 1100 3112 La
1128 3058 1299 3113 Croze
1337 3058 1476 3115 Hist.
1505 3059 1698 3116 Christ.
1722 3061 1906 3120 ludite.

320 3142 429 3196 lib.
460 3160 499 3205 ι,
521 3160 644 3214 pag.
674 3144 757 3199 16.
781 3145 951 3202 “eum.
980 3146 1063 3219 [In
1086 3148 1269 3203 Bibliis
1294 3153 1460 3205 sacris
1480 3151 1704 3206 multum
1725 3153 1908 3207 etdili-

324 3243 513 3303 genter
544 3235 838 3301 laborarat,
860 3255 1126 3309 unumque
1141 3242 1233 3294 hoc
1251 3258 1379 3312 opus
1402 3259 1512 3313 pra:
1532 3245 1733 3297 ca'teris
1753 3258 1908 3314 urge—

323 3325 438 3377 bat.
465 3324 568 3378 Sed
589 3343 771 3380 vereor
801 3336 858 3382 ut
882 3330 935 3381 in
962 3340 1228 3399 posterum
1250 3349 1466 3402 sperare
1497 3332 1672 3395 liceat,
1699 3343 1910 3404 propter

324 3432 522 3469 novam
556 3417 833 3471 editionem
876 3418 1359 3486 Graeco-Latinam,
1406 3440 1523 3492 qua:
1556 3424 1638 3476 hic
1664 3425 1785 3494 jam
1822 3426 1909 3477 in-

321 3507 520 3560 choata
554 3518 651 3573 est,
695 3519 935 3575 curante,
971 3519 1024 3563 ut
1057 3512 1235 3575 audio,
1257 3513 1342 3567 Jo.
1375 3513 1605 3582 Marino,
1634 3533 1660 3570 e
1684 3533 1906 3589 congre-

324 3601 545 3669 gatione
571 3598 828 3666 Oratorii,
860 3606 971 3657 viro
1001 3606 1171 3670 docto,
1204 3616 1310 3661 etc.
1632 3594 1643 3603 ’

393 3690 445 3743 5.
490 3689 723 3746 Conradi
759 3694 1095 3751 Rittershusii
1120 3737 1133 3759 ,
1187 3697 1254 3751 de
1288 3712 1398 3767 quo
1443 3697 1566 3753 vide
1610 3700 1770 3769 epist.
1808 3700 1911 3755 552

322 3791 388 3836 et
410 3782 515 3836 555
550 3783 697 3838 inter
740 3786 999 3855 epistolas
1045 3788 1290 3842 virorum
1337 3787 1622 3844 doctorum
1664 3790 1731 3844 ad
1779 3790 1909 3845 Gol-

324 3873 571 3939 dastutn,
608 3876 788 3931 editas
806 3892 836 3932 e
862 3878 1197 3936 bibliotheca
1224 3881 1512 3937 clarissimi
1553 3881 1905 3937 Thulemarii.

400 3965 451 4018 4.
496 3966 945 4024 Dissertationem
987 3970 1055 4026 de
1102 3974 1323 4042 scriptis
1368 3972 1551 4044 Cyrilli
1586 3974 1737 4027 Alex.
1780 3990 1907 4044 pro-

323 4056 481 4110 misit
508 4057 593 4111 .10.
636 4057 945 4133 ‘Garnerius
989 4062 1055 4117 ad
1090 4063 1321 4118 Marium
1363 4064 1740 4128 Mercatorem,
1776 4074 1905 4121 tom.

326 4147 399 4208 II.
438 4165 491 4217 p.
516 4148 604 4201 45.

366 4238 452 4292 IV.
488 4238 551 4291 In
584 4239 808 4293 editione
836 4240 1243 4297 Greco—Latina
1276 4244 1450 4299 Paris.
1496 4247 1871 4303 continentur:

400 4327 574 4381 Tomo
603 4327 731 4383 I.—--
751 4336 821 4384 a'.
854 4332 988 4401 Περὶ
1010 4332 1107 4403 τῆς
1129 4335 1185 4384 ἐν
1221 4334 1491 4403 πνεύματι
1543 4336 1637 4388 καὶ
1683 4337 1910 4410 ἀληθείᾳ

324 4421 754 4488 προσκυνήσεως
778 4422 868 4473 καὶ
909 4422 1182 4494 λατρείας,
1217 4424 1293 4478 De
1319 4425 1625 4480 adoratione
1669 4438 1717 4481 et
1765 4430 1907 4484 cultu

2020 1971 2267 2016 currunt.
2308 1960 2466 2015 ann.
2500 1992 2569 2001 ——
2614 1960 2764 2015 Libri
2802 1961 3013 2031 priores
3053 1964 3267 2013 exstant
3326 1956 3500 2013 Oxon.
3534 1954 3590 2012 in

2019 2053 2141 2109 cod.
2166 2054 2385 2109 Barocc.
2411 2071 2466 2108 ιι.
2499 2054 2595 2108 291
2626 2053 2796 2107 Catal.
2832 2084 2902 2092 —
2940 2052 2998 2106 ln
3026 2051 3189 2107 codd.
3226 2050 3403 2105 Vatic.
3446 2050 3591 2105 etde

2019 2145 2231 2217 Harlay,
2292 2146 2668 2201 Maeloviensis
2718 2145 2775 2199 in
2824 2144 2996 2199 Gallia
3034 2142 3296 2214 episcopi.
3345 2173 3414 2182 —-
3443 2142 3587 2197 Num

2018 2254 2155 2308 opus
2182 2239 2252 2293 sit
2285 2237 2468 2309 Cyrilli
2491 2239 2807 2309 genuinum,
2844 2236 3102 2307 disputat,
3134 2243 3188 2289 et
3210 2242 3398 2290 contra
3420 2233 3587 2289 Rite-

2018 2337 2131 2383 tum
2155 2330 2351 2384 asserit
2378 2327 2578 2401 Cyrillo
2603 2327 2805 2384 Oudin.
2841 2329 2879 2382 l.
2914 2342 2986 2392 c.,
3024 2343 3077 2398 p.
3114 2326 3250 2382 1015
3277 2342 3396 2397 sqq.
3417 2325 3584 2380 Ηλιιι..

2088 2420 2152 2490 β’.
2187 2420 2445 2491 Γλαφυρά
2503 2420 2616 2475 sive
2664 2421 2794 2474 scita
2844 2417 3223 2472 commentaria
3276 2418 3587 2488 (allegorica

2014 2525 2263 2581 magnam
2298 2519 2510 2583 partem
2538 2518 2593 2566 et
2613 2510 2928 2582 anagogica)
2959 2511 3013 2563 in
3047 2510 3159 2563 loca
3174 2507 3364 2562 selecto
3392 2507 3588 2563 Penta-

2016 2602 2183 2655 teuchi
2207 2642 2220 2665 ,
2277 2600 2432 2656 Tomi
2478 2609 2631 2670 parte
2677 2616 2753 2665 ιι,
2800 2617 2857 2670 p.
2903 2599 3083 2654 1-435.
3149 2598 3285 2654 Cum
3334 2598 3586 2653 versione

2015 2691 2245 2747 Andreae
2267 2691 2499 2753 Schotti.
2538 2692 2593 2747 S.
2635 2693 2682 2747 J.
2726 2692 2785 2746 In
2810 2691 3047 2747 Genesin
3088 2690 3186 2745 lib.
3220 2690 3330 2754 Vll,
3364 2688 3418 2744 in
3445 2690 3587 2744 Exo-

2014 2784 2143 2837 dum
2172 2783 2274 2839 lib.
2309 2784 2400 2848 lll,
2446 2785 2501 2838 in
2535 2783 2842 2837 Leviticum
2888 2782 2930 2845 1,
2978 2782 3036 2835 in
3067 2781 3339 2836 Numeros
3364 2780 3406 2845 1,
3441 2788 3497 2835 et
3525 2780 3584 2834 in

2013 2875 2497 2929 Deutcronomium
2530 2875 2570 2929 1.
2606 2874 2719 2929 lloc
2748 2889 2886 2944 opus
2916 2890 2944 2928 a
2969 2873 3248 2928 veteribus
3272 2872 3588 2943 frequenter

2012 2965 2263 3020 laudatur
2296 2965 2392 3036 (d).
2422 2966 2611 3023 Latine
2632 2967 2868 3037 primum
2891 2966 3069 3020 lucem
3098 2965 3236 3020 vidit
3265 2979 3331 3018 ex
3356 2964 3585 3019 Andreae

2012 3056 2222 3111 Schotti
2268 3058 2517 3111 versione
2569 3058 2623 3110 in
2670 3057 2862 3111 Latina
2901 3054 3140 3124 Operum
3192 3054 3381 3127 Cyrilli
3427 3054 3582 3108 Pari-

2014 3149 2179 3205 siensi
2208 3149 2335 3203 anni
2373 3150 2529 3203 1605.
2572 3149 2781 3203 Deinde
2826 3164 2952 3202 cum
3007 3146 3354 3202 sermonibus
3394 3146 3583 3217 Cyrilli

2014 3238 2360 3308 paschalibus
2404 3240 2472 3293 ab
2512 3238 2705 3293 eodem
2762 3237 2988 3293 Schotto
3043 3237 3228 3292 Grazce
3285 3246 3339 3291 et
3391 3236 3583 3291 Latine

2011 3329 2347 3398 publicatum
2391 3336 2475 3383 est
2517 3329 2783 3399 Antuerp.
2811 3327 2966 3392 1618,
3008 3326 3102 3382 fol.
3147 3327 3425 3383 Aubertus
3457 3338 3583 3382 cum

2011 3420 2222 3475 Schotti
2269 3420 2511 3475 editione
2557 3420 2803 3474 codicem
2839 3418 3035 3475 Harlzei
3086 3417 3337 3481 contulit,
3389 3416 3583 3471 lectio-

2010 3527 2250 3580 numque
2280 3511 2573 3565 varietates
2609 3509 2665 3563 in
2697 3519 2942 3564 extremo
2974 3508 3253 3563 volumine
3282 3506 3579 3561 annotavit.

2011 3602 2091 3656 Ex
2120 3602 2415 3672 Nicephori
2462 3619 2572 3666 XIV,
2627 3601 2713 3665 14,
2767 3601 3086 3671 suspiceris,
3127 3598 3391 3670 Cyrillum
3435 3599 3583 3669 ejus-

2010 3694 2156 3747 modi
2192 3693 2482 3760 Γλαρυρὰ
2510 3692 2883 3762 composuisse
2927 3704 3037 3744 non
3064 3698 3275 3744 tantum
3305 3689 3358 3743 in
3389 3689 3585 3743 Penta-

2013 3784 2292 3847 teuchum,
2343 3784 2438 3837 sed
2482 3784 2537 3838 in
2575 3784 2746 3838 libros
2779 3782 3066 3836 universos
3121 3780 3338 3835 Veteris
3390 3779 3581 3834 Testa-

2011 3878 2179 3932 menti
2203 3876 2294 3945 (e),
2322 3876 2402 3928 Τὰ
2441 3875 2730 3943 Γλαφυρὰ
2755 3872 2823 3926 τὰ
2850 3874 2950 3942 τῆς
2982 3872 3222 3935 “alata;
3244 3870 3464 3942 Γραφῆς
3493 3887 3585 3923 τυ-

2009 3970 2313 4040 πικῶςεῐρη
2325 3969 2456 4040 μένα
2479 3968 2556 4031 εἰς
2577 3966 2808 4035 Χριστὸν
2830 3967 2921 4018 καὶ
2941 3966 3037 4035 τὴν
3059 3964 3177 4018 καθ’
3199 3966 3231 4036 ἡ
3241 3964 3344 4033 μᾶς
3358 3961 3584 4033 Ἐκκλη-

2012 4061 2134 4114 σίαν
2168 4062 2402 4127 ἀνάγων.
2462 4059 2518 4114 In
2576 4058 2812 4114 Genesin
2858 4056 3130 4129 Glaphyro
3193 4055 3379 4127 Cyrilli
3413 4057 3580 4109 vertit

2010 4151 2330 4207 Ambrosius
2378 4149 2832 4213 Camaldulensis,
2876 4156 2932 4205 et
2986 4150 3149 4205 edere
3206 4149 3397 4213 voluit,
3446 4156 3582 4202 teste

2011 4242 2164 4299 Sixto
2211 4243 2460 4307 Senensi,
2499 4241 2643 4312 quod
2694 4241 2897 4305 facere,
2934 4241 3122 4295 nescio
3148 4256 3252 4310 qua
3296 4240 3363 4294 de
3392 4255 3577 4303 causa,

2016 4334 2331 4390 intermisit.
2361 4334 2521 4388 Faue.
2548 4363 2616 4372 -—
2654 4331 2836 4387 Leidas
2857 4332 2915 4386 in
2946 4332 3082 4385 bibl.
3112 4331 3264 4399 pub],
3299 4346 3420 4400 pag.
3454 4330 3577 4393 545,

2011 4442 2067 4480 n.
2119 4424 2203 4488 15,
2237 4424 2366 4477 inte:
2423 4420 2669 4474 Vulcanii
2713 4419 2871 4474 codd.
2917 4418 3105 4489 Cyrilli
3140 4420 3440 4474 Dissertatt.
3488 4436 3578 4474 ar-

323 4514 383 4565 in
418 4514 609 4582 spiritu
641 4522 689 4565 et
712 4515 948 4577 veritate,
984 4516 1097 4569 sive
1129 4517 1195 4571 de
1232 4516 1425 4572 ciliciis
1466 4518 1769 4575 Christiani
1798 4522 1898 4575 ho-
1940 4534 1980 4587 ι)
2011 4534 2157 4573 canae
2182 4517 2237 4569 in
2266 4514 2522 4578 Genesin,
2568 4513 2781 4567 Latine.
2830 4510 3007 4565 Nicol.
3055 4511 3399 4575 Drumezius,
3440 4514 3580 4568 Bru-

324 4604 495 4657 minis
514 4619 646 4674 erga
678 4603 873 4669 Deum,
904 4606 1032 4660 libri
1056 4606 1221 4671 XVII,
1256 4609 1457 4680 dialogi
1485 4626 1637 4664 more
1686 4611 1902 4681 scripti,

326 4694 606 4763 inquibus
631 4694 907 4751 Palladius
941 4707 999 4751 et
1035 4697 1272 4769 Cyrillus
1314 4701 1720 4770 colloquuntur.
1749 4701 1808 4755 P.
1845 4702 1906 4755 1-

323 4784 448 4839 651.
476 4784 615 4839 Cum
648 4786 903 4840 versione
934 4786 1157 4841 Antonii
1185 4788 1379 4858 Agellii
1416 4788 1515 4858 (a),
1538 4789 1905 4859 Neapolitani,

322 4877 770 4948 congregationis
813 4876 1151 4934 Clericorum
1187 4880 1535 4949 Regularium
1576 4881 1906 4953 presbyteri,

324 4985 448 5039 quae
493 4970 735 5039 primum
776 4970 1051 5041 Lugduni,
1094 4972 1189 5025 sed
1230 4972 1412 5026 minus
1450 4973 1739 5029 emendate
1774 4974 1907 5028 1587

325 5061 381 5115 in
410 5063 466 5126 «ι,
498 5062 701 5118 deinde
751 5065 1063 5118 accuratius
1097 5065 1303 5127 Romae,
1350 5064 1507 5128 1588,
1542 5066 1658 5128 fol.,
1707 5081 1906 5121 excusa

323 5158 526 5219 fuerat,
561 5164 622 5209 ut
654 5155 902 5209 Latinam
945 5155 1245 5211 editionem
1297 5156 1558 5210 Venetam
1606 5159 1732 5212 anni
1772 5160 1908 5215 16οι1

400 5269 478 5338 (a)
528 5268 746 5321 Laudat
788 5268 938 5323 hunc
968 5267 1235 5340 Agellium
1280 5268 1478 5323 Petrus
1531 5267 1795 5334 Morinos,
1848 5286 1903 5339 p.

325 5339 427 5393 5H
467 5354 659 5393 onusc.

467 5354 659 5392 ODUSC.

399 5409 471 5479 (ὁ)
494 5407 739 5479 Agellius
764 5408 819 5462 in
855 5407 1120 5463 admonit.
1156 5408 1227 5479 ad
1266 5410 1527 5465 lectorem
1564 5409 1710 5463 :Hos
1756 5408 1910 5462 libros

326 5478 446 5532 cum
488 5478 809 5550 Lugdunum
848 5478 1222 5550 imprimendos
1250 5481 1541 5543 'misissem,
1595 5479 1725 5532 adeo
1772 5479 1913 5532 male

331 5566 434 5602 non
466 5550 621 5601 modo
649 5548 997 5620 imprimentis
1024 5548 1363 5620 negligentia,
1404 5566 1583 5604 verum
1617 5551 1773 5602 etiam
1794 5566 1911 5602 cor-

333 5620 547 5689 rigentis
577 5617 737 5689 culpa
776 5620 971 5689 accepti
1006 5617 1241 5689 fuerunt,
1279 5627 1336 5672 ut
1376 5620 1911 5683 innumeris,mendis

335 5636 547 5740 rigentis
577 5636 737 5689 cutpa
776 5636 971 5688 accepti
1006 5636 1241 5689 luerunt,
1279 5636 1336 5672 ut
1376 5636 1911 5683 mnunteris,menais

335 5706 366 5757 p
418 5690 489 5749 ni,
530 5695 601 5759 et,
647 5688 785 5759 quod
833 5690 959 5742 mihi
1004 5688 1271 5742 molestius
1305 5690 1425 5759 fuit,
1464 5688 1912 5743 annotatiunculis

338 5756 667 5830 marginibus
698 5756 891 5830 additis
944 5760 1165 5829 respersi
1206 5756 1396 5821 essent,
1437 5776 1569 5828 quas
1610 5774 1774 5830 neque
1820 5776 1911 5830 ego

338 5828 603 5893 miseram,
638 5844 804 5899 neque
831 5828 1053 5898 feceram
1088 5846 1104 5881 :
1146 5839 1192 5883 et
1220 5831 1294 5884 ita
1339 5832 1528 5902 inepta:
1580 5837 1630 5883 et
1669 5828 1911 5885 absurda:

2004 4610 2206 4681 gensis,
2239 4608 2484 4662 Latinam
2502 4605 2810 4659 versionem
2839 4603 3039 4675 adjecit
3059 4612 3115 4658 et
3147 4613 3412 4659 annotatt.
3441 4606 3578 4661 Ibid.

2005 4718 2126 4773 pag.
2164 4700 2285 4763 102,
2318 4716 2375 4752 ιι.
2406 4699 2459 4762 9,
2496 4696 2601 4752 1οοὶ
2640 4712 2808 4751 sacrae
2842 4695 3118 4767 Scripuras
3146 4697 3240 4766 qui
3274 4711 3582 4750 memoran-

2007 4801 2096 4848 tur
2151 4810 2180 4847 a
2233 4791 2435 4863 Cyrillo
2481 4790 2713 4860 aliisque
2770 4788 3026 4843 Patribus
3061 4787 3152 4843 Gr.
3202 4817 3272 4827 —-
3321 4786 3581 4840 Monachii

2008 4885 2063 4939 in
2122 4885 2257 4938 bibl.
2299 4883 2522 4938 clector.
2575 4882 2697 4935 cod.
2754 4879 2958 4943 XVIII,
3019 4878 3141 4950 Cyr.
3183 4878 3332 4933 Alex.
3386 4879 3439 4929 in
3478 4877 3578 4932 Ge-

2016 4980 2159 5032 nesin
2185 5019 2198 5041 ,
2249 4976 2489 5031 Emodum
2514 5016 2528 5038 ,
2565 4974 2865 5037 Leviticum,
2911 4972 3165 5026 Numeros
3191 5010 3204 5031 ,
3252 4969 3571 5022 Deuterono-

2015 5071 2199 5123 mium.
2236 5067 2291 5119 V.
2326 5066 2445 5120 Cat.
2482 5066 2628 5119 codd.
2663 5064 2883 5124 Bavar.,
2914 5078 2966 5131 p.
3006 5059 3499 5115 5.—Vindobon:e
3525 5060 3578 5114 in

2014 5158 2147 5212 bibl.
2183 5155 2431 5210 Caesarea
2467 5154 2588 5213 cod.
2627 5153 2780 5216 LVII,
2810 5169 2865 5207 n.
2902 5149 3156 5204 104-107.
3185 5150 3493 5205 Comment.
3522 5152 3575 5204 in

2012 5277 2184 5331 erant,
2220 5277 2276 5319 ut
2322 5265 2513 5319 alicubi
2554 5280 2618 5317 ne
2664 5263 2890 5316 auctoris
2932 5259 3139 5329 quidem
3175 5263 3492 5317 sanctissimi
3533 5272 3578 5317 ct

2014 5338 2351 5392 eruditissimi
2381 5336 2476 5387 viri
2508 5334 2706 5387 nomini
2740 5339 3032 5402 parcerent.

2083 5407 2151 5478 (c)
2175 5408 2238 5461 V.
2273 5405 2391 5460 Cat.
2416 5404 2537 5457 bibl.
2569 5400 2815 5471 Leid.,'p.
2846 5401 2969 5465 544,
3002 5417 3057 5455 ιι.
3093 5400 3159 5455 10
3180 5410 3235 5457 et
3261 5401 3345 5467 ll,
3368 5413 3424 5457 et
3456 5418 3558 5475 pag

2011 5478 2211 5532 545.11.
2243 5476 2314 5530 25
2335 5490 2398 5529 ac
2428 5475 2516 5528 26.
2559 5472 2725 5525 IIARL.

2011 5490 2136 5541 545,
2155 5494 2211 5531 ῐι.
2243 5490 2314 5530 ‘zo
2335 5490 2398 5529 ac
2428 5490 2516 5528 zo.
2560 5490 2725 5525 nam.

2105 5540 2158 5617 d)
2198 5546 2337 5617 Vide
2361 5544 2673 5617 Tillemont.
2703 5552 2833 5595 tom.
2866 5540 3006 5617 XIV,
3039 5557 3092 5617 p.
3122 5542 3243 5596 672.

2104 5611 2150 5686 ei
2180 5615 2562 5686 Cassiodorus,
2587 5613 2641 5666 iu
2662 5613 2927 5686 ριόσιειιιὶο
2946 5611 3256 5666 Divinarum
3283 5612 3577 5686 lectionum,

2008 5682 2274 5758 Cyrillum
2295 5686 2465 5758 refert
2482 5684 2747 5758 inter_eos
2772 5682 2865 5758 qu_i
2888 5690 3054 5736 totam
3094 5689 3305 5737 sacram
3336 5682 3583 5758 Scripta-

1996 5752 2127 5811 ram
2155 5775 2184 5813 ει
2223 5756 2493 5828 principio
2520 5754 2587 5809 ad
2615 5752 3007 5810 ﬁnem'Graeco
3046 5767 3297 5809 sermone
3329 5752 3579 5825 declara-

2011 5836 2159 5883 runt.
