4120 6532
521 373 587 432 51
1745 372 2029 428 NOTITIA
2067 374 2161 430 EX
2199 374 2545 430 FABRICIO-
3723 368 3793 419 52

521 489 773 555 Genesin,
807 488 937 544 libri
966 488 1054 554 III,
1102 489 1157 542 in
1202 487 1471 551 Exedunt,
1541 485 1754 540 divisus
1801 487 1857 540 in
1898 486 1943 542 ν
1964 503 2085 542 ser-
2126 494 2172 550 Α
2200 488 2460 559 auSpiciis
2490 487 2660 542 Marci
2680 483 2907 547 Velseri,
2939 483 3033 552 qui
3059 482 3115 536 in
3144 479 3380 552 epistola
3404 477 3480 550 (a)
3505 475 3574 532 ad
3595 477 3795 532 Vulca-

521 597 739 648 mones;
780 582 836 636 in
864 579 1142 645 Numeros,
1191 579 1401 634 divisus
1453 577 1510 631 in
1551 577 1594 632 ν
1636 593 1827 642 serm.,
1860 580 1914 632 in
1951 576 2098 632 Deu-

521 683 712 737 teron.,
744 673 800 727 in
826 672 1054 728 totidem
1080 686 1322 726 sermon.
1351 669 1582 724 divisus.
1619 670 1683 724 V.
1720 669 1981 724 Lambec.
2008 669 2098 733 Ill,

522 779 644 834 pag.
681 763 787 817 249
839 779 920 833 sq.
970 793 1041 802 —
1065 763 1124 817 In
1155 761 1291 816 bibl.
1334 760 1570 825 Bodlei.,
1603 760 1726 816 cod.
1765 759 2100 825 Cromwell.,

522 873 576 910 n.
607 856 732 921 294,
787 855 930 920 Cat.,
959 854 1146 926 Cyrill.
1191 856 1247 908 in
1285 856 1506 926 quwsita
1556 863 1607 908 et
1641 855 1799 909 dubia
1847 853 1906 909 S.
1957 852 2098 908 Scri-

521 959 735 1019 ptum;
766 948 863 1003 sed
890 947 1171 1004 confector
1207 944 1328 1002 Cat.
1363 947 1513 1000 codd.
1546 945 1774 1018 Anglia,
1810 955 1943 1010 etc.,
1975 945 2015 1010 1,
2047 961 2100 1015 p.

522 1038 611 1104 44,
673 1040 827 1094 addit
865 1058 878 1092 :
925 1058 943 1089 ι
971 1038 1231 1094 Continet
1281 1047 1464 1094 autem
1524 1055 1715 1095 revera
1741 1038 2102 1102 Theodoreti,

522 1130 691 1200 episc.
739 1128 891 1200 Cyri,
957 1127 1280 1193 Quasliones
1327 1130 1384 1183 in
1433 1128 1683 1184 Cenesin.
1734 1146 1752 1178 ι
1809 1127 1989 1197 Atque
2045 1126 2103 1180 in

523 1217 644 1274 cod.
671 1218 912 1273 Floreat.
943 1217 1204 1272 Laurent.
1244 1217 1390 1280 XIX,
1420 1233 1478 1272 n.
1515 1216 1601 1281 10,
1635 1216 1773 1286 plut.
1819 1216 1873 1281 6,
1922 1215 2106 1270 Theo-

523 1309 700 1364 doreti
729 1308 1136 1376 Quaestionibus
1183 1310 1239 1364 in
1283 1311 1403 1365 loca
1451 1309 1621 1364 dubia
1651 1309 1709 1364 S.
1763 1309 1821 1363 S.
1876 1309 2112 1363 interse-

526 1409 725 1456 runtur
750 1409 988 1470 quatuor
1015 1399 1202 1472 Cyrilli
1231 1415 1429 1455 comm.
1455 1401 1511 1455 in
1535 1400 1808 1455 Numeros
1828 1399 2106 1469 fragmm.,

526 1492 853 1548 observante
872 1492 1102 1548 Bandin.
1125 1492 1182 1546 in
1215 1491 1336 1548 Cat.
1366 1493 1516 1548 codd.
1549 1492 1642 1549 Gr.
1669 1491 1945 1556 Laurent.,
1974 1492 2017 1557 l,
2049 1507 2108 1561 p.

527 1585 628 1638 157
662 1600 745 1654 sq.
776 1614 848 1624 —
878 1582 1053 1642 Oxon.
1089 1581 1146 1638 in
1168 1583 1306 1638 bibl.
1333 1583 1549 1654 collegii
1578 1581 2002 1645 Lincolniensis,
2047 1597 2106 1635 n.

528 1675 665 1730 1540
697 1674 840 1740 Cat.,
871 1673 998 1746 Cyr.
1028 1691 1158 1746 opus
1200 1690 1357 1744 super
1403 1673 1644 1729 Genesin.
1674 1704 1747 1713 —
1778 1671 2022 1727 Venetiis
2052 1670 2110 1725 in

529 1767 690 1824 codd.
731 1767 944 1822 DXXIII
977 1767 1111 1821 bibl.
1143 1765 1332 1830 Marc,
1364 1764 1490 1837 Cyr.
1524 1780 1654 1836 pars
1689 1765 1878 1835 operis
1911 1764 2109 1820 inscri-

2210 584 2363 638 nium
2385 625 2399 649 ,
2430 598 2480 636 a.
2512 581 2642 638 1601
2688 579 2836 643 data,
2875 577 3010 649 Ego,
3053 593 3117 630 ne
3149 575 3369 638 nescias,
3403 571 3603 643 inquit,
3653 572 3794 627 inter

2210 678 2407 748 primos
2442 673 2630 745 Cyrilli
2666 679 2933 728 amatores
2975 685 3164 723 nomen
3191 665 3458 738 'proﬁteor
3480 683 3498 720 :
3537 663 3686 735 cujus
3715 665 3794 720 rei

2210 769 2330 821 hinc
2374 767 2733 836 conjecturam
2763 764 2944 834 capias
2995 762 3133 826 licet,
3180 759 3318 830 quod
3369 761 3538 812 amico
3584 757 3793 811 cuidam

2211 875 2346 920 meo,
2383 858 2581 911 homini
2615 856 2792 913 Gratce
2825 863 2874 908 et
2909 853 3100 908 Latine
3133 851 3374 922 apprime
3409 849 3579 914 docto,
3609 857 3794 902 auctor

2213 950 2309 1019 tui,
2328 947 2766 1001 commentarium
2792 946 2846 998 in
2871 942 2976 998 XII
3008 943 3286 1013 prophetas
3318 939 3574 1004 vertendi,
3598 939 3643 992 is
3671 954 3792 991 vero

2213 1049 2378 1092 totum
2399 1055 2617 1110 pensum
2633 1038 2753 1108 jam
2772 1035 3009 1099 absolvit,
3031 1044 3080 1089 et
3103 1050 3241 1088 nunc
3257 1032 3486 1086 maxime
3515 1031 3794 1084 editionem

2214 1133 2464 1186 adornat.
2510 1131 2804 1202 Prophetas
2835 1131 3062 1183 minores
3101 1129 3277 1181 decem
3311 1141 3374 1179 ex
3403 1124 3564 1179 Boica
3607 1121 3793 1177 biblio-

2215 1227 2362 1278 theca
2387 1223 2684 1288 habuimus,
2714 1221 2938 1293 reliquos
2965 1222 3093 1275 duos
3123 1236 3185 1274 ex
3209 1217 3481 1274 Vaticano.
3517 1215 3795 1270 Aubertus

2213 1326 2410 1386 negat,
2434 1315 2539 1370 sibi
2565 1315 2733 1369 alium
2762 1313 3008 1369 codicem
3055 1328 3160 1366 ms.
3183 1319 3382 1382 praeter
3407 1309 3638 1364 Pontani
3675 1307 3796 1363 edi-

2216 1408 2420 1462 tionem
2450 1406 2518 1461 ad
2549 1421 2745 1460 manus
2774 1404 2966 1468 fuisse,
3016 1403 3123 1457 nisi
3161 1401 3309 1471 quod
3340 1400 3408 1455 ad
3457 1398 3795 1470 Sophoniam

2216 1514 2348 1554 usus
2374 1507 2459 1552 est
2489 1495 2872 1566 antiquissimo
2905 1492 3256 1548 bibliothecae
3285 1489 3466 1559 Regiae
3494 1487 3670 1542 Paris.
3703 1486 3794 1543 Ci-

2217 1599 2364 1644 tatur
2389 1589 2458 1644 ab
2484 1589 2782 1659 Ephraimo
2812 1596 2976 1656 atque
3014 1583 3248 1639 Leontio
3282 1582 3410 1653 Byz.
3449 1580 3507 1635 In
3531 1580 3618 1634 his
3648 1595 3798 1633 eom-

2216 1681 2522 1746 mentariis,
2552 1678 3016 1751 quemadmodum
3043 1687 3099 1731 et
3122 1676 3177 1730 in
3206 1674 3314 1729 illis
3353 1688 3491 1744 quos
3523 1673 3580 1727 in
3601 1672 3796 1727 Isaiam

2217 1773 2543 1844 composuit,
2566 1772 2796 1844 propius
2814 1769 3106 1824 litteralem
3127 1782 3368 1831 sensum,
3389 1780 3553 1835 quam
3576 1764 3630 1817 in
3665 1763 3795 1820 Cla-

530 1859 608 1929 pti
640 1859 708 1912 τὰ
733 1855 1049 1927 Γλαφυρά.
1076 1857 1140 1912 ν.
1180 1855 1299 1912 Cat.
1335 1856 1484 1909 codd.
1509 1856 1810 1919 Gr.Marc.,
1831 1872 1887 1926 p.
1923 1856 2120 1910 282.—

2226 1867 2423 1937 phyris,
2446 1864 2684 1937 Cyrillus
2709 1862 3078 1934 persequitur.
3117 1859 3275 1915 Fsun.
3310 1889 3379 1898 -—-
3404 1855 3627 1919 0ud.in.,
3652 1855 3691 1909 Ι.
3722 1871 3797 1918 c.,

531 1949 668 2003 Ibid.
719 1949 775 2003 in
816 1947 942 2003 cod.
974 1947 1223 2013 Naniano
1262 1945 1500 2010 LXXIX,
1549 1945 1674 2017 Cyr.
1716 1946 2010 2018 Glaphyro.
2045 1947 2109 2002 γ.

531 2039 646 2095 Cat.
687 2039 838 2093 codd.
881 2038 976 2095 Gr.
1003 2039 1173 2102 Nam,
1203 2054 1259 2108 p.
1297 2036 1422 2092 160.
1451 2037 1653 2092 Eadem
1689 2039 1742 2094 in
1778 2039 1901 2094 cod.
1939 2039 2110 2094 Vatic.

532 2127 702 2184 Haut.

601 2222 756 2276 Touo
786 2221 853 2276 II.
903 2251 974 2262 -—-
994 2221 1067 2290 γ’.
1115 2221 1181 2277 In
1220 2221 1422 2278 Isaiam
1449 2225 1758 2294 prophetam
1787 2235 2110 2277 commenta-

534 2314 735 2367 riorum
779 2312 899 2367 libri
943 2312 1003 2376 V,
1044 2330 1279 2384 quorum
1313 2315 1514 2388 singuli
1545 2316 2011 2385 iterum,-primus
2061 2315 2117 2371 in

535 2405 722 2473 λόγους
779 2421 896 2469 sex,
944 2406 1221 2462 secundus
1257 2409 1312 2462 in
1350 2410 1550 2479 τόμους
1597 2409 1865 2479 quinque,
1921 2411 2119 2464 tertius

535 2491 725 2546 itidem
767 2492 824 2546 in
861 2493 1059 2563 τόμους
1099 2495 1350 2560 totidem,
1389 2505 1621 2566 quartus
1662 2497 1720 2551 in
1761 2498 2030 2568 quinque,
2063 2508 2118 2554 et

535 2583 760 2653 quintus
780 2582 837 2638 in
859 2598 955 2639 sex
987 2584 1178 2652 λόγους
1224 2586 1568 2642 dividuntur.
1600 2587 1871 2659 Adjuncta
1903 2598 1989 2644 est
2012 2589 2118 2644 La-

536 2673 649 2730 tina
685 2675 868 2730 versio
895 2676 1175 2732 Laurentii
1210 2677 1510 2744 Hunlredi,
1547 2680 1736 2751 Angli,
1778 2696 1941 2750 quam
1973 2695 2118 2734 anno

537 2766 673 2822 1562
703 2766 938 2822 dicatam
967 2768 1318 2834 Elisabetbaa,
1348 2769 1554 2842 Anglia:
1586 2772 1808 2842 reginae,
1835 2771 1969 2826 etin
1995 2771 2116 2826 edi-

538 2860 686 2914 tione
716 2859 960 2930 Operum
998 2861 1190 2932 Cyrilli
1219 2862 1411 2918 Latina
1456 2863 1620 2918 Basil.
1659 2862 1817 2926 1566,
1853 2862 1973 2924 l‘ol.,
2003 2863 2118 2933 pri-

539 2966 688 3005 mum
725 2951 953 3017 editam,
997 2953 1276 3010 Aubertus
1301 2955 1639 3025 recognovit,
1684 2955 1985 3024 Graecaque
2021 2969 2123 3024 pu-

539 3044 760 3100 blicavit
802 3059 871 3099 ex
914 3045 1104 3101 codice
1133 3046 1400 3106 Vaticano
1435 3055 1513 3109 et,
1565 3047 1658 3118 qui
1711 3047 1855 3102 duos
1907 3047 2122 3118 priores

539 3142 750 3192 tantum
777 3137 1114 3200 continebat,
1163 3139 1353 3210 Regio.
1395 3138 1609 3194 Citatur
1638 3154 1668 3193 a
1702 3137 1984 3203 Facundo,
2024 3155 2077 3193 xi
2103 3179 2117 3201 ,

540 3229 593 3294 1,
645 3245 750 3284 nec
798 3245 911 3284 non
947 3245 978 3284 a
1039 3203 1274 3285 Leontio
1317 3231 1444 3302 Byz.
1480 3240 1664 3285 contra
1716 3231 2012 3304 Eutychen,
2066 3203 2191 3287 etC

541 3317 841 3388 Ephraimo
878 3317 1225 3372 Antiocheno
1249 3318 1392 3388 apud
1432 3319 1688 3373 Photium
1733 3320 1858 3375 cod.
1910 3337 2121 3376 ccxxrx.

543 3406 703 3462 Faue.
743 3436 816 3446 —
866 3405 927 3460 In
971 3403 1106 3460 bibl.
1149 3405 1442 3474 Escorial.,
1493 3406 1618 3478 Cyr.
1669 3411 1724 3462 in
1748 3407 1822 3463 IV
1843 3410 2125 3479 praphetas

542 3499 794 3568 majores,
829 3505 886 3552 et
909 3496 1035 3568 Cyr.
1078 3498 1424 3568 aliorumque
1472 3507 1730 3568 excerpta
1769 3499 2038 3570 expositio
2072 3500 2127 3553 in

545 3590 758 3654 Isaiam,
792 3597 930 3644 teste
968 3589 1168 3644 Pluero
1215 3590 1270 3644 in
1305 3591 1436 3645 Itin.
1483 3608 1576 3661 per
1615 3591 1793 3663 IIisp.,
1822 3607 1876 3661 p.
1910 3591 2031 3646 164.
2061 3623 2130 3632 ——

543 3668 718 3738 Oxon.
744 3683 801 3736 in
835 3680 968 3736 bibl.
1006 3680 1321 3746 Bodleiana,
1354 3699 1416 3738 η.
1454 3683 1557 3739 652
1598 3682 1801 3746 Catal.,
1836 3681 2125 3738 Comment.

549 3775 606 3829 in
627 3772 860 3840 Isaiam;
887 3774 1030 3829 idem
1061 3773 1116 3828 in
1143 3774 1271 3828 cod.
1288 3783 1524 3828 monast.
1552 3774 1992 3830 Benedictin.bis
2011 3775 2131 3829 Flo-

547 3866 764 3930 rentia,
800 3875 940 3922 teste
968 3865 1266 3920 Montl‘auc.
1310 3867 1365 3920 in
1395 3865 1549 3920 Diar.
1575 3865 1729 3929 Ital.,
1760 3882 1813 3937 p.
1851 3867 1976 3930 565,
2002 3867 2128 3920 etin

548 3957 688 4012 Bibl.
723 3957 956 4012 biblioth.
1009 3973 1160 4033 mss_.,
1197 3957 1238 4021 Ι,
1269 3973 1328 4026 p.
1360 3956 1464 4012 114
1496 3958 1557 4012 Ε.
1602 3988 1671 3998 -
1712 3958 1860 4013 Idem
1902 3960 1957 4012 in
2003 3957 2127 4014 cod.

552 4049 863 4105 Vindobon.
915 4048 1215 4114 LXXVIII,
1256 4050 1518 4120 opinante
1563 4049 1874 4115 Lambecio,
1933 4049 2024 4113 III,
2073 4066 2128 4120 p.

550 4141 658 4198 455
687 4157 800 4212 sq.;
825 4141 921 4196 sed
946 4140 1148 4196 Kollar.
1174 4157 1273 4212 pro
1302 4141 1490 4212 Spurio
1524 4157 1650 4196 eum
1684 4141 1882 4205 habet;
1923 4141 1986 4196 γ.
2016 4143 2135 4212 ejus

553 4241 742 4287 not.—
765 4232 913 4286 Idem
961 4240 1016 4286 et
1053 4232 1108 4286 in
1149 4247 1270 4302 cap.
1315 4247 1329 4284 ι
1369 4230 1685 4301 Sophonim,
1713 4229 1886 4284 Paris.
1917 4230 1971 4283 in
2007 4229 2129 4284 cod.

554 4321 968 4386 DCCCXXXVI,
1003 4339 1055 4375 ιι.
1093 4322 1116 4375 1
1159 4331 1218 4376 et
1239 4321 1296 4385 2,
1338 4321 1476 4376 bibl.
1506 4320 1663 4391 publ.
1691 4317 1978 4373 —Oudin.
1999 4318 2131 4382 l.c.,

556 4415 661 4470 col.
696 4409 856 4478 2015,
893 4412 1169 4483 opinatur,
1230 4411 1379 4466 hunc
1437 4410 1492 4464 in
1532 4409 1726 4463 Isaiam
1774 4416 2131 4461 commentar.

2214 1957 2319 2012 col.
2353 1956 2488 2011 1024
2510 1972 2617 2025 sq.,
2648 1955 2795 2008 hunc
2830 1967 3050 2022 quoque
3074 1958 3434 2006 commentar.
3455 1947 3799 2016 suppositum

2212 2049 2417 2122 Cyrillo
2458 2048 2663 2112 fetum,
2691 2056 2745 2102 et
2777 2045 3023 2117 ejusdem
3060 2042 3305 2098 hominis
3345 2041 3439 2111 qui
3484 2054 3694 2094 comm-
3743 2038 3799 2091 in

2217 2140 2411 2194 Isaiam
2443 2135 2809 2199 contexuerit,
2843 2133 3153 2197 existimat,
3182 2128 3436 2202 pluribus
3458 2125 3802 2198 argumentis

2217 2230 2416 2283 vietus.
2447 2227 2647 2299 Cyrillo
2674 2240 2807 2280 vero
2837 2223 3100 2278 tribuitur
3119 2222 3175 2276 in
3192 2219 3353 2276 codd.
3383 2218 3576 2272 Bavar.
3606 2213 3724 2270 XVI
3745 2221 3803 2268 et

2219 2321 2381 2375 XVII.
2399 2321 2465 2375 γ.
2489 2318 2606 2374 Cat.
2629 2317 2780 2372 codd.
2803 2317 2894 2372 Gr.
2920 2315 3074 2378 Bav.,
3100 2329 3155 2384 p.
3186 2313 3238 2368 5.
3261 2311 3404 2365 —In
3433 2308 3612 2364 tribus
3639 2305 3801 2361 codd.

2219 2410 2507 2473 Escorial.,
2541 2416 2682 2464 teste
2726 2408 2928 2463 Pluero
2967 2405 3003 2458 l.
3037 2419 3086 2458 c.
3140 2418 3262 2472 pag.
3299 2399 3419 2454 16-1.
3455 2429 3524 2438 —
3555 2397 3799 2452 Floreat.

2224 2503 2282 2557 in
2317 2501 2442 2556 cod.
2475 2501 2736 2555 Laurent.
2772 2496 3037 2559 XXXVII,
3077 2512 3130 2550 η.
3167 2493 3252 2557 12,
3292 2492 3432 2561 plut.
3463 2490 3552 2553 69,
3579 2489 3698 2542 loca
3734 2499 3803 2540 ex

2221 2594 2315 2649 XII
2341 2593 2542 2648 minor.
2578 2591 2832 2662 prophet.
2873 2600 2930 2644 et
2971 2587 3239 2659 propheta
3271 2585 3341 2640 ls.
3374 2599 3499 2640 cum
3529 2579 3717 2652 Cyrilli
3749 2586 3806 2633 et

2219 2688 2454 2742 aliorum
2477 2685 2938 2756 expositionibus,
2963 2682 3143 2737 indice
3165 2677 3396 2734 Bandin.
3421 2675 3477 2729 in
3504 2673 3622 2729 Cat.
3651 2671 3802 2725 codd.

2221 2777 2476 2831 Laurent.
2497 2775 2614 2838 Cr.,
2643 2775 2710 2837 Il,
2745 2773 2850 2827 col.
2883 2772 3006 2826 652.
3043 2770 3209 2824 l-Ian.

2292 2867 2619 2924 TouolV.-—
2637 2867 2697 2918 ε’.
2728 2864 2792 2919 In
2815 2861 3163 2933 Evangelium
3187 2857 3242 2914 S.
3265 2857 3490 2912 Joannis
3522 2855 3641 2909 libri
3667 2847 3791 2915 XII,

2221 2977 2347 3016 cum
2373 2975 2514 3014 nova
2543 2957 2796 3012 versione
2818 2956 2902 3011 Jo.
2923 2952 3173 3008 Auberti.
3213 2953 3271 3006 In
3306 2948 3520 3004 Latinis
3543 2943 3805 3002 editioni-

2224 3052 2331 3107 bus
2377 3051 2482 3104 hoc
2520 3064 2662 3119 opus
2707 3055 2885 3102 exstat
2925 3061 2994 3100 ex
3043 3041 3500 3113 interpretatione
3551 3035 3801 3106 Gregorii

2223 3143 2595 3216 Trapezuntii,
2613 3157 2734 3213 quae
2753 3139 3031 3211 prodierat
3063 3135 3341 3207 zeparatim
3366 3129 3804 3199 Paris.1520(b),

2226 3236 2322 3292 fol.
2349 3235 2456 3292 Sed
2483 3251 2594 3289 non
2626 3233 2791 3288 modo
2821 3245 3037 3302 magna,
3069 3237 3130 3283 ut
3161 3227 3391 3290 solebat,
3426 3223 3649 3280 licentia
3670 3221 3807 3276 Traa

2227 3327 2524 3400 pezuntius
2565 3327 2624 3381 in
2679 3325 2783 3380 hac
2832 3323 3087 3379 versione
3141 3336 3278 3375 usus
3321 3329 3428 3382 est,
3475 3315 3572 3371 sed
3614 3315 3808 3379 libros,

2228 3419 2467 3488 quintum
2493 3457 2508 3480 ,
2552 3425 2798 3480 sextum,
2843 3413 3125 3484 septimum
3169 3421 3227 3466 et
3261 3418 3526 3471 octavum,
3569 3419 3709 3474 quos
3754 3403 3809 3456 in

2227 3508 2432 3564 Graecis
2459 3507 2744 3562 codicibus
2771 3521 2880 3559 non
2910 3504 3135 3575 reperit,
3157 3502 3319 3572 plane
3337 3497 3542 3554 omisit.
3571 3495 3810 3561 Quatuor

2227 3598 2527 3654 intermedii
2571 3596 2720 3660 libri,
2766 3596 2944 3666 inquit
2993 3593 3234 3650 Jodocus
3277 3591 3669 3652 Clichtoveus,
3718 3599 3812 3640 nec

2231 3691 2373 3764 apud
2394 3691 2628 3752 Latinos,
2657 3706 2749 3743 nec
2778 3689 2919 3760 apud
2950 3687 3156 3742 ercos
3179 3686 3242 3739 ab
3269 3686 3331 3739 iis
3361 3684 3450 3752 qui
3488 3698 3627 3742 eam,
3647 3695 3809 3749 quam

2230 3792 2464 3854 potuere,
2498 3769 2832 3852 vigilantiam
2863 3779 3214 3834 adhibuerunt
3236 3817 3250 3838 ,
3285 3775 3476 3846 reperti
3501 3780 3642 3826 sunt.
3671 3769 3809 3824 Nam

2231 3887 2278 3930 et
2318 3876 2372 3928 in
2407 3873 2506 3928 illa
2535 3875 2730 3944 insigni
2763 3872 2943 3926 Roma:
2984 3869 3255 3941 pontiﬁcia
3300 3866 3608 3921 bibliotheca
3651 3862 3808 3933 quin-

2231 3967 2396 4036 quies,
2433 3975 2511 4019 ter
2545 3964 2752 4035 quidem
2781 3962 2966 4016 Latine
3013 3959 3116 4031 (de
3166 3954 3517 4027 Trapezuntii
3556 3951 3808 4008 versione

2232 4057 2529 4128 intellige),
2549 4068 2599 4110 et
2633 4057 2708 4109 bis
2735 4055 2912 4110 Crarcc
2942 4049 3219 4122 conscripti
3249 4051 3507 4110 visuntur,
3536 4055 3584 4098 et
3619 4044 3806 4112 ubique

2231 4159 2280 4203 et
2307 4150 2496 4205 eisdem
2524 4151 2578 4203 in
2609 4149 2733 4203 locis
2755 4150 2929 4201 trunci
2959 4164 3021 4200 ac
3065 4144 3258 4200 mutili.
3290 4143 3477 4211 Itaque
3498 4139 3608 4203 hic,
3643 4151 3807 4206 quem

2234 4239 2369 4302 dixi,
2400 4238 2776 4300 Clichtoveus,
2819 4235 3253 4307 Neoportuensis
3273 4275 3286 4298 ,
3315 4233 3495 4292 libros
3525 4229 3648 4284 illos
3677 4243 3813 4297 qua-

2237 4341 2362 4385 tuor
2383 4345 2450 4383 ex
2484 4345 2584 4384 suo
2613 4329 2832 4399 ingenio
2879 4326 3188 4398 supplevit,
3219 4322 3582 4393 Augustinum
3614 4319 3668 4373 in
3697 4317 3799 4388 ple-

2239 4422 2422 4490 risque
2438 4430 2678 4482 secutus,
2703 4427 2764 4473 ut
2781 4428 3029 4473 notatum
3063 4414 3340 4472 Riehardo
3359 4411 3567 4467 Simoni
3588 4420 3719 4464 tom.
3736 4403 3809 4462 Iil

555 4522 677 4561 esse
703 4505 1028 4560 recentioris
1059 4503 1430 4569 auctoris,qui
1458 4502 1616 4571 longe
1650 4507 1772 4570 post
1791 4498 2053 4570 Cyrillum
2081 4497 2134 4551 in
2170 4535 2212 4589 θ
2240 4508 2487 4562 Historia,
2533 4509 2728 4562 “iam
2753 4506 2886 4562 Νουί
2930 4505 3090 4568 ΤεειἾ
3146 4519 3268 4574 ρας,
3305 4501 3407 4556 529
3445 4509 3502 4556 ει
3533 4499 3662 4554 574,
3699 4494 3808 4551 sed

557 4597 671 4650 otio
693 4596 913 4654 vixerit,
943 4605 995 4648 et
1023 4594 1287 4664 plurimos
1314 4602 1438 4648 ante
1469 4609 1527 4647 se
1557 4594 1726 4663 hujus
1753 4593 1884 4646 libri
1917 4592 2131 4646 habue-

560 4687 632 4742 rit
653 4695 1128 4742 commentatores.
1151 4686 1320 4740 HARL.

628 4779 670 4834 Τ
674 4794 779 4833 ouo
790 4778 879 4832 III.
893 4807 959 4816 -—
971 4778 1030 4830 δ’.
1051 4776 1114 4830 In
1125 4776 1228 4831 XII
1240 4778 1520 4846 prophetas
1535 4778 1762 4830 minores
1772 4776 2136 4829 commentarii

558 4885 684 4927 cum
713 4869 962 4924 versione
978 4867 1165 4923 Jacobi
1199 4866 1452 4930 Pontani,
1478 4866 1629 4929 5.1,,
1663 4868 1756 4937 qui
1779 4867 1879 4920 hos
1911 4867 2120 4936 primus

492 4989 497 4995 ·
554 4963 744 5020 Graece
763 4972 820 5018 et
839 4961 1030 5017 Latine
1056 4959 1633 5031 edideratlngolstadii
1656 4957 2134 5031 a.1605[a.1607,

555 5070 643 5124 ap.
668 5054 1046 5124 llamberger.,
1070 5061 1126 5107 et
1153 5052 1209 5106 in
1227 5050 1344 5108 Cat.
1373 5051 1493 5105 bibl.
1523 5051 1784 5114 Leidens.,
1803 5067 1858 5119 ι).
1885 5048 1996 5122 57],
2019 5050 2135 5114 fol.,

630 5192 708 5264 (α)
735 5192 944 5264 Χειεθτί
981 5191 1179 5263 Opera,
1209 5210 1262 5264 p.
1299 5193 1420 5247 852.

631 5261 704 5333 (ὁ)
736 5261 850 5317 Hoc
871 5278 1011 5332 opus
1031 5261 1102 5318 ex
1123 5261 1339 5332 Georgii
1364 5263 1716 5333 Trapezuntii
1738 5263 1990 5333 versione
2019 5261 2130 5333 Cli-

557 5333 829 5403 chtoveus
863 5333 1044 5403 primo
1081 5349 1148 5389 ex
1182 5335 1303 5388 cod.
1355 5332 1605 5388 Romano
1652 5332 1830 5388 edidit
1869 5350 1919 5388 a.
1963 5332 2122 5396 1508,

556 5401 756 5486 Paris,
786 5401 879 5474 api
909 5402 1078 5485 Henr.
1106 5405 1512 5486 Stephannhfol.
1635 5403 1956 5486 ‘Lambaeh:
1983 5404 2131 5486 [ης-η

557 5490 612 5544 p.
640 5472 729 5535 99.
762 5471 1014 5542 et'supra
1048 5471 1306 5556 innio'tit.
1342 5473 1503 5528 editt.
1552 5474 1733 5556 Latin.
1783 5474 1993 5528 Deinde
2019 5471 2132 5555 Cli-

558 5543 1088 5626 chtoy.‘recognovit
1117 5543 1247 5626 illud
1277 5544 1514 5626 51:1520,
1546 5544 2044 5626 adiectisquatuor
2072 5543 2136 5596 h-

557 5613 672 5668 bris
692 5614 1052 5676 intermediis,
1066 5613 1157 5682 qui
1175 5613 1728 5674 desiderabantur,ex
1749 5615 2136 5682 Chrysostomo

558 5693 615 5736 et
641 5681 762 5737 aliis
789 5685 1044 5738 Patribus
1072 5675 1268 5738 ecclcs.
1302 5700 1330 5737 a
1369 5699 1428 5740 se
1456 5685 1720 5741 collectis.
1752 5675 1909 5741 Conl'.
1938 5685 2007 5742 de
2035 5681 2131 5740 Ge.

559 5751 1072 5878 'l‘rapgzhversionc
1109 5753 1240 5810 leni
1280 5754 1500 5809 Πίθωνι.
1553 5754 1852 5822 Vossiame,
1889 5767 2020 5812 tom.
2068 5756 2130 5816 II.

561 5839 681 5878 uae.
747 5865 758 5877 .
842 5841 956 5878 Αηι.

561 5839 681 5894 pag.
707 5839 758 5877 δ.
793 5839 956 5878 Iunt.

2239 4600 2502 4669 quoniam
2531 4598 2834 4654 Clichtovei
2868 4598 3309 4668 supplementum
3350 4610 3380 4648 a
3423 4589 3609 4664 Cyrilli
3639 4587 3814 4658 ipsius

2238 4705 2404 4761 opere
2427 4691 2482 4746 in
2498 4691 2672 4745 titulis
2690 4689 2956 4744 librorum
2982 4687 3227 4758 quidem,
3250 4685 3346 4741 sed
3371 4699 3482 4738 non
3498 4683 3812 4736 charactere

2241 4792 2497 4854 typorum
2528 4780 2613 4833 vel
2645 4780 2752 4834 alia
2779 4789 2911 4834 nota
2937 4794 3035 4848 per
3083 4778 3326 4848 singulas
3372 4774 3601 4846 paginas
3645 4783 3815 4840 agno-

2241 4870 2466 4935 scenda,
2495 4868 2758 4939 distingui
2789 4869 2924 4923 satis
2942 4867 3207 4936 contigit,
3239 4867 3369 4922 hinc
3405 4865 3608 4919 factum
3631 4869 3714 4916 est
3752 4867 3815 4916 ut

2242 4961 2402 5016 multi
2452 4960 2523 5031 (ε)
2565 4958 2772 5014 incauti
2820 4973 2918 5028 pro
2958 4956 3270 5028 Cyrillianis
3317 4955 3604 5010 laudarent
3643 4948 3816 5005 verba

2242 5049 2574 5113 Clichtovei,
2606 5058 2770 5118 atque
2795 5047 2904 5101 illis
2933 5045 3001 5100 ad
3034 5043 3360 5099 stabilienda
3390 5057 3509 5103 sua,
3544 5054 3665 5111 quae
3700 5036 3818 5092 vel-

2310 5191 2379 5261 (c)
2436 5189 2557 5245 Non
2602 5185 2880 5261 assentior
2909 5177 3713 5261 'l‘lieophilo__Itaynaudq,_qui
3756 5176 3819 5230 in

2233 5249 2628 5316 Erot'ematibus
2657 5261 2720 5313 de
2756 5257 2902 5329 bonis
2933 5265 2983 5309 et
3009 5249 3165 5329 malis
3197 5249 3363 5314 libris,
3389 5264 3510 5329 pag.
3552 5249 3653 5329 1714‘
3673 5261 3815 5329 δεῖς-η

2233 5315 2484 5395 afﬁrmat,
2505 5328 2930 5385 Feuardentium
2956 5325 3225 5400 meditato
3241 5315 3594 5400 supposuisse
3614 5315 3820 5400 Cyrillo

2243 5385 2546 5457 Clichtovei
2581 5401 2748 5456 verba
2773 5439 2788 5463 ,
2828 5413 2949 5466 qua:
2977 5396 3054 5452 ibi
3101 5394 3288 5466 laudat
3311 5385 3430 5466 pro
3469 5385 3821 5466 immaculata

2245 5455 2318 5527 ἐξ
2335 5455 2578 5543 Virginis
2597 5455 2977 5543 conceptione.
3009 5466 3147 5522 Nam
3166 5455 3461 5543 facile—hoc
3488 5472 3601 5543 non
3624 5455 3822 5543 adver—

2246 5526 2385 5597 tenti
2411 5526 2726 5611 cbntingere
2747 5526 2948 5611 potuit,
2975 5531 3436 5611 quemadmodum
3459 5527 3687 5611 contigit
3713 5526 3824 5607 Re—

2245 5596 2531 5668 mensibus
2551 5596 2896 5674 etvPamlelio,
2927 5596 3066 5678 qu'os
3093 5601 3529 5678 argtiitllobert.
3558 5596 3738 5678 (lucus
3765 5596 3824 5650 in

2245 5667 2482 5738 Censura
2504 5683 2821 5752 scriptorum
2853 5667 3109 5752 ueterum,
3154 5667 3211 5752 ᾗ.
3242 5672 3456 5752 589_,__et
3481 5667 3829 5752 PgronM'ar-

2246 5734 2562 5824 {Villii-(lilium
2581 5734 2938 5824 rbprghgrdit
2957 5734 3323 5824 Bellarminus
3345 5734 3444 5824 lib.
3463 5756 3498 5793 Il
3525 5737 3603 5824 De
3629 5734 3828 5824 δεδίξ-

2244 5813 2681 5887 duramen.
2699 5821 2901 5876 Eodem
2917 5819 3138 5874 nomine
3165 5813 3610 5884 aliuminsigucm
3636 5813 3828 5863 virum
