4154 6544
279 370 351 427 55
1521 369 1803 429 ΝΟΤΠΊΑ
1843 370 1935 426 EX
1978 366 2315 427 FABRICIO.
3490 369 3557 429 ιιι

283 484 416 550 lcnt,
435 485 636 555 placita
668 492 984 542 uterentur:
1017 484 1162 539 bono
1184 483 1349 539 etiam
1382 483 1699 541 Cliclitoveo
1720 486 1862 541 mala
1894 488 1939 546 Α
1968 484 2089 539 aliis
2141 485 2375 540 aliarum
2420 482 2803 539 bibliothecar.
2866 483 3150 540 codicibus
3200 500 3331 540 mss.
3389 484 3558 542 11ιιιι..

283 578 376 634 illa
386 593 618 648 repensa
629 586 713 632 est
733 577 994 648 gratia,ut
1006 590 1106 647 pro
1120 576 1311 633 labore
1322 592 1423 633 suo
1449 576 1733 649 indignum
1750 596 1865 633 ma-

288 668 514 739 leferiati
545 668 818 723 nebulonis
846 668 1085 740 elogium
1107 685 1137 724 a
1157 668 1336 725 Caveo
1366 669 1573 725 tulerit.
1595 670 1867 725 Ceterum

286 761 342 816 in
361 761 522 817 Joan.
556 760 784 816 Auberti
819 760 1082 827 editione,
1112 763 1206 831 qui
1228 762 1439 833 primus
1466 762 1652 817 Graeca
1672 761 1865 823 edidit,

287 855 526 927 suppleti
550 862 767 909 suntex
783 854 1138 909 IIolsteniano
1160 854 1348 909 codice
1378 854 1504 908 libri
1533 854 1760 924 genuini
1786 854 1870 907 in-

289 946 448 1017 tegri,
485 945 714 1015 quintus
743 954 799 999 et
828 953 1037 1008 sextus,
1069 946 1165 1013 qui
1200 943 1406 998 desinit
1435 944 1492 997 in
1519 942 1873 1012 expositione

291 1038 491 1108 capitis
518 1055 584 1102 χ,
615 1053 760 1093 vers.
798 1038 900 1102 17;
939 1037 1158 1107 septimi
1185 1052 1320 1091 vero
1352 1046 1409 1091 et
1441 1036 1619 1091 octavi
1650 1035 1872 1105 copiosa

290 1139 346 1182 et
368 1128 530 1198 longa
556 1127 858 1197 fragmenta
873 1127 1208 1181 exhibentur
1237 1142 1362 1181 cum
1388 1125 1643 1180 versione
1662 1124 1875 1179 Nicolai

291 1218 595 1282 Borbonii,
628 1216 829 1273 Graeca:
856 1217 1056 1287 lingua:
1083 1216 1233 1285 prof.
1260 1232 1395 1287 reg.,
1443 1231 1565 1285 pag.
1609 1214 1875 1277 660-715,

290 1326 359 1365 ex
374 1310 601 1365 Catenis
628 1310 684 1363 in
702 1309 993 1373 Joannem,
1008 1308 1098 1362 illa
1117 1309 1389 1377 praecipue
1406 1306 1683 1377 pmlara,
1708 1320 1873 1374 quam

292 1403 477 1473 adhuc
501 1400 761 1456 ineditam
776 1416 806 1453 a
821 1400 875 1453 1}
907 1399 974 1454 de
996 1399 1211 1470 Harlay,
1231 1398 1576 1453 Macloviensi
1592 1397 1872 1467 episc0po,

294 1492 558 1547 utendam
590 1490 821 1560 accepit.
861 1488 1027 1543 Liber
1058 1504 1239 1544 nonus
1268 1489 1461 1559 incipit
1496 1504 1527 1542 a
1560 1487 1741 1557 capite
1775 1503 1877 1551 χιι,

293 1600 440 1640 vers.
465 1583 555 1638 49.
582 1582 797 1638 Citatur
821 1582 1008 1652 Cyrilli
1037 1580 1323 1651 Expositio
1347 1579 1404 1635 in
1425 1580 1692 1635 Joannem
1722 1596 1753 1632 a
1776 1579 1877 1633 Fa-

293 1675 513 1738 cundo,
554 1674 786 1729 Leontio
821 1674 953 1744 Byz.
986 1682 1171 1726 contra
1222 1671 1524 1742 Eutychen,
1578 1670 1875 1740 Ephraimo

292 1767 639 1823 Antiocheno
672 1766 816 1835 apud
847 1764 1101 1819 Photium
1133 1762 1256 1818 cod.
1301 1778 1526 1827 ccxxnt;
1558 1761 1795 1819 concilio
1822 1777 1875 1816 vr

295 1876 351 1916 et
406 1861 749 1915 Damasceno
794 1858 848 1912 in
892 1856 1220 1921 Parallelis;
1262 1856 1317 1910 S.
1364 1856 1598 1909 Maximo
1636 1864 1769 1910 tom.
1818 1855 1883 1919 II,

297 1970 420 2024 pag.
467 1954 557 2017 55,
605 1952 693 2015 64,
734 1950 836 2014 70,
870 1950 957 2003 87.
1014 1949 1175 2003 Fsen.
1218 1978 1288 1987 —
1316 1946 1441 2019 Cyr.
1477 1948 1533 2001 in
1580 1947 1784 2017 Evang.
1822 1946 1879 2001 S.

294 2045 523 2100 Joannis
548 2044 673 2098 libri
702 2060 738 2105 1,
768 2059 826 2106 ιι,
854 2058 931 2105 ιιι,
955 2058 1027 2105 tv,
1051 2057 1123 2103 ix,
1145 2056 1195 2104 ιι,
1220 2056 1291 2103 x1,
1316 2048 1373 2093 et
1392 2055 1476 2104 xu
1504 2038 1560 2092 in
1576 2037 1698 2093 cod.
1717 2036 1883 2093 CXXI

297 2137 496 2191 Venet.
526 2136 659 2190 Mar.
691 2135 755 2191 V.
791 2132 911 2189 Cat.
937 2132 1089 2186 codd.
1123 2131 1215 2188 Cr.
1236 2131 1429 2196 Mora,
1458 2148 1512 2202 p.
1542 2130 1630 2185 70.
1650 2161 1720 2172 -——
1746 2131 1883 2185 Ver-

297 2230 383 2284 sio
410 2228 631 2298 Georgii
658 2227 887 2296 Trapez.
911 2228 967 2281 in
984 2226 1110 2281 cod.
1139 2226 1181 2290 I,
1209 2226 1347 2296 plut.
1390 2225 1443 2289 6,
1478 2224 1611 2279 bibl.
1655 2224 1886 2279 Malate-

298 2321 494 2379 stiana:
523 2320 837 2375 Caesenatis.
872 2320 939 2374 V.
984 2319 1237 2374 Muccioli
1272 2316 1452 2373 Catal.
1485 2317 1640 2371 codd.
1687 2316 1743 2370 in
1789 2316 1885 2370 illa

302 2414 440 2470 bibl.
463 2425 597 2469 tom.
621 2415 661 2479 I,
690 2429 813 2485 pag.
836 2414 926 2467 28.
958 2443 1029 2453 —
1052 2414 1112 2467 In
1139 2412 1265 2467 eod.
1291 2412 1385 2467 lat.
1416 2410 1726 2466 IIMCXXIV
1745 2410 1881 2465 bibl.

302 2510 480 2565 Paris.
514 2506 743 2563 secund.
764 2506 885 2562 Cat.
914 2505 1063 2560 codd.
1093 2505 1212 2559 Lat.
1243 2504 1399 2567 Par.,
1427 2505 1536 2559 vol.
1561 2504 1650 2569 III,
1674 2520 1729 2576 p.
1757 2504 1881 2560 241.

300 2630 378 2644 --
406 2600 465 2655 Ιιι
497 2600 783 2672 permultis
810 2597 1020 2654 catenis
1050 2606 1107 2653 et
1137 2597 1302 2653 editis
1342 2606 1400 2652 et
1433 2597 1685 2668 scriptis,
1721 2613 1884 2669 repo-

306 2694 416 2749 sita
448 2703 578 2749 sunt
624 2691 815 2763 Cyrilli
861 2692 1186 2762 fragmenta.
1231 2691 1290 2745 In
1337 2690 1499 2746 codd.
1539 2690 1766 2746 Coislin.
1820 2692 1881 2746 V.

305 2785 679 2841 Montfaucon.
707 2784 843 2839 Bibl.
871 2783 1056 2847 Coisl.,
1088 2800 1209 2855 pag.
1246 2784 1311 2839 41
1342 2799 1489 2854 sqq.,
1526 2785 1615 2849 57,
1644 2783 1707 2839 61
1736 2799 1882 2855 sqq.,

306 2877 398 2940 64,
429 2876 498 2931 66
524 2891 610 2947 sq.
636 2876 703 2930 75
731 2892 813 2945 sq.
846 2874 915 2929 82
941 2891 1060 2946 sqq.
1092 2905 1163 2915 —
1192 2875 1251 2929 In
1280 2886 1474 2930 catena
1526 2876 1584 2930 in
1606 2877 1886 2930 canticum

306 2968 509 3039 Moysis
528 2968 743 3038 aliaque
769 2967 981 3022 cantica
999 2967 1063 3021 V.
1084 2982 1148 3021 ac
1166 2966 1231 3021 N.
1263 2966 1327 3020 T.
1351 2967 1406 3020 in
1429 2967 1553 3021 cod.
1576 2968 1770 3022 Bavar.
1792 2967 1887 3022 XV

306 3057 460 3130 (Cat.
499 3077 554 3130 p.
599 3060 690 3129 5).
722 3090 791 3100 —-
832 3060 892 3113 In
921 3058 1213 3115 Canticum
1252 3060 1597 3114 canticorum
1646 3060 1886 3130 epitome

2047 576 2217 633 Τοιιο.
2251 576 2313 631 V.
2348 607 2419 616 —-
2447 584 2520 641 ς’.
2557 577 2619 629 ’11
2640 576 2819 646 βίϐλος
2842 577 2950 630 τῶν
2978 576 3284 650 Θησαυρῶν
3312 581 3439 651 περὶ
3459 582 3559 650 τῆς

1977 668 2136 736 ἁγίας
2158 670 2252 721 καὶ
2280 669 2570 738 ὀμοουσίου
2604 669 2853 740 Τριάδος.
2872 669 2932 723 Ρ.
2955 669 3146 724 1-581.
3175 670 3476 726 Thssaurus
3494 672 3561 726 de

1974 770 2159 816 sancta
2182 770 2231 815 et
2246 761 2683 817 consubstantiali
2707 763 2964 817 Trinitate
2991 762 3060 817 ad
3076 763 3453 830 Nemesinum,
3478 763 3565 819 λό-

1975 870 2092 922 γοις
2130 853 2224 916 λε’,
2256 854 2413 909 libris
2441 854 2656 919 XXXV,
2691 870 2815 909 cum
2857 854 3109 911 versione
3133 856 3337 910 Bonav.
3362 857 3562 911 Vulca-

1978 946 2077 1009 nii,
2108 947 2224 1017 qui,
2256 946 2320 1001 A.
2351 946 2414 1001 C.
2450 947 2589 1002 1615
2628 946 2944 1011 defunctus,
2977 948 3084 1003 hoc
3119 963 3258 1019 opus
3292 948 3478 1004 Graece
3506 957 3564 1004 et

1978 1037 2172 1092 Latine
2193 1038 2543 1093 bibliothecae
2574 1038 2831 1093 Leidensi
2872 1038 3171 1109 legaverat,
3201 1037 3348 1093 unde
3385 1037 3451 1092 ad
3473 1037 3557 1094 J0.

1976 1128 2282 1185 Aubertum
2324 1131 2595 1199 pervenit.
2652 1130 2710 1184 In
2750 1130 2963 1185 Latinis
3001 1130 3342 1185 editionibus
3386 1137 3565 1185 exstat

1978 1220 2196 1290 Georgii
2240 1220 2595 1290 Trapezuntii
2628 1219 2705 1291 (α)
2739 1236 2934 1292 parum
2969 1221 3252 1290 probanda
3288 1222 3563 1293 interpre-

1982 1311 2112 1366 tatio
2146 1312 2202 1366 in
2234 1312 2351 1366 XIV
2376 1312 2474 1366 lib.
2508 1313 2710 1367 tributa
2733 1352 2748 1373 ,
2784 1328 2907 1382 quae
2943 1314 3174 1369 seorsim
3212 1313 3393 1369 lucem
3425 1314 3566 1369 vidit

1980 1404 2155 1459 Paris.
2186 1403 2343 1467 1514,
2370 1403 2529 1468 1520,
2559 1403 2651 1458 fol.
2686 1404 2779 1474 (ὁ).
2811 1404 2924 1460 Leo
2951 1404 3189 1459 Allatius
3224 1404 3471 1460 Diatriba
3499 1407 3565 1460 ds

1982 1492 2234 1564 Ccorgiis,
2266 1510 2319 1563 p.
2354 1493 2459 1548 575
2501 1512 2512 1548 :
2543 1492 2685 1565 Opus
2723 1494 2911 1567 Cyrilli
2938 1494 3251 1550 Thesaurus
3287 1512 3563 1567 nuncupa-

1982 1594 2113 1649 tum,
2171 1588 2226 1639 in
2267 1585 2532 1656 plerisque
2561 1587 2957 1641 codicibusmss.
2995 1586 3290 1642 Athanasio
3330 1586 3565 1642 Alexan-

1982 1677 2135 1731 drino
2165 1678 2432 1739 tribuitur,
2461 1678 2555 1731 sub
2602 1679 2752 1748 cujus
2794 1680 3003 1733 nomine
3033 1680 3087 1732 in
3118 1678 3370 1733 Latinum
3402 1680 3567 1733 inter-

1984 1772 2209 1839 pretatio
2246 1768 2469 1824 Joannis
2518 1769 2773 1840 Baptista:
2819 1768 3076 1832 Camotii,
3125 1770 3360 1824 nondum
3397 1770 3561 1835 edita,

1921 1856 1959 1908 Β
1988 1861 2125 1932 quod
2150 1862 2334 1925 sciam,
2362 1868 2437 1915 est
2453 1876 2608 1931 penes
2626 1876 2725 1913 me.
2747 1860 2950 1931 Cyrillo
2968 1859 3277 1914 vindicatur
3294 1858 3401 1914 hoc
3425 1873 3565 1930 opus

1986 1953 2318 2007 testimoniis
2345 1951 2626 2023 Ephraimi
2666 1952 3030 2017 Antiocheni,
3066 1952 3261 2024 synodi
3308 1960 3475 2008 sexta:
3507 1962 3566 2007 et

1984 2045 2280 2099 multorum
2303 2053 2551 2099 veterum
2568 2086 2581 2109 ,
2607 2060 2747 2114 quos
2765 2044 2992 2100 laudant
3019 2044 3403 2100 Tillemontius
3426 2054 3560 2100 tom.

1984 2135 2121 2198 XIV,
2155 2151 2209 2205 p.
2237 2135 2361 2199 671,
2389 2144 2445 2189 et
2475 2135 2726 2190 Petavius
2750 2135 2996 2207 Dogmat.
3035 2135 3262 2208 theolog.
3293 2136 3355 2190 de
3387 2137 3563 2192 incar-

1986 2228 2221 2290 natione,
2236 2225 2334 2279 lib.
2353 2241 2427 2291 γι,
2445 2241 2495 2281 e.
2516 2226 2602 2291 15,
2626 2226 2734 2297 §V,
2754 2242 2857 2282 nec
2873 2242 2984 2281 non
3000 2227 3182 2282 Photii
3201 2228 3324 2283 cod.
3347 2243 3560 2291 cxxxw,

1985 2318 2080 2389 qui
2110 2319 2597 2391 ὲπιχειρηματικὸν
2628 2318 2830 2389 βιϐλίον
2857 2319 3133 2389 appellat,
3162 2320 3256 2373 καὶ
3294 2318 3438 2374 κατὰ
3464 2318 3564 2389 τῆς

2000 2410 2209 2482 Ἀρείου
2238 2412 2331 2464 καὶ
2364 2411 2629 2482 Εὐνομίου
2659 2408 2862 2480 λύσσης
2893 2410 3156 2478 γενναίως
3176 2409 3272 2463 καὶ
3300 2409 3566 2481 πολυτρό-

1988 2521 2102 2567 πως
2143 2504 2560 2574 ἀγωνιζόμενον.
2597 2502 2886 2573 Optimum
2917 2500 3165 2556 omnium
3201 2499 3389 2572 Cyrilli
3429 2514 3566 2555 scrt-

1987 2605 2207 2666 ptorum
2231 2610 2352 2650 esse
2385 2595 2461 2649 ait
2486 2594 2831 2664 Nicepliorus
2850 2609 2959 2653 ιιιν,
2990 2591 3077 2656 14,
3102 2591 3369 2646 Historiis.
3402 2588 3563 2660 Obje—

1987 2686 2197 2740 ctiones
2234 2686 2511 2756 anonymi,
2540 2685 2632 2755 qui
2666 2684 2967 2739 Arausione
2990 2699 3040 2738 a.
3069 2682 3205 2737 1645
3222 2679 3567 2737 dissertatio—

1987 2792 2113 2830 nem
2143 2776 2212 2831 de
2243 2775 2529 2847 supposito
2558 2774 2769 2839 edidit,
2802 2774 3006 2830 refellit
3046 2779 3248 2845 praeter
3281 2770 3565 2827 Petavium

1990 2870 2338 2940 Baynaudus,
2390 2885 2445 2939 p.
2494 2869 2596 2923 154
2635 2868 3000 2923 Erotematum
3045 2866 3109 2919 de
3151 2864 3296 2918 bonis
3329 2874 3379 2917 et
3410 2860 3566 2918 malis

1991 2963 2155 3017 libris.
2184 2962 2242 3016 In
2265 2977 2395 3016 mss.
2427 2960 2715 3016 codicibus
2742 2974 2853 3013 non
2874 2972 3090 3027 semper
3113 2955 3260 3010 idem
3285 2954 3442 3018 ordo,
3464 2967 3567 3008 nec

1988 3054 2178 3110 eadem
2212 3053 2529 3119 distinctio;
2564 3052 2711 3107 unde
2738 3049 2991 3105 fortassis
3013 3064 3080 3104 eo
3105 3049 3328 3103 nomine
3362 3046 3565 3115 Trape-

304 3153 712 3222 expositionum
728 3151 1003 3221 Procopii,
1020 3152 1277 3221 sophista:
1297 3150 1612 3217 Christiani,
1631 3167 1663 3207 e
1686 3152 1887 3223 Cyrillo
1918 3193 1958 3223 ρ
1992 3143 2214 3198 zuntius
2236 3144 2419 3211 aliqua
2441 3158 2508 3197 ex
2525 3149 2679 3211 parte
2699 3138 3066 3195 excusandus.
3093 3138 3153 3191 In
3183 3136 3318 3190 bibl.
3344 3136 3568 3206 Seguie-

306 3245 698 3311 Alexandrino,
720 3245 971 3315 aliisque,
1004 3246 1060 3299 in
1088 3245 1211 3300 cod.
1237 3245 1466 3317 August.
1484 3246 1719 3311 Vindel.,
1752 3255 1889 3301 teste

306 3338 541 3394 Reisero
573 3338 630 3391 in
658 3337 834 3392 Indice
871 3338 1020 3391 codd.
1054 3338 1215 3408 Aug.,
1252 3354 1306 3408 p.
1342 3338 1430 3393 56.
1464 3337 1892 3394 -Vindobonae

307 3429 366 3483 in
391 3430 580 3485 multis
602 3440 918 3486 catenarum
942 3430 1102 3484 codd.
1127 3430 1347 3492 Caesae,
1367 3446 1418 3484 e.
1448 3446 1531 3499 gr.
1554 3430 1641 3493 IV,
1661 3429 1731 3491 X,
1749 3429 1888 3495 XIV,

310 3521 428 3584 XV,
464 3521 679 3585 XXVII,
712 3521 905 3586 XXIX,
942 3521 1056 3584 XL,
1104 3521 1265 3583 XLII,
1303 3520 1512 3581 XLVII,
1543 3521 1652 3575 vol.
1692 3521 1781 3575 III.
1822 3551 1892 3561 --

309 3614 371 3669 ιιι
392 3613 518 3669 cod.
535 3613 764 3677 CXLVI,
786 3630 840 3668 ιι.
858 3614 911 3677 2,
937 3615 1279 3681 15,21et55,
1299 3612 1889 3677 CLXVIIetCLXVIII,

308 3706 704 3773 CLXXXVIII,
732 3724 789 3761 ιι.
817 3707 906 3772 22,
937 3708 1046 3761 vol.
1087 3708 1153 3762 IV
1181 3715 1239 3761 et
1264 3706 1416 3760 alibi.
1447 3736 1517 3745 —
1561 3706 1806 3759 Florent.
1839 3705 1896 3759 in

312 3798 478 3853 codd.
507 3799 769 3854 Laurent.
808 3800 872 3853 V.
896 3800 1128 3854 Bandin.
1163 3798 1282 3854 Cat.
1314 3798 1463 3852 codd.
1496 3798 1589 3853 Gr.
1625 3798 1817 3861 Laur.,
1851 3798 1893 3861 I,

313 3907 370 3960 p.
402 3890 491 3953 52,
530 3891 620 3955 91,
659 3909 715 3945 n.
741 3892 845 3955 24,
879 3909 933 3962 p.
968 3891 1088 3955 102,
1134 3892 1257 3956 159,
1294 3891 1415 3955 161,
1442 3890 1545 3944 297
1576 3899 1632 3944 et
1662 3890 1785 3944 565.
1828 3921 1896 3929 -—

314 3983 513 4037 Venet.
536 3984 590 4037 in
613 3983 749 4038 bibl.
770 3984 827 4037 S.
853 3983 1103 4037 Michael.
1139 3983 1195 4036 in
1216 3991 1407 4037 catena
1431 3981 1525 4036 Gr.
1556 3982 1609 4035 in
1634 3981 1891 4050 Evangel.

313 4072 374 4128 S.
399 4072 658 4137 Mattliaei,
684 4082 824 4131 teste
857 4073 1168 4129 Mittarellio
1197 4074 1253 4127 in
1281 4073 1419 4127 Bibl.
1444 4073 1592 4126 codd.
1619 4071 1674 4126 S.
1716 4072 1893 4134 Micln,

312 4180 373 4234 p.
403 4163 529 4218 508.
564 4194 635 4204 —
664 4164 803 4218 Ibid.
833 4164 889 4218 in
921 4164 1056 4218 bibl.
1081 4163 1271 4227 Marci,
1314 4163 1371 4217 in
1399 4163 1589 4217 multis
1625 4162 1679 4216 in
1717 4161 1900 4215 varios

314 4257 383 4309 V.
406 4271 468 4311 ac
484 4256 549 4310 Ν.
577 4256 750 4311 libros
774 4256 1003 4321 catenis,
1024 4256 1089 4312 V.
1107 4255 1225 4309 Cat.
1253 4255 1401 4309 codd.
1426 4255 1518 4310 Gr.
1537 4253 1727 4317 Mam,
1750 4269 1804 4323 p.
1834 4254 1899 4307 17

314 4347 426 4411 bis,
446 4345 536 4410 20,
557 4347 647 4411 21,
668 4346 759 4410 22,
790 4347 879 4409 25,
910 4346 999 4410 24,
1027 4344 1297 4415 imprimis
1319 4344 1422 4398 cel.
1440 4343 1646 4398 Morell.
1680 4344 1735 4397 in
1764 4341 1898 4397 Bibl.

313 4448 461 4495 msta
488 4438 668 4494 Greece
687 4448 735 4491 et
766 4438 909 4501 Lat.,
940 4446 1071 4492 tom.
1098 4436 1140 4500 I,
1170 4435 1415 4498 Bassani,
1454 4434 1608 4497 1802,
1641 4433 1693 4499 8,
1731 4434 1894 4503 p.29,

311 4530 413 4594 52,
435 4530 525 4595 55,
550 4531 638 4594 54,
670 4531 759 4594 57,
791 4529 987 4600 58,ξ59,
1011 4527 1080 4581 48
1110 4536 1168 4582 et
1194 4527 1284 4591 49,
1313 4527 1381 4581 85
1414 4543 1477 4581 ac
1511 4526 1597 4579 84.
1630 4529 1808 4595 Atque
1838 4526 1892 4579 in

1994 3232 2187 3297 riania,
2225 3233 2337 3287 sive
2366 3231 2722 3294 Coisliniana,
2754 3238 2891 3285 teste
2920 3227 3324 3291 Montfaucono,
3356 3241 3412 3296 p.
3440 3224 3564 3289 502,

1992 3324 2049 3380 in
2094 3325 2233 3380 duos
2270 3324 2445 3378 libros
2481 3321 2771 3385 dividitur,
2823 3334 3058 3390 quorum
3110 3317 3322 3388 primus
3371 3316 3567 3386 viginti

1992 3416 2206 3487 priores
2226 3414 2415 3483 λόγους
2435 3412 2701 3475 continet,
2725 3408 3001 3466 secundus
3024 3407 3353 3479 posteriores
3372 3422 3401 3460 a
3416 3404 3565 3459 vice-

1992 3508 2133 3563 simo
2155 3522 2329 3577 usque
2359 3504 2426 3559 ad
2460 3502 2957 3573 quadragesimum.
2982 3499 3113 3577 Quae
3138 3512 3302 3569 porro
3331 3496 3569 3552 Thomas

1995 3571 2329 3671 Aquinas-(c)
2357 3611 2424 3651 ex
2451 3571 2607 3649 libris
2637 3571 3021 3649 Tltesaurorum
3049 3571 3237 3662 C.yrilli
3266 3586 3473 3660 profert
3498 3588 3567 3642 ad

1995 3705 2263 3747 summam
2308 3689 2363 3742 in
2410 3686 2653 3743 Ecclesia
2691 3692 3023 3755 potestatem
3043 3682 3290 3736 Romano
3322 3677 3568 3749 pontiﬁci

1994 3780 2373 3842 asserendam,
2409 3787 2464 3832 et
2494 3777 2561 3831 ad
2595 3793 2716 3847 quae
2748 3782 3051 3845 provocant
3082 3770 3421 3834 Gennadius,
3453 3770 3569 3825 sive

1992 3875 2259 3945 Georgius
2279 3871 2595 3928 Seholarius
2623 3870 2720 3927 lib.
2746 3870 2820 3922 De
2846 3870 3081 3938 primatu
3107 3864 3265 3923 Rom.
3286 3862 3567 3934 pontiﬁcis,

1992 3968 2240 4024 Andreas
2273 3963 2621 4021 Colossensls
2651 3970 2708 4017 et
2735 3960 2979 4032 synodus
3000 3956 3316 4013 Florentina
3354 3970 3489 4010 sess.
3514 3955 3569 4018 5,

1998 4060 2027 4113 7
2049 4068 2106 4113 et
2121 4057 2172 4123 8;
2191 4054 2525 4126 Augustinus
2553 4051 2928 4108 Anoonitanus
2948 4040 3091 4103 libro
3111 4047 3185 4100 De
3202 4052 3458 4117 potestate
3472 4043 3573 4098 Eo-

2001 4151 2199 4214 clesiat;
2230 4148 2314 4203 Jo.
2349 4147 2417 4202 de
2450 4146 2871 4200 Turreoremata
2902 4142 2959 4195 in
2987 4138 3208 4194 Summa
3235 4137 3299 4190 de
3327 4134 3572 4191 Ecclesia

2002 4256 2058 4300 et
2084 4246 2140 4299 in
2157 4244 2433 4315 Apparatu
2459 4254 2616 4311 super
2640 4237 2851 4290 decreto
2878 4234 3086 4288 unionis
3114 4231 3342 4288 Crtecor.
3375 4230 3430 4281 in
3454 4244 3577 4281 con-

2002 4338 2122 4393 cilia
2168 4335 2507 4395 Florentino,
2550 4346 2613 4386 ea
2650 4328 2910 4400 Cyrillum
2960 4337 3241 4393 nunquam
3293 4319 3576 4389 scripsisse

2004 4431 2206 4485 fatetur
2237 4424 2621 4481 'I'Illemontius
2652 4431 2784 4476 tom.
2816 4418 2955 4480 XIV,
2991 4432 3044 4485 p.
3085 4415 3208 4479 671,
3241 4420 3297 4467 et
3320 4412 3465 4466 Elias
3502 4410 3576 4465 du

2005 4523 2105 4576 Pin
2128 4531 2258 4576 tom.
2284 4519 2371 4582 IV,
2410 4534 2463 4588 p.
2483 4518 2549 4571 44
2578 4532 2720 4585 sqq.,
2752 4522 2806 4568 et
2824 4511 3024 4584 Cyrillo
3048 4507 3324 4579 supposita
3351 4520 3470 4560 esse
3499 4504 3575 4575 (cl)

316 4698 526 4744 notans
539 4686 765 4742 Vossius
789 4685 865 4739 De
892 4684 1148 4754 baptismo
1171 4722 1186 4746 ,
1224 4697 1347 4752 pag.
1387 4681 1477 4754 26,
1509 4681 1751 4754 solemne
1784 4693 1905 4754 esse
1937 4683 1982 4741 ο
2006 4676 2161 4754 iacio
2182 4680 2509 4744 permutatas
2535 4666 2904 4754 eratz'seruavi
2933 4666 3049 4754 {ita
3072 4660 3579 4754 allectoresLCyrilli

318 4737 1657 4820 aivtV—u—t‘hic—erren—tVviri'docti,'q'ue‘inadmodum
1679 4757 1735 4820 et
1754 4747 1900 4820 aliud
1940 4737 1970 4741 ⁷
2008 4737 2384 4820 Thesaurnm‘,
2418 4739 2591 4820 «ululis
2633 4737 2723 4820 ille
2752 4737 2816 4791 ab
2856 4743 3071 4790 auctore
3100 4737 3575 4820 concinnatufest,

317 4828 510 4902 agenti
529 4827 643 4902 hoc
661 4825 861 4902 accidit
881 4823 1142 4902 theologo
1152 4817 1547 4902 eruditissimo,
1571 4819 1737 4902 quiin
1759 4817 1903 4899 libro

316 4888 406 4953 He
423 4899 585 4973 variis
606 4895 894 4973 Scriptura:
928 4888 1529 4973 editionibus,pag._85,
1550 4888 1653 4973 ait,
1691 4888 1903 4973 perico-

318 4984 433 5039 pen
458 4968 529 5039 de
558 4961 1231 5039 adul_tera_Joan.__vn_t,_a
1262 4961 1467 5039 Cyrillo
1501 4961 1680 5039 A_lex_.,
1728 4967 1789 5039 ut
1821 4974 1905 5013 re-

318 5029 458 5093 vera
504 5037 760 5100 Joannis,
797 5036 916 5090 sine
960 5035 1071 5089 ulla
1102 5029 1464 5087 dubitationis
1505 5029 1903 5102 significatione

319 5108 586 5164 distincte
638 5106 890 5177 proponi,
927 5105 1224 5177 multisque
1279 5100 1579 5177 explanari.
1636 5100 1794 5177 Fami.
1835 5128 1905 5138 —-

320 5123 586 5164 atsuncw
638 5123 890 5231 pr01p0nt,
927 5123 1224 5186 mumsqlte
1279 5123 1579 5183 explanari.
1638 5123 1794 5180 rrum.
1835 5128 1903 5138 ——-

320 5178 468 5233 Add.
501 5177 703 5234 Oudin.
758 5220 770 5232 .
800 5191 873 5239 c.,
905 5176 1011 5231 col.
1049 5174 1184 5228 1025
1200 5189 1344 5242 sqq.,
1367 5188 1461 5242 qui
1489 5181 1656 5227 etiam
1678 5169 1734 5224 ιὰ
1766 5184 1903 5240 opus

320 5249 578 5318 t'Lndicat
610 5247 813 5318 Cyrillo
836 5244 1182 5318 Alex._lism..

363 5306 480 5388 Ra)
510 5306 807 5388 Vulcanius
827 5317 894 5370 ad
924 5315 1130 5388 calcem
1164 5311 1346 5388 operis
1380 5311 1498 5388 haec
1522 5309 1849 5388 ascripseiat
1886 5325 1899 5363 :

320 5379 444 5459 Ego
464 5379 674 5459 'Bonav.
712 5386 1019 5459 Vulcanius,
1047 5379 1350 5459 Brugensis‘
1371 5379 1726 5459 hunc_Cyrilli
1758 5379 1901 5433 Tlte-

325 5451 581 5520 savurum,
608 5457 735 5511 olim
761 5475 793 5510 a
819 5456 881 5511 ϐ.
907 5451 1248 5524 Trapezontio
1275 5452 1378 5521 ﬁde
1394 5469 1497 5524 non
1515 5451 1646 5524 bona
1674 5466 1899 5524 versum,

326 5530 470 5601 quod
489 5528 656 5582 multa
672 5529 865 5597 passim
879 5519 1188 5601 truncasset,
1208 5519 1633 5601 innumerislocis
1648 5521 1904 5589 epitomen

330 5591 505 5670 potius
518 5591 682 5669 quani
699 5615 879 5652 veram
884 5596 1378 5670 interpretationem
1395 5591 1636 5670 dedisset,
1657 5606 1759 5643 non
1774 5606 1906 5659 pau-

329 5663 391 5724 ca
413 5663 575 5724 etiam
598 5670 661 5722 de
690 5685 786 5722 suo
822 5663 1119 5737 adjecisset,
1156 5679 1322 5734 neque
1340 5663 1608 5737 pauciora
1628 5675 1907 5731 perperam

330 5739 713 5801 transtulisset,
734 5739 796 5791 de
818 5731 1020 5809 integro
1047 5731 1403 5809 Latine'verti,
1424 5741 1479 5809 et
1495 5731 1907 5809 ordinemquem

333 5808 569 5883 Cyrillus
605 5799 790 5873 tenuit,
818 5810 904 5879 qui
926 5799 1085 5861 vtotus
1114 5824 1145 5859 a
1168 5805 1512 5876 Trapezontio
1539 5799 1783 5857 inaudita
1814 5815 1907 5853 au-

2003 4818 2110 4869 sint
2136 4800 2389 4869 Itabituri.
2426 4800 2557 4866 Dedi
2587 4810 2725 4862 enim
2745 4822 2961 4878 operam
2991 4821 3054 4859 ne
3078 4804 3193 4878 quis
3224 4800 3429 4872 aliquid
3446 4819 3477 4855 a
3499 4818 3580 4855 mc

2005 4885 2085 4940 vel
2125 4885 2393 4957 adjectum
2419 4874 2827 4957 velaetractum.
2842 4874 3139 4957 ju‘regueri
3171 4880 3339 4943 posset
3368 4879 3579 4957 :utguc

2004 4940 2321 5024 senteniiant
2354 4949 2569 5024 Cyrilli,
2606 4965 2767 5020 quam
2792 4940 3092 5024 ﬁdelissime
3123 4940 3380 5024 possem-3'
3394 4940 3577 5024 {egite-

2006 5008 2136 5080 rem.
2174 5008 2422 5085 Basilew:
2459 5008 2668 5075 anno'a
2708 5008 3577 5085 ttativitateADominiIVDLXXVI,

2007 5111 2183 5150 mense
2210 5079 2492 5148 Januario.
2519 5090 2677 5144 ann.
2697 5118 2766 5128 ——-
2786 5079 2940 5141 COnf.
2963 5080 3141 5138 Catal.
3177 5080 3301 5135 bibl.
3333 5079 3575 5150 Leidens.

2043 5182 2127 5236 ag.
2162 5164 2286 5229 544,
2319 5162 2469 5227 n.14
2494 5170 2549 5216 et
2580 5160 2664 5222 16,
2699 5159 2844 5212 inter
2876 5153 3035 5209 codd.
3062 5152 3266 5207 Bonav.
3303 5149 3574 5207 Vulcanii.

2055 5253 2174 5293 ARL.

2103 5306 2153 5374 b)
2180 5296 2249 5359 V.
2282 5316 2469 5374 supra,
2501 5300 2528 5370 §
2564 5299 2653 5374 III,
2687 5296 2754 5351 ad
2788 5293 2971 5374 ιιοιῖιλ
2990 5291 3264 5374 edition}.
3298 5289 3469 5374 “seu;

2103 5308 2153 5374 ὁ)
2184 5308 2249 5359 V.
2282 5316 2469 5371 supra,
2501 5308 2528 5370 ς
2566 5308 2653 5362 tu,
2687 5308 2754 5351 ad
2788 5308 2956 5350 nout.
2993 5308 3264 5348 emuonn.
3300 5308 3469 5345 mne.

2079 5308 2146 5446 ξε)
2182 5374 2248 5446 In
2286 5372 2358 5427 IV
2388 5370 2735 5446 Sententiarm
2765 5366 2901 5446 .dist.
2940 5364 3029 5429 24,
3058 5379 3152 5446 qu.
3190 5361 3256 5446 5‘,
3291 5370 3408 5446 λιιι.
3438 5359 3493 5446 2,
3524 5368 3582 5441 et

2009 5430 2206 5501 Contra
2234 5445 2600 5513 impugnantes
2626 5435 2889 5513 religion”
2924 5449 3044 5503 cap.
3074 5430 3130 5513 5,
3160 5430 3408 5513 subnfin”
3439 5438 3497 5484 et
3523 5430 3582 5483 in

2010 5500 2275 5585 opuscqu
2294 5500 2476 5585 contra
2501 5524 2704 5563 errores
2720 5500 3050 5585 :wacorum.
3082 5510 3135 5584 et
3166 5502 3220 5555 in
3254 5500 3455 5585 Catena
3487 5515 3585 5553 an»

2012 5569 2103 5639 ιέὲα
2130 5584 2196 5639 ad
2224 5580 2457 5637 Matthzei
2482 5596 2569 5650 xvi
2595 5596 2609 5645 ;
2640 5577 2735 5647 qui
2762 5577 2916 5629 locus
2930 5574 3095 5628 etiam
3117 5573 3173 5650 in
3196 5586 3327 5650 mss.
3360 5569 3584 5650 Thema;

2013 5656 2088 5709 ita
2121 5662 2183 5710 ut
2217 5654 2273 5707 in
2313 5641 2843 5721 impressisqcastat,
2894 5653 3067 5721 u_t_ex
3090 5641 3341 5721 -Guiarto
3378 5641 3588 5721 ngtavit

2014 5709 2174 5781 Rich.
2199 5709 2409 5778 Simon:
2446 5729 2582 5792 tom.
2608 5718 2675 5792 _I_II
2699 5718 2834 5792 Hist.
2863 5716 3058 5792 critictg
3083 5711 3262 5792 N..T.,
3292 5726 3348 5782 p.
3379 5709 3503 5792 .

2088 5794 2165 5865 (ά)
2205 5790 2511 5849 Cardinalis
2532 5786 2896 5844 Bellarminus
2926 5786 2981 5840 in
3011 5782 3267 5852 Catalogo
3298 5780 3587 5835 ecclesia“.
