4120 6498
570 345 650 406 £5
1814 332 2100 392 nomn
2124 330 2222 387 ex
2257 309 2599 388 minimo?
3765 301 3834 371 εδ

571 463 772 536 probat
792 461 1032 518 Joannes
1055 459 1336 515 Launoius
1357 469 1511 529 parte
1539 474 1575 522 ι,
1600 454 1879 526 epi‘stolai
1914 462 1972 508 et
1995 451 2050 516 2,
2079 449 2148 505 ad
2180 453 2223 511 Α
2254 450 2388 506 Vide
2423 447 2835 504 Tillemontium
2865 454 2998 500 tom.
3037 442 3176 506 X‘lV,
3207 455 3261 511 p.
3296 438 3399 494 667
3433 444 3489 536 et
3512 434 3636 490 670.
3655 433 3833 536 fleta-

573 555 875 614 Antonium
902 554 1160 617 Faurum,
1193 562 1249 607 et
1280 559 1434 621 parte
1460 565 1513 613 v,
1556 548 1788 619 epistola
1813 547 1867 611 9,
1899 545 1967 601 ad
2007 543 2154 598 'I‘ho-

575 664 721 704 mam
751 647 1058 710 Fortinum,
1083 661 1194 715 qua
1220 644 1434 715 priores
1461 641 1722 712 epistolas
1742 654 1869 695 suas
1890 637 2154 693 adversus

576 741 922 798 Vincentium
935 739 1223 800 Barouem,
1237 735 1353 790 sive
1369 733 1686 797 Baronium,
1703 739 1909 794 tuetur,
1923 745 2044 798 cap.
2065 727 2150 781 10.

575 835 778 891 Confer
799 832 1024 889 Antonii
1044 830 1258 886 Beiser-i
1271 827 1446 883 nostri
1461 827 1762 882 Launoium
1783 824 2158 894 confessorem,

530 983 534 987 ,
578 942 702 999 pag.
737 927 801 980 41
840 941 982 994 seq.,
1039 931 1097 978 et
1134 921 1409 977 Andream
1446 920 1704 976 Bivetum
1744 919 1842 972 lib.
1879 933 1930 972 ιν
1976 915 2157 971 Critici

575 1019 736 1082 sacri,
779 1032 832 1072 c.
876 1016 984 1082 i9;
1034 1014 1125 1069 Jo.
1157 1012 1486 1069 Rainoldum
1518 1013 1574 1066 in
1609 1009 1882 1079 Colloquio
1915 1023 2032 1062 cum
2067 1005 2153 1060 Jo.

577 1105 803 1169 Hardto,
833 1104 1057 1175 jesuita,
1094 1118 1222 1172 cap.
1249 1103 1302 1165 5,
1337 1118 1397 1172 p.
1423 1101 1528 1156 515
1569 1117 1685 1171 seq.
1719 1101 1879 1154 Fann.
1914 1128 1986 1139 ——
2014 1096 2156 1152 Add.

576 1197 784 1254 Oudiu.
818 1198 858 1252 l.
891 1211 946 1252 c.
987 1195 1097 1250 col.
1128 1194 1265 1248 {0‘28
1305 1210 1448 1264 sqq,
1495 1193 1590 1263 qui
1635 1192 1845 1264 judicia
1878 1189 2154 1254 Vulcanii,

577 1287 917 1351 Bellarmini,
953 1286 1131 1342 Riveti
1159 1293 1216 1339 et
1244 1286 1334 1340 El.
1365 1285 1438 1340 du
1472 1285 1594 1347 Pin,
1633 1284 1689 1338 in
1719 1293 2010 1353 utramque
2036 1298 2162 1352 par-

577 1390 688 1436 tem
711 1379 902 1434 multis
931 1378 1117 1433 verbis
1147 1378 1276 1441 lata,
1313 1377 1555 1446 repetiit.
1585 1406 1656 1416 ——
1687 1376 1879 1430 Exstat
1903 1389 2035 1429 vero
2058 1373 2162 1445 Cy-

577 1471 686 1526 rilli
711 1471 1004 1525 Thesaarus
1046 1467 1321 1523 Monachii
1347 1468 1403 1522 in
1433 1467 1556 1522 cod.
1586 1467 1627 1522 Ο
1659 1467 1791 1521 bibl.
1823 1467 1984 1522 elect.
2017 1465 2155 1538 (Cat.

575 1557 730 1612 codd.
757 1557 874 1621 Gr.,
903 1573 958 1628 p.
987 1556 1117 1628 58.)
1152 1586 1224 1596 -—
1260 1557 1508 1612 Venetiis
1548 1557 1606 1610 in
1640 1557 1776 1610 bibl.
1822 1557 1987 1612 Marci
2034 1556 2156 1611 cod.

579 1649 769 1705 CXXII
792 1657 849 1706 et
873 1647 1206 1704 CCCCXCII.
1234 1649 1295 1704 V.
1330 1647 1450 1704 Cat.
1481 1649 1631 1703 codd.
1661 1649 1752 1706 Gr.
1782 1647 1973 1713 Marc,
2004 1664 2061 1719 p.
2093 1649 2164 1702 70

579 1749 638 1795 et
663 1740 788 1796 260.
815 1771 886 1785 --
909 1739 1049 1795 Ibid.
1080 1741 1137 1795 in
1163 1739 1287 1795 cod.
1308 1739 1622 1795 LXXXVIII
1645 1740 1910 1795 Naniano.
1938 1740 2003 1796 V.
2036 1739 2156 1796 Cat.

581 1831 730 1887 codd.
767 1831 860 1888 Gr.
895 1830 1063 1896 Nam,
1112 1847 1168 1901 p.
1220 1832 1323 1887 175
1354 1847 1436 1901 sq.
1476 1862 1549 1872 —
1577 1831 1757 1886 Fesuli
1807 1832 1863 1886 in
1907 1831 2162 1887 coenobio

581 1922 903 1978 canonicor.
946 1922 1240 1977 Thesaurus
1265 1962 1280 1987 ,
1327 1921 1631 1993 interprete
1665 1921 1861 1993 Georg.
1906 1923 2161 1993 Trapez.,

583 2022 726 2070 teste
751 2013 1122 2070 Monti'aueon.
1151 2014 1208 2070 in
1229 2014 1417 2069 Diario
1448 2013 1602 2078 παις,
1635 2030 1693 2085 p.
1715 2014 1841 2069 392.
1862 2045 1932 2054 --
1961 2013 2165 2069 Eadem

521 2166 536 2173 ι,
581 2104 766 2160 versio
789 2105 1079 2162 Florentia:
1102 2105 1160 2160 in
1177 2113 1416 2160 monast.
1456 2106 1871 2161 Dominicanor.
1895 2105 1951 2161 S.
1977 2105 2170 2170 Marci,

586 2195 644 2254 in
669 2196 804 2254 bibl.
825 2206 1059 2252 monast.
1085 2197 1143 2252 S.
1165 2196 1379 2251 Crucis.
1408 2197 1470 2251 V.
1496 2197 1725 2250 Zachar.
1749 2197 1861 2252 Iter
1889 2196 2054 2251 litter.
2077 2213 2170 2268 per

584 2285 740 2352 Ital.,
775 2304 832 2358 p.
862 2289 930 2342 47
951 2297 1008 2343 et
1040 2289 1377 2344 99.-—Paris.
1392 2288 1448 2342 in
1465 2288 1883 2358 quinque'codd.
1918 2289 2011 2344 Gr.
2033 2289 2165 2344 bibl.

588 2377 742 2447 publ.
762 2407 835 2418 --
862 2379 925 2433 In
945 2377 1175 2434 duobus
1204 2378 1298 2435 G‘r.
1333 2380 1493 2434 codd.
1529 2379 1661 2434 bibl.
1689 2381 2175 2450 Escorial.,secun-

590 2467 918 2524 dumPIuer.
956 2470 1012 2524 in
1032 2471 1286 2524 Itinerar.
1322 2487 1416 2541 per
1449 2470 1697 2542 Hispana
1760 2487 1816 2542 p.
1845 2471 1968 2526 164.
2001 2471 2168 2525 ΗΑΜ..

663 2559 726 2625 ξ’.
762 2559 976 2632 Dialogi
1017 2577 1201 2615 nouem
1251 2561 1319 2615 ad
1351 2560 1610 2616 eumdem
1653 2561 2011 2616 Nemesinum
2037 2601 2050 2624 ,
2103 2559 2173 2618 ad

591 2667 757 2723 quem
786 2652 1173 2708 Thesaurorum
1200 2652 1402 2707 librum
1432 2651 1601 2716 misit,
1627 2667 1902 2722 quemque
1941 2653 2174 2722 φιλομα-

593 2741 851 2796 θέστατον
883 2743 1111 2813 ἀδελφὸν
1133 2744 1396 2814 appellat,
1423 2744 1477 2798 in
1500 2745 1703 2813 quibus
1732 2744 1986 2800 Ilermias
2021 2743 2096 2815 (a)
2121 2752 2177 2798 et

590 2832 828 2905 Cyrillus
855 2836 1276 2905 colloquuntur.
1293 2835 1428 2906 Pag.
1449 2836 1709 2890 383-778.
1756 2837 2011 2909 Dialogus
2036 2836 2177 2890 duos

592 2935 897 2994 postremos
935 2924 1013 2980 De
1051 2926 1420 2980 incarnatione
1467 2925 1736 2998 Unigeni‘ti
1767 2935 1817 2980 et
1849 2927 1989 2997 quod
2039 2943 2176 2981 unus

591 3016 662 3070 sit
697 3013 952 3079 Christus,
985 3031 1126 3084 quos
1153 3026 1400 3083 tempore
1429 3014 1614 3083 aliquo
1643 3015 1930 3086 interiecto
1953 3014 2174 3069 demum

593 3106 870 3176 prioribus
883 3105 1233 3176 subjunxisse
1253 3104 1490 3176 Cyrillus
1506 3104 1744 3170 videtur,
1764 3105 1977 3175 primus
1988 3105 2174 3161 Graece

593 3212 722 3274 cum
741 3197 992 3252 versione
1008 3206 1065 3252 et
1081 3196 1226 3252 notis
1253 3195 1494 3267 vulgavit
1519 3197 1817 3252 Bonaveut.
1851 3199 2172 3262 Vulcanius,
2203 3171 2245 3228 θ

594 3287 663 3345 ad
680 3289 883 3343 calcem
901 3287 1026 3343 libri
1055 3295 1240 3342 contra
1255 3287 1834 3359 Anthropomorphitas,
1857 3289 2036 3360 Lugd.
2060 3289 2178 3344 Bat.

598 3378 738 3434 1605
762 3418 776 3442 ,
812 3378 870 3432 in
901 3378 936 3432 4
971 3377 1071 3450 (ὁ).
1098 3380 1160 3434 In
1192 3379 1534 3434 editionibus
1577 3395 1708 3434 vero
1750 3379 1938 3451 Cyrilli
1972 3381 2181 3436 Latinis

597 3477 813 3524 exstant
849 3468 1013 3523 modo
1047 3477 1258 3538 septem
1305 3468 1506 3540 dialogi
1542 3470 1754 3538 priores
1802 3469 1880 3523 De
1923 3469 2184 3525 Trinitate

598 3566 790 3615 contra
810 3557 1043 3614 Arianos
1059 3543 1122 3613 °et
1146 3558 1582 3622 Macedonianos,
1617 3575 1686 3614 ex
1717 3561 1972 3614 versione
2005 3561 2174 3616 Joan-

599 3648 690 3705 uis
714 3647 1154 3718 OEcolampadii,
1196 3665 1318 3719 quae
1354 3649 1592 3719 primum
1635 3646 1815 3720 [1528.
1859 3649 1924 3703 V.
1978 3665 2170 3720 supra,

603 3739 752 3811 ειη,
788 3740 844 3794 in
874 3740 1038 3794 notit.
1073 3739 1256 3805 editt.,
1309 3739 1447 3813 tum]
1495 3757 1551 3795 a.
1609 3739 1744 3795 1546
1790 3740 1970 3795 lucem
2022 3741 2182 3795 vidit.

603 3832 788 3888 Grece
814 3832 900 3888 Jo.
943 3831 1220 3888 Aubertus
1257 3834 1408 3888 dedit
1449 3833 1758 3904 primusex
1787 3833 1978 3888 codice
2020 3833 2184 3888 unico

603 3927 938 3996 Augustam:
956 3925 1322 3991 bibliothecae,
1343 3927 1499 3996 cujus
1521 3925 1900 3995 apographum
1931 3924 2186 3980 Matthias

607 4017 917 4087 Ehingerus
934 4016 1003 4070 ad
1028 4031 1158 4070 eum
1181 4016 1557 4072 transmiserat
1579 4015 1672 4086 (c).
1730 4014 1880 4070 Idem
1902 4015 2182 4071 Aubertus

605 4107 914 4163 versionem
950 4107 1197 4162 Latinam
1227 4107 1476 4162 Vulcanii
1510 4106 1767 4170 servavit,
1795 4121 1858 4161 ac
1877 4122 1976 4176 pro
2005 4106 2186 4162 OEco-

607 4196 954 4269 lampadiana
986 4199 1148 4254 aliam
1177 4214 1374 4255 novam
1404 4239 1419 4264 ,
1451 4199 1536 4253 vel
1578 4197 1764 4267 potius
1795 4198 2186 4268 interpolatum

606 4289 881 4347 exhibuit.
915 4290 1257 4358 Frequenter
1289 4290 1494 4345 citatur
1523 4288 1627 4344 hoc
1650 4304 1791 4358 opus
1820 4304 1851 4344 a
1877 4290 2182 4355 veteribus,

607 4388 670 4435 ut
690 4380 802 4450 jam
845 4377 990 4448 apud
1034 4378 1286 4434 Photium
1318 4377 1449 4433 cod.
1476 4393 1620 4441 χιιι,
1658 4376 1762 4430 sub
1792 4377 1960 4432 titulo
1997 4378 2187 4448 Λόγων

607 4470 745 4541 πρὸς
791 4469 1067 4540 Ἑρμείαν,
1092 4471 1204 4541 jam
1238 4472 1423 4540 Λόγων
1462 4468 1706 4540 περὶτῆς
1734 4468 1893 4535 ἁγίας
1920 4469 2176 4541 Τριὰδος.

607 4653 791 4707 script.
849 4669 867 4706 :

2255 557 2385 598 vum
2405 551 2462 596 et
2479 555 2685 596 nonum
2704 539 2978 607 dialogum
2999 549 3113 589 non
3131 546 3322 588 carere
3341 528 3491 584 omni
3519 526 3834 598 saSpi'cione

2257 632 2654 705 suppositionis
2709 631 2788 684 ait
2829 630 2914 685 ιο.
2959 624 3262 683 Carnarius
3309 621 3457 676 notis
3495 618 3563 673 ad
3601 616 3832 672 Marium

2257 725 2616 781 Mercatorem
2636 763 2651 788 ,
2703 730 2837 776 tom.
2864 720 2930 786 ll,
2977 733 3032 789 p.
3059 717 3148 781 45,
3181 714 3347 783 idque
3376 727 3436 766 se
3479 716 3836 764 ostensurum

2259 817 2514 890 promisit
2555 815 2614 870 in
2639 811 3031 869 dissertatione
3061 809 3129 863 de
3158 806 3316 862 libris
3341 801 3554 875 Cyrilli.
3589 799 3695 856 Sed
3726 799 3838 854 dis-

2258 909 2485 966 sertatio
2513 908 2631 963 haec
2658 907 2838 961 lucem
2869 918 2980 958 non
3008 901 3169 964 vidit,
3201 908 3260 953 et
3283 895 3655 966 suspicionem
3689 892 3836 946 illam

2258 998 2408 1054 omni
2437 996 2756 1052 destitutam
2771 1007 2892 1048 esse
2914 985 3419 1068 verisimilitudine,
3449 981 3588 1038 mihi
3611 995 3842 1052 persua-

2259 1089 2365 1144 deo
2395 1085 2492 1159 (d).
2526 1085 2661 1141 Nam
2694 1093 2757 1138 ut
2793 1082 2938 1136 idem
2963 1071 3350 1151 argumentum
3375 1073 3574 1143 saepius
3607 1081 3840 1126 tractare

2259 1178 2466 1252 Cyrillo
2507 1186 2836 1234 consuetum
2876 1188 2942 1228 ac
2985 1172 3231 1226 solemne
3257 1208 3271 1233 ,
3305 1168 3382 1221 ita
3413 1165 3608 1220 biduo
3638 1160 3840 1231 dialogi

2260 1271 2420 1342 plane
2447 1269 2688 1340 genium,
2720 1267 2943 1338 stylum,
2979 1262 3286 1319 doctrinam
3316 1259 3565 1328 priorum
3599 1253 3846 1322 dialogo-

2263 1377 2386 1417 rum
2420 1362 2650 1432 spirant,
2689 1369 2744 1414 et
2791 1358 2996 1412 citatur
3024 1368 3206 1408 nonus
3247 1367 3277 1405 a
3311 1348 3544 1404 Leontio
3572 1346 3698 1417 Byz.
3741 1343 3842 1397 ad-

2261 1471 2438 1510 versus
2487 1452 2732 1522 Eutych,
2777 1465 2842 1505 ac
2865 1447 3050 1519 judice
3085 1445 3204 1514 ipso
3231 1441 3517 1504 Gai-aerio,
3559 1454 3612 1508 p.
3657 1437 3746 1501 56,
3775 1435 3846 1488 ad

2263 1545 2586 1607 Liberatum,
2615 1549 2841 1595 octavus
2886 1553 2950 1592 ea
3001 1535 3240 1604 scriptus
3287 1539 3373 1586 est
3421 1528 3734 1584 eruditione
3784 1539 3848 1580 ut

2263 1635 2356 1689 vix
2387 1635 2562 1689 ullum
2601 1629 2752 1686 aliud
2780 1627 2970 1700 Cyrilli
3017 1639 3157 1696 opus
3187 1637 3254 1678 ea
3299 1621 3368 1676 de
3399 1635 3458 1674 re
3495 1616 3850 1689 praestantius

2265 1735 2360 1782 aut
2380 1726 2549 1780 etiam
2575 1739 2676 1794 par
2696 1721 2945 1776 exsistat.
2979 1718 3207 1787 Dialogo
3245 1714 3502 1784 septimo,
3534 1710 3592 1764 in
3636 1724 3748 1780 quo
3777 1707 3849 1762 de

2263 1819 2547 1874 divinitate
2573 1813 2810 1885 Spiritus
2829 1810 3001 1867 sancti
3027 1810 3289 1879 disputat,
3314 1803 3702 1875 subjiciuntur,
3722 1814 3847 1870 pag.

2265 1912 2512 1975 660-677,
2535 1913 2854 1980 argumenta
2866 1904 2933 1958 ad
2948 1903 3090 1957 idem
3118 1897 3464 1971 probandum
3489 1895 3649 1964 longe
3671 1892 3849 1962 plura.

2336 2005 2408 2076 η’.
2443 2001 2653 2058 Scholia
2677 1999 2805 2070 περὶ
2841 1997 2940 2066 τῆς
2967 1992 3434 2064 ὲνανορωπήσεως
3486 1985 3582 2040 τοῦ
3611 1987 3856 2076 Movere-

2267 2073 2414 2160 νοῦξ,
2448 2094 2525 2149 De
2557 2091 2924 2147 incarnatione
2953 2085 3234 2157 Unigeniti.
3281 2080 3475 2135 Latine
3508 2094 3565 2147 p.
3593 2073 3849 2138 779-800,

2269 2187 2470 2242 additis
2506 2183 2740 2240 subinde
2797 2187 3081 2252 praeterea,
3143 2190 3263 2244 qua:
3311 2170 3671 2227 conciliorum
3718 2165 3853 2220 torui

2269 2280 2530 2335 exhibent
2562 2293 2593 2331 a
2616 2277 2700 2332 «ιο.
2744 2274 2987 2328 Auberto
3016 2266 3222 2324 Graecis
3268 2261 3586 2334 fragmentis
3627 2273 3697 2313 ex
3718 2273 3849 2313 ss.

2270 2373 2406 2428 bibl.
2438 2369 2640 2440 Regia.
2692 2364 2889 2436 Incipit
2917 2381 2929 2417 :
2958 2361 3032 2414 Τὸ
3078 2358 3317 2431 Χριστὸς
3354 2355 3528 2425 Eventu.
3575 2350 3697 2405 οὔτε
3724 2352 3857 2421 ὅρου

2271 2465 2498 2534 δύναμιν
2536 2460 2670 2532 ἔχει.
2704 2456 2993 2513 Prodierat
3021 2451 3263 2523 primum
3284 2463 3354 2501 ex
3384 2444 3600 2501 odicina
3625 2440 3853 2497 Ruben-ti

2271 2557 2489 2613 Winter
2521 2570 2571 2608 a.
2620 2550 2775 2612 1542,
2825 2549 2881 2602 in
2924 2546 3069 2600 libro
3100 2539 3566 2598 Constitutionum
3618 2534 3856 2607 synoda-

2275 2650 2408 2704 lium
2431 2665 2448 2715 ;
2471 2645 2670 2701 deinde
2691 2643 2745 2697 in
2768 2639 2958 2713 Cyrilli
2987 2637 3226 2708 Operum
3251 2630 3592 2688 editionibus
3624 2627 3854 2691 Latinis.

2277 2749 2334 2796 et
2369 2739 2425 2794 in
2458 2735 2823 2792 conciliorum
2855 2730 3018 2786 tomis
3054 2729 3111 2782 in
3149 2734 3302 2796 parte
3332 2740 3389 2779 ιιι
3428 2724 3689 2778 Actorum
3720 2735 3857 2775 con-

2277 2829 2389 2884 cilii
2422 2825 2704 2898 Ephesini,
2760 2832 2892 2878 tom.
2920 2822 2941 2876 I
2970 2820 3135 2884 Binii,
3192 2834 3244 2872 a.
3280 2816 3438 2879 1618,
3473 2829 3533 2883 p.
3588 2812 3714 2874 564,
3753 2824 3866 2864 nec

2277 2935 2387 2974 non
2426 2917 2493 2972 ad
2536 2916 2742 2971 calcem
2776 2913 2904 2968 libri
2953 2919 3138 2965 contra
3198 2904 3786 2976 Anthroponwrphitas.
3827 2914 3862 2954 ι

2278 3013 2580 3068 Bonavent.
2613 3006 2878 3063 Vulcanio
2903 3003 3111 3074 vulgati
3151 3000 3324 3071 Lugd.
3359 2999 3546 3053 Batav.
3591 2996 3748 3058 i605,
3804 2993 3862 3048 in

2279 3105 2333 3159 Δ.
2358 3103 2418 3157 In
2435 3100 2601 3171 hujus
2612 3098 2875 3161 editione,
2897 3093 3356 3166 quemadmodum
3375 3098 3433 3144 et
3453 3091 3511 3144 in
3538 3084 3830 3155 LatinisCy
3858 3121 3863 3125 -

2281 3193 2412 3257 riii,
2443 3206 2556 3248 non
2593 3187 2802 3244 scholia
2829 3185 3238 3248 inscribuntur,
3292 3181 3388 3237 sed
3423 3180 3614 3244 scolia,
3650 3175 3862 3242 σκολιά,

2283 3286 2433 3342 velut
2455 3280 2700 3354 difﬁcilia
2739 3279 2853 3335 loca
2876 3286 2924 3332 et
2953 3275 3204 3348 perplexa
3227 3293 3252 3340 ;
3273 3275 3402 3329 licet
3423 3273 3678 3336 fateatur,
3713 3269 3864 3341 quod

2283 3375 2418 3431 mihi
2451 3373 2618 3430 etiam
2647 3371 2821 3441 magis
2847 3370 3049 3439 placet,
3078 3377 3137 3423 et
3167 3365 3352 3420 verius
3373 3371 3477 3428 est,
3509 3376 3671 3433 posse
3695 3361 3873 3416 etiam

2287 3467 2472 3537 σχόλια
2510 3462 2768 3526 inscribi,
2804 3461 2957 3516 velut
2991 3457 3466 3530 σεμνολογήματα.
3499 3455 3614 3510 sive
3667 3466 3871 3524 graves

2284 3552 2604 3617 sententias,
2643 3558 2737 3605 aut
2769 3549 3140 3604 additamenta
3166 3547 3232 3602 ad
3264 3547 3402 3601 alios
3424 3545 3669 3616 ejusdem
3700 3557 3869 3612 argu-

2286 3645 2458 3699 menti
2487 3643 2683 3706 libros,
2724 3657 2756 3696 a
2778 3640 2983 3712 Cyrillo
3013 3639 3366 3709 compositos.
3391 3637 3542 3692 Idem
3570 3634 3870 3692 Vulcanius

2285 3734 2667 3804 castigationes
2687 3733 2918 3798 addidit,
2945 3742 3003 3785 ut
3025 3748 3087 3784 ex
3116 3732 3178 3784 iis
3200 3745 3475 3799 cognoscas
3505 3738 3704 3798 quanta
3721 3743 3869 3780 reco-

2282 3828 2514 3897 gnitione
2531 3826 2799 3896 indigeant
2826 3826 2984 3878 etiam
3017 3822 3128 3877 alia
3158 3821 3433 3892 pleraque,
3454 3836 3570 3890 qua:
3589 3818 3868 3887 circumfe-

2287 3924 2498 3982 runtur,
2538 3915 2725 3987 Cyriili
2755 3916 2972 3985 scripta,
3005 3930 3151 3983 03th
3194 3912 3334 3966 male
3367 3921 3526 3982 atque
3551 3912 3644 3965 hoc
3670 3926 3788 3963 cum
3803 3907 3872 3965 ab

2285 4009 2678 4078 interpretibus,
2711 4015 2821 4060 tum
2861 4024 2892 4060 a
2929 4005 3269 4076 typographis
3299 4005 3500 4059 habita.
3556 4001 3876 4058 Theodore-

2290 4111 2378 4155 tus
2403 4100 2618 4168 dialogo
2648 4098 2684 4152 2
2717 4097 2879 4152 aﬂ‘ert
2919 4097 3169 4166 quadam
3222 4095 3410 4168 Cyrilli
3469 4094 3578 4149 ἀπὸ
3609 4092 3717 4146 τῶν
3745 4107 3874 4162 σχιδ-

2287 4191 2436 4246 λεων.
2462 4189 2785 4245 Anastasius
2813 4188 3099 4260 presbyter
3150 4189 3209 4242 in
3244 4187 3432 4258 ecloga
3460 4185 3570 4239 τῶν
3600 4185 3874 4256 χρήσεων,

2288 4305 2338 4348 c.
2378 4291 2433 4354 '5,
2464 4289 2650 4344 laudat
2671 4288 2938 4357 Cyrillum
2997 4289 3055 4340 ὲν
3101 4289 3244 4356 ἀρχῇ
3275 4284 3368 4339 τοῦ
3394 4290 3449 4339 α’·
3478 4283 3717 4354 σχολίου.
3765 4281 3873 4336 Fa-

2289 4380 2522 4444 cundus,
2552 4395 2628 4444 xi,
2657 4381 2711 4443 7,
2741 4379 2951 4433 beatum
2976 4376 3236 4448 Cyritium
3257 4377 3312 4430 in
3336 4375 3489 4439 libro,
3519 4390 3673 4444 quem
3700 4371 3878 4428 Scho—

2291 4473 2370 4528 lia
2416 4472 2760 4542 nuncupavit,
2825 4469 2981 4524 titulo
3039 4469 3279 4540 septimo.
3335 4466 3403 4520 Et
3458 4480 3641 4518 rursus
3699 4463 3883 4517 eodem

919 4670 936 4701 ‹
991 4651 1285 4722 Thesaurus
1330 4651 1576 4722 creditur
1615 4667 1737 4706 esse
1789 4653 2186 4722 imperfectus;
2218 4655 2261 4711 D
2363 4653 2440 4722 (ά)
2471 4653 2664 4722 Neque
2709 4651 2921 4722 Walch.
2968 4651 3021 4704 in
3047 4649 3334 4722 __iiistoria
3375 4619 3666 4722 haeresium
3725 4643 3875 4722 (Eat.

609 4653 791 4776 περιείη.
849 4669 867 4706 :
919 4670 936 4701 ‹
991 4653 1285 4705 Thesaurus
1330 4653 1576 4706 creditur
1615 4667 1737 4706 esse
1789 4653 2186 4722 imperfectus;
2218 4655 2261 4711 D
2363 4654 2419 4722 (ά
2471 4653 2664 4722 Neque
2709 4653 2921 4705 Walch.
2968 4653 3021 4704 in
3078 4653 3319 4704 Historia
3375 4653 3666 4702 haeresium
3725 4653 3875 4712 (Enr.

609 4739 702 4777 mu
728 4731 780 4776 ta
821 4721 969 4793 enim
1001 4721 1240 4774 citantur
1275 4737 1305 4774 a
1336 4721 1413 4793 _S.
1465 4722 1678 4793 Thoma
1727 4723 2082 4793 inropusculo
2113 4722 2186 4775 De
2289 4653 2596 4793 wurReiner
2622 4721 3009 4793 voiistd-ndiggn
3039 4718 3268 4793 Historia
3301 4717 3724 4793 ἄθλοισι-εὔξῃ,
3744 4714 3878 4793 etc.)

611 4793 876 4846 erroribus
910 4791 1214 4863 Grmcoritm
1235 4807 1302 4844 ex
1332 4791 1594 4845 Thesauro
1616 4792 1825 4863 Cyrilli,
1854 4791 1984 4861 qua:
2008 4793 2064 4846 in
2087 4793 2193 4846 hoc

611 4864 757 4919 libro
783 4877 894 4916 non
929 4861 1308 4914 inveniuntur.
1349 4881 1365 4911 ι

685 4933 762 5004 (a)
794 4932 951 4986 Hunc
967 4930 1218 5004 suspicor
1243 4945 1362 4984 esse
1383 4930 1679 4997 Hermiam,
1702 4933 1858 5004 cujus
1887 4932 2195 4987 Irrisionem

611 5002 1051 5074 philosophorum
1063 5001 1363 5074 habemus.

689 5069 1186 5144 (b-l_lntegra_libri,
1230 5085 1392 5144 quem
1427 5071 1705 5140 possideo,
1744 5069 2032 5144 inscriptio
2061 5081 2147 5144 est
2177 5090 2192 5124 :

615 5139 804 5212 Cyriili
842 5139 934 5212 τί
957 5141 1076 5212 adv.
1112 5139 1686 5212 Anthropomorphitas
1733 5142 1863 5196 liber
1902 5139 2039 5196 unus
2094 5142 2188 5196 Gr.

613 5209 676 5266 εί
699 5210 821 5264 Lat.
853 5210 1106 5281 Ejusdem
1132 5210 1194 5262 de
1226 5209 1600 5281 IncarnatiOne
1631 5213 1916 5281 Unigeniti,
1951 5220 2019 5275 et,
2054 5212 2193 5281 quod

615 5297 751 5335 unus
778 5283 844 5334 sit
867 5279 1101 5334 Christus
1149 5296 1210 5332 ac
1249 5279 1506 5335 Dominus
1557 5279 1840 5336 secundum
1863 5279 2189 5343 Scripturas,

617 5351 688 5404 ad
708 5350 980 5423 Hermian:
1015 5347 1230 5423 Dialogi
1261 5350 1363 5403 duo
1394 5369 1667 5423 nunquam
1691 5355 1910 5406 antehac
1930 5347 2075 5423 editi,
2110 5351 2195 5423 in-

619 5429 843 5492 terprete
891 5418 1116 5492 Bonav._
1133 5417 1425 5492 Vulcania,
1467 5417 1529 5476 cf
1568 5423 1736 5490 ejusd.
1793 5424 1950 5476 notis.
2003 5420 2189 5492 Accad.

617 5488 854 5562 epistola;
868 5488 1071 5562 aliquot
1088 5488 1645 5562 isidori_l?elusiotceiet
1670 5493 1754 5546 Jo.
1770 5492 2016 5552 Zonaras,
2034 5491 2193 5552 idem,

621 5559 760 5633 quod
809 5559 1043 5633 Cyriiius
1098 5560 1235 5633 hisce
1279 5559 1425 5633 libris
1477 5571 1849 5633 argumentum
1885 5567 2194 5633 tractantes,

619 5628 891 5701 multaque
926 5631 1041 5685 loca
1074 5645 1136 5683 ea:
1168 5628 1292 5701 Cyr.
1336 5630 1479 5685 libris
1516 5628 1747 5686 nondum
1788 5631 1937 5685 editis
1968 5637 2090 5685 sunt
2111 5631 2192 5682 iu—

622 5699 994 5770 serta.fLugd.
1038 5701 1098 5755 B.
1133 5699 1289 5770 1605,
1322 5702 1374 5755 4.
1409 5701 1566 5758 Bson.

695 5770 764 5841 (c)
792 5769 855 5826 V.
900 5769 1110 5826 Reiser.
1149 5769 1268 5825 Ind.
1305 5772 1456 5826 codd.
1508 5773 1754 5844 August.,
1811 5787 1866 5842 p.
1899 5771 1994 5825 2L
2027 5771 2196 5826 limi...

2291 4784 2424 4847 tom'.
2463 4793 2528 4857 V,
2559 4809 2612 4874 ρ.
2649 4792 2746 4872 θβι
2785 4806 2890 4914 sqq
2912 4784 3189 4844 'Garnerio
3221 4788 3624 4842 assen—titur.——
3651 4784 3879 4837 Exstant

2294 4863 2534 4914 Florent.
2561 4879 2615 4914 in
2647 4862 2780 4914 bibl.
2843 4869 3082 4914 .aurent.
3119 4858 3263 4913 Med.
3301 4857 3423 4912 cod.
3467 4853 3682 4914 XXXV,
3734 4869 3789 4906 n.
3827 4853 3876 4914 1,

2294 4853 2534 4917 Floreat.
2561 4853 2615 4915 in
2647 4862 2780 4916 bibl.
2822 4853 3082 4915 Laurent.
3119 4858 3263 4913 Med.
3301 4857 3423 4912 cod.
3467 4853 3682 4916 XXXV,
3734 4869 3789 4906 n.
3827 4853 3876 4915 1,

2292 4932 2483 5015 Cari!“
2502 4931 2715 5015 Msa
2759 4932 2850 4986 νη
2881 4931 2944 4982 de
2981 4939 3167 5015 εαηειςι
3196 4936 3243 5015 ει
3279 4923 3736 5015 ςεξτετξθεξξξνξίίέξέἱ
3767 4922 3887 5015 7?“:

2295 4992 2479 5065 nitate,
2509 5011 2565 5057 et
2602 4992 2708 5056 alia
2743 5019 2760 5054 ι
2791 5015 2990 5070 nempe
3035 5015 3092 5052 n.
3130 4999 3182 5064 1,
3205 4997 3435 5070 primus
3483 4995 3752 5063 diaiogus,
3810 4992 3878 5047 ad

2296 5073 2572 5126 Hermiam
2632 5068 3012 5143 presbyterum
3044 5084 3174 5143 per__
3201 5068 3522 5136 interrogat.
3560 5072 3614 5119 et
3647 5078 3879 5143 responf

2299 5143 2531 5213 sionem,
2573 5132 2711 5213 quod
2738 5132 3208 5213 consubstan'tialis.
3256 5147 3304 5190 et
3350 5132 3640 5190 constemus
3682 5132 3793 5186 Deo
3831 5141 3882 5186 et

2299 5211 2452 5266 Patri
2489 5215 2555 5267 sit
2585 5209 2789 5276 Filius;
2832 5229 2886 5266 η.
2927 5211 2982 5273 2,
3017 5209 3194 5278 capita
3254 5215 3723 5277 argtunentorum,
3761 5219 3892 5278 quae

2299 5284 2652 5354 continentur
2685 5284 2738 5336 in
2772 5273 3014 5354 Diatogo
3038 5273 3101 5332 de
3126 5273 3343 5354 Spiritu
3360 5285 3565 5354 sancto,
3611 5288 3745 5354 eum
3781 5273 3881 5326 ad-

2299 5352 2507 5407 ditione
2533 5353 2762 5425 aliarum
2797 5344 3335 5425 animadversionum
3358 5363 3372 5413 ;
3395 5361 3488 5425 _n._
3513 5345 3566 5408 5,
3600 5344 3677 5397 De
3701 5344 3884 5425 incar-

2292 5425 2508 5493 natione
2541 5423 2825 5493 Unigeniti,
2869 5429 2978 5493 etc.
3015 5419 3326 5493 Apponitur
3379 5415 3632 5484 dieiogus
3707 5415 3884 5493 septi—

2295 5508 2418 5572 mus
2487 5492 2593 5572 (an
2645 5481 2948 5572 octavus?)
3002 5481 3444 5572 ad:'.l_iermiam._;
3479 5481 3557 5572 et
3602 5499 3657 5572 nl.
3704 5481 3886 5572 i,'”l)e

2297 5551 2605 5616 adoratione
2626 5561 2876 5616 cultuque
2907 5551 2962 5615 in
3004 5558 3195 5616 spiritu
3224 5567 3272 5610 et
3303 5559 3523 5612 veritate
3585 5554 3656 5607 ad
3697 5551 3888 5606 Palla-

2298 5632 2599 5705 dium-fin
2634 5631 2766 5705 cod.
2788 5621 2906 5697 XII,
2937 5621 3286 5705 n._2§,_plut.
3319 5624 3606 5705 4,;ICyrilt.
3632 5623 3716 5705 πά
3746 5621 3890 5705 ἐίση-

2300 5705 2462 5758 miam
2487 5704 2551 5757 de
2586 5691 3026 5758 consubstantiali
3050 5691 3326 5755 Trinitatc.
3382 5691 3480 5752 V.'
3501 5693 3730 5751 Bandin.
3761 5691 3893 5748 Cat.
