4120 6554
247 407 306 463 ετ
1488 399 1775 457 norim
1809 399 1905 456 ex
1944 397 2279 460 numero.
3442 405 3514 466 te

251 522 394 585 libro,
464 516 622 572 titulo
667 517 890 571 decimo.
953 515 1130 585 Atque
1189 532 1262 577 vi,
1308 516 1363 580 5,
1435 518 1491 569 in
1549 515 1682 571 libro
1739 519 1828 587 qui
1858 528 1902 582 Α
1932 528 2041 586 tus,
2079 530 2141 575 ut
2172 521 2226 575 in
2253 520 2573 576 Bibliotheca
2607 522 2920 592 scriptorum
2963 519 3101 576 8..1.
3143 527 3330 576 narrat
3380 520 3514 576 Phi-

251 613 460 670 Scholia
514 611 730 672 dicitur,
778 609 874 663 sub
927 607 1104 672 titulo,
1145 625 1164 659 ι
1205 606 1476 673 Quomodo
1508 623 1644 662 unus
1674 607 1830 663 Chri-

251 717 370 761 stus.
407 724 425 755 ι
454 703 711 758 Andreas
773 701 1164 755 Samosatenus
1192 699 1337 770 apud
1374 700 1722 755 Anastasium
1777 700 1832 754 in

1936 612 2120 683 lippus
2156 613 2471 684 Alegambe,
2513 613 2704 684 Cyrilli
2726 615 3066 668 heartasticos
3101 615 3206 668 sive
3239 612 3514 685 paschales

1934 719 2221 768 sermones,
2243 722 2274 758 α
2295 721 2350 758 se
2371 703 2662 758 Latinitate
2686 704 2906 758 donatos
2912 705 3031 774 jam
3054 702 3200 775 prelo
3221 713 3512 774 promptos,

252 796 474 865 llodogo,
527 807 582 862 ν.
649 791 777 854 544,
837 788 932 842 καὶ
986 789 1047 842 ὲν
1095 791 1210 851 τοῖς
1248 789 1656 859 γεγραμμένοις
1706 805 1832 858 σχο-

1948 794 2024 847 ιεά
2045 810 2199 848 suum
2246 802 2462 865 partum
2504 797 2814 865 suppressit,
2855 803 2914 847 ut
2941 795 3170 848 Antonio
3214 792 3512 860 Salmatia’,

253 888 377 949 λίοις
403 882 724 954 ἑρμηνεύων
751 883 844 934 τὸν
874 883 931 934 ὲν
954 881 1028 950 τῷ
1058 880 1381 950 Εὑαγγελίῳ
1407 882 1670 952 στατῆρα,
1734 881 1830 935 Ci-

255 987 392 1033 tatur
414 976 582 1032 etiam
618 975 673 1028 in
723 973 943 1027 actione
973 987 1010 1026 n
1067 971 1290 1026 concilii
1317 970 1673 1036 Chalcedon,
1702 982 1830 1026 tom.

254 1071 294 1126 ll
322 1069 482 1131 Binii,
510 1084 566 1137 p.
593 1065 719 1128 169,
752 1075 807 1120 et
836 1064 906 1118 ab
933 1064 1080 1128 aliis,
1119 1077 1357 1132 quorum
1384 1064 1503 1118 loca
1537 1063 1836 1117 Tillemon-

259 1161 360 1214 tius
385 1168 521 1212 tom.
571 1157 713 1220 XIV,
769 1171 824 1224 p.
862 1154 986 1217 667,
1016 1162 1072 1207 et
1114 1153 1416 1208 Garnerius
1450 1163 1583 1208 tom.
1612 1155 1656 1208 11
1685 1155 1836 1208 Marii

255 1248 586 1312 Mercatoris,
628 1263 683 1317 p.
746 1246 870 1310 2H5,
931 1252 1284 1299 annotarunt.
1336 1245 1436 1300 llic
1501 1246 1634 1300 illud
1688 1262 1827 1316 opus

255 1343 418 1396 etiam
463 1340 741 1409 integrum
797 1337 991 1391 Latine
1056 1353 1124 1391 ex
1169 1353 1339 1400 mss.,
1389 1353 1510 1408 pag.
1565 1339 1672 1392 218
1709 1353 1792 1408 sq.
1820 1379 1835 1403 ,

256 1432 620 1493 emendatius,
670 1440 729 1486 et
765 1445 797 1484 a
834 1445 889 1499 p.
933 1428 1042 1482 258
1077 1429 1146 1483 ad
1178 1430 1276 1484 241
1329 1430 1530 1501 insigni
1564 1441 1719 1501 parte
1743 1447 1840 1485 au-

254 1525 392 1581 ctius
462 1523 710 1582 exhibet,
804 1537 868 1576 ac
949 1521 1256 1575 versionem
1333 1531 1597 1586 veterem,
1674 1537 1837 1591 quam

256 1616 421 1670 solam
481 1613 774 1675 habemus,
803 1611 1093 1666 Mercatori
1155 1611 1416 1676 vindicat,
1485 1611 1630 1666 inter
1683 1612 1840 1682 cujus

251 1707 451 1776 scripta
487 1706 542 1759 in
573 1706 792 1761 duobus
815 1706 1099 1761 codicibus
1167 1705 1314 1759 illam
1367 1705 1571 1775 reperit
1615 1703 1715 1776 (α).
1780 1705 1839 1760 In

253 1799 534 1868 prioribus
549 1797 895 1852 editionibus
922 1796 1190 1852 dividitur
1217 1797 1271 1850 in
1298 1794 1477 1868 capita
1506 1796 1594 1859 25,
1621 1796 1676 1849 in
1700 1795 1840 1850 Gar-

252 1891 480 1945 neriana
514 1891 569 1944 in
608 1889 714 1955 35;
741 1889 993 1944 Photius
1029 1889 1150 1943 cod.
1193 1903 1346 1942 ccxxx
1373 1887 1750 1958 divisumlegit
1781 1887 1836 1941 in

252 1983 426 2051 capita
457 1980 822 2050 undeviginti.

318 2072 385 2127 θ’.
418 2072 558 2143 Περὶ
605 2071 708 2140 τῆς
729 2068 1190 2141 ὲνανθρωπήσεως
1221 2069 1315 2122 τοῦ
1349 2067 1485 2122 Θεοῦ
1515 2068 1710 2136 Λόγου,
1743 2067 1838 2120 τοῦ

253 2162 382 2216 Υἱοῦ
412 2163 508 2216 τοῦ
542 2165 774 2232 Πατρός.
829 2162 908 2216 De
953 2163 1323 2216 incarnatione
1373 2161 1521 2215 Verbi
1557 2160 1683 2224 Dei,
1714 2159 1838 2214 Filii

256 2255 454 2312 Patris.
487 2257 551 2311 P.
605 2256 730 2321 801,
765 2256 888 2310 802.
917 2256 1116 2325 incipit
1146 2273 1159 2308 :
1214 2256 1280 2308 Ἡ
1299 2255 1399 2320 τῆς
1437 2253 1589 2317 θείας
1617 2253 1841 2323 Γραφῆς

250 2346 513 2416 ὀρθοτᾶτη
539 2346 734 2399 ἔννοια..
761 2346 820 2400 ln
869 2345 1076 2399 Latinis
1123 2343 1462 2398 editionibus
1515 2352 1695 2398 exstat
1717 2345 1842 2397 loco

251 2436 432 2506 primo
461 2434 602 2489 inter
640 2433 914 2497 homilias,
946 2450 1013 2488 ex
1047 2431 1354 2503 Woll‘gangi
1393 2432 1624 2487 Musculi
1669 2431 1840 2485 inter-

252 2526 569 2596 pretatione
604 2543 619 2578 :
652 2524 750 2580 sed
776 2524 1058 2580 Aubertus
1079 2525 1322 2580 servavit
1357 2524 1691 2588 versionem,
1715 2537 1840 2577 cum

249 2628 363 2682 qua
395 2613 602 2683 legitur
637 2613 692 2666 in
729 2622 885 2682 parte
941 2628 998 2666 ιιι
1039 2613 1228 2683 synodi
1264 2612 1591 2682 Ephesium,
1653 2621 1784 2665 tom.
1821 2610 1842 2664 l

251 2705 418 2768 Binii,
457 2722 511 2774 p.
551 2705 674 2758 576.
706 2705 952 2759 Fun.—
978 2705 1036 2760 lu
1073 2704 1475 2759 Mansieollect.
1514 2705 1631 2767 cit.,
1661 2705 1725 2768 V,
1787 2718 1840 2772 p.

254 2799 379 2860 169,
416 2798 539 2860 170,
575 2807 634 2852 et
671 2798 726 2851 in
755 2797 1044 2853 concilior.
1080 2797 1419 2867 generalium
1443 2795 1578 2850 edit.
1608 2795 1702 2850 Gr.
1736 2795 1845 2850 La-

253 2891 371 2944 tina
414 2890 701 2952 Vaticana,
751 2906 803 2944 a.
853 2889 1009 2951 1608,
1046 2897 1176 2942 tom.
1234 2887 1274 2950 l,
1315 2903 1370 2956 p.
1402 2887 1620 2942 588.—
1647 2887 1848 2942 Vindo-

255 2981 418 3036 bonzc
454 2982 510 3035 in
540 2981 666 3034 cod.
698 2979 902 3036 Caesar.
930 2977 1244 3043 LXXXIIX,
1272 2995 1329 3032 n.
1364 2979 1419 3042 5,
1453 2979 1528 3032 De
1567 2987 1711 3032 recta
1742 2978 1846 3046 ﬁde

256 3071 388 3125 liber
424 3087 482 3134 ιι,
512 3069 582 3124 ad
620 3070 1020 3140 impcratriccs,
1058 3070 1114 3123 in
1141 3069 1210 3123 45
1237 3079 1396 3124 scett.
1457 3070 1690 3134 divisus,
1731 3081 1848 3124 tum

255 3167 457 3226 oratio,
479 3162 548 3218 de
564 3178 674 3232 qua
707 3163 762 3216 h.
794 3163 832 3216 l.
857 3178 1040 3216 sermo
1063 3171 1169 3225 est,
1204 3161 1283 3214 De
1306 3164 1672 3217 incarnatione
1699 3163 1846 3217 Verbi

256 3256 377 3322 Dei,
412 3264 472 3311 et
491 3255 656 3325 epist.
687 3254 756 3309 ad
783 3255 1080 3309 monachos
1109 3253 1364 3325 Egypti;
1391 3255 1500 3310 inc.
1563 3255 1845 3323 Ἀςιίκοντο

262 3345 363 3415 μέν
394 3361 563 3408 τινες.
595 3343 843 3414 Denique
877 3343 1065 3415 Cyrilli
1123 3344 1355 3415 epistola
1394 3346 1462 3400 ad
1507 3346 1843 3410 Nestorium,

260 3452 386 3491 cum
417 3437 660 3492 Nestorii
695 3438 1063 3507 responsoria.
1093 3439 1156 3494 V.
1211 3439 1465 3493 Lambec.
1499 3438 1605 3492 vol.
1647 3438 1738 3501 lll,
1792 3453 1844 3506 p.

262 3527 386 3583 760.
416 3527 595 3583 Paris.
631 3528 688 3582 in
717 3529 780 3583 lV
815 3529 975 3585 codd.
1012 3530 1145 3584 bibl.
1172 3531 1322 3601 pubi.
1363 3531 1528 3585 “ARL.

335 3650 389 3694 ι’.
424 3643 737 3712 Συζήτησις
766 3644 896 3712 περὶ
940 3644 1034 3696 τοῦ
1054 3643 1241 3698 αὑτοῦ.
1274 3645 1576 3715 Disputatio
1621 3645 1852 3714 ejusdem

268 3735 572 3805 argumenti
599 3750 700 3803 per
721 3735 1056 3803 quaestiones
1095 3743 1154 3790 et
1181 3736 1586 3806 responsiones,
1623 3753 1677 3806 ρ.
1721 3737 1853 3790 802-

270 3825 395 3880 804.
433 3825 644 3894 lncipit
669 3843 681 3877 :
714 3825 841 3888 Πῶς
869 3828 900 3878 ὁ
921 3825 1051 3889 Θεὸς
1082 3826 1365 3897 ἀχώρητος
1390 3829 1664 3898 ὲχωρήθη.
1691 3828 1852 3882 Ρλυιι.

264 3916 467 3976 lucod.
489 3916 762 3971 Escorial.
794 3926 934 3973 teste
966 3918 1240 3982 Pluero,l.
1278 3935 1352 3984 c.,
1373 3933 1493 3992 pag.
1531 3921 1652 3975 164.
1688 3921 1854 3975 llsnt.

334 4008 476 4063 Tom
497 4008 543 4062 ν
569 4023 734 4062 nun
753 4023 887 4061 ll.———
909 4015 999 4062 ta’.
1020 4011 1180 4079 Λόγοι
1211 4012 1567 4082 ἑορταστικαί,
1591 4011 1857 4076 Homiliw,

266 4101 487 4166 sive,ut.
507 4100 579 4154 ab
602 4099 914 4155 Alexandro
937 4101 1350 4172 llieropolitano
1381 4102 1453 4172 (ὁ)
1493 4104 1858 4173 appellantur,

1937 887 2025 953 qui
2059 887 2262 939 eosdem
2313 885 2686 950 transtulerat,
2754 885 2924 940 locum
2974 887 3144 939 daret.
3182 885 3455 940 Praeterea
3485 901 3517 940 a

1937 977 2199 1032 Federico
2231 977 2410 1042 Melie,
2444 977 2812 1032 Thermulano
2841 978 3118 1048 episcopo,
3160 977 3352 1031 Latine
3385 993 3516 1032 ver-

1938 1086 2029 1125 sos
2060 1071 2388 1126 Pessevinus
2430 1078 2716 1124 memorat.
2757 1067 3126 1124 Numerantur
3159 1069 3396 1125 homiliae
3413 1069 3516 1124 tri-

1937 1164 2106 1235 ginta,
2161 1163 2257 1218 sed
2298 1163 2372 1218 ita
2422 1172 2483 1216 ut
2540 1163 2702 1217 tertia
2742 1160 2976 1217 deﬁcere
3024 1161 3259 1216 dicatur.
3313 1163 3518 1218 Paulus

1939 1268 2069 1311 vero
2092 1255 2360 1311 Guldinus
2388 1255 2443 1310 S.
2479 1255 2528 1310 J.
2589 1270 2658 1308 ex
2697 1253 2967 1308 mensium
3007 1255 3345 1323 paschalium
3387 1269 3515 1308 suc-

1939 1347 2186 1401 cessione
2209 1347 2359 1400 visus
2393 1353 2476 1400 est
2523 1344 2626 1400 sibi
2681 1343 2965 1414 collegisse
2995 1343 3200 1397 nullam
3248 1342 3303 1396 in
3335 1342 3516 1397 medio

1939 1437 2264 1502 desiderari,
2313 1436 2411 1490 sed
2445 1452 2566 1506 quae.
2593 1442 2787 1505 quarta
2825 1442 3169 1498 numeratur,
3207 1433 3516 1488 habendam

1940 1530 2152 1584 ratione
2181 1528 2442 1599 temporis
2472 1544 2571 1598 pro
2602 1527 2784 1592 tertia,
2815 1536 2978 1597 atque
3001 1526 3076 1582 ita
3110 1526 3327 1596 insequi
3353 1535 3518 1581 exnte-

1941 1637 2031 1676 ras
2056 1621 2124 1675 ad
2154 1621 2400 1675 ultimam
2430 1635 2621 1690 usque.

2027 1735 2114 1805 ιβ’.
2150 1733 2400 1789 llomiliaa
2417 1733 2644 1787 diversa:
2672 1733 2957 1798 tredecim,
2994 1731 3180 1788 Graece
3219 1740 3274 1786 ct
3302 1730 3518 1786 Latine.

1875 1864 1912 1918 Β
1945 1828 2006 1883 Ρ.
2035 1826 2294 1889 550-416,
2325 1835 2380 1880 et
2409 1842 2516 1880 una
2549 1825 2762 1889 Latine,
2799 1822 2874 1878 De
2896 1841 2953 1878 eo
2983 1825 3125 1897 quod
3159 1824 3373 1879 Verbum
3421 1824 3520 1878 Dei

1944 1921 2142 1991 factum
2171 1922 2240 1974 sit
2260 1921 2432 1982 homo,
2465 1933 2585 1987 qua:
2624 1917 2814 1987 incipit
2852 1916 3218 1986 :Profumlum
3234 1917 3442 1987 quidem
3471 1925 3522 1969 et

1944 2025 2235 2080 magnum;
2274 2017 2328 2061 et
2347 2008 2457 2078 jam
2504 2005 2786 2076 prodierat
2818 2004 2991 2060 Paris.
3049 2005 3204 2069 1545,
3263 2005 3319 2058 in
3373 2004 3424 2067 8,
3462 2021 3516 2074 p.

1943 2099 2201 2153 416-417.
2233 2098 2383 2152 llanc
2428 2095 2726 2152 Vulcanius
2763 2111 2980 2165 quoque
3037 2096 3347 2164 subjeccrat
3378 2095 3522 2148 libro

1945 2200 2126 2244 contra
2149 2189 2734 2261 Anthropomorpliitas,
2757 2204 2811 2257 p.
2833 2185 2956 2241 201.
2981 2186 3241 2240 llomilias
3257 2185 3523 2256 quasdam

1944 2283 2130 2355 Cyrilli
2167 2289 2222 2336 et
2261 2280 2657 2354 Chrysostomi,
2691 2279 2895 2336 Gallice
2927 2296 2954 2332 a
3008 2294 3064 2333 se
3104 2294 3310 2340 versas,
3350 2276 3523 2332 edidit

1945 2373 2202 2428 Morellus
2257 2371 2431 2425 Paris.
2475 2370 2631 2435 1604,
2667 2369 2720 2423 in
2780 2369 2830 2423 8.
2867 2368 3200 2431 Gennadius,
3232 2383 3280 2422 c.
3339 2367 3426 2429 57,
3455 2366 3523 2420 de

1945 2465 2184 2537 Cyrillo:
2223 2463 2481 2524 Homilies
2514 2464 2801 2534 composuit
2848 2460 3125 2533 plurimas,
3163 2475 3277 2530 qua:
3314 2459 3383 2511 ad
3432 2457 3523 2510 de-

1947 2558 2284 2612 clamandum
2316 2576 2346 2612 a
2395 2557 2608 2613 Graecia:
2660 2555 2910 2626 episwpis
2953 2553 3216 2606 memoria:
3260 2566 3523 2604 commcn-

1948 2647 2167 2702 dantur.
2207 2647 2365 2700 Fann.
2399 2676 2466 2685 ——
2505 2643 2766 2699 Oudin.l.
2804 2660 2877 2706 c.,
2905 2643 3010 2696 col.
3067 2639 3222 2704 1040,
3265 2639 3333 2694 de
3361 2654 3526 2709 argu—

1948 2738 2148 2792 mentis
2179 2738 2514 2808 singularum
2541 2736 2914 2799 liomiliarum,
2947 2743 3004 2789 et
3049 2748 3168 2803 quae
3203 2731 3258 2786 in
3294 2730 3526 2785 Auberti

1949 2827 2036 2882 ed.
2069 2829 2303 2898 primum
2340 2828 2524 2884 Graece
2566 2829 2745 2884 lucem
2811 2837 3162 2897 aspexerunt,
3194 2825 3323 2897 agit.
3367 2855 3436 2864 —
3468 2824 3528 2877 lu

1951 2918 2117 2971 variis
2149 2928 2330 2971 autem
2371 2917 2503 2970 bibl.
2565 2925 2780 2972 exstant
2822 2916 3008 2988 Cyrilli
3036 2915 3273 2970 homiliae
3330 2930 3528 2968 manu-

1953 3007 2188 3076 scriptae.
2217 3007 2276 3060 In
2305 3008 2426 3061 cod.
2460 3007 2723 3061 Escorial.
2751 3005 3115 3059 llomiliarum
3180 3004 3526 3065 festivarum,

1957 3107 2172 3153 tomus:
2204 3109 2334 3164 et",
2355 3100 2420 3154 V.
2442 3100 2618 3153 Pluer.
2640 3099 2675 3151 l.
2707 3113 2851 3167 c.,p.
2889 3097 3004 3149 165.
3039 3096 3214 3165 Atque
3241 3111 3308 3148 ne
3338 3094 3529 3148 charta

1873 3220 1914 3276 ο
1956 3199 2311 3261 temporeque
2341 3191 2555 3252 abutar,
2591 3191 2646 3244 in
2681 3205 2879 3260 genere
2904 3197 3114 3243 tantum
3144 3185 3438 3256 quosdam,
3473 3186 3529 3238 in

1946 3283 2148 3354 quibus
2163 3284 2620 3338 servanturmodo
2636 3284 2840 3353 plures,
2859 3279 3020 3335 modo
3033 3279 3257 3350 singulae
3272 3277 3529 3342 homiliat,

1950 3375 2111 3430 codd.
2143 3384 2238 3430 aut
2275 3375 2548 3444 catalogos
2581 3373 2838 3428 codicum
2864 3372 3162 3426 nominabo
3197 3389 3210 3424 :
3251 3369 3532 3423 Florentia:

1948 3466 2005 3520 in
2038 3466 2172 3520 bibl.
2227 3467 2485 3521 Laurent.
2545 3465 2738 3520 Medic.
2797 3465 2989 3518 obvios
3041 3463 3271 3518 Bandin.
3325 3471 3455 3516 tom.
3512 3456 3534 3513 1

1951 3555 2070 3612 Cat.
2096 3557 2246 3610 codd.
2275 3556 2367 3612 Gr.
2409 3556 2574 3609 Laur.
2618 3561 2868 3610 recenset
2905 3569 3189 3609 sermones
3239 3567 3292 3606 tt.
3346 3568 3534 3605 occur-

1952 3665 2068 3702 sum
2096 3648 2326 3713 Domini,
2362 3663 2416 3718 p.
2453 3647 2576 3711 419,
2617 3661 2674 3700 n.
2707 3645 2796 3709 52,
2849 3654 2904 3699 et
2955 3661 3008 3714 p.
3067 3643 3190 3707 “2,
3245 3661 3300 3698 ιι.
3356 3643 3424 3707 8;
3480 3643 3536 3696 in

1957 3739 2477 3811 transﬁgurationem
2526 3738 2759 3802 Domini,
2817 3753 2870 3808 p.
2900 3737 3030 3800 455,
3083 3752 3137 3790 n.
3189 3734 3279 3790 23.
3310 3733 3531 3788 -——Scc.

1958 3831 2076 3886 Cat.
2113 3830 2502 3902 codd.Angli(e,
2535 3839 2664 3884 tom.
2694 3829 2736 3893 Ι,
2778 3829 2835 3890 in
2865 3827 2986 3883 cod.
3022 3828 3243 3884 Barocc.
3278 3843 3332 3879 η.
3363 3823 3449 3888 85,
3481 3829 3538 3878 et

1959 3925 2112 3987 alibi,
2175 3925 2255 3979 uti
2290 3926 2403 3996 jam
2465 3939 2630 3993 supra
2698 3921 3053 3976 notavimus:
3118 3919 3172 3973 in
3241 3915 3540 3972 cod.Rob.

1962 4014 2322 4083 Huntington,
2353 4029 2410 4067 n.
2444 4012 2602 4077 5819,
2635 4009 2752 4066 Cat.
2788 4010 2965 4073 Bodl.,
3019 4008 3144 4080 Cyr.
3174 4006 3413 4061 homiliaz
3446 4005 3544 4068 44,

1962 4105 2212 4160 Arabice.
2247 4137 2318 4145 —
2345 4103 2517 4159 Paris.
2545 4103 2600 4157 in
2635 4102 2769 4156 bibl.
2805 4101 2955 4170 publ.
2985 4100 3132 4153 hom.
3175 4098 3228 4151 in
3268 4111 3545 4149 occursum.

264 4191 530 4262 Epistolis
551 4191 825 4263 paschales
865 4193 1326 4265 undetriginta,ab
1357 4197 1420 4249 A.
1443 4194 1504 4250 C.
1535 4195 1639 4249 414
1669 4195 1738 4249 ad
1760 4196 1864 4249 445
1965 4197 2178 4251 Domini
2229 4197 2284 4251 in
2328 4196 2504 4250 tribus
2552 4193 2711 4248 codd.
2738 4210 2752 4257 ;
2808 4193 2862 4245 in
2895 4189 3416 4260 transﬁgurationem
3437 4227 3450 4251 ,
3484 4185 3551 4240 in.

266 4281 476 4336 habita:
505 4285 594 4336 vel
629 4283 702 4336 ad
727 4284 1004 4339 Ecclesias
1027 4285 1228 4348 missae,
1262 4286 1330 4340 ad
1380 4285 1737 4340 indicendum
1774 4301 1864 4340 so—
1965 4285 2153 4340 decem
2184 4285 2380 4349 codd.;
2411 4287 2463 4338 in
2493 4301 2714 4347 uenam,
2776 4281 2832 4335 in
2869 4279 3083 4334 duobus
3133 4276 3328 4341 codd.;
3361 4277 3413 4328 in
3447 4291 3546 4344 pa-

267 4373 454 4427 lemne
467 4373 772 4429 Pascbatos
790 4384 1030 4445 tempus,
1056 4378 1205 4446 quod
1219 4376 1866 4446 archiepiscopiAlexan-
1967 4376 2205 4431 rabolam
2235 4378 2415 4438 vincte,
2441 4376 2496 4428 in
2515 4375 2636 4427 cod.
2673 4370 2990 4434 DGCLXXI;
3015 4370 3070 4422 in
3091 4366 3462 4438 paralyticum,
3487 4365 3553 4419 in;

269 4464 420 4518 ιιι-ιιιί
445 4465 528 4534 (c)
563 4464 805 4520 cilicium
849 4466 1018 4522 fuisse
1041 4478 1272 4523 constat.
1325 4469 1434 4524 Has
1461 4469 1686 4522 exhibet
1752 4469 1867 4522 Au-
1969 4469 2090 4523 cod.
2117 4467 2371 4532 MDXCV;
2400 4469 2452 4519 ιή
2475 4464 2914 4536 puriﬁcationem,
2948 4462 3002 4514 iu
3033 4475 3082 4513 c.
3123 4455 3548 4521 blCLXXlll;in

270 4554 468 4611 bertus
531 4571 656 4625 pag.
724 4557 914 4622 1-550,
972 4573 1040 4612 ex
1114 4560 1356 4615 editione
1423 4560 1866 4616 Gnaeo-Latina
1899 4579 1943 4634 ι)
1973 4560 2181 4613 laudem
2207 4559 2270 4612 B.
2297 4558 2502 4619 Μαι-ἕω,
2541 4557 2596 4609 in
2626 4555 2806 4608 tribus
2846 4554 3045 4619 codd.;
3079 4561 3134 4607 et
3164 4567 3232 4607 ex
3284 4549 3550 4605 Vaticana

273 4648 506 4702 Antonii
542 4648 842 4714 Salmatim,
868 4651 1160 4721 theologia:
1181 4652 1237 4706 in
1267 4652 1631 4707 Ambrosiano
1656 4652 1864 4706 Medio-
1960 4652 2096 4707 bibl.
2134 4651 2320 4722 plures
2350 4647 2848 4719 homiliae,Coptice
2883 4662 2991 4702 scr.
3021 4647 3086 4702 Υ.
3116 4648 3348 4701 Recens.
3381 4644 3548 4698 codd.

230 4811 236 4815 ι
275 4737 491 4794 lanensi
557 4738 790 4809 collegio
833 4739 1103 4805 doctoris,
1142 4759 1264 4812 quae
1299 4761 1330 4799 e
1375 4746 1637 4800 Vaticano
1675 4746 1865 4802 codice

278 4842 405 4883 cum
443 4839 814 4885 commentar.
880 4831 938 4884 in
987 4831 1110 4887 loca
1168 4834 1527 4893 Pentateuchi
1585 4835 1869 4906 prodierat

277 4922 552 4992 Antuerp.
587 4921 748 4986 1618,
788 4921 882 4976 fol.
917 4922 1016 4993 (ά).
1042 4923 1292 4980 Habebat
1322 4934 1380 4981 et
1395 4926 1646 4982 Andreas
1670 4927 1869 4983 Schut-

280 5123 432 5177 codd.
463 5123 561 5180 Gr.
596 5121 788 5185 Laur.,
817 5121 860 5185 1,
892 5137 946 5192 p.
977 5121 1051 5177 59
1079 5139 1187 5192 sq.,
1213 5133 1272 5178 et
1293 5123 1414 5178 556.
1450 5122 1618 5179 Haut.

355 5195 433 5268 (α)
465 5193 577 5268 Sed
607 5192 892 5268 Walchius
929 5193 965 5268 l.
999 5207 1074 5258 c.,
1099 5209 1224 5264 pag.
1268 5193 1392 5268 686,
1424 5193 1680 5268 de_li_b_ris
1707 5211 1740 5250 a
1763 5195 1871 5268 Cy-

284 5261 424 5344 rillo;
478 5263 678 5318 contra
723 5261 1040 5344 Nestorium
1075 5261 1435 5344 compositis,
1476 5264 1691 5320 dubitat
1751 5261 1872 5322 eam

283 5334 600 5388 versionem
626 5349 749 5386 esse
782 5334 996 5402 plenam
1037 5341 1200 5402 atque
1229 5334 1518 5402 integram,
1558 5344 1614 5388 et
1644 5346 1875 5390 annotat

285 5405 599 5458 versionem
652 5412 896 5456 veterem
944 5415 1161 5456 exstare
1231 5404 1286 5458 in
1339 5404 1509 5458 Mansi
1561 5405 1874 5459 Collectione

1245 5490 1367 5543 pag.
1401 5476 1521 5537 141,
1543 5476 1596 5536 2,
1620 5477 1674 5530 5.
1707 5477 1870 5530 lianc.

362 5545 430 5614 (ὁ)
455 5544 768 5599 Alexander
795 5543 1237 5614 Hiei‘opolitanus
1266 5545 1492 5614 epistola
1525 5546 1591 5599 ad
1612 5546 1868 5600 Acacium

294 5611 714 5684 Berrhoenscim,
752 5611 897 5684 apud
952 5611 1138 5667 Baluz.
1188 5631 1242 5684 p.
1292 5611 1394 5669 76:2
1432 5615 1590 5670 Nova:
1650 5616 1864 5671 Collect.

298 5683 544 5737 concilim
571 5701 590 5739 :
609 5683 877 5770 Lup-idum
905 5693 982 5770 εἰς
1006 5683 1211 5770 cuilibet
1246 5684 1432 5770 legenti
1458 5703 1598 5770 .cum‘
1627 5689 1867 5770 ueritatis

301 5769 474 5831 auore
501 5753 743 5831 capitula
772 5753 898 5831 ejus
925 5753 1154 5831 (Gyrilli)
1187 5765 1234 5808 et
1258 5753 1515 5831 Epistolis
1530 5757 1598 5810 ad
1618 5755 1871 5831 Hebraeos

303 5819 1150 5885 bitervrctatiancm'cfeoiitolas
1191 5825 1268 5880 vel
1302 5819 1528 5890 festivas,
1576 5826 1654 5881 vel
1710 5827 1865 5884 alios.

287 5475 557 5528 ancilium
609 5473 962 5544 amplissima,
992 5482 1128 5527 tom.
1146 5475 1209 5538 V,

1965 4760 2094 4800 mss.
2132 4743 2225 4813 qui
2265 4759 2334 4798 ex
2388 4743 2644 4798 biblioth.
2685 4743 2861 4798 Vatic.
2900 4740 3350 4813 procuratoribus
3402 4737 3550 4792 Gall.

1967 4837 2157 4893 traditi
2192 4835 2366 4899 luere,
2389 4852 2444 4906 p.
2477 4836 2546 4890 56
2575 4845 2632 4891 et
2663 4837 2753 4900 57,
2811 4853 2869 4891 n.
2905 4836 3005 4891 157
3037 4851 3100 4890 ac
3133 4834 3254 4896 160,
3280 4840 3334 4886 et
3373 4846 3426 4899 p.
3452 4825 3548 4891 58..

1966 4947 2025 4984 η.
2063 4930 2188 4984 164.
2220 4928 2545 4982 —-Taurini
2570 4928 2625 4982 in
2647 4927 2784 4983 bibl.
2817 4927 3007 4998 Regia,
3040 4919 3552 4979 sermoinso‘lemuia

1967 5136 2018 5181 et
2049 5127 2292 5198 uniuersa
2324 5128 2437 5197 ejus
2469 5127 2786 5198 conscripta,
2797 5132 2943 5198 _etc._
3115 5187 3126 5198 ⁸

2041 5197 2109 5269 (σί)
2133 5185 2364 5269 Similes
2388 5205 2602 5269 exstant
2644 5185 2881 5269 homilim
2902 5190 3015 5244 sive
3042 5185 3286 5269 epistola:
3315 5189 3547 5256 pascha-

1966 5263 2357 5340 les‘Athaiiasii
2392 5277 2449 5322 et
2477 5263 2982 5340 TlleOpliili_alezt_.,
3017 5268 3077 5313 ut
3109 5263 3378 5340 omittam.
3410 5274 3556 5327 quas

1968 5339 2213 5408 Dionysii
2247 5338 2400 5392 Alex.
2457 5328 2746 5408 inemo-rat
2767 5330 3087 5408 Αιέιιξίειιίιιε,Δ
3117 5328 3297 5408 Ιλιιείἱ⁸
3317 5328 3550 5408 Algian-

1968 5398 2127 5463 d'rini'
2178 5409 2537 5476 Hieronymus
2588 5403 2808 5476 c.rill8_
2838 5400 3108 5476 _Catalogi.
3154 5398 3355 5456 Confer
3382 5399 3550 5453 'l‘ille-

1970 5487 2143 5532 mont.
2175 5487 2306 5532 tom.
2338 5473 2476 5540 XIV,
2506 5493 2559 5546 p.
2587 5475 2710 5536 269,
2756 5473 2880 5546 270.

2050 5549 2126 5619 (d)
2151 5549 2349 5619 Anton.
2379 5538 2650 5603 Saluiatia:
2677 5545 2918 5619 prolegg.
2949 5542 3164 5619 erudita
3214 5539 3316 5619 Ell.
3342 5538 3420 5592 du
3449 5539 3550 5619 Pin

1979 5619 2032 5673 in
2057 5609 2766 5689 compendiumcontraiit,
2796 5609 3004 5689 etinde
3025 5613 3226 5689 Oudin.
3259 5609 3405 5689 Isne“,
3440 5611 3547 5665 col.

1979 5689 2115 5742 1055
2160 5678 2302 5758 s'qq.,
2352 5687 2684 5758 verbotenus
2740 5678 3055 5758 retulit,__et
3092 5683 3196 5738 col.
3257 5678 3393 5734 1056
3426 5694 3554 5758 sqq.

1976 5760 2082 5884 izlite
2104 5756 2452 5829 persequitur
2477 5757 2810 5828 singularum
2833 5756 3182 5813 homiliarum
3199 5757 3546 5823 argumenta.

1999 5853 2002 5855 ·
2025 5845 2148 5884 ΑΜ...

1999 5845 2148 5884 Ιιυὶι...
