4120 6496
557 343 625 397 59
1792 342 2073 401 NOTITIA
2114 344 2145 398 E

2248 340 2582 398 FABRICIO.
3753 339 3821 396 ϐυ

557 455 801 511 Ραιιηαν.
831 458 965 512 etin
1003 457 1059 513 S.
1088 458 1343 530 Paulum,
1387 458 1441 513 in
1493 458 1655 514 codd.
1704 458 1847 514 LXX
1895 468 1952 513 et
1975 458 2135 513 CXV.
2169 476 2209 527 Α
2241 471 2329 526 sq.
2360 486 2429 497 --
2463 455 2749 510 Nonnulla
2786 462 2915 509 sunt
2940 453 3233 509 Florentiae
3263 454 3319 508 in
3356 452 3517 509 codd.
3553 454 3813 512 Laurent.

560 549 623 602 V.
644 547 820 604 Catal.
853 552 1000 605 codd.
1032 551 1123 607 Gr.
1145 551 1328 613 Taur.,
1358 567 1413 621 p.
1448 550 1546 605 I65
1588 560 1644 605 et
1680 551 1804 605 217.
1836 581 1905 591 --
1926 551 2133 606 Vindo-

558 640 717 695 bonte
746 642 800 696 in
828 642 963 697 bibl.
997 642 1194 698 Caesar.
1222 645 1276 697 in
1325 643 1450 697 cod.
1474 642 1732 707 LXXVII,
1765 660 1821 697 ιι.
1844 643 1932 707 51,
1966 643 2133 711 quin-

559 748 666 800 que
717 732 977 799 homiliaa,
1008 744 1063 788 et
1108 750 1163 788 ιι.
1211 734 1299 797 40,
1352 735 1492 788 Ιιοηι.
1534 734 1597 787 de
1635 734 1843 798 Paulo,
1879 734 2136 804 episeopo

558 820 849 887 Emeseno,
881 834 936 878 et
958 826 1020 877 de
1037 827 1304 878 incarnat.
1323 824 1553 889 Domini,
1593 835 1649 880 et
1679 826 1948 895 posterior
1970 826 2137 879 etiam

559 914 616 967 in
647 913 767 969 eod.
819 914 1145 980 LXXXVIII,
1209 933 1267 971 ιι.
1330 918 1385 982 5,
1418 920 1473 971 in
1529 918 1720 988 festum
1763 918 2044 987 Puriﬁcat.
2081 919 2136 972 in

560 1004 681 1057 eod.
711 1003 938 1067 CXLVI,
972 1021 1025 1057 ιι.
1058 1005 1142 1059 17.
1185 1005 1247 1060 V.
1300 1006 1558 1062 Lambec.
1597 1007 1917 1069 Comment.,
1950 1007 2041 1070 III,
2080 1024 2133 1076 p.

558 1091 819 1156 588-592,
854 1103 910 1147 et
936 1094 1040 1148 176
1096 1126 1167 1134 --
1198 1099 1275 1149 Ac
1300 1096 1409 1149 vol.
1460 1096 1524 1161 V,
1559 1112 1612 1165 p.
1648 1096 1771 1151 260.
1801 1128 1870 1135 ——
1898 1096 1964 1150 In
2003 1098 2134 1166 virg.

559 1182 810 1248 Mariam,
856 1186 1053 1253 Ephesi
1115 1197 1305 1241 contra
1352 1188 1662 1241 Nestorium
1716 1188 1919 1241 habita.
1966 1187 2045 1241 Ib.
2083 1188 2139 1241 in

560 1275 668 1328 vol.
694 1275 829 1340 VIII,
864 1277 968 1330 col.
1005 1276 1127 1331 820.
1161 1278 1218 1331 In
1256 1279 1339 1334 Jo.
1380 1280 1592 1333 Patusa:
1622 1278 1994 1349 Encyclopwd.
2020 1280 2138 1348 phi—

563 1366 682 1433 iol.,
718 1368 824 1422 vol.
861 1368 927 1433 II,
981 1379 1064 1423 est
1097 1386 1151 1439 p.
1211 1370 1314 1423 522
1364 1369 1552 1440 Cyrilli
1603 1379 1788 1424 contra
1841 1370 2141 1424 Nestorium

559 1476 752 1524 sermo,
784 1460 967 1515 dictus
1010 1462 1063 1515 in
1107 1461 1313 1532 synodo
1360 1461 1671 1530 Ephesina;
1715 1477 1835 1532 pag.
1908 1461 2032 1525 526,
2067 1462 2143 1514 De

564 1548 746 1604 Sotere
776 1562 952 1607 nostro
986 1553 1093 1607 Deo
1123 1563 1171 1606 et
1217 1555 1463 1619 homine;
1521 1565 1576 1609 et
1604 1571 1658 1625 p.
1682 1554 1805 1619 529,
1847 1554 1914 1609 de
1948 1553 2142 1608 eodem

564 1652 887 1713 argumento
946 1660 1128 1700 sermo
1188 1646 1372 1701 dictus
1414 1647 1615 1717 Ephesi
1669 1648 1723 1702 in
1756 1649 1998 1718 templo,
2051 1646 2140 1702 die

567 1734 623 1787 S.
661 1734 894 1790 Ioannis
919 1737 1285 1807 evangelistae.
1310 1738 1478 1792 HARL.

2236 546 2298 600 V.
2331 545 2558 601 Bandin.
2584 544 2701 600 Cat.
2729 546 2880 599 codd.
2902 545 3147 610 Laur.,I,
3175 560 3231 615 p.
3261 544 3385 609 122,
3405 562 3461 600 ιι.
3496 545 3600 615 54ς
3624 547 3815 618 ρ.129,

2237 654 2291 692 ιι.
2324 638 2432 704 22;
2470 654 2524 707 p.
2556 637 2678 703 544,
2712 653 2768 691 ιι.
2802 638 2868 702 7;
2903 636 3014 691 vol.
3052 636 3118 701 II,
3152 652 3272 708 pag.
3328 637 3453 701 116,
3499 655 3559 692 ιι.
3586 638 3661 706 ’5;
3698 640 3818 709 plu—

2239 744 2328 783 res
2362 728 2417 781 in
2442 726 2602 782 codd.
2627 728 2833 798 Anglia:
2864 734 2921 781 et
2966 726 3203 781 Hibera.
3232 741 3344 783 see.
3400 729 3560 783 eatal.
3594 729 3649 783 in
3679 728 3815 784 bibl.

2237 818 2442 873 Bodlei.
2477 836 2531 872 ιι.
2570 818 2659 882 26,
2686 818 2773 881 85,
2805 818 2893 882 86,
2922 818 3085 888 epist.
3119 818 3396 873 canonica:
3427 835 3442 883 ;
3475 834 3530 872 ιι.
3559 819 3648 883 91,
3693 820 3814 883 142,

2240 912 2361 976 185,
2406 912 2563 976 1174,
2590 911 2746 977 1220,
2788 911 2944 966 1955.
2980 940 3051 950 -—
3080 910 3235 964 Tom.
3268 911 3335 973 II,
3372 910 3518 965 inter
3546 912 3667 965 cod.
3688 911 3819 967 Gale

2238 1020 2294 1058 ιι.
2329 1004 2486 1069 5905,
2507 1003 2727 1075 epistola
2753 1006 3004 1058 canonico
3024 1018 3149 1056 eum
3170 1002 3415 1067 scholiis,
3441 1010 3589 1073 etep.
3618 1002 3688 1056 ad
3706 1004 3820 1073 epi-

2238 1113 2419 1167 scOpos
2451 1098 2629 1168 Libya:
2673 1114 2736 1150 ac
2786 1095 3158 1167 Pentapoleos.
3196 1094 3533 1150 intercodd.
3569 1094 3724 1157 Mori,
3758 1112 3815 1148 ιι.

2240 1187 2398 1241 9198.
2428 1218 2498 1227 --
2519 1187 2762 1250 Dublini,
2797 1203 2851 1240 ιι.
2885 1188 2987 1241 277
3020 1196 3075 1241 et
3102 1185 3225 1239 280.
3251 1216 3322 1225 ——
3343 1185 3569 1239 Taurini
3597 1185 3653 1238 in
3680 1184 3814 1239 bibl.

2244 1278 2409 1349 Regia
2434 1280 2581 1348 epist.
2628 1279 2697 1332 ad
2743 1278 3009 1331 Damnum
3040 1286 3097 1331 et
3140 1277 3209 1330 ad
3257 1277 3483 1347 episcop.
3535 1276 3708 1347 Libya:
3770 1284 3822 1328 et

2243 1373 2519 1444 Pentapol.
2588 1373 2642 1426 in
2673 1372 2795 1427 eod.
2825 1371 2934 1435 CV,
2987 1387 3040 1440 p.
3072 1370 3172 1424 197
3226 1368 3399 1423 Catal.
3436 1397 3505 1407 —
3535 1368 3705 1422 Paris.
3762 1367 3819 1421 in

2244 1464 2485 1519 sedecim
2533 1463 2693 1518 codd.
2754 1461 2960 1517 Grmeis
3013 1458 3147 1513 bibl.
3213 1459 3364 1528 pubi.
3423 1457 3724 1512 secundum
3774 1456 3819 1511 Il

2244 1558 2351 1610 vol.
2382 1556 2576 1619 CataL,
2608 1564 2665 1608 et
2705 1570 2799 1609 sex
2854 1552 2970 1606 Lat.
3004 1567 3059 1605 ιιι
3091 1560 3221 1606 tom.
3254 1550 3321 1604 IlI
3354 1564 3419 1603 ac
3464 1549 3549 1603 IV.
3588 1577 3657 1587 -—-
3687 1547 3825 1617 Epi-

2244 1648 2391 1703 stula:
2433 1648 2698 1700 canonica:
2746 1646 2838 1699 Gr.
2881 1653 2935 1698 et
2965 1643 3081 1697 Lat.
3134 1658 3259 1695 cum
3295 1641 3519 1696 scholiis
3544 1639 3827 1695 Theodori

2247 1739 2603 1801 Balsamonis,
2656 1740 2713 1792 in
2772 1737 2917 1793 Guil.
2985 1735 3262 1805 Beveregii
3325 1733 3583 1787 Pandect.
3630 1749 3831 1786 canon-

641 1831 727 1890 ιγ’.
756 1825 1009 1895 Ερὶδιοιω
1030 1827 1119 1881 LX
1139 1828 1324 1900 Cyrilli
1352 1839 1407 1884 et
1439 1829 1672 1884 aliorum
1700 1829 1886 1884 Grazee
1913 1838 1969 1884 et
1994 1829 2145 1883 Lati-

2248 1832 2423 1887 Oxon.
2474 1831 2629 1895 1672,
2691 1830 2809 1893 fol.,
2844 1837 2979 1883 tom.
3043 1828 3108 1891 II,
3145 1836 3285 1896 part.
3312 1841 3349 1888 ι,
3386 1840 3445 1895 p.
3482 1824 3585 1879 176
3608 1839 3726 1893 sqq.
3754 1854 3828 1864 —-

569 1912 701 1967 tine.
732 1914 858 1985 Pag.
897 1916 1083 1983 1-215,
1115 1920 1359 1989 exceptis
1401 1920 1609 1990 paucis,
1653 1936 1774 1991 quae
1801 1920 1993 1975 Latine
2024 1930 2145 1974 tan-

569 2013 685 2058 tum
709 2006 936 2076 reperiri
959 2017 1277 2077 potuerunt,
1321 2012 1661 2082 depromptae
1723 2028 1789 2066 ex
1835 2012 1987 2067 Actis
2013 2028 2145 2067 con-

567 2093 846 2160 ciliorum,
876 2097 1162 2167 Ephesini,
1193 2098 1662 2156 Chalcedonensis
1692 2100 1771 2172 [in
1821 2103 1960 2158 Bibl.
1994 2106 2144 2161 Patr.

566 2187 675 2240 vol.
711 2187 752 2250 I,
783 2203 837 2256 p.
870 2188 993 2252 415,
1030 2190 1115 2243 ed.
1168 2190 1388 2262 Paris],
1421 2201 1525 2246 etc.
1550 2234 1564 2256 ,
1602 2203 1661 2247 ut
1694 2194 1834 2249 infra
1879 2197 1935 2251 in
1968 2197 2147 2256 indice

567 2278 913 2347 alphabetieo
955 2280 1326 2346 homiliarum,
1379 2284 1735 2352 epistularum
1786 2295 1843 2341 et
1872 2288 2147 2344 minorum

568 2371 961 2439 opusculorum
1019 2372 1206 2444 Cyriili
1265 2374 1582 2430 distinctius
1635 2379 2007 2435 annotabitur.
2068 2384 2148 2438 Ex

568 2462 657 2515 his
692 2460 899 2518 Latina:
924 2462 1199 2519 editiones
1224 2464 1463 2534 Operum
1490 2466 1677 2538 Cyrilli
1717 2470 1983 2525 exhibent
2026 2475 2146 2544 epi-

565 2555 735 2609 stolas
765 2554 1008 2621 XXXIX,
1036 2572 1104 2611 ex
1135 2558 1389 2613 versione
1435 2559 1739 2632 Woll‘gaugi
1774 2563 2024 2619 Musculi.
2069 2566 2147 2620 Ex

566 2647 814 2718 epistolis
839 2647 1024 2719 Cyrilli
1051 2649 1117 2703 ad
1137 2651 1447 2705 Nestorium
1469 2660 1525 2707 et
1546 2653 1813 2709 Joannem
1846 2656 2147 2711 Antioche-

569 2755 703 2793 num
742 2739 1050 2795 alleruntur
1082 2741 1329 2811 quaedam
1372 2742 1427 2796 in
1458 2753 1612 2813 parte
1636 2761 1691 2798 ιιι
1724 2746 1945 2801 concilii
1982 2746 2146 2802 Chal-

568 2831 916 2898 cedonensis,
946 2841 1080 2887 tom.
1107 2834 1151 2888 II
1181 2834 1343 2898 Binii,
1373 2852 1428 2905 p.
1482 2836 1604 2890 549.
1638 2837 1796 2891 ΡΑΒιι.
1835 2868 1904 2877 -
1928 2838 2149 2894 Ceilier

570 2922 625 2976 in
656 2941 668 2974 :
708 2923 941 2977 Histoire
967 2925 1055 2978 des
1090 2934 1306 2980 autem;
1331 2926 1536 2992 ecclés.,
1588 2936 1720 2982 tom.
1750 2929 1839 2993 III,
1862 2946 1983 3001 pag.
2021 2932 2145 2998 288,

570 3014 690 3069 illas
719 3016 982 3086 epistolas
1028 3018 1320 3088 diligenter
1354 3021 1664 3085 recensuit;
1705 3020 1904 3076 Oudin.
1929 3039 2148 3093 quoque

568 3108 606 3162 1.
636 3124 709 3173 c.,
748 3124 871 3180 pag.
913 3109 1048 3163 1010
1090 3125 1235 3179 sqq.,
1290 3110 1405 3165 LXl
1452 3110 1639 3183 Cyrilli
1700 3113 1979 3183 epistolas,
2015 3131 2149 3185 qua-

571 3216 693 3254 rum
726 3201 975 3271 plurimae
1003 3201 1069 3255 ad
1089 3202 1372 3257 historiam
1404 3203 1621 3257 concilii
1673 3204 1933 3274 Ephesini
1957 3248 1970 3271 ,
1998 3216 2053 3262 et
2080 3208 2148 3262 ad

569 3290 943 3345 dissensiones
990 3290 1177 3361 Cyrilli
1236 3306 1359 3345 eum
1412 3291 1496 3345 Jo.
1534 3293 1872 3349 Antiocheno
1919 3296 2150 3368 aliisque

568 3381 945 3437 Orientalibus
996 3382 1294 3451 pertinent,
1334 3394 1641 3448 enumerat,
1669 3395 1727 3439 ct
1768 3387 1835 3440 de
1872 3390 2152 3443 nonnullis

570 3473 817 3543 quaedam
862 3484 1116 3541 annotat;
1141 3475 1398 3545 denique,
1432 3495 1449 3526 ι
1476 3477 1678 3545 quibus
1710 3480 2017 3549 (epistolis),
2051 3482 2145 3544 ait,

571 3566 701 3621 addi
755 3566 967 3635 possint
1010 3566 1129 3621 alia:
1176 3565 1317 3630 duae,
1372 3567 1633 3622 nimirum
1683 3570 1911 3639 epistola
1959 3572 2150 3644 Cyrilli

570 3660 722 3714 Alex.
760 3658 826 3712 ad
859 3657 1137 3729 Optimum
1157 3660 1473 3728 episcopum
1496 3701 1510 3724 ,
1545 3660 1601 3714 in
1642 3662 1809 3717 verba
1845 3663 2147 3733 Geneseos,

571 3750 752 3807 Omnis
795 3753 883 3822 qui
935 3750 1177 3805 occiderit
1222 3750 1377 3815 Cain,
1434 3754 1488 3807 in
1537 3754 1841 3826 septuplum
1879 3759 2146 3827 punietur,

570 3854 703 3907 etc.,
736 3843 830 3898 Gr.
873 3852 930 3897 et
984 3843 1102 3898 Lat.
1131 3842 1277 3897 edita
1319 3843 1373 3897 in
1419 3843 1673 3900 Chronico
1715 3847 2007 3902 Alexandr.
2057 3851 2145 3905 ed.

572 3936 762 3991 Matth.
797 3936 1034 4001 Raderi;
1077 3937 1249 3990 altera
1274 3978 1287 4001 ,
1326 3937 1588 4008 inscripta
1621 3956 1632 3992 :
1674 3938 2148 3997 Commonitorium

572 4029 635 4081 de
650 4028 908 4093 Nestorio,
936 4029 1081 4098 quod
1107 4030 1313 4099 primus
1336 4030 1391 4084 in
1423 4031 1598 4085 lucem
1622 4033 1821 4088 extulit
1840 4033 2149 4104 Stephanus

573 4117 847 4182 Baluzius,
880 4118 972 4174 Gr.
1002 4128 1058 4173 et
1093 4120 1211 4173 Lat.
1244 4122 1298 4173 in
1329 4120 1478 4174 Nova
1511 4120 1819 4175 collectione
1849 4125 2145 4190 concilior.,

573 4210 746 4266 Paris.
783 4211 937 4275 1685,
974 4212 1092 4275 fol.,
1121 4228 1174 4281 p.
1202 4211 1337 4277 5'77;
1375 4212 1613 4282 denique
1657 4213 1902 4285 prologus
1942 4213 2000 4268 S.
2044 4215 2148 4287 Cy-

574 4302 685 4356 rilli
720 4319 813 4374 pro
839 4303 981 4374 cyclo
1017 4320 1114 4358 xcv
1147 4321 1430 4368 annorum,
1451 4304 1639 4359 Latine
1667 4317 1877 4360 tantum
1905 4307 1973 4360 ab
1994 4306 2147 4377 Algi-

572 4396 664 4452 dio
692 4394 982 4461 Bucherio,
1011 4396 1067 4452 S.
1093 4398 1166 4460 1.,
1193 4398 1295 4451 sub
1321 4397 1481 4453 linem
1511 4398 1903 4454 Commentarii
1947 4399 2003 4453 in
2042 4399 2148 4454 Ca-

2248 1928 2394 1980 lnter
2416 1942 2540 1995 epp.
2579 1931 2663 1977 est
2683 1938 2737 1992 p.
2765 1922 2866 1975 174
2887 1920 2977 1975 ed.
3012 1935 3099 1989 ep.
3134 1918 3199 1972 ad
3237 1917 3529 1971 Maximum
3556 1915 3823 1984 aliosque.

2248 2032 2369 2085 qua:
2400 2025 2486 2070 est
2516 2015 2657 2083 disp.
2694 2020 2884 2068 contra
2909 2025 3004 2064 eos
3028 2006 3405 2065 Occidentales
3426 2006 3519 2075 qui
3549 2004 3825 2059 Theodori
3850 2034 3857 2039 ο

2249 2108 2449 2178 placita
2474 2119 2778 2161 consonare
2809 2118 2934 2157 cum
2962 2100 3217 2163 formula,
3263 2099 3511 2152 dicerent
3532 2136 3545 2161 ,
3578 2094 3703 2151 ﬁdei
3734 2095 3827 2151 Ni-

2250 2214 2431 2262 caeum,
2486 2206 2543 2253 et
2596 2200 2699 2251 sub
2764 2194 2985 2249 nomine
3028 2211 3040 2244 :
3092 2190 3362 2262 Expositio
3399 2190 3455 2242 in
3509 2186 3823 2259 symbolum,

2248 2299 2426 2346 exstat
2446 2290 2502 2343 in
2534 2289 2693 2343 codd.
2726 2297 2889 2357 atque
2921 2286 2977 2340 in
3007 2283 3175 2338 Mansi
3216 2280 3469 2344 Collect.,
3504 2288 3636 2344 etc.,
3691 2287 3821 2333 tom.

2249 2382 2314 2445 V,
2350 2398 2403 2452 p.
2436 2381 2559 2435 585.
2593 2381 2759 2434 11Αιιι..

2322 2474 2401 2527 ιδ’.
2448 2470 2903 2545 Προσφωνητικὸς
2943 2469 3012 2523 ad
3061 2469 3434 2537 imperatorem
3491 2462 3825 2516 Theodosium

2247 2567 2548 2629 Juniorem,
2583 2565 2712 2632 περὶ
2740 2563 2841 2631 τῆς
2879 2561 3049 2634 ὀρθῆς
3080 2560 3336 2623 πίστεως,
3367 2557 3432 2609 de
3463 2564 3605 2609 recta
3633 2556 3689 2607 in
3716 2552 3826 2607 Do.

2252 2661 2452 2712 minam
2480 2654 2924 2711 nostrum'Jesum
2959 2650 3224 2707 Christum
3252 2649 3376 2717 ﬁde.
3404 2648 3463 2702 P.
3495 2645 3648 2700 1-42.
3682 2643 3826 2699 Inci-

2249 2752 2368 2823 pit:
2397 2750 2509 2818 Τῆς
2543 2749 2641 2819 μὲν
2678 2750 2735 2800 ἐν
2769 2743 3076 2817 ἀνθρώποις
3120 2741 3369 2804 εὐκλείας
3416 2741 3477 2791 τὸ
3530 2735 3826 2791 ἀνώτατον.

2251 2843 2500 2912 Scriptus
2528 2840 2591 2895 A.
2625 2839 2688 2895 (Ἰ.
2720 2840 2842 2893 450.
2878 2837 3013 2891 Vide
3046 2834 3452 2889 Tillemontium
3498 2839 3630 2884 tom.
3687 2827 3826 2892 XIV,

2250 2952 2303 3005 p.
2324 2934 2428 2988 540
2448 2950 2566 3003 sqq.
2592 2933 2652 2987 In
2683 2930 2891 2985 Latinis
2919 2927 3257 2984 editionibus
3278 2923 3517 2980 occurrit
3538 2922 3622 2977 Jo.
3648 2919 3828 2976 ΟΕρο-

2250 3027 2506 3098 lampadii
2539 3024 2939 3096 interpretatio.
2982 3022 3121 3077 Cum
3147 3021 3253 3075 alia
3277 3018 3527 3074 versione
3550 3017 3605 3071 in
3629 3023 3781 3085 parte
3808 3031 3839 3069 r

2251 3119 2512 3173 Actorum
2539 3117 2756 3172 concilii
2786 3115 3070 3185 Ephesini,
3112 3114 3299 3169 Romae
3327 3110 3485 3177 1608,
3507 3118 3672 3179 atque
3702 3106 3835 3161 inde

2254 3209 2307 3262 in
2336 3208 2562 3261 Biniana
2600 3221 2651 3260 a.
2680 3204 2837 3269 1618,
2871 3214 3004 3258 ιοιιι.
3037 3204 3079 3267 I,
3114 3220 3168 3273 p.
3206 3201 3294 3267 20,
3330 3210 3493 3271 atque
3539 3198 3829 3253 Labbeana

2253 3308 2384 3353 tom.
2432 3298 2521 3363 III,
2576 3313 2632 3368 p.
2690 3298 2779 3361 45,
2844 3296 3044 3351 citatur
3093 3294 3146 3348 in
3187 3292 3421 3348 concilio
3464 3307 3516 3346 vt
3543 3291 3768 3346 Actione
3796 3288 3837 3343 ii

2251 3402 2308 3448 et
2343 3391 2429 3445 10.

2326 3492 2403 3538 ιε’.
2426 3480 2880 3555 Προσφωνητικδς
2900 3483 3019 3545 cui;
3040 3477 3455 3540 εὐσεϐεστάταις
3472 3474 3829 3548 βασιλίσσαις,

2252 3579 2397 3647 λόγοι
2430 3579 2494 3648 β’.
2526 3579 2670 3633 Libri
2714 3578 2825 3631 duo.
2862 3577 2925 3630 de
2968 3586 3112 3629 recta
3141 3574 3245 3643 ﬁde
3291 3573 3359 3627 ad
3411 3570 3829 3642 religiosissimos

2253 3674 2484 3743 reginas,
2553 3668 2846 3726 Theodosii
2905 3667 3151 3725 Junioris
3205 3667 3509 3736 coniugem,
3564 3662 3830 3717 Liciniam

2252 3763 2576 3827 Eudoxiam,
2626 3775 2977 3829 sororesque,
3028 3756 3304 3812 Flacillam
3356 3763 3412 3810 et
3460 3752 3837 3809 Puleheriam-

2253 3854 2366 3909 Sub
2400 3854 2545 3909 idem
2574 3862 2788 3924 tempus
2815 3850 3006 3921 scripti
3030 3865 3155 3904 eum
3186 3848 3486 3919 superiore.
3515 3846 3671 3902 Prior
3705 3861 3829 3916 pag.

2251 3946 2476 4001 42-127.
2502 3945 2701 4015 Incipit
2737 3944 3130 4014 Σεμνολόγημα
3158 3941 3255 4009 μὲν
3298 3939 3689 4011 οἱκουμενικὸν.
3723 3938 3830 3991 Ρο-

2251 4038 2448 4091 sterior
2476 4054 2530 4107 p.
2566 4034 2823 4090 128-180.
2866 4034 3099 4103 Incipit:
3134 4032 3261 4093 Τοῖς
3282 4031 3344 4083 τὸ
3365 4030 3511 4083 θεῖον
3540 4029 3634 4083 καὶ
3668 4028 3839 4099 οὐρά-

2250 4144 2360 4180 νιον
2408 4125 2745 4198 ἱερουργοῠσι
2792 4125 3073 4196 κήρυγμα.
3121 4123 3373 4179 Citantur
3416 4137 3468 4189 μ.
3505 4119 3677 4188 488q.
3711 4117 3840 4171 loca

2250 4216 2530 4271 Athanasii
2578 4219 2641 4268 ἐκ
2700 4215 2793 4268 τοῦ
2842 4216 2981 4283 Περὶ
3031 4212 3387 4281 σαρκώσεως
3419 4211 3624 4277 λόγου,
3664 4206 3835 4262 Attici

2249 4308 2515 4377 episcopi,
2527 4307 2781 4363 Antiochi
2798 4306 3062 4376 episcopi,
3076 4303 3251 4374 Amph
3259 4301 3441 4355 ilochii
3464 4297 3703 4369 episcopi
3716 4298 3837 4352 leo-

2250 4399 2348 4463 nii,
2363 4400 2427 4451 ὲκ
2445 4396 2538 4451 τοῦ
2560 4399 2695 4466 Περὶ
2716 4397 2825 4464 τῆς
2846 4398 2994 4450 κατὰ
3011 4394 3211 4462 σάρκα
3224 4391 3586 4462 γεννήσεως,
3611 4389 3837 4442 Ammo-

572 4503 773 4541 nonem
829 4489 1139 4558 paschalcm
1209 4490 1449 4545 Victoris
1521 4490 1800 4561 Aquitani.
1872 4490 2140 4561 Antuerp.
2179 4506 2222 4560 ι)
2255 4491 2359 4555 nis,
2406 4490 2649 4560 episcopi
2722 4486 3216 4558 AdrianOpolitani,
3282 4483 3526 4545 Joannis,
3589 4480 3833 4551 episcopi

575 4574 731 4628 1655.
770 4595 786 4626 ι
824 4576 989 4637 Infra,
1022 4593 1075 4629 ιι.
1113 4578 1232 4640 150,
1274 4581 1539 4634 asseritur
1571 4581 1742 4634 editio
1789 4597 1839 4635 a.
1889 4582 2045 4636 1654.
2082 4614 2152 4621 -

573 4667 787 4723 Walch.
816 4683 1033 4737 quoque
1059 4668 1114 4723 in
1135 4669 1272 4722 Hist.
1324 4672 1476 4734 ham,
1511 4671 1575 4735 V,
1624 4673 1847 4741 passim,
1873 4689 1923 4726 e.
1959 4690 2063 4743 gr.,
2094 4691 2146 4745 p.

572 4759 677 4815 555
705 4775 811 4831 sq.,
839 4760 963 4825 556,
991 4760 1093 4815 558
1140 4770 1197 4817 et
1244 4762 1394 4827 alibi,
1424 4763 1477 4816 in
1525 4764 1719 4833 primis
1745 4782 1866 4836 pag.
1893 4767 2148 4832 582-410,

571 4851 914 4923 frequentem
946 4852 1302 4924 epistolarum
1331 4854 1515 4926 Cyrilli
1560 4856 1691 4910 facit
1728 4860 2061 4914 mentionem
2083 4862 2151 4915 ad

574 4946 950 5002 illustrandam
978 4946 1264 5001 historiam
1299 4948 1572 5003 haereseos
1620 4949 1977 5007 Nestoriantc.
1999 4952 2151 5007 Man-

573 5038 689 5091 sius
715 5038 770 5091 in
804 5038 1023 5093 Collect.
1043 5037 1229 5092 concil.
1253 5037 1518 5109 ampliss.,
1544 5048 1675 5094 tom.
1700 5039 1764 5093 IV
1781 5048 1836 5095 et
1858 5041 1923 5105 V,
1943 5043 2153 5112 recepit

573 5144 665 5183 eas
717 5145 838 5198 quae
891 5130 959 5184 ad
1002 5130 1432 5185 controversiam
1487 5130 1671 5202 Cyrilli
1736 5146 1858 5185 eum
1900 5132 2151 5187 Nestorio

574 5221 869 5289 pertinent.
896 5210 1059 5285 Add.,
1088 5224 1196 5277 vol.
1239 5224 1279 5286 I,
1319 5240 1371 5292 p.
1415 5222 1537 5287 700,
1570 5223 1746 5286 XLV;
1815 5224 1882 5279 de
1915 5224 2150 5279 Combe-

575 5310 679 5364 lisii
709 5310 845 5365 edit.
878 5312 1112 5375 Maximi,
1141 5314 1247 5366 vol.
1276 5313 1410 5377 VIII,
1433 5329 1486 5383 p.
1520 5313 1616 5366 7M
1646 5323 1755 5367 vet.
1793 5314 1905 5379 cd.,
1936 5325 1992 5368 et
2037 5315 2147 5369 vol.

574 5402 665 5469 IX,
698 5404 765 5459 de
799 5405 1013 5465 Photio,
1046 5423 1100 5475 p.
1136 5405 1259 5469 595,
1299 5406 1432 5470 LIV,
1493 5415 1601 5461 vet.
1625 5407 1715 5461 ed.
1752 5438 1821 5447 ——
1853 5408 1911 5461 In
1964 5408 2152 5463 multis

575 5497 736 5552 codd.
789 5508 1018 5554 servata:
1074 5509 1203 5554 sunt
1237 5500 1503 5567 epistolae,
1552 5515 1702 5554 nunc
1748 5500 1957 5569 plures,
2005 5517 2155 5556 nunc

575 5590 881 5659 pauciores,
918 5600 1013 5645 aut
1069 5606 1176 5643 una
1229 5590 1489 5645 alterave.
1534 5591 1609 5645 De
1660 5590 1821 5644 codd.
1890 5590 2153 5646 Cmsarcis

576 5680 910 5737 Vindobontn
938 5682 999 5735 V.
1030 5681 1285 5737 Lambec.
1320 5679 1635 5745 Comment,
1663 5681 1715 5735 in
1748 5680 1917 5743 indic,
1946 5682 2010 5735 ad
2040 5682 2145 5735 vol.

574 5771 665 5837 Ill,
704 5774 769 5829 IV
794 5784 849 5830 et
879 5775 1015 5841 VIII,
1051 5784 1144 5830 aut
1197 5773 1423 5831 Nesselii
1480 5774 1657 5830 Catal.
1704 5774 1755 5828 in
1799 5774 1935 5838 ind.,
1980 5790 2033 5842 p.
2084 5773 2151 5829 11

2253 4582 2752 4652 Constantinopol.,
2790 4580 3071 4637 Severiani
3095 4578 3360 4649 episcopi,
3388 4574 3578 4630 Vitalis
3614 4573 3834 4644 episco-

2254 4673 2330 4744 pi,
2370 4675 2435 4726 ὲκ
2462 4672 2558 4726 τοῦ
2586 4673 2725 4740 Περὶ
2756 4675 3016 4735 πίστεως
3046 4670 3225 4737 λόγου,
3279 4677 3336 4722 et
3375 4664 3667 4735 Theophili
3707 4664 3837 4733 epi-

2254 4766 2424 4835 scopi,
2454 4767 2519 4818 ὲκ
2548 4764 2640 4817 τοῦ
2671 4761 3119 4833 προσφωνητικοῦ
3141 4760 3300 4829 λόγου
3328 4758 3476 4826 πρὸς
3504 4755 3646 4822 τοὺς
3684 4772 3838 4825 φρο-

2253 4859 2513 4925 νοῦντας
2533 4860 2605 4911 τὰ
2637 4856 2990 4926 Ὠριγένους.
3026 4855 3087 4909 In
3114 4853 3324 4907 Latinis
3365 4848 3701 4905 editionibus
3732 4862 3837 4902 oe-

2255 4950 2433 5005 currit
2454 4951 2539 5005 Jo.
2568 4948 2982 5018 OEcolampadii
3010 4943 3410 5015 interpretatio.
3439 4940 3526 5013 [.V.
3561 4955 3722 5011 supra
3761 4940 3836 4994 ad

2255 5041 2373 5111 §Ill
2396 5081 2410 5105 ,
2442 5040 2510 5094 de
2538 5039 2696 5094 editt.
2734 5038 2882 5109 Lat.)
2912 5036 3017 5092 Sed
3049 5035 3325 5090 Aubertus
3360 5031 3597 5087 servavit
3619 5030 3834 5085 versio-

2254 5148 2381 5188 nem
2409 5147 2643 5201 quaeum
2672 5132 2727 5185 hi
2749 5130 2878 5185 libri
2908 5128 3160 5198 prodiere
3206 5126 3261 5179 in
3306 5133 3460 5195 parte
3505 5138 3522 5175 ι
3566 5126 3835 5176 Actorum

2255 5223 2471 5279 concilii
2501 5223 2785 5292 Ephesini,
2820 5221 2955 5275 edit.
2999 5218 3241 5273 Biniante
3288 5215 3557 5286 (quaejam
3584 5212 3719 5266 mihi
3760 5213 3836 5267 ad

2254 5313 2494 5383 manus),
2518 5321 2652 5367 tom.
2691 5312 2733 5375 I,
2764 5328 2819 5382 p.
2855 5310 2922 5364 45
2956 5318 3013 5363 et
3036 5307 3122 5362 90.
3154 5306 3410 5361 Citantur
3439 5304 3507 5360 ab
3535 5303 3837 5374 Ephraimb

2254 5416 2309 5461 et
2343 5405 2572 5475 Eulogio
2597 5404 2741 5475 apud
2786 5402 3041 5458 Photium
3086 5399 3209 5453 cod.
3243 5412 3453 5460 ccxxrx,
3495 5411 3684 5458 ccxxx,
3710 5403 3767 5448 et
3797 5409 3837 5450 ει

2257 5499 2441 5553 Leone
2464 5498 2534 5552 M.
2563 5496 2799 5567 epistola
2832 5495 2953 5548 154.
2982 5493 3213 5548 ΡΑιιιι.-
3231 5490 3387 5547 Conl.
3411 5487 3623 5543 Walch.
3673 5488 3709 5541 l.
3752 5502 3832 5552 c.,

2255 5608 2375 5662 pag.
2391 5590 2495 5645 584
2513 5588 3012 5660 sq.——Vindohonaa
3034 5586 3088 5640 in
3114 5583 3384 5639 eod.Ca:s.
3412 5580 3744 5647 LXXXVIII,
3767 5598 3828 5636 ιι.

2254 5683 2306 5748 5,
2330 5683 2407 5737 De
2433 5691 2576 5735 recta
2618 5682 2723 5748 ﬁde
2749 5680 2889 5735 liber
2932 5676 3206 5734 secundus
3238 5676 3305 5730 ad
3345 5672 3743 5745 imperatriees,
3771 5672 3829 5727 in

2256 5775 2614 5849 quadraginta
2678 5772 2780 5827 tria
2822 5772 3001 5843 capita
3057 5769 3303 5834 divisus;
3356 5775 3517 5838 atque
3569 5766 3826 5821 Lambec.
