4154 6536
266 377 328 431 οι
1507 382 1792 440 norma
1831 381 1924 437 ax
1965 375 2302 435 memoro.
3477 360 3544 418 ea

266 490 496 556 Comm”,
523 490 616 558 III,
641 493 847 562 p.415,
879 502 1021 557 not.,
1049 510 1174 550 eum
1209 495 1436 561 librum,
1483 498 1782 563 existimat,
1834 514 1864 552 a
1897 505 1937 560 Α
1968 493 2161 568 synodi
2200 491 2515 563 Ephesiae,
2554 498 2686 544 tom.
2719 487 2740 542 I
2779 486 2944 552 Binii,
2973 501 3094 557 pag.
3141 484 3266 549 511,
3298 493 3545 550 auctore,

265 580 472 654 Cyrillo
500 582 620 652 ipso
659 583 716 637 in
750 591 834 638 tot
856 585 1035 656 capita
1059 586 1229 641 fuisse
1265 587 1543 653 divisum;
1574 597 1765 642 contra
1806 589 1861 642 in

269 673 639 727 conciliorum
675 676 1014 746 generalium
1053 678 1187 732 edit.
1228 677 1572 733 Graeco—Lat.
1606 680 1863 734 Vaticana

267 780 319 819 a.
351 765 510 830 1608,
546 775 679 820 tom.
708 767 752 831 I,
779 784 833 838 p.
863 768 990 833 216,
1033 768 1245 824 divisus
1297 779 1382 824 est
1411 769 1466 823 in
1515 786 1673 840 capp.
1699 772 1863 840 quin-

269 856 531 927 quaginta
601 875 818 914 novem.
857 890 928 899 -—
971 861 1141 915 Paris.
1203 861 1258 914 in
1318 862 1452 915 bibl.
1521 862 1672 932 publ.
1741 862 1862 915 cod.

270 946 757 1015 DCCCLXXXVII,
792 969 845 1005 n.
875 952 909 1005 5
946 962 1002 1007 et
1027 954 1080 1019 4,
1118 953 1393 1024 Expositio
1438 954 1740 1008 orthodoxa:
1793 952 1863 1021 ﬁ-

271 1037 352 1091 dei
379 1048 436 1093 et
458 1055 650 1109 opusc.
692 1041 755 1096 de
782 1041 1066 1099 Trinitate.
1102 1043 1274 1098 HARL.

343 1130 498 1185 Τοιιο
539 1133 851 1200 ν11.--ις’.
881 1137 1039 1189 Κατὰ
1060 1136 1167 1190 τῶν
1210 1137 1504 1208 Νεστορίου
1545 1135 1864 1208 δυπςςημιῶν

274 1224 634 1290 πεντὰὅιϐλος
661 1227 999 1299 ἀντίρῤησιῖ,
1035 1228 1297 1283 Adversus
1353 1230 1582 1284 Nestorii
1622 1229 1863 1300 blasphe—

274 1314 412 1367 mia:
442 1316 920 1371 contradictionum
945 1316 1064 1371 libri
1099 1318 1156 1383 V,
1187 1335 1309 1390 pag.
1343 1319 1530 1373 1-145.
1565 1319 1702 1374 Cum
1738 1336 1863 1374 ver-

274 1405 429 1460 sione
454 1405 680 1460 Antonii
721 1406 942 1477 Agellii,
987 1408 1319 1464 Acernensis
1358 1411 1602 1481 episcopi
1626 1412 1725 1482 (a),
1771 1411 1865 1480 qui

273 1497 490 1567 primus
541 1508 772 1569 utraque
813 1499 999 1571 lingua
1030 1501 1278 1556 ediderat
1326 1503 1484 1557 Rom.
1533 1502 1690 1566 1608,
1743 1502 1862 1569 fol.,

274 1605 402 1644 cum
440 1592 609 1655 notis,
643 1592 932 1662 adjunctos
953 1592 1275 1648 Collectioni
1311 1595 1667 1649 conciliorum
1699 1611 1864 1665 gene-

274 1683 498 1749 ralium,
525 1685 681 1739 Pauli
712 1685 754 1739 V
784 1684 1065 1755 pontilicis
1087 1686 1348 1756 auspiciis
1367 1687 1553 1742 Graece
1583 1697 1638 1741 et
1673 1686 1866 1742 Latine

273 1776 624 1846 vulgatorum
655 1777 913 1832 aJacobo
968 1777 1281 1844 Sirmondo,
1313 1779 1574 1849 quoniam
1629 1779 1684 1832 in
1736 1795 1862 1833 mss.

1963 596 2025 641 ut
2053 583 2293 646 videtur,
2324 582 2490 636 Petro
2519 579 2752 643 Morino,
2784 578 2942 649 cujus
2959 576 3242 646 opuscula,
3265 575 3311 629 si
3346 574 3546 644 placet,

1965 678 2087 734 vide
2117 677 2288 731 Paris.
2328 674 2484 737 1675,
2515 672 2573 726 iu
2608 671 2674 724 12
2699 685 2922 734 excusa,
2969 685 3022 739 p.
3073 668 3198 732 519,
3246 667 3372 731 551,
3421 665 3545 720 555.

1963 766 2196 820 I~‘.\na.—
2222 762 2494 817 Monachii
2522 762 2576 815 in
2611 759 2734 814 eod.
2769 759 2830 814 C.
2861 759 2937 812 De
2970 767 3110 812 recta
3141 757 3245 827 ﬁde
3267 757 3447 827 capita
3481 756 3548 810 12

1963 864 2155 909 contra
2189 854 2527 909 Nestorium.
2559 853 2622 908 V.
2655 851 2774 907 Cat.
2807 852 2958 906 codd.
2995 853 3091 907 Gr.
3123 851 3345 916 Bavar.,
3369 867 3422 921 p.
3455 850 3544 903 58.

1963 978 2032 986 ——
2052 945 2384 1001 Vindobonae
2416 945 2470 999 in
2501 944 2625 998 cod.
2655 943 2858 998 Caesar.
2894 943 3076 1006 CLXI,
3108 959 3165 996 n.
3190 943 3244 1007 5,
3272 957 3340 996 ex
3359 940 3548 1013 Cyrilli

1965 1039 2257 1094 duodecim
2294 1045 2484 1092 contra
2536 1036 2849 1090 Nestorium
2897 1035 3172 1104 capitibus
3227 1034 3546 1090 anathema-

1965 1131 2161 1186 tismus
2193 1146 2393 1194 nonus,
2426 1144 2550 1183 cum
2579 1127 2895 1192 antirrhesi,
2937 1127 3053 1182 sive
3087 1127 3544 1191 contradictione,

1966 1222 2317 1286 Theodoreti,
2351 1222 2518 1291 episc.
2554 1220 2834 1292 Cyrensis,
2866 1229 2922 1275 et
2947 1219 3196 1290 apologia
3236 1217 3543 1290 S.Cyrilli;

1966 1317 2145 1387 agitur
2181 1316 2254 1370 ibi
2291 1315 2357 1370 de
2385 1313 2738 1385 processione
2768 1312 3007 1382 Spiritus
3039 1313 3234 1366 sancti.
3287 1312 3351 1366 V.
3381 1312 3548 1366 Lam-

1966 1409 2110 1474 bec.,
2152 1409 2239 1473 IV,
2279 1424 2334 1478 p.
2375 1407 2588 1462 559.-
2617 1406 2674 1458 In
2725 1405 2846 1459 cod.
2878 1405 3101 1459 Baroce.
3149 1403 3353 1459 CLVIII
3387 1419 3547 1474 capp.

1969 1501 2034 1554 I2
2077 1510 2258 1553 contra
2307 1498 2628 1552 Nestorium.
2673 1497 2807 1551 Item
2860 1495 2915 1550 in
2974 1495 3151 1549 tribus
3209 1495 3368 1550 codd.
3410 1495 3546 1550 bibl.

1966 1594 2116 1665 publ.
2151 1594 2321 1648 Paris.
2341 1592 2482 1646 —in
2513 1591 2705 1645 Mansii
2727 1591 2956 1646 Collect.
2991 1597 3122 1654 etc.,
3151 1588 3216 1653 V,
3248 1605 3304 1658 p.
3330 1588 3381 1642 1.
3409 1587 3548 1643 Coll.

1970 1695 2100 1740 tom.
2129 1687 2217 1752 IV,
2240 1703 2293 1756 p.
2317 1684 2470 1739 1419.
2489 1715 2558 1723 -
2573 1685 2648 1738 De
2673 1683 2722 1737 la
2740 1682 2912 1738 Croze
2947 1682 2999 1736 in
3025 1682 3291 1736 Thesauro
3313 1680 3547 1752 epistol.,

1969 1786 2102 1832 tom.
2139 1779 2180 1838 I.
2217 1794 2270 1848 p.
2306 1777 2408 1831 195
2433 1793 2578 1846 sqq.,
2613 1776 2787 1829 multa
2815 1775 3036 1844 scripsit
3069 1774 3136 1828 de
3168 1772 3372 1845 Cyrillo
3400 1774 3549 1844 ejus-

274 1866 564 1921 codicibus
592 1867 794 1922 Grrecis
819 1867 1011 1940 synodi
1042 1869 1330 1938 Ephesinae
1365 1870 1574 1925 inventi
1623 1869 1859 1924 fuerant.
1899 1873 1937 1928 Β
1965 1887 2072 1941 que
2113 1869 2555 1941 Apollinarismo,
2586 1876 2643 1922 et
2668 1867 2812 1921 inter
2841 1867 2947 1920 alia
2977 1885 2989 1920 :
3034 1887 3051 1917 ‹
3096 1865 3153 1921 Si
3184 1866 3317 1936 quid
3340 1865 3550 1938 judico,

275 1958 414 2014 Vide
439 1959 718 2016 Sirmondi
743 1961 942 2031 Opera,
969 1971 1102 2016 tom.
1128 1963 1218 2026 IV,
1243 1979 1296 2034 p.
1324 1963 1446 2018 612.
1491 1962 1736 2017 Meminit
1759 1963 1864 2017 hu-

269 2051 362 2124 jus
389 2053 577 2122 operis
602 2053 903 2122 pcntabibli
940 2053 1181 2125 Cyrillus
1227 2054 1341 2124 ipse
1379 2055 1538 2124 epist.
1584 2053 1654 2108 ad
1697 2055 1865 2108 Eulo-

272 2142 447 2214 gium,
478 2160 532 2214 p.
563 2144 686 2208 154,
718 2155 773 2199 et
795 2145 976 2214 priore
996 2145 1064 2200 ad
1089 2144 1446 2211 Succensum,
1479 2162 1532 2215 p.
1568 2145 1687 2198 MO.
1720 2144 1865 2200 Gen-

271 2235 476 2288 nadius
495 2236 709 2305 cap.57,
741 2237 835 2306 qui
860 2235 1081 2308 ἕλεγχον
1111 2239 1368 2308 appellat,
1393 2254 1456 2292 ac
1487 2237 1717 2292 Photius
1742 2237 1863 2292 cod.

273 2325 445 2382 XLIX
487 2339 543 2383 et
584 2328 815 2383 CLXIX.
873 2329 1140 2401 Excerpta
1181 2348 1208 2384 e
1248 2330 1480 2385 Nestorii
1529 2329 1696 2394 libris,
1753 2339 1866 2384 tum

273 2436 400 2490 quae
434 2421 491 2476 in
525 2422 630 2477 hoc
660 2438 826 2493 opere
869 2422 1109 2494 Cyrillus
1151 2424 1514 2494 oppugnanda
1561 2424 1666 2479 sibi
1714 2440 1868 2479 sum-

271 2514 405 2583 psit,
433 2524 549 2568 tum
580 2531 701 2585 quae
743 2515 1024 2585 Ephesino
1059 2515 1293 2570 concilio
1325 2515 1396 2586 (b)
1441 2517 1657 2581 Petrus,
1709 2524 1868 2568 nota-

273 2605 485 2660 riorum
511 2607 884 2677 primicerius,
915 2607 1136 2672 obtulit,
1171 2617 1301 2662 tom.
1340 2607 1360 2662 I
1390 2608 1552 2672 Binii,
1579 2625 1632 2678 p.
1664 2607 1784 2672 I98,
1815 2616 1871 2662 et

272 2704 412 2750 tom.
441 2697 509 2763 II,
540 2715 595 2769 p.
626 2699 729 2752 158
765 2715 910 2769 sqq.,
960 2708 1076 2754 tum
1121 2701 1338 2754 tertiam
1387 2700 1788 2763 collectionem,
1837 2715 1868 2753 a

270 2784 481 2856 Cyrillo
516 2788 718 2858 Ephesi
743 2787 961 2853 factam,
990 2798 1046 2843 et
1082 2805 1149 2844 ex
1181 2789 1296 2843 sola
1319 2789 1512 2843 Latina
1545 2789 1702 2843 Marii
1730 2790 1870 2843 Mer-

271 2877 483 2931 catoris
505 2877 759 2933 versione
793 2878 972 2932 adhuc
998 2878 1350 2948 superstitem
1391 2879 1560 2934 habes
1587 2878 1640 2932 in
1669 2875 1870 2933 Merca-

274 2975 392 3021 tore
419 2967 699 3031 Garnerii,
729 2977 862 3024 tom.
912 2969 980 3033 II,
1030 2985 1153 3040 pag.
1200 2969 1435 3035 95-IIO;
1488 2970 1691 3040 quibus
1725 2970 1868 3025 idem

273 3057 584 3114 Garnerius
630 3059 737 3113 alia
770 3059 844 3114 ibi
879 3060 1116 3115 Nestorii
1158 3060 1323 3123 dicta,
1355 3077 1385 3116 c
1418 3061 1605 3133 Cyrilli
1651 3062 1871 3132 scriptis

273 3164 307 3203 a
353 3166 413 3204 se
443 3151 694 3216 collecta,
727 3151 955 3206 addidit.
991 3152 1410 3208 Fann.—Conl‘.
1464 3154 1676 3208 Walch.
1728 3155 1864 3210 Hist.

1966 1961 2288 2031 disceptatio
2311 1975 2437 2014 cum
2452 1958 2705 2013 Nestorio
2724 1967 2779 2012 et
2797 1958 2920 2012 lites
2941 1972 3064 2010 cum
3082 1955 3552 2026 Orientalibusip-

1967 2069 2086 2107 sum
2104 2052 2444 2115 erudierant,
2459 2058 2514 2104 et
2528 2049 2596 2104 ad
2610 2049 2890 2103 meliorem
2907 2049 3118 2119 frugem
3138 2055 3548 2102 revocaverant.

1968 2149 2165 2218 Aliquo
2213 2146 2377 2201 modo
2442 2145 2771 2216 παλινῳδίαν
2829 2146 3120 2210 cecinerat,
3175 2155 3267 2210 et,
3325 2161 3448 2216 quae
3496 2147 3554 2200 in

1967 2235 2453 2293 Anathematismis
2505 2236 2728 2290 duriora
2759 2234 2932 2290 videri
2958 2244 3212 2306 poterant
3258 2236 3554 2292 Orientaii-

1969 2331 2092 2395 bus,
2135 2328 2508 2385 locationibus
2533 2328 2699 2398 hujus
2730 2326 2877 2380 modi
2914 2343 3024 2382 non
3047 2328 3300 2393 assuetis,
3337 2328 3556 2384 emolli-

1968 2430 2123 2476 verat
2149 2430 2204 2477 et
2228 2429 2562 2482 correxerat,
2595 2439 2612 2469 ι
2640 2427 2746 2473 etc.
2769 2417 2908 2472 Ibid.
2928 2419 3182 2488 promisit
3209 2419 3277 2474 de
3308 2420 3357 2476 la
3381 2419 3554 2475 Croze

1968 2514 2260 2569 Historiam
2292 2513 2867 2568 Anathematismorum
2901 2509 3113 2582 ουτ-ηιξ,
3165 2511 3223 2566 in
3276 2528 3384 2582 qua
3431 2512 3554 2583 opi-

1968 2607 2189 2662 nionem
2238 2605 2559 2661 hominibus
2588 2603 2895 2666 eximeret,
2933 2620 3053 2674 quae
3105 2605 3401 2660 multorum
3455 2623 3556 2676 pe-

1968 2711 2118 2756 ctora
2144 2699 2454 2770 occupavit,
2490 2695 2978 2752 anathematismos
3017 2697 3138 2752 illos
3182 2713 3302 2754 esse
3337 2697 3557 2754 concilii

1967 2793 2251 2863 Ephesini,
2289 2792 2326 2845 i.
2375 2807 2424 2846 e.
2469 2791 2523 2846 in
2578 2791 2673 2846 illo
2715 2789 2926 2859 judicio
2977 2791 3199 2860 publico
3253 2790 3554 2861 probatos;

1968 2897 2316 2941 ostensurum
2368 2901 2425 2940 se
2463 2886 2774 2955 pollicetur,
2824 2884 3109 2956 Cyrillum,
3165 2883 3269 2939 etsi
3320 2883 3554 2938 honesto

1969 2980 2154 3045 modo,
2189 2979 2460 3049 quaedam,
2504 2979 2560 3033 in
2607 2978 3096 3034 Anathematismis
3126 2977 3469 3032 incommode
3501 2984 3558 3031 et

1969 3071 2180 3126 duriter
2217 3071 2384 3135 dicta,
2417 3079 2608 3141 postea
2640 3085 2924 3125 revocasse
2948 3069 3345 3125 ctcorrexisse.
3378 3069 3556 3138 Atque

1971 3162 2265 3217 orientales
2304 3161 2665 3232 metropolita:
2723 3172 2886 3232 atque
2933 3162 3002 3216 ad
3061 3162 3338 3234 synodum
3385 3162 3556 3218 Chal-

272 3241 466 3294 .‘wres.
498 3240 563 3306 V,
596 3256 650 3310 p.
683 3241 786 3295 504
815 3257 959 3311 sqq.,
997 3249 1052 3295 et
1097 3242 1471 3311 passim—In
1515 3244 1649 3298 bibl.
1697 3245 1867 3300 Esco-
1895 3224 1936 3283 (δ
1970 3255 2332 3310 cedonensem
2386 3224 2548 3325 legati
2599 3224 2858 3326 Cyrillum
2913 3224 3139 3324 ejusque
3195 3253 3431 3308 asseclas
3500 3252 3556 3307 in

274 3331 404 3385 rial.
437 3332 561 3386 eod.
590 3333 767 3402 capita
798 3333 990 3388 decem
1013 3334 1279 3391 adversus
1317 3336 1657 3402 Nestorium,
1685 3338 1868 3394 indice

1970 3348 2147 3402 tribus
2171 3347 2370 3404 libellis
2407 3348 2596 3417 (apud
2617 3346 2886 3400 Mansium
2925 3355 3055 3400 tom.
3082 3345 3170 3410 IV,
3207 3362 3261 3416 p.
3315 3345 3454 3399 1405
3497 3356 3557 3399 et

277 3419 483 3475 Plucro
505 3421 543 3474 I.
566 3437 638 3485 c.,
665 3437 720 3492 p.
751 3422 943 3477 l6£.—
961 3421 1151 3493 Capita
1170 3425 1436 3481 adversus
1451 3426 1788 3492 Nestorium,
1814 3429 1870 3484 in
1975 3440 2128 3504 1405,
2157 3447 2321 3510 atque
2354 3439 2408 3492 in
2433 3437 2725 3509 Synodico,
2759 3451 2790 3491 a
2821 3437 3045 3491 Baluzio
3077 3437 3250 3501 edito,
3304 3444 3437 3490 tom.
3489 3435 3554 3498 V,

277 3511 463 3566 tribus
492 3513 651 3568 codd.
687 3515 819 3569 bibl.
854 3515 1006 3586 publ.
1051 3518 1360 3573 Paris—In
1382 3519 1505 3575 cod.
1530 3519 1870 3592 Baluzi‘i,qui
1971 3547 2090 3600 cap,
2117 3531 2206 3595 34,
2237 3546 2293 3600 ρ,
2328 3529 2452 3592 805,
2490 3537 2654 3597 atque
2679 3542 2800 3596 cap.
2833 3527 2922 3592 55,
2965 3542 3019 3597 p.
3057 3527 3181 3596 808)
3235 3526 3560 3580 incusarunt

253 3604 530 3659 continet
552 3605 753 3661 Nicena
781 3607 1064 3664 Choniatze
1084 3609 1390 3665 Acominati
1429 3610 1749 3683 Pauopliam
1775 3615 1870 3668 do-

1971 3635 2218 3675 errorum
2238 3617 2586 3688 Apollinaris,
2617 3614 2732 3670 Arii
2760 3625 2819 3670 et
2844 3617 3122 3670 Eunomii.
3142 3615 3292 3670 Idem
3311 3614 3560 3669 fecerunt

275 3696 767 3768 gmaticam,cujus
784 3697 1021 3754 indicem
1043 3699 1137 3755 Gr.
1161 3711 1217 3756 et
1238 3701 1355 3756 Lat.
1373 3701 1869 3760 ediditllontl‘auc.
1973 3710 2300 3775 Orientales,
2334 3709 2392 3764 in
2423 3708 2674 3780 epistola,
2715 3711 2782 3765 ad
2837 3708 3040 3764 Rufum
3086 3705 3560 3776 Constantinopoli

278 3786 340 3840 in
365 3785 632 3858 Palwogr.
685 3789 807 3855 Cr.,
838 3807 892 3862 p.
922 3789 1025 3845 520
1055 3808 1199 3864 sqq.,
1234 3804 1317 3849 est
1339 3811 1390 3866 p.
1429 3795 1528 3849 150
1553 3795 1716 3850 index
1741 3799 1872 3852 tomi
1975 3801 2122 3866 data,
2151 3801 2244 3856 Gr.
2277 3801 2422 3872 apud
2460 3801 2746 3858 Mansium-
2777 3809 2908 3856 tom.
2948 3799 3036 3864 IV,
3073 3815 3126 3869 p.
3166 3799 3288 3852 144.
3340 3797 3560 3852 Atenim

276 3881 492 3934 octavi:
525 3880 602 3935 De
628 3884 736 3936 vita
760 3891 809 3936 et
830 3885 1016 3939 ltwresi
1036 3885 1291 3950 Nestorii,
1312 3887 1478 3958 deque
1497 3888 1647 3942 dictis
1663 3889 1871 3953 divinis,

278 3972 471 4042 quibus
500 3970 556 4028 S.
586 3991 725 4046 papa
758 3974 1122 4043 Alexandriae,
1158 3977 1412 4049 Cyrillus,
1443 3981 1744 4051 Imjusmodi
1771 3981 1877 4034 lia:-

278 4065 426 4118 resin
452 4069 722 4120 erertit.—
746 4069 805 4122 In
832 4070 954 4124 cod.
997 4071 1111 4126 Roe
1142 4071 1198 4124 in
1226 4071 1359 4126 bibl.
1391 4072 1628 4136 Bodlei.,
1658 4089 1712 4126 n.
1749 4072 1872 4136 9.72,

279 4157 584 4228 disputatio
618 4159 761 4216 inter
787 4161 1046 4234 Cyrillum
1072 4173 1128 4218 et
1166 4164 1498 4219 Nestorium.
1522 4197 1592 4204 ——
1612 4165 1793 4219 Leidre
1821 4165 1876 4218 in

280 4249 412 4303 cod.
444 4249 536 4304 Gr.
569 4250 702 4306 bibl.
734 4254 885 4322 publ.
923 4254 1110 4325 Cyrilli
1156 4257 1486 4325 quaestiones
1527 4266 1721 4312 contra
1767 4256 1876 4311 Nc—

279 4342 580 4397 storianos.
606 4345 667 4400 V.
689 4345 864 4399 Catal.
895 4345 1016 4399 bibl.
1041 4347 1210 4411 Leid.,
1232 4364 1352 4419 pag.
1380 4347 1503 4411 556,
1523 4365 1577 4402 n.
1602 4348 1844 4404 60.—Au
1861 4378 1879 4387 -

275 4441 465 4502 gusta:
506 4435 714 4490 Vindel.
748 4437 803 4490 in
836 4437 984 4501 cod.,
1009 4438 1240 4508 Cyrillus
1269 4449 1317 4494 et
1369 4442 1730 4500 Damascenus
1752 4464 1878 4501 cou-

277 4525 752 4583 traNestorianos.
771 4531 833 4584 V.
853 4532 1064 4587 Reiscr.
1085 4532 1420 4599 lndic.,etc.,
1450 4552 1570 4606 pag.
1598 4539 1685 4593 59.
1710 4540 1874 4594 1τ1Αιιι.

363 4619 451 4685 ιζ’.
505 4621 776 4686 Ἐπίλυσις
805 4623 1144 4687 τῶνδώδεκα
1179 4627 1509 4696 κεφαλαίων.
1551 4629 1874 4700 Explanatio

275 4711 398 4768 XII
416 4713 794 4783 capitulorum,
820 4715 934 4769 sive
964 4716 1548 4773 anathematismorum
1572 4718 1640 4791 (c)
1675 4721 1876 4776 adver-

277 4820 387 4860 sus
424 4804 758 4870 Nestorium,
790 4807 1091 4876 composita
1140 4807 1196 4861 in
1242 4810 1450 4880 synodo
1503 4812 1776 4882 Ephesina
1825 4830 1876 4869 a.

277 4898 416 4962 451,
447 4913 570 4966 pag.
608 4897 860 4952 “5—157.
890 4897 951 4952 In
977 4898 1188 4954 Latinis
1223 4901 1562 4959 editionibus
1604 4905 1805 4976 legitur
1849 4921 1882 4961 e

277 4990 548 5045 versione
580 4989 886 5062 Wolfgangi
913 4991 1166 5047 Musculi.
1206 4993 1311 5048 Sed
1350 4994 1630 5051 Aubertus
1677 5006 1883 5067 prmtu-

279 5085 353 5137 lit
387 5081 698 5136 versionem
728 5097 962 5151 quacum
995 5093 1171 5140 exstat
1206 5085 1262 5139 in
1309 5095 1463 5156 parte
1515 5104 1572 5141 III
1617 5088 1882 5144 Actorum

365 5260 443 5336 ςᾳ)
466 5255 681 5336 Δῐξι-ᾗὶς.
702 5262 877 5336 _'I'oppi
902 5263 1218 5336 Bibliotheca
1264 5265 1620 5336 Napoletana.
1673 5267 1728 5320 in
1766 5268 1874 5321 Na-

281 5331 615 5406 p_(in,_16'i_8,
645 5331 892 5406 φὶ,ιίἁῇ
916 5335 1005 5406 25,
1032 5336 1230 5406 Anton.
1257 5331 1483 5406 Agelius
1506 5337 1708 5392 dicitur
1733 5337 1876 5392 inter

282 5401 400 5479 alia
423 5401 634 5479 Cyrilli_
645 5401 824 5479 libros
849 5405 1104 5479 XVII_De
1150 5401 1460 5479 adora'tioae
1489 5408 1544 5460 in
1582 5409 1772 5479 spiritu
1825 5419 1873 5461 et

281 5473 511 5527 veritate
534 5489 565 5526 e
595 5472 786 5528 Graeco
812 5474 866 5528 in
897 5475 1151 5530 Latinum
1183 5477 1526 5531 transtulisse
1552 5472 1620 5532 ac
1648 5479 1874 5535 scholiis

286 5543 628 5615 illustrasse,
664 5543 852 5615 Romae
886 5562 974 5615 ap.
998 5544 1195 5615 Georg.
1225 5547 1538 5601 Ferrarium
1565 5548 1718 5609 I588,
1747 5548 1866 5611 [0].,

281 5623 345 5668 et
373 5613 552 5682 ejusd.
587 5613 776 5685 CyriI’ii
805 5613 976 5670 libros
996 5615 1039 5668 γ
1065 5613 1312 5671 aduersus
1344 5616 1640 5671 Nestorium
1677 5617 1869 5674 Latine
1888 5659 1905 5685 ε

282 5685 539 5758 vertisse,
568 5684 1012 5758 sicutiejusdem
1060 5687 1318 5758 epistolas
1358 5688 1401 5742 II
1436 5689 1504 5742 ad
1549 5688 1871 5743 Successum

283 5753 643 5825 episcopum;
689 5753 822 5809 ibid.
854 5772 942 5825 ap.
977 5753 1230 5811 eumdem
1269 5756 1417 5825 (anni
1455 5758 1718 5812 indicium
1759 5774 1870 5813 non

285 5823 546 5881 additur:
580 5839 754 5899 quare
776 5823 1137 5896 probabiliter
1162 5823 1306 5883 circa
1326 5829 1469 5885 idem
1500 5838 1733 5898 tempus,
1760 5844 1868 5896 quo

1974 3904 2136 3966 negat
2163 3893 2398 3966 Cyrillus
2425 3895 2482 3950 in
2504 3895 2734 3965 epistola
2769 3896 2837 3950 ad
2863 3893 3143 3957 Acacium,
3183 3891 3300 3946 Lat.
3349 3891 3405 3946 in
3457 3891 3561 3962 Sy-

1976 3987 2176 4042 nodico
2221 4001 2340 4056 cap.
2377 3987 2467 4051 56,
2513 4003 2569 4057 p.
2616 3987 2714 4042 851
2767 4002 2914 4057 sqq.,
2959 4001 3019 4041 se
3063 3999 3304 4054 unquam
3361 3983 3560 4038 favisse

1976 4079 2298 4149 Apollinarii
2329 4079 2672 4148 aliorumque
2706 4078 3031 4134 erroribus:
3064 4075 3162 4130 sed
3212 4083 3440 4139 renovat
3489 4074 3560 4128 il-

1977 4170 2085 4224 lam
2111 4169 2516 4224 accusationem
2540 4169 2714 4239 episc.
2748 4168 3062 4224 Alexander
3098 4166 3154 4220 in
3193 4181 3443 4236 respons.
3491 4165 3562 4219 ad

1978 4261 2260 4326 Acacium,
2298 4263 2355 4316 in
2385 4261 2660 4332 Synodico
2695 4277 2814 4332 cap.
2850 4261 2937 4322 5'7,
2975 4275 3030 4330 p.
3081 4258 3186 4313 855
3227 4273 3309 4327 sq.
3347 4257 3561 4312 Walch.

1980 4369 2034 4423 p.
2061 4353 2192 4416 555,
2228 4353 2360 4418 589,
2395 4353 2535 4418 595;
2568 4361 2734 4421 atque
2771 4367 2832 4420 p.
2864 4351 2988 4414 581,
3021 4357 3218 4405 contra
3244 4349 3560 4403 Tillemont.

1981 4462 2036 4514 p.
2067 4445 2171 4499 516
2199 4453 2408 4509 monet,
2455 4444 2603 4498 haud
2656 4443 2940 4514 probabile
2971 4441 3147 4497 videri
3178 4457 3208 4496 a
3253 4440 3564 4496 Theodosio

1914 4575 1956 4629 Β
1985 4540 2311 4608 imperatore
2366 4537 2698 4607 postulatum
2729 4534 2897 4593 fuisse
2927 4543 2988 4589 ut
3017 4534 3255 4606 Cyrillus
3300 4533 3416 4604 ipse
3465 4545 3564 4586 sua

1981 4628 2075 4682 XII
2103 4626 2281 4697 capita
2305 4626 2722 4680 condemnaret.
2761 4623 2870 4679 Sed
2899 4623 2993 4694 qui
3028 4626 3184 4694 plura
3221 4623 3290 4678 de
3322 4621 3412 4676 illa
3439 4637 3566 4676 cum

1980 4719 2230 4776 Nestorio
2259 4720 2487 4789 aliisque
2519 4719 2614 4774 lite
2648 4727 2705 4773 et
2732 4719 3083 4774 contentione
3107 4717 3395 4787 utriusque
3437 4731 3563 4784 par-

1979 4811 2050 4866 tis
2077 4811 2373 4866 resciscere
2401 4809 2606 4880 cupiat,
2644 4811 2690 4866 is
2719 4811 2862 4881 legat
2909 4819 3077 4864 totam
3133 4808 3357 4863 Walchii
3406 4807 3443 4860 l.
3487 4822 3562 4869 c.,

1980 4917 2100 4972 cap.
2128 4901 2184 4966 2,
2213 4902 2517 4972 expositam
2547 4901 2852 4965 historiam,
2887 4916 2943 4969 p.
2971 4901 3067 4954 5-H
3093 4909 3148 4954 et
3175 4899 3276 4954 670
3300 4914 3383 4967 sq.
3415 4897 3568 4952 Idem

1981 4995 2094 5066 agit
2145 4995 2214 5050 de
2268 4995 2386 5060 Iba,
2449 4995 2690 5066 primum
2737 4994 3076 5065 presbytero,
3123 4991 3251 5046 dein
3305 4991 3570 5061 episcopo

1983 5088 2300 5154 Edessena,
2341 5089 2618 5159 praecipuo
2648 5085 2984 5141 Nestoriame
3022 5087 3293 5139 lnereseos
3330 5092 3568 5154 patrono

1984 5273 2314 5344 antecedens
2340 5273 2502 5339 liber,
2533 5275 2744 5344 prelum
2780 5269 3245 5344 reliquiit).ilianr._.

2053 5341 2124 5412 (b)
2161 5343 2219 5396 In
2264 5346 2436 5398 veteri
2487 5339 2739 5399 versione
2771 5339 3312 5412 eone—ilii‘Ephesini,
3357 5356 3413 5411 p.
3460 5339 3563 5396 471

2171 5415 2313 5483 apud
2359 5414 2644 5469 Baluzium
2685 5414 2845 5468 Nova:
2879 5410 3090 5467 collect.
3113 5410 3382 5466 concilior.
3417 5420 3473 5466 et
3507 5425 3568 5481 ι).

2050 5503 2082 5536 o
2112 5498 2227 5537 seu.

2050 5503 2082 5536 ί)
2112 5498 2227 5536 SOI].

2040 5500 2082 5536 ιο
2112 5500 2227 5564 seq.
3035 5553 3047 5564 ο
3197 5552 3209 5564 .
3296 5549 3308 5562 ο

2040 5551 2108 5634 (ς)
2147 5554 2284 5608 Vide
2311 5554 2378 5609 de
2403 5553 2877 5634 anathematismis
3036 5552 3176 5633 Infra
3197 5552 3436 5634 indi-corn.
3459 5550 3562 5606 ho-

1983 5621 2255 5677 miliarum
2278 5634 2333 5679 et
2354 5625 2731 5694 epistolarum,
2754 5625 2808 5678 in
2826 5625 2918 5678 τοῦ
2939 5624 3189 5694 Σωτῆρος
3212 5621 3364 5694 ἡμῶχ
3380 5621 3569 5694 λέγω·

1980 5711 2090 5767 τρςι,
2121 5704 2178 5750 et
2204 5696 2270 5750 de
2305 5689 2572 5767 tempore,
2600 5712 2709 5764 quo
2735 5689 3132 5767 expositionem
3161 5689 3300 5767 hanc
3322 5689 3572 5763 Cyrillus

1978 5764 2301 5831 elaboravit,
2325 5763 2733 5822 Till‘einontium
2772 5763 2902 5822 tom.
2938 5764 3072 5829 XIV,
3107 5779 3161 5834 p.
3194 5763 3320 5818 460.
