4120 6488
603 383 674 440 63
1841 377 2122 434 NOTITIA
2161 375 2256 431 EX
2293 373 2630 430 FABRICIO.
3803 369 3874 420 64

603 507 660 552 et
692 495 760 551 de
787 497 908 568 ejus
933 493 1164 566 epistola
1189 493 1257 549 ad
1299 491 1488 548 Marin.
1529 490 1586 546 in
1645 489 1814 546 Μαιιεί
1863 490 1987 546 coll.
2048 498 2182 544 tom.
2217 493 2260 550 Α
2287 489 2392 543 reti
2420 483 2843 558 objectionibus,
2883 495 2946 536 ac
2979 455 3200 535 demum
3234 477 3424 551 Cyrilli
3459 477 3876 534 defensionibus

605 587 718 654 \‘ll,
748 605 804 658 p.
833 587 937 642 343
966 603 1072 658 sq.,
1109 587 1166 640 in
1191 601 1298 656 qua
1329 584 1510 639 minus
1559 583 1718 654 plene
1767 583 2058 653 exponitur
2097 583 2184 636 hi-

605 680 776 733 storia
799 678 1102 732 turbarum.
1129 675 1293 732 Plura
1317 674 1384 728 de
1402 673 1523 744 ejus
1545 673 1672 728 Fatis
1697 683 1882 727 narrat
1905 673 2186 727 Asseman.

607 769 664 822 in
693 767 830 822 Bibl.
861 767 1062 823 Orient.
1105 775 1236 820 tom.
1263 765 1305 827 I,
1329 779 1382 834 p.
1409 749 1512 818 199
1549 779 1668 834 sqq.
1705 763 1869 818 llxnt.

679 867 768 930 ιη’..
807 857 1224 929 Ἀπολογητικὺς
1273 857 1413 928 ὑπὲρ
1455 857 1562 908 τῶν
1617 856 1821 908 δώδεκα
1880 854 2191 924 κεφαλαίων

607 951 744 1020 πρὸς
787 951 912 1012 τοὺς
936 950 1036 1018 τῆς
1091 949 1380 1019 Ἀνατολῆς
1418 947 1770 1012 ἐπισκόπους,
1805 947 2192 1017 Apologeticus

606 1055 706 1112 pro
761 1041 856 1094 XII
908 1040 1160 1110 capitulis
1216 1041 1480 1096 adversus
1541 1041 1832 1096 orientales
1883 1041 2188 1109 cpisc0pos,

603 1148 841 1202 quorum
871 1133 1092 1188 nomine
1124 1131 1367 1188 Andreas
1415 1133 1803 1188 Samosatenns
1853 1133 2192 1204 objectiones

605 1224 902 1293 scripserat
927 1241 980 1294 p.
1019 1223 1306 1279 157-200.
1361 1225 1420 1279 In
1462 1225 1672 1280 Latinis
1711 1225 2050 1280 editionibus
2092 1239 2188 1279 ex-

607 1325 714 1370 Stat
743 1315 1048 1388 Wolfgangi
1081 1317 1311 1372 Musculi
1345 1317 1740 1387 interpretatio,
1781 1317 1982 1372 additis
2021 1317 2187 1372 etiam

605 1405 731 1460 aliis
763 1407 1044 1461 nonnullis
1072 1421 1138 1462 ex
1171 1406 1323 1462 Actis
1361 1407 1578 1462 concilii
1631 1407 1914 1477 Ephesiui.
1961 1407 2032 1462 At
2075 1407 2190 1461 Au-

609 1493 802 1549 bertus
838 1495 1032 1563 edidit,
1067 1497 1146 1550 uti
1177 1497 1362 1552 Graece
1385 1505 1440 1552 et
1473 1497 1666 1552 Latine
1709 1498 1906 1568 legitur
1947 1498 2002 1552 in
2039 1508 2192 1568 parte

609 1599 666 1636 ιιι
717 1583 982 1638 Actorum
1047 1586 1239 1656 synodi
1293 1585 1602 1655 Ephesium,
1671 1593 1801 1640 tom.
1849 1587 1870 1640 l
1921 1587 2086 1654 Binii,
2135 1603 2188 1657 p.

607 1672 714 1726 3l8
735 1673 834 1746 (a).
863 1675 1054 1730 Exstat
1076 1683 1132 1730 et
1161 1689 1286 1730 cum
1317 1674 1470 1729 Marii
1495 1675 1812 1730 Mercatoris
1837 1676 2088 1731 versione
2136 1677 2190 1731 in

607 1765 898 1820 Mercatore
923 1765 1197 1830 Carnerii,
1237 1775 1367 1821 tom.
1403 1767 1468 1832 II,
1501 1783 1622 1838 pag.
1657 1767 1776 1821 152.
1825 1767 2088 1840 Cyrillum
2133 1771 2190 1822 ὲν

606 1860 675 1928 τῇ
755 1857 891 1928 πρὸς
945 1859 1320 1921 Ἀνατολικηὺς
1369 1860 1626 1930 ἐπιστολῇ
1676 1838 1884 1914 laudae
1933 1859 2194 1931 Ephraim
2229 1838 2266 1892 Β

607 1949 754 2019 apud
787 1951 1042 2016 Photium
1061 1950 1184 2006 eod.
1211 1965 1494 2021 ccxxtx,p.
1523 1951 1646 2017 422,
1671 1951 1793 2017 125,
1823 1952 1945 2007 451.

683 2041 768 2094 ιθθ.
824 2043 964 2114 Πρὸς
993 2044 1092 2113 τὴν
1119 2043 1270 2113 παρά
1305 2042 1654 2114 Θεοδωρήτου
1683 2045 1822 2097 κατὰ
1853 2043 1962 2096 τῶν
1989 2043 2196 2098 δώδεκα

608 2131 919 2199 κεφαλαίων
953 2133 1296 2204 ἀντερῤησιν,
1327 2132 1588 2186 Adversus
1617 2133 2066 2203 impugnationem
2093 2133 2196 2186 XII

609 2221 966 2292 capitulorum
1017 2239 1050 2278 α
1099 2223 1406 2278 Theodorito
1489 2224 1706 2288 editam,
1771 2225 2048 2292 praemissa
2127 2226 2194 2279 ad

609 2313 904 2384 Evoptium
961 2315 1034 2386 (ὁ)
1084 2311 1271 2388 Cyrilli
1315 2318 1565 2389 epistola,
1616 2329 1672 2374 et
1733 2319 2059 2376 Theodoreti
2128 2321 2194 2374 ad

608 2405 876 2461 Joannem
900 2405 1340 2476 Antiochenum;
1368 2425 1604 2466 necnon
1649 2411 1896 2482 ejusdem
1941 2413 2194 2468 Theodo-

610 2496 714 2552 reti
747 2497 1046 2570 ἀνατροπῇ,
1079 2497 1192 2554 sive
1225 2501 1631 2572 oppugnatione
1653 2503 1872 2558 illorum
1904 2503 1998 2559 XII
2045 2505 2196 2575 capi-

611 2587 875 2653 tulorum,
903 2605 955 2660 p.
995 2591 1255 2646 200-240.
1287 2593 1346 2647 In
1391 2593 1602 2648 Latinis
1653 2594 1990 2650 editionibus
2022 2605 2199 2651 exstat

607 2695 640 2732 e
668 2680 922 2736 versione
953 2682 1111 2738 Joan.
1143 2682 1578 2755 OEeolampadii,
1607 2687 1710 2740 sub
1761 2687 1921 2741 titulo
1967 2687 2088 2742 libri
2130 2689 2199 2742 ad

611 2766 918 2840 Euoptium.
965 2771 1102 2827 Cum
1139 2773 1228 2828 illa
1275 2777 1524 2832 versione
1559 2777 1798 2848 primum
1839 2779 2017 2834 lucem
2059 2780 2200 2834 vidit

611 2859 672 2916 in
693 2861 941 2918 Antidota
976 2865 1224 2920 adversus
1255 2869 1494 2934 horreres,
1537 2870 1700 2926 Basil.
1735 2871 1894 2935 1528,
1943 2871 2037 2926 fol.
2091 2871 2198 2927 Sed

608 2953 888 3009 Aubertus
927 2957 1170 3026 praetulit
1203 2959 1534 3026 versionem,
1571 2977 1807 3032 quacum
1854 2965 2095 3018 occurrit
2143 2965 2198 3018 in

611 3053 767 3115 parte
793 3063 824 3100 v
845 3047 1104 3104 Actorum
1127 3052 1348 3106 concilii
1373 3053 1658 3122 Ephesini,
1684 3061 1816 3110 tom.
1849 3057 1870 3110 I
1899 3056 2041 3110 Binii
2075 3071 2194 3126 pag.

2295 597 2340 636 ε.
2369 579 2678 650 responsis;
2712 577 2780 631 de
2805 589 2914 646 quo
2947 573 3072 628 cod.
3099 571 3164 628 ν.
3193 571 3424 626 Bandin.
3463 571 3500 626 I.
3530 587 3604 636 c.,
3635 587 3688 642 p.
3746 569 3872 634 544,

2293 673 2386 744 qui
2420 677 2664 736 annotat,
2695 667 3060 740 objectionem
3109 665 3340 735 primam
3393 673 3602 734 septem
3655 664 3878 719 circiter

2293 777 2486 820 versus
2517 763 2676 816 initio
2711 761 3015 831 longiorem
3048 769 3168 812 esse
3193 757 3250 810 in
3275 756 3500 821 codice;
3531 754 3716 827 Cyrilli
3743 771 3876 810 vero

2293 857 2703 926 responsionem
2729 855 2997 910 decimam
3037 865 3158 905 esse
3189 849 3246 904 in
3281 848 3387 902 ﬁne
3417 848 3716 919 longiorem
3737 865 3754 913 ;
3775 863 3874 902 ex-

2293 960 2466 1004 trema
2508 963 2628 1004 esse
2671 946 2857 1018 Cyrilli
2897 941 3232 1000 defensionis
3279 949 3472 995 contra
3514 939 3876 995 Orientalium

2293 1043 2668 1112 ohjectiones;
2711 1037 2992 1094 undecimi
3021 1035 3261 1104 denique
3294 1047 3356 1087 ac
3391 1031 3702 1086 duodecimi
3737 1047 3874 1086 ana-

2295 1133 2627 1190 thematismi
2653 1131 2992 1202 objectiones
3018 1143 3082 1182 ac
3109 1125 3460 1180 defensiones
3489 1137 3600 1177 non
3625 1136 3746 1176 esse
3779 1135 3878 1178 eas

2296 1243 2414 1298 qua:
2441 1227 2698 1297 leguntur
2727 1223 2780 1276 in
2814 1221 2901 1277 ed.
2936 1217 3164 1274 Auberti
3199 1223 3307 1272 tom
3359 1215 3448 1276 VI,
3497 1227 3551 1284 p.
3612 1211 3875 1278 236-240,

2294 1321 2388 1374 sed
2413 1335 2533 1390 qua:
2556 1325 2770 1374 exstent
2799 1315 2854 1369 iu
2885 1311 3236 1384 Apologetico
3262 1309 3524 1364 adversus
3549 1303 3876 1370 Orientales,

2295 1427 2348 1480 p.
2381 1409 2631 1464 190-198.

2363 1501 2700 1556 Vindobonze
2733 1491 2786 1552 in
2814 1497 2938 1552 cod.
2977 1495 3234 1558 LXXVII,
3277 1493 3330 1548 in
3357 1508 3467 1564 quo
3503 1492 3692 1563 plures
3743 1499 3878 1546 sunt

2291 1593 2477 1667 Cyrilli
2521 1593 2862 1662 aliorumque
2907 1588 3171 1660 epistolae,
3213 1585 3280 1642 ad
3331 1585 3474 1639 hanc
3529 1583 3874 1654 potissimum

2293 1685 2718 1741 controversiam
2751 1681 3112 1752 pertinentes,
3149 1687 3205 1734 et
3234 1678 3423 1748 plures
3447 1675 3664 1732 concilii
3694 1675 3880 1746 Ephe-

2295 1775 2400 1830 sini
2425 1775 2716 1829 relationes
2747 1773 2812 1827 ad
2848 1773 3223 1840 imperatores,
3257 1775 3421 1837 atque
3467 1765 3708 1837 epistola:
3738 1765 3880 1820 alia-

2297 1881 2402 1937 que
2455 1866 2736 1936 opuscula.
2785 1865 3008 1933 Legitur
3063 1877 3119 1914 ιι.
3168 1859 3236 1914 48
3280 1859 3470 1931 Cyrilli
3516 1857 3746 1929 epistola
3807 1853 3876 1910 ad

2296 1959 2590 2030 Evoptium
2639 1967 2830 2012 contra
2881 1953 3215 2010 Theodoreti
3267 1951 3730 2023 impugnationem
3783 1947 3880 2003 XII

2296 2051 2903 2112 anathematismorum,
2939 2061 3003 2101 ac
3041 2061 3098 2100 ιι.
3125 2045 3212 2108 49,
3247 2043 3436 2114 Cyrilli
3467 2041 3560 2096 XII
3585 2039 3878 2095 Anathem.

2297 2153 2488 2200 contra
2511 2143 2849 2206 Nestorium,
2880 2155 3181 2210 eorumque
3208 2136 3520 2208 explanatio
3541 2147 3726 2190 coram
3749 2149 3884 2190 con-

2297 2237 2424 2290 cilio
2457 2235 2757 2306 thesino,
2791 2241 2854 2287 ut
2885 2241 2940 2288 et
2961 2229 3281 2286 eorumdem
3325 2225 3568 2282 defensio
3617 2225 3884 2282 adversus

2297 2327 2628 2383 Theodoreti
2653 2323 3128 2395 reprehensiones.
3165 2321 3228 2375 V.
3261 2316 3540 2374 Lambecii
3586 2316 3878 2373 Comment.

2297 2417 2386 2480 Ill,
2411 2417 2514 2470 col.
2547 2415 2652 2470 392
2683 2431 2790 2484 sq.,
2827 2413 2921 2468 ubi
2947 2427 3081 2467 vero
3109 2410 3312 2465 Kollar.
3349 2405 3736 2462 animadvertit
3754 2421 3882 2461 esse

2297 2505 2604 2578 apologiam
2641 2521 2743 2576 pro
2769 2503 2865 2558 ΧΠ
2893 2497 3381 2557 Anathematismis
3406 2495 3674 2552 adversus
3695 2495 3882 2551 Theo-

2299 2599 2576 2663 doretum,
2604 2599 2655 2653 ei
2679 2607 2862 2652 tamen
2895 2595 3136 2650 immista
3167 2607 3290 2649 esse
3337 2591 3602 2647 nonnulla
3647 2601 3756 2648 tam
3811 2607 3886 2647 ex

2298 2689 2619 2743 eorumdem
2643 2687 3050 2757 explanatione,
3082 2699 3246 2754 quam
3281 2681 3446 2738 etiam
3493 2699 3562 2738 ex
3610 2683 3880 2754 apologia,

2299 2779 2562 2834 adversus
2589 2779 2896 2834 Orientales
2920 2779 3238 2847 desumpta;
3271 2775 3633 2847 etdignahaec
3658 2775 3888 2829 omnino

2301 2887 2421 2927 esse
2461 2885 2582 2942 qum
2636 2885 2761 2925 cum
2807 2869 2941 2924 edit.
2989 2867 3219 2923 Auberti
3271 2875 3402 2921 tom.
3447 2865 3536 2932 VI,
3593 2881 3715 2936 pag.
3755 2865 3882 2930 203,

2299 2963 2675 3027 conferantur,
2710 2961 2913 3032 quippe
2937 2971 3062 3016 cum
3093 2960 3180 3015 vel
3212 2959 3402 3031 primae
3425 2959 3758 3014 Theodoreti
3781 2975 3882 3013 an-

2303 3057 2599 3110 tirrbescos
2633 3055 2852 3108 initium
2880 3069 2948 3108 ex
2973 3055 3138 3108 hocce
3163 3053 3285 3108 cod.
3309 3051 3572 3124 integrius
3599 3049 3714 3106 dari
3753 3065 3884 3123 pos-

612 3137 736 3192 ZM.
767 3138 988 3210 Legitur
1019 3151 1074 3196 et
1112 3158 1236 3198 cum
1289 3144 1443 3198 Marii
1485 3145 1804 3202 Mercatoris
1849 3147 2098 3202 versione
2141 3147 2196 3201 in
2225 3183 2268 3240 ϐ
2303 3147 2393 3201 sit.
2423 3143 2484 3200 In
2512 3145 2634 3200 cod.
2659 3141 2842 3208 CLXI,
2869 3160 2926 3198 ιι.
2970 3143 3023 3208 5,
3065 3141 3572 3198 Auathemati‘smus
3617 3139 3707 3206 IX,
3755 3157 3884 3195 cum

611 3229 902 3286 Mercatore
944 3233 1192 3290 Camerii
1237 3244 1367 3290 tom.
1417 3235 1458 3300 I,
1514 3253 1568 3308 p.
1613 3237 1733 3292 178.
1773 3239 2036 3294 Memorat
2095 3240 2199 3294 hoc
2229 3229 2268 3240 ν’
2301 3235 2598 3292 antirrhesi
2629 3235 2962 3290 Theodoreti
2997 3243 3052 3288 et
3075 3233 3323 3305 apologia
3351 3231 3574 3304 Cyrilli:
3607 3232 3789 3304 agitur
3811 3231 3884 3286 de

611 3325 878 3394 scriptum
901 3341 1060 3398 suum
1085 3325 1320 3398 Cyrillns
1347 3330 1464 3398 ipse
1493 3331 1651 3400 epist.
1681 3331 1748 3386 ad
1793 3333 2102 3402 Eulogium,
2141 3349 2196 3403 p.

615 3415 742 3480 134,
783 3424 838 3470 et
871 3418 1054 3486 priore
1077 3419 1145 3472 ad
1180 3419 1536 3486 Succensum,
1562 3437 1683 3492 pag.
1735 3423 1855 3476 140.
1897 3425 1972 3478 De
2019 3424 2200 3478 Theo-

615 3505 792 3561 doreti
819 3509 1299 3582 contraCyrillum
1325 3514 1678 3568 contentione
1707 3515 1978 3570 videndus
2020 3515 2200 3569 Leon-

617 3597 730 3652 tius
752 3598 830 3652 De
855 3601 1028 3666 sectis,
1061 3617 1114 3672 p.
1141 3603 1244 3656 454
1265 3618 1378 3672 seq.
1419 3603 1576 3657 Fxon.

689 3689 944 3745 Defensio
969 3693 1334 3761 capitulorum
1363 3691 1458 3747 XII
1484 3709 1712 3748 suorum
1737 3695 2000 3756 adversus
2019 3695 2202 3751 Theo-

617 3779 894 3846 doretum,
919 3783 1094 3837 Paris.
1145 3785 1201 3838 in
1250 3785 1371 3840 cod.
1429 3785 1870 3852 DCCCXXKVII,
1927 3805 1983 3842 ιι.
2045 3789 2098 3854 1,
2150 3797 2206 3843 et

619 3870 744 3926 eod.
774 3869 1209 3944 DCCCLXXXII,
1239 3875 1294 3928 in
1327 3891 1438 3945 quo
1485 3885 1614 3931 sunt
1661 3877 1848 3950 Cyrilli
1902 3879 1968 3933 ad
2009 3877 2206 3934 Nesto-

619 3963 764 4018 rium
817 3963 1062 4034 epistola:
1105 3975 1163 4020 et
1207 3968 1788 4024 anathematismorum
1837 3971 2013 4040 capita
2067 3969 2202 4036 XII;

619 4053 954 4110 Theodoreti
977 4056 1206 4126 epistola
1235 4058 1300 4112 ad
1325 4058 1607 4130 Cyrillum,
1633 4075 1742 4130 qua
1783 4061 2017 4130 primum
2063 4060 2208 4115 illius

617 4157 782 4216 caput
805 4147 1156 4216 confutatur;
1197 4151 1390 4222 Cyrilli
1423 4153 1585 4222 epist.
1631 4153 1700 4206 ad
1741 4152 2054 4222 EvOptium,
2099 4167 2208 4222 qua

615 4239 857 4310 primum
888 4253 1052 4310 caput
1077 4241 1426 4310 defenditur;
1473 4245 1700 4302 alterna:
1733 4245 2071 4314 reliquorum
2115 4259 2207 4300 ca-

617 4323 790 4395 pitum
801 4325 886 4380 ref
886 4327 1156 4382 utationes
1165 4337 1220 4382 et
1231 4329 1592 4396 defensiones;
1605 4329 1792 4400 Cyrilli
1805 4329 2026 4385 homilia
2043 4329 2116 4384 De
2129 4331 2211 4384 in-

615 4419 925 4472 carnatione
943 4417 1038 4474 Dei
1059 4419 1202 4474 Verbi
1217 4438 1236 4486 ;
1253 4421 1498 4492 ejusdem
1524 4419 1996 4476 Commonitorium
2012 4421 2080 4476 ad
2097 4423 2210 4477 Eu—

2301 3329 2652 3398 proccssione
2705 3327 2945 3398 Spiritus
2989 3326 3186 3381 sancti.
3241 3325 3304 3381 γ.

2301 3421 2425 3476 359.
2473 3421 2638 3476 IIan.

2373 3524 2442 3570 κ’.
2482 3511 2923 3584 ’Δπολογητικός,
2968 3511 3351 3582 Apologcticus
3379 3509 3446 3564 ad
3477 3509 3608 3580 imp.
3637 3507 3888 3564 Theodo-

2305 3611 2468 3666 sium.
2506 3610 2634 3680 Pag.
2673 3605 2928 3661 211-252.
2963 3605 3162 3675 Incipit
3195 3623 3208 3658 :
3249 3604 3314 3657 Ἥ
3342 3603 3438 3674 μὲν
3475 3601 3593 3656 Θεία
3623 3601 3717 3655 καὶ
3747 3601 3888 3670 ἀκή-

2307 3717 2486 3773 ρατος.
2543 3699 2604 3752 Iu
2655 3696 2870 3752 Latinis
2919 3695 3260 3752 editiouibus
3307 3693 3510 3764 legitur
3563 3707 3594 3747 e
3631 3691 3890 3747 versione

2305 3789 2611 3861 Wolfgangi
2652 3787 2900 3843 Musculi.
2960 3785 3068 3842 Sed
3109 3785 3387 3840 Aubertus
3440 3783 3682 3853 pnetulit
3739 3781 3890 3837 illam

2307 3897 2538 3952 quacum
2570 3887 2747 3934 exstat
2781 3879 2834 3932 in
2859 3887 3012 3949 parte
3043 3895 3100 3932 ιιι
3135 3877 3396 3932 Actorum
3441 3873 3664 3930 concilii
3705 3873 3892 3944 Ephe-

2309 3972 2436 4036 sini,
2473 3989 2530 4042 p.
2571 3969 2698 4026 397.
2731 3971 2865 4026 Vide
2894 3972 2964 4026 de
3000 3971 3104 4024 hoc
3141 3967 3512 4039 Apologetico,
3547 3975 3668 4037 post
3701 3967 3889 4021 conci-

2309 4065 2444 4119 lium
2481 4063 2818 4134 Ephcsinum
2847 4063 3073 4132 scripto,
3117 4059 3529 4114 Tillemoutium
3577 4065 3708 4112 tom.
3747 4055 3889 4122 XIV,

2309 4171 2365 4227 p.
2393 4155 2517 4210 501.
2553 4155 2712 4210 FABR.
2745 4187 2812 4195 —
2841 4155 2902 4209 In
2939 4153 3108 4208 Mansi
3139 4151 3356 4207 Collect.
3395 4149 3631 4220 ampliss.
3679 4147 3888 4214 roncil.,

2309 4247 2375 4311 γ,
2411 4263 2464 4316 p.
2504 4247 2610 4300 218
2654 4261 2812 4316 sqq.,
2851 4245 2978 4298 257.
3015 4274 3082 4282 -—
3125 4242 3186 4296 In
3235 4241 3372 4296 bibl.
3413 4239 3620 4295 Bodlei.
3667 4240 3724 4294 in
3765 4239 3890 4295 cod.

2311 4339 2504 4402 Laudi,
2537 4355 2592 4392 ιι.
2635 4337 2764 4391 1271
2801 4335 2998 4400 Catal.,
3028 4331 3216 4406 Cyrilli
3253 4333 3661 4403 quatripartitns
3705 4331 3890 4402 apolo-

2313 4435 2528 4505 gcticns.
2561 4433 2728 4488 "ABL.

3371 3326 3626 3382 Lambec.
3693 3323 3780 3390 IV,
3823 3340 3886 3396 p.

615 4507 820 4577 legium
839 4511 1840 4582 apocrisiarium;excerptaescholiis
1857 4513 2202 4568 Deincarna~
2237 4525 2280 4578 ι)
2381 4525 2466 4598 [v,
2517 4525 2730 4580 Fabric,
2773 4525 2852 4578 De
2895 4525 3171 4595 scripto".
3217 4523 3279 4577 de
3323 4521 3471 4575 verit.
3521 4517 3619 4572 rel.
3670 4515 3890 4580 Christ..

617 4603 756 4655 tione
779 4601 1042 4674 Unigeniti
1055 4621 1072 4668 ;
1089 4603 1344 4675 etCyrilli
1363 4605 1610 4674 epistolae
1626 4606 1748 4661 dure
1759 4605 1827 4660 ad
1849 4605 2202 4662 Succensum.

687 4695 1052 4750 Florentiaein
1081 4696 1214 4750 bibl.
1241 4696 1498 4752 Laurent.
1533 4697 1656 4752 cod.
1693 4697 1883 4764 Xll,n.
1903 4698 1958 4762 6,
1981 4699 2120 4769 plut.
2149 4699 2202 4763 6,

614 4785 804 4858 Cyrilli
835 4787 1280 4842 auathematismi
1335 4787 1454 4852 XII,
1507 4789 1582 4843 ita
1637 4789 1862 4860 quidem
1909 4789 2106 4860 digesti
2145 4799 2208 4845 ut

613 4895 810 4936 eorum
833 4879 1070 4950 quilibet
1097 4879 1400 4951 subjectam
1431 4881 1631 4936 habeat
1655 4881 1842 4953 Cyrilli
1867 4883 2206 4952 explanatio-

613 4985 760 5035 nem,
792 4971 1120 5028 Theodoreti
1163 4971 1640 5043 reprehensiones,
1683 4989 1746 5030 ac
1788 4991 1982 5030 rursus
2009 4975 2198 5047 Cyrilli

615 5063 1010 5130 defensionem,
1029 5066 1148 5121 sive
1163 5081 1519 5137 responsum:
1547 5067 1796 5121 ordinem
1820 5083 1882 5122 ac
1909 5068 2200 5123 diversita-

617 5161 726 5208 tem
761 5155 1060 5210 lectionum
1083 5159 1445 5227 quarumdam
1475 5161 1545 5214 ab
1574 5161 1744 5216 editis
1791 5163 2017 5216 uberius
2063 5162 2206 5216 indi-

615 5253 702 5298 cat
725 5245 955 5300 Bandin.
1001 5245 1066 5302 in
1103 5247 1220 5304 Cat.
1249 5251 1398 5304 codd.
1428 5251 1520 5307 Gr.
1551 5251 1714 5307 Laur.
1749 5253 1789 5318 l,
1823 5269 1944 5325 pag.
1973 5253 2076 5307 118
2120 5269 2201 5324 sq.

615 5333 836 5390 -—Ibid.
865 5337 920 5392 in
945 5339 1066 5392 cod.
1095 5339 1234 5404 XXI,
1265 5359 1320 5396 ιι.
1362 5341 1415 5406 8,
1451 5341 1591 5412 plut.
1633 5345 1687 5406 4,
1738 5343 1924 5416 Cyrilli
1974 5345 2204 5400 anathe-

615 5427 854 5484 matismi
889 5427 1003 5497 XII,
1039 5447 1164 5486 cum
1203 5449 1391 5487 eorum
1429 5435 1926 5504 explauationibus,
1955 5434 2208 5489 Theodo-

691 5547 768 5672 (τι)
797 5549 858 5603 In
891 5549 1012 5604 cod.
1045 5551 1237 5606 Bavar.
1267 5551 1402 5614 LIII,
1453 5553 1508 5607 in
1545 5551 1668 5608 cod.
1720 5551 1868 5606 Flor.
1931 5551 2192 5606 Laurent.

691 5617 732 5670 ΙΙ
766 5659 780 5672 .
815 5633 870 5672 n.
901 5620 990 5672 20.
1024 5621 1162 5672 nlut.
1191 5623 1242 5672 7.
1280 5623 1630 5672 inscribitur:
1686 5622 1940 5672 Adversus
1982 5637 2066 5672 eos
2108 5623 2192 5672 ani

615 5615 780 5692 XVII,
815 5633 870 5672 ιι.
901 5620 990 5684 20,
1024 5621 1162 5692 plut.
1191 5623 1242 5688 7,
1280 5623 1630 5676 inscribitur:
1683 5622 1940 5692 Adversus
1982 5637 2066 5676 eos
2108 5623 2196 5692 qni

617 5687 800 5741 dicunt
844 5701 979 5764 recte
1025 5687 1496 5764 habereiNestorii
1546 5691 1890 5764 placitgtin
1932 5687 2196 5764 margine

618 5759 1108 5887 igtgtf’tiﬁztllrcam,
1135 5779 1194 5818 ιι.
1231 5759 1668 5820 Samosatenum.
1702 5761 1766 5818 ν.
1801 5761 2029 5818 Bandin.
2064 5759 2106 5830 I,
2138 5779 2193 5833 p.

2279 4617 2425 4689 ‘cap.
2456 4617 2509 4683 2,
2539 4617 2566 4690 ς
2595 4617 2684 4678 26,
2708 4633 2763 4687 p.
2793 4615 2880 4671 99.
2925 4615 3128 4686 Hann]

2373 4716 2480 4763 καθ.
2511 4709 2680 4780 ’Υπὲρ
2699 4709 2797 4778 τῆς
2817 4707 2924 4761 τῶν
2947 4707 3285 4780 Χριστιανῶν
3309 4707 3541 4776 εὖαγοῦς
3563 4701 3886 4775 Θρησκείας.

2306 4801 2444 4870 πρὸς
2471 4797 2541 4850 τὰ
2565 4797 2657 4850 τοῦ
2690 4799 2748 4849 ἐν
2781 4795 2960 4859 ἀθέοις
3005 4797 3319 4852 ἰουλιανοῦ.
3363 4795 3471 4852 Pro
3515 4803 3702 4852 sancta
3741 4792 3895 4848 Chri-

2301 4893 2598 4944 stianorum
2653 4887 2932 4958 religione,
2976 4889 3224 4944 adversus
3273 4889 3430 4944 libros
3473 4890 3622 4958 impii
3662 4885 3890 4950 Iuliani,

2307 4981 2426 5034 libri
2463 4979 2528 5042 Χ,
2564 4979 2712 5033 circa
2745 4977 2808 5033 A.
2849 4979 2910 5034 C.
2944 4979 3048 5033 455
3087 4979 3154 5048 (r)
3185 4977 3372 5049 scripti
3406 4978 3472 5033 ad
3517 4973 3892 5031 Theodosium

2308 5071 2612 5126 Juniorcm.
2669 5069 2798 5140 Pag.
2846 5071 3036 5124 1—336.
3083 5069 3330 5141 [Diversa
3379 5077 3464 5124 est
3513 5068 3568 5122 in
3619 5065 3893 5122 sententia

2307 5159 2382 5214 La
2415 5159 2608 5224 Crozc,
2647 5159 2784 5214 Hist.
2823 5159 3016 5216 Christ.
3057 5159 3202 5224 Iud.,
3243 5160 3339 5215 lib.
3387 5176 3426 5222 ι,
3461 5175 3516 5230 p.
3561 5157 3646 5213 16.
3689 5153 3893 5227 [Icum]

2309 5251 2423 5306 IIoc
2467 5253 2790 5321 prteclarum
2846 5259 3010 5319 atque
3060 5249 3340 5304 eruditum
3391 5259 3530 5322 opus
3579 5249 3633 5302 in
3679 5245 3894 5302 Latinis

2306 5343 2643 5398 editionibus
2663 5351 2840 5399 exstat
2863 5357 2894 5396 e
2926 5341 3176 5397 versione
3207 5343 3432 5400 Joannis
3455 5337 3892 5410 OEcolampadii,

2309 5449 2432 5504 qua:
2479 5435 2720 5504 primum
2757 5433 2898 5488 vidit
2937 5434 3116 5488 lucem
3163 5431 3342 5506 [1528.
3377 5433 3443 5488 ν.
3469 5447 3634 5502 supra
3664 5431 3730 5486 ad
3761 5429 3790 5503 ᾗ
3817 5427 3892 5486 III

2375 5549 2446 5620 (ὁ)
2481 5549 2858 5612 Ptolemaidis.
2878 5549 3240 5621 Pentapoleos
3262 5545 3520 5620 regionis,
3547 5545 3890 5618 episcopum.

2303 5621 2440 5678 Vide
2465 5621 2806 5682 Liberatnm,
2839 5635 2888 5674 c.
2931 5621 2985 5675 9.

2378 5693 2447 5770 (_c)
2489 5690 2624 5745 Vide
2669 5681 2984 5770 Tillemout.
3029 5699 3160 5770 tom.
3203 5688 3342 5770 XIV,
3379 5703 3438 5770 7p.
3471 5689 3570 5744 671
3606 5681 3805 5770 [Fabr_._
3837 5687 3892 5770 in

2305 5759 2522 5832 Delectu
2583 5778 2794 5829 argum.
2851 5769 2898 5814 et
2963 5760 3470 5832 syllohoiaoriptor.
3523 5759 3624 5832 qui
3677 5759 3890 5812 uerital.

2307 5831 2569 5890 Christ...
2610 5827 2968 5894 deseruerunt,
2993 5827 3048 5906 ᾖ.
3079 5827 3301 5886 99-106.
3334 5827 3535 5888 Hann]
