  <div class='ocr_page' id='page_1' title='image "/cluster/home/n/w/nwhite01/storage/ocr_20150623/68/hvd.32044019207851/040.png"; bbox 0 0 4154 6510; ppageno 0'>
   <div class='ocr_carea' id='block_1_1' title="bbox 259 382 3506 455">
    <p class='ocr_par' dir='ltr' id='par_1_1' title="bbox 259 382 3506 455">
     <span class='ocr_line' id='line_1_1' title="bbox 259 382 3506 455; baseline -0.006 0"><span class='ocrx_word' id='word_1_1' title='bbox 259 400 313 455; x_wconf 73' lang='lat'><strong>55</strong></span> <span class='ocrx_word' id='word_1_2' title='bbox 1464 388 1746 444; x_wconf 69' lang='lat' dir='ltr'><strong>NOTITIA</strong></span> <span class='ocrx_word' id='word_1_3' title='bbox 1786 387 1879 443; x_wconf 77' lang='lat' dir='ltr'><strong>EX</strong></span> <span class='ocrx_word' id='word_1_4' title='bbox 1920 386 2252 443; x_wconf 77' lang='lat' dir='ltr'><strong>FABRICIO.</strong></span> <span class='ocrx_word' id='word_1_5' title='bbox 3436 382 3506 437; x_wconf 85' lang='grc'><strong>66</strong></span> 
     </span>
    </p>
   </div>
   <div class='ocr_carea' id='block_1_2' title="bbox 254 486 3505 583">
    <p class='ocr_par' dir='ltr' id='par_1_2' title="bbox 254 486 3505 583">
     <span class='ocr_line' id='line_1_2' title="bbox 254 486 3505 583; baseline -0.005 -11"><span class='ocrx_word' id='word_1_6' title='bbox 254 510 444 583; x_wconf 85' lang='lat' dir='ltr'><strong>annot.]</strong></span> <span class='ocrx_word' id='word_1_7' title='bbox 477 509 669 568; x_wconf 88' lang='lat' dir='ltr'><strong>Colon.</strong></span> <span class='ocrx_word' id='word_1_8' title='bbox 716 507 869 565; x_wconf 65' lang='lat'><strong>1546.</strong></span> <span class='ocrx_word' id='word_1_9' title='bbox 908 486 1145 562; x_wconf 75' lang='lat' dir='ltr'><strong>Librum</strong></span> <span class='ocrx_word' id='word_1_10' title='bbox 1194 504 1433 576; x_wconf 79' lang='lat' dir='ltr'><strong>priurum</strong></span> <span class='ocrx_word' id='word_1_11' title='bbox 1469 506 1653 563; x_wconf 79' lang='lat' dir='ltr'>Graece</span> <span class='ocrx_word' id='word_1_12' title='bbox 1696 509 1810 575; x_wconf 90' lang='lat' dir='ltr'><strong>pri-</strong></span> <span class='ocrx_word' id='word_1_13' title='bbox 1842 514 1887 570; x_wconf 80' lang='grc' dir='ltr'><strong>Α</strong></span> <span class='ocrx_word' id='word_1_14' title='bbox 1915 506 2082 560; x_wconf 84' lang='lat' dir='ltr'>minis</span> <span class='ocrx_word' id='word_1_15' title='bbox 2109 506 2386 575; x_wconf 82' lang='lat' dir='ltr'><strong>leguntur)</strong></span> <span class='ocrx_word' id='word_1_16' title='bbox 2412 500 2728 570; x_wconf 71' lang='lat' dir='ltr'><strong>vulgaverat</strong></span> <span class='ocrx_word' id='word_1_17' title='bbox 2757 495 2931 569; x_wconf 90' lang='lat' dir='ltr'><strong>Lugd.</strong></span> <span class='ocrx_word' id='word_1_18' title='bbox 2968 496 3153 553; x_wconf 80' lang='lat' dir='ltr'><strong>Batav.</strong></span> <span class='ocrx_word' id='word_1_19' title='bbox 3185 496 3341 562; x_wconf 84' lang='lat'><strong>1605,</strong></span> <span class='ocrx_word' id='word_1_20' title='bbox 3369 498 3424 553; x_wconf 92' lang='lat' dir='ltr'><strong>in</strong></span> <span class='ocrx_word' id='word_1_21' title='bbox 3448 502 3505 555; x_wconf 70' lang='grc'>4.</span> 
     </span>
    </p>
   </div>
   <div class='ocr_carea' id='block_1_3' title="bbox 256 597 1816 665">
    <p class='ocr_par' dir='ltr' id='par_1_3' title="bbox 256 597 1816 665">
     <span class='ocr_line' id='line_1_3' title="bbox 256 597 1816 665; baseline -0.01 0"><span class='ocrx_word' id='word_1_22' title='bbox 256 622 363 665; x_wconf 82' lang='lat' dir='ltr'><strong>mus</strong></span> <span class='ocrx_word' id='word_1_23' title='bbox 399 618 523 659; x_wconf 88' lang='lat' dir='ltr'><strong>cum</strong></span> <span class='ocrx_word' id='word_1_24' title='bbox 569 616 708 658; x_wconf 83' lang='lat' dir='ltr'><strong>nova</strong></span> <span class='ocrx_word' id='word_1_25' title='bbox 751 599 977 655; x_wconf 86' lang='lat' dir='ltr'><strong>meliore</strong></span> <span class='ocrx_word' id='word_1_26' title='bbox 1026 598 1279 657; x_wconf 83' lang='lat' dir='ltr'><strong>versione</strong></span> <span class='ocrx_word' id='word_1_27' title='bbox 1327 613 1424 653; x_wconf 84' lang='lat' dir='ltr'><strong>sua</strong></span> <span class='ocrx_word' id='word_1_28' title='bbox 1473 613 1525 650; x_wconf 92' lang='lat' dir='ltr'><strong>a.</strong></span> <span class='ocrx_word' id='word_1_29' title='bbox 1569 598 1704 652; x_wconf 87' lang='lat'><strong>1619</strong></span> <span class='ocrx_word' id='word_1_30' title='bbox 1748 597 1816 650; x_wconf 89' lang='lat' dir='ltr'><strong>ad</strong></span> 
     </span>
    </p>
   </div>
   <div class='ocr_carea' id='block_1_4' title="bbox 254 686 1817 757">
    <p class='ocr_par' dir='ltr' id='par_1_4' title="bbox 254 686 1817 757">
     <span class='ocr_line' id='line_1_4' title="bbox 254 686 1817 757; baseline -0.011 -2"><span class='ocrx_word' id='word_1_31' title='bbox 254 697 529 757; x_wconf 74' lang='lat' dir='ltr'><strong>editionem</strong></span> <span class='ocrx_word' id='word_1_32' title='bbox 564 691 856 747; x_wconf 89' lang='lat' dir='ltr'><strong>adornavit</strong></span> <span class='ocrx_word' id='word_1_33' title='bbox 888 689 1146 744; x_wconf 81' lang='lat' dir='ltr'><strong>Nicolaus</strong></span> <span class='ocrx_word' id='word_1_34' title='bbox 1179 687 1507 750; x_wconf 83' lang='lat' dir='ltr'><strong>Borbonius,</strong></span> <span class='ocrx_word' id='word_1_35' title='bbox 1540 686 1817 755; x_wconf 81' lang='lat' dir='ltr'><strong>professor</strong></span> 
     </span>
    </p>
   </div>
   <div class='ocr_carea' id='block_1_5' title="bbox 255 780 1817 857">
    <p class='ocr_par' dir='ltr' id='par_1_5' title="bbox 255 780 1817 857">
     <span class='ocr_line' id='line_1_5' title="bbox 255 780 1817 857; baseline -0.01 -9"><span class='ocrx_word' id='word_1_36' title='bbox 255 803 302 849; x_wconf 88' lang='lat' dir='ltr'><strong>et</strong></span> <span class='ocrx_word' id='word_1_37' title='bbox 342 792 607 857; x_wconf 76' lang='lat' dir='ltr'><strong>interpres</strong></span> <span class='ocrx_word' id='word_1_38' title='bbox 647 785 832 855; x_wconf 79' lang='lat' dir='ltr'><strong>regius</strong></span> <span class='ocrx_word' id='word_1_39' title='bbox 867 782 964 854; x_wconf 82' lang='grc' dir='ltr'>(α),</span> <span class='ocrx_word' id='word_1_40' title='bbox 1000 782 1053 835; x_wconf 91' lang='lat' dir='ltr'><strong>in</strong></span> <span class='ocrx_word' id='word_1_41' title='bbox 1083 783 1241 853; x_wconf 85' lang='lat' dir='ltr'><strong>cujus</strong></span> <span class='ocrx_word' id='word_1_42' title='bbox 1273 780 1553 851; x_wconf 86' lang='lat' dir='ltr'><strong>opusculis</strong></span> <span class='ocrx_word' id='word_1_43' title='bbox 1588 787 1817 847; x_wconf 88' lang='lat' dir='ltr'><strong>utraque</strong></span> 
     </span>
    </p>
   </div>
   <div class='ocr_carea' id='block_1_6' title="bbox 255 869 1819 951">
    <p class='ocr_par' dir='ltr' id='par_1_6' title="bbox 255 869 1819 951">
     <span class='ocr_line' id='line_1_6' title="bbox 255 869 1819 951; baseline -0.01 -14"><span class='ocrx_word' id='word_1_44' title='bbox 255 884 419 951; x_wconf 80' lang='lat' dir='ltr'><strong>lingua</strong></span> <span class='ocrx_word' id='word_1_45' title='bbox 460 876 671 947; x_wconf 90' lang='lat' dir='ltr'><strong>prodiit</strong></span> <span class='ocrx_word' id='word_1_46' title='bbox 708 873 880 929; x_wconf 86' lang='lat' dir='ltr'><strong>Paris.</strong></span> <span class='ocrx_word' id='word_1_47' title='bbox 926 872 1083 937; x_wconf 84' lang='grc'>1650,</span> <span class='ocrx_word' id='word_1_48' title='bbox 1120 872 1277 935; x_wconf 68' lang='grc'>1654,</span> <span class='ocrx_word' id='word_1_49' title='bbox 1315 869 1401 924; x_wconf 86' lang='grc'><strong>12.</strong></span> <span class='ocrx_word' id='word_1_50' title='bbox 1439 870 1636 924; x_wconf 85' lang='lat' dir='ltr'><strong>Totum</strong></span> <span class='ocrx_word' id='word_1_51' title='bbox 1679 883 1819 939; x_wconf 88' lang='lat' dir='ltr'><strong>opus</strong></span> 
     </span>
    </p>
   </div>
   <div class='ocr_carea' id='block_1_7' title="bbox 255 960 1819 1032">
    <p class='ocr_par' dir='ltr' id='par_1_7' title="bbox 255 960 1819 1032">
     <span class='ocr_line' id='line_1_7' title="bbox 255 960 1819 1032; baseline -0.009 -7"><span class='ocrx_word' id='word_1_52' title='bbox 255 971 420 1026; x_wconf 63' lang='lat' dir='ltr'><strong>Grece</strong></span> <span class='ocrx_word' id='word_1_53' title='bbox 456 975 509 1021; x_wconf 90' lang='lat' dir='ltr'><strong>et</strong></span> <span class='ocrx_word' id='word_1_54' title='bbox 550 965 743 1019; x_wconf 79' lang='lat' dir='ltr'><strong>Latine</strong></span> <span class='ocrx_word' id='word_1_55' title='bbox 773 964 1012 1032; x_wconf 91' lang='lat' dir='ltr'><strong>primum</strong></span> <span class='ocrx_word' id='word_1_56' title='bbox 1054 962 1110 1015; x_wconf 90' lang='lat' dir='ltr'><strong>in</strong></span> <span class='ocrx_word' id='word_1_57' title='bbox 1139 961 1369 1016; x_wconf 84' lang='lat' dir='ltr'><strong>Auberti</strong></span> <span class='ocrx_word' id='word_1_58' title='bbox 1406 960 1648 1015; x_wconf 74' lang='lat' dir='ltr'><strong>editione</strong></span> <span class='ocrx_word' id='word_1_59' title='bbox 1689 976 1819 1014; x_wconf 90' lang='lat' dir='ltr'><strong>con-</strong></span> 
     </span>
    </p>
   </div>
   <div class='ocr_carea' id='block_1_8' title="bbox 254 1050 1819 1130">
    <p class='ocr_par' dir='ltr' id='par_1_8' title="bbox 254 1050 1819 1130">
     <span class='ocr_line' id='line_1_8' title="bbox 254 1050 1819 1130; baseline -0.006 -15"><span class='ocrx_word' id='word_1_60' title='bbox 254 1060 485 1130; x_wconf 85' lang='lat' dir='ltr'><strong>spicitur,</strong></span> <span class='ocrx_word' id='word_1_61' title='bbox 526 1057 670 1112; x_wconf 89' lang='lat' dir='ltr'><strong>liber</strong></span> <span class='ocrx_word' id='word_1_62' title='bbox 713 1055 927 1125; x_wconf 87' lang='lat' dir='ltr'><strong>primus</strong></span> <span class='ocrx_word' id='word_1_63' title='bbox 972 1070 1041 1109; x_wconf 82' lang='lat' dir='ltr'><strong>ex</strong></span> <span class='ocrx_word' id='word_1_64' title='bbox 1075 1053 1355 1117; x_wconf 88' lang='lat' dir='ltr'><strong>Borbonii,</strong></span> <span class='ocrx_word' id='word_1_65' title='bbox 1386 1052 1571 1107; x_wconf 73' lang='lat' dir='ltr'><strong>czntcri</strong></span> <span class='ocrx_word' id='word_1_66' title='bbox 1607 1066 1673 1105; x_wconf 82' lang='lat' dir='ltr'><strong>ex</strong></span> <span class='ocrx_word' id='word_1_67' title='bbox 1710 1050 1819 1105; x_wconf 80' lang='lat' dir='ltr'><strong>Au-</strong></span> 
     </span>
    </p>
   </div>
   <div class='ocr_carea' id='block_1_9' title="bbox 255 1144 1819 1219">
    <p class='ocr_par' dir='ltr' id='par_1_9' title="bbox 255 1144 1819 1219">
     <span class='ocr_line' id='line_1_9' title="bbox 255 1144 1819 1219; baseline -0.006 -13"><span class='ocrx_word' id='word_1_68' title='bbox 255 1151 380 1208; x_wconf 88' lang='lat' dir='ltr'><strong>berti</strong></span> <span class='ocrx_word' id='word_1_69' title='bbox 434 1149 904 1219; x_wconf 78' lang='lat' dir='ltr'><strong>interpretatione.</strong></span> <span class='ocrx_word' id='word_1_70' title='bbox 961 1147 1138 1217; x_wconf 85' lang='lat' dir='ltr'><strong>Atque</strong></span> <span class='ocrx_word' id='word_1_71' title='bbox 1190 1146 1266 1201; x_wconf 88' lang='lat' dir='ltr'><strong>ita</strong></span> <span class='ocrx_word' id='word_1_72' title='bbox 1325 1160 1580 1199; x_wconf 87' lang='lat' dir='ltr'><strong>recusum</strong></span> <span class='ocrx_word' id='word_1_73' title='bbox 1635 1144 1819 1213; x_wconf 81' lang='lat' dir='ltr'><strong>lingua</strong></span> 
     </span>
    </p>
   </div>
   <div class='ocr_carea' id='block_1_10' title="bbox 255 1236 1815 1314">
    <p class='ocr_par' dir='ltr' id='par_1_10' title="bbox 255 1236 1815 1314">
     <span class='ocr_line' id='line_1_10' title="bbox 255 1236 1815 1314; baseline -0.006 -14"><span class='ocrx_word' id='word_1_74' title='bbox 255 1256 467 1314; x_wconf 85' lang='lat' dir='ltr'><strong>utraque</strong></span> <span class='ocrx_word' id='word_1_75' title='bbox 510 1251 595 1298; x_wconf 90' lang='lat' dir='ltr'><strong>est</strong></span> <span class='ocrx_word' id='word_1_76' title='bbox 640 1242 708 1297; x_wconf 88' lang='lat' dir='ltr'><strong>ad</strong></span> <span class='ocrx_word' id='word_1_77' title='bbox 739 1242 947 1296; x_wconf 85' lang='lat' dir='ltr'><strong>calcem</strong></span> <span class='ocrx_word' id='word_1_78' title='bbox 992 1239 1233 1309; x_wconf 87' lang='lat' dir='ltr'><strong>Operum</strong></span> <span class='ocrx_word' id='word_1_79' title='bbox 1270 1238 1493 1303; x_wconf 85' lang='lat' dir='ltr'><strong>Juliani,</strong></span> <span class='ocrx_word' id='word_1_80' title='bbox 1518 1254 1586 1293; x_wconf 77' lang='lat' dir='ltr'><strong>ex</strong></span> <span class='ocrx_word' id='word_1_81' title='bbox 1616 1236 1815 1292; x_wconf 82' lang='lat' dir='ltr'><strong>Ezech.</strong></span> 
     </span>
    </p>
   </div>
   <div class='ocr_carea' id='block_1_11' title="bbox 254 1330 1816 1408">
    <p class='ocr_par' dir='ltr' id='par_1_11' title="bbox 254 1330 1816 1408">
     <span class='ocr_line' id='line_1_11' title="bbox 254 1330 1816 1408; baseline -0.004 -17"><span class='ocrx_word' id='word_1_82' title='bbox 254 1336 554 1408; x_wconf 86' lang='lat' dir='ltr'><strong>Spanbemi-i</strong></span> <span class='ocrx_word' id='word_1_83' title='bbox 625 1335 947 1390; x_wconf 87' lang='lat' dir='ltr'><strong>recensione</strong></span> <span class='ocrx_word' id='word_1_84' title='bbox 1003 1334 1349 1403; x_wconf 82' lang='lat' dir='ltr'><strong>vulgatornm</strong></span> <span class='ocrx_word' id='word_1_85' title='bbox 1408 1331 1605 1401; x_wconf 64' lang='lat' dir='ltr'><strong>Lipsiae</strong></span> <span class='ocrx_word' id='word_1_86' title='bbox 1661 1330 1816 1394; x_wconf 88' lang='lat'><strong>1696,</strong></span> 
     </span>
    </p>
   </div>
   <div class='ocr_carea' id='block_1_12' title="bbox 253 1422 1820 1497">
    <p class='ocr_par' dir='ltr' id='par_1_12' title="bbox 253 1422 1820 1497">
     <span class='ocr_line' id='line_1_12' title="bbox 253 1422 1820 1497; baseline -0.005 -13"><span class='ocrx_word' id='word_1_87' title='bbox 253 1431 335 1485; x_wconf 87' lang='lat' dir='ltr'><strong>fol.</strong></span> <span class='ocrx_word' id='word_1_88' title='bbox 378 1428 643 1483; x_wconf 78' lang='lat' dir='ltr'><strong>Videntur</strong></span> <span class='ocrx_word' id='word_1_89' title='bbox 681 1428 845 1481; x_wconf 91' lang='lat' dir='ltr'><strong>etiam</strong></span> <span class='ocrx_word' id='word_1_90' title='bbox 890 1426 945 1480; x_wconf 91' lang='lat' dir='ltr'><strong>hi</strong></span> <span class='ocrx_word' id='word_1_91' title='bbox 985 1424 1173 1497; x_wconf 92' lang='lat' dir='ltr'><strong>Cyrilli</strong></span> <span class='ocrx_word' id='word_1_92' title='bbox 1223 1426 1351 1480; x_wconf 88' lang='lat' dir='ltr'><strong>libri</strong></span> <span class='ocrx_word' id='word_1_93' title='bbox 1398 1424 1646 1479; x_wconf 87' lang='lat' dir='ltr'><strong>translati</strong></span> <span class='ocrx_word' id='word_1_94' title='bbox 1689 1422 1820 1477; x_wconf 92' lang='lat' dir='ltr'><strong>ferri</strong></span> 
     </span>
    </p>
   </div>
   <div class='ocr_carea' id='block_1_13' title="bbox 254 1517 1819 1593">
    <p class='ocr_par' dir='ltr' id='par_1_13' title="bbox 254 1517 1819 1593">
     <span class='ocr_line' id='line_1_13' title="bbox 254 1517 1819 1593; baseline -0.004 -17"><span class='ocrx_word' id='word_1_95' title='bbox 254 1521 490 1593; x_wconf 83' lang='lat' dir='ltr'><strong>Syriace;</strong></span> <span class='ocrx_word' id='word_1_96' title='bbox 529 1535 654 1573; x_wconf 90' lang='lat' dir='ltr'><strong>nam</strong></span> <span class='ocrx_word' id='word_1_97' title='bbox 687 1519 985 1575; x_wconf 84' lang='lat' dir='ltr'><strong>laudantur</strong></span> <span class='ocrx_word' id='word_1_98' title='bbox 1022 1535 1051 1573; x_wconf 90' lang='lat' dir='ltr'><strong>a</strong></span> <span class='ocrx_word' id='word_1_99' title='bbox 1082 1518 1226 1573; x_wconf 82' lang='lat' dir='ltr'><strong>Mose</strong></span> <span class='ocrx_word' id='word_1_100' title='bbox 1264 1517 1541 1586; x_wconf 84' lang='lat' dir='ltr'><strong>Barcepha</strong></span> <span class='ocrx_word' id='word_1_101' title='bbox 1581 1525 1731 1586; x_wconf 86' lang='lat' dir='ltr'><strong>parte</strong></span> <span class='ocrx_word' id='word_1_102' title='bbox 1764 1530 1819 1569; x_wconf 88' lang='grc' dir='ltr'><strong>ιιι</strong></span> 
     </span>
    </p>
   </div>
   <div class='ocr_carea' id='block_1_14' title="bbox 252 1607 1823 1684">
    <p class='ocr_par' dir='ltr' id='par_1_14' title="bbox 252 1607 1823 1684">
     <span class='ocr_line' id='line_1_14' title="bbox 252 1607 1823 1684; baseline -0.005 -16"><span class='ocrx_word' id='word_1_103' title='bbox 252 1610 320 1669; x_wconf 63' lang='lat' dir='ltr'><strong>De</strong></span> <span class='ocrx_word' id='word_1_104' title='bbox 349 1612 619 1684; x_wconf 78' lang='lat' dir='ltr'><strong>paradiso,</strong></span> <span class='ocrx_word' id='word_1_105' title='bbox 644 1628 767 1681; x_wconf 85' lang='lat' dir='ltr'><strong>pag.</strong></span> <span class='ocrx_word' id='word_1_106' title='bbox 799 1610 1053 1667; x_wconf 71' lang='grc'>425-429.</span> <span class='ocrx_word' id='word_1_107' title='bbox 1092 1611 1136 1665; x_wconf 89' lang='grc' dir='ltr'><strong>Ε</strong></span> <span class='ocrx_word' id='word_1_108' title='bbox 1161 1610 1365 1665; x_wconf 83' lang='lat' dir='ltr'><strong>Graecis</strong></span> <span class='ocrx_word' id='word_1_109' title='bbox 1398 1609 1569 1664; x_wconf 86' lang='lat' dir='ltr'><strong>citant</strong></span> <span class='ocrx_word' id='word_1_110' title='bbox 1604 1607 1687 1663; x_wconf 84' lang='lat' dir='ltr'><strong>Jo.</strong></span> <span class='ocrx_word' id='word_1_111' title='bbox 1720 1608 1823 1661; x_wconf 91' lang='lat' dir='ltr'><strong>Da-</strong></span> 
     </span>
    </p>
   </div>
   <div class='ocr_carea' id='block_1_15' title="bbox 253 1699 1821 1767">
    <p class='ocr_par' dir='ltr' id='par_1_15' title="bbox 253 1699 1821 1767">
     <span class='ocr_line' id='line_1_15' title="bbox 253 1699 1821 1767; baseline -0.005 -6"><span class='ocrx_word' id='word_1_112' title='bbox 253 1716 525 1761; x_wconf 85' lang='lat' dir='ltr'><strong>mascenus</strong></span> <span class='ocrx_word' id='word_1_113' title='bbox 567 1704 624 1760; x_wconf 90' lang='lat' dir='ltr'><strong>in</strong></span> <span class='ocrx_word' id='word_1_114' title='bbox 675 1702 1001 1767; x_wconf 86' lang='lat' dir='ltr'><strong>Paratlelis,</strong></span> <span class='ocrx_word' id='word_1_115' title='bbox 1043 1712 1099 1758; x_wconf 90' lang='lat' dir='ltr'><strong>et</strong></span> <span class='ocrx_word' id='word_1_116' title='bbox 1154 1712 1346 1758; x_wconf 85' lang='lat' dir='ltr'><strong>catena</strong></span> <span class='ocrx_word' id='word_1_117' title='bbox 1392 1700 1712 1756; x_wconf 86' lang='lat' dir='ltr'><strong>Possiniana</strong></span> <span class='ocrx_word' id='word_1_118' title='bbox 1765 1699 1821 1753; x_wconf 89' lang='lat' dir='ltr'><strong>in</strong></span> 
     </span>
    </p>
   </div>
   <div class='ocr_carea' id='block_1_16' title="bbox 253 1792 1822 1866">
    <p class='ocr_par' dir='ltr' id='par_1_16' title="bbox 253 1792 1822 1866">
     <span class='ocr_line' id='line_1_16' title="bbox 253 1792 1822 1866; baseline -0.006 -15"><span class='ocrx_word' id='word_1_119' title='bbox 253 1796 505 1859; x_wconf 80' lang='lat' dir='ltr'><strong>Marcum,</strong></span> <span class='ocrx_word' id='word_1_120' title='bbox 556 1811 675 1866; x_wconf 85' lang='lat' dir='ltr'><strong>pag.</strong></span> <span class='ocrx_word' id='word_1_121' title='bbox 711 1796 835 1860; x_wconf 73' lang='grc'>545,</span> <span class='ocrx_word' id='word_1_122' title='bbox 880 1796 1066 1850; x_wconf 86' lang='lat' dir='ltr'><strong>laudat</strong></span> <span class='ocrx_word' id='word_1_123' title='bbox 1113 1794 1377 1866; x_wconf 83' lang='lat' dir='ltr'><strong>Cyrillum</strong></span> <span class='ocrx_word' id='word_1_124' title='bbox 1422 1795 1479 1848; x_wconf 82' lang='grc' dir='ltr'>ἐν</span> <span class='ocrx_word' id='word_1_125' title='bbox 1525 1795 1637 1855; x_wconf 81' lang='grc' dir='ltr'>τοῖς</span> <span class='ocrx_word' id='word_1_126' title='bbox 1687 1792 1822 1862; x_wconf 82' lang='grc' dir='ltr'>πρὸς</span> 
     </span>
    </p>
   </div>
   <div class='ocr_carea' id='block_1_17' title="bbox 264 1863 1895 1955">
    <p class='ocr_par' dir='ltr' id='par_1_17' title="bbox 264 1863 1895 1955">
     <span class='ocr_line' id='line_1_17' title="bbox 264 1863 1895 1955; baseline -0.001 -16"><span class='ocrx_word' id='word_1_127' title='bbox 264 1863 866 1955; x_wconf 25' lang='grc' dir='ltr'>Ἰουλιανδνύκειραλαίῳ</span> <span class='ocrx_word' id='word_1_128' title='bbox 908 1885 977 1953; x_wconf 85' lang='grc' dir='ltr'>γ’.</span> <span class='ocrx_word' id='word_1_129' title='bbox 1026 1863 1332 1941; x_wconf 77' lang='lat' dir='ltr'><strong>Concilium</strong></span> <span class='ocrx_word' id='word_1_130' title='bbox 1368 1902 1440 1948; x_wconf 87' lang='lat' dir='ltr'><strong>IV,</strong></span> <span class='ocrx_word' id='word_1_131' title='bbox 1478 1884 1693 1946; x_wconf 84' lang='lat' dir='ltr'><strong>actione</strong></span> <span class='ocrx_word' id='word_1_132' title='bbox 1734 1883 1816 1949; x_wconf 89' lang='lat'><strong>10,</strong></span> <span class='ocrx_word' id='word_1_133' title='bbox 1854 1863 1895 1918; x_wconf 74' lang='grc' dir='ltr'><strong>Β</strong></span> 
     </span>
    </p>
   </div>
   <div class='ocr_carea' id='block_1_18' title="bbox 252 1968 1821 2048">
    <p class='ocr_par' dir='ltr' id='par_1_18' title="bbox 252 1968 1821 2048">
     <span class='ocr_line' id='line_1_18' title="bbox 252 1968 1821 2048; baseline -0.001 -16"><span class='ocrx_word' id='word_1_134' title='bbox 252 1987 369 2032; x_wconf 86' lang='lat' dir='ltr'><strong>tom.</strong></span> <span class='ocrx_word' id='word_1_135' title='bbox 399 1968 474 2031; x_wconf 78' lang='grc' dir='ltr'>ΙΙΙ</span> <span class='ocrx_word' id='word_1_136' title='bbox 498 1976 659 2041; x_wconf 89' lang='lat' dir='ltr'><strong>Binii,</strong></span> <span class='ocrx_word' id='word_1_137' title='bbox 700 1992 821 2048; x_wconf 87' lang='lat' dir='ltr'><strong>pag.</strong></span> <span class='ocrx_word' id='word_1_138' title='bbox 847 1977 936 2042; x_wconf 87' lang='grc'><strong>95,</strong></span> <span class='ocrx_word' id='word_1_139' title='bbox 971 1980 1028 2031; x_wconf 81' lang='grc' dir='ltr'>ὲν</span> <span class='ocrx_word' id='word_1_140' title='bbox 1067 1978 1160 2031; x_wconf 79' lang='grc' dir='ltr'>τοῦ</span> <span class='ocrx_word' id='word_1_141' title='bbox 1202 1977 1342 2031; x_wconf 83' lang='grc' dir='ltr'>κατὰ</span> <span class='ocrx_word' id='word_1_142' title='bbox 1386 1976 1495 2031; x_wconf 88' lang='grc' dir='ltr'><strong>τῶν</strong></span> <span class='ocrx_word' id='word_1_143' title='bbox 1534 1976 1821 2031; x_wconf 79' lang='grc' dir='ltr'>Ἰουλιανοῦ</span> 
     </span>
    </p>
   </div>
   <div class='ocr_carea' id='block_1_19' title="bbox 251 2069 1822 2141">
    <p class='ocr_par' dir='ltr' id='par_1_19' title="bbox 251 2069 1822 2141">
     <span class='ocr_line' id='line_1_19' title="bbox 251 2069 1822 2141; baseline 0 -18"><span class='ocrx_word' id='word_1_144' title='bbox 251 2069 523 2141; x_wconf 76' lang='grc' dir='ltr'><strong>δογμάτων</strong></span> <span class='ocrx_word' id='word_1_145' title='bbox 555 2069 761 2140; x_wconf 82' lang='grc' dir='ltr'>βιϐλίου</span> <span class='ocrx_word' id='word_1_146' title='bbox 796 2071 1004 2140; x_wconf 81' lang='grc' dir='ltr'>τρίτου,</span> <span class='ocrx_word' id='word_1_147' title='bbox 1032 2070 1138 2123; x_wconf 85' lang='grc' dir='ltr'><strong>ἀπὸ</strong></span> <span class='ocrx_word' id='word_1_148' title='bbox 1170 2069 1328 2137; x_wconf 84' lang='grc' dir='ltr'>λόγου</span> <span class='ocrx_word' id='word_1_149' title='bbox 1358 2069 1604 2124; x_wconf 83' lang='grc' dir='ltr'><strong>δεκάτου.</strong></span> <span class='ocrx_word' id='word_1_150' title='bbox 1636 2069 1822 2124; x_wconf 81' lang='lat' dir='ltr'><strong>Memi-</strong></span> 
     </span>
    </p>
   </div>
   <div class='ocr_carea' id='block_1_20' title="bbox 249 2160 1821 2231">
    <p class='ocr_par' dir='ltr' id='par_1_20' title="bbox 249 2160 1821 2231">
     <span class='ocr_line' id='line_1_20' title="bbox 249 2160 1821 2231; baseline -0.001 -15"><span class='ocrx_word' id='word_1_151' title='bbox 249 2161 400 2216; x_wconf 89' lang='lat' dir='ltr'><strong>nitet</strong></span> <span class='ocrx_word' id='word_1_152' title='bbox 428 2161 777 2231; x_wconf 75' lang='lat' dir='ltr'><strong>Nicephorus</strong></span> <span class='ocrx_word' id='word_1_153' title='bbox 806 2178 912 2225; x_wconf 81' lang='lat' dir='ltr'><strong>xrv,</strong></span> <span class='ocrx_word' id='word_1_154' title='bbox 946 2162 1032 2225; x_wconf 72' lang='grc'><strong>14,</strong></span> <span class='ocrx_word' id='word_1_155' title='bbox 1063 2171 1119 2216; x_wconf 93' lang='lat' dir='ltr'><strong>et</strong></span> <span class='ocrx_word' id='word_1_156' title='bbox 1154 2171 1281 2217; x_wconf 87' lang='lat' dir='ltr'><strong>ante</strong></span> <span class='ocrx_word' id='word_1_157' title='bbox 1314 2162 1416 2216; x_wconf 89' lang='lat' dir='ltr'><strong>bos</strong></span> <span class='ocrx_word' id='word_1_158' title='bbox 1456 2160 1821 2216; x_wconf 87' lang='lat' dir='ltr'><strong>Theodoritus</strong></span> 
     </span>
    </p>
   </div>
   <div class='ocr_carea' id='block_1_21' title="bbox 248 2252 1819 2323">
    <p class='ocr_par' dir='ltr' id='par_1_21' title="bbox 248 2252 1819 2323">
     <span class='ocr_line' id='line_1_21' title="bbox 248 2252 1819 2323; baseline -0.001 -16"><span class='ocrx_word' id='word_1_159' title='bbox 248 2253 394 2323; x_wconf 88' lang='lat' dir='ltr'><strong>epist.</strong></span> <span class='ocrx_word' id='word_1_160' title='bbox 430 2252 519 2306; x_wconf 84' lang='grc'><strong>85.</strong></span> <span class='ocrx_word' id='word_1_161' title='bbox 564 2252 808 2307; x_wconf 90' lang='lat' dir='ltr'><strong>Primum</strong></span> <span class='ocrx_word' id='word_1_162' title='bbox 838 2253 999 2307; x_wconf 89' lang='lat' dir='ltr'><strong>modo</strong></span> <span class='ocrx_word' id='word_1_163' title='bbox 1022 2254 1223 2309; x_wconf 75' lang='lat' dir='ltr'><strong>Iuliani</strong></span> <span class='ocrx_word' id='word_1_164' title='bbox 1251 2254 1453 2308; x_wconf 89' lang='lat' dir='ltr'><strong>librum</strong></span> <span class='ocrx_word' id='word_1_165' title='bbox 1479 2253 1819 2309; x_wconf 89' lang='lat' dir='ltr'><strong>confutatum</strong></span> 
     </span>
    </p>
   </div>
   <div class='ocr_carea' id='block_1_22' title="bbox 251 2337 1817 2415">
    <p class='ocr_par' dir='ltr' id='par_1_22' title="bbox 251 2337 1817 2415">
     <span class='ocr_line' id='line_1_22' title="bbox 251 2337 1817 2415; baseline -0.001 -18"><span class='ocrx_word' id='word_1_166' title='bbox 251 2359 277 2397; x_wconf 92' lang='lat' dir='ltr'><strong>a</strong></span> <span class='ocrx_word' id='word_1_167' title='bbox 294 2337 485 2415; x_wconf 85' lang='lat' dir='ltr'><strong>Cyrillo</strong></span> <span class='ocrx_word' id='word_1_168' title='bbox 513 2344 740 2414; x_wconf 84' lang='lat' dir='ltr'><strong>conjicit</strong></span> <span class='ocrx_word' id='word_1_169' title='bbox 767 2344 905 2399; x_wconf 90' lang='lat' dir='ltr'><strong>Lud.</strong></span> <span class='ocrx_word' id='word_1_170' title='bbox 936 2345 1105 2399; x_wconf 89' lang='lat' dir='ltr'><strong>Ellies</strong></span> <span class='ocrx_word' id='word_1_171' title='bbox 1123 2344 1194 2399; x_wconf 88' lang='lat' dir='ltr'><strong>du</strong></span> <span class='ocrx_word' id='word_1_172' title='bbox 1218 2345 1317 2399; x_wconf 88' lang='lat' dir='ltr'><strong>Pin</strong></span> <span class='ocrx_word' id='word_1_173' title='bbox 1346 2354 1476 2399; x_wconf 90' lang='lat' dir='ltr'><strong>tom.</strong></span> <span class='ocrx_word' id='word_1_174' title='bbox 1502 2345 1569 2399; x_wconf 95' lang='lat' dir='ltr'><strong>IV</strong></span> <span class='ocrx_word' id='word_1_175' title='bbox 1591 2343 1668 2398; x_wconf 90' lang='lat' dir='ltr'><strong>De</strong></span> <span class='ocrx_word' id='word_1_176' title='bbox 1684 2344 1817 2397; x_wconf 83' lang='lat' dir='ltr'><strong>scri-</strong></span> 
     </span>
    </p>
   </div>
   <div class='ocr_carea' id='block_1_23' title="bbox 248 2435 1818 2507">
    <p class='ocr_par' dir='ltr' id='par_1_23' title="bbox 248 2435 1818 2507">
     <span class='ocr_line' id='line_1_23' title="bbox 248 2435 1818 2507; baseline 0.001 -20"><span class='ocrx_word' id='word_1_177' title='bbox 248 2435 464 2504; x_wconf 78' lang='lat' dir='ltr'><strong>ptoribus</strong></span> <span class='ocrx_word' id='word_1_178' title='bbox 507 2435 891 2501; x_wconf 76' lang='lat' dir='ltr'><strong>ecclesiasticis,</strong></span> <span class='ocrx_word' id='word_1_179' title='bbox 926 2451 1047 2506; x_wconf 87' lang='lat' dir='ltr'><strong>pag.</strong></span> <span class='ocrx_word' id='word_1_180' title='bbox 1090 2436 1160 2491; x_wconf 76' lang='grc'>48</span> <span class='ocrx_word' id='word_1_181' title='bbox 1197 2455 1209 2489; x_wconf 92' lang='lat'><strong>:</strong></span> <span class='ocrx_word' id='word_1_182' title='bbox 1246 2436 1297 2490; x_wconf 85' lang='lat' dir='ltr'><strong>Il</strong></span> <span class='ocrx_word' id='word_1_183' title='bbox 1333 2436 1513 2507; x_wconf 80' lang='lat' dir='ltr'><strong>paruit</strong></span> <span class='ocrx_word' id='word_1_184' title='bbox 1558 2435 1703 2506; x_wconf 81' lang='lat' dir='ltr'><strong>qu’il&#39;</strong></span> <span class='ocrx_word' id='word_1_185' title='bbox 1730 2436 1818 2489; x_wconf 79' lang='lat' dir='ltr'><strong>n’a</strong></span> 
     </span>
    </p>
   </div>
   <div class='ocr_carea' id='block_1_24' title="bbox 249 2527 1818 2598">
    <p class='ocr_par' dir='ltr' id='par_1_24' title="bbox 249 2527 1818 2598">
     <span class='ocr_line' id='line_1_24' title="bbox 249 2527 1818 2598; baseline 0 -20"><span class='ocrx_word' id='word_1_186' title='bbox 249 2528 403 2597; x_wconf 80' lang='lat' dir='ltr'><strong>réfute&#39;</strong></span> <span class='ocrx_word' id='word_1_187' title='bbox 429 2544 533 2598; x_wconf 76' lang='lat' dir='ltr'><strong>que</strong></span> <span class='ocrx_word' id='word_1_188' title='bbox 560 2544 652 2582; x_wconf 84' lang='lat' dir='ltr'><strong>son</strong></span> <span class='ocrx_word' id='word_1_189' title='bbox 684 2532 910 2598; x_wconf 87' lang='lat' dir='ltr'><strong>premier</strong></span> <span class='ocrx_word' id='word_1_190' title='bbox 946 2528 1093 2592; x_wconf 85' lang='lat' dir='ltr'><strong>livre,</strong></span> <span class='ocrx_word' id='word_1_191' title='bbox 1124 2527 1257 2583; x_wconf 86' lang='lat' dir='ltr'><strong>dans</strong></span> <span class='ocrx_word' id='word_1_192' title='bbox 1289 2527 1458 2597; x_wconf 79' lang='lat' dir='ltr'><strong>leqnel</strong></span> <span class='ocrx_word' id='word_1_193' title='bbox 1490 2536 1567 2580; x_wconf 82' lang='lat' dir='ltr'><strong>eet</strong></span> <span class='ocrx_word' id='word_1_194' title='bbox 1609 2534 1818 2596; x_wconf 83' lang='lat' dir='ltr'><strong>apostat</strong></span> 
     </span>
    </p>
   </div>
   <div class='ocr_carea' id='block_1_25' title="bbox 248 2616 1820 2688">
    <p class='ocr_par' dir='ltr' id='par_1_25' title="bbox 248 2616 1820 2688">
     <span class='ocr_line' id='line_1_25' title="bbox 248 2616 1820 2688; baseline 0.001 -17"><span class='ocrx_word' id='word_1_195' title='bbox 248 2619 500 2688; x_wconf 81' lang='lat' dir='ltr'><strong>attaquait</strong></span> <span class='ocrx_word' id='word_1_196' title='bbox 530 2634 593 2673; x_wconf 84' lang='lat' dir='ltr'><strong>en</strong></span> <span class='ocrx_word' id='word_1_197' title='bbox 618 2617 837 2688; x_wconf 77' lang='lat' dir='ltr'><strong>géne’ral</strong></span> <span class='ocrx_word' id='word_1_198' title='bbox 869 2617 921 2671; x_wconf 85' lang='lat' dir='ltr'><strong>la</strong></span> <span class='ocrx_word' id='word_1_199' title='bbox 952 2617 1171 2687; x_wconf 80' lang='lat' dir='ltr'><strong>religion</strong></span> <span class='ocrx_word' id='word_1_200' title='bbox 1199 2619 1514 2671; x_wconf 81' lang='lat' dir='ltr'><strong>chrétienne.</strong></span> <span class='ocrx_word' id='word_1_201' title='bbox 1548 2616 1655 2673; x_wconf 85' lang='lat' dir='ltr'><strong>Sed</strong></span> <span class='ocrx_word' id='word_1_202' title='bbox 1683 2618 1820 2672; x_wconf 88' lang='lat' dir='ltr'><strong>falli—</strong></span> 
     </span>
    </p>
   </div>
   <div class='ocr_carea' id='block_1_26' title="bbox 249 2708 1815 2779">
    <p class='ocr_par' dir='ltr' id='par_1_26' title="bbox 249 2708 1815 2779">
     <span class='ocr_line' id='line_1_26' title="bbox 249 2708 1815 2779; baseline 0.002 -18"><span class='ocrx_word' id='word_1_203' title='bbox 249 2718 329 2762; x_wconf 86' lang='lat' dir='ltr'><strong>tur</strong></span> <span class='ocrx_word' id='word_1_204' title='bbox 352 2708 517 2773; x_wconf 91' lang='lat' dir='ltr'><strong>idem,</strong></span> <span class='ocrx_word' id='word_1_205' title='bbox 552 2708 773 2779; x_wconf 88' lang='lat' dir='ltr'><strong>quando</strong></span> <span class='ocrx_word' id='word_1_206' title='bbox 799 2724 918 2779; x_wconf 87' lang='lat' dir='ltr'><strong>pag.</strong></span> <span class='ocrx_word' id='word_1_207' title='bbox 946 2708 1013 2763; x_wconf 87' lang='grc'><strong>52</strong></span> <span class='ocrx_word' id='word_1_208' title='bbox 1032 2709 1202 2762; x_wconf 87' lang='lat' dir='ltr'><strong>libros</strong></span> <span class='ocrx_word' id='word_1_209' title='bbox 1227 2708 1409 2779; x_wconf 85' lang='lat' dir='ltr'><strong>Cyrilli</strong></span> <span class='ocrx_word' id='word_1_210' title='bbox 1435 2718 1623 2763; x_wconf 84' lang='lat' dir='ltr'><strong>contra</strong></span> <span class='ocrx_word' id='word_1_211' title='bbox 1643 2710 1815 2765; x_wconf 84' lang='lat' dir='ltr'><strong>Julia-</strong></span> 
     </span>
    </p>
   </div>
   <div class='ocr_carea' id='block_1_27' title="bbox 246 2799 1818 2871">
    <p class='ocr_par' dir='ltr' id='par_1_27' title="bbox 246 2799 1818 2871">
     <span class='ocr_line' id='line_1_27' title="bbox 246 2799 1818 2871; baseline -0.002 -15"><span class='ocrx_word' id='word_1_212' title='bbox 246 2818 365 2857; x_wconf 89' lang='lat' dir='ltr'><strong>num</strong></span> <span class='ocrx_word' id='word_1_213' title='bbox 407 2818 439 2857; x_wconf 79' lang='lat' dir='ltr'><strong>a</strong></span> <span class='ocrx_word' id='word_1_214' title='bbox 478 2802 606 2860; x_wconf 84' lang='lat' dir='ltr'><strong>Nic.</strong></span> <span class='ocrx_word' id='word_1_215' title='bbox 657 2802 933 2857; x_wconf 85' lang='lat' dir='ltr'><strong>Borbonio</strong></span> <span class='ocrx_word' id='word_1_216' title='bbox 978 2811 1210 2870; x_wconf 90' lang='lat' dir='ltr'><strong>utraque</strong></span> <span class='ocrx_word' id='word_1_217' title='bbox 1258 2801 1442 2871; x_wconf 84' lang='lat' dir='ltr'><strong>lingua</strong></span> <span class='ocrx_word' id='word_1_218' title='bbox 1494 2816 1638 2855; x_wconf 90' lang='lat' dir='ltr'><strong>anno</strong></span> <span class='ocrx_word' id='word_1_219' title='bbox 1682 2799 1818 2854; x_wconf 88' lang='grc'>1650</span> 
     </span>
    </p>
   </div>
   <div class='ocr_carea' id='block_1_28' title="bbox 246 2893 1814 2962">
    <p class='ocr_par' dir='ltr' id='par_1_28' title="bbox 246 2893 1814 2962">
     <span class='ocr_line' id='line_1_28' title="bbox 246 2893 1814 2962; baseline 0.001 -16"><span class='ocrx_word' id='word_1_220' title='bbox 246 2894 407 2949; x_wconf 86' lang='lat' dir='ltr'><strong>editos</strong></span> <span class='ocrx_word' id='word_1_221' title='bbox 449 2894 669 2958; x_wconf 88' lang='lat' dir='ltr'><strong>scribit,</strong></span> <span class='ocrx_word' id='word_1_222' title='bbox 711 2909 835 2948; x_wconf 88' lang='lat' dir='ltr'><strong>nam</strong></span> <span class='ocrx_word' id='word_1_223' title='bbox 885 2893 1122 2962; x_wconf 89' lang='lat' dir='ltr'><strong>primum</strong></span> <span class='ocrx_word' id='word_1_224' title='bbox 1173 2893 1552 2951; x_wconf 87' lang='lat' dir='ltr'><strong>tantummodo</strong></span> <span class='ocrx_word' id='word_1_225' title='bbox 1594 2893 1814 2959; x_wconf 89' lang='lat' dir='ltr'><strong>librum,</strong></span> 
     </span>
    </p>
   </div>
   <div class='ocr_carea' id='block_1_29' title="bbox 246 2985 1420 3056">
    <p class='ocr_par' dir='ltr' id='par_1_29' title="bbox 246 2985 1420 3056">
     <span class='ocr_line' id='line_1_29' title="bbox 246 2985 1420 3056; baseline -0.002 -17"><span class='ocrx_word' id='word_1_226' title='bbox 246 2994 301 3041; x_wconf 90' lang='lat' dir='ltr'><strong>ut</strong></span> <span class='ocrx_word' id='word_1_227' title='bbox 326 2986 455 3052; x_wconf 81' lang='lat' dir='ltr'><strong>dixi,</strong></span> <span class='ocrx_word' id='word_1_228' title='bbox 484 2987 770 3056; x_wconf 82' lang='lat' dir='ltr'><strong>vulgatum</strong></span> <span class='ocrx_word' id='word_1_229' title='bbox 803 2985 872 3040; x_wconf 89' lang='lat' dir='ltr'><strong>ab</strong></span> <span class='ocrx_word' id='word_1_230' title='bbox 898 3000 964 3039; x_wconf 92' lang='lat' dir='ltr'><strong>eo</strong></span> <span class='ocrx_word' id='word_1_231' title='bbox 995 2993 1227 3039; x_wconf 86' lang='lat' dir='ltr'><strong>constat.</strong></span> <span class='ocrx_word' id='word_1_232' title='bbox 1263 2985 1420 3039; x_wconf 76' lang='lat' dir='ltr'><strong>FABR.</strong></span> 
     </span>
    </p>
   </div>
   <div class='ocr_carea' id='block_1_30' title="bbox 308 3075 1813 3141">
    <p class='ocr_par' dir='ltr' id='par_1_30' title="bbox 308 3075 1813 3141">
     <span class='ocr_line' id='line_1_30' title="bbox 308 3075 1813 3141; baseline -0.001 -10"><span class='ocrx_word' id='word_1_233' title='bbox 308 3077 647 3134; x_wconf 68' lang='lat' dir='ltr'><strong>Vindobona:</strong></span> <span class='ocrx_word' id='word_1_234' title='bbox 688 3077 743 3131; x_wconf 92' lang='lat' dir='ltr'><strong>in</strong></span> <span class='ocrx_word' id='word_1_235' title='bbox 783 3077 903 3132; x_wconf 89' lang='lat' dir='ltr'><strong>cod.</strong></span> <span class='ocrx_word' id='word_1_236' title='bbox 935 3075 1183 3131; x_wconf 58' lang='lat' dir='ltr'><strong>Caesareo</strong></span> <span class='ocrx_word' id='word_1_237' title='bbox 1223 3075 1365 3140; x_wconf 79' lang='lat' dir='ltr'><strong>XIX,</strong></span> <span class='ocrx_word' id='word_1_238' title='bbox 1398 3093 1454 3130; x_wconf 87' lang='grc' dir='ltr'><strong>ιι.</strong></span> <span class='ocrx_word' id='word_1_239' title='bbox 1498 3076 1583 3141; x_wconf 64' lang='grc'>14,</span> <span class='ocrx_word' id='word_1_240' title='bbox 1611 3084 1665 3131; x_wconf 93' lang='lat' dir='ltr'><strong>et</strong></span> <span class='ocrx_word' id='word_1_241' title='bbox 1692 3076 1813 3131; x_wconf 91' lang='lat' dir='ltr'><strong>cod.</strong></span> 
     </span>
    </p>
   </div>
   <div class='ocr_carea' id='block_1_31' title="bbox 1917 588 3505 654">
    <p class='ocr_par' dir='ltr' id='par_1_31' title="bbox 1917 588 3505 654">
     <span class='ocr_line' id='line_1_31' title="bbox 1917 588 3505 654; baseline -0.004 -2"><span class='ocrx_word' id='word_1_242' title='bbox 1917 596 2188 653; x_wconf 86' lang='lat' dir='ltr'><strong>Cotelerio</strong></span> <span class='ocrx_word' id='word_1_243' title='bbox 2239 595 2294 648; x_wconf 93' lang='lat' dir='ltr'><strong>in</strong></span> <span class='ocrx_word' id='word_1_244' title='bbox 2346 593 2491 648; x_wconf 88' lang='lat' dir='ltr'><strong>notis</strong></span> <span class='ocrx_word' id='word_1_245' title='bbox 2534 592 2602 646; x_wconf 89' lang='lat' dir='ltr'><strong>ad</strong></span> <span class='ocrx_word' id='word_1_246' title='bbox 2650 591 2995 644; x_wconf 79' lang='lat' dir='ltr'><strong>Monumenta</strong></span> <span class='ocrx_word' id='word_1_247' title='bbox 3030 588 3213 645; x_wconf 77' lang='lat' dir='ltr'><strong>erca</strong></span> <span class='ocrx_word' id='word_1_248' title='bbox 3247 597 3380 644; x_wconf 85' lang='lat' dir='ltr'><strong>tom.</strong></span> <span class='ocrx_word' id='word_1_249' title='bbox 3415 592 3505 654; x_wconf 87' lang='lat' dir='ltr'><strong>III,</strong></span> 
     </span>
    </p>
   </div>
   <div class='ocr_carea' id='block_1_32' title="bbox 1916 683 3509 759">
    <p class='ocr_par' dir='ltr' id='par_1_32' title="bbox 1916 683 3509 759">
     <span class='ocr_line' id='line_1_32' title="bbox 1916 683 3509 759; baseline -0.003 -16"><span class='ocrx_word' id='word_1_250' title='bbox 1916 706 1972 759; x_wconf 91' lang='lat' dir='ltr'><strong>p.</strong></span> <span class='ocrx_word' id='word_1_251' title='bbox 2004 690 2128 752; x_wconf 83' lang='grc'>557,</span> <span class='ocrx_word' id='word_1_252' title='bbox 2155 697 2314 751; x_wconf 87' lang='lat' dir='ltr'><strong>teste,</strong></span> <span class='ocrx_word' id='word_1_253' title='bbox 2340 686 2430 741; x_wconf 85' lang='lat' dir='ltr'><strong>bic</strong></span> <span class='ocrx_word' id='word_1_254' title='bbox 2463 686 2606 741; x_wconf 90' lang='lat' dir='ltr'><strong>liber</strong></span> <span class='ocrx_word' id='word_1_255' title='bbox 2638 684 2960 739; x_wconf 84' lang='lat' dir='ltr'><strong>inscribitur</strong></span> <span class='ocrx_word' id='word_1_256' title='bbox 2978 683 3042 739; x_wconf 84' lang='lat' dir='ltr'><strong>in</strong></span> <span class='ocrx_word' id='word_1_257' title='bbox 3066 683 3191 738; x_wconf 88' lang='lat' dir='ltr'><strong>aliis</strong></span> <span class='ocrx_word' id='word_1_258' title='bbox 3222 684 3509 739; x_wconf 85' lang='lat' dir='ltr'><strong>codicibus</strong></span> 
     </span>
    </p>
   </div>
   <div class='ocr_carea' id='block_1_33' title="bbox 1918 775 3510 847">
    <p class='ocr_par' dir='ltr' id='par_1_33' title="bbox 1918 775 3510 847">
     <span class='ocr_line' id='line_1_33' title="bbox 1918 775 3510 847; baseline -0.001 -14"><span class='ocrx_word' id='word_1_259' title='bbox 1918 795 2073 844; x_wconf 90' lang='lat' dir='ltr'><strong>mss.,</strong></span> <span class='ocrx_word' id='word_1_260' title='bbox 2098 778 2393 833; x_wconf 82' lang='lat' dir='ltr'><strong>Solutiones</strong></span> <span class='ocrx_word' id='word_1_261' title='bbox 2425 777 2842 847; x_wconf 84' lang='lat' dir='ltr'><strong>dogmaticarum</strong></span> <span class='ocrx_word' id='word_1_262' title='bbox 2865 775 3231 843; x_wconf 70' lang='lat' dir='ltr'><strong>qua’stionum,</strong></span> <span class='ocrx_word' id='word_1_263' title='bbox 3263 776 3510 847; x_wconf 87' lang='lat' dir='ltr'><strong>proposi-</strong></span> 
     </span>
    </p>
   </div>
   <div class='ocr_carea' id='block_1_34' title="bbox 1921 866 3510 930">
    <p class='ocr_par' dir='ltr' id='par_1_34' title="bbox 1921 866 3510 930">
     <span class='ocr_line' id='line_1_34' title="bbox 1921 866 3510 930; baseline -0.004 -5"><span class='ocrx_word' id='word_1_264' title='bbox 1921 881 2103 926; x_wconf 90' lang='lat' dir='ltr'><strong>tarum</strong></span> <span class='ocrx_word' id='word_1_265' title='bbox 2149 888 2179 924; x_wconf 89' lang='lat' dir='ltr'><strong>a</strong></span> <span class='ocrx_word' id='word_1_266' title='bbox 2224 870 2447 924; x_wconf 89' lang='lat' dir='ltr'><strong>Tiberio</strong></span> <span class='ocrx_word' id='word_1_267' title='bbox 2476 868 2708 922; x_wconf 90' lang='lat' dir='ltr'><strong>diacono</strong></span> <span class='ocrx_word' id='word_1_268' title='bbox 2743 876 2800 921; x_wconf 89' lang='lat' dir='ltr'><strong>et</strong></span> <span class='ocrx_word' id='word_1_269' title='bbox 2845 866 3154 921; x_wconf 83' lang='lat' dir='ltr'><strong>fratribus:</strong></span> <span class='ocrx_word' id='word_1_270' title='bbox 3204 866 3510 930; x_wconf 76' lang='grc' dir='ltr'>Ἐπιλύσεις</span> 
     </span>
    </p>
   </div>
   <div class='ocr_carea' id='block_1_35' title="bbox 1918 958 3505 1033">
    <p class='ocr_par' dir='ltr' id='par_1_35' title="bbox 1918 958 3505 1033">
     <span class='ocr_line' id='line_1_35' title="bbox 1918 958 3505 1033; baseline -0.003 -18"><span class='ocrx_word' id='word_1_271' title='bbox 1918 961 2263 1033; x_wconf 78' lang='grc' dir='ltr'><strong>δογματικῶν</strong></span> <span class='ocrx_word' id='word_1_272' title='bbox 2298 959 2629 1032; x_wconf 79' lang='grc' dir='ltr'><strong>ζητημάτων</strong></span> <span class='ocrx_word' id='word_1_273' title='bbox 2676 958 3116 1029; x_wconf 74' lang='grc' dir='ltr'>ὲπιζητηοέντων</span> <span class='ocrx_word' id='word_1_274' title='bbox 3162 960 3313 1030; x_wconf 86' lang='grc' dir='ltr'>παρὰ</span> <span class='ocrx_word' id='word_1_275' title='bbox 3346 960 3505 1012; x_wconf 83' lang='grc' dir='ltr'>Τιϐε-</span> 
     </span>
    </p>
   </div>
   <div class='ocr_carea' id='block_1_36' title="bbox 1922 1048 3507 1124">
    <p class='ocr_par' dir='ltr' id='par_1_36' title="bbox 1922 1048 3507 1124">
     <span class='ocr_line' id='line_1_36' title="bbox 1922 1048 3507 1124; baseline -0.004 -18"><span class='ocrx_word' id='word_1_276' title='bbox 1922 1054 2037 1124; x_wconf 78' lang='grc' dir='ltr'>ρίου</span> <span class='ocrx_word' id='word_1_277' title='bbox 2063 1052 2309 1105; x_wconf 76' lang='grc' dir='ltr'><strong>διακόνου</strong></span> <span class='ocrx_word' id='word_1_278' title='bbox 2356 1052 2451 1103; x_wconf 79' lang='grc' dir='ltr'><strong>καὶ</strong></span> <span class='ocrx_word' id='word_1_279' title='bbox 2487 1049 2588 1118; x_wconf 80' lang='grc' dir='ltr'><strong>τῆς</strong></span> <span class='ocrx_word' id='word_1_280' title='bbox 2635 1048 2994 1117; x_wconf 70' lang='grc' dir='ltr'>ἀδελφότητος</span> <span class='ocrx_word' id='word_1_281' title='bbox 3028 1065 3040 1077; x_wconf 76' lang='grc'><strong><em>⁸</em></strong></span> <span class='ocrx_word' id='word_1_282' title='bbox 3083 1048 3168 1101; x_wconf 96' lang='lat' dir='ltr'><strong>vel</strong></span> <span class='ocrx_word' id='word_1_283' title='bbox 3200 1048 3507 1112; x_wconf 80' lang='grc' dir='ltr'>Ἐπιλύσεις</span> 
     </span>
    </p>
   </div>
   <div class='ocr_carea' id='block_1_37' title="bbox 1920 1138 3505 1214">
    <p class='ocr_par' dir='ltr' id='par_1_37' title="bbox 1920 1138 3505 1214">
     <span class='ocr_line' id='line_1_37' title="bbox 1920 1138 3505 1214; baseline -0.006 -14"><span class='ocrx_word' id='word_1_284' title='bbox 1920 1147 2029 1199; x_wconf 86' lang='grc' dir='ltr'><strong>τῶν</strong></span> <span class='ocrx_word' id='word_1_285' title='bbox 2124 1139 2593 1214; x_wconf 82' lang='grc' dir='ltr'><strong>προσενεχθεισῶν</strong></span> <span class='ocrx_word' id='word_1_286' title='bbox 2687 1138 2933 1191; x_wconf 73' lang='grc' dir='ltr'>πεύσεων</span> <span class='ocrx_word' id='word_1_287' title='bbox 3025 1139 3174 1210; x_wconf 77' lang='grc' dir='ltr'>παρὰ</span> <span class='ocrx_word' id='word_1_288' title='bbox 3254 1141 3505 1211; x_wconf 76' lang='grc' dir='ltr'>Τιϐερίου</span> 
     </span>
    </p>
   </div>
   <div class='ocr_carea' id='block_1_38' title="bbox 1922 1229 3504 1302">
    <p class='ocr_par' dir='ltr' id='par_1_38' title="bbox 1922 1229 3504 1302">
     <span class='ocr_line' id='line_1_38' title="bbox 1922 1229 3504 1302; baseline -0.003 -13"><span class='ocrx_word' id='word_1_289' title='bbox 1922 1235 2165 1289; x_wconf 78' lang='grc' dir='ltr'>διακόνου</span> <span class='ocrx_word' id='word_1_290' title='bbox 2216 1233 2309 1287; x_wconf 70' lang='grc' dir='ltr'><strong>καὶ</strong></span> <span class='ocrx_word' id='word_1_291' title='bbox 2349 1231 2457 1284; x_wconf 81' lang='grc' dir='ltr'><strong>τῶν</strong></span> <span class='ocrx_word' id='word_1_292' title='bbox 2490 1229 2769 1300; x_wconf 77' lang='grc' dir='ltr'>ἁδελφῶν;</span> <span class='ocrx_word' id='word_1_293' title='bbox 2812 1230 2894 1284; x_wconf 90' lang='lat' dir='ltr'><strong>vel</strong></span> <span class='ocrx_word' id='word_1_294' title='bbox 2940 1229 3183 1299; x_wconf 80' lang='lat' dir='ltr'><strong>denique</strong></span> <span class='ocrx_word' id='word_1_295' title='bbox 3236 1232 3504 1302; x_wconf 80' lang='grc' dir='ltr'>Κυρίλλου</span> 
     </span>
    </p>
   </div>
   <div class='ocr_carea' id='block_1_39' title="bbox 1923 1323 2559 1398">
    <p class='ocr_par' dir='ltr' id='par_1_39' title="bbox 1923 1323 2559 1398">
     <span class='ocr_line' id='line_1_39' title="bbox 1923 1323 2559 1398; baseline -0.009 -18"><span class='ocrx_word' id='word_1_296' title='bbox 1923 1326 2061 1398; x_wconf 76' lang='grc' dir='ltr'>πρὸς</span> <span class='ocrx_word' id='word_1_297' title='bbox 2094 1326 2364 1397; x_wconf 78' lang='grc' dir='ltr'>Τιϐέριον.</span> <span class='ocrx_word' id='word_1_298' title='bbox 2402 1323 2559 1377; x_wconf 70' lang='grc' dir='ltr'>ΡΑΒιι.</span> 
     </span>
    </p>
   </div>
   <div class='ocr_carea' id='block_1_40' title="bbox 1996 1411 3503 1483">
    <p class='ocr_par' dir='ltr' id='par_1_40' title="bbox 1996 1411 3503 1483">
     <span class='ocr_line' id='line_1_40' title="bbox 1996 1411 3503 1483; baseline -0.003 -9"><span class='ocrx_word' id='word_1_299' title='bbox 1996 1419 2088 1474; x_wconf 89' lang='lat' dir='ltr'><strong>Sic</strong></span> <span class='ocrx_word' id='word_1_300' title='bbox 2132 1419 2187 1472; x_wconf 91' lang='lat' dir='ltr'><strong>in</strong></span> <span class='ocrx_word' id='word_1_301' title='bbox 2218 1416 2340 1472; x_wconf 94' lang='lat' dir='ltr'><strong>cod.</strong></span> <span class='ocrx_word' id='word_1_302' title='bbox 2371 1416 2635 1470; x_wconf 88' lang='lat' dir='ltr'><strong>Laurent.</strong></span> <span class='ocrx_word' id='word_1_303' title='bbox 2681 1411 2873 1467; x_wconf 82' lang='lat' dir='ltr'><strong>Medic.</strong></span> <span class='ocrx_word' id='word_1_304' title='bbox 2912 1412 3028 1477; x_wconf 80' lang='lat' dir='ltr'><strong>XII,</strong></span> <span class='ocrx_word' id='word_1_305' title='bbox 3066 1428 3122 1466; x_wconf 89' lang='grc' dir='ltr'><strong>ιι.</strong></span> <span class='ocrx_word' id='word_1_306' title='bbox 3156 1412 3244 1478; x_wconf 88' lang='grc'><strong>52,</strong></span> <span class='ocrx_word' id='word_1_307' title='bbox 3274 1415 3413 1483; x_wconf 89' lang='lat' dir='ltr'><strong>plut.</strong></span> <span class='ocrx_word' id='word_1_308' title='bbox 3450 1414 3503 1479; x_wconf 86' lang='grc'><strong>5,</strong></span> 
     </span>
    </p>
   </div>
   <div class='ocr_carea' id='block_1_41' title="bbox 1922 1505 3505 1577">
    <p class='ocr_par' dir='ltr' id='par_1_41' title="bbox 1922 1505 3505 1577">
     <span class='ocr_line' id='line_1_41' title="bbox 1922 1505 3505 1577; baseline -0.004 -11"><span class='ocrx_word' id='word_1_309' title='bbox 1922 1514 1986 1567; x_wconf 75' lang='grc' dir='ltr'><strong>ὲκ</strong></span> <span class='ocrx_word' id='word_1_310' title='bbox 2026 1512 2135 1565; x_wconf 88' lang='grc' dir='ltr'><strong>τῶν</strong></span> <span class='ocrx_word' id='word_1_311' title='bbox 2182 1509 2484 1564; x_wconf 77' lang='grc' dir='ltr'>ὲπιλύσεων</span> <span class='ocrx_word' id='word_1_312' title='bbox 2529 1508 2637 1560; x_wconf 87' lang='grc' dir='ltr'><strong>τῶν</strong></span> <span class='ocrx_word' id='word_1_313' title='bbox 2684 1506 3026 1577; x_wconf 76' lang='grc' dir='ltr'><strong>δογματικῶν</strong></span> <span class='ocrx_word' id='word_1_314' title='bbox 3072 1505 3505 1577; x_wconf 77' lang='grc' dir='ltr'>ὲπιζητηθέντων</span> 
     </span>
    </p>
   </div>
   <div class='ocr_carea' id='block_1_42' title="bbox 1924 1599 3510 1675">
    <p class='ocr_par' dir='ltr' id='par_1_42' title="bbox 1924 1599 3510 1675">
     <span class='ocr_line' id='line_1_42' title="bbox 1924 1599 3510 1675; baseline -0.002 -16"><span class='ocrx_word' id='word_1_315' title='bbox 1924 1608 2049 1675; x_wconf 72' lang='grc' dir='ltr'>περὶ</span> <span class='ocrx_word' id='word_1_316' title='bbox 2087 1604 2291 1675; x_wconf 75' lang='lat' dir='ltr'><strong>(forsan</strong></span> <span class='ocrx_word' id='word_1_317' title='bbox 2325 1602 2496 1675; x_wconf 75' lang='grc' dir='ltr'>παρὰ)</span> <span class='ocrx_word' id='word_1_318' title='bbox 2531 1599 2785 1671; x_wconf 74' lang='grc' dir='ltr'>Τιϐερίου</span> <span class='ocrx_word' id='word_1_319' title='bbox 2831 1600 3099 1667; x_wconf 73' lang='grc' dir='ltr'>διακόνου,</span> <span class='ocrx_word' id='word_1_320' title='bbox 3132 1608 3236 1655; x_wconf 88' lang='lat' dir='ltr'><strong>etc.</strong></span> <span class='ocrx_word' id='word_1_321' title='bbox 3271 1603 3333 1656; x_wconf 91' lang='lat' dir='ltr'><strong>V.</strong></span> <span class='ocrx_word' id='word_1_322' title='bbox 3369 1602 3510 1656; x_wconf 91' lang='lat' dir='ltr'><strong>Ban-</strong></span> 
     </span>
    </p>
   </div>
   <div class='ocr_carea' id='block_1_43' title="bbox 1924 1694 3505 1765">
    <p class='ocr_par' dir='ltr' id='par_1_43' title="bbox 1924 1694 3505 1765">
     <span class='ocr_line' id='line_1_43' title="bbox 1924 1694 3505 1765; baseline 0 -14"><span class='ocrx_word' id='word_1_323' title='bbox 1924 1698 2038 1752; x_wconf 88' lang='lat' dir='ltr'><strong>din.</strong></span> <span class='ocrx_word' id='word_1_324' title='bbox 2089 1695 2206 1751; x_wconf 88' lang='lat' dir='ltr'><strong>Cat.</strong></span> <span class='ocrx_word' id='word_1_325' title='bbox 2258 1696 2407 1749; x_wconf 89' lang='lat' dir='ltr'><strong>codd.</strong></span> <span class='ocrx_word' id='word_1_326' title='bbox 2458 1695 2549 1750; x_wconf 83' lang='lat' dir='ltr'><strong>Cr.</strong></span> <span class='ocrx_word' id='word_1_327' title='bbox 2596 1694 2760 1747; x_wconf 86' lang='lat' dir='ltr'><strong>Laur.</strong></span> <span class='ocrx_word' id='word_1_328' title='bbox 2794 1695 2836 1758; x_wconf 92' lang='lat' dir='ltr'><strong>l,</strong></span> <span class='ocrx_word' id='word_1_329' title='bbox 2872 1710 2925 1763; x_wconf 94' lang='lat' dir='ltr'><strong>p.</strong></span> <span class='ocrx_word' id='word_1_330' title='bbox 2963 1695 3028 1748; x_wconf 78' lang='grc'>47</span> <span class='ocrx_word' id='word_1_331' title='bbox 3075 1712 3155 1765; x_wconf 87' lang='lat' dir='ltr'><strong>sq.</strong></span> <span class='ocrx_word' id='word_1_332' title='bbox 3185 1727 3253 1734; x_wconf 90' lang='lat'><strong><em>—</em></strong></span> <span class='ocrx_word' id='word_1_333' title='bbox 3280 1697 3339 1750; x_wconf 91' lang='lat' dir='ltr'><strong>In</strong></span> <span class='ocrx_word' id='word_1_334' title='bbox 3382 1697 3505 1751; x_wconf 89' lang='lat' dir='ltr'><strong>cod.</strong></span> 
     </span>
    </p>
   </div>
   <div class='ocr_carea' id='block_1_44' title="bbox 1923 1787 3509 1861">
    <p class='ocr_par' dir='ltr' id='par_1_44' title="bbox 1923 1787 3509 1861">
     <span class='ocr_line' id='line_1_44' title="bbox 1923 1787 3509 1861; baseline -0.003 -16"><span class='ocrx_word' id='word_1_335' title='bbox 1923 1790 2085 1855; x_wconf 75' lang='lat' dir='ltr'><strong>XVII,</strong></span> <span class='ocrx_word' id='word_1_336' title='bbox 2116 1805 2171 1842; x_wconf 84' lang='grc' dir='ltr'><strong>ιι.</strong></span> <span class='ocrx_word' id='word_1_337' title='bbox 2202 1789 2291 1852; x_wconf 81' lang='grc'><strong>21,</strong></span> <span class='ocrx_word' id='word_1_338' title='bbox 2323 1789 2461 1858; x_wconf 88' lang='lat' dir='ltr'><strong>plut,</strong></span> <span class='ocrx_word' id='word_1_339' title='bbox 2488 1788 2553 1841; x_wconf 90' lang='lat'><strong>6:</strong></span> <span class='ocrx_word' id='word_1_340' title='bbox 2589 1787 2863 1851; x_wconf 75' lang='grc' dir='ltr'>Ἐπίλυσις</span> <span class='ocrx_word' id='word_1_341' title='bbox 2891 1788 3236 1859; x_wconf 78' lang='grc' dir='ltr'>δογματικῶν</span> <span class='ocrx_word' id='word_1_342' title='bbox 3264 1792 3509 1861; x_wconf 76' lang='grc' dir='ltr'><strong>ζητημά-</strong></span> 
     </span>
    </p>
   </div>
   <div class='ocr_carea' id='block_1_45' title="bbox 1922 1879 3508 1953">
    <p class='ocr_par' dir='ltr' id='par_1_45' title="bbox 1922 1879 3508 1953">
     <span class='ocr_line' id='line_1_45' title="bbox 1922 1879 3508 1953; baseline 0.001 -17"><span class='ocrx_word' id='word_1_343' title='bbox 1922 1899 2030 1936; x_wconf 85' lang='grc' dir='ltr'><strong>των</strong></span> <span class='ocrx_word' id='word_1_344' title='bbox 2070 1880 2441 1953; x_wconf 82' lang='grc' dir='ltr'>προτεθέντων</span> <span class='ocrx_word' id='word_1_345' title='bbox 2483 1879 2561 1950; x_wconf 80' lang='grc' dir='ltr'><strong>τῷ</strong></span> <span class='ocrx_word' id='word_1_346' title='bbox 2603 1880 2890 1949; x_wconf 77' lang='grc' dir='ltr'><strong>ἁγιωτάτῳ</strong></span> <span class='ocrx_word' id='word_1_347' title='bbox 2924 1880 3196 1952; x_wconf 67' lang='grc' dir='ltr'>Κυρίλὶῳ.</span> <span class='ocrx_word' id='word_1_348' title='bbox 3228 1882 3421 1938; x_wconf 70' lang='grc' dir='ltr'>Βίσετι</span> <span class='ocrx_word' id='word_1_349' title='bbox 3453 1894 3508 1938; x_wconf 87' lang='lat' dir='ltr'><strong>et</strong></span> 
     </span>
    </p>
   </div>
   <div class='ocr_carea' id='block_1_46' title="bbox 1923 1972 3508 2045">
    <p class='ocr_par' dir='ltr' id='par_1_46' title="bbox 1923 1972 3508 2045">
     <span class='ocr_line' id='line_1_46' title="bbox 1923 1972 3508 2045; baseline -0.002 -13"><span class='ocrx_word' id='word_1_350' title='bbox 1923 1992 2156 2033; x_wconf 89' lang='lat' dir='ltr'><strong>numero</strong></span> <span class='ocrx_word' id='word_1_351' title='bbox 2187 1984 2242 2029; x_wconf 90' lang='lat' dir='ltr'><strong>et</strong></span> <span class='ocrx_word' id='word_1_352' title='bbox 2273 1974 2465 2029; x_wconf 90' lang='lat' dir='ltr'><strong>ordine</strong></span> <span class='ocrx_word' id='word_1_353' title='bbox 2499 1974 2568 2027; x_wconf 90' lang='lat' dir='ltr'><strong>ab</strong></span> <span class='ocrx_word' id='word_1_354' title='bbox 2601 1972 2787 2027; x_wconf 87' lang='lat' dir='ltr'><strong>editis.</strong></span> <span class='ocrx_word' id='word_1_355' title='bbox 2831 1972 2891 2025; x_wconf 91' lang='lat' dir='ltr'><strong>In</strong></span> <span class='ocrx_word' id='word_1_356' title='bbox 2934 1974 3121 2029; x_wconf 91' lang='lat' dir='ltr'><strong>codice</strong></span> <span class='ocrx_word' id='word_1_357' title='bbox 3153 1976 3508 2045; x_wconf 65' lang='lat' dir='ltr'><strong>praemittitur</strong></span> 
     </span>
    </p>
   </div>
   <div class='ocr_carea' id='block_1_47' title="bbox 1923 2063 3508 2139">
    <p class='ocr_par' dir='ltr' id='par_1_47' title="bbox 1923 2063 3508 2139">
     <span class='ocr_line' id='line_1_47' title="bbox 1923 2063 3508 2139; baseline -0.001 -15"><span class='ocrx_word' id='word_1_358' title='bbox 1923 2068 2174 2139; x_wconf 89' lang='lat' dir='ltr'><strong>cpistola,</strong></span> <span class='ocrx_word' id='word_1_359' title='bbox 2211 2066 2477 2131; x_wconf 78' lang='grc' dir='ltr'>Ἀξίωσις,</span> <span class='ocrx_word' id='word_1_360' title='bbox 2525 2075 2632 2120; x_wconf 88' lang='lat' dir='ltr'><strong>etc.</strong></span> <span class='ocrx_word' id='word_1_361' title='bbox 2688 2063 3014 2136; x_wconf 84' lang='lat' dir='ltr'><strong>Supplicatio</strong></span> <span class='ocrx_word' id='word_1_362' title='bbox 3064 2068 3263 2122; x_wconf 86' lang='lat' dir='ltr'><strong>tradita</strong></span> <span class='ocrx_word' id='word_1_363' title='bbox 3306 2066 3363 2121; x_wconf 93' lang='lat' dir='ltr'><strong>S.</strong></span> <span class='ocrx_word' id='word_1_364' title='bbox 3408 2068 3508 2139; x_wconf 84' lang='lat' dir='ltr'><strong>Cy-</strong></span> 
     </span>
    </p>
   </div>
   <div class='ocr_carea' id='block_1_48' title="bbox 1923 2159 3509 2233">
    <p class='ocr_par' dir='ltr' id='par_1_48' title="bbox 1923 2159 3509 2233">
     <span class='ocr_line' id='line_1_48' title="bbox 1923 2159 3509 2233; baseline 0.001 -19"><span class='ocrx_word' id='word_1_365' title='bbox 1923 2161 2059 2233; x_wconf 83' lang='lat' dir='ltr'><strong>ryllo</strong></span> <span class='ocrx_word' id='word_1_366' title='bbox 2094 2190 2162 2199; x_wconf 88' lang='lat'><strong>———</strong></span> <span class='ocrx_word' id='word_1_367' title='bbox 2202 2177 2233 2213; x_wconf 91' lang='lat' dir='ltr'><strong>a</strong></span> <span class='ocrx_word' id='word_1_368' title='bbox 2286 2159 2656 2227; x_wconf 79' lang='lat' dir='ltr'><strong>fraternitate;</strong></span> <span class='ocrx_word' id='word_1_369' title='bbox 2703 2173 2866 2227; x_wconf 90' lang='lat' dir='ltr'><strong>quam</strong></span> <span class='ocrx_word' id='word_1_370' title='bbox 2926 2159 3241 2227; x_wconf 88' lang='lat' dir='ltr'><strong>epistolam,</strong></span> <span class='ocrx_word' id='word_1_371' title='bbox 3288 2160 3343 2214; x_wconf 92' lang='lat' dir='ltr'><strong>in</strong></span> <span class='ocrx_word' id='word_1_372' title='bbox 3392 2161 3509 2215; x_wconf 85' lang='lat' dir='ltr'><strong>edi-</strong></span> 
     </span>
    </p>
   </div>
   <div class='ocr_carea' id='block_1_49' title="bbox 1927 2250 3509 2321">
    <p class='ocr_par' dir='ltr' id='par_1_49' title="bbox 1927 2250 3509 2321">
     <span class='ocr_line' id='line_1_49' title="bbox 1927 2250 3509 2321; baseline -0.003 -11"><span class='ocrx_word' id='word_1_373' title='bbox 1927 2256 2072 2310; x_wconf 89' lang='lat' dir='ltr'><strong>tione</strong></span> <span class='ocrx_word' id='word_1_374' title='bbox 2122 2252 2491 2307; x_wconf 84' lang='lat' dir='ltr'><strong>desideratam</strong></span> <span class='ocrx_word' id='word_1_375' title='bbox 2530 2250 2762 2305; x_wconf 90' lang='lat' dir='ltr'><strong>Bandin.</strong></span> <span class='ocrx_word' id='word_1_376' title='bbox 2805 2251 2843 2305; x_wconf 93' lang='lat' dir='ltr'><strong>l.</strong></span> <span class='ocrx_word' id='word_1_377' title='bbox 2886 2266 2935 2305; x_wconf 92' lang='lat' dir='ltr'><strong>c.</strong></span> <span class='ocrx_word' id='word_1_378' title='bbox 2979 2267 3032 2321; x_wconf 93' lang='lat' dir='ltr'><strong>p.</strong></span> <span class='ocrx_word' id='word_1_379' title='bbox 3079 2251 3182 2305; x_wconf 84' lang='grc'><strong>128</strong></span> <span class='ocrx_word' id='word_1_380' title='bbox 3222 2267 3303 2321; x_wconf 86' lang='lat' dir='ltr'><strong>sq.</strong></span> <span class='ocrx_word' id='word_1_381' title='bbox 3370 2252 3509 2306; x_wconf 88' lang='lat' dir='ltr'><strong>inte-</strong></span> 
     </span>
    </p>
   </div>
   <div class='ocr_carea' id='block_1_50' title="bbox 1922 2342 3507 2417">
    <p class='ocr_par' dir='ltr' id='par_1_50' title="bbox 1922 2342 3507 2417">
     <span class='ocr_line' id='line_1_50' title="bbox 1922 2342 3507 2417; baseline -0.001 -16"><span class='ocrx_word' id='word_1_382' title='bbox 1922 2362 2070 2417; x_wconf 87' lang='lat' dir='ltr'><strong>gram</strong></span> <span class='ocrx_word' id='word_1_383' title='bbox 2100 2344 2193 2400; x_wconf 89' lang='lat' dir='ltr'><strong>Gr.</strong></span> <span class='ocrx_word' id='word_1_384' title='bbox 2218 2343 2413 2407; x_wconf 87' lang='lat' dir='ltr'><strong>edidit,</strong></span> <span class='ocrx_word' id='word_1_385' title='bbox 2440 2351 2575 2396; x_wconf 92' lang='lat' dir='ltr'><strong>tum.</strong></span> <span class='ocrx_word' id='word_1_386' title='bbox 2609 2357 2665 2395; x_wconf 87' lang='grc' dir='ltr'><strong>ιι.</strong></span> <span class='ocrx_word' id='word_1_387' title='bbox 2697 2342 2767 2395; x_wconf 84' lang='grc'><strong>22</strong></span> <span class='ocrx_word' id='word_1_388' title='bbox 2793 2342 3043 2413; x_wconf 87' lang='lat' dir='ltr'><strong>sequitur</strong></span> <span class='ocrx_word' id='word_1_389' title='bbox 3070 2342 3253 2414; x_wconf 85' lang='lat' dir='ltr'><strong>Cyrilli</strong></span> <span class='ocrx_word' id='word_1_390' title='bbox 3277 2344 3507 2414; x_wconf 86' lang='lat' dir='ltr'><strong>epistola</strong></span> 
     </span>
    </p>
   </div>
   <div class='ocr_carea' id='block_1_51' title="bbox 1921 2434 3509 2509">
    <p class='ocr_par' dir='ltr' id='par_1_51' title="bbox 1921 2434 3509 2509">
     <span class='ocr_line' id='line_1_51' title="bbox 1921 2434 3509 2509; baseline -0.003 -15"><span class='ocrx_word' id='word_1_391' title='bbox 1921 2440 1989 2494; x_wconf 91' lang='lat' dir='ltr'><strong>ad</strong></span> <span class='ocrx_word' id='word_1_392' title='bbox 2049 2437 2412 2509; x_wconf 79' lang='lat' dir='ltr'><strong>Calosyrium,</strong></span> <span class='ocrx_word' id='word_1_393' title='bbox 2460 2435 2779 2505; x_wconf 88' lang='lat' dir='ltr'><strong>episcopum</strong></span> <span class='ocrx_word' id='word_1_394' title='bbox 2834 2434 3198 2499; x_wconf 87' lang='lat' dir='ltr'><strong>Arsenoitem,</strong></span> <span class='ocrx_word' id='word_1_395' title='bbox 3243 2435 3509 2493; x_wconf 80' lang='lat' dir='ltr'><strong>adversus</strong></span> 
     </span>
    </p>
   </div>
   <div class='ocr_carea' id='block_1_52' title="bbox 1922 2525 3503 2600">
    <p class='ocr_par' dir='ltr' id='par_1_52' title="bbox 1922 2525 3503 2600">
     <span class='ocr_line' id='line_1_52' title="bbox 1922 2525 3503 2600; baseline -0.004 -13"><span class='ocrx_word' id='word_1_396' title='bbox 1922 2547 2018 2587; x_wconf 89' lang='lat' dir='ltr'><strong>cos</strong></span> <span class='ocrx_word' id='word_1_397' title='bbox 2068 2530 2162 2600; x_wconf 89' lang='lat' dir='ltr'><strong>qui</strong></span> <span class='ocrx_word' id='word_1_398' title='bbox 2212 2530 2385 2583; x_wconf 89' lang='lat' dir='ltr'><strong>Deum</strong></span> <span class='ocrx_word' id='word_1_399' title='bbox 2438 2527 3002 2597; x_wconf 87' lang='lat' dir='ltr'><strong>anthropomorphum</strong></span> <span class='ocrx_word' id='word_1_400' title='bbox 3054 2533 3318 2581; x_wconf 85' lang='lat' dir='ltr'><strong>statuunt.</strong></span> <span class='ocrx_word' id='word_1_401' title='bbox 3364 2525 3503 2580; x_wconf 85' lang='lat' dir='ltr'><strong>Add.</strong></span> 
     </span>
    </p>
   </div>
   <div class='ocr_carea' id='block_1_53' title="bbox 1921 2608 2622 2694">
    <p class='ocr_par' dir='ltr' id='par_1_53' title="bbox 1921 2608 2622 2694">
     <span class='ocr_line' id='line_1_53' title="bbox 1921 2608 2622 2694; baseline -0.009 -16"><span class='ocrx_word' id='word_1_402' title='bbox 1921 2639 2085 2694; x_wconf 88' lang='lat' dir='ltr'><strong>supra</strong></span> <span class='ocrx_word' id='word_1_403' title='bbox 2119 2622 2186 2676; x_wconf 91' lang='lat' dir='ltr'><strong>ad</strong></span> <span class='ocrx_word' id='word_1_404' title='bbox 2218 2638 2274 2676; x_wconf 85' lang='grc' dir='ltr'><strong>ιι.</strong></span> <span class='ocrx_word' id='word_1_405' title='bbox 2307 2608 2417 2675; x_wconf 76' lang='lat' dir='ltr'><strong>VII.</strong></span> <span class='ocrx_word' id='word_1_406' title='bbox 2456 2620 2622 2673; x_wconf 64' lang='grc' dir='ltr'>Ηιιιιι..</span> 
     </span>
    </p>
   </div>
   <div class='ocr_carea' id='block_1_54' title="bbox 1991 2712 3507 2784">
    <p class='ocr_par' dir='ltr' id='par_1_54' title="bbox 1991 2712 3507 2784">
     <span class='ocr_line' id='line_1_54' title="bbox 1991 2712 3507 2784; baseline -0.003 -15"><span class='ocrx_word' id='word_1_407' title='bbox 1991 2716 2095 2784; x_wconf 49' lang='grc' dir='ltr'><strong>κγ.</strong></span> <span class='ocrx_word' id='word_1_408' title='bbox 2151 2715 2227 2768; x_wconf 89' lang='lat' dir='ltr'><strong>De</strong></span> <span class='ocrx_word' id='word_1_409' title='bbox 2275 2713 2331 2768; x_wconf 85' lang='lat' dir='ltr'><strong>S.</strong></span> <span class='ocrx_word' id='word_1_410' title='bbox 2379 2714 2635 2767; x_wconf 86' lang='lat' dir='ltr'><strong>Trinitate</strong></span> <span class='ocrx_word' id='word_1_411' title='bbox 2696 2712 2846 2778; x_wconf 82' lang='lat' dir='ltr'><strong>liber,</strong></span> <span class='ocrx_word' id='word_1_412' title='bbox 2900 2727 2951 2782; x_wconf 91' lang='lat' dir='ltr'><strong>p.</strong></span> <span class='ocrx_word' id='word_1_413' title='bbox 3005 2712 3165 2778; x_wconf 78' lang='lat'><strong>1-55;</strong></span> <span class='ocrx_word' id='word_1_414' title='bbox 3215 2728 3339 2766; x_wconf 90' lang='lat' dir='ltr'><strong>cum</strong></span> <span class='ocrx_word' id='word_1_415' title='bbox 3386 2728 3507 2766; x_wconf 47' lang='lat' dir='ltr'><strong>ver‘</strong></span> 
     </span>
    </p>
   </div>
   <div class='ocr_carea' id='block_1_55' title="bbox 1921 2805 3507 2878">
    <p class='ocr_par' dir='ltr' id='par_1_55' title="bbox 1921 2805 3507 2878">
     <span class='ocr_line' id='line_1_55' title="bbox 1921 2805 3507 2878; baseline -0.004 -12"><span class='ocrx_word' id='word_1_416' title='bbox 1921 2810 2073 2866; x_wconf 90' lang='lat' dir='ltr'><strong>sione</strong></span> <span class='ocrx_word' id='word_1_417' title='bbox 2115 2808 2342 2864; x_wconf 83' lang='lat' dir='ltr'><strong>Joan‘nis</strong></span> <span class='ocrx_word' id='word_1_418' title='bbox 2384 2807 2677 2878; x_wconf 85' lang='lat' dir='ltr'><strong>Wegelini,</strong></span> <span class='ocrx_word' id='word_1_419' title='bbox 2727 2805 3051 2877; x_wconf 84' lang='lat' dir='ltr'><strong>Augustani,</strong></span> <span class='ocrx_word' id='word_1_420' title='bbox 3087 2805 3182 2875; x_wconf 91' lang='lat' dir='ltr'><strong>qui</strong></span> <span class='ocrx_word' id='word_1_421' title='bbox 3227 2805 3437 2875; x_wconf 80' lang='lat' dir='ltr'><strong>primus</strong></span> <span class='ocrx_word' id='word_1_422' title='bbox 3474 2821 3507 2859; x_wconf 91' lang='lat' dir='ltr'><strong>e</strong></span> 
     </span>
    </p>
   </div>
   <div class='ocr_carea' id='block_1_56' title="bbox 1920 2896 3509 2969">
    <p class='ocr_par' dir='ltr' id='par_1_56' title="bbox 1920 2896 3509 2969">
     <span class='ocr_line' id='line_1_56' title="bbox 1920 2896 3509 2969; baseline -0.003 -12"><span class='ocrx_word' id='word_1_423' title='bbox 1920 2920 2023 2957; x_wconf 86' lang='lat' dir='ltr'><strong>ms.</strong></span> <span class='ocrx_word' id='word_1_424' title='bbox 2052 2901 2240 2957; x_wconf 92' lang='lat' dir='ltr'><strong>codice</strong></span> <span class='ocrx_word' id='word_1_425' title='bbox 2269 2899 2619 2956; x_wconf 71' lang='lat' dir='ltr'><strong>bibliotheca:</strong></span> <span class='ocrx_word' id='word_1_426' title='bbox 2650 2897 2839 2969; x_wconf 70' lang='lat' dir='ltr'><strong>patriae</strong></span> <span class='ocrx_word' id='word_1_427' title='bbox 2870 2897 3044 2952; x_wconf 91' lang='lat' dir='ltr'><strong>edidit</strong></span> <span class='ocrx_word' id='word_1_428' title='bbox 3069 2906 3124 2952; x_wconf 90' lang='lat' dir='ltr'><strong>et</strong></span> <span class='ocrx_word' id='word_1_429' title='bbox 3154 2896 3207 2951; x_wconf 90' lang='lat' dir='ltr'><strong>in</strong></span> <span class='ocrx_word' id='word_1_430' title='bbox 3235 2898 3412 2967; x_wconf 88' lang='lat' dir='ltr'><strong>capita</strong></span> <span class='ocrx_word' id='word_1_431' title='bbox 3440 2896 3509 2952; x_wconf 87' lang='lat'><strong>18</strong></span> 
     </span>
    </p>
   </div>
   <div class='ocr_carea' id='block_1_57' title="bbox 1921 2991 3510 3067">
    <p class='ocr_par' dir='ltr' id='par_1_57' title="bbox 1921 2991 3510 3067">
     <span class='ocr_line' id='line_1_57' title="bbox 1921 2991 3510 3067; baseline -0.004 -15"><span class='ocrx_word' id='word_1_432' title='bbox 1921 2997 2140 3061; x_wconf 83' lang='lat' dir='ltr'><strong>divisit,</strong></span> <span class='ocrx_word' id='word_1_433' title='bbox 2185 2999 2442 3067; x_wconf 67' lang='lat' dir='ltr'><strong>Augusta:</strong></span> <span class='ocrx_word' id='word_1_434' title='bbox 2490 2994 2707 3049; x_wconf 88' lang='lat' dir='ltr'><strong>Vindel.</strong></span> <span class='ocrx_word' id='word_1_435' title='bbox 2760 2992 2897 3048; x_wconf 69' lang='grc'>1604</span> <span class='ocrx_word' id='word_1_436' title='bbox 2951 2992 3050 3065; x_wconf 87' lang='lat' dir='ltr'><strong>(c),</strong></span> <span class='ocrx_word' id='word_1_437' title='bbox 3094 2992 3149 3047; x_wconf 91' lang='lat' dir='ltr'><strong>in</strong></span> <span class='ocrx_word' id='word_1_438' title='bbox 3199 2991 3262 3057; x_wconf 90' lang='lat'><strong>8,</strong></span> <span class='ocrx_word' id='word_1_439' title='bbox 3305 2991 3510 3046; x_wconf 84' lang='lat' dir='ltr'><strong>additis</strong></span> 
     </span>
    </p>
   </div>
   <div class='ocr_carea' id='block_1_58' title="bbox 1921 3085 3508 3157">
    <p class='ocr_par' dir='ltr' id='par_1_58' title="bbox 1921 3085 3508 3157">
     <span class='ocr_line' id='line_1_58' title="bbox 1921 3085 3508 3157; baseline -0.005 -13"><span class='ocrx_word' id='word_1_440' title='bbox 1921 3091 2084 3144; x_wconf 85' lang='lat' dir='ltr'><strong>etiam</strong></span> <span class='ocrx_word' id='word_1_441' title='bbox 2121 3090 2287 3151; x_wconf 88' lang='lat' dir='ltr'><strong>notis,</strong></span> <span class='ocrx_word' id='word_1_442' title='bbox 2319 3087 2414 3142; x_wconf 89' lang='lat' dir='ltr'><strong>sed</strong></span> <span class='ocrx_word' id='word_1_443' title='bbox 2445 3102 2566 3157; x_wconf 74' lang='lat' dir='ltr'><strong>quze</strong></span> <span class='ocrx_word' id='word_1_444' title='bbox 2596 3087 2664 3140; x_wconf 90' lang='lat' dir='ltr'><strong>ab</strong></span> <span class='ocrx_word' id='word_1_445' title='bbox 2697 3086 2941 3141; x_wconf 82' lang='lat' dir='ltr'><strong>Auberto</strong></span> <span class='ocrx_word' id='word_1_446' title='bbox 2979 3093 3107 3138; x_wconf 88' lang='lat' dir='ltr'><strong>sunt</strong></span> <span class='ocrx_word' id='word_1_447' title='bbox 3150 3085 3383 3139; x_wconf 64' lang='lat' dir='ltr'><strong>omissae.</strong></span> <span class='ocrx_word' id='word_1_448' title='bbox 3422 3085 3508 3139; x_wconf 91' lang='lat' dir='ltr'><strong>In-</strong></span> 
     </span>
    </p>
   </div>
   <div class='ocr_carea' id='block_1_59' title="bbox 245 3167 1820 3254">
    <p class='ocr_par' dir='ltr' id='par_1_59' title="bbox 245 3167 1815 3238">
     <span class='ocr_line' id='line_1_59' title="bbox 245 3167 1815 3238; baseline 0 -15"><span class='ocrx_word' id='word_1_449' title='bbox 245 3168 487 3233; x_wconf 79' lang='lat' dir='ltr'><strong>LXXVII,</strong></span> <span class='ocrx_word' id='word_1_450' title='bbox 514 3185 573 3224; x_wconf 81' lang='grc' dir='ltr'><strong>ιι.</strong></span> <span class='ocrx_word' id='word_1_451' title='bbox 600 3168 654 3233; x_wconf 86' lang='grc'><strong>9,</strong></span> <span class='ocrx_word' id='word_1_452' title='bbox 676 3167 1037 3238; x_wconf 83' lang='lat' dir='ltr'><strong>fragmentum</strong></span> <span class='ocrx_word' id='word_1_453' title='bbox 1066 3167 1180 3223; x_wconf 84' lang='lat' dir='ltr'><strong>sive</strong></span> <span class='ocrx_word' id='word_1_454' title='bbox 1208 3183 1334 3238; x_wconf 88' lang='lat' dir='ltr'><strong>pars</strong></span> <span class='ocrx_word' id='word_1_455' title='bbox 1360 3168 1619 3223; x_wconf 90' lang='lat' dir='ltr'><strong>continua</strong></span> <span class='ocrx_word' id='word_1_456' title='bbox 1648 3168 1775 3223; x_wconf 90' lang='lat' dir='ltr'><strong>libri</strong></span> <span class='ocrx_word' id='word_1_457' title='bbox 1800 3185 1815 3223; x_wconf 82' lang='lat'><strong>1</strong></span> 
     </span>
    </p>
   </div>
   <div class='ocr_carea' id='block_1_60' title="bbox 1920 3167 3501 3254">
    <p class='ocr_par' dir='ltr' id='par_1_60' title="bbox 1922 3175 3501 3252">
     <span class='ocr_line' id='line_1_60' title="bbox 1922 3175 3501 3252; baseline -0.006 -16"><span class='ocrx_word' id='word_1_458' title='bbox 1922 3183 2098 3252; x_wconf 85' lang='lat' dir='ltr'><strong>cipit:</strong></span> <span class='ocrx_word' id='word_1_459' title='bbox 2149 3178 2367 3250; x_wconf 83' lang='grc' dir='ltr'>Ἐπειδὴ</span> <span class='ocrx_word' id='word_1_460' title='bbox 2436 3176 2740 3249; x_wconf 80' lang='grc' dir='ltr'>πρώτιστον</span> <span class='ocrx_word' id='word_1_461' title='bbox 2791 3179 2925 3248; x_wconf 76' lang='grc' dir='ltr'>ἡμῖν</span> <span class='ocrx_word' id='word_1_462' title='bbox 2974 3179 3087 3239; x_wconf 84' lang='grc' dir='ltr'>τοῖς</span> <span class='ocrx_word' id='word_1_463' title='bbox 3135 3175 3501 3247; x_wconf 77' lang='grc' dir='ltr'>Χριστιανοῖς.</span> 
     </span>
    </p>
   </div>
   <div class='ocr_carea' id='block_1_61' title="bbox 242 3259 1819 3317">
    <p class='ocr_par' dir='ltr' id='par_1_61' title="bbox 242 3259 1819 3317">
     <span class='ocr_line' id='line_1_61' title="bbox 242 3259 1819 3317; baseline 0.002 -5"><span class='ocrx_word' id='word_1_464' title='bbox 242 3268 417 3314; x_wconf 81' lang='lat' dir='ltr'><strong>contra</strong></span> <span class='ocrx_word' id='word_1_465' title='bbox 459 3259 765 3317; x_wconf 77' lang='lat' dir='ltr'><strong>Iulianum.</strong></span> <span class='ocrx_word' id='word_1_466' title='bbox 823 3261 887 3315; x_wconf 91' lang='lat' dir='ltr'><strong>V.</strong></span> <span class='ocrx_word' id='word_1_467' title='bbox 938 3260 1193 3315; x_wconf 91' lang='lat' dir='ltr'><strong>Lambec.</strong></span> <span class='ocrx_word' id='word_1_468' title='bbox 1245 3276 1369 3315; x_wconf 88' lang='lat' dir='ltr'><strong>cum</strong></span> <span class='ocrx_word' id='word_1_469' title='bbox 1420 3261 1643 3315; x_wconf 88' lang='lat' dir='ltr'><strong>Kollarii</strong></span> <span class='ocrx_word' id='word_1_470' title='bbox 1692 3269 1819 3315; x_wconf 86' lang='lat' dir='ltr'><strong>nota</strong></span> 
     </span>
    </p>
   </div>
   <div class='ocr_carea' id='block_1_62' title="bbox 243 3351 1815 3423">
    <p class='ocr_par' dir='ltr' id='par_1_62' title="bbox 243 3351 1815 3423">
     <span class='ocr_line' id='line_1_62' title="bbox 243 3351 1815 3423; baseline -0.001 -14"><span class='ocrx_word' id='word_1_471' title='bbox 243 3351 524 3409; x_wconf 79' lang='lat' dir='ltr'><strong>Comment.</strong></span> <span class='ocrx_word' id='word_1_472' title='bbox 564 3353 666 3419; x_wconf 91' lang='lat' dir='ltr'><strong>VI,</strong></span> <span class='ocrx_word' id='word_1_473' title='bbox 711 3361 852 3422; x_wconf 89' lang='lat' dir='ltr'><strong>part.</strong></span> <span class='ocrx_word' id='word_1_474' title='bbox 898 3369 966 3417; x_wconf 89' lang='grc' dir='ltr'><strong>ιι,</strong></span> <span class='ocrx_word' id='word_1_475' title='bbox 1019 3368 1072 3423; x_wconf 92' lang='lat' dir='ltr'><strong>p.</strong></span> <span class='ocrx_word' id='word_1_476' title='bbox 1122 3353 1228 3407; x_wconf 75' lang='grc'>242</span> <span class='ocrx_word' id='word_1_477' title='bbox 1270 3369 1409 3423; x_wconf 91' lang='lat' dir='ltr'><strong>seq.,</strong></span> <span class='ocrx_word' id='word_1_478' title='bbox 1453 3368 1518 3408; x_wconf 91' lang='lat' dir='ltr'><strong>ac</strong></span> <span class='ocrx_word' id='word_1_479' title='bbox 1556 3354 1665 3409; x_wconf 93' lang='lat' dir='ltr'><strong>vol.</strong></span> <span class='ocrx_word' id='word_1_480' title='bbox 1704 3354 1815 3418; x_wconf 90' lang='lat' dir='ltr'><strong>VII,</strong></span> 
     </span>
    </p>
   </div>
   <div class='ocr_carea' id='block_1_63' title="bbox 243 3444 522 3516">
    <p class='ocr_par' dir='ltr' id='par_1_63' title="bbox 243 3444 522 3516">
     <span class='ocr_line' id='line_1_63' title="bbox 243 3444 522 3516; baseline -0.004 -17"><span class='ocrx_word' id='word_1_481' title='bbox 243 3460 354 3516; x_wconf 86' lang='lat' dir='ltr'><strong>pag.</strong></span> <span class='ocrx_word' id='word_1_482' title='bbox 395 3444 522 3500; x_wconf 76' lang='grc'>299.</span> 
     </span>
    </p>
   </div>
   <div class='ocr_carea' id='block_1_64' title="bbox 305 3535 1818 3608">
    <p class='ocr_par' dir='ltr' id='par_1_64' title="bbox 305 3535 1818 3608">
     <span class='ocr_line' id='line_1_64' title="bbox 305 3535 1818 3608; baseline 0.003 -18"><span class='ocrx_word' id='word_1_483' title='bbox 305 3535 578 3591; x_wconf 81' lang='lat' dir='ltr'><strong>Monacbii</strong></span> <span class='ocrx_word' id='word_1_484' title='bbox 620 3536 677 3590; x_wconf 91' lang='lat' dir='ltr'><strong>in</strong></span> <span class='ocrx_word' id='word_1_485' title='bbox 717 3536 839 3590; x_wconf 92' lang='lat' dir='ltr'><strong>cod.</strong></span> <span class='ocrx_word' id='word_1_486' title='bbox 878 3535 942 3590; x_wconf 90' lang='lat' dir='ltr'><strong>CI</strong></span> <span class='ocrx_word' id='word_1_487' title='bbox 980 3537 1206 3590; x_wconf 91' lang='lat' dir='ltr'><strong>elector.</strong></span> <span class='ocrx_word' id='word_1_488' title='bbox 1241 3535 1378 3591; x_wconf 89' lang='lat' dir='ltr'><strong>bibl.</strong></span> <span class='ocrx_word' id='word_1_489' title='bbox 1420 3535 1607 3608; x_wconf 84' lang='lat' dir='ltr'><strong>Cyrilli</strong></span> <span class='ocrx_word' id='word_1_490' title='bbox 1635 3548 1818 3595; x_wconf 84' lang='lat' dir='ltr'><strong>contra</strong></span> 
     </span>
    </p>
   </div>
   <div class='ocr_carea' id='block_1_65' title="bbox 240 3626 1814 3701">
    <p class='ocr_par' dir='ltr' id='par_1_65' title="bbox 240 3626 1814 3701">
     <span class='ocr_line' id='line_1_65' title="bbox 240 3626 1814 3701; baseline 0.003 -20"><span class='ocrx_word' id='word_1_491' title='bbox 240 3626 433 3682; x_wconf 83' lang='lat' dir='ltr'><strong>Julian.</strong></span> <span class='ocrx_word' id='word_1_492' title='bbox 486 3637 628 3684; x_wconf 89' lang='lat' dir='ltr'><strong>tom.</strong></span> <span class='ocrx_word' id='word_1_493' title='bbox 677 3629 741 3683; x_wconf 89' lang='lat' dir='ltr'><strong>V.</strong></span> <span class='ocrx_word' id='word_1_494' title='bbox 801 3629 948 3683; x_wconf 90' lang='lat' dir='ltr'><strong>Idem</strong></span> <span class='ocrx_word' id='word_1_495' title='bbox 1002 3638 1187 3682; x_wconf 86' lang='lat' dir='ltr'><strong>contra</strong></span> <span class='ocrx_word' id='word_1_496' title='bbox 1231 3629 1814 3701; x_wconf 73' lang='lat' dir='ltr'><strong>Anthropomorphitas.</strong></span> 
     </span>
    </p>
   </div>
   <div class='ocr_carea' id='block_1_66' title="bbox 242 3718 1815 3787">
    <p class='ocr_par' dir='ltr' id='par_1_66' title="bbox 242 3718 1815 3787">
     <span class='ocr_line' id='line_1_66' title="bbox 242 3718 1815 3787; baseline 0 -12"><span class='ocrx_word' id='word_1_497' title='bbox 242 3718 445 3775; x_wconf 82' lang='lat' dir='ltr'><strong>Primus</strong></span> <span class='ocrx_word' id='word_1_498' title='bbox 483 3729 676 3774; x_wconf 90' lang='lat' dir='ltr'><strong>tomus</strong></span> <span class='ocrx_word' id='word_1_499' title='bbox 702 3719 832 3775; x_wconf 86' lang='lat' dir='ltr'><strong>libri</strong></span> <span class='ocrx_word' id='word_1_500' title='bbox 868 3736 905 3774; x_wconf 86' lang='grc' dir='ltr'><strong>ιι</strong></span> <span class='ocrx_word' id='word_1_501' title='bbox 944 3730 1129 3773; x_wconf 84' lang='lat' dir='ltr'><strong>contra</strong></span> <span class='ocrx_word' id='word_1_502' title='bbox 1160 3719 1391 3786; x_wconf 84' lang='lat' dir='ltr'><strong>Julian.,</strong></span> <span class='ocrx_word' id='word_1_503' title='bbox 1423 3721 1553 3777; x_wconf 88' lang='lat' dir='ltr'><strong>item</strong></span> <span class='ocrx_word' id='word_1_504' title='bbox 1583 3730 1715 3776; x_wconf 91' lang='lat' dir='ltr'><strong>tom.</strong></span> <span class='ocrx_word' id='word_1_505' title='bbox 1751 3722 1815 3787; x_wconf 90' lang='lat' dir='ltr'><strong>II,</strong></span> 
     </span>
    </p>
   </div>
   <div class='ocr_carea' id='block_1_67' title="bbox 243 3808 1815 3882">
    <p class='ocr_par' dir='ltr' id='par_1_67' title="bbox 243 3808 1815 3882">
     <span class='ocr_line' id='line_1_67' title="bbox 243 3808 1815 3882; baseline 0.003 -19"><span class='ocrx_word' id='word_1_506' title='bbox 243 3808 322 3873; x_wconf 88' lang='lat' dir='ltr'><strong>IlI,</strong></span> <span class='ocrx_word' id='word_1_507' title='bbox 355 3810 440 3875; x_wconf 83' lang='lat' dir='ltr'><strong>IV,</strong></span> <span class='ocrx_word' id='word_1_508' title='bbox 471 3812 543 3877; x_wconf 92' lang='lat' dir='ltr'><strong>V,</strong></span> <span class='ocrx_word' id='word_1_509' title='bbox 576 3811 823 3882; x_wconf 86' lang='lat' dir='ltr'><strong>ejusdem</strong></span> <span class='ocrx_word' id='word_1_510' title='bbox 852 3811 978 3867; x_wconf 86' lang='lat' dir='ltr'><strong>libri</strong></span> <span class='ocrx_word' id='word_1_511' title='bbox 1005 3810 1255 3868; x_wconf 89' lang='lat' dir='ltr'><strong>secundi.</strong></span> <span class='ocrx_word' id='word_1_512' title='bbox 1291 3812 1355 3865; x_wconf 94' lang='lat' dir='ltr'><strong>V.</strong></span> <span class='ocrx_word' id='word_1_513' title='bbox 1391 3811 1508 3868; x_wconf 89' lang='lat' dir='ltr'><strong>Cat.</strong></span> <span class='ocrx_word' id='word_1_514' title='bbox 1541 3812 1688 3866; x_wconf 88' lang='lat' dir='ltr'><strong>codd.</strong></span> <span class='ocrx_word' id='word_1_515' title='bbox 1724 3812 1815 3869; x_wconf 82' lang='lat' dir='ltr'><strong>Gr.</strong></span> 
     </span>
    </p>
   </div>
   <div class='ocr_carea' id='block_1_68' title="bbox 241 3900 662 3974">
    <p class='ocr_par' dir='ltr' id='par_1_68' title="bbox 241 3900 662 3974">
     <span class='ocr_line' id='line_1_68' title="bbox 241 3900 662 3974; baseline 0.005 -19"><span class='ocrx_word' id='word_1_516' title='bbox 241 3900 421 3957; x_wconf 73' lang='lat' dir='ltr'><strong>Bevar.</strong></span> <span class='ocrx_word' id='word_1_517' title='bbox 433 3945 447 3967; x_wconf 95' lang='lat'><strong>,</strong></span> <span class='ocrx_word' id='word_1_518' title='bbox 479 3920 541 3974; x_wconf 88' lang='lat' dir='ltr'><strong>p.</strong></span> <span class='ocrx_word' id='word_1_519' title='bbox 575 3902 662 3957; x_wconf 84' lang='grc'><strong>58.</strong></span> 
     </span>
    </p>
   </div>
   <div class='ocr_carea' id='block_1_69' title="bbox 302 3993 1820 4058">
    <p class='ocr_par' dir='ltr' id='par_1_69' title="bbox 302 3993 1820 4058">
     <span class='ocr_line' id='line_1_69' title="bbox 302 3993 1820 4058; baseline 0.003 -10"><span class='ocrx_word' id='word_1_520' title='bbox 302 3994 357 4048; x_wconf 91' lang='lat' dir='ltr'><strong>In</strong></span> <span class='ocrx_word' id='word_1_521' title='bbox 388 3995 525 4051; x_wconf 88' lang='lat' dir='ltr'><strong>bibl.</strong></span> <span class='ocrx_word' id='word_1_522' title='bbox 567 3994 733 4050; x_wconf 87' lang='lat' dir='ltr'><strong>Marc.</strong></span> <span class='ocrx_word' id='word_1_523' title='bbox 765 3995 956 4051; x_wconf 81' lang='lat' dir='ltr'><strong>Venet.</strong></span> <span class='ocrx_word' id='word_1_524' title='bbox 997 3995 1056 4050; x_wconf 89' lang='lat' dir='ltr'><strong>in</strong></span> <span class='ocrx_word' id='word_1_525' title='bbox 1089 3994 1251 4051; x_wconf 92' lang='lat' dir='ltr'><strong>codd.</strong></span> <span class='ocrx_word' id='word_1_526' title='bbox 1279 3994 1491 4058; x_wconf 79' lang='lat' dir='ltr'><strong>CXXII,</strong></span> <span class='ocrx_word' id='word_1_527' title='bbox 1513 3993 1725 4051; x_wconf 80' lang='lat' dir='ltr'><strong>CXXIII</strong></span> <span class='ocrx_word' id='word_1_528' title='bbox 1764 4005 1820 4052; x_wconf 88' lang='lat' dir='ltr'><strong>et</strong></span> 
     </span>
    </p>
   </div>
   <div class='ocr_carea' id='block_1_70' title="bbox 240 4083 1816 4153">
    <p class='ocr_par' dir='ltr' id='par_1_70' title="bbox 240 4083 1816 4153">
     <span class='ocr_line' id='line_1_70' title="bbox 240 4083 1816 4153; baseline 0.001 -12"><span class='ocrx_word' id='word_1_529' title='bbox 240 4083 457 4153; x_wconf 79' lang='lat' dir='ltr'><strong>CXXIV,</strong></span> <span class='ocrx_word' id='word_1_530' title='bbox 501 4096 696 4142; x_wconf 85' lang='lat' dir='ltr'><strong>contra</strong></span> <span class='ocrx_word' id='word_1_531' title='bbox 738 4086 943 4143; x_wconf 73' lang='lat' dir='ltr'><strong>Julian.</strong></span> <span class='ocrx_word' id='word_1_532' title='bbox 974 4088 1107 4143; x_wconf 88' lang='lat' dir='ltr'><strong>libri</strong></span> <span class='ocrx_word' id='word_1_533' title='bbox 1145 4104 1202 4152; x_wconf 71' lang='grc' dir='ltr'>Χ,</span> <span class='ocrx_word' id='word_1_534' title='bbox 1233 4103 1345 4143; x_wconf 84' lang='lat' dir='ltr'><strong>sec.</strong></span> <span class='ocrx_word' id='word_1_535' title='bbox 1381 4096 1488 4143; x_wconf 86' lang='lat' dir='ltr'><strong>cat.</strong></span> <span class='ocrx_word' id='word_1_536' title='bbox 1524 4088 1685 4143; x_wconf 91' lang='lat' dir='ltr'><strong>codd.</strong></span> <span class='ocrx_word' id='word_1_537' title='bbox 1722 4088 1816 4143; x_wconf 88' lang='lat' dir='ltr'><strong>Gr.</strong></span> 
     </span>
    </p>
   </div>
   <div class='ocr_carea' id='block_1_71' title="bbox 240 4175 804 4248">
    <p class='ocr_par' dir='ltr' id='par_1_71' title="bbox 240 4175 804 4248">
     <span class='ocr_line' id='line_1_71' title="bbox 240 4175 804 4248; baseline 0.004 -19"><span class='ocrx_word' id='word_1_538' title='bbox 240 4175 415 4241; x_wconf 61' lang='lat' dir='ltr'><strong>Mare,</strong></span> <span class='ocrx_word' id='word_1_539' title='bbox 441 4194 496 4248; x_wconf 89' lang='lat' dir='ltr'><strong>p.</strong></span> <span class='ocrx_word' id='word_1_540' title='bbox 528 4178 601 4232; x_wconf 91' lang='grc'><strong>70</strong></span> <span class='ocrx_word' id='word_1_541' title='bbox 633 4188 691 4233; x_wconf 89' lang='lat' dir='ltr'><strong>et</strong></span> <span class='ocrx_word' id='word_1_542' title='bbox 717 4180 804 4232; x_wconf 87' lang='lat'><strong>71.</strong></span> 
     </span>
    </p>
   </div>
   <div class='ocr_carea' id='block_1_72' title="bbox 303 4267 1820 4337">
    <p class='ocr_par' dir='ltr' id='par_1_72' title="bbox 303 4267 1820 4337">
     <span class='ocr_line' id='line_1_72' title="bbox 303 4267 1820 4337; baseline 0.003 -15"><span class='ocrx_word' id='word_1_543' title='bbox 303 4267 360 4322; x_wconf 89' lang='lat' dir='ltr'><strong>In</strong></span> <span class='ocrx_word' id='word_1_544' title='bbox 398 4269 536 4324; x_wconf 84' lang='lat' dir='ltr'><strong>bibl.</strong></span> <span class='ocrx_word' id='word_1_545' title='bbox 584 4270 852 4325; x_wconf 88' lang='lat' dir='ltr'><strong>Escorial.</strong></span> <span class='ocrx_word' id='word_1_546' title='bbox 893 4269 1220 4325; x_wconf 80' lang='lat' dir='ltr'><strong>Acclamatio</strong></span> <span class='ocrx_word' id='word_1_547' title='bbox 1256 4271 1326 4325; x_wconf 89' lang='lat' dir='ltr'><strong>ad</strong></span> <span class='ocrx_word' id='word_1_548' title='bbox 1365 4271 1725 4337; x_wconf 78' lang='lat' dir='ltr'><strong>Theodosium,</strong></span> <span class='ocrx_word' id='word_1_549' title='bbox 1763 4281 1820 4327; x_wconf 88' lang='lat' dir='ltr'><strong>et</strong></span> 
     </span>
    </p>
   </div>
   <div class='ocr_carea' id='block_1_73' title="bbox 242 4360 1820 4420">
    <p class='ocr_par' dir='ltr' id='par_1_73' title="bbox 242 4360 1820 4420">
     <span class='ocr_line' id='line_1_73' title="bbox 242 4360 1820 4420; baseline 0.005 -8"><span class='ocrx_word' id='word_1_550' title='bbox 242 4374 303 4412; x_wconf 78' lang='lat' dir='ltr'><strong>ex</strong></span> <span class='ocrx_word' id='word_1_551' title='bbox 328 4360 802 4419; x_wconf 82' lang='lat' dir='ltr'><strong>confutationibus</strong></span> <span class='ocrx_word' id='word_1_552' title='bbox 837 4360 1102 4417; x_wconf 85' lang='lat' dir='ltr'><strong>adversus</strong></span> <span class='ocrx_word' id='word_1_553' title='bbox 1136 4362 1414 4417; x_wconf 74' lang='lat' dir='ltr'><strong>Iulianum</strong></span> <span class='ocrx_word' id='word_1_554' title='bbox 1450 4364 1725 4419; x_wconf 88' lang='lat' dir='ltr'><strong>sectiones</strong></span> <span class='ocrx_word' id='word_1_555' title='bbox 1755 4366 1820 4420; x_wconf 93' lang='grc'><strong>10</strong></span> 
     </span>
    </p>
   </div>
   <div class='ocr_carea' id='block_1_74' title="bbox 242 4447 1707 4524">
    <p class='ocr_par' dir='ltr' id='par_1_74' title="bbox 242 4447 1707 4524">
     <span class='ocr_line' id='line_1_74' title="bbox 242 4447 1707 4524; baseline 0.005 -23"><span class='ocrx_word' id='word_1_556' title='bbox 242 4447 358 4503; x_wconf 87' lang='lat' dir='ltr'><strong>libri</strong></span> <span class='ocrx_word' id='word_1_557' title='bbox 388 4467 445 4513; x_wconf 84' lang='grc' dir='ltr'><strong>ιι,</strong></span> <span class='ocrx_word' id='word_1_558' title='bbox 472 4461 616 4506; x_wconf 88' lang='lat' dir='ltr'><strong>teste</strong></span> <span class='ocrx_word' id='word_1_559' title='bbox 651 4452 847 4507; x_wconf 87' lang='lat' dir='ltr'><strong>Pluero</strong></span> <span class='ocrx_word' id='word_1_560' title='bbox 875 4452 930 4505; x_wconf 91' lang='lat' dir='ltr'><strong>in</strong></span> <span class='ocrx_word' id='word_1_561' title='bbox 960 4451 1146 4506; x_wconf 88' lang='lat' dir='ltr'><strong>Itiner.</strong></span> <span class='ocrx_word' id='word_1_562' title='bbox 1175 4470 1267 4523; x_wconf 88' lang='lat' dir='ltr'><strong>per</strong></span> <span class='ocrx_word' id='word_1_563' title='bbox 1292 4452 1466 4524; x_wconf 61' lang='grc' dir='ltr'><strong>Μέρη</strong></span> <span class='ocrx_word' id='word_1_564' title='bbox 1497 4470 1553 4523; x_wconf 92' lang='lat' dir='ltr'><strong>p.</strong></span> <span class='ocrx_word' id='word_1_565' title='bbox 1588 4454 1707 4509; x_wconf 71' lang='lat'><strong>164.</strong></span> 
     </span>
    </p>
   </div>
   <div class='ocr_carea' id='block_1_75' title="bbox 1920 3266 3507 3331">
    <p class='ocr_par' dir='ltr' id='par_1_75' title="bbox 1920 3266 3507 3331">
     <span class='ocr_line' id='line_1_75' title="bbox 1920 3266 3507 3331; baseline -0.005 -3"><span class='ocrx_word' id='word_1_566' title='bbox 1920 3273 2039 3328; x_wconf 86' lang='lat' dir='ltr'><strong>.Iam</strong></span> <span class='ocrx_word' id='word_1_567' title='bbox 2086 3288 2115 3326; x_wconf 93' lang='lat' dir='ltr'><strong>a</strong></span> <span class='ocrx_word' id='word_1_568' title='bbox 2161 3271 2352 3325; x_wconf 90' lang='lat' dir='ltr'><strong>multis</strong></span> <span class='ocrx_word' id='word_1_569' title='bbox 2406 3269 2776 3331; x_wconf 89' lang='lat' dir='ltr'><strong>observatum,</strong></span> <span class='ocrx_word' id='word_1_570' title='bbox 2815 3268 2965 3321; x_wconf 86' lang='lat' dir='ltr'><strong>hunc</strong></span> <span class='ocrx_word' id='word_1_571' title='bbox 3009 3266 3213 3321; x_wconf 87' lang='lat' dir='ltr'><strong>librum</strong></span> <span class='ocrx_word' id='word_1_572' title='bbox 3258 3276 3507 3320; x_wconf 88' lang='lat' dir='ltr'><strong>constare</strong></span> 
     </span>
    </p>
   </div>
   <div class='ocr_carea' id='block_1_76' title="bbox 1921 3355 3506 3431">
    <p class='ocr_par' dir='ltr' id='par_1_76' title="bbox 1921 3355 3506 3431">
     <span class='ocr_line' id='line_1_76' title="bbox 1921 3355 3506 3431; baseline -0.004 -16"><span class='ocrx_word' id='word_1_573' title='bbox 1921 3359 2194 3431; x_wconf 83' lang='lat' dir='ltr'><strong>cxcerptis</strong></span> <span class='ocrx_word' id='word_1_574' title='bbox 2223 3358 2447 3414; x_wconf 83' lang='lat' dir='ltr'><strong>Joannis</strong></span> <span class='ocrx_word' id='word_1_575' title='bbox 2480 3356 2799 3411; x_wconf 86' lang='lat' dir='ltr'><strong>Damasceni</strong></span> <span class='ocrx_word' id='word_1_576' title='bbox 2842 3372 2873 3411; x_wconf 91' lang='lat' dir='ltr'><strong>e</strong></span> <span class='ocrx_word' id='word_1_577' title='bbox 2917 3355 3139 3427; x_wconf 84' lang='lat' dir='ltr'><strong>Cyrillo.</strong></span> <span class='ocrx_word' id='word_1_578' title='bbox 3178 3355 3313 3410; x_wconf 89' lang='lat' dir='ltr'><strong>Vide</strong></span> <span class='ocrx_word' id='word_1_579' title='bbox 3348 3355 3506 3410; x_wconf 83' lang='lat' dir='ltr'><strong>Peta-</strong></span> 
     </span>
    </p>
   </div>
   <div class='ocr_carea' id='block_1_77' title="bbox 1921 3448 3506 3518">
    <p class='ocr_par' dir='ltr' id='par_1_77' title="bbox 1921 3448 3506 3518">
     <span class='ocr_line' id='line_1_77' title="bbox 1921 3448 3506 3518; baseline -0.003 -13"><span class='ocrx_word' id='word_1_580' title='bbox 1921 3451 2068 3505; x_wconf 82' lang='lat' dir='ltr'><strong>vium</strong></span> <span class='ocrx_word' id='word_1_581' title='bbox 2115 3450 2193 3504; x_wconf 89' lang='lat' dir='ltr'><strong>De</strong></span> <span class='ocrx_word' id='word_1_582' title='bbox 2235 3448 2332 3504; x_wconf 89' lang='lat' dir='ltr'><strong>SS.</strong></span> <span class='ocrx_word' id='word_1_583' title='bbox 2372 3449 2649 3511; x_wconf 84' lang='lat' dir='ltr'><strong>Trinitate,</strong></span> <span class='ocrx_word' id='word_1_584' title='bbox 2692 3464 2746 3518; x_wconf 89' lang='lat' dir='ltr'><strong>p.</strong></span> <span class='ocrx_word' id='word_1_585' title='bbox 2784 3448 2905 3502; x_wconf 67' lang='grc'>172.</span> <span class='ocrx_word' id='word_1_586' title='bbox 2953 3448 3218 3503; x_wconf 88' lang='lat' dir='ltr'><strong>Similiter</strong></span> <span class='ocrx_word' id='word_1_587' title='bbox 3252 3457 3506 3518; x_wconf 84' lang='lat' dir='ltr'><strong>excerpta</strong></span> 
     </span>
    </p>
   </div>
   <div class='ocr_carea' id='block_1_78' title="bbox 1920 3540 3509 3614">
    <p class='ocr_par' dir='ltr' id='par_1_78' title="bbox 1920 3540 3509 3614">
     <span class='ocr_line' id='line_1_78' title="bbox 1920 3540 3509 3614; baseline -0.001 -18"><span class='ocrx_word' id='word_1_588' title='bbox 1920 3558 1951 3596; x_wconf 92' lang='lat' dir='ltr'><strong>e</strong></span> <span class='ocrx_word' id='word_1_589' title='bbox 1996 3542 2184 3614; x_wconf 90' lang='lat' dir='ltr'><strong>Cyrilli</strong></span> <span class='ocrx_word' id='word_1_590' title='bbox 2237 3541 2457 3611; x_wconf 88' lang='lat' dir='ltr'><strong>scriptis</strong></span> <span class='ocrx_word' id='word_1_591' title='bbox 2510 3549 2675 3605; x_wconf 90' lang='lat' dir='ltr'><strong>sunt,</strong></span> <span class='ocrx_word' id='word_1_592' title='bbox 2715 3557 2835 3611; x_wconf 77' lang='lat' dir='ltr'><strong>quae</strong></span> <span class='ocrx_word' id='word_1_593' title='bbox 2870 3541 2938 3595; x_wconf 92' lang='lat' dir='ltr'><strong>ab</strong></span> <span class='ocrx_word' id='word_1_594' title='bbox 2979 3540 3225 3596; x_wconf 77' lang='lat' dir='ltr'><strong>Auberto</strong></span> <span class='ocrx_word' id='word_1_595' title='bbox 3278 3550 3509 3611; x_wconf 61' lang='lat' dir='ltr'><strong>praetcr-</strong></span> 
     </span>
    </p>
   </div>
   <div class='ocr_carea' id='block_1_79' title="bbox 1921 3631 3506 3703">
    <p class='ocr_par' dir='ltr' id='par_1_79' title="bbox 1921 3631 3506 3703">
     <span class='ocr_line' id='line_1_79' title="bbox 1921 3631 3506 3703; baseline 0 -16"><span class='ocrx_word' id='word_1_596' title='bbox 1921 3633 2119 3697; x_wconf 90' lang='lat' dir='ltr'><strong>missa,</strong></span> <span class='ocrx_word' id='word_1_597' title='bbox 2168 3632 2528 3687; x_wconf 88' lang='lat' dir='ltr'><strong>IIoeschelins</strong></span> <span class='ocrx_word' id='word_1_598' title='bbox 2581 3632 2733 3701; x_wconf 84' lang='lat' dir='ltr'><strong>prior</strong></span> <span class='ocrx_word' id='word_1_599' title='bbox 2780 3631 2965 3686; x_wconf 71' lang='lat' dir='ltr'><strong>Gmce</strong></span> <span class='ocrx_word' id='word_1_600' title='bbox 3016 3633 3331 3703; x_wconf 76' lang='lat' dir='ltr'><strong>vulgaverat</strong></span> <span class='ocrx_word' id='word_1_601' title='bbox 3380 3648 3506 3687; x_wconf 88' lang='lat' dir='ltr'><strong>cum</strong></span> 
     </span>
    </p>
   </div>
   <div class='ocr_carea' id='block_1_80' title="bbox 1920 3722 3507 3795">
    <p class='ocr_par' dir='ltr' id='par_1_80' title="bbox 1920 3722 3507 3795">
     <span class='ocr_line' id='line_1_80' title="bbox 1920 3722 3507 3795; baseline 0 -18"><span class='ocrx_word' id='word_1_602' title='bbox 1920 3724 2087 3777; x_wconf 88' lang='lat' dir='ltr'><strong>variis</strong></span> <span class='ocrx_word' id='word_1_603' title='bbox 2114 3724 2334 3777; x_wconf 83' lang='lat' dir='ltr'><strong>Patrum</strong></span> <span class='ocrx_word' id='word_1_604' title='bbox 2363 3722 2602 3777; x_wconf 90' lang='lat' dir='ltr'><strong>homiliis</strong></span> <span class='ocrx_word' id='word_1_605' title='bbox 2635 3738 2755 3792; x_wconf 85' lang='lat' dir='ltr'><strong>pag.</strong></span> <span class='ocrx_word' id='word_1_606' title='bbox 2793 3723 2894 3776; x_wconf 84' lang='grc'><strong>505</strong></span> <span class='ocrx_word' id='word_1_607' title='bbox 2922 3738 3060 3792; x_wconf 87' lang='lat' dir='ltr'><strong>seq.,</strong></span> <span class='ocrx_word' id='word_1_608' title='bbox 3091 3722 3347 3795; x_wconf 75' lang='lat' dir='ltr'><strong>Augusta:</strong></span> <span class='ocrx_word' id='word_1_609' title='bbox 3369 3724 3507 3790; x_wconf 77' lang='lat' dir='ltr'><strong>Vin-</strong></span> 
     </span>
    </p>
   </div>
   <div class='ocr_carea' id='block_1_81' title="bbox 1921 3799 3505 3884">
    <p class='ocr_par' dir='ltr' id='par_1_81' title="bbox 1921 3799 3505 3884">
     <span class='ocr_line' id='line_1_81' title="bbox 1921 3799 3505 3884; baseline 0.001 -15"><span class='ocrx_word' id='word_1_610' title='bbox 1921 3816 2028 3869; x_wconf 86' lang='lat' dir='ltr'><strong>del.</strong></span> <span class='ocrx_word' id='word_1_611' title='bbox 2073 3815 2229 3879; x_wconf 89' lang='grc'>1587,</span> <span class='ocrx_word' id='word_1_612' title='bbox 2265 3814 2321 3868; x_wconf 90' lang='lat' dir='ltr'><strong>in</strong></span> <span class='ocrx_word' id='word_1_613' title='bbox 2367 3814 2420 3879; x_wconf 92' lang='lat'><strong>8,</strong></span> <span class='ocrx_word' id='word_1_614' title='bbox 2455 3824 2618 3884; x_wconf 87' lang='lat' dir='ltr'><strong>atque</strong></span> <span class='ocrx_word' id='word_1_615' title='bbox 2664 3799 2806 3868; x_wconf 82' lang='lat' dir='ltr'><strong>idem</strong></span> <span class='ocrx_word' id='word_1_616' title='bbox 2847 3814 3163 3884; x_wconf 73' lang='lat' dir='ltr'><strong>\Vegclinus</strong></span> <span class='ocrx_word' id='word_1_617' title='bbox 3203 3831 3233 3869; x_wconf 90' lang='lat' dir='ltr'><strong>c</strong></span> <span class='ocrx_word' id='word_1_618' title='bbox 3272 3830 3403 3869; x_wconf 90' lang='lat' dir='ltr'><strong>mss.</strong></span> <span class='ocrx_word' id='word_1_619' title='bbox 3438 3816 3505 3870; x_wconf 89' lang='lat' dir='ltr'><strong>ad</strong></span> 
     </span>
    </p>
   </div>
   <div class='ocr_carea' id='block_1_82' title="bbox 1922 3905 3508 3977">
    <p class='ocr_par' dir='ltr' id='par_1_82' title="bbox 1922 3905 3508 3977">
     <span class='ocr_line' id='line_1_82' title="bbox 1922 3905 3508 3977; baseline 0 -16"><span class='ocrx_word' id='word_1_620' title='bbox 1922 3906 2127 3961; x_wconf 87' lang='lat' dir='ltr'><strong>calcem</strong></span> <span class='ocrx_word' id='word_1_621' title='bbox 2164 3906 2295 3960; x_wconf 91' lang='lat' dir='ltr'><strong>libri</strong></span> <span class='ocrx_word' id='word_1_622' title='bbox 2335 3922 2459 3961; x_wconf 90' lang='lat' dir='ltr'><strong>cum</strong></span> <span class='ocrx_word' id='word_1_623' title='bbox 2498 3905 2751 3961; x_wconf 83' lang='lat' dir='ltr'><strong>versione</strong></span> <span class='ocrx_word' id='word_1_624' title='bbox 2797 3921 2894 3959; x_wconf 91' lang='lat' dir='ltr'><strong>sua</strong></span> <span class='ocrx_word' id='word_1_625' title='bbox 2939 3905 3240 3977; x_wconf 83' lang='lat' dir='ltr'><strong>subjunxit,</strong></span> <span class='ocrx_word' id='word_1_626' title='bbox 3272 3920 3508 3975; x_wconf 89' lang='lat' dir='ltr'><strong>quorum</strong></span> 
     </span>
    </p>
   </div>
   <div class='ocr_carea' id='block_1_83' title="bbox 1922 3997 2425 4061">
    <p class='ocr_par' dir='ltr' id='par_1_83' title="bbox 1922 3997 2425 4061">
     <span class='ocr_line' id='line_1_83' title="bbox 1922 3997 2425 4061; baseline 0 -11"><span class='ocrx_word' id='word_1_627' title='bbox 1922 3997 2077 4052; x_wconf 87' lang='lat' dir='ltr'><strong>initia</strong></span> <span class='ocrx_word' id='word_1_628' title='bbox 2111 3998 2378 4061; x_wconf 85' lang='lat' dir='ltr'><strong>ascribam</strong></span> <span class='ocrx_word' id='word_1_629' title='bbox 2414 4017 2425 4050; x_wconf 89' lang='lat'>:</span> 
     </span>
    </p>
   </div>
   <div class='ocr_carea' id='block_1_84' title="bbox 1990 4085 3509 4162">
    <p class='ocr_par' dir='ltr' id='par_1_84' title="bbox 1990 4085 3509 4162">
     <span class='ocr_line' id='line_1_84' title="bbox 1990 4085 3509 4162; baseline 0.002 -20"><span class='ocrx_word' id='word_1_630' title='bbox 1990 4089 2346 4158; x_wconf 85' lang='grc' dir='ltr'>Πιστεύομεν,</span> <span class='ocrx_word' id='word_1_631' title='bbox 2379 4089 2474 4141; x_wconf 75' lang='grc' dir='ltr'>ἕνα</span> <span class='ocrx_word' id='word_1_632' title='bbox 2509 4088 2645 4142; x_wconf 74' lang='grc' dir='ltr'>Θεὸν</span> <span class='ocrx_word' id='word_1_633' title='bbox 2660 4085 2798 4143; x_wconf 73' lang='grc' dir='ltr'>εἶναι</span> <span class='ocrx_word' id='word_1_634' title='bbox 2842 4090 3023 4160; x_wconf 84' lang='grc' dir='ltr'><strong>πάσης</strong></span> <span class='ocrx_word' id='word_1_635' title='bbox 3053 4090 3241 4155; x_wconf 71' lang='grc' dir='ltr'>οὐσίας</span> <span class='ocrx_word' id='word_1_636' title='bbox 3276 4092 3370 4146; x_wconf 72' lang='grc' dir='ltr'><strong>καὶ</strong></span> <span class='ocrx_word' id='word_1_637' title='bbox 3405 4092 3509 4162; x_wconf 77' lang='grc' dir='ltr'><strong>φύ-</strong></span> 
     </span>
    </p>
   </div>
   <div class='ocr_carea' id='block_1_85' title="bbox 1922 4181 3505 4255">
    <p class='ocr_par' dir='ltr' id='par_1_85' title="bbox 1922 4181 3505 4255">
     <span class='ocr_line' id='line_1_85' title="bbox 1922 4181 3505 4255; baseline 0.001 -19"><span class='ocrx_word' id='word_1_638' title='bbox 1922 4200 2078 4246; x_wconf 85' lang='grc' dir='ltr'>σεως.</span> <span class='ocrx_word' id='word_1_639' title='bbox 2107 4182 2168 4236; x_wconf 89' lang='grc' dir='ltr'>Ρ.</span> <span class='ocrx_word' id='word_1_640' title='bbox 2196 4181 2320 4235; x_wconf 89' lang='lat'><strong>119.</strong></span> <span class='ocrx_word' id='word_1_641' title='bbox 2366 4182 2537 4235; x_wconf 82' lang='grc' dir='ltr'>Παντὶ</span> <span class='ocrx_word' id='word_1_642' title='bbox 2588 4181 2861 4253; x_wconf 83' lang='grc' dir='ltr'>ἀνθρώπῳ</span> <span class='ocrx_word' id='word_1_643' title='bbox 2900 4182 3140 4253; x_wconf 78' lang='grc' dir='ltr'>ἔμφυτον</span> <span class='ocrx_word' id='word_1_644' title='bbox 3187 4184 3337 4255; x_wconf 79' lang='grc' dir='ltr'>παρὰ</span> <span class='ocrx_word' id='word_1_645' title='bbox 3370 4185 3505 4239; x_wconf 75' lang='grc' dir='ltr'>Θεοῦ</span> 
     </span>
    </p>
   </div>
   <div class='ocr_carea' id='block_1_86' title="bbox 1920 4272 3508 4348">
    <p class='ocr_par' dir='ltr' id='par_1_86' title="bbox 1920 4272 3508 4348">
     <span class='ocr_line' id='line_1_86' title="bbox 1920 4272 3508 4348; baseline 0.003 -22"><span class='ocrx_word' id='word_1_646' title='bbox 1920 4273 2215 4344; x_wconf 80' lang='grc' dir='ltr'>δεξαμένῳ.</span> <span class='ocrx_word' id='word_1_647' title='bbox 2242 4273 2302 4328; x_wconf 90' lang='grc' dir='ltr'><strong>Ρ.</strong></span> <span class='ocrx_word' id='word_1_648' title='bbox 2336 4272 2458 4326; x_wconf 87' lang='grc'>121.</span> <span class='ocrx_word' id='word_1_649' title='bbox 2507 4274 2570 4327; x_wconf 79' lang='grc' dir='ltr'><strong>Εἰ</strong></span> <span class='ocrx_word' id='word_1_650' title='bbox 2608 4274 2833 4337; x_wconf 77' lang='grc' dir='ltr'>τέλειος.</span> <span class='ocrx_word' id='word_1_651' title='bbox 2873 4275 3056 4342; x_wconf 64' lang='grc' dir='ltr'>φασιν,</span> <span class='ocrx_word' id='word_1_652' title='bbox 3094 4276 3291 4329; x_wconf 77' lang='grc' dir='ltr'>ἐστὶνό</span> <span class='ocrx_word' id='word_1_653' title='bbox 3320 4277 3508 4348; x_wconf 77' lang='grc' dir='ltr'>Πατὴρ</span> 
     </span>
    </p>
   </div>
   <div class='ocr_carea' id='block_1_87' title="bbox 1920 4361 3504 4433">
    <p class='ocr_par' dir='ltr' id='par_1_87' title="bbox 1920 4361 3504 4433">
     <span class='ocr_line' id='line_1_87' title="bbox 1920 4361 3504 4433; baseline 0.004 -19"><span class='ocrx_word' id='word_1_654' title='bbox 1920 4362 1977 4415; x_wconf 77' lang='grc' dir='ltr'>ὲν</span> <span class='ocrx_word' id='word_1_655' title='bbox 2005 4365 2072 4433; x_wconf 78' lang='grc' dir='ltr'><strong>τῇ</strong></span> <span class='ocrx_word' id='word_1_656' title='bbox 2117 4362 2222 4433; x_wconf 73' lang='grc' dir='ltr'>ἰδίᾳ</span> <span class='ocrx_word' id='word_1_657' title='bbox 2266 4361 2668 4432; x_wconf 83' lang='grc' dir='ltr'>μεγαλειότητι.</span> <span class='ocrx_word' id='word_1_658' title='bbox 2716 4364 2778 4419; x_wconf 88' lang='grc' dir='ltr'><strong>Ρ.</strong></span> <span class='ocrx_word' id='word_1_659' title='bbox 2828 4363 3081 4417; x_wconf 66' lang='grc'>125-140.</span> <span class='ocrx_word' id='word_1_660' title='bbox 3122 4364 3270 4419; x_wconf 89' lang='lat' dir='ltr'><strong>Idem</strong></span> <span class='ocrx_word' id='word_1_661' title='bbox 3314 4365 3504 4420; x_wconf 87' lang='lat' dir='ltr'><strong>dicen-</strong></span> 
     </span>
    </p>
   </div>
   <div class='ocr_carea' id='block_1_88' title="bbox 1921 4453 3512 4527">
    <p class='ocr_par' dir='ltr' id='par_1_88' title="bbox 1921 4453 3512 4527">
     <span class='ocr_line' id='line_1_88' title="bbox 1921 4453 3512 4527; baseline 0.003 -19"><span class='ocrx_word' id='word_1_662' title='bbox 1921 4454 2051 4508; x_wconf 88' lang='lat' dir='ltr'><strong>dum</strong></span> <span class='ocrx_word' id='word_1_663' title='bbox 2097 4453 2164 4507; x_wconf 91' lang='lat' dir='ltr'><strong>de</strong></span> <span class='ocrx_word' id='word_1_664' title='bbox 2217 4454 2392 4507; x_wconf 91' lang='lat' dir='ltr'><strong>altero</strong></span> <span class='ocrx_word' id='word_1_665' title='bbox 2433 4454 2747 4519; x_wconf 86' lang='lat' dir='ltr'><strong>volumine,</strong></span> <span class='ocrx_word' id='word_1_666' title='bbox 2798 4454 2946 4523; x_wconf 85' lang='lat' dir='ltr'><strong>quod</strong></span> <span class='ocrx_word' id='word_1_667' title='bbox 2997 4454 3142 4509; x_wconf 90' lang='lat' dir='ltr'><strong>idem</strong></span> <span class='ocrx_word' id='word_1_668' title='bbox 3189 4455 3512 4527; x_wconf 79' lang='lat' dir='ltr'><strong>Wegelinus</strong></span> 
     </span>
    </p>
   </div>
   <div class='ocr_carea' id='block_1_89' title="bbox 303 4538 3512 4615">
    <p class='ocr_par' dir='ltr' id='par_1_89' title="bbox 303 4538 3512 4615">
     <span class='ocr_line' id='line_1_89' title="bbox 303 4538 3512 4615; baseline 0.004 -22"><span class='ocrx_word' id='word_1_669' title='bbox 303 4538 469 4594; x_wconf 88' lang='lat' dir='ltr'><strong>Paris.</strong></span> <span class='ocrx_word' id='word_1_670' title='bbox 509 4541 569 4595; x_wconf 88' lang='lat' dir='ltr'><strong>in</strong></span> <span class='ocrx_word' id='word_1_671' title='bbox 607 4540 743 4601; x_wconf 83' lang='lat' dir='ltr'><strong>bibl.</strong></span> <span class='ocrx_word' id='word_1_672' title='bbox 774 4541 927 4611; x_wconf 87' lang='lat' dir='ltr'><strong>publ.</strong></span> <span class='ocrx_word' id='word_1_673' title='bbox 975 4541 1097 4597; x_wconf 89' lang='lat' dir='ltr'><strong>cod.</strong></span> <span class='ocrx_word' id='word_1_674' title='bbox 1138 4540 1414 4607; x_wconf 80' lang='lat' dir='ltr'><strong>MCCLXI,</strong></span> <span class='ocrx_word' id='word_1_675' title='bbox 1447 4542 1818 4599; x_wconf 82' lang='lat' dir='ltr'><strong>Antirrhctica</strong></span> <span class='ocrx_word' id='word_1_676' title='bbox 1850 4556 1895 4614; x_wconf 77' lang='grc' dir='ltr'>ι)</span> <span class='ocrx_word' id='word_1_677' title='bbox 1923 4546 2059 4600; x_wconf 85' lang='lat' dir='ltr'><strong>ibid.</strong></span> <span class='ocrx_word' id='word_1_678' title='bbox 2094 4545 2251 4609; x_wconf 87' lang='grc'>1611,</span> <span class='ocrx_word' id='word_1_679' title='bbox 2296 4545 2350 4599; x_wconf 92' lang='lat' dir='ltr'><strong>in</strong></span> <span class='ocrx_word' id='word_1_680' title='bbox 2392 4545 2445 4610; x_wconf 91' lang='lat'><strong>8,</strong></span> <span class='ocrx_word' id='word_1_681' title='bbox 2476 4544 2660 4602; x_wconf 70' lang='lat' dir='ltr'><strong>Greece</strong></span> <span class='ocrx_word' id='word_1_682' title='bbox 2710 4555 2766 4602; x_wconf 92' lang='lat' dir='ltr'><strong>et</strong></span> <span class='ocrx_word' id='word_1_683' title='bbox 2811 4547 3004 4604; x_wconf 87' lang='lat' dir='ltr'><strong>Latine</strong></span> <span class='ocrx_word' id='word_1_684' title='bbox 3040 4548 3364 4615; x_wconf 76' lang='lat' dir='ltr'><strong>variiscum</strong></span> <span class='ocrx_word' id='word_1_685' title='bbox 3404 4550 3512 4605; x_wconf 76' lang='lat' dir='ltr'><strong>Da-</strong></span> 
     </span>
    </p>
   </div>
   <div class='ocr_carea' id='block_1_90' title="bbox 243 4629 1146 4698">
    <p class='ocr_par' dir='ltr' id='par_1_90' title="bbox 243 4629 1146 4698">
     <span class='ocr_line' id='line_1_90' title="bbox 243 4629 1146 4698; baseline 0.008 -17"><span class='ocrx_word' id='word_1_686' title='bbox 243 4629 349 4683; x_wconf 73' lang='grc' dir='ltr'>σάν.</span> <span class='ocrx_word' id='word_1_687' title='bbox 372 4630 679 4698; x_wconf 78' lang='lat' dir='ltr'><strong>lulianum,</strong></span> <span class='ocrx_word' id='word_1_688' title='bbox 705 4633 833 4687; x_wconf 89' lang='lat' dir='ltr'><strong>libri</strong></span> <span class='ocrx_word' id='word_1_689' title='bbox 864 4634 951 4688; x_wconf 91' lang='lat' dir='ltr'><strong>III.</strong></span> <span class='ocrx_word' id='word_1_690' title='bbox 980 4634 1146 4689; x_wconf 75' lang='grc' dir='ltr'>ΗΑιιι..</span> 
     </span>
    </p>
   </div>
   <div class='ocr_carea' id='block_1_91' title="bbox 1922 4637 3514 4713">
    <p class='ocr_par' dir='ltr' id='par_1_91' title="bbox 1922 4637 3514 4713">
     <span class='ocr_line' id='line_1_91' title="bbox 1922 4637 3514 4713; baseline 0.002 -20"><span class='ocrx_word' id='word_1_691' title='bbox 1922 4637 2184 4701; x_wconf 86' lang='lat' dir='ltr'><strong>masceni,</strong></span> <span class='ocrx_word' id='word_1_692' title='bbox 2208 4637 2369 4693; x_wconf 86' lang='lat' dir='ltr'><strong>Pselli</strong></span> <span class='ocrx_word' id='word_1_693' title='bbox 2394 4647 2449 4693; x_wconf 93' lang='lat' dir='ltr'><strong>et</strong></span> <span class='ocrx_word' id='word_1_694' title='bbox 2474 4638 2550 4709; x_wconf 80' lang='grc' dir='ltr'><strong>(ά)</strong></span> <span class='ocrx_word' id='word_1_695' title='bbox 2576 4638 2950 4711; x_wconf 83' lang='lat' dir='ltr'><strong>Charitonymi</strong></span> <span class='ocrx_word' id='word_1_696' title='bbox 2979 4640 3347 4713; x_wconf 80' lang='lat' dir='ltr'><strong>Cbristonyml</strong></span> <span class='ocrx_word' id='word_1_697' title='bbox 3372 4642 3514 4697; x_wconf 81' lang='lat' dir='ltr'><strong>Her-</strong></span> 
     </span>
    </p>
   </div>
   <div class='ocr_carea' id='block_1_92' title="bbox 301 4722 1820 4804">
    <p class='ocr_par' dir='ltr' id='par_1_92' title="bbox 301 4722 1820 4798">
     <span class='ocr_line' id='line_1_92' title="bbox 301 4722 1820 4798; baseline 0.004 -24"><span class='ocrx_word' id='word_1_698' title='bbox 301 4722 402 4791; x_wconf 79' lang='grc' dir='ltr'><strong>κβ¹.</strong></span> <span class='ocrx_word' id='word_1_699' title='bbox 452 4726 618 4779; x_wconf 83' lang='grc' dir='ltr'>Κατὰ</span> <span class='ocrx_word' id='word_1_700' title='bbox 662 4724 1242 4798; x_wconf 73' lang='grc' dir='ltr'>Ἀνθρωπομοριριτῶν,</span> <span class='ocrx_word' id='word_1_701' title='bbox 1278 4726 1477 4783; x_wconf 82' lang='lat' dir='ltr'><strong>Contra</strong></span> <span class='ocrx_word' id='word_1_702' title='bbox 1524 4728 1820 4798; x_wconf 78' lang='lat' dir='ltr'><strong>Anthmpo-</strong></span> 
     </span>
    </p>
   </div>
   <div class='ocr_carea' id='block_1_93' title="bbox 1920 4722 3509 4804">
    <p class='ocr_par' dir='ltr' id='par_1_93' title="bbox 1922 4730 3509 4804">
     <span class='ocr_line' id='line_1_93' title="bbox 1922 4730 3509 4804; baseline 0.001 -19"><span class='ocrx_word' id='word_1_703' title='bbox 1922 4730 2164 4801; x_wconf 84' lang='lat' dir='ltr'><strong>monymi</strong></span> <span class='ocrx_word' id='word_1_704' title='bbox 2211 4730 2476 4801; x_wconf 84' lang='lat' dir='ltr'><strong>vulgavit,</strong></span> <span class='ocrx_word' id='word_1_705' title='bbox 2523 4730 2578 4785; x_wconf 90' lang='lat' dir='ltr'><strong>in</strong></span> <span class='ocrx_word' id='word_1_706' title='bbox 2626 4747 2736 4800; x_wconf 91' lang='lat' dir='ltr'><strong>quo</strong></span> <span class='ocrx_word' id='word_1_707' title='bbox 2777 4731 3042 4802; x_wconf 77' lang='lat' dir='ltr'><strong>Excerpta</strong></span> <span class='ocrx_word' id='word_1_708' title='bbox 3090 4730 3279 4804; x_wconf 76' lang='lat' dir='ltr'><strong>Cyrilli</strong></span> <span class='ocrx_word' id='word_1_709' title='bbox 3323 4742 3509 4788; x_wconf 81' lang='lat' dir='ltr'><strong>contra</strong></span> 
     </span>
    </p>
   </div>
   <div class='ocr_carea' id='block_1_94' title="bbox 243 4817 1818 4893">
    <p class='ocr_par' dir='ltr' id='par_1_94' title="bbox 243 4817 1818 4893">
     <span class='ocr_line' id='line_1_94' title="bbox 243 4817 1818 4893; baseline 0.006 -28"><span class='ocrx_word' id='word_1_710' title='bbox 243 4817 521 4885; x_wconf 75' lang='lat' dir='ltr'><strong>mrphitas</strong></span> <span class='ocrx_word' id='word_1_711' title='bbox 551 4818 703 4882; x_wconf 84' lang='lat' dir='ltr'><strong>liber,</strong></span> <span class='ocrx_word' id='word_1_712' title='bbox 736 4819 1015 4888; x_wconf 67' lang='lat' dir='ltr'><strong>praemissa</strong></span> <span class='ocrx_word' id='word_1_713' title='bbox 1037 4819 1265 4889; x_wconf 90' lang='lat' dir='ltr'><strong>epistola</strong></span> <span class='ocrx_word' id='word_1_714' title='bbox 1288 4821 1355 4876; x_wconf 92' lang='lat' dir='ltr'><strong>ad</strong></span> <span class='ocrx_word' id='word_1_715' title='bbox 1377 4820 1718 4892; x_wconf 84' lang='lat' dir='ltr'><strong>Calosyrium</strong></span> <span class='ocrx_word' id='word_1_716' title='bbox 1745 4821 1818 4893; x_wconf 74' lang='grc' dir='ltr'><strong>(ὁ)</strong></span> 
     </span>
    </p>
   </div>
   <div class='ocr_carea' id='block_1_95' title="bbox 241 4906 1820 4982">
    <p class='ocr_par' dir='ltr' id='par_1_95' title="bbox 241 4906 1820 4982">
     <span class='ocr_line' id='line_1_95' title="bbox 241 4906 1820 4982; baseline 0.005 -25"><span class='ocrx_word' id='word_1_717' title='bbox 241 4906 547 4977; x_wconf 89' lang='lat' dir='ltr'><strong>episcopum</strong></span> <span class='ocrx_word' id='word_1_718' title='bbox 572 4910 941 4974; x_wconf 79' lang='lat' dir='ltr'><strong>Arsenoitem,</strong></span> <span class='ocrx_word' id='word_1_719' title='bbox 962 4926 1124 4980; x_wconf 89' lang='lat' dir='ltr'><strong>quem</strong></span> <span class='ocrx_word' id='word_1_720' title='bbox 1154 4911 1436 4982; x_wconf 83' lang='grc' dir='ltr'>ἀγαπητὸν</span> <span class='ocrx_word' id='word_1_721' title='bbox 1461 4913 1554 4966; x_wconf 83' lang='grc' dir='ltr'><strong>καὶ</strong></span> <span class='ocrx_word' id='word_1_722' title='bbox 1578 4911 1820 4965; x_wconf 83' lang='grc' dir='ltr'>ποθεινό-</span> 
     </span>
    </p>
   </div>
   <div class='ocr_carea' id='block_1_96' title="bbox 240 5000 1816 5069">
    <p class='ocr_par' dir='ltr' id='par_1_96' title="bbox 240 5000 1816 5069">
     <span class='ocr_line' id='line_1_96' title="bbox 240 5000 1816 5069; baseline 0.008 -23"><span class='ocrx_word' id='word_1_723' title='bbox 240 5011 387 5049; x_wconf 78' lang='grc' dir='ltr'>τατον</span> <span class='ocrx_word' id='word_1_724' title='bbox 412 5000 677 5069; x_wconf 88' lang='lat' dir='ltr'><strong>appellat.</strong></span> <span class='ocrx_word' id='word_1_725' title='bbox 710 5001 770 5055; x_wconf 88' lang='lat' dir='ltr'><strong>P.</strong></span> <span class='ocrx_word' id='word_1_726' title='bbox 804 5002 1057 5067; x_wconf 87' lang='grc'>565-598,</span> <span class='ocrx_word' id='word_1_727' title='bbox 1084 5018 1208 5057; x_wconf 90' lang='lat' dir='ltr'><strong>cum</strong></span> <span class='ocrx_word' id='word_1_728' title='bbox 1233 5003 1489 5059; x_wconf 86' lang='lat' dir='ltr'><strong>versione</strong></span> <span class='ocrx_word' id='word_1_729' title='bbox 1516 5003 1816 5059; x_wconf 87' lang='lat' dir='ltr'><strong>Bonavent.</strong></span> 
     </span>
    </p>
   </div>
   <div class='ocr_carea' id='block_1_97' title="bbox 240 5080 1820 5166">
    <p class='ocr_par' dir='ltr' id='par_1_97' title="bbox 240 5080 1820 5166">
     <span class='ocr_line' id='line_1_97' title="bbox 240 5080 1820 5166; baseline 0.007 -23"><span class='ocrx_word' id='word_1_730' title='bbox 240 5089 501 5159; x_wconf 86' lang='lat' dir='ltr'><strong>Vulcanii,</strong></span> <span class='ocrx_word' id='word_1_731' title='bbox 543 5096 643 5164; x_wconf 88' lang='lat' dir='ltr'><strong>qui</strong></span> <span class='ocrx_word' id='word_1_732' title='bbox 694 5080 906 5166; x_wconf 84' lang='lat' dir='ltr'><strong>primus</strong></span> <span class='ocrx_word' id='word_1_733' title='bbox 950 5096 1137 5153; x_wconf 61' lang='lat' dir='ltr'><strong>Graece</strong></span> <span class='ocrx_word' id='word_1_734' title='bbox 1174 5107 1232 5154; x_wconf 86' lang='lat' dir='ltr'><strong>et</strong></span> <span class='ocrx_word' id='word_1_735' title='bbox 1269 5092 1460 5153; x_wconf 89' lang='lat' dir='ltr'><strong>Latine</strong></span> <span class='ocrx_word' id='word_1_736' title='bbox 1507 5115 1633 5153; x_wconf 89' lang='lat' dir='ltr'><strong>cum</strong></span> <span class='ocrx_word' id='word_1_737' title='bbox 1674 5099 1820 5155; x_wconf 83' lang='lat' dir='ltr'><strong>notis</strong></span> 
     </span>
    </p>
   </div>
   <div class='ocr_carea' id='block_1_98' title="bbox 243 5180 1817 5256">
    <p class='ocr_par' dir='ltr' id='par_1_98' title="bbox 243 5180 1817 5256">
     <span class='ocr_line' id='line_1_98' title="bbox 243 5180 1817 5256; baseline 0.006 -21"><span class='ocrx_word' id='word_1_738' title='bbox 243 5180 372 5250; x_wconf 64' lang='lat' dir='ltr'><strong>(qua</strong></span> <span class='ocrx_word' id='word_1_739' title='bbox 406 5192 465 5239; x_wconf 90' lang='lat' dir='ltr'><strong>et</strong></span> <span class='ocrx_word' id='word_1_740' title='bbox 503 5184 641 5256; x_wconf 67' lang='lat' dir='ltr'><strong>ipsa:</strong></span> <span class='ocrx_word' id='word_1_741' title='bbox 670 5187 733 5241; x_wconf 86' lang='lat' dir='ltr'><strong>in</strong></span> <span class='ocrx_word' id='word_1_742' title='bbox 760 5190 988 5245; x_wconf 84' lang='lat' dir='ltr'><strong>Auberti</strong></span> <span class='ocrx_word' id='word_1_743' title='bbox 1025 5190 1270 5246; x_wconf 80' lang='lat' dir='ltr'><strong>editione</strong></span> <span class='ocrx_word' id='word_1_744' title='bbox 1311 5189 1379 5244; x_wconf 84' lang='lat' dir='ltr'><strong>ad</strong></span> <span class='ocrx_word' id='word_1_745' title='bbox 1423 5190 1627 5245; x_wconf 88' lang='lat' dir='ltr'><strong>calcem</strong></span> <span class='ocrx_word' id='word_1_746' title='bbox 1659 5192 1817 5246; x_wconf 91' lang='lat' dir='ltr'><strong>volu-</strong></span> 
     </span>
    </p>
   </div>
   <div class='ocr_carea' id='block_1_99' title="bbox 323 5296 1067 5371">
    <p class='ocr_par' dir='ltr' id='par_1_99' title="bbox 323 5296 1067 5371">
     <span class='ocr_line' id='line_1_99' title="bbox 323 5296 1067 5371; baseline 0.008 -20"><span class='ocrx_word' id='word_1_747' title='bbox 323 5296 376 5371; x_wconf 72' lang='grc' dir='ltr'><strong>ᾳ)</strong></span> <span class='ocrx_word' id='word_1_748' title='bbox 415 5296 572 5371; x_wconf 75' lang='lat' dir='ltr'><strong>Qbiit</strong></span> <span class='ocrx_word' id='word_1_749' title='bbox 598 5299 632 5371; x_wconf 75' lang='grc'><strong>6</strong></span> <span class='ocrx_word' id='word_1_750' title='bbox 662 5300 888 5371; x_wconf 83' lang='lat' dir='ltr'><strong>Augusti</strong></span> <span class='ocrx_word' id='word_1_751' title='bbox 911 5303 1067 5357; x_wconf 68' lang='lat'><strong>16.14.</strong></span> 
     </span>
    </p>
   </div>
   <div class='ocr_carea' id='block_1_100' title="bbox 276 5366 1810 5447">
    <p class='ocr_par' dir='ltr' id='par_1_100' title="bbox 276 5366 1810 5447">
     <span class='ocr_line' id='line_1_100' title="bbox 276 5366 1810 5447; baseline 0.005 -27"><span class='ocrx_word' id='word_1_752' title='bbox 276 5366 371 5445; x_wconf 33' lang='lat' dir='ltr'><strong>.(b)</strong></span> <span class='ocrx_word' id='word_1_753' title='bbox 415 5366 904 5447; x_wconf 70' lang='lat' dir='ltr'><strong>Vide_Tille_mcnt_.</strong></span> <span class='ocrx_word' id='word_1_754' title='bbox 924 5384 1055 5429; x_wconf 90' lang='lat' dir='ltr'><strong>tom.</strong></span> <span class='ocrx_word' id='word_1_755' title='bbox 1080 5373 1219 5437; x_wconf 79' lang='lat' dir='ltr'><strong>XIV,</strong></span> <span class='ocrx_word' id='word_1_756' title='bbox 1242 5390 1295 5444; x_wconf 92' lang='lat' dir='ltr'><strong>p.</strong></span> <span class='ocrx_word' id='word_1_757' title='bbox 1327 5372 1431 5428; x_wconf 88' lang='grc'><strong>665</strong></span> <span class='ocrx_word' id='word_1_758' title='bbox 1449 5382 1505 5428; x_wconf 91' lang='lat' dir='ltr'><strong>et</strong></span> <span class='ocrx_word' id='word_1_759' title='bbox 1535 5371 1810 5447; x_wconf 69' lang='lat' dir='ltr'><strong>669.&#39;[Ou-</strong></span> 
     </span>
    </p>
   </div>
   <div class='ocr_carea' id='block_1_101' title="bbox 241 5433 902 5514">
    <p class='ocr_par' dir='ltr' id='par_1_101' title="bbox 241 5433 902 5514">
     <span class='ocr_line' id='line_1_101' title="bbox 241 5433 902 5514; baseline 0.012 -27"><span class='ocrx_word' id='word_1_760' title='bbox 241 5433 367 5514; x_wconf 60' lang='lat' dir='ltr'><strong>dim,</strong></span> <span class='ocrx_word' id='word_1_761' title='bbox 401 5446 536 5514; x_wconf 68' lang='lat' dir='ltr'><strong>tom.</strong></span> <span class='ocrx_word' id='word_1_762' title='bbox 564 5441 607 5502; x_wconf 94' lang='lat' dir='ltr'><strong>I,</strong></span> <span class='ocrx_word' id='word_1_763' title='bbox 636 5458 687 5514; x_wconf 74' lang='grc' dir='ltr'><strong>ρ.</strong></span> <span class='ocrx_word' id='word_1_764' title='bbox 720 5442 902 5514; x_wconf 73' lang='lat'><strong>10—16.]</strong></span> 
     </span>
    </p>
   </div>
   <div class='ocr_carea' id='block_1_102' title="bbox 305 5508 1813 5584">
    <p class='ocr_par' dir='ltr' id='par_1_102' title="bbox 305 5508 1813 5584">
     <span class='ocr_line' id='line_1_102' title="bbox 305 5508 1813 5584; baseline 0.005 -24"><span class='ocrx_word' id='word_1_765' title='bbox 305 5508 369 5577; x_wconf 86' lang='lat' dir='ltr'><strong>(c)</strong></span> <span class='ocrx_word' id='word_1_766' title='bbox 409 5508 753 5584; x_wconf 75' lang='lat' dir='ltr'><strong>Quibusdam</strong></span> <span class='ocrx_word' id='word_1_767' title='bbox 794 5508 1200 5584; x_wconf 74' lang='lat' dir='ltr'><strong>exemplaribus</strong></span> <span class='ocrx_word' id='word_1_768' title='bbox 1238 5530 1413 5569; x_wconf 90' lang='lat' dir='ltr'><strong>novus</strong></span> <span class='ocrx_word' id='word_1_769' title='bbox 1448 5514 1639 5569; x_wconf 90' lang='lat' dir='ltr'><strong>titulus</strong></span> <span class='ocrx_word' id='word_1_770' title='bbox 1672 5531 1813 5583; x_wconf 76' lang='lat' dir='ltr'><strong>pra:-</strong></span> 
     </span>
    </p>
   </div>
   <div class='ocr_carea' id='block_1_103' title="bbox 243 5573 1814 5664">
    <p class='ocr_par' dir='ltr' id='par_1_103' title="bbox 243 5573 1814 5664">
     <span class='ocr_line' id='line_1_103' title="bbox 243 5573 1814 5664; baseline 0.005 -33"><span class='ocrx_word' id='word_1_771' title='bbox 243 5573 369 5664; x_wconf 52' lang='lat' dir='ltr'><strong>litus</strong></span> <span class='ocrx_word' id='word_1_772' title='bbox 406 5573 537 5664; x_wconf 46' lang='lat' dir='ltr'><strong>cum</strong></span> <span class='ocrx_word' id='word_1_773' title='bbox 576 5573 1634 5664; x_wconf 46' lang='lat' dir='ltr'><strong>notatione_an11iﬂo16_68,_adjunctaque</strong></span> <span class='ocrx_word' id='word_1_774' title='bbox 1674 5573 1814 5664; x_wconf 64' lang='lat' dir='ltr'><strong>Cre-</strong></span> 
     </span>
    </p>
   </div>
   <div class='ocr_carea' id='block_1_104' title="bbox 242 5649 1818 5726">
    <p class='ocr_par' dir='ltr' id='par_1_104' title="bbox 242 5649 1818 5726">
     <span class='ocr_line' id='line_1_104' title="bbox 242 5649 1818 5726; baseline 0.006 -26"><span class='ocrx_word' id='word_1_775' title='bbox 242 5649 365 5726; x_wconf 73' lang='lat' dir='ltr'><strong>gprii</strong></span> <span class='ocrx_word' id='word_1_776' title='bbox 406 5649 807 5726; x_wconf 64' lang='lat' dir='ltr'><strong>Tbaumaturgi</strong></span> <span class='ocrx_word' id='word_1_777' title='bbox 850 5653 918 5709; x_wconf 89' lang='lat' dir='ltr'><strong>de</strong></span> <span class='ocrx_word' id='word_1_778' title='bbox 963 5649 1369 5726; x_wconf 14' lang='lat' dir='ltr'><strong>SASA.7Trinitat&#39;e</strong></span> <span class='ocrx_word' id='word_1_779' title='bbox 1411 5649 1561 5709; x_wconf 86' lang='lat' dir='ltr'><strong>brevi</strong></span> <span class='ocrx_word' id='word_1_780' title='bbox 1603 5654 1818 5726; x_wconf 71' lang='lat' dir='ltr'><strong>confes-</strong></span> 
     </span>
    </p>
   </div>
   <div class='ocr_carea' id='block_1_105' title="bbox 241 5720 1815 5795">
    <p class='ocr_par' dir='ltr' id='par_1_105' title="bbox 241 5720 1815 5795">
     <span class='ocr_line' id='line_1_105' title="bbox 241 5720 1815 5795; baseline 0.006 -24"><span class='ocrx_word' id='word_1_781' title='bbox 241 5720 401 5795; x_wconf 64' lang='lat' dir='ltr'><strong>sione.</strong></span> <span class='ocrx_word' id='word_1_782' title='bbox 438 5720 605 5795; x_wconf 59' lang='lat' dir='ltr'><strong>Esau.</strong></span> <span class='ocrx_word' id='word_1_783' title='bbox 634 5720 913 5795; x_wconf 48' lang='lat' dir='ltr'><strong>-_-—Alte_ra</strong></span> <span class='ocrx_word' id='word_1_784' title='bbox 958 5724 1129 5778; x_wconf 90' lang='lat' dir='ltr'><strong>editio</strong></span> <span class='ocrx_word' id='word_1_785' title='bbox 1170 5725 1430 5794; x_wconf 89' lang='lat' dir='ltr'><strong>inscripta</strong></span> <span class='ocrx_word' id='word_1_786' title='bbox 1459 5732 1542 5779; x_wconf 89' lang='lat' dir='ltr'><strong>est</strong></span> <span class='ocrx_word' id='word_1_787' title='bbox 1574 5742 1586 5777; x_wconf 72' lang='grc' dir='ltr'>ε</span> <span class='ocrx_word' id='word_1_788' title='bbox 1618 5723 1682 5778; x_wconf 89' lang='lat' dir='ltr'><strong>D.</strong></span> <span class='ocrx_word' id='word_1_789' title='bbox 1715 5723 1815 5795; x_wconf 84' lang='lat' dir='ltr'><strong>Cy-</strong></span> 
     </span>
    </p>
   </div>
   <div class='ocr_carea' id='block_1_106' title="bbox 242 5783 1814 5865">
    <p class='ocr_par' dir='ltr' id='par_1_106' title="bbox 242 5783 1814 5865">
     <span class='ocr_line' id='line_1_106' title="bbox 242 5783 1814 5865; baseline 0.007 -27"><span class='ocrx_word' id='word_1_790' title='bbox 242 5783 431 5865; x_wconf 32' lang='lat' dir='ltr'><strong>rilli-i-</strong></span> <span class='ocrx_word' id='word_1_791' title='bbox 464 5789 599 5845; x_wconf 83' lang='lat' dir='ltr'><strong>liber</strong></span> <span class='ocrx_word' id='word_1_792' title='bbox 622 5793 682 5846; x_wconf 89' lang='lat' dir='ltr'><strong>de</strong></span> <span class='ocrx_word' id='word_1_793' title='bbox 707 5791 801 5848; x_wconf 88' lang='lat' dir='ltr'><strong>SS.</strong></span> <span class='ocrx_word' id='word_1_794' title='bbox 831 5793 1106 5857; x_wconf 84' lang='lat' dir='ltr'><strong>Trinitate,</strong></span> <span class='ocrx_word' id='word_1_795' title='bbox 1127 5804 1173 5848; x_wconf 88' lang='lat' dir='ltr'><strong>et</strong></span> <span class='ocrx_word' id='word_1_796' title='bbox 1188 5783 1463 5865; x_wconf 50' lang='lat' dir='ltr'><strong>imprimis</strong></span> <span class='ocrx_word' id='word_1_797' title='bbox 1494 5795 1557 5849; x_wconf 88' lang='lat' dir='ltr'><strong>de</strong></span> <span class='ocrx_word' id='word_1_798' title='bbox 1588 5783 1814 5865; x_wconf 69' lang='lat' dir='ltr'><strong>persoria</strong></span> 
     </span>
    </p>
   </div>
   <div class='ocr_carea' id='block_1_107' title="bbox 241 5853 1853 5946">
    <p class='ocr_par' dir='ltr' id='par_1_107' title="bbox 241 5853 1853 5946">
     <span class='ocr_line' id='line_1_107' title="bbox 241 5853 1853 5946; baseline 0.009 -38"><span class='ocrx_word' id='word_1_799' title='bbox 241 5853 422 5913; x_wconf 72' lang='lat' dir='ltr'><strong>Christi</strong></span> <span class='ocrx_word' id='word_1_800' title='bbox 454 5878 643 5923; x_wconf 84' lang='lat' dir='ltr'><strong>aqens,</strong></span> <span class='ocrx_word' id='word_1_801' title='bbox 674 5879 734 5918; x_wconf 75' lang='lat' dir='ltr'><strong>ex</strong></span> <span class='ocrx_word' id='word_1_802' title='bbox 765 5872 898 5918; x_wconf 85' lang='lat' dir='ltr'><strong>msto</strong></span> <span class='ocrx_word' id='word_1_803' title='bbox 927 5865 1041 5921; x_wconf 81' lang='lat' dir='ltr'><strong>cod.</strong></span> <span class='ocrx_word' id='word_1_804' title='bbox 1078 5853 1254 5924; x_wconf 68' lang='grc' dir='ltr'>(ἔτικτε</span> <span class='ocrx_word' id='word_1_805' title='bbox 1274 5853 1598 5927; x_wconf 51' lang='lat' dir='ltr'><strong>descriptus;</strong></span> <span class='ocrx_word' id='word_1_806' title='bbox 1626 5865 1815 5924; x_wconf 80' lang='lat' dir='ltr'><strong>Latine</strong></span> <span class='ocrx_word' id='word_1_807' title='bbox 1850 5943 1853 5946; x_wconf 88' lang='lat'><em>_</em></span> 
     </span>
    </p>
   </div>
   <div class='ocr_carea' id='block_1_108' title="bbox 1922 4822 3514 4896">
    <p class='ocr_par' dir='ltr' id='par_1_108' title="bbox 1922 4822 3514 4896">
     <span class='ocr_line' id='line_1_108' title="bbox 1922 4822 3514 4896; baseline 0.001 -19"><span class='ocrx_word' id='word_1_808' title='bbox 1922 4822 2284 4886; x_wconf 80' lang='lat' dir='ltr'><strong>Nestorianos,</strong></span> <span class='ocrx_word' id='word_1_809' title='bbox 2314 4837 2380 4876; x_wconf 84' lang='lat' dir='ltr'><strong>ex</strong></span> <span class='ocrx_word' id='word_1_810' title='bbox 2412 4823 2862 4893; x_wconf 84' lang='lat' dir='ltr'><strong>interpretatione</strong></span> <span class='ocrx_word' id='word_1_811' title='bbox 2889 4824 2946 4879; x_wconf 94' lang='lat' dir='ltr'><strong>S.</strong></span> <span class='ocrx_word' id='word_1_812' title='bbox 2970 4823 3235 4896; x_wconf 85' lang='lat' dir='ltr'><strong>Symboli,</strong></span> <span class='ocrx_word' id='word_1_813' title='bbox 3267 4840 3333 4878; x_wconf 82' lang='lat' dir='ltr'><strong>ex</strong></span> <span class='ocrx_word' id='word_1_814' title='bbox 3366 4825 3514 4879; x_wconf 83' lang='lat' dir='ltr'><strong>The-</strong></span> 
     </span>
    </p>
   </div>
   <div class='ocr_carea' id='block_1_109' title="bbox 1922 4913 3510 4987">
    <p class='ocr_par' dir='ltr' id='par_1_109' title="bbox 1922 4913 3510 4987">
     <span class='ocr_line' id='line_1_109' title="bbox 1922 4913 3510 4987; baseline 0 -18"><span class='ocrx_word' id='word_1_815' title='bbox 1922 4913 2122 4977; x_wconf 89' lang='lat' dir='ltr'><strong>sauris,</strong></span> <span class='ocrx_word' id='word_1_816' title='bbox 2153 4929 2220 4969; x_wconf 83' lang='lat' dir='ltr'><strong>ex</strong></span> <span class='ocrx_word' id='word_1_817' title='bbox 2260 4914 2403 4969; x_wconf 88' lang='lat' dir='ltr'><strong>libro</strong></span> <span class='ocrx_word' id='word_1_818' title='bbox 2446 4930 2557 4985; x_wconf 90' lang='lat' dir='ltr'><strong>quo</strong></span> <span class='ocrx_word' id='word_1_819' title='bbox 2596 4916 2811 4987; x_wconf 81' lang='lat' dir='ltr'><strong>reginas</strong></span> <span class='ocrx_word' id='word_1_820' title='bbox 2849 4916 3166 4984; x_wconf 87' lang='lat' dir='ltr'><strong>alloquitur,</strong></span> <span class='ocrx_word' id='word_1_821' title='bbox 3194 4924 3249 4969; x_wconf 89' lang='lat' dir='ltr'><strong>et</strong></span> <span class='ocrx_word' id='word_1_822' title='bbox 3280 4930 3345 4968; x_wconf 78' lang='lat' dir='ltr'><strong>ex</strong></span> <span class='ocrx_word' id='word_1_823' title='bbox 3385 4915 3510 4969; x_wconf 90' lang='lat' dir='ltr'><strong>Dia-</strong></span> 
     </span>
    </p>
   </div>
   <div class='ocr_carea' id='block_1_110' title="bbox 1925 5007 3511 5078">
    <p class='ocr_par' dir='ltr' id='par_1_110' title="bbox 1925 5007 3511 5078">
     <span class='ocr_line' id='line_1_110' title="bbox 1925 5007 3511 5078; baseline 0 -16"><span class='ocrx_word' id='word_1_824' title='bbox 1925 5007 2083 5078; x_wconf 88' lang='lat' dir='ltr'><strong>logis,</strong></span> <span class='ocrx_word' id='word_1_825' title='bbox 2112 5008 2181 5061; x_wconf 78' lang='grc' dir='ltr'><em>ἐκ</em></span> <span class='ocrx_word' id='word_1_826' title='bbox 2216 5008 2321 5063; x_wconf 85' lang='grc' dir='ltr'>τοῦ</span> <span class='ocrx_word' id='word_1_827' title='bbox 2346 5014 2496 5063; x_wconf 80' lang='grc' dir='ltr'>κατὰ</span> <span class='ocrx_word' id='word_1_828' title='bbox 2544 5009 2767 5064; x_wconf 74' lang='grc' dir='ltr'>πεῦσιν</span> <span class='ocrx_word' id='word_1_829' title='bbox 2814 5010 2910 5062; x_wconf 80' lang='grc' dir='ltr'><strong>καὶ</strong></span> <span class='ocrx_word' id='word_1_830' title='bbox 2950 5010 3273 5076; x_wconf 71' lang='grc' dir='ltr'>ἀπόκρισιν</span> <span class='ocrx_word' id='word_1_831' title='bbox 3298 5008 3511 5078; x_wconf 73' lang='grc' dir='ltr'>λόγου,</span> 
     </span>
    </p>
   </div>
   <div class='ocr_carea' id='block_1_111' title="bbox 1926 5098 3511 5171">
    <p class='ocr_par' dir='ltr' id='par_1_111' title="bbox 1926 5098 3511 5171">
     <span class='ocr_line' id='line_1_111' title="bbox 1926 5098 3511 5171; baseline 0.003 -18"><span class='ocrx_word' id='word_1_832' title='bbox 1926 5115 1994 5153; x_wconf 76' lang='lat' dir='ltr'><strong>ex</strong></span> <span class='ocrx_word' id='word_1_833' title='bbox 2037 5098 2330 5154; x_wconf 86' lang='lat' dir='ltr'><strong>duodecim</strong></span> <span class='ocrx_word' id='word_1_834' title='bbox 2383 5101 2675 5171; x_wconf 87' lang='lat' dir='ltr'><strong>capitulis,</strong></span> <span class='ocrx_word' id='word_1_835' title='bbox 2726 5102 2841 5155; x_wconf 80' lang='lat' dir='ltr'><strong>sive</strong></span> <span class='ocrx_word' id='word_1_836' title='bbox 2892 5101 3393 5165; x_wconf 87' lang='lat' dir='ltr'><strong>anathematismis,</strong></span> <span class='ocrx_word' id='word_1_837' title='bbox 3441 5117 3511 5157; x_wconf 74' lang='lat' dir='ltr'><strong>ex</strong></span> 
     </span>
    </p>
   </div>
   <div class='ocr_carea' id='block_1_112' title="bbox 1925 5187 3509 5258">
    <p class='ocr_par' dir='ltr' id='par_1_112' title="bbox 1925 5187 3509 5258">
     <span class='ocr_line' id='line_1_112' title="bbox 1925 5187 3509 5258; baseline 0.001 -14"><span class='ocrx_word' id='word_1_838' title='bbox 1925 5187 2173 5258; x_wconf 85' lang='lat' dir='ltr'><strong>epistolis</strong></span> <span class='ocrx_word' id='word_1_839' title='bbox 2210 5187 2277 5243; x_wconf 90' lang='lat' dir='ltr'><strong>ad</strong></span> <span class='ocrx_word' id='word_1_840' title='bbox 2320 5188 2578 5244; x_wconf 85' lang='lat' dir='ltr'><strong>Acacium</strong></span> <span class='ocrx_word' id='word_1_841' title='bbox 2611 5198 2665 5244; x_wconf 90' lang='lat' dir='ltr'><strong>et</strong></span> <span class='ocrx_word' id='word_1_842' title='bbox 2693 5190 2851 5245; x_wconf 83' lang='lat' dir='ltr'><strong>Joan.</strong></span> <span class='ocrx_word' id='word_1_843' title='bbox 2887 5188 3310 5254; x_wconf 84' lang='lat' dir='ltr'><strong>Antiochenum,</strong></span> <span class='ocrx_word' id='word_1_844' title='bbox 3345 5200 3400 5245; x_wconf 91' lang='lat' dir='ltr'><strong>et</strong></span> <span class='ocrx_word' id='word_1_845' title='bbox 3440 5206 3509 5246; x_wconf 80' lang='lat' dir='ltr'><strong>ex</strong></span> 
     </span>
    </p>
   </div>
   <div class='ocr_carea' id='block_1_113' title="bbox 1910 5300 3505 5373">
    <p class='ocr_par' dir='ltr' id='par_1_113' title="bbox 1910 5300 3505 5373">
     <span class='ocr_line' id='line_1_113' title="bbox 1910 5300 3505 5373; baseline 0.003 -20"><span class='ocrx_word' id='word_1_846' title='bbox 1910 5317 2087 5373; x_wconf 75' lang='lat' dir='ltr'><strong>versus</strong></span> <span class='ocrx_word' id='word_1_847' title='bbox 2118 5309 2187 5373; x_wconf 24' lang='lat' dir='ltr'><strong>let</strong></span> <span class='ocrx_word' id='word_1_848' title='bbox 2214 5300 2429 5373; x_wconf 63' lang='lat' dir='ltr'><strong>scholiis</strong></span> <span class='ocrx_word' id='word_1_849' title='bbox 2472 5303 2668 5371; x_wconf 84' lang='lat' dir='ltr'><strong>passim</strong></span> <span class='ocrx_word' id='word_1_850' title='bbox 2699 5301 3021 5366; x_wconf 74' lang='lat' dir='ltr'><strong>declaratus,</strong></span> <span class='ocrx_word' id='word_1_851' title='bbox 3062 5317 3179 5354; x_wconf 70' lang='lat' dir='ltr'><strong>nim</strong></span> <span class='ocrx_word' id='word_1_852' title='bbox 3214 5301 3405 5373; x_wconf 76' lang='lat' dir='ltr'><strong>fragm.</strong></span> <span class='ocrx_word' id='word_1_853' title='bbox 3448 5301 3505 5357; x_wconf 89' lang='lat' dir='ltr'><strong>S.</strong></span> 
     </span>
    </p>
   </div>
   <div class='ocr_carea' id='block_1_114' title="bbox 1915 5370 3507 5455">
    <p class='ocr_par' dir='ltr' id='par_1_114' title="bbox 1915 5370 3507 5455">
     <span class='ocr_line' id='line_1_114' title="bbox 1915 5370 3507 5455; baseline -0.001 -28"><span class='ocrx_word' id='word_1_854' title='bbox 1915 5372 2174 5453; x_wconf 76' lang='lat' dir='ltr'><strong>Gregorii,</strong></span> <span class='ocrx_word' id='word_1_855' title='bbox 2206 5370 2643 5455; x_wconf 60' lang='lat' dir='ltr'><strong>lVeocwsariensis</strong></span> <span class='ocrx_word' id='word_1_856' title='bbox 2683 5373 3034 5455; x_wconf 28' lang='lat' dir='ltr'><strong>episcopinde</strong></span> <span class='ocrx_word' id='word_1_857' title='bbox 3062 5370 3343 5455; x_wconf 74' lang='lat' dir='ltr'><strong>Trinitate,</strong></span> <span class='ocrx_word' id='word_1_858' title='bbox 3378 5375 3507 5455; x_wconf 45' lang='lat' dir='ltr'><strong>liae:</strong></span> 
     </span>
    </p>
   </div>
   <div class='ocr_carea' id='block_1_115' title="bbox 1918 5441 3510 5513">
    <p class='ocr_par' dir='ltr' id='par_1_115' title="bbox 1918 5441 3510 5513">
     <span class='ocr_line' id='line_1_115' title="bbox 1918 5441 3510 5513; baseline 0.002 -19"><span class='ocrx_word' id='word_1_859' title='bbox 1918 5451 2067 5513; x_wconf 81' lang='lat' dir='ltr'><strong>tenus</strong></span> <span class='ocrx_word' id='word_1_860' title='bbox 2114 5441 2338 5505; x_wconf 87' lang='lat' dir='ltr'><strong>inedita,</strong></span> <span class='ocrx_word' id='word_1_861' title='bbox 2377 5449 2427 5494; x_wconf 91' lang='lat' dir='ltr'><strong>et</strong></span> <span class='ocrx_word' id='word_1_862' title='bbox 2471 5441 2755 5496; x_wconf 86' lang='lat' dir='ltr'><strong>corollario</strong></span> <span class='ocrx_word' id='word_1_863' title='bbox 2803 5441 3037 5507; x_wconf 86' lang='lat' dir='ltr'><strong>metrico,</strong></span> <span class='ocrx_word' id='word_1_864' title='bbox 3081 5444 3339 5513; x_wconf 83' lang='lat' dir='ltr'><strong>totiusque</strong></span> <span class='ocrx_word' id='word_1_865' title='bbox 3387 5443 3510 5497; x_wconf 88' lang='lat' dir='ltr'><strong>libri</strong></span> 
     </span>
    </p>
   </div>
   <div class='ocr_carea' id='block_1_116' title="bbox 1918 5512 3511 5583">
    <p class='ocr_par' dir='ltr' id='par_1_116' title="bbox 1918 5512 3511 5583">
     <span class='ocr_line' id='line_1_116' title="bbox 1918 5512 3511 5583; baseline 0.001 -19"><span class='ocrx_word' id='word_1_866' title='bbox 1918 5512 2123 5576; x_wconf 84' lang='lat' dir='ltr'><strong>indice;</strong></span> <span class='ocrx_word' id='word_1_867' title='bbox 2157 5527 2272 5581; x_wconf 70' lang='lat' dir='ltr'><strong>quia</strong></span> <span class='ocrx_word' id='word_1_868' title='bbox 2311 5512 2488 5565; x_wconf 85' lang='lat' dir='ltr'><strong>omnia</strong></span> <span class='ocrx_word' id='word_1_869' title='bbox 2517 5514 2637 5582; x_wconf 87' lang='lat' dir='ltr'><strong>jam</strong></span> <span class='ocrx_word' id='word_1_870' title='bbox 2677 5514 2906 5583; x_wconf 81' lang='lat' dir='ltr'><strong>primunt</strong></span> <span class='ocrx_word' id='word_1_871' title='bbox 2939 5514 3035 5567; x_wconf 86' lang='lat' dir='ltr'><strong>hac</strong></span> <span class='ocrx_word' id='word_1_872' title='bbox 3077 5513 3300 5567; x_wconf 87' lang='lat' dir='ltr'><strong>editione</strong></span> <span class='ocrx_word' id='word_1_873' title='bbox 3339 5530 3511 5583; x_wconf 69' lang='lat' dir='ltr'><strong>acces-</strong></span> 
     </span>
    </p>
   </div>
   <div class='ocr_carea' id='block_1_117' title="bbox 1919 5582 3508 5656">
    <p class='ocr_par' dir='ltr' id='par_1_117' title="bbox 1919 5582 3508 5656">
     <span class='ocr_line' id='line_1_117' title="bbox 1919 5582 3508 5656; baseline 0.003 -22"><span class='ocrx_word' id='word_1_874' title='bbox 1919 5591 2327 5656; x_wconf 78' lang='lat' dir='ltr'><strong>serunt,__opera</strong></span> <span class='ocrx_word' id='word_1_875' title='bbox 2373 5582 2972 5656; x_wconf 38' lang='lat' dir='ltr'><strong>etstudig&#39;Wegclini,</strong></span> <span class='ocrx_word' id='word_1_876' title='bbox 3016 5583 3334 5655; x_wconf 78' lang='lat' dir='ltr'><strong>Augustani.</strong></span> <span class='ocrx_word' id='word_1_877' title='bbox 3392 5582 3508 5638; x_wconf 69' lang='lat' dir='ltr'><strong>An-</strong></span> 
     </span>
    </p>
   </div>
   <div class='ocr_carea' id='block_1_118' title="bbox 1922 5650 2798 5722">
    <p class='ocr_par' dir='ltr' id='par_1_118' title="bbox 1922 5650 2798 5722">
     <span class='ocr_line' id='line_1_118' title="bbox 1922 5650 2798 5722; baseline 0.005 -17"><span class='ocrx_word' id='word_1_878' title='bbox 1922 5660 2092 5722; x_wconf 59' lang='lat' dir='ltr'><strong>gustee</strong></span> <span class='ocrx_word' id='word_1_879' title='bbox 2118 5650 2333 5722; x_wconf 84' lang='lat' dir='ltr'><strong>Vindel.</strong></span> <span class='ocrx_word' id='word_1_880' title='bbox 2368 5651 2523 5716; x_wconf 87' lang='lat'><strong>1668,</strong></span> <span class='ocrx_word' id='word_1_881' title='bbox 2550 5652 2599 5706; x_wconf 92' lang='lat'><strong>8.</strong></span> <span class='ocrx_word' id='word_1_882' title='bbox 2634 5650 2798 5709; x_wconf 57' lang='lat' dir='ltr'><strong>Hann:</strong></span> 
     </span>
    </p>
   </div>
   <div class='ocr_carea' id='block_1_119' title="bbox 1995 5721 3507 5793">
    <p class='ocr_par' dir='ltr' id='par_1_119' title="bbox 1995 5721 3507 5793">
     <span class='ocr_line' id='line_1_119' title="bbox 1995 5721 3507 5793; baseline 0.003 -19"><span class='ocrx_word' id='word_1_883' title='bbox 1995 5722 2070 5793; x_wconf 85' lang='lat' dir='ltr'><strong>(d)</strong></span> <span class='ocrx_word' id='word_1_884' title='bbox 2114 5721 2216 5793; x_wconf 85' lang='lat' dir='ltr'><strong>Hic</strong></span> <span class='ocrx_word' id='word_1_885' title='bbox 2256 5721 2527 5793; x_wconf 81' lang='lat' dir='ltr'><strong>Spartiata</strong></span> <span class='ocrx_word' id='word_1_886' title='bbox 2560 5724 2783 5781; x_wconf 90' lang='lat' dir='ltr'><strong>natione</strong></span> <span class='ocrx_word' id='word_1_887' title='bbox 2829 5734 2885 5781; x_wconf 89' lang='lat' dir='ltr'><strong>et</strong></span> <span class='ocrx_word' id='word_1_888' title='bbox 2927 5725 3080 5780; x_wconf 75' lang='lat' dir='ltr'><strong>Sixto</strong></span> <span class='ocrx_word' id='word_1_889' title='bbox 3124 5724 3191 5779; x_wconf 91' lang='lat' dir='ltr'><strong>IV</strong></span> <span class='ocrx_word' id='word_1_890' title='bbox 3223 5722 3507 5779; x_wconf 73' lang='lat' dir='ltr'><strong>familiaria</strong></span> 
     </span>
    </p>
   </div>
   <div class='ocr_carea' id='block_1_120' title="bbox 1919 5790 3504 5917">
    <p class='ocr_par' dir='ltr' id='par_1_120' title="bbox 1919 5790 3504 5917">
     <span class='ocr_line' id='line_1_120' title="bbox 1919 5790 3504 5917; baseline 0.003 -73"><span class='ocrx_word' id='word_1_891' title='bbox 2092 5792 2227 5849; x_wconf 90' lang='lat' dir='ltr'><strong>Vide</strong></span> <span class='ocrx_word' id='word_1_892' title='bbox 2274 5790 2512 5849; x_wconf 79' lang='lat' dir='ltr'><strong>Leonem</strong></span> <span class='ocrx_word' id='word_1_893' title='bbox 2563 5794 2823 5851; x_wconf 84' lang='lat' dir='ltr'><strong>Allatium</strong></span> <span class='ocrx_word' id='word_1_894' title='bbox 2869 5794 2946 5850; x_wconf 90' lang='lat' dir='ltr'><strong>De</strong></span> <span class='ocrx_word' id='word_1_895' title='bbox 2994 5795 3248 5867; x_wconf 81' lang='lat' dir='ltr'><strong>Georgiis,</strong></span> <span class='ocrx_word' id='word_1_896' title='bbox 3288 5810 3342 5865; x_wconf 88' lang='lat' dir='ltr'><strong>p.</strong></span> <span class='ocrx_word' id='word_1_897' title='bbox 3379 5793 3504 5859; x_wconf 80' lang='grc'>595,</span> 
     </span>
    </p>
   </div>
  </div>
