4154 6520
299 420 378 475 69
1532 417 1814 472 NOTITIA
1854 417 1942 472 EX
1994 416 2329 472 FABRICIO.
2714 428 2721 435 '
3500 416 3568 467 7U

304 552 356 590 ι.
389 534 546 597 1618,
589 549 711 605 pag.
749 534 802 588 9.
839 531 1079 600 Antiqua
1126 530 1307 585 versio
1341 529 1484 600 apud
1518 530 1800 584 Baluzium
1827 531 1882 584 in

2056 529 2145 583 20.
2185 530 2245 582 El
2272 528 2495 591 τέλειος,
2529 527 2712 595 φασὶν,
2748 526 2896 579 ἐστὶν
2948 528 2976 578 ό
3023 526 3213 595 Πατήρ
3264 524 3323 576 ἄν
3354 526 3420 593 τῇ
3461 523 3567 592 ἰδίᾳ

302 624 452 681 Nova
484 623 687 678 collect.
724 622 1017 685 concilior.,
1046 636 1167 691 pag.
1215 621 1339 674 587.
1393 618 1582 692 [Mans
1632 630 1763 675 tom.
1816 622 1880 685 V,

303 731 359 785 p.
381 716 531 785 £47.]
1186 756 1195 767 .

374 713 804 874 .13”de
844 804 894 856 oi
936 801 1119 855 πιστοὶ
1151 756 1413 871 σίλμερον.
1456 800 1690 856 Homilia
1727 802 1781 856 in
1809 801 1885 855 fe-

302 908 452 953 stum
493 897 601 950 τῶν
644 897 833 966 βαῖων,
866 894 982 949 sive
1004 894 1331 963 palmarum,
1368 900 1424 947 et
1457 892 1525 947 de
1556 892 1705 963 pullo
1721 893 1881 947 asini.

303 989 462 1047 Tom.
498 989 566 1052 V,
607 998 765 1059 parte
813 1003 873 1050 11,
920 1001 975 1056 p.
1031 984 1294 1048 591-405,
1335 985 1573 1054 primum
1623 987 1771 1040 edita
1815 988 1884 1041 ab

301 1082 550 1137 Auberto
600 1096 631 1134 e
689 1095 790 1134 ms.
825 1078 1033 1132 Bodlei.
1064 1076 1151 1148 -[n.
1192 1076 1341 1149 119.]
1373 1078 1532 1132 ΡΑιιιι.
1563 1110 1631 1118 ——
1656 1078 1886 1133 Codices

296 1174 550 1245 quidam,
585 1181 645 1227 ut
678 1172 734 1226 in
776 1170 913 1225 Bibl.
958 1169 1203 1233 Coislin.,
1241 1184 1363 1239 pag.
1396 1171 1521 1236 402,
1549 1188 1669 1227 eam
1703 1172 1882 1227 homi-

298 1263 433 1317 liam
477 1262 731 1316 tribuunt
766 1260 1005 1331 Cyrillo;
1057 1262 1152 1315 alii
1203 1277 1337 1315 vero
1395 1261 1644 1330 Eulogio,
1702 1261 1883 1315 archi-

300 1354 474 1424 episc.
528 1351 898 1408 Alexandrino
926 1391 940 1415 ,
989 1366 1054 1405 ac
1111 1350 1297 1406 Graece
1344 1360 1400 1406 et
1450 1350 1569 1405 Lat.
1618 1362 1795 1406 exstat
1828 1353 1883 1406 in

300 1447 561 1502 Auctario
610 1463 744 1499 novo
788 1443 1128 1507 Combeﬁsii,
1189 1453 1322 1499 tom.
1377 1445 1419 1508 I,
1466 1460 1587 1515 pag.
1626 1446 1750 1510 651,
1787 1462 1885 1501 no-

302 1548 456 1594 tante
507 1538 797 1603 Fabricio,
850 1535 991 1592 infra
1034 1536 1145 1591 vol.
1192 1535 1299 1601 1x,
1332 1552 1452 1607 pag.
1494 1536 1594 1592 129
1642 1546 1750 1592 vet.
1791 1537 1879 1593 ed.

302 1628 476 1685 HARL.

377 1723 468 1777 11.
527 1724 649 1775 Δεῖν
709 1721 896 1793 ᾠήθην
948 1724 1014 1793 τῇ
1068 1723 1134 1792 σῇ
1183 1720 1483 1792 θεοσεϐείᾳ.
1529 1721 1775 1791 Epistola
1815 1720 1882 1775 ad

301 1811 599 1875 Donatum,
658 1810 938 1881 Nicopolis
996 1812 1050 1867 in
1091 1811 1266 1868 veteri
1320 1812 1490 1881 Epiro
1540 1812 1877 1882 episcopum.

1994 622 2397 692 μεγαλειότητι.
2434 620 2573 675 Vide
2613 635 2779 689 supra
2820 633 2973 672 num.
3010 617 3100 681 25,
3145 617 3201 670 ἰιι
3246 616 3569 671 recensione

1991 729 2219 784 operum
2261 723 2409 767 tomo
2437 713 2529 768 VII
2558 712 2788 767 Auberti
2818 718 3225 765 contentorum.

2062 806 2152 859 21.
2187 806 2431 859 Ἐκαστα
2492 804 2601 857 τῶν
2665 802 2788 857 καθ’
2843 803 2990 873 ἡμᾶς
3026 801 3389 873 πραγμάτων.
3434 801 3562 871 Epi-

1991 898 2128 952 stola
2169 898 2257 961 59,
2305 897 2372 951 ad
2412 898 2681 951 Domuum
2717 895 3001 950 canonica.
3036 894 3191 947 Tom.
3226 894 3338 956 VII,
3378 909 3433 963 p.
3465 892 3565 947 209

1992 1004 2169 1059 seqq.,
2195 997 2252 1042 et
2282 996 2415 1042 tom.
2448 987 2493 1041 II
2535 984 2734 1041 Concil.
2773 984 2998 1048 Labbei,
3041 1000 3097 1053 p.
3136 983 3314 1049 1488;
3350 993 3405 1038 et
3441 999 3563 1038 cum

1992 1079 2268 1134 Theodori
2319 1077 2654 1132 Balsamonis
2689 1076 2913 1130 scholiis
2948 1085 3078 1129 tom.
3119 1076 3161 1131 II
3188 1076 3432 1146 Synodici
3462 1076 3537 1130 Bo

1991 1172 2289 1243 veregiani,
2316 1188 2373 1241 p.
2410 1170 2530 1224 175.
2570 1169 2726 1223 FABR.
2766 1198 2834 1207 -—
2865 1168 2929 1222 V.
2976 1168 3176 1238 passim
3206 1169 3317 1240 jam
3357 1184 3558 1223 memo-

1992 1273 2141 1318 ratos
2166 1263 2327 1317 codd.

2061 1353 2255 1408 Oxonii
2296 1354 2350 1407 in
2381 1353 2503 1407 cod.
2545 1352 2768 1406 Barocc.
2798 1350 3002 1405 CLVIII
3036 1350 3171 1404 bibl.
3212 1350 3419 1405 Bodlei.

2062 1443 2292 1498 Taurini
2319 1444 2371 1497 in
2395 1443 2518 1498 cod.
2542 1442 2654 1507 CV,
2688 1442 2745 1495 in
2779 1441 2896 1497 Cat.
2924 1442 3044 1495 bibl.
3081 1441 3324 1505 Taurin.,
3358 1458 3412 1511 p.
3441 1441 3558 1497 195.

2061 1538 2120 1591 In
2161 1535 2283 1591 cod.
2328 1535 2529 1590 Caesar.
2577 1533 2760 1598 XLIV,
2822 1549 2878 1587 11.
2918 1532 3007 1595 5.1,
3041 1548 3167 1602 epp.
3218 1532 3241 1586 1
3297 1532 3367 1586 ad
3400 1532 3558 1587 Maxi-

1990 1644 2162 1691 mum,
2218 1626 2357 1681 diac.
2414 1626 2775 1691 Antiochen.;
2827 1624 2862 1677 2
2912 1623 2980 1678 ad
3010 1624 3353 1679 Gennadium
3382 1640 3395 1690 ;
3428 1624 3461 1679 5
3494 1624 3560 1678 ad

1989 1720 2260 1774 Domnum
2316 1718 2608 1783 Antioch.;
2650 1718 2683 1772 4
2730 1716 2800 1771 ad
2850 1716 3141 1787 episcopos
3205 1716 3260 1770 in
3306 1716 3475 1789 Libya
3510 1727 3561 1771 et

1991 1810 2312 1881 Pentapoli;
2370 1817 2534 1880 atque
2590 1826 2646 1862 ιι.
2693 1808 2727 1863 5
2758 1817 2813 1863 et
2842 1809 2894 1873 ι,
2941 1808 2996 1861 in
3036 1807 3159 1861 cod.
3195 1807 3356 1872 XLV,
3388 1823 3444 1861 ιι.
3472 1808 3560 1863 29.

303 1904 464 1960 τοιιι.
499 1905 564 1968 V,
600 1912 756 1974 parte
786 1921 845 1968 ιι,
870 1920 925 1974 p.
967 1904 1221 1969 155-157,
1256 1920 1323 1959 ex
1347 1914 1502 1974 parte
1539 1921 1593 1959 ιιι
1626 1904 1883 1960 Actorum
1920 1890 1959 1943 Β
1988 1902 2052 1956 V.
2097 1902 2351 1957 Lambec.
2396 1902 2548 1966 VIII,
2590 1918 2646 1972 p.
2704 1900 2805 1955 887
2854 1909 2911 1955 et
2968 1900 3074 1954 914
3116 1915 3232 1971 seq.
3262 1901 3411 1955 —ln
3437 1900 3560 1955 cod.

302 1995 525 2050 concilii
566 1994 852 2064 Ephesini,
889 2003 1020 2048 tom.
1066 1994 1085 2048 I
1122 1994 1285 2057 Binii,
1322 2010 1375 2065 p.
1410 1995 1533 2050 446.
1567 1994 1758 2050 Latina
1787 2012 1885 2049 ve-

303 2093 398 2141 tus
438 2086 623 2141 versio
679 2093 858 2140 exstat
907 2085 963 2139 in
998 2084 1269 2156 Synodico
1320 2094 1512 2140 contra
1563 2086 1884 2157 tragoediam

302 2177 521 2242 Irenei,
546 2193 669 2249 pag.
709 2177 832 2232 909.
866 2177 1051 2232 Baluz.
1089 2177 1239 2233 Nova
1272 2178 1487 2233 collect.
1525 2178 1811 2233 concilior.

380 2268 467 2322 12.
500 2268 663 2320 Δεῦτε
707 2267 791 2338 δὴ,
847 2266 1001 2321 δεῦτε
1047 2267 1228 2330 πάλιν,
1254 2267 1731 2339 ἀγαλλιασώμεθα.
1772 2268 1882 2323 110-

302 2360 459 2416 milia
489 2374 540 2414 ιι
572 2358 863 2429 paschalis.
900 2358 1056 2414 Tom.
1090 2360 1154 2421 V,
1188 2368 1344 2429 parte
1369 2377 1426 2423 11,
1462 2376 1518 2430 p.
1556 2360 1812 2415 142-161.

380 2450 467 2505 15.
510 2448 673 2504 Δεῦτε
711 2450 894 2513 πάλιν,
934 2449 1392 2521 ἀγαλλιασώμεθα
1420 2452 1498 2520 τῷ
1534 2451 1745 2521 Κυρίῳ.
1779 2451 1888 2505 Ho—

301 2537 457 2591 milia
504 2552 572 2593 xv
601 2538 891 2608 paschalis.
935 2537 1090 2592 Tom.
1127 2539 1192 2604 V,
1228 2548 1383 2609 parte
1427 2556 1487 2605 11,
1534 2557 1588 2611 p.
1624 2541 1880 2597 198-210.

382 2628 469 2682 14.
514 2628 746 2697 Διψῶντί
789 2646 879 2698 μοι
909 2629 1071 2683 πάλιν
1100 2630 1199 2699 τῆς
1228 2630 1382 2700 ὑμῶν
1411 2633 1729 2697 ἐπιεικείας.
1760 2633 1887 2703 Ερί-

302 2719 444 2774 stola
477 2719 543 2776 19
572 2720 865 2790 posterior,
890 2737 921 2776 e
951 2722 1145 2777 Rhodo
1176 2723 1398 2793 scripta,
1429 2732 1554 2778 ante
1592 2724 1881 2794 synodum,

302 2811 374 2866 ad
422 2812 631 2867 clerum
686 2815 1059 2883 populumque
1107 2813 1558 2869 Alexandrinum.
1617 2815 1773 2869 Tom.
1816 2816 1882 2880 V,

303 2896 464 2970 parte
510 2916 569 2963 ιι,
604 2916 659 2971 p.
689 2901 777 2967 85,
816 2918 884 2956 ex
912 2910 1066 2972 parte
1099 2918 1115 2955 1
1143 2902 1326 2957 Actor.
1352 2904 1543 2975 synodi
1574 2905 1882 2975 Ephesinaa,

304 3006 440 3046 tom.
470 2990 491 3045 1
521 2992 685 3057 Binii,
728 3008 848 3063 pag.
880 2994 998 3048 165.

395 3084 481 3137 15.
523 3086 702 3152 Ἔγνω
754 3102 856 3139 που
910 3086 1131 3150 πάντως
1184 3087 1277 3141 καὶ
1333 3086 1418 3140 διὰ
1472 3088 1698 3143 πολλῶν.
1753 3090 1885 3161 Epi-

302 3175 449 3231 stola
477 3176 512 3230 2
539 3177 606 3231 ad
635 3177 793 3233 Joan.
834 3179 1261 3234 Antiochenam.
1308 3181 1465 3236 Tom.
1523 3183 1587 3244 V,
1623 3193 1776 3252 parte
1825 3201 1882 3249 ιι,

303 3282 363 3337 ι.
424 3266 608 3331 «1244,
662 3283 729 3323 ex
776 3278 931 3338 parte
962 3287 978 3324 1
1014 3270 1275 3326 Actorum
1322 3272 1540 3326 concilii
1600 3273 1882 3342 Ephesini,

302 3366 443 3410 tom.
478 3358 692 3423 [Binii,
720 3375 845 3430 pag.
877 3360 997 3414 1114-.
1036 3360 1195 3416 FABn.

378 3448 470 3503 16.
513 3450 663 3503 Ἔδει
707 3450 807 3517 μὲν
865 3451 1150 3522 ἀρκεῖσθαι
1179 3454 1299 3516 ταῖς
1337 3452 1445 3506 τῶν
1484 3454 1883 3525 προλαόόντων.

302 3538 547 3595 Eomilia
585 3541 786 3611 Ephesi
822 3542 988 3606 dicta,
1024 3558 1149 3597 cum
1191 3556 1422 3615 synaxes
1471 3555 1883 3616 peragerentur,

303 3632 559 3703 deposito
587 3631 862 3688 Nestorio.
902 3633 965 3687 T.
1002 3634 1065 3698 V,
1095 3643 1251 3704 parte
1292 3651 1351 3700 ιι,
1384 3651 1505 3707 pag.
1534 3636 1794 3692 558-561.
1826 3638 1886 3693 In

300 3721 521 3778 Latinis
549 3723 889 3779 editionibus
931 3734 1120 3782 .exstat
1173 3742 1242 3781 ex
1295 3727 1550 3783 versione
1577 3728 1885 3801 Wolfgangi

302 3815 560 3871 ﬂosculi.
595 3815 701 3872 Sed
728 3816 1005 3872 Aubertus
1034 3820 1272 3874 servavit
1293 3821 1603 3875 versionem
1650 3838 1887 3891 quacum

306 3908 517 3978 legitur
571 3909 627 3962 in
694 3918 849 3978 parte
906 3926 944 3964 ιι
988 3912 1251 3965 Actorum
1306 3912 1498 3982 synodi
1556 3914 1883 3984 Ephesium,

305 4006 444 4052 tom.
485 3998 506 4052 1
534 3998 699 4065 Binii,
731 4016 785 4070 p.
834 4000 959 4055 219.
990 4001 1111 4056 Alia
1143 4013 1304 4058 vetus
1331 4004 1710 4074 interpretatio
1740 4007 1885 4077 apud

302 4088 613 4155 Baluzium,
646 4107 702 4160 p.
737 4092 841 4147 548
868 4093 1034 4148 Novae
1069 4095 1286 4150 collect.

380 4182 470 4234 17.
504 4182 567 4235 El
594 4184 691 4237 καὶ
727 4183 1066 4256 πλατύτερον
1095 4185 1220 4239 ἔδει.
1276 4188 1517 4257 Epistola
1562 4190 1652 4255 22,
1683 4191 1750 4245 ad
1778 4192 1887 4247 cle-

303 4289 435 4326 rum
466 4274 837 4345 populumque
866 4276 1044 4339 Alex.,
1080 4287 1213 4331 tom.
1249 4279 1314 4343 V,
1339 4288 1494 4349 parte
1518 4297 1574 4345 ιι,
1602 4298 1657 4351 p.
1692 4282 1786 4346 79,
1818 4298 1885 4337 ex

304 4372 466 4433 parte
495 4380 533 4418 ιι
563 4363 825 4419 Actorum
862 4366 1055 4438 synodi
1106 4366 1426 4437 Ephesinze,
1472 4379 1603 4426 tom.
1657 4372 1677 4426 I
1719 4372 1883 4439 Binii,

304 4472 363 4524 p.
408 4454 534 4508 217.

1988 1991 2149 2057 XLV,
2186 2010 2244 2048 ιι.
2282 1994 2368 2057 12,
2408 1994 2501 2047 ubi
2546 1992 2775 2063 epistola
2819 1992 2910 2047 illa
2952 1991 3325 2046 subdividitur
3362 1992 3417 2047 in
3454 2001 3558 2048 tres

1988 2099 2249 2140 canones.
2310 2086 2375 2140 V.
2441 2087 2645 2142 Kollar.
2686 2086 2876 2155 Suppl.
2913 2085 2979 2139 ad
3031 2085 3309 2149 Lambec.,
3342 2101 3396 2155 p.
3438 2084 3558 2139 520.

1988 2177 2128 2232 Ibid.
2157 2195 2213 2232 ιι.
2243 2178 2330 2241 15,
2367 2178 2527 2248 epist.
2568 2178 2636 2231 ad
2669 2178 2838 2247 episc.
2874 2176 3058 2248 Libym
3087 2189 3143 2232 et
3171 2178 3559 2247 Pentapoleos;

1988 2281 2221 2341 utraque
2244 2272 2299 2325 in
2329 2270 2605 2343 Synodico
2643 2280 2775 2325 tom.
2816 2270 2880 2334 11,
2924 2286 2978 2340 p.
3018 2270 3140 2323 178.
3183 2270 3349 2324 ΗΑιιι..

2056 2362 2146 2416 22.
2182 2357 2424 2432 Ἐμὸιθον
2453 2362 2604 2432 παρὰ
2630 2361 2723 2415 τοῦ
2752 2361 3038 2431 ἀγαπητοῦ
3067 2360 3390 2431 μονάζοντος
3418 2358 3560 2413 Παύ-

1986 2454 2102 2508 λου.
2152 2456 2325 2525 Epist.
2354 2455 2444 2509 49.
2480 2453 2972 2509 Commonitorium
3004 2453 3070 2509 ad
3109 2454 3424 2519 Maximum,
3449 2452 3558 2508 dia-

1988 2563 2185 2602 conum
2226 2548 2650 2603 Antiochenum.
2680 2548 2759 2602 Id.
2794 2564 2849 2618 p.
2886 2547 3007 2602 192.

2056 2639 2143 2693 23.
2192 2639 2439 2708 Ἐμφανῆ
2466 2640 2563 2709 μὲν
2594 2638 2935 2710 καθίστησιν.
2973 2638 3215 2709 Epistola
3250 2639 3337 2703 59,
3378 2649 3557 2709 poste-

1988 2732 2102 2786 rior
2141 2731 2208 2785 de
2267 2730 2373 2785 ﬁde
2427 2730 2493 2784 ad
2542 2730 2899 2786 Succensum.
2940 2732 3019 2787 Id.
3060 2749 3115 2803 p.
3151 2734 3410 2789 141-151.
3456 2735 3561 2789 Sed

1986 2831 2139 2887 nota,
2195 2831 2406 2892 partem
2441 2821 2803 2892 posteriorem
2845 2839 2875 2878 a
2924 2840 3047 2895 pag.
3108 2825 3211 2879 145
3257 2840 3372 2896 seq.
3422 2826 3559 2881 male

1987 2922 2225 2967 assutam
2248 2928 2315 2967 ex
2351 2912 2579 2982 epistola
2618 2912 2684 2966 ad
2724 2913 2980 2969 Acacium
3014 2930 3068 2984 p.
3106 2915 3208 2969 115
3238 2931 3379 2986 seq.,
3416 2916 3560 2987 quod

1988 3002 2211 3058 Usserio
2265 3002 2431 3056 etiam
2486 3002 2716 3071 pulchre
2767 3002 3139 3058 observatum.
3182 3004 3374 3060 Latina
3406 3014 3559 3060 vetus
3672 3000 3679 3005 ’

1988 3093 2169 3147 versio
2197 3101 2377 3147 exstat
2404 3092 2460 3146 in
2494 3092 2765 3164 Synodico
2794 3102 2984 3147 contra
3022 3094 3341 3164 tragoediam
3372 3096 3559 3150 Irenaai

1989 3185 2134 3254 apud
2183 3184 2369 3238 Baluz.
2406 3199 2462 3254 p.
2524 3183 2647 3237 925.
2688 3185 2827 3239 Vide
2877 3193 2933 3239 et
2980 3200 3100 3255 pag.
3145 3184 3247 3239 786
3280 3200 3395 3256 seq.
3424 3186 3563 3240 Pro-

1988 3272 2205 3326 dierant
2264 3286 2485 3342 quoque
2536 3272 2710 3327 ambae
2754 3272 2940 3344 Cyrilli
2980 3272 3048 3327 ad
3084 3272 3418 3329 Succensum
3450 3276 3567 3345 epi-

1988 3364 2162 3428 stolae,
2189 3365 2450 3436 Dionysio
2486 3364 2696 3435 Exiguo
2743 3364 3068 3435 interprete,
3102 3365 3159 3419 in
3189 3366 3438 3420 Antidota
3464 3368 3565 3421 ad-

1987 3473 2165 3510 versus
2212 3457 2453 3521 Ιιωνεερδ,
2490 3456 2652 3511 Basil.
2701 3455 2858 3521 1528,
2903 3455 2996 3510 fol.
3042 3456 3246 3511 Locum
3279 3473 3346 3512 ex
3379 3458 3595 3527 poste-'

1988 3548 2136 3603 riore
2171 3548 2401 3618 epistola
2434 3548 2677 3603 vindicat
2726 3556 2917 3602 contra
2949 3548 3279 3604 Severianos
3329 3550 3563 3620 Ephrai-

1988 3656 2111 3695 mus
2167 3640 2312 3711 apud
2369 3640 2645 3696 Photium.
2678 3640 2802 3696 cod.
2839 3656 3048 3704 ccxx1x,
3104 3640 3198 3711 qui
3251 3650 3307 3695 et
3364 3642 3568 3712 prioris

1988 3733 2259 3788 meminit.
2286 3731 2424 3788 Vide
2464 3741 2520 3787 et
2556 3731 2906 3787 collationem
2949 3747 3074 3787 cum
3107 3731 3418 3789 Severianis
3449 3735 3565 3790 sive

1987 3823 2302 3893 Acephalis,
2351 3822 2592 3876 habitam
2646 3821 3117 3893 Constantinopoli
3172 3822 3239 3877 A.
3296 3823 3356 3880 C.
3418 3824 3563 3889 552,

1991 3923 2122 3968 ιοιιι.
2146 3913 2190 3968 11
2218 3913 2383 3977 Binii,
2424 3929 2479 3983 p.
2510 3913 2632 3968 661.
2663 3913 2823 3967 Fusa.

2059 4025 2316 4094 Epistulae
2370 4024 2493 4079 duae
2562 4024 2630 4079 ad
2683 4024 3023 4080 Succensum
3087 4025 3260 4080 Paris.
3319 4026 3375 4080 in
3437 4026 3562 4081 cod.

1987 4116 2426 4182 DCCCLXXXII,
2454 4133 2511 4171 ιι.
2552 4117 2605 4182 9,
2638 4126 2694 4172 et
2728 4134 2785 4171 ιι.
2826 4119 2880 4181 4,
2910 4117 3143 4187 epistola
3166 4133 3280 4187 seq.
3320 4118 3389 4173 ad
3418 4119 3561 4174 Evo-

1989 4204 2185 4274 ptium.
2224 4206 2390 4260 ΗΑιιι..

2057 4316 2146 4371 24.
2185 4318 2464 4388 Ἑνέτυχον
2482 4320 2592 4381 τοῖς
2628 4316 2780 4388 παρὰ
2810 4316 2912 4387 τῆς
2938 4318 3037 4387 σῆς
3068 4318 3395 4381 θεοσεῦείας.
3431 4318 3563 4388 Epi—

1988 4408 2126 4463 stola
2152 4408 2217 4462 ad
2246 4408 2555 4478 Evoptium.
2589 4407 2744 4462 Tom.
2771 4409 2882 4474 VII,
2906 4425 2960 4478 p.
2992 4407 3095 4463 200
3121 4424 3273 4479 seqq.
3310 4408 3445 4464 Vide
3473 4425 3565 4464 su-

1988 4517 2108 4570 pra,
2141 4516 2296 4554 num.
2333 4500 2418 4565 19,
2463 4500 2517 4553 in
2541 4500 2861 4554 recensione
2888 4515 3117 4570 operum
3141 4516 3261 4571 qum
3282 4502 3564 4557 tomusVlI

381 4544 470 4599 18.
502 4546 567 4598 Et
599 4545 701 4617 μὲν
733 4541 792 4601 εὖ
832 4547 1030 4611 ειδότες
1060 4548 1261 4603 ἀθλεῖν.
1294 4549 1528 4605 Homilia
1560 4552 1615 4606 in
1665 4553 1882 4608 transti-

2032 4541 2108 4565 ...,
2141 4541 2296 4554 ........
2336 4541 2418 4565 ..,,

1991 4541 2217 4647 Xubcrti
2258 4592 2521 4646 continet.

297 4639 653 4709 gnrationem
698 4640 935 4705 Domini,
966 4640 1153 4697 Graece
1200 4643 1440 4712 primum
1485 4644 1632 4699 edita
1664 4661 1695 4699 a
1724 4646 1880 4701 Joan.

296 4730 550 4786 Meursio
596 4730 652 4785 in
706 4730 876 4786 Variis
928 4734 1114 4795 sacris,
1159 4733 1328 4803 Lugd.
1375 4734 1494 4788 Bat.
1535 4734 1693 4799 1619,
1738 4736 1883 4799 ίιι-ι1,

297 4838 433 4892 pag.
502 4823 653 4878 1-15.
713 4823 773 4877 In
830 4822 1061 4878 Auberti
1114 4823 1357 4879 editione
1410 4824 1650 4895 Operum
1698 4825 1884 4898 Cyrilli

299 4922 443 4966 tom.
476 4912 541 4977 V,
572 4922 730 4983 parte
752 4929 809 4979 ιι,
840 4929 895 4983 p.
939 4913 1203 4979 552-554,
1235 4914 1422 4971 Graec
1449 4925 1505 4971 et
1547 4917 1763 4977 Latine.
1792 4919 1888 4989 qui

298 5006 517 5061 rectius
546 5005 679 5076 legit
710 5008 758 5059 oi
810 5007 908 5075 μὲν
935 5001 994 5059 εὖ
1033 5006 1252 5068 εἰδότες.

378 5096 467 5151 19.
498 5096 559 5149 Εἰ
596 5098 695 5165 μὲν
724 5092 793 5167 ἦν
834 5096 1109 5167 σιωπῆσαι
1144 5098 1238 5150 καὶ
1290 5099 1388 5169 μή.
1417 5099 1661 5169 Epistola
1714 5100 1768 5165 9,
1820 5100 1887 5155 ad

296 5188 663 5247 Caelestinum
714 5188 1033 5258 episcopum
1087 5190 1271 5254 Rom,
1334 5199 1465 5245 tom.
1522 5192 1586 5255 V,
1642 5202 1797 5263 parte
1827 5210 1886 5256 ιι,

296 5299 357 5350 ρ.
394 5281 582 5345 56-59,
618 5296 685 5336 ex
711 5292 867 5351 parte
894 5298 912 5335 1
952 5283 1071 5336 Act.
1102 5282 1318 5338 concilii
1376 5283 1657 5353 Ephesini,
1700 5294 1831 5341 tom.
1866 5287 1886 5340 1

296 5372 471 5434 Binii,
530 5389 585 5442 p.
630 5373 749 5427 129.
789 5374 1265 5441 ῈΑιιιι.-Μειιιεί,
1317 5384 1449 5430 tom.
1500 5377 1589 5440 IV,
1643 5393 1697 5448 p.
1752 5378 1887 5434 1012

295 5481 423 5536 sqq.
460 5465 653 5519 Melius
686 5482 773 5535 ap.
809 5465 1093 5520 Constant.
1126 5482 1181 5537 p.
1224 5467 1360 5522 1085
1390 5483 1533 5537 sqq.,
1567 5477 1703 5523 teste
1733 5470 1883 5524 Wal-

296 5555 429 5610 chio
463 5555 501 5609 1.
537 5570 611 5619 c.,
653 5570 709 5624 p.
755 5554 860 5607 595
889 5569 1033 5623 sqq.,
1069 5569 1233 5623 quem
1281 5553 1555 5619 conteres,
1588 5562 1645 5610 et
1677 5571 1730 5626 p.
1780 5558 1883 5612 458

296 5663 446 5717 sqq.,
488 5662 552 5701 ac
579 5662 633 5716 p.
666 5645 771 5699 678
798 5661 909 5715 sq.,
939 5645 1006 5699 de
1037 5644 1335 5702 lecstino
1355 5648 1586 5717 ejusque
1616 5647 1737 5702 aliis
1759 5648 1879 5718 epi-

296 5738 475 5792 stelis.
511 5736 680 5791 11Αιιι..

2052 4706 2141 4760 25.
2193 4705 2473 4775 Ἐνέτυχον
2509 4704 2609 4774 μὲν
2633 4704 2712 4775 τῷ
2753 4704 3163 4777 ὑπομνηστικῷ.
3199 4707 3441 4776 Epistola
3471 4708 3560 4771 58,

1985 4796 2136 4866 prior
2184 4796 2252 4850 de
2300 4794 2406 4850 ﬁde
2458 4795 2525 4849 ad
2575 4795 2910 4851 Succensum
2953 4795 3065 4866 (a),
3116 4795 3466 4851 Diocazsareae
3509 4798 3565 4852 in

1987 4890 2190 4943 Isauria
2237 4889 2575 4959 episcopum.
2624 4889 2779 4943 Tom.
2814 4889 2877 4952 V,
2913 4897 3067 4958 parte
3112 4905 3167 4953 ιι,
3208 4905 3263 4958 p.
3303 4889 3563 4963 155441,

1987 4991 2043 5036 et
2069 4998 2135 5036 cx
2160 4982 2332 5038 veteri
2355 4981 2609 5038 versione
2643 4981 2785 5051 apud
2813 4981 3116 5044 Baluzium,
3150 4997 3204 5050 p.
3248 4980 3351 5035 918
3374 4997 3489 5050 seq.

2064 5073 2150 5127 26.
2192 5074 2286 5125 Ἐν
2324 5072 2422 5142 μὲν
2456 5073 2641 5143 ἔμοιγε
2671 5074 2764 5125 καὶ
2789 5073 2909 5125 λίαν
2929 5072 3190 5143 θυμῆρες.
3216 5072 3446 5127 Ilomilia
3478 5090 3564 5128 XXI

1992 5163 2277 5233 paschalis.
2309 5163 2467 5218 Tom.
2496 5163 2563 5229 V,
2597 5172 2750 5234 parte
2778 5179 2836 5227 ιι,
2871 5178 2992 5233 pag.
3025 5162 3283 5218 265—269.

2059 5279 2148 5332 27.
2194 5279 2410 5351 Ἐπειδὴ
2445 5297 2535 5350 μοι
2566 5278 2841 5350 γέγραφεν
2881 5281 2914 5349 ἡ
2952 5278 3204 5332 εὐλάϐεια
3231 5279 3404 5351 ὑμῶν.
3439 5282 3568 5351 Epi-

1990 5372 2126 5427 stola
2156 5373 2208 5438 6,
2235 5372 2301 5426 ad
2331 5388 2425 5428 eos
2464 5372 2559 5442 qui
2580 5372 2728 5443 vulgi
2761 5372 3078 5427 rumoribus
3100 5388 3419 5443 persuasum
3456 5376 3569 5429 aie-

1990 5464 2123 5520 bant
2156 5464 2408 5520 Nestorio
2435 5464 2723 5519 restitisse.
2757 5464 2914 5520 Tom.
2946 5465 3011 5529 V,
3043 5475 3194 5535 parte
3238 5483 3298 5531 ιι,
3338 5482 3461 5537 pag.
3499 5467 3568 5520 50

1990 5573 2130 5627 seq.,
2190 5573 2256 5611 ex
2299 5566 2452 5626 parte
2504 5572 2520 5611 1
2566 5556 2753 5612 Actor.
2794 5558 3013 5613 concilii
3044 5558 3326 5628 Ephesini.
3357 5559 3512 5624 Ton].
3546 5560 3567 5614 1

1990 5648 2154 5708 Binii,
2191 5664 2247 5719 p.
2280 5648 2401 5702 125.

2058 5739 2147 5794 28.
2221 5739 2438 5811 Ἐπειδὴ
2499 5738 2807 5810 πρώτιστον
2868 5741 2998 5811 ἡμῖν
3044 5742 3157 5805 τοῖς
3199 5742 3564 5811 Χριπιανοῖς.

375 5847 450 5918 (a)
479 5848 556 5903 De
583 5848 676 5903 illo
700 5847 977 5905 Succenso
1018 5849 1402 5908 Tillemontius
1434 5860 1566 5907 tom.
1597 5850 1739 5935 XIV,
1770 5867 1893 5924 pag.
1917 5850 2038 5909 570.
