4120 6494
467 2981 472 2986 ’
587 2975 799 3030 clerum
868 2972 1243 3043 populumque

591 387 659 449 71
941 415 948 422 -
1823 382 2109 441 NOTITIA
2149 386 2174 440 Ε

2282 383 2616 440 FABRICIO.
3795 387 3868 444 72

593 509 732 568 Vide
769 520 955 578 supra,
989 519 1142 560 num.
1174 503 1265 559 23.
1304 504 1358 559 in
1398 501 1717 558 recensione
1750 503 1880 558 tomi
1918 504 2009 558 VII
2034 501 2177 575 Opp.
2214 513 2253 566 Α
2285 505 2566 560 homiliam
2625 503 2934 574 paschalem
2994 518 3142 558 xvm.
3215 503 3370 560 Tom.
3427 504 3468 560 V
3497 545 3512 568 ,
3561 515 3715 576 parte
3780 521 3818 563 ιι
3845 548 3865 575 ,

591 599 803 656 Cvrilli.

641 618 926 758 γέξῗὲεπὶ
951 685 1144 756 καιροῦ
1173 685 1239 755 δὴ
1263 683 1424 737 πάλιν
1453 685 1513 738 τὺ
1543 686 1634 740 διὰ
1660 686 1778 756 τῆς.
1814 685 2055 741 Ilomilia
2089 702 2186 757 pa-

596 781 799 837 schalis
817 763 1114 834 xtx’JTom.
1151 777 1214 838 V,
1248 786 1405 847 parte
1457 794 1515 843 ιι,
1551 795 1672 848 pag.
1703 778 1964 833 247-257.

664 871 751 925 30.
797 857 1285 940 Ἐπιιῐαρϐἁνονταί
1323 885 1468 932 τινες
1517 869 1621 939 τῆς
1665 868 1957 932 ἐκθέσεως.
2013 869 2181 925 Com-

591 963 950 1020 monitorium
979 962 1046 1016 ad
1074 960 1367 1030 Eulogium
1403 961 1588 1032 presb.
1625 961 1782 1015 Tom.
1825 962 1890 1026 V,
1937 972 2094 1031 parte
2123 979 2179 1026 ιι,

593 1070 649 1124 p.
686 1053 806 1116 I32,
847 1053 992 1106 inter
1035 1053 1297 1122 epistolas
1327 1053 1418 1114 57,
1448 1068 1515 1106 ex
1544 1061 1698 1122 parte
1729 1069 1786 1107 ιιι
1826 1053 2015 1108 Actor.
2047 1069 2181 1107 con-

592 1144 704 1199 cilii
754 1143 1037 1214 Ephesini.
1083 1143 1239 1198 Tom.
1290 1144 1308 1198 I
1363 1144 1526 1207 Binii,
1559 1161 1612 1214 p.
1650 1145 1773 1199 444.
1805 1145 1976 1199 Vetus
1998 1146 2183 1200 versio

593 1243 773 1289 exstat
796 1235 940 1304 apud
970 1234 1272 1297 Baluzium,
1307 1251 1360 1304 p.
1394 1235 1495 1288 597
1535 1251 1688 1289 nova:
1725 1235 1952 1289 Collect.
1996 1237 2184 1290 Memi-

593 1327 676 1380 nit
703 1326 868 1396 hujus
889 1325 1135 1394 epistola:
1160 1325 1470 1389 Liberatus,
1494 1340 1614 1394 cap.
1640 1323 1701 1389 9;
1736 1325 1998 1395 Eulogius
2018 1335 2182 1396 atque

593 1419 924 1489 Ephraimus
982 1417 1127 1487 apud
1177 1417 1435 1472 Photium
1463 1457 1477 1481 ,
1525 1426 1634 1471 etc.
1677 1417 1810 1472 Vide
1860 1417 2179 1473 Tillemout.

597 1521 730 1566 tom.
766 1510 906 1574 XIV,
955 1526 1009 1580 p.
1058 1509 1162 1564 568
1213 1525 1330 1580 seq.
1367 1509 1708 1576 Quibusdam
1759 1509 1814 1562 in
1853 1509 1989 1563 locis
2018 1508 2181 1563 falsa-

594 1611 735 1666 tum,
783 1601 960 1666 fuere,
994 1602 1089 1670 qui
1113 1607 1431 1671 arguerent.
1489 1599 1625 1655 Vide
1671 1599 2020 1654 collationem
2055 1615 2180 1654 cum

595 1693 911 1750 Severianis
962 1694 1078 1747 sive
1129 1691 1422 1762 Aoephalis
1467 1689 1940 1761 Constantinopoli
2003 1693 2067 1744 A.
2115 1690 2177 1745 C.

590 1788 704 1842 532
731 1787 996 1850 habitam,
1038 1793 1169 1839 tom.
1202 1779 1246 1838 11
1283 1772 1425 1838 Binii
1463 1799 1517 1853 p.
1558 1783 1682 1838 661.
1712 1783 1771 1837 In
1807 1783 1913 1838 hoc
1936 1798 2180 1840 commo-

2329 640 2340 650 .
2371 596 2494 650 235.

2285 613 2547 736 μὸἶξῗῡξη
2597 681 2890 754 Νεστορίον
2931 684 3129 748 πίστις
3191 685 3393 756 μᾶλλον
3451 685 3508 740 δὲ
3552 687 3864 752 κακοδοξία.

2281 772 2793 840 Commonitorium,
2854 775 3149 831 Posidonio
3205 777 3428 843 datum,
3473 795 3600 834 cum
3638 790 3868 851 propter

2281 864 2518 918 Nestorii
2546 881 2764 920 causam
2798 866 3112 921 mitteretur
3137 867 3202 922 ad
3229 868 3526 923 concilium
3555 871 3867 924 Romanum

2283 956 2346 1010 A.
2375 956 2436 1010 C.
2469 957 2588 1010 450.
2624 958 2702 1010 Ex
2731 957 3007 1012 Sirmondi
3042 959 3260 1013 schedis
3277 974 3401 1014 cum
3423 961 3580 1015 Joan.
3605 959 3864 1016 Gamerii

2282 1048 2538 1102 versione
2581 1049 2757 1103 edidit
2800 1048 2990 1120 Steph.
3052 1050 3308 1106 Baluzius
3348 1051 3403 1106 in
3449 1052 3597 1106 Nova
3642 1051 3862 1107 ϐοηθεῖ.

2282 1138 2576 1203 concilior.,
2612 1156 2667 1210 p.
2699 1140 2822 1194 377.
2863 1141 3031 1195 Paris.
3075 1142 3232 1206 1685,
3267 1143 3361 1197 fol.
3400 1144 3610 1198 Prodiit
3642 1153 3698 1198 et
3735 1159 3865 1198 cum

2281 1231 2535 1288 Gamerii
2590 1233 2846 1288 versione
2899 1244 2955 1288 et
3002 1236 3150 1290 notis
3203 1236 3256 1290 in
3304 1236 3569 1290 Auctario
3620 1235 3864 1306 Operum

2282 1326 2636 1392 Theodoreti,
2667 1344 2720 1398 p.
2749 1329 2837 1383 51.
2875 1329 3048 1383 Paris.
3082 1329 3242 1394 1684,
3277 1329 3332 1383 ἱιι
3363 1330 3458 1384 fol.
3496 1330 3657 1385 FABR.
3695 1361 3766 1370 —
3793 1332 3862 1386 V.

2283 1418 2548 1484 Ilarduin,
2591 1418 2728 1473 Coll.
2779 1419 2989 1483 concil.,
3042 1419 3085 1483 1,
3120 1435 3242 1490 pag.
3301 1420 3862 1479 1319.—Coustaut.

2283 1508 2422 1580 Epp.
2451 1508 2719 1577 Ponti/ia,
2746 1517 2879 1564 tom.
2908 1510 2951 1571 1,
2973 1525 3028 1579 p.
3067 1509 3203 1565 1093
3232 1527 3422 1581 seqq.;
3451 1511 3623 1565 Mansi
3657 1511 3862 1568 Concil.

2283 1610 2416 1654 tom.
2463 1601 2550 1665 IV,
2587 1617 2642 1671 p.
2689 1600 2826 1668 548;
2871 1601 3086 1657 Walcb.
3128 1602 3165 1656 1.
3208 1617 3284 1668 c.,
3331 1618 3387 1672 p.
3423 1602 3527 1658 395
3558 1619 3698 1674 seq.,
3727 1605 3868 1659 454-

2280 1693 2404 1748 438.
2442 1693 2608 1747 Hauc.
3590 1691 3592 1693 ’

2348 1785 2438 1840 40.
2486 1786 2550 1838 ’11
2591 1787 2692 1856 τῆς
2741 1785 2893 1850 θείας
2933 1785 3157 1856 Γραφῆς
3193 1785 3460 1857 ὁρθοτάτη
3492 1785 3690 1841 ἔννοια.
3728 1785 3865 1843 Vide

591 1879 796 1934 nitorio
835 1885 1014 1933 exstat
1053 1875 1290 1930 celebris
1347 1875 1437 1928 ille
1486 1874 1676 1937 locus,
1722 1889 1752 1926 a
1792 1873 2180 1927 collectoribus
2215 1853 2252 1906 Β
2283 1892 2469 1946 supra,
2495 1853 2658 1931 num.
2689 1877 2741 1942 9,
2786 1877 2843 1931 in
2876 1853 3199 1932 recensione
3226 1853 3370 1932 'tomi
3410 1879 3450 1933 V
3487 1877 3620 1948 Opp.
3649 1878 3862 1950 Cyrilli.

589 1978 910 2026 catenarum
944 1968 1000 2021 iu
1036 1966 1210 2021 libros
1251 1965 1308 2021 S.
1356 1964 1657 2034 Scriptum
1685 1963 1848 2018 toties
1881 1963 2176 2018 laudatus:

590 2061 664 2114 Οὐ
687 2061 883 2124 πάντα,
905 2060 1006 2112 ὅσα
1033 2057 1284 2125 λέγουσιν
1305 2057 1356 2109 οἱ
1381 2056 1670 2127 αἱρετικοὶ,
1693 2055 1914 2123 φεύγειν
1937 2057 2032 2108 καὶ
2051 2073 2182 2124 παρ·

587 2150 861 2205 αιτεῑσθαι
887 2151 992 2220 χρή
1016 2165 1032 2180 °
1075 2148 1194 2202 Non
1227 2149 1426 2210 omnia,
1463 2163 1580 2217 qua:
1611 2147 1791 2200 dicunt
1817 2146 2066 2208 haeretici,
2101 2145 2182 2214 fu-

587 2242 779 2313 gienda
823 2251 872 2295 et
909 2239 1237 2310 repudianda
1271 2247 1430 2300 sunt;
1471 2237 1640 2292 mima
1683 2239 1823 2291 enim
1862 2237 2181 2308 proﬁtentur

587 2348 707 2404 quae
733 2348 826 2386 nos
851 2331 1012 2384 etiam
1043 2327 1373 2400 proﬁtemur.
1421 2327 1580 2383 FABR.

659 2422 837 2480 Paris.
874 2421 930 2478 in
979 2420 1116 2474 bibl.
1153 2419 1306 2488 publ.
1339 2418 1464 2473 cod.
1511 2417 1900 2480 DCCCLXXX,
1949 2435 2004 2472 ιι.
2043 2420 2096 2483 7,
2124 2425 2182 2474 et

588 2514 714 2570 cod.
753 2512 1070 2576 MCCCVIII,
1095 2527 1150 2564 ιι.
1193 2511 1248 2574 5,
1277 2518 1440 2579 atque
1482 2509 1587 2564 alia
1617 2509 1912 2580 Cyrilliaua
1947 2525 2001 2562 ιι.
2034 2509 2089 2573 2,
2123 2511 2178 2573 4,

589 2604 644 2670 6,
679 2605 732 2658 7.
765 2602 933 2657 ΗΑιιι..

665 2696 756 2752 51.
795 2696 922 2751 Ἐπὶ
954 2696 1170 2766 μικροῖς
1197 2693 1388 2756 σιτίοις
1411 2690 1660 2754 πολλούς.
1694 2691 1960 2760 Prologus
1987 2691 2052 2747 ad
2079 2692 2180 2746 ho-

589 2789 797 2844 miliam
831 2788 1145 2859 paschalem
1176 2803 1285 2841 xix.
1312 2785 1468 2841 Tom.
1503 2785 1566 2848 V,
1617 2795 1772 2854 parte
1805 2800 1861 2846 ιι,
1893 2800 1948 2853 p.
1983 2784 2106 2838 247.

655 2883 744 2936 52.
764 2880 1068 2951 Ἑταράχθη
1093 2878 1214 2932 λίαν
1260 2881 1293 2950 ἡ
1331 2879 1462 2946 ἁγία
1493 2877 1736 2938 σύνοδος.
1760 2872 2002 2946 Epistola
2020 2877 2090 2931 25
2109 2876 2178 2930 ad

1317 2967 1794 3039 Constantinopol.
1863 2967 2018 3022 Tom.
2089 2969 2131 3023 V
2161 3009 2176 3033 ,

587 3077 742 3138 parte
768 3083 828 3131 ιι,
854 3081 909 3136 p.
937 3063 1027 3128 90,
1059 3079 1126 3118 ex
1155 3070 1308 3134 parte
1341 3077 1379 3116 ιι
1423 3061 1611 3116 Actor.
1642 3059 1834 3132 synodi
1868 3059 2174 3130 Ephesium.

590 3158 746 3213 Tom.
783 3157 805 3213 l
847 3156 1012 3221 Binii,
1054 3172 1109 3226 p.
1151 3154 1276 3209 293.
1316 3153 1475 3210 Ριωι.

539 3303 542 3307 λ
661 3251 719 3306 1n
748 3249 870 3306 cod.
893 3248 1096 3304 Caesar.
1131 3245 1368 3301 LXXVII
1397 3245 1544 3315 (cum
1570 3244 1762 3300 multis
1801 3243 1929 3298 aliis
1957 3242 2168 3315 Cyrill.)

586 3360 645 3398 ιι.
685 3342 777 3396 50.
811 3341 876 3395 V.
908 3340 1190 3403 Lambec.,
1230 3338 1320 3402 111,
1357 3353 1410 3407 p.
1448 3337 1572 3391 388.
1613 3336 1781 3391 ΗΑιιι..

656 3434 746 3487 55.
779 3431 1017 3493 Εὑσεϐὲς
1059 3431 1340 3506 οἑσπισμα
1389 3431 1446 3480 ὲν
1482 3428 1611 3498 τῇδε
1654 3430 1720 3497 τῇ
1765 3426 2028 3496 Ἐφεσίων
2069 3444 2172 3498 μη-

585 3522 864 3597 τροπόλιι.
916 3522 1182 3583 Libellus,
1232 3536 1262 3574 a
1311 3519 1517 3590 Cyrillo
1565 3517 1719 3572 Alex.
1773 3525 1830 3572 et
1861 3518 2168 3582 Memnone,

587 3613 789 3686 Ephesi
822 3611 1104 3682 episcopo,
1129 3608 1347 3664 oblatus
1369 3606 1659 3676 Ephesium
1683 3604 1911 3676 synodo.
1948 3605 2006 3658 In
2043 3619 2171 3673 par-

589 3718 644 3763 te
670 3722 709 3760 ιι
749 3705 936 3760 Actor.
969 3700 1162 3773 synodi
1191 3699 1504 3769 Ephesium,
1541 3707 1672 3752 tom.
1703 3696 1724 3750 I
1762 3695 1926 3758 Binii,
1957 3711 2012 3764 p.
2043 3695 2166 3750 242.

587 3807 648 3855 et
678 3796 824 3869 apud
852 3793 1042 3849 Baluz.
1077 3808 1130 3862 p.
1168 3790 1270 3846 498
1301 3805 1456 3845 novae
1487 3788 1716 3845 Collect.
1743 3787 2027 3843 concilior.

659 3890 748 3943 54.
795 3882 1290 3954 Εὐφραινέσθωσαν
1317 3882 1365 3934 οἱ
1413 3879 1652 3951 οὐρανοὶ,
1697 3879 1790 3932 καὶ
1824 3875 2172 3946 ἁγαλλιάσθω

589 3985 625 4054 ἡ
654 3982 745 4052 γῆ.
780 3978 1023 4049 Epistola
1045 3976 1135 4039 54,
1167 3973 1235 4029 ad
1262 3973 1419 4028 Joan.
1437 3971 1845 4028 Antiochenum
1865 3969 2049 4042 (missa
2070 3984 2170 4040 per

589 4073 841 4137 Paulum,
875 4071 1207 4126 Emescuum
1241 4064 1612 4140 episcopum),
1647 4074 1778 4120 tom.
1823 4064 1889 4129 V,
1916 4072 2072 4134 parte
2110 4078 2170 4128 ιι,

589 4183 645 4237 p.
688 4163 938 4228 101-109,
987 4178 1055 4216 ex
1090 4170 1247 4232 parte
1289 4175 1349 4214 ιιι
1386 4159 1572 4214 Actor.
1626 4157 1819 4229 synodi
1857 4155 2168 4226 Ephesium,

590 4275 645 4331 p.
679 4256 804 4312 428.
840 4256 1029 4310 Exstat
1079 4262 1135 4307 et
1174 4253 1227 4306 in
1273 4251 1424 4306 Actis
1467 4249 1662 4322 synodi
1709 4247 2171 4304 Chalcedonensis

592 4357 726 4403 tom.
757 4347 802 4402 ll
832 4343 998 4408 Binii,
1034 4359 1156 4414 pag.
1206 4341 1296 4406 68,
1333 4351 1388 4395 et
1413 4356 1480 4395 ex
1507 4338 1682 4394 veteri
1726 4337 1979 4393 versione
2024 4335 2169 4408 apud

587 4440 772 4495 Baluz.
821 4454 875 4509 p.
913 4437 1035 4493 591.
1079 4436 1206 4490 Haec
1239 4445 1324 4490 est
1381 4434 1471 4488 illa
1513 4433 1799 4488 notissima
1833 4431 2020 4503 Cyrilli
2055 4429 2171 4501 epi-

2350 1968 2439 2021 41.
2475 1968 2734 2038 Ηύχόμην
2757 1968 2855 2038 μὲν
2880 1970 2992 2032 τοῖς
3017 1967 3126 2020 τῶν
3149 1969 3628 2039 εὐδοκιμησάντων
3665 1969 3862 2040 ῐχνεσι.

2282 2059 2522 2129 Epistola
2554 2060 2621 2114 ad
2677 2061 3017 2125 Iuvenalem,
3057 2061 3468 2132 Ilierosolymit.
3518 2062 3861 2132 episcopum.

2283 2151 2439 2204 Tom.
2503 2153 2563 2214 V,
2606 2161 2764 2220 parte
2812 2169 2869 2216 ιι,
2905 2168 2960 2222 p.
3014 2153 3208 2216 65-67,
3247 2168 3315 2207 ex
3354 2161 3559 2223 parte!
3599 2153 3863 2208 Actorum

2281 2240 2499 2294 concilii
2558 2240 2846 2309 Ephesini,
2888 2251 3022 2295 tom.
3077 2241 3094 2294 1
3157 2240 3335 2305 Binii,
3393 2256 3449 2310 p.
3491 2240 3612 2293 147.
3666 2239 3864 2311 [Mausi

2283 2339 2415 2383 tom.
2449 2329 2536 2390 IV,
2573 2345 2628 2398 p.
2664 2329 2820 2393 1057,
2853 2338 2909 2384 et
2945 2329 3063 2383 Lat.
3099 2339 3232 2383 tom.
3258 2329 3326 2392 V,
3353 2345 3408 2398 p.
3438 2329 3562 2383 521.
3598 2327 3792 2400 11Αιιι..]

2349 2420 2439 2474 42.
2483 2421 2614 2474 ’ἰδοὺ
2660 2420 2724 2492 δὴ
2771 2422 2932 2474 πάλιν
2977 2424 3005 2475 6
3044 2424 3142 2490 τῆς
3173 2421 3347 2488 ’ἁγίας
3381 2420 3596 2490 ἑορτῆς.
3628 2420 3865 2476 Homilia

2281 2509 2553 2579 paschalis
2591 2525 2738 2564 xxix.
2773 2509 2928 2562 Tom.
2955 2511 3018 2573 V,
3053 2519 3208 2579 parte
3239 2525 3296 2573 ιι,
3330 2524 3384 2578 p.
3421 2507 3681 2562 555-542.

2349 2603 2437 2656 45.
2488 2603 2649 2672 ἰεροὶ
2703 2605 2803 2673 μὲν
2855 2603 3063 2658 ἄνωθεν
3112 2603 3389 2673 ὑμνήκασι
3433 2601 3600 2668 λόγοι.
3629 2601 3868 2659 llomilia

2282 2709 2369 2748 xlv
2397 2696 2689 2764 paschalis.
2723 2696 2880 2750 Tom.
2913 2696 2979 2759 V,
3009 2703 3165 2765 parte
3209 2709 3269 2757 ιι,
3304 2709 3427 2764 pag.
3459 2692 3719 2747 187-198.

2357 2783 2448 2836 44.
2481 2784 2590 2836 Καὶ
2622 2783 2798 2846 ἄλλως
2839 2784 3010 2854 ἡδέως
3049 2783 3192 2853 ὁρῶν
3222 2784 3346 2846 τοὺς
3379 2781 3620 2851 ἀγαθοὺς
3647 2782 3862 2846 παῖδας.

2280 2875 2520 2945 Epistula
2566 2875 2633 2929 ad
2666 2874 2946 2946 Optimum
2994 2874 3334 2944 episcopum,
3376 2874 3432 2927 in
3473 2873 3609 2928 illud
3659 2873 3863 2932 Cenes.

2281 2985 2353 3032 IV,
2393 2968 2460 3022 15
2491 2986 2504 3021 :
2538 2966 2718 3022 Omnis
2761 2968 2852 3038 qui
2879 2967 3121 3020 occiderit
3151 2965 3306 3030 Cain,
3342 2969 3399 3020 in
3433 2967 3729 3038 septuplum
3762 2984 3863 3037 pu-

2284 3062 2478 3114 nietur.
2529 3058 2660 3126 Quae
2705 3059 2892 3114 Graece
2930 3066 2986 3111 et
3020 3057 3213 3112 Latine
3260 3066 3438 3113 exstat
3493 3059 3547 3113 iu
3585 3058 3865 3116 Chronico

2205 3184 2249 3241 ε
2282 3149 2829 3241 Alexandrino,_pag.
2880 3148 3119 3241 568-577
3156 3149 3310 3241 edit.
3367 3149 3603 3241 Matthzei
3661 3151 3865 3208 Raderi

2284 3239 2578 3311 (Monachii
2607 3239 2764 3305 1621,
2797 3239 2943 3310 ιιι-4)
2974 3247 3031 3293 et
3061 3239 3115 3293 in
3141 3239 3332 3311 Cangii
3367 3239 3631 3305 editione,
3655 3258 3708 3312 p.
3733 3243 3860 3300 241.

2280 3333 2575 3388 F.tnn.-—In
2606 3331 2766 3386 codd.
2797 3331 3000 3386 Caesar.
3027 3331 3210 3394 LXIV,
3243 3349 3297 3386 ιι.
3324 3332 3422 3398 18;
3449 3332 3655 3398 LXVII,
3688 3351 3741 3388 ιι.
3769 3335 3860 3390 55.

2279 3422 2472 3487 LXIX,
2496 3439 2552 3476 ιι.
2582 3423 2671 3488 5.;
2708 3421 2918 3486 LXXV,
2953 3437 3010 3476 ιι.
3047 3423 3097 3486 1,
3126 3422 3242 3478 haec
3269 3425 3433 3494 epist.
3459 3424 3730 3479 tribuitur
3761 3427 3865 3482 Ba-

2280 3516 2404 3569 silio
2436 3515 2506 3569 Μ.
2540 3515 2604 3569 V.
2655 3513 2911 3568 Lambec.
2963 3513 3054 3578 111,
3092 3529 3147 3583 p.
3178 3514 3305 3578 298,
3337 3515 3612 3586 pracipue
3639 3518 3863 3574 Kollarii

2281 3613 2486 3670 notam,
2520 3620 2574 3674 p.
2610 3603 2735 3667 554,
2777 3604 2915 3669 545;
2955 3620 3143 3660 —nec
3178 3621 3286 3659 non
3317 3605 3371 3659 in
3416 3606 3521 3660 vol.
3547 3608 3611 3672 V,
3645 3624 3700 3678 p.
3731 3608 3860 3675 313,

2280 3696 2337 3750 in
2366 3695 2490 3751 cod.
2517 3694 2670 3759 CCL,
2698 3711 2756 3749 ιι.
2791 3695 2843 3749 8.
2882 3695 3046 3749 11Αιιι..

2350 3788 2439 3842 45.
2473 3787 2679 3858 Καιρὸν
2721 3787 2888 3840 παντὶ
2929 3787 3237 3856 πράγματι.
3290 3787 3524 3843 Iiomilia
3557 3806 3589 3843 v
3627 3791 3863 3859 pascha-

2278 3879 2366 3934 lis.
2392 3879 2550 3933 Tom.
2583 3879 2650 3943 V,
2685 3885 2840 3948 parte
2865 3895 2926 3942 ιι,
2962 3892 3091 3948 pag.
3119 3879 3302 3934 45-60.

2350 3972 2438 4026 46.
2476 3971 2672 4034 Καλὸν,
2696 3971 2777 4034 ὡς
2815 3970 2981 4032 ἔοικε,
3027 3967 3226 4040 μᾶλλον
3256 3972 3314 4025 δὲ
3357 3973 3456 4043 ἠδη
3490 3974 3700 4044 καιρός.
3744 3973 3862 4030 Ho-

2280 4063 2431 4119 nilia
2465 4079 2560 4116 xm
2589 4061 2880 4132 paschalis.
2923 4061 3080 4115 Tom.
3119 4062 3183 4126 V,
3217 4071 3372 4131 parte
3412 4080 3471 4125 ιι,
3506 4080 3561 4133 p.
3596 4064 3859 4122 177-180.

2349 4157 2438 4210 47.
2477 4153 2940 4224 Καταφλυαροῦσι
2971 4153 3090 4223 μὲν,
3115 4155 3190 4217 ὡς
3216 4155 3399 4208 ἀκούω
3431 4157 3521 4227 (al.
3552 4158 3858 4227 μανθάνω).

2278 4247 2521 4318 Epistola
2541 4247 2594 4310 4,
2630 4245 2700 4300 ad
2744 4245 3059 4300 Nestorium
3108 4245 3186 4316 (ιι)
3237 4246 3443 4316 scripta
3500 4247 3564 4302 A.
3620 4247 3682 4304 C.
3730 4249 3856 4303 450.

2279 4340 2434 4394 Τοιιι.
2465 4339 2530 4403 V,
2559 4347 2714 4408 parte
2732 4352 2790 4400 ιι,
2813 4351 2866 4406 p.
2905 4335 3092 4399 22-25,
3129 4352 3195 4390 ex
3216 4347 3408 4407 partet
3431 4339 3615 4394 Actor.
3635 4341 3858 4396 concilii

2279 4429 2563 4500 Ephesini,
2605 4438 2644 4482 t.
2682 4429 2886 4492 lBinii,
2918 4444 3040 4498 pag.
3059 4429 3176 4482 120.
3204 4430 3534 4484 Exstatetin
3555 4431 3706 4486 Actis
3721 4449 3857 4488 con-

587 4529 728 4584 stola
778 4526 846 4581 de
892 4525 1150 4580 Ecclesia:
1202 4539 1354 4593 pace,
1392 4523 1597 4593 scripta
1636 4522 1700 4576 Α.
1737 4521 1796 4576 C.
1838 4523 1961 4576 455.
2002 4522 2164 4587 Ibid.,
2201 4541 2244 4597 ι)
2281 4522 2400 4578 cilii
2429 4519 2918 4584 Chalcedonensis,
2955 4529 3088 4574 tom.
3111 4522 3315 4591 ll,pag.
3335 4521 3420 4586 60,
3449 4532 3506 4577 et
3543 4538 3670 4577 cum
3701 4523 3854 4580 Marii

588 4636 712 4691 pag.
737 4615 858 4672 786.
887 4617 1202 4671 'I‘illemont.
1235 4625 1368 4670 tom.
1395 4614 1533 4676 XIV,
1565 4629 1686 4682 pag.
1726 4613 1829 4667 545
1859 4628 1972 4691 seq.
2007 4613 2166 4667 qua.

657 4711 852 4766 Venet.
909 4708 968 4760 in
1014 4706 1138 4761 cod.
1193 4705 1358 4759 Marc.
1425 4704 1564 4757 Bibl.
1602 4702 1890 4759 CCCCLX.
1936 4704 1999 4757 V.
2047 4703 2164 4760 Cat.

583 4801 737 4857 codd.
776 4798 868 4856 Gr.
907 4797 1096 4863 Mora,
1120 4811 1175 4866 p.
1203 4795 1328 4849 274.
1363 4795 1532 4850 11Αιιι.

657 4893 746 4948 55.
817 4889 1046 4960 Ἰἰθικὴν
1112 4887 1388 4956 ὑφήγησιν
1441 4887 1471 4939 ὁ
1514 4885 1672 4953 λόγος
1721 4886 1853 4956 ἡμῖν
1905 4883 2164 4954 εἰσφέρει.

587 4985 853 5055 Prologus
883 4983 952 5037 ad
1001 4978 1284 5034 homiliam
1318 4976 1632 5048 paschalem
1683 4991 1868 5029 xxvm.
1907 4974 2064 5028 Tom.
2099 4975 2163 5039 V,

586 5088 743 5150 parte
779 5093 837 5140 ιι,
874 5091 928 5146 p.
963 5073 1086 5128 326.

2269 4613 2591 4670 Mercatoris
2621 4612 2877 4668 versione
2933 4613 2988 4667 iu
3045 4622 3176 4667 tom.
3228 4613 3272 4667 11
3334 4613 3677 4677 lci-caloris,
3719 4616 3854 4669 edit.

2267 4705 2625 4761 Carnerianaa
2669 4718 2726 4774 p.
2755 4704 2844 4768 45,
2889 4714 2946 4759 et
2973 4705 3117 4774 apud
3146 4705 3429 4760 Baluzium
3470 4723 3526 4776 p.
3561 4707 3665 4762 658
3697 4706 3860 4762 Nova.-

2275 4797 2496 4852 Collect.
2551 4794 2847 4860 conciliat,
2879 4804 2935 4850 et
2979 4812 3046 4851 ex
3099 4798 3206 4851 alia
3263 4797 3522 4853 versione
3580 4799 3756 4853 veteri
3800 4798 3859 4854 in

2263 4887 2558 4943 collatione
2602 4896 2753 4940 sexta
2783 4888 2975 4958 synodi
3017 4905 3070 4951 v,
3119 4895 3253 4942 tom.
3299 4889 3342 4944 Il
3394 4888 3558 4952 Binii,
3591 4900 3746 4959 parte
3795 4907 3854 4955 ιι,

2268 4996 2323 5050 p.
2361 4979 2454 5033 91.

2342 5071 2430 5124 48.
2475 5069 2849 5140 Κατηραμένη
2895 5069 2966 5138 γῆ
3007 5071 3065 5122 ὲν
3120 5071 3234 5132 τοῖς
3289 5070 3473 5141 εργοις
3511 5070 3607 5124 τοῦ
3661 5072 3855 5143 Ἀδάμ.

655 5169 742 5223 56.
792 5168 970 5238 Ἦμας
1007 5164 1195 5219 ἐνθάδε
1245 5163 1554 5234 συνήγαγεν
1589 5162 1618 5214 ὁ
1657 5161 1871 5231 καιρός.
1903 5159 2168 5228 Prologus

2277 5161 2406 5215 Vide
2437 5176 2627 5233 supra,
2655 5176 2808 5215 num.
2839 5160 2931 5224 24,
2972 5160 3028 5214 in
3064 5161 3386 5216 recensione
3423 5161 3557 5216 torni
3590 5163 3683 5217 VII
3709 5162 3853 5234 Opp.

583 5262 652 5315 ad
685 5260 970 5314 homiliam
1020 5257 1334 5329 paschalcm
1402 5271 1509 5308 xvt.
1578 5253 1736 5308 Tom.
1791 5253 1858 5316 V,
1910 5261 2067 5322 parte
2108 5265 2165 5314 ιι,

585 5371 640 5424 p.
681 5353 806 5407 210.

2267 5253 2478 5326 Cyrilli.

2339 5347 2429 5400 49.
2457 5346 2820 5417 Κεχρήσομαι
2849 5345 3013 5399 πάλιν
3040 5347 3162 5407 ταῖς
3185 5345 3283 5398 τοῦ
3317 5347 3608 5417 μακαρίου.
3662 5347 3858 5402 Homi-

654 5445 742 5498 37.
791 5445 856 5498 '11
889 5443 988 5514 μὲν
1023 5443 1142 5497 θεία
1173 5441 1269 5495 καὶ
1315 5439 1612 5511 ἀκήρατος.
1661 5435 2051 5506 Apologetieus
2096 5433 2165 5487 ad

2277 5436 2346 5492 lia
2375 5453 2501 5491 xxxv
2526 5437 2819 5506 paschalis.
2847 5435 3003 5490 Tom.
3038 5435 3105 5500 V,
3140 5443 3299 5504 parte
3337 5451 3397 5499 ιι,
3430 5451 3486 5504 p.
3517 5435 3783 5491 286-295.

587 5536 719 5607 inp.
748 5535 1117 5592 Theodosium
1151 5535 1456 5590 Juniorem.
1489 5531 1626 5587 Vide
1659 5545 1847 5598 supra,
1882 5542 2036 5582 num.
2072 5526 2163 5591 20,

588 5627 642 5682 in
674 5629 996 5685 recensione
1036 5627 1170 5682 tomi
1200 5626 1292 5680 VII
1324 5626 1464 5696 Opp.
1496 5623 1708 5696 Cyrilli.

653 5720 742 5774 38.
783 5721 849 5772 '11
899 5720 997 5791 μὲν
1039 5718 1295 5780 ὑπόθεσις
1324 5717 1408 5785 ἐφ’
1521 5716 1614 5768 καὶ
1648 5713 1762 5768 νῦν.
1795 5711 2062 5783 Prologus
2095 5710 2162 5765 ad

660 5830 736 5895 (α)
771 5831 909 5889 Vide
943 5831 1258 5887 Tillemont.
1288 5840 1420 5886 tom.
1447 5829 1592 5895 XIV,
1613 5843 1669 5894 ι).
1696 5826 1799 5882 557
1826 5840 1944 5894 seq.

2345 5528 2432 5583 50.
2460 5528 2818 5598 Κεχρήσομαι
2848 5527 3010 5580 πάλιν
3037 5528 3157 5588 ταῖς
3182 5525 3278 5578 τοῦ
3319 5526 3596 5595 πανσόφου
3641 5526 3862 5583 Παύλου

2274 5623 2501 5690 φοναῖς.
2536 5617 2738 5673 Ilomil.
2767 5635 2890 5672 xxvi
2924 5617 3217 5688 paschalis.
3251 5618 3389 5672 Ibid.
3428 5619 3480 5682 4,
3509 5635 3563 5688 p.
3589 5618 3856 5674 302-312.

2344 5713 2452 5767 50⁸.
2483 5711 2729 5784 Λαμπρᾶ
2781 5712 2881 5783 τῆς
2933 5709 3215 5782 παρούσης
3256 5711 3450 5782 ἑορτῆς
3484 5713 3518 5781 ἡ
3573 5712 3837 5776 ὑπόθεσις
