4120 6516
628 352 696 404 7-5
1870 353 2149 416 ΝΟΤΠῘΙΑ
2190 354 2196 408 l

2322 355 2655 411 FABRICIO.
3811 352 3880 404 7G

623 471 858 538 φύσεως.
896 467 1030 523 Vide
1063 483 1228 539 supra
1283 481 1436 520 num.
1468 465 1538 519 25
1569 465 1624 519 in
1679 465 1996 520 recensione
2060 467 2191 520 torni

2369 471 2455 524 89.
2486 473 2566 526 Τὰ
2595 472 2820 542 λαμπρὰ
2852 472 2943 524 καὶ
2989 471 3201 540 μεγάλα
3252 469 3359 524 τῶν
3409 467 3879 541 mammam.

625 560 714 616 \‘ll
745 560 880 632 Opp.
909 560 1114 632 Cyrilli.

694 655 780 708 77.
822 653 1020 706 [lauat
1054 653 1173 706 καο’
1204 651 1362 722 ἡμῶν
1394 650 1679 719 γεγόνασιν
1717 650 1900 702 ἐκεῖσε
1927 648 2189 703 διαϐολαί.

623 746 862 816 Epistula
904 744 1008 810 26,
1060 744 1127 798 ad
1165 743 1476 812 episcopos,
1525 741 1983 810 TheOpemptum,
2038 740 2199 794 Pota-

624 854 840 894 monem
909 845 965 890 et
1025 835 1338 898 Danielem,
1419 831 1892 901 Constantinopoli
1955 841 2196 902 agentes.

624 929 778 983 Tum.
829 929 892 992 V,
941 934 1095 996 parte
1159 941 1220 988 ιι,
1272 940 1326 994 p.
1363 924 1453 988 91,
1495 941 1562 978 ex
1591 932 1746 994 parte
1776 940 1812 978 ιι
1842 924 2029 978 Actor.
2073 938 2201 978 con-

624 1020 731 1074 cilii
764 1018 1047 1088 Ephesini,
1082 1015 1256 1071 tom.l
1288 1015 1451 1080 Binii,
1476 1031 1530 1084 p.
1570 1015 1695 1070 297.

690 1110 776 1164 78.
804 1107 976 1180 Πολλὴ
1017 1107 1114 1179 μὲν
1175 1106 1296 1158 λίαν
1345 1108 1378 1176 ἡ
1431 1105 1669 1170 σύνοδος.
1712 1105 1947 1160 Humilia
1985 1107 2064 1168 εἰς
2100 1105 2198 1176 τὴν

625 1200 882 1272 ὓπαντὴν,
943 1201 1000 1254 in
1038 1216 1312 1254 occursum
1366 1197 1598 1263 Domini,
1659 1196 1806 1252 edita
1854 1197 2095 1267 primum
2130 1196 2199 1251 ab

623 1295 867 1348 Aubcrto
896 1306 1045 1347 cms.
1084 1291 1254 1360 regio.
1285 1290 1442 1343 Tom.
1476 1289 1542 1353 V,
1565 1298 1720 1358 parte
1747 1303 1892 1357 u,,p.
1918 1287 2192 1342 585-392.

624 1388 781 1441 han.
2022 1445 2028 1452 ι

690 1476 939 1533 Venetiis
973 1475 1030 1528 in
1061 1473 1184 1530 cod.
1236 1471 1484 1527 Naniano
1529 1469 1777 1535 LXlll,n.
1814 1471 1866 1533 7,
1906 1471 2064 1524 Ποιιι.
2117 1471 2198 1533 εἰς

627 1571 715 1641 τὴν
740 1569 984 1637 ὑπάντην
1003 1564 1096 1618 τοῦ
1130 1565 1355 1634 Κυρίου,
1391 1571 1498 1616 etc.
1524 1562 1743 1632 Incipit,
1770 1563 1940 1633 Χαῖρε
1967 1563 2192 1634 σφόδρα,

621 1662 861 1730 θύγατερ
918 1658 1081 1712 Σιών.
1109 1656 1199 1710 Sic
1227 1654 1419 1723 incipit
1449 1668 1667 1723 quoque
1697 1653 1753 1706 in
1782 1653 1905 1707 cod.
1931 1653 2192 1707 Laurent.

621 1751 782 1816 XVII,
816 1766 872 1803 ιι.
902 1748 990 1802 52.
1021 1747 1161 1817 plut.
1184 1745 1253 1809 9;
1283 1743 1375 1796 sed
1403 1743 1476 1796 ibi
1516 1742 1779 1796 tribuitur
1825 1741 2025 1813 Cyrillo
2063 1743 2193 1798 Ilie-

2302 561 2544 632 Epistola
2573 561 2663 627 25,
2705 561 2772 615 ad
2814 562 3022 614 clerum
3051 561 3426 631 populumque
3467 559 3621 614 Alex.
3655 559 3790 613 Tom
3814 560 3884 624 V,

2301 659 2456 723 parte
2477 668 2536 717 ιι,
2569 668 2690 722 pag.
2716 651 2804 716 88,
2841 668 2908 704 ex
2939 660 3095 722 parte
3126 667 3163 704 ιι
3187 649 3449 705 Actorum
3475 649 3666 720 synodi
3697 649 3885 719 Ephe-

2301 746 2454 810 sinze,
2490 755 2622 800 tom.
2665 745 2874 806 lBinii,
2911 760 2964 814 p.
2990 743 3113 796 217.

2369 837 2456 891 90.
2487 835 2566 889 Τὰ
2595 835 2800 907 συνήθη
2834 836 2927 888 καὶ
2957 835 3050 889 νῦν
3078 831 3523 902 ἀναγνωσόμεθα.
3555 831 3882 886 Protheoria

2299 927 2367 983 ad
2425 927 2706 982 homiliam
2745 943 2853 980 xvii
2890 925 3226 996 paschalem.
3295 924 3451 978 Tom.
3490 923 3555 987 V,
3614 933 3767 992 parte
3816 939 3880 990 ιι,

2296 1036 2421 1090 pag.
2453 1020 2578 1074 222.

2369 1113 2458 1166 91..
2489 1113 2600 1182 Τῆς
2625 1114 2704 1175 εἰς
2755 1111 2887 1165 Θεὸν
2937 1111 3028 1182 (al.
3082 1108 3337 1182 Χριστὸν)
3383 1109 3605 1179 ἀγάπης
3658 1110 3758 1181 τὴν
3787 1107 3880 1162 δύο

2297 1221 2480 1274 ναμιν.
2514 1204 2574 1258 1ιι
2605 1203 2895 1266 Joannem,
2937 1201 3341 1256 Antiochenam
3368 1202 3614 1271 episcop.
3646 1200 3882 1271 ἀποσχί-

2298 1312 2488 1356 σαντα,
2517 1295 2636 1348 sive
2676 1293 3112 1358 schismaticum,
3137 1291 3385 1345 humilia.
3429 1291 3586 1345 Tom.
3615 1291 3680 1355 V,
3721 1299 3880 1360 parte

2298 1403 2355 1450 ιι,
2381 1403 2441 1456 p.
2473 1386 2727 1440 561-564.
2763 1385 2821 1439 ln
2851 1384 3064 1438 Latinis
3092 1383 3436 1438 editionihus
3464 1391 3644 1437 exstat
3669 1397 3701 1437 e
3744 1398 3877 1437 ver-

2297 1479 2449 1533 sione
2493 1477 2655 1531 Wolf.
2693 1476 2960 1540 Museuli;
3003 1475 3100 1529 sed
3144 1475 3422 1529 Auhertus
3479 1474 3702 1529 exhibet
3749 1490 3879 1530 cum

2294 1569 2749 1640 interpretatione
2790 1584 2912 1637 quae
2955 1566 3140 1621 addita
3164 1575 3248 1620 est
3285 1566 3338 1619 in
3376 1574 3531 1635 parte
3579 1582 3616 1620 ιι
3675 1566 3868 1621 Aetor.

2295 1661 2514 1714 concilii
2547 1659 2831 1728 Ephesini,
2862 1666 2995 1711 tom.
3021 1657 3042 1710 l
3067 1656 3231 1719 Binii,
3255 1673 3309 1726 p.
3340 1657 3469 1710 254.

2365 1751 2453 1806 92.
2480 1751 2592 1820 Τῆς
2623 1749 2944 1812 Θεοσεϐείας
2966 1748 3121 1818 ὑμῶν
3164 1747 3254 1801 τὸν
3291 1747 3474 1818 ζῆλον.
3516 1748 3759 1817 Epistula
3785 1747 3876 1811 17,

620 1840 1032 1913 rosulymitano,
1081 1847 1138 1891 Cl.
1174 1844 1396 1904 recepta
1439 1841 1523 1887 ρει
1561 1833 1704 1886 inter
1745 1833 1931 1905 Cyrilli
1976 1835 2190 1888 Hieros.
2228 1835 2267 1888 Β
2296 1844 2519 1898 nomine
2554 1841 2744 1913 synodi
2774 1841 2929 1895 Alex"
2957 1841 3024 1894 ad
3065 1841 3363 1894 monachos
3400 1839 3876 1910 Constantinopo],

618 1951 746 2004 upp.
773 1932 906 1987 edit.
942 1930 1165 1984 Thurina:
1202 1927 1395 1990 Milles,
1421 1940 1474 1995 p.
1504 1925 1628 1978 518.
1655 1927 1716 1979 V.
1755 1927 1986 1980 Bandin.
2011 1926 2188 1982 Catal.

615 2027 766 2080 codd.
799 2024 962 2078 Laur.
990 2023 1030 2087 1,
1060 2038 1115 2092 p.
1147 2020 1270 2074 419.
1302 2019 1364 2073 In
1423 2017 1546 2072 cod.
1599 2029 1781 2072 autem
1811 2018 2006 2083 XXXI,
2042 2036 2096 2074 ιι.
2138 2019 2190 2082 8,

616 2121 756 2192 plut.
784 2118 870 2183 60,
919 2115 1218 2171 ascribitur
1253 2111 1458 2184 Cyrillo
1488 2111 1808 2178 Alexandr.;
1849 2120 1906 2166 et
1959 2113 2191 2166 Bandin.

610 2213 654 2266 1.
685 2227 760 2274 c.,
796 2226 851 2278 p.
879 2207 1003 2271 412,
1042 2207 1288 2270 adnotat,
1327 2205 1583 2260 eumdem
1620 2219 1740 2258 esse
1779 2218 2108 2268 sermonem,
2133 2220 2196 2257 ac

617 2305 713 2374 qui
748 2304 806 2357 in
838 2300 1131 2371 superiore
1176 2297 1298 2352 cod.
1339 2298 1562 2368 legitur.
1618 2295 1764 2350 ldem
1811 2310 1995 2349 sermo
2054 2294 2193 2348 assi-

607 2403 817 2465 gnatur
843 2389 1217 2463 CyrilluAlex.
1251 2389 1306 2443 in
1339 2387 1473 2444 Cod.
1530 2387 1728 2441 Cresar.
1768 2385 1995 2450 CXLVI,
2022 2403 2077 2440 ιι.
2108 2387 2194 2450 17,

617 2495 809 2540 contra
833 2482 1036 2554 Cyrillo
1066 2478 1423 2549 llierosolym.
1453 2478 1509 2531 in
1537 2476 1659 2531 cod.
1695 2475 1788 2540 Kl,
1824 2492 1878 2529 ιι.
1913 2477 2039 2540 7,et
2063 2475 2193 2540 CLI,

617 2593 676 2634 ιι.
708 2577 795 2630 56.
829 2577 893 2630 V.
928 2573 1181 2628 Lambec.
1215 2569 1416 2625 Comm.
1445 2569 1533 2634 ιγ,
1575 2569 1697 2634 260,
1729 2577 1785 2623 et
1829 2567 1965 2632 Vlll,
1993 2584 2046 2638 p.
2073 2568 2194 2632 156,

617 2683 682 2723 ac
711 2684 765 2738 p.
798 2667 923 2720 507.
957 2666 1122 2720 Ηιιιιι..

689 2759 776 2813 79.
834 2758 1160 2827 Πολυμερῶς
1225 2757 1320 2810 καὶ
1385 2752 1738 2825 πολυτρόπως
1790 2753 1820 2804 ὁ
1875 2749 1985 2803 τῶν
2058 2747 2198 2802 ὅλων

615 2851 770 2914 Θεός.
805 2849 1039 2904 Humilia
1070 2865 1138 2903 xx
1187 2845 1479 2920 paschalis.
1515 2843 1671 2899 Tom.
1721 2843 1785 2910 V,
1844 2850 1999 2913 parte
2047 2857 2107 2905 ιι,
2139 2855 2194 2912 p.

616 2943 881 2998 257-26-1.

705 3036 792 3089 80.
835 3035 876 3086 11
888 3035 1048 3105 ρέπον
1075 3031 1224 3103 οἶμαι
1254 3031 1348 3085 καὶ
1377 3028 1472 3083 νῦν
1503 3031 1697 3082 εἰπεῖν.
1731 3027 1974 3099 Epistula
2006 3026 2096 3092 29,
2129 3025 2196 3080 ad

615 3123 1027 3185 Maximianum,
1059 3122 1379 3191 episcopum
1405 3118 1878 3188 Constantinopul.
1925 3117 2080 3171 Tom.
2130 3116 2195 3179 V,

2296 1933 2453 1988 Tum.
2495 1933 2560 1996 V,
2587 1941 2740 2002 parte
2771 1948 2829 1996 ιι,
2868 1948 2923 2001 p.
2971 1931 3038 1985 80
3070 1947 3212 2000 seq.,
3247 1947 3315 1984 ex
3366 1941 3519 2001 parte
3562 1947 3578 1984 ι
3610 1932 3873 1986 Actorum

2295 2023 2515 2082 concilii
2547 2023 2837 2093 Ephesini,
2878 2030 3012 2076 tum.
3047 2022 3068 2076 1
3103 2021 3270 2085 Binii,
3312 2037 3366 2092 p.
3397 2021 3519 2076 158.

2327 2136 2339 2148 ·
2368 2116 2460 2170 95.
2486 2115 2600 2186 Τῆς
2637 2114 2736 2185 μὲν
2777 2112 2937 2182 ἁγίας
2997 2112 3153 2183 ἡμῶν
3190 2112 3615 2184 ἀναλαμπούσης
3654 2113 3872 2184 ἑορτῆς.

2295 2207 2531 2263 Ilomilia
2561 2223 2613 2260 vi
2645 2206 2934 2276 paschalis.
3007 2205 3168 2260 Tom.
3201 2205 3267 2268 V,
3300 2213 3454 2274 parte
3506 2221 3564 2270 ιι,
3590 2221 3644 2274 p.
3683 2203 3876 2262 60-81.

2363 2300 2451 2353 91.
2485 2298 2595 2368 Τῆς
2625 2297 2721 2367 μὲν
2761 2299 2817 2350 ὲν
2851 2295 3159 2368 ἀνθρώποις
3200 2295 3449 2358 εὐκλείας
3478 2295 3536 2348 τὸ
3581 2294 3876 2350 ἀνώτατον.

2293 2390 2433 2446 Vide
2465 2405 2629 2459 supra
2668 2404 2821 2442 num.
2852 2388 2936 2442 1.1.

2366 2482 2454 2537 95.
2487 2483 2597 2552 Τῆς
2623 2480 2722 2550 μὲν
2747 2480 2983 2550 εὐθύμου
3015 2479 3107 2550 (al.
3135 2479 3398 2550 εὐσήμου)
3436 2479 3526 2532 καὶ
3557 2478 3703 2541 θείας
3722 2479 3877 2548 ἡμῶν

2297 2571 2773 2645 ἑορτῆς.ἰιοιιιίιίιι
2820 2587 2835 2625 ι
2891 2571 3183 2642 paschalis.
3250 2570 3404 2625 Tum.
3457 2571 3522 2635 V,
3591 2579 3749 2643 parte
3808 2585 3875 2633 ιι,

2297 2662 2525 2733 p.1-16.

2367 2752 2455 2808 96.
2488 2753 2599 2824 Τῆς
2639 2753 2738 2824 μὲν
2767 2753 2873 2806 τῶν
2906 2753 3076 2820 ἁγίων
3124 2751 3372 2816 εὐκλείας
3423 2769 3482 2806 τε
3535 2753 3630 2807 καὶ
3673 2751 3859 2822 δόξης.

2299 2843 2552 2909 Humilia,
2589 2843 2732 2899 dicta
2771 2843 2998 2914 Ephesi,
3041 2844 3125 2897 die
3154 2842 3212 2898 S.
3243 2842 3470 2898 Joannis
3516 2843 3876 2914 evangelistw.

2300 2935 2454 2989 Tum.
2523 2935 2586 2998 V,
2621 2944 2774 3004 parte
2801 2951 2859 2998 ιι,
2907 2951 2959 3006 p.
3004 2934 3266 2989 552-354.
3321 2934 3401 2989 Ex
3420 2933 3724 3005 Wolfgangi
3755 2934 3876 2987 Mu-

2300 3026 2436 3081 sculi
2491 3026 2747 3079 versione
2805 3034 2984 3080 exstat
3028 3024 3084 3079 in
3117 3024 3324 3080 Latinis
3370 3024 3563 3096 Cyrilli
3613 3025 3879 3090 editioni-

2301 3116 2422 3170 bus.
2455 3116 2559 3170 Sed
2617 3116 2893 3170 Aubertus
2922 3115 3166 3186 prietulit
3208 3132 3351 3179 eam,
3388 3132 3624 3186 quacum
3677 3117 3880 3186 legitur

611 3224 774 3287 parte
802 3232 860 3278 ιι,
908 3229 961 3284 p.
1010 3213 1194 3276 95-98,
1247 3228 1314 3266 ex
1370 3221 1525 3281 parte
1575 3227 1630 3264 ιιι
1677 3210 1934 3267 Actorum
1975 3209 2194 3265 concilii

2304 3209 2358 3262 in
2383 3221 2536 3278 parte
2564 3224 2619 3262 ιιι
2649 3208 2910 3262 Actorum
2945 3208 3164 3263 concilii
3198 3207 3486 3278 Ephesini,
3532 3218 3662 3261 tum.
3698 3206 3718 3261 1
3778 3207 3874 3260 Bi-

597 3305 907 3376 :Ephcsini,
939 3302 1114 3357 tom.1
1144 3301 1308 3363 Binii,
1333 3316 1384 3370 p.
1418 3300 1544 3353 Ml.

690 3397 778 3450 81.
816 3394 1242 3466 Προσεδοκῶμεν
1299 3392 1522 3445 ἐλθόντα
1545 3391 1636 3444 τὸν
1672 3391 1849 3460 τίμιον
1885 3390 2194 3461 Νεστόριον.

608 3487 867 3559 Ἐρίειοὴι
897 3486 994 3548 20,
1023 3484 1088 3538 ad
1125 3483 1439 3538 Comari-um
1478 3481 1554 3551 (τι)
1591 3490 1647 3535 et
1674 3482 2050 3543 Potamonem,
2079 3481 2198 3549 epi-

622 3594 836 3649 scopus,
881 3586 936 3632 et
984 3575 1330 3639 Dalmatium,
1384 3572 1888 3636 archimandritam,
1931 3584 1987 3627 et
2013 3572 2199 3626 Timo-

608 3672 812 3726 theum
843 3666 1341 3739 atqueEulogium,
1372 3665 1738 3737 presbyteros.
1773 3664 1927 3718 Tom.
1952 3665 2020 3730 V,
2049 3673 2201 3734 parte

622 3779 680 3826 ιι,
712 3780 764 3834 p.
799 3761 988 3823 84-86,
1017 3768 1258 3828 exparte
1294 3774 1329 3811 ιι
1373 3758 1634 3813 Actorum
1677 3757 1867 3829 synodi
1891 3756 2197 3826 Ephesinw,

619 3862 757 3908 tum.
797 3853 817 3906 l
850 3851 1011 3913 Binii,
1045 3850 1249 3920 p.211.

693 3942 781 3996 82.
813 3941 938 4004 Πῶς
971 3943 999 3994 ὁ
1042 3940 1172 4003 Θεὸς
1229 3940 1512 4011 ἁχώρητος
1553 3937 1823 4008 ἐχωρήῦη.
1855 3937 1992 3992 Vide
2034 3951 2198 4006 supra

621 4049 776 4089 num.
803 4032 869 4087 10
899 4031 955 4086 in
981 4030 1301 4086 recensione
1332 4028 1572 4100 Operum
1599 4027 1786 4100 Cyrilli
1820 4038 1966 4082 tumo
1998 4028 2196 4083 Vcon-

624 4133 925 4180 tentorum.

694 4214 783 4269 85.
825 4212 1133 4266 Σαλπίσατε
1190 4209 1456 4277 σάλπιγγι
1504 4209 1561 4261 ὲν
1608 4205 1768 4261 Σιών.
1818 4205 2054 4260 llomilia
2106 4220 2196 4258 vm

621 4306 916 4378 paschalis.
954 4304 1110 4360 Tum.
1143 4302 1209 4368 V,
1237 4311 1393 4373 parte
1419 4319 1480 4365 ιι,
1511 4317 1634 4372 pag.
1670 4298 1896 4355 92-107.

695 4399 780 4452 81.
815 4395 1205 4467 Σεμνολόγημα
1257 4393 1355 4464 μὲν
1412 4391 1809 4463 οἰκουμενικόν.
1850 4389 1986 4446 Vide
2033 4405 2196 4460 supra

622 4505 777 4543 num.
812 4489 898 4541 15.

695 4579 780 4634 85.
808 4579 972 4631 Σκιάν
1003 4579 1100 4643 μὲν
1124 4579 1152 4629 ὁ
1181 4577 1344 4646 νόμος
1377 4575 1488 4644 ἔχει
1517 4574 1627 4626 τῶν
1659 4573 1978 4644 μελλόντων.
2009 4572 2196 4626 Homi-

622 4669 697 4725 lia
723 4684 793 4721 xu
819 4665 1108 4736 paschalis.
1129 4664 1285 4717 Tom.
1321 4649 1386 4726 V,
1418 4671 1570 4731 parte
1600 4678 1657 4726 ιι,
1693 4678 1744 4731 p.
1772 4661 2022 4714 161-177.

692 4759 782 4813 86.
829 4757 1118 4823 Συναλγεῖς
1173 4755 1321 4826 ἡμᾶς
1381 4753 1650 4820 ἀδελφοῖς.
1709 4751 1952 4821 Epistula
1998 4751 2099 4813 58,
2132 4749 2200 4804 ad

620 4851 914 4912 Domnum,
951 4849 1268 4916 episcopum
1296 4845 1622 4900 Antiochen.
1653 4843 1808 4897 .Tom.
1846 4843 1910 4906 V,
1957 4851 2112 4911 parte
2143 4859 2200 4908 ιι,

623 4957 678 5011 p.
707 4938 810 4992 208
838 4954 952 5008 seq.
985 4937 1174 4990 Exstat
1195 4944 1249 4990 et
1275 4937 1418 4990 inter
1454 4934 1719 5004 epistolas
1763 4933 2058 4988 canonicas
2097 4934 2202 4988 Pa-

625 5042 772 5087 trum
802 5045 926 5085 cum
948 5027 1348 5084 commentario
1383 5024 1662 5079 Theodori
1705 5023 2065 5080 Balsamonis.
2103 5024 2220 5096 [γ-

627 5123 693 5176 ad
727 5136 783 5176 τι.
827 5120 952 5194 21.]

694 5214 781 5268 87.
811 5212 1153 5266 Συντέθειται
1194 5211 1288 5264 καὶ
1324 5208 1418 5263 νῦν
1461 5210 1594 5280 ἡμῖν
1623 5210 1652 5261 ὁ
1687 5209 1865 5276 λόγος.
1921 5207 2188 5276 Prologus

625 5304 863 5358 humili-.2
884 5303 1160 5373 paschalis
1195 5318 1342 5356 χχιι.
1377 5301 1536 5357 Τοιιι.
1559 5301 1625 5366 V,
1668 5309 1826 5371 parte
1852 5316 1910 5364 ιι,
1939 5315 1992 5373 p.
2018 5298 2140 5352 555.

696 5393 784 5449 88.
813 5394 895 5444 Τὰ
917 5391 1196 5463 γραφέντα
1222 5391 1374 5459 παρὰ.
1395 5392 1510 5460 τῆςι
1542 5391 1819 5462 ὑμετέρας
1867 5390 2199 5460 τιμιότητος.

627 5487 871 5557 Epistula
905 5501 1008 5546 LXI,
1045 5484 1112 5538 ad
1155 5481 1444 5538 Aurelium
1486 5481 1902 5553 (Augustinum)
1934 5491 1991 5538 ct
2037 5492 2202 5536 cate-

627 5594 718 5632 ros
745 5578 798 5632 in
845 5575 1050 5647 synodo
1099 5571 1560 5642 Carthaginiensi.
1617 5571 1774 5626 Tom.
1811 5572 1876 5634 V,
1933 5581 2086 5642 parte
2142 5589 2200 5634 ιι,

626 5689 682 5742 p.
720 5672 827 5726 212
847 5687 961 5742 seq.

2299 3302 2399 3364 nii,
2435 3318 2489 3371 p.
2527 3301 2651 3355 591.
2705 3300 2949 3354 llabetur
2989 3309 3045 3354 et
3072 3300 3266 3354 Latine
3309 3315 3340 3354 c
3379 3299 3558 3353 veteri
3615 3299 3879 3352 versione

2300 3393 2444 3464 apud
2469 3393 2773 3457 Baluzium,
2829 3410 2882 3462 p.
2934 3392 3038 3446 5-15
3100 3392 3260 3447 Nova?
3314 3390 3530 3447 Collect.
3569 3390 3771 3446 Confer
3810 3392 3882 3446 de

2301 3485 2402 3538 hac
2431 3484 2654 3538 humilia
2689 3483 3119 3548 Tillemontium,
3151 3493 3280 3537 tum.
3312 3483 3450 3546 XIV,
3487 3483 3685 3553 p.155.

2371 3577 2458 3631 97.
2508 3577 2575 3630 Τί
2621 3579 2977 3647 τερπνότερον
3036 3577 3130 3630 καὶ
3186 3578 3238 3629 τί
3298 3575 3555 3648 ἡδύτερον
3592 3579 3702 3638 τοῖς
3734 3575 3884 3644 φιλοο

2302 3667 2464 3731 θέοις.
2506 3668 2743 3724 Humilia
2773 3670 2826 3723 in
2869 3668 2926 3724 S.
2954 3686 3179 3723 orenam.
3205 3668 3361 3723 Tum.
3395 3667 3632 3738 V,parte
3659 3684 3720 3733 ιι,
3754 3684 3879 3738 pag.

2301 3758 2552 3814 560-579.
2577 3760 2735 3814 Edita
2767 3761 3005 3831 primum
3034 3759 3103 3816 ab
3121 3759 3364 3814 Auberto
3393 3774 3424 3814 e
3451 3773 3585 3814 mss.
3622 3758 3792 3830 regiis
3817 3767 3876 3813 et

2303 3849 2547 3904 Vatican.
2577 3851 2735 3904 FABn.

2370 3962 2607 4033 Mosquae
2636 3965 2692 4018 in
2724 3964 2846 4020 cod.
2871 3966 2934 4021 V.
2963 3981 3018 4019 ιι.
3051 3965 3135 4017 17.
3159 3963 3222 4018 V.
3256 3962 3493 4018 Matthmi
3522 3960 3686 4016 Notit.
3715 3962 3870 4014 codd.

2299 4052 2491 4123 Mosq.,
2522 4070 2576 4124 p.
2605 4056 2656 4108 7.
2696 4055 2865 4109 ΗΑιιι..

2369 4163 2458 4218 98.
2499 4165 2625 4228 Τοῖς
2656 4165 2808 4237 παρὰ
2846 4166 2945 4235 τῆς
2986 4165 3086 4233 σῆς
3131 4164 3454 4234 θεοφιλείας.
3496 4165 3738 4236 Epistula
3787 4167 3880 4231 57,

2302 4255 2370 4310 ad
2409 4255 2650 4311 Atticum
2680 4257 2921 4326 episcop.
2963 4257 3118 4311 Tom.
3152 4258 3213 4320 V,
3248 4266 3401 4326 parte
3442 4273 3500 4321 ιι,
3535 4273 3588 4328 p.
3621 4257 3879 4324 204-208,

2299 4359 2368 4398 ex
2398 4343 2692 4414 Kicephori
2719 4360 2828 4410 xw,
2857 4346 2946 4399 27.
2978 4346 3139 4400 Εωιι.

2374 4434 2615 4490 Florent.
2650 4435 2706 4489 in
2754 4435 2877 4491 cod.
2935 4435 3195 4492 Laurent.
3245 4435 3361 4500 ΧΠ,
3407 4436 3545 4506 plut.
3590 4438 3642 4500 6,
3692 4452 3750 4490 ιι.
3787 4437 3878 4503 55,

2151 4573 2163 4600 ε
2231 4527 2275 4585 D
2302 4525 2468 4580 Attici
2499 4526 2730 4596 epistola
2757 4527 2825 4580 ad
2854 4527 3120 4599 Cyrillum
3152 4529 3332 4591 Alex.,
3377 4538 3432 4582 et
3474 4544 3529 4584 ιι.
3569 4529 3659 4594 51,
3692 4529 3880 4600 Cyrilli

2306 4633 2395 4688 ep.
2425 4619 2492 4674 ad
2519 4619 2779 4673 Atticum.
2815 4621 2878 4676 V.
2931 4621 3162 4675 Bandin.
3206 4619 3476 4691 Catalog.,
3508 4620 3551 4685 l,
3585 4637 3637 4691 p.
3688 4621 3783 4676 121
3827 4631 3883 4678 et

2310 4709 2431 4764 122.
2465 4711 2632 4764 ιίλιιι..

2374 4826 2463 4880 99.
2505 4825 2628 4888 Τοῖς
2663 4827 2812 4896 παρὰ
2840 4825 2939 4895 τῆς
2965 4826 3062 4896 σῆς
3094 4826 3392 4895 ὁσιότητος.
3423 4826 3666 4895 Epistula
3690 4824 3779 4887 56,
3814 4825 3881 4879 ad

2304 4913 2565 4970 Acacium
2619 4915 2967 4984 episcopum,
3033 4917 3161 4986 περὶ
3209 4913 3303 4966 τοῦ
3359 4916 3769 4983 ὰποπομπαίου,
3821 4917 3884 4968 de

2305 5007 2448 5059 hirco
2486 5005 2778 5068 emissario,
2805 5003 2960 5057 Tum.
2993 5005 3058 5068 V,
3089 5013 3244 5074 parte
3277 5020 3336 5069 ιι,
3359 5021 3479 5075 pag.
3518 5003 3775 5070 121—132,
3816 5021 3884 5060 ex

2305 5106 2458 5170 parte
2504 5112 2563 5150 ιιι
2606 5095 2793 5150 Actor.
2849 5096 3043 5165 synodi
3096 5095 3417 5166 Ephesinaa,
3469 5105 3603 5151 tom.
3649 5081 3882 5164 Illinii,

2305 5203 2361 5256 p.
2407 5187 2544 5253 458,
2581 5187 2785 5244 citatur
2832 5201 2862 5238 a
2907 5185 3242 5240 Theodorito
3294 5196 3350 5241 et
3397 5186 3696 5252 Ephraimo
3739 5188 3882 5258 apud

2305 5279 2561 5334 Photium
2585 5278 2710 5334 cod.
2741 5292 2952 5338 ccxxrx,
2988 5291 3042 5344 p.
3073 5277 3197 5331 416.

2375 5392 2495 5449 100.
2537 5395 2662 5459 Τοῖς
2697 5395 2758 5449 τὸ
2795 5393 2936 5447 Οεῖον
2974 5395 3068 5446 καὶ
3109 5393 3360 5462 οΰράνιον
3415 5395 3755 5467 ἱερουργοῦσι
3791 5396 3888 5463 κή-

2307 5503 2512 5556 ρυγμα.
2543 5485 2679 5539 Vide
2706 5501 2869 5555 supra
2893 5502 2948 5539 n.
2979 5485 3045 5538 15
3088 5485 3142 5538 in
3177 5487 3499 5540 recensione
3530 5501 3756 5556 operum
3780 5484 3888 5556 Cy-

2307 5577 2413 5630 rilli
2443 5577 2498 5629 in
2535 5585 2690 5645 parte
2725 5592 2759 5628 ιι
2793 5577 2925 5629 torni
2968 5576 3009 5631 V
3045 5585 3451 5631 contenturum.

2377 5667 2498 5720 101.
2541 5667 2663 5730 Τοῖς
2705 5668 2764 5719 τὸ
2796 5668 2992 5720 σεπτὸν
3035 5668 3125 5720 καὶ
3156 5667 3298 5718 Θεῖον
3329 5666 3672 5736 ἱερουργοῦοίι
3715 5664 3891 5736 κήρυ-

698 5793 774 5853 (α)
824 5787 1190 5846 Camarionem
1226 5786 1283 5840 in
1328 5785 1500 5844 veteri
1547 5783 1798 5838 versione
1849 5781 1990 5850 apud
2038 5781 2340 5842 Daluzium.
2376 5798 2430 5852 p.
2468 5780 2572 5836 185
2596 5781 2753 5836 Nam
2777 5783 2991 5838 εοιιειι.
3032 5780 3386 5836 (anciliorum.
3416 5779 3532 5834 Vol.
3567 5777 3652 5831 lx.
