4154 6528
2432 380 2464 403 Ο

249 419 323 473 77
1328 384 1331 385 ⁷
1490 416 1767 473 NOTITIA
1808 414 1901 471 ex
1941 413 2274 471 FABRICIO.
2432 384 2464 403 “
3449 415 3519 468 7s

250 549 393 603 γμα.
455 532 691 587 Homilia
749 548 852 587 xxx
895 524 1186 602 p'ur‘q't-Ii‘alis.
1233 531 1385 586 Tom.
1432 534 1494 597 V,
1556 543 1707 604 parte
1764 550 1834 592 n,
1873 537 1915 593 Α
2013 529 2282 585 Monachii
2328 529 2381 583 in
2422 528 2556 582 bibl.
2598 528 2824 583 elector.
2854 529 2976 583 cod.
3006 528 3138 584 LIII.
3170 528 3515 585 Anathemat.

251 640 311 692 p.
346 622 604 679 542-550.

333 715 454 769 102.
495 716 571 768 Τὸ
620 715 721 785 μὲν
750 715 964 768 εὔτονον
993 717 1073 777 είς
1116 714 1418 768 εὐλάϐειαν.
1456 716 1700 784 Epistola
1750 715 1837 778 48,

254 805 328 860 ad
385 806 732 860 Gennadium
792 806 975 877 presb.
1027 814 1083 859 et
1132 805 1648 871 archimandritam,
1703 806 1843 877 quod

255 899 645 952 connivendum
682 900 751 951 sit
798 900 853 951 in
888 898 1066 969 aliqua
1116 916 1149 953 α
1190 900 1331 969 juris
1377 901 1567 970 rigore,
1621 901 1842 970 majoris

258 988 601 1042 emolumenti
621 1006 805 1042 causa.
836 989 991 1043 Tom.
1021 990 1085 1053 V,
1120 998 1273 1059 parte
1301 1007 1358 1055 ιι,
1386 1007 1441 1060 p.
1474 991 1567 1045 191
1599 1008 1678 1061 sq.

336 1079 458 1132 105.
500 1080 607 1132 Τοῦ
654 1081 904 1152 Σωτῆρος
934 1081 1089 1150 ἡμῶν
1120 1080 1369 1148 λέγοντος
1401 1082 1666 1153 ἐναργῶς.
1705 1083 1839 1153 Epi-

256 1170 401 1223 stola
446 1170 531 1233 15,
571 1171 637 1225 ad
677 1171 988 1226 Nestorium
1036 1172 1164 1245 περὶ
1197 1174 1298 1242 τῆς
1333 1175 1745 1244 ἀκοινωνησίας,
1778 1177 1842 1229 de

256 1264 815 1327 “communicatione,
847 1265 1049 1334 scripta
1082 1265 1302 1320 nomine
1325 1266 1515 1337 synodi
1537 1268 1591 1321 in
1613 1267 1843 1339 {Egypto

254 1362 620 1423 congregatae.
651 1354 806 1408 Tom.
832 1356 896 1420 V,
931 1364 1083 1425 parte
1114 1372 1171 1419 ιι,
1209 1373 1327 1427 pag.
1365 1358 1548 1421 67-77,
1584 1360 1843 1430 subjectis

258 1441 557 1499 duodecim
604 1446 879 1516 capitulis,
947 1448 1023 1518 (α)
1079 1448 1193 1502 sive
1242 1450 1740 1517 anathematismis,
1812 1469 1843 1508 a

260 1534 543 1600 Nestorio,
592 1538 640 1592 si
697 1539 829 1592 velit
873 1539 1075 1609 recipi,
1124 1541 1443 1610 probandis.
1502 1544 1582 1598 Ex
1631 1553 1782 1614 parte
1825 1560 1841 1599 1

258 1629 527 1685 Actorum
561 1630 781 1685 concilii
819 1632 1104 1701 Ephesini,
1142 1642 1270 1687 tom.
1302 1634 1320 1688 Ι
1356 1635 1521 1699 Βίηἰί,
1564 1652 1685 1707 pag.
1716 1637 1838 1692 151.

259 1723 325 1777 In
373 1722 567 1777 iisdem
614 1722 786 1787 Actis,
831 1740 886 1793 p.
938 1724 1061 1790 159,
1102 1734 1319 1780 exstant
1365 1727 1557 1782 Latine
1601 1729 1840 1785 Nestorii

260 1815 555 1871 duodecim
604 1818 1066 1882 anathematismi,
1093 1819 1319 1874 totidem
1339 1819 1650 1891 Cyrillianis
1675 1837 1844 1893 oppo-

260 1908 355 1961 siti
386 1917 443 1961 ct
479 1924 603 1963 cum
643 1909 795 1963 Marii
837 1910 1155 1965 Mercatoris
1178 1911 1573 1976 confutatione,
1612 1913 1666 1966 in
1699 1913 1841 1966 Mer-

258 2008 445 2055 catore
485 2000 758 2067 Garnerii,
790 2010 924 2056 tom.
964 2004 1030 2069 II,
1064 2020 1119 2073 p.
1148 2004 1268 2058 116.
1303 2004 1575 2059 Caeterum
1613 2006 1845 2077 epistola

260 2092 357 2146 illa
390 2092 576 2164 Cyrilli
615 2110 740 2149 cum
773 2095 1026 2150 versione
1057 2095 1211 2149 Marii
1240 2096 1558 2151 Mercatoris
1602 2098 1846 2153 occurrit

257 2184 318 2237 in
345 2183 597 2239 Garnerii
629 2184 942 2250 Mercatore,
979 2195 1112 2241 tom.
1135 2187 1201 2251 II,
1228 2203 1283 2257 p.
1316 2187 1403 2251 69,
1432 2196 1488 2243 et
1516 2206 1583 2244 ex
1610 2191 1714 2245 alia
1753 2206 1845 2245 ve-

258 2284 371 2331 teri
393 2276 645 2331 versione
667 2278 810 2347 apud
834 2278 1114 2333 Baluzium
1146 2295 1200 2348 p.
1228 2279 1351 2343 412,
1380 2288 1435 2334 et
1453 2295 1519 2333 ex
1541 2281 1644 2334 alia
1666 2297 1720 2351 p.
1741 2280 1844 2336 679

257 2368 424 2425 Nova:
452 2368 769 2423 collectioni:
803 2369 1097 2433 concilior.,
1137 2369 1231 2440 qui
1268 2370 1586 2425 Mercatoris
1625 2386 1844 2441 quoque

258 2461 574 2516 versionem
614 2460 839 2515 exhibet
885 2477 941 2531 p.
991 2460 1114 2517 614.
1170 2460 1395 2531 Legitur
1446 2468 1501 2515 et
1540 2461 1732 2517 Latine
1787 2464 1843 2518 in

256 2552 557 2607 collatione
591 2562 741 2607 sexta
774 2552 964 2624 synodi
1013 2570 1067 2617 ν,
1111 2562 1243 2607 tom.
1281 2553 1326 2606 II
1376 2552 1541 2615 Binii,
1585 2562 1739 2623 parte
1784 2571 1843 2619 η,

260 2658 388 2713 pag.
424 2642 515 2705 96,
556 2652 613 2696 et
647 2660 714 2697 ex
754 2643 995 2714 Dionysii
1040 2642 1234 2713 Exigui
1276 2642 1531 2697 versione
1568 2643 1847 2713 prodierat

258 2733 441 2789 Paris.
485 2734 638 2798 1628,
702 2733 839 2799 in-8,
881 2742 936 2787 et
964 2733 1019 2787 in
1044 2734 1293 2789 Antidota
1327 2733 1573 2787 adversus
1607 2733 1843 2796 haereses,

260 2822 430 2879 Basil.
465 2826 623 2891 1528,
649 2826 767 2891 ίοι.,
802 2827 905 2882 sub
934 2826 1095 2881 titulo
1137 2825 1256 2881 libri
1289 2835 1474 2882 contra
1524 2826 1842 2881 Nestorium.

260 2918 429 2974 FABR.

338 3009 477 3063 Vide
523 3024 688 3079 supra
728 3025 879 3063 num.
918 3010 983 3063 17
1008 3010 1065 3064 in
1100 3008 1422 3064 recensione
1459 3024 1684 3078 operum
1725 3024 1848 3079 qua:

260 3108 455 3153 tomus
498 3100 589 3153 VII
632 3099 767 3153 edit.
812 3098 1240 3155 Graeco-Latinae
1291 3099 1553 3153 continet.
1614 3099 1848 3170 Legitur

264 3190 649 3245 memorabilis
686 3191 777 3245 illa
824 3190 1052 3261 epistola
1076 3189 1130 3243 in
1166 3189 1337 3243 Mansi
1379 3188 1595 3244 Collect.
1630 3189 1843 3255 concil.,

1942 621 2150 692 Cyrilli,
2178 636 2300 676 cum
2320 620 2561 689 apologia
2584 628 2769 674 contra
2790 619 3120 686 Orientales;
3153 619 3305 675 deest
3336 628 3520 676 autem

1944 713 2178 782 primus,
2231 712 2525 777 secundus,
2585 712 2814 782 quintus
2863 721 2919 766 et
2964 723 3153 767 sextus
3199 712 3519 767 anathema-

1944 806 2160 860 tismus.
2188 805 2251 860 V.
2277 803 2395 860 Cat.
2422 805 2571 858 codd.
2603 804 2696 861 Gr.
2720 803 2919 858 Bavar.
2946 819 3068 877 pag.
3112 805 3198 860 16.
3227 806 3295 860 Et
3322 806 3376 859 in
3399 804 3521 861 aliis

1944 897 2103 951 codd.
2132 898 2261 953 hinc
2282 897 2409 952 inde
2430 899 2539 968 jam
2564 898 2896 953 memoratis.
2924 898 3091 952 HABL.

2015 989 2135 1043 104.
2177 989 2250 1043 Τὸ
2279 988 2573 1058 φιλομαθὲς
2596 990 2688 1042 καὶ
2719 989 3021 1057 φιλόπονον.
3059 989 3300 1059 Epistola
3335 991 3423 1055 47,
3453 991 3521 1045 ad

1943 1079 2312 1144 Anastasium,
2349 1080 2737 1145 Alexandrum,
2786 1079 3190 1144 Martinianum,
3232 1080 3518 1146 Joannem,

1943 1170 2292 1241 Paregorium
2332 1172 2517 1241 presb.
2547 1180 2603 1225 et
2646 1170 2935 1225 Maximum
2987 1169 3093 1242 (al.
3124 1171 3519 1244 Maximinum)

1944 1263 2253 1328 diaconum,
2277 1270 2334 1319 et
2366 1273 2597 1319 czeteros
2624 1264 2812 1318 Patres
2833 1264 3153 1319 monachos.
3188 1264 3254 1319 In
3280 1275 3522 1319 sanctum

1943 1355 2235 1426 symbolum
2270 1355 2564 1410 Nicwnum.
2602 1356 2759 1410 Tom.
2803 1356 2869 1420 V,
2905 1365 3061 1426 parte
3090 1372 3147 1420 ιι,
3176 1372 3230 1426 p.
3267 1357 3518 1421 175—191,

1942 1465 2011 1503 ex
2036 1459 2193 1518 parte
2228 1449 2383 1503 tertia
2413 1449 2671 1503 Actorum
2706 1449 2949 1519 ejusdem
2985 1449 3246 1519 Ephesini
3278 1452 3519 1517 concilii,

1944 1554 1998 1608 p.
2042 1541 2164 1594 457.
2206 1541 2266 1595 In
2297 1540 2508 1595 Latinis
2541 1540 2880 1595 editionibus
2926 1540 3124 1611 legitur
3163 1557 3233 1596 ex
3270 1545 3522 1598 versione

1942 1631 2168 1687 Joannis
2190 1632 2498 1702 Theophili,
2518 1632 2807 1703 subjuncta
2833 1632 3098 1687 relatione
3115 1634 3306 1705 synodi
3326 1634 3524 1690 Orien-

1945 1725 2133 1779 talium
2174 1725 2240 1779 ad
2284 1724 2633 1780 Callimorem
2684 1741 2887 1795 regem,
2926 1725 2993 1780 de
3034 1726 3376 1796 depositione
3423 1728 3525 1800 Cy-

1942 1815 2052 1869 rilli
2081 1823 2136 1870 et
2169 1816 2491 1881 Memnonis,
2522 1816 2723 1886 Ephesi
2768 1816 2962 1886 episc.,
2987 1833 3054 1872 ex
3091 1817 3239 1873 Actis
3266 1819 3524 1875 concilia-

1876 1895 1917 1950 Β
1946 1905 2061 1960 buli
2088 1906 2471 1962 Orientalium.
2508 1908 2626 1962 Alia
2661 1906 2847 1963 versio
2870 1918 3030 1963 vetus
3069 1908 3125 1962 in
3170 1909 3461 1965 collatione
3491 1912 3524 1965 5

1944 1997 2136 2067 synodi
2181 1999 2247 2061 V,
2291 2007 2422 2053 tom.
2464 1999 2509 2053 II
2555 1999 2697 2053 Binii
2737 2009 2890 2069 parte
2924 2001 3005 2068 11,1
3036 2017 3091 2071 p.
3145 2002 3233 2056 70.
3289 2004 3429 2059 Vide
3465 2013 3523 2059 et

1945 2085 2282 2151 Tillemont.,
2308 2095 2440 2142 tom.
2462 2087 2600 2153 XIV,
2633 2105 2688 2158 p.
2729 2089 2852 2144 640.
2881 2090 3039 2145 ΡΑωι.

2016 2178 2257 2233 Florent.
2301 2180 2357 2233 in
2387 2180 2509 2234 cod.
2559 2181 2815 2234 Laurent.
2862 2182 3003 2248 XXI,
3037 2201 3092 2238 n.
3118 2188 3169 2239 7.
3201 2188 3262 2241 V.
3287 2187 3519 2241 Bandin.

1944 2264 2215 2338 Catalog.,
2242 2267 2284 2331 1,
2308 2283 2434 2338 pag.
2468 2268 2592 2322 544.
2620 2268 2788 2323 ΗΑιιι.

2018 2358 2136 2413 105.
2178 2360 2251 2412 Τὸ
2293 2359 2529 2430 Χριστὸς
2572 2359 2744 2429 ὃνομα
2786 2360 2911 2414 οὔτε
2955 2362 3080 2435 ὅρου
3123 2364 3349 2437 δύναμιν
3384 2366 3520 2437 ἔχει.

1943 2449 2080 2504 Vide
2102 2466 2286 2520 supra,
2320 2467 2472 2506 num.
2514 2449 2548 2505 8
2580 2451 2636 2507 in
2674 2453 2994 2510 recensione
3026 2472 3253 2525 operum
3279 2474 3400 2529 quae
3442 2468 3525 2514 to-

1943 2556 2070 2597 mus
2092 2544 2136 2597 V
2157 2543 2292 2597 edit.
2317 2544 2547 2599 Auberti
2569 2545 2831 2599 continet.

2017 2633 2137 2688 106.
2180 2635 2408 2715 Φαιδρὸν
2440 2635 2549 2705 ὁρῶ
2573 2638 2635 2689 τὸ
2658 2639 2910 2710 σύστημα
2937 2641 3045 2694 τῶν
3075 2642 3265 2709 ἁγίων.
3291 2642 3526 2700 Homilia

1944 2723 2147 2795 Ephesi
2183 2726 2447 2782 adiersus
2482 2726 2797 2783 Nestorium
2825 2730 3032 2794 habita,
3062 2733 3225 2802 ἡνίκα
3258 2734 3525 2803 κατῆλθον

1946 2817 1997 2869 οἱ
2041 2815 2182 2868 ἑπτὰ
2206 2816 2342 2887 πρὸς
2389 2818 2486 2888 τὴν
2513 2818 2675 2887 ἁγίαν
2698 2820 2935 2891 Μαρίαν.
2990 2821 3145 2876 Tom.
3179 2824 3244 2889 ν,
3277 2832 3434 2893 parte
3461 2840 3521 2890 lt,

1946 2920 2002 2976 p.
2040 2905 2293 2961 555-558.
2342 2907 2402 2961 1η
2441 2907 2651 2964 Latinis
2686 2910 3025 2967 editionibus
3064 2923 3241 2968 exstat
3270 2930 3300 2969 e
3348 2915 3523 2971 Wolf-

1947 2997 2108 3067 gangi
2140 2996 2370 3052 Musculi
2422 2999 2908 3070 interpretatione;
2953 3004 3049 3058 sed
3084 3004 3359 3063 Aubertus
3387 3024 3526 3078 pra)-

1948 3088 2074 3143 tulit
2110 3088 2418 3143 versionem
2457 3091 2640 3155 aliam,
2681 3108 2914 3162 quacum
2963 3095 3163 3165 legitur
3195 3097 3250 3151 in
3293 3104 3447 3167 parte
3483 3116 3523 3155 ιι

1945 3178 2209 3235 Actorum
2251 3181 2440 3252 synodi
2465 3182 2771 3250 Ephesium,
2794 3194 2925 3239 tom.
2962 3186 2982 3241 Ι
3014 3187 3174 3253 Binii,
3199 3205 3253 3259 p.
3297 3191 3423 3245 221.

260 3290 405 3334 tom.
449 3281 537 3343 IV,
584 3296 687 3350 pag
751 3241 885 3334 1069
927 3294 1069 3349 sqq.,
1115 3288 1171 3332 et
1218 3277 1599 3347 antiquissima
1635 3278 1840 3342 versio,

2022 3270 2143 3325 107.
2182 3241 2409 3342 Φαιὲρδς
2439 3241 2567 3341 ἡμίν
2594 3275 2623 3324 ὁ
2648 3241 2805 3341 λόγος
2834 3277 2927 3328 καὶ
2956 3241 3176 3349 χάριτοξ
3199 3241 3526 3351 Eumenius.

265 3387 434 3442 quam
496 3371 764 3426 Mercator
805 3370 1107 3426 confecisse
1160 3369 1383 3432 dicitur,
1432 3368 1585 3438 ibid.|
1607 3377 1740 3424 tom.
1776 3368 1842 3435 V,

263 3479 326 3534 p.
340 3463 444 3517 725
461 3480 475 3529 ;
494 3463 673 3517 versio
688 3463 930 3534 Dionysii
947 3461 1163 3534 Exigui,
1186 3461 1342 3533 (saec.
1358 3460 1454 3533 γι.)
1470 3475 1632 3530 quam
1651 3475 1844 3530 parum

266 3552 498 3606 differre
539 3552 911 3607 aMcrcatoris
946 3554 1199 3607 versione
1240 3551 1559 3623 pronuntiat
1604 3551 1847 3607 Mansius

267 3652 410 3699 tom.
456 3644 544 3707 IV,
576 3661 630 3714 p.
672 3645 844 3713 1085,
886 3645 980 3699 ubi
1009 3644 1199 3699 Latine
1226 3644 1445 3709 editur;
1479 3644 1641 3699 tertia
1689 3652 1847 3699 vetus

265 3735 477 3799 versio,
503 3734 662 3798 ibid.,
700 3743 831 3789 tom.
863 3735 928 3799 V,
969 3750 1090 3805 pag.
1118 3734 1250 3800 502;
1282 3742 1496 3804 quarta,
1542 3734 1596 3788 in
1630 3734 1768 3804 Lupi
1790 3743 1847 3789 et

268 3827 480 3880 Baluzii
500 3827 771 3898 Synodico
787 3827 954 3893 edita;
977 3828 1167 3897 quinta
1186 3827 1243 3880 in
1265 3826 1417 3882 Actis
1437 3827 1615 3897 quinti
1642 3841 1843 3882 (ecum.

268 3918 495 3972 concilii
521 3918 576 3971 in
606 3918 776 3973 Mansi
823 3918 1039 3973 collect.
1080 3926 1211 3972 tom.
1239 3917 1332 3981 IX,
1356 3934 1410 3987 p.
1443 3918 1540 3971 511
1579 3933 1699 3987 sqq.

349 4007 684 4063 Vindobonfe
728 4008 783 4062 in
816 4008 938 4062 cod.
977 4007 1113 4063 Cass.
1159 4008 1369 4073 LXXV,
1422 4008 1476 4061 in
1515 4024 1625 4077 quo
1664 4008 1850 4065 multm

266 4101 520 4170 epistolae
554 4100 768 4169 aliaque
799 4101 1059 4169 epuscula
1084 4101 1152 4155 de
1190 4101 1279 4155 illa
1319 4101 1691 4155 controversia
1722 4107 1851 4156 sunt

272 4192 525 4254 collecta,
571 4191 1023 4245 Anathematismi
1071 4208 1126 4245 n.
1179 4191 1268 4245 49.
1316 4191 1380 4245 V.
1436 4191 1717 4256 Lambec.,
1756 4192 1847 4256 III,

266 4300 400 4354 pag.
442 4282 566 4346 595,
605 4283 790 4351 ibique
830 4282 1052 4337 Kollarii
1095 4289 1299 4336 notam.
1328 4283 1473 4336 -——In
1509 4283 1632 4337 eod.
1662 4284 1847 4347 XLIV,

272 4394 334 4432 η.
379 4376 480 4441 40;
516 4374 678 4439 XLV,
738 4391 795 4428 n.
858 4375 959 4439 49;
1023 4374 1109 4437 LI,
1163 4390 1220 4427 n.
1258 4370 1361 4439 19;
1400 4375 1509 4440 LII,
1538 4393 1594 4429 n.
1629 4376 1682 4441 9,
1724 4392 1850 4429 cum

271 4466 535 4538 anonymi
582 4465 881 4535 appendice
928 4465 996 4519 de
1052 4466 1406 4535 opinionibus
1460 4468 1851 4523 haeresiarcha—

269 4574 424 4613 rum.
462 4556 525 4610 V.
562 4554 842 4618 Lambec.,
885 4554 1021 4617 VIII,
1056 4570 1178 4625 pag.
1215 4555 1317 4610 896
1354 4570 1460 4626 sq.,
1502 4554 1626 4619 957,
1661 4556 1766 4611 995
1796 4564 1852 4611 et

272 4646 641 4795 ωὲξοιιθηῑίω
689 4737 746 4792 in
792 4738 913 4792 cod.
956 4735 1214 4790 Laurent.
1260 4736 1377 4799 XII,
1419 4752 1473 4789 n.
1519 4736 1572 4799 6,
1620 4737 1759 4805 plut.
1797 4738 1851 4803 6,

270 4830 469 4902 Cyrilli
512 4827 951 4883 anathematismi
993 4826 1108 4892 XII,
1156 4828 1231 4880 ita
1263 4826 1484 4895 quidem
1527 4826 1745 4897 digesti,
1796 4836 1857 4882 ut

275 4937 474 4978 eorum
513 4920 746 4991 quilibet
794 4919 1094 4991 subiectam
1144 4918 1345 4973 habeat
1368 4917 1554 4989 Cyrilli
1599 4920 1858 4989 explana-

274 5014 510 5078 tionem,
544 5011 865 5067 Theodoriti
897 5010 1405 5082 reprehensionem,
1436 5024 1501 5065 ac
1526 5025 1718 5065 rursus
1749 5010 1856 5083 Cy-

274 5105 393 5159 rilli
416 5104 820 5166 defensionem,
843 5117 938 5157 seu
961 5116 1282 5171 responsum
1305 5118 1320 5166 ;
1348 5100 1626 5169 praemissa
1648 5111 1729 5156 est
1750 5101 1856 5174 Cy-

273 5195 389 5249 rilli
436 5194 600 5264 epist.
634 5179 722 5249 .ad
762 5192 1077 5262 Evoptium.
1122 5221 1191 5232 -—
1228 5190 1289 5244 In
1341 5190 1464 5244 cod.
1518 5190 1661 5255 XXI,
1711 5209 1764 5246 n.
1800 5193 1852 5256 8,

274 5286 417 5355 plut.
449 5285 541 5349 IV,
595 5284 779 5340 diﬂ‘ert
802 5292 986 5338 tamen
1029 5282 1098 5336 ab
1134 5280 1317 5336 editis.
1362 5280 1426 5335 V.
1456 5281 1691 5336 Bandin.
1734 5281 1851 5337 Cat.

275 5376 425 5429 cadd.
463 5374 557 5431 Gr.
588 5374 777 5438 Laur.,
798 5374 843 5439 Ι,
871 5387 993 5443 pag.
1024 5371 1130 5426 118
1147 5382 1203 5428 et
1226 5372 1348 5426 544.

1878 4599 1930 4661 D

1948 3360 2128 3433 μένος.
2159 3362 2471 3416 Encomium
2492 3364 2546 3415 in
2579 3360 2635 3417 S.
2664 3363 2895 3418 Mariam
2934 3366 3243 3437 Dciparam.
3272 3372 3428 3426 Tom.
3459 3376 3523 3440 ν,

1945 3463 2099 3524 parte
2146 3470 2203 3518 ιι,
2233 3470 2287 3523 p.
2321 3452 2577 3518 579-585,
2606 3454 2675 3508 ab
2694 3455 2936 3511 Auberto
2972 3459 3210 3528 primum
3244 3464 3523 3533 vulgatum

1945 3560 1977 3600 e
1997 3561 2099 3599 ms.
2128 3545 2296 3616 regio.
2325 3544 2424 3617 [V.
2460 3544 2738 3609 Lambec.,
2770 3555 2901 3602 tom.
2939 3549 3075 3613 VIII,
3107 3566 3161 3620 p.
3200 3552 3367 3627 820.]

2020 3638 2140 3691 108.
2180 3638 2316 3709 Φέρε
2358 3638 2422 3709 δὴ
2469 3639 2655 3702 πάλιν,
2690 3640 2882 3708 καιροῦ
2932 3642 3361 3715 παραθήγοντος.
3409 3647 3522 3703 Πο-

1947 3730 2100 3785 milia
2128 3731 2401 3800 paschalis
2421 3748 2543 3786 xxv.
2576 3732 2731 3787 Tom.
2762 3732 2825 3797 V,
2848 3742 3004 3804 parte
3034 3750 3092 3799 ιι,
3116 3750 3170 3805 ι).
3198 3736 3451 3793 296-502.
3506 3742 3523 3759 ⁹

2019 3820 2140 3875 109.
2180 3820 2456 3892 Φοὸοὖμαι
2503 3822 2594 3875 τὸν
2635 3823 2864 3877 θάνατον
2912 3826 2993 3878 ὅτι
3023 3828 3217 3899 πικρός
3267 3829 3356 3900 μοί
3383 3833 3522 3887 ἐστι.

1948 3910 2183 3966 Ilomilia
2233 3913 2368 3985 Περὶ
2413 3913 2590 3977 ἐξόδου
2635 3913 2814 3984 ψυχῆς
2859 3924 2907 3968 et
2962 3916 3025 3970 de
3068 3920 3292 3975 secundo
3332 3919 3526 3979 Christi

1948 4005 2197 4057 adventu.
2246 4004 2401 4058 Tom.
2434 4005 2498 4066 V,
2532 4013 2687 4075 parte
2730 4022 2789 4069 ιι,
2826 4022 2881 4076 p.
2931 4007 3189 4065 404-416.
3240 4012 3527 4071 Prodierat

1949 4091 2137 4149 Graece
2156 4094 2331 4149 Paris.
2367 4095 2511 4165 apud
2538 4096 2881 4151 Wechelium
2904 4098 3061 4165 1558,
3083 4100 3257 4158 forma
3292 4105 3523 4172 minore,

1949 4175 2257 4237 cum-horis
2295 4193 2352 4238 et
2378 4183 2595 4253 liturgia
2639 4184 2840 4250 Mariae,
2868 4195 2929 4240 ut
2961 4188 3237 4247 Gesnerus
3266 4194 3429 4250 etiam
3470 4198 3525 4253 in

1949 4272 2270 4327 Bibliotheca
2312 4289 2410 4329 sua
2451 4274 2749 4330 adnotavit.
2784 4278 2972 4334 Exstat
3003 4289 3057 4333 et
3086 4280 3272 4339 Grtece
3316 4288 3525 4344 editum

1951 4367 2018 4421 ad
2052 4368 2256 4422 calcem
2290 4368 2631 4438 Ὠρολογίου
2682 4370 2994 4427 Graecorum
3043 4375 3236 4429 Venet.
3274 4379 3431 4439 1555,
3468 4382 3521 4445 8,

1955 4458 2126 4522 1555,
2193 4458 2352 4523 1611,
2403 4459 2489 4512 12.
2547 4461 2609 4513 1η
2668 4460 2878 4516 Latinis
2934 4463 3125 4534 Cyrilli
3185 4467 3527 4527 editionibus

1953 4555 2129 4600 exstat
2177 4563 2207 4601 e
2270 4549 2519 4606 versione
2588 4550 2892 4607 Sebastiani
2943 4554 3308 4624 Castellionis,
3358 4577 3524 4631 quam

1954 4637 2228 4693 Aubertus
2287 4656 2504 4710 quoque
2562 4644 2820 4699 servavit.
2872 4645 3174 4703 Transtulit
3220 4659 3276 4705 et
3324 4651 3527 4724 Caspar

1956 4728 2196 4784 Ursinus
2230 4731 2433 4786 Velius.
2468 4733 2628 4788 FABB.

2022 4821 2077 4877 S.
2129 4824 2316 4894 Cyrilli
2369 4825 2432 4879 de
2490 4829 2685 4883 anima:
2733 4829 2982 4894 decessu,
3035 4832 3199 4902 deque
3255 4836 3369 4904 ejus
3416 4837 3525 4890 vita

1954 4911 2126 4967 altera
2169 4930 2359 4979 sermo,
2403 4915 2464 4971 C.
2494 4916 2692 4973 Ursino
2719 4919 2875 4974 Velio
2910 4921 3227 4991 interprete.
3264 4925 3523 4993 Ejusdem

1952 5003 2133 5059 Ursini
2157 5015 2337 5060 tomus
2373 5007 2595 5076 quidam
2627 5009 2906 5079 Evangelii
2941 5010 3146 5067 Lucani
3184 5012 3344 5083 (Luc.
3374 5031 3522 5079 xuii,

1955 5097 2078 5168 15.)
2146 5098 2201 5152 in
2253 5114 2446 5154 versus
2501 5100 2598 5171 (52
2650 5102 3030 5173 hexametros)
3085 5103 3359 5169 redactus,
3404 5117 3525 5169 ~etc.

1952 5188 2175 5244 Vienna:
2194 5190 2485 5247 Pannoniae
2513 5193 2570 5246 in
2592 5192 2692 5247 ad.
2717 5193 2801 5249 Jo.
2829 5193 3103 5266 Singreni,
3130 5195 3284 5261 1521,
3313 5198 3445 5256 min.
3472 5202 3527 5255 1.

1953 5281 2015 5334 V.
2050 5281 2214 5336 Denis
2249 5281 2420 5336 Wiens
2459 5281 3173 5350 Buchdrucker-Geschichte,
3215 5302 3269 5357 p.
3303 5287 3406 5345 224
3443 5306 3524 5362 sq.

1953 5381 2008 5424 et
2031 5372 2386 5428 Lambachcri
2418 5373 2554 5428 Bibl.
2582 5375 2749 5445 antiq.
2775 5375 2941 5439 civic.,
2983 5393 3037 5447 p.
3074 5373 3162 5432 99.
3186 5409 3257 5419 -—
3290 5379 3350 5434 In
3389 5381 3524 5438 bibl.

347 5467 520 5521 Paris.
567 5466 625 5521 in
667 5466 803 5521 bibl.
849 5465 1005 5535 publ.
1041 5464 1099 5518 in
1129 5464 1253 5519 cod.
1282 5463 1401 5517 Lat.
1446 5462 1720 5518 MCDLVII
1761 5463 1853 5535 (in
1951 5463 2159 5518 Podlei.
2192 5464 2312 5518 cod.
2338 5465 2562 5519 Barocc.
2594 5464 2845 5520 CXLVII.
2874 5465 3043 5521 HnL.

271 5572 383 5624 quo
414 5559 603 5613 multa;
632 5564 763 5613 sunt
792 5556 981 5628 Cyrilli
1024 5555 1269 5624 epistola:
1297 5560 1353 5609 et
1380 5554 1483 5609 alia
1524 5555 1786 5624 opuscula
1811 5554 1851 5624 ),

268 5666 329 5704 η.
354 5653 404 5712 8,
427 5652 567 5705 etin
593 5650 716 5706 cod.
745 5650 865 5703 Lat.
887 5647 1222 5710 IIMCXXIII,
1254 5664 1309 5700 n.
1340 5647 1387 5699 1.
1412 5647 1475 5700 V.
1498 5645 1674 5701 Catal.
1700 5646 1848 5699 codd.

267 5739 392 5793 bibl.
419 5741 618 5804 Paris.,
652 5740 743 5799 III.
762 5755 883 5812 pag.
918 5740 1018 5793 117
1047 5748 1102 5793 et
1124 5738 1245 5793 210.

2022 5554 2142 5608 110.
2185 5556 2412 5627 Χαίρετε
2440 5557 2496 5608 ὲν
2525 5556 2713 5627 Κυρίῳ
2759 5558 3008 5622 πάντοτε,
3044 5559 3204 5614 πάλιν
3236 5560 3369 5631 ἐρῶ,
3402 5564 3524 5632 χαί-

1955 5661 2093 5711 ρετε.
2148 5644 2343 5715 Τρέχει
2389 5645 2444 5698 δὲ
2496 5646 2588 5698 καὶ
2639 5649 2791 5716 ἡμῖν.
2840 5647 3073 5705 Homilia
3125 5650 3169 5706 11
3226 5653 3521 5722 paschalis.

1952 5734 2106 5791 Tom.
2141 5737 2203 5799 V,
2234 5747 2385 5805 parte
2409 5753 2465 5801 η,
2494 5753 2547 5806 p.
2576 5736 2765 5795 16-51.

343 5856 600 5922 (αγνίάρ
650 5858 960 5911 Tillemont.
1011 5866 1142 5910 tom.
1184 5855 1322 5920 xw,
1373 5869 1495 5921 pag.
1547 5853 1670 5919 358,
1719 5852 1842 5915 569,
1883 5852 2004 5905 372.
