  <div class='ocr_page' id='page_1' title='image "/cluster/home/n/w/nwhite01/storage/ocr_20150623/68/hvd.32044019207851/048.png"; bbox 0 0 4120 6532; ppageno 0'>
   <div class='ocr_carea' id='block_1_1' title="bbox 204 458 1766 559">
    <p class='ocr_par' dir='ltr' id='par_1_1' title="bbox 204 490 1766 556">
     <span class='ocr_line' id='line_1_1' title="bbox 204 490 1766 556; baseline 0.003 -5"><span class='ocrx_word' id='word_1_1' title='bbox 204 497 261 552; x_wconf 80' lang='grc'>81</span> <span class='ocrx_word' id='word_1_2' title='bbox 1442 490 1727 556; x_wconf 72' lang='grc' dir='ltr'>ἷζΟΤΙΤΙΛ</span> <span class='ocrx_word' id='word_1_3' title='bbox 1759 503 1766 556; x_wconf 88' lang='lat' dir='ltr'>l</span> 
     </span>
    </p>
   </div>
   <div class='ocr_carea' id='block_1_2' title="bbox 1866 458 3491 559">
    <p class='ocr_par' dir='ltr' id='par_1_2' title="bbox 1888 458 3491 559">
     <span class='ocr_line' id='line_1_2' title="bbox 1888 458 3491 559; baseline 0.001 -2"><span class='ocrx_word' id='word_1_4' title='bbox 1888 500 2213 558; x_wconf 61' lang='lat' dir='ltr'>FABR&#39;.‘CI&#39;O;</span> <span class='ocrx_word' id='word_1_5' title='bbox 2672 458 2685 467; x_wconf 54' lang='grc'><strong>’</strong></span> <span class='ocrx_word' id='word_1_6' title='bbox 3402 504 3491 559; x_wconf 62' lang='lat' dir='ltr'>ss</span> 
     </span>
    </p>
   </div>
   <div class='ocr_carea' id='block_1_3' title="bbox 199 610 3469 693">
    <p class='ocr_par' dir='ltr' id='par_1_3' title="bbox 199 610 3469 693">
     <span class='ocr_line' id='line_1_3' title="bbox 199 610 3469 693; baseline 0.001 -27"><span class='ocrx_word' id='word_1_7' title='bbox 199 611 394 666; x_wconf 85' lang='lat' dir='ltr'>rillum.</span> <span class='ocrx_word' id='word_1_8' title='bbox 426 611 487 665; x_wconf 83' lang='lat' dir='ltr'>In</span> <span class='ocrx_word' id='word_1_9' title='bbox 526 618 683 681; x_wconf 80' lang='lat' dir='ltr'>parte</span> <span class='ocrx_word' id='word_1_10' title='bbox 711 627 728 665; x_wconf 93' lang='grc' dir='ltr'>ι</span> <span class='ocrx_word' id='word_1_11' title='bbox 758 611 1021 666; x_wconf 82' lang='lat' dir='ltr'>Actorum</span> <span class='ocrx_word' id='word_1_12' title='bbox 1052 610 1271 667; x_wconf 89' lang='lat' dir='ltr'>concilii</span> <span class='ocrx_word' id='word_1_13' title='bbox 1296 611 1578 684; x_wconf 70' lang='lat' dir='ltr'>hpnesmn,</span> <span class='ocrx_word' id='word_1_14' title='bbox 1602 626 1735 693; x_wconf 88' lang='lat' dir='ltr'>tom.</span> <span class='ocrx_word' id='word_1_15' title='bbox 1768 618 1785 672; x_wconf 96' lang='lat' dir='ltr'>I</span> <span class='ocrx_word' id='word_1_16' title='bbox 1818 628 1859 682; x_wconf 79' lang='grc' dir='ltr'>Α</span> <span class='ocrx_word' id='word_1_17' title='bbox 1895 628 2041 673; x_wconf 88' lang='lat' dir='ltr'>teros</span> <span class='ocrx_word' id='word_1_18' title='bbox 2090 627 2145 672; x_wconf 90' lang='lat' dir='ltr'>et</span> <span class='ocrx_word' id='word_1_19' title='bbox 2195 612 2669 680; x_wconf 65' lang='lat' dir='ltr'>archimandritas,</span> <span class='ocrx_word' id='word_1_20' title='bbox 2708 633 2826 687; x_wconf 74' lang='lat' dir='ltr'>pag.</span> <span class='ocrx_word' id='word_1_21' title='bbox 2863 616 2985 671; x_wconf 80' lang='grc'><strong>911.</strong></span> <span class='ocrx_word' id='word_1_22' title='bbox 3042 615 3236 687; x_wconf 88' lang='lat' dir='ltr'>Incipit</span> <span class='ocrx_word' id='word_1_23' title='bbox 3265 617 3469 689; x_wconf 81' lang='lat' dir='ltr'>:Egrc-</span> 
     </span>
    </p>
   </div>
   <div class='ocr_carea' id='block_1_4' title="bbox 200 703 1783 775">
    <p class='ocr_par' dir='ltr' id='par_1_4' title="bbox 200 703 1783 775">
     <span class='ocr_line' id='line_1_4' title="bbox 200 703 1783 775; baseline 0.003 -16"><span class='ocrx_word' id='word_1_24' title='bbox 200 703 353 767; x_wconf 84' lang='lat' dir='ltr'>Binii,</span> <span class='ocrx_word' id='word_1_25' title='bbox 406 720 531 775; x_wconf 81' lang='lat' dir='ltr'>pag.</span> <span class='ocrx_word' id='word_1_26' title='bbox 587 704 711 760; x_wconf 87' lang='grc'><strong>162.</strong></span> <span class='ocrx_word' id='word_1_27' title='bbox 769 704 973 775; x_wconf 84' lang='lat' dir='ltr'>Incipit</span> <span class='ocrx_word' id='word_1_28' title='bbox 1018 722 1032 759; x_wconf 89' lang='lat'>:</span> <span class='ocrx_word' id='word_1_29' title='bbox 1081 706 1248 763; x_wconf 77' lang='grc' dir='ltr'>Μὲλει</span> <span class='ocrx_word' id='word_1_30' title='bbox 1294 708 1543 762; x_wconf 78' lang='grc' dir='ltr'>πλεῖστον</span> <span class='ocrx_word' id='word_1_31' title='bbox 1599 710 1783 763; x_wconf 83' lang='grc' dir='ltr'>θεοσε-</span> 
     </span>
    </p>
   </div>
   <div class='ocr_carea' id='block_1_5' title="bbox 197 796 1781 872">
    <p class='ocr_par' dir='ltr' id='par_1_5' title="bbox 197 796 1781 872">
     <span class='ocr_line' id='line_1_5' title="bbox 197 796 1781 872; baseline 0.001 -21"><span class='ocrx_word' id='word_1_32' title='bbox 197 799 337 860; x_wconf 72' lang='grc' dir='ltr'>ϐείας</span> <span class='ocrx_word' id='word_1_33' title='bbox 360 796 547 868; x_wconf 70' lang='grc' dir='ltr'>ἡμῶν.</span> <span class='ocrx_word' id='word_1_34' title='bbox 573 797 774 870; x_wconf 68' lang='lat' dir='ltr'>[Mans</span> <span class='ocrx_word' id='word_1_35' title='bbox 796 799 888 865; x_wconf 72' lang='lat' dir='ltr'>IV,</span> <span class='ocrx_word' id='word_1_36' title='bbox 917 815 1042 869; x_wconf 79' lang='lat' dir='ltr'>pag.</span> <span class='ocrx_word' id='word_1_37' title='bbox 1079 799 1258 866; x_wconf 84' lang='lat'>1109;</span> <span class='ocrx_word' id='word_1_38' title='bbox 1286 798 1406 855; x_wconf 75' lang='lat' dir='ltr'>Lat.</span> <span class='ocrx_word' id='word_1_39' title='bbox 1442 800 1505 865; x_wconf 84' lang='lat' dir='ltr'>V,</span> <span class='ocrx_word' id='word_1_40' title='bbox 1543 817 1598 872; x_wconf 88' lang='lat' dir='ltr'>p.</span> <span class='ocrx_word' id='word_1_41' title='bbox 1634 799 1781 872; x_wconf 80' lang='lat'>529.]</span> 
     </span>
    </p>
   </div>
   <div class='ocr_carea' id='block_1_6' title="bbox 258 893 1721 966">
    <p class='ocr_par' dir='ltr' id='par_1_6' title="bbox 258 893 1721 966">
     <span class='ocr_line' id='line_1_6' title="bbox 258 893 1721 966; baseline 0.003 -21"><span class='ocrx_word' id='word_1_42' title='bbox 258 893 378 950; x_wconf 73' lang='lat' dir='ltr'>Alia</span> <span class='ocrx_word' id='word_1_43' title='bbox 416 906 540 965; x_wconf 74' lang='lat' dir='ltr'>pag.</span> <span class='ocrx_word' id='word_1_44' title='bbox 567 894 692 949; x_wconf 71' lang='grc'><strong>164.</strong></span> <span class='ocrx_word' id='word_1_45' title='bbox 723 894 998 966; x_wconf 81' lang='grc' dir='ltr'>Ἦρτηται</span> <span class='ocrx_word' id='word_1_46' title='bbox 1031 893 1132 965; x_wconf 81' lang='grc' dir='ltr'>τῆς</span> <span class='ocrx_word' id='word_1_47' title='bbox 1156 895 1235 958; x_wconf 76' lang='grc' dir='ltr'>εἰς</span> <span class='ocrx_word' id='word_1_48' title='bbox 1263 894 1395 950; x_wconf 77' lang='grc' dir='ltr'>Θεὸν</span> <span class='ocrx_word' id='word_1_49' title='bbox 1423 896 1721 960; x_wconf 77' lang='grc' dir='ltr'>εὐσεϐείας.</span> 
     </span>
    </p>
   </div>
   <div class='ocr_carea' id='block_1_7' title="bbox 199 1051 1778 1132">
    <p class='ocr_par' dir='ltr' id='par_1_7' title="bbox 199 1051 1778 1132">
     <span class='ocr_line' id='line_1_7' title="bbox 199 1051 1778 1132; baseline 0.003 -20"><span class='ocrx_word' id='word_1_50' title='bbox 199 1055 346 1113; x_wconf 66' lang='lat' dir='ltr'>VIII.</span> <span class='ocrx_word' id='word_1_51' title='bbox 394 1054 652 1132; x_wconf 79' lang='lat' dir='ltr'>Scripta</span> <span class='ocrx_word' id='word_1_52' title='bbox 712 1051 941 1129; x_wconf 83' lang='lat' dir='ltr'>Cyrilli</span> <span class='ocrx_word' id='word_1_53' title='bbox 1007 1053 1200 1127; x_wconf 86' lang='lat' dir='ltr'>edita,</span> <span class='ocrx_word' id='word_1_54' title='bbox 1231 1072 1364 1132; x_wconf 73' lang='lat' dir='ltr'>qua:</span> <span class='ocrx_word' id='word_1_55' title='bbox 1393 1056 1461 1115; x_wconf 86' lang='lat' dir='ltr'>in</span> <span class='ocrx_word' id='word_1_56' title='bbox 1507 1055 1778 1118; x_wconf 83' lang='lat' dir='ltr'>editione</span> 
     </span>
    </p>
   </div>
   <div class='ocr_carea' id='block_1_8' title="bbox 363 1132 1599 1196">
    <p class='ocr_par' dir='ltr' id='par_1_8' title="bbox 363 1132 1599 1196">
     <span class='ocr_line' id='line_1_8' title="bbox 363 1132 1599 1196; baseline 0.002 -3"><span class='ocrx_word' id='word_1_57' title='bbox 363 1134 579 1193; x_wconf 84' lang='lat' dir='ltr'>Paris.</span> <span class='ocrx_word' id='word_1_58' title='bbox 615 1132 1097 1194; x_wconf 60' lang='lat' dir='ltr'>Greco-Latina</span> <span class='ocrx_word' id='word_1_59' title='bbox 1133 1132 1599 1196; x_wconf 79' lang='lat' dir='ltr'>desiderantur.</span> 
     </span>
    </p>
   </div>
   <div class='ocr_carea' id='block_1_9' title="bbox 258 1274 1781 1347">
    <p class='ocr_par' dir='ltr' id='par_1_9' title="bbox 258 1274 1781 1347">
     <span class='ocr_line' id='line_1_9' title="bbox 258 1274 1781 1347; baseline 0.002 -17"><span class='ocrx_word' id='word_1_60' title='bbox 258 1275 380 1330; x_wconf 77' lang='lat'>1’32.</span> <span class='ocrx_word' id='word_1_61' title='bbox 418 1274 672 1347; x_wconf 78' lang='lat' dir='ltr'>Epistola</span> <span class='ocrx_word' id='word_1_62' title='bbox 716 1276 785 1330; x_wconf 88' lang='lat' dir='ltr'>ad</span> <span class='ocrx_word' id='word_1_63' title='bbox 838 1274 1130 1347; x_wconf 84' lang='lat' dir='ltr'>Optimum,</span> <span class='ocrx_word' id='word_1_64' title='bbox 1197 1276 1500 1332; x_wconf 79' lang='lat' dir='ltr'>Antiochiae</span> <span class='ocrx_word' id='word_1_65' title='bbox 1560 1278 1781 1334; x_wconf 63' lang='lat' dir='ltr'>Pisidiae</span> 
     </span>
    </p>
   </div>
   <div class='ocr_carea' id='block_1_10' title="bbox 193 1366 1778 1440">
    <p class='ocr_par' dir='ltr' id='par_1_10' title="bbox 193 1366 1778 1440">
     <span class='ocr_line' id='line_1_10' title="bbox 193 1366 1778 1440; baseline 0.002 -17"><span class='ocrx_word' id='word_1_66' title='bbox 193 1368 530 1438; x_wconf 83' lang='lat' dir='ltr'>episcopum,</span> <span class='ocrx_word' id='word_1_67' title='bbox 560 1384 683 1437; x_wconf 78' lang='lat' dir='ltr'>quze</span> <span class='ocrx_word' id='word_1_68' title='bbox 725 1367 960 1438; x_wconf 90' lang='lat' dir='ltr'>incipit:</span> <span class='ocrx_word' id='word_1_69' title='bbox 992 1369 1103 1423; x_wconf 60' lang='grc' dir='ltr'>Καὶ</span> <span class='ocrx_word' id='word_1_70' title='bbox 1155 1366 1332 1432; x_wconf 68' lang='grc' dir='ltr'>ἄλλως</span> <span class='ocrx_word' id='word_1_71' title='bbox 1386 1370 1576 1440; x_wconf 77' lang='grc' dir='ltr'>ἡδέως.</span> <span class='ocrx_word' id='word_1_72' title='bbox 1642 1372 1778 1426; x_wconf 74' lang='lat' dir='ltr'>Vide</span> 
     </span>
    </p>
   </div>
   <div class='ocr_carea' id='block_1_11' title="bbox 197 1460 1002 1531">
    <p class='ocr_par' dir='ltr' id='par_1_11' title="bbox 197 1460 1002 1531">
     <span class='ocr_line' id='line_1_11' title="bbox 197 1460 1002 1531; baseline -0.002 -16"><span class='ocrx_word' id='word_1_73' title='bbox 197 1476 356 1531; x_wconf 84' lang='lat' dir='ltr'>supra</span> <span class='ocrx_word' id='word_1_74' title='bbox 396 1462 455 1514; x_wconf 90' lang='lat' dir='ltr'>in</span> <span class='ocrx_word' id='word_1_75' title='bbox 488 1461 696 1524; x_wconf 81' lang='lat' dir='ltr'>Indice,</span> <span class='ocrx_word' id='word_1_76' title='bbox 728 1476 882 1514; x_wconf 89' lang='lat' dir='ltr'>num.</span> <span class='ocrx_word' id='word_1_77' title='bbox 915 1460 1002 1514; x_wconf 68' lang='lat'>4.1.</span> 
     </span>
    </p>
   </div>
   <div class='ocr_carea' id='block_1_12' title="bbox 260 1548 1779 1624">
    <p class='ocr_par' dir='ltr' id='par_1_12' title="bbox 260 1548 1779 1624">
     <span class='ocr_line' id='line_1_12' title="bbox 260 1548 1779 1624; baseline 0.003 -19"><span class='ocrx_word' id='word_1_78' title='bbox 260 1552 385 1605; x_wconf 86' lang='grc'><strong>155.</strong></span> <span class='ocrx_word' id='word_1_79' title='bbox 423 1550 919 1614; x_wconf 75' lang='lat' dir='ltr'>Commonitorium,</span> <span class='ocrx_word' id='word_1_80' title='bbox 947 1548 1245 1606; x_wconf 77' lang='lat' dir='ltr'>Posidonio</span> <span class='ocrx_word' id='word_1_81' title='bbox 1274 1552 1484 1619; x_wconf 89' lang='lat' dir='ltr'>datum,</span> <span class='ocrx_word' id='word_1_82' title='bbox 1512 1556 1658 1624; x_wconf 78' lang='lat' dir='ltr'>quod</span> <span class='ocrx_word' id='word_1_83' title='bbox 1692 1555 1779 1609; x_wconf 89' lang='lat' dir='ltr'>in-</span> 
     </span>
    </p>
   </div>
   <div class='ocr_carea' id='block_1_13' title="bbox 193 1640 1773 1712">
    <p class='ocr_par' dir='ltr' id='par_1_13' title="bbox 193 1640 1773 1712">
     <span class='ocr_line' id='line_1_13' title="bbox 193 1640 1773 1712; baseline 0.003 -18"><span class='ocrx_word' id='word_1_84' title='bbox 193 1642 356 1711; x_wconf 85' lang='lat' dir='ltr'>cipit:</span> <span class='ocrx_word' id='word_1_85' title='bbox 405 1641 469 1694; x_wconf 84' lang='lat' dir='ltr'>&#39;H</span> <span class='ocrx_word' id='word_1_86' title='bbox 524 1640 819 1711; x_wconf 66' lang='grc' dir='ltr'>Νεστορῖου</span> <span class='ocrx_word' id='word_1_87' title='bbox 854 1642 1073 1706; x_wconf 67' lang='grc' dir='ltr'>πίστις,</span> <span class='ocrx_word' id='word_1_88' title='bbox 1108 1642 1309 1712; x_wconf 79' lang='grc' dir='ltr'>μᾶλλον</span> <span class='ocrx_word' id='word_1_89' title='bbox 1357 1643 1413 1696; x_wconf 74' lang='grc' dir='ltr'>δὲ</span> <span class='ocrx_word' id='word_1_90' title='bbox 1468 1644 1773 1710; x_wconf 73' lang='grc' dir='ltr'>κακοδοξία,</span> 
     </span>
    </p>
   </div>
   <div class='ocr_carea' id='block_1_14' title="bbox 194 1730 1018 1804">
    <p class='ocr_par' dir='ltr' id='par_1_14' title="bbox 194 1730 1018 1804">
     <span class='ocr_line' id='line_1_14' title="bbox 194 1730 1018 1804; baseline -0.001 -18"><span class='ocrx_word' id='word_1_91' title='bbox 194 1733 267 1804; x_wconf 61' lang='grc' dir='ltr'>εν.</span> <span class='ocrx_word' id='word_1_92' title='bbox 299 1748 471 1802; x_wconf 81' lang='lat' dir='ltr'>supra</span> <span class='ocrx_word' id='word_1_93' title='bbox 504 1730 559 1786; x_wconf 90' lang='lat' dir='ltr'>in</span> <span class='ocrx_word' id='word_1_94' title='bbox 591 1731 797 1797; x_wconf 86' lang='lat' dir='ltr'>Indice,</span> <span class='ocrx_word' id='word_1_95' title='bbox 820 1749 877 1785; x_wconf 87' lang='grc' dir='ltr'>ιι.</span> <span class='ocrx_word' id='word_1_96' title='bbox 904 1732 1018 1804; x_wconf 81' lang='lat'>&#39;59.]</span> 
     </span>
    </p>
   </div>
   <div class='ocr_carea' id='block_1_15' title="bbox 254 1824 1775 1900">
    <p class='ocr_par' dir='ltr' id='par_1_15' title="bbox 254 1824 1775 1900">
     <span class='ocr_line' id='line_1_15' title="bbox 254 1824 1775 1900; baseline 0.004 -21"><span class='ocrx_word' id='word_1_97' title='bbox 254 1825 374 1879; x_wconf 67' lang='grc'><strong>154.</strong></span> <span class='ocrx_word' id='word_1_98' title='bbox 444 1824 695 1890; x_wconf 76' lang='lat' dir='ltr'>Libellus,</span> <span class='ocrx_word' id='word_1_99' title='bbox 738 1841 770 1879; x_wconf 72' lang='grc' dir='ltr'>τι</span> <span class='ocrx_word' id='word_1_100' title='bbox 812 1824 1023 1896; x_wconf 83' lang='lat' dir='ltr'>Cyrillo</span> <span class='ocrx_word' id='word_1_101' title='bbox 1077 1835 1133 1881; x_wconf 89' lang='lat' dir='ltr'>et</span> <span class='ocrx_word' id='word_1_102' title='bbox 1195 1828 1505 1894; x_wconf 73' lang='lat' dir='ltr'>Memnone,</span> <span class='ocrx_word' id='word_1_103' title='bbox 1574 1830 1775 1900; x_wconf 79' lang='lat' dir='ltr'>Ephesi</span> 
     </span>
    </p>
   </div>
   <div class='ocr_carea' id='block_1_16' title="bbox 189 1917 1775 1987">
    <p class='ocr_par' dir='ltr' id='par_1_16' title="bbox 189 1917 1775 1987">
     <span class='ocr_line' id='line_1_16' title="bbox 189 1917 1775 1987; baseline 0.005 -18"><span class='ocrx_word' id='word_1_104' title='bbox 189 1917 377 1985; x_wconf 82' lang='lat' dir='ltr'>episc.,</span> <span class='ocrx_word' id='word_1_105' title='bbox 420 1917 643 1970; x_wconf 88' lang='lat' dir='ltr'>oblatus</span> <span class='ocrx_word' id='word_1_106' title='bbox 680 1917 921 1972; x_wconf 89' lang='lat' dir='ltr'>concilio</span> <span class='ocrx_word' id='word_1_107' title='bbox 951 1918 1250 1987; x_wconf 87' lang='lat' dir='ltr'>Ephesino.</span> <span class='ocrx_word' id='word_1_108' title='bbox 1298 1920 1435 1975; x_wconf 74' lang='lat' dir='ltr'><strong>Vide</strong></span> <span class='ocrx_word' id='word_1_109' title='bbox 1485 1922 1539 1975; x_wconf 91' lang='lat' dir='ltr'>in</span> <span class='ocrx_word' id='word_1_110' title='bbox 1579 1922 1775 1977; x_wconf 88' lang='lat' dir='ltr'>eodem</span> 
     </span>
    </p>
   </div>
   <div class='ocr_carea' id='block_1_17' title="bbox 191 2005 1246 2079">
    <p class='ocr_par' dir='ltr' id='par_1_17' title="bbox 191 2005 1246 2079">
     <span class='ocr_line' id='line_1_17' title="bbox 191 2005 1246 2079; baseline 0 -18"><span class='ocrx_word' id='word_1_111' title='bbox 191 2005 365 2061; x_wconf 82' lang='lat' dir='ltr'>Indice</span> <span class='ocrx_word' id='word_1_112' title='bbox 400 2024 412 2057; x_wconf 89' lang='lat'>:</span> <span class='ocrx_word' id='word_1_113' title='bbox 453 2006 690 2069; x_wconf 74' lang='grc' dir='ltr'>Εὑσεϐὲς</span> <span class='ocrx_word' id='word_1_114' title='bbox 712 2006 988 2077; x_wconf 73' lang='grc' dir='ltr'>Θέσπισμα</span> <span class='ocrx_word' id='word_1_115' title='bbox 1012 2010 1068 2060; x_wconf 82' lang='grc' dir='ltr'>ἐν</span> <span class='ocrx_word' id='word_1_116' title='bbox 1100 2008 1246 2079; x_wconf 82' lang='grc' dir='ltr'>τῇδε.</span> 
     </span>
    </p>
   </div>
   <div class='ocr_carea' id='block_1_18' title="bbox 256 2095 1774 2169">
    <p class='ocr_par' dir='ltr' id='par_1_18' title="bbox 256 2095 1774 2169">
     <span class='ocr_line' id='line_1_18' title="bbox 256 2095 1774 2169; baseline 0.004 -20"><span class='ocrx_word' id='word_1_117' title='bbox 256 2097 375 2150; x_wconf 83' lang='grc'><strong>155.</strong></span> <span class='ocrx_word' id='word_1_118' title='bbox 417 2095 797 2167; x_wconf 75' lang='lat' dir='ltr'>Fragmentum</span> <span class='ocrx_word' id='word_1_119' title='bbox 850 2097 1101 2162; x_wconf 75' lang='lat' dir='ltr'>homiliw,</span> <span class='ocrx_word' id='word_1_120' title='bbox 1168 2098 1315 2168; x_wconf 80' lang='lat' dir='ltr'>quod</span> <span class='ocrx_word' id='word_1_121' title='bbox 1356 2099 1550 2169; x_wconf 87' lang='lat' dir='ltr'>incipit</span> <span class='ocrx_word' id='word_1_122' title='bbox 1580 2118 1592 2153; x_wconf 75' lang='grc' dir='ltr'>ε</span> <span class='ocrx_word' id='word_1_123' title='bbox 1619 2100 1774 2155; x_wconf 64' lang='grc' dir='ltr'>ωερε</span> 
     </span>
    </p>
   </div>
   <div class='ocr_carea' id='block_1_19' title="bbox 188 2188 1775 2263">
    <p class='ocr_par' dir='ltr' id='par_1_19' title="bbox 188 2188 1775 2263">
     <span class='ocr_line' id='line_1_19' title="bbox 188 2188 1775 2263; baseline 0.004 -22"><span class='ocrx_word' id='word_1_124' title='bbox 188 2199 255 2241; x_wconf 80' lang='lat' dir='ltr'>est</span> <span class='ocrx_word' id='word_1_125' title='bbox 292 2189 450 2242; x_wconf 83' lang='lat' dir='ltr'><em>hodie</em></span> <span class='ocrx_word' id='word_1_126' title='bbox 480 2188 737 2242; x_wconf 81' lang='lat' dir='ltr'>Dominus</span> <span class='ocrx_word' id='word_1_127' title='bbox 766 2196 962 2253; x_wconf 84' lang='lat' dir='ltr'>noster,</span> <span class='ocrx_word' id='word_1_128' title='bbox 1006 2189 1061 2243; x_wconf 89' lang='lat' dir='ltr'>in</span> <span class='ocrx_word' id='word_1_129' title='bbox 1089 2198 1243 2259; x_wconf 84' lang='lat' dir='ltr'>parte</span> <span class='ocrx_word' id='word_1_130' title='bbox 1273 2207 1331 2245; x_wconf 86' lang='grc' dir='ltr'>ιιι</span> <span class='ocrx_word' id='word_1_131' title='bbox 1365 2191 1552 2246; x_wconf 75' lang='lat' dir='ltr'>Actor.</span> <span class='ocrx_word' id='word_1_132' title='bbox 1580 2192 1775 2263; x_wconf 75' lang='lat' dir='ltr'>synodi</span> 
     </span>
    </p>
   </div>
   <div class='ocr_carea' id='block_1_20' title="bbox 191 2279 1771 2351">
    <p class='ocr_par' dir='ltr' id='par_1_20' title="bbox 191 2279 1771 2351">
     <span class='ocr_line' id='line_1_20' title="bbox 191 2279 1771 2351; baseline 0.003 -19"><span class='ocrx_word' id='word_1_133' title='bbox 191 2279 492 2350; x_wconf 65' lang='lat' dir='ltr'>Ephesium,</span> <span class='ocrx_word' id='word_1_134' title='bbox 524 2288 657 2333; x_wconf 88' lang='lat' dir='ltr'>tom.</span> <span class='ocrx_word' id='word_1_135' title='bbox 684 2280 705 2333; x_wconf 92' lang='grc'>1</span> <span class='ocrx_word' id='word_1_136' title='bbox 743 2280 910 2343; x_wconf 85' lang='lat' dir='ltr'>Binii,</span> <span class='ocrx_word' id='word_1_137' title='bbox 942 2296 997 2349; x_wconf 89' lang='lat' dir='ltr'>p.</span> <span class='ocrx_word' id='word_1_138' title='bbox 1022 2280 1147 2333; x_wconf 87' lang='grc'><strong>581.</strong></span> <span class='ocrx_word' id='word_1_139' title='bbox 1184 2280 1369 2344; x_wconf 75' lang='lat' dir='ltr'>Aliud,</span> <span class='ocrx_word' id='word_1_140' title='bbox 1397 2298 1451 2351; x_wconf 91' lang='lat' dir='ltr'>p.</span> <span class='ocrx_word' id='word_1_141' title='bbox 1497 2282 1621 2335; x_wconf 75' lang='grc'><strong>425.</strong></span> <span class='ocrx_word' id='word_1_142' title='bbox 1644 2282 1771 2347; x_wconf 84' lang='lat' dir='ltr'>Eos,</span> 
     </span>
    </p>
   </div>
   <div class='ocr_carea' id='block_1_21' title="bbox 190 2370 993 2442">
    <p class='ocr_par' dir='ltr' id='par_1_21' title="bbox 190 2370 993 2442">
     <span class='ocr_line' id='line_1_21' title="bbox 190 2370 993 2442; baseline -0.004 -19"><span class='ocrx_word' id='word_1_143' title='bbox 190 2374 269 2442; x_wconf 80' lang='lat' dir='ltr'>qui</span> <span class='ocrx_word' id='word_1_144' title='bbox 293 2374 497 2442; x_wconf 89' lang='lat' dir='ltr'>pictate</span> <span class='ocrx_word' id='word_1_145' title='bbox 534 2370 682 2438; x_wconf 72' lang='lat' dir='ltr'>[irini</span> <span class='ocrx_word' id='word_1_146' title='bbox 712 2379 858 2433; x_wconf 82' lang='lat' dir='ltr'>sunt,</span> <span class='ocrx_word' id='word_1_147' title='bbox 885 2379 993 2424; x_wconf 87' lang='lat' dir='ltr'>etc.</span> 
     </span>
    </p>
   </div>
   <div class='ocr_carea' id='block_1_22' title="bbox 258 2460 1771 2533">
    <p class='ocr_par' dir='ltr' id='par_1_22' title="bbox 258 2460 1771 2533">
     <span class='ocr_line' id='line_1_22' title="bbox 258 2460 1771 2533; baseline 0.001 -18"><span class='ocrx_word' id='word_1_148' title='bbox 258 2462 375 2517; x_wconf 84' lang='grc'><strong>156.</strong></span> <span class='ocrx_word' id='word_1_149' title='bbox 437 2462 683 2533; x_wconf 83' lang='lat' dir='ltr'>Epistola</span> <span class='ocrx_word' id='word_1_150' title='bbox 736 2462 807 2515; x_wconf 88' lang='lat' dir='ltr'>ad</span> <span class='ocrx_word' id='word_1_151' title='bbox 858 2460 1075 2515; x_wconf 76' lang='lat' dir='ltr'>clericos</span> <span class='ocrx_word' id='word_1_152' title='bbox 1130 2460 1771 2532; x_wconf 78' lang='lat' dir='ltr'>Constanti‘nOpolitanos,</span> 
     </span>
    </p>
   </div>
   <div class='ocr_carea' id='block_1_23' title="bbox 191 2554 1773 2626">
    <p class='ocr_par' dir='ltr' id='par_1_23' title="bbox 191 2554 1773 2626">
     <span class='ocr_line' id='line_1_23' title="bbox 191 2554 1773 2626; baseline 0.002 -18"><span class='ocrx_word' id='word_1_153' title='bbox 191 2557 395 2625; x_wconf 81' lang='lat' dir='ltr'>plenior</span> <span class='ocrx_word' id='word_1_154' title='bbox 442 2572 511 2609; x_wconf 79' lang='lat' dir='ltr'>ex</span> <span class='ocrx_word' id='word_1_155' title='bbox 571 2554 725 2609; x_wconf 81' lang='lat' dir='ltr'>Marii</span> <span class='ocrx_word' id='word_1_156' title='bbox 779 2554 1096 2610; x_wconf 81' lang='lat' dir='ltr'>Mercatoris</span> <span class='ocrx_word' id='word_1_157' title='bbox 1144 2554 1412 2608; x_wconf 78' lang='lat' dir='ltr'>versione.</span> <span class='ocrx_word' id='word_1_158' title='bbox 1443 2555 1579 2610; x_wconf 76' lang='lat' dir='ltr'>Vide</span> <span class='ocrx_word' id='word_1_159' title='bbox 1610 2571 1773 2626; x_wconf 81' lang='lat' dir='ltr'>supra</span> 
     </span>
    </p>
   </div>
   <div class='ocr_carea' id='block_1_24' title="bbox 191 2648 1345 2718">
    <p class='ocr_par' dir='ltr' id='par_1_24' title="bbox 191 2648 1345 2718">
     <span class='ocr_line' id='line_1_24' title="bbox 191 2648 1345 2718; baseline -0.004 -14"><span class='ocrx_word' id='word_1_160' title='bbox 191 2649 239 2703; x_wconf 86' lang='lat' dir='ltr'>in</span> <span class='ocrx_word' id='word_1_161' title='bbox 261 2649 445 2703; x_wconf 85' lang='lat' dir='ltr'>Indice</span> <span class='ocrx_word' id='word_1_162' title='bbox 478 2666 493 2700; x_wconf 89' lang='lat'>:</span> <span class='ocrx_word' id='word_1_163' title='bbox 537 2649 801 2715; x_wconf 80' lang='grc' dir='ltr'>’Ᾱνέγνων</span> <span class='ocrx_word' id='word_1_164' title='bbox 829 2648 888 2699; x_wconf 79' lang='grc' dir='ltr'>τὸ</span> <span class='ocrx_word' id='word_1_165' title='bbox 919 2648 1345 2718; x_wconf 70' lang='grc' dir='ltr'>ὑπομνηστικόν.</span> 
     </span>
    </p>
   </div>
   <div class='ocr_carea' id='block_1_25' title="bbox 258 2735 1773 2801">
    <p class='ocr_par' dir='ltr' id='par_1_25' title="bbox 258 2735 1773 2801">
     <span class='ocr_line' id='line_1_25' title="bbox 258 2735 1773 2801; baseline 0.003 -12"><span class='ocrx_word' id='word_1_166' title='bbox 258 2738 373 2791; x_wconf 81' lang='grc'><strong>157.</strong></span> <span class='ocrx_word' id='word_1_167' title='bbox 410 2735 666 2791; x_wconf 85' lang='lat' dir='ltr'>Collectio</span> <span class='ocrx_word' id='word_1_168' title='bbox 692 2737 904 2790; x_wconf 78' lang='lat' dir='ltr'>uberior</span> <span class='ocrx_word' id='word_1_169' title='bbox 933 2737 1191 2791; x_wconf 84' lang='lat' dir='ltr'>dictorum</span> <span class='ocrx_word' id='word_1_170' title='bbox 1215 2736 1466 2801; x_wconf 87' lang='lat' dir='ltr'>Nestorii,</span> <span class='ocrx_word' id='word_1_171' title='bbox 1493 2754 1557 2792; x_wconf 77' lang='lat' dir='ltr'>ex</span> <span class='ocrx_word' id='word_1_172' title='bbox 1581 2738 1773 2793; x_wconf 78' lang='lat' dir='ltr'>Latina</span> 
     </span>
    </p>
   </div>
   <div class='ocr_carea' id='block_1_26' title="bbox 191 2828 1770 2896">
    <p class='ocr_par' dir='ltr' id='par_1_26' title="bbox 191 2828 1770 2896">
     <span class='ocr_line' id='line_1_26' title="bbox 191 2828 1770 2896; baseline 0.001 -12"><span class='ocrx_word' id='word_1_173' title='bbox 191 2828 334 2884; x_wconf 77' lang='lat' dir='ltr'>Illarii</span> <span class='ocrx_word' id='word_1_174' title='bbox 386 2829 714 2884; x_wconf 80' lang='lat' dir='ltr'>.‘llercatoris</span> <span class='ocrx_word' id='word_1_175' title='bbox 762 2830 1055 2896; x_wconf 78' lang='lat' dir='ltr'>versione,</span> <span class='ocrx_word' id='word_1_176' title='bbox 1093 2838 1226 2885; x_wconf 91' lang='lat' dir='ltr'>tom.</span> <span class='ocrx_word' id='word_1_177' title='bbox 1288 2830 1333 2884; x_wconf 92' lang='lat' dir='ltr'>II</span> <span class='ocrx_word' id='word_1_178' title='bbox 1372 2829 1506 2885; x_wconf 91' lang='lat' dir='ltr'>edit.</span> <span class='ocrx_word' id='word_1_179' title='bbox 1557 2830 1770 2886; x_wconf 76' lang='lat' dir='ltr'>Carne-</span> 
     </span>
    </p>
   </div>
   <div class='ocr_carea' id='block_1_27' title="bbox 191 2920 771 2989">
    <p class='ocr_par' dir='ltr' id='par_1_27' title="bbox 191 2920 771 2989">
     <span class='ocr_line' id='line_1_27' title="bbox 191 2920 771 2989; baseline -0.003 -15"><span class='ocrx_word' id='word_1_180' title='bbox 191 2922 365 2979; x_wconf 68' lang='lat' dir='ltr'>rianae.</span> <span class='ocrx_word' id='word_1_181' title='bbox 404 2937 460 2989; x_wconf 88' lang='lat' dir='ltr'>p.</span> <span class='ocrx_word' id='word_1_182' title='bbox 508 2920 771 2975; x_wconf 88' lang='grc'><strong>105-106.</strong></span> 
     </span>
    </p>
   </div>
   <div class='ocr_carea' id='block_1_28' title="bbox 254 3011 1771 3084">
    <p class='ocr_par' dir='ltr' id='par_1_28' title="bbox 254 3011 1771 3084">
     <span class='ocr_line' id='line_1_28' title="bbox 254 3011 1771 3084; baseline 0.002 -20"><span class='ocrx_word' id='word_1_183' title='bbox 254 3011 372 3065; x_wconf 90' lang='grc'><strong>158.</strong></span> <span class='ocrx_word' id='word_1_184' title='bbox 399 3012 583 3067; x_wconf 87' lang='lat' dir='ltr'>Locus</span> <span class='ocrx_word' id='word_1_185' title='bbox 619 3012 873 3082; x_wconf 82' lang='lat' dir='ltr'>insignis,</span> <span class='ocrx_word' id='word_1_186' title='bbox 908 3026 1018 3081; x_wconf 87' lang='lat' dir='ltr'>quo</span> <span class='ocrx_word' id='word_1_187' title='bbox 1056 3011 1255 3066; x_wconf 85' lang='lat' dir='ltr'>scholia</span> <span class='ocrx_word' id='word_1_188' title='bbox 1305 3011 1494 3084; x_wconf 73' lang='lat' dir='ltr'>Cyrilli</span> <span class='ocrx_word' id='word_1_189' title='bbox 1537 3013 1604 3069; x_wconf 88' lang='lat' dir='ltr'>de</span> <span class='ocrx_word' id='word_1_190' title='bbox 1639 3014 1771 3070; x_wconf 84' lang='lat' dir='ltr'>Uni-</span> 
     </span>
    </p>
   </div>
   <div class='ocr_carea' id='block_1_29' title="bbox 191 3103 1770 3173">
    <p class='ocr_par' dir='ltr' id='par_1_29' title="bbox 191 3103 1770 3173">
     <span class='ocr_line' id='line_1_29' title="bbox 191 3103 1770 3173; baseline 0.001 -16"><span class='ocrx_word' id='word_1_191' title='bbox 191 3103 364 3173; x_wconf 76' lang='lat' dir='ltr'>genito</span> <span class='ocrx_word' id='word_1_192' title='bbox 394 3103 645 3157; x_wconf 85' lang='lat' dir='ltr'>auctiora</span> <span class='ocrx_word' id='word_1_193' title='bbox 673 3120 741 3157; x_wconf 80' lang='lat' dir='ltr'>ex</span> <span class='ocrx_word' id='word_1_194' title='bbox 769 3120 873 3158; x_wconf 88' lang='lat' dir='ltr'>ms.</span> <span class='ocrx_word' id='word_1_195' title='bbox 902 3103 1056 3158; x_wconf 83' lang='lat' dir='ltr'><strong>dedit</strong></span> <span class='ocrx_word' id='word_1_196' title='bbox 1095 3104 1240 3157; x_wconf 87' lang='lat' dir='ltr'>idem</span> <span class='ocrx_word' id='word_1_197' title='bbox 1278 3103 1518 3159; x_wconf 84' lang='lat' dir='ltr'>Joannes</span> <span class='ocrx_word' id='word_1_198' title='bbox 1560 3105 1770 3160; x_wconf 85' lang='lat' dir='ltr'>Game-</span> 
     </span>
    </p>
   </div>
   <div class='ocr_carea' id='block_1_30' title="bbox 192 3196 1770 3267">
    <p class='ocr_par' dir='ltr' id='par_1_30' title="bbox 192 3196 1770 3267">
     <span class='ocr_line' id='line_1_30' title="bbox 192 3196 1770 3267; baseline 0.001 -17"><span class='ocrx_word' id='word_1_199' title='bbox 192 3212 313 3251; x_wconf 81' lang='lat' dir='ltr'>I&#39;IIIS.</span> <span class='ocrx_word' id='word_1_200' title='bbox 356 3196 495 3251; x_wconf 71' lang='lat' dir='ltr'>Vide</span> <span class='ocrx_word' id='word_1_201' title='bbox 548 3214 735 3266; x_wconf 83' lang='lat' dir='ltr'>supra,</span> <span class='ocrx_word' id='word_1_202' title='bbox 772 3214 926 3251; x_wconf 91' lang='lat' dir='ltr'>num.</span> <span class='ocrx_word' id='word_1_203' title='bbox 979 3197 1031 3261; x_wconf 91' lang='lat'>8,</span> <span class='ocrx_word' id='word_1_204' title='bbox 1073 3197 1127 3251; x_wconf 92' lang='lat' dir='ltr'>in</span> <span class='ocrx_word' id='word_1_205' title='bbox 1167 3197 1485 3251; x_wconf 83' lang='lat' dir='ltr'>recensione</span> <span class='ocrx_word' id='word_1_206' title='bbox 1542 3212 1770 3267; x_wconf 88' lang='lat' dir='ltr'>operum</span> 
     </span>
    </p>
   </div>
   <div class='ocr_carea' id='block_1_31' title="bbox 191 3287 1150 3357">
    <p class='ocr_par' dir='ltr' id='par_1_31' title="bbox 191 3287 1150 3357">
     <span class='ocr_line' id='line_1_31' title="bbox 191 3287 1150 3357; baseline 0.001 -18"><span class='ocrx_word' id='word_1_207' title='bbox 191 3304 298 3357; x_wconf 68' lang='lat' dir='ltr'>qua:</span> <span class='ocrx_word' id='word_1_208' title='bbox 338 3297 525 3342; x_wconf 85' lang='lat' dir='ltr'>tomus</span> <span class='ocrx_word' id='word_1_209' title='bbox 557 3288 600 3342; x_wconf 85' lang='lat' dir='ltr'><strong>V</strong></span> <span class='ocrx_word' id='word_1_210' title='bbox 624 3287 853 3342; x_wconf 78' lang='lat' dir='ltr'>Auberti</span> <span class='ocrx_word' id='word_1_211' title='bbox 886 3287 1150 3341; x_wconf 79' lang='lat' dir='ltr'>continet.</span> 
     </span>
    </p>
   </div>
   <div class='ocr_carea' id='block_1_32' title="bbox 250 3374 1767 3448">
    <p class='ocr_par' dir='ltr' id='par_1_32' title="bbox 250 3374 1767 3448">
     <span class='ocr_line' id='line_1_32' title="bbox 250 3374 1767 3448; baseline 0.001 -19"><span class='ocrx_word' id='word_1_212' title='bbox 250 3376 375 3429; x_wconf 76' lang='grc'><strong>159.</strong></span> <span class='ocrx_word' id='word_1_213' title='bbox 420 3375 668 3446; x_wconf 77' lang='lat' dir='ltr'>Epistola</span> <span class='ocrx_word' id='word_1_214' title='bbox 693 3375 763 3429; x_wconf 87' lang='lat' dir='ltr'>ad</span> <span class='ocrx_word' id='word_1_215' title='bbox 793 3374 1045 3429; x_wconf 73' lang='lat' dir='ltr'>Acacium</span> <span class='ocrx_word' id='word_1_216' title='bbox 1072 3374 1472 3430; x_wconf 80' lang='lat' dir='ltr'>Berrhoé’nscm.</span> <span class='ocrx_word' id='word_1_217' title='bbox 1504 3377 1564 3430; x_wconf 90' lang='lat' dir='ltr'>In</span> <span class='ocrx_word' id='word_1_218' title='bbox 1596 3376 1767 3448; x_wconf 83' lang='lat' dir='ltr'>Syno-</span> 
     </span>
    </p>
   </div>
   <div class='ocr_carea' id='block_1_33' title="bbox 193 3466 1763 3538">
    <p class='ocr_par' dir='ltr' id='par_1_33' title="bbox 193 3466 1763 3538">
     <span class='ocr_line' id='line_1_33' title="bbox 193 3466 1763 3538; baseline 0.002 -19"><span class='ocrx_word' id='word_1_219' title='bbox 193 3466 301 3520; x_wconf 85' lang='lat' dir='ltr'>dico</span> <span class='ocrx_word' id='word_1_220' title='bbox 328 3467 597 3521; x_wconf 82' lang='lat' dir='ltr'>adversus</span> <span class='ocrx_word' id='word_1_221' title='bbox 623 3467 943 3538; x_wconf 72' lang='lat' dir='ltr'>tragmdiam</span> <span class='ocrx_word' id='word_1_222' title='bbox 971 3467 1185 3533; x_wconf 74' lang='lat' dir='ltr'>Irenaei,</span> <span class='ocrx_word' id='word_1_223' title='bbox 1218 3484 1265 3521; x_wconf 92' lang='lat' dir='ltr'>c.</span> <span class='ocrx_word' id='word_1_224' title='bbox 1306 3468 1392 3533; x_wconf 85' lang='grc'>56,</span> <span class='ocrx_word' id='word_1_225' title='bbox 1436 3484 1488 3538; x_wconf 90' lang='lat' dir='ltr'>p.</span> <span class='ocrx_word' id='word_1_226' title='bbox 1520 3468 1616 3522; x_wconf 82' lang='grc'>851</span> <span class='ocrx_word' id='word_1_227' title='bbox 1657 3484 1763 3538; x_wconf 86' lang='lat' dir='ltr'>sq.,</span> 
     </span>
    </p>
   </div>
   <div class='ocr_carea' id='block_1_34' title="bbox 194 3556 1763 3630">
    <p class='ocr_par' dir='ltr' id='par_1_34' title="bbox 194 3556 1763 3630">
     <span class='ocr_line' id='line_1_34' title="bbox 194 3556 1763 3630; baseline 0.003 -19"><span class='ocrx_word' id='word_1_228' title='bbox 194 3558 317 3627; x_wconf 81' lang='lat' dir='ltr'>apud</span> <span class='ocrx_word' id='word_1_229' title='bbox 345 3558 636 3613; x_wconf 81' lang='lat' dir='ltr'>Baluzium</span> <span class='ocrx_word' id='word_1_230' title='bbox 660 3556 877 3613; x_wconf 89' lang='lat' dir='ltr'>Collect.</span> <span class='ocrx_word' id='word_1_231' title='bbox 909 3574 1056 3613; x_wconf 75' lang='lat' dir='ltr'>nova:</span> <span class='ocrx_word' id='word_1_232' title='bbox 1077 3559 1371 3625; x_wconf 83' lang='lat' dir='ltr'>concilior.,</span> <span class='ocrx_word' id='word_1_233' title='bbox 1396 3577 1450 3630; x_wconf 89' lang='lat' dir='ltr'>p.</span> <span class='ocrx_word' id='word_1_234' title='bbox 1486 3560 1763 3625; x_wconf 76' lang='lat'>758-762;</span> 
     </span>
    </p>
   </div>
   <div class='ocr_carea' id='block_1_35' title="bbox 195 3650 1763 3720">
    <p class='ocr_par' dir='ltr' id='par_1_35' title="bbox 195 3650 1763 3720">
     <span class='ocr_line' id='line_1_35' title="bbox 195 3650 1763 3720; baseline 0.002 -17"><span class='ocrx_word' id='word_1_235' title='bbox 195 3650 386 3705; x_wconf 80' lang='lat' dir='ltr'>Latine.</span> <span class='ocrx_word' id='word_1_236' title='bbox 422 3651 621 3720; x_wconf 87' lang='lat' dir='ltr'>Incipit</span> <span class='ocrx_word' id='word_1_237' title='bbox 645 3668 657 3703; x_wconf 90' lang='lat'>:</span> <span class='ocrx_word' id='word_1_238' title='bbox 681 3650 964 3703; x_wconf 85' lang='lat' dir='ltr'>Decentem</span> <span class='ocrx_word' id='word_1_239' title='bbox 997 3666 1052 3703; x_wconf 88' lang='lat' dir='ltr'>se</span> <span class='ocrx_word' id='word_1_240' title='bbox 1082 3652 1243 3704; x_wconf 88' lang='lat' dir='ltr'>etiam</span> <span class='ocrx_word' id='word_1_241' title='bbox 1285 3669 1424 3706; x_wconf 89' lang='lat' dir='ltr'>nunc</span> <span class='ocrx_word' id='word_1_242' title='bbox 1457 3670 1641 3707; x_wconf 87' lang='lat' dir='ltr'>curam</span> <span class='ocrx_word' id='word_1_243' title='bbox 1678 3654 1763 3706; x_wconf 88' lang='lat' dir='ltr'>in-</span> 
     </span>
    </p>
   </div>
   <div class='ocr_carea' id='block_1_36' title="bbox 196 3740 1764 3813">
    <p class='ocr_par' dir='ltr' id='par_1_36' title="bbox 196 3740 1764 3813">
     <span class='ocr_line' id='line_1_36' title="bbox 196 3740 1764 3813; baseline 0.004 -19"><span class='ocrx_word' id='word_1_244' title='bbox 196 3745 303 3813; x_wconf 81' lang='lat' dir='ltr'>cipit</span> <span class='ocrx_word' id='word_1_245' title='bbox 346 3744 604 3797; x_wconf 73' lang='lat' dir='ltr'>sanctitas</span> <span class='ocrx_word' id='word_1_246' title='bbox 663 3752 777 3796; x_wconf 86' lang='lat' dir='ltr'>tua.</span> <span class='ocrx_word' id='word_1_247' title='bbox 837 3742 991 3797; x_wconf 89' lang='lat' dir='ltr'><strong>Adde</strong></span> <span class='ocrx_word' id='word_1_248' title='bbox 1058 3740 1373 3798; x_wconf 88' lang='lat' dir='ltr'>Tillemont.</span> <span class='ocrx_word' id='word_1_249' title='bbox 1435 3744 1589 3799; x_wconf 89' lang='lat' dir='ltr'>Tom.</span> <span class='ocrx_word' id='word_1_250' title='bbox 1623 3745 1764 3812; x_wconf 76' lang='lat' dir='ltr'>XIV,</span> 
     </span>
    </p>
   </div>
   <div class='ocr_carea' id='block_1_37' title="bbox 200 3833 1765 3909">
    <p class='ocr_par' dir='ltr' id='par_1_37' title="bbox 200 3833 1765 3909">
     <span class='ocr_line' id='line_1_37' title="bbox 200 3833 1765 3909; baseline 0.005 -22"><span class='ocrx_word' id='word_1_251' title='bbox 200 3851 301 3905; x_wconf 79' lang='lat' dir='ltr'>pag.</span> <span class='ocrx_word' id='word_1_252' title='bbox 333 3834 453 3898; x_wconf 93' lang='grc'><strong>519,</strong></span> <span class='ocrx_word' id='word_1_253' title='bbox 492 3852 611 3905; x_wconf 86' lang='lat' dir='ltr'>seq.</span> <span class='ocrx_word' id='word_1_254' title='bbox 673 3833 833 3889; x_wconf 72' lang='lat' dir='ltr'>FABR.</span> <span class='ocrx_word' id='word_1_255' title='bbox 879 3866 948 3874; x_wconf 95' lang='lat'><strong>—</strong></span> <span class='ocrx_word' id='word_1_256' title='bbox 976 3834 1035 3888; x_wconf 91' lang='lat' dir='ltr'>In</span> <span class='ocrx_word' id='word_1_257' title='bbox 1075 3834 1348 3907; x_wconf 78' lang='lat' dir='ltr'>Synodico</span> <span class='ocrx_word' id='word_1_258' title='bbox 1389 3838 1561 3892; x_wconf 89' lang='lat' dir='ltr'>multa</span> <span class='ocrx_word' id='word_1_259' title='bbox 1606 3855 1765 3909; x_wconf 85' lang='lat' dir='ltr'>repe-</span> 
     </span>
    </p>
   </div>
   <div class='ocr_carea' id='block_1_38' title="bbox 204 3925 1764 4000">
    <p class='ocr_par' dir='ltr' id='par_1_38' title="bbox 204 3925 1764 4000">
     <span class='ocr_line' id='line_1_38' title="bbox 204 3925 1764 4000; baseline 0.004 -24"><span class='ocrx_word' id='word_1_260' title='bbox 204 3926 395 3981; x_wconf 85' lang='lat' dir='ltr'>riuntur</span> <span class='ocrx_word' id='word_1_261' title='bbox 426 3928 661 3982; x_wconf 86' lang='lat' dir='ltr'>collecta</span> <span class='ocrx_word' id='word_1_262' title='bbox 693 3926 761 3982; x_wconf 90' lang='lat' dir='ltr'><strong>de</strong></span> <span class='ocrx_word' id='word_1_263' title='bbox 796 3927 975 3982; x_wconf 81' lang='lat' dir='ltr'>turbis</span> <span class='ocrx_word' id='word_1_264' title='bbox 1016 3925 1381 3981; x_wconf 79' lang='lat' dir='ltr'>Orientalium</span> <span class='ocrx_word' id='word_1_265' title='bbox 1416 3937 1538 3999; x_wconf 81' lang='lat' dir='ltr'>post</span> <span class='ocrx_word' id='word_1_266' title='bbox 1575 3946 1764 4000; x_wconf 85' lang='lat' dir='ltr'>pacem</span> 
     </span>
    </p>
   </div>
   <div class='ocr_carea' id='block_1_39' title="bbox 203 4014 604 4070">
    <p class='ocr_par' dir='ltr' id='par_1_39' title="bbox 203 4014 604 4070">
     <span class='ocr_line' id='line_1_39' title="bbox 203 4014 604 4070; baseline 0.005 -4"><span class='ocrx_word' id='word_1_267' title='bbox 203 4014 397 4069; x_wconf 80' lang='lat' dir='ltr'>tactam.</span> <span class='ocrx_word' id='word_1_268' title='bbox 432 4015 604 4070; x_wconf 58' lang='lat' dir='ltr'>Hann.</span> 
     </span>
    </p>
   </div>
   <div class='ocr_carea' id='block_1_40' title="bbox 262 4105 1760 4183">
    <p class='ocr_par' dir='ltr' id='par_1_40' title="bbox 262 4105 1760 4183">
     <span class='ocr_line' id='line_1_40' title="bbox 262 4105 1760 4183; baseline 0.005 -25"><span class='ocrx_word' id='word_1_269' title='bbox 262 4105 369 4159; x_wconf 78' lang='lat'>110.</span> <span class='ocrx_word' id='word_1_270' title='bbox 416 4108 501 4161; x_wconf 80' lang='lat' dir='ltr'>Ad</span> <span class='ocrx_word' id='word_1_271' title='bbox 545 4108 800 4160; x_wconf 78' lang='lat' dir='ltr'>Acacium</span> <span class='ocrx_word' id='word_1_272' title='bbox 834 4107 1231 4164; x_wconf 76' lang='lat' dir='ltr'>Melitineuscm.</span> <span class='ocrx_word' id='word_1_273' title='bbox 1275 4110 1461 4165; x_wconf 88' lang='lat' dir='ltr'>Baluz.</span> <span class='ocrx_word' id='word_1_274' title='bbox 1490 4152 1503 4175; x_wconf 92' lang='lat'>,</span> <span class='ocrx_word' id='word_1_275' title='bbox 1549 4129 1602 4183; x_wconf 89' lang='lat' dir='ltr'>p.</span> <span class='ocrx_word' id='word_1_276' title='bbox 1638 4111 1760 4177; x_wconf 91' lang='lat'>917,</span> 
     </span>
    </p>
   </div>
   <div class='ocr_carea' id='block_1_41' title="bbox 202 4199 1759 4268">
    <p class='ocr_par' dir='ltr' id='par_1_41' title="bbox 202 4199 1759 4268">
     <span class='ocr_line' id='line_1_41' title="bbox 202 4199 1759 4268; baseline 0.005 -19"><span class='ocrx_word' id='word_1_277' title='bbox 202 4206 247 4249; x_wconf 79' lang='lat' dir='ltr'>et</span> <span class='ocrx_word' id='word_1_278' title='bbox 272 4214 329 4251; x_wconf 79' lang='lat' dir='ltr'>ex</span> <span class='ocrx_word' id='word_1_279' title='bbox 362 4200 465 4253; x_wconf 86' lang='lat' dir='ltr'>alia</span> <span class='ocrx_word' id='word_1_280' title='bbox 498 4199 754 4253; x_wconf 75' lang='lat' dir='ltr'>versione</span> <span class='ocrx_word' id='word_1_281' title='bbox 787 4199 840 4253; x_wconf 91' lang='lat' dir='ltr'>in</span> <span class='ocrx_word' id='word_1_282' title='bbox 876 4201 1168 4257; x_wconf 87' lang='lat' dir='ltr'>collatione</span> <span class='ocrx_word' id='word_1_283' title='bbox 1203 4202 1235 4256; x_wconf 88' lang='grc'>5</span> <span class='ocrx_word' id='word_1_284' title='bbox 1273 4202 1491 4257; x_wconf 83' lang='lat' dir='ltr'>concilii</span> <span class='ocrx_word' id='word_1_285' title='bbox 1538 4220 1589 4268; x_wconf 87' lang='lat' dir='ltr'>v,</span> <span class='ocrx_word' id='word_1_286' title='bbox 1629 4213 1759 4258; x_wconf 89' lang='lat' dir='ltr'>tom.</span> 
     </span>
    </p>
   </div>
   <div class='ocr_carea' id='block_1_42' title="bbox 205 4286 1761 4367">
    <p class='ocr_par' dir='ltr' id='par_1_42' title="bbox 205 4286 1761 4367">
     <span class='ocr_line' id='line_1_42' title="bbox 205 4286 1761 4367; baseline 0.006 -27"><span class='ocrx_word' id='word_1_287' title='bbox 205 4286 240 4341; x_wconf 94' lang='lat' dir='ltr'>ll</span> <span class='ocrx_word' id='word_1_288' title='bbox 271 4290 423 4356; x_wconf 86' lang='lat' dir='ltr'>Binii,</span> <span class='ocrx_word' id='word_1_289' title='bbox 466 4302 629 4362; x_wconf 86' lang='lat' dir='ltr'>parte</span> <span class='ocrx_word' id='word_1_290' title='bbox 670 4308 728 4355; x_wconf 91' lang='grc' dir='ltr'>ιι,</span> <span class='ocrx_word' id='word_1_291' title='bbox 766 4308 821 4361; x_wconf 85' lang='lat' dir='ltr'>p.</span> <span class='ocrx_word' id='word_1_292' title='bbox 852 4292 940 4357; x_wconf 82' lang='grc'>70,</span> <span class='ocrx_word' id='word_1_293' title='bbox 984 4293 1077 4347; x_wconf 90' lang='lat' dir='ltr'>ubi</span> <span class='ocrx_word' id='word_1_294' title='bbox 1105 4295 1344 4349; x_wconf 82' lang='lat' dir='ltr'>traditur</span> <span class='ocrx_word' id='word_1_295' title='bbox 1374 4294 1564 4349; x_wconf 88' lang='lat' dir='ltr'>eadem</span> <span class='ocrx_word' id='word_1_296' title='bbox 1585 4295 1761 4367; x_wconf 75' lang='lat' dir='ltr'>Cyril-</span> 
     </span>
    </p>
   </div>
   <div class='ocr_carea' id='block_1_43' title="bbox 202 4377 1765 4457">
    <p class='ocr_par' dir='ltr' id='par_1_43' title="bbox 202 4377 1765 4457">
     <span class='ocr_line' id='line_1_43' title="bbox 202 4377 1765 4457; baseline 0.007 -27"><span class='ocrx_word' id='word_1_297' title='bbox 202 4377 274 4433; x_wconf 90' lang='lat' dir='ltr'>lus</span> <span class='ocrx_word' id='word_1_298' title='bbox 297 4382 451 4436; x_wconf 84' lang='lat' dir='ltr'>etiam</span> <span class='ocrx_word' id='word_1_299' title='bbox 488 4382 779 4452; x_wconf 84' lang='lat' dir='ltr'>scripsisse</span> <span class='ocrx_word' id='word_1_300' title='bbox 810 4382 879 4437; x_wconf 86' lang='lat' dir='ltr'>ad</span> <span class='ocrx_word' id='word_1_301' title='bbox 913 4380 1265 4439; x_wconf 86' lang='lat' dir='ltr'>Theodorum</span> <span class='ocrx_word' id='word_1_302' title='bbox 1297 4384 1668 4457; x_wconf 81' lang='lat' dir='ltr'>Ancyranum,</span> <span class='ocrx_word' id='word_1_303' title='bbox 1709 4395 1765 4441; x_wconf 89' lang='lat' dir='ltr'>et</span> 
     </span>
    </p>
   </div>
   <div class='ocr_carea' id='block_1_44' title="bbox 204 4471 1762 4552">
    <p class='ocr_par' dir='ltr' id='par_1_44' title="bbox 204 4471 1762 4552">
     <span class='ocr_line' id='line_1_44' title="bbox 204 4471 1762 4552; baseline 0.006 -28"><span class='ocrx_word' id='word_1_304' title='bbox 204 4471 442 4537; x_wconf 80' lang='lat' dir='ltr'>Firmum,</span> <span class='ocrx_word' id='word_1_305' title='bbox 480 4476 746 4532; x_wconf 66' lang='lat' dir='ltr'>Caesareae</span> <span class='ocrx_word' id='word_1_306' title='bbox 788 4478 1149 4551; x_wconf 64' lang='lat' dir='ltr'>Cappadociae</span> <span class='ocrx_word' id='word_1_307' title='bbox 1208 4481 1551 4552; x_wconf 89' lang='lat' dir='ltr'>episc0pum.</span> <span class='ocrx_word' id='word_1_308' title='bbox 1611 4480 1677 4533; x_wconf 85' lang='lat' dir='ltr'>Et</span> <span class='ocrx_word' id='word_1_309' title='bbox 1708 4480 1762 4533; x_wconf 90' lang='lat' dir='ltr'>in</span> 
     </span>
    </p>
   </div>
   <div class='ocr_carea' id='block_1_45' title="bbox 200 4564 1759 4641">
    <p class='ocr_par' dir='ltr' id='par_1_45' title="bbox 200 4564 1759 4641">
     <span class='ocr_line' id='line_1_45' title="bbox 200 4564 1759 4641; baseline 0.004 -26"><span class='ocrx_word' id='word_1_310' title='bbox 200 4564 403 4631; x_wconf 85' lang='lat' dir='ltr'>cpistola</span> <span class='ocrx_word' id='word_1_311' title='bbox 436 4564 469 4621; x_wconf 78' lang='grc'>5</span> <span class='ocrx_word' id='word_1_312' title='bbox 502 4568 710 4640; x_wconf 81' lang='lat' dir='ltr'>Pelagii</span> <span class='ocrx_word' id='word_1_313' title='bbox 746 4569 789 4623; x_wconf 93' lang='lat' dir='ltr'>II</span> <span class='ocrx_word' id='word_1_314' title='bbox 827 4570 895 4623; x_wconf 89' lang='lat' dir='ltr'>ad</span> <span class='ocrx_word' id='word_1_315' title='bbox 948 4571 1238 4641; x_wconf 81' lang='lat' dir='ltr'>episcopos</span> <span class='ocrx_word' id='word_1_316' title='bbox 1296 4571 1487 4626; x_wconf 70' lang='lat' dir='ltr'>Istrite.</span> <span class='ocrx_word' id='word_1_317' title='bbox 1526 4568 1759 4639; x_wconf 80' lang='lat' dir='ltr'>Incipit:</span> 
     </span>
    </p>
   </div>
   <div class='ocr_carea' id='block_1_46' title="bbox 202 4652 1319 4733">
    <p class='ocr_par' dir='ltr' id='par_1_46' title="bbox 202 4652 1319 4733">
     <span class='ocr_line' id='line_1_46' title="bbox 202 4652 1319 4733; baseline 0.01 -27"><span class='ocrx_word' id='word_1_318' title='bbox 202 4652 364 4711; x_wconf 79' lang='lat' dir='ltr'>Latere</span> <span class='ocrx_word' id='word_1_319' title='bbox 389 4670 539 4714; x_wconf 85' lang='lat' dir='ltr'>tuam</span> <span class='ocrx_word' id='word_1_320' title='bbox 576 4678 679 4714; x_wconf 85' lang='lat' dir='ltr'>non</span> <span class='ocrx_word' id='word_1_321' title='bbox 703 4661 936 4733; x_wconf 76' lang='lat' dir='ltr'>oportuit</span> <span class='ocrx_word' id='word_1_322' title='bbox 959 4666 1319 4717; x_wconf 82' lang='lat' dir='ltr'>sanctitatem.</span> 
     </span>
    </p>
   </div>
   <div class='ocr_carea' id='block_1_47' title="bbox 260 4748 1758 4824">
    <p class='ocr_par' dir='ltr' id='par_1_47' title="bbox 260 4748 1758 4824">
     <span class='ocr_line' id='line_1_47' title="bbox 260 4748 1758 4824; baseline 0.005 -25"><span class='ocrx_word' id='word_1_323' title='bbox 260 4748 473 4805; x_wconf 74' lang='lat' dir='ltr'>L11.Ad</span> <span class='ocrx_word' id='word_1_324' title='bbox 517 4750 815 4807; x_wconf 85' lang='lat' dir='ltr'>Rabbulam</span> <span class='ocrx_word' id='word_1_325' title='bbox 849 4753 1193 4820; x_wconf 87' lang='lat' dir='ltr'>Edessenum,</span> <span class='ocrx_word' id='word_1_326' title='bbox 1244 4755 1299 4809; x_wconf 94' lang='lat' dir='ltr'>in</span> <span class='ocrx_word' id='word_1_327' title='bbox 1337 4754 1530 4810; x_wconf 89' lang='lat' dir='ltr'>eodem</span> <span class='ocrx_word' id='word_1_328' title='bbox 1584 4750 1758 4824; x_wconf 83' lang='lat' dir='ltr'>Syno-</span> 
     </span>
    </p>
   </div>
   <div class='ocr_carea' id='block_1_48' title="bbox 200 4838 1761 4916">
    <p class='ocr_par' dir='ltr' id='par_1_48' title="bbox 200 4838 1761 4916">
     <span class='ocr_line' id='line_1_48' title="bbox 200 4838 1761 4916; baseline 0.004 -25"><span class='ocrx_word' id='word_1_329' title='bbox 200 4838 322 4905; x_wconf 81' lang='lat' dir='ltr'>dico,</span> <span class='ocrx_word' id='word_1_330' title='bbox 373 4859 426 4912; x_wconf 89' lang='lat' dir='ltr'>p.</span> <span class='ocrx_word' id='word_1_331' title='bbox 482 4842 609 4908; x_wconf 86' lang='lat'>812,</span> <span class='ocrx_word' id='word_1_332' title='bbox 662 4844 798 4899; x_wconf 86' lang='lat' dir='ltr'>edit.</span> <span class='ocrx_word' id='word_1_333' title='bbox 851 4845 1081 4900; x_wconf 88' lang='lat' dir='ltr'>Baluzii.</span> <span class='ocrx_word' id='word_1_334' title='bbox 1140 4844 1338 4916; x_wconf 89' lang='lat' dir='ltr'>Incipit</span> <span class='ocrx_word' id='word_1_335' title='bbox 1370 4865 1381 4899; x_wconf 90' lang='lat'>:</span> <span class='ocrx_word' id='word_1_336' title='bbox 1412 4846 1656 4901; x_wconf 88' lang='lat' dir='ltr'>Piissimo</span> <span class='ocrx_word' id='word_1_337' title='bbox 1713 4854 1761 4899; x_wconf 86' lang='lat' dir='ltr'>et</span> 
     </span>
    </p>
   </div>
   <div class='ocr_carea' id='block_1_49' title="bbox 199 4934 1500 5009">
    <p class='ocr_par' dir='ltr' id='par_1_49' title="bbox 199 4934 1500 5009">
     <span class='ocr_line' id='line_1_49' title="bbox 199 4934 1500 5009; baseline 0.007 -27"><span class='ocrx_word' id='word_1_338' title='bbox 199 4944 415 4987; x_wconf 77' lang='lat' dir='ltr'>amatore</span> <span class='ocrx_word' id='word_1_339' title='bbox 448 4934 647 4989; x_wconf 80' lang='lat' dir='ltr'>Christi</span> <span class='ocrx_word' id='word_1_340' title='bbox 669 4937 994 5007; x_wconf 75' lang='lat' dir='ltr'>imperatore</span> <span class='ocrx_word' id='word_1_341' title='bbox 1022 4938 1299 5009; x_wconf 75' lang='lat' dir='ltr'>dirigente.</span> <span class='ocrx_word' id='word_1_342' title='bbox 1342 4938 1500 4993; x_wconf 64' lang='lat' dir='ltr'>Fam.</span> 
     </span>
    </p>
   </div>
   <div class='ocr_carea' id='block_1_50' title="bbox 258 5024 1756 5095">
    <p class='ocr_par' dir='ltr' id='par_1_50' title="bbox 258 5024 1756 5095">
     <span class='ocr_line' id='line_1_50' title="bbox 258 5024 1756 5095; baseline 0.005 -18"><span class='ocrx_word' id='word_1_343' title='bbox 258 5024 368 5079; x_wconf 73' lang='lat'>112.</span> <span class='ocrx_word' id='word_1_344' title='bbox 398 5028 485 5081; x_wconf 78' lang='lat' dir='ltr'>Ad</span> <span class='ocrx_word' id='word_1_345' title='bbox 505 5027 859 5095; x_wconf 85' lang='lat' dir='ltr'>Aristolaum,</span> <span class='ocrx_word' id='word_1_346' title='bbox 888 5031 1171 5085; x_wconf 89' lang='lat' dir='ltr'>tribunum</span> <span class='ocrx_word' id='word_1_347' title='bbox 1188 5040 1244 5085; x_wconf 90' lang='lat' dir='ltr'>et</span> <span class='ocrx_word' id='word_1_348' title='bbox 1269 5032 1563 5085; x_wconf 88' lang='lat' dir='ltr'>notarium.</span> <span class='ocrx_word' id='word_1_349' title='bbox 1593 5028 1756 5095; x_wconf 85' lang='lat' dir='ltr'>Ibid.,</span> 
     </span>
    </p>
   </div>
   <div class='ocr_carea' id='block_1_51' title="bbox 195 5116 1758 5193">
    <p class='ocr_par' dir='ltr' id='par_1_51' title="bbox 195 5116 1758 5193">
     <span class='ocr_line' id='line_1_51' title="bbox 195 5116 1758 5193; baseline 0.004 -23"><span class='ocrx_word' id='word_1_350' title='bbox 195 5127 300 5183; x_wconf 70' lang='lat' dir='ltr'>pag.</span> <span class='ocrx_word' id='word_1_351' title='bbox 354 5116 477 5171; x_wconf 72' lang='lat'>889.</span> <span class='ocrx_word' id='word_1_352' title='bbox 535 5117 778 5189; x_wconf 89' lang='lat' dir='ltr'>Incipit:</span> <span class='ocrx_word' id='word_1_353' title='bbox 812 5120 1071 5174; x_wconf 76' lang='lat' dir='ltr'>Dominus</span> <span class='ocrx_word' id='word_1_354' title='bbox 1132 5137 1277 5174; x_wconf 86' lang='lat' dir='ltr'>meus</span> <span class='ocrx_word' id='word_1_355' title='bbox 1338 5120 1758 5193; x_wconf 79' lang='lat' dir='ltr'>religiosissimus</span> 
     </span>
    </p>
   </div>
   <div class='ocr_carea' id='block_1_52' title="bbox 195 5203 1757 5283">
    <p class='ocr_par' dir='ltr' id='par_1_52' title="bbox 195 5203 1757 5283">
     <span class='ocr_line' id='line_1_52' title="bbox 195 5203 1757 5283; baseline 0.008 -28"><span class='ocrx_word' id='word_1_356' title='bbox 195 5203 577 5263; x_wconf 77' lang='lat' dir='ltr'>Beronicianus.</span> <span class='ocrx_word' id='word_1_357' title='bbox 627 5210 697 5263; x_wconf 88' lang='lat' dir='ltr'>Et</span> <span class='ocrx_word' id='word_1_358' title='bbox 728 5227 781 5279; x_wconf 88' lang='lat' dir='ltr'>p.</span> <span class='ocrx_word' id='word_1_359' title='bbox 809 5211 933 5266; x_wconf 86' lang='grc'><strong>915.</strong></span> <span class='ocrx_word' id='word_1_360' title='bbox 984 5212 1180 5283; x_wconf 88' lang='lat' dir='ltr'>Incipit</span> <span class='ocrx_word' id='word_1_361' title='bbox 1217 5230 1229 5266; x_wconf 94' lang='lat'>:</span> <span class='ocrx_word' id='word_1_362' title='bbox 1262 5212 1485 5267; x_wconf 84' lang='lat' dir='ltr'>Piarum</span> <span class='ocrx_word' id='word_1_363' title='bbox 1524 5216 1757 5267; x_wconf 85' lang='lat' dir='ltr'>sanctio-</span> 
     </span>
    </p>
   </div>
   <div class='ocr_carea' id='block_1_53' title="bbox 194 5302 1753 5375">
    <p class='ocr_par' dir='ltr' id='par_1_53' title="bbox 194 5302 1753 5375">
     <span class='ocr_line' id='line_1_53' title="bbox 194 5302 1753 5375; baseline 0.005 -25"><span class='ocrx_word' id='word_1_364' title='bbox 194 5311 303 5351; x_wconf 81' lang='lat' dir='ltr'>mtm</span> <span class='ocrx_word' id='word_1_365' title='bbox 328 5319 443 5372; x_wconf 75' lang='lat' dir='ltr'>qua:</span> <span class='ocrx_word' id='word_1_366' title='bbox 468 5317 658 5373; x_wconf 81' lang='lat' dir='ltr'>nuper.</span> <span class='ocrx_word' id='word_1_367' title='bbox 685 5302 840 5358; x_wconf 81' lang='lat' dir='ltr'>Adde</span> <span class='ocrx_word' id='word_1_368' title='bbox 866 5303 1183 5360; x_wconf 81' lang='lat' dir='ltr'>&#39;I&#39;illemont.</span> <span class='ocrx_word' id='word_1_369' title='bbox 1216 5313 1345 5359; x_wconf 89' lang='lat' dir='ltr'>tom.</span> <span class='ocrx_word' id='word_1_370' title='bbox 1374 5302 1509 5369; x_wconf 72' lang='lat' dir='ltr'>XIV,</span> <span class='ocrx_word' id='word_1_371' title='bbox 1542 5321 1596 5375; x_wconf 89' lang='lat' dir='ltr'>p.</span> <span class='ocrx_word' id='word_1_372' title='bbox 1631 5305 1753 5360; x_wconf 85' lang='lat'>619.</span> 
     </span>
    </p>
   </div>
   <div class='ocr_carea' id='block_1_54' title="bbox 254 5394 1751 5467">
    <p class='ocr_par' dir='ltr' id='par_1_54' title="bbox 254 5394 1751 5467">
     <span class='ocr_line' id='line_1_54' title="bbox 254 5394 1751 5467; baseline 0.003 -22"><span class='ocrx_word' id='word_1_373' title='bbox 254 5394 365 5448; x_wconf 71' lang='lat'>115.</span> <span class='ocrx_word' id='word_1_374' title='bbox 401 5395 481 5450; x_wconf 71' lang='lat' dir='ltr'>Ad</span> <span class='ocrx_word' id='word_1_375' title='bbox 506 5394 852 5451; x_wconf 76' lang='lat' dir='ltr'>Theodosium</span> <span class='ocrx_word' id='word_1_376' title='bbox 883 5397 1014 5467; x_wconf 90' lang='lat' dir='ltr'>imp.</span> <span class='ocrx_word' id='word_1_377' title='bbox 1050 5396 1236 5451; x_wconf 84' lang='lat' dir='ltr'>Baluz.</span> <span class='ocrx_word' id='word_1_378' title='bbox 1258 5437 1273 5461; x_wconf 90' lang='lat'>,</span> <span class='ocrx_word' id='word_1_379' title='bbox 1302 5412 1357 5467; x_wconf 88' lang='lat' dir='ltr'>p.</span> <span class='ocrx_word' id='word_1_380' title='bbox 1382 5396 1503 5451; x_wconf 72' lang='grc'><strong>894.</strong></span> <span class='ocrx_word' id='word_1_381' title='bbox 1522 5397 1751 5467; x_wconf 85' lang='lat' dir='ltr'>Incipit:</span> 
     </span>
    </p>
   </div>
   <div class='ocr_carea' id='block_1_55' title="bbox 190 5482 1205 5559">
    <p class='ocr_par' dir='ltr' id='par_1_55' title="bbox 190 5482 1205 5559">
     <span class='ocr_line' id='line_1_55' title="bbox 190 5482 1205 5559; baseline 0.006 -22"><span class='ocrx_word' id='word_1_382' title='bbox 190 5482 451 5542; x_wconf 56' lang='lat' dir='ltr'>(Eternam</span> <span class='ocrx_word' id='word_1_383' title='bbox 478 5489 646 5541; x_wconf 75' lang='lat' dir='ltr'>citam</span> <span class='ocrx_word' id='word_1_384' title='bbox 672 5490 948 5559; x_wconf 78' lang='lat' dir='ltr'>providere</span> <span class='ocrx_word' id='word_1_385' title='bbox 980 5507 1012 5543; x_wconf 93' lang='lat' dir='ltr'>a</span> <span class='ocrx_word' id='word_1_386' title='bbox 1040 5499 1205 5543; x_wconf 88' lang='lat' dir='ltr'>terra.</span> 
     </span>
    </p>
   </div>
   <div class='ocr_carea' id='block_1_56' title="bbox 255 5577 1755 5651">
    <p class='ocr_par' dir='ltr' id='par_1_56' title="bbox 255 5577 1755 5651">
     <span class='ocr_line' id='line_1_56' title="bbox 255 5577 1755 5651; baseline 0.003 -22"><span class='ocrx_word' id='word_1_387' title='bbox 255 5577 465 5635; x_wconf 51' lang='lat'>111.114</span> <span class='ocrx_word' id='word_1_388' title='bbox 496 5580 761 5635; x_wconf 81' lang='lat' dir='ltr'>Joannem</span> <span class='ocrx_word' id='word_1_389' title='bbox 788 5581 1192 5635; x_wconf 81' lang='lat' dir='ltr'>Antiochenam.</span> <span class='ocrx_word' id='word_1_390' title='bbox 1226 5581 1388 5643; x_wconf 89' lang='lat' dir='ltr'>lbid.,</span> <span class='ocrx_word' id='word_1_391' title='bbox 1422 5597 1476 5651; x_wconf 85' lang='lat' dir='ltr'>p.</span> <span class='ocrx_word' id='word_1_392' title='bbox 1511 5580 1635 5634; x_wconf 69' lang='lat'>91-1.</span> <span class='ocrx_word' id='word_1_393' title='bbox 1664 5580 1755 5634; x_wconf 87' lang='lat' dir='ltr'>ln-</span> 
     </span>
    </p>
   </div>
   <div class='ocr_carea' id='block_1_57' title="bbox 188 5667 1760 5743">
    <p class='ocr_par' dir='ltr' id='par_1_57' title="bbox 188 5667 1760 5743">
     <span class='ocr_line' id='line_1_57' title="bbox 188 5667 1760 5743; baseline 0.004 -25"><span class='ocrx_word' id='word_1_394' title='bbox 188 5667 360 5735; x_wconf 86' lang='lat' dir='ltr'>cipit:</span> <span class='ocrx_word' id='word_1_395' title='bbox 408 5671 637 5725; x_wconf 80' lang='lat' dir='ltr'>Litteras</span> <span class='ocrx_word' id='word_1_396' title='bbox 692 5689 724 5723; x_wconf 90' lang='lat' dir='ltr'>a</span> <span class='ocrx_word' id='word_1_397' title='bbox 767 5678 861 5724; x_wconf 89' lang='lat' dir='ltr'>tua</span> <span class='ocrx_word' id='word_1_398' title='bbox 918 5672 1238 5743; x_wconf 78' lang='lat' dir='ltr'>perfectione</span> <span class='ocrx_word' id='word_1_399' title='bbox 1288 5674 1658 5733; x_wconf 81' lang='lat' dir='ltr'>transmissos;</span> <span class='ocrx_word' id='word_1_400' title='bbox 1702 5680 1760 5725; x_wconf 89' lang='lat' dir='ltr'>et</span> 
     </span>
    </p>
   </div>
   <div class='ocr_carea' id='block_1_58' title="bbox 189 5761 1759 5835">
    <p class='ocr_par' dir='ltr' id='par_1_58' title="bbox 189 5761 1759 5835">
     <span class='ocr_line' id='line_1_58' title="bbox 189 5761 1759 5835; baseline 0.006 -25"><span class='ocrx_word' id='word_1_401' title='bbox 189 5773 239 5824; x_wconf 71' lang='grc' dir='ltr'>ρ.</span> <span class='ocrx_word' id='word_1_402' title='bbox 272 5761 388 5816; x_wconf 84' lang='grc'><strong>916.</strong></span> <span class='ocrx_word' id='word_1_403' title='bbox 418 5763 651 5833; x_wconf 89' lang='lat' dir='ltr'>Incipit:</span> <span class='ocrx_word' id='word_1_404' title='bbox 690 5763 804 5834; x_wconf 84' lang='lat' dir='ltr'>Ego</span> <span class='ocrx_word' id='word_1_405' title='bbox 837 5765 1046 5835; x_wconf 83' lang='lat' dir='ltr'>quidem</span> <span class='ocrx_word' id='word_1_406' title='bbox 1081 5767 1385 5820; x_wconf 84' lang='lat' dir='ltr'>abstersisse</span> <span class='ocrx_word' id='word_1_407' title='bbox 1407 5784 1438 5821; x_wconf 93' lang='lat' dir='ltr'>a</span> <span class='ocrx_word' id='word_1_408' title='bbox 1468 5782 1542 5820; x_wconf 87' lang='lat' dir='ltr'>se.</span> <span class='ocrx_word' id='word_1_409' title='bbox 1571 5765 1759 5821; x_wconf 66' lang='lat' dir='ltr'>Graece</span> 
     </span>
    </p>
   </div>
   <div class='ocr_carea' id='block_1_59' title="bbox 189 5852 1480 5915">
    <p class='ocr_par' dir='ltr' id='par_1_59' title="bbox 189 5852 1480 5915">
     <span class='ocr_line' id='line_1_59' title="bbox 189 5852 1480 5915; baseline 0.009 -12"><span class='ocrx_word' id='word_1_410' title='bbox 189 5856 240 5902; x_wconf 74' lang='lat' dir='ltr'>et</span> <span class='ocrx_word' id='word_1_411' title='bbox 272 5852 457 5910; x_wconf 80' lang='lat' dir='ltr'>Latine</span> <span class='ocrx_word' id='word_1_412' title='bbox 487 5857 544 5909; x_wconf 91' lang='lat' dir='ltr'>in</span> <span class='ocrx_word' id='word_1_413' title='bbox 562 5855 818 5913; x_wconf 83' lang='lat' dir='ltr'>Garncrii</span> <span class='ocrx_word' id='word_1_414' title='bbox 848 5858 1111 5913; x_wconf 81' lang='lat' dir='ltr'>Auctario</span> <span class='ocrx_word' id='word_1_415' title='bbox 1135 5860 1480 5915; x_wconf 87' lang='lat' dir='ltr'>Theodoriti.</span> 
     </span>
    </p>
   </div>
   <div class='ocr_carea' id='block_1_60' title="bbox 257 5944 1752 6025">
    <p class='ocr_par' dir='ltr' id='par_1_60' title="bbox 257 5944 1752 6025">
     <span class='ocr_line' id='line_1_60' title="bbox 257 5944 1752 6025; baseline 0.007 -28"><span class='ocrx_word' id='word_1_416' title='bbox 257 5944 369 6004; x_wconf 75' lang='lat'>115.</span> <span class='ocrx_word' id='word_1_417' title='bbox 394 5949 474 6003; x_wconf 79' lang='lat' dir='ltr'>Ad</span> <span class='ocrx_word' id='word_1_418' title='bbox 498 5950 817 6017; x_wconf 73' lang='lat' dir='ltr'>Maximum,</span> <span class='ocrx_word' id='word_1_419' title='bbox 840 5951 1121 6019; x_wconf 74' lang='lat' dir='ltr'>Joannem,</span> <span class='ocrx_word' id='word_1_420' title='bbox 1152 5953 1504 6021; x_wconf 78' lang='lat' dir='ltr'>Thalassium,</span> <span class='ocrx_word' id='word_1_421' title='bbox 1527 5954 1752 6025; x_wconf 69' lang='lat' dir='ltr'>presby-</span> 
     </span>
    </p>
   </div>
   <div class='ocr_carea' id='block_1_61' title="bbox 1884 707 3124 780">
    <p class='ocr_par' dir='ltr' id='par_1_61' title="bbox 1884 707 3124 780">
     <span class='ocr_line' id='line_1_61' title="bbox 1884 707 3124 780; baseline -0.002 -18"><span class='ocrx_word' id='word_1_422' title='bbox 1884 711 1999 780; x_wconf 85' lang='lat' dir='ltr'>gius</span> <span class='ocrx_word' id='word_1_423' title='bbox 2021 709 2229 779; x_wconf 81' lang='lat' dir='ltr'>quidem</span> <span class='ocrx_word' id='word_1_424' title='bbox 2269 707 2413 762; x_wconf 73' lang='lat' dir='ltr'>zelus</span> <span class='ocrx_word' id='word_1_425' title='bbox 2439 707 2794 779; x_wconf 83' lang='lat' dir='ltr'>religiositatis</span> <span class='ocrx_word' id='word_1_426' title='bbox 2824 718 3008 761; x_wconf 75' lang='lat' dir='ltr'>ucstra:</span> <span class='ocrx_word' id='word_1_427' title='bbox 3030 718 3124 760; x_wconf 83' lang='lat' dir='ltr'>est.</span> 
     </span>
    </p>
   </div>
   <div class='ocr_carea' id='block_1_62' title="bbox 1960 801 3500 872">
    <p class='ocr_par' dir='ltr' id='par_1_62' title="bbox 1960 801 3500 872">
     <span class='ocr_line' id='line_1_62' title="bbox 1960 801 3500 872; baseline -0.001 -18"><span class='ocrx_word' id='word_1_428' title='bbox 1960 802 2079 856; x_wconf 76' lang='lat'>1.16.</span> <span class='ocrx_word' id='word_1_429' title='bbox 2116 802 2196 856; x_wconf 74' lang='lat' dir='ltr'>Ad</span> <span class='ocrx_word' id='word_1_430' title='bbox 2234 802 2506 867; x_wconf 58' lang='lat' dir='ltr'>Mosatum,</span> <span class='ocrx_word' id='word_1_431' title='bbox 2542 803 2807 856; x_wconf 77' lang='lat' dir='ltr'>Antaradi</span> <span class='ocrx_word' id='word_1_432' title='bbox 2863 804 3181 872; x_wconf 74' lang='lat' dir='ltr'>episcopum.</span> <span class='ocrx_word' id='word_1_433' title='bbox 3208 801 3373 867; x_wconf 90' lang='lat' dir='ltr'>Ibid.,</span> <span class='ocrx_word' id='word_1_434' title='bbox 3414 818 3500 872; x_wconf 88' lang='lat' dir='ltr'>p..</span> 
     </span>
    </p>
   </div>
   <div class='ocr_carea' id='block_1_63' title="bbox 1884 890 3407 963">
    <p class='ocr_par' dir='ltr' id='par_1_63' title="bbox 1884 890 3407 963">
     <span class='ocr_line' id='line_1_63' title="bbox 1884 890 3407 963; baseline 0 -18"><span class='ocrx_word' id='word_1_435' title='bbox 1884 891 2008 945; x_wconf 85' lang='lat'>917.</span> <span class='ocrx_word' id='word_1_436' title='bbox 2044 892 2241 961; x_wconf 85' lang='lat' dir='ltr'>Incipit</span> <span class='ocrx_word' id='word_1_437' title='bbox 2273 911 2284 944; x_wconf 91' lang='lat'>:</span> <span class='ocrx_word' id='word_1_438' title='bbox 2310 890 2424 963; x_wconf 80' lang='lat' dir='ltr'>Ego</span> <span class='ocrx_word' id='word_1_439' title='bbox 2451 893 2659 963; x_wconf 81' lang='lat' dir='ltr'>quidem</span> <span class='ocrx_word' id='word_1_440' title='bbox 2690 908 2896 962; x_wconf 82' lang='lat' dir='ltr'>semper</span> <span class='ocrx_word' id='word_1_441' title='bbox 2927 901 3029 946; x_wconf 70' lang='lat' dir='ltr'>tum</span> <span class='ocrx_word' id='word_1_442' title='bbox 3053 892 3407 962; x_wconf 80' lang='lat' dir='ltr'>religiositati.</span> 
     </span>
    </p>
   </div>
   <div class='ocr_carea' id='block_1_64' title="bbox 1956 1002 3491 1076">
    <p class='ocr_par' dir='ltr' id='par_1_64' title="bbox 1956 1002 3491 1076">
     <span class='ocr_line' id='line_1_64' title="bbox 1956 1002 3491 1076; baseline -0.001 -18"><span class='ocrx_word' id='word_1_443' title='bbox 1956 1004 2079 1059; x_wconf 68' lang='lat'>117.</span> <span class='ocrx_word' id='word_1_444' title='bbox 2122 1006 2366 1076; x_wconf 88' lang='lat' dir='ltr'>Epistola</span> <span class='ocrx_word' id='word_1_445' title='bbox 2419 1006 2488 1060; x_wconf 88' lang='lat' dir='ltr'>ad</span> <span class='ocrx_word' id='word_1_446' title='bbox 2532 1002 2856 1069; x_wconf 84' lang='lat' dir='ltr'>Nestorium,</span> <span class='ocrx_word' id='word_1_447' title='bbox 2887 1021 2955 1059; x_wconf 84' lang='lat' dir='ltr'>ex</span> <span class='ocrx_word' id='word_1_448' title='bbox 3005 1004 3241 1059; x_wconf 83' lang='lat' dir='ltr'>Arabico</span> <span class='ocrx_word' id='word_1_449' title='bbox 3290 1022 3491 1071; x_wconf 81' lang='lat' dir='ltr'>versa,.</span> 
     </span>
    </p>
   </div>
   <div class='ocr_carea' id='block_1_65' title="bbox 1884 1097 3470 1167">
    <p class='ocr_par' dir='ltr' id='par_1_65' title="bbox 1884 1097 3470 1167">
     <span class='ocr_line' id='line_1_65' title="bbox 1884 1097 3470 1167; baseline -0.001 -16"><span class='ocrx_word' id='word_1_450' title='bbox 1884 1097 2029 1166; x_wconf 86' lang='lat' dir='ltr'>apud</span> <span class='ocrx_word' id='word_1_451' title='bbox 2065 1098 2366 1152; x_wconf 84' lang='lat' dir='ltr'>Eusebium</span> <span class='ocrx_word' id='word_1_452' title='bbox 2410 1098 2799 1167; x_wconf 81' lang='lat' dir='ltr'>Renaudotum</span> <span class='ocrx_word' id='word_1_453' title='bbox 2847 1099 2901 1151; x_wconf 91' lang='lat' dir='ltr'>in</span> <span class='ocrx_word' id='word_1_454' title='bbox 2956 1097 3195 1151; x_wconf 86' lang='lat' dir='ltr'>Historia</span> <span class='ocrx_word' id='word_1_455' title='bbox 3232 1100 3470 1167; x_wconf 86' lang='lat' dir='ltr'>patriar-</span> 
     </span>
    </p>
   </div>
   <div class='ocr_carea' id='block_1_66' title="bbox 1884 1187 3468 1259">
    <p class='ocr_par' dir='ltr' id='par_1_66' title="bbox 1884 1187 3468 1259">
     <span class='ocr_line' id='line_1_66' title="bbox 1884 1187 3468 1259; baseline 0.003 -22"><span class='ocrx_word' id='word_1_456' title='bbox 1884 1187 2103 1240; x_wconf 87' lang='lat' dir='ltr'>charum</span> <span class='ocrx_word' id='word_1_457' title='bbox 2144 1187 2321 1251; x_wconf 56' lang='lat' dir='ltr'>Ales,</span> <span class='ocrx_word' id='word_1_458' title='bbox 2370 1204 2424 1258; x_wconf 88' lang='lat' dir='ltr'>p.</span> <span class='ocrx_word' id='word_1_459' title='bbox 2474 1188 2590 1242; x_wconf 87' lang='grc'><strong>109.</strong></span> <span class='ocrx_word' id='word_1_460' title='bbox 2629 1190 2825 1259; x_wconf 87' lang='lat' dir='ltr'>Incipit</span> <span class='ocrx_word' id='word_1_461' title='bbox 2855 1207 2865 1241; x_wconf 76' lang='grc' dir='ltr'>ε</span> <span class='ocrx_word' id='word_1_462' title='bbox 2894 1188 3011 1243; x_wconf 82' lang='lat' dir='ltr'>Non</span> <span class='ocrx_word' id='word_1_463' title='bbox 3058 1190 3255 1244; x_wconf 85' lang='lat' dir='ltr'>credidi</span> <span class='ocrx_word' id='word_1_464' title='bbox 3286 1208 3468 1244; x_wconf 88' lang='lat' dir='ltr'>verum</span> 
     </span>
    </p>
   </div>
   <div class='ocr_carea' id='block_1_67' title="bbox 1884 1280 2363 1349">
    <p class='ocr_par' dir='ltr' id='par_1_67' title="bbox 1884 1280 2363 1349">
     <span class='ocr_line' id='line_1_67' title="bbox 1884 1280 2363 1349; baseline 0.006 -18"><span class='ocrx_word' id='word_1_465' title='bbox 1884 1295 1992 1331; x_wconf 84' lang='lat' dir='ltr'>csse</span> <span class='ocrx_word' id='word_1_466' title='bbox 2026 1280 2169 1349; x_wconf 82' lang='lat' dir='ltr'>quod</span> <span class='ocrx_word' id='word_1_467' title='bbox 2202 1282 2266 1333; x_wconf 88' lang='lat' dir='ltr'>de</span> <span class='ocrx_word' id='word_1_468' title='bbox 2296 1290 2363 1334; x_wconf 84' lang='lat' dir='ltr'>tc.</span> 
     </span>
    </p>
   </div>
   <div class='ocr_carea' id='block_1_68' title="bbox 1958 1362 3464 1440">
    <p class='ocr_par' dir='ltr' id='par_1_68' title="bbox 1958 1362 3464 1440">
     <span class='ocr_line' id='line_1_68' title="bbox 1958 1362 3464 1440; baseline 0.001 -20"><span class='ocrx_word' id='word_1_469' title='bbox 1958 1367 2075 1422; x_wconf 66' lang='lat'>1.18.</span> <span class='ocrx_word' id='word_1_470' title='bbox 2112 1362 2435 1439; x_wconf 86' lang='lat' dir='ltr'>Fragmenta</span> <span class='ocrx_word' id='word_1_471' title='bbox 2463 1386 2525 1422; x_wconf 73' lang='lat' dir='ltr'>ex</span> <span class='ocrx_word' id='word_1_472' title='bbox 2550 1385 2792 1422; x_wconf 81' lang='lat' dir='ltr'>sermone</span> <span class='ocrx_word' id='word_1_473' title='bbox 2813 1370 2875 1422; x_wconf 84' lang='lat' dir='ltr'>dc</span> <span class='ocrx_word' id='word_1_474' title='bbox 2896 1368 3021 1437; x_wconf 81' lang='lat' dir='ltr'>ﬁde.</span> <span class='ocrx_word' id='word_1_475' title='bbox 3059 1369 3221 1433; x_wconf 85' lang='lat' dir='ltr'>lbid.,</span> <span class='ocrx_word' id='word_1_476' title='bbox 3254 1386 3307 1440; x_wconf 91' lang='lat' dir='ltr'>p.</span> <span class='ocrx_word' id='word_1_477' title='bbox 3339 1371 3464 1424; x_wconf 79' lang='lat'>927.</span> 
     </span>
    </p>
   </div>
   <div class='ocr_carea' id='block_1_69' title="bbox 1882 1460 3110 1533">
    <p class='ocr_par' dir='ltr' id='par_1_69' title="bbox 1882 1460 3110 1533">
     <span class='ocr_line' id='line_1_69' title="bbox 1882 1460 3110 1533; baseline 0.002 -21"><span class='ocrx_word' id='word_1_478' title='bbox 1882 1460 2055 1530; x_wconf 88' lang='lat' dir='ltr'>Incip.</span> <span class='ocrx_word' id='word_1_479' title='bbox 2087 1478 2099 1513; x_wconf 94' lang='lat'>:</span> <span class='ocrx_word' id='word_1_480' title='bbox 2137 1460 2253 1531; x_wconf 89' lang='lat' dir='ltr'>Ego</span> <span class='ocrx_word' id='word_1_481' title='bbox 2280 1471 2733 1533; x_wconf 79' lang='lat' dir='ltr'>contemperatum</span> <span class='ocrx_word' id='word_1_482' title='bbox 2765 1480 2865 1516; x_wconf 85' lang='lat' dir='ltr'>non</span> <span class='ocrx_word' id='word_1_483' title='bbox 2898 1463 3110 1532; x_wconf 85' lang='lat' dir='ltr'>recipio.</span> 
     </span>
    </p>
   </div>
   <div class='ocr_carea' id='block_1_70' title="bbox 1954 1551 3465 1624">
    <p class='ocr_par' dir='ltr' id='par_1_70' title="bbox 1954 1551 3465 1624">
     <span class='ocr_line' id='line_1_70' title="bbox 1954 1551 3465 1624; baseline 0.001 -20"><span class='ocrx_word' id='word_1_484' title='bbox 1954 1552 2075 1607; x_wconf 68' lang='grc'><strong>149.</strong></span> <span class='ocrx_word' id='word_1_485' title='bbox 2106 1551 2427 1624; x_wconf 83' lang='lat' dir='ltr'>Fragmenta</span> <span class='ocrx_word' id='word_1_486' title='bbox 2473 1571 2535 1607; x_wconf 73' lang='lat' dir='ltr'>ea:</span> <span class='ocrx_word' id='word_1_487' title='bbox 2568 1553 2788 1624; x_wconf 85' lang='lat' dir='ltr'>epistola</span> <span class='ocrx_word' id='word_1_488' title='bbox 2823 1554 2893 1607; x_wconf 81' lang='lat' dir='ltr'>ad</span> <span class='ocrx_word' id='word_1_489' title='bbox 2924 1554 3203 1607; x_wconf 84' lang='lat' dir='ltr'>monachos</span> <span class='ocrx_word' id='word_1_490' title='bbox 3252 1553 3465 1607; x_wconf 72' lang='lat' dir='ltr'>Phacu-</span> 
     </span>
    </p>
   </div>
   <div class='ocr_carea' id='block_1_71' title="bbox 1881 1645 3463 1717">
    <p class='ocr_par' dir='ltr' id='par_1_71' title="bbox 1881 1645 3463 1717">
     <span class='ocr_line' id='line_1_71' title="bbox 1881 1645 3463 1717; baseline 0 -18"><span class='ocrx_word' id='word_1_491' title='bbox 1881 1663 1981 1709; x_wconf 79' lang='lat' dir='ltr'>ses,</span> <span class='ocrx_word' id='word_1_492' title='bbox 2008 1659 2200 1701; x_wconf 86' lang='lat' dir='ltr'>contra</span> <span class='ocrx_word' id='word_1_493' title='bbox 2222 1663 2444 1701; x_wconf 88' lang='lat' dir='ltr'>errores</span> <span class='ocrx_word' id='word_1_494' title='bbox 2461 1646 2735 1717; x_wconf 77' lang='lat' dir='ltr'>Origenis.</span> <span class='ocrx_word' id='word_1_495' title='bbox 2761 1646 3062 1700; x_wconf 84' lang='lat' dir='ltr'>Concilior.</span> <span class='ocrx_word' id='word_1_496' title='bbox 3091 1654 3222 1699; x_wconf 85' lang='lat' dir='ltr'>tom.</span> <span class='ocrx_word' id='word_1_497' title='bbox 3250 1646 3291 1699; x_wconf 83' lang='lat' dir='ltr'><strong>V</strong></span> <span class='ocrx_word' id='word_1_498' title='bbox 3327 1645 3463 1699; x_wconf 88' lang='lat' dir='ltr'>edit.</span> 
     </span>
    </p>
   </div>
   <div class='ocr_carea' id='block_1_72' title="bbox 1881 1739 2485 1808">
    <p class='ocr_par' dir='ltr' id='par_1_72' title="bbox 1881 1739 2485 1808">
     <span class='ocr_line' id='line_1_72' title="bbox 1881 1739 2485 1808; baseline 0.002 -17"><span class='ocrx_word' id='word_1_499' title='bbox 1881 1739 2109 1803; x_wconf 58' lang='lat' dir='ltr'>1.3mm,</span> <span class='ocrx_word' id='word_1_500' title='bbox 2136 1756 2189 1808; x_wconf 92' lang='lat' dir='ltr'>p.</span> <span class='ocrx_word' id='word_1_501' title='bbox 2227 1740 2485 1794; x_wconf 82' lang='grc'><strong>657-660.</strong></span> 
     </span>
    </p>
   </div>
   <div class='ocr_carea' id='block_1_73' title="bbox 1952 1830 3467 1903">
    <p class='ocr_par' dir='ltr' id='par_1_73' title="bbox 1952 1830 3467 1903">
     <span class='ocr_line' id='line_1_73' title="bbox 1952 1830 3467 1903; baseline 0.001 -18"><span class='ocrx_word' id='word_1_502' title='bbox 1952 1832 2071 1885; x_wconf 90' lang='grc'><strong>150.</strong></span> <span class='ocrx_word' id='word_1_503' title='bbox 2113 1832 2370 1901; x_wconf 75' lang='lat' dir='ltr'>Prwfatio</span> <span class='ocrx_word' id='word_1_504' title='bbox 2388 1835 2439 1885; x_wconf 87' lang='lat' dir='ltr'>in</span> <span class='ocrx_word' id='word_1_505' title='bbox 2462 1833 2663 1901; x_wconf 79' lang='lat' dir='ltr'>cyclum</span> <span class='ocrx_word' id='word_1_506' title='bbox 2696 1830 2997 1903; x_wconf 83' lang='lat' dir='ltr'>paschalem</span> <span class='ocrx_word' id='word_1_507' title='bbox 3031 1848 3301 1885; x_wconf 83' lang='lat' dir='ltr'>annorum</span> <span class='ocrx_word' id='word_1_508' title='bbox 3328 1831 3467 1886; x_wconf 68' lang='lat' dir='ltr'>XCV</span> 
     </span>
    </p>
   </div>
   <div class='ocr_carea' id='block_1_74' title="bbox 1883 1922 3473 1994">
    <p class='ocr_par' dir='ltr' id='par_1_74' title="bbox 1883 1922 3473 1994">
     <span class='ocr_line' id='line_1_74' title="bbox 1883 1922 3473 1994; baseline -0.003 -17"><span class='ocrx_word' id='word_1_509' title='bbox 1883 1922 2188 1994; x_wconf 88' lang='lat' dir='ltr'>(conditum</span> <span class='ocrx_word' id='word_1_510' title='bbox 2223 1924 2287 1977; x_wconf 83' lang='lat' dir='ltr'>A.</span> <span class='ocrx_word' id='word_1_511' title='bbox 2325 1922 2385 1979; x_wconf 88' lang='lat' dir='ltr'>C.</span> <span class='ocrx_word' id='word_1_512' title='bbox 2432 1924 2555 1978; x_wconf 76' lang='grc'><strong>456.</strong></span> <span class='ocrx_word' id='word_1_513' title='bbox 2600 1924 2735 1979; x_wconf 75' lang='lat' dir='ltr'>Vide</span> <span class='ocrx_word' id='word_1_514' title='bbox 2790 1924 3105 1978; x_wconf 84' lang='lat' dir='ltr'>Tillemont.</span> <span class='ocrx_word' id='word_1_515' title='bbox 3147 1931 3278 1977; x_wconf 90' lang='lat' dir='ltr'>tom.</span> <span class='ocrx_word' id='word_1_516' title='bbox 3322 1923 3473 1985; x_wconf 70' lang='lat' dir='ltr'>XIV,</span> 
     </span>
    </p>
   </div>
   <div class='ocr_carea' id='block_1_75' title="bbox 1879 2014 3477 2086">
    <p class='ocr_par' dir='ltr' id='par_1_75' title="bbox 1879 2014 3477 2086">
     <span class='ocr_line' id='line_1_75' title="bbox 1879 2014 3477 2086; baseline -0.002 -20"><span class='ocrx_word' id='word_1_517' title='bbox 1879 2031 2000 2085; x_wconf 79' lang='lat' dir='ltr'>pag.</span> <span class='ocrx_word' id='word_1_518' title='bbox 2036 2016 2138 2069; x_wconf 77' lang='grc'>625</span> <span class='ocrx_word' id='word_1_519' title='bbox 2162 2015 2326 2084; x_wconf 81' lang='lat' dir='ltr'>scq.),</span> <span class='ocrx_word' id='word_1_520' title='bbox 2362 2015 2552 2070; x_wconf 79' lang='lat' dir='ltr'>Latine</span> <span class='ocrx_word' id='word_1_521' title='bbox 2582 2017 2727 2069; x_wconf 86' lang='lat' dir='ltr'>edita</span> <span class='ocrx_word' id='word_1_522' title='bbox 2759 2016 2827 2070; x_wconf 90' lang='lat' dir='ltr'>ab</span> <span class='ocrx_word' id='word_1_523' title='bbox 2854 2015 3071 2086; x_wconf 65' lang='lat' dir='ltr'>zEgidio</span> <span class='ocrx_word' id='word_1_524' title='bbox 3106 2014 3377 2069; x_wconf 73' lang='lat' dir='ltr'>Eucherio</span> <span class='ocrx_word' id='word_1_525' title='bbox 3410 2014 3477 2067; x_wconf 27' lang='lat' dir='ltr'>in.</span> 
     </span>
    </p>
   </div>
   <div class='ocr_carea' id='block_1_76' title="bbox 1878 2103 3527 2176">
    <p class='ocr_par' dir='ltr' id='par_1_76' title="bbox 1878 2103 3527 2176">
     <span class='ocr_line' id='line_1_76' title="bbox 1878 2103 3527 2176; baseline 0.001 -20"><span class='ocrx_word' id='word_1_526' title='bbox 1878 2103 2134 2158; x_wconf 80' lang='lat' dir='ltr'>Doctrina</span> <span class='ocrx_word' id='word_1_527' title='bbox 2167 2112 2480 2175; x_wconf 82' lang='lat' dir='ltr'>temporum,</span> <span class='ocrx_word' id='word_1_528' title='bbox 2523 2122 2644 2176; x_wconf 75' lang='lat' dir='ltr'>pag.</span> <span class='ocrx_word' id='word_1_529' title='bbox 2678 2104 2938 2159; x_wconf 64' lang='lat'>481-184.</span> <span class='ocrx_word' id='word_1_530' title='bbox 2983 2105 3263 2174; x_wconf 81' lang='lat' dir='ltr'>Antwerp.</span> <span class='ocrx_word' id='word_1_531' title='bbox 3304 2106 3461 2165; x_wconf 64' lang='lat'>163-1,</span> <span class='ocrx_word' id='word_1_532' title='bbox 3500 2121 3527 2129; x_wconf 49' lang='grc' dir='ltr'><strong><em>Α</em></strong></span> 
     </span>
    </p>
   </div>
   <div class='ocr_carea' id='block_1_77' title="bbox 1877 2194 3459 2267">
    <p class='ocr_par' dir='ltr' id='par_1_77' title="bbox 1877 2194 3459 2267">
     <span class='ocr_line' id='line_1_77' title="bbox 1877 2194 3459 2267; baseline -0.001 -18"><span class='ocrx_word' id='word_1_533' title='bbox 1877 2194 1969 2250; x_wconf 77' lang='lat' dir='ltr'>fol.</span> <span class='ocrx_word' id='word_1_534' title='bbox 2005 2196 2133 2267; x_wconf 77' lang='lat' dir='ltr'>[Sed</span> <span class='ocrx_word' id='word_1_535' title='bbox 2171 2196 2497 2266; x_wconf 87' lang='lat' dir='ltr'>locupletior</span> <span class='ocrx_word' id='word_1_536' title='bbox 2533 2204 2619 2251; x_wconf 86' lang='lat' dir='ltr'>est</span> <span class='ocrx_word' id='word_1_537' title='bbox 2669 2197 2724 2251; x_wconf 90' lang='lat' dir='ltr'>in</span> <span class='ocrx_word' id='word_1_538' title='bbox 2780 2197 2902 2251; x_wconf 90' lang='lat' dir='ltr'>cod.</span> <span class='ocrx_word' id='word_1_539' title='bbox 2962 2197 3023 2250; x_wconf 84' lang='grc' dir='ltr'>Β.</span> <span class='ocrx_word' id='word_1_540' title='bbox 3079 2197 3231 2266; x_wconf 89' lang='lat' dir='ltr'>publ.</span> <span class='ocrx_word' id='word_1_541' title='bbox 3287 2197 3459 2250; x_wconf 71' lang='lat' dir='ltr'>Paris.</span> 
     </span>
    </p>
   </div>
   <div class='ocr_carea' id='block_1_78' title="bbox 1876 2280 3461 2356">
    <p class='ocr_par' dir='ltr' id='par_1_78' title="bbox 1876 2280 3461 2356">
     <span class='ocr_line' id='line_1_78' title="bbox 1876 2280 3461 2356; baseline -0.003 -15"><span class='ocrx_word' id='word_1_542' title='bbox 1876 2286 2133 2351; x_wconf 80' lang='lat' dir='ltr'>DCIX,n.</span> <span class='ocrx_word' id='word_1_543' title='bbox 2163 2287 2216 2340; x_wconf 68' lang='grc' dir='ltr'>ι1.</span> <span class='ocrx_word' id='word_1_544' title='bbox 2248 2287 2312 2340; x_wconf 71' lang='grc' dir='ltr'><strong>ν.</strong></span> <span class='ocrx_word' id='word_1_545' title='bbox 2341 2286 2460 2341; x_wconf 80' lang='lat' dir='ltr'>Cat.</span> <span class='ocrx_word' id='word_1_546' title='bbox 2496 2286 2657 2341; x_wconf 84' lang='lat' dir='ltr'>codd.</span> <span class='ocrx_word' id='word_1_547' title='bbox 2692 2286 2887 2349; x_wconf 86' lang='lat' dir='ltr'>Paris.,</span> <span class='ocrx_word' id='word_1_548' title='bbox 2921 2286 3011 2349; x_wconf 80' lang='lat' dir='ltr'>III,</span> <span class='ocrx_word' id='word_1_549' title='bbox 3044 2302 3166 2356; x_wconf 80' lang='lat' dir='ltr'>pag.</span> <span class='ocrx_word' id='word_1_550' title='bbox 3202 2280 3316 2356; x_wconf 81' lang='lat'>51.]</span> <span class='ocrx_word' id='word_1_551' title='bbox 3348 2285 3461 2338; x_wconf 76' lang='lat' dir='ltr'>Me-</span> 
     </span>
    </p>
   </div>
   <div class='ocr_carea' id='block_1_79' title="bbox 1878 2370 3464 2447">
    <p class='ocr_par' dir='ltr' id='par_1_79' title="bbox 1878 2370 3464 2447">
     <span class='ocr_line' id='line_1_79' title="bbox 1878 2370 3464 2447; baseline -0.003 -18"><span class='ocrx_word' id='word_1_552' title='bbox 1878 2377 2037 2429; x_wconf 88' lang='lat' dir='ltr'>minit</span> <span class='ocrx_word' id='word_1_553' title='bbox 2072 2376 2206 2447; x_wconf 69' lang='lat' dir='ltr'>cycli</span> <span class='ocrx_word' id='word_1_554' title='bbox 2236 2376 2404 2441; x_wconf 90' lang='lat' dir='ltr'>illius,</span> <span class='ocrx_word' id='word_1_555' title='bbox 2443 2392 2515 2430; x_wconf 77' lang='lat' dir='ltr'>ex.</span> <span class='ocrx_word' id='word_1_556' title='bbox 2560 2376 2802 2445; x_wconf 86' lang='lat' dir='ltr'>quinque</span> <span class='ocrx_word' id='word_1_557' title='bbox 2835 2375 3001 2445; x_wconf 75' lang='lat' dir='ltr'>cyclis</span> <span class='ocrx_word' id='word_1_558' title='bbox 3062 2370 3464 2428; x_wconf 80' lang='lat' dir='ltr'>dcccmnoven-</span> 
     </span>
    </p>
   </div>
   <div class='ocr_carea' id='block_1_80' title="bbox 1875 2466 3479 2538">
    <p class='ocr_par' dir='ltr' id='par_1_80' title="bbox 1875 2466 3479 2538">
     <span class='ocr_line' id='line_1_80' title="bbox 1875 2466 3479 2538; baseline -0.004 -17"><span class='ocrx_word' id='word_1_559' title='bbox 1875 2468 2094 2523; x_wconf 71' lang='lat' dir='ltr'>natibus</span> <span class='ocrx_word' id='word_1_560' title='bbox 2131 2469 2457 2533; x_wconf 86' lang='lat' dir='ltr'>constantis,</span> <span class='ocrx_word' id='word_1_561' title='bbox 2490 2468 2809 2538; x_wconf 77' lang='lat' dir='ltr'>Sigebertus</span> <span class='ocrx_word' id='word_1_562' title='bbox 2846 2466 3277 2531; x_wconf 87' lang='lat' dir='ltr'>Gemblacensis,</span> <span class='ocrx_word' id='word_1_563' title='bbox 3320 2481 3369 2520; x_wconf 89' lang='lat' dir='ltr'>c.</span> 
     </span>
    </p>
   </div>
   <div class='ocr_carea' id='block_1_81' title="bbox 1874 2559 2738 2631">
    <p class='ocr_par' dir='ltr' id='par_1_81' title="bbox 1874 2559 2738 2631">
     <span class='ocr_line' id='line_1_81' title="bbox 1874 2559 2738 2631; baseline -0.002 -19"><span class='ocrx_word' id='word_1_564' title='bbox 1874 2559 1951 2612; x_wconf 81' lang='lat' dir='ltr'>De</span> <span class='ocrx_word' id='word_1_565' title='bbox 1982 2561 2320 2631; x_wconf 83' lang='lat' dir='ltr'>scriptoribus</span> <span class='ocrx_word' id='word_1_566' title='bbox 2358 2559 2738 2612; x_wconf 78' lang='lat' dir='ltr'>ecclesiasticis.</span> 
     </span>
    </p>
   </div>
   <div class='ocr_carea' id='block_1_82' title="bbox 1944 2647 3483 2720">
    <p class='ocr_par' dir='ltr' id='par_1_82' title="bbox 1944 2647 3483 2720">
     <span class='ocr_line' id='line_1_82' title="bbox 1944 2647 3483 2720; baseline 0 -19"><span class='ocrx_word' id='word_1_567' title='bbox 1944 2649 2065 2703; x_wconf 87' lang='grc'><strong>151.</strong></span> <span class='ocrx_word' id='word_1_568' title='bbox 2099 2650 2360 2720; x_wconf 83' lang='lat' dir='ltr'>Liturgia,</span> <span class='ocrx_word' id='word_1_569' title='bbox 2397 2667 2460 2704; x_wconf 77' lang='lat' dir='ltr'>ex</span> <span class='ocrx_word' id='word_1_570' title='bbox 2491 2649 2726 2704; x_wconf 82' lang='lat' dir='ltr'>Arabico</span> <span class='ocrx_word' id='word_1_571' title='bbox 2748 2647 2940 2703; x_wconf 84' lang='lat' dir='ltr'>Latine</span> <span class='ocrx_word' id='word_1_572' title='bbox 2977 2664 3186 2703; x_wconf 82' lang='lat' dir='ltr'>versaa</span> <span class='ocrx_word' id='word_1_573' title='bbox 3217 2648 3483 2703; x_wconf 26' lang='lat' dir='ltr'>Victorio&#39;</span> 
     </span>
    </p>
   </div>
   <div class='ocr_carea' id='block_1_83' title="bbox 1875 2738 3477 2811">
    <p class='ocr_par' dir='ltr' id='par_1_83' title="bbox 1875 2738 3477 2811">
     <span class='ocr_line' id='line_1_83' title="bbox 1875 2738 3477 2811; baseline -0.002 -17"><span class='ocrx_word' id='word_1_574' title='bbox 1875 2739 2146 2810; x_wconf 81' lang='lat' dir='ltr'>Seialagh.</span> <span class='ocrx_word' id='word_1_575' title='bbox 2180 2740 2437 2811; x_wconf 76' lang='lat' dir='ltr'>Augustae</span> <span class='ocrx_word' id='word_1_576' title='bbox 2462 2740 2733 2794; x_wconf 80' lang='lat' dir='ltr'>Vindelic.</span> <span class='ocrx_word' id='word_1_577' title='bbox 2766 2740 2922 2802; x_wconf 71' lang='lat'>1601,</span> <span class='ocrx_word' id='word_1_578' title='bbox 2967 2740 3105 2803; x_wconf 59' lang='lat' dir='ltr'>in—«I,</span> <span class='ocrx_word' id='word_1_579' title='bbox 3141 2748 3304 2807; x_wconf 69' lang='lat' dir='ltr'>atque</span> <span class='ocrx_word' id='word_1_580' title='bbox 3334 2738 3477 2792; x_wconf 85' lang='lat' dir='ltr'>inde</span> 
     </span>
    </p>
   </div>
   <div class='ocr_carea' id='block_1_84' title="bbox 1875 2828 3483 2885">
    <p class='ocr_par' dir='ltr' id='par_1_84' title="bbox 1875 2828 3483 2885">
     <span class='ocr_line' id='line_1_84' title="bbox 1875 2828 3483 2885; baseline 0.001 -2"><span class='ocrx_word' id='word_1_581' title='bbox 1875 2830 1929 2883; x_wconf 89' lang='lat' dir='ltr'>in</span> <span class='ocrx_word' id='word_1_582' title='bbox 1967 2831 2103 2884; x_wconf 85' lang='lat' dir='ltr'>Bibl.</span> <span class='ocrx_word' id='word_1_583' title='bbox 2154 2831 2380 2885; x_wconf 84' lang='lat' dir='ltr'>Patrum</span> <span class='ocrx_word' id='word_1_584' title='bbox 2419 2831 2595 2885; x_wconf 75' lang='lat' dir='ltr'>Paris.</span> <span class='ocrx_word' id='word_1_585' title='bbox 2630 2847 2679 2885; x_wconf 66' lang='grc' dir='ltr'>τι.</span> <span class='ocrx_word' id='word_1_586' title='bbox 2709 2831 2863 2885; x_wconf 69' lang='grc'><strong>1651.</strong></span> <span class='ocrx_word' id='word_1_587' title='bbox 2900 2831 3055 2884; x_wconf 85' lang='grc' dir='ltr'>Τοιιι.</span> <span class='ocrx_word' id='word_1_588' title='bbox 3084 2831 3171 2885; x_wconf 72' lang='lat' dir='ltr'>Vl.</span> <span class='ocrx_word' id='word_1_589' title='bbox 3212 2828 3483 2884; x_wconf 69' lang='lat' dir='ltr'>Maximm</span> 
     </span>
    </p>
   </div>
   <div class='ocr_carea' id='block_1_85' title="bbox 1873 2921 3479 2992">
    <p class='ocr_par' dir='ltr' id='par_1_85' title="bbox 1873 2921 3479 2992">
     <span class='ocr_line' id='line_1_85' title="bbox 1873 2921 3479 2992; baseline 0 -17"><span class='ocrx_word' id='word_1_590' title='bbox 1873 2924 2225 2987; x_wconf 77' lang='lat' dir='ltr'>auctoritatis,</span> <span class='ocrx_word' id='word_1_591' title='bbox 2261 2923 2439 2992; x_wconf 88' lang='lat' dir='ltr'>inquit</span> <span class='ocrx_word' id='word_1_592' title='bbox 2460 2922 2834 2992; x_wconf 77' lang='lat' dir='ltr'>Villalpaudus</span> <span class='ocrx_word' id='word_1_593' title='bbox 2862 2924 2915 2977; x_wconf 87' lang='lat' dir='ltr'>in</span> <span class='ocrx_word' id='word_1_594' title='bbox 2933 2939 3052 2991; x_wconf 88' lang='lat' dir='ltr'>cap.</span> <span class='ocrx_word' id='word_1_595' title='bbox 3080 2921 3479 2985; x_wconf 67' lang='lat' dir='ltr'>&quot;Ezechielis,</span> 
     </span>
    </p>
   </div>
   <div class='ocr_carea' id='block_1_86' title="bbox 1871 3012 3459 3084">
    <p class='ocr_par' dir='ltr' id='par_1_86' title="bbox 1871 3012 3459 3084">
     <span class='ocr_line' id='line_1_86' title="bbox 1871 3012 3459 3084; baseline 0.002 -22"><span class='ocrx_word' id='word_1_596' title='bbox 1871 3027 1927 3081; x_wconf 74' lang='grc' dir='ltr'>ιι.</span> <span class='ocrx_word' id='word_1_597' title='bbox 1958 3012 2084 3077; x_wconf 78' lang='grc'><strong>512,</strong></span> <span class='ocrx_word' id='word_1_598' title='bbox 2111 3014 2271 3065; x_wconf 70' lang='lat' dir='ltr'>rideri</span> <span class='ocrx_word' id='word_1_599' title='bbox 2304 3013 2449 3065; x_wconf 87' lang='lat' dir='ltr'>debet</span> <span class='ocrx_word' id='word_1_600' title='bbox 2480 3012 2536 3066; x_wconf 91' lang='lat' dir='ltr'>S.</span> <span class='ocrx_word' id='word_1_601' title='bbox 2570 3012 2801 3084; x_wconf 82' lang='lat' dir='ltr'>Cyrillus</span> <span class='ocrx_word' id='word_1_602' title='bbox 2831 3014 2883 3065; x_wconf 84' lang='lat' dir='ltr'>in</span> <span class='ocrx_word' id='word_1_603' title='bbox 2919 3030 2979 3066; x_wconf 85' lang='lat' dir='ltr'>ca</span> <span class='ocrx_word' id='word_1_604' title='bbox 3017 3012 3260 3081; x_wconf 80' lang='lat' dir='ltr'>liturgia,</span> <span class='ocrx_word' id='word_1_605' title='bbox 3300 3029 3459 3081; x_wconf 86' lang='lat' dir='ltr'>quam</span> 
     </span>
    </p>
   </div>
   <div class='ocr_carea' id='block_1_87' title="bbox 1872 3102 3458 3173">
    <p class='ocr_par' dir='ltr' id='par_1_87' title="bbox 1872 3102 3458 3173">
     <span class='ocr_line' id='line_1_87' title="bbox 1872 3102 3458 3173; baseline 0 -18"><span class='ocrx_word' id='word_1_606' title='bbox 1872 3120 2040 3172; x_wconf 84' lang='lat' dir='ltr'>nuper</span> <span class='ocrx_word' id='word_1_607' title='bbox 2065 3119 2129 3156; x_wconf 79' lang='lat' dir='ltr'>ea:</span> <span class='ocrx_word' id='word_1_608' title='bbox 2148 3102 2467 3173; x_wconf 83' lang='lat' dir='ltr'>/Egyptiaca</span> <span class='ocrx_word' id='word_1_609' title='bbox 2514 3103 2695 3173; x_wconf 83' lang='lat' dir='ltr'>lingua</span> <span class='ocrx_word' id='word_1_610' title='bbox 2726 3106 2779 3156; x_wconf 88' lang='lat' dir='ltr'>in</span> <span class='ocrx_word' id='word_1_611' title='bbox 2804 3104 3051 3157; x_wconf 82' lang='lat' dir='ltr'>Latinam</span> <span class='ocrx_word' id='word_1_612' title='bbox 3078 3105 3329 3157; x_wconf 81' lang='lat' dir='ltr'>convertit</span> <span class='ocrx_word' id='word_1_613' title='bbox 3370 3103 3458 3156; x_wconf 67' lang='grc' dir='ltr'>Υἱ-</span> 
     </span>
    </p>
   </div>
   <div class='ocr_carea' id='block_1_88' title="bbox 1873 3194 3460 3265">
    <p class='ocr_par' dir='ltr' id='par_1_88' title="bbox 1873 3194 3460 3265">
     <span class='ocr_line' id='line_1_88' title="bbox 1873 3194 3460 3265; baseline -0.001 -18"><span class='ocrx_word' id='word_1_614' title='bbox 1873 3195 2066 3247; x_wconf 84' lang='lat' dir='ltr'>clarius</span> <span class='ocrx_word' id='word_1_615' title='bbox 2125 3194 2465 3257; x_wconf 82' lang='lat' dir='ltr'>Ilacurensis,</span> <span class='ocrx_word' id='word_1_616' title='bbox 2502 3194 2794 3258; x_wconf 81' lang='lat' dir='ltr'>Maronita,</span> <span class='ocrx_word' id='word_1_617' title='bbox 2830 3211 3095 3263; x_wconf 84' lang='lat' dir='ltr'>quamque</span> <span class='ocrx_word' id='word_1_618' title='bbox 3130 3194 3339 3265; x_wconf 78' lang='lat' dir='ltr'>vulgari</span> <span class='ocrx_word' id='word_1_619' title='bbox 3370 3211 3460 3246; x_wconf 87' lang='lat' dir='ltr'>cu-</span> 
     </span>
    </p>
   </div>
   <div class='ocr_carea' id='block_1_89' title="bbox 1796 3280 3455 3362">
    <p class='ocr_par' dir='ltr' id='par_1_89' title="bbox 1796 3280 3455 3362">
     <span class='ocr_line' id='line_1_89' title="bbox 1796 3280 3455 3362; baseline 0.001 -27"><span class='ocrx_word' id='word_1_620' title='bbox 1796 3298 1838 3362; x_wconf 67' lang='lat' dir='ltr'><strong>C</strong></span> <span class='ocrx_word' id='word_1_621' title='bbox 1874 3291 1959 3336; x_wconf 87' lang='lat' dir='ltr'>rat</span> <span class='ocrx_word' id='word_1_622' title='bbox 1996 3280 2256 3337; x_wconf 80' lang='lat' dir='ltr'>Vclserus.</span> <span class='ocrx_word' id='word_1_623' title='bbox 2284 3284 2529 3355; x_wconf 82' lang='lat' dir='ltr'>Liturgia</span> <span class='ocrx_word' id='word_1_624' title='bbox 2560 3285 2696 3349; x_wconf 67' lang='lat' dir='ltr'>tunc,</span> <span class='ocrx_word' id='word_1_625' title='bbox 2728 3285 2961 3339; x_wconf 76' lang='lat' dir='ltr'>Arabico</span> <span class='ocrx_word' id='word_1_626' title='bbox 2988 3294 3044 3339; x_wconf 90' lang='lat' dir='ltr'>et</span> <span class='ocrx_word' id='word_1_627' title='bbox 3070 3285 3294 3355; x_wconf 85' lang='lat' dir='ltr'>Copticc</span> <span class='ocrx_word' id='word_1_628' title='bbox 3318 3285 3455 3338; x_wconf 87' lang='lat' dir='ltr'>scri-</span> 
     </span>
    </p>
   </div>
   <div class='ocr_carea' id='block_1_90' title="bbox 1870 3375 3458 3445">
    <p class='ocr_par' dir='ltr' id='par_1_90' title="bbox 1870 3375 3458 3445">
     <span class='ocr_line' id='line_1_90' title="bbox 1870 3375 3458 3445; baseline 0.002 -18"><span class='ocrx_word' id='word_1_629' title='bbox 1870 3384 1983 3445; x_wconf 88' lang='lat' dir='ltr'>pta,</span> <span class='ocrx_word' id='word_1_630' title='bbox 2013 3375 2067 3428; x_wconf 89' lang='lat' dir='ltr'>in</span> <span class='ocrx_word' id='word_1_631' title='bbox 2103 3376 2441 3430; x_wconf 87' lang='lat' dir='ltr'>membranis</span> <span class='ocrx_word' id='word_1_632' title='bbox 2472 3376 2574 3429; x_wconf 80' lang='lat' dir='ltr'>fuit</span> <span class='ocrx_word' id='word_1_633' title='bbox 2604 3376 2749 3430; x_wconf 88' lang='lat' dir='ltr'>inter</span> <span class='ocrx_word' id='word_1_634' title='bbox 2780 3391 2910 3430; x_wconf 87' lang='lat' dir='ltr'>mss.</span> <span class='ocrx_word' id='word_1_635' title='bbox 2940 3376 3160 3430; x_wconf 88' lang='lat' dir='ltr'>codices</span> <span class='ocrx_word' id='word_1_636' title='bbox 3187 3376 3247 3428; x_wconf 83' lang='lat' dir='ltr'>D.</span> <span class='ocrx_word' id='word_1_637' title='bbox 3281 3376 3458 3430; x_wconf 84' lang='lat' dir='ltr'>Abra-</span> 
     </span>
    </p>
   </div>
   <div class='ocr_carea' id='block_1_91' title="bbox 1870 3466 3458 3529">
    <p class='ocr_par' dir='ltr' id='par_1_91' title="bbox 1870 3466 3458 3529">
     <span class='ocr_line' id='line_1_91' title="bbox 1870 3466 3458 3529; baseline 0.002 -10"><span class='ocrx_word' id='word_1_638' title='bbox 1870 3466 2017 3521; x_wconf 84' lang='lat' dir='ltr'>hami</span> <span class='ocrx_word' id='word_1_639' title='bbox 2075 3466 2512 3529; x_wconf 82' lang='lat' dir='ltr'>11inckelmanni.</span> <span class='ocrx_word' id='word_1_640' title='bbox 2564 3468 2721 3521; x_wconf 50' lang='lat' dir='ltr'>lium.</span> <span class='ocrx_word' id='word_1_641' title='bbox 2754 3468 2907 3521; x_wconf 90' lang='lat' dir='ltr'>——lu</span> <span class='ocrx_word' id='word_1_642' title='bbox 2940 3468 3062 3523; x_wconf 89' lang='lat' dir='ltr'>cod.</span> <span class='ocrx_word' id='word_1_643' title='bbox 3116 3466 3345 3523; x_wconf 83' lang='lat' dir='ltr'>Coislin.</span> <span class='ocrx_word' id='word_1_644' title='bbox 3402 3468 3458 3522; x_wconf 89' lang='lat' dir='ltr'>in</span> 
     </span>
    </p>
   </div>
   <div class='ocr_carea' id='block_1_92' title="bbox 1867 3558 3456 3632">
    <p class='ocr_par' dir='ltr' id='par_1_92' title="bbox 1867 3558 3456 3632">
     <span class='ocr_line' id='line_1_92' title="bbox 1867 3558 3456 3632; baseline 0.002 -19"><span class='ocrx_word' id='word_1_645' title='bbox 1867 3559 2158 3615; x_wconf 84' lang='lat' dir='ltr'>Montl&#39;auc.</span> <span class='ocrx_word' id='word_1_646' title='bbox 2186 3558 2303 3614; x_wconf 89' lang='lat' dir='ltr'>Cat.</span> <span class='ocrx_word' id='word_1_647' title='bbox 2330 3559 2451 3613; x_wconf 86' lang='lat' dir='ltr'>bibl.</span> <span class='ocrx_word' id='word_1_648' title='bbox 2494 3559 2677 3625; x_wconf 83' lang='lat' dir='ltr'>CoisL,</span> <span class='ocrx_word' id='word_1_649' title='bbox 2715 3579 2770 3632; x_wconf 90' lang='lat' dir='ltr'>p.</span> <span class='ocrx_word' id='word_1_650' title='bbox 2814 3561 2934 3626; x_wconf 90' lang='grc'><strong>188,</strong></span> <span class='ocrx_word' id='word_1_651' title='bbox 2976 3562 3236 3617; x_wconf 84' lang='lat' dir='ltr'>tribuitur</span> <span class='ocrx_word' id='word_1_652' title='bbox 3267 3563 3351 3615; x_wconf 85' lang='lat' dir='ltr'>illa</span> <span class='ocrx_word' id='word_1_653' title='bbox 3388 3563 3456 3616; x_wconf 90' lang='lat' dir='ltr'>li-</span> 
     </span>
    </p>
   </div>
   <div class='ocr_carea' id='block_1_93' title="bbox 1870 3653 3454 3723">
    <p class='ocr_par' dir='ltr' id='par_1_93' title="bbox 1870 3653 3454 3723">
     <span class='ocr_line' id='line_1_93' title="bbox 1870 3653 3454 3723; baseline 0.001 -16"><span class='ocrx_word' id='word_1_654' title='bbox 1870 3654 2046 3723; x_wconf 71' lang='lat' dir='ltr'>turgia</span> <span class='ocrx_word' id='word_1_655' title='bbox 2072 3654 2296 3719; x_wconf 71' lang='lat' dir='ltr'>Iacobo,</span> <span class='ocrx_word' id='word_1_656' title='bbox 2338 3653 2493 3708; x_wconf 81' lang='lat' dir='ltr'>fratri</span> <span class='ocrx_word' id='word_1_657' title='bbox 2526 3654 2761 3708; x_wconf 88' lang='lat' dir='ltr'>Domini.</span> <span class='ocrx_word' id='word_1_658' title='bbox 2794 3685 2862 3693; x_wconf 92' lang='lat'><strong><em>—</em></strong></span> <span class='ocrx_word' id='word_1_659' title='bbox 2890 3655 2945 3709; x_wconf 90' lang='lat' dir='ltr'>In</span> <span class='ocrx_word' id='word_1_660' title='bbox 2979 3654 3106 3711; x_wconf 79' lang='lat' dir='ltr'>Sel).</span> <span class='ocrx_word' id='word_1_661' title='bbox 3143 3655 3454 3710; x_wconf 80' lang='lat' dir='ltr'>Reuaudoti</span> 
     </span>
    </p>
   </div>
   <div class='ocr_carea' id='block_1_94' title="bbox 1868 3743 3454 3816">
    <p class='ocr_par' dir='ltr' id='par_1_94' title="bbox 1868 3743 3454 3816">
     <span class='ocr_line' id='line_1_94' title="bbox 1868 3743 3454 3816; baseline 0.003 -18"><span class='ocrx_word' id='word_1_662' title='bbox 1868 3743 2085 3798; x_wconf 84' lang='lat' dir='ltr'>Collect.</span> <span class='ocrx_word' id='word_1_663' title='bbox 2115 3744 2382 3816; x_wconf 87' lang='lat' dir='ltr'>liturgiar.</span> <span class='ocrx_word' id='word_1_664' title='bbox 2412 3744 2788 3809; x_wconf 83' lang='lat' dir='ltr'>Orientalium,</span> <span class='ocrx_word' id='word_1_665' title='bbox 2825 3756 2957 3801; x_wconf 87' lang='lat' dir='ltr'>tom.</span> <span class='ocrx_word' id='word_1_666' title='bbox 3000 3747 3041 3811; x_wconf 91' lang='lat' dir='ltr'>I,</span> <span class='ocrx_word' id='word_1_667' title='bbox 3082 3748 3256 3802; x_wconf 86' lang='lat' dir='ltr'>Paris.</span> <span class='ocrx_word' id='word_1_668' title='bbox 3297 3748 3454 3813; x_wconf 84' lang='lat'>1716,</span> 
     </span>
    </p>
   </div>
   <div class='ocr_carea' id='block_1_95' title="bbox 1868 3834 3452 3909">
    <p class='ocr_par' dir='ltr' id='par_1_95' title="bbox 1868 3834 3452 3909">
     <span class='ocr_line' id='line_1_95' title="bbox 1868 3834 3452 3909; baseline 0.001 -21"><span class='ocrx_word' id='word_1_669' title='bbox 1868 3836 1920 3899; x_wconf 66' lang='grc'><strong>4,</strong></span> <span class='ocrx_word' id='word_1_670' title='bbox 1958 3853 2013 3906; x_wconf 87' lang='lat' dir='ltr'>p.</span> <span class='ocrx_word' id='word_1_671' title='bbox 2046 3836 2134 3899; x_wconf 77' lang='lat'>38,</span> <span class='ocrx_word' id='word_1_672' title='bbox 2170 3844 2227 3890; x_wconf 86' lang='lat' dir='ltr'>et</span> <span class='ocrx_word' id='word_1_673' title='bbox 2252 3835 2502 3890; x_wconf 83' lang='lat' dir='ltr'>Renaud.</span> <span class='ocrx_word' id='word_1_674' title='bbox 2529 3846 2732 3906; x_wconf 63' lang='lat' dir='ltr'>not.,,p.</span> <span class='ocrx_word' id='word_1_675' title='bbox 2766 3834 2869 3891; x_wconf 85' lang='grc'>515</span> <span class='ocrx_word' id='word_1_676' title='bbox 2897 3854 3041 3907; x_wconf 81' lang='lat' dir='ltr'>sqq.,</span> <span class='ocrx_word' id='word_1_677' title='bbox 3075 3837 3259 3909; x_wconf 75' lang='lat' dir='ltr'>Cyrilli</span> <span class='ocrx_word' id='word_1_678' title='bbox 3298 3836 3452 3891; x_wconf 79' lang='lat' dir='ltr'>Alex.</span> 
     </span>
    </p>
   </div>
   <div class='ocr_carea' id='block_1_96' title="bbox 1868 3928 3453 3999">
    <p class='ocr_par' dir='ltr' id='par_1_96' title="bbox 1868 3928 3453 3999">
     <span class='ocr_line' id='line_1_96' title="bbox 1868 3928 3453 3999; baseline 0.001 -20"><span class='ocrx_word' id='word_1_679' title='bbox 1868 3928 2085 3999; x_wconf 76' lang='lat' dir='ltr'>liturgia</span> <span class='ocrx_word' id='word_1_680' title='bbox 2117 3928 2261 3983; x_wconf 87' lang='lat' dir='ltr'>inter</span> <span class='ocrx_word' id='word_1_681' title='bbox 2286 3935 2396 3983; x_wconf 89' lang='lat' dir='ltr'>tres</span> <span class='ocrx_word' id='word_1_682' title='bbox 2416 3928 2666 3999; x_wconf 81' lang='lat' dir='ltr'>liturgias</span> <span class='ocrx_word' id='word_1_683' title='bbox 2690 3928 3031 3998; x_wconf 86' lang='lat' dir='ltr'>Coplitarum</span> <span class='ocrx_word' id='word_1_684' title='bbox 3057 3928 3453 3995; x_wconf 82' lang='lat' dir='ltr'>Jacobitarum,</span> 
     </span>
    </p>
   </div>
   <div class='ocr_carea' id='block_1_97' title="bbox 1867 4019 3467 4091">
    <p class='ocr_par' dir='ltr' id='par_1_97' title="bbox 1867 4019 3467 4091">
     <span class='ocr_line' id='line_1_97' title="bbox 1867 4019 3467 4091; baseline 0.001 -18"><span class='ocrx_word' id='word_1_685' title='bbox 1867 4035 1932 4073; x_wconf 81' lang='lat' dir='ltr'>ex</span> <span class='ocrx_word' id='word_1_686' title='bbox 1962 4019 2189 4089; x_wconf 86' lang='lat' dir='ltr'>Coptico</span> <span class='ocrx_word' id='word_1_687' title='bbox 2206 4034 2501 4075; x_wconf 75' lang='lat' dir='ltr'>conversas</span> <span class='ocrx_word' id='word_1_688' title='bbox 2526 4038 2538 4072; x_wconf 90' lang='lat'>:</span> <span class='ocrx_word' id='word_1_689' title='bbox 2566 4020 2620 4073; x_wconf 89' lang='lat' dir='ltr'>in</span> <span class='ocrx_word' id='word_1_690' title='bbox 2652 4029 2783 4073; x_wconf 89' lang='lat' dir='ltr'>tom.</span> <span class='ocrx_word' id='word_1_691' title='bbox 2809 4020 2876 4085; x_wconf 91' lang='lat' dir='ltr'>ll,</span> <span class='ocrx_word' id='word_1_692' title='bbox 2905 4037 2961 4074; x_wconf 86' lang='grc' dir='ltr'>ιι.</span> <span class='ocrx_word' id='word_1_693' title='bbox 2985 4021 3144 4091; x_wconf 84' lang='lat' dir='ltr'>20,p.</span> <span class='ocrx_word' id='word_1_694' title='bbox 3164 4020 3288 4085; x_wconf 82' lang='grc'><strong>275,</strong></span> <span class='ocrx_word' id='word_1_695' title='bbox 3311 4030 3467 4075; x_wconf 73' lang='lat' dir='ltr'>noue</span> 
     </span>
    </p>
   </div>
   <div class='ocr_carea' id='block_1_98' title="bbox 1865 4111 3461 4184">
    <p class='ocr_par' dir='ltr' id='par_1_98' title="bbox 1865 4111 3461 4184">
     <span class='ocr_line' id='line_1_98' title="bbox 1865 4111 3461 4184; baseline 0.001 -20"><span class='ocrx_word' id='word_1_696' title='bbox 1865 4127 1920 4181; x_wconf 88' lang='lat' dir='ltr'>p.</span> <span class='ocrx_word' id='word_1_697' title='bbox 1954 4111 2079 4175; x_wconf 86' lang='grc'><strong>285,</strong></span> <span class='ocrx_word' id='word_1_698' title='bbox 2111 4142 2181 4150; x_wconf 89' lang='lat'>—</span> <span class='ocrx_word' id='word_1_699' title='bbox 2204 4111 2347 4166; x_wconf 84' lang='lat' dir='ltr'>inter</span> <span class='ocrx_word' id='word_1_700' title='bbox 2382 4112 2653 4181; x_wconf 74' lang='lat' dir='ltr'>liturgias,</span> <span class='ocrx_word' id='word_1_701' title='bbox 2689 4129 2755 4165; x_wconf 78' lang='lat' dir='ltr'>ex</span> <span class='ocrx_word' id='word_1_702' title='bbox 2798 4112 2959 4166; x_wconf 81' lang='lat' dir='ltr'>codd.</span> <span class='ocrx_word' id='word_1_703' title='bbox 2992 4112 3231 4184; x_wconf 78' lang='lat' dir='ltr'>Syriacis</span> <span class='ocrx_word' id='word_1_704' title='bbox 3262 4111 3461 4167; x_wconf 78' lang='lat' dir='ltr'>Latine</span> 
     </span>
    </p>
   </div>
   <div class='ocr_carea' id='block_1_99' title="bbox 1865 4204 3456 4259">
    <p class='ocr_par' dir='ltr' id='par_1_99' title="bbox 1865 4204 3456 4259">
     <span class='ocr_line' id='line_1_99' title="bbox 1865 4204 3456 4259; baseline 0.001 -2"><span class='ocrx_word' id='word_1_705' title='bbox 1865 4220 2067 4259; x_wconf 74' lang='lat' dir='ltr'>versas.</span> <span class='ocrx_word' id='word_1_706' title='bbox 2095 4204 2236 4259; x_wconf 84' lang='lat' dir='ltr'>Add.</span> <span class='ocrx_word' id='word_1_707' title='bbox 2268 4204 2473 4258; x_wconf 80' lang='lat' dir='ltr'>Abrah.</span> <span class='ocrx_word' id='word_1_708' title='bbox 2521 4204 2933 4259; x_wconf 81' lang='lat' dir='ltr'>Ecchellensem</span> <span class='ocrx_word' id='word_1_709' title='bbox 2978 4204 3030 4257; x_wconf 90' lang='lat' dir='ltr'>in</span> <span class='ocrx_word' id='word_1_710' title='bbox 3069 4205 3216 4259; x_wconf 86' lang='lat' dir='ltr'>notis</span> <span class='ocrx_word' id='word_1_711' title='bbox 3261 4205 3326 4258; x_wconf 88' lang='lat' dir='ltr'>ad</span> <span class='ocrx_word' id='word_1_712' title='bbox 3367 4220 3456 4258; x_wconf 82' lang='lat' dir='ltr'>ca-</span> 
     </span>
    </p>
   </div>
   <div class='ocr_carea' id='block_1_100' title="bbox 1868 4294 3450 4365">
    <p class='ocr_par' dir='ltr' id='par_1_100' title="bbox 1868 4294 3450 4365">
     <span class='ocr_line' id='line_1_100' title="bbox 1868 4294 3450 4365; baseline 0.001 -17"><span class='ocrx_word' id='word_1_713' title='bbox 1868 4295 2028 4365; x_wconf 79' lang='lat' dir='ltr'>talog.</span> <span class='ocrx_word' id='word_1_714' title='bbox 2086 4295 2354 4349; x_wconf 86' lang='lat' dir='ltr'>librorum</span> <span class='ocrx_word' id='word_1_715' title='bbox 2393 4294 2673 4349; x_wconf 87' lang='lat' dir='ltr'>Cbaldaic.</span> <span class='ocrx_word' id='word_1_716' title='bbox 2706 4304 2760 4349; x_wconf 89' lang='lat' dir='ltr'>et</span> <span class='ocrx_word' id='word_1_717' title='bbox 2788 4295 3049 4365; x_wconf 71' lang='lat' dir='ltr'>Syrorum</span> <span class='ocrx_word' id='word_1_718' title='bbox 3098 4295 3247 4349; x_wconf 84' lang='lat' dir='ltr'>Ebed</span> <span class='ocrx_word' id='word_1_719' title='bbox 3299 4296 3450 4356; x_wconf 69' lang='lat' dir='ltr'>Jesu,</span> 
     </span>
    </p>
   </div>
   <div class='ocr_carea' id='block_1_101' title="bbox 1865 4387 3447 4459">
    <p class='ocr_par' dir='ltr' id='par_1_101' title="bbox 1865 4387 3447 4459">
     <span class='ocr_line' id='line_1_101' title="bbox 1865 4387 3447 4459; baseline -0.001 -16"><span class='ocrx_word' id='word_1_720' title='bbox 1865 4404 1984 4459; x_wconf 86' lang='lat' dir='ltr'>cap.</span> <span class='ocrx_word' id='word_1_721' title='bbox 2012 4388 2100 4443; x_wconf 83' lang='lat'>29.</span> <span class='ocrx_word' id='word_1_722' title='bbox 2120 4389 2185 4444; x_wconf 82' lang='lat' dir='ltr'>V.</span> <span class='ocrx_word' id='word_1_723' title='bbox 2212 4388 2499 4444; x_wconf 84' lang='lat' dir='ltr'>Renaudot</span> <span class='ocrx_word' id='word_1_724' title='bbox 2524 4389 2669 4458; x_wconf 88' lang='lat' dir='ltr'>apud</span> <span class='ocrx_word' id='word_1_725' title='bbox 2700 4389 3068 4443; x_wconf 82' lang='lat' dir='ltr'>Montfaucon.</span> <span class='ocrx_word' id='word_1_726' title='bbox 3101 4389 3155 4441; x_wconf 91' lang='lat' dir='ltr'>in</span> <span class='ocrx_word' id='word_1_727' title='bbox 3182 4387 3447 4459; x_wconf 71' lang='lat' dir='ltr'>Pala&#39;ogr.</span> 
     </span>
    </p>
   </div>
   <div class='ocr_carea' id='block_1_102' title="bbox 1866 4477 3469 4548">
    <p class='ocr_par' dir='ltr' id='par_1_102' title="bbox 1866 4477 3469 4548">
     <span class='ocr_line' id='line_1_102' title="bbox 1866 4477 3469 4548; baseline 0.001 -15"><span class='ocrx_word' id='word_1_728' title='bbox 1866 4477 2070 4543; x_wconf 51' lang='lat' dir='ltr'>Cra’ca,</span> <span class='ocrx_word' id='word_1_729' title='bbox 2108 4494 2161 4548; x_wconf 90' lang='lat' dir='ltr'>p.</span> <span class='ocrx_word' id='word_1_730' title='bbox 2206 4478 2331 4542; x_wconf 70' lang='lat'>311,</span> <span class='ocrx_word' id='word_1_731' title='bbox 2361 4477 2430 4532; x_wconf 89' lang='lat' dir='ltr'>de</span> <span class='ocrx_word' id='word_1_732' title='bbox 2473 4477 2725 4548; x_wconf 82' lang='lat' dir='ltr'>liturgia,</span> <span class='ocrx_word' id='word_1_733' title='bbox 2765 4494 2886 4548; x_wconf 74' lang='lat' dir='ltr'>qua:</span> <span class='ocrx_word' id='word_1_734' title='bbox 2920 4478 3128 4532; x_wconf 81' lang='lat' dir='ltr'>dicitur</span> <span class='ocrx_word' id='word_1_735' title='bbox 3155 4478 3215 4531; x_wconf 88' lang='lat' dir='ltr'>D.</span> <span class='ocrx_word' id='word_1_736' title='bbox 3257 4477 3469 4540; x_wconf 46' lang='lat' dir='ltr'>Marci,</span> 
     </span>
    </p>
   </div>
   <div class='ocr_carea' id='block_1_103' title="bbox 1864 4567 3471 4651">
    <p class='ocr_par' dir='ltr' id='par_1_103' title="bbox 1864 4567 3471 4651">
     <span class='ocr_line' id='line_1_103' title="bbox 1864 4567 3471 4651; baseline -0.002 -28"><span class='ocrx_word' id='word_1_737' title='bbox 1864 4569 2178 4624; x_wconf 85' lang='lat' dir='ltr'>charactere</span> <span class='ocrx_word' id='word_1_738' title='bbox 2234 4567 2788 4641; x_wconf 61' lang='lat' dir='ltr'>Egyptico-Grmco,</span> <span class='ocrx_word' id='word_1_739' title='bbox 2818 4585 2988 4651; x_wconf 46' lang='lat' dir='ltr'>&#39;quam</span> <span class='ocrx_word' id='word_1_740' title='bbox 3042 4584 3173 4623; x_wconf 81' lang='lat' dir='ltr'>vero</span> <span class='ocrx_word' id='word_1_741' title='bbox 3228 4568 3471 4625; x_wconf 83' lang='lat' dir='ltr'>adnotat;</span> 
     </span>
    </p>
   </div>
   <div class='ocr_carea' id='block_1_104' title="bbox 1796 4660 3454 4732">
    <p class='ocr_par' dir='ltr' id='par_1_104' title="bbox 1796 4660 3454 4732">
     <span class='ocr_line' id='line_1_104' title="bbox 1796 4660 3454 4732; baseline 0.001 -19"><span class='ocrx_word' id='word_1_742' title='bbox 1796 4660 1997 4720; x_wconf 63' lang='lat' dir='ltr'>Ditiid.</span> <span class='ocrx_word' id='word_1_743' title='bbox 2062 4660 2350 4715; x_wconf 85' lang='lat' dir='ltr'>Renaudot</span> <span class='ocrx_word' id='word_1_744' title='bbox 2406 4661 2656 4715; x_wconf 83' lang='lat' dir='ltr'>eamdem</span> <span class='ocrx_word' id='word_1_745' title='bbox 2720 4676 2840 4716; x_wconf 86' lang='lat' dir='ltr'>esse</span> <span class='ocrx_word' id='word_1_746' title='bbox 2914 4670 3079 4732; x_wconf 88' lang='lat' dir='ltr'>atque</span> <span class='ocrx_word' id='word_1_747' title='bbox 3145 4677 3286 4718; x_wconf 68' lang='lat' dir='ltr'>carri.</span> <span class='ocrx_word' id='word_1_748' title='bbox 3333 4678 3454 4730; x_wconf 68' lang='lat' dir='ltr'>quae</span> 
     </span>
    </p>
   </div>
   <div class='ocr_carea' id='block_1_105' title="bbox 1866 4751 3525 4825">
    <p class='ocr_par' dir='ltr' id='par_1_105' title="bbox 1866 4751 3525 4825">
     <span class='ocr_line' id='line_1_105' title="bbox 1866 4751 3525 4825; baseline 0.001 -18"><span class='ocrx_word' id='word_1_749' title='bbox 1866 4751 2090 4821; x_wconf 85' lang='lat' dir='ltr'>Coptice</span> <span class='ocrx_word' id='word_1_750' title='bbox 2123 4761 2300 4807; x_wconf 83' lang='lat' dir='ltr'>exstet</span> <span class='ocrx_word' id='word_1_751' title='bbox 2326 4752 2427 4806; x_wconf 88' lang='lat' dir='ltr'>sub</span> <span class='ocrx_word' id='word_1_752' title='bbox 2450 4753 2670 4807; x_wconf 87' lang='lat' dir='ltr'>nomine</span> <span class='ocrx_word' id='word_1_753' title='bbox 2694 4751 2901 4823; x_wconf 69' lang='lat' dir='ltr'>Cyrilli.</span> <span class='ocrx_word' id='word_1_754' title='bbox 2924 4783 2992 4791; x_wconf 83' lang='lat'>—-</span> <span class='ocrx_word' id='word_1_755' title='bbox 3022 4751 3195 4807; x_wconf 87' lang='lat' dir='ltr'>Paris.</span> <span class='ocrx_word' id='word_1_756' title='bbox 3230 4752 3286 4805; x_wconf 88' lang='lat' dir='ltr'>in</span> <span class='ocrx_word' id='word_1_757' title='bbox 3315 4751 3468 4809; x_wconf 86' lang='lat' dir='ltr'>bibl..</span> <span class='ocrx_word' id='word_1_758' title='bbox 3520 4821 3525 4825; x_wconf 93' lang='lat'>_</span> 
     </span>
    </p>
   </div>
   <div class='ocr_carea' id='block_1_106' title="bbox 1864 4840 3447 4911">
    <p class='ocr_par' dir='ltr' id='par_1_106' title="bbox 1864 4840 3447 4911">
     <span class='ocr_line' id='line_1_106' title="bbox 1864 4840 3447 4911; baseline -0.003 -15"><span class='ocrx_word' id='word_1_759' title='bbox 1864 4842 2016 4911; x_wconf 87' lang='lat' dir='ltr'>publ.</span> <span class='ocrx_word' id='word_1_760' title='bbox 2046 4843 2188 4897; x_wconf 86' lang='lat' dir='ltr'>inter</span> <span class='ocrx_word' id='word_1_761' title='bbox 2222 4843 2382 4897; x_wconf 88' lang='lat' dir='ltr'>codd.</span> <span class='ocrx_word' id='word_1_762' title='bbox 2410 4840 2737 4907; x_wconf 88' lang='lat' dir='ltr'>Orientales,</span> <span class='ocrx_word' id='word_1_763' title='bbox 2776 4843 3078 4897; x_wconf 87' lang='lat' dir='ltr'>secundum</span> <span class='ocrx_word' id='word_1_764' title='bbox 3132 4850 3239 4895; x_wconf 88' lang='lat' dir='ltr'>cat.</span> <span class='ocrx_word' id='word_1_765' title='bbox 3288 4840 3447 4895; x_wconf 89' lang='lat' dir='ltr'>codd.</span> 
     </span>
    </p>
   </div>
   <div class='ocr_carea' id='block_1_107' title="bbox 1864 4933 3447 5006">
    <p class='ocr_par' dir='ltr' id='par_1_107' title="bbox 1864 4933 3447 5006">
     <span class='ocr_line' id='line_1_107' title="bbox 1864 4933 3447 5006; baseline -0.003 -17"><span class='ocrx_word' id='word_1_766' title='bbox 1864 4935 2037 4990; x_wconf 83' lang='lat' dir='ltr'>Paris.</span> <span class='ocrx_word' id='word_1_767' title='bbox 2067 4936 2177 4989; x_wconf 75' lang='lat' dir='ltr'>vol.</span> <span class='ocrx_word' id='word_1_768' title='bbox 2212 4935 2255 5000; x_wconf 78' lang='lat'>1’,</span> <span class='ocrx_word' id='word_1_769' title='bbox 2288 4951 2343 5006; x_wconf 88' lang='lat' dir='ltr'>p.</span> <span class='ocrx_word' id='word_1_770' title='bbox 2363 4936 2451 5000; x_wconf 66' lang='grc'><strong>54,</strong></span> <span class='ocrx_word' id='word_1_771' title='bbox 2480 4936 2570 5002; x_wconf 88' lang='grc'>57,</span> <span class='ocrx_word' id='word_1_772' title='bbox 2598 4936 2688 5001; x_wconf 90' lang='grc'>60,</span> <span class='ocrx_word' id='word_1_773' title='bbox 2708 4937 2777 4990; x_wconf 82' lang='grc'>72</span> <span class='ocrx_word' id='word_1_774' title='bbox 2796 4947 2853 4991; x_wconf 91' lang='lat' dir='ltr'>et</span> <span class='ocrx_word' id='word_1_775' title='bbox 2879 4936 2965 5000; x_wconf 89' lang='grc'>75,</span> <span class='ocrx_word' id='word_1_776' title='bbox 2994 4936 3180 5006; x_wconf 81' lang='lat' dir='ltr'>Cyrilli</span> <span class='ocrx_word' id='word_1_777' title='bbox 3206 4933 3447 5002; x_wconf 82' lang='lat' dir='ltr'>liturgia,</span> 
     </span>
    </p>
   </div>
   <div class='ocr_carea' id='block_1_108' title="bbox 1871 5024 3444 5099">
    <p class='ocr_par' dir='ltr' id='par_1_108' title="bbox 1871 5024 3444 5099">
     <span class='ocr_line' id='line_1_108' title="bbox 1871 5024 3444 5099; baseline -0.004 -17"><span class='ocrx_word' id='word_1_778' title='bbox 1871 5027 2117 5099; x_wconf 80' lang='lat' dir='ltr'>Syriaco,</span> <span class='ocrx_word' id='word_1_779' title='bbox 2152 5028 2207 5082; x_wconf 90' lang='lat' dir='ltr'>in</span> <span class='ocrx_word' id='word_1_780' title='bbox 2232 5028 2393 5082; x_wconf 91' lang='lat' dir='ltr'>codd.</span> <span class='ocrx_word' id='word_1_781' title='bbox 2425 5027 2641 5092; x_wconf 75' lang='lat' dir='ltr'>XXXII,</span> <span class='ocrx_word' id='word_1_782' title='bbox 2677 5044 2734 5080; x_wconf 92' lang='grc' dir='ltr'>ιι.</span> <span class='ocrx_word' id='word_1_783' title='bbox 2763 5028 2818 5091; x_wconf 84' lang='grc'>2,</span> <span class='ocrx_word' id='word_1_784' title='bbox 2858 5026 3040 5089; x_wconf 73' lang='lat' dir='ltr'><strong>LXVI,</strong></span> <span class='ocrx_word' id='word_1_785' title='bbox 3072 5024 3252 5090; x_wconf 78' lang='lat' dir='ltr'>XCIV,</span> <span class='ocrx_word' id='word_1_786' title='bbox 3301 5040 3355 5076; x_wconf 91' lang='grc' dir='ltr'>ιι.</span> <span class='ocrx_word' id='word_1_787' title='bbox 3392 5024 3444 5078; x_wconf 89' lang='grc'>5.</span> 
     </span>
    </p>
   </div>
   <div class='ocr_carea' id='block_1_109' title="bbox 1863 5116 3445 5190">
    <p class='ocr_par' dir='ltr' id='par_1_109' title="bbox 1863 5116 3445 5190">
     <span class='ocr_line' id='line_1_109' title="bbox 1863 5116 3445 5190; baseline -0.004 -15"><span class='ocrx_word' id='word_1_788' title='bbox 1863 5150 1934 5159; x_wconf 89' lang='lat'><strong>-</strong></span> <span class='ocrx_word' id='word_1_789' title='bbox 1966 5119 2211 5190; x_wconf 89' lang='lat' dir='ltr'>Coptice,</span> <span class='ocrx_word' id='word_1_790' title='bbox 2242 5121 2299 5175; x_wconf 90' lang='lat' dir='ltr'>in</span> <span class='ocrx_word' id='word_1_791' title='bbox 2329 5120 2451 5176; x_wconf 90' lang='lat' dir='ltr'>cod.</span> <span class='ocrx_word' id='word_1_792' title='bbox 2472 5118 2662 5184; x_wconf 72' lang='lat' dir='ltr'>XXVI,</span> <span class='ocrx_word' id='word_1_793' title='bbox 2695 5136 2753 5172; x_wconf 84' lang='grc' dir='ltr'>ιι.</span> <span class='ocrx_word' id='word_1_794' title='bbox 2776 5118 2830 5184; x_wconf 78' lang='grc'>5,</span> <span class='ocrx_word' id='word_1_795' title='bbox 2859 5133 2986 5172; x_wconf 89' lang='lat' dir='ltr'>cum</span> <span class='ocrx_word' id='word_1_796' title='bbox 3019 5116 3252 5171; x_wconf 81' lang='lat' dir='ltr'>Arabica</span> <span class='ocrx_word' id='word_1_797' title='bbox 3273 5116 3445 5170; x_wconf 85' lang='lat' dir='ltr'>inter-</span> 
     </span>
    </p>
   </div>
   <div class='ocr_carea' id='block_1_110' title="bbox 1864 5206 3447 5281">
    <p class='ocr_par' dir='ltr' id='par_1_110' title="bbox 1864 5206 3447 5281">
     <span class='ocr_line' id='line_1_110' title="bbox 1864 5206 3447 5281; baseline -0.002 -17"><span class='ocrx_word' id='word_1_798' title='bbox 1864 5211 2196 5281; x_wconf 88' lang='lat' dir='ltr'>pretatione,</span> <span class='ocrx_word' id='word_1_799' title='bbox 2225 5221 2283 5265; x_wconf 90' lang='lat' dir='ltr'>et</span> <span class='ocrx_word' id='word_1_800' title='bbox 2310 5212 2469 5265; x_wconf 89' lang='lat' dir='ltr'>codd.</span> <span class='ocrx_word' id='word_1_801' title='bbox 2494 5210 2685 5275; x_wconf 71' lang='lat' dir='ltr'>XXXI,</span> <span class='ocrx_word' id='word_1_802' title='bbox 2710 5226 2769 5263; x_wconf 87' lang='grc' dir='ltr'>ιι.</span> <span class='ocrx_word' id='word_1_803' title='bbox 2809 5208 2862 5270; x_wconf 83' lang='grc'>5,</span> <span class='ocrx_word' id='word_1_804' title='bbox 2886 5217 3049 5277; x_wconf 86' lang='lat' dir='ltr'>atque</span> <span class='ocrx_word' id='word_1_805' title='bbox 3079 5207 3212 5271; x_wconf 76' lang='lat' dir='ltr'>XLI,</span> <span class='ocrx_word' id='word_1_806' title='bbox 3244 5224 3273 5261; x_wconf 88' lang='lat' dir='ltr'><strong>e</strong></span> <span class='ocrx_word' id='word_1_807' title='bbox 3295 5206 3447 5262; x_wconf 65' lang='grc' dir='ltr'>(Ξῖ-τυ-</span> 
     </span>
    </p>
   </div>
   <div class='ocr_carea' id='block_1_111' title="bbox 1864 5300 3453 5375">
    <p class='ocr_par' dir='ltr' id='par_1_111' title="bbox 1864 5300 3453 5375">
     <span class='ocr_line' id='line_1_111' title="bbox 1864 5300 3453 5375; baseline -0.005 -17"><span class='ocrx_word' id='word_1_808' title='bbox 1864 5318 1927 5358; x_wconf 85' lang='lat' dir='ltr'>ca</span> <span class='ocrx_word' id='word_1_809' title='bbox 1978 5303 2164 5375; x_wconf 80' lang='lat' dir='ltr'>lingua</span> <span class='ocrx_word' id='word_1_810' title='bbox 2211 5304 2266 5358; x_wconf 90' lang='lat' dir='ltr'>in</span> <span class='ocrx_word' id='word_1_811' title='bbox 2321 5302 2601 5373; x_wconf 87' lang='lat' dir='ltr'>Copticam</span> <span class='ocrx_word' id='word_1_812' title='bbox 2668 5316 2962 5365; x_wconf 79' lang='lat' dir='ltr'>conversa;</span> <span class='ocrx_word' id='word_1_813' title='bbox 2994 5300 3274 5355; x_wconf 88' lang='lat' dir='ltr'>dimidiam</span> <span class='ocrx_word' id='word_1_814' title='bbox 3315 5316 3453 5355; x_wconf 76' lang='lat' dir='ltr'>vero</span> 
     </span>
    </p>
   </div>
   <div class='ocr_carea' id='block_1_112' title="bbox 1862 5392 3440 5466">
    <p class='ocr_par' dir='ltr' id='par_1_112' title="bbox 1862 5392 3440 5466">
     <span class='ocr_line' id='line_1_112' title="bbox 1862 5392 3440 5466; baseline -0.001 -18"><span class='ocrx_word' id='word_1_815' title='bbox 1862 5404 2077 5465; x_wconf 86' lang='lat' dir='ltr'>partem</span> <span class='ocrx_word' id='word_1_816' title='bbox 2126 5407 2360 5466; x_wconf 88' lang='lat' dir='ltr'>occupat</span> <span class='ocrx_word' id='word_1_817' title='bbox 2406 5396 2587 5449; x_wconf 79' lang='lat' dir='ltr'>versio</span> <span class='ocrx_word' id='word_1_818' title='bbox 2621 5393 2875 5447; x_wconf 78' lang='lat' dir='ltr'>Arabica.</span> <span class='ocrx_word' id='word_1_819' title='bbox 2900 5422 2968 5431; x_wconf 67' lang='grc' dir='ltr'>υ-</span> <span class='ocrx_word' id='word_1_820' title='bbox 2990 5392 3184 5447; x_wconf 81' lang='lat' dir='ltr'>Oxonii</span> <span class='ocrx_word' id='word_1_821' title='bbox 3215 5394 3268 5447; x_wconf 87' lang='lat' dir='ltr'>in</span> <span class='ocrx_word' id='word_1_822' title='bbox 3308 5394 3440 5447; x_wconf 84' lang='lat' dir='ltr'>bibl.</span> 
     </span>
    </p>
   </div>
   <div class='ocr_carea' id='block_1_113' title="bbox 1862 5486 3442 5548">
    <p class='ocr_par' dir='ltr' id='par_1_113' title="bbox 1862 5486 3442 5548">
     <span class='ocr_line' id='line_1_113' title="bbox 1862 5486 3442 5548; baseline -0.004 -5"><span class='ocrx_word' id='word_1_823' title='bbox 1862 5488 2067 5543; x_wconf 79' lang='lat' dir='ltr'>Bodlei.</span> <span class='ocrx_word' id='word_1_824' title='bbox 2096 5505 2151 5543; x_wconf 82' lang='grc' dir='ltr'>ιι.</span> <span class='ocrx_word' id='word_1_825' title='bbox 2172 5489 2304 5544; x_wconf 83' lang='grc'><strong>5291</strong></span> <span class='ocrx_word' id='word_1_826' title='bbox 2345 5488 2463 5544; x_wconf 82' lang='lat' dir='ltr'>Cat.</span> <span class='ocrx_word' id='word_1_827' title='bbox 2482 5488 2626 5543; x_wconf 86' lang='lat' dir='ltr'>inter</span> <span class='ocrx_word' id='word_1_828' title='bbox 2653 5486 2813 5541; x_wconf 90' lang='lat' dir='ltr'>codd.</span> <span class='ocrx_word' id='word_1_829' title='bbox 2834 5486 3055 5541; x_wconf 77' lang='lat' dir='ltr'>Thomae</span> <span class='ocrx_word' id='word_1_830' title='bbox 3080 5486 3442 5548; x_wconf 82' lang='lat' dir='ltr'>Marcschalli,</span> 
     </span>
    </p>
   </div>
   <div class='ocr_carea' id='block_1_114' title="bbox 1863 5578 3444 5651">
    <p class='ocr_par' dir='ltr' id='par_1_114' title="bbox 1863 5578 3444 5651">
     <span class='ocr_line' id='line_1_114' title="bbox 1863 5578 3444 5651; baseline -0.001 -17"><span class='ocrx_word' id='word_1_831' title='bbox 1863 5590 2027 5651; x_wconf 85' lang='lat' dir='ltr'>atque</span> <span class='ocrx_word' id='word_1_832' title='bbox 2053 5598 2108 5636; x_wconf 91' lang='grc' dir='ltr'>ιι.</span> <span class='ocrx_word' id='word_1_833' title='bbox 2144 5582 2283 5637; x_wconf 85' lang='grc'><strong>5878</strong></span> <span class='ocrx_word' id='word_1_834' title='bbox 2300 5598 2362 5637; x_wconf 86' lang='lat' dir='ltr'>ac</span> <span class='ocrx_word' id='word_1_835' title='bbox 2401 5581 2560 5646; x_wconf 84' lang='grc'><strong>5879,</strong></span> <span class='ocrx_word' id='word_1_836' title='bbox 2589 5581 2733 5635; x_wconf 87' lang='lat' dir='ltr'>inter</span> <span class='ocrx_word' id='word_1_837' title='bbox 2755 5580 2914 5635; x_wconf 89' lang='lat' dir='ltr'>codd.</span> <span class='ocrx_word' id='word_1_838' title='bbox 2940 5579 3282 5649; x_wconf 78' lang='lat' dir='ltr'>Huntington</span> <span class='ocrx_word' id='word_1_839' title='bbox 3335 5578 3444 5633; x_wconf 88' lang='lat' dir='ltr'>Co-</span> 
     </span>
    </p>
   </div>
   <div class='ocr_carea' id='block_1_115' title="bbox 1861 5668 2491 5745">
    <p class='ocr_par' dir='ltr' id='par_1_115' title="bbox 1861 5668 2491 5745">
     <span class='ocr_line' id='line_1_115' title="bbox 1861 5668 2491 5745; baseline -0.003 -16"><span class='ocrx_word' id='word_1_840' title='bbox 1861 5668 2007 5745; x_wconf 86' lang='lat' dir='ltr'>pticc</span> <span class='ocrx_word' id='word_1_841' title='bbox 2041 5686 2099 5730; x_wconf 89' lang='lat' dir='ltr'>et</span> <span class='ocrx_word' id='word_1_842' title='bbox 2124 5674 2288 5729; x_wconf 83' lang='lat' dir='ltr'>Arab.</span> <span class='ocrx_word' id='word_1_843' title='bbox 2324 5675 2491 5730; x_wconf 70' lang='lat' dir='ltr'>IIARL.</span> 
     </span>
    </p>
   </div>
   <div class='ocr_carea' id='block_1_116' title="bbox 1932 5766 3444 5839">
    <p class='ocr_par' dir='ltr' id='par_1_116' title="bbox 1932 5766 3444 5839">
     <span class='ocr_line' id='line_1_116' title="bbox 1932 5766 3444 5839; baseline -0.001 -18"><span class='ocrx_word' id='word_1_844' title='bbox 1932 5767 2053 5823; x_wconf 86' lang='grc'><strong>152.</strong></span> <span class='ocrx_word' id='word_1_845' title='bbox 2076 5768 2399 5839; x_wconf 86' lang='lat' dir='ltr'>Fragmenta</span> <span class='ocrx_word' id='word_1_846' title='bbox 2443 5783 2506 5821; x_wconf 76' lang='lat' dir='ltr'>ea:</span> <span class='ocrx_word' id='word_1_847' title='bbox 2547 5766 2763 5822; x_wconf 78' lang='lat' dir='ltr'>humilia</span> <span class='ocrx_word' id='word_1_848' title='bbox 2800 5766 2935 5837; x_wconf 78' lang='grc' dir='ltr'>πρὸς</span> <span class='ocrx_word' id='word_1_849' title='bbox 2968 5766 3097 5831; x_wconf 78' lang='grc' dir='ltr'>τοὺς</span> <span class='ocrx_word' id='word_1_850' title='bbox 3130 5766 3444 5837; x_wconf 83' lang='grc' dir='ltr'>τολμῶντας</span> 
     </span>
    </p>
   </div>
   <div class='ocr_carea' id='block_1_117' title="bbox 1859 5857 3447 5932">
    <p class='ocr_par' dir='ltr' id='par_1_117' title="bbox 1859 5857 3447 5932">
     <span class='ocr_line' id='line_1_117' title="bbox 1859 5857 3447 5932; baseline 0 -21"><span class='ocrx_word' id='word_1_851' title='bbox 1859 5860 2057 5927; x_wconf 79' lang='grc' dir='ltr'>λέγειν,</span> <span class='ocrx_word' id='word_1_852' title='bbox 2096 5859 2171 5930; x_wconf 82' lang='grc' dir='ltr'>μὴ</span> <span class='ocrx_word' id='word_1_853' title='bbox 2219 5858 2332 5911; x_wconf 83' lang='grc' dir='ltr'>δεῖν</span> <span class='ocrx_word' id='word_1_854' title='bbox 2376 5859 2515 5932; x_wconf 79' lang='grc' dir='ltr'>ὑπὲρ</span> <span class='ocrx_word' id='word_1_855' title='bbox 2565 5857 2673 5911; x_wconf 80' lang='grc' dir='ltr'>τῶν</span> <span class='ocrx_word' id='word_1_856' title='bbox 2710 5860 2769 5911; x_wconf 78' lang='grc' dir='ltr'>ἐν</span> <span class='ocrx_word' id='word_1_857' title='bbox 2816 5860 2995 5912; x_wconf 75' lang='grc' dir='ltr'>πίστει</span> <span class='ocrx_word' id='word_1_858' title='bbox 3029 5859 3447 5929; x_wconf 79' lang='grc' dir='ltr'>κεκοιμημένων</span> 
     </span>
    </p>
   </div>
   <div class='ocr_carea' id='block_1_118' title="bbox 1864 5952 3458 6024">
    <p class='ocr_par' dir='ltr' id='par_1_118' title="bbox 1864 5952 3458 6024">
     <span class='ocr_line' id='line_1_118' title="bbox 1864 5952 3458 6024; baseline 0.001 -21"><span class='ocrx_word' id='word_1_859' title='bbox 1864 5952 2213 6024; x_wconf 73' lang='grc' dir='ltr'>προσφέρειν,</span> <span class='ocrx_word' id='word_1_860' title='bbox 2240 5952 2510 6007; x_wconf 79' lang='lat' dir='ltr'>-advcrsns</span> <span class='ocrx_word' id='word_1_861' title='bbox 2572 5969 2676 6019; x_wconf 85' lang='lat' dir='ltr'>eos,</span> <span class='ocrx_word' id='word_1_862' title='bbox 2719 5952 2806 6021; x_wconf 85' lang='lat' dir='ltr'>qui</span> <span class='ocrx_word' id='word_1_863' title='bbox 2856 5960 3068 6022; x_wconf 76' lang='lat' dir='ltr'>negant,</span> <span class='ocrx_word' id='word_1_864' title='bbox 3125 5952 3458 6023; x_wconf 64' lang='lat' dir='ltr'>ofﬂ&#39;rcnrlum.</span> 
     </span>
    </p>
   </div>
  </div>
