4154 6494
383 438 456 495 93
748 428 755 435 ’
1760 446 2275 506 ΡιξιειτΑτιοκεε.
3568 452 3640 508 at

384 559 470 620 ris
515 558 825 633 Eunomii,
870 568 1173 625 venenata
1216 565 1443 645 scripta
1474 567 1896 646 redargueret,
1930 569 2311 650 plebemque
2335 590 2649 635 cureasuaz
2682 572 2981 653 pastorali
3000 556 3305 634 creditam
3334 572 3397 632 in
3429 570 3645 633 ortho-

382 658 549 721 doxa
582 660 702 722 ﬁde
726 670 1142 725 conservaret.
1175 666 1473 747 Princeps
1503 676 1564 731 et
1594 672 1902 732 maximus
1934 671 2012 733 de
2040 671 2161 734 hoc
2184 658 2554 749 argumento
2577 672 2961 756 liberCyrilli
2986 678 3077 734 est
3099 672 3472 745 Thesaurus,
3508 689 3637 752 quo

384 760 577 822 veluti
605 763 906 841 ampliore
944 769 1423 830 armamentario
1457 788 1531 832 ea
1555 772 1961 834 continentur
1988 790 2182 846 arma,
2215 790 2357 852 quas
2400 774 2465 835 in
2498 774 2618 836 hoc
2656 792 2912 854 quoque
2945 772 3184 834 minore
3215 772 3287 832 dc
3328 773 3636 833 Trinitate

384 867 732 923 cernuntur
760 864 1091 942 Opusculo,
1134 867 1307 945 quod
1330 868 1579 948 planius
1608 877 1797 951 atque
1828 872 2206 934 contractius
2226 881 2414 953 atque
2436 873 2517 934 ad
2551 874 2723 935 rudis
2745 873 2965 953 populi
2986 890 3166 934 usum
3192 872 3636 935 accommoda-

384 963 510 1023 tius
531 965 721 1044 (sicut
742 967 925 1029 etiam
950 969 1011 1029 in
1031 978 1334 1050 sequente
1364 975 1447 1034 De
1473 976 1904 1037 incarnatione
1920 976 2190 1056 ipsemet
2219 978 2387 1057 dicit)
2412 978 2768 1057 composuit
2784 976 3066 1056 Cyrillus.
3094 976 3368 1037 Alterum
3391 975 3634 1052 insigne

388 1067 773 1134 deTrinitate
796 1074 1095 1153 scriptum
1111 1077 1610 1159 Cyrilli,Dialogi
1632 1090 1858 1160 septem
1888 1090 2031 1144 sunt
2058 1082 2535 1146 luculentissimi
2552 1082 2634 1143 ad
2644 1083 2987 1155 Hermiam,
3012 1082 3117 1161 qui
3156 1082 3385 1161 pariter
3408 1079 3595 1141 fecun
3612 1113 3633 1123 ο

389 1166 713 1233 dissimum
738 1175 1021 1237 Auctoris
1052 1177 1396 1256 ingenium,
1418 1182 1856 1263 inﬁnitumque
1879 1185 2270 1247 orthodoxire
2304 1184 2505 1246 zelum
2537 1184 2986 1247 demonstrant.
3008 1185 3282 1246 Tertium
3306 1186 3390 1243 De
3435 1182 3642 1242 Trini-

389 1276 517 1329 τοτε
546 1274 865 1352 quoddam
907 1280 1280 1358 Opusculum
1312 1284 1507 1347 edidit
1546 1286 1787 1365 primus
1815 1291 1931 1350 sub
1977 1289 2184 1367 Cyrilli
2212 1292 2469 1351 nomine
2498 1288 2893 1367 Wegelinus:
2925 1295 3354 1351 verumtamen
3385 1288 3445 1348 id
3484 1284 3638 1347 nihil

388 1370 523 1433 fere
550 1392 687 1436 esse
720 1378 884 1439 aliud
928 1397 1118 1459 quam
1157 1382 1705 1463 interpolationem
1744 1397 1933 1466 atque
1972 1387 2420 1467 compendium
2459 1388 2670 1467 operis
2721 1387 2980 1448 Joannis
3007 1384 3369 1447 Damasceni
3401 1384 3484 1443 De
3515 1381 3637 1459 ﬁde

388 1469 768 1547 orthodoxa,
856 1475 1129 1558 ideoque
1202 1481 1681 1559 abjudicandum
1726 1486 1976 1564 Cyrillo,
2014 1487 2144 1563 jam
2205 1486 2313 1549 diu
2369 1487 2567 1549 critici
2618 1486 2991 1548 docuerunt.
3036 1485 3156 1546 Sed
3219 1488 3453 1563 praeter
3492 1482 3629 1542 haec

388 1571 764 1634 nominatim
796 1576 883 1635 De
916 1577 1224 1639 Trinitate
1242 1580 1538 1661 inscripta
1569 1601 1784 1663 opera,
1807 1586 2039 1664 passim
2059 1586 2321 1665 Cyrillus
2340 1587 2405 1648 in
2423 1586 2843 1649 voluminibus
2870 1586 2997 1647 suis
3014 1601 3130 1665 pro
3163 1584 3283 1646 hoc
3318 1583 3638 1664 praacipuo

386 1666 679 1745 dogmate
700 1681 960 1751 pugnat;
993 1683 1054 1737 et
1074 1678 1330 1765 quidem
1359 1681 1633 1743 etiamin
1657 1683 1997 1762 praeclaris,
2024 1704 2185 1765 quos
2213 1703 2328 1747 nos
2351 1686 2471 1748 hoc
2499 1695 2788 1765 tempore
2818 1684 3150 1757 edidimus,
3174 1681 3641 1746 commentariis

384 1766 464 1870 ad
504 1771 676 1831 Pauli
708 1774 1013 1852 Epistolas
1041 1762 1103 1870 et
1133 1778 1210 1840 ad
1250 1779 1553 1843 Psalmos.
1592 1784 1770 1844 Nunc
1805 1801 1872 1845 se
1904 1762 2059 1844 mihi
2098 1784 2323 1846 obtulit
2359 1783 2567 1863 Cyrilli
2597 1762 2928 1857 ineditum,
2964 1790 3032 1846 ut
3066 1800 3229 1855 reor,
3265 1780 3641 1861 Opusculum

383 1867 473 1928 De
510 1872 818 1934 Trinitate
840 1876 900 1935 in
925 1867 1221 1940 Vaticano
1245 1898 1500 1959 perraro
1528 1884 1749 1948 codice
1775 1903 1790 1958 ;
1824 1885 2333 1965 quaalucubratio
2364 1886 2549 1966 plane
2570 1887 2650 1947 ab
2680 1884 2785 1946 illa
2815 1885 3043 1958 diﬁ‘ert,
3077 1901 3264 1963 quam
3300 1882 3433 1961 pari
3460 1880 3641 1942 titulo

383 1966 505 2027 sub
542 1968 700 2031 falso
718 1973 921 2051 Cyrilli
943 1975 1198 2037 nomine
1212 1976 1481 2055 vulgavit
1505 1981 1881 2058 Wegelinus.
1916 1981 2010 2042 Ait
2027 1990 2235 2043 autem
2264 1982 2524 2061 Cyrillus
2546 2000 2684 2062 cap.
2709 1981 2743 2041 3
2771 2000 2860 2056 se,
2878 1989 3210 2062 postquam
3229 1988 3442 2043 contra
3472 1978 3642 2040 blas-

383 2066 674 2146 phemias
697 2069 1154 2149 hmreticorum,
1178 2076 1541 2138 Arianorum
1561 2079 1821 2154 scilicet,
1850 2079 1996 2141 satis
2017 2079 2440 2142 decertaverat
2465 2080 2636 2161 (puta
2656 2081 2721 2140 in
2752 2080 3089 2153 Thesauro,
3112 2080 3177 2140 in
3199 2079 3640 2140 commentario

384 2168 471 2228 ad
500 2171 825 2246 Joannem,
859 2181 920 2236 et
940 2175 1134 2255 alibi),
1168 2194 1335 2241 nunc
1366 2178 1487 2241 hoc
1520 2179 1891 2259 opusculum
1916 2181 2018 2260 pie
2041 2180 2439 2243 credentibus
2469 2182 2764 2253 scribere,
2796 2189 2863 2242 ut
2898 2180 3099 2242 divina
3126 2179 3435 2257 dogmata,
3468 2185 3640 2238 extra

384 2283 641 2332 omnem
675 2277 1115 2339 controversia)
1144 2278 1366 2354 aleam,
1398 2281 1708 2345 didactico
1743 2300 1917 2345 more
1942 2290 2236 2363 exponat.
2268 2286 2513 2363 Reapse
2534 2290 2740 2345 autem
2770 2283 3144 2363 promissum
3181 2281 3429 2344 abunde
3461 2280 3637 2342 facit:

384 2387 461 2433 ea
486 2373 722 2453 quippe
761 2377 1207 2456 perspicuitate
1238 2387 1299 2442 et
1345 2382 1680 2461 theologia:
1719 2385 1941 2465 peritia
1969 2384 2336 2445 altissimum
2364 2385 2678 2446 Trinitatis
2694 2384 3061 2463 mysterium
3090 2382 3315 2443 evolvit
3345 2399 3415 2443 ac
3438 2380 3643 2453 tradit,

387 2484 789 2555 quaatantum
827 2488 1014 2560 atque
1048 2501 1081 2543 a
1111 2485 1238 2546 Deo
1270 2485 1668 2566 peculiariter
1702 2489 1994 2551 edoctum
2024 2488 2388 2566 magistrum
2426 2487 2626 2550 decet.
2664 2489 2815 2547 Tres
2838 2484 3197 2564 singillatim
3229 2483 3467 2545 divinas
3498 2500 3643 2561 pcr-

386 2597 576 2642 sonas
623 2585 890 2664 prOpriis
931 2590 1236 2668 cujusque
1269 2592 1652 2667 argumentis
1689 2590 1955 2654 illustrat
1997 2597 2185 2671 atque
2223 2593 2586 2654 conﬁrmat:
2622 2590 2812 2671 idque
2852 2587 3250 2670 opusculum,
3290 2585 3480 2648 cedro
3510 2583 3643 2645 sine

386 2682 583 2745 dubio
607 2684 979 2761 liniendum,
1007 2690 1225 2768 viginti
1259 2698 1320 2754 et
1350 2699 1492 2754 octo
1537 2692 1825 2774 capitulis
1850 2692 2245 2755 terminatur.

466 2839 555 2897 De
598 2840 1051 2903 incarnatione.
1075 2878 1147 2888 —-
1183 2846 1496 2925 Sequitur,
1531 2848 1665 2927 pari
1696 2846 2029 2926 theologia?
2060 2849 2308 2921 merito,
2334 2854 2633 2910 tractatus
2656 2847 2812 2909 alter
2848 2866 2925 2909 ex
2956 2846 3178 2908 eodem
3213 2845 3430 2907 codice
3466 2859 3643 2903 sum-

364 2946 536 3029 .ptus
568 2943 653 3002 De
696 2943 949 3005 Domini
982 2946 1441 3022 incarnatione,
1476 2949 1727 3026 triginta
1771 2949 2055 3029 quinque
2094 2948 2382 3029 capitulis
2420 2947 2943 3026 comprehensus,
2980 2953 3041 3007 et
3084 2964 3119 3008 a
3168 2944 3375 3023 Cyrilli
3406 2943 3648 3005 caeteris

387 3042 469 3104 de
502 3041 623 3104 hoc
642 3052 1011 3121 argumento
1056 3047 1305 3127 scriptis
1337 3065 1595 3128 prorsus
1620 3048 1923 3111 diversus.
1957 3052 2159 3128 Atque
2189 3049 2253 3109 in
2283 3047 2403 3109 hoc
2432 3047 2867 3109 refutationem
2900 3045 3334 3108 haereticorum
3371 3059 3501 3103 non
3530 3059 3646 3103 ne-

385 3141 589 3220 gligit,
620 3161 888 3221 quorum
930 3147 1249 3208 neminem
1288 3150 1705 3212 recentiorem
1755 3150 2065 3212 Eunomio
2104 3149 2406 3211 nominat.
2453 3148 2564 3210 Illa
2602 3164 2748 3210 vero
2788 3136 3095 3210 calumnia
3127 3164 3164 3207 a
3195 3142 3647 3225 posterioribus

386 3243 847 3324 Menepliysitis
901 3249 1129 3327 Cyrillo
1182 3250 1475 3329 imposita
1531 3251 1610 3313 de
1666 3252 1851 3313 unica
1912 3250 2132 3312 Christi
2174 3259 2391 3312 natura
2438 3252 2514 3311 ab
2563 3267 2640 3311 eo
2685 3257 2954 3325 asserta,
2997 3258 3120 3311 tam
3164 3249 3484 3311 evidenter
3525 3245 3647 3305 hoc

387 3345 626 3423 scripto
656 3356 1043 3426 προληπτικῶς
1072 3350 1453 3425 dissolvitur,
1485 3358 1553 3412 ut
1582 3368 1771 3413 nemo
1791 3351 1919 3429 jam
1950 3358 2165 3411 contra
2193 3349 2436 3413 hiscere
2466 3367 2729 3411 ausurus
2753 3350 2853 3410 sit.
2885 3352 3252 3429 Quanquam
3285 3364 3432 3410 vero
3465 3346 3643 3426 pole-

386 3446 617 3507 micam
646 3449 706 3509 in
764 3448 878 3517 hac
918 3451 1351 3515 lucubratione
1390 3460 1632 3534 partem
1673 3442 1910 3517 naviter
1946 3464 2162 3519 tractat
2194 3457 2486 3539 Cyrillus,
2516 3465 2790 3520 attamen
2828 3458 2893 3517 in
2940 3454 3313 3535 exponenda
3353 3451 3460 3511 Dei
3500 3465 3647 3526 erga

388 3541 677 3607 homines
707 3548 1115 3627 benignitate,
1157 3568 1346 3631 quam
1376 3542 1825 3615 incarnationis
1864 3572 2025 3633 opus
2054 3554 2462 3629 demonstrat,
2488 3555 2796 3635 plurimus
2830 3559 2952 3627 est;
2984 3561 3051 3615 ut
3080 3552 3493 3614 Christianum
3527 3565 3646 3627 po-

389 3647 609 3728 pulum
642 3651 748 3711 Dei
780 3651 1051 3713 vicissim
1079 3670 1295 3715 amore
1327 3654 1694 3728 inﬂammet,
1719 3662 1907 3734 atque
1940 3656 2003 3717 in
2034 3656 2156 3718 ﬁde
2193 3656 2542 3729 conﬁrmet,
2572 3674 2759 3737 quam
2788 3654 3037 3733 egregie
3059 3653 3275 3715 deﬁnit
3308 3652 3478 3731 pium
3510 3667 3647 3712 csse

390 3766 536 3827 erga
557 3751 752 3812 Deum
783 3768 855 3813 ac
886 3752 1331 3815 revelationem
1365 3753 1764 3834 obsequium,
1798 3756 2219 3817 controversia
2249 3757 2419 3817 omni
2449 3756 2828 3836 curioseque
2851 3756 3034 3817 etiam
3069 3754 3355 3816 examine
3384 3752 3645 3821 omisso,

389 3856 492 3918 cui
522 3863 688 3918 certe
725 3856 1001 3935 indagini
1025 3874 1235 3937 neque
1268 3857 1447 3938 plebs
1472 3871 1680 3938 neque
1702 3859 1974 3921 maxima
2002 3857 2328 3922 hominum
2356 3878 2500 3941 pars
2527 3860 2756 3922 idonea
2784 3868 2877 3921 est

470 4002 556 4060 De
575 4002 872 4079 Deipara.
906 4037 978 4045 —
1010 4001 1278 4064 Tertiam
1301 4002 1368 4064 in
1392 4002 1511 4066 hoc
1531 4009 1751 4066 nostro
1782 4003 2099 4067 volumine
2120 4004 2333 4067 sedem
2357 4012 2621 4086 occupat
2643 4003 2851 4085 Cyrilli
2872 4004 3125 4084 cOpiosa
3149 4022 3217 4066 ac
3242 4003 3432 4066 libelli
3457 4003 3648 4063 instar

390 4105 616 4179 oratio,
653 4122 776 4184 qua
825 4105 1177 4168 ostenditur
1215 4107 1460 4169 beatam
1503 4110 1757 4171 Mariam
1809 4126 1876 4171 re
1922 4127 2065 4172 vera
2104 4128 2241 4172 esse
2280 4110 2753 4189 rectissimeque
2793 4109 2916 4171 dici
2956 4109 3305 4188 Deiparam.
3337 4107 3634 4167 Exstabat

389 4200 527 4266 hazc
548 4203 782 4266 inedita
812 4204 1012 4267 oratio
1042 4206 1108 4266 in
1138 4205 1437 4269 Vaticano
1464 4208 1682 4271 codice
1712 4210 1972 4289 antiquo
2008 4208 2157 4271 1434
2188 4227 2304 4272 nec
2337 4226 2464 4272 non
2493 4209 2559 4271 in
2589 4210 2939 4273 recentiore
2981 4209 3188 4272 Ottob.
3228 4208 3335 4282 30;
3367 4208 3645 4287 denique

391 4305 680 4366 eamdem
726 4307 1036 4369 contineri
1075 4308 1205 4370 scio
1236 4308 1301 4369 in
1330 4309 1549 4372 codice
1586 4311 1775 4373 etiam
1816 4312 2162 4374 Barberino
2201 4311 2340 4375 253.
2383 4314 2540 4375 Rem
2587 4312 2748 4375 hanc
2793 4329 2921 4374 non
2963 4310 3155 4373 semel
3200 4309 3491 4388 Cyrillus,
3529 4308 3646 4369 etsi

392 4409 619 4481 obiter,
643 4428 771 4472 non
808 4417 1013 4474 tamen
1034 4412 1352 4474 incuriose
1382 4421 1752 4477 tractaverat
1774 4417 1958 4479 etiam
1988 4434 2282 4480 sermone
2324 4419 2351 4477 Ι
2388 4423 2605 4479 contra
2626 4416 3271 4487 Nestorium,necnon
3294 4413 3357 4473 in
3383 4410 3645 4489 cpistola

390 4510 741 4589 dogmatica
771 4514 848 4573 ad
890 4515 1033 4593 )Egy
1047 4514 1210 4592 ptios
1240 4501 1608 4592 monachos,
1642 4535 1784 4598 quae
1823 4525 1915 4580 cst
1942 4518 2008 4579 in
2049 4518 2271 4581 ordine
2298 4518 2701 4598 epistolamm
2728 4517 2948 4597 prima.
2977 4514 3302 4591 Magniﬁce
3334 4529 3479 4574 vero
3504 4510 3643 4571 Vir-

390 4617 604 4697 ginem
641 4616 918 4679 celebrat
956 4623 1017 4678 et
1062 4614 1249 4676 tertio
1280 4634 1538 4697 quoque
1575 4619 1768 4681 verbo
1816 4619 2093 4699 appellat
2128 4620 2465 4698 Deiparam
2496 4619 2562 4681 in
2602 4618 2884 4681 oratione
2922 4616 3130 4677 habita
3162 4614 3393 4695 Ephesi
3433 4631 3644 4677 coram

388 4718 663 4798 synodo.
697 4718 868 4781 Adde
890 4718 1098 4781 locum
1132 4719 1432 4781 orationis
1469 4719 1491 4781 1
1527 4723 1615 4780 De
1653 4721 1773 4801 ﬁde
1804 4722 1888 4783 ad
1926 4722 2194 4800 Reginus
2230 4720 2408 4802 (Opp.
2442 4729 2485 4782 t.
2518 4722 2588 4795 V,
2614 4727 2791 4801 parte.
2825 4738 2889 4791 ιι,
2924 4738 2986 4799 p.
3019 4718 3086 4780 47
3120 4718 3282 4798 sqq.)
3309 4716 3429 4778 Sed
3476 4714 3644 4775 enim

390 4824 760 4909 praeclarum
810 4824 964 4885 mihi
996 4825 1270 4897 obvenit,
1304 4832 1371 4887 ut
1397 4825 1521 4886 dixi
1554 4825 1619 4888 in
1648 4833 1777 4890 not.
1809 4827 1882 4889 ad
1933 4844 2071 4907 cap.
2117 4827 2210 4901 13,
2245 4826 2575 4888 Justiniani
2616 4827 2775 4906 imp.
2806 4826 2871 4886 in
2903 4827 3034 4904 ejus
3072 4841 3258 4903 quam
3312 4820 3477 4881 edidi
3515 4820 3646 4897 epi-

388 4927 549 4991 stola
598 4926 835 5007 duplex
889 4927 1319 4989 testimonium
1364 4927 1442 4989 de
1494 4926 1610 4990 hac
1639 4928 1851 5007 Cyrilli
1881 4930 2204 5002 oratione,
2236 4928 2317 4989 ita
2347 4935 2415 4989 ut
2454 4934 2683 5007 praeter
2710 4927 2937 5007 stylum
2967 4932 3026 4986 et
3056 4929 3417 4985 consuetam
3454 4926 3641 4999 atque

388 5032 741 5094 solemnem
795 5030 1003 5110 Cyrilli
1047 5031 1418 5105 doctrinam,
1463 5033 1799 5095 auctoritas
1848 5032 2036 5094 etiam
2085 5037 2361 5110 Augusta
2398 5032 2676 5103 accedat,
2728 5048 2869 5110 quae
2920 5046 3167 5091 onmem
3237 5024 3642 5087 dubitationis

385 5135 759 5215 scrupulum
809 5133 1045 5195 eximit.
1111 5135 1181 5194 Et
1208 5133 1462 5213 quidem
1494 5135 1632 5213 ipse
1672 5133 1934 5212 Cyrillus
1963 5133 2084 5196 hoc
2129 5151 2197 5195 se
2254 5143 2697 5211 argumentum
2736 5132 2965 5192 diserte
3014 5136 3309 5190 tractasse
3339 5132 3545 5187 narrat
3578 5125 3641 5188 in

386 5237 652 5319 epistola
681 5236 757 5299 ad
787 5237 1117 5298 Maximum
1148 5237 1312 5319 apud
1347 5237 1663 5299 Baluzium
1694 5238 1851 5299 Nov.
1883 5237 2279 5301 Coll.concil.
2313 5237 2435 5299 col.
2470 5236 2604 5311 915,
2636 5237 2735 5297 his
2756 5235 2994 5297 verbis:
3023 5256 3049 5288 ‹‹
3084 5232 3361 5293 Primum
3394 5230 3634 5321 capitu-

384 5337 514 5408 lum
559 5346 655 5399 est
685 5339 855 5417 quod
892 5345 1103 5401 sancta
1130 5340 1317 5418 Virgo
1346 5341 1422 5402 sit
1452 5340 1561 5401 Dei
1600 5340 1903 5402 Genitrix.
1939 5364 1968 5395 »
2026 5340 2157 5402 Nisi
2195 5340 2354 5403 forte
2386 5357 2461 5401 eo
2493 5340 2635 5401 loco
2680 5338 2757 5400 de
2798 5339 3004 5418 primo
3043 5350 3156 5397 suo
3186 5335 3251 5396 in
3287 5331 3633 5395 Nestorium

385 5456 681 5501 sermone
720 5440 978 5517 cogitat:
1029 5442 1257 5511 etenim
1296 5442 1358 5503 id
1412 5441 1637 5520 dogma
1698 5448 1939 5523 postea,
1992 5448 2181 5523 prout
2231 5461 2398 5505 nunc
2430 5442 2495 5503 in
2537 5443 2793 5503 invento
2851 5446 3068 5502 nostro
3132 5437 3382 5514 legitur,
3440 5432 3635 5495 multo

382 5544 644 5606 uberius
688 5544 1006 5623 explicuit.
1057 5546 1457 5610 Luculentam
1512 5546 1674 5609 hanc
1719 5546 1927 5626 Cyrilli
1971 5547 2319 5610 orationem
2375 5546 2826 5609 commendare
2873 5545 3079 5606 verbis
3109 5542 3413 5612 omittam,
3449 5536 3636 5600 nullis

383 5646 550 5705 enim
582 5644 875 5707 laudibus
903 5654 1081 5725 eget;
1112 5646 1176 5707 in
1214 5646 1389 5726 cujus
1410 5645 1594 5707 etiam
1615 5645 1891 5708 clausula
1919 5646 2258 5707 vehemens
2285 5646 2361 5707 ad
2399 5644 2835 5705 orthodoxiam
2869 5641 3259 5704 retinendam
3284 5634 3637 5698 adhortatio

380 5744 469 5807 ﬁt.
502 5746 667 5809 Illud
719 5766 971 5827 nequeo
1007 5748 1293 5816 reticere.
1328 5749 1496 5827 quod
1530 5758 1622 5810 est
1660 5750 1886 5829 Cyrillo
1914 5756 2126 5811 nostro
2156 5750 2335 5812 valde
2366 5750 2809 5823 honoriﬁcum,
2842 5746 3157 5825 simulque
3205 5758 3436 5805 novum
3488 5737 3634 5799 huic

394 5848 630 5929 scripto
664 5847 1028 5927 suffragium
1072 5848 1303 5927 adjicit.
1360 5849 1601 5911 Etenim
1666 5850 1791 5913 duo
1832 5849 2216 5928 perillustres
2261 5853 2490 5921 Patres,
2523 5851 2629 5927 qui
2686 5849 3025 5925 r'utycliem
3069 5841 3634 5924 reprehenderunt,
