4120 6548
554 452 625 509 95
930 413 946 434 ⁷
1906 453 2181 511 CARD.A

2197 456 2310 512 NG.
2352 457 2472 513 MAI
3406 423 3412 428 ’
3754 456 3824 511 ac

553 573 680 635 Leo
704 590 867 654 papa
896 573 1188 654 pluribus
1218 572 1467 651 scriptis
1499 572 1607 653 (a),
1643 573 1865 635 Petrus
1899 578 2322 657 Cnrysologus
2350 596 2477 640 una
2506 577 2773 658 epistola
2812 577 2901 656 (ὅ)
2942 568 3262 656 ρῖσεέᾱίεῐω
3294 576 3646 656 Cyrillianae
3678 594 3827 641 .ora-

550 675 744 741 tionis
776 679 1115 766 exordium
1144 679 1262 740 sibi
1295 676 1617 739 evidenter
1646 679 2141 743 vindicaverunt.
2175 685 2300 744 Leo
2332 682 2591 763 quidem
2620 696 2986 744 sermonem
3032 698 3218 742 suum
3246 680 3313 741 in
3336 680 3633 742 Ballerin.
3670 680 3818 742 edit.

553 786 970 856 postremum,
996 798 1123 859 quo
1146 779 1494 859 Eutychem
1525 782 1774 858 refutat,
1814 786 1902 847 sic
1932 804 2081 848 cum
2100 785 2329 866 Cyrillo
2361 786 2716 848 exorditur:
2747 808 2776 841 α
2803 786 2975 847 Sicut
2996 785 3344 864 peritorum
3376 782 3819 863 prudentium-

552 900 678 961 que
732 886 1121 947 medicorum
1164 892 1280 961 est,
1320 888 1650 968 passiones
1702 887 2080 949 inﬁrmitatis
2110 888 2402 950 humanm
2445 888 2745 951 remediis
2786 888 3158 968 prmvenire,
3194 892 3254 947 et
3285 884 3822 963 quemadmodum

552 988 737 1051 saluti
802 994 1113 1056 contraria
1152 993 1572 1069 declinentur,
1615 994 1973 1069 ostendere,
2011 1002 2171 1056 etc.»
2204 995 2469 1075 Reliqua
2511 995 2697 1057 etiam
2731 994 3157 1064 consentiunt,
3193 991 3314 1053 nisi
3350 990 3521 1069 quod
3557 990 3823 1069 Cyrillus

553 1091 686 1163 Dei,
732 1093 855 1153 Leo
904 1100 1114 1155 autem
1164 1103 1489 1174 pastorum
1534 1095 1995 1175 providentiam
2044 1102 2374 1157 memorat.
2407 1097 2540 1157 Iam
2594 1097 2840 1170 Petrus,
2881 1093 3053 1155 haud
3107 1092 3369 1172 quidem
3406 1092 3472 1152 in
3522 1091 3823 1171 praedicta

552 1195 835 1274 epistola,
876 1198 993 1259 sed
1025 1198 1205 1260 initio
1236 1199 1547 1262 sermonis
1566 1198 1641 1261 44
1674 1198 1796 1280 (ed.
1826 1200 1970 1262 Seb.
2000 1199 2198 1278 Pauli)
2230 1199 2319 1262 sic
2347 1199 2645 1278 Cyrillum
2665 1214 2849 1278 aeque
2880 1198 3181 1259 imitatur.
3204 1219 3232 1253 α
3267 1196 3510 1279 Peritus
3539 1194 3824 1256 medicus

550 1300 800 1379 quoties
833 1302 1002 1363 vario
1028 1301 1332 1381 languore
1364 1302 1637 1366 deibssis
1650 1303 1906 1384 plenam
1946 1302 2259 1366 desiderat
2284 1302 2575 1366 conferre
2597 1300 3005 1374 medicinam,
3030 1300 3185 1362 altas
3213 1299 3423 1379 aperit
3450 1297 3819 1359 morborum

550 1417 796 1476 causas,
846 1414 996 1477 etc.,
1030 1407 1493 1486 quamplurima
1546 1408 1973 1470 remediorum
2012 1424 2270 1486 genera,
2311 1407 2656 1469 herbarum
2694 1407 2859 1468 vires
2909 1405 3151 1486 pandit,
3210 1403 3819 1466 medicamentorum

552 1505 841 1586 loqui-tur
873 1511 1227 1590 qualitates.
1264 1536 1294 1569 π

634 1611 1041 1691 Dialogus.--—
1062 1617 1292 1687 Quarto
1320 1615 1816 1696 loco:posuimus
1851 1616 1930 1677 de
1959 1615 2185 1677 eodem
2215 1620 2582 1693 argumento
2612 1614 2930 1692 dialogum
2961 1611 3171 1691 Cyrilli
3219 1626 3363 1673 cum
3410 1609 3699 1671 Nestorio
3759 1608 3823 1667 in

551 1711 774 1774 codice
805 1721 925 1776 vat.
959 1714 1072 1776 790
1102 1723 1521 1796 compertum,
1553 1716 1664 1777 ubi
1692 1717 1746 1777 is
1772 1715 2142 1777 nominatim
2180 1715 2409 1794 Cyrillo
2437 1714 2675 1777 auctori
2704 1712 3100 1775 inscribitur:
3134 1727 3342 1790 neque
3366 1709 3466 1771 hic
3491 1714 3655 1770 certe
3687 1706 3823 1770 col-

553 1810 862 1892 loquendi
892 1834 1029 1879 mos
1060 1835 1094 1879 a
1127 1818 1355 1897 Cyril‘lo
1386 1817 1705 1893 abhorret,
1740 1824 1810 1879 ut
1837 1817 1970 1897 ejus
2007 1818 2179 1896 longi
2207 1835 2352 1880 cum
2379 1817 2641 1878 Ilermia‘
2667 1822 2727 1877 et
2766 1833 2910 1878 cum
2942 1815 3083 1894 ipso
3113 1812 3403 1875 Nestorio
3433 1809 3665 1888 dialogi
3694 1801 3833 1871 noti

554 1916 920 1978 ostendunt.
958 1919 1133 1980 Certe
1173 1919 1243 1980 fit
1267 1918 1369 1981 hic
1395 1918 1720 2000 perlucida
1750 1918 2021 1982 Nestori-i
2051 1918 2371 1997 arguentis
2401 1915 2770 1978 confutatio.

632 2035 1119 2113 Epistolart.-—
1141 2039 1351 2120 Cyrilli
1385 2040 1612 2102 multas
1661 2041 1924 2121 periisse
1979 2038 2279 2121 epistolas
2324 2038 2669 2101 manifestis
2722 2037 2969 2100 indiciis
3019 2042 3284 2100 constat.
3334 2039 3536 2116 Atque
3587 2034 3830 2094 utinam

552 2136 864 2199 Aubertus
894 2146 1180 2202 nontam
1210 2158 1427 2204 socors
1460 2142 1527 2203 in
1557 2140 1806 2202 illarum
1847 2140 2124 2202 editione
2154 2141 2393 2214 fuisset,
2421 2139 2529 2219 qui
2562 2156 2643 2201 ne
2689 2154 3019 2199 numerare
3071 2137 3327 2217 quidem
3384 2153 3489 2197 eas
3545 2132 3831 2195 meminit

555 2245 789 2307 nedum
819 2247 1060 2326 aliquot
1089 2248 1347 2311 scholiis
1373 2256 1481 2311 aut
1512 2246 1827 2309 historicis
1860 2246 2052 2309 titulis
2082 2245 2425 2308 illustrare!
2459 2246 2588 2306 Nos
2616 2242 2884 2304 ineditas
2916 2246 3187 2321 quatuor
3216 2239 3574 2300 invenimus
3609 2237 3672 2298 in
3716 2253 3831 2297 co-

555 2344 696 2406 dice
733 2346 868 2407 νει.
910 2344 1084 2420 1431’,
1117 2353 1178 2407 et
1208 2348 1434 2427 partim
1467 2348 1653 2410 etiam
1690 2348 1753 2408 in
1786 2347 1993 2408 Ottob.
2034 2345 2206 2421 1262,
2244 2364 2400 2427 quas
2449 2362 2579 2407 non
2623 2342 2834 2405 Latina
2869 2342 3076 2405 solum
3129 2340 3559 2412 translatione,
3616 2354 3829 2400 verum

556 2444 749 2505 etiam
787 2444 1028 2533 aliquot
1055 2445 1567 2508 adnotationibus
1595 2447 1876 2509 comitari
1904 2445 2236 2508 voluimus.

636 2564 915 2625 Homilia
954 2566 1026 2626 de
1055 2566 1487 2627 incarnatione
1519 2570 1877 2629 Domini.—
1898 2567 2044 2629 Alia
2085 2566 2757 2647 humilia—Sequitur
2785 2570 2952 2649 apud
2986 2585 3104 2630 nos
3130 2566 3388 2629 humilia
3424 2566 3503 2628 de
3538 2567 3833 2629 incarna-

558 2667 731 2727 tione
767 2666 878 2728 Dei
908 2668 1119 2742 Verbi,
1152 2685 1294 2747 qua:
1325 2668 1580 2731 nonnisi
1606 2670 1823 2731 Latine
1868 2669 2185 2742 exstabat;
2217 2670 2432 2732 Greece
2469 2686 2618 2733 vero
2651 2688 2687 2732 a
2714 2672 2899 2733 nobis
2929 2687 3005 2731 ex
3040 2677 3309 2749 utroque
3335 2669 3635 2748 praedicto
3660 2670 3835 2731 codi-

560 2788 633 2832 ce
661 2771 1033 2852 deprompta
1064 2772 1206 2847 fuit,
1241 2790 1533 2854 novoque
1560 2777 1792 2839 Latiam
1825 2776 2056 2854 lingua;
2086 2774 2312 2836 vestitu
2345 2776 2593 2838 amicta.
2629 2777 2787 2837 Item
2833 2774 3082 2836 brevior
3126 2773 3230 2833 illa
3281 2789 3424 2851 qum
3486 2770 3838 2831 subtexitur

563 2872 644 2935 de
675 2876 964 2937 Nestorio
997 2876 1197 2955 ejecto
1233 2876 1513 2953 homilia,
1555 2880 1769 2942 Latine
1807 2880 2241 2941 tantummodo
2272 2879 2336 2940 in
2364 2879 2697 2959 Ephesinis
2740 2879 2980 2941 actibus
3026 2878 3230 2949 obvia,
3279 2876 3493 2936 Greece
3548 2890 3584 2933 a
3654 2872 3839 2934 nobis

564 2986 889 3055 comperta
918 2978 1035 3041 fuit
1063 2982 1128 3043 in
1163 2984 1473 3046 Vaticanis
1504 2985 1831 3047 codicibus
1862 2983 1979 3044 504
2008 2991 2071 3045 et
2104 2983 2239 3058 508‘,
2272 2984 2562 3064 hancque
2589 2987 2737 3048 item
2767 2986 3091 3046 Latinitate
3124 2998 3338 3043 rursus
3363 2979 3754 3065 donavimus.

642 3077 926 3141 Homilia
950 3078 1023 3142 de
1061 3084 1349 3145 cinea.——-
1374 3086 1813 3147 Conciuncul‘te
1838 3087 1911 3147 de
1942 3087 2262 3165 zEgg/ptiis
2291 3088 2677 3165 martyribus
2716 3089 2880 3165 Cyro
2933 3104 3004 3145 ac
3054 3086 3318 3144 Joanne.
3367 3080 3573 3142 Sancti
3629 3078 3837 3157 Cyrilli

565 3174 890 3242 homiliam
908 3181 986 3243 de
1018 3185 1373 3261 evangelica
1409 3186 1610 3247 vineae
1644 3184 1967 3265 parabola,
1998 3200 2189 3263 quam
2221 3184 2370 3245 olim
2408 3186 2623 3248 Latine
2653 3192 2894 3247 tantum
2919 3182 3191 3245 Achilles
3218 3181 3464 3252 Statius,
3485 3178 3834 3258 Lusitanus,

566 3279 643 3340 ad
674 3282 1043 3359 Gregorium
1072 3286 1209 3348 ΧΙΙί
1237 3287 1354 3346 PP.
1387 3285 1767 3365 impressam
1798 3285 2072 3360 miserat,
2103 3287 2319 3347 Graece
2348 3301 2465 3363 ego
2493 3286 2558 3346 in
2590 3285 2930 3363 Spicitegio
2961 3284 3138 3344 Rom.
3171 3282 3240 3340 T.
3290 3281 3339 3339 V
3391 3277 3706 3340 edideram
3761 3293 3840 3337 ex

567 3380 709 3459 ipso
741 3385 916 3446 Statii
943 3386 1162 3448 codice
1196 3388 1259 3449 in
1280 3388 1660 3454 bibliotheca
1688 3394 2117 3459 Vallicelliana
2146 3398 2366 3461 Romae
2397 3396 2755 3476 superstite.
2791 3393 2928 3455 Fuit
2964 3392 3132 3454 enim
3164 3388 3389 3450 Statius
3415 3386 3580 3448 illius
3608 3385 3838 3447 biblio-

569 3483 771 3545 theca:
802 3486 1116 3560 conditor,
1149 3489 1410 3569 ejusque
1438 3491 1565 3555 illic
1603 3494 1810 3574 imago
1847 3515 1988 3559 cum
2021 3497 2233 3578 elogio
2257 3499 2334 3561 ad
2366 3505 2737 3579 perpetuam
2792 3496 2879 3557 rei
2929 3492 3298 3555 memoriam
3356 3492 3614 3568 prostat.
3663 3487 3841 3545 Nunc

570 3587 765 3665 igitur
801 3608 882 3653 ne
911 3593 1121 3671 Cyrilli
1154 3594 1411 3659 humilia
1440 3598 1845 3665 translatione
1875 3606 2088 3668 Latina
2118 3611 2325 3669 careat
2355 3605 2607 3683 (etenim
2632 3603 2878 3682 priscus
2915 3606 2978 3661 et
3007 3597 3217 3660 tenuis
3247 3594 3419 3655 Statii
3459 3589 3707 3652 libellus
3743 3588 3845 3649 vix

574 3689 803 3754 alicubi
833 3700 1121 3774 occurrit,
1155 3709 1218 3763 et
1261 3703 1380 3784 ipsi
1409 3705 1563 3767 mihi
1600 3709 1686 3770 ad'
1705 3727 1926 3772 manus
1952 3729 2077 3773 non
2112 3712 2254 3791 est),
2290 3709 2410 3771 hoc
2441 3726 2698 3788 quoque
2735 3705 2947 3785 Cyrilli
2977 3703 3275 3783 scriptum
3306 3707 3571 3776 utraque
3601 3694 3836 3771 lingua,

576 3808 677 3852 me
710 3794 1076 3878 interprete,
1111 3812 1353 3869 exstare
1392 3811 1707 3873 constitui.
1747 3814 1819 3874 Et
1864 3814 2162 3893 quoniam
2198 3814 2264 3876 in
2297 3813 2501 3892 Cyril'li
2526 3810 2802 3873 homiliis
2829 3807 3059 3870 versari
3090 3819 3426 3884 cmperam,
3471 3808 3596 3862 tres
3674 3816 3835 3876 quo-

581 3908 705 3968 que
733 3896 1013 3974 ejusdem
1047 3904 1495 3971 conciunculas
1522 3908 1600 3970 de
1630 3911 1932 3990 {Egyptiis
1959 3912 2334 3991 martyribus
2365 3913 2523 3991 Cyro
2548 3929 2619 3973 ac
2658 3913 2923 3983 Joanne,
2959 3924 3113 3987 quas
3143 3903 3295 3965 mihi
3345 3904 3406 3962 S.
3453 3896 3847 3978 SOphI‘OﬂiUS

580 3994 644 4056 in
676 4013 787 4058 sua
818 3998 1288 4091 praedictorum,
1320 4024 1509 4085 quam
1541 4009 1731 4083 edidi,
1766 4017 2110 4089 martyrum
2146 4011 2407 4075 historia
2434 4011 2685 4085 obtulit,
2720 4010 2841 4073 hoc
2869 4009 3115 4071 idoneo
3139 4005 3282 4067 loco
3314 4018 3443 4064 non
3475 4002 3609 4062 sine
3639 3998 3843 4059 anim-
3910 4030 3915 4033 -

578 4097 1053 4167 adverSionibus
1081 4106 1323 4187 aliquot
1354 4112 1682 4189 ponendas
1711 4114 1943 4177 curavi.

662 4204 749 4264 De
772 4204 1045 4269 homiliis
1083 4212 1819 4297 aliquot—Quanquam
1857 4220 2054 4280 sancti
2084 4219 2295 4299 Cyr-illi
2323 4219 2600 4282 homiiiae
2649 4218 2935 4299 plurimae
2982 4214 3258 4288 (tierunt,
3309 4217 3471 4273 teste
3523 4203 3847 4269 Gennadio

587 4322 729 4385 cap.
762 4307 857 4382 57,
893 4307 1123 4391 hmque
1161 4314 1323 4375 adeo
1361 4314 1767 4394 famigeratre,
1804 4326 1931 4382 uta
1965 4321 2199 4383 Grzecis
2229 4322 2546 4401 episcOpis
2572 4320 2649 4382 ad
2685 4315 3074 4381 declamandi
3113 4313 3474 4393 exemplum
3528 4307 3849 4372 memoriae

587 4407 1034 4472 mandarentur
1066 4410 1206 4493 (ceu
1236 4414 1525 4479 videlicet
1554 4418 1723 4498 apud
1752 4421 2006 4483 Latinos
2036 4422 2239 4484 sancti
2266 4420 2618 4499 Augustini,
2642 4418 2872 4500 Cyrillo
2900 4415 3231 4488 coaetanei,
3265 4426 3588 4476 sermones
3633 4406 3849 4469 multi-

589 4511 807 4574 tudine
844 4532 916 4577 ac
946 4517 1307 4582 celebritate
1338 4522 1817 4604 excelluerunt),
1845 4531 2120 4588 attamen
2148 4541 2267 4603 ego
2295 4525 2373 4587 de
2394 4525 2471 4586 iis
2493 4523 2832 4602 generatim
2880 4527 3027 4601 post
3043 4518 3198 4580 alios
3220 4510 3695 4591 bibliograpbos
3725 4525 3850 4569 non

593 4626 837 4688 loquar,
871 4632 951 4675 ne
981 4617 1141 4680 forte
1171 4628 1378 4683 actum
1408 4640 1596 4700 agere
1628 4625 1861 4687 videar.
1890 4626 2126 4689 Paucas
2156 4626 2592 4689 tantummodo
2616 4624 3005 4696 memorabo,
3040 4638 3197 4702 quas
3228 4618 3323 4681 vel
3350 4618 3624 4693 integras
3659 4611 3752 4673 vel
3785 4610 3857 4672 il‘

599 4709 794 4772 larum
833 4713 1182 4793 fragmenta
1218 4737 1336 4799 ego
1377 4722 1579 4797 edidi,
1615 4723 1712 4785 vel
1760 4724 1828 4785 in
1879 4725 2203 4787 codicibus
2253 4725 2460 4788 adhuc
2516 4731 2791 4788 retentas
2843 4721 3188 4787 observavi.
3248 4722 3405 4780 Sunt
3458 4722 3667 4778 autem
3716 4712 3851 4773 hie:

599 4812 946 4877 1.110111ilia
978 4817 1050 4878 de
1069 4820 1380 4898 parabola
1400 4824 1615 4897 vinem,
1646 4841 1789 4903 quas
1819 4827 2097 4889 nondum
2127 4829 2342 4891 Graiae
2370 4828 2581 4891 fuerat
2603 4828 2790 4890 edita.
2815 4826 2875 4887 2.
2900 4823 3191 4887 Homilim
3219 4829 3351 4883 tres
3369 4817 3751 4882 brevissima;
3778 4816 3857 4879 de

597 4914 713 4975 SS.
739 4915 904 4979 MM.
932 4919 1096 4998 Cyro
1131 4930 1188 4980 et
1213 4924 1454 4985 Joanne
1480 4926 1718 5000 Graece,
1741 4926 2020 5008 itemque
2043 4931 2258 4993 Latine
2284 4931 2626 5011 interprete
2654 4927 2975 4991 Anastasio
2994 4922 3500 4987 Bibliothecario.
3538 4920 3860 4999 (Hujusce-

597 5016 770 5077 modi
805 5036 1064 5098 prorsus
1093 5030 1236 5084 sunt
1263 5030 1391 5087 tres
1426 5026 1550 5089 illa;
1581 5029 1643 5088 S.
1692 5030 2020 5107 Augustini
2050 5033 2485 5096 conciunculaa
2517 5032 2588 5094 de
2619 5033 2686 5094 Si.
2719 5029 3023 5109 Stephani
3051 5024 3375 5088 miraculis
3400 5024 3467 5086 in
3495 5022 3642 5085 edit.
3680 5023 3854 5082 Mau-

599 5119 718 5183 rin.
758 5126 802 5181 t.
837 5121 909 5199 V,
942 5141 1007 5203 p.
1044 5123 1147 5186 127
1159 5124 1239 5207 5.)
1290 5126 1347 5189 3.
1395 5130 1684 5194 Homilies
1720 5132 2137 5214 fragmentum
2171 5138 2350 5215 Quod
2378 5134 2666 5197 Christus
2694 5134 2821 5195 diei
2839 5150 2963 5193 non
2993 5129 3208 5192 debeat
3246 5126 3424 5188 homo
3458 5123 3855 5201 theophorus,

600 5220 708 5281 sed
739 5224 898 5282 Deus
934 5224 1324 5287 incarnatus.
1360 5226 1414 5287 4.
1449 5230 1739 5293 Homilies
1762 5241 2001 5313 quarta;
2032 5252 2145 5298 seu
2170 5234 2481 5299 sermonis
2511 5242 2730 5294 cont/ra
2755 5232 3031 5293 Arianos
3064 5227 3503 5306 fragmentum.
3553 5222 3606 5283 5.
3662 5224 3856 5284 Pros-

599 5324 924 5405 phonetici
952 5325 1035 5387 ad
1068 5326 1539 5393 Alexandrinos
1569 5332 1936 5413 fragmenta.
1976 5336 2033 5397 6.
2062 5335 2474 5398 Homiliarum
2503 5340 2713 5412 partes
2738 5331 2979 5410 aliquot
3001 5328 3069 5390 in
3096 5327 3331 5390 Niceten
3361 5325 3440 5387 ad
3485 5325 3716 5385 Lucam
3750 5338 3856 5383 ca-

681 5513 758 5585 (a)
798 5514 911 5571 Lco
933 5515 992 5570 in
1016 5516 1215 5572 celebri
1246 5518 1315 5602 ad
1345 5518 1665 5601 Flavianum
1691 5522 1949 5602 epistola,
1983 5506 2102 5602 cap.
2131 5523 2185 5587 5,
2359 5521 2432 5602 _(b)
2465 5522 2636 5602 Miror
2673 5534 2990 5602 sermonum
3044 5517 3205 5602 Petri.
3247 5514 3520 5602 editorei
3570 5506 3861 5602 quihhﬁglc

606 5576 790 5665 locum
821 5601 1040 5657 quoque
1076 5603 1188 5642 non
1214 5590 1643 5665 adeerxiguum
1690 5576 2077 5665 Augustini
2122 5576 2189 5665 ei
2287 5576 2571 5662 epistolam
2622 5593 2682 5665 in
2735 5590 2950 5665 actibus
2991 5587 3206 5643 concilii
3254 5576 3861 5665 Chalcedone—iisisgpb:

612 5655 774 5735 huius
1026 5674 1333 5735 sermonem
1356 5655 1684 5716 Arianorum
1706 5655 1945 5735 ilibro‘n.
1981 5663 2015 5735 8
2058 5662 2191 5733 ipsis
2288 5655 2453 5726 viam,
2488 5671 2545 5717 et
2585 5663 2717 5735 satis
2754 5661 3031 5735 celebrem
3071 5674 3134 5735 ac
3171 5655 3488 5735 pretiosam,
3532 5655 3861 5735 Ρηειεὲξὶῖξξθ

611 5727 796 5805 verbis
826 5728 931 5805 sibi
956 5727 1283 5805 vindicavit;
1315 5746 1437 5805 qua}
1462 5748 1549 5787 res
1566 5749 1680 5805 non
1705 5734 1822 5788 leve
1844 5733 2043 5805 Leonis
2062 5725 2191 5805 erga
2291 5735 2445 5804 quasi
2472 5749 2571 5803 per
2590 5732 2857 5788 incuriam
2896 5731 2981 5787 vel
3022 5725 3206 5801 potius
3246 5725 3579 5781 oblivionem
3628 5725 3723 5774 aut
3776 5725 3864 5771 in-

614 5793 976 5923 glilgtlstinnn;
1002 5793 1521 5924 ostiésfquiuVm-fuisse
1548 5804 1906 5860 demonstrat.
1935 5793 2189 5867 Ballerih.
2293 5793 2504 5860 scitiam
2542 5805 2816 5860 videntur.

650 5887 665 5918 ι
692 5906 704 5919 .
854 5910 865 5923 .
892 5886 955 5924 co
983 5908 995 5923 .
1134 5910 1146 5923 .

650 5886 704 5919 tl.
752 5886 771 5921 ι
829 5886 865 5923 I.
892 5886 995 5925 001.
1025 5886 1146 5924 δη.
