4120 6520
265 408 327 463 97
1618 412 2137 470 PREFATIONES.
2422 486 2441 495 ω
3444 418 3518 477 98

263 533 388 586 tena
414 523 517 604 (a).
541 527 594 586 7.
623 528 894 590 Homilia
922 529 1011 588 De
1027 528 1337 607 parabole
1368 530 1571 591 decem
1605 533 1923 611 virginum
1946 534 2313 595 inscribitur
2342 535 2570 614 Cyrillo
2600 536 2666 596 in
2698 536 2915 598 codice
2943 536 3202 615 Syriaco
3238 539 3372 599 Vat.
3398 537 3468 598 97
3497 556 3514 614 ;

259 634 667 689 verumtamen
682 647 754 691 ea
769 629 1001 706 legitur
1011 632 1229 692 Graice
1253 631 1370 693 sub
1388 630 1822 710 Chrysostomi
1844 634 2101 695 nomine
2125 634 2191 694 in
2212 636 2430 698 Graeco
2445 637 2663 699 codice
2683 638 2816 699 Vat.
2830 686 2844 712 ,
2873 645 3201 718 exstatque
3227 640 3293 699 in
3308 641 3516 701 Mont-

257 731 513 793 fauconii
542 733 819 795 editione
848 735 1016 796 inter
1044 734 1289 814 spurias
1317 740 1361 796 t.
1393 736 1651 816 VIIIJp.
1687 736 1763 796 45
1791 754 1999 817 seqq.,
2034 737 2151 799 etsi
2208 739 2403 801 multa
2450 759 2593 801 cum
2623 740 2965 821 .varietate.
3023 740 3080 801 8.
3121 741 3393 802 Homilia
3442 740 3516 801 de

259 836 551 897 audienda
577 836 842 916 titurgia
879 838 1110 917 Cyrillo
1139 840 1293 900 item
1325 839 1690 901 inscribitur
1720 841 1782 901 in
1829 841 1951 903 alio
2002 842 2258 920 Syriaco
2302 843 2523 905 codice
2574 846 2704 905 Vat.
2754 843 2893 919 200,
2946 844 3054 906 sed
3097 851 3309 906 tamen
3354 844 3515 904 hanc

257 938 469 1000 habere
501 940 798 1019 Cyrillum
828 950 1148 1004 auctorem
1184 941 1468 1004 nondum
1491 942 1646 1003 mihi
1683 944 1990 1023 persuasi.
2026 942 2059 1003 9
2091 952 2152 1005 et
2184 943 2277 1005 10.
2313 946 2613 1007 Homilias
2644 948 2796 1008 duas
2825 944 3053 1025 Cyrillo
3078 944 3411 1024 inscriptas
3441 943 3515 1003 de

259 1046 591 1106 ascensione
624 1048 900 1119 Domini,
935 1054 995 1109 et
1026 1048 1099 1109 de
1131 1047 1334 1109 tribus
1349 1048 1569 1127 pueris
1602 1048 2004 1127 Babylonicis
2036 1058 2218 1129 atque
2245 1049 2526 1123 Daniete,
2557 1050 2683 1111 dixi
2721 1051 2868 1112 olim
2903 1067 3001 1111 me
3032 1050 3245 1110 Graiae
3278 1056 3339 1109 et
3365 1066 3511 1129 par-

255 1146 350 1206 tim
378 1146 561 1207 etiam
624 1149 881 1228 C0ptice
910 1150 973 1210 in
1018 1149 1347 1211 codicibus
1390 1150 1797 1223 observasse;
1853 1166 2064 1227 neque
2120 1158 2331 1211 tamen
2385 1149 2486 1211 his
2539 1150 2722 1211 ﬁdem
2780 1150 3050 1230 adjicere
3104 1166 3293 1210 ausus
3349 1164 3511 1211 sum.

254 1246 456 1306 Postea
480 1251 687 1308 tamen
714 1246 833 1308 alia
867 1264 1126 1327 quoque
1164 1246 1242 1307 de
1265 1246 1487 1308 iisdem
1518 1246 1875 1309 testimonia
1912 1265 2052 1308 sum
2083 1254 2304 1309 nactus
2330 1265 2342 1307 :
2375 1248 2587 1328 itaque
2622 1248 2754 1310 ﬁeri
2785 1253 3014 1328 potest,
3044 1254 3113 1309 ut
3137 1248 3359 1310 harum
3379 1247 3515 1310 for-
3630 1257 3635 1261 '

254 1332 397 1403 tasse
434 1343 556 1405 alio
590 1350 878 1423 tempore
923 1344 1227 1405 rationem
1260 1343 1551 1405 habeam.
1598 1344 1691 1404 11.
1724 1344 1998 1405 Homilia
2031 1346 2103 1406 de
2132 1345 2432 1424 paschate
2484 1347 2772 1427 quaedam
2817 1346 3111 1408 tribuitur
3160 1347 3388 1427 Cyrillo
3450 1349 3516 1410 in

255 1458 367 1502 ano
395 1442 613 1503 Grmco
642 1443 886 1516 codice,
920 1443 983 1503 in
1020 1441 1144 1504 alio
1175 1450 1382 1504 autem
1409 1441 1879 1522 Chrysostomo.
1911 1441 2003 1504 12.
2033 1444 2244 1524 Cyrilli
2274 1444 2533 1507 homilia
2557 1447 2630 1507 de
2652 1447 2728 1507 B.
2760 1446 2986 1507 Mariae
3036 1448 3104 1507 ν.
3141 1448 3515 1511 dormitione

256 1557 305 1604 in
336 1544 547 1605 codice
582 1545 716 1604 Vat.
751 1545 939 1607 Arab.
979 1543 1115 1618 170,
1146 1545 1382 1624 Script.
1414 1552 1533 1605 eet.
1567 1550 1613 1603 t.
1644 1544 1744 1617 IV,
1788 1561 1853 1623 p.
1893 1542 2029 1604 311.
2069 1545 2160 1605 13.
2192 1546 2485 1625 Ejusdem
2515 1546 2723 1626 Cyrilli
2752 1546 3020 1609 Homilia
3042 1548 3114 1608 de
3156 1549 3517 1627 pauitantia

254 1654 333 1707 est
355 1648 415 1708 in
445 1648 590 1708 cod.
620 1648 754 1708 Vat.
787 1646 1045 1726 COptico
1074 1646 1169 1720 59,
1203 1647 1441 1725 Script.
1472 1654 1588 1706 vet.
1620 1651 1667 1705 t.
1698 1646 1772 1721 V,
1804 1655 1963 1725 part.
1994 1663 2064 1721 Π,
2099 1665 2162 1726 p.
2204 1646 2337 1707 154.
2375 1646 2468 1707 14.
2502 1649 2941 1725 Fragmentum
2971 1647 3260 1709 Homiliae
3280 1648 3351 1709 de
3373 1668 3515 1709 con-

250 1751 644 1810 summatio-ne
674 1748 906 1809 seaculi.
950 1747 1100 1809 Vide
1127 1748 1205 1809 ad
1238 1747 1452 1807 Matth.
1485 1763 1669 1819 xxxv,
1729 1744 1826 1805 29.
1877 1746 1972 1809 15.
2010 1748 2327 1808 Adversus
2358 1748 2719 1823 Eunuchos,
2778 1766 2856 1810 ex
2900 1748 3210 1810 Chronico
3266 1750 3517 1829 Georgii

251 1850 579 1913 Ilamartoli
608 1858 667 1913 et
696 1850 958 1911 Joannis
990 1848 1203 1911 Siculi.
1235 1848 1521 1926 Denique
1552 1846 1911 1927 paschalem
1943 1849 2185 1908 tertiam
2210 1847 2555 1922 homiliam,
2597 1865 2709 1909 seu
2753 1848 3109 1927 epistolam,
3164 1866 3353 1927 quam
3401 1850 3516 1911 de-

249 1951 539 2029 perditam
584 1951 843 2030 quidam
877 1957 1121 2031 putant,
1153 1949 1343 2010 nullis
1370 1966 1488 2027 ego
1516 1950 1584 2010 in
1614 1949 1942 2012 codicibus
1986 1950 2231 2030 reperi;
2266 1967 2475 2029 neque
2520 1950 2648 2013 ulla
2701 1949 2967 2011 fortasse
3031 1949 3166 2010 fuit.
3226 1937 3519 2012 Feliciter

250 2045 440 2120 tamen
480 2051 641 2112 mihi
674 2052 917 2129 obtigit,
950 2058 1020 2112 ut
1052 2048 1364 2130 paschalis
1390 2050 1651 2112 decimas
1682 2050 1967 2130 septima)
1989 2050 2292 2112 ineditam
2322 2058 2510 2131 atque
2552 2050 2901 2127 elegantem
2958 2050 3355 2112 nanciscerer
3400 2055 3514 2110 Ar-

254 2154 413 2216 nobii
438 2155 727 2217 Latinam
754 2152 1364 2233 interpretationem,
1397 2167 1585 2230 quam
1623 2151 1689 2210 in
1728 2152 1951 2231 quinto
1981 2150 2312 2231 Spicitegii
2339 2153 2515 2211 Rom.
2547 2150 2865 2213 volumine
2896 2150 3223 2214 collocavi.
3263 2152 3349 2211 De
3381 2149 3518 2212 aliis

247 2269 379 2315 vero
414 2256 703 2317 nondum
735 2255 883 2317 satis
914 2253 1068 2315 mihi
1100 2253 1433 2335 perpensis
1464 2258 1570 2313 aut
1600 2252 1962 2332 exploratis,
1989 2268 2146 2331 quas
2182 2252 2250 2313 in
2284 2251 2609 2314 codicibus
2660 2252 2925 2331 scriptas
2991 2258 3099 2313 aut
3140 2258 3518 2313 memoratas

246 2352 538 2418 interdum
576 2354 966 2435 vidi,,Cyrilli
992 2354 1293 2428 homiliis,
1326 2353 1539 2414 dicere
1577 2351 1991 2430 supersedeo.
2025 2350 2310 2429 Denique
2341 2356 2674 2411 tractatum
2697 2351 2783 2410 De
2803 2350 3126 2428 paschate,
3160 2350 3271 2429 qui
3297 2350 3362 2411 in
3392 2348 3521 2410 edi-

246 2456 505 2520 tionibus
548 2458 851 2519 tribuitur
869 2458 1097 2519 Joanni
1136 2455 1515 2535 Philopono,
1555 2454 1681 2515 vidi
1709 2454 2083 2533 inscriptum
2112 2453 2341 2533 Cyrillo
2380 2452 2445 2513 in
2473 2469 2604 2514 uno
2643 2453 2784 2515 eod.
2826 2454 2991 2528 Vat.,
3034 2453 3100 2514 in
3144 2453 3266 2515 alio
3308 2459 3517 2515 tamen

246 2558 375 2618 cod.
400 2558 712 2638 praedicto
735 2557 1119 2637 Philopono.

311 2659 406 2719 IV.
441 2660 946 2722 Commentarius
979 2660 1045 2719 in
1074 2658 1407 2719 Lucam.—
1428 2655 1550 2717 Sed
1588 2672 1737 2718 ecce
1769 2653 1937 2716 aliud
1966 2654 2031 2715 in
2061 2653 2382 2716 volumine
2413 2659 2631 2715 nostro
2659 2653 3065 2716 continuatur
3089 2652 3279 2729 longe
3310 2653 3512 2734 majo-

244 2756 320 2817 ris
346 2756 527 2818 molis
559 2756 779 2837 Cyrilli
804 2756 1134 2835 scriptum,
1168 2754 1339 2835 quod
1379 2755 1640 2834 paginas
1677 2751 1797 2812 332
1829 2758 2121 2832 occupat,
2155 2754 2647 2815 commentarius
2681 2770 2913 2833 nempe
2948 2751 3026 2814 ad
3079 2755 3263 2814 Lucae
3313 2754 3517 2815 Evan-

244 2858 481 2935 gelium,
512 2875 713 2938 quem
736 2874 859 2919 nos
892 2855 1063 2934 gravi
1113 2872 1264 2916 sane
1298 2854 1512 2915 labore
1539 2852 1998 2933 impendioque
2019 2852 2324 2932 temporis
2354 2869 2431 2913 ex
2460 2852 2795 2915 duodecim
2826 2852 3135 2914 Vaticanis
3156 2860 3519 2915 catenarum

242 2964 556 3024 codicibus
589 2959 1076 3039 compilavimus
1114 2976 1126 3018 :
1168 2958 1253 3018 ita
1286 2961 1354 3018 ut
1382 2972 1539 3034 quas
1574 2953 2105 3035 Cyrillireliquias
2137 2970 2214 3015 ex
2237 2961 2509 3033 quatuor
2531 2954 2633 3015 vix
2682 2955 3007 3018 codicibus
3048 2961 3191 3017 ante
3240 2955 3357 3017 hos
3403 2974 3519 3018 an-

242 3082 355 3128 nos
375 3063 687 3127 delibatas
719 3062 944 3123 Graece
974 3059 1313 3133 edidimus,
1347 3076 1517 3119 nunc
1554 3060 1899 3139 plurimum
1945 3065 2159 3121 auctas
2194 3064 2253 3118 et
2282 3056 2646 3119 emendatas
2694 3074 2771 3119 ex
2807 3052 2898 3119 tot
2930 3056 3277 3131 codicibus,
3310 3057 3520 3121 addita

243 3163 411 3225 etiam
440 3161 855 3225 translatione
883 3167 1095 3223 nostra
1125 3159 1531 3241 scholiisquc,
1569 3161 1722 3241 justi
1753 3159 1962 3241 operis
1990 3160 2185 3220 instar
2219 3166 2763 3238 reprmsentemus.
2816 3158 2972 3218 Sunt
2997 3165 3205 3218 autem
3264 3157 3520 3220 codices

240 3264 319 3337 hi,
350 3284 505 3346 quos
539 3266 614 3327 in
643 3265 788 3326 libri
829 3264 1221 3343 marginibus
1255 3261 1474 3325 litteris
1503 3268 1571 3323 A.
1604 3264 1692 3342 BI,
1716 3263 1779 3323 C.
1814 3263 1883 3322 D.
1932 3263 2001 3323 Ε.
2038 3263 2103 3321 F.
2137 3262 2209 3321 G.
2252 3262 2329 3321 H.
2362 3263 2409 3321 Ι.
2440 3263 2513 3321 Κ.
2560 3262 2627 3320 L.
2670 3261 2750 3319 M.
2774 3264 3085 3339 perpetuo
3124 3259 3517 3322 denotamus.

239 3368 281 3428 Ι.
309 3368 510 3430 Codex
543 3372 630 3431 A.
666 3367 804 3429 Vat.
836 3367 1306 3440 membraneus,
1345 3366 1679 3439 maximus,
1706 3363 1772 3425 in
1805 3363 1942 3435 fol.,
1968 3362 2184 3424 saeculi
2216 3362 2349 3424 fere
2379 3361 2549 3422 tertii
2594 3359 2846 3434 decimi,
2879 3361 3112 3423 Nicette
3140 3368 3424 3423 catenam
3454 3360 3521 3423 in

238 3470 450 3532 Lucam
481 3469 831 3533 continens
857 3486 1000 3531 cum
1033 3466 1265 3547 Cyrillo
1305 3467 1604 3547 plurimo.
1645 3468 1722 3527 II.
1758 3466 1968 3528 Codex
1998 3467 2067 3527 B.
2092 3466 2285 3527 Palat.
2310 3466 2471 3537 Vat.,
2503 3462 2947 3542 bombycinus,
2970 3463 3039 3525 in
3067 3462 3205 3539 fol.,
3236 3464 3519 3544 ejusdem

238 3572 356 3635 fere
388 3592 458 3638 ac
485 3576 559 3634 B.
600 3574 821 3646 aetatis,
858 3573 1167 3634 diversam
1194 3580 1406 3633 tamen
1434 3576 1719 3632 catenam
1760 3569 2119 3631 continens.
2150 3569 2352 3647 Hujus
2390 3566 2650 3640 codicis,
2685 3567 2800 3627 sub
2824 3564 3005 3627 initio
3024 3567 3327 3644 corrupti,
3359 3582 3518 3645 apo-

238 3676 526 3756 graphum
566 3676 835 3755 insuper
865 3681 1124 3737 recente
1152 3691 1346 3735 manu
1376 3672 1736 3735 contectum
1766 3671 2180 3752 inspeximus.
2204 3671 2309 3731 IlI.
2334 3669 2546 3732 Codex
2575 3670 2638 3730 C.
2664 3670 2828 3743 Vat.,
2864 3667 3252 3742 chartaceus,
3282 3669 3349 3729 in
3377 3665 3516 3743 fol.,

238 3780 333 3842 ubi
358 3782 502 3843 item
536 3780 749 3860 spissa
777 3779 841 3839 in
868 3780 1099 3839 Lucam
1129 3778 1383 3837 Patrum
1420 3783 1662 3837 catena.
1693 3776 1795 3836 IV.
1827 3775 2039 3837 Codex
2067 3776 2137 3835 D.
2159 3775 2297 3835 Vat.
2329 3775 2800 3847 membraneus,
2839 3773 2906 3833 in
2932 3770 3071 3846 fol.,
3123 3771 3338 3835 saeculi
3385 3773 3516 3836 fer-

238 3899 324 3943 me
352 3879 744 3951 duodecimi,
778 3879 929 3941 item
963 3886 1207 3940 catena.
1247 3878 1321 3936 V.
1356 3875 1568 3938 Codex
1596 3878 1666 3937 E.
1694 3876 1858 3951 Vat.,
1893 3876 2287 3951 chartaceus,
2326 3875 2394 3937 in
2426 3874 2564 3946 fol.,
2590 3875 2928 3939 continens
2956 3874 3208 3936 Macarii
3235 3874 3514 3955 Chryso-

240 3986 466 4066 cephali
496 4004 639 4049 non
661 3992 787 4047 tam
820 4000 1147 4045 sermones
1175 3998 1362 4062 quam
1393 3982 1670 4057 Patrum,
1707 3983 1910 4044 citatis
1949 3988 2238 4045 accurate
2266 3980 2654 4056 nominibus,
2686 3990 2972 4044 catenam
3022 3981 3091 4042 in
3135 3984 3389 4045 Lucam.
3448 3983 3517 4045 Id

237 4088 465 4152 Macarii
500 4099 679 4169 opus
708 4086 938 4147 dicitur
967 4083 1157 4144 etiam
1188 4080 1631 4160 Atphabetum,
1673 4084 1822 4163 quia
1852 4084 2111 4145 totidem
2142 4090 2286 4145 sunt
2326 4100 2652 4146 sermones
2689 4090 2842 4163 quot
2895 4082 3213 4163 alphabeti
3255 4084 3514 4150 litterae:

239 4194 567 4274 ceteroqui
628 4192 695 4253 in
726 4191 860 4251 Vat.
896 4186 1117 4251 codice
1146 4203 1274 4248 non
1306 4187 1426 4248 nisi
1457 4188 1774 4249 sexdecim
1805 4193 2071 4263 exstant,
2103 4187 2166 4249 id
2197 4194 2291 4250 est
2317 4205 2519 4267 usque
2547 4187 2625 4249 ad
2652 4187 2920 4250 litteram
2951 4216 3010 4251 π.
3060 4189 3161 4250 VI.
3196 4192 3405 4252 Codex
3447 4195 3513 4254 F.

235 4297 355 4358 Vat.
381 4299 569 4373 alius,
608 4297 999 4366 chartaceus,
1031 4292 1095 4352 in
1131 4290 1189 4365 4,
1222 4291 1329 4371 qui
1358 4309 1489 4354 non
1525 4292 1640 4353 nisi
1674 4292 2059 4355 mediocrem
2091 4300 2334 4373 partem
2370 4292 2653 4374 praedicti
2689 4293 3177 4374 Chrysocephali
3208 4297 3509 4359 continet.

238 4398 350 4461 VII.
390 4398 611 4460 Codex
648 4397 718 4455 G.
756 4394 1014 4471 Reginae
1052 4394 1291 4465 Suecaa,
1334 4392 1695 4469 Vaticanus,
1735 4394 1949 4456 saeculi
1979 4394 2228 4456 circiter
2255 4393 2640 4467 duodecimi,
2673 4412 2816 4457 cum
2849 4401 3090 4457 catena.
3122 4396 3279 4456 VIII.
3304 4398 3513 4460 Codex

235 4501 302 4561 Η.
334 4502 464 4562 Vat.
510 4494 913 4580 praenobilis,
948 4491 1159 4554 saeculi
1190 4492 1391 4553 ferme
1428 4492 1772 4568 undecimi,
1807 4494 1916 4573 qui
1948 4500 2155 4555 tamen
2186 4492 2253 4553 in
2285 4495 2505 4571 grandi
2543 4494 2735 4570 mole,
2771 4495 3025 4557 nonnisi
3064 4503 3303 4577 partem
3336 4498 3514 4561 NiCe-

236 4601 402 4663 tianze
442 4608 694 4664 catenae
724 4594 1189 4674 complectitur.
1224 4594 1328 4653 1X.
1363 4593 1572 4655 Codex
1602 4596 1629 4655 Ι
1659 4595 2117 4657 Ottobonianus
2148 4597 2312 4672 Vat.,
2338 4599 2781 4661 membraneus
2811 4600 3080 4681 priscus,
3109 4618 3249 4662 cum
3279 4602 3513 4682 insigni

236 4704 301 4761 ad
327 4701 677 4782 prephetas
703 4713 927 4758 omnes
960 4696 1216 4770 catena,l
1254 4696 1497 4758 habens
1535 4696 1720 4757 etiam
1757 4713 1993 4777 paucos
2026 4697 2235 4777 Cyrilli
2284 4699 2484 4775 locos,
2508 4701 2616 4780 qui
2647 4700 2877 4763 diserte
2916 4701 3209 4765 dicuntur
3255 4722 3331 4765 ex
3380 4707 3515 4786 ejus

236 4802 292 4869 in
327 4808 555 4869 Lucam
601 4800 1061 4865 commentario
1094 4800 1377 4863 detracti.
1410 4801 1486 4874 X,
1519 4800 1623 4861 XI.
1648 4801 1781 4876 XII,
1814 4801 1998 4864 nobis
2029 4803 2102 4864 K.
2137 4806 2205 4865 L.
2231 4805 2336 4879 M.,
2373 4806 2627 4883 exiguas
2662 4806 2999 4869 admodum
3038 4807 3246 4888 Cyrilli
3276 4808 3339 4870 in
3386 4810 3509 4869 Lu-

238 4925 360 4970 cam
391 4906 695 4989 reliquias
730 4904 913 4965 nobis
945 4903 1449 4984 suppeditarunt.
1486 4904 1649 4966 Duas
1679 4922 1935 4985 quoque
1970 4907 2213 4969 Latinas
2239 4907 2319 4971 ad
2345 4909 2527 4970 Lucae
2559 4908 2963 4987 Evangelium
3011 4916 3263 4971 catenas
3291 4908 3510 4987 inspe-

236 5018 453 5091 ximus,
503 5032 699 5077 unam
730 5010 857 5074 divi
882 5008 1141 5071 Thomai
1174 5010 1521 5090 Aquinatis,
1546 5010 1925 5073 Balthasaris
1957 5012 2233 5076 Corderii
2266 5014 2524 5075 alteram
2570 5032 2583 5074 :
2624 5031 2767 5094 quae
2815 5009 3017 5071 sicubi
3084 5008 3225 5087 plus
3273 5006 3508 5088 aliquid

238 5118 635 5196 Cyrillianum
672 5113 1052 5187 habuerunt,
1084 5112 1206 5175 hoc
1236 5113 1452 5175 Latine
1483 5130 1600 5175 nos
1630 5113 1920 5177 dedimus
1950 5116 2012 5177 in
2046 5117 2580 5191 adnotationibus,
2613 5125 2681 5179 ut
2711 5114 3166 5194 Cyrillitextus,
3211 5112 3329 5175 hac
3384 5114 3507 5176 sal-

238 5224 351 5283 tem
377 5221 619 5299 lingua,
651 5224 979 5295 utcunque
1024 5214 1406 5295 expleretur.
1436 5214 1559 5276 Sed
1592 5214 1752 5291 haec,
1788 5216 2072 5295 inquam,
2112 5217 2270 5280 levia
2322 5220 2563 5300 oppido
2615 5218 3005 5280 incrementa
3051 5221 3219 5278 sunt.
3272 5216 3507 5278 Corde-

238 5322 383 5385 n'um
410 5330 627 5385 autem
661 5319 1159 5397 fragmentorum
1188 5335 1449 5380 suorum
1476 5318 1837 5399 imperitum
1869 5318 2037 5382 haud
2071 5338 2213 5383 raro
2244 5321 2652 5402 interpretem
2685 5318 2899 5382 multis
2940 5318 3098 5383 locis
3136 5336 3302 5399 pene
3330 5318 3507 5381 inviti
3558 5378 3561 5379 ν

238 5427 684 5508 redarguimus.

307 5525 480 5586 Idem
525 5526 1009 5587 commentarius
1066 5526 1325 5603 Syriaca
1356 5527 2127 5589 inventum—Graecorum
2159 5530 2409 5592 Patrum
2442 5530 2520 5592 ad
2547 5531 2777 5593 Lucam
2822 5538 3109 5594 catenam
3154 5547 3379 5611 nuper,
3442 5527 3507 5591 id

306 5717 377 5790 (a)
532 5717 666 5793 L_uc.
705 5735 784 5793 in,
814 5716 872 5793 fl,
898 5716 1123 5770 homilia
1150 5716 1214 5793 de
1238 5712 1293 5768 S.
1312 5712 1519 5768 Joanne
1534 5712 1814 5793 Baptista;
1926 5715 2190 5793 lentarum
2220 5720 2618 5787 distributione;
2640 5748 2707 5759 -υ-
2728 5737 2877 5787 xxm,
2910 5723 2997 5789 33,
3038 5723 3109 5777 Dr
3132 5724 3375 5793 passione
3396 5720 3511 5779 Do-

321 5784 389 5854 ᾖ,
426 5789 516 5850 15.
556 5789 632 5842 De
676 5788 925 5842 electione
957 5788 1549 5858 apostolorum;-——xl_l,
1600 5784 1685 5858 1‘9,
1736 5784 1816 5839 De
1924 5788 2077 5845 mini.

240 5858 387 5913 dirite
419 5862 610 5914 horrea
636 5860 868 5914 dilatare
896 5853 1283 5924 coqitante;—-
1309 5871 1420 5921 xxx,
1465 5856 1553 5921 13,
1606 5853 1683 5907 De
1728 5864 1812 5907 ta-
