4154 6534
624 406 700 460 99
1969 408 2172 459 (ΑΚΒ.
2223 409 2264 457 Α

2254 408 2381 459 iNG.
2435 409 2553 459 MAI
3793 416 3894 463 ίυυ

632 532 725 586 est
754 541 922 587 anno
960 525 1131 600 1841,
1175 525 1422 599 Oxonii,
1459 524 1627 587 curis
1654 524 1769 586 viri
1808 524 1888 586 cl.
1931 525 2205 587 Crameri
2232 542 2308 585 ex
2346 523 2667 586 Gallicano
2698 525 2917 588 codice
2953 527 3209 600 editam,
3240 545 3387 592 sero
3432 528 3674 609 accepi,
3711 535 3891 609 post-

632 645 821 705 quam
858 646 975 707 ego
1000 646 1162 708 Opus
1193 628 1407 708 Cyrilli
1457 643 1667 688 meum
1702 628 2177 707 proﬂigaveram
2206 644 2218 686 :
2250 625 2533 705 alioquin
2567 628 2701 705 ejus
2730 626 2969 706 aliquot
3005 627 3163 691 locis
3190 628 3563 709 tempestive
3591 646 3745 691 usus
3789 644 3891 689 es-

631 742 787 799 sem,
824 729 875 788 si
904 727 1056 789 nihil
1082 727 1273 800 aliud,
1298 732 1466 788 certe
1495 726 1571 787 ad
1602 726 2025 789 collationem.
2050 730 2182 787 Jam
2212 742 2361 788 vero
2382 726 2497 787 hac
2526 727 2832 806 inspecta,
2858 728 2922 789 in
2954 729 3162 807 Cyrilli
3194 747 3349 809 quas
3378 730 3565 792 refert
3588 730 3893 810 partibus,

631 832 839 894 statim
875 828 1101 906 agnovi
1132 827 1384 889 nonnisi
1413 832 1669 888 tenuem
1701 826 1845 889 libri
1865 827 1991 888 mei
2016 833 2258 907 partem
2289 827 2415 889 illic
2438 826 2772 901 contineri,
2804 844 2947 888 cum
2982 827 3087 888 illa
3116 846 3191 888 ex
3222 829 3413 889 unico
3463 846 3581 891 nec
3632 834 3899 912 mpii:st

626 930 875 1004 codice,
915 944 1093 990 meus
1119 934 1327 989 autem
1362 928 1520 989 liber
1550 945 1625 988 ex
1655 928 1985 990 duodecim
2025 947 2142 990 ms.
2177 931 2436 1005 catenis,
2469 947 2731 1009 quarum
2786 929 3025 1009 aliquot
3065 930 3547 1010 copiosissima),
3606 936 3893 1013 prodeat.

630 1035 877 1096 Etenim
908 1032 1017 1094 ubi
1045 1030 1493 1110 quaterniones
1515 1032 1708 1092 nostri
1742 1031 1914 1109 pleni
1946 1034 2307 1105 decurrunt,
2332 1033 2419 1093 ibi
2453 1033 2767 1094 interdum
2797 1033 2890 1094 vel
2924 1033 3075 1094 nihil
3127 1034 3326 1095 codex
3373 1034 3727 1097 Gallicanus
3780 1038 3892 1098 ha-

630 1131 786 1203 buit,
820 1136 968 1210 puta
997 1129 1061 1189 in
1100 1146 1284 1207 capp.
1337 1130 1388 1196 Ι,
1420 1130 1577 1194 XVI.
1601 1130 1825 1188 XXIV:
1857 1129 1949 1190 vel
1985 1130 2226 1207 singula
2255 1130 2354 1190 vix
2382 1129 2750 1209 fragmenta,
2781 1137 2931 1211 puta
2959 1131 3023 1192 in
3054 1148 3194 1211 cap.
3224 1133 3307 1192 IlI
3332 1139 3395 1193 et
3420 1135 3545 1194 XV.
3606 1137 3741 1197 lluc
3787 1154 3895 1199 ac-

629 1232 797 1295 cedit
823 1230 992 1310 quod
1023 1230 1088 1291 in
1127 1230 1286 1290 libro
1317 1229 1486 1289 edito
1522 1228 1784 1306 Cyrillus
1815 1230 2056 1290 caeteris
2094 1231 2381 1292 Patribus
2418 1231 2830 1305 interseritur,
2889 1231 3187 1311 nullaque
3233 1233 3751 1313 interpretatione
3784 1240 3897 1299 La-

626 1332 758 1393 tina
787 1331 1117 1393 scholiisve
1150 1330 1513 1391 illustratur.
1545 1332 1693 1402 Quae
1722 1330 1871 1391 dum
1904 1329 2305 1393 historialiter
2334 1350 2541 1403 narro,
2568 1331 2734 1393 haud
2765 1331 2976 1394 hercle
3006 1332 3351 1413 quidquam
3385 1338 3703 1413 praestanti
3734 1338 3898 1400 Oxo-

629 1435 834 1497 niensi
867 1434 1026 1494 libro
1057 1432 1387 1494 detrahere
1420 1432 1586 1505 volo,
1622 1433 1721 1494 cui
1753 1434 1957 1495 omnis
1987 1451 2021 1495 a
2048 1451 2149 1495 me
2179 1435 2446 1497 debetur
2477 1434 2686 1495 honor
2708 1451 2781 1494 ac
2816 1450 3007 1513 porro
3039 1433 3341 1509 defertur,
3376 1442 3638 1515 propter
3668 1440 3758 1498 rei
3794 1455 3896 1499 sa-

629 1552 751 1597 cra)
784 1535 1134 1607 utilitatem,
1166 1540 1460 1612 typorum
1494 1532 1924 1612 splendorem,
1956 1534 2215 1596 editoris
2249 1542 2565 1596 strenuam
2599 1535 2992 1597 sedulitatem
3023 1541 3213 1614 atque
3243 1538 3556 1615 peritiam.
3591 1539 3715 1600 Sed
3745 1555 3897 1600 ecce

629 1636 793 1699 aliud
828 1654 927 1698 me
960 1636 1362 1697 vehementer
1390 1637 1749 1710 commovit,
1778 1637 2130 1717 gaudioque
2159 1637 2390 1713 affecit,
2422 1638 2590 1718 quod
2641 1639 2718 1699 ab
2764 1638 3273 1719 ephemeridibus
3323 1640 3593 1720 publicis
3646 1642 3899 1703 nuntia.

630 1746 761 1801 tum
800 1738 935 1810 fuit,
972 1738 1178 1817 Cyrilli
1212 1738 1489 1816 integros
1517 1738 1594 1800 ad
1622 1741 1850 1801 Lucam
1883 1743 2391 1817 commentarios,
2413 1744 2478 1803 in
2515 1742 2827 1821 Syriacam
2878 1742 3151 1818 linguam
3193 1759 3552 1815 conversos,
3587 1761 3795 1824 nuper
3820 1763 3897 1807 ex

630 1839 893 1917 Egypto
918 1837 980 1898 in
1012 1834 1293 1913 Angliam
1324 1853 1460 1898 esse
1490 1836 1801 1915 perlatos;
1860 1838 2031 1917 quod
2059 1857 2209 1902 sane
2248 1842 2568 1921 exemplar
2596 1841 2647 1902 si
2695 1840 2865 1902 nulla
2912 1839 3129 1902 laesum
3168 1840 3389 1904 lacuna
3420 1843 3523 1915 sit,
3566 1844 3898 1923 periteque

626 1943 708 2006 ab
737 1943 1085 2023 interprete
1115 1944 1272 2021 Syro
1302 1943 1713 2009 elaboratum.
1747 1943 1956 2021 Cyrilli
1981 1943 2234 2005 demum
2268 1950 2469 2006 totum
2501 1946 2993 2023 ordinatumque
3032 1961 3103 2006 ac
3128 1963 3354 2025 purum
3384 1962 3569 2025 Opus,
3602 1947 3665 2009 in
3690 1948 3902 2014 alieno

626 2047 849 2110 saltem
880 2045 1179 2107 idiomate
1213 2044 1709 2125 repraesentabit.
1744 2047 1897 2107 Nam
1928 2052 2286 2109 catenarum
2318 2048 2721 2111 incommoda
2754 2066 2896 2128 quaa
2924 2048 3071 2122 sint,
3107 2067 3295 2112 nemo
3323 2052 3603 2115 eruditus
3649 2054 3904 2131 ignorat

632 2147 1019 2231 (quanquam
1052 2151 1112 2207 et
1140 2144 1245 2206 illa
1276 2145 1608 2223 peculiaris
1637 2144 1857 2205 harum
1886 2152 1947 2205 et
1965 2146 2285 2206 verissima
2314 2146 2448 2208 laus
2477 2154 2592 2221 est,
2621 2148 2793 2225 quod
2827 2146 3150 2209 meliorem
3173 2148 3477 2227 cujusque
3506 2151 3719 2230 operis
3750 2172 3897 2217 suc-

626 2264 773 2309 cum
802 2244 1080 2306 delibare
1112 2241 1364 2319 solent).
1400 2241 1711 2319 Eclogarii
1750 2240 1988 2302 scilicet
2019 2247 2524 2319 partesoperum
2558 2259 2674 2321 pro
2711 2242 2884 2304 libito
2916 2260 3031 2305 suo
3063 2252 3430 2323 excerpunt,
3465 2254 3527 2307 et
3562 2248 3669 2310 ubi
3724 2249 3902 2313 lubet

631 2347 970 2419 collocant,
1004 2353 1064 2407 et
1095 2347 1483 2425 quandoque
1516 2345 1699 2405 etiam
1729 2343 2325 2422 interpolationibus
2357 2343 2610 2405 violant.
2651 2347 2801 2406 Cum
2831 2351 3041 2407 autem
3073 2345 3371 2409 volumen
3405 2357 3689 2412 nostrum
3730 2351 3896 2416 haud

631 2467 706 2511 ex
736 2464 889 2521 uno,
925 2446 1034 2509 sed
1060 2464 1138 2507 ex
1164 2446 1501 2508 duodecim
1533 2463 1679 2506 mss.
1713 2444 2037 2505 codicibus
2067 2444 2143 2505 sit
2172 2443 2693 2521 conglutinatum,
2726 2446 2824 2507 vix
2879 2446 3012 2507 ﬁeri
3057 2452 3263 2525 potest
3303 2453 3371 2509 ut
3417 2455 3624 2528 partes
3674 2468 3901 2514 omnes

632 2547 846 2608 sedem
882 2544 1224 2623 prepriam,
1253 2548 1397 2622 post
1432 2541 1886 2619 eclogariorum
1928 2539 2243 2601 licentiam
2293 2547 2354 2600 et
2403 2540 2884 2621 discrepantiam
2944 2543 3257 2617 codicum,
3304 2548 3649 2619 retineant;
3708 2568 3901 2630 quam

632 2664 769 2711 rem
793 2642 1044 2706 nonnisi
1076 2643 1389 2720 integrum
1423 2643 1633 2723 Operis
1664 2659 1895 2720 corpus
1934 2640 2275 2720 praestabit.
2308 2640 2372 2700 Si
2421 2641 2613 2718 igitur
2640 2643 2852 2704 Graeca
2874 2650 3085 2705 nostra
3114 2650 3257 2707 ante
3288 2646 3575 2725 Syriatici
3598 2647 3744 2709 libri
3774 2651 3907 2712 edi-

634 2750 873 2812 tionem
901 2745 966 2806 in
996 2742 1279 2821 Angliam
1306 2742 1614 2819 venerint;
1639 2742 1927 2818 multum,
1952 2740 2168 2817 credo,
2207 2740 2682 2822 interpretando
2725 2744 2952 2824 Cyrillo
3001 2745 3386 2824 proderunt;
3420 2750 3600 2810 sicuti
3627 2751 3899 2813 vicissim

632 2843 817 2908 nobis
845 2857 1230 2923 magnopere
1258 2839 1480 2905 fuisset
1506 2842 1878 2904 commodus
1911 2840 2289 2917 Anglicanus
2328 2840 2487 2903 liber
2525 2843 2889 2905 ordinandis
2934 2844 3167 2906 Graecis
3218 2862 3292 2907 ac
3339 2848 3799 2928 perpoliendis,
3846 2850 3899 2911 si

636 2948 828 3031 (quod
863 2948 995 3009 ﬁeri
1036 2963 1163 3007 non
1186 2944 1450 3026 poterat)
1483 2945 1560 3006 ad
1590 2961 1707 3005 nos
1734 2950 1976 3005 maturo
2014 2949 2301 3023 tempore
2340 2945 2749 3023 pervenisset.
2791 2946 2909 3007 Rei
2944 2946 3132 3027 hujus
3161 2948 3483 3027 persimile
3530 2951 3896 3032 exemplum

632 3056 728 3112 est
766 3048 1017 3110 Eusebii
1059 3046 1482 3125 Theophania,
1516 3047 1580 3107 in
1612 3045 1868 3124 Syriaco
1900 3045 2134 3125 pariter
2175 3044 2393 3107 codice
2422 3045 2520 3107 his
2550 3047 2733 3108 annis
2764 3047 3037 3121 inventa,
3072 3050 3252 3127 cujus
3288 3050 3505 3112 Graeca
3539 3050 3901 3130 fragmenta

631 3168 667 3213 a
700 3167 799 3211 me
827 3156 1008 3211 antea
1045 3147 1313 3224 vulgata,
1344 3146 1423 3207 cl.
1455 3148 1616 3207 Leus
1646 3144 1960 3223 interpres
1990 3149 2053 3204 et
2090 3144 2295 3205 editor
2322 3161 2451 3206 non
2484 3145 2699 3207 habuit
2726 3164 2740 3219 ;
2775 3163 2892 3207 nos
2944 3154 3177 3221 autem,
3216 3149 3379 3210 libro
3435 3150 3570 3228 ejus
3608 3157 3898 3231 accepto.

632 3251 847 3312 Grmca
873 3256 1083 3311 nostra
1114 3248 1394 3310 excussis
1433 3246 1644 3308 denuo
1676 3246 1812 3306 Vat.
1850 3244 2176 3307 codicibus
2202 3244 2461 3307 multum
2496 3248 2785 3309 auximus
2813 3254 2874 3310 et
2902 3250 3371 3324 recensuimus;
3422 3268 3545 3330 qua
3591 3269 3788 3331 super
3831 3268 3902 3313 re

630 3351 698 3412 in
730 3359 952 3431 quarto
976 3351 1375 3414 Bibliotheca
1404 3349 1589 3428 hujus
1620 3347 1935 3410 volumine
1964 3348 2110 3409 satis
2148 3347 2440 3410 diximus.
2471 3352 2605 3411 Jam
2639 3368 2827 3413 nemo
2862 3352 3047 3414 nobis
3083 3352 3357 3432 objiciat,
3384 3353 3551 3433 quod
3600 3351 3901 3432 Cyrillum

633 3472 710 3515 ex
741 3456 1000 3530 catenis,
1031 3473 1161 3518 non
1189 3462 1393 3517 autem
1419 3470 1497 3515 ex
1524 3451 1744 3514 codice
1776 3452 2036 3532 proprio
2065 3452 2464 3532 integroquc,
2506 3453 2834 3532 vulgemus
2862 3473 2875 3515 ε
2911 3473 3054 3517 nam
3079 3462 3493 3536 praeterquam
3520 3456 3691 3535 quod
3726 3454 3901 3516 nulla

632 3553 751 3616 alia
779 3557 1152 3635 suppetebat
1180 3556 1269 3616 rei
1297 3555 1707 3617 conﬁciendae
1746 3555 1928 3629 ratio,
1962 3556 2119 3616 nihil
2158 3574 2275 3618 nos
2311 3558 2675 3620 inusitatum
2705 3560 2971 3638 egimus.
3010 3562 3173 3623 Ecce
3213 3562 3401 3623 enim
3441 3562 3772 3640 Origenem
3834 3561 3901 3622 in

631 3654 948 3728 Genesim,
978 3655 1043 3716 in
1087 3654 1445 3729 Proverbia,
1472 3660 1534 3715 et
1558 3654 1622 3714 in
1652 3653 1957 3727 Psalmos,
1997 3654 2251 3715 nonnisi
2279 3672 2355 3717 ex
2384 3657 2619 3718 catenis
2647 3660 2883 3720 Ruaeus
2910 3666 3230 3739 utcunque
3255 3660 3559 3721 restituit:
3592 3658 3905 3740 ejusdem-

635 3776 760 3838 que
790 3760 941 3821 item
976 3759 1267 3838 Hexapla
1304 3776 1595 3836 magnam
1633 3766 1874 3838 partem
1914 3766 2149 3821 catenae
2186 3761 2690 3840 suppeditarunt.
2748 3762 3215 3825 Theodoretum
3268 3770 3329 3825 et
3375 3763 3781 3825 Athanasium
3835 3762 3901 3824 in

633 3861 915 3923 Psalmos
945 3866 1182 3923 catena:
1214 3859 1366 3922 solae
1397 3859 1730 3922 Sirmondo
1761 3866 1822 3920 et
1856 3859 2324 3921 Montfauconio
2375 3862 2760 3923 obtulerunt.
2809 3861 3234 3940 Chrysostomi
3291 3864 3437 3924 satis
3493 3862 3783 3941 c0piosas
3840 3870 3904 3923 et

635 3962 919 4040 egregias
948 3961 1011 4022 in
1043 3960 1374 4023 Jeremiam
1404 3959 1876 4041 explanationes
1906 3976 2215 4038 nusquam
2255 3960 2375 4021 nisi
2402 3961 2569 4040 apud
2591 3960 3181 4023 Ghisleriicatenam
3204 3960 3532 4022 habemus.
3554 3960 3901 4021 Eusebium

633 4061 700 4125 in
730 4064 983 4135 Lucam,
1016 4060 1510 4142 Polychronium
1536 4061 1603 4122 in
1623 4057 1964 4130 Danielem,
2005 4057 2339 4136 Didymum
2367 4058 2431 4119 in
2459 4059 2799 4122 secundam
2836 4060 2912 4119 ad
2945 4057 3296 4121 Corinthios
3329 4074 3445 4119 nos
3480 4056 3601 4135 ipsi
3642 4064 3900 4118 catena-

634 4182 773 4225 rum
802 4182 924 4244 ope
953 4163 1147 4243 adjuti
1178 4164 1242 4223 in
1273 4161 1479 4223 lucem
1511 4159 1867 4222 extulimus.
1909 4159 2233 4219 Postremo
2262 4156 2466 4236 qualis
2499 4166 2900 4238 quantusque
2934 4159 3177 4239 percipi
3228 4175 3305 4219 ex
3342 4157 3457 4219 hac
3506 4155 3717 4235 Cyrilli
3764 4155 3901 4245 edi-

634 4266 806 4327 tione
838 4265 1077 4326 fructus
1108 4263 1327 4344 possit,
1354 4261 1551 4323 lector
1585 4279 1700 4341 per
1725 4279 1790 4322 se
1821 4261 2086 4341 quisque
2114 4260 2360 4330 sentiet,
2386 4266 2447 4321 et
2479 4267 2693 4322 noster
2725 4261 2909 4321 etiam
2946 4276 3156 4321 rerum
3184 4259 3375 4320 index
3399 4259 3618 4338 partim
3643 4258 3905 4320 demon-

635 4368 878 4442 strabit,
909 4366 1257 4447 praesertim
1287 4364 1355 4426 in
1385 4382 1450 4426 re
1484 4364 1856 4443 dogmatica,
1888 4364 2048 4426 circa
2095 4363 2316 4424 Christi
2394 4362 2803 4439 divinitatem,
2858 4363 3161 4441 originale
3218 4369 3568 4442 peccatum,
3627 4361 3900 4423 divinam

638 4471 941 4547 gratiam;
960 4475 1347 4531 sacramenta
1375 4467 1693 4547 baptismi,
1744 4466 2157 4547 poenitentiae,
2199 4472 2387 4545 atque
2426 4465 2838 4539 eucharistiaa,
2896 4464 2974 4526 de
3026 4480 3153 4543 quo
3206 4471 3525 4544 postremo
3550 4463 3901 4544 praesertim

637 4570 928 4647 dogmate
967 4571 1213 4633 divinus
1236 4577 1329 4632 est
1359 4569 1565 4649 Cyrilli
1593 4569 1771 4631 locus
1806 4567 1906 4647 (ad
1932 4586 2068 4647 cap.
2107 4584 2269 4640 xxu,
2307 4583 2469 4627 vers.
2506 4565 2600 4639 10,
2630 4567 2695 4627 in
2726 4567 2895 4645 ﬁne),
2924 4583 3113 4646 quem
3146 4565 3315 4627 nulla
3339 4582 3615 4644 unquam
3640 4565 3901 4627 hmresis

634 4690 845 4752 neque
874 4688 1151 4751 praesens
1180 4686 1387 4749 neque
1417 4668 1625 4730 futura
1648 4668 2065 4730 labefactabit.
2098 4668 2219 4729 Sed
2258 4666 2336 4729 de
2373 4667 2582 4746 Cyrilli
2606 4667 2671 4727 in
2709 4669 2936 4729 Lucam
2966 4665 3420 4728 commentario
3449 4666 3593 4727 satis
3636 4665 3745 4750 (a).
3778 4669 3895 4728 Su-

638 4780 853 4858 perest
880 4779 948 4834 ut
979 4771 1056 4833 de
1087 4770 1328 4849 reliqua
1346 4768 1681 4829 voluminis
1709 4767 2096 4830 continentia
2120 4766 2424 4829 dicamus.
2720 4848 2724 4853 ι

711 4879 786 4939 V.
821 4878 1060 4940 Contra
1096 4875 1502 4952 Synusiastas
1540 4882 1595 4935 et
1632 4872 2006 4935 alios.—Est
2042 4872 2205 4934 inter
2232 4872 2521 4951 Syriacos
2546 4871 2947 4933 bibliothecae
2975 4870 3291 4934 Vaticanaa
3322 4871 3572 4934 codices
3603 4878 3897 4951 pervetus

636 4980 916 5061 quidam.
951 4992 1218 5038 numero
1255 4973 1364 5035 140
1397 4979 1667 5047 notatus,
1696 4975 1928 5036 saeculo
1964 4984 2209 5050 octavo,
2237 4983 2308 5037 ut
2337 4978 2678 5035 Assemano
2711 4970 2975 5044 videtur,
3009 4973 3300 5052 scriptus,
3339 4972 3448 5052 qui
3472 4973 3735 5034 Joannis
3762 4974 3896 5034 Ca3—

637 5081 931 5144 sariensis
967 5080 1132 5141 inter
1162 5078 1452 5155 quintum
1489 5082 1859 5155 sextumque
1886 5076 2182 5138 saaculum
2218 5075 2367 5137 clari
2393 5072 2750 5154 apologiam
2782 5072 3061 5135 continet
3093 5072 3341 5135 concilii
3372 5070 3898 5137 Chalcedonensis

704 5204 780 5274 (a)
813 5203 1148 5281 Testirnonia
1172 5211 1357 5281 vetera
1385 5216 1482 5281 pro
1518 5199 1705 5281 Cy'rilli
1738 5200 1792 5253 in
1818 5199 2019 5281 Lucam
2052 5215 2205 5281 corn:
2306 5207 2461 5281 pretc
2500 5196 2612 5281 ait:
2649 5193 2873 5281 sanctus
2909 5193 3147 5281 (Σεμςξιιιιέξν
3177 5195 3572 5281 A‘lcxandrin‘us.
3606 5196 3661 5249 in
3710 5198 3897 5281 empla-

632 5264 902 5330 mentario
942 5274 1071 5327 olim
1112 5288 1213 5326 nos
1242 5264 1807 5331 citavimustatinas
1834 5277 2056 5323 catenas
2094 5270 2205 5323 divi
2307 5264 2604 5321 nationibus
2640 5265 2707 5318 ad
2728 5265 2925 5318 Lucam
2959 5266 3072 5318 ait:
3100 5264 3319 5318 Factam
3343 5280 3451 5319 esse
3474 5264 3692 5318 dicimus
3722 5264 3899 5320 trona—

633 5343 919 5414 Aquinatis
953 5352 1124 5414 atque,
1149 5341 1434 5414 Corderii;
1475 5342 1604 5395 item
1649 5339 1863 5414 Grazcas
1918 5340 2209 5414 Vaticanas
2306 5337 2683 5414 ﬁgurationem
2707 5334 2974 5414 (Domini)
3016 5350 3120 5414 non
3146 5337 3221 5414 sic
3249 5336 3457 5414 quidem
3485 5343 3541 5386 ut
3576 5351 3765 5414 corpus
3794 5338 3894 5414 Igu-

632 5403 1130 5484 in'prophetas'ubi
1154 5427 1325 5484 pauca
1353 5403 1842 5484 fragme_nta_citata
1867 5411 2205 5484 reperimus:
2308 5403 2548 5484 iri-anum;
2568 5404 2793 5484 ﬁguram
2826 5406 3080 5466 amiserit,
3110 5403 3506 5484 sed-splendore
3539 5403 3771 5484 quodam
3807 5408 3895 5459 in-

633 5474 1179 5539 deinde'scholiastas
1210 5483 1419 5551 aliquot
1440 5474 1621 5535 Vatic.
1657 5480 1788 5533 Item
1822 5474 2043 5551 catenas
2085 5480 2207 5534 Vat.
2309 5477 2496 5551 durum
2532 5476 2709 5551 tuerit,
2754 5484 2885 5537 etc.,
2934 5489 3108 5543 usque
3161 5474 3228 5528 ad
3261 5477 3559 5551 sustinere
3588 5483 3891 5543 potuerunt.

632 5557 689 5611 in
720 5556 877 5617 Luc.,
918 5568 1148 5622 quarum
1191 5544 1345 5622 nunc
1391 5566 1681 5622 numerum
1730 5550 1981 5622 auximus
2036 5565 2209 5618 usque
2308 5545 2412 5622 Qui
2447 5545 2813 5622 locusﬂprmce
2856 5558 3007 5596 nunc
3048 5546 3301 5622 apparuit
3332 5544 3395 5622 _in
3428 5545 3671 5622 editione
3706 5554 3895 5599 nostra

632 5625 699 5680 ad
724 5625 839 5678 ΧΠ.
866 5614 1108 5694 Denique
1138 5621 1290 5675 adest
1330 5622 1500 5694 codex
1538 5620 1813 5694 Syriacus,
1855 5620 1924 5694 de
1960 5614 2207 5694 q_t_to_su-
2308 5616 2441 5694 L_uc.
2479 5631 2555 5694 rx,
2588 5614 2665 5694 9.9.
2690 5630 2813 5694 cum
2862 5628 2925 5667 ea
2968 5622 3189 5694 tantum
3240 5615 3351 5694 levi.
3398 5616 3684 5694 varietate,
3727 5630 3897 5694 quam

635 5710 727 5765 pra
766 5684 1037 5765 diximus;
1064 5692 1236 5765 Nunc
1256 5693 1531 5765 cccehzec
1554 5684 1824 5765 scribens,
1862 5691 1923 5765 in_
1954 5684 2101 5765 aliud
2132 5699 2210 5743 tc-
2308 5686 2423 5738 sive
2473 5684 2877 5765 Cyparissirot-a2
2911 5684 3077 5765 ¹ξίν-θ-
3098 5685 3353 5753 eclogarii
3383 5686 3602 5765 Anostri,
3661 5684 3895 5763 solemni

633 5745 1184 5819 stimoniumﬁincido
1210 5745 1434 5815 Joannis
1468 5745 1849 5831 Cyparissiotaa
1894 5761 2085 5814 decad.
2136 5777 2207 5821 vr,
2309 5769 2459 5831 more
2514 5745 2782 5831 fecerunt.
2846 5753 2998 5831 Adde
3051 5745 3317 5831 Joanrfem
3378 5745 3769 5831 Gmsariensem
3835 5753 3895 5807 in

632 5833 747 5891 Bib.
780 5832 891 5889 PP.
920 5833 1085 5903 Lugd.
1120 5841 1156 5885 t.
1196 5832 1336 5896 XXI,
1368 5848 1420 5901 p.
1453 5822 1573 5893 42.0,
1607 5830 1699 5899 qui
1728 5830 2000 5884 Turriano
2036 5831 2208 5884 intcr-
2308 5824 2661 5878 adnotatione
2698 5834 2880 5877 nostra
2917 5824 2982 5875 ad
3020 5838 3163 5876 vers.
3204 5823 3273 5876 22
3310 5826 3505 5893 rapitis
3535 5841 3571 5877 ιι
3606 5825 3783 5877 Luem.
