4120 6488
297 339 399 393 ἔοι
1683 350 2198 410 ΡΒΕΡΛΤΙΟΝΕΞ.
3463 362 3565 417 ιω

286 464 604 526 adversus
622 466 1160 545 contemporalem
1188 485 1371 531 suum
1395 472 1716 548 Severum,
1737 477 2151 553 patriarcham
2179 476 2657 551 Antiochenum,
2679 478 3131 558 Acephaiorum
3154 480 3564 561 coryphaeum

296 572 362 625 et
391 565 720 627 doctorem
745 565 936 626 totius
965 566 1233 627 Orientis
1263 569 1866 646 pestilentissimum.
1896 574 2168 636 Joannes
2204 576 2411 653 itaque
2450 584 2519 636 ut
2556 576 2999 651 adversarium,
3045 578 3272 656 Cyrillo
3317 596 3565 660 semper

296 673 491 745 prout
523 674 747 728 notum
779 673 872 727 est
907 667 1078 727 abuti
1110 667 1385 743 solitum,
1418 669 1641 732 iisdem
1679 673 1869 733 armis
1896 676 2191 752 conligat,
2223 675 2479 749 multos,
2528 676 2588 737 id
2639 684 2732 738 est
2782 696 2953 752 xm,
3002 678 3209 757 Cyrilli
3258 679 3434 742 locos
3488 699 3564 742 ex

298 766 607 845 Operibus
636 784 808 830 nunc
841 767 1206 847 deperditis,
1240 776 1454 832 contra
1484 773 1902 851 Synusiastas,
1936 783 1997 836 et
2028 786 2244 837 contra
2278 776 2623 839 Diodorum
2673 781 3039 841 Tarsensem
3069 797 3139 842 ac
3163 779 3563 844 Theodorum

300 871 848 950 Mepsuesteiam,
889 890 1006 933 nec
1036 887 1165 931 non
1187 887 1263 931 ex
1293 873 1759 933 commentariis
1790 874 1853 935 in
1886 875 2127 948 Matth.,
2153 878 2300 937 Luc.
2337 884 2398 937 et
2435 878 2606 938 Paul.
2646 881 2903 953 recitat;
2955 898 3115 959 quos
3167 898 3284 959 ego
3333 881 3561 945 luben-

297 975 542 1037 tissime
570 977 637 1037 in
668 975 790 1037 hoc
821 974 1142 1037 volumine
1168 974 1381 1035 Latine
1415 974 1633 1036 saltem
1666 978 1928 1057 exposui
1956 996 1967 1037 :
2002 980 2347 1058 praesertim
2379 980 2525 1058 quia
2565 964 2865 1044 librorum
2914 991 3125 1045 contra
3175 986 3564 1063 Synusiastas

296 1082 363 1135 et
381 1076 965 1147 contraDiodorum
987 1091 1060 1136 ac
1087 1073 1492 1135 Theodorum
1519 1093 1630 1136 sex
1649 1076 1776 1155 jam
1809 1094 1927 1155 ego
1960 1079 2286 1158 originalia
2316 1096 2748 1160 comperet-am
2775 1086 2984 1145 Graaca
3018 1085 3385 1164 fragmenta,
3410 1105 3566 1167 quo-

294 1193 440 1236 rum
477 1184 696 1255 postea
722 1177 1043 1238 veritatem
1071 1179 1346 1237 Joannes
1380 1176 1774 1238 Cmsariensis
1802 1178 2211 1241 conﬁrmavit.

379 1279 604 1337 Partes
632 1279 1064 1339 commentarii
1098 1279 1165 1338 in
1198 1278 1442 1340 Cantia.
1475 1279 2300 1347 Salomonis—Notissima
2358 1293 2419 1347 et
2468 1287 2834 1348 universalis
2883 1290 2986 1349 SS.
3044 1291 3291 1353 Patrum
3350 1293 3563 1372 regula

296 1386 414 1451 est,
450 1381 766 1442 canticum
805 1380 1161 1443 Salomonis
1188 1380 1445 1442 nonnisi
1479 1381 1743 1460 spiritali
1778 1401 1962 1445 sensu
1996 1385 2073 1447 de
2124 1386 2365 1449 Christo
2412 1389 2671 1469 ejusque
2722 1388 2993 1451 Ecclesia
3024 1406 3159 1452 esse
3206 1391 3559 1470 intelligen-

294 1480 493 1543 dum:
528 1483 939 1561 quamobrem
972 1483 1139 1561 gravi
1169 1484 1673 1563 reprehensione
1718 1486 1890 1564 digni
1927 1497 2094 1562 sunt,
2129 1492 2492 1571 quicunque
2534 1494 2611 1555 ab
2655 1492 2772 1555 hac
2824 1493 3259 1557 decentissima
3309 1498 3561 1558 Patrum

296 1586 592 1648 omnium
624 1605 847 1650 norma
876 1589 1201 1652 discedere
1230 1591 1486 1653 audent.
1526 1593 1687 1654 Ecce
1720 1600 1931 1655 autem
1960 1604 2021 1656 et
2052 1596 2314 1674 Cyrillus
2345 1605 2557 1659 noster
2588 1598 2650 1659 in
2682 1616 2757 1659 eo
2792 1598 3188 1677 explanando
3238 1602 3487 1663 cantico
3528 1621 3564 1665 a

296 1688 449 1750 trito
478 1689 877 1770 solemnique
906 1694 1201 1757 Ecclesia)
1238 1715 1415 1759 more
1445 1716 1572 1759 non
1605 1699 1911 1761 declinat:
1944 1702 2122 1779 cujus
2146 1719 2263 1779 ego
2295 1702 2606 1783 deperditi
2634 1706 3065 1767 commentarii
3095 1724 3237 1768 cum
3267 1714 3411 1768 ante
3446 1706 3565 1769 hos

292 1806 504 1852 annos
530 1790 877 1870 fragmenta
907 1796 1120 1856 Grmce
1149 1802 1391 1859 tantum
1422 1798 1727 1860 ediderim
1757 1800 1821 1859 in
1852 1801 2143 1879 Proc0pii
2178 1808 2393 1862 catena
2436 1800 2590 1880 (ΑΛ.
2623 1801 2803 1863 class.
2845 1811 2889 1866 t.
2932 1806 3059 1881 IX),
3110 1824 3277 1869 nunc
3336 1806 3563 1870 collato

294 1910 522 1953 rursus
551 1892 687 1952 Vat.
722 1892 965 1964 codice,
1000 1902 1061 1955 ct
1092 1896 1301 1959 addita
1340 1898 1697 1973 Latinitate,
1731 1899 1795 1959 in
1832 1898 1950 1961 hac
1983 1900 2191 1979 Cyrilli
2226 1901 2676 1962 anecdotorum
2724 1906 3017 1983 congerie
3065 1908 3399 1970 commode
3449 1927 3558 1970 cx-

293 1993 516 2055 liibeo.
570 1996 789 2073 Neque
831 1996 894 2055 in
935 1996 1030 2057 his
1064 1999 1292 2061 desunt
1343 2001 1693 2080 singulares
1734 2002 1977 2082 aliquot
2028 2004 2185 2066 sacri
2226 2011 2432 2065 textus
2469 2005 2809 2081 lectiones,
2859 2016 3088 2090 prteter
3135 2012 3425 2073 eximiam
3456 2031 3563 2074 au-

297 2094 499 2155 ctoris
528 2094 851 2173 pietatem,
888 2102 945 2155 et
979 2096 1057 2157 de
1092 2099 1288 2159 sancti
1323 2097 1677 2162 chrismatis
1705 2108 2096 2164 sacramento
2124 2103 2554 2165 testimonium
2588 2106 2685 2183 {ad
2712 2122 2871 2167 vers.
2909 2106 2976 2167 12
3011 2109 3227 2187 capitis
3270 2111 3396 2187 1V).
3452 2111 3562 2173 His

295 2210 421 2271 ego
460 2194 895 2254 commentarii
929 2197 1210 2273 partibus
1244 2200 1575 2278 Cyrilliana
1613 2202 1894 2280 quinque
1949 2201 2067 2264 alia
2096 2187 2331 2264 diversi
2379 2206 2727 2281 argumenti
2784 2206 3129 2286 fragmenta
3176 2210 3563 2275 subtexenda

294 2295 514 2357 curavi
884 2284 897 2289 ⁷

382 2402 619 2460 Contra
654 2399 1001 2461 Julianum.
1036 2399 1348 2460 Adversus
1372 2400 1731 2461 Eunuchos.
1763 2402 1850 2461 De
1881 2402 2233 2481 Synagagtr
2262 2405 2553 2483 repudio.
2590 2407 2967 2487 Fragmenta
2993 2405 3186 2468 multa
3212 2409 3560 2469 minora.—

293 2502 391 2563 ΝΘ
420 2502 668 2564 minora
697 2505 954 2583 quidem
992 2506 1201 2585 Cyrilli
1230 2506 1603 2586 fragmenta,
1643 2514 1959 2587 quotquot
1989 2508 2154 2569 inter
2185 2510 2348 2573 edita
2376 2529 2409 2574 a
2442 2528 2542 2572 me
2572 2513 2824 2592 scripta,
2856 2512 3044 2573 vel-in
3075 2512 3399 2575 codicibus
3448 2533 3560 2577 ex-

292 2608 610 2680 stiterunt,
648 2609 921 2686 neglexi.
947 2613 1163 2691 Itaque
1194 2613 1398 2693 primo
1420 2614 1807 2691 undeviginti
1837 2615 2170 2694 particulas
2192 2618 2427 2697 sumpsi
2452 2619 2672 2697 partim
2706 2636 2781 2680 ex
2806 2615 3021 2679 codice
3052 2616 3347 2679 Vaticano
3384 2616 3557 2694 1431,

291 2710 521 2788 partim
556 2726 635 2769 ex
673 2711 1095 2787 Columnensi,
1126 2720 1186 2775 et
1224 2731 1300 2776 ex
1337 2715 1494 2777 meis
1523 2715 1783 2777 Leontio
1813 2722 2002 2795 atque
2040 2719 2383 2780 Anastasio.
2417 2720 2653 2782 Deinde
2685 2720 2838 2782 alias
2884 2719 3041 2778 XXV
3094 2716 3431 2798 particulas
3484 2736 3557 2779 ex

293 2812 653 2891 deperditis
680 2815 979 2877 adversus
1003 2818 1319 2880 Julianum
1348 2818 1543 2891 libris,
1577 2836 1611 2879 a
1638 2820 1878 2880 Joanne
1912 2819 2225 2899 eclogario
2265 2823 2501 2897 citatas,
2541 2829 2608 2887 ut
2638 2823 2702 2885 in
2734 2822 2978 2883 Monito
3017 2821 3263 2882 dicitur.
3308 2820 3560 2898 Insigne

290 2928 521 2996 postea
548 2918 760 2996 magni
798 2918 1005 2996 Cyrilli
1034 2918 1202 2997 apud
1236 2936 1349 2980 nos
1382 2924 1777 2996 segmentum
1807 2926 1900 2981 est
1932 2920 2233 2981 adversus
2268 2924 2593 2997 eunuchos,
2626 2923 2704 2985 de
2735 2938 2862 3003 quo
2891 2922 2954 2982 in
2983 2922 3229 2982 Monito
3259 2921 3445 2983 verba
3474 2919 3561 2981 fa-

288 3017 497 3080 cimus
522 3035 539 3091 ;
576 3035 693 3080 nec
727 3035 856 3080 non
887 3019 965 3081 de
982 3019 1255 3098 junioris
1302 3019 1651 3099 specimine
1683 3018 1851 3099 quod
1883 3021 2186 3098 sequitur.
2219 3023 2545 3086 Postremo
2577 3023 2995 3101 fragmentum
3035 3039 3111 3083 ex
3139 3021 3296 3083 libro
3328 3021 3399 3081 de
3436 3021 3557 3097 Sy-

289 3134 556 3197 nagogw
581 3118 864 3195 repudio,
896 3118 973 3181 de
1004 3137 1131 3199 quo
1163 3120 1448 3182 etiamin
1498 3121 1741 3182 Monito
1771 3136 1886 3182 suo
1937 3119 2104 3183 loco.
2156 3126 2357 3203 Atque
2411 3121 2545 3187 haec
2600 3123 2809 3185 omnia
2861 3123 3091 3184 Latina:
3138 3120 3558 3184 translationis

288 3217 745 3280 commoditate
784 3217 907 3280 frui
936 3218 1267 3282 voluimus.

758 3544 1295 3635 EJUSDEM
1394 3541 2036 3637 PREFATIO
2136 3544 2287 3632 AD
2385 3541 2822 3637 TOMUM
2908 3544 3098 3632 III.

361 3744 413 3805 Ι.
452 3743 736 3822 Cyrillus
774 3744 1064 3822 quaesitus
1113 3742 1181 3801 in
1231 3740 1465 3801 catenis
1507 3741 1741 3801 Veteris
1795 3740 2580 3802 Testamenti.—Alterum
2616 3738 2738 3800 hoc
2781 3738 3069 3819 procedit
3100 3741 3553 3805 anecdotorum

282 3847 349 3908 S.
371 3845 585 3925 Cyrilli
612 3843 1013 3905 Alexandrini
1044 3842 1418 3922 scriptorum
1456 3841 1776 3914 volumen,
1809 3842 1982 3920 cujus
2005 3842 2287 3903 Graecum
2314 3847 2546 3902 textum
2572 3858 2646 3901 ex
2673 3840 2997 3901 codicibus
3021 3838 3362 3919 hausimus,
3388 3843 3553 3905 Lati-

282 3964 431 4007 nam
466 3961 616 4006 vero
650 3942 1229 4021 interpretationem
1268 3939 1560 4003 festinato
1608 3940 1814 4002 studio
1860 3940 2097 4019 publici
2140 3958 2293 4002 usus
2331 3941 2521 4019 gratia
2561 3938 2855 4013 fecimus;
2894 3946 2955 4001 et
2998 3957 3188 4020 parco
3234 3940 3399 4017 licet,
3442 3944 3552 4007 sed

280 4056 498 4109 tamen
548 4044 638 4106 rei
680 4042 1026 4122 prmsertim
1059 4041 1429 4119 dogmaticze
1462 4040 1693 4102 idoneo
1735 4040 2212 4102 adnotationum
2251 4040 2545 4102 comitatu
2578 4040 2960 4119 stipavimus.
2988 4041 3227 4101 Nostrte
3256 4040 3445 4119 igitur
3471 4044 3553 4105 ob

278 4145 723 4225 vestigandum
768 4143 1063 4223 Cyrillum
1088 4159 1253 4204 cura:
1282 4141 1359 4203 ad
1402 4140 1668 4202 ineditas
1694 4142 1942 4201 Patrum
1975 4147 2225 4202 catenas
2267 4140 2585 4221 prmcipue
2616 4146 3049 4218 respexerunt.
3084 4139 3203 4200 Sed
3232 4140 3297 4201 in
3327 4159 3551 4204 manu-

279 4250 538 4329 scriptis
573 4248 831 4327 quidem
871 4247 949 4309 ad
998 4244 1450 4308 Octoteuchum
1500 4250 1560 4306 et
1608 4242 1941 4307 historicos
1988 4245 2093 4305 SS.
2127 4245 2469 4306 Bibliorum
2503 4244 2696 4306 libros
2731 4244 3217 4318 commentariis,
3256 4246 3550 4324 Cyrillum

279 4349 698 4428 quarendum
739 4349 834 4408 vix
877 4347 1260 4427 putavimus;
1299 4345 1445 4425 quia
1496 4352 1912 4425 praeterquam
1946 4346 2116 4424 quod
2152 4346 2227 4406 ad
2259 4344 2753 4407 Pcntateuchum
2794 4344 3115 4424 Glaphyra
3146 4346 3355 4424 Cyrilli
3385 4348 3550 4409 edita

281 4459 567 4524 exstant,
611 4451 868 4530 copiosa
921 4450 1182 4527 insuper
1224 4445 1469 4524 vulgata
1512 4445 1627 4507 fuit
1664 4446 1989 4525 superiore
2036 4446 2267 4507 saeculo
2315 4444 2743 4525 Lipsiensibus
2798 4445 2961 4524 typis
3000 4445 3249 4506 Patrum
3297 4455 3546 4525 catena,

278 4572 429 4636 qua}
453 4553 750 4632 Cyrillum
768 4568 1049 4631 quoque,
1072 4547 1333 4629 perinde
1364 4555 1433 4609 ut
1448 4555 1540 4609 est
1560 4548 1627 4608 in
1648 4548 1957 4609 Vaticanis
1988 4549 2244 4621 catenis,
2265 4549 2542 4609 continet
2561 4544 2668 4626 (a).
2702 4551 2984 4610 Attamen
3002 4548 3078 4610 ad
3102 4549 3292 4611 libros
3306 4552 3545 4630 Regum

279 4656 605 4734 egregiam
652 4654 967 4734 planeque
1001 4651 1307 4712 diversam
1336 4651 1587 4711 Patrum
1617 4655 1898 4711 catenam
1926 4648 2204 4710 Venetiis
2252 4666 2368 4710 nos
2410 4649 2473 4709 in
2519 4648 2905 4710 Bessarionis
2955 4649 3286 4712 cardinalis
3330 4654 3549 4716 codice

275 4774 410 4819 non
445 4754 914 4818 observavimus
944 4751 1169 4825 solum,
1201 4768 1413 4810 verum
1454 4750 1638 4811 etiam
1672 4748 1976 4827 quidquid
2023 4754 2155 4809 erat
2190 4746 2397 4825 Cyrilli
2426 4747 2730 4809 ineditum
2774 4765 2963 4809 manu
3009 4756 3218 4809 nostra
3255 4749 3401 4812 inde
3434 4769 3546 4813 ex-

274 4857 675 4937 scripsimus,
704 4862 893 4933 atque
922 4852 1044 4914 hoc
1074 4851 1391 4914 volumine
1418 4851 1810 4912 inclusimus.
1845 4849 1933 4910 Ad
1963 4850 2189 4911 Jobum
2224 4850 2547 4929 scripsisse
2576 4848 2871 4927 Cyrillum
2901 4857 3175 4923 constat;
3206 4854 3545 4931 cmteroqui

269 4956 337 5017 in
384 4955 707 5017 Vaticanis
744 4953 1070 5016 codicibus
1122 4950 1277 5012 nihil
1325 4956 1557 5030 prmter
1601 4950 1793 5023 illam,
1842 4968 2025 5030 quam
2074 4951 2296 5011 Junius
2349 4949 2565 5022 edidit,
2612 4956 2892 5010 catenam
2942 4948 3169 5029 reperi.
3215 4949 3302 5010 De
3338 4950 3547 5027 Cyrilli

270 5055 624 5136 peramplis
667 5056 735 5114 in
791 5052 1074 5113 Psalmos
1119 5049 1583 5112 commentariis
1634 5049 1796 5110 infra
1845 5049 2070 5111 dicam.
2110 5051 2195 5111 Ad
2250 5050 2581 5113 Proverbia
2629 5050 2724 5110 vix
2776 5065 2970 5109 unum
3009 5048 3292 5126 comperi
3337 5048 3546 5129 Cyrilli

263 5158 736 5237 fragmentum;
771 5154 919 5215 nihil
955 5160 1161 5215 autem
1194 5150 1269 5214 ad
1301 5150 1737 5213 Ecclesiasten.
1772 5151 1861 5212 Ad
1899 5152 2231 5214 duodecim
2263 5152 2541 5214 minores
2572 5149 2913 5231 pr0phetas
2942 5146 3150 5227 Cyrilli
3196 5166 3363 5210 cura;
3394 5157 3545 5212 teta-

266 5269 391 5324 tem
426 5260 742 5331 tulerunt;
774 5260 925 5320 item
963 5256 1039 5318 ad
1074 5255 1295 5318 Isaiam
1328 5272 1341 5314 :
1376 5254 1567 5315 multa
1598 5271 1747 5317 vero
1800 5254 2015 5334 Cyrilli
2063 5255 2140 5318 ad
2178 5255 2509 5318 Jeremiam
2548 5252 2892 5331 fragmenta
2936 5249 3203 5329 vulgavit
3229 5248 3295 5311 in
3326 5256 3546 5313 catena

262 5364 643 5427 Ghislerius.
694 5361 785 5421 Ad
838 5358 1228 5420 Ezechielem
1278 5355 1371 5416 vix
1413 5363 1556 5417 octo
1611 5357 1833 5435 exigua
1884 5356 2092 5434 Cyrilli
2129 5355 2474 5433 fragmenta
2522 5354 2813 5416 Vaticana
2861 5358 3100 5425 catena,
3158 5352 3544 5430 czeteroquin

258 5470 518 5547 ingens,
553 5466 741 5527 nobis
790 5464 1044 5536 obtulit;
1079 5469 1137 5523 et
1164 5461 1239 5521 ad
1274 5459 1591 5521 Danielem
1638 5462 1775 5522 tria.
1817 5462 2108 5538 Cyrillum
2160 5461 2221 5521 in
2259 5459 2652 5522 Ezechielem
2704 5459 3050 5538 scripsisse,
3085 5465 3253 5520 extra
3288 5475 3541 5519 omnem

257 5572 731 5634 dubitationem
779 5574 871 5629 est
906 5584 919 5626 :
959 5583 1100 5628 nam
1135 5570 1360 5644 printer
1407 5570 1654 5642 reperta
1703 5581 1738 5623 a
1789 5564 1968 5625 nobis
2016 5563 2361 5641 fragmenta
2392 5562 2453 5623 in
2502 5562 2762 5636 catenis,
2794 5558 3132 5623 Bandinius
3163 5558 3363 5623 Catal.
3399 5556 3538 5623 cod.

236 5784 241 5789 Α
326 5717 413 5786 (a)
448 5714 655 5771 Catena
684 5712 1009 5783 Lipsiensis,
1045 5721 1168 5782 post
1197 5710 1511 5781 diligentem
1535 5727 1655 5768 cum
1689 5710 1847 5765 editis
1872 5710 2216 5766 collationem
2244 5710 2463 5775 fartam,
2500 5710 2633 5763 nihil
2678 5710 2834 5766 nobis
2859 5710 3118 5833 inedé‘tlu‘m
3148 5706 3535 5831 surgetlitavit.
