4154 6540
616 434 714 485 tt)?»
1961 417 2165 471 (ZARD.
2208 416 2251 469 A

2256 414 2366 470 NG.
2410 411 2527 467 MAI
3792 402 3816 451 i
3828 402 3896 452 tu

616 550 727 611 Gr.
772 551 1095 621 Laurent,
1148 550 1190 607 t.
1240 546 1290 619 Ι,
1320 562 1384 624 p.
1438 539 1571 613 119,
1628 538 1756 600 duo
1800 536 1920 599 alia
1975 533 2300 615 perbrevia
2332 533 2399 593 in
2432 526 2651 593 codice
2694 523 2978 587 miscello
3021 525 3352 592 memorat,
3405 532 3551 598 quae
3586 532 3623 578 a
3666 514 3901 577 nostris

614 657 857 719 diversa
907 660 1076 716 sunt.
1128 651 1287 725 Quid
1346 642 1562 729 plura?
1590 648 1718 706 Leo
1766 642 2026 704 Allatius
2052 642 2122 703 in
2150 637 2555 709 Enchiridio,
2589 653 2653 715 p.
2691 631 2789 706 38,
2834 635 2904 692 ut
2950 627 3240 691 ostendat
3274 624 3575 706 Spiritum
3611 627 3899 684 sanctum

617 774 754 819 esse
801 755 1091 835 spiritum
1128 752 1289 825 Filii,
1323 727 1469 812 citat
1504 744 1719 825 Cyrilli
1755 742 2257 824 explanationem

2262 761 2271 801 ι
2315 740 2381 801 in
2413 735 2809 800 Ezechielem
2836 731 2936 803 τὴν
2970 729 3235 802 ἐξήγησιν
3265 727 3362 781 τοῦ
3394 727 3668 799 Κυρῐλλου
3696 728 3779 790 εἰς
3808 728 3902 780 τὸν

628 859 906 932 Ἱεζεκιήλ.
938 857 1087 920 Mihi
1114 864 1330 916 tamen
1362 851 1710 931 pretiosum
1741 846 1867 908 hoc
1894 858 2268 924 summeque
2290 840 2645 921 Optandum
2673 835 2886 917 Cyrilli
2917 834 3220 915 scriptum
3262 847 3573 911 nusquam
3601 846 3901 910 comper-

614 973 746 1025 tum
781 972 895 1025 est.
941 960 1209 1023 Felicior
1238 958 1304 1019 in
1335 955 1587 1017 Cantico
1618 951 1975 1015 Salomonis
2016 949 2132 1024 fui,
2184 948 2261 1010 ad
2294 963 2481 1026 quem
2528 943 2760 1004 librum
2811 956 2942 1001 non
2972 937 3067 999 ita.
3099 953 3334 1017 paucas
3362 932 3573 1014 Cyrilli
3602 932 3903 1011 reliquias

615 1067 941 1146 superiore
972 1058 1293 1123 volumine
1331 1056 1700 1137 complexus
1730 1070 1891 1115 sum.
1930 1052 2105 1113 Mitto
2134 1050 2327 1111 libros
2372 1040 2982 1109 deuterocanonicos
3009 1034 3249 1114 Tobiaa,
3282 1037 3643 1117 Sapientiae,
3674 1032 3901 1095 Eccle-

615 1165 845 1228 siastici
890 1173 951 1227 et
1003 1162 1533 1233 Machabaeorum,
1574 1174 1737 1237 quos
1782 1155 1969 1233 prisci
2017 1154 2233 1215 Patres
2262 1151 2427 1213 curis
2459 1149 2588 1211 suis
2635 1162 2774 1209 raro
2822 1149 2930 1206 aut
2962 1143 3065 1203 vix
3090 1141 3431 1220 attigerunt
3478 1158 3491 1200 :
3536 1150 3903 1218 quanquam

612 1265 999 1346 Sapientiam
1052 1266 1222 1324 certe
1280 1265 1470 1337 atque
1526 1254 2035 1317 Eeclesiastieum
2088 1250 2351 1330 Cyrillus
2389 1254 2607 1310 noster
2648 1261 2772 1307 ceu
2817 1242 3057 1304 divinas
3112 1239 3462 1319 Scripturas
3516 1254 3644 1299 non
3700 1249 3904 1311 semel

612 1337 827 1429 laudat
853 1385 863 1426 :
889 1362 1225 1445 Sapientiae
1249 1368 1455 1421 autem
1484 1357 1646 1418 libro
1673 1356 1844 1433 regia
1874 1371 2097 1417 manus
2122 1352 2395 1413 Matthasi
2418 1345 2830 1410 Cantacuzeni
2857 1345 3145 1405 Graecum
3174 1339 3697 1404 commentarium
3729 1337 3905 1399 addi-

616 1470 729 1542 dit,
757 1469 937 1548 cujus
969 1441 1086 1527 nos
1115 1468 1410 1541 excerpta
1438 1460 1504 1520 in
1541 1457 1664 1520 alio
1699 1457 2015 1519 volumine
2048 1454 2214 1518 inter
2248 1452 2487 1515 scholia
2518 1449 2595 1511 ad
2626 1446 3059 1526 Nicephorum
3088 1443 3353 1525 sparsim
3389 1441 3702 1504 dedimus.

692 1571 771 1630 Il.
812 1543 971 1630 item
1010 1568 1078 1627 in
1115 1564 1353 1625 catenis
1383 1561 1547 1624 Novi
1586 1559 2225 1620 Testamenti.—Jam
2259 1556 2324 1616 in
2362 1546 2545 1615 Novo
2576 1553 3002 1623 Testamento,
3037 1548 3115 1609 ad
3144 1545 3501 1608 Matthamm
3534 1543 3795 1623 quidem
3829 1554 3906 1603 ex

618 1672 844 1753 amplis
873 1671 980 1751 qui
1016 1667 1341 1750 perierunt
1382 1663 1591 1745 Cyrilli
1617 1648 2004 1736 tractatibus,
2036 1660 2373 1723 mediocris
2422 1658 2916 1736 fragmentorum
2964 1669 3264 1715 numerus
3294 1650 3359 1712 in
3387 1648 3633 1712 Possini
3664 1654 3727 1709 et
3754 1648 3906 1707 Cor-

619 1752 777 1838 derii
808 1774 1042 1837 catenis
1070 1772 1299 1851 legitur
1329 1788 1341 1831 :
1376 1769 1487 1832 sed
1536 1773 1745 1831 tamen
1788 1784 1905 1846 ego
1956 1782 2214 1847 quoque
2264 1779 2774 1827 eoacervaveram
2809 1774 2973 1823 nova
3008 1757 3213 1838 Cyrilli
3246 1756 3593 1834 fragmenta
3632 1770 3707 1814 ex
3734 1752 3906 1814 Vati-

619 1882 791 1944 canis
821 1879 1167 1953 codicibus,
1203 1897 1273 1940 ac
1321 1893 1484 1957 pene
1514 1876 1957 1954 impresseram
1976 1891 1990 1945 ;
2023 1871 2133 1934 sed
2161 1877 2418 1950 accepta
2448 1870 2702 1931 interim
2729 1865 3072 1929 Oxoniensi
3097 1864 3176 1926 cl.
3208 1864 3262 1924 Ι.
3292 1866 3360 1923 Α.
3396 1858 3667 1922 Crameri
3691 1857 3909 1917 Greca

618 1989 859 2055 catena,
900 1981 1164 2042 multum
1201 1996 1277 2041 ex
1316 1977 1629 2040 Vaticanis
1660 1975 1976 2049 deminui;
2015 1975 2098 2036 ita
2144 1981 2357 2035 tamen
2389 1978 2457 2033 ut
2502 1970 2851 2049 fragmenta
2881 1985 3070 2049 supra
3098 1965 3318 2046 viginti
3347 1962 3501 2025 mihi
3529 1960 3739 2024 adhuc
3768 1958 3907 2019 ine-

619 2085 747 2146 dita
777 2082 1204 2164 smperfuerint
1234 2078 1343 2161 (α).
1376 2078 1756 2159 Conquisitis
1790 2077 1970 2139 novis
2005 2077 2071 2137 in
2098 2075 2454 2137 Matthaaum
2485 2072 2696 2152 Cyr-illi
2726 2069 3032 2151 reliquiis,
3070 2069 3149 2131 de
3178 2062 3631 2130 commentario
3667 2061 3806 2140 ejus
3834 2058 3911 2120 ad

619 2190 892 2249 Marcum
926 2184 1330 2263 cogitandum
1356 2202 1391 2246 a
1422 2200 1524 2245 me
1558 2200 1695 2244 esse
1726 2199 1855 2244 non
1878 2180 2151 2261 judicavi
2170 2198 2185 2253 ;
2218 2179 2365 2259 quia
2401 2179 2466 2239 in
2499 2194 2598 2250 eo,
2632 2194 2819 2257 quem
2853 2175 3003 2238 olim
3034 2172 3331 2236 Possinus
3358 2168 3527 2249 typis
3554 2163 3909 2228 Barberinis

621 2292 840 2354 Roma:
878 2289 1155 2364 excudit,
1185 2289 1401 2351 Victor
1430 2286 1863 2350 Antiochenus
1895 2287 1985 2366 (ut
2013 2291 2182 2347 certe
2219 2281 2601 2365 inscribitur)
2634 2286 2854 2346 auctor
2887 2279 2971 2342 ait
3007 2276 3328 2341 neminem
3365 2278 3595 2356 praater
3634 2288 3703 2332 se
3732 2285 3906 2331 com-

622 2396 965 2458 mentarios
999 2396 1066 2456 in
1095 2397 1370 2456 Marcum
1403 2393 1753 2474 scripsisse.
1791 2393 2031 2453 Revera
2064 2397 2272 2452 autem
2309 2407 2390 2452 ne
2418 2390 2481 2450 in
2520 2387 2833 2450 Vaticanis
2881 2384 3139 2466 quidem
3182 2380 3508 2446 codicibus
3541 2379 3758 2439 Graeca
3787 2374 3909 2436 ulla

621 2499 811 2561 Marci
847 2497 1204 2577 explanatio
1238 2495 1490 2573 legitur,
1524 2500 1754 2575 praeter
1792 2494 1965 2557 illam
2006 2510 2196 2573 quam
2236 2492 2353 2554 sub
2387 2489 2658 2553 Victoris
2686 2488 2945 2551 nomine
2976 2485 3206 2548 editam
3245 2482 3375 2545 dixi
3414 2500 3426 2542 :
3460 2496 3602 2560 quae
3642 2484 3906 2539 caetero-

624 2600 733 2681 qui
759 2599 959 2661 multo
982 2597 1303 2679 copiosior
1322 2597 1476 2658 mihi
1498 2598 1871 2677 variansque
1894 2595 2263 2659 occurrebat
2283 2594 2349 2655 in
2372 2593 2591 2657 codice
2606 2593 2743 2655 Vat.
2764 2590 2905 2665 756,
2932 2606 3052 2652 nec
3076 2605 3204 2651 non
3234 2588 3302 2649 in
3325 2584 3750 2647 Ottoboniano
3780 2580 3905 2653 113,

625 2721 754 2786 quo
792 2702 858 2765 in
895 2709 1167 2782 utroque
1216 2700 1564 2781 exemplari
1593 2718 1722 2764 non
1766 2701 2002 2763 Victori
2046 2700 2111 2761 id
2151 2716 2314 2781 Opus
2342 2698 2660 2773 tribuitur,
2694 2696 2805 2760 sed
2834 2694 3107 2774 Origeni.
3138 2694 3261 2756 Sed
3311 2699 3522 2754 tamen
3548 2690 3613 2751 in
3648 2685 3907 2749 Ottobo—

624 2804 816 2866 niano
848 2803 1006 2866 alius
1037 2818 1295 2890 quoque
1328 2799 1689 2863 nominatur
1718 2800 1902 2881 hujus
1934 2799 2150 2880 scripti
2173 2806 2392 2861 auctor
2424 2798 2723 2861 Leontius
2750 2798 3009 2860 .Etolus.
3040 2797 3287 2858 Etenim
3328 2794 3439 2858 fol.
3473 2792 3569 2866 49,
3608 2792 3720 2855 ubi
3754 2808 3911 2871 opus

623 2905 869 2988 incipit,
900 2907 984 2967 ita
1015 2922 1082 2969 se
1112 2903 1302 2967 habet
1328 2903 1546 2966 titulus
1578 2922 1592 2965 :
1636 2905 1947 2977 Ὠριγένους
1978 2904 2263 2977 πρόλογοςι

2264 2907 2337 2969 εἰς
2362 2903 2461 2975 τὴν
2492 2903 2791 2976 ἑρμηνείαν
2815 2902 2909 2956 τοῦ
2937 2902 3076 2957 κατὰ
3107 2900 3332 2975 Μάρκον
3360 2900 3517 2969 ἁγίου
3548 2897 3904 2966 Εὐαγγελξου.

624 3009 785 3070 Tum
822 3008 885 3069 in
924 3005 1205 3084 margine
1234 3004 1567 3067 ascribitur
1602 3023 1613 3065 :
1663 3005 1924 3079 Ἀλλαχοῦ
1955 3006 2207 3060 Λεοντίου
2240 3006 2264 3060 ὁ

2267 3005 2351 3059 ιπὸ
2380 3006 2477 3076 τῆς
2512 3003 2798 3066 Αἰτωλίας.
2829 3004 2992 3065 Ecce
3021 3007 3227 3063 autem
3262 3000 3341 3063 cl.
3389 2997 3631 3077 Anglus
3660 2997 3907 3057 Crame-

627 3134 733 3177 rus
766 3115 833 3178 in
862 3114 1109 3176 duobus
1135 3130 1342 3193 nuper
1368 3112 1696 3175 Parisiacis
1733 3113 2079 3185 codicibus,
2119 3130 2237 3176 nec
2267 3131 2398 3176 non
2428 3114 2494 3175 in
2522 3111 2891 3185 Bodleiano,
2922 3109 3091 3171 hunc
3119 3109 3183 3169 in
3214 3110 3490 3169 Marcum
3519 3110 3911 3168 commenta-

626 3216 789 3278 rium
836 3214 1046 3295 Cyrilli
1085 3211 1487 3276 Alexandrini
1526 3213 1785 3275 nomine
1820 3214 2267 3294 praetitulatum
2306 3214 2675 3288 observavit,
2717 3220 2779 3277 et
2825 3213 2889 3275 in
2938 3230 3049 3274 sua
3095 3216 3451 3274 catenarum
3501 3206 3665 3268 serie
3702 3206 3913 3265 Greece

627 3335 773 3379 eum
820 3313 1262 3377 additamentis
1308 3312 1593 3375 exhibuit
1628 3332 1640 3373 :
1675 3314 1883 3394 deque
1917 3331 1994 3377 eo
2026 3314 2206 3378 titulo
2237 3315 2367 3377 sive
2403 3323 2662 3378 auctore
2698 3314 2982 3377 modeste
3009 3331 3081 3377 ac
3111 3311 3296 3375 docte
3332 3311 3399 3370 in
3429 3325 3559 3370 sum
3592 3305 3915 3387 praefatio-

630 3416 728 3477 nis
756 3414 927 3477 calce
959 3412 1280 3475 disseruit.
1309 3412 1779 3473 Verumtamem
1808 3412 1945 3475 haec
1973 3430 2092 3473 nos
2132 3411 2431 3475 historice
2463 3420 2703 3475 tantum
2735 3430 3093 3487 narramus;
3126 3429 3337 3493 neque
3367 3410 3536 3473 enim
3564 3410 3732 3471 inter
3758 3425 3916 3488 qua-

630 3525 776 3579 tuor
819 3517 954 3577 hmc
1001 3515 1283 3587 nomina,
1332 3512 1649 3590 Origenis,
1685 3512 1919 3592 Cyrilli,
1967 3513 2235 3575 Victoris
2264 3520 2451 3592 atque
2510 3514 2776 3589 Leontii,
2826 3514 3234 3594 interponere
3282 3518 3568 3573 nostrum
3607 3509 3917 3591 judicium

630 3620 943 3683 volumus.
986 3620 1357 3697 Quanquam
1388 3616 1443 3678 si
1474 3632 1547 3677 ea
1583 3615 1794 3693 potius
1830 3632 1909 3677 ex
1952 3616 2215 3678 diversis
2257 3617 2545 3680 Patribus
2574 3623 2798 3681 eatena
2845 3624 2971 3691 est,
3006 3624 3075 3679 ut
3120 3618 3269 3679 satis
3313 3621 3602 3679 constare
3637 3617 3916 3689 videtur,

633 3744 824 3808 quam
872 3726 1061 3788 unius
1109 3723 1386 3785 hominis
1433 3722 1808 3795 lucubratio,
1843 3740 2033 3784 nemo
2071 3723 2202 3803 jam
2255 3724 2582 3787 mirabitur
2618 3727 2857 3789 variare
2908 3726 2976 3787 in
3009 3724 3204 3787 titulis
3254 3726 3511 3788 nomina
3563 3731 3917 3786 auctorum.

633 3831 799 3893 Nihil
853 3848 970 3893 nos
1017 3830 1206 3909 igitur
1243 3826 1453 3909 Cyrilli
1501 3828 1577 3889 ad
1615 3829 1805 3891 Marci
1838 3829 2247 3907 Evangelium
2295 3832 2705 3912 proferimus;
2742 3831 3262 3913 quandoquidem
3301 3847 3442 3910 quae
3490 3830 3556 3891 in
3594 3828 3919 3891 codicibus

633 3932 949 4019 Vaticanis
999 3931 1386 3993 incrementa
1427 3935 1637 4003 erant,
1674 3947 1745 3991 ea
1790 3948 1998 4011 neque
2029 3931 2238 4011 Cyrilli
2288 3949 2523 3995 nomen
2570 3940 2827 4014 gerunt,
2876 3951 3087 4014 neque
3131 3933 3263 4013 jam
3305 3938 3449 4012 post
3496 3930 3917 3991 Oxoniensem

634 4034 865 4147 iibrum
905 4035 1224 4147 incognita
1260 4040 1428 4146 sunt.
1460 4033 1583 4096 Sed
1614 4052 1761 4147 ecce
1808 4034 2063 4097 demum
2095 4035 2304 4117 Cyrilli
2334 4040 2603 4115 grandes
2638 4047 2698 4103 et
2727 4039 3020 4102 indubias
3047 4038 3125 4101 ad
3154 4040 3384 4101 Lucam
3421 4037 3915 4109 lucubrationes,

632 4135 700 4246 in
732 4135 1061 4246 superiore
1097 4134 1418 4197 volumine
1465 4153 1584 4246 nos
1612 4137 1746 4246 ipsi
1766 4139 2103 4203 edidimus.
2149 4144 2239 4205 Ad
2267 4145 2527 4207 Joannis
2555 4145 2957 4223 Evangelium
2989 4148 3188 4206 exstat
3218 4161 3482 4222 magnus
3519 4143 3729 4223 Cyrilli
3760 4144 3918 4205 duo-

633 4236 839 4297 decim
874 4235 1049 4296 libris
1078 4237 1601 4311 commentarius;
1638 4236 1749 4299 sed
1780 4238 1927 4319 quia
1957 4240 2209 4318 septimi
2239 4248 2301 4304 et
2339 4243 2541 4304 octavi
2570 4241 2713 4305 libri
2741 4241 2986 4316 lacuna,
3027 4242 3281 4305 nonnisi
3312 4260 3435 4323 ope
3461 4247 3701 4305 catena:
3732 4244 3917 4305 Galli-

635 4358 810 4404 eanm
861 4340 1110 4420 expleta
1154 4347 1481 4422 utcunque
1509 4340 1738 4419 fuerat,
1786 4344 1906 4406 alia
1959 4346 2114 4408 mihi
2168 4345 2608 4427 supplementa
2654 4348 2907 4410 inventa
2964 4354 3128 4421 sunt,
3172 4366 3315 4428 quas
3354 4365 3563 4428 neque
3609 4348 3918 4410 Aubertus

634 4461 847 4525 neque
885 4442 1217 4506 Corderius
1261 4443 1329 4505 in
1372 4447 1685 4526 excerptis
1718 4446 2098 4522 habuerunt,
2132 4456 2191 4510 et
2230 4448 2602 4529 praedictum
2636 4449 3082 4512 detrimentum
3128 4446 3443 4509 minuunt.
3473 4447 3562 4507 Ad
3592 4447 3916 4527 apostolo-

637 4564 777 4606 rum
809 4549 993 4606 Actus
1028 4544 1381 4622 fragmenta
1425 4546 1638 4626 Cyrilli
1669 4566 2034 4628 paraveram
2081 4551 2449 4637 (Ecumenio
2482 4552 2832 4629 incognita;
2876 4550 2986 4613 sed
3030 4568 3103 4613 ea
3141 4550 3398 4612 domum
3444 4550 3651 4624 omisi,
3699 4557 3920 4630 praeter

638 4667 859 4722 unum,
892 4656 1224 4728 postquam
1259 4652 1528 4726 cognovi
1557 4670 1830 4732 nuperas
1858 4654 1935 4716 ad
1964 4672 2109 4716 eum
2140 4655 2367 4718 librum
2397 4675 2473 4720 ex
2502 4658 2737 4720 catenis
2761 4658 3177 4720 accessiones.
3209 4657 3534 4717 Postremo
3567 4653 3647 4715 ad
3680 4659 3918 4734 Apoca-

640 4752 852 4832 lypsin
891 4750 1047 4813 nihil
1090 4750 1295 4813 habeo
1332 4748 1542 4829 Cyrilli
1581 4750 1751 4829 quod
1793 4751 2075 4814 afferam.

719 4853 822 4913 Ill.
875 4848 1106 4929 Cyrilli
1137 4848 1499 4927 fragmenta
1528 4849 1617 4909 ad
1666 4849 1791 4927 Ep.
1843 4850 2407 4932 cath.—-Cyrillum
2442 4853 2779 4917 catholicas
2809 4874 3066 4935 quoque
3103 4856 3410 4938 Epistolas
3457 4858 3921 4921 commentariis

639 4952 768 5014 suis
800 4950 1141 5025 ornavisse,
1175 4948 1323 5012 satis
1360 4947 1689 5010 constabat
1730 4948 1898 5028 apud
1927 4951 2470 5015 Montfauconium
2500 4955 2804 5016 Biblioth.
2839 4958 3129 5034 (Μίδωνι,
3160 4978 3225 5039 p.
3266 4959 3398 5035 163,
3431 4959 3543 5021 ubi
3575 4960 3627 5020 is
3665 4960 3734 5021 in
3762 4960 3919 5022 anti-

641 5052 947 5133 quissimo
973 5052 1265 5131 miroque
1300 5046 1521 5112 codice
1551 5049 1715 5124 CCII,
1747 5052 1962 5112 saeculi
1990 5070 2025 5112 v
2047 5052 2143 5114 vel
2171 5070 2260 5127 v1,
2294 5062 2505 5116 narrat
2547 5062 2790 5118 exstare
2818 5064 2953 5119 tum
2983 5057 3252 5121 aliorum
3274 5061 3549 5133 Patrum,
3578 5067 3714 5121 tum
3742 5062 3919 5122 etiam

641 5152 852 5232 Cyrilli
881 5151 1143 5225 scholia,
1177 5166 1320 5230 quas
1366 5157 1575 5213 tamen
1624 5151 1761 5232 ipse
1799 5169 1930 5213 non
1968 5154 2209 5217 recitat.
2244 5154 2365 5216 Sed
2406 5156 2574 5217 enim
2608 5157 2939 5238 complura
2986 5158 3089 5221 dat
3135 5161 3460 5222 Cramerus
3498 5160 3563 5220 in
3596 5166 3815 5222 catena
3850 5158 3921 5220 ad

645 5256 983 5321 catholicas
1020 5274 1227 5337 nuper
1274 5257 1502 5319 Oxonii
1547 5258 1735 5321 edita.
1790 5260 1920 5338 Ego
1959 5277 2107 5323 vero
2146 5279 2292 5323 cum
2340 5262 2553 5342 Cyrilli
2600 5281 2837 5326 nomen
2884 5264 2951 5327 in
2985 5266 3301 5327 Vaticanis
3354 5264 3433 5327 ad
3468 5281 3574 5328 eas
3619 5263 3921 5343 Epistolas

647 5359 1371 5468 commentariis‘fr‘ustra
1402 5364 1794 5468 quaesissem,
1828 5364 2080 5426 tandem
2121 5364 2219 5428 his
2248 5366 2471 5429 diebus
2500 5370 2751 5446 gemina
2780 5370 2990 5449 reperi
3022 5370 3230 5450 Cyrilli
3268 5371 3343 5433 ad
3376 5371 3645 5451 primam
3673 5370 3923 5433 Joannis

647 5456 992 5573 Epistolam
1038 5456 1297 5573 scholia,
1337 5476 1480 5539 quae
1517 5459 1725 5523 fausto
1776 5480 1926 5524 casu
1974 5466 2362 5527 conservavit
2407 5470 2530 5530 Leo
2581 5469 2879 5548 patricius
2915 5477 2977 5531 et
3028 5468 3298 5532 Canielei
3335 5468 3675 5550 praefectus
3721 5470 3787 5529 in
3820 5484 3921 5531 sua

648 5563 885 5625 inedita
933 5563 1261 5643 utriusque
1293 5566 1675 5629 Testamenti
1714 5570 2054 5630 summaria
2093 5571 2516 5650 expositione.
2568 5574 2748 5655 cujus
2796 5573 2948 5636 olim
2997 5578 3122 5636 Leo
3167 5574 3425 5637 Allatius
3466 5576 3554 5636 De
3586 5574 3921 5654 Engastri-

653 5726 803 5849 MSS)
832 5726 1042 5792 Quibus
1080 5729 1352 5783 accedunt
1379 5746 1443 5814 ea
1474 5747 1596 5802 quae
1620 5733 1732 5803 jam
1765 5732 1954 5789 Graece
1989 5733 2240 5815 ediderat
2347 5741 2509 5791 theae
2523 5736 2683 5795 Nam:
2696 5738 2834 5804 PP.,
2858 5758 2911 5811 p.
2932 5742 3055 5798 476.
3081 5742 3237 5798 Adde
3261 5742 3628 5810 fragmentum
3650 5745 3717 5801 ad
3741 5745 3919 5799 Matth.

706 5834 721 5849 ι
799 5814 845 5855 s.
888 5808 927 5852 ι.
959 5797 1050 5852 νιι
1080 5808 1137 5853 et
1162 5799 1277 5854 VIII
1306 5799 1633 5855 Scriptorum
1667 5812 1922 5855 veterum.
1951 5812 2007 5855 et
2039 5814 2237 5855 iterum
2346 5824 2474 5855 xvu-
2518 5807 2608 5855 26-
2662 5824 2726 5855 mc
2781 5811 2974 5855 ἰηρριοιί
3031 5815 3275 5855 mmini-ie
3325 5804 3585 5855 ρηηηηηη
3636 5817 3919 5855 Αηηηιηιίω

653 5804 1923 5940 ῖῖἒὲέΐίηίξευῖινίῗιὶρῖ-ξιξεὲἕὲιξῖἷῗιῖξῗςξθῖξῒ⁷⁷ἰῖ
1951 5812 2007 5931 ii
2034 5814 2238 5931 ἓῗέἒῖ
2292 5875 2300 5884 ·
2346 5824 2489 5942 ἒξῖέὶἔδ
2516 5807 2620 5934 irit
2651 5822 3275 5942 ίῖξαῗῗὲῗτὲὲεῗυθίωδ
3320 5804 3585 5887 “"0"”
3636 5817 3920 5887 ά⁰⁹”¹⁰’ί⁶¹²
