4154 6556
283 466 377 522 108
1624 456 2139 513 PREFATIONES.
3397 457 3499 513 £06

280 554 487 637 mytho,
516 567 695 630 capp.
728 548 762 610 9
804 554 866 611 et
916 548 1012 624 20,
1062 550 1236 613 locos
1266 558 1390 611 tres
1429 550 1728 625 recitavit,
1779 551 1887 631 q-ui
1931 551 2008 613 ad
2052 552 2429 615 Testamenti
2474 549 2716 614 Veteris
2758 548 2950 613 libros
2986 554 3291 631 spectant.
3341 550 3499 622 Quin

284 658 422 723 adeo
445 656 504 717 in
540 653 864 717 codicibus
916 671 1175 736 quoque
1225 654 1823 718 Vindobonensibus
1876 654 1980 716 157
2053 661 2114 716 et
2154 652 2307 727 230,
2364 654 2534 735 apud
2576 652 2996 727 Lambecium,
3049 652 3222 715 idem
3278 654 3506 716 Leonis

286 756 499 841 patricii
520 771 678 834 Opus
705 761 1006 817 servatur.
1037 753 1187 816 Mihi
1217 753 1473 834 quidem
1504 753 1631 816 duo
1660 752 1945 833 praedicti
1976 752 2187 830 operis
2214 751 2467 816 codices
2496 751 2773 815 Vaticani
2800 750 3108 832 comperti
3134 755 3305 824 sunt,
3338 766 3502 844 quo:

286 878 403 926 rum
435 857 581 920 alter
617 855 927 934 integrior
970 853 1220 931 gemina
1267 870 1409 933 qua)
1456 852 1587 915 dixi
1616 852 1826 932 Cyrilli
1871 851 2107 915 scholia
2160 852 2598 933 suppeditavit.
2635 852 2933 933 (Alterum
2973 867 3230 931 quoque
3276 849 3501 912 divers1

287 960 502 1044 generis
526 957 680 1020 mihi
705 959 771 1021 in
801 957 1091 1021 manibus
1120 962 1214 1019 est
1237 956 1465 1019 Leonis
1495 957 1809 1048 κειμήλιον..
1833 956 1945 1019 sed
1974 956 2108 1036 ejus
2134 956 2473 1037 descriptio
2502 964 2750 1039 tempus
2776 956 2947 1020 aliud
2977 954 3504 1033 occasionemque

284 1059 569 1148 postulat.)
605 1061 806 1134 Nunc,
839 1067 959 1124 etc.
1002 1060 1126 1122 Hic
1168 1059 1375 1122 editor
1406 1061 1722 1123 Romanus
1766 1059 2124 1138 fragmenta
2172 1059 2293 1122 duo
2322 1060 2592 1139 pro/ert,
2643 1078 2775 1140 qua
2814 1058 2945 1121 loco
2976 1077 3087 1121 suo
3122 1057 3500 1119 exhibemus.

293 1163 410 1225 νεά.
444 1160 522 1222 ad
554 1161 592 1221 Ι
620 1161 808 1223 Ιοαπ.
838 1178 881 1234 1,
919 1160 976 1234 5,
1010 1167 1069 1221 et
1103 1176 1171 1233 II,
1210 1155 1304 1221 13.

348 1268 400 1331 4.
429 1264 646 1343 Cyrilli
674 1283 887 1326 comm.
922 1265 993 1325 in
1020 1266 1120 1329 IV
1160 1262 1343 1328 Pauli
1373 1264 1540 1342 Epp.
1574 1296 1651 1309 -——
1688 1260 1938 1341 Reliqui
1973 1278 2123 1340 ergo
2153 1260 2310 1323 mihi
2344 1260 2601 1326 fuerunt
2632 1261 2699 1327 in
2725 1264 2949 1328 Vetere
3005 1262 3260 1343 quidem
3288 1262 3502 1323 Testa-

281 1374 491 1441 mento,
523 1366 682 1429 liber
712 1365 1135 1438 Psalmorum;
1171 1365 1235 1429 in
1266 1364 1465 1437 Novo,
1499 1361 1673 1425 Pauli
1712 1360 2031 1441 Epistulae,
2069 1361 2147 1425 ad
2185 1380 2341 1443 quas
2375 1362 2601 1425 divinae
2633 1364 2968 1444 Scripturae
3000 1369 3209 1444 partes
3242 1360 3503 1442 praecla-

279 1490 391 1536 ram
410 1466 652 1548 aadepoi
672 1465 883 1546 Cyrilli
904 1465 1409 1546 explanationem
1442 1463 1676 1526 inveni.
1708 1467 1907 1542 Atque
1934 1468 2002 1523 ut
2031 1462 2109 1524 de
2146 1461 2320 1524 Pauli
2341 1462 2634 1541 Epistolis
2663 1464 3181 1544 primumzdicam,
3200 1465 3265 1525 in
3294 1463 3399 1526 illa
3428 1461 3503 1525 ad

279 1578 593 1646 Romanos,
632 1571 699 1634 in
728 1576 992 1648 utraque
1043 1566 1121 1629 ad
1151 1565 1526 1637 Corinthios,
1579 1564 1858 1643 itemque
1890 1563 1965 1625 ad
1997 1563 2298 1625 Hebraeos
2354 1563 2500 1624 satis
2536 1581 2842 1644 prospera
2872 1564 3122 1628 fortuna
3150 1583 3299 1627 usus
3326 1583 3463 1628 sum
3491 1582 3503 1624 ε

274 1677 331 1741 in
358 1672 606 1753 reliquis
645 1685 1005 1751 quanquam
1043 1683 1149 1728 eas
1169 1665 1464 1746 Cyrillum
1497 1663 1721 1745 partim
1754 1662 1971 1725 saltem
2027 1662 2366 1724 illustrasse
2389 1672 2784 1744 compertum
2804 1673 2917 1739 est,
2952 1665 3103 1728 nihil
3131 1683 3249 1745 ego
3276 1667 3503 1746 reperi.

275 1786 480 1862 printer
531 1772 779 1853 singula
819 1771 1169 1851 fragmenta
1230 1768 1307 1831 ad
1348 1768 1592 1832 Galatas
1630 1774 1693 1829 et
1726 1766 1805 1829 ad
1832 1766 2253 1829 Colossenses.
2287 1770 2480 1846 Igitur
2506 1775 2575 1831 ut
2601 1769 2668 1831 in
2685 1778 2953 1848 quatuor
2979 1770 3296 1851 Epistolis,
3354 1790 3509 1851 quas

272 1882 406 1955 dixi,
450 1879 703 1950 sistam,
756 1875 957 1938 codex
1017 1874 1355 1935 Vaticanus
1409 1871 1588 1933 valde
1627 1869 1966 1949 pretiosus,
2000 1870 2213 1931 saeculi
2274 1870 2471 1932 ferme
2518 1888 2633 1945 xn,
2667 1873 2949 1950 egregias
3011 1871 3167 1934 mihi
3196 1872 3505 1953 Cyrilliani

273 1979 686 2048 commentarii
714 1984 924 2059 partes
948 1981 1026 2039 ad
1081 1979 1266 2038 Rom.
1326 1980 1390 2035 et
1421 1972 1500 2035 ad
1559 1970 1837 2033 Corinth.
1872 1973 1899 2033 Ι
1929 1978 1990 2033 et
2010 1973 2065 2033 II
2093 1974 2548 2055 suppeditavit;
2579 1991 2734 2053 quas
2761 1991 2879 2052 ego
2910 1974 3242 2052 diligenter
3271 1976 3506 2040 exscri-

272 2096 414 2168 ptas,
449 2079 961 2143 adnotationibus
1020 2079 1209 2140 etiam
1262 2080 1452 2158 prout
1481 2091 1643 2154 Opus
1688 2072 1807 2135 fuit
1847 2074 2182 2137 instructas
2205 2123 2220 2150 ,
2255 2082 2315 2137 et
2343 2076 2559 2139 Latina
2590 2077 3108 2158 interpretatione
3140 2079 3419 2155 donatas,
3443 2081 3507 2144 in

269 2188 461 2273 priore
488 2184 830 2247 voluminis
850 2188 1034 2283 parte
1061 2181 1230 2261 typis
1259 2179 1561 2260 expressi.
1591 2179 1678 2240 De
1706 2176 2007 2240 doctrinis
2036 2195 2182 2268 vero
2211 2180 2422 2259 Cyrilli
2467 2182 2826 2263 praecipuis,
2857 2189 2989 2245 tum
3010 2184 3076 2245 in
3098 2186 3508 2248 adnotationi-

268 2295 374 2357 bus
438 2300 567 2352 tum
626 2290 692 2351 in
746 2282 957 2349 indice
1023 2286 1295 2349 lectores
1356 2282 1679 2347 admonui.
1739 2283 1962 2360 Magna
2014 2282 2310 2362 equidem
2349 2284 2701 2366 gvoluptate
2763 2284 3042 2361 fruebar,
3075 2286 3224 2348 dum
3276 2295 3508 2350 tantam

268 2392 755 2476 praestantissimi
814 2390 1027 2471 Cyrilli
1090 2396 1335 2471 partem
1413 2404 1491 2449 ex
1555 2403 1632 2449 eo
1700 2386 1923 2449 codice
1982 2403 2326 2461 eruerem;
2399 2388 2593 2470 idque
2648 2407 2767 2469 ego
2831 2390 3022 2471 paulo
3075 2397 3222 2471 post
3276 2409 3509 2454 annum

270 2495 397 2557 1841
454 2494 805 2558 emciebam
856 2512 870 2556 :
938 2493 1173 2556 etenim
1228 2493 1394 2554 intra
1454 2490 1578 2553 hoc
1648 2489 2050 2566 octennium,
2116 2508 2318 2572 usque
2376 2492 2456 2555 ad
2533 2492 2723 2570 1849,
2785 2495 3068 2575 quinque
3131 2494 3268 2559 haec
3324 2496 3514 2559 Nova:

265 2600 511 2659 Patrum
567 2595 960 2658 bibliotheca:
1014 2592 1334 2657 volumina
1389 2591 1799 2668 adornabam,
1837 2590 2191 2672 interrupto
2220 2592 2566 2656 identidem
2603 2601 2864 2675 pr0pter
2891 2596 3042 2659 alias
3065 2598 3513 2680 occupationes

264 2705 484 2767 labore.
513 2702 785 2765 Interim
811 2718 961 2763 vero
992 2718 1071 2763 ex
1096 2698 1316 2780 Anglia
1345 2704 1597 2761 catenas
1625 2699 1876 2759 Patrum
1903 2698 2143 2778 accepi,
2176 2716 2317 2779 quae
2345 2701 2559 2764 Greece
2585 2707 2827 2764 tantum
2857 2719 2893 2765 a
2918 2704 2997 2766 cl.
3029 2706 3084 2767 J.
3120 2708 3191 2768 A.
3223 2707 3513 2777 Cramero

261 2805 427 2867 annis
463 2803 615 2866 1841
659 2810 721 2866 et
760 2801 912 2864 1844
960 2799 1484 2881 imprimebantur
1517 2814 1530 2857 :
1564 2796 1674 2859 ubi
1713 2795 1886 2877 quod
1918 2797 2137 2860 attinet
2165 2798 2244 2859 ad
2297 2798 2641 2878 Epistolam
2670 2801 2846 2864 Pauli
2872 2805 2950 2866 ad
2974 2805 3314 2883 Romanos,
3349 2813 3410 2871 et
3436 2807 3516 2871 ad

260 2901 607 2964 Corinthios
635 2901 924 2982 primam,
953 2908 1164 2980 partes
1198 2914 1368 2960 meas
1406 2895 1616 2977 Cyrilli
1648 2896 2000 2970 Vaticanas,
2030 2914 2183 2978 quas
2199 2897 2808 2979 jamimpresseram,
2869 2903 2996 2966 vidi
3024 2923 3165 2968 cum
3196 2907 3319 2971 illis
3355 2925 3512 2973 con-

259 3010 623 3092 temporalis
653 3009 717 3070 in
748 3006 969 3087 Anglia
998 3004 1255 3067 editoris
1298 3002 1532 3085 passim
1570 3017 1919 3083 congruere
1942 3003 2327 3083 (quanquam
2368 3003 2554 3066 etiam
2609 3006 2847 3068 catenis
2888 3007 3279 3089 incognitum
3307 3013 3515 3093 Cyrilli

257 3121 511 3177 tractum
533 3110 937 3192 Nicephorus
960 3106 1144 3169 nobis
1167 3102 1587 3187 suppeditavit
1616 3103 1695 3165 ad
1723 3120 1864 3183 cap.
1882 3101 1974 3181 Χ),
1996 3119 2127 3164 non
2145 3103 2229 3164 ita
2256 3109 2467 3165 tamen
2499 3104 2566 3166 in
2595 3107 2871 3170 secunda
2900 3109 2978 3172 ad
3003 3110 3378 3181 Corinthios,
3408 3115 3513 3177 ubi

252 3218 450 3301 Cyrilli
481 3223 701 3298 partes
742 3212 1057 3276 Vaticana;
1099 3210 1258 3272 nihil
1303 3208 1539 3271 habent
1580 3208 1841 3289 Anglico
1891 3208 2053 3270 libro
2109 3208 2314 3271 simile
2349 3226 2362 3269 :
2392 3208 2625 3274 etenim
2676 3210 2949 3272 Crameri
2975 3211 3178 3274 codex
3206 3214 3417 3294 Cyrilli
3438 3216 3517 3278 ad

258 3323 409 3386 hanc
432 3318 785 3401 Epistolam
817 3331 999 3377 curas
1021 3329 1282 3395 prorsus
1310 3310 1729 3373 desiderabat.
1768 3310 1890 3372 Sed
1914 3311 2081 3375 enim
2112 3312 2179 3373 in
2210 3312 2527 3393 prioribus
2548 3331 2806 3395 quoque
2833 3315 3008 3379 Pauli
3034 3318 3326 3398 Epistolis
3378 3323 3515 3386 edi-

256 3426 337 3489 tio
356 3440 495 3489 mea
521 3421 681 3488 satis
709 3421 776 3482 in
808 3419 932 3482 hoc
960 3418 1190 3490 differt,
1218 3415 1390 3496 quod
1422 3414 1719 3495 Cyrillum
1748 3432 1784 3477 a
1810 3414 2203 3497 reliquorum
2247 3418 2661 3499 interpretum
2690 3421 2871 3483 turba
2922 3439 3207 3487 seorsum
3239 3427 3513 3506 exhibet,

257 3535 478 3592 etcum
505 3523 1037 3607 interpretatione
1064 3520 1302 3595 Latina,
1341 3536 1532 3600 quam
1561 3519 1855 3598 Anglicus
1891 3518 2051 3582 liber
2080 3520 2319 3582 nullam
2346 3520 2554 3585 habet.
2593 3524 2918 3587 Postremo
2948 3543 3142 3607 super
3177 3530 3517 3609 Epistolam

253 3632 325 3695 ad
352 3630 665 3695 Hebraeos
693 3625 852 3689 nihil
875 3623 1081 3704 Cyrilli
1101 3623 1747 3704 mihisuppeditabant
1768 3622 2020 3689 codices
2039 3624 2432 3704 Vaticani(a);
2462 3626 2872 3690 memineram
2900 3634 3132 3706 tamen,
3156 3650 3256 3694 me
3276 3635 3516 3697 Medio-

252 3730 370 3794 lani
389 3733 453 3795 in
481 3729 879 3795 bibliotheca
904 3725 1312 3790 Ambrosiana
1360 3724 1512 3789 olim
1542 3724 1770 3789 vidisse
1814 3724 2098 3791 codicem
2150 3726 2298 3787 satis
2326 3725 2607 3806 amplum
2652 3728 2742 3807 (E.
2772 3728 2869 3804 63,
2908 3745 3067 3811 part.
3097 3731 3265 3812 inf),
3294 3733 3361 3795 in
3390 3753 3517 3815 quo

250 3837 496 3899 Palmm
522 3839 900 3898 Graecorum
928 3836 1146 3893 catena
1176 3830 1243 3892 in
1270 3828 1610 3910 Epistolam
1635 3829 1713 3891 ad
1739 3829 2041 3890 Hebraeos
2079 3830 2537 3893 continebatur.
2577 3834 2795 3912 Itaque
2818 3851 2962 3898 cum
3012 3835 3161 3898 inde
3212 3837 3519 3919 quidquid

253 3940 375 3995 erat
406 3932 654 4015 Cyrilli,
684 3929 959 4007 benigne
988 3927 1408 3988 annuentibus
1438 3924 1561 3987 loci
1588 3924 1982 4005 praesidibus,
2013 3926 2165 3987 mihi
2217 3945 2465 3990 sumere
2514 3929 2954 4008 decrevissem,
2996 3940 3277 3998 catenam
3306 3955 3341 4000 a
3372 3941 3516 4001 Cra-

248 4046 414 4093 mero
441 4032 687 4092 editam
711 4046 856 4091 cum
883 4026 989 4088 illa
1017 4024 1469 4088 Mediolanensi
1497 4024 1763 4087 fortasse
1802 4042 2152 4105 congruere
2186 4028 2535 4107 suspicatus
2569 4048 2731 4107 sum,
2766 4040 2828 4095 et
2884 4034 3171 4114 inspecto
3214 4036 3374 4101 libro
3405 4057 3515 4103 co-

247 4129 483 4207 gnitum
520 4135 649 4205 est,
680 4146 758 4191 ex
796 4128 1037 4190 duabus
1092 4144 1128 4188 a
1157 4125 1345 4188 docto
1362 4125 1561 4203 Anglo
1588 4126 1665 4188 ad
1704 4127 2072 4206 praedictam
2117 4127 2459 4211 Epistolam
2500 4142 2737 4194 catenis
2768 4134 2974 4209 editis,
3012 4138 3221 4217 priore
3252 4139 3516 4219 integra,

245 4232 429 4296 altera
455 4241 715 4296 tantum
745 4231 1002 4294 dimidia
1038 4235 1305 4313 promer
1342 4228 1580 4291 codicis
1640 4229 1954 4304 Parisiaci,
2001 4230 2173 4292 unde
2214 4242 2463 4313 sumpta
2485 4235 2624 4301 fuit.
2651 4234 3000 4312 defectum;
3052 4242 3396 4321 cognitum,
3428 4243 3520 4304 in-

245 4349 450 4412 quam,
485 4340 586 4397 est
631 4333 794 4395 hanc
827 4331 1412 4408 alteramintegram
1440 4346 1577 4392 esse
1610 4330 1675 4391 in
1722 4330 1941 4394 codice
1974 4331 2448 4407 Mediolanensi,
2482 4341 2660 4412 cujus
2691 4354 2814 4406 one
2871 4347 3153 4419 Optatum
3178 4343 3284 4404 diu
3308 4344 3519 4423 Cyrilli

244 4434 767 4514 supplementum
791 4431 1094 4511 consequi
1131 4440 1437 4512 poteram.
1461 4430 1878 4504 Quamobrem
1916 4432 2223 4513 postulavi
2258 4450 2293 4494 a
2323 4434 2399 4494 R.
2425 4435 2494 4495 D.
2528 4438 2836 4498 canonico
2876 4438 3156 4519 Josepho
3179 4443 3515 4520 Bobbiato,

241 4530 469 4613 linguai
492 4536 742 4597 Graecas
774 4532 1024 4611 egregie
1053 4532 1282 4612 perito,
1316 4539 1379 4593 et
1406 4530 1689 4609 legendis
1714 4531 2040 4595 codicibus
2062 4534 2348 4611 apprime
2369 4534 2624 4608 idoneo,
2650 4542 2720 4596 ut
2743 4536 2894 4599 mihi
2923 4550 3292 4622 excerperet
3311 4543 3517 4625 Cyrilli

242 4644 446 4714 partes
479 4638 553 4700 in
586 4636 931 4699 Parisiensi
960 4635 1179 4698 codice
1217 4633 1601 4697 desideratas
1636 4651 1649 4694 :
1692 4633 1865 4715 quod
1897 4635 2046 4697 dum
2099 4636 2205 4697 ille
2258 4636 2713 4702 studiosissime
2767 4639 3021 4717 faceret,
3057 4650 3227 4707 recte
3269 4648 3521 4725 agnovit

240 4738 557 4815 permulta
592 4755 676 4800 ex
704 4752 781 4799 eo
812 4735 1019 4815 Cyrilli
1041 4733 1495 4798 commentario
1528 4741 1849 4817 segmenta
1879 4736 1956 4798 ad
1991 4736 2161 4798 illius
2183 4737 2349 4801 edita
2383 4755 2576 4820 Opera
2626 4741 2965 4822 pertinere,
3014 4746 3130 4808 etsi
3165 4746 3522 4827 insignibus

243 4855 380 4902 cum
418 4838 863 4904 varietatibus.
895 4837 1188 4899 detractis
1213 4837 1509 4899 nimirum
1536 4845 1643 4899 aut
1671 4838 1964 4901 breviatis
1993 4839 2229 4915 multis,
2262 4842 2515 4904 mutatis
2572 4845 2916 4919 nonnullis,
2951 4855 3019 4909 ut
3047 4848 3112 4911 in
3154 4848 3519 4931 hujusmodi

218 4945 564 5026 gexcerptis
630 4940 964 5003 usuvenire
1022 4940 1205 5000 solet.
1240 4936 1363 4999 Sed
1409 4944 1618 5000 tamen
1669 4943 1903 5000 tractus
1928 4956 2185 5020 quoque
2217 4941 2579 5023 complures
2630 4944 2696 5006 in
2747 4946 2965 5009 codice
3003 4948 3273 5025 inerant,
3316 4952 3425 5031 qui
3456 4951 3513 5017 ir

220 5036 428 5124 'Inullis
461 5042 690 5124 Cyrilli
717 5039 1100 5102 editionibus
1128 5038 1419 5102 videntur
1454 5056 1809 5102 occurrere.

227 5116 235 5144 ’
312 5148 549 5209 Utrum
568 5158 727 5206 vero
755 5142 893 5223 ipse
921 5139 1185 5220 Cyrillus
1219 5140 1451 5222 scripta
1474 5158 1586 5204 sua
1615 5142 1683 5205 in
1715 5142 1975 5205 diversis
1998 5144 2403 5227 propriorum
2433 5162 2698 5233 operum
2726 5148 2882 5212 locis
2910 5149 3298 5232 repetiverit,
3336 5169 3415 5215 an
3450 5169 3518 5219 ea

216 5248 227 5339 ς
241 5262 332 5308 res
361 5247 595 5327 potius
627 5251 987 5308 catenarum
1025 5244 1385 5307 auctoribus
1409 5243 1743 5310 tribuenda
1772 5247 1873 5319 sit,
1905 5247 2131 5310 merito
2163 5250 2521 5330 ambigitur.
2552 5252 2733 5315 Certe
2775 5250 2884 5337 qui
2907 5252 3117 5339 ampla
3161 5253 3372 5334 Cyrilli
3407 5273 3485 5323 vo

215 5344 478 5407 flumina
518 5341 973 5426 pervolutabit,
998 5342 1165 5405 haud
1194 5359 1335 5406 raro
1372 5346 1719 5428 comperiet
1739 5362 1874 5409 rem
1904 5348 2212 5422 eamdem,
2244 5350 2591 5430 praesertim
2629 5351 3067 5436 dogmaticam.
3100 5354 3313 5429 multis
3340 5354 3519 5431 locis.

225 5445 461 5550 Eisdem
490 5444 970 5550 propemodum
991 5443 1198 5506 verbis
1227 5442 1323 5506 vel
1355 5451 1523 5550 certe
1553 5446 1983 5550 sententiis-ab
2011 5454 2264 5550 auctore
2284 5448 2678 5525 inculcatam,
2701 5458 2850 5535 puta
2876 5453 2943 5515 in
2987 5454 3324 5534 Thesauro,
3346 5459 3411 5522 in
3444 5460 3518 5524 li-

232 5544 358 5609 bris
388 5550 483 5608 Dc
518 5544 901 5606 adoratione
928 5545 996 5606 in
1029 5563 1126 5625 sp.
1178 5562 1249 5605 ac
1304 5562 1462 5617 ven,
1491 5544 1560 5606 in
1594 5544 1933 5631 Glaphyris
1954 5594 1969 5621 ,
2007 5548 2075 5614 in
2110 5547 2478 5626 dogmaticis
2514 5550 2593 5613 ad
2620 5550 3043 5620 Theodosium
3075 5560 3137 5618 et
3166 5556 3247 5624 ad
3278 5559 3524 5637 reginas

230 5646 645 5717 tractatibus,
676 5646 758 5706 ad
781 5646 1128 5719 Hermiam,
1151 5652 1372 5707 contra
1391 5646 1775 5721 Nestorium,
1800 5654 1861 5710 et
1889 5647 2166 5729 denique
2195 5649 2261 5711 in
2289 5650 2601 5714 Homiliis.
2648 5655 2869 5735 Itaque
2900 5656 3033 5719 ﬁeri
3066 5666 3271 5738 potest
3302 5667 3371 5721 ut
3401 5661 3521 5739 Cy-

228 5749 407 5817 rillus
426 5750 600 5812 dum
625 5748 694 5814 in
709 5749 872 5811 hanc
900 5748 1075 5843 Pauli
1112 5747 1454 5830 Epistolam
1486 5755 1810 5829 postremo
1832 5750 2097 5815 fortasse
2126 5760 2415 5835 tempore
2454 5763 3020 5834 commentaretur,
3048 5758 3128 5822 iis
3153 5758 3518 5843 aliquando.

298 5854 377 5923 ξα)
421 5852 719 5927 Nonnulla
756 5837 1278 5927 tamenﬂfvragmenta
1319 5855 1375 5911 in
1416 5853 1588 5927 Epist.
1621 5856 1687 5911 ad
1727 5854 1897 5913 Hebr.
1951 5874 2018 5913 ex
2080 5859 2366 5915 codicibus
2413 5860 2692 5918 Vaticanis
2747 5861 2997 5919 ediderat
3047 5865 3221 5922 Maius
3258 5837 3424 5920 ἰοωο
3478 5864 3523 5923 ιι

224 5924 589 5980 Bibliothcra:
624 5923 799 5987 Nam,
830 5939 885 5995 p.
918 5924 1041 5980 484.

485 6021 945 6110 Ριηιζξηρῐηθᾷκ.
989 6022 1251 6082 LXVIII.

3054 6024 3088 6084 4
