4154 6532
661 433 762 488 10⁸1
1990 424 2193 482 CARD.
2231 424 2301 478 Ai‘

2269 423 2386 483 ΝΟ.
2433 424 2548 478 MAI
3808 414 3909 473 108

661 557 806 623 qua)
826 540 978 605 olim
1015 539 1369 619 scripserat,
1394 536 1624 597 abusus
1661 534 1738 596 sit
1773 552 1786 595 :
1821 534 1915 597 vel
1948 540 2164 597 contra
2193 534 2361 596 idem
2398 532 2686 612 Cyrillus,
2710 533 2761 593 si
2793 538 2974 595 antea
3013 532 3274 594 fortasse
3309 533 3374 595 in
3398 550 3536 596 eam
3568 535 3913 615 Epistolam

661 645 1020 725 scripserat,
1044 639 1366 705 nonnullis
1398 638 1546 700 inde
1582 636 1795 700 rivulis
1824 654 1933 699 eos
1959 654 2120 718 quos
2147 636 2416 699 habebat
2436 635 2502 696 in
2538 634 2829 697 manibus
2853 634 3048 697 libros
3076 635 3447 713 irrigaverit.
3478 637 3567 697 Ex
3594 653 3723 717 quo
3754 655 3910 701 con-

659 747 873 826 tigisse
901 745 1146 808 videtur
1170 749 1239 806 ut
1265 742 1457 805 iidem
1485 739 1804 803 interdum
1832 744 2067 801 tractus
2095 737 2213 799 sub
2247 736 2636 799 diversorum
2663 735 2968 799 librorum
3004 735 3202 798 titulis
3232 736 3514 799 redeant.
3550 738 3673 800 Sed
3702 745 3915 802 tamen

660 853 1018 911 catenarum
1050 860 1308 925 quoque
1351 843 1763 906 sarcinatores
1809 839 2060 903 easdem
2106 836 2243 900 sine
2289 838 2483 900 dubio
2531 836 2747 916 Cyrilli
2797 836 3199 899 auctoritates
3220 835 3298 897 ad
3319 835 3558 915 plures,
3588 846 3781 917 prout
3820 858 3917 905 res

657 949 916 1022 ferebat,
974 946 1485 1009 lucubrationum
1525 960 1779 1007 suarum
1816 944 1992 1006 locos
2016 943 2460 1005 adhibuerunt.
2492 943 2584 1004 Ne
2613 942 2731 1003 sim
2766 940 3090 1003 verbosior
3122 939 3189 1001 in
3218 956 3286 1001 re
3308 940 3677 1015 certissima,
3718 961 3917 1007 unum

659 1035 925 1108 narrabo
962 1044 1137 1126 quod
1166 1044 1289 1107 hoc
1328 1044 1469 1125 ipso
1490 1045 1559 1106 in
1586 1050 1875 1123 tempore
1906 1042 2268 1123 exemplum
2298 1041 2601 1121 comperi.
2635 1040 2882 1103 Etenim
2906 1046 3037 1101 tum
3084 1045 3368 1101 catenam
3396 1039 3464 1101 in
3492 1042 3724 1103 Lucam
3752 1060 3790 1103 a
3819 1060 3919 1104 me

655 1151 911 1225 editam,
947 1156 1080 1213 tum
1102 1149 1288 1212 etiam
1331 1148 1496 1211 hanc
1526 1148 1591 1210 in
1648 1148 1842 1227 Epist.
1875 1151 1954 1209 ad
1998 1146 2218 1221 Hebr.,
2264 1163 2464 1208 unum
2503 1145 2924 1225 eumdemque
2981 1142 3220 1205 habere
3250 1150 3577 1205 auctorem
3607 1146 3915 1219 Nicetam,

654 1252 907 1317 codices
930 1254 1265 1316 Vaticanus
1295 1259 1357 1315 et
1384 1250 1869 1313 Mediolanensis
1910 1249 2179 1313 solemni
2237 1249 2421 1312 titulo
2452 1249 2519 1311 in
2556 1248 2871 1311 frontibus
2905 1246 3239 1309 afﬁrmant.
3268 1247 3407 1308 Jam
3442 1264 3593 1311 vero
3622 1266 3769 1311 cum
3801 1268 3920 1329 ego

651 1371 721 1416 in
740 1355 1195 1418 commentario
1225 1353 1437 1435 Cyrilli
1480 1352 1557 1415 ad
1616 1354 1844 1416 Lucam
1868 1370 2009 1433 cap.
2040 1369 2130 1427 v1,
2164 1351 2258 1427 13,
2315 1351 2527 1414 locum
2549 1368 2627 1414 ex
2648 1349 2859 1431 Cyrilli
2890 1347 3149 1411 homilia
3197 1346 3527 1423 ediderim,
3561 1350 3671 1429 qui
3695 1351 3921 1433 incipit

654 1469 893 1535 Τοὺτους
941 1471 1341 1542 προανετύπου,
1372 1477 1573 1540 usque
1602 1460 1680 1522 ad
1709 1470 1807 1540 τὴν
1835 1469 1928 1522 ὑπ’
1950 1469 2204 1540 οὐρανόν,
2237 1475 2294 1520 et

2278 1475 2385 1521 cce
2414 1474 2583 1520 nunc
2613 1457 2862 1520 Nicetas
2881 1456 2949 1518 in
2973 1461 3194 1520 catena
3221 1457 3416 1538 Epist.
3449 1455 3527 1518 ad
3556 1453 3749 1517 Hebr.
3775 1472 3918 1536 cap.

654 1580 748 1637 ιι,
786 1562 844 1637 2,
880 1564 1174 1627 eumdem
1200 1562 1410 1643 Cyrilli
1435 1568 1700 1625 tractum
1728 1580 1805 1624 ex
1835 1563 2055 1625 eadem
2096 1561 2466 1624 nominatim
2525 1558 2783 1621 homilia
2816 1560 3042 1640 repetit
3093 1560 3160 1621 in
3191 1559 3409 1623 codice
3437 1556 3919 1618 Mediolanens.

654 1667 909 1728 nonnisi
936 1673 1150 1729 tamen
1180 1667 1531 1742 dimidium,
1565 1684 1767 1746 usque
1794 1667 1871 1729 ad
1900 1667 2158 1729 verbum
2191 1675 2532 1729 πανσὺνετοι.
2580 1667 2799 1745 Itaque
2832 1665 3017 1727 etiam
3054 1664 3224 1727 hunc
3261 1663 3537 1743 primum
3569 1659 3789 1740 Cyrilli
3825 1660 3919 1723 lo-

655 1785 799 1829 cum
836 1785 919 1831 ex
950 1776 1124 1850 parte
1170 1770 1405 1833 codicis
1469 1769 1705 1833 inedita
1733 1771 1812 1832 ad
1853 1788 1956 1833 me
2009 1769 2363 1833 Mediolano
2416 1769 2700 1847 missum,
2733 1768 2928 1833 nihilo
2956 1776 3167 1832 tamen
3194 1767 3403 1830 minus
3430 1780 3549 1844 ego
3593 1765 3801 1840 omisi,
3842 1782 3920 1827 ne

651 1871 996 1936 lectoribus
1024 1874 1181 1937 meis
1224 1883 1569 1954 βιϐλιολάθας
1593 1874 1861 1938 viderer.

731 2000 1098 2079 Quanquam
1133 2017 1281 2062 vero
1313 2001 1444 2063 dixi
1466 2000 1697 2063 multos
1735 2018 1813 2063 ex
1843 2000 2054 2080 Cyrilli
2080 2002 2239 2064 locis
2264 2003 2333 2064 in
2362 2000 2582 2064 codice
2608 2000 2859 2063 Mediol.
2894 1999 3097 2063 citatis
3134 2003 3454 2083 pertinere
3484 2000 3563 2064 ad
3595 1997 3764 2061 edita
3788 1996 3922 2076 ejus

654 2115 871 2180 opera,
902 2111 970 2163 ut
1021 2102 1301 2164 eruditus
1335 2103 1771 2165 animadvertit
1818 2104 2191 2176 Robbiatus,
2243 2103 2592 2185 praesertim
2627 2104 2706 2165 ad
2748 2104 3069 2183 Glaphyro
3110 2104 3294 2187 (quos
3316 2105 3494 2168 locos
3524 2102 3762 2165 idcirco
3801 2116 3919 2161 nos

650 2203 1217 2283 praetermisimus),
1249 2219 1436 2264 nemo
1467 2212 1677 2263 tamen
1700 2203 2504 2283 suspieeturimaginarium
2532 2221 2667 2266 esse
2693 2204 2903 2283 Cyrilli
2926 2204 2992 2266 in
3023 2203 3218 2285 Epist.
3254 2204 3332 2267 ad
3359 2204 3552 2266 Hebr.
3584 2216 3918 2265 commen—

651 2307 904 2382 tarium,
941 2305 1121 2387 quasi
1156 2306 1325 2369 hunc
1358 2313 1721 2368 catenarum
1742 2313 2031 2369 auctores
2054 2324 2127 2369 ex
2159 2307 2297 2369 aliis
2318 2307 2529 2386 Cyrilli
2558 2308 2807 2388 scriptis
2847 2314 3048 2370 totum
3080 2305 3481 2371 corraserint.
3556 2305 3710 2366 Nam
3752 2318 3920 2383 pra;-

653 2413 943 2486 terquam
966 2404 1137 2485 quod
1168 2405 1233 2467 in
1266 2406 1422 2486 ipsis
1450 2405 1576 2467 sive
1634 2406 1827 2468 Paris.
1865 2408 1993 2469 sive
2036 2407 2288 2470 Mediol.
2322 2408 2645 2471 codicibus
2703 2407 2897 2470 multa
2934 2415 3081 2470 sunt
3124 2413 3466 2486 segmenta,
3502 2422 3644 2486 quae
3679 2405 3750 2465 in
3784 2402 3923 2464 aliis

654 2510 865 2592 Cyrilli
924 2510 1223 2590 cperibus
1270 2526 1529 2589 prorsus
1567 2527 1699 2573 non
1750 2517 2082 2591 apparent,
2130 2511 2449 2590 Cyrilliani
2477 2512 2734 2592 quidem
2785 2510 2864 2574 ad
2905 2508 3068 2573 hanc
3113 2508 3457 2591 Epistolam
3486 2505 3922 2571 commentarii

652 2616 881 2679 veritas
909 2616 1173 2679 testibus
1190 2616 1421 2696 priscis
1443 2615 1934 2695 certissimisque
1964 2616 2283 2694 asseritur,
2344 2634 2507 2697 quos
2545 2615 2864 2680 Fabricius
2894 2614 2991 2693 (Β.
3025 2616 3101 2680 G.
3135 2614 3236 2677 ed.
3270 2631 3417 2676 nov.
3457 2620 3503 2674 t.
3536 2613 3641 2686 IX,
3684 2631 3750 2693 p.
3780 2609 3918 2683 495)

653 2716 984 2797 produxit;
1018 2723 1164 2779 sunt
1190 2722 1400 2780 autem
1436 2718 1767 2780 Facundus
1799 2718 2295 2795 Hermianensis,
2355 2719 2813 2794 Theodoretus,
2864 2718 3236 2781 Theodorus
3300 2715 3635 2788 Abucaras,
3667 2712 3925 2793 Ephraac

654 2822 818 2883 mius
846 2820 1295 2897 Antiochenus,
1331 2822 1684 2886 Alexander
1716 2822 2250 2904 Hierapolitanus,
2297 2831 2519 2889 auctor
2573 2825 2875 2906 Synodici
2922 2830 3142 2887 contra
3177 2822 3443 2901 tragmd.
3500 2823 3692 2894 Iren.,
3753 2822 3921 2880 Ana-

653 2927 880 2989 stasius
910 2928 1141 2991 Sinaita
1163 2928 1229 2990 in
1250 2929 1533 3009 Hodego.
1560 2931 1994 3011 Praeterquam
2025 2931 2198 3011 quod
2226 2948 2345 2995 nos
2372 2932 2494 3013 ipsi
2524 2932 2839 2995 edidimus
2892 2929 3325 2994 commentarii
3355 2928 3489 3007 ejus
3544 2922 3921 2987 nominatin

652 3032 830 3095 locos
847 3040 1140 3113 quatuor,
1168 3048 1246 3095 ex
1273 3034 1597 3096 Anastasio
1612 3035 1987 3115 presbytero
2016 3035 2272 3117 (Script.

2295 3046 2416 3098 vet.
2440 3042 2488 3098 t.
2514 3038 2646 3111 VH,
2668 3055 2779 3118 pp.
2808 3035 2981 3106 8-10,
3019 3033 3205 3095 18—24
3231 3035 3339 3113 (α).
3366 3029 3925 3111 Ιὺίόθωειυθξαιὶοε

655 3137 837 3204 duos,
872 3147 949 3191 ex
985 3129 1273 3197 Leontio.
1306 3147 1417 3210 pp.
1448 3128 1581 3206 130,
1601 3130 1743 3194 '140.
1772 3131 1942 3195 Alios
1969 3132 2244 3214 denique
2270 3134 2505 3215 Script.
2531 3144 2652 3197 vet.
2670 3141 2715 3196 t.
2736 3136 2875 3197 VIII
2895 3140 2956 3196 et
2975 3136 3079 3208 IX,
3104 3138 3172 3195 ut
3192 3134 3257 3195 in
3281 3132 3788 3213 praecedentibus
3805 3146 3923 3209 pa-

654 3228 816 3306 ginis
851 3229 1143 3291 diximus.
1168 3230 1331 3290 Item
1355 3228 1703 3307 fragmenta
1730 3229 1971 3311 aliquot
2000 3232 2134 3313 ejus
2168 3233 2380 3313 operis
2405 3240 2549 3296 sunt
2580 3234 2646 3296 in
2676 3234 2999 3297 codicibus
3019 3232 3288 3313 Syriacis
3313 3233 3451 3295 Vat.
3498 3233 3722 3313 Neque
3783 3250 3924 3295 me-

654 3330 870 3394 diocre
898 3331 1087 3394 fuisse
1106 3330 1182 3393 'id
1213 3348 1373 3411 Opus
1400 3332 1718 3409 arguimus
1746 3339 1879 3395 tum
1901 3351 1979 3396 ex
2006 3340 2153 3398 nota
2183 3335 2393 3415 Cyrilli
2422 3335 2704 3399 ubertate
2758 3342 2891 3398 tum
2921 3336 3069 3416 quia
3118 3335 3417 3398 Leontius
3446 3334 3593 3397 citat
3637 3334 3922 3414 ejusdem

654 3438 899 3491 tomum
930 3428 1305 3504 secundum,
1346 3431 1703 3493 Anastasius
1726 3433 1957 3496 Sinaita
2004 3440 2271 3496 sextum.
2296 3436 2561 3515 Jamque
2609 3445 2891 3516 apparet,
2940 3435 3078 3497 fore
3132 3451 3342 3515 Operae
3402 3433 3697 3514 pretium,
3730 3439 3803 3495 ut
3831 3432 3926 3494 fu-

655 3540 834 3595 turus
862 3533 1088 3614 aliquis
1116 3534 1331 3625 Cyrilli
1360 3550 1624 3613 cperum
1643 3535 1869 3611 editor,
1903 3553 2148 3617 sparsas
2176 3535 2362 3617 hujus
2391 3538 2825 3601 commentarii
2850 3536 3171 3617 reliquias,
3220 3536 3468 3616 Absyrti
3493 3534 3687 3597 veluti
3715 3551 3922 3597 mem-

656 3638 793 3711 bra,
821 3639 922 3717 pie
936 3637 1233 3715 colligat;
1298 3653 1373 3699 ea
1402 3637 1621 3699 saltem
1684 3639 1941 3718 vestigia
2000 3657 2388 3721 persequens
2411 3660 2553 3722 quae
2601 3660 2718 3705 nos
2746 3643 2986 3704 intento
3017 3640 3211 3720 digito
3236 3640 3657 3713 ostendimus;
3687 3655 3925 3719 nempe

658 3737 935 3811 codices,
966 3743 1208 3798 veteres
1237 3742 1448 3810 testes,
1483 3742 1734 3799 catenas
1770 3737 1989 3815 editas,
2020 3754 2100 3801 ne
2131 3739 2498 3803 (Ecumenio
2520 3739 2775 3821 quidem
2808 3738 3063 3815 omisso,
3086 3744 3537 3819 postremoque
3568 3736 3923 3818 symbolam

658 3838 829 3900 curis
864 3838 1095 3900 nostris
1111 3837 1453 3901 conlatam.

738 3964 919 4026 Nunc
955 3964 1105 4042 quid
1153 3964 1401 4026 consilii
1449 3965 1750 4045 ceperim,
1830 3969 2106 4048 pressius
2152 3971 2491 4036 dicendum
2555 3977 2669 4034 est.
2728 3970 2971 4035 Codicis
2994 3967 3289 4030 Parisiaci
3310 3970 3616 4037 catenam,
3656 3979 3829 4042 quae,
3860 3970 3927 4022 ut

661 4065 813 4140 dixi,
848 4066 1099 4127 nonnisi
1129 4066 1206 4128 ad
1233 4065 1503 4129 mediam
1542 4067 1717 4130 Pauli
1736 4069 2075 4149 Epistolam
2109 4073 2405 4152 pertinet,
2446 4072 2784 4136 lectitando
2822 4070 3005 4133 facile
3027 4068 3335 4142 comperi,
3367 4064 3481 4126 etsi
3531 4061 3737 4124 editor
3765 4059 3924 4123 nihil

663 4170 743 4232 de
765 4171 947 4233 editis
970 4168 1063 4231 vel
1087 4169 1339 4233 ineditis
1359 4172 1530 4248 dicit,
1550 4189 1835 4251 magnam
1858 4181 2122 4253 partem,
2152 4175 2229 4238 ad
2249 4176 2544 4256 Cyrillum
2575 4176 2748 4257 quod
2780 4175 3022 4248 attinet,
3049 4173 3444 4250 vulgatorum
3468 4184 3735 4247 operum
3766 4164 3928 4227 locis

663 4280 975 4338 constare.
1000 4276 1147 4338 Pars
1187 4274 1597 4338 nihilominus
1626 4275 1951 4339 videbatur
1971 4293 2159 4351 nova,
2200 4294 2313 4340 seu
2340 4296 2507 4342 nunc
2543 4278 2816 4358 primum
2875 4275 3059 4336 edita.
3107 4272 3370 4334 Prorsus
3413 4269 3626 4348 itaque
3681 4266 3929 4329 codicis

662 4376 953 4465 Parisiaci
980 4377 1330 4440 institutum
1365 4378 1431 4439 in
1457 4376 1909 4440 Mediolanensi
1931 4378 2149 4442 codice
2187 4380 2608 4455 continuatur,
2642 4379 2752 4458 qui
2780 4377 2929 4440 item
2958 4375 3240 4456 partibus
3273 4371 3463 4434 modo
3493 4368 3699 4439 editis,
3728 4365 3929 4429 modo

660 4477 925 4539 ineditis
955 4477 1287 4559 (quatenus
1314 4480 1653 4542 scrutando
1668 4497 2054 4559 cognoscere
2083 4479 2280 4559 licuit)
2302 4480 2789 4543 consarcinatur.
2819 4480 2966 4550 Quae
2988 4493 3131 4538 cum
3156 4475 3239 4535 ita
3261 4489 3329 4534 se
3364 4470 3693 4541 haberent,
3719 4468 3928 4530 visum

665 4577 818 4639 mihi
847 4584 937 4639 est
966 4586 1173 4657 partes
1200 4579 1404 4658 Cyrilli
1440 4597 1633 4642 novas
1665 4580 1992 4659 (quantum
2013 4580 2274 4644 credere
2296 4580 2488 4660 licet),
2525 4586 2657 4642 tum
2690 4577 2925 4641 codicis
2956 4573 3269 4648 Parisiaci,
3296 4578 3429 4633 tum
3483 4568 3925 4631 Mediolanen-

664 4678 773 4754 sis,
807 4695 933 4741 una
962 4680 1121 4741 serie
1146 4686 1506 4751 contexere,
1542 4681 1787 4742 Latinas
1805 4682 1989 4743 etiam
2019 4681 2251 4756 facere,
2277 4689 2337 4744 et
2368 4680 2489 4743 hoc
2528 4696 2671 4741 meo
2708 4678 3051 4750 volumine,
3083 4674 3255 4755 quod
3298 4679 3500 4735 totum
3528 4688 3602 4733 ex
3634 4669 3928 4749 Cyr-illia-

663 4778 763 4839 nis
792 4777 1041 4858 scriptis
1070 4778 1494 4857 componitur,
1528 4785 1671 4859 apte
1702 4779 2267 4861 comprehendere.
2303 4781 2654 4843 Praesertim
2685 4779 2831 4859 quia
2865 4777 2945 4840 cl.
2983 4776 3350 4848 Robbiatus,
3384 4772 3608 4835 collata
3627 4771 3931 4833 Parisiaci

666 4896 921 4959 quoque
954 4877 1187 4941 codicis
1214 4884 1389 4958 parte
1420 4896 1565 4942 cum
1593 4880 1837 4960 integro
1875 4881 2095 4944 codice
2140 4880 2615 4955 Mediolanensi,
2671 4879 2897 4943 multas
2945 4877 3101 4940 mihi
3162 4882 3222 4939 et
3264 4873 3738 4955 pulcherrimas,
3778 4889 3932 4952 quae

668 4984 978 5047 Parisiaco
1010 4982 1173 5045 libro
1204 4981 1341 5044 ﬁeri
1382 4981 1639 5059 debent,
1672 4985 2148 5049 emendationes
2177 4986 2617 5066 suppeditavit.

745 5086 969 5147 Catena
1005 5082 1164 5158 haec,
1196 5082 1365 5145 unde
1388 5083 1685 5164 Cyrillum
1718 5086 2170 5166 excerpsimus,
2241 5085 2483 5148 videtur
2546 5102 2863 5165 anonyma
2891 5084 2956 5145 in
2997 5082 3214 5145 codice
3246 5077 3617 5150 Parisiensi;
3659 5094 3813 5137 nam
3850 5076 3932 5139 cl.

668 5185 991 5248 Cramerus
1022 5184 1256 5248 nullius
1287 5184 1561 5248 auctoris
1591 5196 1825 5246 nomen
1847 5186 2052 5266 ponit.
2079 5190 2153 5249 At
2190 5184 2675 5249 Mediolanensis
2703 5203 2841 5249 eam
2864 5183 3096 5246 diserte
3134 5179 3418 5244 inscribit
3478 5178 3710 5239 Nicetaa
3772 5179 3932 5240 Ser-

667 5295 874 5344 rarum
898 5282 1199 5365 episcopo
1231 5280 1328 5346 his
1345 5281 1553 5346 verbis
1578 5301 1592 5344 ;
1614 5292 1917 5364 Συναγωγή
1946 5293 2181 5366 ὲξηγήσε
2212 5310 2287 5348 ων

2316 5294 2424 5349 ἀπό
2449 5312 2510 5350 τε
2548 5294 2715 5349 θείων
2748 5292 3011 5364 ΙΙατέρων
3042 5290 3139 5345 καὶ
3164 5288 3273 5342 τῶν
3296 5286 3435 5340 λλων
3477 5284 3819 5341 δῖδασκάλων
3850 5287 3934 5349 εἰς

669 5389 761 5461 τήν
789 5391 925 5463 πρὸς
956 5392 1245 5465 Ἐϐραίουσ
1286 5391 1607 5464 Ἐπιστολὴν
1636 5390 1730 5445 τοῦ
1755 5391 1911 5461 ἁγίου
1935 5393 2232 5447 ἀποστόλου
2262 5394 2501 5460 Παύλου,
2540 5392 2858 5463 συλλεγεῖσα
2904 5390 3057 5464 παρὰ
3096 5390 3189 5445 τοῦ
3237 5392 3531 5463 ἱερωτάτου
3587 5388 3935 5461 μητροπολί-

664 5493 1100 5566 τουἮρακλείας
1122 5495 1312 5565 κυρίου
1336 5495 1552 5564 Nmith
1576 5494 1672 5549 τοῦ
1695 5496 1804 5550 τῶν
1830 5494 2074 5567 Σερῤῶν.
2110 5486 2180 5547 Et
2198 5487 2277 5549 ab

2304 5486 2425 5550 alia
2452 5503 2644 5549 manu
2668 5485 2736 5547 in
2774 5484 3020 5564 paginae
3064 5483 3234 5547 calce
3279 5483 3367 5546 sic
3409 5500 3421 5543 :
3464 5488 3596 5543 Ἀπὸ
3618 5489 3934 5563 ἑρμηνείαις

667 5592 813 5663 παρὰ
848 5594 943 5647 τοῦ
971 5592 1208 5664 Σερρὦ.
1254 5587 1547 5666 Sequitur
1598 5602 1746 5650 mox
1773 5584 2098 5669 prologus,
2126 5583 2204 5648 de
2240 5603 2367 5666 quo
2420 5586 2572 5649 item
2605 5585 2761 5648 nihil
2790 5584 2942 5649 dicit
2995 5587 3351 5659 Cramerus;
3380 5583 3491 5647 sed
3522 5599 3667 5646 eum
3716 5588 3932 5645 totum

741 5773 816 5843 (α)
848 5772 979 5851 Qum
1010 5781 1214 5851 _tomu_s
1272 5772 1363 5851 Yll
1424 5775 1686 5839 continet,
1720 5774 1913 5832 eadcm
1950 5782 2128 5831 tomus
2157 5774 2299 5837 Vlll,
2345 5785 2543 5849 prater
2576 5776 2939 5851 fragmentum
2979 5771 3177 5839 breve;
3230 5780 3407 5829 tomus
3448 5767 3739 5843 “(unum
3773 5768 3938 5846 frax-

666 5854 910 5901 mentum
938 5843 1121 5910 habet,
1164 5842 1317 5898 Praef.
1356 5860 1409 5915 ι).
1444 5861 1589 5899 mn.
2347 5842 2361 5849 “
2661 5842 2686 5851 ⁷
2934 5876 2937 5879 λ
