4154 6524
292 448 382 505 409
1519 456 1521 458 ’
1645 448 2153 505 ΡΒΑΞΡΑΤΙΟΝΕΞ.
3401 451 3504 509 ιω

297 584 359 630 ex
384 562 763 627 Theodoreto
797 570 983 644 atque
1010 565 1451 647 Chrysostomo
1485 575 1794 642 constare,
1828 569 1968 631 libri
1992 569 2140 631 editi
2167 568 2615 631 demonstrant.
2641 569 3060 640 Quamobrem
3093 570 3241 633 hinc
3265 571 3506 636 lacuna

288 670 502 749 aliquot
529 667 594 728 in
615 668 954 731 Oxoniensi
985 670 1261 734 editione
1299 672 1534 735 relictas
1577 674 1816 753 expleri
1851 675 2225 755 potuissent,
2287 681 2348 737 et
2409 674 2635 736 menda
2688 673 2874 735 etiam
2931 673 3167 738 codicis
3187 676 3502 750 Parisiaci,

289 769 374 833 vel
413 766 836 847 quorumlibet
891 769 1314 848 librariorum,
1364 773 1525 836 tolli.

356 871 499 933 Satis
528 876 772 932 constat
801 870 1098 950 Cyrillum
1126 893 1274 938 suos
1304 877 1788 939 commentarios
1832 878 1899 939 in
1945 895 2268 941 sermones
2308 877 2541 960 (λόγους)
2610 876 3021 950 distribuisse,
3056 875 3149 937 uti
3177 890 3399 954 reapse
3439 892 3505 936 se

289 975 453 1037 habet
475 975 961 1036 commentarius
990 975 1121 1054 ejus
1153 976 1218 1035 in
1252 977 1510 1048 Isaiam,
1571 993 1689 1038 nec
1727 994 1856 1038 non
1895 978 2243 1040 Thesaurus
2265 999 2285 1038 :
2314 995 2674 1059 quanquam
2720 978 2764 1038 ii
2815 991 3161 1049 sermones,
3193 974 3506 1036 sectioncs

292 1073 475 1155 potius
500 1075 1090 1137 commentariorum
1122 1075 1373 1138 dicendi
1394 1085 1558 1138 sunt.
1593 1078 1770 1140 Certe
1803 1079 2072 1141 Severus
2107 1078 2533 1142 Antiochenus
2560 1080 2727 1160 apud
2758 1095 2877 1141 nos
2913 1079 3143 1140 citabat
3185 1078 3393 1158 Cyrilli
3439 1080 3506 1140 in

291 1176 392 1253 Ep.
433 1173 506 1233 II.
529 1174 608 1234 ad
636 1175 775 1234 Cor.
806 1174 1058 1234 tertium
1086 1179 1148 1235 et
1197 1174 1535 1253 septimum
1561 1190 1916 1236 sermonem
1944 1174 2158 1253 (λόγον)
2198 1174 2304 1255 (a).
2336 1179 2639 1238 Caeterum
2667 1180 2974 1255 generalis
3023 1179 3248 1242 horum
3298 1181 3503 1261 Cyrilli

288 1288 525 1350 aperum
554 1275 1020 1352 exegeticorum
1074 1273 1290 1337 titulus
1311 1275 1501 1336 modo
1559 1273 1675 1336 fuit
1704 1285 1928 1356 ἑρμηνεὶ

1864 1285 1991 1351 νεξα,
2038 1276 2494 1356 interpretatio,
2549 1279 2739 1343 modo
2770 1291 3085 1361 ὑπόμνημα,
3117 1289 3504 1344 commenta-

287 1393 420 1437 l'lllS.

353 1476 403 1536 5.
435 1477 659 1555 Cyrilh’
688 1484 1166 1544 commentarius
1197 1483 1262 1544 in
1298 1482 1683 1560 Psalmos.—
1708 1487 1858 1547 Post
1902 1483 2107 1565 Cyrilli
2137 1485 2211 1546 ad
2263 1491 2532 1564 quatuor
2559 1487 2733 1550 Pauli
2763 1489 3072 1570 Epistolas
3128 1499 3506 1553 commenta-

286 1577 414 1655 rios,
435 1580 509 1642 de
543 1584 823 1663 ejusdem
850 1586 928 1647 ad
957 1585 1325 1649 Psalterium
1348 1585 1881 1648 lucubrationibus
1916 1586 2190 1665 cogitare
2239 1588 2428 1667 ccepi.
2461 1589 2706 1652 Etenim
2736 1607 2852 1667 ego
2874 1590 3249 1654 Balthasaris
3272 1590 3506 1653 Corde-

283 1684 346 1745 rii
369 1684 428 1744 in
447 1685 726 1746 Psalmos
763 1691 1044 1748 catenam
1074 1705 1218 1749 cum
1244 1686 1455 1766 aliquo
1487 1687 1783 1748 Vaticano
1813 1687 2032 1749 codice
2071 1686 2230 1749 forte
2271 1705 2663 1768 comparans,
2685 1691 2890 1752 statim
2921 1708 3298 1770 agnoveram
3327 1706 3505 1752 com-

282 1787 472 1868 plures
488 1788 697 1868 Cyrilli
713 1796 919 1868 partes
934 1790 1326 1852 Corderianas
1358 1790 1618 1851 editioni
1644 1791 1886 1853 deesse.
1903 1793 2119 1870 Itaque
2147 1791 2438 1853 constitui
2469 1809 2541 1853 ea
2570 1798 2815 1854 tantum
2838 1794 3050 1873 Cyrilli
3079 1798 3405 1870 segmenta
3428 1808 3507 1852 ex

279 1887 570 1950 Vaticanis
601 1891 922 1953 codicibus
955 1909 1228 1967 sumere,
1264 1911 1405 1972 quae
1433 1893 1497 1954 in
1531 1893 1729 1955 tribus
1764 1895 2154 1956 Corderianaa
2190 1901 2425 1956 catenae
2484 1895 2906 1958 voluminibus
2931 1915 3058 1959 non
3096 1895 3504 1977 apparebant.

276 1987 394 2048 Hoc
422 1995 716 2067 suscepto
746 1992 1094 2070 preposito,
1129 1991 1292 2071 coepi
1321 1992 1646 2054 Vaticanas
1679 1993 1756 2054 ad
1797 1993 2077 2055 Psalmos
2107 2000 2357 2055 catenas
2397 2001 2590 2073 prout
2628 2013 2696 2056 se
2750 1996 2981 2059 dabant
3037 2003 3354 2070 excutere,
3386 2003 3506 2058 tot-

276 2101 385 2163 que
417 2085 661 2148 illarum
704 2089 916 2149 inveni
960 2090 1231 2164 codices,
1264 2095 1334 2150 ut
1362 2089 1807 2151 duodecimum
1847 2107 2179 2152 numerum
2211 2091 2365 2152 mihi
2409 2091 2830 2172 expleverint;
2888 2111 3047 2174 quos
3110 2111 3228 2173 ego
3253 2095 3505 2157 codices

274 2184 330 2245 in
359 2185 490 2246 libri
519 2188 648 2248 mei
682 2190 1068 2268 marginibus
1112 2189 1346 2251 denoto
1384 2188 1604 2250 litteris
1656 2195 1724 2249 A.
1754 2191 1824 2249 B.
1863 2191 1924 2250 C.
1969 2191 2036 2249 D.
2061 2191 2131 2250 E.
2164 2192 2230 2251 F.
2275 2192 2345 2251 G.
2380 2193 2456 2252 H.
2491 2194 2538 2252 Ι.
2580 2194 2652 2252 Κ.
2697 2195 2764 2253 L.
2796 2195 2876 2254 M.
2913 2196 2988 2255 Et
3008 2195 3262 2274 quidem
3294 2195 3502 2274 Cyrilli

275 2301 485 2348 nomen
523 2287 590 2348 in
625 2289 887 2368 singulis
907 2290 1197 2353 codicum
1217 2290 1374 2352 locis
1402 2299 1710 2370 perpetuo
1742 2290 2053 2364 scribitur,
2086 2297 2156 2352 ut
2184 2291 2312 2353 dixi
2363 2293 2431 2354 in
2458 2293 2671 2355 adnot.
2704 2295 2783 2356 ad
2837 2312 2996 2357 vers.
3023 2295 3056 2356 9
3088 2295 3312 2376 psalmi
3369 2315 3497 2357 xm.

272 2390 367 2452 His
394 2391 636 2455 accedit
667 2395 925 2456 unicum
945 2393 1164 2456 folium
1195 2396 1580 2468 Veronense,
1618 2395 1696 2457 de
1725 2413 1850 2474 quo
1884 2413 2032 2458 mox
2088 2395 2334 2475 loquar.
2367 2397 2460 2457 Ibi
2490 2399 2806 2460 enimvero
2836 2405 3044 2479 empto
3069 2405 3130 2461 et
3158 2398 3346 2479 paulo
3368 2399 3503 2461 lon-

270 2495 392 2572 gius
429 2512 767 2575 progresso
801 2513 1019 2576 Opere,
1051 2514 1194 2557 cum
1233 2496 1470 2557 inedita
1506 2496 1713 2575 Cyrilli
1741 2498 1997 2559 materia
2036 2497 2269 2558 affatim
2309 2504 2369 2558 et
2401 2516 2588 2577 supra
2625 2515 2878 2560 omnem
2919 2516 3096 2578 spem
3127 2498 3497 2575 abundaret,

269 2597 618 2677 poznitentia
651 2615 750 2659 me
778 2598 967 2678 cepit,
998 2599 1168 2678 quod
1199 2598 1637 2677 supplementa
1659 2597 1867 2674 Cyrilli
1903 2615 2185 2659 seorsum
2225 2615 2260 2658 a
2289 2612 2506 2659 catena
2535 2599 2811 2661 Corderii
2842 2601 3008 2679 typis
3038 2599 3352 2662 excudere
3407 2602 3498 2663 in-

267 2702 612 2776 stituissem,
648 2719 791 2764 cum
824 2712 1041 2764 contra
1100 2703 1481 2782 Oportuisset
1528 2701 1936 2762 Corderianas
1991 2701 2200 2781 potius
2238 2700 2444 2779 Cyrilli
2497 2707 2707 2780 partes
2760 2703 2924 2763 inter
2954 2701 3098 2762 libri
3139 2701 3265 2763 mei
3299 2701 3497 2765 multo

265 2801 575 2863 uberiores
614 2818 686 2864 ac
714 2803 1178 2882 praestantiores
1233 2803 1476 2864 divitias
1507 2819 1839 2864 conserere
1877 2819 1891 2861 :
1930 2819 2057 2881 quo
2087 2802 2274 2876 facto,
2307 2802 2622 2880 integrum
2651 2820 2853 2883 prope
2881 2803 3085 2882 Cyrilli
3111 2803 3188 2865 ad
3217 2804 3498 2868 Psalmos

265 2905 771 2965 commentarium
798 2905 863 2967 in
892 2907 1116 2968 seriem
1155 2905 1587 2968 restituissem.
1622 2907 1815 2967 Tanta
1845 2905 2013 2966 enim
2049 2912 2141 2966 est
2177 2905 2525 2984 Cyrillianaa
2569 2906 2660 2967 rei
2713 2906 2779 2968 in
2820 2907 3131 2969 Vaticanis
3172 2908 3496 2972 codicibus

262 3002 450 3081 copia,
491 3011 562 3066 ut
605 3003 951 3082 fragmenta
989 3005 1255 3068 antehac
1317 3006 1481 3067 edita
1515 3004 1704 3081 longe
1742 3013 1997 3086 superet
2037 3006 2404 3084 obruatque.
2458 3008 2637 3070 Nunc
2685 3006 2832 3085 quia
2877 3007 3205 3069 consilium
3249 3015 3492 3072 mutare

262 3109 454 3180 coepto
485 3103 554 3164 in
592 3122 782 3184 opere
827 3123 956 3168 non
989 3106 1238 3180 licebat,
1275 3112 1560 3186 superest
1590 3115 1657 3168 ut
1691 3114 1822 3168 tum
1853 3107 2107 3169 demum
2143 3113 2311 3169 totus
2348 3107 2556 3186 Cyrilli
2578 3109 2644 3169 in
2678 3109 2956 3171 Psalmos
3004 3110 3491 3172 commentarius

260 3221 372 3264 una
401 3204 562 3266 serie
599 3213 1008 3269 connectatur
1041 3205 1151 3286 (b),
1188 3223 1329 3269 cum
1358 3205 1568 3266 omnia
1604 3205 1976 3267 sanctissimi
2001 3204 2113 3265 viri
2143 3221 2357 3284 opera,
2399 3205 2629 3285 partim
2649 3205 2856 3267 adhuc
2891 3204 3174 3284 dispersa
3206 3213 3314 3268 aut
3337 3223 3489 3286 per-

260 3304 487 3367 turbata
513 3355 527 3378 ,
577 3323 743 3369 novo
779 3325 851 3369 ac
883 3307 1146 3372 meliore
1190 3316 1498 3388 apparatu
1535 3306 1833 3380 edentur;
1874 3306 2046 3387 quod
2092 3305 2228 3368 fore
2262 3323 2554 3385 auguror,
2589 3313 2648 3370 et
2674 3306 2738 3371 in
2784 3306 3125 3387 superioris
3156 3307 3492 3372 voluminis

259 3406 512 3485 prologo
544 3409 700 3471 satis
729 3411 916 3472 suasi.

324 3509 380 3570 6.
408 3511 678 3572 Codices
707 3513 870 3574 unde
899 3523 1178 3594 sumptus
1211 3513 1507 3592 Cyrillus.
1537 3548 1612 3559 —
1642 3513 1798 3576 Sunt
1827 3517 2033 3575 autem
2071 3517 2429 3575 catenarum
2466 3512 2532 3575 in
2571 3511 2848 3576 Psalmos
2877 3511 3160 3577 Vaticani
3215 3513 3488 3589 codices,

255 3611 409 3673 unde
437 3630 554 3676 nos
597 3615 889 3692 Cyrillum
919 3616 1263 3690 hausimus,
1297 3617 1384 3677 hi.
1417 3619 1466 3677 Ι.
1504 3616 1712 3678 Codex
1754 3631 1942 3694 quem
1968 3619 2035 3675 A.
2069 3615 2342 3695 appello,
2383 3615 2547 3676 inter
2603 3620 2863 3676 caeteros
2913 3619 3240 3694 praestans,
3282 3630 3486 3675 mem-

256 3708 538 3788 braneus,
581 3717 801 3778 saeculi
843 3734 980 3791 xm,
1019 3717 1085 3778 in
1114 3716 1225 3779 fol.
1259 3716 1548 3778 Continet
1586 3715 1639 3777 is
1690 3716 1922 3777 Nicetae
1949 3715 2017 3776 in
2045 3715 2333 3793 Psalmos
2354 3717 2606 3777 Patrum
2655 3722 2962 3790 catenam,
3017 3716 3278 3796 praeﬁxo
3332 3735 3484 3796 pro-

251 3811 407 3892 logo,
460 3835 665 3897 quem
712 3837 830 3881 nos
883 3825 1024 3882 ante
1074 3820 1369 3900 Cyrillum
1422 3826 1703 3881 nostrum
1747 3825 1988 3880 exstare
2038 3818 2370 3880 voluimus.
2418 3819 2524 3879 Est
2558 3817 2661 3879 hic
2697 3817 2866 3879 idem
2897 3817 3097 3879 codex
3133 3817 3304 3879 unde
3336 3818 3488 3881 olim

249 3911 574 3977 Felckman
595 3934 712 3978 nus
741 3935 902 3979 nova
937 3919 1150 3996 magni
1187 3917 1505 3978 Athanasii
1537 3917 1613 3978 ad
1641 3915 1923 3977 Psalmos
1951 3917 2296 3994 fragmenta
2325 3917 2564 3990 extulit,
2591 3934 2731 3996 qua;
2762 3917 2827 3977 in
2849 3917 3301 3980 Montfauconii
3342 3919 3483 3980 edi-

249 4010 408 4074 tione
464 4015 690 4077 videre
731 4024 844 4077 est.
892 4017 1045 4089 Quia
1095 4033 1242 4078 vero
1284 4016 1386 4077 hic
1440 4015 1641 4078 codex
1693 4015 1948 4075 nonnisi
1994 4032 2194 4094 usque
2224 4016 2300 4076 ad
2341 4014 2649 4095 psalmum
2693 4032 2888 4075 Lxxvl
2934 4016 3295 4094 porrigitur,
3337 4021 3486 4081 satis

250 4121 485 4176 constat
520 4115 751 4178 deesse
797 4117 1061 4178 alterum
1105 4116 1273 4197 paris
1323 4115 1508 4177 molis
1538 4113 1854 4183 volumen.
1887 4114 2058 4194 quod
2087 4132 2238 4176 num
2275 4113 2504 4176 alicubi
2535 4113 2740 4176 adhuc
2775 4120 2996 4189 exstet,
3033 4115 3211 4178 valde
3241 4117 3481 4180 dubito.

247 4218 317 4276 II.
343 4219 549 4281 Codex
576 4222 680 4293 B.,
715 4220 1100 4294 chartaceus,
1127 4219 1338 4281 saeculi
1360 4237 1472 4291 xv,
1503 4216 1642 4291 fol.,
1681 4218 1748 4278 in
1778 4217 1903 4280 duo
1929 4235 2152 4296 magna
2173 4218 2489 4278 volumina
2517 4217 2901 4297 dispertitus,
2930 4235 3074 4279 cum
3112 4223 3329 4282 catena
3364 4222 3481 4283 Pa-

246 4324 401 4380 trum
439 4321 518 4382 ad
555 4321 927 4383 Psalterium
968 4328 1168 4383 totum
1209 4320 1661 4400 copiosissima.
1697 4321 1894 4392 Quare
1925 4326 1985 4381 et
2017 4319 2118 4381 hic
2167 4319 2331 4380 inter
2364 4317 2494 4380 fere
2533 4317 2956 4380 nobilissimos
3000 4318 3325 4380 habendus
3365 4329 3479 4382 est.

245 4419 340 4478 III.
365 4422 576 4482 Codex
597 4422 692 4494 C.,
726 4421 1166 4500 bombycinus,
1189 4420 1255 4482 in
1275 4420 1332 4493 4,
1362 4437 1506 4482 saec.
1541 4437 1677 4493 xxv,
1711 4419 1823 4498 qui
1864 4426 2094 4498 praater
2132 4427 2415 4481 catenam
2447 4418 2633 4480 habet
2666 4418 2851 4478 etiam
2881 4417 3234 4496 adjunctam
3265 4437 3483 4499 quam-

245 4518 376 4580 dam
421 4519 896 4600 paraphrasim;
943 4521 1027 4581 ita
1074 4526 1284 4582 tamen
1311 4525 1380 4580 ut
1417 4535 1452 4579 a
1491 4518 1651 4598 psal.
1691 4535 1901 4579 xxxvi
1935 4518 2012 4579 ad
2043 4536 2103 4578 LI
2130 4524 2190 4579 et
2211 4517 2528 4581 interdum
2571 4516 2722 4578 alibi
2760 4514 3146 4578 scholiorum
3183 4519 3482 4581 comitatu

245 4617 637 4682 destituatur.
671 4621 773 4682 IV.
807 4621 1015 4682 Codex
1058 4622 1155 4695 D.,
1193 4621 1484 4692 membr.,
1519 4619 1586 4679 in
1632 4618 1772 4693 fol.,
1812 4635 1958 4681 saac.
2005 4636 2095 4692 x1,
2152 4619 2330 4681 valde
2383 4617 2633 4693 nobilis,
2684 4635 2826 4680 cum
2873 4624 3177 4698 perpetua
3238 4627 3477 4694 catena,

243 4734 375 4780 cum
401 4719 858 4802 hexaplaribus
896 4721 962 4782 in
1023 4719 1301 4797 margine
1353 4715 1782 4788 varietatibus,
1830 4721 1893 4776 et
1920 4733 2060 4778 cum
2095 4716 2313 4794 grandi
2369 4717 2645 4795 isagoge,
2687 4734 2764 4778 ex
2812 4732 2936 4796 qua
2977 4716 3479 4782 Montfauconius

239 4817 298 4880 in
339 4821 478 4884 aliis
521 4823 693 4885 lecta
735 4823 1058 4885 codicibus
1104 4822 1219 4884 tria
1263 4821 1547 4899 Origenis
1594 4816 1898 4898 cpuscula
1948 4819 2142 4880 edidit
2197 4828 2342 4882 ante
2371 4819 2869 4888 Iceleberrimam
2925 4837 3099 4882 suam
3155 4823 3478 4901 Ηεωαριοη

237 4937 365 4979 rum
395 4922 892 4985 restitutionem.
943 4923 1015 4982 V.
1067 4921 1276 4984 Codex
1304 4922 1400 4994 E.,
1448 4918 1914 4993 membraneus,
1963 4917 2100 4992 fol.,
2134 4935 2278 4981 saec.
2328 4936 2462 4992 xxv,
2496 4926 2714 4981 catena
2743 4919 2811 4982 in
2849 4924 3048 4980 totum
3085 4921 3472 4984 Psalterium.

236 5019 326 5081 VI.
373 5023 591 5084 Codex
622 5024 718 5097 F.,
754 5022 821 5084 in
867 5021 950 5096 4.,
984 5021 1451 5094 membraneus,
1483 5019 1698 5081 saeculi
1739 5036 1808 5083 x1
1837 5018 1935 5081 vel
1962 5037 2080 5095 xu,
2115 5019 2386 5098 eleganti
2426 5020 2791 5101 scriptione,
2820 5018 2887 5080 in
2931 5019 3209 5081 Psalmos
3251 5037 3476 5083 omnes

234 5130 466 5186 catena.
518 5126 659 5187 VII.
704 5123 912 5187 Codex
964 5125 1063 5198 G.,
1113 5122 1250 5197 fol.,
1293 5123 1514 5194 chart.,
1576 5140 1820 5199 recens,
1877 5133 2097 5187 catena
2143 5140 2179 5185 a
2214 5122 2454 5204 psalmo
2491 5140 2551 5184 LI
2587 5138 2790 5202 usque
2812 5121 2890 5182 ad
2938 5121 3128 5184 ﬁnem
3165 5122 3468 5186 Psalterii.

236 5223 383 5287 VIII.
408 5225 632 5290 Codex
661 5227 765 5300 B.,
786 5226 925 5299 fol.,
957 5225 1182 5300 chart.,
1213 5225 1280 5287 in
1311 5224 1438 5287 duo
1460 5223 1778 5287 volumina
1800 5229 2026 5298 sectus,
2059 5224 2169 5305 qui
2188 5223 2305 5286 fuit
2334 5224 2484 5286 olim
2514 5221 3052 5303 Gibertiepiseopi
3065 5223 3469 5299 Veronensis,

237 5332 443 5389 catena
468 5328 678 5389 densa
704 5341 741 5387 a
774 5323 1014 5404 psalmo
1037 5342 1115 5386 Lv
1143 5323 1209 5386 in
1240 5339 1459 5386 omnes
1489 5321 1790 5403 reliquos,
1821 5340 1962 5404 quae
1991 5339 2134 5395 cum
2153 5321 2258 5384 illa
2280 5327 2615 5402 praestante
2635 5318 2872 5382 codicis
2900 5320 2968 5380 Β.
3001 5319 3178 5384 valde
3210 5325 3470 5405 conspi-

229 5430 335 5486 rat.
374 5428 480 5489 IX.
505 5425 727 5488 Codex
759 5426 810 5498 Ι,
842 5424 1134 5496 membr.,
1168 5422 1304 5497 fol.,
1356 5439 1504 5485 saec.
1544 5439 1658 5497 xu,
1708 5428 1928 5486 catena
1966 5440 2001 5485 a
2041 5421 2197 5504 psal.
2233 5420 2438 5502 primo
2479 5419 2558 5482 ad
2597 5418 3224 5500 quinquagesimum;
3275 5441 3470 5504 quare

231 5526 319 5587 vix
354 5534 451 5590 est
487 5526 941 5600 dubitandum,
968 5526 1122 5607 quin
1158 5525 1279 5587 alia
1309 5524 1436 5588 duo
1475 5524 1644 5606 paris
1671 5524 1857 5587 molis
1894 5523 2213 5586 volumina
2259 5522 2611 5585 interierint
2641 5522 2738 5586 vel
2779 5522 3010 5590 alicubi
3073 5523 3327 5588 lateant.
3364 5527 3469 5588 Est

223 5639 364 5687 vero
401 5625 510 5691 hic
558 5626 767 5690 codex
801 5626 999 5690 multo
1032 5625 1422 5699 utilissimus,
1457 5625 1605 5707 quia
1635 5623 1908 5704 spatiosa
1951 5639 2115 5702 pene
2166 5637 2298 5702 prae
2347 5619 2590 5683 caneris
2627 5621 2911 5684 continet
2947 5621 3196 5684 Patrum
3244 5637 3470 5686 excer-

287 5786 364 5854 ir)
389 5782 528 5848 Vide
566 5801 688 5847 not.
729 5793 794 5848 ad
823 5791 1435 5863 CyrilliExpositionc-m
1479 5790 1532 5843 in
1565 5790 1606 5843 ll
1639 5788 1786 5845 Cor..
1912 5785 2041 5863 _(b')
2088 5785 2241 5863 Quod
2300 5786 2354 5843 in
2402 5786 2502 5843 hac
2555 5786 2846 5842 novissima
2905 5787 3143 5846 editione
3208 5787 3464 5850 fecimus.

222 5873 335 5922 cap.
371 5880 485 5924 xm,
519 5879 676 5918 vers.
709 5863 757 5915 5.
869 5855 883 5863 ⁷
1117 5855 1131 5863 “
1912 5856 2056 5911 Enn.
2094 5855 2251 5909 Pun.
2287 5939 2295 5948 .
