4120 6512
582 402 679 459 Hi
1949 400 2150 456 (ΞΛΜ).
2185 404 2209 458 Α

2213 404 2345 459 tNG.
2389 404 2511 459 MAI
3733 404 3840 461 ΗΞ

585 526 733 601 pta:
766 532 908 605 quae
929 531 1030 583 res
1068 529 1169 577 me
1199 512 1539 576 commovit
1564 518 1657 586 ut,
1698 518 1927 592 praeter
1955 513 2277 594 Cyrillum,
2309 515 2465 578 alios
2493 533 2751 605 quoque
2782 516 3021 599 aliquot
3059 533 3466 599 excerperem
3504 518 3720 587 Patres
3744 517 3841 580 in-

589 622 816 696 editos,
857 638 1018 700 quos
1056 626 1341 698 tempore
1372 615 1717 678 commodo
1766 616 1833 681 in
1870 616 2073 680 lucem
2116 618 2453 699 proferam.
2507 621 2580 680 X.
2629 621 2838 684 Codex
2878 624 2979 697 K.,
3019 622 3310 697 membr.,
3345 622 3482 696 fol.,
3524 640 3671 686 saec.
3716 639 3833 692 xii.

587 732 811 786 catena
841 721 1083 797 integra
1122 718 1190 780 in
1220 715 1524 791 Psalmos,
1559 735 1698 778 cum
1748 716 1854 779 illa
1884 735 2139 798 quoque
2160 720 2420 797 isagoge
2451 719 2529 781 de
2552 738 2676 799 qua
2708 721 2836 785 dixi
2859 722 2937 789 ad
2988 723 3128 787 cod.
3192 724 3261 791 D.
3287 725 3357 787 In
3406 722 3523 786 hac
3577 724 3835 804 isagoge

586 832 734 889 sunt
761 822 949 886 etiam
978 818 1361 882 Theodoreti
1395 824 1769 895 argumenta
1814 820 2227 897 Psalmorum,
2268 823 2469 885 multo
2500 824 2682 887 editis
2732 823 3041 902 pleniora,
3088 842 3450 909 quanquam
3492 824 3843 897 identidem

584 935 756 994 certe
783 923 1159 1005 interpolata
1196 927 1363 984 sunt.
1394 923 1498 987 XI.
1529 921 1739 993 Codex
1776 924 1869 996 L.,
1897 924 2191 998 membr.,
2226 924 2293 985 in
2326 924 2384 998 4,
2420 924 2635 987 smculi
2674 927 2870 987 ferme
2912 944 3003 987 χιι
3038 935 3145 993 aut
3171 947 3308 1003 xui,
3335 939 3552 995 catena
3582 930 3647 997 in
3688 933 3837 1001 uni-
3877 1004 3881 1008 _

584 1049 833 1107 versum
862 1027 1258 1099 Psalterium,
1293 1040 1442 1087 cum
1476 1021 1777 1103 praedicta
1822 1022 2105 1100 isagoge.
2139 1025 2491 1104 Cmteroqui
2528 1023 2629 1086 hic
2663 1023 2865 1086 codex
2913 1025 3160 1088 mendis
3197 1027 3493 1090 abundat.
3550 1028 3679 1089 XII.
3714 1024 3836 1090 Co-
3872 1020 3875 1028 ί

581 1139 827 1211 dexM.,
860 1138 1084 1209 chart.,
1124 1132 1264 1205 fol.,
1297 1146 1443 1191 saec.
1481 1146 1594 1201 xv,
1648 1126 1715 1188 in
1745 1127 2107 1197 universum
2142 1126 2513 1191 Psalterium
2565 1135 2808 1190 catena.
2861 1130 3073 1191 Patres
3104 1136 3313 1197 autem
3353 1130 3421 1193 in
3459 1128 3556 1191 his
3599 1129 3841 1193 catenis

578 1239 813 1302 laudati
842 1254 1033 1318 supra
1063 1230 1519 1313 quinquaginta
1547 1235 1715 1303 sunt,
1753 1245 1985 1309 nempe
2022 1230 2400 1301 Anastasius,
2427 1229 2706 1291 Andreas
2741 1230 3121 1310 (Cretensis),
3155 1235 3525 1310 Anonymus
3556 1231 3837 1317 quidam,

578 1343 949 1415 Antiochus,
983 1336 1384 1419 Apollinaris,
1412 1333 1697 1406 Arethas,
1729 1334 2049 1406 Arsenius,
2092 1334 2389 1409 Asterius,
2423 1352 2594 1396 nunc
2623 1334 2759 1395 sine
2785 1334 3101 1413 adjuncto,
3132 1349 3301 1394 nunc
3336 1332 3621 1406 Arianus,
3655 1330 3843 1393 Atha-

579 1444 819 1518 nasius,
860 1440 1149 1511 Basilius,
1192 1438 1544 1512 Cassianus,
1576 1437 1884 1509 Clemens,
1929 1436 2194 1515 Cyrillus
2230 1437 2433 1512 Alex.,
2469 1436 2739 1516 Cyrillus
2782 1436 3125 1512 Hierosol.,
3161 1435 3425 1516 Cyrillus
3481 1437 3839 1516 presbyter,

578 1543 907 1621 Didymus,
968 1538 1305 1611 Diodorus,
1342 1537 1727 1615 Dionysius,
1792 1536 2168 1611 Dorotheus,
2218 1537 2637 1617 Ephraemius,
2685 1538 3107 1619 Epiphanius,
3162 1536 3481 1612 Evagrius,
3534 1534 3845 1611 Eulogius

579 1642 785 1715 Alex.,
817 1639 1126 1701 Eusebius
1155 1641 1409 1713 Caesam,
1450 1637 1836 1713 Gennadius,
1868 1638 2195 1715 Georgius,
2245 1639 2616 1712 Germanus,
2671 1637 3009 1715 Gregorius
3045 1638 3221 1710 Naz.,
3251 1633 3591 1711 Gregorius
3622 1635 3842 1712 Nyss.,

579 1742 959 1815 Hadrianus,
992 1739 1365 1827 Hesychius,
1405 1739 1852 1818 Hieronymus,
1885 1739 2217 1819 Hypatius,
2250 1741 2527 1802 Joannes
2557 1738 3057 1817 Chrysostomus,
3090 1740 3365 1799 Joannes
3398 1737 3843 1809 Damascenus,

579 1844 880 1917 Isidorus,
927 1842 1259 1915 Maximus,
1290 1841 1763 1921 Metaphrastes,
1809 1840 2187 1916 Methodius,
2219 1840 2685 1921 MetrOphanes,
2730 1840 2976 1903 Nicetas
3016 1839 3229 1912 David,
3255 1839 3452 1913 Nilus,
3504 1836 3839 1916 Olympio-

580 1948 797 2019 dorus,
852 1944 1183 2021 Origenes,
1236 1941 1418 2011 Philo
1471 1944 1691 2018 Hebr.,
1746 1943 2032 2019 Photius,
2073 1945 2362 2017 Severus,
2410 1941 2685 2017 Scholia,
2723 1940 3182 2017 Thcodoretus,
3216 1943 3611 2014 Theodorus,
3636 1937 3836 2001 modo

578 2050 716 2113 sine
748 2048 1044 2128 adjuncto
1079 2047 1367 2126 (fortasse
1398 2047 1857 2128 Heracleotes),
1890 2048 2084 2110 modo
2113 2047 2543 2110 Antiochenus
2572 2047 2671 2108 vel
2704 2048 3125 2131 Mepsuestim,
3183 2045 3582 2108 Theodosius
3635 2042 3840 2123 (cujus

581 2165 700 2210 nos
756 2146 907 2209 olim
942 2146 1256 2207 edidimus
1287 2146 1530 2209 scholia
1561 2146 1847 2227 quaedam
1882 2147 1958 2208 ad
1988 2146 2358 2225 Danielem),
2394 2146 2783 2219 Theodotus,
2817 2144 3230 2224 Theophilus,
3272 2153 3332 2207 et
3360 2145 3623 2206 fortasse
3669 2156 3838 2201 non-

577 2251 738 2313 nulli
766 2250 894 2313 alii.
923 2251 1200 2312 Citantur
1239 2258 1544 2330 prmterea
1580 2249 1918 2329 aliquando
1949 2258 2157 2312 textus
2176 2251 2500 2323 Hebraeus,
2525 2249 2931 2330 Septuaginta
2958 2252 3364 2330 Interpretes,
3394 2241 3637 2324 Aquila,
3662 2240 3842 2319 Sym-

578 2346 863 2423 machus,
900 2346 1275 2421 Theodotio,
1315 2352 1375 2407 et
1402 2346 1625 2418 Quinta
1670 2364 1741 2408 ac
1778 2348 1961 2409 Sexta
1987 2347 2332 2409 Editioncs.
2363 2349 2453 2409 Ex
2479 2347 2578 2409 his
2613 2349 2886 2429 quisque
2919 2349 3200 2412 eruditus
3248 2348 3439 2420 videt,
3475 2342 3695 2424 quanti
3738 2338 3836 2400 la-

582 2462 759 2531 teant
792 2456 860 2517 in
884 2455 982 2518 his
1016 2455 1343 2518 codicibus
1372 2454 1675 2516 doctrinm
1703 2454 2006 2527 thesauri,
2047 2455 2158 2535 qui
2194 2454 2587 2533 singulorum
2635 2457 2886 2517 Patrum
2931 2455 3240 2518 editiones
3275 2449 3596 2515 cumulare
3649 2451 3836 2525 pote-

579 2563 748 2635 runt,
783 2556 880 2623 vel
911 2556 1100 2618 etiam
1128 2556 1419 2635 primitus
1453 2555 1520 2617 in
1560 2554 1883 2635 publicam
1919 2555 2126 2618 lucem
2169 2556 2494 2619 vindicari.
2553 2558 2683 2619 Nos
2725 2556 2967 2619 interea
3018 2574 3219 2620 unum
3269 2574 3345 2619 ex
3394 2560 3485 2616 tot
3540 2550 3837 2632 Cyrillum

579 2658 1073 2734 Alexandrinum
1101 2658 1556 2739 excerpsimus,
1586 2666 1649 2721 et
1683 2659 2079 2737 singulorum
2122 2660 2417 2722 codicum
2455 2661 2823 2729 indicativas
2848 2662 3085 2724 litteras
3111 2659 3177 2720 in
3208 2656 3348 2721 libri
3376 2652 3573 2717 nostri
3602 2650 3833 2727 margi-

579 2758 767 2837 hibus
794 2758 871 2833 ad
915 2768 1288 2840 perpetuam
1316 2760 1591 2825 veritatis
1612 2762 2214 2840 demonstrationem
2244 2763 2556 2826 laboriosa
2593 2765 2924 2833 sedulitate
2955 2763 3381 2844 ascripsimus.

660 2862 719 2922 7.
764 2860 990 2939 Cyrilli
1026 2862 1449 2943 fragmentum
1491 2868 1837 2931 Veronense
1868 2878 1927 2931 et
1964 2868 2116 2931 alia.
2144 2904 2219 2914 -—
2250 2870 2387 2931 Dixi
2435 2878 2642 2945 antea,
2682 2889 2785 2933 me
2813 2870 2891 2934 de
2936 2869 3287 2933 Veronensi
3321 2882 3579 2950 quoque
3625 2860 3837 2943 Cyrilli.

579 2966 933 3046 fragmento
961 2967 1345 3032 locuturum.
1376 2974 1462 3035 Ea
1487 2990 1589 3034 res
1619 2974 1703 3041 ita
1727 2991 1795 3035 se
1826 2972 2016 3037 habet
2044 2991 2058 3035 :
2086 2978 2265 3036 Anno
2294 2973 2465 3049 18M,
2490 2981 2821 3053 postquam
2850 2976 3067 3036 Romae
3088 2978 3218 3052 jam
3246 2968 3541 3050 Cyrillum
3570 2966 3636 3027 in
3657 2962 3835 3031 Pauli

578 3068 889 3149 Epistolas
915 3071 1085 3149 typis
1105 3068 1569 3152 impresseram,
1604 3074 2014 3153 ejusdemque
2042 3074 2111 3145 in
2132 3074 2410 3137 Psalmos
2442 3075 2963 3139 commentarium
2998 3073 3223 3153 partim
3258 3088 3439 3150 aeque
3468 3066 3648 3150 prelo
3677 3083 3833 3144 sup-

580 3186 941 3251 posueram,
973 3169 1138 3234 facto
1166 3171 1235 3233 in
1264 3170 1730 3237 autumnalibus
1766 3172 1941 3235 feriis
1979 3190 2094 3253 per
2125 3174 2520 3255 superiorem
2552 3174 2793 3239 Italiam
2827 3192 3118 3246 excursu,
3154 3172 3434 3234 Venetiis
3469 3168 3675 3250 primo
3708 3166 3827 3245 Cy—

582 3276 705 3339 rilli
726 3275 1074 3353 fragmenta
1094 3276 1173 3341 ad
1202 3279 1446 3354 Regum
1467 3277 1662 3340 libros
1684 3294 1761 3339 ex
1792 3277 1991 3340 nobili
2021 3278 2334 3343 Marciano
2364 3276 2583 3347 codice
2615 3277 2866 3356 collegi.
2910 3276 3146 3339 Deinde
3177 3276 3490 3336 Veronam
3540 3269 3831 3337 veniens,

586 3377 757 3438 adita
806 3379 939 3437 RR.
970 3378 1431 3440 Canonicorum
1466 3380 1699 3457 insigni
1746 3380 2036 3441 codicum
2100 3380 2507 3455 bibliotheca,
2554 3381 2815 3460 quaesivi
2851 3397 2887 3442 a
2938 3376 3416 3443 bibliothecario
3475 3390 3627 3436 num
3676 3369 3833 3452 quid

579 3480 671 3543 ibi
695 3480 906 3559 Cyrilli
941 3490 1450 3557 conservaretur;
1481 3484 1593 3562 qui
1639 3483 1795 3545 mihi
1853 3485 2059 3546 statim
2114 3483 2337 3546 folium
2376 3485 2626 3559 obtulit,
2676 3484 2844 3546 inter
2894 3482 3148 3545 codices
3184 3480 3312 3541 illic
3366 3479 3827 3543 conservatum,

582 3581 756 3659 quod
785 3579 1011 3660 cupide
1046 3583 1409 3662 inspiciens,
1438 3588 1642 3667 ipsam
1670 3605 1807 3653 esse
1845 3588 2115 3665 cognovi
2137 3588 2346 3667 Cyrilli
2376 3588 2812 3669 praefationem
2850 3585 3015 3668 (quae
3059 3585 3126 3647 in
3154 3582 3468 3648 Vaticanis
3502 3575 3836 3641 codicibus

580 3683 817 3764 deerat)
859 3688 937 3751 ad
992 3707 1176 3751 suum
1228 3692 1296 3753 in
1331 3692 1615 3755 Psalmos
1648 3694 2195 3768 commentarium,
2223 3710 2411 3772 quem
2446 3711 2589 3771 ego,
2621 3701 2689 3756 ut
2722 3693 2874 3768 dixi,
2898 3692 3030 3772 jam
3057 3686 3424 3766 imprimere
3452 3672 3829 3759 3099mm“

582 3786 806 3847 Romaa
841 3804 1182 3867 cmperam.
1207 3793 1370 3872 Ergo
1419 3795 1559 3856 data
1588 3812 1623 3857 a
1648 3797 1780 3856 RR.
1822 3797 2150 3857 Canonicis
2189 3797 2464 3875 benigne
2492 3798 2668 3861 venia
2717 3796 3047 3875 gemmulae
3097 3794 3282 3875 hujus
3312 3782 3635 3864 exemplar
3660 3779 3828 3863 ρδτί-

579 3888 700 3950 bus
743 3888 1086 3953 litterarum
1125 3894 1343 3959 formis
1370 3897 1675 3972 faciendi,
1742 3907 1929 3979 prout
1990 3917 2157 3961 nunc
2212 3900 2279 3961 in
2332 3902 2541 3963 tabula
2596 3910 2808 3963 nostra
2856 3898 3245 3980 conspicitur
3306 3890 3432 3969 (ﬂ);
3502 3898 3650 3944 1110‘
3700 3878 3828 3940 ibi“

582 3982 727 4047 dem
774 3987 895 4067 legi
954 3992 1142 4053 etiam
1197 3999 1696 4078 manuscriptum
1750 3998 2191 4077 capitularium
2224 4000 2512 4063 codicum
2551 4002 2896 4063 indiculum
2933 4018 2967 4061 a
3006 3997 3303 4077 Scipione
3358 3988 3625 4052 Matfteio
3678 3998 3835 4046 con-

584 4086 933 4159 fectum,in
975 4110 1102 4171 quo
1133 4096 1249 4156 sub
1300 4115 1565 4161 numero
1615 4098 1723 4159 119
1756 4100 1847 4158 vir
1890 4099 1994 4163 ille
2047 4098 2468 4175 doctissimus,
2515 4102 2832 4181 Cyrilliani
2903 4100 3038 4163 folii
3093 4104 3270 4161 antea
3330 4106 3679 4175 possessor.
3741 4087 3831 4146 ita3

582 4185 805 4249 scribit
842 4206 854 4250 :
893 4215 920 4247 α
950 4192 1157 4255 Codex
1190 4212 1318 4257 non
1351 4204 1467 4271 est,
1504 4216 1693 4277 quem
1732 4200 1833 4262 hic
1862 4200 1999 4272 tibi,
2031 4200 2251 4271 lector,
2284 4217 2493 4273 narro,
2544 4202 2653 4263 sed
2691 4201 2934 4281 pagella
2966 4217 3093 4263 una
3128 4192 3517 4265 membranei
3562 4188 3830 4258 codicis.

582 4291 645 4346 ct
673 4289 927 4366 quidem
959 4294 1141 4355 exilis
1158 4296 1519 4359 admodum.
1542 4302 1824 4364 Abscissa
1855 4302 2074 4382 procul
2098 4301 2291 4365 dubio
2318 4303 2457 4376 fuit,
2490 4303 2868 4365 detrimento
2890 4319 3144 4381 magno,
3166 4298 3595 4365 emolumento
3619 4290 3827 4362 nullo.

584 4387 663 4448 ab
694 4390 929 4454 eximia
954 4400 1015 4453 et
1042 4394 1221 4457 multi
1251 4395 1542 4467 faciendo
1581 4399 1819 4463 libello.
1853 4402 1967 4474 Qui
2003 4418 2141 4464 eam
2169 4401 2247 4463 ad
2278 4420 2380 4464 me
2416 4402 2608 4476 misit,
2645 4401 2936 4466 daturum
2971 4420 3038 4464 se
3081 4400 3254 4467 brevi
3291 4393 3641 4479 persimiles
3671 4392 3837 4453 illius

580 4487 829 4563 multas,
864 4494 1321 4574 subsequentes
1344 4505 1523 4578 puto,
1564 4502 1939 4581 Spopondit;
1969 4504 2080 4566 sed
2133 4504 2211 4566 ab
2237 4504 2421 4567 annis
2478 4502 2767 4583 plqribds
2814 4502 3244 4583 nequidquam
3290 4505 3613 4579 exspecto.
3655 4494 3832 4559 Scri-

580 4593 761 4662 ptum
811 4586 1037 4653 litteris
1089 4594 1433 4674 majoribus
1490 4607 1769 4673 constat,
1810 4600 2177 4664 accentibus
2230 4620 2266 4665 a
2314 4602 2516 4682 prima
2574 4620 2765 4671 manu
2829 4603 3277 4684 superpositis;
3326 4599 3663 4680 septimum
3718 4603 3839 4658 aut

581 4693 870 4753 octavum
898 4692 1203 4755 saeculum
1238 4697 1500 4760 redolet.
1533 4701 1624 4762 Ne
1656 4700 1860 4763 avolet
1899 4700 2146 4780 pagella
2206 4709 2267 4763 et
2297 4701 2618 4781 depereat,
2650 4709 2718 4764 ut
2759 4704 2937 4766 initio
2968 4721 3174 4783 nuper
3205 4701 3383 4765 relati
3416 4698 3656 4767 codicis
3681 4695 3835 4757 diti-

580 4796 800 4865 genter
833 4804 1213 4871 assueretur,
1244 4802 1479 4862 curavi.
1512 4804 1671 4876 Quid
1700 4812 1907 4866 autem
1950 4807 2295 4877 contineat,
2322 4807 2564 4885 accipe.
2604 4807 2740 4886 (Hic
2776 4808 3079 4869 Matfaaius
3124 4806 3547 4884 fragmentum
3588 4798 3835 4867 exseris

578 4890 690 4964 bit,
723 4898 855 4957 tum
888 4896 1092 4973 pergit
1126 4898 1336 4961 dicere
1368 4902 1407 4983 :)
1442 4904 1651 4981 Cyrilli
1683 4906 2024 4983 genuinum
2061 4922 2199 4969 esse
2228 4906 2447 4977 fetum,
2490 4924 2564 4968 ex
2594 4908 2812 4987 paucis
2849 4908 2946 4969 his
2977 4909 3181 4970 verbis
3220 4906 3463 4986 optime
3495 4904 3839 4980 dignoscet

579 4993 947 5073 quicunque
995 4996 1163 5060 illius
1214 5017 1410 5081 opera
1456 5003 1798 5081 aliquando
1846 5007 2133 5071 triverit:
2180 5006 2615 5087 deprehendet
2670 5010 2841 5069 enim
2888 5009 3094 5071 statim
3154 5008 3485 5088 proprium
3532 5002 3687 5066 illud
3724 5001 3837 5067 dia

578 5094 767 5157 cendi
796 5112 1018 5173 genus,
1050 5119 1123 5164 ac
1159 5101 1347 5166 veluti
1374 5107 1711 5186 specialem
1743 5109 2046 5190 linguam,
2097 5129 2286 5191 quam
2332 5112 2473 5192 jure
2502 5114 2856 5195 meritoque
2897 5113 3160 5176 Photius
3191 5110 3359 5195 (cod.
3407 5125 3584 5180 xmx,
3625 5125 3688 5187 p.
3724 5104 3835 5183 38)

578 5194 808 5276 Cyl-illo
848 5198 1105 5263 tribuit:
1164 5212 1336 5282 Λόγος
1379 5216 1776 5287 πεπονημένας,
1824 5219 1919 5272 καὶ
1959 5222 2038 5282 εἰς
2091 5218 2401 5284 ἰδιάζουσαν
2451 5222 2592 5276 ἰδέαν
2631 5224 3080 5295 ἐκϐεϐιασμένος,
3118 5194 3216 5279 καὶ
3264 5217 3379 5283 οἷον
3426 5218 3692 5290 λελυμένη
3729 5218 3839 5270 καὶ

579 5306 641 5360 τὸ
692 5307 889 5379 μέτρον
937 5309 1261 5382 ὑπερορῶσα
1300 5315 1538 5387 ποίησις.
1592 5311 1754 5390 Ejus
1800 5314 2004 5373 oratio
2045 5312 2206 5373 elabc

2211 5324 2403 5389 irata,
2440 5324 2497 5377 et
2548 5318 2616 5378 in
2666 5319 3043 5398 peculiarem
3087 5319 3357 5397 formam
3394 5323 3712 5384 contorta,
3750 5330 3838 5371 ac

574 5400 981 5469 celuth'bera
1017 5419 1329 5489 muroque
1375 5410 1582 5472 soluta
1628 5415 1858 5491 poesis.
1915 5414 2183 5478 Phrases
2227 5419 2401 5481 vides
2457 5438 2490 5482 a
2551 5423 2873 5484 communi
2915 5440 3036 5484 usu
3084 5420 3391 5502 loquendi
3435 5423 3737 5488 remotas,
3763 5424 3837 5478 et

576 5506 829 5586 poetica
873 5508 1063 5571 verba
1102 5528 1243 5590 quas
1296 5512 1363 5573 in
1400 5512 1539 5575 aliis
1568 5514 1778 5576 Cvrilli
1826 5517 2125 5595 operibus
2168 5537 2299 5583 non
2354 5539 2481 5584 una
2526 5523 2663 5585 vice
2728 5525 3031 5603 reperias,
3082 5543 3141 5585 v.
3200 5539 3319 5602 gr,
3356 5533 3559 5587 εὐκλεᾶ
3618 5548 3678 5584 τε
3730 5534 3837 5585 καὶ

638 5649 731 5739 1(a)
758 5651 1008 5739 yidesjh
1036 5657 1259 5739 tabula}
1284 5658 1619 5739 Exposi-timii
1648 5660 1701 5739 in
1716 5661 1969 5739 Psalmos
1996 5680 2139 5739 prre-
2251 5683 2469 5739 quoque
2500 5671 2704 5725 celebri
2751 5672 3057 5729 Bibliorum
3113 5674 3287 5728 V'atic.
3317 5672 3506 5729 Matth.
3534 5686 3679 5735 xxv1,
3725 5669 3828 5735 55,

576 5721 1138 5812 areae
1172 5721 1426 5812 δύγοεμάε-
1474 5730 1528 5783 ια
1587 5730 1867 5812 pectinem
1921 5721 2141 5812 τλάςμιτ
2249 5721 3057 5812 ιέεηίιίςεεάδες-έύ.;ο-ε;;ιῖ---η

579 5787 647 5841 ad
685 5787 977 5847 disiectum
1018 5787 1477 5861 Alexandrinam,
1520 5787 1779 5868 quoniam
1837 5804 1890 5856 in
1951 5787 2140 5859 codice
2249 5787 2438 5809 “an”
2483 5787 2636 5812 ’ἿῊ
2681 5787 2821 5813 ””“
