4154 6562
297 482 378 562 ns
1654 474 2167 564 ramum-nes.
3409 513 3515 579 us

245 627 592 693 ’ἁξιὰγαστον
660 625 821 697 χορόν
885 617 1047 679 libro
1099 619 1367 698 septimo
1401 621 1466 680 in
1518 619 1804 682 Genesim
1839 620 1879 698 (ἱ

1886 639 1924 682 n
1967 621 2308 701 Glaphyris
2338 623 2439 684 ed.
2480 622 2735 684 Aubert.
2790 641 2856 704 p.
2893 621 3057 706 238.)
3109 621 3278 704 Opus
3307 607 3521 690 auten!

295 735 399 782 non
425 717 729 779 ineditum
761 718 978 793 modo,
1017 717 1127 781 sed
1171 719 1250 782 ab
1288 721 1549 783 eruditis
1599 721 1980 801 scriptorum
2021 724 2488 786 enarratoribus
2526 725 3036 787 immemoratum
3074 732 3230 805 puto
3284 725 3518 806 (inedi-

294 831 402 884 tum
445 827 612 882 recte
663 819 813 882 dicit
849 821 1172 897 Maﬂ'zeius,
1226 840 1354 886 non
1400 824 1550 886 item
1601 825 1774 905 quod
1821 822 2010 887 fuerit
2055 825 2611 906 immemoratum).
2660 825 2958 906 Cyrillum
3013 827 3403 908 caateroquin
3452 830 3521 892 in

295 921 547 984 Psalmos
579 923 931 1003 scripsisse,
964 941 998 986 e
1041 941 1244 1006 nuper
1272 926 1590 1008 descripto
1623 929 1842 992 codice
1881 929 2017 1010 (seu
2044 929 2246 1010 folio),
2282 947 2359 991 ex
2397 935 2618 992 catena
2647 948 2684 992 a
2704 930 2962 993 Daniele
3004 931 3281 996 Barbaro
3312 950 3517 1008 versa,

297 1031 348 1088 et
395 1039 466 1085 ex
502 1025 882 1088 Corderiana
922 1028 1274 1108 praesertim
1316 1037 1580 1107 constat,
1627 1031 1692 1093 in
1755 1049 1879 1111 qua
1920 1032 2082 1094 ultra
2147 1032 2389 1094 centies
2439 1031 2769 1094 laudatur:
2816 1033 2950 1111 ejus
2989 1041 3199 1094 autem
3259 1032 3520 1113 exposi-

292 1126 472 1186 tiones
505 1129 540 1184 ὰ
579 1124 838 1203 speciali
866 1126 931 1187 in
962 1126 1243 1190 Psalmos
1267 1135 1532 1192 tractatu
1562 1131 1891 1210 decerptas
1922 1147 2082 1205 esse,
2112 1131 2353 1210 primus
2389 1130 2578 1210 (apud
2609 1129 2999 1210 Corderium)
3049 1130 3257 1210 quarti
3297 1128 3524 1210 psalmi
3613 1215 3620 1218 _

290 1232 699 1305 argumentum
733 1229 1067 1292 continens
1096 1231 1297 1306 locus,
1327 1233 1474 1294 satis
1505 1233 1736 1313 prodit.
1776 1257 1804 1290 η
1835 1235 1925 1294 Ita
1949 1234 2274 1308 Mafl'aeius,
2323 1232 2436 1314 qui
2466 1231 2534 1293 in
2566 1231 3007 1293 dissertatione
3029 1231 3214 1292 etiam
3245 1229 3521 1293 secunda

291 1333 357 1394 de
389 1329 746 1408 fragmentis
765 1334 988 1395 Irenaai
1023 1334 1173 1396 edit.
1197 1337 1419 1397 Venet.
1440 1343 1487 1397 t.
1517 1339 1595 1411 II,
1629 1357 1692 1418 p.
1722 1336 1776 1410 4,
1810 1337 1943 1417 jam
1966 1337 2340 1416 scripserat:
2375 1358 2403 1391 «
2430 1336 2629 1396 Nemo
2661 1333 2815 1395 dixit
2847 1336 2907 1395 S.
2929 1333 3229 1412 Cyrillum
3261 1332 3526 1395 Alexan-

291 1435 519 1496 drinum
550 1434 617 1496 in
653 1435 935 1500 Psalmos
987 1438 1346 1518 scripsisse,
1400 1447 1462 1501 et
1515 1446 1723 1503 tamen
1757 1440 1866 1501 abs
1912 1439 2264 1518 fragmento
2303 1438 2566 1518 alicujus
2606 1454 2724 1498 ms.
2780 1435 3070 1510 celebris,
3112 1452 3238 1514 quo
3289 1436 3521 1515 potior,

288 1534 578 1612 colligitur
611 1536 674 1597 id
713 1536 811 1598 vel
853 1538 1276 1603 certissime.»
1321 1545 1495 1605 Patet
1540 1549 1746 1604 autem
1787 1542 2144 1615 llIaffzeium,
2186 1541 2336 1602 dum
2381 1541 2518 1603 haac
2566 1545 2886 1620 postrema
2939 1539 3523 1616 scriberet,-neque
3573 1629 3580 1631 _

286 1643 520 1700 catenas
561 1638 768 1702 adhuc
801 1641 1216 1718 consuluisse,
1265 1662 1473 1724 neque
1521 1645 1871 1707 Fabricium
1903 1651 1965 1706 et
1993 1643 2334 1706 nonnullos
2384 1643 2565 1718 alios,
2617 1642 2727 1722 qui
2768 1641 2976 1722 Cyrilli
3022 1637 3524 1721 deperditumsin

286 1737 550 1802 Psalmos
603 1745 1128 1808 commentarium
1176 1753 1701 1810 memoraverant.
1748 1749 2066 1810 Hactenus
2107 1748 2185 1809 de
2223 1747 2523 1810 litterario
2571 1764 2715 1809 meo
2769 1745 2938 1826 apud
2987 1746 3303 1808 Veronam
3349 1758 3550 1804 casu»

285 1843 482 1903 Statim
515 1861 665 1922 ergo
697 1847 960 1908 Romam
1005 1849 1229 1923 redux,
1267 1851 1541 1929 primum
1575 1851 1895 1930 Cyrilliani
1930 1851 1994 1912 in
2019 1849 2300 1912 Psalmos
2331 1851 2542 1930 operis
2582 1851 2801 1914 folium
2838 1852 2922 1913 ita
2953 1850 3169 1924 refeci,
3211 1855 3279 1911 ut
3315 1851 3533 1911 Vero-

289 1963 534 2009 nensem
578 1949 911 2029 prologum
959 1951 1026 2012 in
1067 1953 1294 2032 capite,
1338 1961 1523 2032 prout
1559 1955 1666 2033 jus
1722 1955 1943 2034 fasque
1991 1961 2144 2030 erat,
2187 1953 2586 2017 collocarem.
2635 1958 2837 2034 Atque
2881 1954 2986 2017 hic
3025 1954 3148 2016 fuit
3191 1952 3414 2015 Veneti
3457 1956 3546 2014 et"

283 2053 649 2114 Veronensis
697 2054 941 2116 itineris
985 2056 1251 2120 fructus.
1300 2057 1425 2120 Sed
1474 2076 1684 2139 neque
1751 2059 1980 2122 frustra
2025 2059 2449 2122 Mediolanum
2493 2076 2565 2122 ac
2622 2059 3000 2122 Florentiam
3054 2060 3228 2122 adii:
3289 2059 3521 2121 etenim
3540 2078 3553 2110 ι

283 2155 461 2228 illinc,
518 2155 571 2216 si
639 2157 849 2219 minus
898 2176 1092 2221 manu
1161 2161 1441 2240 prOpria,
1481 2168 1744 2241 prOpter
1798 2163 2101 2242 temporis
2153 2163 2756 2237 incommoditatem,
2821 2163 3032 2225 favore
3088 2169 3257 2226 certe
3310 2162 3520 2224 homi-

284 2272 421 2317 num
465 2259 818 2322 amicorum
865 2278 1056 2325 novas
1111 2259 1321 2343 Cyrilli
1378 2265 1776 2327 accessiones
1830 2270 2049 2327 nactus
2099 2281 2259 2326 sum.

355 2358 407 2418 8.
440 2362 715 2422 Lexicon
751 2364 862 2423 sub
897 2365 1124 2442 Cyrilli
1177 2367 1446 2427 nomine.
1485 2403 1555 2411 —
1589 2369 1768 2428 Nunc
1799 2367 1946 2446 quia
1987 2367 2054 2427 in
2113 2364 2460 2446 specimine
2519 2381 2672 2427 cuso
2725 2363 2982 2426 titulum
3032 2361 3350 2442 Cyrilliani
3416 2381 3525 2424 cu-

269 2456 508 2537 jusdam
562 2463 768 2524 Lexici
823 2466 1251 2544 exposuimus,
1294 2475 1580 2547 superest
1631 2475 1698 2530 ut
1737 2469 1814 2531 de
1869 2485 1944 2531 eo
1999 2467 2298 2530 Vaticano
2366 2465 2616 2542 codice,
2669 2467 2819 2528 satis
2894 2465 3104 2545 prisco
3156 2482 3229 2526 ac
3289 2463 3518 2538 nobili,

282 2579 461 2640 pauca
518 2565 700 2626 verba
746 2566 1068 2630 faciamus.
1119 2570 1486 2650 Quanquam
1531 2571 1721 2649 igitur
1766 2570 1994 2650 Cyrillo
2048 2568 2437 2631 Alexandriae
2500 2567 2979 2648 archiepiscopo
3019 2565 3085 2628 id
3140 2565 3528 2628 Glossarium

275 2660 654 2736 inscribitur,
703 2671 977 2728 attamen
1039 2667 1300 2747 alicujus
1348 2669 1560 2748 potius
1606 2669 1816 2747 Cyrilli
1868 2667 2253 2748 grammatici
2312 2667 2663 2730 credendus
2721 2665 3053 2740 videbitur,
3114 2673 3304 2744 quam
3356 2663 3524 2726 illius

273 2764 644 2828 sanctissimi
699 2769 984 2846 prmsulis
1032 2788 1045 2831 :
1099 2788 1373 2852 cumque
1422 2773 1475 2834 is
1536 2772 1697 2835 liber
1740 2791 1870 2835 non
1924 2772 2152 2846 semel,
2230 2779 2420 2852 prout
2475 2789 2542 2834 se
2604 2772 2774 2834 varie
2825 2770 2892 2832 in
2951 2768 3137 2831 variis
3202 2768 3525 2831 codicibus

271 2862 525 2939 obtulit,
580 2867 785 2931 editus
865 2871 1074 2946 fuerit,
1120 2873 1279 2934 mihi
1346 2875 1513 2936 nuda
1610 2875 1744 2954 ejus
1806 2875 2326 2936 commemoratio
2387 2874 2535 2935 satis
2600 2873 2708 2933 sit.
2769 2870 3074 2948 Pertingit
3128 2869 3191 2932 id
3246 2869 3523 2932 Lexicon

275 2965 442 3027 valde
487 2970 842 3047 spatiosum
891 2973 957 3034 in
1012 2975 1232 3037 codice
1287 2993 1413 3037 non
1475 2977 1647 3056 parvi
1698 2976 1940 3037 moduli
1985 2995 2019 3037 a
2074 2975 2183 3038 fol.
2248 2973 2272 3036 1
2320 2975 2395 3036 ad
2440 2973 2572 3036 154.
2633 2976 2706 3034 Et
2761 2972 2881 3035 hoc
2943 2972 3312 3034 Vaticanum
3371 2966 3518 3048 qui-

271 3067 406 3130 dem
469 3071 681 3150 Cyrilli
740 3073 1007 3136 Lexicon
1065 3077 1416 3138 communis
1456 3078 1704 3156 generis
1773 3083 1904 3137 est:
1961 3076 2304 3156 cmteroqui
2349 3075 2667 3137 Fabricius
2712 3075 2784 3134 Β.
2827 3074 2902 3137 G.
2947 3065 3047 3135 ed.
3111 3090 3254 3135 nov.
3304 3078 3351 3132 t.
3415 3073 3522 3142 IX,

275 3187 332 3248 p.
384 3169 518 3246 493,
570 3175 657 3235 ait
702 3183 949 3237 exstare
1001 3193 1118 3237 ms.
1166 3177 1231 3238 in
1271 3178 1454 3240 variis
1509 3176 1908 3240 bibliothecis

1885 3196 1908 3238 5
1971 3178 2154 3239 etiam
2218 3184 2487 3254 Κυρίλλου
2533 3185 2612 3248 εἰς
2647 3183 2746 3247 τὰς
2792 3181 3172 3253 ἀπορουμένας
3218 3180 3389 3247 λέξεις
3422 3179 3525 3250 τῆς

273 3285 425 3352 ἁγίας
474 3288 728 3358 Γραφῆς,
761 3280 989 3358 Cyrilli
1027 3283 1099 3342 de
1130 3282 1438 3362 ambiguis
1468 3282 1813 3361 Scriptum
1840 3291 2067 3343 sancite
2113 3279 2471 3348 vocabulis;
2530 3277 2632 3340 cui
2680 3277 2972 3356 subjungi
3030 3269 3189 3338 solet
3241 3274 3524 3354 ejusdem

281 3383 576 3457 Ἐρμηνεία
612 3389 888 3459 ὀνομάτων
923 3392 1016 3444 καὶ
1043 3390 1238 3456 λέξεων
1278 3391 1582 3464 Ἐϐραῖκῶν
1623 3394 1679 3446 ὲν
1706 3393 1826 3454 ταῖς
1873 3392 1921 3444 θε

1881 3391 2044 3454 θείαις
2087 3391 2347 3462 Γραφαῖς,
2381 3379 2836 3458 lnterpretatio
2880 3377 3200 3437 nominum
3241 3392 3313 3435 ac
3343 3392 3521 3434 voca—

273 3474 563 3538 bulorum
595 3479 1002 3541 Hebrceorum
1034 3481 1263 3543 divina:
1299 3483 1674 3563 Scriptum,
1729 3482 2124 3562 alphabetico
2165 3479 2384 3543 ordine
2435 3475 2842 3556 digestorum.
2905 3476 3144 3537 Revera
3189 3473 3256 3535 in
3313 3471 3554 3552 Cyrilli'.

268 3577 428 3657 apud
489 3596 615 3642 nos
650 3581 1100 3643 commentario
1155 3581 1538 3644 Psalmorum
1591 3582 1910 3645 nonnullae
1943 3580 2298 3662 hujusmodi
2345 3597 2422 3642 ex
2477 3577 2785 3640 Hebraico
2827 3576 3376 3658 interpretationes
3406 3591 3554 3636 oc-~

267 3691 546 3756 currunt,
613 3701 863 3748 necnon
917 3686 1100 3749 etiam
1166 3703 1242 3749 ex
1323 3687 1577 3766 Syriaco
1623 3688 1690 3749 in
1734 3686 2013 3768 ejusdem
2068 3683 2274 3765 Cyrilli
2327 3682 2680 3762 fragmento
2717 3675 2789 3742 de
2831 3679 3179 3744 Abrahami
3232 3687 3557 3739 transno--

267 3789 654 3863 minutione,
733 3789 906 3869 quod
962 3808 1040 3854 ex
1087 3771 1448 3854 Florentino
1525 3791 1743 3855 codice
1817 3809 1933 3853 nos
2005 3787 2496 3870 impetravimus.
2553 3787 2680 3849 Suo
2733 3784 2922 3863 igitur
2975 3779 3238 3844 fortasse
3292 3776 3546 3839 Lexico-

267 3893 556 3955 utebatur
605 3894 888 3974 Cyrillus,
929 3913 1058 3960 non
1094 3897 1375 3961 Philonis
1419 3905 1525 3960 aut
1572 3896 1877 3975 Origenis,
1906 3902 1977 3957 ut
2003 3913 2118 3958 nos
2154 3893 2481 3955 interdum.
2515 3889 2893 3971 putavimus.
2937 3887 3074 3978 Nec.
3121 3898 3288 3961 aagre
3343 3878 3520 3961 quis-

263 4014 447 4076 quam
492 3998 621 4059 sibi
660 4001 1056 4077 persuaserit,
1109 4001 1426 4082 Cyrillum,
1477 4001 1587 4082 qui
1619 4007 1818 4063 totum
1845 4001 1986 4061 vitae
2030 4016 2158 4062 suae
2189 4004 2439 4077 tempus
2480 3996 2548 4058 in
2591 4009 2912 4058 sacrorum
2941 3989 3284 4052 Bibliorum
3313 3985 3563 4048 studiow

270 4103 328 4158 et
356 4099 814 4178 explanatione
846 4102 1257 4183 consumpsit,
1305 4102 1510 4164 lexica-
1531 4101 1716 4163 etiam
1758 4105 1954 4162 marte
1993 4098 2253 4180 preprio
2284 4097 2404 4159 sibi
2448 4095 2885 4162 concinnasse,
2936 4091 3165 4171 quibus
3227 4089 3292 4149 in
3343 4101 3552 4148 sacro-

262 4201 486 4264 codiee
550 4202 938 4266 declarando
995 4204 1328 4267 commode
1379 4205 1472 4266 uti
1521 4210 1767 4285 posset;
1822 4201 1918 4264 vel
1951 4218 2092 4281 quae
2135 4204 2382 4282 sponte,
2420 4204 2492 4261 ut
2552 4197 2640 4273 fit,
2679 4192 3034 4258 lucubranti
3084 4189 3208 4272 ipsi
3259 4187 3546 4250 subnatat

265 4301 554 4363 fuissent.
599 4301 713 4363 His
761 4302 839 4364 de
867 4303 1076 4382 Cyrilli
1110 4305 1339 4368 Lex-ico
1393 4303 1612 4380 dictis,
1638 4303 1912 4383 reliquas
1960 4300 2195 4364 codicis
2222 4297 2529 4372 Vaticani,
2573 4314 2762 4376 quem
2818 4307 3213 4375 coeperamus
3280 4287 3520 4349 descri-

259 4401 432 4478 bere,
469 4410 695 4483 partes
747 4419 1233 4483 prosequamur.
1279 4403 1528 4467 Scilicet
1583 4421 1619 4464 a
1670 4422 1736 4483 p.
1787 4400 1898 4462 154

1949 4416 2154 4480 usque
2205 4398 2285 4460 ad
2347 4395 2456 4458 163
2515 4401 2608 4458 est
2662 4402 2908 4458 Ἰωάννου
2936 4397 3228 4454 Φιλοπόνου
3259 4395 3386 4465 περὶ
3414 4391 3559 4446 τῶν·-

259 4510 541 4584 διαφόρων
576 4514 867 4584 σημασιῶν
893 4515 1168 4587 διαφόρως
1205 4515 1544 4587 τονουμένων
1565 4532 1580 4546 ·
1637 4506 1899 4568 Joannis

1881 4525 1907 4565 s
1940 4502 2280 4582 Philoponi
2341 4501 2414 4561 de
2458 4497 2776 4560 vocabulis
2829 4496 3070 4558 diverse
3110 4510 3229 4573 pro
3264 4487 3521 4600 diversi:

259 4619 382 4669 tale
425 4617 806 4670 accentuum
844 4613 1376 4692 signiﬁcantibus.
1414 4611 1713 4675 Posthinc
1761 4608 2072 4672 rhetorica
2112 4605 2400 4686 quaedam
2449 4602 2648 4665 lexica
2696 4617 2901 4682 usque
2945 4598 3025 4662 ad
3090 4595 3203 4659 fol.
3257 4593 3392 4656 177.
3430 4589 3530 4652 lbi}

257 4727 403 4772 vero
442 4711 717 4794 incipit:
749 4717 973 4784 Λεξικδν
1003 4719 1319 4774 ὲνδιαθέτων
1345 4719 1579 4792 Γραφῶν
1610 4718 1828 4772 ἐκτεθὲν
1860 4718 2010 4789 παρὰ
2037 4717 2310 4787 Στεφάνου
2344 4717 2439 4771 καὶ
2465 4714 2767 4787 Θεοδώρου,
2807 4711 2904 4765 καὶ
2940 4707 3142 4780 ἐτέρων
3179 4701 3524 4774 λεξιγράφων

255 4821 540 4874 Κασιανοῦ
576 4822 679 4874 καὶ
705 4821 970 4891 Λογγίνου
1006 4821 1342 4890 φιλοσόφουον
1391 4814 1661 4874 Lexicon
1682 4813 1893 4891 Script

1883 4821 2028 4874 turre
2044 4813 2368 4892 utriusque
2405 4809 2779 4872 Testamenti
2796 4805 3151 4887 (ὲνδιαθέτων
3173 4800 3523 4880 positarum

257 4911 321 4969 in
351 4910 630 4991 canone)
661 4910 946 4976 edita-ma
969 4911 1280 4991 Stephano
1311 4920 1369 4973 et
1412 4912 1734 4974 Theodero
1765 4910 2024 4992 aliisque
2055 4909 2518 4990 lexicographis
2547 4908 2851 4971 Cassiano
2883 4913 2939 4966 et
2966 4901 3274 4980 Longino,
3311 4913 3518 4975 usque

253 5012 327 5072 ad
364 5011 484 5074 fol.
529 5009 679 5071 212.
739 5009 1044 5090 (Cassiani
1087 5018 1148 5072 et
1183 5011 1448 5090 Longini
1477 5019 1934 5091 ἀποσπασμάτιον
1978 5009 2164 5072 lexici
2209 5025 2327 5088 ego
2363 5009 2490 5071 vidi
2530 5008 2598 5070 in
2640 5008 2788 5071 alio.
2814 5003 3178 5069 etiamtVat.
3236 4998 3518 5077 codice.)

254 5112 502 5177 Deinde
552 5121 737 5186 λέξεις
771 5122 1012 5194 ἰατρικοῦ
1046 5123 1250 5193 βιϐλίου
1271 5141 1284 5155 ο
1315 5124 1442 5197 περὶ
1473 5124 1713 5195 βοτανῶν
1741 5125 1894 5196 ἐρμηη

1877 5123 2032 5196 λνεία.
2084 5130 2314 5193 nempe
2378 5113 2685 5174 medicum
2735 5122 2800 5171 ett
2850 5106 3210 5169 h‘erbarium
3250 5102 3517 5171 lexicon,

253 5232 462 5294 usque
524 5215 614 5277 ad
659 5215 770 5277 fol.
825 5214 959 5277 215'.
1015 5218 1158 5278 Μ’οι
1207 5224 1350 5297 post
1395 5218 1640 5281 minora
1695 5217 1814 5280 alia
1861 5225 1924 5279 et
1990 5216 2256 5278 fortasse
2296 5212 2650 5276 levidensia'
2688 5210 2802 5273 fol.
2836 5208 2991 5270 255:
3040 5211 3322 5268 Θεοδοσίου
3345 5223 3523 5277 γραμ-

254 5317 500 5384 ματικοῦ
550 5318 779 5391 Ἰωάννῃ
799 5317 877 5388 τῷ
915 5318 1313 5390 θεοφιλεστάτῳ
1354 5320 1712 5392 πρεσϐυτέρῳ
1750 5321 1847 5373 καὶ
1880 5321 1938 5372 ἐν
1989 5317 2212 5390 Χριστῷ
2246 5316 2484 5385 ἀδελφῷ,
2523 5315 2649 5386 περὶ
2695 5313 2804 5366 τῶν
2854 5312 2913 5363 ὲν
2971 5311 3084 5371 τοῖς
3117 5297 3365 5359 κανόνεσι
3407 5300 3515 5353 τῶν

252 5416 428 5482 ἁγίων
478 5415 744 5487 ἑορτῶν·
797 5407 1126 5470 Theodosii
1183 5411 1578 5489 grammatici
1624 5411 1708 5471 ad
1753 5413 2061 5472 Joannem
2125 5411 2251 5469 Deo
2323 5406 2794 5468 dilectissimum
2839 5399 3273 5483 presbyterum
3340 5403 3397 5455 et
3446 5392 3514 5452 in

250 5505 522 5569 Christo
573 5507 867 5584 fratrem,
908 5509 981 5570 de
1027 5508 1366 5571 canonibus
1417 5529 1525 5568 seu
1565 5509 1779 5569 metris
1835 5515 2193 5567 sanctarum
2258 5504 2743 5566 solemnitatum.
2796 5502 3122 5562 Postremo
3181 5503 3327 5558 sunt
3395 5489 3513 5552 Co-

217 5617 405 5666 .smaa
462 5606 780 5668 monachi
820 5607 1099 5686 itemque
1158 5607 1417 5668 Joannis
1478 5603 1912 5686 (Damasceni)
1968 5613 2247 5667 canones
2296 5602 2534 5681 aliquot
2582 5617 2696 5661 seu
2756 5604 2953 5660 metra
2989 5609 3133 5659 cum
3185 5593 3343 5655 odis.
3398 5589 3517 5648 Co-

247 5721 421 5767 smas
478 5703 760 5784 quidem
813 5708 904 5765 est
941 5703 1047 5765 ille
1100 5703 1625 5782 philogregorius,
1673 5708 1735 5763 et
1779 5701 2067 5763 melodus
2126 5699 2413 5771 celebris,
2452 5696 2631 5776 cujus
2699 5711 2815 5757 nos
2886 5691 3133 5772 amplos
3190 5700 3518 5751 commen-

248 5811 457 5874 tarios
533 5807 630 5871 ad
685 5809 1057 5870 Nazi'anzeni
1112 5809 1387 5870 carmina
1437 5807 1534 5869 his
1600 5806 1780 5868 annis
1849 5803 2160 5865 edidimus
2215 5803 2282 5865 in
2337 5799 2672 5880 Spicilcgio
2734 5798 2932 5870 Rom.,
2977 5801 3022 5855 t.
3044 5797 3092 5855 ll
3113 5791 3218 5870 (αὶ.
3239 5787 3518 5850 Profecto

322 5956 408 6028 (α)
467 5956 694 6012 Rccusi
729 5954 782 6009 in
812 5963 959 6010 tomo
989 5954 1252 6009 XXXVIII
1292 5955 1608 6012 Patroloaiac
1630 5956 1840 6011 Gra'crr.
1869 5951 2017 6005 Εοιτ.
