4154 6548
606 454 712 515 H5
1489 458 1982 516 PREFATIONES
2020 460 2246 519 EDITlO

2204 461 2360 520 ONIS
2395 464 2963 524 CRIECO-LATINE.
3745 464 3844 520 “6

609 579 663 643 si
717 575 964 642 occasio
1009 574 1199 638 ferret
1229 575 1304 638 de
1369 576 1599 637 Graecis
1653 575 1871 639 lexicis
1925 576 2124 659 loqui,
2181 598 2322 661 qua:
2383 582 2690 662 permulta
2745 584 2811 645 in
2876 580 3188 645 Vaticanis
3242 577 3569 642 codicibus
3617 577 3844 654 latent,

608 679 926 743 dilatando
983 678 1257 740 sermoni
1322 683 1537 739 nostro
1588 693 1847 758 campus
1897 687 2172 759 pateret:
2220 688 2407 763 atque
2462 681 2597 744 haec
2647 701 2774 746 non
2823 678 3180 763 spernenda
3215 678 3481 741 fortasse
3541 678 3846 740 mantissa

606 784 772 847 foret
825 780 1169 843 lexicorum
1219 777 1471 840 illorum
1525 795 1667 858 qum
1724 776 1983 841 Photius
2035 779 2098 841 in
2170 797 2280 842 sua
2329 778 2716 843 Bibliotheca
2754 786 3043 845 numerat
3082 798 3117 841 a
3149 779 3290 841 cod.
3320 794 3483 839 cxcv
3512 775 3592 839 ad
3627 792 3843 839 cum.

607 886 898 950 Profecto
946 885 1012 945 in
1064 882 1161 943 his
1220 879 1533 941 Vaticanis
1587 879 1888 943 nonnulla
1935 887 2103 943 certe
2141 881 2493 957 excellunt,
2542 900 2813 962 quorum
2858 890 3067 945 tamen
3123 879 3383 943 materia
3436 894 3583 940 cum
3642 876 3833 940 Suida

608 995 669 1049 et
733 1004 876 1049 cum
924 980 1357 1063 etymologicis
1410 996 1580 1060 saepe
1622 982 1951 1059 congruit;
2008 981 2118 1043 sed
2167 1000 2295 1044 non
2340 984 2475 1045 sine
2532 985 2825 1046 varietate
2857 983 3051 1045 multa
3107 1000 3225 1045 seu
3259 977 3711 1043 vocabulorum
3736 994 3849 1041 seu

608 1087 795 1149 etiam
857 1081 1344 1164 exemplorum:
1402 1097 1534 1160 quo
1598 1081 1664 1142 ﬁt
1709 1089 1779 1143 ut
1848 1083 2097 1161 egregia
2155 1084 2342 1146 etiam
2397 1084 2870 1164 deperditorum
2923 1102 3192 1164 operum
3249 1082 3622 1161 fragmenta,
3666 1080 3849 1158 quasi

605 1184 740 1247 auri
796 1183 1220 1265 probatissimi
1273 1182 1568 1256 scobem,
1624 1183 1901 1246 nancisci
1956 1184 2293 1263 possimus.
2358 1185 2477 1247 Sed
2526 1186 2614 1263 [de
2639 1184 2737 1247 his
2791 1185 2914 1247 alio
2943 1185 3208 1248 fortasse
3245 1191 3533 1263 tempore
3563 1198 3847 1261 agemus.

1106 1401 1838 1528 PREFATWNES
1912 1401 2441 1528 EDITIONIS
2534 1403 3351 1595 GBECO-LATINM

1696 1631 1841 1692 QUrE
1876 1632 2118 1683 JOANNE
2151 1633 2452 1683 AUBERTO
2484 1633 2780 1685 CURANTE

629 1297 3827 1332 Μ

1003 1778 1214 1839 Tomis
1243 1784 1482 1857 septem
1515 1778 1744 1857 prodiit
1771 1778 2025 1839 Lutetiae
2062 1778 2436 1839 Parisiorum
2465 1796 2632 1840 anno
2676 1776 2847 1852 1638,
2879 1778 3089 1854 Regiis
3120 1778 3307 1857 typis,
3346 1776 3456 1837 fol.

2198 1926 2267 1937 .—

1349 2063 1829 2111 EMINENTISSIMO
1866 2066 2115 2111 SANCT£
2160 2066 2431 2111 ΒΟΜΑΝᾸΞ
2474 2067 2773 2111 ECCLESIJZ
2810 2066 3139 2111 CARDINALI

1955 2171 2257 2215 ARMANDO
2291 2171 2538 2225 J0-\1\'1\'l,

1644 2269 1789 2314 DUCI
1830 2269 1910 2313 DE
1949 2270 2299 2328 RICIIELIEU,
2351 2269 2493 2313 PARI
2538 2267 2839 2313 FRANCI.‘E.

695 2416 921 2495 Magni
968 2414 1193 2495 Cyrilli
1234 2422 1629 2477 monumenta
1664 2414 1857 2495 offero
1898 2413 2037 2491 tibi,
2076 2415 2419 2477 cardinalis
2469 2416 2980 2490 eminentissime,
3013 2418 3377 2498 tardumque
3418 2435 3662 2492 nomen,
3696 2419 3861 2499 quod

620 2516 910 2595 expedire
929 2516 1172 2595 pridem
1214 2517 1399 2595 gestit
1449 2515 1715 2591 animus,
1760 2516 2093 2597 aliquando
2125 2516 2432 2597 persolvo.
2474 2516 2743 2577 Vixdum
2773 2517 2915 2579 huic
2961 2519 3137 2596 operi
3185 2529 3444 2579 mentem
3480 2518 3857 2598 adjeceram,

620 2634 756 2676 cum
785 2634 877 2676 me
906 2618 1074 2696 regis
1107 2613 1549 2693 interpretibus
1577 2617 1920 2694 ascriptum
1947 2618 2130 2696 gravi
2160 2626 2264 2677 tuo
2305 2617 2376 2678 de
2406 2637 2496 2677 me
2506 2617 2754 2697 judicio
2787 2626 2843 2677 et
2877 2617 3076 2695 ofﬁcii
3102 2620 3461 2681 necessitate
3486 2620 3757 2700 quadam
3794 2624 3861 2684 in

620 2716 791 2777 istud
819 2714 1055 2778 laboris
1076 2716 1399 2797 impulisti.
1421 2715 1590 2792 Quid
1610 2714 1917 2796 reliquum
1944 2727 2101 2790 erat,
2130 2719 2258 2778 nisi
2276 2727 2344 2779 ut
2372 2738 2438 2778 eo
2466 2719 2835 2797 perfunctus
2872 2717 3123 2796 publica
3150 2722 3436 2780 memoris
3458 2722 3656 2783 animi
3685 2725 3859 2783 testi-

620 2818 909 2897 ficalione
942 2818 1210 2881 debitam
1238 2819 1318 2879 E.
1358 2819 1427 2878 T.
1458 2816 1729 2895 gratiam
1757 2818 2145 2896 insignirem,
2173 2828 2229 2879 et
2254 2820 2663 2899 inscriptione
2697 2820 2791 2879 tui
2818 2819 3089 2881 nominis
3121 2820 3383 2881 editioni
3415 2818 3556 2881 huic
3583 2825 3859 2883 auctori-

623 2926 811 2978 tatem
839 2936 911 2978 ac
951 2918 1135 2979 decus
1165 2914 1620 2996 adjungerem?
1643 2914 1805 2976 Nam
1854 2917 2075 2995 quanti
2120 2917 2202 2975 sit
2237 2917 2533 2977 invictum
2564 2914 2739 2977 illum
2783 2916 3078 2977 haeresum
3121 2918 3485 2979 domitorem
3526 2940 3597 2981 ac
3647 2923 3867 2981 trium-

617 3016 946 3096 phatorem
979 3017 1063 3077 E.
1101 3017 1173 3077 T.
1208 3016 1447 3090 sistere,
1474 3033 1648 3077 nemo
1675 3026 1876 3095 potest
1904 3036 2030 3077 non
2060 3018 2470 3097 interpretari
2494 3066 2509 3093 ,
2540 3019 2667 3079 nisi
2696 3019 2803 3098 qui
2838 3034 3105 3099 quantus
3131 3021 3250 3095 sis,
3284 3031 3338 3083 et
3381 3023 3623 3105 qualem
3654 3025 3720 3084 in
3752 3023 3866 3086 hoc

623 3138 815 3200 regno
841 3127 898 3181 et
930 3117 1218 3181 Ecclesia
1252 3119 1367 3179 Dei
1397 3137 1729 3198 personam
1764 3121 2094 3194 sustineas,
2126 3138 2252 3179 non
2281 3119 2599 3199 intelligit.
2630 3121 2848 3181 Annus
2875 3122 3221 3184 tricesimus
3255 3145 3448 3204 supra
3473 3128 3867 3188 centesimum

626 3222 863 3300 agitur,
888 3239 967 3281 ex
990 3238 1107 3300 quo
1144 3219 1419 3282 Jodocus
1452 3219 1872 3297 Chlictoveus,
1906 3219 2246 3299 theologus,
2275 3222 2407 3300 ejus
2436 3223 2504 3281 in
2519 3222 2785 3282 Joannis
2821 3221 3236 3302 Evangelium
3271 3226 3796 3289 Commentarium
3830 3244 3870 3283 a

631 3323 709 3386 θ.
738 3324 1154 3403 Trapezuntio
1185 3324 1401 3384 Latine
1455 3340 1697 3383 versum
1751 3322 1826 3385 G.
1856 3320 2138 3382 Ambasii
2168 3319 2510 3382 cardinalis
2531 3320 2900 3401 amplissimi
2914 3324 3265 3400 patrocinio
3290 3326 3533 3403 primus
3560 3345 3865 3387 commen-

630 3424 826 3486 davit.
856 3423 1038 3486 Felix
1059 3423 1163 3486 ille
1197 3423 1423 3486 oblatis
1459 3424 1582 3486 sibi
1604 3434 1749 3486 tunc
1768 3425 1893 3486 viri
1927 3426 2088 3486 tanti
2117 3426 2453 3504 auspiciis:
2476 3423 2727 3503 felicior
2755 3434 2959 3486 tamen
2985 3444 3148 3487 nunc
3180 3445 3287 3507 ego
3322 3431 3466 3490 tuis.
3502 3431 3871 3509 Quanquam

633 3525 795 3587 enim
836 3532 1015 3586 erant
1044 3525 1115 3586 in
1141 3524 1433 3585 Ambasio
1486 3524 1660 3585 card.
1693 3542 1931 3585 summa
1962 3524 2446 3604 quamplurima,
2470 3523 2773 3584 altissima
2812 3526 3185 3604 prudentia,
3220 3546 3427 3590 rerum
3453 3532 3874 3591 maximarum

631 3646 813 3702 usus,
845 3626 1188 3687 auctoritas
1231 3634 1289 3686 et
1319 3622 1663 3704 amplitudo
1690 3641 1885 3702 prope
1912 3622 2253 3700 singularis
2277 3642 2297 3681 :
2334 3642 2405 3681 ea
2444 3631 2647 3683 tamen
2684 3622 2752 3682 in
2792 3633 2848 3682 te
2880 3624 2970 3684 sic
3007 3625 3273 3685 eminent
3306 3626 3623 3699 universa,
3656 3636 3725 3687 ut
3761 3647 3874 3687 ex-

629 3728 926 3808 pressisse
950 3726 1223 3805 perfecte
1263 3724 1504 3786 demum
1542 3723 1793 3784 videare
1816 3722 1980 3802 quod
2011 3720 2113 3782 ille
2142 3729 2323 3780 antea
2353 3721 2626 3798 feliciter
2670 3721 3086 3784 adumbravit.
3128 3724 3307 3786 Istud
3346 3735 3507 3786 certe
3552 3728 3874 3801 eximium,

637 3829 803 3911 quod
825 3846 962 3889 cum
990 3823 1345 3889 incredibili
1384 3841 1594 3885 rerum
1643 3823 1999 3884 divinarum
2026 3830 2085 3881 et
2126 3821 2535 3880 humanarum
2567 3822 2828 3881 scientia
2854 3840 3151 3882 summam
3189 3823 3261 3885 de
3295 3823 3522 3886 litteris
3559 3823 3709 3888 bene
3746 3846 3877 3888 me-

633 3929 817 3993 rendi
841 3926 1205 4008 facultatem
1236 3922 1497 3995 obtines,
1517 3919 1952 4000 prasidiisque
1982 3916 2262 3979 omnibus
2288 3916 2571 3978 abundas
2610 3936 2741 3997 qua:
2757 3927 2902 3979 sunt
2924 3919 3009 3979 ad
3029 3937 3131 3979 eas
3156 3921 3417 3982 tuendas
3441 3922 3880 4003 ornandasque

641 4032 1007 4095 necessaria.
1041 4029 1189 4106 Quae
1216 4044 1353 4087 cum
1389 4026 1457 4086 in
1488 4034 1543 4085 te
1566 4022 1808 4103 largius
1836 4040 2019 4102 quam
2050 4022 2115 4082 in
2152 4038 2513 4101 quemquam
2546 4029 2904 4081 nostrorum
2947 4019 3259 4083 hominum
3280 4024 3441 4084 Deus
3478 4024 3622 4103 0pt.
3656 4034 3880 4085 contu-

639 4138 806 4212 lerit,
842 4132 1033 4197 simul
1060 4133 1243 4194 etiam
1269 4130 1538 4192 edixisse
1562 4128 1833 4200 videtur,
1860 4146 1898 4185 a
1926 4123 2096 4186 nullo
2116 4126 2578 4205 prxsentiorem
2606 4131 2675 4183 ut
2707 4121 2831 4183 illa:
2875 4141 3047 4202 opem
3077 4142 3256 4204 quam
3291 4145 3328 4184 a
3363 4133 3419 4186 te
3460 4135 3741 4205 quarunt
3772 4137 3885 4187 aut

637 4245 907 4317 sperent.
957 4234 1125 4298 Unde
1147 4232 1373 4292 mirum
1399 4228 1633 4290 nemini
1672 4226 1877 4288 videri
1910 4224 2108 4298 debet,
2139 4225 2308 4285 inter
2325 4230 2415 4285 tot
2432 4221 2697 4302 publica:
2735 4224 2831 4283 rei
2860 4241 3040 4283 curas
3070 4230 3241 4283 tuum
3283 4222 3458 4283 illum
3487 4225 3801 4303 ingentem
3824 4235 3884 4285 et

642 4356 867 4416 magna
898 4334 1237 4396 volventem
1266 4331 1540 4391 animum
1575 4327 1657 4388 ad
1678 4326 1941 4405 optimas
1974 4324 2047 4385 de
2065 4322 2369 4403 juvandis
2401 4330 2456 4382 et
2489 4319 3043 4399 ampliﬁcandistis
3063 4322 3467 4400 cogitationes
3494 4322 3757 4383 subinde
3780 4342 3883 4383 re-

636 4438 875 4513 vocari,
905 4455 1092 4516 eaque
1121 4450 1369 4495 versare
1396 4450 1467 4491 ac
1500 4429 1734 4503 moliri,
1764 4445 1916 4509 quat,
1947 4427 2004 4486 si
2027 4427 2189 4485 Deus
2217 4422 2544 4502 aspirarit,
2563 4423 2843 4501 profecto
2872 4421 3139 4500 efﬁcient
3176 4428 3247 4480 ut
3278 4441 3358 4481 ea:
3384 4422 3733 4500 disciplina:
3753 4441 3889 4502 qua

641 4547 697 4597 te
726 4537 911 4597 talem
945 4542 1300 4612 tantumque
1324 4531 1632 4609 fecerunt,
1663 4528 1926 4605 receptis
1972 4543 2086 4604 per
2138 4533 2195 4584 te
2240 4522 2643 4592 ornamentis,
2674 4520 2883 4600 quales
2914 4531 2970 4582 et
3013 4531 3257 4600 quanta:
3286 4523 3413 4583 sint
3446 4541 3653 4584 omnes
3693 4523 3886 4585 intel-

641 4640 865 4717 ligant.
889 4637 1105 4715 Itaque
1140 4653 1276 4695 cum
1301 4642 1358 4694 te
1382 4629 1825 4710 propemodum
1844 4645 2036 4689 unum
2056 4626 2168 4687 hoc
2188 4634 2457 4702 tempore
2480 4623 2778 4683 doctrina:
2812 4640 3018 4683 omnes
3060 4621 3391 4701 appellent,
3418 4633 3660 4703 tamque
3691 4643 3889 4703 supra

641 4765 702 4807 se
723 4744 996 4824 positum
1024 4749 1103 4813 te,
1123 4755 1306 4819 quam
1332 4755 1447 4815 pro
1470 4754 1556 4808 se,
1597 4752 1722 4794 esse
1749 4733 1989 4806 norint,
2021 4729 2332 4808 theologia
2364 4726 2673 4807 peculiari
2695 4727 2843 4806 jure
2880 4735 3083 4787 tamen
3111 4728 3393 4805 agnoscit
3435 4747 3610 4787 suum
3640 4750 3662 4788 :
3700 4731 3803 4789 cui
3828 4732 3890 4790 si

641 4849 725 4911 ad
769 4830 1133 4926 magniﬁcas
1170 4840 1312 4903 illas
1351 4838 1843 4915 substructiones
1881 4833 2433 4896 armamentarium
2462 4831 2760 4892 adversus
2815 4830 3069 4891 hareses
3121 4830 3268 4891 olim
3313 4831 3667 4907 addideris,
3699 4832 3889 4911 plura

641 4972 789 5015 sane
815 4970 887 5014 ac
914 4950 1185 5014 certiora
1216 4944 1336 5008 tela
1356 4962 1538 5026 quam
1556 4940 1829 5021 Cyrillus
1854 4958 1980 5001 non
1992 4940 2130 5020 jam
2156 4948 2389 5012 noster,
2408 4937 2517 4998 sed
2537 4945 2702 4997 totus
2724 4935 3286 5010 tuus,ministrabit
3314 4955 3522 5005 nemo;
3553 4956 3661 4997 seu
3686 4937 3887 4997 disse-

641 5058 823 5120 rendi
851 5057 948 5117 vis
992 5063 1050 5116 et
1092 5068 1349 5114 acumen
1384 5056 1720 5128 quaeratur,
1749 5064 1855 5106 seu
1883 5041 2362 5123 argumentandi
2388 5041 2659 5101 varietas
2693 5049 2749 5101 et
2774 5040 2973 5118 copia,
2999 5038 3125 5100 sive
3164 5038 3531 5118 disputandi
3570 5040 3891 5101 vehemens

646 5166 704 5218 et
751 5163 1045 5220 accurata
1093 5152 1261 5214 ratio
1320 5148 1697 5212 Christiana
1735 5142 2201 5205 mansuetudini
2256 5160 2329 5201 ac
2365 5140 2681 5201 modestia:
2720 5138 3100 5218 conjuncta:
3152 5138 3374 5218 quibus
3405 5137 3745 5199 virtutibus
3795 5139 3891 5198 ita

644 5258 858 5337 pollet,
898 5266 969 5318 ut
999 5256 1169 5337 hanc
1193 5255 1250 5316 ei
1282 5251 1528 5314 laudem
1568 5249 1773 5310 exteri
1801 5246 2052 5310 Gracia:
2078 5245 2300 5305 Patres
2336 5260 2463 5302 non
2496 5239 2839 5303 invideant.
2875 5239 3029 5314 Quis
3066 5239 3226 5298 enim
3261 5256 3532 5317 unquam
3570 5236 3894 5297 hareticos

651 5333 949 5424 eteorum
997 5333 1279 5432 asseclas,
1330 5359 1391 5419 si
1426 5356 1495 5417 in
1531 5352 1841 5415 sententia
1896 5357 2355 5429 permanerent,
2387 5346 2596 5406 acrius
2627 5343 3000 5421 confutavit,
3030 5350 3163 5414 aut,
3194 5343 3250 5401 si
3287 5341 3534 5421 quando
3574 5360 3636 5400 se
3678 5338 3893 5400 studio

648 5463 822 5543 pacis
851 5460 1257 5539 inﬂecterent,
1283 5457 1367 5519 ad
1404 5472 1616 5517 veram
1645 5471 1718 5515 ac
1750 5452 2057 5513 sinceram
2082 5435 2231 5526 fidei
2275 5445 2722 5521 confessionem
2755 5443 2971 5502 mitius
2996 5440 3347 5520 perduxit?
3377 5442 3456 5501 In
3483 5439 3896 5518 praefractam

652 5567 1010 5634 Nestorium
1042 5574 1337 5645 quantum
1360 5570 1417 5623 et
1436 5578 1621 5643 quam
1650 5559 1951 5621 invictum
1985 5554 2181 5615 animi
2208 5551 2423 5612 robur
2433 5550 2697 5631 jactatis
2733 5546 3028 5609 Ecclesiae
3056 5545 3240 5607 rebus
3269 5543 3601 5607 adhibuit!
3626 5542 3709 5645 At
3743 5560 3895 5645 vero

654 5673 723 5730 in
748 5641 1553 5736 Joannem—Antiochenum,
1583 5655 2055 5729 Theodoretum,
2078 5663 2135 5715 et
2156 5651 2314 5713 alios
2344 5650 2749 5711 adversarum
2768 5644 3045 5726 partium
3074 5644 3412 5723 episcopos,
3440 5660 3578 5703 cum
3608 5641 3693 5702 ad
3712 5643 3893 5703 sani-

656 5777 846 5830 tatem
881 5766 1211 5838 redissent,
1243 5771 1367 5822 tam
1402 5778 1637 5843 aequum
1674 5769 1731 5820 et
1758 5756 2074 5838 placatum
2109 5772 2171 5814 se
2207 5750 2496 5831 prtebuit,
2521 5758 2590 5809 ut
2624 5746 2852 5808 librum
2890 5746 2962 5807 de
2996 5745 3339 5815 emissario,
3375 5750 3432 5802 et
3482 5761 3635 5822 quos
3671 5750 3899 5843 contra

655 5866 980 5929 lulianum
1020 5865 1392 5927 desertorem
1440 5841 1776 5941 scripserat
1807 5855 2253 5920 examinandos
2292 5854 2379 5914 eis
2438 5851 2701 5913 miserit.
2738 5849 2855 5911 His
2888 5845 3192 5907 machinis
3239 5844 3614 5907 Christiana
3648 5841 3902 5904 militia
