4154 6534
288 422 381 482 Ηΐ
1151 419 1646 477 PMFATIONES
1683 422 2023 479 EDITIONIS
2059 423 2633 480 GR.£C0-LATL\'A5.
3409 431 3514 490 “8

287 541 409 603 dua:
433 538 815 618 fortissimus
839 537 1167 617 gentilium
1197 547 1254 598 et
1282 538 1711 600 harreticorum
1746 558 1920 601 arces
1949 540 2096 602 olim
2127 542 2367 602 evertit.
2406 542 2517 615 Et,
2556 543 2612 602 si
2637 542 2760 602 tuis
2790 541 3089 621 auspicii:
3115 590 3132 618 ,
3169 544 3510 607 cardinalis

290 641 773 715 eminentissime,
809 643 877 703 in
901 650 1147 703 exteras
1181 642 1352 705 orbis
1387 647 1672 723 regiones
1704 645 2042 726 aliquando
2074 648 2514 725 transferetur,
2546 647 2665 708 ibit
2689 666 2880 726 porro
2907 649 3034 710 illis
3065 651 3217 730 ipsis
3247 649 3514 730 insignis

288 743 466 806 armis
492 743 560 803 in
582 742 996 805 Nestorianas
1029 744 1352 825 reliquias,
1387 746 1632 827 aliaque
1662 749 2019 809 istiusmodi
2045 757 2346 822 monstra,
2381 768 2513 829 qua:
2537 750 2780 829 pridem
2817 749 3040 812 Oriens
3078 751 3225 826 alit,
3257 760 3366 813 aut
3386 769 3523 832 qua!

288 866 403 908 non
427 839 636 908 multis
671 847 898 909 abhinc
930 849 1114 910 annis
1153 850 1452 912 Occidens
1491 852 1768 929 infausto
1787 861 1980 930 partu
2005 855 2294 932 suscepit.
2322 851 2560 928 Quibus
2578 854 2970 932 propositum
3001 874 3136 915 cum
3157 855 3240 916 sit
3265 855 3332 915 S.
3365 853 3514 932 Spi-

290 949 437 1009 ritus
467 958 524 1007 et
555 949 794 1012 Christi
819 951 1066 1011 Domini
1091 951 1503 1024 divinitatem,
1536 952 1684 1029 ﬁdei
1704 961 1930 1012 nostrae
1947 961 2153 1031 caput,
2183 962 2474 1025 evertere,
2497 953 2788 1013 acerrimi
2806 952 3041 1032 pugilis
3068 955 3192 1014 vim
3212 962 3268 1014 et
3301 954 3518 1014 incur-

288 1065 410 1109 sum
430 1065 557 1107 non
591 1047 837 1126 frustra
871 1051 1160 1123 sentient,
1201 1068 1303 1130 qut
1334 1060 1424 1111 tot
1457 1050 1604 1111 olim
1635 1051 1875 1114 Christi
1911 1052 2025 1112 Dei
2069 1051 2270 1111 hostes
2306 1050 2662 1113 incredibili
2702 1052 2934 1112 virtute
2971 1053 3340 1130 prostravit.
3388 1051 3515 1114 Nec

289 1150 475 1228 magis
505 1148 714 1210 abillo
748 1152 871 1211 tuti
894 1151 1034 1230 fore
1055 1151 1344 1213 censendi
1371 1161 1517 1212 sunt
1544 1161 1874 1213 nocatores
1893 1170 1911 1211 :
1931 1169 2191 1232 quorum
2216 1160 2463 1212 strenue
2493 1151 3017 1228 confutandorum
3037 1171 3174 1211 cum
3211 1151 3328 1212 tibi
3354 1153 3517 1215 Deus

288 1253 551 1313 animum
597 1269 669 1332 ac
710 1259 975 1312 mentem
1017 1251 1340 1325 indiderit,
1379 1270 1487 1313 nec
1531 1260 1587 1312 te
1632 1253 1845 1331 pigeat
1889 1252 2400 1330 gravissimorum
2445 1252 2839 1329 negotiorum
2868 1250 3200 1311 intervalla
3239 1251 3351 1312 hoc
3387 1255 3516 1313 otio

288 1362 490 1414 sancto
521 1352 925 1432 distinguere,
955 1372 1084 1414 rem
1113 1353 1469 1415 decidendis
1498 1355 1576 1414 iis
1605 1372 1737 1434 qua:
1765 1354 1833 1414 in
1858 1352 2158 1432 religione
2190 1361 2335 1414 su-nt
2364 1362 2762 1414 controversa
2796 1352 3104 1432 capitibus
3128 1352 3520 1414 utilissimam

286 1461 440 1514 certe
476 1453 724 1530 feceris,
751 1454 808 1514 si
835 1461 940 1515 tuo
975 1453 1290 1534 beneﬁcio,
1323 1472 1456 1534 quae
1481 1453 1602 1515 tibi
1620 1453 1962 1532 amplitudo
1986 1461 2074 1514 est
2093 1455 2312 1528 animi,
2333 1461 2540 1514 cetera
2572 1454 2638 1514 id
2655 1471 2848 1532 genus
2872 1463 3230 1514 sancto-rum
3256 1455 3520 1515 Patrum

287 1563 671 1615 monumenta
701 1555 974 1616 studiose
1005 1557 1478 1634 conquirantur,
1499 1566 1559 1618 et
1581 1573 1695 1634 per
1729 1555 1983 1617 idoneos
2011 1554 2286 1615 homines
2318 1555 2378 1616 in
2410 1554 2606 1615 lucem
2636 1554 2924 1615 edantur.
2949 1554 3056 1614 Ea:
3077 1553 3174 1614 his
3205 1553 3368 1613 enim
3387 1571 3524 1633 qua:

283 1655 476 1731 fuerit
499 1655 794 1733 primaeva
821 1656 996 1735 ﬁdes,
1021 1675 1156 1737 qua:
1185 1656 1531 1735 disciplina:
1561 1659 1792 1736 forma,
1827 1664 1884 1718 et
1921 1657 2029 1737 qui
2063 1657 2227 1718 ritus
2255 1657 2499 1734 antiqui
2532 1657 2804 1717 omnium
2843 1657 3069 1735 optime
3103 1655 3539 1734 dignoscitur..

286 1762 341 1814 et
365 1754 476 1814 vim
506 1753 636 1814 ulla
663 1755 942 1817 suboriri
967 1765 1172 1835 potest
1205 1758 1273 1818 in
1294 1757 1416 1836 ﬁde
1441 1759 1694 1819 novatio
1730 1775 1864 1838 qute
1896 1776 2024 1818 non
2063 1759 2261 1836 possit
2309 1775 2520 1817 eorum
2553 1757 2922 1836 prwjudicio
2963 1755 3179 1816 deleri.
3210 1755 3346 1816 Hoc
3372 1774 3520 1817 vero

283 1865 339 1916 te
372 1866 579 1918 manet
606 1858 858 1937 facinus
879 1856 1388 1938 pulcherrimum,
1411 1861 1756 1923 cardinalis
1791 1862 2264 1922 eminentissime
2288 1908 2303 1934 ,
2343 1859 2465 1920 haec
2498 1879 2526 1919 e
2567 1859 2859 1920 maximis
2891 1859 3014 1919 tuis
3061 1857 3523 1937 innumerisqus

284 1959 571 2024 laudibus
607 1980 734 2023 una
765 1981 833 2023 eo
862 1981 1039 2044 quem
1093 1963 1161 2024 in
1188 1981 1378 2043 regno
1423 1965 1808 2024 Francorum
1847 1972 1904 2024 et
1935 1963 2218 2025 Ecclesia
2246 1963 2360 2023 Dei
2399 1961 2636 2023 obtines
2669 1960 2873 2040 gradu
2909 1958 3085 2038 longe
3123 1957 3518 2038 dignissima.

282 2061 408 2122 Alii
429 2062 589 2124 alios
619 2061 737 2124 tibi
756 2063 1098 2143 triumphos
1128 2073 1338 2142 optent
1367 2083 1388 2123 :
1411 2083 1614 2125 omnes
1639 2082 1746 2143 ego
1778 2063 1917 2138 tibi,
1940 2064 2047 2126 sed
2077 2066 2141 2126 in
2157 2063 2383 2144 primis
2411 2081 2510 2122 eos
2540 2080 2756 2122 vovere
2779 2079 2904 2122 non
2932 2060 3233 2133 desinam,
3260 2072 3522 2139 quorum

284 2183 400 2226 non
432 2165 502 2225 in
534 2167 720 2227 terris
753 2166 956 2232 modo.
978 2165 1086 2228 sed
1110 2174 1163 2226 et
1199 2167 1264 2227 in
1293 2164 1455 2228 calis
1489 2167 1857 2247 consignata
1876 2167 2177 2227 memoria
2206 2163 2612 2226 immortalem
2642 2172 2699 2224 te
2746 2181 2822 2222 ex
2851 2159 3106 2221 mortali
3133 2160 3400 2238 faciant.

1743 2329 1811 2391 Ε·
1863 2331 1934 2390 T’
1985 2330 2054 2390 θ’
2383 2409 2392 2416 ”
2602 2409 2882 2470 Joannes
2930 2403 3345 2465 ALBERTUS.

1575 2778 2256 2893 LECTORI.

348 3151 458 3220 Qui
479 3151 791 3208 Graecorum
817 3148 1745 3207 Ecclesia:-Patrunrlucubrationes
1781 3151 1971 3208 Latine
2007 3159 2216 3207 tantum
2249 3152 2304 3206 in
2325 3153 2501 3208 lucem
2537 3151 2758 3217 dedere,
2795 3150 3006 3204 tametsi
3069 3148 3254 3202 labore
3281 3161 3378 3202 suo
3413 3161 3524 3202 non

287 3259 490 3316 parum
521 3243 777 3300 Ecclesiae
811 3244 1158 3316 profuerunt,
1190 3243 1444 3299 nonnihil
1469 3252 1651 3301 tamen
1679 3246 1916 3316 posteris
1942 3246 2195 3302 intulisse
2227 3245 2485 3301 videntur
2515 3245 2866 3311 incommodi,
2895 3244 3041 3316 quod
3077 3242 3252 3299 Graeci
3299 3239 3519 3297 codices
3560 3282 3568 3289 ρ

295 3351 409 3390 non
441 3335 611 3406 pauci
658 3337 868 3406 quibus
887 3337 973 3391 usi
1028 3344 1206 3401 erant,
1237 3335 1523 3392 hominum
1552 3337 1772 3393 tandem
1795 3338 2032 3403 incuria,
2061 3353 2186 3394 cum
2218 3337 2424 3392 Latinae
2453 3336 2725 3392 versionis
2769 3335 3162 3406 opportunitas
3204 3333 3441 3396 adesset,
3465 3331 3525 3388 in
3550 3369 3581 3388 ,ρ

271 3426 488 3484 «θίιιηο
526 3429 771 3484 tenebris
789 3429 1096 3500 perierunt.
1154 3429 1270 3484 Hoc
1298 3429 1556 3485 damnum
1608 3438 1904 3486 senserunt
1931 3432 2064 3486 olim
2107 3431 2366 3501 permulti
2399 3430 2658 3485 Ecclesiae
2705 3429 2932 3484 Patres:
2962 3444 3067 3484 nee
3097 3429 3215 3498 ejus
3266 3423 3529 3481 immunis

285 3516 532 3591 Cyrinus
570 3521 892 3585 exstitisset,
916 3522 1024 3576 nisi
1054 3522 1285 3578 studiosi
1313 3523 1564 3578 homines
1612 3525 1720 3595 iam
1772 3524 2102 3594 periclitanti
2154 3525 2448 3579 salutarem
2496 3538 2746 3578 manum~
2777 3521 3160 3577 intendissent.
3201 3519 3348 3574 Inter
3393 3531 3534 3588 quos

289 3612 508 3666 utinam
535 3612 735 3668 Anton.
763 3613 1024 3684 Agellius,
1038 3615 1364 3670 Acernensis
1375 3615 1684 3686 episcopus,
1712 3623 1808 3670 aut
1825 3615 2203 3671 Bonaventura
2225 3614 2544 3678 Vulcanius,
2571 3613 2776 3668 eruditi
2798 3614 3148 3682 interpretes,
3169 3619 3264 3665 aut
3286 3607 3533 3664 Andreas

288 3700 523 3758 Scottus
549 3709 606 3756 et
635 3701 872 3757 Iacobus
900 3703 1179 3758 Pontanus
1209 3718 1240 3757 e
1287 3703 1550 3759 societate
1577 3703 1730 3769 Iesu,
1770 3711 1866 3758 aut
1899 3703 2102 3758 Anton.
2127 3703 2376 3768 Salmat.,
2401 3717 2468 3757 ex
2488 3703 2848 3758 Ambrosiano
2874 3700 3104 3771 collegio
3137 3698 3332 3754 doctor
3369 3697 3529 3752 theo-

288 3794 470 3867 logus,
518 3802 613 3849 aut
645 3794 822 3850 Nico].
853 3795 1114 3860 Borbon.,
1147 3795 1346 3852 Graeca:
1377 3796 1577 3866 linguae
1603 3795 1882 3866 professor
1901 3798 2186 3863 emeritus,
2221 3798 2316 3868 qui
2341 3797 2397 3852 in
2425 3797 2530 3852 hoc
2579 3798 2848 3866 scriptore
2893 3792 3160 3848 vertendo
3183 3790 3420 3846 feliciter
3445 3804 3540 3844 su-

289 3892 522 3952 (larunt,
554 3902 694 3957 opus
719 3903 749 3942 a
769 3903 829 3942 se
863 3888 1179 3943 inchoatum
1197 3888 1266 3944 ad
1300 3889 1506 3944 exitum
1537 3889 1954 3960 perduxissent!
1983 3892 2187 3963 Dignos
2205 3898 2355 3948 certe
2393 3897 2579 3945 tantus
2613 3888 2871 3945 Ecclesiae
2918 3887 3110 3942 doctor
3142 3892 3336 3939 nactus
3362 3882 3536 3936 inter-

287 3983 479 4044 pretes
515 3974 674 4046 longe
707 3975 936 4031 nitidior
964 3985 1021 4030 et
1039 3976 1283 4031 ornatior
1307 3986 1612 4047 appareret.
1643 3979 1843 4033 Verum
1884 3980 2000 4034 sive
2061 3981 2177 4035 otio
2205 3997 2315 4035 non
2352 3980 2685 4035 abundarint
2717 3978 2864 4049 quod
2907 3977 3060 4049 operi
3094 3985 3204 4032 tam
3234 3974 3412 4044 spisso
3435 3987 3567 4026 nem

287 4067 600 4122 eessarium
628 4075 798 4134 esset,
830 4069 946 4124 sive
979 4069 1103 4125 aliis
1143 4069 1342 4125 studiis
1369 4079 1466 4126 aut
1491 4072 1727 4142 negotiis
1753 4073 2016 4129 abstracti
2047 4072 2192 4129 istud
2220 4074 2404 4130 oneris
2452 4075 2777 4146 abjecerint,
2833 4073 2891 4127 in
2934 4071 3133 4142 capite,
3170 4069 3316 4141 quod
3361 4067 3570 4127 aiunt..

287 4163 473 4218 solum
518 4162 860 4230 laborarunt,
889 4173 1114 4220 caeteras
1134 4165 1381 4236 corporis
1405 4176 1589 4236 partes
1624 4169 1972 4239 imperfectas
2019 4170 2386 4240 reliquerunt.
2424 4171 2579 4237 Quod
2617 4186 2741 4225 cum
2771 4171 2828 4224 in
2860 4169 3051 4239 primis
3092 4167 3364 4230 dolerem,
3393 4171 3450 4220 et
3476 4167 3553 4218 in~

285 4273 409 4313 eam
441 4258 578 4313 vitae
605 4258 874 4314 rationem
915 4259 1193 4329 ingressus
1215 4275 1394 4315 essem
1428 4260 1483 4316 in
1515 4277 1623 4331 qua
1656 4263 1832 4318 otium
1882 4273 2216 4336 suppeteret,
2255 4265 2398 4336 cepi,
2427 4266 2778 4335 quantumvis
2810 4263 3204 4319 mediocritatis
3239 4275 3375 4315 mea:
3403 4274 3539 4313 con-

298 4353 475 4417 scius,
521 4352 783 4409 editionis
807 4353 971 4424 hujus
992 4353 1307 4418 consilium,
1335 4364 1507 4419 ratus,
1549 4357 1690 4411 utin
1728 4357 2001 4428 locuplete
2041 4359 2225 4425 domo,
2261 4359 2417 4414 sicin
2455 4358 2700 4413 Ecclesia
2732 4357 2831 4411 Dei
2857 4371 2978 4410 esse
3032 4369 3250 4424 quoque
3283 4349 3548 4406 ﬁctilibus

281 4453 341 4499 et
361 4444 568 4516 ligneis
589 4444 732 4500 vasis
756 4445 934 4500 locum
958 4445 1216 4515 aliquem,
1247 4446 1291 4500 si
1315 4446 1478 4502 modo
1514 4447 1625 4503 sint
1660 4449 1804 4503 usui.
1828 4449 2201 4519 lntelligebam
2234 4449 2381 4503 enim
2411 4465 2575 4519 quam
2613 4449 2753 4502 male
2782 4462 2814 4500 a
2839 4445 3119 4501 nonnullis
3144 4440 3546 4513 interpretibus

281 4535 518 4591 habitus
538 4543 683 4591 esset
704 4533 955 4605 plurimis
987 4535 1042 4589 in
1073 4534 1233 4588 libris
1281 4534 1538 4606 Cyrillus,
1588 4537 1646 4590 in
1685 4535 1889 4606 quibus
1932 4535 2301 4607 repurgandis
2335 4552 2557 4606 operam
2587 4552 2793 4607 ponere
2843 4551 2955 4591 non
2994 4536 3158 4590 modo
3197 4532 3390 4588 inutile
3431 4546 3544 4586 non

281 4636 452 4692 esset,
483 4627 584 4683 sed
625 4643 888 4698 perquam
931 4625 1328 4682 necessarium.
1383 4627 1498 4683 Dici
1545 4628 1748 4698 quippe
1789 4643 1901 4683 non
1944 4635 2126 4698 potest
2146 4636 2414 4698 quantum
2439 4629 2545 4684 sibi
2565 4629 2709 4700 juris
2733 4628 2788 4682 in
2815 4642 2942 4683 eum
2987 4625 3282 4694 sumpserit
3305 4623 3371 4680 G.
3405 4623 3544 4678 Tra-

281 4721 605 4789 pezuntius,
630 4721 817 4775 multis
849 4721 905 4775 in
945 4719 1223 4790 epitomeu
1243 4718 1582 4785 redactis,et
1602 4735 1894 4790 perperam
1921 4735 2065 4791 saepe
2087 4720 2385 4777 translatis.
2429 4720 2587 4789 Quod
2633 4723 2691 4778 in
2730 4721 2991 4776 Thesauro
3018 4720 3239 4789 quidem
3287 4723 3546 4788 expertus

282 4813 533 4882 primum
575 4813 777 4867 Bonav.
827 4812 1140 4877 Vulcanius,
1176 4826 1278 4883 ego
1300 4811 1501 4866 deinde
1553 4811 1728 4867 nihilo
1777 4813 2174 4885 religiosiorem
2199 4814 2368 4870 fuisse
2402 4815 2459 4870 in
2501 4815 2806 4870 Comment.
2837 4816 2946 4871 illis
2981 4815 3038 4868 in
3075 4813 3338 4867 Joannem
3364 4809 3546 4878 reipsa

282 4905 558 4976 comperi.
575 4905 688 4960 Nec
707 4905 866 4976 longe
890 4903 1104 4960 felicior
1135 4905 1407 4974 interpres
1431 4903 1911 4974 OEcolampadius,
1945 4914 2008 4962 ut
2025 4907 2195 4962 libros
2214 4906 2292 4962 De
2309 4907 2566 4961 Trinitate
2587 4915 2645 4961 et
2669 4915 2853 4960 contra
2877 4903 3156 4960 lulianum
3177 4898 3378 4973 legenti
3391 4898 3547 4954 facile

283 4997 527 5067 patebit.
561 4996 750 5066 Neque
782 5004 962 5051 tamen
987 5011 1082 5052 eos
1103 5012 1202 5052 sua
1235 4995 1396 5051 laude
1427 5010 1616 5051 carere
1639 4995 1828 5062 velim,
1849 5006 1943 5052 aut
1966 5014 2068 5069 ego
2101 5009 2210 5053 tam
2233 5007 2526 5054 accuratus
2550 4999 2763 5062 haberi,
2795 5005 2858 5052 ut
2888 5013 2999 5052 non
3023 4992 3425 5065 quamplurima
3449 5005 3548 5044 su-

282 5102 520 5158 peresse
551 5102 770 5158 quoque
791 5087 986 5142 fatear.
1020 5102 1143 5157 quae
1166 5085 1579 5158 diligentiorum
1604 5102 1827 5156 operam
1861 5102 1925 5142 ac
1966 5088 2234 5158 judicium
2269 5089 2570 5157 requirant.
2605 5088 2790 5157 Itaque
2825 5085 2868 5140 si
2892 5083 3022 5153 quid
3064 5099 3096 5137 a
3143 5095 3231 5136 me
3263 5086 3546 5150 peccatum

281 5177 725 5244 animadvertes,
755 5178 1110 5234 humanitatis
1136 5187 1220 5234 est
1243 5177 1556 5249 ignoscere;
1588 5193 1765 5248 eoque
1782 5179 1986 5249 justius
2010 5180 2169 5235 venia
2196 5180 2404 5250 sperari
2431 5179 2616 5244 debet,
2645 5178 2792 5249 quod
2825 5175 3044 5232 ditlicile
3087 5172 3384 5228 admodum
3429 5185 3549 5235 erat

283 5287 342 5345 in
365 5279 486 5326 tam
513 5272 677 5342 longo
704 5272 879 5342 spatio
899 5287 1008 5327 non
1027 5271 1314 5342 cespitare.
1331 5270 1483 5327 Adde
1500 5272 1648 5341 quod
1665 5287 1792 5326 cum
1812 5287 1951 5342 opus
1976 5281 2357 5338 retractarem,
2383 5282 2440 5328 et
2454 5271 2700 5342 quaedam
2727 5279 2918 5324 notare
2938 5268 3230 5337 cmpissen,
3259 5277 3549 5320 excussum

284 5377 350 5417 ac
383 5360 793 5432 propemodum
851 5369 1126 5416 extortum
1157 5359 1293 5414 mihi
1346 5369 1428 5414 est
1467 5361 1647 5430 ipsum
1677 5360 1746 5416 de
1791 5361 2068 5428 manibus,
2097 5362 2521 5435 bibliopolarum
2545 5361 2768 5416 assidua
2807 5357 3142 5431 flagitatione
3163 5396 3178 5421 ,
3214 5370 3342 5412 suas
3365 5354 3554 5425 perire

283 5453 394 5509 sibi
420 5453 672 5509 rationes
694 5453 1094 5525 objicientium,
1117 5461 1173 5506 et
1208 5466 1276 5506 eo
1299 5452 1520 5508 nomine
1554 5452 1609 5506 in
1643 5453 1732 5522 jus
1748 5454 1847 5510 lme
1883 5454 2289 5522 quodammodo
2329 5455 2682 5525 rapientium.

355 5545 434 5601 Ut
489 5560 626 5600 vero
669 5560 769 5615 per
830 5561 970 5616 quos
991 5545 1342 5616 profecerim,
1397 5554 1454 5600 et
1497 5545 1698 5615 quibus
1739 5545 2086 5615 adjutoribus
2115 5547 2415 5603 editionem
2455 5548 2596 5603 hanc
2641 5545 2978 5609 adornarim,
3017 5560 3086 5600 ne
3115 5553 3168 5600 te
3198 5542 3385 5608 lateat,
3415 5542 3554 5598 scito

287 5637 612 5709 gratiamin
637 5637 828 5707 primis
850 5639 1040 5694 deberi
1061 5639 1400 5710 amplissimo
1430 5638 1550 5693 viro
1565 5637 1631 5693 Ν.
1653 5639 1911 5710 Rigaltio,
1953 5641 2047 5711 qui
2077 5641 2211 5696 mihi
2239 5648 2509 5711 quotquot
2547 5641 2603 5693 in
2647 5637 2810 5709 Regis
2849 5636 3144 5692 lectissima
3175 5635 3266 5690 illa
3301 5648 3430 5705 gaza
3467 5642 3556 5686 re’

287 5728 462 5800 positi
489 5737 651 5782 erant
676 5727 865 5800 Cyrilli
897 5730 1119 5785 codices
1141 5711 1377 5801 benigne
1399 5731 1826 5786 communicavit
1861 5749 1874 5785 :
1912 5732 2214 5803 itidemque
2258 5732 2366 5788 DD.
2401 5731 2550 5790 card.
2592 5729 2891 5785 Barberino
2919 5738 2976 5784 et
3007 5727 3061 5783 S.
3099 5725 3403 5797 Onupbrio,
3434 5739 3555 5778 om-

283 5822 381 5878 nis
402 5820 676 5878 doctrinze
699 5830 754 5877 et
781 5821 1135 5878 humanitatis
1157 5821 1319 5878 laude
1343 5819 1813 5885 cmineutiSsimis,
1840 5836 2070 5890 quorum
2087 5822 2409 5881 auctoritate
2442 5819 2802 5878 reverendiss.
2832 5819 2993 5875 Pater
3009 5813 3557 5874 HoratJustinianus
