4154 6526
616 422 673 484 Η
683 428 717 485 9
752 496 757 501 ι
1706 425 1794 479 ΑΝ
1803 422 1984 479 TONII
2020 415 2256 479 AGELL]

2227 423 2293 477 λι
2331 420 2710 479 ΡΒᾹΞῈΑΤΙΟ.
3766 422 3867 479 120

617 547 795 604 libros
826 562 863 602 ιι
887 546 1218 618 posteriores
1231 546 1539 601 Comment.
1566 546 1621 599 in
1646 544 1849 600 Isaiam
1873 548 2184 618 prophetam
2209 557 2266 603 et
2304 547 2508 603 librum
2550 564 2643 603 vm
2676 550 2732 603 in
2757 548 2982 603 Joannis
3020 545 3370 619 Evangelium
3393 543 3461 599 ad
3492 555 3594 596 nos
3627 553 3698 594 ex
3717 539 3868 596 Vati-

615 654 752 695 cana
782 638 1103 694 transmisit.
1129 638 1262 693 Nam
1294 642 1549 709 quintum
1572 657 1637 698 ac
1671 652 1887 697 sextum
1922 644 1978 698 in
2007 643 2273 700 Joannem
2300 645 2540 700 'nescire
2569 655 2622 701 te
2648 659 2761 701 non
2786 655 3006 717 oportet
3053 644 3334 701 illustriss.
3388 657 3453 697 ac
3493 636 3863 695 reverendlss.

616 731 677 785 ι).
713 727 907 785 Carolo
930 729 998 783 de
1018 728 1285 796 Monchal,
1332 732 1746 803 archiepiscopo
1768 733 2060 800 Tolosano,
2093 735 2161 791 de
2193 736 2398 791 litteris
2424 751 2590 807 supra
2637 753 2802 808 quam
2844 737 2954 793 dici
2993 744 3175 808 potest
3203 736 3343 792 bene
3374 733 3598 797 merito,
3649 730 3863 794 deberi,

612 826 709 891 qui
740 820 901 876 nobis
931 836 1026 875 eos
1058 836 1126 875 ex
1154 821 1216 874 L.
1242 820 1492 877 Hostenii
1525 824 1889 878 eruditissimi
1930 826 2033 879 viri
2064 825 2368 898 κειμηλίοις
2404 826 2765 897 deprompsit,
2798 826 2853 881 id
2890 828 3117 897 insuper
3145 825 3392 882 studiose
3446 821 3868 878 commendante

618 913 686 968 Ν.
727 912 983 967 Fabricio
1015 911 1295 966 Peirescio
1336 914 1392 967 in
1424 925 1620 969 senatu
1652 915 1893 985 Aquensi
1925 917 2241 971 consiliario
2265 918 2411 989 regis
2440 918 2797 988 amplissimo,
2832 920 2990 989 cujus
3030 927 3207 973 morte
3242 915 3609 972 clarissimum
3653 913 3869 968 littera-

616 1022 733 1060 rum
764 1006 947 1059 lumen
979 1005 1313 1060 exstinctum
1347 1004 1478 1059 boni
1512 1021 1706 1061 omnes
1750 1006 2028 1063 desiderio
2061 1023 2161 1061 suo
2192 1023 2257 1062 ac
2311 1008 2501 1063 dolore
2554 1018 2838 1064 testantur.
2877 1008 3087 1064 Exinde
3138 1008 3231 1063 alii
3274 1007 3527 1063 certatim
3557 1006 3689 1060 huic
3711 1009 3865 1074 operi

622 1113 842 1151 manum
881 1097 1270 1153 admoverunt.
1298 1098 1433 1152 Nam
1462 1098 1787 1152 Thesaurum
1820 1114 1928 1152 una
1951 1114 2075 1153 cum
2103 1101 2224 1170 ejus
2250 1100 2815 1169 interpretatione,‘et
2833 1102 2910 1155 De
2939 1102 3249 1155 adoratione
3276 1100 3333 1153 in
3384 1098 3575 1168 spiritu
3623 1112 3686 1149 ac
3730 1094 3868 1149 veri—

613 1201 719 1245 tale
743 1191 917 1246 libros
941 1209 1069 1256 xvn,
1104 1209 1245 1262 quos
1274 1193 1581 1248 Academiae
1607 1194 2117 1263 Lugdune-Batava:
2144 1194 2525 1250 Bonavcntura
2554 1196 2854 1253 Vulcanius
2889 1196 3166 1269 quondam
3200 1198 3494 1267 legaverat,
3527 1188 3724 1246 advehi
3765 1205 3867 1244 cu—

615 1283 755 1336 ravit
778 1283 851 1337 cl.
876 1299 930 1337 v.
964 1284 1025 1338 Ρ.
1060 1286 1615 1359 Puteanusjuvandis
1642 1290 1840 1343 litteris
1863 1297 2044 1343 natus.
2068 1289 2146 1343 Ex
2171 1306 2269 1344 sua
2320 1306 2452 1344 vero
2498 1290 2833 1346 bibliotheca
2877 1291 3281 1347 illustrissimus
3314 1289 3377 1343 D.
3408 1288 3476 1341 de
3499 1285 3716 1355 Harlay,
3753 1283 3867 1338 Ma-

610 1374 904 1428 cloviensis
938 1377 1250 1446 episcopus,
1308 1379 1528 1434 codices
1566 1379 1705 1433 duos
1743 1378 1981 1449 benigne
2012 1379 2407 1448 suppeditavit,
2438 1396 2672 1450 quorum
2699 1396 2842 1435 unus
2866 1380 3123 1436 Catenam
3149 1381 3206 1435 in
3227 1378 3455 1436 Joannis
3484 1374 3867 1446 Evangelium,

609 1482 674 1521 ex
702 1466 890 1540 Cyrilli
919 1471 1262 1541 aliorumque
1289 1472 1511 1527 Patrum
1545 1470 1956 1524 commentariis
1983 1469 2388 1535 concinnatam,
2417 1471 2556 1525 alter
2575 1470 2847 1542 Glaphyro
2870 1474 2924 1526 in
2946 1471 3384 1534 Pentateuchum,
3404 1485 3515 1524 una
3546 1484 3673 1523 cum
3709 1466 3871 1520 libris

611 1559 689 1613 De
721 1562 1031 1616 adoratione
1066 1565 1121 1617 in
1170 1565 1359 1634 spiritu
1401 1572 1451 1615 et
1488 1563 1726 1627 veritate,
1773 1575 1837 1614 ac
1868 1560 2133 1614 Thesauro
2176 1560 2578 1630 complectitur.
2613 1561 2694 1615 Ex
2720 1561 3054 1631 Augustana,
3084 1562 3314 1617 Mathias
3355 1560 3688 1631 Ebingerus,
3748 1559 3871 1628 ejus

614 1656 730 1706 tum
761 1664 949 1709 custos
986 1654 1457 1725 diligentissimus,
1483 1656 1561 1710 De
1581 1664 1921 1710 sacrosancta
1972 1654 2228 1709 Trinitate
2259 1654 2433 1709 libros
2467 1670 2567 1710 sua
2599 1668 2767 1709 manu
2799 1654 3006 1709 dillicili
3054 1664 3299 1725 tempore
3340 1654 3646 1723 descriptos
3679 1652 3867 1713 imisit.

612 1743 902 1798 Postremo
929 1743 1279 1801 Collectanea
1312 1763 1379 1803 ex
1409 1748 1616 1819 Cyrillo
1650 1747 1881 1817 aliisque
1905 1747 2161 1802 Patribus
2184 1755 2444 1817 excerpta
2471 1745 2843 1816 suppeditavit
2864 1746 3024 1800 nobis
3060 1746 3343 1801 illustriss.
3370 1747 3457 1801 vir
3482 1747 3548 1801 Ι).
3580 1745 3867 1808 Biberius,

612 1834 755 1889 sacri
790 1834 1117 1892 Consistorii
1140 1853 1345 1904 comes,
1388 1839 1720 1910 integritatis
1739 1847 1795 1893 et
1822 1837 2154 1892 eruditionis
2171 1836 2346 1907 gloria
2381 1837 2743 1891 clarissimus.
2774 1834 2987 1902 Quibus
3011 1835 3269 1890 omnibus
3312 1844 3524 1889 tantum
3567 1834 3869 1905 gratiarum

610 1941 711 1996 ego
737 1926 912 1983 debeo
946 1939 1214 1999 quantum
1244 1931 1493 1985 Ecclesia
1521 1930 1791 1985 commodi
1822 1945 1891 1983 ex
1922 1928 2145 1998 scriptis
2195 1928 2529 1982 sanctissimi
2584 1926 2832 1981 doctoris
2874 1925 3073 1995 capiet.
3112 1926 3360 1996 Longum
3412 1932 3561 1980 esset
3619 1925 3871 1994 reliquos

613 2033 944 2086 percensere
974 2021 1069 2091 qui
1098 2022 1232 2075 mihi
1270 2023 1325 2076 in
1358 2023 1463 2077 hoc
1494 2022 1770 2077 curriculo
1802 2019 2022 2074 sudanti
2051 2034 2203 2073 suam
2235 2034 2394 2089 opem
2426 2028 2521 2073 aut
2548 2017 2871 2071 obtulerunt
2892 2024 2986 2069 aut
3016 2016 3412 2085 praestiterunt.
3444 2014 3607 2070 Certe
3632 2023 3867 2084 praeter-

608 2109 751 2164 mitti
776 2127 886 2165 non
911 2111 1075 2168 debet
1105 2114 1371 2169 eximium
1401 2131 1489 2169 vv.
1522 2115 1591 2168 cl.
1620 2112 1922 2168 P.Juniiet
1945 2112 2009 2166 D.
2046 2113 2199 2165 Rous
2219 2112 2275 2165 in
2302 2110 2546 2164 editione
2577 2119 2763 2164 nostra
2792 2106 3032 2180 juvanda
3069 2107 3425 2176 ornandaque
3461 2105 3728 2167 studium,
3770 2119 3864 2173 qui

609 2201 862 2255 homilias
898 2203 1106 2272 aliquot
1159 2213 1216 2259 et
1258 2204 1439 2259 varias
1480 2204 1535 2257 in
1575 2218 1668 2257 eas
1719 2203 1987 2257 lectiones
2035 2215 2104 2254 ex
2147 2198 2572 2254 instructissima
2614 2197 2787 2252 Oxon.
2823 2196 3129 2251 Academia:
3158 2196 3492 2250 bibliotheca
3541 2202 3689 2248 tanta
3727 2194 3863 2251 mihi

609 2308 735 2348 cum
764 2294 1044 2350 celeritate
1069 2296 1361 2362 miserunt,
1391 2305 1453 2351 ut
1481 2296 1822 2366 praevertisse
1854 2292 2261 2365 quodammodo
2288 2291 2613 2346 viderentur
2646 2289 2967 2361 petitionem
2990 2304 3189 2343 meam.
3224 2288 3335 2342 Nec
3365 2285 3566 2340 tacitus
3594 2285 3771 2340 abibit
3796 2287 3841 2341 N

609 2380 935 2448 Borbonius,
958 2384 1212 2439 candoris
1226 2393 1282 2439 et
1312 2383 1517 2454 ingenii
1546 2383 1771 2437 dotibus
1803 2382 2210 2447 ornatissimus,
2236 2379 2329 2451 qui
2356 2380 2636 2435 luculenta
2676 2379 2838 2433 nobis
2874 2378 3179 2449 fragmenta
3218 2379 3677 2435 intermediorum
3712 2393 3767 2432 tv
3798 2377 3867 2430 li-

610 2478 835 2533 brorum
860 2479 915 2531 in
946 2478 1208 2534 Joannem
1238 2496 1305 2534 ex
1333 2480 1538 2536 Catena
1591 2479 1871 2535 illustriss.
1903 2480 1967 2532 D.
2003 2478 2245 2548 episcopi
2304 2475 2686 2532 Macloviensis
2710 2476 3007 2546 desumpta
3061 2475 3295 2547 benigne
3348 2476 3595 2541 tradidit,
3628 2490 3865 2546 quorum

608 2586 711 2641 ope
738 2573 908 2627 multa
937 2574 994 2628 in
1042 2590 1075 2627 v
1127 2584 1184 2629 et
1214 2591 1265 2628 vt
1302 2575 1421 2630 loca
1469 2575 1903 2639 emendavimus,
1967 2588 2093 2629 cum
2140 2572 2364 2627 unicum
2395 2571 2640 2640 alioquin
2688 2572 2968 2642 exemplar
3013 2580 3355 2642 suppeteret,
3401 2571 3653 2636 inﬁnitis,
3702 2580 3767 2627 ut
3795 2585 3866 2627 ne

608 2668 740 2738 quid
771 2669 1135 2735 dissimulem,
1170 2672 1383 2726 mendis
1414 2672 1783 2741 inquinatum.

679 2762 754 2817 De
788 2761 983 2816 ordine
1010 2762 1301 2827 librorum,
1362 2763 1467 2818 hoc
1494 2763 1717 2827 habeto,
1762 2778 1863 2817 nos
1887 2778 2014 2816 eum
2055 2776 2164 2814 non
2200 2774 2594 2829 usquequaque
2655 2768 2875 2813 secutos
2911 2773 3052 2823 esse,
3096 2775 3260 2829 quem
3298 2759 3636 2829 exemplaria
3666 2758 3865 2814 Latina

608 2851 991 2923 praeferebant,
1010 2852 1107 2907 sed
1128 2852 1652 2918 commodissimum,
1683 2862 1948 2923 quantum
1982 2852 2294 2922 patiebatur
2319 2852 2461 2906 ratio
2513 2860 2808 2916 tomorum,
2856 2850 3181 2907 instituisse.
3218 2853 3464 2908 Primum
3497 2854 3680 2908 locum
3704 2853 3867 2907 libris

608 2941 685 2996 De
713 2942 1023 2995 adoratione
1052 2941 1108 2994 in
1132 2941 1323 3011 spiritu
1356 2950 1406 2994 et
1427 2943 1647 2995 veritate
1675 2958 1784 2996 una
1822 2957 1947 2996 cum
1983 2940 2266 3010 Glaphyris
2293 2938 2565 3003 dedimus,
2604 2941 2772 3009 quod,
2816 2942 3094 3011 proposita
3144 2943 3401 3012 legalium
3454 2952 3708 3015 typorum
3738 2960 3865 3001 cum

607 3032 922 3103 evangelica
943 3034 1178 3087 veritate
1222 3033 1627 3099 convenientia,
1654 3036 1877 3104 planum
1904 3034 2012 3088 iter
2034 3031 2103 3087 ad
2129 3031 2417 3100 utriusque
2451 3031 2787 3087 Testamenti
2820 3034 3189 3103 cognitionem
3234 3036 3506 3104 aperiunt,
3541 3036 3866 3108 animosque

605 3124 673 3179 ad
696 3125 815 3195 ejus
828 3124 1120 3179 lectionem
1149 3123 1355 3177 utiliter
1386 3130 1715 3193 praeparant.
1741 3124 1910 3178 Porro
1935 3123 2114 3177 varias
2146 3123 2413 3177 lectiones
2430 3136 2541 3177 non
2574 3137 2768 3177 omnes
2797 3122 2897 3176 tibi
2927 3131 3402 3192 repraesentamus,
3441 3126 3521 3180 uti
3546 3142 3653 3181 nec
3672 3143 3864 3183 emen-

607 3220 859 3275 dationes
900 3226 956 3273 et
973 3218 1482 3274 animadversiones
1506 3217 1562 3271 in
1605 3233 1670 3272 ea
1694 3216 1995 3287 Scriptura;
2023 3216 2143 3270 loca
2177 3231 2415 3286 quorum
2450 3215 2633 3271 versio
2688 3230 2813 3270 cum
2839 3214 3033 3270 Latina
3090 3217 3309 3288 vulgata
3358 3218 3542 3274 minus
3585 3222 3862 3287 congruit,

605 3315 1013 3386 exemplaribus
1040 3330 1275 3385 quorum
1298 3314 1368 3369 ad
1407 3313 1711 3384 marginem
1752 3329 1845 3370 eas
1869 3314 2191 3369 adnotaram
2218 3328 2318 3383 per
2354 3328 2627 3369 summam
2681 3313 2955 3368 incuriam
2985 3328 3278 3383 operarum
3328 3316 3565 3371 amissis.
3622 3316 3753 3373 Haec
3809 3328 3863 3373 te

608 3409 819 3479 paucis,
843 3409 1041 3475 lector,
1072 3410 1341 3465 monitum
1369 3409 1541 3464 volui.
1577 3408 1733 3475 Quod
1762 3419 2034 3481 superest,
2066 3410 2334 3476 studium,
2360 3424 2570 3480 quaso,
2596 3425 2783 3465 meum
2813 3410 2945 3465 boni
2963 3411 3212 3477 consule,
3234 3421 3293 3467 et
3316 3412 3458 3467 bene
3490 3412 3593 3468 tibi
3638 3414 3870 3485 cupien-

610 3511 723 3556 tem
743 3503 936 3558 eodem
963 3504 1148 3560 animo
1182 3519 1541 3575 prosequere.

907 3699 3477 3726 Μ

1326 3890 2029 3984 ADMONITIO
2101 3889 2555 3984 ANTON.
2640 3894 3119 3986 AGELLII

971 4084 1295 4148 Prsemissa
1327 4083 1591 4148 editioni
1619 4083 1853 4145 Latina:
1896 4081 2202 4146 librorum
2229 4084 2319 4145 De
2363 4082 2734 4147 adoratione
2770 4086 2837 4146 in
2876 4086 3111 4165 spiritu
3157 4096 3216 4148 et
3250 4087 3530 4151 veritate.

1940 4252 1957 4313 (
1984 4249 2153 4300 Romae
2202 4248 2344 4311 1588,
2368 4248 2455 4301 fol.
2482 4252 2499 4311 )

684 4534 835 4589 Beati
873 4534 1066 4606 Cyrilli
1092 4534 1169 4590 De
1214 4534 1537 4591 adoratione
1580 4536 1639 4590 in
1673 4536 1872 4606 spiritu
1904 4545 1963 4592 et
2005 4534 2240 4591 veritate
2284 4534 2444 4589 libros
2492 4552 2615 4590 cum
2648 4536 2967 4609 Lugdunum
3010 4543 3385 4612 imprimendos
3420 4548 3702 4610 misissem,
3738 4551 3869 4603 adeo

618 4626 775 4692 male,
800 4643 907 4680 non
934 4627 1087 4681 modo
1117 4627 1467 4698 imprimentis
1494 4628 1835 4699 negligentia,
1852 4644 2037 4683 verum
2057 4630 2219 4682 etiam
2244 4629 2555 4699 corrigentis
2586 4628 2764 4700 culpa,
2784 4634 2983 4703 accepti
3013 4634 3246 4703 fuerunt,
3265 4645 3325 4689 ut
3354 4639 3649 4694 innumeris
3668 4641 3867 4694 mendis

616 4720 778 4791 pleni,
814 4730 862 4775 et
896 4720 1036 4790 quod
1059 4722 1185 4775 mihi
1206 4720 1473 4776 molestius
1491 4722 1610 4793 fuit,
1636 4722 2081 4776 adnotatiunculis
2110 4722 2437 4793 marginibus
2456 4722 2653 4777 additis
2670 4727 2895 4796 respersi
2922 4735 3114 4793 essent,
3133 4744 3265 4797 quas
3284 4746 3449 4800 neque
3464 4748 3557 4803 ego
3580 4737 3827 4789 miseram
3852 4776 3867 4798 ,

617 4828 782 4883 neque
824 4812 1092 4881 feceram:
1127 4820 1177 4865 et
1203 4813 1279 4865 ita
1302 4813 1495 4882 inepta:
1526 4822 1576 4866 et
1601 4813 1842 4867 absurda
1864 4822 2039 4878 erant,
2068 4822 2125 4865 ut
2148 4813 2344 4867 alicubi
2377 4830 2442 4867 ne
2475 4815 2709 4869 auctoris
2736 4817 2950 4885 quidem
2971 4820 3369 4873 sanctissimiet
3400 4826 3867 4883 eruditissimirin

618 4908 814 4960 nomini
830 4914 1128 4977 parcerent.
1150 4904 1303 4971 Quod
1320 4908 1405 4960 ubi
1425 4909 1686 4978 conspexi,
1717 4916 1882 4962 totam
1900 4907 2054 4962 illam
2077 4908 2444 4979 Lugdunensis
2473 4910 2837 4979 impressionis
2856 4913 3222 4981 cogitationem
3249 4911 3432 4981 abjeci.
3468 4913 3571 4968 Sed
3606 4919 3863 4973 hortanti-

616 5001 708 5052 bus
749 5008 931 5069 postea
964 5000 1187 5053 eruditis
1212 5000 1362 5061 viris,
1394 5014 1698 5069 mecumque
1729 4998 2089 5053 benevolentia
2116 5000 2433 5069 conjunctis,
2452 5008 2501 5052 et
2525 5002 2790 5070 praecipue
2816 5000 3037 5056 illorum
3062 5004 3485 5059 adhortationem
3514 5008 3866 5065 illustrissimc

618 5091 1043 5163 amplissimaque
1073 5093 1222 5147 card.
1242 5091 1464 5162 Carafa,
1501 5093 1651 5157 cuius
1673 5092 1829 5162 jussu
1857 5109 1921 5147 ac
1953 5092 2224 5147 voluntate
2251 5092 2372 5146 illos
2397 5101 2781 5157 converteram,
2811 5096 3159 5165 approbante,
3189 5105 3245 5150 ut
3275 5099 3405 5151 vitia
3431 5101 3725 5167 superioris
3766 5104 3863 5154 im-

620 5188 899 5255 pressionis
930 5189 1284 5252 emendarem,
1328 5189 1559 5243 alteram
1589 5196 1644 5242 ut
1668 5189 1862 5243 dicitur
1881 5190 2269 5260 navigationem
2290 5189 2514 5258 suscepi,
2544 5198 2594 5242 et
2632 5189 2702 5241 ad
2722 5190 2964 5243 incudem
2990 5189 3144 5244 illam
3192 5192 3589 5261 impressionem
3610 5197 3865 5257 revocari,

621 5276 902 5345 curavique
930 5286 988 5329 ut
1008 5276 1177 5330 denuo
1215 5276 1335 5331 libri
1362 5276 1743 5331 emendatiores
1764 5278 2214 5348 imprimerentur.
2266 5276 2460 5340 Habes,
2515 5276 2677 5329 lector
2698 5318 2711 5341 ,
2738 5277 2993 5333 Romana:
3026 5280 3187 5349 hujus
3236 5282 3596 5351 impressionis
3631 5303 3866 5339 causam.

622 5366 771 5420 Nunc
805 5366 939 5419 mihi
970 5369 1106 5421 ratio
1131 5368 1443 5438 exponenda
1466 5378 1542 5422 est
1567 5384 1729 5437 quam
1764 5370 1819 5422 in
1840 5367 2240 5438 interpretando
2262 5384 2380 5421 sum
2418 5378 2646 5422 secutus.

695 5457 805 5527 Ego
830 5475 948 5510 cum
976 5458 1202 5512 viderem
1232 5462 1287 5513 in
1318 5470 1657 5515 externorum
1690 5463 1897 5533 scriptis
1941 5460 2320 5529 transferendis
2347 5459 2506 5527 ﬁdem
2550 5460 2855 5529 interpretis
2919 5461 3138 5530 requiri,
3163 5470 3319 5531 atque
3348 5479 3465 5515 eam
3489 5462 3696 5514 abunde
3719 5482 3860 5533 pra:-

620 5555 772 5617 stari,
803 5556 847 5607 si
876 5553 1014 5624 quod
1040 5554 1095 5607 in
1126 5559 1487 5625 permutandis
1516 5561 1743 5613 nummis
1772 5560 2049 5613 usuvenire
2076 5556 2207 5611 sole:
2234 5598 2249 5620 ,
2285 5560 2570 5611 aestimatio
2592 5559 2871 5612 sententia
2898 5558 3229 5611 tantumdem
3256 5557 3439 5613 valens
3464 5560 3738 5616 reddatur.
3764 5579 3869 5615 non

620 5644 922 5717 scrupulose
958 5644 1118 5698 verba
1156 5657 1533 5715 numerentur;
1573 5651 1797 5705 mediam
1836 5648 2125 5719 quamdam
2163 5648 2303 5702 viam
2344 5650 2470 5703 mihi
2506 5650 2905 5719 ingrediendum
2936 5651 3136 5719 putavi,
3174 5657 3233 5702 ut
3256 5652 3573 5705 sententiam
3631 5658 3871 5709 auctoris

624 5741 699 5791 ita
723 5737 1009 5799 redderem,
1043 5746 1100 5790 ut
1128 5755 1292 5809 neque
1326 5743 1479 5797 illam
1500 5744 1673 5799 solum
1698 5754 1940 5815 spectans
1976 5743 2133 5797 verba
2155 5751 2561 5807 contemnerem,
2599 5760 2766 5814 neque
2814 5761 2997 5797 rursus
3039 5746 3206 5799 verbis
3233 5745 3514 5816 plusquan.
3547 5758 3678 5810 opus
3734 5750 3867 5795 esset

627 5833 1002 5897 adha'rcsccns,
1028 5832 1277 5888 obscurus
1308 5853 1489 5890 essem.
1523 5839 1701 5897 Scaue
1748 5855 1868 5892 vero
1897 5836 2090 5891 Latina
2118 5837 2274 5892 verba
2318 5836 2413 5891 illa
2455 5844 2663 5891 tantum
2692 5838 2891 5901 vutavi,
2919 5853 3034 5906 qua:
3082 5838 3225 5907 apud
3272 5838 3465 5906 lingua
3498 5845 3734 5883 δυηιηιοδ
3760 5845 3859 5881 αα·
