4154 6530
235 420 320 478 i2!
1347 419 1434 474 ΔΝ
1443 419 1624 476 ΤΟΝΙῙ
1657 422 1875 478 AGELL

1833 423 1931 478 .LII
1968 422 2350 480 PREFATIO.
3370 413 3473 469 5”

228 546 383 592 ctores
421 534 789 604 reperiuntur;
841 548 965 586 nam
995 531 1092 587 illa
1119 533 1376 587 scribendi
1423 537 1586 589 anxia
1627 537 1865 590 nimis-et
1905 535 2219 608 scrupulosa
2285 545 2425 589 ratio
2457 536 2510 588 in
2544 535 2607 588 iis
2645 533 2848 603 scriptis
2879 546 2994 600 qua
3048 528 3118 581 ad
3166 525 3468 596 religionem

229 630 499 700 pertinent,
531 639 637 679 non
664 637 1042 696 usquequaque
1095 627 1298 679 servari
1343 634 1546 698 potest;
1592 626 1847 699 religione
1903 629 2041 683 enim
2081 627 2313 700 quadam
2358 626 2634 681 verborum
2669 625 2918 678 astrictus
2958 629 3163 673 tenetur
3188 621 3465 689 interpres,

229 721 349 774 adw
371 725 430 772 ut
457 719 502 772 si
531 716 828 788 elegantius
851 718 1145 787 transferre
1178 717 1325 782 velit,
1365 735 1530 789 neque
1577 721 1732 773 certis
1760 719 2072 791 quibusdam
2113 719 2192 772 uti
2231 718 2401 772 verbis
2455 725 2614 788 atque
2642 713 2981 776 solemnibus,
3018 710 3328 782 plerumque
3345 725 3466 762 sen-

229 814 437 866 tentiam
461 811 718 873 obscuret,
747 809 871 863 dum
903 807 1218 864 Christianis
1239 781 1456 881 objectis
1485 809 1711 864 cultiora
1738 781 1964 880 fortasse
1986 813 2173 882 quierit
2190 828 2209 878 ;
2238 828 2376 881 saepe
2400 808 2798 880 simplicitatem
2833 804 2987 858 illam
3011 781 3305 858 Christiani
3332 781 3500 869 seri-'3

227 905 381 974 ptoris
409 917 440 956 α
470 903 601 972 fucis
631 901 865 956 alienam
886 919 1075 972 parum
1110 903 1340 973 referat;
1365 921 1746 974 nonnunquam
1769 905 1960 971 etiam,
1989 905 2126 975 quod
2148 913 2308 975 caput
2334 912 2429 966 est,
2462 902 2669 956 decreta
2703 898 2946 970 quaedam
2976 904 3171 950 nostra:
3200 893 3324 959 ﬁdei
3355 894 3466 946 vio-

234 994 249 1009 ρ
279 1002 292 1009 -
349 991 390 1009 Λ
495 1007 500 1009 .
559 991 574 1009 ι
633 1005 644 1009 -
834 1002 844 1009 .
918 995 929 1006 ι
1230 995 1261 1009 ο.
1485 1002 1495 1009 .
1764 1008 1767 1009 ,
1916 998 1934 1009 Α
2149 1007 2156 1009 .
2221 999 2231 1009 ο
2335 996 2365 1009 ι.
2403 996 2432 1009 η
2630 995 2639 1009 ι
2662 996 2672 1006 α
2805 1000 2816 1009 .
2924 1008 2932 1009 κ
2953 1007 3000 1009 -.Α
3043 989 3289 1009 -.-ιη-13---
3319 985 3444 1009 ﬁli-..

227 994 309 1047 let.
345 991 698 1058 Quamobrem
726 995 958 1047 auctoris
986 1009 1195 1048 sensum
1222 995 1299 1048 ita
1341 1002 1559 1049 conatus
1592 1013 1711 1052 sum
1753 998 2066 1068 transferre,
2101 1007 2158 1051 ut
2186 996 2510 1067 simplicibus
2534 995 2699 1048 verbis
2719 1035 2731 1058 ,
2769 1000 2817 1046 et
2855 1009 2887 1044 a
2910 989 3289 1043 consuetudine
3317 985 3470 1042 Chri-

227 1086 366 1138 tiana
391 1085 606 1138 minime
626 1083 819 1138 alienis
855 1094 1032 1139 uterer
1053 1103 1072 1151 ;
1109 1089 1414 1158 curavique,
1444 1099 1704 1159 quantum
1753 1092 1922 1161 potui,
1955 1106 2019 1144 ne
2060 1092 2115 1144 in
2138 1107 2197 1144 eo
2258 1089 2480 1160 legendo
2521 1087 2854 1143 Christianus
2917 1085 3080 1136 lector
3113 1083 3167 1135 in
3235 1079 3468 1135 auctoris
3498 1083 3502 1092 ‘

226 1179 472 1232 sententia
497 1191 666 1230 mores
687 1178 916 1230 auctoris
947 1176 1286 1232 desideraret.
1319 1178 1584 1234 Hactenus
1616 1181 1677 1234 de
1701 1183 2302 1253 mecejnterpretationis
2328 1182 2550 1234 ratione.
2584 1177 2737 1232 Nunc
2766 1177 2827 1231 de
2863 1183 3032 1248 operis
3061 1184 3273 1229 auctore
3298 1188 3470 1244 pauca

225 1273 435 1328 dicenda
465 1279 608 1325 sunt.

288 1361 475 1434 Cyrilli
500 1364 594 1416 hoc
620 1377 750 1433 opus
777 1376 905 1427 esse,
938 1364 1026 1430 qui
1049 1363 1107 1415 in
1131 1361 1244 1432 ejus
1284 1363 1493 1433 seriptis
1524 1363 1850 1435 perlegendis
1874 1367 1942 1420 sit
1966 1375 2229 1428 versatus,
2269 1373 2397 1436 puto
2430 1364 2796 1418 dubitaturum
2853 1367 3112 1418 neminem
3129 1382 3146 1428 ;
3183 1365 3339 1433 idque
3365 1381 3469 1420 non

224 1455 632 1525 exinscriptione
657 1452 832 1507 solum
869 1454 1106 1524 cognosci
1126 1461 1312 1523 potest,
1343 1470 1458 1524 qua:
1491 1456 1546 1508 in
1575 1455 1813 1510 omnibus
1831 1474 1958 1527 quos
1997 1457 2170 1511 videre
2219 1457 2367 1528 potui
2421 1457 2798 1526 manuscriptis
2825 1455 2968 1510 libris
3021 1463 3321 1525 prtenotata
3366 1465 3464 1515 est,

222 1565 396 1606 verum
432 1551 594 1604 etiam
622 1565 687 1604 ex
720 1549 1028 1603 elocutionis
1057 1565 1245 1620 genere
1269 1567 1388 1604 cum
1417 1552 1618 1605 cwteris
1648 1553 1762 1619 eius
1796 1553 1942 1606 libris
1969 1552 2421 1624 quamsimillimo.
2455 1551 2624 1606 Habet
2650 1553 2789 1605 enim
2827 1550 3084 1621 Cy-rillus,
3114 1559 3171 1603 ut
3191 1552 3470 1620 scriptores

220 1661 417 1710 omnes,
449 1663 606 1699 suam
627 1645 917 1716 quamdam
948 1645 1204 1698 orationis
1231 1645 1459 1714 formam
1487 1663 1549 1699 ac
1569 1645 1795 1716 faciem;
1824 1665 2007 1717 quam,
2043 1657 2100 1701 ut
2131 1650 2187 1701 in
2215 1649 2329 1719 ipsa
2360 1645 2533 1700 vultus
2561 1646 2783 1699 humani
2809 1646 2978 1715 specie
3025 1646 3290 1708 usuvenit,
3326 1646 3470 1699 haud

219 1736 366 1808 facile
386 1739 442 1790 in
465 1739 572 1792 alio
605 1737 962 1808 deprehendas
989 1755 1007 1792 :
1045 1753 1208 1807 eaque
1236 1738 1288 1790 in
1311 1737 1500 1792 Latino
1522 1756 1742 1810 quoque,
1761 1741 1852 1794 sed
1878 1741 2089 1811 facilius
2119 1759 2181 1794 ac
2215 1741 2407 1794 certius
2448 1741 2504 1794 in
2555 1738 2737 1794 Crwco
2781 1739 3117 1808 perspicitur.
3145 1737 3356 1791 Accedit
3385 1739 3470 1792 al—

218 1840 384 1882 terum
414 1842 807 1901 argumentum,
844 1830 981 1901 quod
1015 1830 1208 1884 eaedem
1242 1833 1514 1885 sententia:
1546 1851 1608 1886 ac
1643 1833 1892 1904 dogmata
1921 1836 2106 1906 quibus
2144 1837 2198 1889 in
2237 1836 2316 1889 his
2351 1835 2498 1888 libris
2535 1835 2726 1897 utitur,
2752 1833 2807 1885 in
2847 1832 2968 1885 aliis
3002 1834 3128 1886 item
3162 1832 3277 1899 ejus
3300 1831 3468 1897 libris,

216 1921 276 1974 de
303 1922 493 1991 quibus
528 1922 680 1976 nulla
713 1931 790 1976 est
828 1923 1205 1987 controversia,
1231 1921 1480 1993 leguntur
1512 1923 1610 1996 (a).
1644 1924 1882 1997 Longum
1910 1945 2032 1982 vero
2063 1935 2223 1992 esset,
2260 1943 2426 1997 neque
2448 1925 2820 1988 necessarium,
2849 1925 2893 1978 si
2919 1941 3006 1978 eas
3040 1940 3225 1978 omnes
3250 1931 3468 1978 senten-

215 2015 312 2068 tias
343 2016 589 2085 persequi
617 2013 807 2069 velim:
837 2013 966 2068 satis
997 2015 1096 2067 erit
1129 2015 1199 2067 ad
1217 2030 1334 2069 eam
1369 2032 1480 2068 rem
1499 2015 1969 2073 demonstrandam
2007 2035 2174 2072 unum
2217 2027 2310 2072 aut
2353 2017 2584 2072 alterum
2611 2016 2908 2088 exemplum
2941 2033 3370 2070 commemorare.
3391 2013 3468 2070 Ne

218 2108 423 2177 longius
447 2107 654 2170 abeam,
679 2107 818 2177 quod
847 2108 901 2160 in
934 2109 1106 2178 primo
1129 2106 1260 2161 libro
1297 2109 1491 2177 posuit,
1532 2109 1962 2165 substantialiter
2008 2129 2071 2166 ex
2121 2111 2284 2167 Patre
2323 2121 2371 2166 et
2428 2111 2562 2165 Filio
2607 2110 2884 2181 procedere
2912 2108 3169 2179 Spiritum
3207 2119 3470 2172 sanctum,

216 2215 386 2253 nonne
420 2197 685 2269 Cyrillum
712 2205 982 2252 auctorem
1014 2199 1295 2270 coarguit?
1347 2215 1448 2269 quo
1493 2214 1558 2252 ex
1601 2199 1795 2256 Crwcis
1827 2203 2122 2257 doctoribus
2169 2220 2319 2257 nemo
2346 2203 2536 2273 dogma
2582 2203 2675 2256 hoc
2735 2202 2968 2271 apertius
3019 2201 3282 2271 protulit;
3344 2216 3473 2254 nam

213 2293 451 2347 eamdem
475 2294 792 2346 sententiam
825 2307 944 2346 cum
970 2292 1118 2358 alibi,
1157 2296 1338 2348 tumin
1371 2293 1637 2350 Thesauri
1670 2295 1802 2349 libro
1818 2313 1911 2350 xui
1947 2295 2186 2366 legimus,
2219 2298 2388 2369 capite
2417 2297 2450 2350 2
2477 2308 2525 2351 et
2546 2297 2612 2363 5;
2646 2298 2874 2367 itemque
2899 2295 2987 2348 lib.
3029 2311 3138 2359 xw,
3171 2312 3288 2364 cap.
3327 2295 3381 2360 1,
3408 2305 3458 2348 et

214 2388 268 2442 in
291 2387 564 2443 Joannem
601 2387 688 2441 lib.
719 2403 773 2451 x,
799 2404 918 2458 cap.
945 2387 1479 2458 ‘25.!nsufflationem
1515 2390 1702 2444 deinde
1735 2390 1963 2463 Spiritus
2001 2391 2173 2444 sancti
2220 2391 2276 2444 in
2311 2391 2542 2445 hominis
2599 2406 2788 2460 corpus
2823 2405 2850 2440 e
2895 2387 3019 2440 limo
3060 2385 3378 2456 formatum,
3411 2395 3470 2439 ut

141 2545 144 2550 l
211 2483 465 2538 Ceneseos
494 2480 717 2535 secundo
745 2479 981 2550 legimus,
1023 2480 1078 2534 id
1103 2481 1326 2551 effecisse
1363 2479 1606 2552 .Cyrillus
1640 2489 1812 2552 putat,
1861 2491 1920 2535 ut
1971 2481 2200 2553 Spiritus
2224 2485 2394 2536 sancti
2429 2498 2643 2536 munere
2681 2481 2919 2535 animant
2969 2479 3262 2533 decoraret.
3309 2479 3464 2534 Hane

208 2576 530 2628 sententiam
569 2575 622 2626 in
650 2571 783 2626 libro
817 2589 1022 2644 quoque
1040 2575 1096 2626 in
1124 2573 1333 2646 Evang.
1358 2574 1421 2628 Β.
1457 2574 1618 2629 Joan.
1646 2591 1704 2640 ιι,
1738 2593 1783 2630 c.
1803 2576 1856 2640 5,
1874 2585 1922 2630 et
1947 2576 2036 2630 lib.
2077 2593 2172 2641 xu,
2197 2593 2242 2630 c.
2272 2577 2360 2640 56,
2390 2577 2580 2646 posuit.
2631 2573 2817 2646 Cyrilli
2860 2573 3160 2644 opinionem
3211 2589 3316 2626 non
3343 2575 3475 2627 satis

211 2666 400 2729 probat
417 2664 479 2719 Β.
509 2665 729 2718 Thomas
753 2663 807 2718 in
836 2682 852 2719 ι
883 2681 1026 2735 par.,
1057 2682 1110 2735 q.
1155 2665 1245 2730 9i,
1279 2676 1384 2721 art.
1417 2668 1469 2734 4,
1494 2677 1544 2721 et
1570 2670 1624 2722 in
1648 2667 1823 2722 libello
1863 2687 2017 2741 quem
2053 2670 2302 2725 adversus
2336 2685 2541 2723 errores
2572 2667 2877 2725 Grcecorum
2926 2667 3156 2737 scripsit,
3219 2673 3476 2734 tanquam

211 2757 401 2828 Cyrilli
437 2757 713 2826 propriam
745 2757 1001 2826 agnoscit.
1031 2753 1135 2810 Sed
1167 2749 1223 2810 ut
1245 2757 1379 2812 solet
1414 2757 1642 2813 Patrum
1678 2761 1968 2814 sententias
2015 2761 2390 2814 modestissime
2428 2760 2485 2811 in
2526 2766 2726 2811 rectum
2762 2773 2975 2810 sensum
3017 2754 3382 2824 interpretari,
3417 2762 3474 2806 ut

209 2855 378 2923 magis
415 2868 505 2905 eos
534 2850 810 2921 defendere
843 2867 1004 2920 quam
1030 2852 1406 2922 reprehendere
1440 2853 1703 2916 videatur,
1753 2869 1870 2906 eam
1905 2856 2195 2908 reverentia
2248 2855 2383 2907 tanti
2411 2851 2592 2905 Patris
2622 2858 2890 2920 permotus
2911 2854 3144 2909 excusat,
3197 2845 3479 2916 allegorice

209 2946 272 2998 ob
301 2945 408 2998 illa
445 2942 718 3015 prolatum
747 2944 945 2996 dicens.
967 2938 1225 2994 Excusari
1274 2955 1337 2992 ac
1367 2939 1576 3009 defendi
1609 2939 1766 2994 aliter
1804 2956 2007 3011 quoque
2043 2950 2230 3011 potest,
2260 2957 2380 2994 cum
2405 2938 2640 3011 Cyrillus
2672 2939 2726 2990 in
2768 2955 2885 2991 eam
2919 2938 3236 2990 sententiam
3281 2937 3478 2990 venisse

205 3037 476 3098 videatur,
496 3045 553 3089 ut
581 3034 864 3090 Marcionis
892 3032 1230 3086 etHanichtei
1255 3030 1606 3102 blasphemias
1624 3033 1982 3104 propulsaret,
2003 3036 2091 3104 qui
2119 3035 2362 3088 dicebant
2397 3051 2491 3104 per
2511 3033 2924 3103 insufflationem
2944 3027 3096 3082 illam
3125 3028 3352 3082 inditum
3369 3041 3479 3080 esse

207 3133 416 3187 homini
435 3131 500 3184 οε
515 3133 533 3185 i
547 3130 812 3202 spiritum,
833 3116 1056 3196 eumq'ue
1069 3128 1125 3179 in
1139 3127 1375 3180 animam
1397 3128 1620 3181 hominis
1635 3143 1962 3181 conversum.
1983 3127 2092 3180 Hoc
2113 3125 2345 3198 Cyrillns
2366 3127 2673 3189 detestatus,
2702 3132 2858 3194 negat
2884 3122 3140 3193 Spiritum
3162 3123 3214 3174 in
3240 3123 3480 3174 animam

205 3245 523 3284 conversum
542 3228 860 3297 ;asseritque
879 3222 1457 3294 insufﬂationemillam
1490 3224 1559 3276 ad
1574 3224 1811 3277 decorem
1832 3225 2044 3286 animle,
2065 3240 2167 3276 non
2187 3224 2256 3276 ad
2283 3239 2470 3294 corpus
2499 3220 2789 3276 animandu
2799 3237 2845 3273 ιη
2865 3217 3282 3290 profecisse.Non
3302 3225 3480 3271 tamen

146 3319 148 3321 ’
206 3322 614 3393 negatSpiritus
643 3322 833 3376 virtute
847 3329 1006 3389 atque
1025 3322 1252 3391 efficacia
1277 3339 1466 3391 corpus
1493 3321 1630 3375 illud
1658 3323 1841 3376 anima
1865 3324 2066 3376 vivente
2095 3329 2427 3393 vegetatum;
2457 3321 2548 3375 sed
2575 3318 2738 3374 simul
2767 3319 2877 3389 fere
2923 3320 3160 3372 animum
3184 3319 3233 3371 vi
3250 3316 3480 3388 Spiritus

201 3417 470 3487 infusam,
513 3423 564 3469 et
595 3414 836 3484 evestigio
859 3414 1028 3466 sancti
1055 3410 1284 3483 Spiritus
1311 3428 1525 3466 munere
1559 3413 1882 3467 decoratum.
1909 3412 2059 3478 Quod
2091 3415 2362 3484 perspicue
2386 3413 2518 3466 dixit
2548 3413 2603 3466 in
2634 3411 2987 3483 Evangelium
3025 3410 3088 3465 Β.
3120 3411 3345 3466 Joannis
3385 3411 3476 3466 lib.

203 3526 262 3575 ιι,
295 3528 422 3581 cap.
446 3509 504 3564 5.
546 3508 647 3564 Sed
673 3506 862 3578 Cyrilli
888 3508 1149 3576 opinionis
1185 3510 1453 3562 excusatio
1477 3508 1700 3562 alterius
1730 3509 1900 3580 operis
1932 3519 2032 3573 est;
2056 3525 2194 3562 nunc
2218 3510 2350 3562 satis
2389 3516 2467 3562 est
2504 3507 2793 3561 ostendisse
2825 3505 3018 3577 Cyrilli
3045 3507 3182 3560 hanc
3225 3523 3334 3560 esse
3355 3524 3480 3560 sen-

207 3604 458 3656 tentiam.
492 3600 654 3671 Atqui
677 3602 732 3654 in
776 3601 948 3654 primo
985 3598 1141 3670 hujus
1183 3601 1355 3668 aperis
1397 3599 1529 3654 libro
1555 3599 1663 3655 haec
1685 3603 1950 3655 sententia
1981 3601 2152 3671 posita
2183 3610 2298 3665 est;
2327 3616 2430 3672 quo
2467 3615 2648 3654 verum
2696 3613 2804 3652 esse
2827 3595 3016 3669 Cyrilli
3045 3598 3138 3652 hoc
3170 3614 3298 3669 Opus
3339 3590 3485 3653 indi--

203 3705 381 3748 catur.

273 3789 657 3861 Expositiones
689 3804 808 3842 vero
837 3787 1026 3842 divina:
1059 3785 1366 3858 Scriptum,
1389 3804 1507 3858 qua:
1529 3789 1584 3842 in
1609 3789 1728 3843 aliis
1757 3789 1870 3859 ejus
1913 3788 2055 3842 libris
2089 3789 2404 3858 afferuntur,
2426 3785 2588 3839 sicubi
2615 3786 2670 3838 in
2690 3784 2769 3838 his
2803 3783 2949 3837 libris
2973 3799 3096 3836 usus
3133 3783 3339 3845 incidit,
3377 3797 3482 3835 ea:-

202 3883 320 3936 dem
337 3885 534 3953 posita
545 3889 689 3944 sunt;
714 3879 849 3949 quod
860 3879 1031 3950 ipsum
1047 3879 1283 3933 eumdem
1303 3895 1413 3932 esse
1433 3878 1878 3951 prodit.Singuias
1891 3895 2156 3933 recensere
2172 3895 2336 3949 neque
2353 3877 2573 3930 breviter
2586 3890 2817 3947 possum,
2833 3884 2880 3928 et
2902 3875 3052 3927 otiosi
3070 3875 3292 3926 hominis
3313 3881 3446 3925 esset
3467 3888 3483 3924 .·

202 3958 466 4044 ίάᾳυεευὶ
501 3972 707 4026 libitum
737 3970 892 4039 fuerit
910 3969 1065 4038 facile
1095 3980 1250 4024 estex
1276 3970 1447 4023 indice
1464 3967 1754 4041 Scriptura:
1778 3987 1966 4035 sacrae,
2000 3971 2090 4041 qui
2115 3970 2184 4023 ad
2205 3969 2367 4038 finem
2391 3970 2564 4040 operis
2600 3975 2676 4021 est
2701 3967 2918 4038 positus,
2937 3965 3232 4027 desumere,
3267 3974 3316 4018 et
3360 3964 3486 4018 illas

203 4074 344 4124 inter
355 4083 417 4121 sc
432 4065 845 4136 conferre.Quin
863 4068 1021 4120 etiam
1034 4068 1174 4120 inter
1186 4065 1374 4137 Cyrilli
1386 4083 1547 4138 Opera
1562 4067 1768 4122 libellus
1785 4069 2000 4139 quidam
2017 4070 2304 4132 inveni-tur,
2320 4069 2409 4139 qui
2432 4067 2776 4123 Collectanea
2799 4063 3129 4127 inscribitur;
3162 4064 3215 4115 in
3234 4079 3292 4115 eo
3316 4061 3486 4116 multa

201 4167 327 4211 sunt
358 4157 660 4228 Scriptura!
707 4155 822 4210 loca
849 4155 1145 4210 sublimiori
1189 4173 1346 4210 sensu
1371 4165 1420 4209 et
1441 4159 1730 4227 anagogico
1771 4156 2054 4228 explicata,
2089 4157 2342 4228 pleraque
2369 4173 2431 4209 ex
2463 4155 2608 4210 libris
2626 4171 2754 4225 pene
2775 4156 2844 4210 ad
2881 4155 3091 4209 verbum
3115 4155 3410 4225 desumpta,
3429 4164 3485 4207 ut

203 4249 343 4304 illud
369 4250 440 4303 de
474 4248 652 4319 Moyse
677 4247 867 4320 lingua:
893 4252 1200 4306 tarditatem
1251 4261 1557 4318 excusante,
1588 4254 1653 4307 de
1683 4262 1840 4307 etate
1861 4254 2064 4318 Aaron,
2085 4253 2148 4305 de
2170 4254 2318 4322 virga
2349 4253 2404 4305 in
2441 4260 2734 4322 serpentem
2753 4267 2925 4315 versa,
2956 4251 3017 4302 de
3048 4266 3200 4319 aqua?
3228 4251 3447 4319 penuria
3469 4289 3482 4311 ,

205 4363 316 4415 qua
348 4344 626 4400 Israelita:
646 4343 806 4414 paulo
829 4354 952 4400 ante
979 4363 1043 4401 ex
1065 4347 1294 4419 /Egypto
1321 4347 1550 4413 liberati,
1593 4350 1823 4419 primum
1865 4349 2042 4403 vexati
2080 4347 2390 4418 probatique
2412 4355 2554 4410 sunt,
2606 4345 2669 4399 de
2695 4361 2872 4416 pugna
2906 4344 3155 4397 adversus
3183 4342 3484 4397 Amalechi-

204 4447 288 4491 tas
311 4441 482 4501 inita,
501 4437 661 4493 Iosue
686 4440 834 4504 duce,
865 4439 1043 4511 Moyse
1063 4449 1376 4511 spectatore.

273 4529 346 4583 In
369 4530 575 4585 Graecis
606 4533 802 4584 catenis
832 4540 1114 4601 prceterea,
1148 4532 1204 4583 in
1242 4529 1655 4585 Pentateuchum
1687 4531 1969 4600 praecipue,
1996 4544 2113 4598 qua:
2139 4527 2194 4580 in
2233 4527 2490 4581 Vaticana
2517 4525 2828 4580 bibliotheca
2853 4535 2995 4590 sunt,
3019 4544 3181 4597 quam
3215 4526 3388 4580 multa
3421 4543 3486 4579 ac

204 4637 376 4691 prope
403 4621 636 4674 dixerim
665 4622 842 4674 omnia
877 4637 940 4674 ex
960 4622 1038 4675 his
1063 4619 1210 4674 libris
1243 4628 1458 4690 accepta
1487 4620 1650 4674 sunt?
1685 4619 1763 4673 ita
1793 4627 1853 4673 ut
1875 4634 2006 4690 pene
2032 4625 2165 4672 totos
2208 4617 2280 4671 ibi
2306 4618 2529 4670 insertos
2577 4617 2754 4670 videas
2781 4618 2870 4672 hos
2902 4617 3079 4683 libros,
3113 4627 3270 4689 atque
3301 4617 3488 4690 Cyrilli

207 4716 433 4767 nomine
467 4714 680 4766 citatos.

279 4787 572 4858 Postremo
598 4805 867 4859 Anastasii
891 4806 1210 4876 patriarcha:
1258 4803 1590 4869 Antiocheni,
1609 4804 1928 4858 sanctissimi
1961 4813 2010 4857 et
2035 4803 2377 4858 eruditissimi
2405 4803 2522 4866 viri,
2557 4819 2710 4874 quem
2739 4819 2840 4855 non
2894 4812 3098 4855 moveat
3153 4803 3488 4857 auctoritas?

203 4914 257 4969 [s
281 4903 434 4955 enim
467 4903 526 4954 in
552 4916 646 4953 suo
700 4901 1032 4956 Deductorio
1071 4901 1218 4955 libro
1267 4900 1331 4954 de
1358 4901 1437 4954 his
1483 4899 1627 4954 libris
1679 4899 2036 4952 testimonium
2083 4898 2308 4969 profert,
2346 4899 2762 4968 interrogatione
2818 4898 3083 4950 vicesima.
3115 4897 3278 4949 Locus
3309 4907 3486 4950 autem

203 5005 366 5056 quem
393 4994 533 5046 citat
581 4993 829 5046 adversus
873 4995 1161 5047 vanitatem
1212 4993 1580 5063 auguriorum,
1606 4991 1670 5044 de
1707 4990 1838 5044 libro
1867 5006 1919 5045 γι
1945 4997 2182 5061 sumptus
2221 4998 2315 5042 est.
2349 4988 2430 5042 Ex
2468 4990 2545 5043 his
2590 4988 2828 5042 omnibus
2873 4987 3009 5041 illud
3044 4989 3271 5057 profecto
3303 4985 3484 5059 liquet,

203 5088 500 5155 proprium
531 5101 638 5138 esse
669 5084 854 5155 Cyrilli
876 5101 1027 5156 opus,
1055 5101 1220 5156 neque
1245 5085 1386 5155 apud
1407 5100 1724 5154 quemquam
1743 5091 1870 5154 puto
1918 5085 2055 5138 hanc
2083 5100 2194 5137 rem
2234 5084 2288 5137 in
2309 5082 2522 5135 dubium
2557 5080 2926 5134 revocandam.

278 5200 360 5255 Ne
391 5218 524 5255 vero
550 5202 827 5272 quisquam
875 5203 1189 5273 offendatur,
1217 5219 1335 5255 cum
1369 5203 1695 5265 testimonia,
1738 5219 1856 5272 qum
1884 5202 1948 5256 de
2001 5201 2280 5273 Scriptura
2341 5200 2708 5271 proferuntur,
2751 5195 3014 5266 aliquibus
3046 5195 3170 5248 locis
3212 5213 3315 5248 non
3361 5213 3488 5249 con-
3577 5201 3584 5208 '

204 5312 407 5364 grurre
431 5311 558 5347 cum
587 5294 776 5350 Latina
802 5297 1026 5350 editione
1048 5296 1258 5361 viderit,
1291 5295 1651 5350 admonendus
1679 5299 1720 5352 is
1749 5299 1876 5352 mihi
1896 5307 1990 5362 est,
2018 5298 2071 5352 id
2093 5315 2197 5352 non
2228 5297 2281 5350 in
2305 5312 2408 5349 uno
2433 5293 2654 5366 Cyrillo,
2679 5292 2768 5345 sed
2789 5295 2840 5345 in
2864 5293 3096 5345 onmium
3121 5291 3346 5345 Patrum
3378 5301 3486 5346 tam

205 5395 538 5445 (,‘rtrcorum
596 5409 756 5462 quam
794 5401 1025 5445 veterum
1083 5391 1398 5446 Latinorum
1446 5391 1589 5446 libris
1639 5395 1932 5449 usu-venire.
1983 5395 2049 5448 Ili
2091 5409 2318 5464 namque
2357 5406 2535 5444 omnes
2599 5388 2793 5441 Veteris
2843 5386 3163 5474 Testamenti
3198 5386 3485 5459 Scripturis

280 5565 382 5638 (ai
441 5564 846 5638 Argumentum
913 5567 1051 5621 nulli
1082 5567 1383 5621 secundum
1421 5567 1630 5636 praebet
1687 5567 1804 5636 ipse
1913 5569 2122 5638 copiam
2145 5567 2410 5638 complexi
2430 5565 2802 5634 simus,eapita
2820 5563 2948 5638 huic
2965 5565 3118 5635 operi
3137 5564 3339 5638 inserta
3355 5578 3480 5618 con-

201 5633 686 5709 C)~illns.~initio
718 5635 1107 5706 (.‘laphyrorum
1135 5638 1190 5690 in
1232 5633 1452 5709 Genesin
1505 5639 1578 5709 (p.
1617 5633 1805 5709 2),_di-
1915 5633 2057 5693 snlto
2114 5633 2653 5709 prmtérmisimuset
2695 5633 3067 5709 inesamina'ta
3117 5635 3483 5703 reliquimus;

201 5721 384 5778 eam:
431 5725 452 5778 ι
489 5705 782 5778 Sciendum
815 5705 952 5760 vero
1008 5708 1174 5761 etiam
1231 5708 1335 5762 hoc
1370 5705 1542 5778 quod"
1568 5705 1692 5762 cum
1730 5708 1808 5761 De
1917 5705 2130 5762 tametsi
2165 5708 2439 5762 interdum
2472 5707 2670 5762 accidit
2698 5717 2757 5761 ut
2787 5707 3021 5778 alicujus
3069 5719 3262 5778 eorum
3292 5719 3486 5759 ncces-

203 5776 549 5847 adoratioue
595 5785 644 5828 et
691 5776 836 5830 cultu
865 5779 920 5830 in
947 5780 1136 5847 spiritu
1162 5787 1210 5830 et
1238 5775 1459 5832 veritate
1490 5779 1660 5834 libros
1700 5794 1808 5831 xm
1917 5779 2058 5832 saria
2091 5778 2158 5832 de
2186 5794 2348 5833 causa
2384 5779 2815 5835 ineniiuerimus.
2849 5796 2863 5827 ι
2905 5777 3052 5831 Enn.
3075 5775 3235 5830 Pun.

203 5845 644 5913 scripserimus,
683 5845 1020 5913 multamque
1057 5849 1108 5900 in
1150 5847 1256 5900 illis
1283 5849 1808 5912 contemplationqu
