4154 6524
690 362 791 418 ηδ
1809 358 2083 413 ΔΝΤΟΝΙΙ
2121 358 2330 413 AGELI

2262 359 2393 413 LL]!
2434 358 2808 414 ΡΠᾸΞΕΑΤΙΟ.
3810 364 3898 429 ω’

681 476 841 546 juxta
872 472 1007 527 LXX
1026 472 1383 544 Interpretum
1426 469 1831 523 translationem
1856 476 2098 522 utuntur.
2129 466 2230 523 Sed
2257 470 2383 538 quia
2414 479 2559 522 vetus
2583 470 2771 523 harum
2802 471 3153 540 interpretum
3181 470 3338 525 editio
3368 471 3488 540 jam
3516 472 3604 525 diu
3653 478 3781 546 apud
3802 480 3893 534 La-

686 569 822 620 tinos
848 566 1044 619 amissa
1074 572 1173 629 est,
1213 563 1333 616 dedi
1378 577 1594 631 operam
1629 567 1688 612 ut
1735 575 1855 630 qua
1908 560 1964 613 in
1992 560 2069 614 his
2125 559 2272 614 libris
2310 576 2373 614 ex
2419 559 2591 614 Veteri
2629 558 2990 615 Instrumenta
3010 562 3264 625 citantur,
3330 577 3391 615 ea
3432 579 3551 617 cum
3586 567 3891 635 antiquorum

691 656 887 711 Latina
931 654 1177 711 Ecclesia:
1224 655 1447 709 Patrum
1485 652 1704 705 lectione
1723 662 2112 722 congruerent:
2149 654 2204 706 in
2226 669 2391 724 eaque
2426 669 2484 707 re
2511 652 2790 724 Augustini
2808 655 3070 725 pracipue
3102 654 3247 707 libris
3275 654 3490 725 adjutus
3513 670 3648 721 sum,
3670 658 3722 711 in
3758 662 3890 731 cujus

683 748 1087 815 Quastionibus
1122 765 1226 801 non
1260 762 1429 817 pauca
1460 760 1522 797 ex
1552 742 1649 798 illa
1683 746 1843 798 veteri
1873 744 2011 798 LXX
2046 746 2487 815 interpretatione
2521 742 2786 815 leguntur.

754 840 818 895 In
851 839 994 895 Novo
1023 849 1198 893 autem
1228 837 1555 891 Testamento
1583 836 1832 891 Latinam
1870 836 2140 907 vulgatam
2170 836 2448 890 editionem
2471 837 2660 907 ubique
2687 838 2909 903 retinui;
2942 838 3042 892 nisi
3070 837 3153 890 ubi
3183 846 3276 891 aut
3304 838 3460 891 aliter
3491 837 3687 908 legisset
3714 855 3891 913 auctor,

685 942 776 987 aut
802 948 917 985 eam
948 929 1319 999 expositionem
1353 926 1635 991 attulisset,
1671 942 1789 999 qua
1814 944 1932 981 cum
1960 927 2151 980 Latina
2178 926 2400 980 editione
2426 942 2710 997 congruere
2743 944 2846 981 non
2872 936 3061 999 posset.
3104 926 3296 992 Quibus
3328 929 3382 982 in
3410 927 3533 983 locis
3562 945 3623 983 ne
3648 929 3707 984 ab
3736 944 3890 990 aucto-

685 1024 755 1075 ris
781 1022 1038 1075 sententia
1067 1021 1416 1083 dissentirem,
1446 1034 1570 1072 neve
1602 1017 1755 1071 illam
1785 1018 2132 1070 obscuriorem
2170 1016 2458 1081 redderem,
2491 1024 2698 1071 coactus
2732 1034 2848 1071 sum
2878 1016 3269 1088 aliquantulum
3304 1036 3337 1073 a
3371 1018 3595 1089 Vulgata
3630 1019 3891 1093 discedere;

682 1112 771 1164 sed
802 1112 909 1165 hac
939 1111 1053 1166 loca
1089 1128 1191 1165 non
1220 1109 1388 1165 multa
1412 1119 1554 1163 sunt.
1601 1107 1752 1174 Quod
1780 1109 2105 1163 admonitum
2134 1117 2203 1174 te,
2256 1107 2438 1174 lector,
2466 1108 2628 1174 volui,
2656 1125 2719 1161 ne
2755 1108 2914 1162 sicubi
2945 1108 3101 1163 aliter
3130 1125 3291 1180 quam
3318 1109 3415 1164 illa
3445 1110 3631 1165 habeat
3657 1119 3890 1183 transtud,

684 1208 955 1279 vulgatam
985 1210 1263 1263 editionem
1308 1206 1683 1278 reprehendere
1714 1222 1794 1260 me
1833 1204 2055 1260 voluisse
2084 1214 2251 1277 putes.
2282 1204 2469 1261 Altera
2504 1206 2663 1259 etiam
2697 1205 2910 1258 accessit
2948 1220 3108 1258 causa
3139 1220 3232 1257 cur
3271 1203 3326 1256 id
3362 1203 3486 1257 mihi
3523 1203 3687 1273 facere
3721 1223 3895 1265 necesse

685 1296 803 1366 fuit,
833 1316 897 1352 ne
927 1301 972 1353 si
1005 1298 1163 1355 aliter
1188 1317 1349 1370 quam
1375 1310 1560 1355 auctor
1591 1302 1646 1354 in
1681 1300 1860 1356 Craco
1894 1308 2164 1371 posuerat,
2198 1298 2484 1370 Scriptura
2519 1315 2686 1354 sacra
2719 1299 3014 1353 testimonia
3048 1298 3454 1362 transtulissem,
3484 1301 3817 1357 characterem
3842 1323 3895 1359 ac

686 1399 863 1443 notam
892 1392 1032 1445 haud
1053 1393 1296 1463 exiguam
1323 1393 1629 1456 adimerem,
1657 1408 1763 1462 qua
1792 1390 1979 1463 Cyrilli
2003 1392 2096 1445 hoc
2124 1408 2253 1463 apus
2278 1407 2385 1446 esse
2412 1391 2624 1462 probari
2650 1399 2839 1461 posset.
2863 1388 3075 1444 Etenim
3103 1408 3221 1445 cum
3249 1391 3302 1444 in
3325 1392 3387 1445 iis
3414 1388 3579 1456 libris,
3607 1394 3692 1461 qui
3721 1397 3894 1449 tamdiu

685 1487 809 1538 editi
837 1496 977 1551 sunt,
997 1496 1046 1540 et
1066 1490 1178 1542 sine
1200 1486 1350 1540 dubia
1368 1485 1554 1558 Cyrilli
1576 1502 1684 1540 esse
1706 1486 2011 1550 creduntur,
2034 1486 2293 1541 nonnulla
2314 1485 2601 1558 Scriptura
2632 1494 2830 1539 sancta
2852 1484 2965 1539 loca
2989 1485 3248 1556 singulari
3265 1503 3328 1539 ac
3346 1487 3559 1556 proprio
3581 1488 3793 1552 quodam
3814 1508 3899 1544 au-

682 1582 839 1634 ctoris
864 1583 1013 1635 modo
1040 1581 1302 1653 legantur,
1325 1581 1609 1652 eodemque
1632 1582 1782 1635 modo
1806 1582 1859 1634 in
1883 1583 1959 1635 his
1982 1580 2147 1645 libris,
2169 1598 2294 1652 quos
2316 1581 2534 1645 edimus,
2563 1581 2933 1648 reperiantur;
2964 1578 3019 1631 id
3045 1588 3183 1632 certe
3204 1595 3309 1631 non
3340 1577 3449 1633 leve
3469 1579 3714 1633 indicium
3737 1591 3803 1635 est
3821 1584 3897 1637 hos

685 1673 840 1727 libros
869 1676 1100 1745 ejusdem
1135 1674 1362 1729 auctoris
1392 1690 1521 1740 esse,
1559 1675 1705 1743 eique
1743 1682 1995 1744 tanquam
2025 1675 2323 1728 certissimis
2358 1674 2490 1727 notis
2518 1673 2793 1743 insignitas
2825 1672 2950 1742 jure
2992 1672 3186 1740 optimo
3212 1670 3534 1724 asserendos.
3567 1670 3804 1743 Exemplo
3830 1692 3897 1731 res

680 1762 877 1819 clarior
899 1764 1009 1832 ﬁet.
1044 1763 1186 1820 Solet
1213 1763 1445 1836 Cyrillus
1473 1767 1527 1818 in
1557 1765 1665 1817 suis
1696 1762 1841 1817 libris
1874 1762 2027 1818 illum
2052 1764 2245 1834 psalmi
2276 1780 2395 1817 XLVI
2430 1779 2634 1817 versum
2670 1763 2764 1815 hoc
2794 1761 2945 1814 modo
2976 1761 3160 1824 citare,
3186 1760 3284 1815 Dei
3312 1760 3499 1827 fortes,
3534 1777 3566 1815 a
3596 1770 3732 1818 terra
3758 1767 3899 1822 vehe-

683 1871 894 1917 menter
912 1861 1109 1917 clevati
1136 1869 1295 1927 sunt;
1318 1877 1483 1932 neque
1506 1860 1676 1915 solum
1701 1862 1884 1924 citare,
1913 1860 2003 1914 sed
2019 1861 2178 1913 etiam
2196 1861 2568 1931 expositionem
2583 1860 2701 1912 huic
2723 1857 2929 1911 lectioni
2946 1865 3315 1927 congruentem
3337 1874 3621 1929 apponere.
3649 1860 3751 1915 Hoc
3770 1866 3899 1918 modo

685 1962 827 2008 certe
861 1956 915 2009 in
942 1955 1054 2026 ejus
1076 1956 1465 2009 commentariis
1490 1955 1545 2009 in
1568 1955 1831 2010 Joannem
1861 1954 1950 2009 lib.
1981 1969 2056 2017 χι,
2080 1971 2196 2025 cap.
2230 1954 2320 2019 29,
2348 1955 2428 2007 hic
2444 1969 2624 2007 versus
2649 1951 2857 2022 legitur.
2885 1950 3048 2021 Atqui
3078 1950 3258 2005 eodem
3285 1950 3436 2005 modo
3464 1952 3660 2005 citatur
3685 1956 3831 2009 etiam
3852 1960 3897 2011 in

677 2056 772 2106 hoc
797 2052 1053 2125 operelib.
1079 2071 1117 2117 1,
1136 2052 1266 2106 libro
1293 2053 1454 2106 etiam
1479 2069 1557 2106 ιιι.
1582 2050 1638 2107 Si
1660 2054 1823 2123 igitur
1845 2052 1984 2123 quod
2008 2060 2125 2105 erat
2154 2053 2208 2105 in
2240 2050 2465 2105 editione
2488 2049 2682 2103 Latina
2712 2049 2995 2119 posuissem
3015 2063 3031 2101 :
3052 2046 3150 2100 Dei
3176 2044 3348 2099 fortes
3376 2051 3561 2107 terra,
3579 2044 3899 2101 vehementer

676 2146 874 2200 elevati
903 2155 1051 2211 sunt,
1091 2163 1195 2200 non
1226 2144 1376 2199 modo
1408 2163 1602 2217 magna
1629 2162 1693 2200 ex
1716 2157 1868 2216 parte
1896 2148 2123 2201 auctoris
2150 2147 2463 2200 sententiam
2488 2145 2864 2207 obscurassem,
2895 2140 3304 2212 expositionique
3329 2139 3627 2210 olfecissem,
3656 2141 3742 2194 sed
3767 2143 3899 2196 etiam

677 2236 820 2291 haud
851 2237 959 2291 leve
994 2237 1243 2292 indicium
1281 2254 1380 2308 quo
1416 2244 1623 2307 poterat
1669 2249 1852 2291 auctor
1882 2239 2037 2307 hujus
2081 2238 2252 2308 aperis
2295 2237 2527 2307 dignosci
2559 2234 2907 2290 sustulissem.
2954 2233 3124 2287 Plura
3163 2234 3274 2303 ejus
3306 2232 3383 2285 rei
3418 2229 3657 2301 exempla
3694 2232 3779 2286 hoc
3809 2232 3899 2288 loco

678 2327 866 2397 afferre
893 2345 995 2381 non
1022 2338 1096 2382 est
1119 2346 1266 2401 opus,
1294 2346 1410 2385 cum
1438 2332 1491 2385 in
1525 2332 1667 2386 calce
1687 2334 1856 2402 operis
1884 2333 2164 2403 adjecerim
2190 2331 2445 2386 nonnulla
2472 2330 2759 2403 Scriptura
2790 2330 2903 2385 loca
2937 2328 3293 2383 observatione
3318 2325 3535 2380 collecta
3555 2343 3573 2391 ;
3600 2326 3731 2379 unde
3755 2335 3900 2397 petere

678 2428 865 2487 potest,
889 2422 935 2474 si
967 2423 1082 2491 quis
1111 2422 1268 2492 plura
1295 2424 1571 2479 desideret.
1607 2425 1672 2479 In
1700 2427 1778 2480 his
1808 2435 1985 2480 autem
2021 2426 2165 2481 libris
2201 2434 2365 2480 totam
2393 2425 2505 2492 fere
2536 2425 2829 2479 secretioris
2861 2419 3220 2491 intelligentia
3253 2414 3630 2486 mystagogiam
3665 2415 3829 2479 tradit,
3855 2417 3901 2468 in

677 2525 783 2576 qua
814 2512 1039 2566 maxime
1066 2514 1271 2569 videtur
1299 2518 1582 2585 excellere;
1614 2522 1742 2575 adeo
1772 2531 1828 2575 ut
1859 2524 1913 2576 in
1943 2523 2109 2594 Moysi
2144 2521 2288 2577 libris
2319 2521 2449 2577 nihil
2482 2522 2588 2592 fere
2627 2521 2693 2575 sit
2722 2520 2790 2573 ad
2818 2518 3060 2572 umbram
3089 2524 3135 2569 et
3167 2516 3466 2584 futurarum
3501 2514 3773 2583 imaginem
3798 2526 3899 2579 per-

679 2602 869 2665 tinens,
904 2597 1053 2672 quod
1081 2605 1161 2658 hic
1199 2624 1302 2661 non
1337 2609 1652 2681 explicetur;
1688 2624 1741 2667 ut
1774 2615 1907 2667 sicut
1938 2614 2058 2668 illos
2088 2613 2242 2667 libros
2285 2615 2340 2667 in
2378 2614 2563 2685 quibus
2602 2612 2664 2665 de
2697 2610 2956 2681 theologia
2988 2608 3252 2670 disseruit,
3280 2604 3618 2659 Thesaurum
3650 2602 3905 2672 inscripsit,

678 2692 754 2745 ita
781 2694 872 2747 hos
909 2692 1087 2761 libros,
1121 2697 1347 2754 alterum
1376 2704 1515 2758 velut
1548 2724 1807 2779 anagoges
1834 2720 1881 2763 et
1908 2710 2210 2782 tropologia
2243 2710 2549 2763 thesaurum
2578 2709 2741 2779 possis
2771 2705 3064 2778 appellare.

751 2801 999 2868 Quamvis
1027 2816 1201 2861 autem
1234 2812 1467 2867 omnium
1493 2815 1601 2884 fere
1628 2816 1792 2887 Moysi
1827 2818 2081 2871 librorum
2114 2818 2365 2889 mysteria
2393 2818 2452 2870 in
2479 2816 2557 2871 his
2592 2815 2737 2870 libris
2767 2814 3099 2885 aperiantur,
3122 2827 3225 2866 non
3258 2820 3431 2867 tamen
3461 2812 3695 2866 eamdem
3719 2814 3907 2879 seriem,

679 2912 841 2965 quam
867 2898 959 2953 ille
978 2901 1033 2953 in
1060 2904 1331 2959 scribendo
1361 2910 1548 2973 tenuit,
1576 2912 1656 2964 hic
1678 2913 1731 2965 in
1762 2913 2069 2982 explicanda
2097 2922 2301 2967 secutus
2332 2921 2428 2976 est,
2463 2912 2554 2967 sed
2580 2928 2734 2966 suum
2761 2909 3039 2982 quemdam
3068 2908 3307 2962 ordinem
3332 2909 3578 2971 servavit,
3601 2909 3674 2961 ita
3701 2916 3754 2961 ut
3780 2909 3900 2977 prius

680 3004 993 3063 argumenta
1024 2999 1267 3068 quadam
1302 3012 1444 3058 certa
1482 3007 1579 3059 sibi
1607 3010 1931 3076 prascribat,
1964 3018 2076 3063 tum
2107 3009 2221 3063 loca
2251 3007 2539 3080 Scriptura
2570 3010 2721 3062 varia
2755 3023 2875 3061 cum
2906 3005 3011 3060 illis
3046 3003 3371 3075 argumentis
3403 3003 3755 3056 convenientia
3784 3018 3809 3055 e
3834 3002 3903 3055 di-

680 3090 837 3143 versis
866 3089 1155 3162 Scriptura
1186 3094 1328 3151 libris
1355 3098 1567 3169 colligat
1596 3110 1644 3154 et
1671 3102 1909 3173 explicet.
1950 3103 2139 3174 Itaque
2167 3106 2219 3159 in
2257 3107 2425 3174 primo
2465 3103 2595 3158 libro
2620 3120 2738 3157 cum
2763 3102 2827 3156 de
2854 3101 3005 3173 lapsu
3041 3090 3263 3154 hominis
3297 3099 3351 3151 in
3390 3106 3659 3168 peccatum
3692 3097 3903 3157 disserat,
3936 3122 3939 3125 ν

680 3189 728 3233 et
771 3181 952 3237 doceat
984 3201 1088 3255 qua
1129 3188 1333 3240 ratione
1368 3207 1402 3243 a
1439 3195 1661 3260 peccatis
1696 3210 1759 3247 ac
1796 3195 1933 3249 vitiis
1978 3196 2047 3249 ad
2093 3196 2362 3251 meliorem
2405 3197 2611 3267 frugem
2656 3194 2828 3247 redire
2872 3193 3054 3263 possit,
3094 3190 3347 3259 decerptis
3384 3188 3617 3259 undique
3651 3185 3906 3257 Scriptura

678 3283 875 3329 sancta
909 3277 1234 3343 testimoniis,
1268 3278 1477 3351 illisque
1520 3282 1589 3335 ad
1632 3283 1901 3355 allegoria
1948 3288 2207 3341 rationem
2244 3289 2535 3350 enarratis,
2568 3287 2623 3340 id
2653 3286 2790 3357 quod
2834 3290 3180 3356 proposuerat
3218 3278 3438 3350 planum
3480 3279 3657 3349 facere
3690 3286 3906 3331 conatur.

682 3363 938 3419 Eamdem
992 3369 1250 3423 rationem
1294 3378 1427 3423 tenet
1480 3373 1535 3425 in
1588 3374 1845 3439 secundo,
1896 3392 2013 3429 cum
2058 3376 2222 3447 legem
2283 3377 2352 3430 ad
2405 3377 2666 3431 hominem
2710 3372 3117 3444 justiﬁcandum
3165 3390 3269 3427 non
3316 3375 3442 3427 satis
3500 3372 3691 3427 habere
3742 3372 3906 3425 virium

682 3456 926 3510 ostendit.
990 3458 1250 3514 Eamdem
1310 3463 1365 3515 in
1424 3465 1609 3528 tertio,
1658 3465 1716 3518 in
1751 3483 1857 3536 qua
1912 3468 2143 3522 homines
2195 3469 2250 3521 in
2305 3467 2513 3523 Christo
2566 3465 2895 3538 justiﬁcari,
2949 3473 2996 3518 et
3059 3466 3115 3517 in
3178 3465 3291 3534 ejus
3358 3464 3620 3535 pracipue
3684 3463 3907 3533 baptismo

685 3544 800 3599 tolli
858 3559 1128 3617 peccatum
1185 3552 1352 3606 docet.
1410 3553 1517 3607 Nec
1577 3555 1836 3610 diversam
1882 3560 2139 3612 rationem
2202 3559 2258 3613 in
2314 3568 2504 3629 quarto
2564 3568 2613 3612 et
2674 3558 2855 3629 quinto
2914 3557 3173 3626 sequitur,
3209 3558 3263 3609 in
3330 3556 3517 3627 quibus
3581 3554 3906 3625 fortitudinem

684 3657 794 3695 esse
826 3647 1175 3699 necessariam
1206 3663 1309 3700 non
1345 3649 1497 3702 modo
1530 3651 1599 3703 ad
1628 3652 1955 3706 incommoda
1995 3655 2324 3723 perferenda,
2359 3672 2539 3709 verum
2567 3655 2727 3708 etiam
2768 3653 2835 3706 ad
2870 3662 3102 3705 terrenos
3140 3652 3353 3722 affectus
3388 3650 3775 3722 voluptatesque
3802 3665 3905 3703 con-

684 3733 991 3801 culcandas,
1027 3738 1283 3793 declarat.
1330 3741 1477 3796 Idem
1515 3728 1689 3798 servat
1732 3747 1787 3799 in
1814 3758 1981 3812 sexto,
2014 3750 2068 3801 in
2114 3766 2215 3819 quo
2246 3750 2309 3803 de
2348 3750 2604 3803 charitate
2643 3748 2698 3800 in
2732 3745 2921 3809 Deum,
2956 3754 3004 3798 et
3034 3745 3097 3799 de
3126 3746 3189 3798 iis
3226 3744 3499 3814 praeeptis
3532 3759 3649 3815 qua
3684 3741 3749 3795 ad
3788 3739 3907 3793 illius

684 3826 1011 3882 dilectionem
1040 3831 1321 3899 pertinent,
1352 3832 1625 3902 disputat;
1667 3834 1730 3887 de
1775 3836 1836 3889 iis
1881 3838 2040 3891 etiam
2075 3837 2235 3891 rebus
2267 3838 2449 3909 quibus
2483 3838 2597 3908 ejus
2634 3835 2840 3890 dilectio
2868 3834 3097 3889 violatur
3127 3851 3145 3888 :
3176 3849 3249 3888 ea
3279 3843 3401 3887 sunt
3438 3848 3697 3903 perversa
3731 3830 3789 3884 de
3817 3830 3908 3884 Deo

685 3918 935 3991 falsaque
963 3923 1248 3993 opiniones,
1281 3933 1329 3977 et
1358 3942 1473 3996 qua
1506 3928 1568 3980 de
1603 3930 1857 3997 ejusmodi
1896 3931 2041 4002 falsis
2078 3932 2405 4003 opinionibus
2444 3932 2880 4003 proﬁciscuntur;
2910 3931 3203 4001 cujusmadi
3230 3937 3354 3983 sunt
3386 3930 3721 4000 prastigiasa
3761 3932 3907 3979 astro:

685 4028 821 4076 ram,
867 4015 1120 4079 ominum,
1167 4018 1510 4086 auguriorum
1534 4022 1939 4090 observationes,
1981 4029 2217 4081 manium
2257 4029 2600 4091 evocationes,
2646 4026 3012 4088 divinationes,
3061 4024 3304 4088 oracula,
3347 4023 3773 4092 superstitiones;
3812 4032 3911 4086 qua

684 4106 861 4158 omnia
894 4104 1213 4160 idololatria
1240 4120 1463 4179 cognata
1494 4122 1638 4177 sunt,
1670 4124 1719 4168 et
1757 4131 1820 4169 ex
1854 4116 1951 4170 illa
1978 4120 2247 4188 ﬂuxerunt
2288 4135 2305 4173 :
2341 4119 2409 4172 ad
2435 4119 2542 4173 hac
2568 4118 2623 4170 in
2650 4116 2806 4188 culpa
2835 4116 2932 4186 fati
2962 4115 3286 4185 fortunaque
3312 4122 3620 4184 pratextus,
3649 4108 3907 4181 genethlia-

684 4211 865 4249 corum
900 4198 1127 4260 vanitas,
1163 4207 1453 4269 temporum
1496 4206 1714 4260 notatio.
1761 4205 2018 4261 Eamdem
2044 4208 2183 4261 viam
2212 4216 2347 4261 tenet
2375 4209 2429 4260 in
2459 4207 2678 4277 septima
2715 4212 2762 4257 et
2788 4212 2998 4266 octavo,
3041 4218 3159 4255 cum
3187 4202 3249 4255 de
3280 4201 3398 4255 aliis
3431 4201 3702 4271 praeeptis
3731 4197 3908 4251 disserit

683 4309 802 4362 qua
837 4294 1063 4363 proximi
1095 4293 1424 4349 dilectionem
1464 4298 1767 4367 attingunt;
1808 4313 2005 4351 necnon
2050 4299 2105 4351 in
2145 4315 2282 4352 nono
2312 4315 2372 4350 ac
2403 4297 2622 4360 decima,
2654 4311 2772 4348 cum
2810 4293 2873 4346 de
2910 4290 3249 4345 tabernaculo
3293 4290 3513 4360 ejusque
3553 4284 3907 4344 instrumentis.

681 4388 906 4459 apiﬁcio,
934 4405 1051 4453 usu,
1084 4389 1299 4460 legibus,
1331 4390 1675 4457 dedicatione,
1710 4394 2058 4449 oblationibus
2094 4396 2222 4465 agit.
2273 4393 2551 4449 Undecima
2587 4406 2708 4445 vero
2742 4406 2805 4443 ac
2835 4386 3137 4441 duodecimo
3175 4384 3388 4438 diversis
3422 4399 3449 4435 e
3484 4380 3769 4452 Scriptura
3806 4376 3909 4429 locis

682 4500 743 4537 ea
776 4484 971 4556 colligit
997 4501 1115 4556 qua
1149 4485 1218 4539 ad
1253 4487 1603 4541 sacerdotium
1631 4487 1848 4557 ejusque
1892 4486 2049 4557 leges,
2085 4486 2154 4540 ad
2197 4485 2528 4539 sacerdotum
2562 4490 2745 4545 vestes,
2776 4478 3237 4540 consecrationem,
3258 4472 3525 4541 sacriﬁcia
3552 4473 3823 4543 pertinent.
3859 4465 3909 4519 In

682 4572 1033 4626 tertiodecimo
1082 4574 1324 4642 expendit
1368 4591 1485 4643 qua
1524 4575 1588 4627 de
1632 4573 1819 4640 levitis,
1858 4591 2142 4646 eorumque
2192 4574 2507 4637 recensione,
2548 4571 2872 4633 ministeriis,
2921 4567 3116 4639 legibus
3157 4565 3356 4638 Moyses
3405 4565 3660 4636 prodidit.
3702 4560 3909 4627 Quartus

684 4666 910 4720 decimus
950 4669 1208 4737 sequitur,
1236 4669 1291 4721 in
1330 4686 1432 4735 quo
1454 4670 1576 4739 jam
1607 4679 1868 4723 exstructo
1899 4668 2256 4732 tabernacula,
2290 4668 2508 4721 mundos
2540 4681 2649 4720 esse
2678 4672 2916 4736 oportere
2956 4663 3045 4733 qui
3091 4667 3214 4713 ante
3239 4665 3576 4727 conspectum
3611 4652 3817 4708 Domini
3840 4663 3911 4701 vc-

684 4764 854 4826 niant,
889 4763 1199 4833 vitiatosque
1230 4766 1463 4818 homines
1506 4781 1538 4816 a
1577 4766 1775 4817 sanctis
1821 4764 1991 4817 arceri
2036 4762 2287 4834 prafatus
2310 4802 2323 4825 ,
2378 4778 2466 4815 eas
2507 4760 2643 4831 leges
2681 4766 3052 4813 commemorat
3088 4770 3205 4825 qua
3236 4753 3299 4806 de
3330 4751 3569 4823 leprosis,
3600 4741 3909 4815 seminiflul't.

682 4855 965 4909 immundis
1014 4857 1069 4909 in
1113 4856 1314 4915 anima.
1355 4856 1418 4908 de
1453 4856 1668 4920 collisis,
1709 4856 1943 4919 exsectis,
1982 4855 2197 4925 spuriis,
2239 4853 2454 4907 diversis
2504 4851 2625 4905 locis
2666 4849 2942 4921 Scriptura
2996 4846 3239 4901 tradidit.
3285 4842 3379 4897 His
3432 4840 3618 4911 adjicit
3657 4834 3908 4895 Moabitas,

681 4952 1029 5017 Ammonitas,
1063 4950 1360 5005 immundos
1406 4951 1530 5004 item
1571 4964 1633 5001 ex
1668 4948 1973 5018 impuritate
2020 4945 2317 5000 studiorum
2350 4962 2412 4998 ac
2439 4945 2557 4999 vita
2583 4958 2771 5015 genere
2806 4956 2998 5013 parum
3043 4946 3206 5000 casto,
3246 4933 3428 5005 quales
3460 4940 3587 4987 sunt
3620 4928 3909 5018 meretrices.

683 5049 1044 5117 fornicatores,
1071 5044 1320 5109 adulteri,
1346 5042 1628 5115 prostituti,
1655 5016 1783 5111 quos
1805 5032 2274 5109 τελισχομένουζ·
2303 5036 2577 5108 Scriptura
2602 5042 2766 5090 vocat.
2794 5033 2924 5087 Tum
2948 5032 3012 5085 de
3038 5028 3242 5085 mundis
3270 5025 3660 5096 immundisque
3685 5016 3909 5117 animali-

596 5192 614 5204 ,
681 5114 774 5191 bus
808 5138 1038 5203 disserit,
1068 5136 1254 5208 quidve
1295 5114 1388 5207 per
1414 5133 1727 5204 allegoriam
1757 5132 1943 5185 horum
1981 5128 2189 5200 singula
2219 5126 2513 5199 signiﬁcent
2543 5125 2775 5197 exponit.
2816 5124 2941 5179 Iam
2968 5124 3022 5177 in
3052 5123 3234 5193 quinta
3264 5123 3482 5187 decimo,
3509 5122 3638 5192 quia
3670 5135 3769 5173 non
3799 5114 3910 5208 satis

684 5242 797 5286 erat
825 5206 1089 5287 immundi
1110 5235 1327 5304 quinam
1358 5238 1526 5284 essent
1556 5227 1768 5290 dixisse,
1802 5226 1902 5279 nisi
1943 5223 2226 5278 adderetur
2260 5240 2364 5293 qua
2395 5223 2599 5275 ratione
2629 5220 2876 5275 mundari
2909 5219 3126 5290 possint,
3159 5234 3221 5272 ea
3255 5216 3433 5272 omnia
3477 5215 3676 5287 colligit
3715 5227 3821 5304 qua
3853 5206 3911 5261 ad

685 5339 866 5376 eorum
894 5303 1255 5394 purgationem
1287 5329 1443 5391 atque
1474 5317 1866 5371 mundationem
1895 5314 2054 5368 veteri
2086 5312 2195 5383 lege
2223 5312 2554 5365 constitutum
2584 5318 2680 5364 est.
2715 5307 2842 5374 Qua
2875 5307 3145 5361 mundatio
3171 5309 3295 5378 quia
3320 5306 3593 5376 sacriﬁciis
3625 5303 3911 5394 ﬁebatinte-

684 5415 812 5485 gris,
846 5392 908 5468 de
936 5392 1175 5485 perfectis
1202 5412 1518 5467 animalibus
1546 5411 1614 5464 ad
1645 5408 1965 5478 sacriﬁcium
1994 5410 2132 5477 aptis
2168 5405 2393 5460 disserit.
2432 5404 2600 5459 Porro
2625 5401 2961 5472 sacriﬁcandi
2999 5402 3131 5456 ritus
3165 5404 3291 5472 quia
3332 5419 3426 5473 pro
3462 5398 3807 5455 immunditia
3840 5392 3910 5445 di-

686 5506 931 5559 versitate
966 5506 1305 5570 variabatur,
1348 5519 1551 5558 necesse
1592 5502 1690 5573 fuit
1724 5510 1784 5555 ut
1826 5500 2076 5572 quidquid
2123 5498 2208 5552 lex
2256 5499 2318 5551 de
2363 5497 2522 5570 lepra
2564 5496 2879 5568 differentia,
2919 5492 3081 5566 deque
3125 5494 3245 5549 aliis
3287 5492 3636 5549 immunditia
3666 5485 3911 5560 generibus

687 5604 969 5660 statuerat,
1008 5605 1457 5651 commemoraret.
1504 5595 1607 5650 Sed
1642 5595 1769 5665 quia
1813 5609 2007 5665 parum
2045 5599 2118 5645 est
2164 5588 2398 5644 maculas
2446 5588 2723 5660 culparum
2761 5586 2995 5653 abluere,
3033 5587 3133 5641 nisi
3162 5586 3460 5658 purgationi
3496 5585 3659 5637 etiam
3682 5576 3910 5634 sanctitas

690 5689 993 5753 adiiciatur,
1017 5704 1111 5760 per
1138 5704 1295 5758 quam
1327 5704 1419 5744 nos
1451 5688 1589 5757 ipsos
1614 5685 1721 5739 Deo
1751 5699 2137 5747 consecramus,
2165 5683 2220 5738 in
2243 5690 2390 5736 sexto
2415 5681 2617 5734 decimo
2640 5678 2770 5732 libra
2795 5677 2892 5732 illa
2930 5678 3108 5732 omnia
3136 5677 3324 5748 digerit
3351 5690 3464 5741 qua
3494 5672 3584 5727 lex
3618 5671 3682 5724 de
3707 5666 3845 5722 donis
3871 5672 3910 5714 et

692 5778 1037 5834 oblationibus
1074 5780 1373 5835 instituerat
1397 5819 1411 5842 ς
1444 5798 1561 5839 ana
1587 5783 1709 5836 item
1736 5780 1799 5835 de
1824 5796 1980 5835 censu
2010 5777 2101 5833 illo
2125 5797 2275 5833 sacro
2302 5779 2393 5836 aui
2420 5794 2513 5833 oro
2547 5777 2717 5831 atatis
2748 5776 2950 5829 ratione
2977 5774 3293 5840 solvebatur,
3331 5788 3445 5836 qua
3471 5782 3537 5826 de
3567 5782 3756 5840 magno
3788 5771 3907 5823 voto.
