4154 6510
269 406 365 456 I25

1500 398 1831 455 VETERUM
1870 396 2304 455 TESTIMONIA.

3401 381 3523 453 ἠδ

265 520 396 592 quod
454 537 488 573 a
532 518 803 574 Nazarceis
862 519 1286 594 nuncupabatur,
1338 518 1401 572 ds
1462 518 1908 574 observationibus
1954 518 2025 572 ad
2068 519 2162 572 hoc
2205 518 2312 571 voti
2355 532 2518 588 genus
2566 513 2975 587 pertinentibus,
3020 513 3236 568 diuersis
3282 514 3337 568 in
3396 514 3523 569 locis

264 611 417 665 veteri
455 610 566 681 lege
608 612 871 665 sancitum
905 619 1042 666 erat.
1074 610 1347 666 Postremo
1386 609 1519 664 libro
1552 610 1805 680 festorum
1845 610 2053 663 dierum
2085 607 2485 663 celebrationem
2514 608 2667 677 quasi
2694 604 2981 660 mercedem
3013 606 3300 676 quamdam
3327 608 3522 660 sancti-

260 698 424 767 ﬁcatis
448 700 745 755 hominibus
770 703 1033 773 proponit.
1067 700 1420 767 Quamobrem
1457 716 1777 771 quascunque
1819 701 1883 754 de
1921 701 2083 755 variis
2113 699 2504 768 festivitatibus,
2531 699 2594 753 de
2622 699 2687 753 iis
2712 701 2895 764 etiam,
2929 716 3045 770 qua
3081 700 3223 770 {estis
3254 700 3432 755 diebus
3462 708 3521 753 ut

260 791 657 847 observarentur
682 794 927 847 instituta
967 801 1141 857 erant,
1170 793 1225 846 in
1257 794 1393 846 hunc
1421 791 1611 846 librum
1638 791 1880 847 contulit.

327 879 449 935 Haec
485 884 664 936 omnia
690 899 809 937 cum
838 884 895 938 in
926 883 1124 939 Veteris
1155 870 1475 937 Testamenti
1509 882 1654 937 libris
1684 891 1940 954 tanquam
1977 881 2358 936 obscurioribus
2387 881 2569 950 formis
2599 881 2917 936 adumbrata
2953 890 3142 947 essent,
3175 889 3225 935 et
3258 882 3323 935 ab
3350 880 3523 936 Israel

259 974 536 1028 secundum
562 992 775 1031 carnem
801 976 1091 1031 carnaliter
1118 977 1542 1042 observarentur,
1568 976 1624 1030 id
1650 978 1707 1033 in
1731 978 1809 1032 his
1837 976 1983 1031 libris
2007 976 2155 1047 efﬁcit
2181 976 2264 1029 hic
2286 975 2472 1041 Pater,
2501 984 2559 1029 ut
2586 994 2619 1031 a
2647 977 2795 1031 nobis
2822 974 2912 1045 qui
2942 972 3226 1027 secundum
3253 972 3519 1044 spiritum,

265 1061 425 1118 Israel
444 1082 646 1131 sumus,
681 1067 1034 1139 spiritualiter
1066 1068 1331 1123 observari
1364 1069 1567 1135 doceat,
1595 1076 1643 1123 et
1663 1071 1876 1125 umbras
1895 1068 2020 1124 illas
2043 1066 2287 1140 penicillo
2318 1068 2546 1138 quodam
2569 1068 2824 1122 orationis
2847 1066 2916 1121 ad
2943 1067 3216 1121 veritatem
3244 1066 3522 1138 eﬁ'ormat;

262 1165 308 1208 st
338 1158 607 1213 carnalem
635 1158 787 1215 illum
811 1158 1196 1231 ﬁguralemque
1220 1159 1421 1215 cultum
1445 1179 1477 1215 a
1500 1163 1633 1215 ueris
1656 1161 1753 1217 Dei
1776 1161 2144 1216 adoratoribus
2166 1161 2221 1214 in
2248 1161 2438 1232 spiritu
2466 1177 2528 1214 ac
2553 1161 2775 1215 veritate
2798 1158 2978 1232 perﬁci
3002 1176 3150 1231 posse
3175 1159 3519 1214 demonstrat.

259 1250 386 1317 Qui:
420 1270 583 1309 causa
617 1256 737 1325 fuit,
764 1266 825 1311 ut
866 1260 987 1313 huic
1019 1260 1164 1331 operi
1203 1262 1341 1316 hanc
1381 1264 1775 1334 inscriptionem
1818 1270 2161 1334 prwnotaret,
2200 1262 2277 1317 De
2325 1262 2647 1317 adoratione
2682 1260 2738 1314 in
2779 1258 2976 1329 spiritu
3014 1266 3071 1313 et
3099 1256 3350 1312 veritate.
3398 1253 3523 1309 Hcec

254 1342 412 1396 habui
448 1361 566 1415 qua:
598 1346 663 1401 de
697 1349 777 1401 his
823 1347 966 1403 libris
994 1358 1063 1414 te,
1091 1350 1273 1417 lector,
1301 1369 1701 1424 praemonerem.
1736 1353 1810 1407 Tu
1839 1356 1885 1408 si
1909 1354 2034 1426 quid
2059 1356 2153 1408 hoc
2181 1370 2293 1407 meo
2321 1353 2500 1407 labore
2525 1352 2741 1423 adjutus
2759 1351 2939 1422 fueris,
2963 1349 3091 1404 mihi
3113 1345 3524 1402 cumulatissime

253 1434 583 1503 satisfactum
606 1438 820 1508 putabo,
841 1441 887 1494 si
912 1442 1144 1511 precibus
1175 1444 1245 1497 ad
1275 1443 1445 1499 Deum
1474 1461 1569 1515 pro
1594 1461 1676 1500 me
1702 1446 1804 1500 tuis
1823 1447 1985 1500 vicem
2012 1443 2274 1500 retuleris.
2319 1443 2464 1499 Vale.

1195 1806 1778 1900 VETERUM
1860 1806 2610 1903 TESTIMONIA

1039 2000 1147 2061 DE
1210 2001 1553 2064 SANCTO
1611 2003 1994 2064 CYRILLO
2043 2003 2715 2065 ALEXANDRINO.

1840 2175 1914 2187 .—

1594 2301 1792 2362 Idatii
1839 2300 2217 2363 Chronicon.

321 2423 541 2498 Olymp.
583 2440 753 2498 cccrv.
782 2424 915 2498 _Uno
940 2426 1246 2498 eodemque
1278 2422 1909 2498 temporeﬂAlexandrize
1964 2421 2232 2498 Cyrillum
2259 2420 2592 2498 episcopum
2617 2407 2937 2498 praesidere,
2971 2429 3028 2498 et
3051 2412 3525 2498 constantinOpoli

251 2489 570 2569 liestfgrium
608 2495 926 2569 haereticum
964 2489 1343 2569 Hebionzeum,
1378 2489 1568 2569 Cyrilli
1600 2495 1776 2566 ipsius
1800 2492 1870 2547 ad
1892 2489 2151 2549 eumdem
2176 2489 2472 2563 Epiétola,’
2497 2500 2554 2547 et
2578 2489 2831 2547 haeresim
2873 2489 3209 2545 destruentis
3229 2528 3244 2554 ,
3275 2496 3332 2544 et
3362 2502 3527 2559 regu-

251 2562 363 2619 lam
390 2563 515 2620 ﬁdei
550 2566 874 2637 exponentis
900 2567 1162 2623 ostendit.

1343 2680 1643 2761 Prosperi
1698 2677 2006 2759 Aquitani
2048 2676 2427 2740 Chronicon.

1522 2804 1716 2860 Feuce
1764 2819 1830 2857 ετ
1888 2800 2073 2856 ΤΑυιιο
2130 2815 2277 2856 coss.

328 2915 639 2991 Nestorius,
676 2918 1318 2991 gonstantinopolitanus
1361 2919 1678 2991 episcopus,
1736 2935 1943 2975 novum
1987 2918 2251 2976 Ecclesiis
2291 2918 2519 2991 molitur
2545 2933 2803 2991 (errorem
2870 2915 3132 2991 inducere
3159 2953 3174 2978 ,
3223 2911 3531 2984 praedicans

251 2988 538 3045 Christum
588 3004 656 3044 ex
680 2988 847 3043 Maria
882 2987 1162 3045 hominem
1194 2987 1428 3056 tantum,
1459 2987 1572 3045 non
1599 2991 1764 3046 etiam
1810 2992 1984 3045 Deum
2015 2999 2228 3053 natum,
2255 2989 2419 3059 eique
2447 2987 3094 3059 divinitatechollatam
3128 2999 3248 3039 esse
3277 3000 3380 3054 pro
3418 2999 3532 3038 me-

251 3062 423 3132 rito:
455 3060 545 3114 cui
578 3059 847 3129 impietati
895 3061 1174 3131 praecipua
1222 3047 1426 3132 Cyrilli'
1460 3060 1820 3116 Alexandrini
1865 3061 2110 3131 episcopi
2162 3047 2469 3124 industria,
2503 3068 2560 3114 et
2600 3074 2753 3130 papae
2789 3047 3074 3113 leestini
3120 3047 3397 3125 repug'nat‘
3436 3069 3533 3107 au-

252 3129 397 3185 ctori
405 3134 506 3183 tas.

1060 3243 1344 3307 Gennad.
1393 3232 1480 3304 De
1520 3242 1753 3305 illustr.
1816 3241 1989 3304 Eccl.
2034 3242 2329 3321 scriptor.
2379 3242 2538 3321 (cap.
2588 3238 2713 3320 57).

328 3368 595 3442 Cyrillus,
631 3366 1029 3442 _Alexandrinaa
1061 3366 1321 3442 Ecclesia:
1380 3364 1903 3442 episcopus,_edid_it
1950 3365 2231 3442 variarum
2280 3362 2662 3442 hypotheseon
2712 3369 2997 3442 tractatus.
3055 3359 3320 3442 Hgmilias
3366 3362 3532 3442 etiam

251 3430 880 3512 composuit'p‘luri‘mas,
928 3452 1051 3507 quae
1073 3436 1151 3512 ad
1180 3430 1597 3512 declamandum
1628 3452 1659 3512 a
1689 3435 1912 3512 Graacire
1950 3435 2223 3512 epise0pis
2265 3430 2544 3512 memoriae
2581 3430 3064 3512 commendantur:
3101 3431 3380 3512 Praeterea
3404 3432 3533 3512 libri

250 3501 402 3594 ejus'
427 3518 557 3594 sunt
595 3501 685 3562 'De
720 3501 1016 3588 Synagoqtp
1050 3506 1400 3594 defectu,.-D‘e
1434 3506 1850 3594 ﬁde'a‘dpersum
1885 3501 2176 3586 haereticos,
2239 3512 2319 3586 et.
2340 3502 2608 3594 peculiari
2636 3502 2967 3594 1intentione
3000 3501 3291 3594 adversum
3333 3502 3533 3594 βοείο-

250 3572 402 3635 rium
464 3580 668 3635 librum
710 3572 1022 3649 composuit
1065 3572 1161 3647 qui
1201 3572 1511 3632 attitulatur
1552 3578 1870 3647 Ἔλεγχος,
1912 3575 1971 3629 in
2018 3591 2127 3647 quo
2173 3572 2359 3629 omnia
2388 3572 2605 3629 occulta
2636 3572 2885 3629 Nestoris
2924 3572 3264 3643 panduntur,
3299 3581 3357 3627 et
3402 3588 3534 3643 pro-

254 3652 375 3706 dita
406 3650 784 3707 confutantur.

1054 3785 1366 3866 Sigebert.
1424 3786 1498 3848 de
1542 3786 1775 3849 illustr.
1828 3785 2071 3848 Eceles.
2122 3787 2344 3866 script.
2390 3785 2552 3866 (cap.
2612 3783 2710 3863 24)

329 3908 587 3979 Cyl-illus,
635 3906 927 3986 episcopus
970 3904 1394 3986 Alexandrinus,
1436 3906 1618 3986 cyclos
1655 3905 1900 3986 quinqqu
1934 3902 2125 3986 decem
2151 3904 2543 3986 novennalium
2578 3902 2858 3986 cyclorum
2898 3902 3148 3986 scripsit,
3193 3902 3287 3986 qui
3333 3903 3539 3986 faciunt

251 3974 433 4035 annos
477 3974 777 4057 npnaginta
806 3974 1073 4057 quinque,
1106 3975 1184 4057 in.
1207 3975 1414 4057 quibus
1439 3974 1656 4047 primus
1674 3974 1738 4031 et
1776 3974 2007 4054 ultimus
2043 3975 2265 4031 Pascha:
2308 3974 2580 4031 terminus
2615 3974 2930 4040 invenitur;
2980 3974 3077 4029 sed
3132 3990 3234 4030 nec
3272 3983 3452 4031 tamen
3481 3975 3537 4031 in

250 4065 327 4105 eo
357 4058 470 4105 tota
504 4046 729 4103 Pascha:
759 4046 996 4101 varietas
1026 4046 1377 4101 terminatur.

1286 4185 1555 4249 Photius
1597 4188 1666 4248 in
1694 4187 2085 4251 Bibliotheca
2140 4188 2310 4269 (pag.
2366 4186 2530 4267 311).

340 4310 786 4380 ’Ᾱνεγνώσθησαν
811 4310 1082 4382 Κυρίλλον
1101 4310 1152 4363 οἱ
1175 4310 1506 4378 Θησαυροί.
1526 4311 1845 4383 Ἐπιχειρη-
1884 4318 1930 4378 Α

2032 4312 2316 4383 Leguntur
2362 4311 2550 4383 Cyrilli
2596 4311 2869 4366 Thesauri.
2903 4309 3545 4381 Epicherematisyefer-

253 4402 493 4470 ματικὸν
541 4401 599 4454 δέ
646 4402 763 4454 ἐστι
808 4400 1033 4471 βιϐλίον,
1068 4402 1328 4457 καὶκατὰ
1365 4403 1464 4473 τῆς
1516 4403 1728 4475 Ἀρείου
1754 4405 1851 4459 καὶ

250 4492 534 4562 Εὔνομίου
594 4489 801 4561 λύσσης
836 4489 1100 4559 γενναίως
1122 4494 1217 4546 καὶ
1259 4491 1612 4563 πολυτρόπως
1649 4495 1852 4562 ἀγωνι-

251 4582 511 4652 ζόμενον.
546 4580 655 4634 Καὶ
681 4581 792 4651 γὰρ
836 4582 929 4634 καὶ
954 4580 1199 4650 λογικαῖς
1225 4583 1435 4653 ἐφόδοις
1470 4584 1851 4656 ἐπιστημόνως

252 4673 442 4727 αὑτῶν
481 4672 777 4743 ἀπελέγχει
803 4672 903 4741 τὴν
950 4672 1155 4741 ἄνοιαν,
1187 4677 1282 4729 καὶ
1321 4676 1608 4747 Γραφικὰς
1661 4677 1852 4742 αὑταῖς

256 4763 599 4834 συμπλέκων
633 4764 727 4817 καὶ
769 4764 1107 4834 σννυφαίνων
1137 4766 1379 4836 χρήσεις,
1417 4767 1755 4837 πανταχόθεν
1792 4768 1852 4822 τὸ

252 4857 463 4928 σαθρὸν
517 4856 701 4911 αὐτῶν
737 4855 1042 4927 στηλιτεύει
1096 4856 1192 4910 τοῦ
1226 4857 1520 4928 δόγματος.
1569 4858 1763 4931 Τίοησι
1791 4859 1849 4913 δὲ

248 4950 357 5005 καὶ
386 4948 699 5022 μαρτυρίας
726 4948 927 5012 ’ἁπλῶς
954 4947 1053 5018 τῆς
1083 4948 1310 5020 Γραφῆς
1348 4950 1378 5002 ὁ
1407 4949 1698 5014 θεσπέσιος
1734 4951 1850 5004 Κύ-

250 5041 467 5113 ριλλος,
501 5042 582 5105 είς
621 5039 933 5112 ἀμηχανίαν
976 5040 1158 5093 αὐτῶν
1187 5039 1274 5094 διὰ
1299 5042 1517 5098 πάντων
1547 5043 1847 5112 συγκλείων

250 5135 321 5188 τὸ
371 5133 664 5205 φρύαγμα.
697 5134 855 5186 Ἔστι
881 5132 939 5185 δὲ
995 5131 1106 5185 τῶν
1140 5133 1334 5187 ἑαυτοῦ
1367 5134 1539 5203 λόγων
1592 5133 1845 5197 ἐνταῦθα,

256 5226 355 5279 καὶ
393 5226 632 5297 μάλιστα
668 5229 781 5290 τοῖς
824 5224 1036 5279 ἔννοιαν
1076 5224 1302 5282 λαϐοῦσι
1332 5226 1444 5281 τῶν
1480 5227 1713 5297 λογικῶν
1751 5228 1849 5298 ἐφ-

262 5319 420 5384 ἱδων,
445 5320 805 5389 σαφέστατος.

1959 4414 2047 4459 tus
2077 4411 2165 4458 est
2197 4403 2340 4458 liber
2360 4444 2374 4468 ,
2411 4410 2728 4473 pugnatque
2762 4401 2941 4457 valide
2978 4418 3043 4457 ac
3079 4402 3231 4457 varie
3272 4416 3395 4456 cum
3425 4399 3542 4455 Arii

1958 4505 2015 4550 et
2044 4495 2301 4550 Eunomii
2333 4493 2632 4550 furibunda
2666 4494 2841 4549 rabie.
2878 4494 3097 4549 Etenim
3138 4503 3196 4549 et
3236 4492 3430 4564 logicis
3457 4507 3546 4546 ar-

1959 4587 2235 4657 gumentis
2254 4586 2781 4657 sapienter'illorum
2807 4586 3042 4643 destruit
3070 4584 3543 4655 amentiam,oqui-

1959 4678 2065 4733 bus
2098 4676 2228 4731 dum
2258 4676 2315 4731 S.
2350 4675 2651 4746 Scriptum
2686 4676 2932 4731 adnectit
2968 4676 3272 4746 attexitque
3297 4675 3547 4730 testimo-

1957 4769 2071 4835 nia,
2108 4784 2275 4839 quam
2313 4769 2386 4824 sit
2445 4768 2538 4823 illa
2583 4768 2835 4824 doctrina
2876 4767 3051 4822 futilis
3095 4766 3243 4821 omni
3290 4781 3357 4820 ex
3390 4774 3545 4835 parte

1957 4863 2228 4934 divulgat.
2263 4862 2506 4918 Adhihet
2536 4861 2681 4917 idem
2708 4861 2858 4916 nuda
2896 4875 3117 4930 quoque
3158 4858 3214 4913 S.
3243 4857 3545 4926 Scriptura:

1958 4955 2293 5021 testimonia,
2319 4964 2381 5011 ut
2409 4970 2520 5025 quo
2560 4969 2618 5009 se
2659 4953 2890 5009 fastuosi
2917 4958 3156 5014 vertant,
3191 4946 3407 5016 obsepti
3434 4961 3543 4999 un-

1950 5042 2121 5120 dique
2154 5056 2318 5120 atque
2351 5047 2596 5104 conclusi
2621 5063 2733 5103 non
2766 5046 3024 5101 habeant.
3068 5042 3163 5097 Est
3188 5047 3369 5095 autem
3401 5037 3547 5092 inter

1953 5140 2139 5195 omnia
2188 5141 2308 5211 ejus
2350 5139 2555 5210 scripta
2603 5137 2747 5193 liber
2791 5136 2882 5191 hic
2926 5132 3160 5188 maxime
3191 5128 3541 5201 perspicuus,
3598 5196 3614 5209 θ

1954 5233 2025 5287 iis
2064 5232 2411 5303 potissimum
2457 5230 2552 5301 qui
2592 5229 2896 5301 logicorum
2923 5233 3376 5296 argumentorum
3413 5235 3542 5275 sen-

1954 5337 2077 5377 sum
2108 5338 2308 5394 capere
2337 5329 2587 5393 possunt.

1633 5435 1809 5497 Idem
1849 5454 1998 5517 pag.
2050 5436 2149 5499 38.

347 5550 693 5624 Ἃνεγνὼσθη
726 5552 822 5607 τοῦ
857 5554 917 5607 ὲν
940 5553 1115 5623 ἁγίοις
1153 5554 1422 5625 Κυρίλλου
1450 5555 1546 5609 τοῦ
1602 5555 1853 5621 Ἀλεξαν-

247 5646 468 5718 δρείας,
517 5643 663 5697 κατὰ
702 5643 812 5697 τῶν
840 5644 1135 5717 Νεστορίω
1166 5644 1546 5717 βλασφημιῶν,
1580 5647 1639 5700 ὲν
1669 5646 1851 5715 λόγοις

256 5737 451 5790 πέντε.
480 5734 744 5787 autem:
792 5734 849 5788 δὲ
882 5736 986 5789 κάν
1018 5735 1229 5801 τούτοις
1268 5737 1379 5789 τῶν
1422 5736 1639 5791 οἰκείων
1673 5738 1850 5803 λόγων

252 5826 719 5897 τδνχαρακτῆρα
752 5828 846 5881 καὶ
896 5828 957 5881 τὸ
1000 5828 1215 5900 ἰδίωμα.
1253 5830 1591 5902 Empta-capo;
1634 5830 1691 5885 δέ
1740 5832 1857 5885 ἐστι

2026 5560 2180 5616 Lecti
2218 5568 2346 5615 sunt
2384 5559 2447 5614 B.
2478 5557 2664 5630 Cyrilli
2698 5555 3054 5612 Alexandrini
3084 5553 3354 5621 adversus
3386 5551 3536 5605 blas-

1960 5650 2208 5721 phemias
2261 5649 2503 5705 Nestorii
2544 5646 2675 5702 libri
2718 5663 2774 5703 v.
2834 5646 3029 5701 Servat
3083 5645 3139 5698 in
3184 5642 3272 5697 his
3323 5655 3543 5710 quoque

1964 5756 2123 5798 suum
2168 5739 2388 5795 dicendi
2422 5740 2795 5794 characterem
2831 5746 2887 5793 et
2931 5734 3200 5791 sermonis
3227 5729 3542 5802 prOprieta-

1966 5844 2097 5889 tem.
2128 5833 2339 5888 Clarior
2375 5847 2509 5885 vero
2544 5838 2630 5884 est
2660 5844 2825 5899 quam
2866 5828 2932 5882 ad
2966 5827 3240 5882 llcrmiam
3272 5824 3539 5879 scribens.
