4120 6498
624 375 723 430 137

1820 374 2150 429 VETEHUM
2191 371 2628 428 TESTIMUI‘lA.

3797 363 3897 424 £28

618 487 799 543 autin
859 486 1020 542 libris
1079 486 1156 540 De
1194 487 1506 540 adcretione
1544 488 1599 540 in
1634 487 1844 555 spiritu.
1887 485 2082 540 Sermo
2123 484 2201 538 illi
2233 517 2245 550 λ

2312 481 2397 537 τοῦ
2435 483 2572 554 πρὸς
2613 481 2895 552 Ἑρμείαν,
2929 483 3024 536 καὶ
3055 481 3150 536 τοῦ
3191 483 3329 552 Περῖ
3357 482 3558 550 τῆςὲν
3602 485 3896 552 πνεύματι

621 576 918 642 eonﬁetus,
951 587 1008 632 et
1044 577 1112 632 ad
1146 577 1426 648 propriam
1454 576 1676 631 dicendi
1721 576 1953 632 formam
1983 584 2206 631 contor-

625 681 731 732 tus,
766 685 831 726 ac
875 670 1049 724 veluti
1097 669 1338 724 solutum
1375 683 1744 740 numerosque
1783 669 2064 740 negligens
2092 681 2210 723 me-

626 769 795 815 trum.

2311 574 2612 642 λατρείας.
2662 572 2721 625 '0
2766 572 2823 626 δὲ
2853 572 3009 642 λόγος
3043 573 3192 644 αὐτῷ
3226 575 3635 645 πεποιημένος,
3671 575 3767 628 καὶ
3812 579 3894 632 sic

2321 666 2630 731 ἰδιάζουσαν
2678 665 2824 721 ἰδέαν
2869 665 3317 737 ὲκὸεὸιασμένος,
3347 667 3442 721 καὶ
3473 662 3586 722 οἷον
3614 667 3892 738 λελυμένη

2306 759 2402 812 καὶ
2428 758 2490 812 τὸ
2522 759 2722 828 μέτρον
2743 759 3071 831 ὑπερορῶσα
3097 760 3338 829 ποίησις.

697 851 821 906 Vide
850 853 1089 906 eumdem
1125 867 1248 922 pag.
1271 851 1377 906 578
1403 860 1452 904 et
1485 851 1588 906 ’5⁵19
1607 851 1670 904 de
1692 849 1838 905 libris
1863 850 2061 906 contra'
2079 851 2403 916 Nestorium,
2427 851 2501 917 fde
2522 850 2796 921 Epistolis,
2818 859 2868 904 et
2886 841 3084 906 scholia
3117 851 3176 905 1e
3196 850 3573 907 Incarnatione
3603 850 3888 924 Unigmiti.

1596 967 2039 1040 Martyrologium
2083 967 2384 1021 Romanum
2419 967 2505 1022 die
2542 968 2612 1022 27
2651 967 2922 1023 Januarii.

697 1081 884 1157 Sancti
919 1079 1128 1157 Cyrilli,
1164 1083 1741 1157 Alexandrinaaiurbis
1787 1087 2052 1157 episc0pi,
2083 1087 2176 1157 qui
2213 1087 2497 1142 catholica:
2524 1085 2650 1140 ﬁdei
2684 1083 3135 1155 przeclarissimus
3186 1092 3594 1154 propugnator,
3636 1079 3886 1138 doctrina

625 1158 681 1206 et
717 1153 1004 1208 sanctitate
1044 1153 1294 1220 illustris,
1319 1155 1532 1224 quievit
1561 1156 1617 1209 in
1654 1171 1811 1226 pace.

1806 1247 1974 1304 (ἵνωοὶ
2021 1251 2075 1302 in
2118 1249 2430 1320 Menologio,
2485 1249 2518 1303 9
2553 1249 2722 1304 Junii.

697 1357 855 1428 Apud
894 1357 1300 1440 Aleaandriam'
1326 1357 1525 1414 natalis
1581 1360 1638 1415 S.
1679 1360 1890 1433 Cyrilli,
1923 1363 2170 1440 ejusdem
2208 1365 2450 1440 givilatis
2490 1363 2754 1440 episcopi,
2789 1363 2894 1440 viri
2929 1361 3318 1440 eruditissimi,
3363 1370 3419 1418 et
3451 1358 3890 1440 catholiczgﬁdei

628 1432 1052 1505 propugnatoris
1097 1432 1303 1505 egregii
1349 1447 1360 1480 :
1393 1446 1555 1500 quem
1609 1432 1857 1487 summus
1909 1432 2155 1504 pontifex
2198 1432 2538 1490 leestinus‘
2561 1432 2818 1488 idoneum
2847 1434 3113 1505 judicavit
3158 1434 3247 1488 cui
3277 1449 3404 1488 suas
3440 1433 3587 1488 vices
3621 1435 3677 1489 in
3707 1434 3890 1504 Ephe-

629 1498 750 1552 sino
801 1498 1037 1554 Concilio
1088 1498 1382 1571 delegaret.

1639 1572 1806 1627 Iidem
1848 1573 2018 1630 Graeci
2062 1576 2117 1629 in
2164 1574 2407 1638 Menwis,
2440 1574 2619 1628 eodem
2665 1574 2698 1628 9
2737 1573 2904 1627 Junii.

701 1658 960 1716 Flammis
1012 1663 1186 1718 sancti
1238 1661 1477 1732 Spiritus
1519 1673 1702 1744 mente
1747 1665 2070 1731 illustratus,
2123 1669 2204 1722 sol

633 1751 924 1818 irradians,
961 1754 1112 1808 velut
1157 1755 1360 1819 radios,
1407 1757 1630 1811 oracula
1671 1756 1928 1822 edidisti;
1985 1765 2078 1812 tua
2111 1757 2209 1812 do-

631 1851 810 1911 gmata
852 1843 910 1898 in
958 1860 1150 1900 omnes
1185 1847 1348 1912 orbis}
1380 1847 1734 1918 ﬁdeliumque
1771 1847 1921 1903 ﬁnes“
1947 1848 2201 1913 emisisti,

2381 1665 2759 1736 Φρυκτωρίαις
2790 1663 2884 1717 τοῦ
2913 1664 3232 1734 Πνεύματος
3274 1663 3603 1735 ὲλλαμφθεὶς
3633 1664 3733 1735 τὴν
3776 1666 3893 1720 διά-

2313 1774 2497 1822 νοιαν,
2537 1755 2840 1826 φωτοῶλος
2883 1756 3036 1826 ἥλιος
3075 1755 3481 1826 ὲχρημάτισας,
3521 1755 3709 1827 ῶσπερ
3747 1758 3896 1811 ἀκτῖο

2314 1867 2431 1914 νας,
2475 1849 2543 1903 τὰ
2577 1849 2822 1920 δόγματα
2865 1850 2945 1912 εἰς
2989 1849 3166 1903 πάντα
3216 1848 3283 1901 τὰ
3329 1848 3540 1920 πέρατα
3574 1848 3894 1913 ἐξαπέστει-

630 1941 808 1989 castus
857 1949 1046 1990 omnes
1079 1935 1414 2003 illuminans,
1461 1954 1494 1992 o
1535 1939 1871 2002 beatissime,
1906 1955 1972 1994 ac
1999 1941 2206 2006 divine,
2242 1973 2245 1981 ε

2313 1941 2411 2005 λας
2427 1941 2654 2006 πιστῶν,
2676 1939 3039 2008 καταυγὰζων
3059 1938 3421 2012 πληρώματα.
3438 1941 3892 2013 παμμκάριστε,

631 2024 999 2096 tenebrasque
1043 2026 1325 2084 hagreseon
1379 2045 1747 2099 persequens,
1800 2031 1855 2085 vi
1887 2032 2210 2102 viribusque

2313 2033 2406 2086 xui.
2438 2031 2646 2086 διώκων
2678 2033 2737 2086 τὸ
2771 2032 2993 2096 σκότος,
3031 2031 3276 2102 θεοφόρε,
3311 2033 3420 2085 τῶν
3463 2035 3754 2104 αἱρέσεων,
3791 2034 3890 2086 δυο

632 2113 782 2169 illius
810 2115 905 2185 qui
933 2131 964 2170 e
988 2117 1212 2195 Virgine
1235 2129 1401 2174 natus
1421 2119 1616 2173 eluxit.

702 2204 1027 2276 Eloquentia
1095 2217 1153 2263 et
1203 2209 1456 2264 facundia
1502 2211 1768 2266 orationis
1827 2221 1965 2277 tute,
2015 2229 2048 2268 ο
2090 2229 2214 2268 san-

630 2296 872 2352 ctissime
897 2297 1118 2369 Cyrille,
1153 2301 1396 2356 Ecclesia
1450 2311 1561 2357 tota
1613 2315 1931 2367 exornatur,
1981 2311 2036 2358 et
2084 2321 2211 2375 spe-

629 2386 782 2442 ciosa
825 2399 1114 2446 venustate
1157 2400 1249 2446 tua
1287 2393 1376 2462 pie
1422 2393 1756 2460 decoratur;
1788 2405 2047 2466 tuamque
2081 2413 2210 2451 san-

631 2488 776 2534 ctam
840 2482 1251 2538 translationem
1306 2499 1466 2540 sacro
1513 2486 1620 2540 ritu
1678 2487 1936 2550 honorat,
1973 2504 2007 2543 ο
2071 2489 2213 2544 cele-

632 2567 894 2634 berrime,
912 2571 1372 2642 sacerdotumque
1398 2575 1645 2629 omnium
1669 2575 1858 2641 decus,
1879 2577 2105 2631 Patrum
2122 2593 2214 2633 co-

632 2660 872 2731 ryphaee,
890 2662 1082 2733 synodi
1117 2663 1477 2720 sanctissima:
1513 2675 1889 2738 propugnator
1921 2669 2210 2723 acerrime.

702 2751 836 2807 Tuis
863 2752 1038 2824 igneis
1063 2755 1428 2825 dogmatibus,
1465 2775 1498 2812 ο
1530 2760 1729 2828 praesul
1786 2761 2210 2831 sapientissime,

628 2858 850 2898 omnem
904 2855 1298 2903 sarmentosam
1351 2849 1673 2920 aridamque
1718 2851 1999 2908 haereseon
2042 2863 2216 2908 mate-

631 2934 769 2988 riam
817 2939 1220 3006 concremasti;
1277 2944 1678 2998 sententiarum
1731 2954 1946 2999 tuarum
1980 2945 2210 3016 profun-

629 3023 836 3092 ditate,
873 3043 907 3082 o
947 3031 1315 3088 sacratissime
1350 3033 1586 3105 Cyrille,
1640 3035 1936 3105 impiorum
1971 3035 2211 3106 perﬁdo-

631 3133 863 3189 rumque
883 3119 1265 3179 haereticorum
1285 3126 1622 3197 demergitur
1649 3129 1961 3195 exercitus;
1995 3138 2087 3184 tua
2109 3129 2211 3184 do-

629 3210 824 3276 ctrina,
856 3228 890 3268 o
916 3214 1098 3281 beate,
1122 3217 1319 3274 diebus
1337 3220 1567 3291 singulis
1597 3233 1900 3277 exornatur
1925 3231 2039 3278 tota
2071 3222 2211 3278 ﬁde-

629 3301 764 3358 lium
787 3305 1051 3373 Ecclesia,
1071 3327 1192 3379 qua:
1211 3313 1410 3370 eximie
1451 3324 1503 3369 te
1525 3315 1780 3380 honorat,
1815 3316 2098 3386 praedicat.

702 3395 963 3466 Repletus
989 3416 1050 3455 es
1079 3401 1446 3460 illustratione
1500 3406 1672 3460 sancti
1727 3407 1987 3476 Spiritus,
2026 3422 2062 3460 o
2106 3406 2211 3477 Cy~

632 3485 773 3549 rille,
813 3501 1213 3561 praeceptorum
1242 3494 1448 3551 Christi
1501 3508 1705 3563 custos,
1759 3507 1922 3570 atque
1962 3500 2031 3553 ab
2071 3499 2204 3553 all‘e-

2315 2126 2476 2196 νάμει
2507 2125 2599 2180 τοῦ
2634 2128 2698 2179 ὲκ
2738 2125 3014 2192 Παρθένου
3045 2125 3442 2197 ἐκλάμψαντος.

2380 2217 2660 2289 Εὐφραδίᾳ
2687 2217 2794 2270 τῶν
2817 2218 2990 2286 λόγων
3025 2235 3139 2281 σου,
3178 2217 3436 2289 ἱερώτατε
3468 2217 3726 2287 Κύριλλε,
3763 2219 3887 2273 Ἐκ-

2312 2310 2509 2378 κλησία
2537 2307 2724 2363 ἅπασα
2763 2308 3078 2380 ώραῒζεται,
3107 2308 3201 2362 καὶ
3227 2307 3467 2367 εὐσεϐῶς
3490 2308 3898 2374 καλλωπίζεται

2311 2399 2534 2469 ὡραίοις
2593 2399 2652 2450 ὲν
2701 2397 2942 2462 κάλλεσι,
2976 2398 3070 2451 καὶ
3109 2398 3242 2468 τιμᾷ
3276 2413 3368 2451 σου
3401 2397 3561 2468 ῑερῶς
3592 2398 3693 2469 τὴν
3732 2397 3901 2466 ἁγίαν

2315 2491 2661 2562 μετάστασιν,
2690 2489 3030 2560 παναοίδιμε,
3061 2487 3250 2559 ἱερέων
3290 2489 3352 2543 τὺ
3380 2489 3554 2554 κλέος,
3579 2487 3689 2543 τῶν
3719 2490 3893 2544 πατέο

2315 2601 2422 2654 ρων
2473 2586 2769 2654 κορυφαῖε,
2831 2585 2930 2655 τῆς
2987 2584 3201 2638 συνόδου
3256 2582 3358 2652 τῆς
3397 2582 3669 2651 παναγίας
3722 2581 3896 2655 ὑπέρ-

2315 2690 2477 2744 μαχε.

2382 2764 2508 2826 Τοῖς
2540 2763 2786 2835 πυρίνοις
2822 2781 2914 2818 σου
2945 2765 3179 2836 δόγμασι
3213 2763 3321 2818 τῶν
3369 2763 3633 2834 αἱρέσεων
3667 2765 3899 2819 ἅπασαν

2312 2872 2348 2924 φ
2357 2854 2636 2925 ρυγανώδη
2654 2855 2879 2923 ἔφλεξας
2905 2855 3056 2926 ὓλην,
3079 2855 3450 2925 πάνσοφε,τῶν
3469 2855 3756 2927 νοημάτων
3779 2861 3898 2921 τοῖς

2313 2945 2501 3016 βάθεσι
2540 2946 2814 3016 βυθίζεται
2839 2948 3160 3018 στράτευμα
3185 2947 3557 3002 ἀπειθούντων
3582 2947 3893 3012 δυσσεϐῶν,

2313 3038 2574 3110 ἱερώτατε
2601 3039 2858 3109 Κύριλλε,
2886 3042 2997 3104 τοῖς
3010 3039 3299 3108 διδάγμασι
3329 3039 3748 3104 καλλωπίζεται,
3789 3040 3899 3110 μά-

2315 3147 2440 3200 καρ.
2473 3129 2594 3182 καθ’
2628 3130 2863 3202 ἑκάστην
2894 3131 2999 3184 τῶν
3030 3131 3234 3184 πιστῶν
3260 3134 3292 3202 ἡ
3325 3131 3620 3204 Ἐκκλησὲα
3648 3133 3897 3203 μεγαλο-

2317 3222 2526 3292 φρόνως
2547 3220 2764 3292 τιμῶσά
2788 3239 2866 3278 σε.

2397 3397 2704 3470 Ἐπλὴσθης
2759 3398 2861 3468 τῆς
2917 3395 3240 3469 δᾳδουχῖας,
3288 3398 3566 3469 Κύριλλε.
3599 3397 3693 3451 τοῦ
3741 3398 3905 3453 θείου

2321 3489 2660 3560 ηνεύματος,
2717 3490 2822 3544 τῶν
2870 3489 3098 3544 ἐντολῶν
3138 3490 3214 3554 ώς
3249 3489 3423 3558 φύλαξ
3473 3490 3567 3543 τοῦ
3623 3491 3901 3556 Χριστοῦ.

630 3577 812 3680 etibus
839 3591 894 3635 et
923 3584 1270 3650 passionibus
1292 3599 1676 3659 perpurgatus,
1704 3591 2060 3645 divinissimze
2082 3591 2206 3645 Tri-
2235 3636 2245 3680 ‘

2312 3581 2422 3634 τῶν
2469 3583 2659 3635 παθῶν
2707 3582 3122 3653 καθηράμενος,
3185 3583 3282 3654 τῆς
3344 3581 3610 3654 ὕπερθέου
3656 3582 3900 3650 γέγονας

631 3667 822 3724 uitatis
857 3687 986 3727 vere
1021 3673 1198 3730 laeuis
1232 3692 1294 3730 es
1329 3677 1727 3732 habitaculum.

702 3761 790 3815 Uti
849 3765 987 3829 zelo,
1041 3766 1116 3821 ita
1152 3768 1408 3824 libertate
1468 3770 1732 3840 loquendi
1779 3773 1996 3842 plenus,
2028 3788 2061 3829 ο
2094 3774 2212 3844 glo-

2309 3674 2477 3738 δντως
2507 3675 2734 3745 Τριάδος
2771 3675 3110 3744 ἐνδιαίτημα.

2386 3768 2474 3831 Ὦς
2501 3766 2687 3838 ζήλου,
2717 3769 2813 3820 καὶ
2843 3767 3155 3840 παρρησίας
3198 3765 3470 3838 ἔμπλεως,
3517 3763 3773 3837 Κύριλλε’
3805 3766 3897 3817 εν-

633 3852 778 3907 riose
806 3852 1007 3925 Cyrille
1028 3899 1043 3922 ,
1081 3858 1403 3916 orthodoxa:
1441 3859 1706 3917 doctrina:
1754 3863 2071 3934 praesidens,
2098 3865 2210 3920 hze-

2312 3858 2422 3924 δοξε
2449 3898 2464 3922 ,
2511 3859 2610 3923 τὰς
2649 3859 2950 3930 θεομάχους
2989 3859 3169 3924 πάσας
3223 3859 3470 3929 ἁψευδῶς
3508 3856 3898 3926 γλωσσαλγίας

633 3945 832 4001 reticas
877 3949 1278 4022 mendacesque
1333 3953 1624 4024 impiarum
1673 3955 1943 4010 hazresum
1993 3956 2207 4026 linguas

2312 3951 2550 4014 διέλυσας
2592 3951 2700 4005 τῶν
2751 3951 3026 4004 δυσσεδῶν
3067 3951 3353 4023 αἱρέσεων.
3404 3950 3711 4021 ὸρθοδοξίας
3754 3965 3898 4019 προ-

633 4033 954 4094 dissolvisti.

2301 4045 2611 4116 ῖσςάμενος.

703 4129 847 4207 Ilaec,
881 4142 930 4207 et
978 4133 1262 4207 complura
1299 4136 1409 4191 alia
1447 4138 1634 4192 ibidem
1681 4139 1849 4195 (ζητοῖ
1885 4139 1938 4192 in
1974 4137 2209 4200 Mena’is,
2250 4140 2440 4191 mensis
2476 4136 2625 4190 Junii
2671 4137 2764 4207 die;
2800 4153 2886 4198 ix,
2935 4146 2983 4188 rt
3019 4135 3304 4207 inconcil.
3347 4135 3594 4207 Ephesim'
3634 4147 3684 4191 et
3719 4137 3899 4195 Chal-

631 4198 1124 4279 cgdonensiiactis'.
1167 4205 1291 4258 Vide
1320 4215 1577 4279 prwterea
1616 4207 2084 4279 Evagriumﬂlibu
2124 4198 2353 4279 lliStor.,
2385 4225 2504 4278 cap.
2550 4207 2604 4269 5,
2642 4217 2701 4279 et
2728 4204 2997 4260 Socratem
3040 4205 3128 4260 lib.
3167 4222 3262 4270 vn,
3317 4223 3364 4259 ε.
3395 4198 3472 4260 ’⁸52
3501 4217 3549 4261 et
3585 4207 3685 4271 35;
3729 4209 3894 4264 Nicea-

628 4269 853 4339 phorum
896 4271 984 4327 lib.
1017 4291 1123 4340 xxv,
1161 4292 1279 4346 cap.

1419 4295 1435 4345 ;
1473 4271 1778 4334 Liberatum
1812 4280 1868 4332 in
1908 4278 2206 4343 Breviario,
2246 4271 2483 4348 aliosque
2520 4291 2650 4348 pene
2686 4277 3011 4330 innumeros.

1485 4389 1548 4449 S.
1596 4388 1951 4450 Anastasius
1997 4387 2230 4450 Sinaita
2286 4387 2350 4448 in
2404 4386 2662 4465 Ilodego
2713 4385 2872 4466 (cup.
2926 4386 3008 4467 5).

699 4481 897 4538 Sancta
941 4485 1058 4540 haec
1096 4487 1338 4558 synodus
1382 4487 1700 4561 (Ephesina)
1751 4489 1900 4560 quod
1948 4489 2201 4545 Christus

630 4580 741 4628 tam
781 4573 1067 4632 divinitate
1123 4592 1289 4647 quam
1333 4579 1674 4636 humanitate
1736 4596 1890 4651 aeque
1927 4582 2206 4651 perfectus

630 4670 797 4727 esset,
838 4664 892 4718 in
922 4664 1138 4722 duabus
1164 4669 1448 4724 inconfuse
1484 4680 1540 4724 et
1569 4671 2009 4740 inseparabiliter
2031 4673 2204 4727 unitis
2237 4712 2245 4740 ι

2312 4670 2369 4721 ἐν
2395 4667 2488 4721 δύο
2523 4668 2686 4721 αὐτὸν
2730 4669 3041 4738 ἡνωμέναις

2393 4488 2458 4542 Ἥ
2488 4489 2543 4542 δὲ
2570 4488 2700 4557 ἁγία
2731 4489 2946 4553 σύνοδος
2967 4489 3055 4543 διὰ
3081 4489 3142 4543 τὸ
3163 4489 3366 4543 τέλειον
3392 4483 3532 4543 εἶναι
3575 4491 3634 4544 ἐν
3663 4490 3896 4566 θεότητι

2313 4578 2405 4632 καὶ
2447 4578 2652 4631 τέλειον
2707 4577 2906 4645 ὁμοίως
2955 4580 3012 4633 ἐν
3081 4578 3456 4650 ἀνθρωπότητι
3503 4581 3592 4634 τὸν
3621 4583 3890 4653 Χριστὸν,

3089 4669 3316 4738 φύσεσιν
3349 4668 3444 4722 ἕνα
3468 4670 3671 4740 Κύριον
3703 4674 3886 4743 ἀσυγ·

631 4753 862 4818 naturis,
897 4771 1068 4810 unum
1098 4757 1390 4814 Dominum
1431 4769 1516 4816 est
1554 4761 1798 4830 professa
1830 4779 1842 4814 :
1881 4761 2201 4817 conﬁrmata
2237 4753 2245 4766 ’

2312 4755 2481 4824 χύτως
2519 4757 2612 4811 καὶ
2651 4756 2970 4829 ἀδιαιρέτως
3006 4757 3273 4829 ἐκήρυξεν
3298 4797 3312 4820 ,
3359 4759 3749 4828 ἐπικυρώσασα
3781 4763 3890 4831 τὴν

629 4841 887 4908 Nestorii,
941 4845 996 4899 in
1029 4847 1211 4916 priore
1259 4849 1538 4919 Ephesino
1562 4850 1816 4914 concilio,
1847 4860 2068 4906 auctore
2095 4850 2203 4922 Cy-

631 4933 773 4998 rillo,
811 4936 1334 5010 damnatione;quo
1375 4941 1596 5011 quidem
1642 4941 1701 4995 Β.
1755 4939 1959 5013 Cyrillo
1991 4943 2202 4996 collau-

2305 4846 2623 4917 καθαίρεσιν
2648 4847 2944 4918 Νεστορίου
2976 4847 3043 4916 ἢν
3093 4849 3347 4911 ἐποίησεν
3383 4851 3412 4902 ὁ
3463 4849 3732 4920 μακάριος
3763 4851 3890 4903 KG-

2307 4937 2504 5008 ριλλος,
2536 4941 2600 5009 τῇ
2647 4939 2704 4992 ὲν
2752 4938 2964 5008 Ἐφέσῳ
3002 4939 3064 4992 τὸ
3086 4939 3352 5010 πρότερον
3376 4940 3508 5010 ἁγία
3539 4941 3761 5011 συνόδῳ,
3789 4943 3884 4996 sb-

629 5023 777 5089 dato,
813 5026 992 5081 eidem
1031 5028 1136 5084 hoc
1185 5029 1360 5084 edidit
1407 5031 1645 5101 elogium
1680 5049 1693 5084 :
1733 5030 1956 5102 Cyrillo,
1994 5039 2202 5085 aeterna

2312 5029 2596 5097 φημίσασα
2653 5029 2746 5082 καὶ¹
2809 5029 2902 5082 τδν
2951 5029 3116 5081 αὑτὸν
3153 5029 3424 5099 μακάριον
3471 5029 3739 5100 Κύριλλον
3782 5032 3887 5086 καὶ

567 5181 578 5190 θ
630 5117 911 5170 memoria.

2305 5119 2554 5173 εἰποῦσα⁹
2583 5121 2852 5192 Κυρίλλου
2886 5121 3079 5174 αἰωνία
3111 5123 3144 5192 ή
3175 5122 3383 5191 μνήμη.

1824 5212 1969 5266 Idem
1996 5253 2010 5276 ,
2049 5213 2226 5266 eodem
2274 5210 2426 5274 libro,
2461 5227 2577 5280 cap.
2627 5211 2680 5264 8.

701 5318 1049 5378 Adducamus
1085 5340 1208 5378 eum
1260 5327 1437 5396 ipsum
1490 5325 1772 5396 Cyrillum,
1833 5325 2020 5380 lumen
2061 5325 2195 5379 illud

2376 5325 2825 5394 Παραστήσωμεν
2871 5325 3032 5378 αὑτὸν
3065 5325 3155 5378 τὸν
3187 5327 3465 5395 φωστῆρα,
3517 5324 3611 5376 καὶ
3654 5321 3746 5376 τοῦ
3785 5342 3880 5393 χο-

630 5406 854 5460 Patrum
885 5410 1327 5479 celeberrimum,
1370 5423 1426 5469 et
1471 5415 1869 5481 beatissimum,
1909 5417 2197 5471 docentem

2312 5415 2401 5487 ροῦ
2428 5415 2535 5469 τῶν
2565 5417 2824 5488 Πατέρων
2865 5417 3106 5487 ἀοίδιμον
3159 5416 3252 5469 τὸν
3284 5415 3549 5486 μακάριον
3582 5412 3879 5484 Κύριλλον,

631 5498 927 5569 apostolice
978 5503 1260 5558 veritatem
1317 5515 1526 5562 natura:
1563 5507 1814 5564 humana:
1859 5508 1916 5562 in
1955 5506 2196 5564 Christo.

2305 5508 2404 5578 τὴν
2433 5508 2594 5577 φύσιν
2632 5509 2890 5580 ἀλήθειαν
2937 5504 3077 5562 εἶναι
3102 5508 3443 5571 διδάσκοντος
3467 5505 3876 5571 ἀποστολικῶς.

1922 5618 2090 5684 Idem,
2127 5620 2334 5686 ibidem,
2368 5639 2484 5693 cap.
2523 5621 2607 5674 l0.

701 5698 908 5770 Cyrillo
972 5711 1176 5759 aeterna
1235 5707 1537 5771 memoria,
1605 5709 1748 5764 sicut
1795 5718 1850 5765 et
1895 5708 2199 5764 Chalcedo-

634 5796 822 5848 nensis
877 5795 1120 5869 synodus
1162 5797 1318 5853 dixit.
1369 5799 1582 5853 Etenim
1639 5803 1823 5860 nullus
1885 5811 2198 5857 sanctorum

2377 5711 2642 5782 Κυρίλλου
2698 5711 2889 5766 αἰωνία
2944 5715 2976 5780 ὴ
3035 5713 3222 5782 μνήμη
3267 5710 3408 5764 καθὰ
3457 5711 3549 5762 καὶ
3579 5711 3613 5780 ἡ
3652 5708 3879 5775 σύνοδος

2313 5802 2650 5874 Χαλκηδόνος
2677 5803 2883 5873 εἴρηκε.
2927 5805 3034 5856 Καὶ
3076 5803 3180 5873 γὰρ
3208 5803 3382 5865 οὐδεὶς
3420 5800 3527 5854 τῶν
3556 5799 3725 5868 ἁγίων
3763 5801 3878 5855 Πα-
