4154 6512
2098 309 2191 333 nu
2213 313 2265 337 ο.

206 410 310 466 H9
1688 412 1846 468 MONI

1819 415 2022 470 ilTUM.
3363 428 3459 481 ιῑο

205 529 383 598 τιρων
437 525 502 579 τὸ
532 525 818 595 πανάγιον,
851 526 945 579 καὶ
976 526 1268 596 ἀμείωτον,
1300 527 1394 580 καὶ
1425 525 1660 592 αἰώνιον,
1691 528 1785 580 καὶ
1813 541 1845 596 Α

1817 541 1858 596 Α
1887 529 2109 583 Patrum
2142 531 2546 587 sanctissimum
2580 533 2712 588 illud
2747 545 2802 589 et
2837 533 3180 602 indeficiens,
3220 549 3274 594 et
3300 551 3457 594 mter--

206 615 591 682 ἁνεξάλειπτον
626 616 738 669 τῶν
781 616 1020 688 Χριστοῦ
1047 615 1262 686 φύσεων
1295 617 1538 688 εἴρηκεν,
1564 608 1642 680 ib;
1671 616 1786 670 θεο-

1882 631 2015 669 num
2063 624 2118 670 et
2156 617 2447 673 indelebile
2496 629 2707 676 naturae
2757 621 2962 679 Christi
3016 626 3346 682 beneficium
3391 631 3457 683 itr

208 711 435 781 φᾶντωρ
476 709 763 782 Κύριλλος.
813 711 876 764 Oi
929 711 1028 779 μὲν
1081 710 1191 782 γὰρ
1238 710 1501 782 μακάριοι
1544 709 1788 782 nati-ipsc;

1881 707 2218 774 praedicavit,
2251 708 2395 763 sicut
2425 709 2644 766 divinus
2690 711 2945 784 Cyrillus.
2997 716 3133 771 Nam
3181 718 3326 773 beati
3361 720 3427 773 Pa

205 807 301 855 τὸν
341 801 572 872 ἀριθμὸν
601 801 915 871 εἰρήκασιν·
949 801 978 852 ὁ
1014 799 1071 853 δὲ
1101 800 1498 873 τρισμακάριος
1522 800 1787 871 Κύριλλος

1883 807 1994 853 tres
2022 814 2314 853 numerum
2342 800 2724 871 assignarunt;
2750 820 2816 859 ac
2846 805 3203 862 beatissimus
3225 807 3451 880 Cyrillu-

210 893 354 962 μετὰ
383 891 475 946 τοῦ
508 891 744 963 ἀριθμοῦ
773 891 868 945 καὶ
889 889 986 962 τὴν
1015 892 1428 958 ἀνεξάλειπτον,
1465 893 1558 945 καὶ
1587 909 1785 964 τηρου-

1883 887 2050 944 simul
2079 905 2205 944 cum
2235 905 2470 945 numero
2485 892 2856 950 indelebiliter
2879 911 3207 968 semperque
3240 908 3453 954 natura:

210 985 383 1055 μένην
410 986 496 1039 ἀεὶ
539 984 646 1037 τῶν
681 983 897 1054 φύσεων
957 984 1051 1037 τοῦ
1101 987 1309 1057 Κυρίου
1354 987 1615 1058 διαμονὴν
1648 985 1788 1058 μετὰ

1883 990 2234 1038 conservatas
2291 997 2410 1038 esse
2435 1025 2449 1050 ,
2509 986 2672 1040 etiam
2721 995 2846 1057 post
2885 989 3142 1044 unionem
3173 992 3461 1063 perspicue

205 1078 310 1148 τὴν
339 1077 550 1141 ἕνωσιν,
570 1075 664 1128 καὶ
694 1076 764 1128 τὰ
792 1076 936 1148 ἑξῆς.
959 1071 1032 1130 Εὖ
1051 1093 1134 1129 σοι
1159 1077 1390 1144 γένοιτο,
1410 1077 1657 1150 φωστὴρ,
1691 1076 1787 1130 καὶ

1885 1072 2092 1137 docuit,
2121 1080 2228 1128 etc.
2270 1072 2417 1129 Bene
2461 1075 2533 1129 sit
2566 1077 2686 1143 tibi,
2723 1077 2932 1144 lumen,
2965 1079 3052 1134 fax
3075 1121 3090 1145 ,
3123 1090 3179 1136 et
3207 1082 3461 1136 columna

205 1168 388 1240 πυρσὲ
413 1209 428 1230 ,
463 1170 555 1221 καὶ
591 1167 749 1221 στύλε
793 1169 891 1240 τῆς
930 1168 1210 1240 ἀληθείας,
1250 1168 1506 1240 Κύριλλε.
1577 1171 1784 1234 Ὄντως

1884 1163 2156 1229 veritatis,
2187 1163 2411 1235 Cyrille.
2445 1164 2646 1222 lterato
2686 1167 2886 1234 dicam,
2925 1169 3114 1241 Cyrilli
3148 1187 3277 1227 vere
3305 1179 3432 1226 teter

204 1257 507 1328 Κυρίλ).ου,
541 1257 704 1310 πάλιν
743 1255 909 1326 λέγω,
944 1256 1134 1310 αἰωνία
1162 1258 1194 1326 ή
1233 1259 1442 1328 μνήμη,
1474 1255 1549 1324 μὴ
1579 1273 1790 1326 συγχω-

1711 1273 1790 1326 ;ω-
1886 1273 1958 1312 na
1986 1257 2271 1323 memoria,
2303 1257 2398 1327 qui
2420 1273 2532 1312 non
2563 1258 2696 1313 sinit
2721 1275 2823 1315 nos
2855 1277 2886 1316 a
2915 1277 3048 1317 vero
3073 1263 3351 1320 deerrare.

206 1348 431 1419 ροῦντος
455 1349 598 1419 ἡμᾶς
621 1350 686 1401 ὲκ
708 1349 810 1418 τῆς
836 1346 1095 1418 ἀληθείας
1124 1346 1486 1419 πλανηθῆναι.

204 1463 281 1530 Β.
323 1461 634 1542 Eulogius
678 1461 1181 1542 archiepiscopus
1227 1459 1664 1542 Alexandriae,
1712 1460 1780 1542 in
1817 1459 2098 1542 oratione
2139 1455 2447 1542 adversus
2493 1455 2940 1542 calumniantes
2973 1459 3088 1521 SS.
3111 1461 3356 1536 Patres,
3408 1469 3463 1522 et

644 1534 976 1604 concilium
1017 1534 1530 1604 Chalcedonense.
1582 1538 1770 1620 Apud
1817 1538 2114 1598 Photium
2166 1537 2235 1596 in
2277 1534 2707 1613 Bibliotheca,
2785 1555 3020 1602 ccxxx.

274 1669 494 1725 Ardeas
525 1667 616 1722 ille
655 1668 906 1722 veritatis
928 1666 1210 1723 studiosus
1239 1667 1495 1732 Cyrillus,
1519 1667 1638 1722 haec
1674 1675 1730 1721 et
1757 1665 1846 1720 his
1879 1661 2186 1720 consimilia
2219 1660 2520 1732 Scripturis
2554 1677 2825 1728 asserens,
2857 1679 2967 1718 non
3004 1665 3168 1720 modo
3200 1666 3460 1723 libenter.

199 1750 262 1794 et
320 1739 716 1810 iucundissime
755 1738 1023 1810 accessit,
1067 1738 1162 1810 sed
1202 1727 1513 1810 etil’aulum
1555 1738 1896 1810 Emisenum,
1937 1735 2031 1810 qui
2066 1733 2138 1810 ab_
2181 1732 2301 1810 ipso
2343 1727 2548 1788 inissus
2575 1742 2696 1810 erat
2727 1733 2782 1787 in
2810 1727 3030 1810 publico
3057 1745 3200 1790 coetu
3235 1738 3461 1810 concio-

199 1801 474 1874 naturus;
524 1825 644 1879 quae
681 1820 737 1868 et
780 1808 885 1866 sibi
937 1818 995 1864 et
1039 1808 1279 1863 mittenti
1317 1807 1522 1879 Cyrillo
1572 1809 1741 1862 fuerit
1779 1801 2084 1869 sententia,
2125 1801 2382 1860 laudibus
2416 1804 2667 1875 excepit,
2699 1814 2756 1859 et
2791 1801 2850 1859 ut
2885 1805 3077 1860 eadem
3111 1807 3418 1864 sentienten

199 1879 539 1951 magnifeeit.

1625 1948 1793 2014 Idem,
1838 1946 2046 2003 ibidem.

269 2040 502 2122 Doctus.
542 2050 598 2122 et
623 2040 780 2122 pius,
816 2039 1448 2122 minimeque‘vacillans
1477 2040 1910 2122 Cyrillus'unam
1941 2039 2328 2122 docet-.Yerbi‘
2352 2046 2628 2122 naturam,
2669 2046 2727 2122 et
2765 2037 2914 2122 illam
2957 2037 3314 2122 incarnatam,
3351 2052 3460 2100 etc.

195 2109 424 2168 Etenim
446 2109 866 2234 multa‘cggitat,
901 2125 1010 2172 non
1056 2110 1262 2175 verbis,
1305 2120 1360 2164 et
1393 2109 1712 2166 nominibus
1739 2126 1963 2166 sensum
2002 2110 2198 2175 credit,
2236 2110 2332 2165 sed
2360 2117 2544 2165 mente
2579 2109 2752 2164 verba
2802 2115 2860 2165 et
2893 2109 3116 2164 nomina
3150 2114 3460 2180 conferens,

194 2188 368 2250 atque
390 2195 670 2235 accommo
709 2196 825 2235 ans.

1541 2383 2123 2473 MONITUM

999 2545 1071 2604 In
1097 2541 1293 2604 libros
1326 2543 1410 2602 De
1441 2540 1813 2601 adoratione
1851 2541 1917 2601 in
1944 2542 2176 2619 spiritu
2220 2553 2278 2605 et
2318 2545 2579 2607 veritate
2604 2543 2711 2629 (1).

259 2668 426 2724 Libri
457 2677 748 2739 sequentes
778 2667 905 2722 inde
937 2682 1137 2721 nomen
1179 2665 1357 2721 sortiti
1400 2673 1528 2721 sunt
1557 2664 1703 2734 quod
1733 2663 1968 2736 Cyrillus
2010 2665 2065 2719 in
2110 2666 2283 2723 forma
2324 2669 2523 2741 dialogi
2564 2685 2682 2724 eam
2721 2669 3091 2727 difﬁcultatem
3131 2671 3343 2728 solvere
3373 2689 3466 2744 ag-

191 2776 424 2832 gressus
451 2761 540 2825 sit,
575 2776 682 2830 qua
711 2759 935 2816 tandem
955 2757 1189 2822 ratione,
1214 2757 1334 2827 lege
1355 2755 1529 2810 veteri
1557 2770 1655 2825 per
1679 2755 1891 2810 Novum
1922 2755 2338 2812 Testamentum
2365 2759 2645 2831 abrogata,
2677 2759 2931 2822 Christus
2963 2761 3161 2816 dixerit
3185 2761 3392 2834 (Matth.
3410 2781 3462 2824 v,

196 2853 288 2925 17)
321 2872 333 2906 :
367 2873 387 2905 ι
423 2853 544 2907 Non
570 2853 694 2908 veni
721 2852 931 2908 solvere
963 2853 1160 2922 legem,
1192 2848 1286 2906 sed
1319 2846 1648 2918 adimplere;
1685 2864 1704 2907 ι
1741 2855 1796 2901 et
1826 2845 2002 2917 (Joan.
2039 2865 2110 2912 tv,
2149 2848 2239 2920 24)
2275 2868 2287 2904 :
2338 2869 2355 2903 ι
2391 2851 2450 2906 ln
2478 2852 2673 2922 spiritu
2704 2861 2760 2909 et
2786 2855 3016 2910 veritate
3044 2855 3217 2910 Deum
3252 2856 3464 2912 Patrem

192 2957 419 3020 oportet
449 2948 698 3004 adorare.
733 2967 751 2999 ι
791 2947 930 3008 Eum
966 2947 1022 3001 in
1063 2945 1225 3000 finem
1253 2944 1456 3014 optime
1488 2943 1667 3006 docet,
1707 2953 1976 3014 praecepta
2008 2945 2144 3016 legis
2177 2947 2444 3014 Mosaicae,
2475 2965 2596 3019 quae
2625 2950 2692 3006 ab
2725 2951 2886 3006 Israel
2916 2953 3217 3008 secundum
3247 2969 3469 3008 carnem

191 3042 491 3097 observata
529 3050 659 3096 sunt
696 3040 1010 3103 carnaliter,
1038 3054 1070 3093 a
1103 3037 1282 3102 nobis,
1313 3036 1406 3106 qui
1441 3035 1743 3100 secundum
1785 3036 2040 3106 Spiritum
2075 3037 2242 3093 lsrael
2275 3056 2467 3096 sumus
2493 3041 2664 3112 (Rom.
2692 3041 2789 3112 Ix),
2822 3044 3183 3113 spiritualiter
3213 3062 3336 3101 esse
3365 3047 3469 3100 ob-

190 3132 660 3198 servandarhinc
692 3131 918 3186 umbras
950 3130 1071 3184 illas
1100 3129 1340 3196 antiquae
1371 3126 1508 3197 legis
1541 3125 1800 3195 penicillo
1828 3125 2064 3194 quodam
2094 3129 2360 3182 orationis
2387 3129 2452 3182 ad
2487 3129 2772 3183 veritatem
2805 3131 3075 3197 etl‘ormat,
3106 3143 3162 3188 et
3196 3135 3468 3189 carnalem

188 3224 349 3279 illum
374 3224 777 3294 figuratumque
806 3223 1014 3284 cultum
1044 3237 1076 3276 a
1098 3220 1246 3274 veris
1267 3218 1364 3274 Dei
1391 3217 1775 3273 adoratoribus
1793 3217 1847 3271 in
1870 3217 2067 3288 spiritu
2092 3228 2146 3273 et
2172 3220 2401 3275 veritate
2419 3221 2607 3291 perfici
2634 3238 2791 3292 posse
2819 3223 3176 3280 demonstrat.
3211 3226 3470 3294 Quamvis

187 3329 377 3376 autem
411 3319 658 3373 omnium
692 3318 805 3374 fere
834 3318 1000 3372 Mosis
1040 3317 1310 3372 librorum
1353 3315 1609 3386 mysteria
1645 3313 1702 3368 in
1729 3313 1819 3367 his
1847 3313 2005 3370 libris
2043 3315 2379 3385 aperiantur,
2408 3332 2517 3370 non
2558 3326 2738 3372 tamen
2771 3319 3017 3374 eamdem
3053 3321 3273 3387 seriem,
3307 3338 3468 3393 quam

189 3415 249 3470 in
284 3413 587 3470 scribendo
615 3413 794 3468 tenuit
829 3412 1025 3476 Moses,
1061 3410 1118 3465 in
1151 3409 1476 3479 explicando
1513 3416 1736 3462 secutus
1771 3415 1856 3461 est
1878 3407 2133 3479 Cyrillus,
2167 3409 2262 3464 sed
2299 3425 2460 3464 suum
2496 3412 2786 3479 quemdam
2823 3412 3071 3467 ordinem
3104 3415 3361 3479 servavit,
3397 3415 3468 3468 ita

191 3515 253 3560 ut
279 3509 443 3579 prius
471 3514 792 3578 argumenta
825 3503 1073 3576 quaedam
1103 3511 1251 3568 certa
1289 3508 1579 3572 proponat,
1618 3509 1730 3558 tum
1764 3499 1883 3555 loca
1913 3500 2206 3571 Scriptura:
2234 3502 2384 3558 varia
2412 3517 2537 3556 cum
2574 3502 2680 3556 illis
2717 3505 3052 3574 argumentis
3088 3505 3474 3564 convenientia

187 3616 218 3656 e
251 3598 494 3653 diversis
529 3597 827 3668 Scriptura:
859 3595 1018 3652 libris
1051 3593 1270 3665 colligat
1297 3608 1361 3647 ac
1388 3593 1641 3663 explicet.
1673 3591 1843 3663 Igitur
1863 3601 2152 3663 postquam
2193 3593 2261 3648 de
2298 3594 2454 3664 lapsu"
2499 3596 2739 3650 hominis
2781 3597 2832 3650 in
2871 3605 3154 3666 peccatum
3188 3597 3472 3661 disseruit,

185 3692 498 3761 subjungit,
539 3689 742 3744 debere
779 3689 1079 3754 hominem,
1120 3686 1267 3756 quod
1314 3703 1470 3756 mque
1502 3687 1799 3756 gloriosum
1847 3701 1912 3740 ac
1956 3687 2088 3740 utile
2132 3687 2224 3751 sit,
2267 3687 2502 3756 peccatis
2547 3689 2853 3744 valedicere
2909 3697 2965 3742 et
3016 3688 3084 3742 ad
3129 3689 3476 3755 honestatem

186 3784 452 3848 transire,
493 3783 698 3840 diaboli
736 3783 928 3853 iugum
965 3789 1227 3836 excute-re
1263 3791 1322 3835 et
1357 3781 1536 3850 legem
1571 3781 1812 3836 divinam
1854 3778 2033 3849 sequi,
2075 3788 2263 3849 utpote
2309 3795 2431 3850 qua:
2469 3781 2536 3834 ad
2580 3795 2764 3834 veram
2818 3780 3128 3836 libertatem
3172 3797 3274 3844 nos
3314 3791 3475 3852 vocat

186 3873 314 3942 (lib.
347 3874 419 3945 ι);
467 3875 616 3929 istud
664 3882 847 3928 autem
901 3871 1280 3926 tantummodo
1323 3887 1424 3942 per
1473 3873 1704 3941 gratiam
1742 3871 1970 3937 Christi,
2001 3879 2056 3925 et
2107 3887 2216 3925 non
2263 3886 2362 3940 per
2402 3871 2576 3940 legem
2616 3870 2904 3925 Mosaicam
2956 3870 3165 3928 homini
3215 3872 3472 3941 possibile

181 3966 350 4021 reddi
387 3966 507 4036 (lib.
534 3982 571 4018 ιι
599 3973 654 4018 et
681 3963 783 4034 tu),
812 3963 976 4017 simul
1015 3970 1196 4020 tamen
1235 3961 1446 4014 firmam
1481 3961 1720 4015 hominis
1753 3961 2077 4014 voluntatem
2109 3961 2386 4029 animique
2427 3959 2804 4014 fortitudinem
2842 3959 3046 4029 requiri
3072 3960 3189 4033 (lib.
3223 3977 3275 4014 tv
3309 3971 3365 4015 et
3395 3961 3468 4028 v).

184 4056 416 4112 Initium
459 4071 594 4110 vero
637 4063 694 4110 et
740 4055 1162 4110 fundamentum
1203 4053 1397 4110 salutis
1437 4053 1690 4113 humanae
1732 4053 1894 4108 docet
1927 4070 2046 4108 esse
2088 4053 2248 4122 fidem
2288 4053 2342 4106 in
2386 4069 2554 4107 unum
2587 4070 2777 4108 verum
2819 4055 2990 4111 Deum
3040 4069 3148 4107 una
3189 4069 3313 4108 cum
3353 4055 3475 4123 ejus

183 4148 470 4203 dilectione
498 4149 616 4217 (lib.
645 4147 743 4218 vi),
781 4147 870 4206 cui
903 4157 1050 4204 recte
1086 4146 1336 4218 adjungit
1373 4146 1724 4202 dilectionem
1760 4148 2015 4218 proximi,
2052 4163 2282 4216 eamque
2314 4147 2609 4216 plurimum
2634 4147 2980 4203 commendat
3011 4145 3107 4217 (lib
3149 4151 3226 4202 'vu
3254 4157 3309 4202 et
3331 4147 3469 4217 vm).

182 4241 286 4295 llis
324 4242 574 4297 decursis
609 4243 758 4312 leges
793 4239 860 4296 de
897 4241 1270 4305 tabernaculo,
1303 4239 1371 4293 de
1415 4240 1793 4297 sacerdotibus
1831 4249 1995 4310 atque
2037 4240 2218 4294 levitis
2263 4239 2600 4303 considerat;
2649 4253 2714 4299 ac
2758 4237 2934 4312 primo
2982 4237 3203 4306 quidem
3247 4244 3474 4291 cunctas

184 4332 342 4406 leges
377 4332 444 4387 ad
492 4333 909 4388 tabernaculum
943 4333 1174 4402 ejusque
1210 4331 1392 4387 varias
1432 4340 1635 4400 partes,
1671 4348 1885 4390 necnon
1935 4333 2002 4386 ad
2058 4333 2523 4387 constructionem
2573 4339 2630 4386 et
2696 4328 3182 4386 sanctiﬁcationem
3225 4328 3470 4399 ejusdem

181 4431 556 4500 pertinentes,
592 4430 660 4485 ad
701 4429 999 4496 Ecclesiam
1047 4427 1405 4483 Christianam
1449 4430 1680 4499 ejusque
1725 4429 2098 4483 institutiones
2142 4428 2308 4481 refert
2351 4427 2468 4497 (lib.
2511 4442 2564 4480 rx
2612 4438 2669 4480 et
2705 4423 2798 4496 x);
2845 4425 2972 4479 dein
3023 4439 3363 4494 quaecunque
3401 4424 3470 4480 de

183 4525 575 4580 sacerdotibus
610 4535 667 4579 et
699 4524 987 4579 sacrificiis
1019 4523 1258 4592 antiquae
1287 4523 1424 4593 leg-is
1460 4525 1754 4588 constituta
1791 4525 2029 4588 fuerant,
2064 4524 2118 4577 in
2161 4523 2466 4578 sacerdotio
2505 4523 2638 4576 Novi
2679 4521 2920 4578 Fmderis
2948 4519 3226 4600 implenda
3254 4520 3472 4592 egregie

183 4623 466 4670 monstrat
497 4615 618 4686 (lib.
647 4629 699 4668 xi
728 4623 784 4668 et
812 4613 931 4683 xu),
962 4627 1084 4683 quae
1117 4621 1298 4674 autem
1340 4612 1407 4666 de
1452 4613 1632 4667 levitis
1671 4613 1724 4666 in
1764 4614 1881 4683 lege
1919 4612 2090 4667 veteri
2127 4613 2514 4677 continentur,
2549 4612 2864 4682 singillatim
2905 4613 3138 4682 explicat
3172 4613 3241 4668 de
3280 4612 3348 4667 iis
3377 4612 3471 4682 qui

181 4704 387 4762 divino
422 4705 734 4760 ministerio
768 4706 824 4758 in
864 4705 1018 4759 Novo
1048 4703 1400 4760 Testamento
1431 4719 1490 4758 se
1529 4705 1910 4773 manciparunt
1952 4706 2073 4777 (lib.
2107 4705 2243 4777 xm).
2273 4705 2412 4762 Hine
2443 4705 2510 4760 ad
2545 4715 2746 4760 coetum
2780 4703 3021 4761 fidelium
3060 4721 3377 4773 conversus,
3405 4723 3474 4763 ex

179 4795 465 4851 munditia
511 4797 566 4851 in
614 4796 734 4866 lege
772 4795 902 4858 olim
946 4795 1266 4865 praescripta
1310 4794 1493 4848 cordis
1540 4795 1776 4864 viaeque
1816 4797 2111 4865 puritatem
2153 4796 2409 4851 omnibus
2445 4795 2538 4865 qui
2584 4796 2638 4850 in
2677 4795 2911 4850 ecclesia
2952 4803 3078 4851 ante
3115 4809 3470 4867 conspectum

178 4887 414 4944 Domini
445 4889 696 4951 veniunt,
734 4886 1100 4944 necessariam
1143 4900 1264 4942 esse
1305 4885 1546 4946 ostendit
1581 4886 1698 4958 (lib.
1736 4886 1869 4958 xw),
1909 4887 2183 4958 simulque
2223 4903 2291 4952 ex
2325 4888 2434 4942 ritu
2470 4887 2862 4943 sacrificiorum
2893 4888 3107 4946 Veteris
3140 4889 3471 4946 Testamenti

177 4980 440 5036 declarat
469 4996 576 5051 qua
611 4979 824 5036 ratione
854 4979 1020 5032 homo
1054 4979 1168 5047 per;
1195 4976 1478 5032 Christum
1519 4977 1575 5030 in
1609 4976 1728 5030 dies
1776 4977 1950 5047 magis
1988 4977 2309 5048 puriﬁcetur
2347 4987 2403 5033 et
2443 4977 2817 5032 sanctiﬁcetur
2855 4977 2974 5048 (lib.
3012 4976 3122 5048 xv).
3164 4978 3302 5035 Cum
3341 4999 3473 5039 vero

173 5074 423 5167 iustitia:
450 5073 716 5143 perfectio
755 5071 812 5126 in
855 5085 921 5126 eo
963 5069 1248 5135 consistat,
1283 5079 1345 5123 ut
1386 5069 1550 5124 homo
1597 5069 1950 5151 semetipsum
2015 5071 2125 5127 Deo
2170 5071 2224 5125 in
2262 5071 2518 5126 omnibus
2561 5070 2792 5125 hostiam
2835 5071 3033 5135 vivam,
3064 5080 3328 5140 sanctam,
3360 5075 3475 5132 Deo

180 5160 502 5236 placentem
532 5164 749 5227 offerat,
781 5162 927 5220 istud
958 5177 1178 5233 quoque
1206 5177 1273 5216 ex
1300 5160 1676 5216 oblationibus
1720 5163 1857 5234 legis
1889 5163 2136 5219 Mosaicae
2173 5179 2274 5218 nos
2309 5173 2458 5221 recte
2486 5163 2774 5222 instituere
2805 5161 2968 5218 docet
2997 5161 3116 5233 (lib.
3154 5166 3284 5239 xvr).
3315 5165 3470 5234 Quod

166 5247 230 5313 ἐἰ
263 5258 443 5313 homo
479 5273 543 5312 ea
575 5256 789 5324 ratione
815 5247 1118 5319 Ecclesiam
1142 5254 1348 5309 Christi
1379 5255 1657 5327 ingressus
1689 5256 1857 5311 vitam
1882 5257 2008 5323 labe
2039 5272 2231 5327 puram
2259 5267 2420 5328 atque
2449 5253 2745 5328 perfectam
2772 5255 2883 5311 Deo
2908 5255 3194 5324 dicaverit,
3219 5261 3472 5320 mercede

181 5369 418 5409 summa
451 5355 694 5425 potietur
725 5351 789 5418 in,
809 5361 1012 5416 aeterm
1041 5351 1404 5414 beatitudine,
1432 5366 1594 5420 quam
1623 5351 1934 5411 Iudaeorum
1966 5354 2238 5410 solemnes
2263 5351 2592 5417 festivitates
2620 5368 2688 5414 ex
2715 5351 2809 5417 Dei
2845 5353 3126 5414 voluntate
3155 5353 3472 5427 prmﬁgura-

180 5447 330 5502 bant
369 5447 484 5518 (lib.
521 5448 672 5516 ιιι-ιι).
702 5478 772 5486 -
805 5445 1221 5515 Amplissimum
1260 5445 1361 5499 hoc
1406 5461 1565 5514 opus,
1611 5447 1811 5519 insigni
1857 5447 2091 5518 quadam
2136 5456 2252 5503 arte
2297 5447 2643 5517 dispositum,
2677 5447 2875 5503 merito
2909 5457 3139 5513 vocatur
3178 5451 3470 5506 thesaurus

176 5537 602 5607 expositionum
637 5537 1055 5607 allegoricarum
1095 5543 1150 5590 et
1187 5536 1480 5590 veritatum
1527 5538 1817 5595 moralium
1861 5539 1963 5611 (2),
2005 5555 2114 5608 quo
2157 5539 2412 5592 universa
2456 5539 2539 5591 lex
2587 5537 2815 5594 Mosaica
2861 5555 3025 5597 sensu
3063 5544 3291 5615 mystico
3331 5544 3467 5598 scite

174 5633 524 5705 explicatur,
549 5643 606 5688 et
630 5633 758 5686 vitae
786 5629 1090 5700 spiritualls
1120 5645 1220 5700 per
1250 5632 1478 5701 gratiam
1506 5631 1711 5686 Christi
1747 5640 1880 5688 acta:
1909 5630 2148 5696 initium,
2180 5630 2458 5701 profectus
2489 5646 2552 5685 ac
2583 5631 2709 5685 finis
2733 5625 3082 5701 describitur,

257 5768 351 5899 ἐξ
501 5769 919 5894 {restitutionibus
951 5769 1273 5857 Patr-elogia
1299 5771 1414 5853 dos.
1445 5772 1677 5868 Fesslcr.
1713 5771 2023 5844 OEniponte
2057 5772 2212 5838 185l,
2246 5772 2300 5828 in
2333 5772 2406 5837 8°,
2445 5781 2575 5826 tom.
2609 5772 2674 5836 ll,
2706 5789 2760 5844 ρ.
2791 5772 2912 5836 558,

548 5843 812 5899 illemont.
842 5840 1045 5899 0.671,
1078 5851 1136 5895 et
1157 5841 1399 5899 '..etlher.
1429 5857 1482 5898 υ.
1516 5841 1638 5899 ἳοᾶ.

548 5843 812 5905 illemont,
842 5856 895 5906 p.
919 5840 1045 5904 67!,
1078 5851 1136 5895 et
1157 5840 1399 5913 '._‘.eillier,
1429 5857 1482 5898 ο.
1516 5841 1638 5899 254.
