4154 6502
680 393 784 452 153

1707 394 1763 447 S.
1804 392 2078 448 CYRILLI
2117 392 2586 447 ALEXANDRINI
2626 392 2945 449 ARCHIEP.

676 515 792 569 lum
822 522 877 568 et
898 520 1064 575 terra,
1103 512 1213 567 iota
1245 526 1416 565 unum
1456 518 1552 563 aut
1574 526 1718 565 unus
1768 526 1906 581 apex
1964 527 2074 565 non
2108 526 2243 581 pra:-

2360 512 2435 583 μὴ
2457 512 2701 585 παρέλθῃ
2726 511 2834 565 ἀπὸ
2861 511 2955 565 τοῦ
2997 510 3183 581 νόμου,
3212 510 3316 575 tm;
3344 512 3412 566 ἂν
3434 511 3613 565 πάντα
3639 510 3882 580 γίνηται.
3914 532 3935 565 ι

678 605 867 661 teribit
899 620 929 659 a
954 605 1094 676 lege,
1131 604 1310 659 donec
1363 603 1550 658 omnia
1592 602 1726 657 liant
1763 606 1803 656 ¹.
1846 623 1863 654 ι
1914 603 1975 657 In
2033 603 2258 658 Joannis

675 708 939 769 pmterea
960 697 1239 753 volumine
1267 696 1333 750 ad
1352 696 1639 751 mulierem
1657 695 2081 751 Samaritanam:
2110 695 2257 749 «Mu-

673 790 797 855 lier,
833 789 998 845 crede
1027 788 1184 851 mihi,
1224 787 1354 856 quia
1409 786 1563 840 venit
1619 785 1773 849 hora,
1822 784 2040 855 quando
2078 800 2257 854 neque

674 882 730 937 in
763 890 945 936 monte
974 881 1098 943 hoc,
1157 893 1337 949 neque
1373 877 1768 949 Hierosolymis
1808 877 2111 931 adorabitis
2158 877 2258 931 Pa-

675 983 831 1027 trem.
869 972 978 1027 Vos
1007 970 1251 1025 adoratis
1303 970 1451 1040 quod
1506 970 1916 1034 nescitis;~nos
1966 969 2257 1025 adoramus

669 1064 815 1135 quod
851 1064 1086 1128 scimus;
1129 1063 1260 1133 quia
1295 1064 1445 1117 salus
1473 1078 1540 1117 ex
1578 1062 1784 1117 Judaais
1831 1068 1935 1115 est.
1972 1060 2077 1116 Sed
2104 1063 2255 1116 venit

668 1154 824 1217 hora,
860 1165 917 1211 et
944 1170 1092 1209 nunc
1119 1164 1223 1219 est,
1262 1155 1484 1225 quando
1516 1155 1633 1209 veri
1682 1154 2005 1208 adoratores
2055 1154 2252 1208 adora-

668 1248 807 1304 bunt
834 1250 1046 1304 Patrem
1095 1249 1151 1302 in
1202 1248 1401 1317 spiritu
1430 1256 1487 1302 et
1526 1247 1784 1301 veritate.
1817 1247 1953 1301 Nam
1998 1255 2055 1301 et
2094 1247 2279 1301 Pater.

668 1340 806 1394 tales
834 1347 1053 1409 quaerit,
1083 1338 1177 1408 qui
1213 1338 1453 1392 adorent
1497 1353 1645 1391 eum.
1685 1336 1926 1406 Spiritus
1952 1346 2036 1391 est
2083 1337 2247 1399 Deus,

668 1433 725 1479 et
764 1440 862 1479 eos
920 1426 1013 1495 qui
1074 1425 1310 1479 adorant
1370 1441 1518 1492 eum,
1554 1425 1610 1479 in
1673 1426 1871 1495 spiritu
1934 1433 1991 1480 et
2022 1426 2250 1480 veritate

666 1525 888 1587 oportet
916 1516 1147 1571 adorare
1178 1519 1221 1569 ’.
1253 1536 1271 1567 ι

736 1608 895 1663 CYR.
921 1608 1063 1675 Quid
1096 1624 1229 1663 vero
1270 1607 1371 1662 tibi
1410 1607 1467 1661 in
1517 1607 1605 1662 his
1648 1607 1832 1663 verbis
1859 1623 1981 1662 esse
2017 1606 2249 1661 arduum

666 1697 911 1763 videtur,
953 1699 1086 1768 quid
1118 1699 1417 1753 obscurum
1445 1706 1503 1753 et
1540 1698 1819 1753 intellectu
1853 1698 2109 1752 dillicile?
2138 1698 2247 1761 die,

666 1805 801 1861 rogo
830 1798 899 1844 te.

2376 604 2463 657 ’Ev
2490 604 2547 657 δέ
2574 621 2637 673 γε
2664 606 2730 675 τῇ
2759 603 2899 657 κατὰ
2922 603 3012 657 τὸν
3053 603 3305 673 Ἰωάννην
3336 606 3652 676 συγγραφῇ,
3680 606 3817 676 πρὸς
3842 607 3942 679 τὴν

2359 697 2424 748 ἐκ
2446 695 2549 765 τῆς
2583 695 2896 766 Σαμαρείας
2922 696 3173 764 γυναῖκασ
3204 713 3223 746 ‹
3254 696 3481 748 Πίστευέ
3508 713 3620 766 μοι,
3650 696 3830 766 γύναι,
3859 700 3941 753 ὅτι

2360 788 2577 858 ἔρχεται
2629 788 2768 860 ὥρα,
2818 791 2906 843 ὅτε
2944 788 3067 842 οὔτε
3104 789 3161 841 ἐν
3207 789 3285 859 τῷ
3316 789 3435 859 δρει
3475 789 3687 860 τούτῳ,
3728 790 3854 845 οὒτε
3882 795 3940 845 ἐν

2368 880 2629 951 Ἱεροσολύ
2639 899 2757 951 μοις
2781 882 3185 953 προσκυνήσετε
3211 882 3288 952 τῷ
3318 881 3516 952 Πατρί.
3554 881 3745 951 Ὑμεῖς
3774 900 3940 955 προσ-

2357 973 2571 1025 κυνεῖτε
2614 971 2642 1024 ὃ
2671 971 2770 1025 οὐκ
2794 971 2993 1025 οἴδατε⁹
3014 974 3176 1042 ἡμεῖς
3203 972 3614 1043 προσκυνοῦμεν
3639 973 3667 1026 δ
3692 973 3938 1045 οἴδαμεν,

2356 1062 2437 1115 ὅτι
2462 1064 2494 1133 ἡ
2520 1064 2762 1134 σωτηρία
2792 1065 2857 1117 ἐκ
2884 1064 2991 1117 τῶν
3029 1063 3301 1135 Ἰουδαίων
3326 1064 3493 1118 ἐστίν.
3529 1065 3691 1118 Ἀλλὰ
3720 1065 3942 1137 ἔρχεται

2355 1154 2506 1225 ὥρα,
2542 1156 2637 1209 καλ⁴
2682 1155 2777 1209 νῦν
2819 1158 2988 1222 ἐστιν,
3036 1158 3129 1211 ὅτε
3164 1158 3212 1209 οί
3264 1156 3510 1226 ἀληθινοὶ
3564 1160 3943 1230 προσκυνηταὶ

2356 1249 2787 1320 προσκυνήσουσι
2818 1248 2897 1319 τῷ
2938 1250 3115 1321 Πατρὶ
3161 1250 3217 1301 ἐν
3254 1250 3527 1321 πνεύματι
3559 1252 3654 1304 καὶ
3684 1252 3940 1323 ἀληθεία.

2355 1339 2465 1391 Καὶ
2492 1341 2599 1409 γὰρ
2625 1341 2652 1393 6
2684 1340 2874 1411 Πατὴρ
2893 1341 3167 1405 τοιούτους
3189 1342 3339 1413 ζητεῖ
3352 1343 3480 1406 τοὺς
3501 1345 3943 1415 προσκυνοῦντας

2341 1431 2535 1484 «αὐτόν.
2564 1432 2787 1502 Πνεῦμα
2806 1436 2833 1487 6
2856 1433 3005 1495 Θεὸς,
3035 1436 3126 1487 καὶ
3151 1436 3276 1498 τοὺς
3299 1435 3736 1507 προσκυνοῦντας
3755 1438 3941 1504 αὐτὸν,

2353 1523 2409 1575 ἐν
2436 1524 2704 1594 πνεύματι
2739 1525 2832 1577 καὶ
2860 1528 2924 1596 τῇ
2957 1525 3183 1597 ἀληθείᾳ
3206 1526 3285 1579 δεὶ⁹
3310 1531 3658 1600 προσκυνεῖν.
3700 1547 3721 1580 ι
3784 1563 3795 1575 ο

2421 1614 2585 1667 ΚΥΡ.
2619 1611 2751 1667 Εἶτα
2786 1616 2838 1668 τί
2872 1616 2932 1668 τὸ
2961 1616 3188 1678 ἄναντες
3232 1614 3373 1671 εἷναί
3404 1636 3484 1671 σοι
3518 1619 3731 1685 δοκοῦν,
3771 1620 3849 1684 ὡς
3880 1620 3943 1675 ἓν

2350 1722 2415 1773 γε
2446 1706 2508 1777 δὴ
2551 1706 2803 1773 τούτοις;
2840 1709 2991 1761 Τίδέ
3034 1710 3097 1781 δὴ
3142 1712 3203 1764 τὸ
3250 1710 3386 1780 βαθὺ
3428 1713 3524 1766 καὶ
3574 1711 3938 1781 δυσέφικτονς

2353 1798 2597 1869 ἐρομένῳ
2623 1799 2849 1869 φράσον.

736 1884 937 1938 PALL.
999 1884 1046 1939 Α
1094 1885 1379 1940 veteribus
1429 1885 1651 1955 quidem
1702 1884 1904 1939 ritibus
1942 1884 2243 1948 discedere,

2427 1888 2634 1939 ΠΑΛΛ.
2686 1888 2855 1940 Ἐθῶν
2896 1888 2995 1958 μὲν
3033 1890 3141 1942 τῶν
3189 1891 3559 1962 ἀρχαιοτέρων
3608 1892 3944 1965 ἀποφοιτᾷν,

662 1983 718 2029 et
752 1975 822 2029 ab
858 1991 922 2031 ea
962 1992 1083 2046 quae
1128 1977 1433 2031 secundum
1476 1977 1677 2047 Legem
1730 1986 1815 2031 est
1862 1977 2079 2049 justitia
2128 1992 2249 2030 ces-

663 2082 806 2131 sare,
847 2084 1016 2123 sacrae
1042 2068 1206 2123 nobis
1238 2068 1464 2124 Litterae
1498 2068 1847 2139 praecipiunt.
1883 2068 1953 2121 lis
1977 2068 2124 2122 enim
2155 2067 2248 2136 qui

662 2164 720 2218 in
749 2179 870 2218 eam
906 2165 1073 2219 etiam
1126 2176 1253 2234 post
1283 2175 1604 2236 perceptam
1664 2164 1828 2219 fidem
1886 2165 2246 2227 inclinabant,

662 2254 870 2308 Paulus
902 2254 1127 2309 dicebat
1154 2272 1166 2307 :
1210 2274 1227 2305 ‹
1256 2255 1521 2309 Evacuati
1561 2255 1699 2309 estis
1728 2271 1757 2308 a
1788 2254 2034 2319 Christo,
2068 2255 2161 2323 qui
2193 2255 2247 2307 in

664 2343 805 2415 Lege
855 2344 1259 2415 justiﬁcamini,
1290 2361 1319 2399 a
1366 2346 1542 2415 gratia
1594 2346 1895 2402 excidistis.
1938 2346 2048 2401 Nos
2101 2347 2247 2401 enim

662 2436 863 2504 spiritu
892 2451 959 2491 ex
1002 2435 1106 2491 ﬁde
1137 2451 1288 2505 spem
1316 2436 1543 2507 iustitiae
1570 2445 1955 2507 exspectamus
1994 2437 2033 2489 ³.
2063 2456 2080 2487 ι
2111 2436 2247 2491 Cum

662 2542 793 2581 vero
819 2528 891 2582 ob
924 2528 1090 2581 vitam
1122 2530 1425 2582 secundum
1456 2528 1659 2599 Legem
1696 2528 2002 2583 institutam
2028 2544 2249 2598 magnas

663 2618 827 2672 licere
881 2634 1085 2688 easque
1126 2620 1417 2689 praeclaras
1471 2620 1677 2675 habere
1731 2620 2004 2690 gloriandi
2055 2636 2248 2674 causas

660 2711 937 2775 ostendat,
999 2713 1076 2765 ait
1110 2729 1341 2767 rursus:
1389 2712 1557 2780 «Qua:
1598 2712 1735 2766 mihi
1790 2711 2019 2768 fuerunt
2068 2713 2243 2778 lucra,

660 2804 777 2860 hate
807 2804 1113 2860 arbitratus
1145 2822 1266 2860 sum
1299 2814 1528 2877 prepter
1567 2806 1847 2862 Christum
1892 2807 2241 2863 detrimenta.

663 2900 862 2956 Verum
910 2898 1075 2955 etiam
1124 2899 1380 2955 existimo
1421 2899 1605 2955 omnia
1662 2899 2055 2954 detrimentum
2124 2916 2244 2955 esse

660 2998 882 3059 propter
934 2990 1273 3044 eminentem
1330 2990 1617 3045 scientiam
1670 2990 1889 3043 Domini
1958 2990 2064 3045 mei
2114 2991 2244 3045 Jesu

656 3079 883 3142 Christi,
931 3090 1160 3150 propter
1180 3097 1345 3149 quem
1376 3082 1624 3135 omnium
1672 3080 2069 3136 detrimentum
2115 3082 2241 3146 feci,

572 3158 577 3163 ’
653 3184 712 3226 et
743 3174 984 3227 arbitror
1015 3182 1281 3239 stercora,
1325 3182 1385 3227 ut
1443 3173 1725 3227 Christum
1769 3173 2134 3239 lucrifaciam,
2188 3183 2244 3227 ct

2354 1979 2575 2049 καὶτῆς
2622 1981 2679 2031 ἐν
2720 1979 2888 2049 Νόμῳ
2912 1980 3256 2051 δικαιοσύνης
3304 1982 3606 2053 καταλῆξαι
3647 1984 3763 2039 δεῖν
3796 1986 3947 2057 ἱερὸς

2352 2068 2483 2137 ἡμῖν
2512 2068 2789 2122 ἐπιτάττει
2816 2069 2993 2137 λόγος.
3039 2072 3181 2142 Ἔφη
3218 2072 3273 2124 δὲ
3293 2075 3319 2126 6
3350 2072 3559 2137 Παῦλος
3591 2077 3705 2137 τοῖς
3733 2075 3948 2146 ταύτης

2352 2156 2659 2226 ἐφιεμένοις
2690 2159 2784 2211 καὶ
2818 2159 2956 2227 μετὰ
2976 2158 3072 2229 τὴν
3100 2160 3301 2213 πίστιψ
3340 2180 3357 2212 ι
3394 2162 3798 2233 Κατηργήθητε
3830 2166 3948 2218 ἀπὸ

2350 2246 2441 2300 τοῦ
2478 2247 2734 2318 Χριστοῦ,
2765 2249 2959 2311 οἵτινες
2990 2251 3048 2304 ἐν
3082 2251 3249 2321 Νόμῳ
3282 2250 3591 2305 δικαιοῦσθε
3612 2293 3626 2315 ,
3656 2254 3758 2324 τῆς
3782 2256 3945 2327 χάρι-

2348 2355 2440 2401 τος
2487 2339 2800 2405 ἐξεπέσατε.
2861 2340 3050 2411 Ἡμεῖς
3098 2341 3207 2413 γὰρ
3258 2341 3532 2413 πνεύματι
3577 2345 3641 2396 ἐκ
3699 2345 3944 2409 πίστεως

2350 2428 2538 2481 ἐλπίδα
2568 2428 2911 2502 δικαιοσύνης
2935 2432 3365 2502 ἀπεκδεχόμεθα.
3398 2454 3413 2484 ι
3450 2433 3731 2497 Πολιτείας
3756 2435 3813 2487 δέ
3836 2436 3943 2505 τῆς

2348 2520 2490 2573 κατὰ
2516 2520 2607 2572 τὸν
2635 2520 2837 2591 Νόμου,
2862 2522 3048 2575 καίτοι
3073 2522 3300 2593 λαμπρὰ
3326 2525 3419 2577 καὶ
3445 2525 3651 2594 μεγάλα
3673 2526 3943 2579 δεικνύων

2348 2614 2478 2684 ἡμῖν
2516 2614 2600 2681 ἐφ’
2631 2613 2805 2685 ἐαυτῷ
2829 2614 2898 2668 τὰ
2926 2615 3240 2687 αὐχήματα,
3269 2616 3428 2670 πάλιν
3450 2618 3635 2686 φησίνο
3682 2637 3701 2669 ι
3743 2620 3943 2672 ’Δτινα

2346 2700 2414 2776 ἦν
2446 2722 2534 2775 μοι
2558 2705 2748 2778 κέρδη,
2774 2706 2947 2761 ταῦτα
2970 2708 3186 2778 ἥγημαι
3214 2708 3302 2761 διὰ
3329 2708 3420 2761 τὸν
3447 2710 3682 2779 Χριστὸν
3706 2710 3937 2781 ζημίαν.

2360 2797 2518 2851 Ἀλλὰ
2552 2798 2814 2869 μενοῦνγε
2848 2802 2941 2853 καὶ
2971 2800 3209 2870 ἠγοῦμαι
3259 2800 3326 2853 τὰ
3372 2801 3549 2854 πάντα
3584 2801 3808 2872 ζημίαν,
3842 2802 3943 2857 διὰ

2345 2890 2405 2944 τὸ
2443 2892 2707 2963 ὑπερέχον
2738 2892 2837 2962 τῆς
2883 2892 3135 2961 γνώσεως
3165 2895 3258 2948 τοῦ
3293 2894 3497 2966 Κυρίου
3537 2897 3696 2967 ἡμῶν
3758 2896 3942 2970 Ἰησοῦ

2346 2982 2605 3052 Χριστοῦ,
2651 2982 2716 3035 δι’
2756 2984 2815 3036 ὃν
2858 2985 2925 3037 τὰ
2974 2984 3150 3037 πάντα
3190 2984 3524 3057 ἐζημιώθην,
3557 2987 3650 3039 καὶ
3689 2988 3940 3058 ἠγοῦμαι

2348 3072 2590 3127 σκύϐαλα
2620 3070 2781 3140 εἶναι,
2814 3075 2902 3129 ἴνα
2934 3076 3167 3145 Χριστὸν
3208 3077 3477 3148 κερδήσω,
3510 3079 3602 3132 καὶ
3631 3078 3841 3150 εὑρεθῶ
3871 3082 3937 3132 ὲν

2346 3165 2494 3235 αύτῷ
2519 3167 2593 3236 μὴ
2611 3166 2747 3236 ἔχων
2769 3166 2909 3238 ἐμὴν
2933 3167 3300 3241 δικαιοσύνην,
3333 3168 3431 3240 τὴν
3459 3171 3525 3223 ἐκ
3550 3171 3763 3239 Νόμου,
3793 3172 3941 3225 ἀλλὰ

656 3262 907 3317 inveniar
937 3265 993 3317 in
1017 3264 1138 3334 ipso
1178 3280 1288 3319 non
1345 3265 1555 3320 habens
1599 3267 2085 3337 meamjustitiam,
2121 3283 2242 3337 quze

2348 3260 2447 3329 τὴν
2471 3262 2534 3311 ἐκ
2559 3260 2794 3322 πίστεως
2842 3260 3099 3330 Χριστοῦ,
3126 3262 3223 3332 τὴν
3254 3265 3317 3314 ἐκ
3346 3261 3483 3316 Θεοῦ
3510 3262 3880 3337 δικαιοσύνην.
3914 3285 3937 3317 ι

657 3371 727 3408 ex
754 3356 873 3425 lege
911 3364 1021 3420 est,
1046 3356 1142 3410 sed
1179 3356 1350 3420 illam,
1380 3374 1501 3427 qua:
1529 3373 1597 3411 ex
1627 3358 1731 3411 fide
1758 3372 1843 3412 est
1870 3359 2096 3425 Christi,
2122 3375 2242 3428 quae

656 3448 874 3514 exDeo
932 3456 1018 3501 est
1052 3448 1265 3517 justitia
1300 3449 1341 3501 ⁵.
1371 3468 1387 3497 ι
1450 3449 1621 3501 Vetus
1675 3458 1858 3502 autem
1910 3450 2047 3503 illud
2083 3466 2241 3503 man-

656 3538 845 3592 datum
876 3555 987 3593 non
1004 3539 1230 3593 omnino
1260 3540 1420 3609 culpa
1455 3556 1673 3604 vacare,
1716 3540 2004 3596 manifeste
2037 3542 2241 3595 conﬁr-

656 3634 845 3687 mavit.
876 3632 1115 3702 Ideoque
1146 3633 1328 3702 inquit
1354 3632 1501 3687 illius
1522 3634 1573 3703 3
1600 3635 1959 3691 loco-novum
1989 3636 2096 3690 hoc
2142 3651 2242 3705 per

652 3724 965 3789 Christum,
1010 3726 1065 3779 id
1112 3733 1218 3789 est,
1253 3726 1635 3796 evangelicum
1679 3727 1891 3781 utiliter
1927 3727 2237 3782 inductum.

656 3817 753 3879 Sic
781 3818 931 3881 enim
973 3817 1213 3872 scribit:
1248 3837 1265 3869 ι
1296 3817 1638 3887 Reprobatio
1671 3818 1899 3887 quidem
1933 3816 1995 3872 lit
2036 3833 2241 3888 praace-

656 3912 843 3973 dentis
878 3911 1160 3976 mandati,
1208 3920 1435 3980 propter
1472 3910 1847 3965 infirmitatem
1895 3912 2015 3981 ejus
2066 3918 2122 3965 et
2153 3911 2239 3965 in-

658 4005 980 4058 utilitatem.
1040 4005 1189 4058 Nihil
1222 4004 1371 4059 enim
1400 4004 1464 4057 ad
1502 4004 1807 4073 perfectum
1848 4005 2075 4059 adduxit
2106 4004 2238 4068 Lex,

657 4097 752 4151 sed
782 4096 1126 4153 introductio
1158 4096 1406 4150 melioris
1448 4097 1586 4166 spei,
1620 4112 1719 4166 per
1762 4112 1924 4166 quam
1962 4096 2238 4166 proxima-

656 4206 782 4246 mus
802 4190 872 4243 ad
905 4190 1081 4244 Deum
1117 4190 1189 4245 ³.»
1225 4190 1291 4243 Et
1326 4189 1527 4245 iterum
1556 4208 1568 4242 :
1607 4208 1623 4238 ι
1652 4188 1708 4243 Si
1740 4188 1885 4243 enim
1912 4188 2063 4257 prius
2103 4187 2239 4242 illud

654 4283 815 4350 culpa
854 4291 1123 4342 vacasset,
1154 4296 1261 4336 non
1298 4282 1490 4350 utique
1527 4279 1755 4334 secundi
1804 4280 1957 4333 locus
1989 4279 2238 4348 inquire-

654 4385 829 4428 retur.
876 4374 1207 4443 Vituperans
1232 4374 1380 4431 enim
1434 4388 1530 4428 eos
1575 4373 1756 4429 dicit:
1800 4372 1941 4429 Ecce
1992 4372 2111 4429 dies
2142 4388 2239 4425 ve-

654 4466 835 4530 niunt,
878 4467 1017 4519 dicit
1071 4466 1357 4531 Dominus,
1413 4475 1470 4521 et
1512 4465 1907 4521 consummabo
1932 4479 2100 4534 super
2138 4464 2237 4519 do-

654 4571 804 4609 mum
858 4556 1051 4617 lsrael,
1084 4564 1140 4611 et
1186 4570 1355 4624 super
1395 4556 1618 4613 domum
1657 4555 1795 4615 Judo
1848 4564 2237 4610 testamentum

655 4661 879 4711 novum,
920 4661 1030 4699 nou
1071 4647 1374 4701 secundum
1408 4655 1796 4703 testamentum
1826 4647 1972 4715 quod
2004 4647 2107 4701 feci
2142 4663 2239 4715 pa-

652 4737 834 4792 tribus
863 4750 1059 4790 eorum
1101 4736 1155 4788 in
1222 4736 1312 4790 die
1354 4752 1461 4805 qua
1493 4736 1829 4805 apprehendi
1877 4753 2097 4792 manum
2149 4753 2241 4792 e0-

652 4836 774 4875 rum
832 4828 891 4873 ut
932 4820 1225 4874 educerem
1262 4820 1384 4873 illos
1414 4818 1481 4874 de
1530 4828 1676 4875 terra
1713 4819 1950 4893 Aigypti,
1980 4820 2237 4890 quoniam

650 4912 756 4979 ipsi
792 4926 904 4965 non
934 4919 1367 4980 permanserunt
1403 4910 1456 4964 in
1500 4918 1829 4965 testamento
1870 4927 2014 4975 meo,
2046 4922 2101 4966 et
2139 4927 2241 4983 ego

650 5001 863 5072 neglexi
886 5018 1003 5067 eos,
1037 5002 1173 5058 dicit
1200 5001 1486 5059 Dominus.
1518 5001 1656 5071 Quia
1682 5002 1788 5057 hoc
1812 5013 1897 5057 cst
1939 5010 2235 5060 testamen-

648 5103 766 5157 tum
815 5094 962 5165 quod
1010 5094 1298 5165 disponam
1328 5093 1518 5153 domui
1577 5094 1739 5154 Israel
1773 5104 1893 5165 post
1937 5096 2055 5151 dies
2087 5097 2230 5162 illos,

649 5184 785 5245 dicit
810 5185 1099 5248 Dominus,
1124 5186 1264 5242 dans
1302 5186 1451 5258 leges
1482 5187 1707 5244 measin
1735 5200 1973 5244 mentem
2013 5204 2231 5254 eorum,

647 5275 776 5337 etin
809 5277 976 5333 corde
1001 5293 1192 5335 eorum
1212 5280 1511 5335 inscribam
1536 5295 1633 5339 eas
1655 5281 1693 5335 “.
1727 5300 1743 5330 δ
1780 5280 2066 5351 Praecipue
2097 5295 2230 5339 vero

647 5368 911 5433 novitatis
940 5385 1141 5425 nomen
1191 5371 1505 5442 intelligens
1545 5382 1707 5441 atque
1748 5372 2055 5435 declarans,
2090 5392 2107 5423 ι
2131 5372 2229 5431 Di-

647 5460 887 5525 cenda,»
944 5462 1145 5533 inquit,
1213 5482 1230 5513 ι
1262 5479 1485 5528 novum,
1526 5466 1794 5523 veteravit
1848 5464 2033 5540 prius:
2081 5463 2230 5536 quod

648 5561 831 5613 autem
886 5554 1204 5627 antiquatur
1274 5564 1330 5610 et
1381 5557 1659 5619 senescit,
1719 5572 1887 5629 prope
1950 5557 2233 5615 interitum

647 5652 732 5699 est
766 5646 806 5700 ⁷.
852 5666 870 5698 ι
930 5645 987 5701 Si
1022 5646 1187 5717 igitur
1225 5646 1359 5705 nihil
1392 5648 1622 5719 perfecit
1660 5648 1788 5711 Lex,
1815 5658 1871 5705 et
1923 5649 2236 5721 reprobatie

721 5781 736 5810 '
762 5780 951 5837 Matth.
979 5800 1032 5843 v.
1067 5784 1153 5839 l7.
1192 5784 1270 5837 l8.
1349 5785 1547 5839 ’Joan.
1596 5803 1667 5847 tv.
1714 5788 1905 5843 ει-ει.

651 5847 865 5905 'llebr.
924 5870 1034 5917 vm,
1084 5857 1227 5907 7-l0.
1306 5855 1508 5910 ’ίὶιὶιιη
1555 5858 1633 5908 l7».

2351 3349 2465 3400 Οὐκ
2502 3347 2801 3418 ἀμώμητον
2837 3349 2893 3402 δέ
2922 3345 3058 3403 εἶναι
3088 3350 3185 3423 τὴν
3226 3353 3462 3422 ἀρχαίαν
3496 3355 3713 3426 ἐντολὴν
3756 3356 3944 3410 διεδε·⁵

2350 3439 2569 3493 ϐαιοῦτο
2592 3441 2796 3509 σαφῶς.
2822 3442 3092 3514 Ταύτητοί
3136 3462 3267 3515 φησι
3299 3448 3392 3499 καὶ
3419 3447 3533 3500 ἀντ’
3564 3448 3783 3519 ἐκείνης
3803 3450 3943 3521 ἡμῖν

2350 3533 2764 3603 εἰσκεκομίσθαι
2798 3537 3089 3607 χρησίμως
3122 3537 3220 3607 τὴν
3261 3538 3349 3590 διὰ
3374 3538 3612 3608 Χριστοῦ
3647 3542 3745 3593 καὶ
3784 3542 3942 3604 νέαν,

2347 3626 2643 3691 τοῦτ’ἐστι,
2662 3627 2761 3699 τὴν
2789 3629 3171 3700 εὐαγγελικήν.
3190 3630 3393 3700 Γράφει
3420 3631 3475 3685 δέ
3498 3630 3689 3696 οῦτωςο
3721 3652 3741 3686 ε
3783 3633 3946 3686 ’Δθέο

2348 3734 2503 3787 τησις
2537 3719 2635 3789 μὲν
2663 3719 2773 3791 γὰρ
2806 3720 3016 3788 γίνεται
3051 3722 3431 3792 προσαγούσης
3471 3722 3713 3795 ἐντολῆς,
3741 3724 3829 3780 διὰ
3880 3726 3946 3778 τὸ

2346 3810 2519 3879 αὐτῆς
2556 3809 2781 3874 ἀσθενὲς
2810 3812 2905 3865 καὶ⁸
2936 3813 3233 3883 ἀνωφελές.
3265 3811 3435 3867 Ούδέν
3465 3814 3574 3887 γὰρ
3618 3816 3943 3870 ἐτελείωσεν

2344 3905 2375 3957 6
2400 3904 2604 3973 Νόμος,
2632 3905 2982 3977 ἐπεισαγωγὴ
3025 3906 3084 3960 δέ
3134 3907 3438 3978 κρείττονος
3475 3909 3713 3977 ἐλπίδος,
3754 3910 3821 3964 δι’
3872 3908 3946 3983 ἧς

2348 3996 2639 4068 ἐγγίζομεν
2665 3997 2744 4068 τῷ
2768 3998 2908 4069 Θεῷ.
2945 4018 2963 4050 ι
3001 4002 3111 4054 Καὶ
3153 4002 3337 4056 πάλινο
3377 4022 3395 4055 t
3442 4005 3505 4057 Εἰ
3534 4004 3644 4075 γὰρ
3676 4008 3708 4075 ἡ
3742 4006 3943 4076 πρώτη

2347 4089 2529 4160 ἐκείνη
2571 4086 2639 4161 ἦν
2681 4092 2972 4161 ἄμεμπτος
2997 4135 3011 4155 ,
3046 4092 3144 4145 οὐκ
3178 4094 3244 4146 ἀν
3271 4096 3530 4167 δευτέρας
3560 4096 3811 4168 ἐζητεῖτο
3848 4100 3943 4151 τό⁹

2348 4197 2469 4244 πος.
2503 4200 2521 4233 ι
2554 4181 2918 4250 Μεμφόμενος
2940 4181 3048 4253 γὰρ
3071 4184 3268 4245 αὐτοὺς
3288 4184 3470 4252 λέγει·
3506 4203 3525 4237 ι
3572 4186 3705 4241 Ἰδοὺ
3728 4189 3939 4259 ἡμέραι

2346 4270 2621 4340 ἔρχονται,
2654 4270 2801 4339 λέγει
2833 4273 3059 4343 Κύριος,
3086 4274 3181 4326 καὶ
3206 4276 3509 4328 συντελέσω
3537 4278 3630 4331 ἐπὶ
3664 4279 3757 4331 τὸν
3785 4277 3941 4333 οἶκον

2360 4360 2594 4432 Ἰσραὴλ,
2622 4363 2715 4415 καὶ
2740 4363 2832 4415 ἐπὶ
2856 4362 2948 4416 τὸν
2969 4360 3117 4418 οἷκον
3146 4365 3316 4419 Ἰούδα
3339 4366 3603 4440 διαθήκην
3634 4372 3853 4440 καινὴν,
3875 4374 3939 4424 ού

2330 4452 2489 4505 κατὰ
2520 4452 2619 4524 τὴν
2648 4453 2934 4525 διαθήκην,
2961 4457 3027 4526 ἢν
3058 4458 3287 4526 ἐποίησα
3319 4460 3431 4521 τοῖς
3458 4460 3731 4531 πατράσιν
3758 4463 3943 4515 αὐτῶν

2346 4545 2405 4598 ἐν
2436 4546 2620 4616 ἡμέρα
2647 4546 3041 4617 ἐπιλαὸομὲνου
3090 4566 3191 4616 μου
3236 4550 3332 4620 τῆς
3374 4550 3558 4620 χειρὸς
3597 4554 3801 4615 αὐτῶν,
3849 4555 3942 4618 ἐξ-

2346 4641 2571 4707 αγαγεῖν
2602 4638 2797 4702 αὐτοὺς
2831 4640 2895 4692 ἐκ
2923 4639 3024 4713 γῆς
3053 4640 3349 4708 Αἰγύπτου,
3382 4643 3464 4697 ὃτι
3502 4643 3660 4697 αὐτοὶ
3706 4646 3808 4698 οὐκ
3847 4648 3943 4699 ὲν-

2346 4730 2569 4801 έμειναν
2598 4733 2658 4784 ἐν
2697 4735 2762 4802 τῇ
2792 4732 3025 4803 διαθήκη
3062 4750 3163 4803 μου
3188 4774 3201 4797 ,
3248 4734 3405 4802 κάγὼ
3439 4736 3693 4805 ἠμέλησα
3729 4739 3939 4799 αύτῶν,

2345 4822 2490 4892 λέγει
2517 4825 2743 4895 Κύριος.
2786 4825 2909 4878 Ὅτι
2943 4825 3081 4896 αῦτη
3196 4827 3451 4900 διαθήκη,
3500 4829 3567 4900 ἢν
3603 4829 3943 4902 διαθήσομαι

2343 4914 2422 4985 τῷ
2475 4916 2608 4985 οἴκῳ
2649 4916 2865 4987 Ἰσραὴλ
2917 4916 3059 4987 μετά
3102 4918 3199 4981 τὰς
3247 4918 3460 4989 ἡμέρας
3500 4920 3737 4985 ταύτας,
3786 4923 3943 4990 λέγει

2344 5008 2571 5078 Κύριος,
2599 5008 2777 5070 διδοὺς
2818 5010 3017 5079 νόμους
3052 5028 3154 5080 μου
3199 5013 3280 5074 εἰς
3308 5012 3402 5082 τὴν
3438 5011 3681 5067 διάνοιαν
3729 5014 3940 5076 αὐτῶν,

2342 5102 2437 5156 καὶ
2470 5103 2550 5165 είς
2582 5101 2679 5172 τὴν
2706 5102 2933 5173 καρδίαν
2962 5104 3143 5158 αὐτῶν
3179 5104 3470 5175 ἐπιγράψω
3496 5106 3718 5172 αὐτούς.
3752 5126 3770 5158 ι
3815 5108 3947 5174 Ἐξ-

2339 5190 2478 5262 όχως
2500 5192 2558 5245 δέ
2586 5192 2649 5246 τὸ
2666 5195 2762 5263 τῆς
2789 5193 3107 5265 καινότητος
3126 5194 3296 5265 ὄνομα
3318 5195 3518 5258 συνιείς
3544 5212 3606 5249 τε
3638 5198 3734 5252 καὶ
3758 5200 3943 5267 ἑρμη-

2340 5284 2532 5341 νεύωνο
2561 5303 2579 5337 σ
2621 5285 2707 5344 Ἐν
2730 5285 2807 5357 τῷ
2830 5286 3033 5357 λέγειν,
3061 5306 3080 5338 ι
3108 5289 3261 5358 φησὶ,
3296 5307 3314 5338 ι
3343 5288 3552 5359 καινὴν,
3576 5290 3943 5343 πεπαλαίωκε

2338 5374 2438 5443 τὴν
2489 5375 2734 5447 πρώτηψ
2784 5376 2846 5429 τὸ
2880 5377 2989 5448 γὰρ
3035 5377 3435 5449 παλαιούμενον
3484 5379 3578 5431 καὶ
3624 5381 3943 5452 γηράσκον,

2343 5466 2510 5533 ἐγγὺς
2532 5468 2861 5539 ἀφανισμοῦ.
2889 5488 2907 5517 ι
2939 5470 3003 5524 Ei
3031 5470 3206 5523 τοίνυν
3236 5471 3553 5526 τετελείωκε
3581 5474 3681 5542 μὲν
3703 5476 3731 5526 6
3752 5474 3946 5543 Νόμος

2343 5558 2517 5621 οὐδὲν,
2544 5558 2803 5631 ἀθέτησις
2831 5560 2885 5614 δὲ
2920 5560 3021 5631 τῆς
3050 5563 3283 5633 ἀρχαίας
3314 5564 3534 5631 γέγονεν
3579 5566 3800 5635 ἐντολῆς
3834 5568 3948 5622 καὶ

2342 5648 2444 5719 τῆς
2483 5650 2739 5723 δευτέρας
2787 5653 3130 5725 ἑπεισφορά,
3173 5656 3623 5729 προσοικειούσης
3674 5661 3817 5730 ἡμᾶς
3851 5662 3946 5731 τῷ

2012 5789 2307 5853 'Calat.v,
2348 5792 2485 5856 es.
2563 5792 2842 5864 ~rmnpp.
2918 5774 3187 5859 inf-.29.
3265 5794 3475 5850 'Ilebr.
3531 5811 3627 5864 ηπ,
3688 5796 3778 5863 ιε,
3836 5798 3946 5857 ιε.
