4154 6540
226 495 311 550 157

908 492 998 546 DE
1034 480 1474 547 ADORATIONE
1510 493 1576 547 ΙΝ
1616 491 1884 548 ειδιιιιτι]
1929 492 2014 547 ET
2055 493 2421 548 VERITATE.
2461 486 2588 548 LIB.
2631 494 2670 548 l.

3354 498 3455 550 £58

224 608 346 680 θεῷ,
382 608 436 663 τί
476 607 542 681 δὴ
582 607 689 679 ἄρα
718 608 883 679 φησιν
907 608 938 660 ό
967 608 1177 679 Σωτὴρ,
1222 627 1242 661 ι
1278 610 1391 663 Οὐκ
1418 606 1583 681 ἦλθον
1615 628 1784 665 κατα-

1890 611 2092 681 prioris
2130 613 2371 667 mandati
2421 612 2526 667 iuit
2558 611 2674 667 hac
2730 612 3057 683 posterioris
3115 612 3453 682 subrogatio.

225 702 362 756 λῦσαι
398 698 490 753 τὸν
510 699 696 769 νόμον,
721 698 855 753 ἀλλὰ
888 700 1209 772 πληρῶσαι;
1247 720 1264 751 ι
1291 701 1385 754 καὶ
1410 702 1511 762 ὅτι,
1547 720 1566 753 ι
1603 704 1781 773 11953-

224 794 330 865 ἠκει
362 792 688 862 προσκυνεῖν
728 791 878 862 ἡμᾶς
918 793 977 844 ὲν
1013 793 1281 862 πνεύματι
1318 792 1413 847 καὶ
1441 792 1668 864 ἀληθείᾳ
1706 780 1782 863 τῷ

224 882 327 953 Θεῷ
350 882 441 935 καὶ
475 881 687 952 Ila-:91;
724 900 742 934 ι
785 882 945 953 Δηλοῖ
975 882 1103 954 γὰρ,
1129 878 1303 953 οἶμαι,
1333 885 1504 947 τουτὶ,
1538 885 1600 938 τὸ
1647 886 1781 939 ἀπο·

226 973 517 1027 παύσασθαι
545 973 654 1027 δεῖν
685 974 835 1043 ἡμᾶς
881 972 1027 1043 ἠθῶν
1072 976 1167 1028 καὶ
1219 976 1474 1046 λατρείας
1500 977 1601 1048 τῆς
1641 977 1783 1031 κατὰ

226 1064 302 1117 τὸν
326 1062 383 1115 νό
390 1071 507 1131 μον.

287 1150 441 1207 ΚΥΡ.
502 1149 593 1216 Ὦς
621 1153 702 1215 είς
732 1152 905 1207 πλατῦ
938 1152 1268 1226 ζητημάτων
1296 1154 1479 1229 ἐξοίχῃ
1513 1157 1779 1226 πέλαγοςῐ

225 1245 366 1307 Ποίος
396 1243 506 1313 γὰρ
534 1243 600 1297 ἃν
628 1242 879 1316 ἀρκέσειε
907 1244 1051 1310 νοῦς,
1081 1247 1194 1309 τοῖς
1222 1246 1364 1300 οὕτω
1397 1248 1613 1312 λεπτοῖς
1648 1248 1784 1301 θεω-

227 1336 450 1408 ρήμασιν
493 1333 796 1390 ἒνατενίσαι
837 1335 1135 1407 λαμπρῶς,
1164 1336 1240 1401 ὡς
1279 1340 1391 1401 τοῖς
1426 1338 1592 1392 πάλαι
1630 1339 1784 1391 τεθε-

227 1425 526 1498 σπισμὲνοις
569 1425 656 1481 διὰ
680 1426 775 1479 τοῦ
814 1427 1088 1496 πανσόφου
1117 1427 1393 1492 Μωσέως,
1433 1426 1668 1501 ἀδελφὴν
1699 1423 1786 1483 οἷά

223 1534 315 1590 περ
342 1518 440 1572 καὶ
464 1518 701 1586 γείτονα,
732 1517 826 1573 καὶ
851 1518 938 1572 διὰ
963 1519 1070 1572 τῶν
1094 1514 1274 1574 αὐτῶν
1306 1518 1492 1574 ίοῦσαν
1523 1522 1784 1593 πραγμά-

222 1628 334 1675 των,
362 1609 462 1681 τὴν
487 1608 614 1663 νέαν
642 1610 778 1681 ἡμῖν
811 1609 1073 1675 ἐπιδεῖξαι
1098 1611 1342 1683 Γραφὴν,
1377 1614 1468 1665 καὶ
1496 1614 1595 1684 τῆς
1631 1631 1783 1685 νομι-

221 1702 312 1770 κῆς
343 1700 621 1765 πολιτείας
645 1699 706 1753 οὐ
730 1700 935 1772 σφόδρα
960 1700 1327 1773 διῳκισμένην
1352 1702 1449 1773 τὴν
1476 1703 1533 1757 ἐν
1565 1694 1786 1776 Χριστῷ

220 1790 374 1861 ζωὴν,
408 1791 458 1843 εί
489 1790 624 1862 πρὸς
667 1789 902 1862 θεωρίαν
944 1791 1130 1860 ἄγοιτο
1174 1790 1274 1864 τὴν
1312 1795 1687 1866 πνευματικὴν
1720 1796 1786 1848 τὰ

218 1882 318 1942 τοῖς
346 1879 596 1949 ἀρχαίοις
631 1878 985 1951 διωρισμένα.
1028 1880 1211 1944 Τόπος
1242 1882 1350 1953 γὰρ
1400 1886 1428 1936 ὀ
1482 1883 1645 1953 νόμος
1692 1885 1784 1937 καὶ

220 1969 353 2033 σκιὰ,
517 1969 616 2040 τῆς
646 1945 929 2035 εὐσεϐείας
972 1972 1005 2041 ή
1048 1945 1330 2042 μόρφωσις
1374 1971 1450 2035 ὡς
1496 1945 1559 2027 ὲν
1598 1945 1785 2026 ὧδῖσιν
1818 1945 1858 2001 Β

217 2058 308 2122 In,
358 2062 457 2113 καὶ
503 2060 890 2131 κεκρυμμένον
938 2062 998 2114 ὲν
1048 2062 1213 2132 ἑαυτῇ
1263 2061 1321 2114 τὸ
1368 2062 1466 2133 τῆς
1529 2063 1787 2135 ἀληθείας

217 2149 407 2220 ἔχουσα
434 2150 647 2216 κάλλος.
687 2152 756 2203 Ἦ
788 2152 885 2221 οὐχ
918 2144 1021 2206 ὧδε
1059 2152 1205 2223 ἔχειν
1235 2153 1379 2223 ἐρεῖς
1418 2154 1553 2226 ὅπερ
1580 2153 1754 2225 ἐφηνς

277 2326 490 2384 ΠΑΔΛ.
534 2331 684 2386 Πάνυ
720 2330 933 2397 μενοῦν.
974 2330 1135 2385 Ἀλλὰ
1158 2330 1243 2395 τίς
1267 2330 1333 2385 ἂν
1356 2331 1570 2400 γένοιτο
1596 2332 1786 2387 τούτου

214 2423 246 2493 ἡ
271 2421 630 2494 διασάφησις;
660 2423 731 2476 Ἢ
762 2423 844 2486 τίς
873 2423 902 2477 ό
926 2422 1127 2495 τρόπος
1149 2422 1245 2476 τοῦ
1283 2422 1660 2477 πολιτεύεσθαι
1688 2425 1789 2493 μὲν

213 2512 598 2582 Βύαγγελικῶς
622 2511 852 2583 ὲξῆφθαι
878 2512 959 2566 ῑτι
979 2512 1155 2567 δοκεῖν
1174 2513 1525 2584 τῆςὰρχαίας
1548 2515 1786 2585 ἐντολῆς,

216 2605 304 2661 καὶ
338 2603 587 2676 πληροῦν
615 2605 821 2659 οἴεσθαι
846 2605 917 2659 τὰ
945 2605 1034 2660 διὰ
1068 2605 1344 2673 Μωσέως;

276 2774 441 2838 ΚΥΡ.
485 2783 599 2855 Οὐχ
638 2782 844 2848 ἁπλοῦς
885 2785 915 2838 ό
955 2784 1132 2854 λόγος,
1180 2785 1258 2847 ὡς
1296 2786 1362 2840 ἄν
1402 2802 1486 2849 τις
1528 2785 1787 2839 είκάσειε*

211 2875 392 2947 χρῆμα
429 2872 514 2940 δὲ,
548 2871 737 2946 οἶμαι,
778 2878 870 2930 καὶ
900 2877 1217 2947 πολυσχιδὲς
1248 2876 1343 2930 καὶ
1380 2876 1725 2947 πολύμορφον
1757 2876 1791 2947 η

211 2965 396 3037 ἀρετή*
432 2964 532 3018 καὶ
568 2967 669 3036 τῆς
707 2962 763 3019 ἐν
794 2965 1013 3037 Χριστῷ
1053 2967 1329 3031 πολιτείας
1360 2966 1428 3021 τὰ
1466 2967 1790 3037 αὐχήματα,

208 3053 291 3109 διὰ
326 3055 592 3127 πλείστης
625 3051 756 3126 ὅσης
796 3058 927 3129 ἡμῖν
974 3056 1075 3128 τῆς
1108 3048 1477 3129 ἅγαθουργίας
1519 3057 1795 3111 ἐκποικίλ-

209 3145 371 3201 λεται.
406 3148 526 3202 Καὶ
544 3146 676 3215 γοῦν
700 3150 728 3201 ὁ
758 3146 1045 3211 θεσπέσιος
1084 3147 1248 3202 Δαδὶδ
1269 3150 1328 3202 ἐν
1365 3148 1565 3220 ψαλμῷ
1603 3147 1679 3219 τῷ
1708 3165 1795 3202 τε·

1886 715 1985 770 per
2011 702 2159 771 quod
2185 702 2296 757 Deo
2329 702 2712 767 conciliamur,
2752 718 2853 757 cur
2883 716 3014 773 ergo
3060 702 3308 758 Salvator
3356 703 3454 768 ait,

1893 810 1910 843 ι
1946 793 2065 848 Non
2124 793 2249 848 veni
2315 794 2527 849 solvere
2585 795 2783 865 legem,
2817 795 2912 849 sed
2951 794 3295 866 adimplere?
3325 814 3342 847 ι
3389 796 3460 850 Et

1886 888 2019 943 illud
2046 888 2197 949 item,
2238 906 2256 937 ι
2278 886 2338 940 lu
2372 886 2568 955 spiritu
2604 895 2659 940 et
2691 887 2920 942 veritate
2943 888 3112 943 Deum
3149 903 3213 942 ac
3241 888 3455 943 Patrem

1885 990 2105 1053 oportet
2136 979 2452 1034 adorare?»
2492 978 2610 1034 lloc
2661 979 2831 1044 enim,
2871 980 2979 1035 nisi
3010 979 3188 1044 fallor,
3244 980 3449 1052 signiﬁ-

1885 1082 1971 1129 cat
1996 1089 2027 1127 a
2056 1072 2257 1127 ritibus
2280 1071 2539 1139 cultuque
2567 1070 2702 1141 legis
2719 1085 2839 1125 esse
2863 1070 3023 1125 nobis
3048 1070 3452 1127 abstinendum.

1954 1166 2111 1221 CYR.
2137 1164 2309 1231 Quam
2340 1173 2553 1217 vastum
2594 1162 2961 1232 quaestionum
2999 1164 3227 1235 pelagus
3271 1164 3458 1234 ingrc-

1887 1254 2039 1309 deris
2069 1256 2083 1307 ι
2118 1253 2248 1319 Quae
2276 1250 2425 1306 enim
2472 1252 2673 1306 mentis
2708 1251 2794 1305 vis
2836 1259 2986 1307 tanta
3014 1261 3194 1322 potest
3238 1253 3294 1307 in
3321 1254 3458 1308 adeo

1887 1346 2121 1402 subtiles
2172 1343 2576 1413 disputationes
2604 1342 2738 1397 satis
2782 1343 2983 1397 claram
3034 1343 3208 1398 aciem
3272 1345 3455 1399 inten-

1887 1437 2044 1502 dere,
2082 1444 2142 1489 ut
2182 1435 2251 1489 iis
2284 1449 2406 1504 qua:
2435 1433 2567 1488 olim
2602 1448 2631 1487 a
2670 1432 3077 1503 sapientissimo
3116 1434 3297 1505 Moyse
3327 1450 3457 1489 san-

1887 1528 1994 1583 cita
2032 1536 2181 1592 Sunt,
2210 1534 2470 1596 tanquam
2523 1533 2806 1595 cognatam
2861 1539 2925 1578 ac
2957 1524 3263 1594 proximam
3314 1532 3455 1587 esse,

1888 1620 1944 1674 in
2008 1618 2315 1687 iisdemque
2378 1615 2591 1670 versari
2658 1615 2825 1669 rebus
2880 1630 3080 1669 novam
3117 1614 3458 1685 Scripturam

1886 1711 2162 1775 ostendat,
2226 1722 2459 1778 esseque
2512 1706 2681 1762 vitam
2716 1707 2771 1761 in
2801 1705 3024 1763 Christo
3054 1722 3165 1761 non
3217 1707 3379 1778 longe
3427 1721 3459 1762 a

1887 1802 2043 1872 legali
2074 1801 2428 1871 disjunctam,
2448 1798 2493 1853 si
2518 1813 2640 1868 qua:
2663 1797 2945 1853 veteribus
2969 1797 3287 1868 praescripta
3308 1804 3456 1861 sunt,

1888 1892 1956 1947 ad
1985 1891 2333 1962 Spiritualem
2372 1888 2890 1958 contemplationem
2922 1888 3317 1943 traducantur:
3370 1888 3460 1943 lex

1888 1996 2123 2053 namque
2162 1982 2335 2053 ﬁgura
2372 1989 2429 2035 et
2450 1981 2646 2035 umbra
2673 1988 2779 2046 est,
2812 1989 2865 2035 et
2896 1979 3069 2034 forma
3090 1980 3312 2050 pietatis
3333 1988 3457 2034 tan»

1886 2060 2059 2143 quam.
2078 2072 2261 2128 adhuc
2283 2072 2621 2142 parturiens,
2653 2080 2709 2126 et
2738 2072 2998 2125 latentem
3025 2071 3081 2125 in
3120 2085 3179 2125 se
3208 2070 3457 2140 pulchri-

1888 2160 2136 2215 tudinem
2184 2159 2436 2215 veritatis
2478 2159 2785 2213 continens.
2815 2158 2898 2212 An
2936 2172 3045 2211 non
3079 2156 3175 2224 ita,
3210 2165 3273 2212 ut
3320 2155 3456 2225 dixi,

1889 2267 2004 2306 rem
2036 2266 2095 2305 se
2118 2250 2323 2305 habere
2349 2249 2499 2304 dices
2516 2250 2541 2302 Ἰ

1957 2340 2155 2397 PALL.
2196 2341 2276 2395 Ita
2329 2355 2577 2411 prorsus.
2632 2337 2904 2394 (laterum
2957 2352 3195 2407 quanam
3244 2338 3457 2393 ratione

1854 2474 1857 2475 ν
1887 2430 2006 2486 haec
2035 2428 2304 2486 declarari
2332 2429 2631 2501 poterunt?
2664 2429 2771 2482 Aut
2819 2427 3095 2497 quomodo
3142 2426 3460 2497 evangelice

1890 2520 2159 2585 vivamus,
2212 2520 2260 2574 si
2319 2535 2421 2575 nos
2474 2519 2657 2573 adhuc
2693 2518 2761 2573 de
2798 2516 2974 2573 veteri
3023 2516 3281 2572 mandato
3320 2533 3459 2587 pen-

1889 2602 2042 2670 dere,
2080 2617 2136 2661 et
2172 2606 2229 2680 4
2254 2622 2320 2662 ea
2358 2604 2633 2677 implenda
2665 2614 2922 2676 putemus
2950 2618 3074 2674 qua
3096 2618 3198 2675 per
3236 2604 3459 2676 Moysen

1891 2698 2098 2753 sancita
2128 2698 2289 2753 sunt?

1959 2789 2116 2845 CYR.
2175 2788 2296 2843 Non
2327 2785 2557 2857 simplex
2601 2795 2657 2842 et
2699 2801 2807 2840 una
2848 2785 2989 2841 ratio
3031 2793 3135 2850 est,
3164 2792 3225 2839 ut
3261 2784 3463 2854 aliquis

1893 2877 2178 2949 imaginari
2210 2876 2420 2947 possit;
2467 2873 2754 2945 multiplex
2811 2873 2959 2928 enim
3003 2887 3065 2927 ac
3111 2870 3463 2927 multiformis

1894 2984 1985 3025 res
2016 2976 2103 3024 est
2140 2968 2362 3033 virtus;
2416 2974 2473 3020 et
2516 2964 2843 3020 Christianae
2895 2963 3023 3017 vita:
3078 2960 3249 3033 gloria
3296 2960 3460 3032 quam

1892 3060 2148 3132 plurimis
2177 3058 2340 3113 bonis
2364 3057 2626 3128 Operibus
2655 3055 2971 3125 variegatur
2996 3061 3051 3108 et
3078 3062 3329 3106 ornatur.
3358 3052 3462 3105 lta-

1894 3168 2001 3224 que
2040 3151 2263 3206 divinus
2296 3150 2387 3204 ille
2412 3146 2584 3203 David
2612 3146 2821 3217 psalmo
2849 3143 3269 3214 quadragesimo
3294 3140 3461 3212 quar-

204 3233 387 3307 τάρτῳ
411 3236 515 3289 καὶ
536 3235 956 3307 τεσσαρακοστῷ
988 3237 1285 3309 παρίστησι
1314 3237 1413 3308 μὲν
1436 3237 1513 3309 τῷ
1544 3238 1782 3309 Χριστῷ,

1896 3251 1974 3308 to,
2008 3241 2230 3297 Christo
2276 3238 2547 3309 virginem
2591 3245 2796 3291 castam
2852 3244 3030 3290 astare
3087 3232 3219 3287 facit
3275 3231 3463 3287 Eccle-

210 3326 482 3397 παρθένον
508 3328 698 3397 ἁγνὴν,
730 3328 805 3389 ὡς
835 3324 893 3381 ἐν
916 3328 1067 3392 τάξει
1094 3326 1382 3398 βασιλίδος,
1422 3329 1521 3399 τὴν
1559 3330 1786 3400 Ἐκκλη-

209 3417 347 3482 σίαν,
384 3417 726 3490 περίχρυσον
763 3418 819 3473 δὲ
858 3420 997 3490 αὐτῇ
1031 3420 1125 3474 καὶ
1168 3419 1602 3491 πεποικιλμένην
1642 3435 1797 3491 περι-

203 3510 384 3582 τίθησι
433 3509 653 3583 στολὴν,
696 3509 838 3563 οὕτω
878 3508 1075 3579 λέγων’
1106 3527 1125 3561 ι
1158 3508 1411 3581 Παρέστη
1440 3510 1475 3580 ἡ
1509 3507 1795 3578 βασίλισσα

206 3604 267 3658 lx
306 3600 510 3668 ᾱξὶὦν
540 3616 669 3665 σου,
700 3600 757 3654 ὲν
790 3601 1070 3671 ίματισμῷ
1114 3592 1390 3671 διαχρόσῳ
1429 3598 1795 3670 περιδεόλημ·

208 3694 341 3763 μένη
369 3693 471 3746 καὶ
505 3690 924 3761 πεποικιλμένη.
960 3708 978 3742 ι
1013 3688 1119 3742 Τοῦ
1148 3689 1245 3759 μὲν
1271 3688 1584 3760 διαχρύσου,
1612 3688 1674 3741 τὸ
1710 3688 1796 3743 εν-

203 3798 359 3851 τιμον
388 3780 494 3834 καὶ
522 3779 839 3851 περιφανὲς,
869 3779 1118 3855 καθάπερ
1146 3778 1380 3849 ἐγῷμαι,
1406 3778 1503 3832 τοῦ
1533 3778 1589 3832 δὲ
1620 3778 1796 3832 ποικί-

204 3872 316 3938 λου,
342 3871 409 3926 τδ
463 3866 747 3935 πολυειδὲς
788 3870 889 3941 τῆς
930 3869 1131 3942 ἀρετῆς
1165 3858 1224 3923 εὖ
1262 3870 1407 3940 μάλα
1452 3869 1794 3941 κατασημαί-

202 3976 405 4025 mag.
456 3959 893 4031 Εὐπρεπεστατη
934 3959 1045 4031 γὰρ
1086 3958 1204 4012 λίαν
1250 3961 1284 4031 ἡ
1342 3948 1657 4030 Ἐκκλησία,
1696 3958 1787 4011 κόο

205 4068 341 4124 σμον
361 4050 574 4124 ῑχουσα
603 4052 696 4105 τὸν
724 4050 1014 4121 νοητὸν,σώ
1040 4041 1153 4115 τοῖς
1173 4052 1272 4121 τῆς
1294 4051 1493 4122 σαρκὸς
1519 4050 1793 4121 ὁρώμενον

200 4136 533 4215 ὀφθαλμοῖς,
558 4141 673 4197 ἀλλ’
700 4142 780 4206 είς
805 4141 931 4196 νοῦν
958 4138 1067 4195 loco
1092 4142 1187 4195 ml.
1213 4141 1463 4212 καρδίαν,
1500 4142 1592 4195 τὸν
1630 4143 1688 4196 ιν
1715 4140 1793 4212 τῷ

200 4235 434 4307 κρυπτῷ
453 4232 747 4304 νοούμενον
779 4232 1047 4297 Ἰουδαῖον,
1080 4232 1168 4288 διὰ
1202 4232 1468 4286 πλείστων
1492 4235 1625 4305 ἡμῖν
1653 4233 1795 4286 ὅσων

201 4326 511 4400 ὡριτσμῶν
544 4326 723 4396 εὐφυᾶ
761 4323 856 4380 καὶ
879 4322 1154 4395 ἐξαίρετον
1183 4323 1412 4387 ἀστείως
1445 4323 1791 4394 ἑκφαίνοντα.

208 4419 301 4482 Ὣς
325 4418 446 4490 γάρ
490 4418 524 4471 ό
554 4416 821 4488 μακάριος
847 4417 1047 4486 γράφει
1078 4413 1289 4478 Παῦλος
1310 4431 1324 4447 ·
1367 4434 1386 4467 ι
1426 4416 1501 4469 Οὐ
1532 4414 1642 4487 γὰρ
1673 4417 1702 4468 ό
1734 4415 1793 4468 ἓν

188 4507 278 4579 ’τῷ
309 4505 549 4579 φανερῷ
572 4494 843 4568 ,Ἰουδαῖός
883 4504 1051 4570 εστιν,
1078 4501 1202 4557 οὐτε
1235 4504 1341 4576 μὴν
1366 4506 1425 4559 ἐν
1469 4504 1547 4575 τῷ
1576 4504 1795 4575 φανερῷ

1895 3336 2081 3390 siam:
2125 3333 2320 3388 stolam
2355 3344 2486 3385 vero
2532 3328 2610 3383 illi
2670 3326 2986 3382 deauratam
3044 3334 3099 3381 et
3132 3326 3460 3395 variegatam

1897 3423 2285 3497 circumponit,
2319 3422 2394 3476 ita
2414 3420 2638 3475 dicens:
2681 3437 2700 3470 ι
2731 3417 2922 3474 Astitit
2950 3418 3138 3487 regina
3184 3431 3214 3469 a
3255 3412 3455 3470 dextris

1896 3514 2007 3567 tuis
2052 3512 2110 3566 in
2145 3510 2349 3563 vestitu
2391 3508 2676 3571 deaurato,
2726 3502 3142 3560 circumamicta
3185 3509 3242 3557 et
3278 3502 3446 3556 varie-

1896 3614 2017 3674 gata
2051 3603 2092 3656 ⁸.
2121 3620 2139 3653 ›
2174 3600 2278 3657 Ubi
2324 3598 2576 3654 deaurati
2604 3596 2897 3660 vocabulo,
2948 3592 3206 3665 splendor
3248 3594 3303 3648 et
3335 3608 3451 3663 pre-

1897 3694 2034 3748 tium
2061 3711 2073 3745 :
2100 3691 2236 3746 varii
2255 3698 2439 3745 autem
2466 3689 2710 3752 nomine,
2736 3686 2958 3741 virtutis
2985 3685 3223 3739 varietas
3237 3684 3459 3754 optimc,

1894 3791 1957 3838 ut
2012 3782 2230 3852 opinor,
2287 3777 2649 3850 signiﬁcatur.
2701 3776 3117 3848 Speciosissima
3169 3772 3319 3830 enim
3382 3780 3459 3829 es!

1894 3873 2119 3929 omnino
2148 3870 2410 3934 Ecclesia,
2449 3874 2704 3924 ornatum
2728 3867 2938 3923 habens
2969 3865 3334 3938 spiritualem,
3367 3863 3463 3935 qui

1894 3968 2005 4018 non
2033 3961 2213 4017 carnis
2238 3959 2413 4015 oculis
2437 3958 2706 4023 cernitur,
2730 3957 2826 4013 sed
2850 3958 2905 4013 in
2936 3966 3120 4013 mente
3140 3966 3197 4011 et
3214 3955 3271 4010 in
3298 3953 3464 4010 corde

1893 4052 2126 4123 positus,
2156 4049 2330 4113 illum,
2367 4048 2461 4118 qui
2486 4047 2542 4102 in
2580 4047 2797 4102 occulto
2819 4046 3169 4117 intelligitur,
3215 4044 3463 4099 Judaeum

1892 4142 2147 4216 plurimis
2185 4139 2525 4196 ornamentis
2566 4139 2836 4209 insignem
2889 4146 3052 4209 atque
3105 4134 3464 4207 conSpicuuru

1893 4237 2028 4292 scite
2055 4234 2217 4289 nobis
2236 4230 2495 4288 ostendit.
2523 4230 2658 4286 Nam
2686 4238 2747 4285 ut
2780 4229 2975 4285 beatus
3002 4227 3205 4284 Paulus
3228 4224 3421 4282 scribit
3449 4245 3460 4280 :

1902 4343 1922 4378 ι
1955 4326 2075 4381 Non
2101 4325 2197 4396 qui
2228 4325 2287 4378 in
2312 4310 2632 4386 manifesto,
2661 4320 2882 4376 Judzeus
2904 4327 3018 4384 est,
3050 4324 3231 4389 neque
3257 4316 3378 4387 «ιω
3407 4316 3459 4370 in

1895 4416 2186 4474 manifesto
2208 4415 2265 4469 in
2292 4426 2480 4477 carne,
2506 4419 2591 4467 est
2607 4410 2977 4473 circumcisio,
3000 4403 3097 4464 sed
3125 4408 3223 4477 qui
3251 4408 3311 4462 in
3335 4406 3462 4462 abs-

1893 4508 2137 4570 condito,
2178 4504 2400 4561 Judaus
2422 4508 2527 4567 est,
2566 4509 2624 4558 et
2655 4500 3006 4556 circumcisio
3037 4498 3223 4556 eordis
3266 4498 3323 4553 in
3347 4498 3461 4569 spi-

199 4603 258 4653 ιν
285 4599 465 4672 σαρκὶ
500 4588 802 4669 περιτομὴ,
827 4592 942 4649 ἀλλ’
965 4597 997 4649 ό
1016 4597 1077 4647 ὲν
1101 4594 1180 4665 τῷ
1219 4594 1470 4667 κρυπτῷ,
1508 4594 1761 4657 Ἰουδαῖος
1779 4634 1792 4657 ,

1902 4602 2033 4664 ritu,
2056 4607 2168 4654 non
2198 4596 2403 4659 littera,
2435 4594 2734 4666 cujus'laus
2762 4608 2873 4649 non
2901 4604 2971 4649 ex
2993 4586 3332 4657 hominibus,
3364 4587 3461 4647 sed

199 4690 301 4745 καὶ
324 4689 615 4763 περιτομὴ
641 4682 890 4761 καρδίας,
920 4687 979 4741 ιν
1008 4685 1277 4759 πνεύματι
1302 4686 1363 4741 οὐ
1390 4688 1698 4759 γράμματι,
1732 4678 1793 4740 οῦ

196 4784 226 4836 ό
250 4781 487 4846 ιπαινος
512 4781 614 4834 οὐκ
639 4777 698 4846 ἐξ
730 4778 1053 4852 ἀνθρώπων,
1086 4778 1203 4831 ἀλλ’
1232 4780 1297 4831 ὲκ
1321 4778 1414 4833 τοῦ
1442 4778 1594 4833 Θεοῦ.
1628 4797 1648 4831 ι

266 4873 495 4927 ΙΙΔΔΔ.
526 4866 655 4943 Ἆρ’
683 4862 796 4932 οὖν,
826 4866 947 4922 εἰπέ
988 4882 1106 4938 μοι,
1133 4868 1233 4938 τῆς
1257 4868 1315 4920 ὲν
1342 4866 1614 4937 πνεύματι
1642 4872 1795 4936 πέρι-

195 4964 373 5034 τομῆς
418 4957 959 5029 εεσκικομισμίνης,
1008 4957 1103 5011 καὶ
1144 4955 1345 5010 θυσιῶν
1387 4958 1497 5010 τῶν
1526 4958 1666 5010 κατὰ
1702 4957 1798 5009 τὸν

194 5053 365 5125 νόμον
391 5048 924 5122 ἀνατιτραμμὲνων,
963 5049 1057 5101 καὶ
1092 5042 1257 5101 τόπον
1281 5046 1472 5100 οὐδένα
1503 5046 1631 5117 παρ’
1661 5049 1795 5117 ἡμῖν

195 5143 437 5217 ἐχούσης
464 5141 572 5211 τῆς
600 5139 891 5204 πολιτείας,
925 5140 1027 5191 οὐκ
1056 5136 1319 5192 ἀπίθανόν
1346 5154 1462 5201 πως
1486 5138 1625 5191 εἶναι
1650 5137 1797 5191 δοκεῖ

193 5233 254 5287 τὸ
283 5234 465 5304 φάναι
492 5230 751 5303 Χριστὸν,
784 5249 803 5282 ι
840 5231 953 5283 υύκ
977 5225 1139 5302 ἦλθον
1170 5228 1469 5282 καταλῦσαι
1492 5228 1584 5280 τὸν
1608 5228 1793 5298 νόμον,

193 5320 331 5381 ἀλλὰ
362 5323 706 5396 πληρῶσαις
736 5341 755 5373 ι
803 5316 875 5375 Ἦ
904 5322 1061 5392 εἰπερ
1098 5321 1196 5391 οὐχ
1222 5316 1323 5373 ὧδε
1358 5320 1489 5390 ἔχει,
1537 5318 1798 5373 διακωλύ-

195 5431 340 5469 σειεν
381 5414 457 5471 ἂν
496 5409 651 5484 οἶμαί
681 5428 783 5466 που
822 5411 914 5465 καὶ
947 5412 1096 5483 ἡμᾶς
1123 5411 1296 5477 οὐδὲν,
1348 5410 1657 5481 βουθυσίαις
1697 5411 1796 5480 μὲν

190 5505 288 5561 καὶ
316 5503 656 5566 λιϐανωτοῖς
700 5501 795 5556 τδν
837 5499 946 5553 τῶν
996 5500 1135 5555 ὅλων
1171 5500 1596 5570 καταγεραίρειν
1637 5498 1792 5565 Θεὸν,

192 5591 611 5667 προσκομίξειν
633 5591 693 5646 δὲ
720 5590 867 5661 αὐτῷ
891 5590 1155 5662 τρυγόνας
1188 5574 1282 5644 καὶ
1311 5590 1640 5663 περιστερὰς
1659 5630 1673 5654 ,
1703 5590 1796 5643 καὶ

190 5686 246 5743 εί
264 5704 322 5742 τι
346 5686 495 5757 δρᾷν
527 5684 713 5754 ἓτερον
738 5685 849 5745 τοῖς
870 5682 1244 5753 ἀρχαιοτέροις
1273 5681 1609 5753 νενόμισται,
1637 5680 1795 5735 τοῦτο

192 5776 289 5831 καὶ
314 5775 480 5845 ἡμᾶς
511 5772 710 5835 αὐτοὺς
736 5771 1048 5839 ἐπείγεσθαι
1075 5770 1339 5843 πληροῦν.

264 5885 460 5945 'Psal.
504 5898 651 5949 xuv,
705 5882 792 5937 to.
866 5880 1070 5938 'Rom.
1119 5898 1179 5942 ιι.
1209 5883 1302 5949 28,
1349 5885 1436 5941 29.

536 5973 809 6037 Panos.
852 5974 968 6036 Gn.
1006 5973 1263 6043 LXVIII.

1894 4700 1961 4746 ex
1990 4690 2103 4744 Deo
2129 4695 2217 4743 est
2239 4688 2281 4739 ’.
2304 4705 2322 4739 ι

1963 4875 2291 4933 PALL..Dic
2328 4873 2465 4928 mihi
2497 4872 2685 4943 igitur,
2710 4871 2756 4927 si
2789 4871 3143 4927 circumcisio
3168 4872 3226 4926 in
3255 4868 3459 4941 spiritu

1896 4967 2209 5020 introducta
2233 4960 2336 5027 est,
2366 4970 2424 5017 et
2458 4962 2653 5017 hostia:
2678 4950 2881 5032 legales
2902 4960 3150 5024 sublatas,
3175 4959 3458 5015 etnullutn

1896 5056 2045 5128 apud
2069 5069 2172 5110 nos
2186 5056 2368 5109 locum
2385 5052 2554 5109 habet
2571 5052 2661 5107 illa
2676 5038 2902 5107 Judaica
2920 5048 3143 5106 vivendi
3172 5049 3332 5113 ratio,
3355 5064 3454 5104 au-

1896 5161 2004 5201 non
2016 5144 2315 5200 absurdum
2331 5155 2450 5198 esse
2464 5140 2867 5213 quodammodo
2882 5139 3120 5203 videtur,
3138 5138 3284 5209 quod
3297 5136 3447 5194 Chri-

1897 5245 2013 5290 stus
2038 5236 2134 5298 ait,
2160 5254 2177 5284 ι
2202 5234 2321 5289 Non
2335 5233 2460 5288 veni
2483 5232 2695 5287 solvere
2719 5231 2915 5300 legem,
2947 5229 3043 5284 sed
3063 5228 3402 5301 adimplere?
3432 5250 3452 5281 ι

1894 5328 2061 5383 Autsi
2080 5327 2238 5382 aliter
2258 5339 2317 5380 se
2340 5340 2429 5379 res
2448 5323 2635 5388 habet,
2658 5322 3044 5391 nihil,opinor,
3066 5321 3457 5391 impedimenta

1896 5422 2057 5476 nobis
2092 5421 2222 5484 erit,
2243 5419 2541 5491 quominus
2591 5425 2875 5472 taurorum
2912 5416 3159 5471 victimis
3206 5428 3270 5471 ac
3295 5414 3456 5470 thure

1894 5513 2067 5568 Deum
2082 5526 2433 5573 veneremur,
2446 5495 2508 5561 tu
2518 5516 2801 5576 rturesque
2822 5522 2885 5560 ac
2901 5506 3178 5561 columbas
3195 5504 3247 5559 ei
3266 5502 3455 5559 oil’era~

1898 5616 2047 5666 mus;
2070 5601 2305 5669 denique
2324 5596 2590 5667 quidquid
2608 5596 2803 5667 priscis
2820 5596 2927 5651 illis
2947 5594 3266 5649 hominibus
3284 5592 3457 5647 facere
3537 5584 3546 5593 ’

1898 5689 2066 5744 moris
2091 5689 2215 5754 fuit,
2253 5687 2307 5743 id
2340 5702 2440 5743 nos
2466 5686 2568 5758 ipsi
2607 5701 2825 5757 quoque
2855 5686 3089 5757 implere
3116 5683 3440 5743 studeamus

3076 5971 3113 6035 5
