4154 6554
731 463 832 518 139

1713 466 1767 521 S.
1808 466 2081 521 CYRILLI
2122 467 2589 526 ALEXANDRINI
2628 464 2945 526 ARCHIEP.
3829 485 3906 547 150

798 577 955 633 εγιι.
982 578 1149 647 Atqui
1180 578 1496 649 longissime
1522 595 1565 633 ia
1593 588 1748 633 recto
1803 582 2047 646 aberras,
2090 585 2294 639 amice:

2470 585 2633 640 ΚΥΡ.
2687 586 2797 641 Καὶ
2840 586 2968 655 μὴν,
3009 576 3054 637 ὦ
3099 582 3279 655 ἑταῖρε
3302 623 3317 650 ,
3362 582 3497 636 πολὺ
3533 586 3621 640 τοῦ
3657 594 3903 665 πρέποντος

728 683 856 722 nam
891 668 965 721 ita
999 668 1257 722 abolitam
1285 684 1407 729 esse
1438 669 1610 739 legem
1655 680 1835 739 putas,
1894 683 1955 726 ut
1984 674 2195 729 nullum
2230 691 2301 729 ex

731 776 797 815 ea
834 760 1074 814 fructum
1098 760 1382 830 percipere
1411 759 1595 824 liceat,
1621 767 1677 813 et
1702 761 1952 817 inutilem
1991 780 2111 819 esse
2141 781 2299 834 pror-

732 868 827 907 sus
854 852 920 906 ad
952 866 1336 921 quamcunque
1361 858 1575 919 partem
1626 866 1811 905 rerum
1867 854 2301 909 necessariarum

734 943 1116 998 declarandam
1142 942 1446 1005 existimas,
1484 957 1595 995 non
1631 957 1950 997 conversam
1974 959 2093 997 esse
2120 945 2302 1014 potius

732 1035 798 1087 ad
830 1035 1120 1088 veritatem
1164 1032 1672 1098 demonstrandam,
1706 1048 1830 1087 eum
1869 1035 2071 1103 alioqui
2100 1036 2303 1090 scribat

732 1126 924 1179 beatus
951 1125 1154 1179 Paulus
1186 1142 1198 1175 :
1237 1143 1255 1174 ι
1287 1124 1485 1195 Legem
1517 1124 1685 1193 igitur
1740 1124 2076 1179 destruimus
2111 1142 2207 1196 per
2235 1126 2301 1179 ﬁ-

732 1217 857 1271 dem
879 1217 1062 1271 ?absit
1091 1217 1106 1269 ι
1146 1216 1253 1270 Sed
1303 1216 1476 1285 legem
1510 1216 1559 1285 5
1587 1216 1880 1271 statuimus
1902 1217 1964 1269 ¹⁰.
1991 1237 2007 1266 ι
2044 1216 2300 1286 Pmdago-

733 1325 834 1379 gus
870 1309 1017 1364 enim
1050 1316 1135 1362 est
1171 1308 1279 1369 lex,
1323 1315 1485 1375 atque
1517 1306 1722 1376 Optime
1749 1307 2002 1375 perducit
2043 1306 2109 1359 ad
2141 1305 2300 1360 Chri-

736 1401 805 1454 sti
847 1400 1173 1470 mysterium
1208 1400 1271 1450 ¹¹.
1304 1399 1399 1451 Illa
1440 1414 1572 1451 vero
1595 1439 1608 1461 ,
1642 1414 1761 1467 quae
1797 1399 1926 1451 olim
1952 1414 2050 1467 per
2081 1397 2300 1465 Moysen

737 1500 868 1545 sunt
895 1490 1091 1561 priscis
1116 1489 1434 1544 hominibus
1458 1488 1658 1551 edicta,
1684 1488 1955 1542 elementa
2005 1504 2125 1544 esse
2159 1488 2298 1543 dici-

738 1598 861 1637 mus
888 1583 1103 1637 exordii
1132 1598 1446 1637 sermonum
1505 1583 1601 1637 Dei
1631 1583 1695 1634 ".
1724 1583 1898 1652 Igitur
1947 1581 1993 1638 si
2048 1583 2299 1653 padago-

737 1688 865 1742 gum
892 1674 1280 1745 repulerimus,
1325 1674 1449 1742 quis
1486 1689 1587 1727 nos
1624 1673 1691 1726 ad
1732 1673 1937 1729 Christi
1981 1674 2298 1746 mysterium

736 1763 1040 1830 perducet?
1086 1763 1153 1816 Et
1198 1764 1241 1815 si
1279 1764 1721 1816 recusaverimus
1768 1762 1981 1817 discere
2032 1766 2299 1818 elementa

739 1853 877 1907 initii
912 1868 1227 1906 sermonum
1271 1853 1389 1916 Dei,
1421 1852 1696 1921 quomodo
1722 1852 1981 1922 deinceps
2018 1862 2113 1907 aut
2156 1853 2300 1907 unde

2400 676 2713 748 ἀποκομίζῃ
2743 676 2979 748 μακράν·
3004 675 3407 747 ἀνατετράφθαι
3431 675 3536 747 γὰρ
3555 680 3647 732 οῖει
3664 682 3742 736 τὸν
3763 689 3908 759 νόμον,

2401 767 2477 830 ὼς
2524 767 2675 820 οὐδὲν
2713 766 3030 819 ἀπώνασθαι
3079 765 3178 836 μὲν
3222 765 3329 817 τῶν
3373 766 3571 829 αὑτοῦ,
3610 772 3697 824 καὶ
3734 776 3909 846 ἀχρεῖον

2402 857 2591 928 ἔχοντα
2618 856 2895 917 παντελῶς
2922 857 3021 927 τὴν
3047 859 3127 919 είς
3171 858 3279 909 πᾶν
3307 855 3485 908 ὁτιοῦν
3516 858 3618 911 τῶν
3653 863 3910 933 ἀναγκαίων

2399 948 2648 1019 δήλωσιν,
2678 949 2798 1018 οὐχὶ
2841 946 3277 1019 μετατετράφθαι
3310 948 3508 1017 μᾶλλον
3539 950 3687 1005 αὐτὸν
3712 958 3780 1019 είς
3805 958 3910 1030 ἀλη.

2402 1036 2549 1099 θείας
2578 1036 2820 1103 ἔνδειξιν,
2847 1037 3021 1089 καίτοι
3058 1036 3151 1088 τοῦ
3193 1036 3462 1106 μακαρίου
3489 1037 3764 1107 γράφοντος
3792 1049 3911 1102 Ilua.

2400 1121 2514 1175 λουο
2573 1143 2591 1174 ι
2648 1124 2833 1193 Νόμον
2888 1120 2981 1175 οῦν
3033 1123 3417 1195 καταργοῦμεν
3460 1125 3546 1179 διά
3586 1128 3817 1199 πίστεωςς
3856 1140 3913 1207 μὴ

2401 1211 2653 1279 γένοιτοῐ
2696 1212 2831 1266 ἀλλά
2873 1214 3035 1283 νόμον
3084 1214 3392 1284 ἱστάνομεν.
3425 1234 3443 1267 ι
3493 1216 3803 1290 Παιδαγωγεῖ
3831 1228 3914 1297 γὰρ

2400 1305 2427 1354 ὁ
2457 1303 2641 1371 νόμος,
2674 1303 2767 1356 καὶ⁵
2790 1304 3054 1374 ἀποφέρει
3082 1304 3261 1368 καλῶς
3292 1307 3372 1369 εἰς
3394 1306 3454 1358 τὸ
3478 1307 3571 1359 ἐπὶ
3609 1309 3803 1384 Χριστῷ
3843 1335 3917 1386 μυ.

2404 1396 2644 1463 στήριον.
2690 1391 2839 1447 Εἶναι
2872 1394 2928 1448 δέ
2950 1413 3128 1465 φαμεν
3170 1396 3237 1450 τά
3282 1397 3449 1450 πάλαι
3475 1398 3559 1452 διὰ
3584 1401 3801 1473 Μωσέως
3831 1411 3917 1472 τοῖς

2401 1484 2772 1555 ἀρχαιοτέροις
2793 1485 3217 1556 τεθεσπισμένα,
3249 1492 3493 1559 στοιχεῖα
3536 1490 3630 1561 τῆς
3662 1493 3816 1565 ἀρχῆς
3837 1499 3920 1551 τῶν

2402 1576 2572 1643 λόγων
2596 1575 2690 1628 τοῦ
2716 1575 2874 1629 Θεοῦ.
2905 1577 2967 1629 Εἰ
3000 1577 3056 1630 δὲ
3090 1579 3457 1648 παρωσόμεθα
3486 1580 3575 1632 τὸν
3605 1584 3918 1654 παιδαγωγὸν,

2401 1668 2485 1728 τίς
2510 1668 2655 1736 ἡμᾶς
2694 1665 2773 1719 ἔτι
2807 1667 3081 1738 διακομιεῖ
3115 1670 3253 1739 πρὸς
3279 1670 3340 1721 τὸ
3364 1672 3600 1740 Χριστοῦ
3642 1677 3921 1746 μυστήριονς

2404 1759 2511 1810 Καὶ
2534 1759 2581 1809 εί
2609 1759 3005 1827 παραιτοίμεθα
3027 1760 3088 1812 τὸ
3112 1762 3302 1830 μαθεῖν
3326 1760 3395 1812 τά
3430 1767 3663 1832 στοιχεῖα
3680 1766 3766 1835 τῆς
3784 1767 3923 1837 ἀρχῆς

2403 1847 2509 1900 τῶν
2534 1848 2728 1917 λογίων
2769 1850 2862 1903 τοῦ
2914 1851 3070 1912 Θεοῦ,
3116 1850 3232 1915 πῶς
3272 1854 3337 1906 ἂν
3381 1849 3460 1906 ἔτι
3504 1852 3702 1919 λοιπὸν,
3740 1855 3925 1926 ἢπόθεν

724 1941 1025 2011 pervenire
1051 1940 1117 1995 ad
1149 1940 1311 1993 ﬁnem
1338 1940 1639 2009 poterimus
1665 1940 1687 1993 ?
1726 1940 1807 1994 An
1838 1957 1946 1994 non
1969 1940 2114 1995 enim
2145 1941 2297 2011 juxta

2400 1938 2701 2010 ἀφιξόμεθα
2732 1941 2864 2013 πρὸς
2896 1941 2956 1994 τὸ
2984 1941 3165 2009 τέλος;
3198 1943 3269 1995 Ἦ
3297 1944 3404 2013 γάρ
3434 1944 3493 1996 ού
3528 1944 3663 1997 κατά
3688 1946 3778 2009 τὰς
3813 1949 3925 2017 Γρα-

716 2034 1050 2103 ίὸοτίριιιτιιε
1121 2032 1406 2102 plenitudo
1462 2032 1600 2101 legis
1659 2042 1714 2085 et
1769 2032 2160 2101 prophetarum
2221 2040 2305 2087 est

683 2194 689 2198 ν
713 2124 984 2179 Christus
1011 2124 1099 2176 ιιι

807 2216 1001 2269 PALL.
1041 2215 1227 2269 Etiam
1240 2258 1251 2268 .

807 2303 962 2357 CYR.
1001 2302 1091 2358 Sic
1116 2304 1261 2357 enim
1293 2303 1556 2372 scriptum
1592 2308 1693 2355 est.
1743 2302 1874 2355 Esse
1935 2311 2115 2356 autem
2148 2303 2301 2356 illum

736 2394 872 2463 legis
909 2408 973 2447 ac
1000 2393 1389 2462 prophetarum
1417 2391 1813 2461 plenitudinem
1845 2407 1909 2445 ea
1951 2393 2166 2446 ratione
2197 2409 2323 2471 pu-_

738 2497 815 2550 to,
842 2488 968 2555 quia
999 2487 1055 2539 in
1078 2487 1228 2539 illum
1278 2485 1460 2539 omnia
1487 2484 1807 2554 prophetica
1844 2493 1900 2539 et
1930 2485 2120 2555 legalia
2173 2502 2301 2539 ora—

716 2579 858 2633 cula
894 2585 1160 2647 spectant,
1189 2586 1352 2647 atque
1370 2578 1598 2631 obversa
1646 2585 1790 2630 sunt.
1842 2578 2028 2645 Itaque
2062 2576 2297 2640 dicebat,

712 2681 863 2720 cum
902 2666 1102 2720 Judaeis
1166 2666 1605 2719 incredulitatem
1655 2666 2045 2734 exprobraret:
2089 2666 2300 2720 «Nolite

716 2763 931 2824 aputare
960 2754 1105 2825 quod
1136 2769 1235 2824 ego
1267 2763 1620 2808 accusaturus
1644 2755 1745 2807 sim
1769 2770 1866 2808 vos
1888 2754 2030 2823 apud
2064 2756 2297 2821 Patrem;

712 2851 821 2897 ~est
848 2844 943 2913 qui
976 2852 1197 2898 accusat
1254 2859 1349 2897 vos
1398 2844 1629 2913 Moyses,
1660 2844 1711 2896 in
1754 2859 1862 2912 quo
1897 2858 1992 2896 vos
2046 2845 2297 2912 speratis.

724 2933 794 2988 ~Si
850 2934 999 2988 enim
1040 2932 1338 2987 crederetis
1385 2928 1575 3003 Moysi,
1620 2932 1924 2985 crederetis
1979 2932 2209 2986 forsitan
2247 2943 2302 2986 et

733 3023 911 3090 mihi;
952 3023 1020 3077 de
1052 3038 1138 3076 me
1165 3022 1310 3076 enim
1346 3023 1437 3077 ille
1473 3022 1710 3091 scripsit.
1741 3022 1796 3075 Si
1828 3029 2009 3076 autem
2043 3022 2190 3077 illius
2216 3024 2301 3077 lit-

714 3113 872 3169 iteris
900 3128 1011 3167 non
1046 3112 1296 3175 creditis,
1343 3112 1619 3182 quomodo
1670 3112 1857 3165 verbis
1907 3113 2045 3166 meis
2102 3113 2298 3167 crede—

730 3204 808 3258 tis
831 3203 912 3255 “?
949 3221 966 3253 ι
1002 3201 1137 3257 Cum
1174 3202 1341 3271 igitur
1383 3217 1441 3255 se
1476 3202 1688 3255 venisse
1720 3201 1865 3255 dicat
1904 3211 1964 3255 ut
1990 3217 2097 3255 non
2126 3202 2299 3257 solvat

2408 2031 2512 2098 φὰς
2537 2031 2809 2102 πλήρωμα
2839 2032 3002 2101 νόμου
3029 2033 3122 2087 καὶ
3155 2033 3445 2104 προφητῶν
3478 2036 3507 2087 ό
3541 2037 3787 2106 Χριστόςς

2478 2206 2685 2258 ΠΑΛΛ.
2720 2206 2846 2259 Ναί.

2476 2297 2640 2348 ΚΥΡ.
2674 2297 2985 2367 Γέγραπται
3009 2298 3117 2370 γὰρ
3153 2299 3269 2355 ὠδί.
3301 2300 3583 2372 Πλήρωμα
3607 2302 3661 2354 δὲ
3688 2302 3834 2372 νόμου
3857 2304 3929 2356 καὶ

2405 2385 2717 2455 προφητῶν,
2737 2387 2821 2453 εἴη
2848 2386 2912 2440 ἀν
2934 2404 2947 2417 ο
2983 2389 3063 2451 είς
3090 2388 3252 2441 αὐτὸν
3282 2384 3432 2459 οἶμαί
3458 2407 3564 2444 που
3592 2391 3775 2455 παντὸς
3793 2393 3929 2464 ὀρῶν.

2400 2490 2493 2537 τος
2548 2477 2642 2528 καὶ
2681 2479 3057 2549 τετραμμένου
3108 2481 3443 2550 προφητικοῦ
3501 2500 3563 2535 τε
3615 2483 3703 2536 καὶ
3746 2484 3930 2552 νομικοῦ

2402 2563 2787 2636 θεσπίσματος.
2831 2568 3121 2641 Τοιγάρτοι
3171 2570 3379 2640 ἔφασκε
3416 2572 3519 2637 τὰς
3548 2573 3655 2626 τῶν
3709 2573 3932 2627 Ἰουδαίων

2400 2655 2682 2720 ἀπειθείας
2720 2659 3047 2713 ἐκδυσωπῶν
3071 2677 3084 2690 ⁸
3128 2679 3145 2712 ι
3179 2662 3269 2733 Μὴ
3310 2662 3539 2728 δοκεῖτε,
3578 2665 3659 2717 ὅτι
3692 2664 3794 2733 ἐγὼ
3833 2681 3934 2716 κατ-

2398 2747 2656 2817 ηγορήσω
2687 2748 2841 2816 ὑμῶν
2869 2750 3004 2820 πρὸς
3032 2752 3122 2803 τὸν
3154 2753 3373 2824 Πατέρα
3393 2771 3407 2783 ·
3432 2753 3583 2807 ἐστιν
3607 2756 3635 2808 ὀ
3661 2754 3933 2825 κατηγορῶν

2400 2834 2553 2904 ὑμῶν
2564 2838 2787 2908 Μωσῆς,
2806 2840 2886 2902 εἰς
2906 2840 2965 2892 ὃν
2983 2841 3139 2911 ὑμεῖς
3154 2842 3440 2911 ἠλπίκατε.
3462 2844 3649 2915 Είγάρ
3670 2844 3935 2898 ἐπιστεύετε

2400 2927 2593 2997 Μωσῇ,
2634 2930 2948 2984 ἐπιστεύετε
2988 2933 3053 2986 ἀν
3094 2935 3250 3005 ἐμοί·
3285 2936 3412 3007 περὶ
3446 2937 3560 3009 γὰρ
3607 2938 3736 3008 ἐμοῦ
3768 2939 3935 2997 ἐκεῖνος

2403 3016 2659 3088 ἔγραψεν.
2693 3021 2755 3073 Εἰ
2787 3021 2844 3074 δὲ
2872 3025 2981 3086 τοῖς
3006 3024 3213 3093 ἐκείνου
3242 3027 3567 3097 γράμμασιν
3587 3030 3648 3081 ού
3675 3029 3937 3090 πιστεύετε,

2402 3107 2518 3171 πῶς
2557 3112 2671 3173 τοῖς
2708 3114 2859 3183 ἐμοῖς
2909 3115 3117 3184 ῥήμασι
3169 3117 3524 3185 πιστεύσετε;
3552 3139 3575 3172 ι
3620 3121 3850 3191 Ἀφῖχθαι
3889 3121 3939 3189 δὴ

2399 3193 2492 3251 οὖν
2538 3201 2587 3252 εί
2638 3200 2805 3269 λέγοι,
2856 3204 3176 3258 καταλύσων
3212 3207 3311 3275 μὲν
3357 3210 3620 3280 οὐδαμῶς
3659 3212 3746 3264 τὸν
3792 3213 3940 3282 νόμον,

733 3292 930 3362 legem,
967 3291 1062 3345 sed
1114 3291 1295 3361 potius
1344 3298 1404 3344 ut
1455 3290 1721 3359 perﬁciat,
1770 3292 1883 3344 noli
1921 3299 2110 3360 putare
2164 3292 2297 3345 sub-

2404 3289 2762 3361 ἀποπερανῶν
2794 3292 2851 3345 δέ
2882 3294 3081 3363 μᾶλλον
3107 3296 3287 3362 αὑτὸν,
3324 3298 3398 3370 μὴ
3426 3301 3529 3370 τὴν
3565 3304 3647 3364 εἰς
3679 3302 3814 3355 ἅπαν
3840 3304 3942 3356 ἀνα-

728 3383 1044 3438 ~versionem
1072 3397 1263 3435 eorum
1291 3396 1411 3451 quae
1432 3381 1563 3433 olim
1595 3381 1807 3434 sancita
1829 3390 1976 3447 sunt,
2005 3381 2100 3435 sed
2129 3381 2296 3436 veluti

727 3472 1181 3529 reformationem
1228 3487 1350 3527 esse
1384 3471 1581 3525 factam
1611 3512 1625 3533 ,
1678 3478 1734 3524 et
1766 3486 1956 3524 eorum
1994 3488 2115 3541 quae
2150 3474 2204 3527 in
2238 3473 2299 3526 ﬁ-

725 3563 887 3634 guris
918 3562 1256 3616 adumbrata
1284 3569 1461 3635 erant,
1502 3569 1565 3614 ut
1597 3561 1671 3614 ita
1715 3561 1915 3625 dicam,
1958 3564 2297 3618 recusionem

733 3655 801 3711 ad
833 3652 1233 3722 expressiorem
1266 3652 1497 3705 formam
1530 3651 1804 3705 veritatis.

804 3742 1000 3799 PALL.
1028 3744 1197 3798 Recte
1233 3742 1391 3795 dicis.

800 3834 957 3889 (ΠΒ.
990 3833 1070 3887 Ac
1095 3834 1199 3887 tale
1231 3832 1491 3902 quiddam
1551 3848 1581 3885 a
1618 3831 1840 3888 Christo
1873 3831 1989 3887 ﬁeri
2026 3826 2294 3902 oportuit.

733 3925 838 3992 Qui
906 3924 960 3977 in
1017 3922 1220 3977 tabulis
1271 3922 1611 3992 picturisque
1674 3921 1966 3977 artiﬁcium
2021 3932 2295 3988 exercent,

2398 3381 2604 3453 τροπὴν
2635 3383 2745 3436 τῶν
2777 3385 3403 3459 πάλαιτεθεσπισμένων
3422 3391 3717 3463 εἰργάσθαι
3734 3392 3940 3446 διανοοῦ·

2401 3472 2599 3542 μᾶλλον
2630 3474 2685 3527 δὲ
2735 3478 3122 3546 μεταπλασμὸν
3152 3481 3341 3552 ῶσπερ
3400 3485 3547 3561 τινὰ,
3580 3494 3675 3537 και
3714 3485 3776 3537 ἵν’
3803 3484 3941 3546 οὕτως

2400 3561 2561 3623 εῖπω,
2600 3563 2970 3635 μεταχάραξιν
2997 3568 3104 3620 τῶν
3134 3570 3192 3624 ἐν
3213 3570 3402 3634 τύποις
3422 3573 3518 3625 ἐπὶ
3547 3573 3612 3626 τὸ
3637 3573 3842 3645 ἀληθές.

2470 3736 2678 3790 ΠΛΛΛ.
2721 3738 2926 3806 Ὀρθῶς
2949 3739 3105 3811 ἔφης.

2466 3826 2629 3879 ΚΥΡ.
2670 3829 2780 3882 Καὶ
2793 3828 2855 3899 δὴ
2876 3830 3114 3884 τοιοῦτον
3137 3832 3243 3885 ἔδει
3267 3835 3524 3901 γενέσθαι
3550 3840 3704 3909 παρά
3719 3836 3941 3910 Χριστοῦ.

2399 3917 2461 3968 Οἱ
2495 3918 2591 3985 τὴν
2611 3920 2666 3972 ἐν
2684 3918 2865 3984 πίναξι
2899 3922 2992 3973 καὶ
3011 3927 3249 3993 γραφαῖς
3277 3926 3567 3997 εὐτεκνίαν
3585 3929 3943 3999 ἐξησκηκάιις,

733 4029 841 4068 non
873 4013 1054 4068 statim
1088 4021 1251 4081 atque
1302 4012 1524 4082 pingere
1555 4012 1847 4081 incipiunt,
1880 4029 2000 4068 eam
2052 4014 2291 4084 speciem

2396 4009 2493 4060 οὐκ
2520 4008 2681 4073 εὐθὺς
2722 4010 2813 4064 τοῦ
2846 4012 3079 4083 γράφειν
3107 4016 3418 4087 ἀρχόμενοι.
3451 4020 3515 4072 τὸ
3540 4022 3805 4084 ἀνενδεῶς
3830 4022 3943 4091 ἔχον.

730 4103 959 4173 picturis
990 4103 1278 4165 inducunt,
1298 4102 1385 4155 cui
1410 4103 1484 4155 nil
1514 4103 1677 4167 desit,
1704 4111 1866 4172 atque
1890 4119 1956 4157 ex
1981 4105 2134 4157 omni
2164 4121 2292 4173 par-

732 4204 783 4249 te
815 4193 1059 4265 perfecta
1081 4193 1173 4257 sit,
1206 4192 1300 4247 sed
1336 4192 1660 4261 simpliciori
1692 4194 1847 4263 prius
1879 4209 1943 4248 ac
1987 4195 2170 4249 minus
2200 4211 2294 4249 ve-

2398 4097 2492 4149 καὶ
2524 4099 2601 4161 εἰς
2631 4098 2776 4153 ἆπαν
2814 4101 3219 4173 ἀπηρτισμένον
3263 4106 3626 4177 ἐπιφέρουσιν
3679 4105 3810 4173 εἶδος
3850 4111 3945 4171 ταῖς

2395 4191 2655 4258 γραφαῖς,
2675 4191 2733 4241 ἐν
2757 4191 2884 4244 εῖδει
2912 4191 3176 4263 πρότερον
3210 4197 3303 4247 καὶ
3319 4197 3710 4270 ἀκαλλεστέρῳ
3731 4199 3946 4270 χρώματι

729 4294 901 4340 nusto
930 4286 1116 4339 colore
1146 4283 1266 4337 illas
1298 4283 1646 4349 adumbrant,
1671 4293 1730 4337 et
1766 4284 1925 4355 longe
1952 4285 2296 4341 obscuriores

2398 4280 2864 4349 σκιαγραφοῦντες
2898 4281 2969 4353 (ι)
3006 4278 3065 4336 εὖ
3121 4284 3284 4354 μάλα,
3326 4288 3418 4338 καὶ
3448 4280 3640 4362 ὦνπερ
3676 4290 3741 4343 ἂν
3778 4290 3946 4342 ἕλοιντο

728 4386 888 4432 antea
924 4376 1145 4447 ﬁguras,
1185 4390 1345 4445 quam
1380 4374 1570 4439 velint,
1596 4375 1772 4430 oculis
1798 4385 2097 4446 exponunt.
2128 4368 2292 4432 Deni-

724 4481 832 4536 que
862 4465 1079 4519 umbris
1104 4464 1211 4518 illis
1235 4464 1456 4517 illinunt
1481 4464 1719 4517 colorem
1745 4465 1940 4534 cuique
1967 4465 2291 4522 decentissi-

2392 4370 2555 4439 τυχὸν
2588 4372 2969 4444 ἀμυδροτέρων
2982 4374 3061 4427 ἔτι
3082 4377 3207 4438 τοὺς
3230 4376 3431 4441 τύπους
3450 4382 3946 4451 προαναφαίνοντες,

2394 4454 2512 4513 εἶτα
2544 4465 2663 4525 ταῖς
2693 4465 2872 4527 σκιαῖς
2910 4464 3310 4534 ἐπαλείφοντες,
3338 4470 3399 4521 τὸ
3437 4471 3655 4545 ἑκάστῃ
3685 4474 3877 4543 πρέπον
3900 4486 3947 4521 τε

722 4571 875 4611 mum
896 4571 959 4610 ac
974 4555 1206 4608 maxime
1228 4570 1527 4623 congruum
1551 4571 1565 4619 ;
1583 4554 1655 4607 ita
1694 4554 1945 4610 rudiores
1962 4557 2081 4612 illas
2092 4557 2293 4627 ﬁguras

2396 4554 2493 4606 καὶ
2524 4555 2930 4625 ἁρμοδιώτατον
2976 4558 3182 4628 σχῆμα,
3228 4562 3605 4633 μεταφέρουσι
3628 4568 3754 4628 τοὺς
3779 4565 3950 4623 τύπους

721 4646 793 4701 ad
821 4646 1163 4714 perspicuam
1192 4658 1256 4697 ac
1281 4619 1439 4712 longe
1467 4645 1916 4719 praestantiorem,
1946 4662 2106 4715 quam
2129 4619 2286 4703 antea

2394 4646 2450 4707 ἐς
2478 4619 2617 4710 εἶδος
2658 4646 2719 4699 τὸ
2747 4619 3134 4717 ἐμφανὲς.“καὶ
3170 4619 3526 4723 ἀσυγκρίτως
3560 4619 3805 4725 ἄμεινον,
3836 4655 3866 4723 ἦ
3900 4619 3950 4706 τθ

698 4736 919 4800 fuerat,
947 4734 1183 4805 speciem
1215 4732 1567 4787 transferunt.
1586 4734 1777 4787 Annon
1804 4736 1878 4791 ita
1899 4751 1956 4790 se
1978 4753 2065 4792 res
2088 4739 2288 4795 habet?

2392 4736 2450 4787 ἐν
2481 4736 2696 4807 ἀρχαῖς.
2733 4738 2801 4791 Ἢ
2830 4739 2927 4809 οὐχ
2948 4731 3049 4793 ὦδε
3080 4740 3229 4810 ἔχεις

773 4826 989 4882 .PALL.
1022 4825 1221 4879 Fateor
1265 4822 1543 4892 equidem.

770 4916 944 4972 .CYB.
990 4916 1109 4971 Jam
1166 4929 1298 4968 vero
1353 4912 1493 4967 fabri
1533 4915 1733 4980 agrarii,
1772 4916 1817 4969 si
1855 4916 1993 4973 forte
2050 4928 2281 4975 statuam

2454 4829 2663 4884 IIAAA.
2704 4832 2919 4899 Ἔγωγέ
2953 4850 3117 4903 φημι.

2458 4921 2621 4976 ΚΥΡ.
2658 4921 2721 4975 Οἱ
2766 4922 2823 4975 δὲ
2856 4924 2920 4994 δὴ
2962 4924 3061 4994 τὴν
3108 4924 3515 4997 χαλκουργικὴν
3564 4931 3954 5001 ἐπιτηδεύοντες

712 5008 985 5063 conﬁcere
1007 5006 1196 5069 velint,
1225 5020 1348 5059 cera
1383 5006 1535 5076 prius
1556 5006 1746 5061 rudem
1784 5009 2070 5077 quemdam
2100 5020 2284 5082 typum

2391 5012 2700 5084 ἐμπειρίαν,
2752 5015 3043 5086 ἀνδριάντα
3074 5016 3234 5087 τυχὸν
3265 5020 3312 5070 εί
3356 5018 3644 5087 βούλοιντο
3678 5024 3952 5090 διαπήγνυο

716 5100 973 5164 formant,
1006 5114 1182 5169 eoque
1208 5097 1320 5168 igni
1364 5099 1678 5167 absumpto,
1708 5100 2148 5168 eolliquefactum
2196 5104 2283 5157 in-

716 5190 972 5253 fundunt,
1006 5198 1169 5258 atque
1196 5190 1271 5243 ita
1300 5188 1370 5242 ad
1400 5189 1705 5242 absolutam
1733 5188 1965 5243 formam
1997 5201 2161 5261 atque
2183 5194 2281 5248 de-

716 5292 899 5330 corem
937 5292 1076 5346 Opus
1114 5276 1443 5345 perducunt.
1504 5276 1642 5331 Cum
1674 5279 1886 5334 umbris
1942 5280 2052 5335 illis
2087 5298 2282 5351 super-

2390 5102 2537 5164 σθαι,
2571 5103 2726 5175 κηρῷ
2762 5106 2859 5175 μὲν
2884 5106 2943 5158 τὸ
2976 5107 3189 5177 πρῶτον
3221 5109 3300 5167 είς
3348 5106 3487 5173 εἶδος
3534 5114 3773 5180 ἄγουσιν
3812 5114 3955 5181 ἀδρα-

2387 5193 2497 5255 νὲς,
2525 5191 2644 5247 εἶτα
2691 5198 2823 5266 πυρὶ
2864 5199 3283 5268 κατατήκοντες,
3315 5201 3604 5270 ἐπιχέουσι
3637 5204 3730 5256 τὸν
3758 5203 3951 5273 χαλκὸν.

2387 5285 2579 5352 ἄγουσί
2610 5303 2669 5338 τε
2706 5286 2846 5339 οῦτω
2879 5288 3015 5358 πρὸς
3058 5289 3119 5341 τὸ
3156 5290 3356 5359 ἀρτίως
3403 5293 3532 5362 ἕχον
3575 5290 3722 5357 εἶδός
3774 5312 3830 5346 τε
3880 5291 3958 5345 καὶ

715 5367 772 5436 6
810 5365 1030 5419 inducta
1078 5366 1149 5420 sit
1200 5368 1449 5421 colorum
1503 5369 1759 5431 varietas,
1809 5385 2043 5440 cumque
2098 5374 2218 5427 illas
2251 5390 2280 5429 e

2388 5377 2580 5441 κάλλος
2609 5373 2668 5430 εὖ
2712 5378 2854 5447 μάλα
2883 5378 2943 5430 τὸ
2968 5382 3481 5452 τεχνουργούμενον.
3518 5383 3955 5456 Ἐπιρῤιφθείσης

716 5471 842 5510 cera
874 5454 1081 5526 ﬁguras
1095 5471 1167 5510 κε
1190 5456 1582 5528 absumpserit,
1638 5459 1811 5513 videri
1839 5462 2060 5530 quidem
2108 5465 2280 5534 possit

2387 5468 2437 5521 δὲ
2466 5472 2582 5531 ταῖς
2619 5472 2799 5532 σκιαῖς
2842 5470 2941 5541 τῆς
2982 5471 3090 5524 τῶν
3130 5476 3436 5544 χρωμάτων
3483 5454 3832 5540 πολυειδίας,
3880 5475 3957 5529 καὶ

623 5572 632 5579 -
714 5547 928 5616 priores
973 5546 1097 5601 illas
1125 5546 1328 5601 formas
1366 5549 1599 5604 abolitas
1651 5558 1814 5619 atque
1847 5568 2066 5608 eversas
2109 5570 2231 5609 esse
2264 5574 2275 5608 :

2384 5556 2490 5627 μὴν
2525 5559 2618 5629 καὶ
2654 5559 2855 5629 χαλκοῦ
2897 5561 2966 5614 τά
2999 5563 3063 5615 ἐκ
3111 5564 3283 5635 κηροῦ
3319 5568 3765 5638 κατατήκοντος,
3802 5567 3958 5632 δόξειε

782 5695 857 5768 (Ι)
879 5696 1073 5752 ’Codex
1100 5696 1305 5762 Sirleti,
1340 5699 1419 5752 ἐνί
1453 5700 1511 5753 δὲ
1543 5701 1607 5772 δὴ
1642 5703 1906 5774 πρότερον
1940 5708 2035 5760 καὶ
2060 5708 2297 5763 ἀκαλλεσ

2387 5729 2443 5783 np
2473 5714 2713 5784 σχήματι
2740 5732 2963 5787 σκιαγρ.

789 5828 1002 5882 “Rom.
1043 5846 1120 5895 ιιι,
1167 5830 1252 5883 51.
1332 5832 1369 5863 ¹¹
1398 5832 1572 5889 .Galat.
1612 5853 1687 5889 ιιι.
1726 5837 1812 5892 21.
1896 5841 1933 5871 ¹²
1970 5842 2132 5898 Hebr.
2164 5862 2213 5907 ν,
2256 5846 2335 5899 12.
2418 5849 2461 5879 ¹³
2497 5849 2653 5903 Rom.
2707 5864 2759 5914 x,
2796 5852 2846 5903 4.
2930 5853 2973 5884 ’⁸
3022 5853 3177 5907 Joan.
3239 5871 3291 5921 v,
3332 5854 3529 5910 45-47.
