4154 6498
265 495 349 550 ιιι

262 702 435 775 πμῖδτά
462 719 519 755 τε
548 705 642 756 καὶ
684 706 743 757 ὲν
775 706 917 777 ἀρχῇ
971 709 1245 778 σχήματα.
1277 712 1430 781 Ἔχει
1462 713 1519 766 δὲ
1545 716 1641 785 οὐχ
1670 715 1812 770 οὕτω

260 793 313 845 τὸ
336 793 514 864 χρῆμα
543 797 608 865 τῇ
635 794 814 863 φύσει.
838 799 997 850 Φαῖεν
1017 800 1125 870 γὰρ
1153 798 1217 853 ἂν
1240 801 1616 872 ἀληθεύοντες,
1643 806 1811 875 χαλκ-

259 884 434 953 ουργός
474 901 533 936 τε
584 887 678 939 καὶ
703 888 947 958 γραφεύς
966 905 979 918 °
1012 890 1084 943 Οὐ
1113 890 1490 963 κατελύσαμεν
1512 895 1608 957 τὰς
1631 896 1808 962 σκιὰς,

259 975 346 1025 οὐκ
372 974 449 1036 εἰς
480 976 805 1049 ἀχρειότητα
822 980 1060 1051 παντελῆ
1089 982 1214 1044 τοὺς
1230 983 1434 1047 τύπους
1462 985 1807 1056 ἐπέμψαμεν,

259 1064 684 1136 πεπληρώκαμεν
726 1069 782 1121 δὲ
826 1072 1054 1147 μᾶλλον.
1094 1073 1161 1128 ’0
1198 1074 1306 1147 γὰρ
1340 1072 1408 1147 ἦν
1458 1078 1586 1131 ίδεῖν
1632 1079 1709 1143 ὡς
1751 1081 1809 1132 ὲν

258 1158 420 1218 σκιαῖς
448 1157 528 1210 ἔτι
554 1160 647 1212 καὶ
666 1160 857 1226 τύποις
883 1165 1251 1237 ἀφανέστερόν
1267 1185 1327 1220 τε
1362 1171 1456 1223 καὶ
1483 1171 1809 1226 ἀκαλλέστε-

258 1262 358 1315 ρον,
384 1248 535 1301 τοῦτο
570 1252 913 1326 προϐέϐηκεν
944 1256 1039 1310 ἐπὶ
1076 1256 1139 1310 τὸ
1169 1258 1391 1329 ἄμεινόν
1415 1278 1475 1314 τε
1505 1264 1599 1316 καὶ
1628 1265 1808 1335 ἐμφα-

254 1336 507 1405 νέστερον.

315 1429 511 1482 ΠΑΛΛ.
548 1427 621 1484 Εὖ
642 1431 839 1501 λέγεις.

308 1524 463 1576 ΚΥΡ.
494 1523 606 1576 Καὶ
637 1524 798 1596 εἴπερ
846 1543 933 1589 τις
961 1526 1136 1581 ἕλοιτο
1164 1530 1642 1603 πολυπραγμονεῖν
1672 1534 1806 1607 ἀλη-

249 1615 344 1677 θῶς
372 1616 469 1685 τὴν
505 1616 655 1686 ἱεράν
696 1634 755 1670 τε
800 1619 893 1671 καὶ
932 1618 1287 1676 θεόπνευστον
1327 1624 1570 1695 Γραφῆν,
1602 1626 1805 1681 εἴσεται

245 1705 301 1776 δὴ
342 1704 553 1768 πάντως
595 1707 794 1777 ἀληθὲς
832 1709 1095 1780 ὑπάρχον,
1125 1712 1154 1764 ὅ
1196 1730 1358 1783 φημι.
1394 1715 1671 1788 Κάλυμμα
1697 1718 1805 1791 γὰρ

245 1794 393 1848 ἐτίθει
436 1795 644 1866 Μωσῆς
678 1798 768 1850 ἐπὶ
806 1799 868 1851 τὸ
910 1801 1202 1870 πρόσωπον
1250 1806 1448 1870 αὑτοῦ,
1482 1806 1571 1861 διὰ
1610 1808 1673 1860 τὸ
1729 1810 1803 1880 μὴ

243 1884 482 1938 δύνασθαι
507 1888 634 1951 τοὺς
662 1888 811 1952 υἱοὺς
854 1891 1069 1962 Ἰσραὴλ
1110 1893 1376 1960 ἀτενίζειν
1416 1899 1494 1961 είς
1533 1898 1596 1952 τὺ
1637 1899 1805 1970 πρόσ-

240 1992 373 2029 ωπον
399 1977 584 2040 αὐτοῦ,
614 1979 752 2032 κατά
778 1980 837 2032 τὸ
867 1983 1272 2053 γεγραμμένον.

305 2066 506 2121 ΠΑΛΑ.
547 2069 657 2120 Καὶ
685 2068 737 2120 τί
768 2069 833 2141 δὴ
865 2070 1024 2125 τοῦτο
1048 2075 1387 2147 παραδηλοῖ;

294 2238 452 2291 ΚΥΡ.
512 2241 647 2305 Ταῖς
688 2242 796 2315 γὰρ
838 2244 1107 2301 Ἰουδαίων
1157 2249 1416 2316 διανοίαις
1461 2258 1794 2329 παχυτέραις

236 2326 405 2392 οὔσαις
429 2330 515 2383 ἔτι
544 2333 701 2387 οἰστά
728 2334 825 2404 μέν
853 2353 970 2400 πως
998 2334 1069 2409 ἦν
1097 2338 1166 2393 τά
1197 2341 1445 2415 ὲξωφανῆ
1479 2346 1572 2399 τοῦ
1603 2326 1790 2419 νόμου,

237 2420 365 2488 φημὶ
412 2421 475 2473 δὲ
503 2422 568 2494 δὴ
607 2423 770 2478 πάλιν
819 2427 885 2480 τά
941 2428 1031 2482 διὰ
1091 2430 1253 2501 μόνου
1303 2434 1395 2487 τοῦ
1444 2438 1790 2509 γράμματος,

236 2509 473 2581 ἀφόρητα
512 2512 571 2566 δὲ
613 2516 705 2568 καὶ
740 2516 1062 2605 ἀπρόὸλητα
1114 2524 1412 2590 παντελῶς,
1457 2529 1527 2581 τά
1567 2529 1672 2583 ἔσω
1700 2548 1792 2584 κε·-

232 2599 530 2669 κρυμμένα,
563 2604 658 2655 καὶ
700 2604 767 2657 ἵν’
808 2599 982 2671 οὕτως
1023 2610 1265 2682 εἴπωμεν
1288 2614 1350 2667 τὸ
1370 2616 1477 2670 τῶν
1505 2621 1791 2689 νοημάτων

232 2689 507 2757 πρόσωπον
554 2692 773 2763 ἀληθές.
815 2698 1103 2771 Τοιγάρτοι
1141 2703 1234 2756 καὶ
1278 2704 1306 2756 ό
1345 2704 1629 2771 θεσπέσιος
1659 2712 1789 2782 ἡμῖν

230 2780 413 2848 γράφει
436 2781 653 2849 Παῦλος
676 2802 689 2815 ·
721 2806 739 2839 ι
769 2788 932 2859 ’Δχρι
960 2790 1069 2862 γὰρ
1093 2793 1191 2864 τῆς
1226 2796 1465 2866 σήμερον
1491 2780 1701 2870 ἡμέρας
1728 2803 1789 2855 τὸ

230 2871 347 2923 αὐτὸ
367 2872 634 2944 κάλυμμα
661 2877 754 2929 ἐπὶ
770 2880 835 2948 τῇ
866 2881 1170 2949 ἀναγνώσει
1200 2884 1300 2954 τῆς
1326 2886 1567 2953 Παλαιᾶς
1592 2893 1788 2964 Διαθή-

228 2980 321 3035 κης
353 2967 501 3036 μένει
537 2968 613 3040 μὴ
642 2970 1177 3046 ἀνακαλυπτόμενον,
1204 2980 1286 3033 ὅτι
1314 2982 1372 3035 ὲν
1398 2985 1617 3056 Χριστῷ
1651 3004 1783 3041 κατ·

227 3058 481 3121 ἀργεῖται.
522 3058 663 3111 Ἀλλ’
695 3059 801 3124 ἕως
829 3057 1103 3135 σήμερον,
1146 3068 1308 3138 ⁴ἡνίκα
1347 3072 1784 3147 ἀναγινώσκηται

230 3143 438 3214 Μωσῆς,
480 3148 749 3219 κάλυμμα
793 3153 886 3205 ἐπὶ
932 3154 1033 3225 τὴν
1059 3158 1285 3229 καρδίαν
1311 3162 1490 3217 αὐτῶν
1518 3143 1714 3222 κεῖται.
1757 3187 1776 3219 ι

240 3235 365 3288 Ἀλλ’
391 3230 493 3292 ὦδε
530 3240 632 3309 μὲν
659 3242 725 3313 δὴ
747 3242 817 3296 τὰ
840 3245 948 3299 τῶν
983 3247 1251 3304 Ἰουδαίων
1277 3253 1502 3310 ἑστάτω.
1536 3275 1555 3308 ι
1597 3259 1784 3330 Ἡμεῖς

230 3326 284 3381 δὲ
307 3328 368 3399 δὴ
419 3332 644 3396 πάντες,
677 3336 1180 3411 ἀνακεκαλυμμένῳ
1204 3345 1497 3416 προσώπῳ,
1536 3368 1556 3401 ι
1600 3326 1781 3421 φησιν,

231 3435 248 3468 ι
281 3420 370 3488 τὴν
423 3422 584 3487 δόξαν
634 3426 837 3497 Κυρίου
895 3434 1403 3504 κατοπτριζόμενοι,
1470 3439 1569 3511 τὴν
1615 3442 1785 3512 αὐτὴν
1826 3478 1831 3483 ι

226 3507 392 3560 εἰκόνα
423 3513 929 3582 μεταμορφούμεθα
960 3518 1068 3571 ἀπὸ
1104 3520 1262 3591 δόξης
1298 3527 1379 3587 εἰς
1405 3507 1579 3593 δόξαν,
1616 3507 1785 3608 καθά-

223 3609 317 3664 περ
355 3597 461 3650 ἀπὸ
494 3600 705 3671 Κυρίου
738 3604 1077 3674 πνεύματος·
1108 3611 1136 3662 ό
1160 3611 1217 3663 δὲ
1243 3614 1446 3685 Κύριος
1474 3618 1535 3671 τὸ
1568 3604 1784 3691 πνεῦμά

222 3686 371 3741 ἐστιν.
411 3709 429 3741 ι
468 3691 683 3759 Ὠσπερ
714 3695 822 3767 γὰρ
850 3698 897 3749 οἰ
922 3699 981 3751 ὲν
1010 3701 1259 3774 ἐσόπτρῳ
1289 3705 1573 3775 βλέποντες
1599 3686 1781 3768 εἰκόνα

221 3778 304 3830 καί
333 3780 499 3835 τύπον
547 3785 641 3838 τοῦ
671 3785 924 3857 ἀληθοῦς,
956 3793 1048 3846 καὶ
1073 3794 1174 3848 οὐκ
1203 3797 1335 3851 αὐτό
1364 3817 1464 3853 που
1493 3803 1555 3856 τὸ
1583 3805 1779 3876 ἀληθὲς

220 3871 666 3944 ἑγκαταθρήσειαν
685 3878 751 3932 ἀν
769 3920 781 3943 ,
814 3882 955 3936 κατά
980 3885 1070 3938 τὸν
1096 3889 1259 3941 αὑτὸν
1292 3888 1449 3962 οἶμαι
1480 3871 1701 3966 τρόπον,
1729 3902 1778 3952 οἰ

220 3959 303 4029 τῆς
319 3962 374 4015 ὲν
389 3965 616 4037 Χριστῷ
644 3969 914 4036 πολιτείας
934 3975 994 4027 τὸ
1007 3976 1200 4042 κάλλος
1220 3959 1610 4054 ἐπιθυμοῦντες
1627 3959 1772 4054 ἰδεῖν,

219 4048 453 4123 καθάπερ
481 4055 740 4128 ἐσόπτρῳ
762 4058 841 4130 τῷ
877 4062 1025 4134 νόμῳ
1067 4066 1341 4137 χρώμενοι
1372 4048 1776 4145 κατορθώσειαν

218 4136 277 4191 ἂν
314 4140 384 4205 ώς
429 4146 632 4215 ἄριστα
672 4150 733 4202 τὺ
775 4151 1136 4224 ποθούμενον.
1173 4136 1285 4227 Τὴν
1309 4163 1418 4233 γάρ
1460 4136 1630 4237 αύτὴν
1666 4170 1776 4226 τῶν

223 4233 556 4301 πραγμάτων
605 4240 789 4294 εἰκόνα
826 4245 1292 4315 μεταπλάττοντες
1357 4256 1438 4318 είς
1496 4233 1769 4329 ἀληθειαν,

216 4318 431 4376 εἰσονται
478 4326 741 4400 καθαρῶς
803 4332 865 4385 τὸ
904 4336 984 4389 ὅτι
1046 4339 1279 4408 μάλιστα
1324 4343 1513 4400 δοκοῦν
1562 4318 1653 4404 καὶ
1686 4355 1774 4406 εύ-

215 4408 425 4479 ἀρεστον
452 4416 535 4483 τῷ
564 4417 698 4488 Θεῷ.

273 4501 473 4560 ΠΛΛΛ.
508 4503 643 4561 Εἶτα
670 4511 753 4575 τίς
785 4514 851 4567 ἂν
884 4517 1094 4583 γένοιτο
1122 4524 1285 4593 τυχὸν
1322 4527 1349 4578 ὁ
1380 4526 1536 4594 λόγος
1571 4530 1664 4583 τοῦ
1694 4534 1766 4604 μὴ
1874 4560 1879 4563 ’

952 499 1040 555 DE
1090 501 1529 561 ADORATIONE
1566 508 1632 562 IN
1675 509 1943 571 SPIRITU
1983 518 2069 573 ET
2099 520 2464 583 VERITATE‘.
2502 533 2631 587 LIB.
2672 536 2712 589 l.

265 612 353 685 μὲν
382 610 444 665 ἂν
472 610 773 683 ὴθετῆσθαί
821 631 878 668 τε
925 617 1020 669 καὶ
1068 617 1471 691 ἀνατετράφθαι
1515 622 1707 695 βραχὺ.
1742 626 1796 679 τό

1914 631 1968 686 id
1998 651 2128 691 vero
2153 654 2314 697 secus
2341 654 2442 699 est.

1839 4264 1842 4268 λ
1874 4253 2206 4322 perspicient
2239 4262 2371 4329 quid
2408 4264 2521 4321 Deo
2554 4282 2839 4340 acceptum
2868 4276 2923 4330 in

3382 560 3486 617 149

2501 648 2634 704 Nam
2673 662 2729 707 et
2762 654 2915 711 faber
2942 661 3165 718 mrarius
3213 676 3268 720 et
3304 672 3484 739 pictor

1913 738 2043 780 vere
2101 729 2386 789 dixerint:
2418 738 2527 794 Nos
2556 743 2777 810 quidem
2835 747 3061 809 minime
3112 754 3483 824 destruximus

1907 1089 2091 1147 minus
2116 1108 2406 1157 venustum
2456 1106 2767 1178 videbatur,
2825 1115 2878 1169 id
2928 1119 2994 1174 ad
3033 1123 3314 1184 meliorem
3348 1132 3473 1189 illu-

1907 1182 2276 1257 strioremque
2305 1191 2537 1251 formam
2569 1205 2840 1269 pervenit.

1975 1447 2170 1505 PALL.
2204 1454 2372 1514 Recte
2411 1460 2569 1519 dicis.

1973 1536 2129 1594 CYR.
2158 1543 2236 1598 Ac
2258 1547 2304 1601 si
2324 1551 2448 1618 quis
2496 1555 2735 1619 voluerit
2766 1564 2911 1619 serio
2946 1583 3153 1631 sacram
3193 1590 3248 1635 et
3278 1582 3473 1640 divini-

1904 1634 1991 1682 tus
2019 1630 2339 1701 inspiratam
2373 1641 2712 1713 Scripturam
2765 1660 3152 1732 pervestigare,
3189 1673 3325 1727 sciet
3351 1692 3470 1731 om-

1967 2082 2164 2139 PALL.
2200 2088 2409 2161 Ecquid
2441 2095 2574 2152 illud
2616 2110 2700 2156 est
2739 2107 2886 2174 quod
2935 2110 3039 2166 hoc
3072 2114 3216 2173 facto
3261 2122 3467 2195 signiﬁ-

1899 2176 2096 2228 catur?

1962 2263 2118 2320 CYR.
2150 2269 2463 2332 Iudaeorum
2488 2296 2722 2354 namque
2745 2301 2959 2348 mentes
2992 2310 3118 2351 cum
3152 2300 3466 2363 hebetiores

1895 2353 2075 2412 adhuc
2105 2372 2309 2428 essent,
2349 2353 2791 2448 exteriorerlegis
2833 2382 3018 2451 aliquo
3046 2389 3209 2444 modo
3262 2394 3464 2452 tolera-

1894 2441 2024 2499 bilia
2049 2446 2401 2520 judicabant;
2434 2472 2518 2523 ea,
2554 2441 2804 2532 inqua'm,
2850 2441 2972 2539 quae
2994 2489 3094 2543 per
3113 2441 3462 2541 solamvlivtte-

1894 2549 2008 2589 ram
2038 2538 2514 2614 significabantur;
2544 2551 2735 2608 iisdem
2774 2538 2896 2614 vero
2919 2576 3029 2616 non
3052 2564 3276 2625 ferenda
3295 2583 3351 2627 et
3369 2574 3464 2629 ab—

1887 2621 2127 2691 jicienda
2152 2632 2376 2687 omnino
2397 2636 2747 2705 videbantur,
2778 2661 2899 2714 quae
2927 2649 3160 2710 interius
3195 2657 3459 2727 latebant,

1890 2724 2075 2785 atque,
2101 2721 2251 2775 utita
2278 2723 2477 2792 dicam,
2503 2728 2619 2798 ipsa
2638 2747 2899 2791 sensuum
2918 2757 3044 2797 vera
3060 2745 3247 2804 facies.
3275 2752 3462 2824 Itaque

1890 2804 1950 2824 μ
1968 2816 2009 2824 ί,
2401 2817 2435 2824 _
2516 2819 2530 2824 -

1889 2804 2083 2863 beatus
2127 2827 2349 2883 quoque
2401 2817 2604 2875 Paulus
2642 2826 2871 2882 scribit:
2937 2851 2956 2882 ‹
2988 2834 3123 2890 Nam
3176 2804 3459 2911 usquejin

1888 2896 2217 2956 hodiernum
2251 2905 2395 2961 diem
2430 2909 2483 2963 id
2514 2911 2693 2982 ipsum
2723 2919 2971 2977 velamen
3001 2925 3056 2979 in
3079 2929 3313 2988 lectione
3351 2936 3459 2991 Ve-

1888 2992 2020 3045 teris
2046 2993 2379 3055 Testamenti
2420 3014 2603 3060 manet
2648 3023 2759 3063 non
2813 3016 3148 3086 revelatum;
3196 3028 3455 3092 quoniam

1886 3080 1942 3134 in
1989 3081 2209 3141 Christo
2260 3105 2578 3151 evacuatur.
2637 3100 2745 3155 Sed
2793 3120 2967 3175 usque
3026 3110 3082 3165 in
3126 3114 3455 3175 hodiernum

1885 3171 2051 3238 diem,
2098 3192 2223 3231 cum
2267 3182 2467 3252 legitur
2514 3188 2743 3261 Moyses,
2797 3197 3044 3255 velamen
3094 3206 3331 3273 positum
3372 3224 3456 3268 est

1885 3277 2051 3334 super
2082 3284 2176 3322 cor
2199 3287 2391 3327 eorum
2425 3276 2519 3330 η.»
2548 3278 2656 3335 Sed
2687 3283 2761 3338 ita
2782 3287 3003 3355 quidem
3030 3292 3341 3354 Iudaeorum
3366 3319 3453 3360 res

1886 3369 1943 3409 se
1967 3356 2221 3414 habeant.
2245 3381 2262 3413 ι
2288 3364 2398 3419 Nos
2414 3384 2545 3423 vero
2564 3386 2754 3428 omnes
2774 3379 3006 3435 revelata
3028 3381 3185 3451 facie,
3209 3408 3226 3438 ι
3248 3390 3449 3463 inquit,

1901 3460 1912 3463 -
1944 3444 2041 3463 ..ι-λ
2064 3446 2076 3463 9
2193 3450 2231 3463 “
2333 3452 2344 3463 ⁸
2393 3454 2405 3463 ⁵
2600 3459 2613 3463 ⁸

3175 3444 3183 3451 .
3315 3444 3449 3463 τ---ν

1895 3460 1912 3491 ‹
1940 3444 2167 3513 gloriam
2192 3450 2407 3507 Domini
2431 3459 2795 3528 speculantes,
2816 3464 2870 3518 in
2893 3470 3139 3525 eamdem
3160 3474 3450 3547 imaginem

1884 3533 2340 3593 transformamur
2364 3557 2397 3595 a
2426 3544 2674 3602 claritate
2703 3550 2756 3603 in
2777 3552 3103 3623 claritatem,
3135 3568 3393 3633 tanquam
3420 3585 3458 3630 a_

1881 3620 2096 3678 Domini
2121 3628 2364 3697 spiritu;
2417 3633 2683 3693 Dominus
2733 3650 2917 3697 autem
2961 3647 3188 3716 spiritus
3218 3665 3302 3710 est
3331 3658 3392 3711 ³⁷.
3425 3679 3441 3710 ι

1881 3710 1951 3766 Ut
1979 3708 2124 3768 enim
2148 3720 2243 3787 qui
2274 3720 2330 3774 in
2382 3727 2608 3793 speculo
2640 3735 3107 3805 contemplantur,
3157 3742 3447 3815 imaginem

1879 3812 1936 3857 et
1963 3802 2191 3873 figuram
2227 3812 2308 3865 rei
2357 3831 2499 3871 vera:
2538 3819 2748 3887 vident,
2797 3841 2906 3880 non
2949 3828 3120 3898 ipsam
3167 3849 3324 3891 rem:
3367 3843 3448 3897 sic

1879 3893 1973 3961 qui
2003 3894 2328 3959 Christiana:
2370 3913 2806 3969 conversationis
2843 3893 3312 3985 pulchritudinem
3360 3935 3445 3988 vi-

1878 3980 2009 4037 dere
2043 3984 2378 4056 desiderant,
2411 3995 2455 4049 si
2480 3997 2599 4067 lege
2635 3980 2896 4072 tanquam
2941 4014 3164 4079 speculo
3195 4026 3442 4087 utantur,

1877 4071 2085 4138 optime
2147 4080 2292 4145 quod
2332 4084 2581 4153 cupiunt,
2637 4071 3019 4161 assequentur.
3066 4102 3240 4174 Ipsam
3298 4071 3443 4168 enini

1875 4175 2059 4216 rerum
2084 4165 2372 4239 imaginem
2402 4175 2469 4228 ad
2490 4179 2774 4237 veritatem
2804 4165 3208 4257 transferendo,
3232 4199 3442 4269 liquido

2970 4281 3165 4349 primis
3197 4299 3439 4357 gratum-

1874 4357 1978 4410 que
2007 4346 2097 4399 sit.
2412 4382 2417 4389 ι
3200 4377 3211 4389 ‘
3274 4399 3277 4401 >

213 4589 263 4642 ίν
288 4592 476 4663 ἀρχαῖς
516 4603 631 4664 τοῖς
677 4604 865 4669 πάλαι,
905 4601 966 4662 τὸ
1004 4610 1123 4665 νέον
1160 4589 1222 4666 τέ
1268 4618 1364 4669 καὶ
1403 4589 1768 4690 Εύαγγελικὸν

213 4676 433 4735 δεδόσθαι
464 4692 880 4735 νοτισωτιδηηη·
920 4699 1126 4735 ηις-..ωηο
1170 4703 1225 4735 3:1.
1261 4707 1455 4735 "an-..
1494 4714 1743 4735 -.--.____ns

1942 4589 1963 4593 _
1985 4589 2138 4596 ___...
2178 4589 2283 4601 -.-υ
2313 4589 2430 4619 quae
2475 4589 2615 4611 ..ιιιυ
2640 4589 2827 4619 aucrrl
2864 4589 3066 4639 porest,
3095 4591 3192 4632 cur
3228 4597 3337 4637 non
3367 4589 3434 4641 ab

1892 4626 2029 4683 nitio
2055 4635 2478 4705 veteribuspillis
2515 4660 2653 4702 nova
2689 4660 2745 4705 et
2788 4656 3099 4728 evangelica
3142 4666 3228 4721 lex
3273 4670 3434 4728 dare-

210 4676 433 4739 δεδόσθαι
464 4692 880 4764 χρησμώδημα·
920 4699 1126 4765 τύπους
1169 4703 1225 4756 δὲ
1258 4707 1456 4775 μᾶλλον
1494 4676 1770 4784 νενομοθεζ

208 4769 387 4839 τῆσθαι
420 4780 516 4830 καὶ
550 4783 748 4850 σκιάς;

266 4861 420 4920 ΚΥΡ.
452 4868 528 4921 Τὸ
560 4871 656 4938 μὲν
684 4875 910 4945 ἀκριϐὲς
930 4881 1032 4951 τῆς
1054 4885 1385 4958 οίκονομίας,
1423 4894 1515 4946 καὶ
1535 4895 1681 4959 ὅπως
1697 4898 1763 4951 ἂν

207 4950 305 5021 ἔχοι
329 4961 505 5025 ταυτὶ,
526 4965 669 5018 κατά
697 4983 761 5034 γε
788 4969 849 5021 τὸ
872 4950 1251 5047 ἀληθέστερον,
1290 4950 1575 5041 ἀναθετέον
1607 4950 1761 5042 εὺνσε-

205 5042 304 5109 σῶς
332 5049 408 5119 τῷ
435 5054 614 5108 πάντα
638 5058 801 5112 εἰδότι
829 5042 971 5133 Θεῷ,
996 5042 1256 5140 Λογισμοὶ
1285 5072 1342 5126 δὲ
1371 5076 1519 5145 ἡμᾶς
1542 5079 1758 5135 ἐννοιῶν

204 5223 313 5288 γοῦν
350 5230 430 5293 εἰς
466 5235 696 5304 μετρίαν
740 5238 963 5311 εἴδησιν,
1000 5245 1033 5315 ἦ
1066 5248 1159 5299 καὶ
1198 5223 1337 5318 τάχά
1384 5268 1484 5306 που
1530 5223 1668 5325 πρὸς
1695 5260 1756 5312 τὸ

200 5313 379 5369 εἰδέναι
409 5319 594 5373 δοκεῖν
625 5327 727 5395 τῆς
758 5313 1068 5403 οἰκονομίας
1102 5338 1199 5407 τὴν
1237 5313 1533 5411 πρόφασιν.
1569 5313 1752 5418 δαμὲν

198 5398 293 5467 οὖν,
336 5407 417 5461 ὅτι
453 5413 832 5485 παιδαγωγίας
875 5398 982 5477 ἔδει
1016 5398 1238 5498 πολλῆς,
1282 5398 1386 5484 ’καί
1441 5398 1749 5511 ἀνατροςρῆς

196 5494 374 5561 Ιτρόπον
397 5502 525 5555 τινὰ
563 5513 991 5581 νηπιοπρεποῦς,
1023 5519 1135 5580 τοῖς
1173 5494 1235 5584 ἐξ
1278 5523 1552 5592 Αἰγύπτου

193 5590 495 5656 τρωμένοις.
544 5597 779 5668 Παχύνοι
808 5603 917 5675 γάρ
947 5601 1087 5677 ἦσαν
1117 5608 1198 5663 ἔτι
1246 5590 1743 5693 καὶήεύπαράφοροι
1851 5626 1864 5678 i

191 5680 367 5751 κομιδῇ
400 5684 539 5754 πρὸς
563 5689 668 5741 πᾶν
698 5692 876 5748 ὁτιοῦν
907 5697 1016 5750 τῶν
1044 5699 1460 5771 ἀπηχεστάτων.
1496 5680 1741 5767 Ᾰυσαπό-

1868 4723 1979 4783 tur,
2026 4718 2212 4791 ﬁgura:
2231 4742 2363 4806 vero
2387 4732 2570 4799 potius
2585 4747 2749 4808 atque
2848 4748 3058 4804 umbra:
3080 4752 3434 4841 institueren-

1868 4815 1954 4841 t...-
1976 4810 1999 4841 9
2985 4834 2993 4841 '

1863 4815 1954 4862 tur
1976 4810 1999 4862 ?
2572 4844 2575 4847 '
2985 4834 2993 4842 ’
3221 4829 3233 4845 ”
