4120 6530
671 514 775 570 ιιδ

1685 499 1739 553 S.
1779 494 2052 551 CYR‘ILLI
2091 493 2557 560 AL'EXANDBJNI
2595 493 2911 552 ARCHIEP-Q

3801 498 3899 553 ιιι

670 631 858 688 clivos.
883 627 1016 682 Nam
1047 637 1168 678 cum
1205 621 1382 674 carnis
1406 628 1590 669 amore
1630 613 1966 673 laborarent,
1998 619 2054 664 et
2099 625 2225 678 per-

2342 626 2528 662 νιπτον
2567 610 2623 663 δὶ
2655 611 2930 673 παντελῶς
2973 628 3069 680 την
3113 614 3472 682 φιλοσαρκίαν
3502 612 3897 684 ηρρωστηκόσι,

673 715 1079 777 turbationibus
1105 719 1287 766 essent
1321 704 1536 770 irretiti,
1569 718 1690 772 quae
1723 701 2012 755 diﬂiculter
2036 697 2146 752 elui
2179 706 2233 756 ct

662 809 957 881 exstirpari
999 810 1239 876 possent,
1296 795 1629 868 impossibile
1671 791 2063 865 propemodum
2096 798 2230 852 erat,

669 878 1003 967 minimeque
1035 899 1368 964 promptum,
1407 887 1590 942 statim
1628 885 1696 939 ad
1740 897 2008 939 summam
2054 878 2233 949 perfe-

668 997 906 1052 ctionem
930 987 1161 1045 evadere
1192 983 1352 1046 velle,
1382 996 1445 1035 ac
1477 979 1602 1032 vita:
1632 976 1901 1030 rationem
1954 970 2231 1039 suscipere

667 1086 804 1140 adeo
830 1083 1096 1136 illustrem
1132 1083 1187 1128 et
1230 1069 1630 1131 admirandam,
1665 1076 1743 1130 ut,
1795 1079 1918 1119 cum
1969 1062 2023 1114 in
2071 1059 2233 1114 terris

667 1174 1032 1232 ambularent,
1068 1162 1537 1222 conversationem
1569 1168 1750 1214 tamen
1779 1156 1834 1211 in
1878 1154 2032 1208 caelis
2059 1151 2231 1205 habe-

670 1274 816 1330 rent,
850 1263 994 1318 sicut
1023 1257 1291 1327 scriptum
1326 1261 1410 1307 est
1434 1253 1498 1302 ¹⁶.
1531 1250 1726 1305 Annon
1777 1247 1924 1302 enim
1957 1243 2229 1314 perfecto-

668 1372 788 1414 rum
815 1364 900 1411 est
927 1351 1133 1408 solidus
1160 1347 1336 1409 cibus,
1373 1345 1456 1400 lac
1510 1357 1639 1396 vero
1673 1339 1858 1409 pueris
1891 1336 2070 1390 adhuc
2111 1348 2229 1386 ma-

666 1449 749 1520 gis
779 1442 1036 1502 convenit
1070 1439 1146 1492 "'I

735 1534 933 1594 PALL.
965 1533 1195 1587 Maxime
1217 1544 1366 1584 vero.

737 1627 890 1682 (ΝΒ.
939 1621 1134 1678 Pueris
1166 1619 1334 1689 igitur
1376 1613 1720 1669 inStitutione
1747 1623 1887 1680 opus
1935 1614 2053 1662 erat
2110 1619 2229 1674 quae

667 1717 855 1792 ﬁguris
905 1712 1300 1773 contineretur,
1327 1717 1402 1772 et,
1456 1716 1514 1760 ut
1545 1706 1619 1759 ita
1665 1703 1865 1765 dicam,
1909 1697 2228 1759 delicatiore

666 1787 812 1867 victu
835 1847 849 1873 ,
877 1821 988 1861 non
1015 1818 1082 1858 eo
1121 1799 1393 1856 sermonis
1431 1811 1632 1868 genere
1663 1792 1808 1864 quod
1844 1790 1911 1846 ad
1939 1787 2229 1860 perfectio—

666 1917 791 1958 nem
825 1898 1157 1958 institueret,
1192 1903 1247 1948 et
1272 1892 1338 1946 ad
1367 1891 1681 1945 absolutum
1710 1884 1954 1940 numeris
1973 1880 2230 1936 omnibus

2335 702 2430 758 καὶ
2476 701 2887 771 δυσδιαφύκτοις
2946 701 3173 756 πάθεσιν
3225 703 3769 773 ἐγκατειλημμένοις,
3811 703 3901 756 ἀν-

2334 795 2551 861 έφικτόν
2587 812 2701 857 πως
2738 791 2806 864 ἦν
2849 794 2929 847 ἔτι
2972 796 3068 852 καὶ
3101 795 3198 864 ούχ
3239 795 3461 864 ἕτοιμον
3491 796 3628 852 ἑλεῖν
3657 795 3718 848 τὸ
3747 795 3902 858 εὐθὺς

2335 885 2705 955 ἀναθρώσκειν
2756 886 3011 942 δύνασθαι
3058 888 3193 958 πρὸς
3230 888 3290 942 τὸ
3339 890 3478 956 ἄγαν
3525 888 3780 950 ἀστεῖον,
3831 885 3901 949 ὡς

2334 979 2428 1034 καὶ
2457 974 2601 1048 ζωῆς
2629 995 2750 1032 τινα
2779 979 2977 1048 τρόπον
3016 979 3398 1045 ἐπανελέσθαι,
3442 979 3599 1050 τυχὸν
3642 979 3739 1049 τῆς
3765 976 3901 1031 οὕτω

2334 1065 2591 1138 λαμπρᾶς
2615 1069 2708 1122 καί⁵
2735 1069 3068 1141 ὑπερφυοῦς,
3099 1070 3175 1133 ὼς
3206 1073 3528 1142 περιπατεῖν
3556 1060 3653 1139 μὲν
3683 1069 3778 1123 ἐπὶ
3805 1067 3899 1137 τῆς

2334 1159 2460 1228 γῆς,
2510 1159 2655 1230 ἔχειν
2705 1159 2763 1213 δὲ
2813 1161 2873 1213 τὸ
2922 1162 3224 1231 πολίτευμα
3262 1162 3319 1214 ἑν
3351 1161 3618 1232 οὐρανοῖς,
3655 1158 3800 1213 κατά
3847 1157 3899 1218 τὸ

2332 1249 2820 1324 γεγραμμένον.Ἦ
2843 1251 2951 1327 γὰρ
2972 1252 3091 1322 οὐχὶ
3112 1251 3332 1310 τελείων
3353 1253 3452 1322 μὲν
3478 1250 3624 1306 ἐστιν
3644 1251 3678 1318 η
3709 1248 3898 1318 στεριά

2331 1342 2524 1412 τροφὴ,
2555 1341 2696 1408 γάλα
2719 1343 2775 1395 δὶ
2810 1345 2923 1406 τοῖς
2949 1342 3027 1394 ἔτι
3069 1343 3283 1411 νηπίοις
3315 1341 3376 1394 τὸ
3413 1341 3895 1411 πρεπωδέστερονς

2401 1520 2607 1573 IIAAA.
2640 1520 2749 1573 Καὶ
2777 1521 2942 1590 μάλα.

2401 1610 2563 1664 ΚΥΡ.
2599 1610 2746 1663 Ἔδει
2777 1610 2954 1672 τοίνυν
2979 1608 3349 1678 παιδαγωγίας
3374 1603 3470 1680 μὲν
3487 1603 3587 1676 τῆς
3613 1609 3668 1660 tv
3689 1604 3892 1666 τύποις»

2326 1700 2409 1761 ἔτι
2459 1699 2691 1770 νηπίοις,
2717 1699 2818 1760 «καὶ
2868 1699 2932 1750 ἵν’
2966 1697 3139 1761 οὕτως
3167 1698 3433 1768 εἴπωμεν,
3481 1697 3894 1768 τρυφερωτέρας

2330 1794 2663 1864 ἀνατροφῆς,
2697 1795 2817 1863 οὐχὶ
2845 1793 2940 1846 τοῦ
2995 1794 3130 1864 πρὸς
3179 1781 3489 1864 τελειότητα
3527 1791 3896 1850 διατάττοντος

2331 1887 2509 1954 λόγου,
2539 1886 2630 1938 καὶ
2653 1883 3011 1953 ἀποκομίζειν
3051 1883 3162 1934 οἴου
3186 1900 3246 1935 τε
3273 1881 3408 1954 πρὸς
3436 1881 3496 1934 τὸ
3524 1881 3726 1951 ἀρτίως
3751 1880 3892 1949 ἔχον.

664 2002 864 2049 statum
899 1988 1246 2061 perduceret.
1284 1985 1361 2038 lta
1395 1997 1527 2036 vero
1553 1983 1701 2035 leves
1721 1994 1784 2034 ac
1822 1975 2053 2046 stupidi,
2083 1972 2224 2028 etad

2344 1951 2598 2046 Ἐλαφροὶ
2630 1974 2686 2026 δὲ
2715 1951 2885 2036 οὕτως
2917 1974 3011 2027 καὶ
3040 1951 3486 2044 όλιγογνώμονες,
3515 1973 3606 2024 καὶ⁵
3635 1970 3771 2042 πρὸς
3794 1973 3898 2023 πᾶν

663 2085 846 2141 omnia
878 2078 1350 2152 perturbationum
1375 2089 1575 2144 genera
1608 2067 2226 2139 facilesdeprehendun-

664 2187 754 2231 tur
785 2173 882 2228 ﬁlii
916 2168 1104 2232 Israel,
1152 2176 1233 2230 ut,
1290 2165 1337 2220 si
1392 2164 1682 2233 diligenter
1715 2175 1904 2216 eorum
1947 2173 2129 2212 mores
2166 2171 2228 2210 ac

663 2262 845 2320 studia
871 2256 1302 2331 perpendantur,
1338 2266 1408 2306 ne
1443 2249 1635 2304 umbra
1667 2246 1886 2316 quidem
1928 2244 2044 2314 ipsa
2077 2240 2226 2311 digni

661 2346 1215 2415 estimenturquue
1245 2344 1454 2414 Moyses
1499 2339 1776 2403 ostendit;
1828 2336 1939 2391 Deo
1991 2347 2226 2402 namque

659 2447 744 2502 sic
765 2439 1136 2515 pracipiente,
1201 2434 1449 2489 ascendit
1491 2432 1582 2487 ille
1637 2431 1691 2484 in
1740 2437 2001 2490 montem,
2053 2425 2226 2494 legem

663 2543 1040 2606 suscepturus.
1112 2530 1183 2584 At
1235 2527 1293 2582 hi
1345 2524 1529 2580 statim
1573 2523 1628 2576 in
1668 2520 2030 2576 defectionem
2092 2515 2226 2585 lapsi

659 2634 836 2692 sunt;
869 2622 1040 2679 vitulo
1071 2631 1306 2686 namque
1346 2613 1602 2676 conﬂato,
1653 2611 1835 2665 dicere
1873 2608 2058 2663 miseri
2107 2607 2224 2664 ausi

661 2723 822 2772 sunt:
869 2711 975 2768 «lii
1019 2716 1148 2764 sunt
1193 2707 1268 2762 dii
1320 2705 1425 2770 tui,
1458 2703 1646 2766 Israel,
1684 2701 1778 2772 qui
1836 2711 1887 2754 te
1918 2700 2227 2754 eduxerunt

660 2820 730 2861 ex
787 2812 933 2858 terra
977 2798 1195 2870 Egypti
1226 2797 1292 2849 ὀ.
1325 2814 1342 2845 ι
1372 2793 1636 2859 Quocirca
1697 2800 1900 2844 tantam
1951 2788 2224 2842 levitatem

660 2895 876 2966 Moyses
899 2890 1121 2960 indigne
1163 2887 1349 2944 ferens
1370 2925 1384 2949 ,
1415 2882 1626 2938 tabulas
1655 2881 1921 2950 confregit
1946 2880 2001 2933 in
2026 2878 2226 2948 quibus

661 2988 748 3042 lex
766 2991 886 3041 erat
914 2981 1189 3049 descripta
1214 2995 1228 3043 ;
1267 2992 1378 3032 non
1408 2977 1519 3045 jam
1553 2973 1743 3026 umbra
1762 2971 1987 3040 quidem
2033 2979 2129 3025 aut
2157 2969 2221 3022 [i-

659 3076 832 3148 guris,
866 3072 963 3128 sed
994 3086 1064 3125 ne
1093 3070 1202 3123 ulla
1229 3067 1453 3137 quidem
1495 3064 1748 3118 doctrina
1791 3061 2002 3117 caelesti
2032 3060 2225 3130 dignos

659 3182 758 3223 eos
793 3177 1048 3225 censeris,
1076 3160 1170 3230 qui
1195 3173 1260 3212 eo
1296 3155 1536 3226 stuporis
1583 3153 1888 3215 venissent,
1946 3160 2007 3205 ut
2043 3159 2222 3204 tanto-

663 3272 784 3312 rum
815 3252 973 3309 obliti
1028 3248 1442 3307 miraculorum,
1475 3259 1596 3315 quae
1636 3242 1816 3296 divina
1870 3241 1924 3293 vi
1979 3241 2222 3311 ipsorum

662 3361 825 3403 causa
859 3353 1008 3416 gesta
1025 3348 1201 3404 erant,
1223 3338 1394 3392 vitulo
1433 3350 1622 3390 rursus
1669 3333 2076 3388 venerationem
2125 3330 2223 3386 de-

661 3438 890 3497 ferrent,
929 3442 986 3488 et
1009 3430 1321 3500 Egyptium
1360 3424 1514 3478 illum
1545 3423 1750 3476 cultum
1777 3421 2041 3475 memoria
2065 3435 2224 3489 repe-

663 3521 1139 3582 terent.Porroin
1195 3517 1397 3574 tabulis
1435 3513 1667 3584 lapideis
1722 3511 2047 3566 adumbrata
2105 3519 2221 3564 tum

661 3624 782 3674 erat
810 3612 1091 3669 veteribus
1128 3611 1215 3664 lex
1246 3609 1345 3662 Dei
1389 3605 1581 3675 digito,
1618 3610 1679 3656 ut
1726 3600 1990 3670 scriptum
2033 3601 2091 3669 8
2120 3609 2222 3653 est.

664 3706 770 3763 Sed
787 3704 880 3760 illa
902 3702 1075 3773 ﬁgura
1100 3707 1257 3755 erant
1277 3711 1469 3752 eorum
1502 3709 1623 3764 quae
1644 3692 1786 3763 apud
1811 3706 1911 3746 nos
1928 3691 1980 3744 in
2008 3689 2226 3750 Christo

661 3793 900 3866 perfecta
915 3805 1035 3845 esse
1049 3788 1349 3844 creduntur
1373 3803 1386 3838 :
1412 3783 1677 3839 describit
1699 3781 1847 3849 enim
1871 3779 2225 3848 quodammo-

663 3883 736 3954 do
755 3881 812 3937 in
831 3879 992 3936 nobis
1010 3877 1307 3932 voluntatis
1333 3890 1445 3930 sum
1470 3873 1839 3943 cognitionem
1864 3871 1956 3925 ille
1979 3869 2222 3924 omnium

662 3972 925 4027 Dominus
955 3970 1121 4038 Deus,
1159 3977 1415 4036 tanquam
1440 3963 1646 4019 calamo
1667 3971 1830 4031 utens
1856 3975 1956 4013 suo
1987 3958 2121 4012 Filio
2168 3957 2223 4012 in

662 4062 890 4134 Spiritu.
925 4060 1019 4117 Sic
1054 4059 1200 4114 enim
1242 4057 1420 4128 ipsum
1452 4054 1747 4126 appellavit
1778 4068 1875 4123 per
1930 4050 2098 4108 David
2143 4050 2230 4105 di--

661 4165 829 4206 oens:
871 4169 888 4200 ι
912 4149 1122 4219 Lingua
1148 4162 1267 4203 mea
1300 4146 1544 4200 calamus
1569 4143 1764 4198 scribae
1803 4141 2069 4203 velociter
2081 4140 2220 4196 scri-

661 4241 842 4298 bentis
876 4243 942 4293 ".
976 4261 994 4290 »
1032 4237 1318 4308 Inscripsit
1362 4236 1510 4291 enim
1575 4234 1629 4288 in
1663 4233 1912 4288 omnium
1961 4232 2222 4286 cordibus

662 4335 754 4389 ille
779 4333 1022 4388 calamus
1051 4329 1250 4393 Patris,
1276 4327 1330 4382 id
1357 4336 1442 4382 est
1493 4326 1682 4387 Filius,
1736 4323 1916 4377 omnis
1943 4323 2072 4378 boni
2126 4338 2220 4377 co-

662 4423 981 4494 gnitionem,
1011 4418 1167 4491 quasi
1197 4417 1366 4488 digito
1389 4414 1623 4486 quodam
1652 4414 1769 4476 Dei,
1811 4412 2016 4483 Spiritu
2047 4413 2222 4468 Patris

662 4528 726 4571 ac
751 4527 851 4567 suo
879 4525 1030 4564 usus.
1059 4509 1298 4579 Digitum
1326 4522 1558 4576 namque
1577 4508 1788 4564 vocavit
1813 4508 2076 4577 Spiritum
2103 4506 2217 4569 Dei,

2327 2067 2504 2121 ὁτιοῦν
2534 2065 2744 2118 εῦκολοι
2775 2065 2882 2118 τῶν
2915 2065 3123 2130 παθῶν,
3169 2065 3344 2117 ἁλοῖεν
3372 2062 3436 2118 ἂν
3459 2065 3509 2116 οί
3539 2062 3600 2126 ἐξ
3645 2061 3894 2132 Ἰσραήλ·

2327 2160 2402 2222 ὼς
2435 2157 2592 2229 εἴπερ
2621 2176 2703 2221 τις
2732 2159 2788 2210 ὲν
2814 2158 2994 2219 αὐτοῖς
3020 2156 3251 2228 ἀκριϐὴς
3279 2153 3346 2227 ἦν
3379 2155 3608 2226 βάσανος
3627 2153 3774 2224 ἠθῶν
3804 2153 3897 2206 καὶ

2330 2251 2765 2321 ἐγχειρημάτων,
2805 2251 2926 2303 οὐδὲ
2979 2250 3044 2302 ἂν
3087 2245 3242 2318 οἶμαι
3278 2250 3434 2317 σκιᾶς
3485 2247 3732 2318 ὴξίωντο.
3791 2246 3896 2300 Καὶ

2327 2344 2484 2397 τοῦτο
2525 2344 2757 2413 δέδειχεν
2787 2344 2816 2395 ὁ
2848 2343 3072 2412 Μωσῆς.
3113 2339 3249 2393 Θεοῦ
3291 2339 3399 2410 γὰρ
3444 2337 3894 2409 προστάττοντος,

2325 2435 2549 2505 ἀνέθορε
2583 2434 2681 2505 μὲν
2712 2435 2792 2499 είς
2817 2433 2878 2486 τὸ
2903 2432 3028 2502 ὅρος
3066 2431 3248 2496 αὐτὸς,
3269 2430 3360 2483 τὸν
3389 2430 3550 2500 νόμον
3579 2427 3897 2498 ῦποδεξόμιο

2326 2543 2435 2588 νος.
2478 2525 2622 2578 Οίδὲ
2673 2526 3016 2595 παραχρῆμα
3063 2519 3398 2574 κατώλισθον
3448 2521 3527 2582 είς
3577 2519 3892 2575 ἀπόστασιν.

2326 2617 2849 2686 Μεμοσχοποιήκασι
2877 2614 3004 2683 γὰρ,
3035 2614 3201 2682 φάναι
3224 2629 3283 2665 τε
3306 2613 3354 2664 οί
3381 2611 3604 2666 δείλαιοι
3634 2604 3894 2680 τετολμῆ-

2327 2727 2485 2764 κασιν
2510 2726 2524 2740 ο
2564 2727 2583 2761 ι
2623 2703 2780 2762 Οὗτοι
2813 2709 2862 2760 οἱ
2908 2707 3018 2760 θεοί
3053 2724 3168 2768 σου,
3207 2704 3443 2777 Ἰσραὴλ,
3476 2703 3670 2765 οἵτινες
3698 2703 3896 2772 ἀνήγο-

2325 2802 2422 2870 γόν
2455 2818 2514 2864 σε
2553 2802 2618 2854 ὲκ
2643 2800 2746 2869 γῆς
2771 2798 3068 2868 Αἰγύπτου.
3100 2816 3120 2848 ι
3172 2797 3296 2850 Ἐπὶ
3332 2791 3426 2849 οὖν
3459 2796 3579 2857 ταῖς
3612 2792 3755 2846 οὕτω
3793 2791 3897 2845 δει-

2326 2896 2444 2956 ναῖς
2470 2893 2754 2961 ὲλαφρίαις
2781 2890 3066 2962 ἐδυσφόρει
3104 2889 3202 2958 μὲν
3236 2889 3262 2939 ὁ
3290 2887 3516 2956 Μωσῆς,
3545 2885 3894 2955 κατερῤήγνυ

2325 2986 2380 3038 δὲ
2409 2984 2509 3047 τὰς
2537 2983 2768 3046 πλάκας,
2818 2985 2876 3035 ὲν
2905 2976 2993 3045 αἷς
3022 2976 3090 3051 ἦν
3122 2982 3150 3032 ό
3183 2978 3368 3048 νόμος,
3404 2977 3526 3040 οὐδὲ
3557 2976 3713 3038 σκιᾶς
3736 2975 3771 3045 ἢ
3803 2973 3896 3026 τύο

2327 3088 2466 3134 πων,
2492 3070 2524 3141 ἢ
2555 3069 2655 3122 κᾶν
2677 3067 2805 3136 γοῦν
2821 3068 2958 3130 ὅλως
2979 3067 3352 3135 παιδαγωγίας
3367 3065 3465 3133 τῆς
3489 3063 3694 3119 ἄνωθεν
3712 3061 3896 3126 ἀξίους

2327 3155 2465 3214 εἶναι
2493 3157 2718 3228 νομίσας
2751 3158 2877 3220 τοὺς
2903 3150 2984 3229 οἷς
3033 3172 3094 3226 γε
3124 3155 3375 3209 τοσοῦτον
3401 3153 3750 3223 ἀπόπληκτος
3773 3146 3842 3223 ἦν
3869 3153 3897 3204 ό

2328 3250 2471 3316 νοῦς,
2507 3249 2582 3311 ὼς
2610 3248 2992 3318 ἀμνημονῆσαι
3041 3247 3138 3316 μὲν
3172 3246 3279 3299 τῶν
3319 3244 3461 3299 οῦτω
3509 3243 3896 3313 τεθαυμασμέ-

2330 3358 2455 3404 νων,
2487 3338 2524 3393 ἆ
2543 3339 2631 3393 διὰ
2652 3339 2749 3409 τῆς
2773 3337 2922 3401 θείας
2943 3337 3123 3407 ἰσχύος
3156 3336 3296 3407 ὑπὲρ
3317 3335 3496 3388 αὐτῶν
3516 3335 3893 3404 ὲξεπράττετο,

2332 3432 2524 3502 μόσχῳ
2581 3431 2638 3485 δὲ
2681 3430 2742 3484 τὸ
2807 3429 2970 3492 σέϐας
3012 3427 3288 3482 ἀναθεῖναι
3333 3426 3513 3489 πάλιν,
3553 3425 3645 3479 καὶ
3685 3423 3788 3493 τῆς
3840 3424 3896 3475 ἂν

2327 3523 2586 3591 Αίγύπτῳ
2639 3521 2891 3592 λατρείας
2931 3519 3104 3572 ἐλθεῖν
3157 3521 3214 3580 ἐς
3263 3519 3589 3588 ἀνάμνησιν.
3649 3516 3789 3568 Ἀλλ’
3840 3516 3896 3571 ιν

2330 3612 2492 3675 πλαξὶ
2521 3613 2619 3680 μὲν
2646 3611 2874 3675 λιθίναις
2897 3612 3313 3680 ὲσκιογραιρεῖτο
3331 3610 3452 3663 τότε
3480 3612 3593 3672 τοῖς
3613 3606 3898 3679 ἀρχαιοτέ-

2327 3719 2443 3773 ροις
2475 3702 2502 3754 ό
2529 3702 2692 3771 νόμος
2722 3701 2780 3755 ὲν
2805 3700 3051 3770 δακτύλῳ
3081 3701 3238 3762 Θεοῦ,
3267 3700 3411 3754 καθά
3434 3700 3761 3769 γέγραπται.
3795 3698 3898 3752 Τύ-

2328 3808 2429 3856 πος
2451 3792 2508 3846 δὲ
2541 3788 2608 3863 ἦν
2637 3795 2820 3848 ἐκεῖνα
2851 3793 2958 3847 τῶν
2988 3791 3107 3846 καθ’
3143 3792 3292 3862 ἡμᾶς
3311 3792 3370 3844 ἐν
3399 3789 3618 3860 Χριστῷ
3648 3788 3897 3857 γενέσθαι

2328 3884 2796 3954 πεπιστευμένων.
2825 3883 3182 3953 Καταγράιρει
3211 3883 3320 3953 γὰρ
3347 3883 3533 3952 ὥσπερ
3560 3882 3618 3934 έν
3639 3882 3769 3950 ημῖν
3796 3880 3896 3949 τῆς

2328 3975 2521 4028 ἑαυτοῦ
2550 3974 2745 4046 βουλῆς
2765 3974 2864 4045 τὴν
2896 3974 3100 4045 εἴδησιν
3129 3977 3157 4028 ό
3183 3975 3400 4030 πάντων
3435 3973 3711 4041 Δεσπότης
3737 3971 3894 4032 Θεὸς,

2326 4066 2487 4120 οίονεὶ
2511 4066 2741 4135 καλάμῳ
2770 4064 3048 4135 χρώμενος
3071 4063 3148 4134 τῷ
3179 4063 3292 4134 Υίῷ
3320 4065 3378 4115 ὲν
3414 4062 3708 4132 Πνεύματι.
3755 4062 3896 4114 Ὠνόο

2327 4156 2468 4228 μαζε
2524 4156 2632 4226 γὰρ
2683 4155 2856 4219 οὓτως
2895 4155 3055 4210 αὑτὸν
3101 4154 3187 4208 διὰ
3238 4155 3421 4217 Δαϐὶδ,
3479 4154 3675 4221 λέγων·
3739 4171 3760 4206 ι
3834 4153 3895 4206 Ἠ

2327 4247 2549 4314 γλῶσσά
2589 4262 2691 4316 μου
2761 4244 3002 4313 κάλαμος
3053 4243 3425 4314 γραμματέως
3480 4242 3812 4313 ὸξυγράφου.
3870 4259 3888 4294 ι

2338 4332 2659 4404 Ἐνεχάραξε
2685 4331 2792 4403 γὰρ
2823 4335 2942 4394 ταῖς
2964 4331 3214 4384 ἁπάντων
3243 4330 3488 4402 καρδίαις
3508 4334 3536 4384 ό
3560 4330 3650 4388 τοῦ
3683 4329 3894 4400 Πατρὸς

2326 4426 2590 4495 κάλαμος,
2626 4424 2771 4476 τοῦτ’
2819 4424 2986 4484 ἐστιν,
3032 4425 3061 4475 ὁ
3105 4423 3254 4487 Υίὺς,
3290 4421 3387 4492 τὴν
3444 4420 3642 4483 παντὸς
3691 4421 3894 4491 εῖδησιν

2326 4511 2553 4580 ἀγαθοῦ,
2589 4511 2749 4564 οίονεί
2781 4529 2883 4565 τινι
2911 4511 3158 4582 δακτύλῳ
3179 4510 3334 4574 Θεοῦ,
3357 4510 3434 4580 τῷ
3458 4527 3517 4564 τε
3540 4509 3632 4562 τοῦ
3661 4509 3891 4579 Πατρδς,

664 4615 810 4657 nunc
831 4599 1053 4669 quidem
1084 4599 1306 4653 dicens:
1345 4618 1362 4652 ι
1391 4598 1448 4652 Si
1486 4613 1584 4669 ego
1613 4601 1668 4652 in
1709 4599 1914 4670 Spiritu
1944 4600 2038 4653 Dei
2063 4599 2221 4668 ejicio

2327 4605 2420 4657 καὶ
2449 4603 2526 4674 τῷ
2551 4604 2667 4673 ίδίῳ
2692 4604 2971 4675 χρώμενος
3004 4603 3302 4673 Πνεύματι.
3333 4600 3600 4654 Δάκτυλον
3624 4599 3732 4670 γὰρ
3758 4600 3892 4652 (bvo-

661 4691 928 4747 dsemonia
967 4691 1043 4756 υς
1075 4709 1093 4742 ι
1151 4705 1300 4745 nunc
1334 4705 1503 4745 vero:
1546 4709 1564 4741 ι
1593 4689 1648 4744 Si
1695 4698 1877 4744 autem
1907 4705 2005 4759 ego
2036 4691 2090 4743 in
2139 4691 2224 4744 di-

659 4784 770 4854 gito
793 4783 890 4837 Dei
942 4781 1104 4852 ejicio
1159 4782 1426 4852 daemonia
1456 4783 1559 4834 ²³.›
1603 4781 1900 4850 Epistolam
1950 4798 2080 4836 vero
2124 4798 2225 4850 nos

659 4875 998 4947 spiritualem
1053 4875 1219 4928 etiam
1250 4875 1452 4929 Paulus
1501 4874 1820 4947 appellavit,
1873 4890 1998 4929 cum
2047 4875 2220 4930 dixit:

666 4986 685 5018 ο
720 4966 961 5037 Epistola
1002 4974 1186 5018 nostra
1231 4981 1326 5020 vos
1374 4966 1505 5020 estis
1557 4966 1817 5037 inscripta
1858 4968 1912 5022 in
1967 4967 2226 5024 cordibus

657 5056 882 5120 nostris,
907 5071 1028 5125 qua!
1063 5057 1235 5122 scitur
1256 5064 1311 5111 et
1356 5056 1557 5127 legitur
1595 5059 1664 5112 ab
1698 5059 1954 5113 omnibus
1983 5058 2223 5113 homini-

658 5141 783 5209 bus,
811 5145 1144 5213 manifestati
1183 5145 1327 5215 quod
1354 5146 1585 5216 epistola
1627 5149 1760 5202 estis
1798 5147 2024 5210 Christi,
2059 5147 2222 5200 mini-

658 5243 829 5304 strata
859 5251 888 5288 a
924 5236 1105 5300 nobis,
1142 5248 1198 5291 et
1231 5238 1436 5307 scripta
1477 5251 1584 5291 non
1620 5247 1945 5301 atramento,
1969 5237 2062 5291 sed
2099 5237 2222 5308 Spi-

659 5324 769 5377 ritu
799 5324 896 5378 Dei
942 5326 1210 5394 viventis;
1242 5343 1350 5382 non
1385 5329 1440 5382 in
1478 5329 1678 5384 tabulis
1726 5330 1980 5398 lapideis,
2029 5329 2124 5383 sed
2168 5330 2223 5384 in

656 5415 862 5470 tabulis
897 5415 1076 5471 cordis
1102 5419 1413 5472 carnalibus
1441 5420 1504 5470 “.
1534 5440 1551 5471 ι

729 5677 933 5732 PALL.
965 5679 1231 5749 Equidem
1291 5685 1584 5749 assentior,
1627 5687 1828 5756 ﬁguras
1881 5704 2000 5743 esse
2058 5703 2219 5762 atque

729 5800 771 5830 Ill
797 5799 930 5830 DLH:

729 5800 771 5830 "’
796 5799 1030 5901 Philipp.
1059 5816 1136 5861 ιιι,
1160 5801 1246 5854 20.
1327 5803 1368 5834 ¹⁹
1399 5803 1475 5856 lle

657 5884 730 5925 ιι.
771 5867 860 5926 20.
967 5871 984 5900 ⁵
1021 5869 1063 5923 ll
1093 5869 1216 5924 Cor.
1242 5885 1318 5934 ιιι,
1341 5870 1395 5935 2,
1424 5871 1475 5925 '5.

2327 4711 2464 4765 μασε
2497 4695 2556 4756 τὺ
2583 4693 2809 4763 Πνεῦμα
2826 4693 2983 4758 Θεοῦ,
3011 4694 3203 4760 λέγων,
3235 4692 3364 4745 ποτὲ
3400 4692 3528 4762 μὲν,
3561 4709 3581 4744 ι
3620 4691 3682 4744 El
3709 4690 3767 4744 δὲ
3787 4689 3896 4757 ἐγὼ

2321 4789 2379 4838 ὲν
2412 4784 2693 4854 Πνεύματι
2726 4783 2861 4838 Θεοῦ
2890 4783 3136 4838 ἐκϐάλλω
3165 4784 3234 4836 τὰ
3271 4782 3552 4852 δαιμόνια·
3607 4800 3626 4834 ι
3669 4780 3802 4838 ποτε
3837 4780 3894 4832 δὲ

2321 4873 2414 4940 αὖ,
2449 4894 2466 4928 ι
2500 4878 2563 4932 El
2587 4877 2715 4930 δὲέν
2751 4874 3000 4945 δακτύλῳ
3027 4874 3164 4927 Θεοῦ
3189 4873 3436 4928 ἐκϐάλλω
3459 4872 3528 4927 τά
3559 4871 3829 4940 δαιμόνια.
3870 4887 3890 4920 ›

2335 4967 2652 5037 Ἐπιστολὴν
2685 4967 2741 5020 δὲ
2775 4968 2922 5038 ἡμᾶς
2957 4966 3056 5036 τὴν
3095 4964 3468 5036 πνευματικὴν
3497 4963 3590 5024 καὶ
3619 4965 3648 5018 ό
3684 4961 3893 5024 Παῦλος

2321 5061 2719 5128 έκάλει,λέγων
2739 5076 2751 5089 ’
2786 5078 2804 5112 ι
2848 5060 2912 5112 Ἠ
2943 5058 3200 5128 ἐπιστολὴ
3227 5057 3384 5128 ἡμῶν
3404 5057 3558 5126 ὑμεῖς
3588 5056 3709 5108 ἔστε
3737 5057 3893 5122 ἐγγε-

2322 5152 2616 5223 γραμμένη
2649 5155 2707 5203 έν
2740 5153 2862 5214 ταῖς
2897 5151 3146 5220 καρδίαις
3175 5150 3351 5219 ἡμῶν,
3385 5145 3762 5215 γινωσκομένη
3803 5145 3893 5199 καὶ

2321 5243 2802 5313 ἀναγινωσκομένη
2835 5241 2941 5294 ὑπὸ
2963 5242 3181 5294 πάντων
3212 5238 3531 5309 ἀνθρώπων,
3558 5236 3891 5306 φανερούμε-

2321 5351 2401 5387 νοι
2429 5335 2512 5386 δτι
2536 5333 2658 5386 ἐστὶ
2679 5332 2932 5402 ἐπιστολὴ
2951 5331 3081 5384 Θεοῦ
3100 5329 3482 5401 διακονηθεῖσα
3504 5329 3594 5396 ὑφ’
3610 5328 3788 5398 ἡμῶν,
3807 5329 3890 5393 έγ-

2325 5424 2711 5494 γεγραμμένη.
2729 5425 2788 5476 ού
2813 5423 3027 5494 μέλανι,
3055 5423 3191 5477 ἀλλά
3220 5422 3494 5492 Πνεύματι
3515 5422 3648 5475 Θεοῦ
3671 5419 3890 5486 ζῶντος,

2328 5517 2428 5570 οὐκ
2450 5517 2507 5566 ὲν
2532 5514 2714 5580 πίναξι
2747 5514 2997 5579 λιθίναις,
3031 5513 3145 5572 ἀλλ’
3172 5516 3229 5568 έν
3260 5513 3421 5578 πλαξὶ
3459 5513 3686 5584 καρδίας
3708 5511 3887 5583 σαρκί-

2329 5623 2466 5668 ναις.
2513 5625 2529 5655 ι

2399 5697 2605 5750 ΠΑΛΔ.
2651 5695 2789 5749 Ἀλλ’
2838 5697 2918 5751 ὅτι
2964 5697 3063 5766 μὲν
3101 5694 3261 5750 τύποι
3299 5696 3393 5750 καὶ
3440 5696 3593 5748 σκιαὶ
3637 5694 3706 5747 τά
3755 5693 3887 5746 κατὰ

1019 5816 1136 5885 ζἰιι,
1160 5801 1246 5854 20.
1327 5803 1563 5885 ίξίξεῠι.
1599 5807 1859 5872 ν,12-14.
1923 5813 2165 5870 "Exod.
2223 5865 2225 5871 λ

2329 5835 2386 5885 ιι,
2423 5819 2473 5872 4.
2539 5820 2580 5852 ⁸⁸
2610 5819 2750 5874 Psal.
2785 5836 2924 5885 xuv,
2961 5813 3044 5874 2.’
3119 5820 3162 5852 "
3183 5818 3372 5874 Matth.
3399 5833 3492 5885 xu,
3514 5817 3602 5873 27.
3680 5817 3725 5850 "
3758 5815 3882 5871 Luc.
