4154 6498
259 353 344 407 ιιι
991 351 1076 405 DE
1110 350 1548 408 ADORATI’ONE
1587 353 1654 407 IN
1695 353 1966 409 SPIRITU
1999 353 2087 407 ET
2123 353 2491 410 VERITATE.
2536 355 2662 410 LlB.
2703 357 2742 410 ῐ.

3389 356 3490 410 146

266 467 346 518 τὸν
369 475 542 530 νόμον,
573 462 740 532 φαίην
768 463 835 515 ἀν
865 478 958 517 και
999 464 1183 529 αὐτὸς,
1217 461 1274 518 εὖ
1305 464 1413 518 ῖσθι
1452 481 1555 520 τοι.
1585 466 1719 537 Φέρε
1747 465 1812 537 δὴ

1920 467 2165 531 umbras,
2189 483 2311 538 qua
2338 467 2456 539 lege
2483 468 2862 523 continentur.
2910 467 3018 524 Sed
3055 483 3172 538 age,
3211 466 3490 524 subtiliter

266 549 344 610 οὗν
361 551 544 606 λεπτόν
571 569 630 605 τε
652 555 746 607 καὶ
774 553 975 624 ἀκριϐῆ
1005 556 1118 617 τοῖς
1152 557 1210 608 ιν
1237 553 1393 626 τύπῳ
1423 557 1812 628 κεχρησμωδηο

266 647 425 718 μένοις
460 644 696 707 ἐνιέντες
722 646 816 698 τὸν
841 644 985 711 νοῦν,
1010 645 1551 718 πολυπραγμονῶμεν
1582 644 1640 701 εὖ
1665 647 1809 718 μάλα

263 740 345 805 τῆς
372 736 615 806 ἀληθείας
667 736 726 788 τὸ
774 736 986 801 κάλλος.
1034 737 1133 807 Είη
1177 737 1286 809 γὰρ
1331 738 1397 792 ἂν
1439 737 1580 792 οὕτω
1629 738 1810 791 λοιπὸν

261 827 412 882 οὐδενὶ
451 824 556 877 τῶν
608 825 776 878 ὅντων
822 826 1138 897 ἀσυμφανὲς
1175 829 1274 896 τῆς
1311 828 1368 881 ἐν
1415 828 1684 900 πνεύματι
1721 828 1811 881 λα-

261 916 426 988 τρείας
455 915 514 968 τὸ
544 916 862 986 μυστήριον.

324 1006 474 1060 ΚΥΡ.
500 1006 611 1058 Καὶ
633 1007 760 1076 μὴν,
779 1000 826 1059 ῶ
841 1010 1078 1073 γενναῖε,
1095 1007 1492 1078 καταπέφρικά
1508 1026 1589 1061 τοι
1608 1009 1811 1080 σφόδρα

262 1099 480 1161 εἰκότως,
507 1097 869 1152 δυσοκνότατά
897 1099 956 1151 τέ
995 1101 1106 1169 εἰμι
1137 1099 1272 1169 πρὸς
1303 1100 1462 1154 τοῦτο
1505 1101 1645 1154 λίαν.
1687 1098 1810 1155 Εἶεν

261 1189 353 1259 γὰρ
381 1182 529 1256 οἶμαί
554 1203 656 1239 που
684 1191 797 1250 τοῖς
828 1188 947 1241 καθ’
977 1189 1124 1259 ἡμᾶς
1139 1189 1236 1258 οὐχ
1260 1189 1615 1260 ἁλώσιμα,τά
1640 1189 1812 1253 οὕτως

259 1277 620 1346 ἀνῳκισμένην
667 1278 761 1330 καὶ
809 1278 1076 1349 ὑπερτενῆ
1129 1278 1363 1349 λαχόντα
1396 1281 1495 1350 τὴν
1555 1279 1808 1351 θεωρίαν.

260 1369 450 1438 Χρῆναι
498 1368 555 1421 δέ
608 1365 762 1438 οἶμαι
811 1369 990 1437 λέγειν
1024 1370 1488 1441 ἀνασκοπουμένῳ
1535 1371 1595 1423 τὸ
1651 1371 1812 1441 βάθος

256 1456 349 1510 τῶν
367 1458 421 1509 ἐν
447 1456 528 1524 τῷ
558 1456 706 1528 νόμῳ
728 1457 1106 1530 θεωρημάτων
1125 1477 1137 1491 ·
1177 1479 1195 1512 ‹
1229 1461 1324 1525 Τίς
1361 1461 1521 1530 σοφὸς
1551 1462 1646 1516 καὶ⁵
1689 1480 1806 1518 συν·

258 1553 362 1619 ﬁcu
392 1547 592 1616 ταῦτας
615 1549 710 1603 καὶ
736 1551 974 1614 συνετὸς,
1007 1552 1101 1604 καὶ
1121 1552 1484 1620 ἐπιγνώσεται
1506 1553 1677 1619 αὑτάς
1712 1573 1731 1606 ι

317 1730 517 1782 ΠΑΛΛ.
545 1728 658 1782 Ούκ
703 1730 914 1798 ἀτραχυ
952 1731 1050 1799 μὲν
1079 1729 1138 1782 τὸ
1185 1729 1389 1799 χρῆμα,
1425 1723 1469 1782 ῶ
1504 1731 1626 1783 τᾶν.
1670 1749 1688 1781 ι
1719 1731 1811 1782 Al-

1915 568 1970 614 et
1997 569 2274 622 accurate,
2311 573 2433 628 quze
2459 574 2558 629 per
2597 559 2798 631 ﬁguras
2829 559 3029 614 tradita
3058 569 3208 623 sunt,
3235 559 3488 615 animad-

1915 661 2211 714 vertamus,
2249 665 2311 706 ac
2342 651 2638 721 diligenter
2689 651 3082 722 investigemus
3148 651 3320 721 ipsam
3357 651 3488 722 pul-

1916 741 2288 796 chritudinem
2319 743 2602 798 veritatis:
2633 743 2707 797 ita
2761 743 2984 798 demum
3036 744 3244 799 nemini
3282 744 3486 799 obscu-

1914 849 2034 887 rum
2059 849 2178 888 esse
2213 833 2533 904 mysterium
2558 835 2740 890 cultus
2769 836 2825 889 in
2863 837 3060 906 spiritu
3084 835 3306 906 poterit.

1983 1011 2140 1066 CYR.
2181 1013 2450 1082 Equidem
2503 1013 2726 1077 horreo,
2757 1014 2998 1078 Palladi;
3059 1028 3236 1083 neque
3281 1012 3335 1067 id
3367 1012 3487 1067 alno

1914 1119 2096 1167 causa,
2139 1113 2194 1159 et
2217 1115 2435 1174 gravate
2477 1104 2773 1160 admodum
2811 1105 2877 1159 ad
2909 1106 3014 1160 hoc
3072 1120 3275 1159 munus
3326 1117 3485 1158 acce-

1914 1195 2004 1248 do.
2041 1194 2245 1249 Harum
2279 1195 2426 1250 enim
2447 1210 2634 1250 rerum
2671 1195 3068 1265 contemplatio
3098 1195 3171 1250 ita
3203 1193 3376 1248 ardua
3403 1201 3488 1248 est

1913 1295 2077 1362 atque
2113 1286 2413 1350 -sublimis,
2446 1295 2507 1342 ut
2539 1287 2782 1342 humano
2828 1286 3109 1341 intellectu
3156 1285 3247 1339 vix
3277 1284 3486 1356 percipi

1913 1384 2115 1446 queat:
2145 1393 2207 1432 ac
2234 1379 2279 1432 si
2310 1377 2435 1448 quis
2457 1377 2801 1433 altitudinem
2845 1376 3373 1446 contemplationum
3389 1389 3487 1430 ea-

1914 1485 2036 1524 rum
2089 1486 2210 1540 quae
2240 1471 2414 1526 latent
2455 1471 2512 1526 in
2563 1472 2702 1542 lege,
2739 1469 3066 1540 spectaverit
3107 1483 3216 1522 non
3247 1463 3486 1521 absurdo

1913 1561 2079 1616 verba
2113 1562 2204 1616 illa
2233 1577 2501 1632 usurpare
2530 1561 2732 1632 poterit
2760 1579 2773 1614 :
2815 1580 2833 1610 ι
2862 1560 2998 1627 Quis
3027 1560 3267 1630 sapiens,
3294 1566 3351 1613 et
3400 1557 3488 1612 ln-

1915 1654 2122 1724 telliget
2157 1653 2312 1708 haec?
2333 1663 2388 1709 et
2411 1653 2673 1724 prudens,
2705 1661 2761 1707 et
2782 1659 3076 1723 cognoscet
3102 1651 3219 1722 ipsa
3241 1652 3286 1683 "
3309 1650 3334 1703 τ
3354 1667 3373 1702 ι

1986 1744 2182 1799 PALL.
2213 1745 2467 1814 Magnum
2517 1760 2658 1815 opus
2681 1751 2737 1799 et
2785 1743 3042 1807 arduum,
3095 1740 3318 1812 Cyrille.
3378 1738 3488 1796 Sed

255 1822 379 1873 τιῖτε
412 1839 429 1869 ι
479 1819 537 1873 δὲ
571 1821 740 1892 ὅμως,
773 1824 938 1892 φησὶν
975 1823 1004 1874 ὀ
1053 1821 1308 1893 Χριστὸς,
1348 1839 1365 1872 ι
1405 1822 1497 1874 καὶ
1527 1820 1812 1891 δοθήσεται

1921 1854 1939 1886 ι
1965 1835 2164 1904 petite,
2194 1855 2211 1886 ι
2233 1835 2412 1905 inquit
2434 1834 2705 1898 Christus,
2743 1853 2760 1886 (
2787 1841 2842 1889 et
2865 1833 3085 1889 dabitur
3103 1832 3261 1888 vobis
3285 1849 3298 1896 ;
3335 1845 3488 1902 qus-

257 1914 400 1982 ὑμῖν·
431 1911 645 1981 ζητεῖτε
675 1913 768 1966 καὶ
809 1914 1095 1984 εὑρήσετε,
1145 1912 1369 1984 κρούετε
1401 1912 1496 1965 καὶ
1529 1913 1812 1983 ἀνοιγήσε-

255 2020 330 2056 ται
354 2003 494 2072 ύμῖν.
533 2021 552 2055 ι

317 2095 468 2148 ΚΥΡ.
520 2095 680 2148 ἰτέον
710 2094 774 2166 δὴ
821 2091 914 2149 οὖν
950 2097 1041 2148 ἐπὶ
1072 2095 1130 2149 τὸ
1161 2097 1355 2168 χρῆναι
1401 2097 1711 2166 φιλοθηρεῖν
1751 2095 1814 2148 τὸ

253 2184 422 2240 τελοῦν
448 2187 532 2247 είς
561 2185 745 2255 ὄνησιν
769 2200 782 2213 ⁸
815 2187 910 2239 καὶ
953 2186 1018 2257 δὴ
1052 2188 1146 2240 καὶ
1182 2187 1460 2258 ἱκετηρίαν
1489 2186 1811 2257 προανατεί-

256 2293 416 2346 νωμεν
437 2275 691 2344 λέγοντες
712 2295 724 2306 ·
756 2296 775 2328 ι
822 2279 1198 2349 Ἀποκάλυψον
1219 2281 1341 2342 τοὺς
1355 2277 1667 2349 ὀφθαλμούς
1687 2295 1810 2348 μου,

257 2369 340 2420 καὶ
367 2369 688 2439 κατανοήσω
717 2369 787 2421 τὰ
811 2369 1092 2440 θαυμάσιά
1118 2387 1210 2424 σου
1246 2372 1310 2424 ἐκ
1333 2371 1426 2424 τοῦ
1458 2371 1622 2441 νόμου
1649 2387 1763 2424 σου.
1787 2388 1806 2422 ι

253 2462 334 2511 Δεῖ
354 2458 405 2511 δέ
440 2459 616 2530 ἡμᾶς,
650 2459 726 2523 ῶς
754 2459 919 2522 ἔοικε,
953 2461 1059 2530 πρό
1083 2479 1145 2528 γε
1174 2462 1280 2514 τῶν
1304 2462 1478 2516 ἀλλων
1505 2462 1813 2531 είπεῖν,τήν

254 2565 303 2601 τι
329 2551 401 2611 είς
417 2549 734 2619 φαυλότητα
749 2551 843 2603 τοῦ
862 2550 1147 2620 ἀνθρώπου
1172 2567 1247 2604 πα
1257 2552 1552 2623 ρατροπὴν,
1573 2550 1814 2612 δουλείας

251 2657 303 2692 τι
332 2641 469 2710 πέρι,
500 2641 598 2693 καὶ
621 2642 998 2711 αἰχμαλωσίας
1018 2643 1118 2712 τῆς
1144 2641 1249 2695 ὑπὸ
1267 2642 1344 2711 τῷ
1365 2642 1582 2696 πάντων
1609 2640 1811 2712 ἐχθρῷ,

253 2731 384 2794 ὅπως
416 2748 472 2784 τε
521 2733 619 2784 καὶ
648 2733 768 2784 τίνα
812 2732 1013 2803 τρόπον
1060 2734 1219 2786 ταυτὶ
1253 2733 1382 2803 παρ’
1425 2733 1587 2803 ἡμῶν
1625 2733 1721 2785 καὶ
1755 2734 1820 2785 ἐν-

252 2826 367 2892 ἠμῖν
406 2823 795 2895 ἐκπράττεται.
851 2827 1251 2895 Προσεπειπεῖν
1300 2825 1356 2877 δὲ
1400 2826 1465 2895 δὴ
1518 2824 1680 2888 οὕτω,
1714 2826 1811 2877 καὶ

251 2916 358 2968 τίνα
379 2917 478 2987 χρὴ
503 2917 710 2986 τρόπον
724 2917 1008 2971 ἀπονεύειν
1019 2917 1112 2970 τού
1135 2917 1328 2980 κακοῦ,
1354 2917 1446 2970 καὶ
1460 2918 1813 2970 ἀποσείεσθαι

255 3005 342 3074 μὲν
365 3007 459 3076 τῆς
491 3006 587 3058 ἐπ’
616 3007 808 3077 ἐκείνῳ
851 3007 1094 3070 δουλείας
1116 3007 1208 3059 τδν
1236 3006 1419 3074 ζυγὸν,
1441 3007 1812 3079 ἀναθρώσκειν

250 3094 300 3147 δὲ
314 3090 374 3147 αὗ
397 3095 530 3165 πρὸς
551 3096 615 3149 τὸ
639 3097 694 3148 ἐν
719 3098 936 3167 ἀρχαῖς,
959 3096 1315 3160 διασώζοντος
1328 3097 1420 3151 καὶ
1442 3097 1810 3168 ἐπαμύνοντος

250 3184 329 3238 τοῦ
361 3186 514 3240 Θεοῦ.
569 3187 707 3256 Τῇδε
754 3187 862 3258 γὰρ
905 3189 1037 3258 ἡμῖν
1069 3188 1239 3250 ίόντος
1278 3186 1374 3242 τοῦ
1403 3188 1562 3256 λόγου
1592 3187 1697 3259 ὁδῷ
1739 3191 1804 3259 τῇ

252 3276 542 3349 πρεπούσῃ,
576 3279 842 3346 προσήκοι
878 3277 964 3340 ἂν,
994 3273 1169 3347 οἶμαι,
1193 3279 1286 3332 καὶ
1315 3280 1382 3332 τὰ
1413 3279 1594 3334 λοιπά.

311 3369 507 3421 ΠΑΛΛ.
559 3368 851 3437 Ὀρθότατα
882 3370 1086 3440 διανοῇ.

310 3458 465 3514 ΚΥΡ.
506 3457 590 3511 Τὸ
616 3459 724 3528 γάρ
752 3476 835 3512 τοι
877 3462 1250 3530 καρποφορεῖν
1289 3459 1549 3514 δύνασθαι
1582 3461 1660 3531 τῷ
1693 3460 1812 3530 Θεῷ

251 3549 334 3602 καὶ
374 3548 676 3618 προσάγειν
705 3548 894 3610 θυσίας
939 3550 1333 3619 πνευματικὰς,
1363 3551 1530 3620 ἦγουν
1569 3551 1812 3622 ἀνδρίζε-

254 3639 402 3703 σθαι,
434 3640 532 3692 καὶ
563 3639 893 3709 εὐδοκιμεῖν,
927 3640 1224 3710 κατορθοῦν
1253 3641 1533 3704 ἐθέλοντας
1569 3643 1666 3713 τὴν
1689 3643 1814 3713 ἀρε-

250 3729 355 3799 τὴν,
403 3730 524 3800 ούχὶ
562 3731 735 3799 δήπου
775 3731 973 3800 πρέποι
1019 3733 1085 3785 ἂν
1117 3734 1228 3795 τοῖς
1263 3731 1404 3785 οὕτω
1441 3733 1682 3797 δουλείας
1720 3734 1814 3786 καὶ

251 3816 420 3868 παθῶν
450 3818 704 3886 ἀνάγκης
736 3817 1210 3888 ἀπηλλαγμένοις,
1244 3820 1357 3872 ἀλλ’
1384 3815 1466 3884 οἷς
1497 3821 1596 3892 ήδη
1638 3839 1754 3885 πως
1786 3824 1814 3875 δ

251 3908 360 3972 νοῦς
385 3909 556 3977 ἀνανή
567 3925 655 3976 φει
677 3910 813 3979 πρὸς
829 3909 890 3962 τὸ
913 3909 1211 3978 ἐλεύθερον,
1245 3911 1465 3965 καὶ-οὑκ
1485 3912 1815 3984 ἀμελέτητον

251 4002 348 4070 ἔχει
365 4002 422 4055 τὸ
437 4001 794 4057 ἀποσείεσθαι
817 4001 906 4058 τὸν
926 4001 1086 4070 ζυγὸν
1111 4002 1208 4071 τῆς
1228 4002 1323 4055 τοῦ
1353 4002 1611 4060 διαϐόλου.
1625 4005 1816 4058 πλεον-

249 4089 402 4155 ιξίας.

309 4183 510 4236 ΠΑΛΛ.
549 4181 839 4252 Σύμφημν,
869 4184 1008 4246 νοεῖς
1031 4183 1140 4254 γάρ
1164 4183 1359 4254 ὀρθῶς.

310 4275 466 4330 ΚΥΡ.
499 4273 618 4328 Καὶ
655 4275 719 4345 δὴ
752 4274 846 4328 καὶ
873 4274 1140 4345 λέγωμεν,
1177 4274 1252 4338 ὡς
1303 4276 1593 4348 πεποίηται
1644 4278 1742 4348 μὲν
1789 4279 1816 4330 ὁ

250 4365 520 4437 ἄνθρωπος
552 4368 614 4419 ἐν
647 4366 866 4436 ἀρχαῖς,
904 4367 1177 4437 ἁμαρτίας
1207 4366 1307 4438 μὲν
1331 4368 1426 4423 καὶ
1457 4369 1646 4423 παθῶν
1676 4371 1818 4424 ἀνω-

1915 1926 2040 1991 rite,
2073 1934 2129 1980 et
2152 1925 2444 1982 invenietis
2470 1942 2484 1990 ;
2529 1925 2746 1995 pulsate
2768 1965 2782 1990 ,
2818 1933 2874 1980 et
2893 1924 3170 1995 aperietur
3197 1920 3433 1978 vobis".
3461 1939 3480 1972 ι

1982 2104 2138 2159 CYR.
2167 2105 2508 2175 Pergendum
2535 2103 2700 2176 igitur
2736 2104 2896 2158 nobis
2934 2113 3020 2158 est
3053 2101 3122 2158 ad
3164 2116 3228 2157 ea
3256 2101 3487 2158 investi-

1913 2194 2087 2264 ganda
2143 2210 2265 2264 qua:
2311 2195 2603 2249 utilitatem
2641 2195 2841 2250 afferre
2892 2203 3141 2263 possunt,
3198 2208 3262 2248 ac
3297 2207 3489 2261 preces

1914 2283 2332 2353 praemittamus,
2365 2283 2650 2338 dicentes:
2691 2303 2708 2334 ι
2738 2284 2940 2339 Revela
2987 2282 3178 2338 oculos
3226 2297 3398 2346 meos,
3432 2291 3489 2337 et

1914 2370 2280 2426 considerabo
2310 2371 2586 2426 mirabilia
2640 2370 2708 2426 de
2746 2372 2864 2442 lege
2916 2381 3008 2426 tua
3033 2372 3100 2424 ".
3123 2390 3141 2422 ι
3195 2371 3338 2426 Ante
3379 2370 3488 2424 alla

1917 2461 2086 2530 igitur
2129 2459 2425 2515 dicendum
2469 2460 2631 2516 nobis
2673 2469 2760 2516 est
2809 2460 2876 2515 de
2930 2461 3085 2530 lapsu
3125 2458 3368 2515 hominis
3427 2460 3486 2514 in

1913 2562 2232 2621 peccatum,
2261 2553 2439 2622 deque
2491 2553 2756 2608 servitute
2801 2561 2966 2623 atque
3018 2551 3340 2622 captivitate
3379 2565 3487 2619 qua

1911 2643 1968 2712 9
1992 2644 2095 2698 sub
2125 2644 2370 2698 omnium
2396 2645 2676 2698 communi
2704 2645 2860 2698 hoste
2909 2643 3221 2706 tenebatur,
3256 2650 3317 2696 ut
3343 2655 3488 2711 quo-

1915 2735 2207 2790 dammodo
2242 2736 2358 2790 hac
2398 2751 2430 2790 a
2458 2736 2620 2791 nobis
2647 2744 2705 2792 et
2748 2737 2804 2790 in
2846 2735 3011 2790 nobis
3032 2734 3185 2788 ﬁant.
3219 2733 3318 2788 His
3341 2730 3485 2802 adji-

1915 2825 2172 2881 ciendum
2205 2836 2289 2881 est
2327 2825 2602 2896 quomodo
2647 2825 3036 2880 declinandum
3061 2825 3134 2878 sit
3172 2839 3203 2878 a
3226 2822 3392 2887 malo,
3431 2831 3490 2877 οι

1913 2917 2305 2972 excutiendum
2340 2917 2625 2972 servitutis
2676 2919 2890 2987 jugum,
2915 2932 3024 2985 qua
3051 2915 3154 2970 sub
3206 2914 3300 2969 illo
3330 2923 3487 2968 tene-

1914 3025 2059 3072 mur,
2110 3014 2174 3062 ut
2213 3007 2280 3062 ad
2324 3008 2614 3077 pristinam
2655 3006 2875 3062 tandem
2924 3006 3316 3076 integritatem,
3370 3018 3488 3058 ser-

1915 3109 2076 3155 vante
2117 3107 2174 3154 et
2222 3099 2514 3168 adjuvante
2564 3100 2710 3163 Deo,
2746 3098 2930 3153 redire
2981 3098 3278 3168 possimus.
3334 3095 3486 3151 Hanc

1909 3189 2057 3243 enim
2097 3187 2238 3241 viam
2279 3187 2324 3241 si
2373 3195 2559 3241 nostra
2607 3187 2783 3242 oratio
2819 3186 3080 3250 tenuerit,
3125 3194 3278 3240 recto
3320 3185 3487 3239 etiam

1911 3280 2106 3334 itinere
2135 3278 2582 3347 progredientur,
2607 3287 2666 3332 ut
2694 3279 2912 3349 opinor,
2935 3285 2991 3333 et
3008 3277 3244 3347 reliqua.

1987 3369 2182 3426 PALL.
2226 3369 2394 3423 Recte
2422 3368 2614 3423 sentis.

1984 3461 2140 3516 CYR.
2175 3457 2444 3524 Quocirca
2489 3457 2794 3513 oblationes
2853 3465 3018 3526 atque
3055 3455 3262 3511 hostias
3293 3454 3492 3509 oﬂ'erro

1915 3553 2029 3607 Deo
2079 3549 2412 3620 spirituales,
2450 3557 2646 3618 nempe
2676 3556 2899 3603 strenue
2946 3563 3004 3603 se
3047 3556 3104 3603 et
3143 3545 3493 3601 laudabiliter

1913 3640 2272 3711 exsequenda
2301 3640 2522 3695 virtutis
2551 3639 2735 3694 studio
2763 3654 2985 3710 gerere,
3019 3638 3243 3694 minime
3265 3639 3333 3693 iis
3359 3652 3492 3694 con-

1913 3731 2062 3788 venit
2097 3729 2191 3799 qui
2227 3744 2286 3784 se
2324 3729 2570 3783 nondum
2607 3745 2636 3782 a
2680 3729 2939 3783 vitiorum
2975 3727 3272 3791 servitute,
3313 3726 3492 3781 domi-

1915 3833 2157 3892 natuque
2181 3821 2505 3886 liberarint;
2542 3821 2636 3875 sed
2672 3821 2739 3875 iis
2777 3836 3010 3890 quorum
3051 3821 3267 3875 animus
3313 3819 3381 3873 ad
3422 3818 3492 3872 li-

1917 3914 2185 3969 bertatem
2228 3912 2478 3982 erigitur,
2537 3922 2591 3967 et
2647 3913 2712 3966 ad
2765 3912 3157 3968 excutiendum
3211 3909 3496 3966 diabolicae

1917 4003 2225 4076 tyrannidis
2258 4003 2448 4074 jugum
2489 4018 2598 4056 non
2639 4011 2726 4058 est
2764 4002 3075 4057 incuriosus
3103 4010 3162 4057 et
3197 4001 3493 4071 negligens.

1989 4182 2184 4238 PALL.
2224 4179 2538 4236 Assentior:
2567 4188 2715 4234 recte
2745 4194 2980 4249 namque
3006 4180 3319 4237 existimast
3345 4240 3348 4244 ,

1989 4273 2144 4329 CYR.
2178 4273 2423 4328 Dicimus
2464 4271 2632 4341 igitur
2681 4269 2885 4324 factum
2931 4285 3052 4326 esse
3097 4269 3376 4325 hominem
3426 4267 3494 4323 ab

1923 4367 2082 4424 initio
2104 4365 2395 4436 ejusmodi,
2429 4373 2510 4428 ut,
2551 4363 2800 4433 quamvis
2831 4363 3074 4419 animum
3113 4363 3342 4419 haberet
3367 4378 3496 4434 pec-

251 4456 379 4528 τέρω
408 4476 524 4521 πως
553 4457 635 4510 ἔτι
663 4458 763 4528 τὴν
790 4458 1026 4511 διάνοιαν
1055 4459 1212 4529 ἔχων,
1235 4461 1296 4513 ού
1325 4460 1430 4530 μὴν
1464 4461 1812 4525 ἀνεπίδεκτος

1921 4465 2043 4514 cato
2077 4467 2133 4512 et
2161 4456 2448 4511 aﬂ‘ectibus
2479 4453 2820 4524 superiorem
2843 4493 2862 4517 ,
2903 4469 3015 4508 non
3054 4453 3100 4508 is
3137 4463 3318 4509 tamen
3351 4462 3499 4509 esset

249 4549 514 4614 παντελῶς
545 4549 649 4619 τῆς
681 4549 766 4617 ἐφ’
789 4549 928 4619 ὅπερ
955 4549 1022 4602 ἂν
1050 4549 1222 4603 ἕλοιτο
1266 4551 1639 4622 παρατροπῆς.
1678 4551 1822 4604 Ἐδό-

251 4654 327 4691 κει
375 4641 480 4712 γάρ
514 4642 662 4710 ἔχειν
694 4639 870 4709 ὀρθῶς
910 4639 988 4710 τῷ
1023 4641 1238 4694 πάντων
1272 4642 1623 4713 ἀριστοτέχνῃ
1667 4642 1814 4712 Θεῷ,

249 4731 345 4782 τῶν
378 4731 518 4784 ίδίων
551 4730 875 4799 θελημάτων
915 4732 1174 4785 ἀνάπτειν
1200 4732 1347 4801 αύτῷ
1377 4732 1478 4796 τὰς
1515 4733 1691 4803 ἡνίας,
1725 4733 1818 4787 καὶ

252 4822 519 4876 ἀναθεῖναι
587 4823 721 4893 δρᾷν
767 4822 831 4874 τὸ
877 4822 1068 4876 δοκοῦν
1113 4823 1556 4887 αύτοκελεύστοις
1597 4825 1814 4894 ὁρμαῖς.

251 4911 642 4982 Προαιρετικὴν
680 4911 788 4982 γάρ
817 4911 955 4972 ἔδει,
987 4911 1081 4964 καὶ
1117 4913 1214 4982 οὐχ
1244 4911 1433 4983 ὥσπερ
1473 4913 1531 4977 ἐξ
1572 4913 1816 4981 ἀνάγκης

251 5001 468 5073 ὁρᾶσθαι
512 5006 616 5073 τὴν
643 5003 865 5074 ἀρετὴν,
917 5002 1033 5056 ἀλλ’
1058 5004 1178 5057 οὐδὲ
1217 5003 1430 5072 φύσεως
1453 5004 1639 5074 νόμοις
1663 5005 1818 5058 ἀδια-

251 5096 463 5156 πτώτως
486 5095 510 5146 ἐ
520 5111 588 5163 ρη
599 5093 906 5165 ρεισμένην·
934 5095 1060 5147 ἴδιον
1078 5095 1184 5164 γὰρ
1203 5095 1268 5148 ἂν
1293 5094 1378 5164 εἴη
1394 5096 1544 5148 τουτὶ
1555 5096 1656 5166 τῆς
1679 5097 1823 5149 ἀνω-

253 5185 386 5238 τάτω
418 5184 614 5240 πασῶν
640 5185 829 5249 οὐσίας
874 5187 969 5239 καὶ
1014 5187 1306 5257 ὑπεροχῆς.
1362 5187 1582 5256 Ἐπειδὴ
1609 5187 1667 5241 δὲ
1707 5189 1820 5250 rei;

253 5273 341 5344 τῆς
368 5275 504 5338 ίδίας
531 5275 751 5344 φύσεως
778 5275 957 5343 λόγοις
985 5276 1046 5329 τὸ
1073 5277 1209 5339 ζῶον
1229 5277 1535 5347 ἀπήρτιστο
1564 5293 1820 5348 τεχνουρ-

253 5365 462 5432 γοῦντος
511 5366 685 5430 Θεοῦ,
739 5366 1095 5420 κατεπλούτει
1145 5369 1490 5439 παραχρῆμα
1536 5368 1634 5439 τὴν
1684 5369 1820 5438 πρὸς

254 5455 402 5509 αὐτὸν
431 5457 716 5527 ὁμοίωσιν.
765 5457 1184 5528 Ἐνεχαράττετο
1215 5458 1326 5530 γὰρ
1353 5459 1501 5530 αὐτῷ
1530 5459 1629 5529 τῆς
1672 5458 1821 5522 θείας

255 5549 457 5614 φύσεως
490 5553 525 5619 ἠ
578 5549 776 5617 είκὼν,
825 5550 1234 5621 ἐμφυσηθέντος
1279 5552 1436 5620 ἀγίου
1482 5551 1819 5621 Πνεύματος.

1920 4558 1982 4604 ιιι
2008 4549 2063 4602 in
2089 4556 2492 4614 utramcunque
2519 4553 2729 4614 partem
2754 4544 2940 4609 vellet,
2975 4539 3118 4599 ﬂecti
3155 4558 3264 4598 non
3291 4552 3493 4614 posset.

1919 4640 2136 4696 Etenim
2170 4639 2250 4693 illi
2282 4653 2467 4692 rerum
2503 4637 2886 4692 universarum
2919 4637 3128 4708 optimo
3165 4635 3347 4706 opifici
3386 4636 3499 4691 Deo

1918 4730 2288 4785 rectissimum
2313 4737 2398 4784 est
2423 4729 2622 4793 visum,
2662 4729 2898 4799 propriae
2926 4728 3228 4784 voluntatis
3257 4727 3499 4782 habenas

1918 4825 1995 4879 illi
2024 4824 2363 4894 permittere,
2397 4821 2822 4893 spontaneisque
2843 4821 3131 4876 conatibus
3153 4819 3418 4882 tribuere,
3443 4816 3497 4872 id

1924 4924 1986 4969 ut.
2007 4915 2230 4979 faceret,
2257 4913 2404 4985 quod
2440 4915 2658 4968 libitum
2683 4913 2896 4968 fuisset.
2933 4911 3231 4981 Oportebat
3264 4909 3410 4965 enim
3438 4917 3500 4964 ut

1925 5006 2103 5059 virtus
2123 5005 2401 5060 voluntate
2428 5011 2702 5073 suscepta,
2737 5017 2845 5056 non
2868 5002 2920 5055 vi
2949 4999 3291 5054 necessitatis
3315 5007 3502 5054 coacta

1930 5097 2210 5152 videretur
2231 5114 2265 5161 ;,
2296 5104 2391 5150 aut
2426 5095 2498 5149 ita
2527 5105 2736 5149 natura:
2779 5094 2894 5161 lege
2936 5091 3144 5145 munita
3165 5130 3180 5154 ,
3214 5099 3274 5144 ut
3307 5089 3502 5144 cadere

1923 5190 2149 5244 omnino
2173 5203 2281 5242 non
2309 5196 2495 5257 posset
2521 5205 2533 5239 :
2576 5185 2630 5240 id
2660 5185 2808 5239 enim
2847 5183 2922 5236 illi
2959 5197 3228 5252 supremae
3257 5180 3502 5235 omnium

1921 5281 2174 5335 essentia‘,
2225 5289 2387 5348 atque
2430 5275 2766 5332 excellentia:
2815 5273 3095 5343 proprium
3153 5281 3255 5328 est.
3307 5273 3504 5328 Postea

1923 5387 2054 5426 vero
2089 5385 2253 5440 quam
2299 5368 2534 5439 propriae
2564 5375 2773 5421 naturae
2812 5365 3116 5420 rationibus
3156 5363 3261 5418 hoc
3302 5361 3502 5418 animal

1923 5463 2236 5518 absolutum
2272 5460 2377 5515 fuit
2413 5457 2608 5529 opilice
2657 5458 2788 5521 Deo,
2824 5456 3007 5511 statim
3052 5455 3198 5510 illius
3243 5453 3502 5509 similitu-

1925 5554 2053 5608 dine
2074 5551 2362 5624 przeditum
2391 5557 2493 5604 est.
2523 5548 2788 5619 lmpressa
2821 5546 2966 5604 enim
2995 5546 3050 5602 in
3079 5545 3175 5602 illo
3201 5542 3505 5602 estdivina:

325 5726 526 5783 "Osee
568 5743 674 5790 xiv.
710 5727 790 5782 {0.
872 5729 915 5761 "
949 5729 1138 5786 Matth.
1173 5745 1263 5792 vn,
1302 5729 1352 5782 7.
1434 5731 1475 5762 ⁸⁷
1511 5728 1650 5784 Psal.
1710 5745 1887 5791 cxvm,
1937 5687 2018 5783 18.
