4120 6508
599 324 699 379 UT

1618 328 1673 381 S.
1714 326 1988 383 CYlllLLl
2028 330 2499 393 ALEXANDRINI
2535 338 2857 394 ARCHIEP.

3738 334 3844 392 448

599 445 776 514 Imago
804 452 1029 511 natum,
1053 446 1317 516 mspirato
1338 445 1542 514 Spiritu
1564 454 1770 500 sancto.
1793 448 1913 515 Ipse
1936 464 2169 518 namque

2294 458 2415 506 ιὺτδ
2445 462 2552 525 γάρ
2579 459 2726 510 ἐστιν
2750 459 2783 508 'b
2815 462 2951 524 πνοὴ
2990 457 3091 523 τῆς
3116 454 3282 522 ζωῆς,
3310 453 3430 505 ἐπεί
3455 469 3533 507 τοι
3559 453 3671 517 ζωὴ
3703 456 3845 509 κατὰ

594 544 679 591 est
703 534 931 605 spiritus
959 535 1050 591 ille
1085 536 1230 600 vitat,
1261 532 1703 604 quandoquidem
1742 535 2044 592 secundum
2071 555 2169 593 na-

597 635 777 680 turam
804 626 914 680 vita
934 626 1077 680 Deus
1102 636 1203 681 est.

668 716 862 775 PALL.
901 717 1113 787 Ergone
1151 716 1331 770 anima
1358 716 1566 771 homini
1589 717 1810 774 divinus
1841 720 2069 791 spiritus
2088 731 2171 777 est

597 809 812 863 factus?

665 900 822 955 ΟΥΕ.
864 898 1147 966 Quomodo
1173 914 1289 971 non
1333 899 1790 957 absurdissimum
1823 904 1897 958 sit
1933 904 2008 959 ita
2044 919 2171 959 sen-

601 992 735 1047 tire?
769 991 860 1046 Sic
886 991 1034 1046 enim
1064 991 1421 1047 immutabilis
1453 993 1570 1063 ipsa
1602 1010 1821 1063 quoque
1850 996 2030 1049 anima
2050 1011 2175 1065 per-

597 1084 919 1149 mansisset;
960 1099 1107 1138 nunc
1146 1100 1279 1140 vero
1306 1086 1587 1141 mutabilis
1626 1094 1729 1141 est.
1765 1086 2043 1141 Mutabilis
2072 1103 2172 1141 au-

548 1198 557 1244 ι
599 1185 709 1229 tem
741 1174 895 1228 nullo
942 1174 1106 1228 modo
1148 1174 1376 1244 spiritus
1421 1184 1540 1241 est;
1572 1186 1700 1239 aut,
1755 1177 1801 1232 si
1854 1178 2176 1232 mutationis

599 1262 792 1317 morbo
833 1262 1068 1328 laborat,
1101 1263 1168 1317 ad
1194 1263 1370 1333 ipsam
1419 1266 1515 1319 Dei
1552 1274 1803 1320 naturam
1853 1267 1968 1322 haec
2024 1268 2176 1323 labes

598 1353 936 1423 pertinebit;
973 1354 1245 1423 siquidem
1278 1367 1363 1410 est
1402 1356 1497 1411 Dei
1524 1365 1579 1411 et
1611 1358 1786 1412 Patris
1817 1367 1872 1413 et
1906 1359 2051 1425 Filii,
2085 1360 2176 1414 ille

599 1452 693 1522 qui
724 1453 1159 1508 substantialiter
1210 1470 1276 1507 ex
1326 1465 1579 1526 utroque,
1617 1456 1874 1510 nimirum
1914 1474 1980 1511 ex
2020 1458 2190 1513 Patre

600 1560 699 1614 per
740 1544 940 1598 Filium
964 1543 1188 1613 proﬂuit
1235 1544 1491 1614 Spiritus.
1528 1546 1769 1599 Stultum
1800 1546 1966 1616 igitur
2010 1546 2179 1601 fuerit

537 1695 541 1698 _
600 1643 793 1702 putare
816 1643 1063 1687 sanctum
1081 1633 1342 1703 Spiritum
1366 1632 1419 1686 in
1442 1633 1675 1688 animam
1692 1648 1813 1689 esse
1831 1650 2176 1699 conversum,

602 1736 659 1780 et
686 1725 743 1779 in
789 1725 1030 1780 hominis
1066 1726 1326 1779 transisse
1356 1735 1627 1779 naturam.
1677 1723 1783 1778 Sed
1818 1724 2048 1779 formata
2088 1725 2179 1779 illa

2274 544 2434 611 φύσιν
2461 547 2489 598 ὁ
2516 546 2668 609 Θεός.

2343 719 2553 771 ΠΑΛΛ.
2583 714 2709 789 ’Ἆρ’
2740 714 2831 770 οὖν
2858 716 3004 787 ψυχὴ
3032 714 3111 787 τῷ
3148 714 3420 785 ἀνθρώπῳ
3449 714 3510 766 τὸ
3538 714 3682 769 θεῖον
3719 714 3844 785 ἒ.γέ-

2273 826 2395 861 νετο
2421 810 2639 877 πνεῦμα
2663 826 2676 873 ;
2862 804 2865 809 ’

2344 901 2509 953 ΚΥΡ.
2545 902 2652 955 Καὶ
2689 901 2807 963 πῶς
2838 900 2937 953 οὐκ
2964 900 3161 953 ἄτοπον
3187 900 3381 971 κομιδῇ
3419 899 3482 951 τὸ
3508 897 3631 969 τῇδε
3665 898 3848 961 νοεῖν;

2274 986 2351 1043 Ἦ
2377 990 2489 1061 γὰρ
2514 991 2580 1044 ἂν
2615 992 2900 1061 ἄτρεπτος,
2937 990 3032 1043 καὶ
3069 990 3206 1060 αὐτή
3248 1007 3350 1041 που
3378 988 3777 1058 διαμεμένηκεν
3807 990 3843 1056 ἡ

2273 1082 2419 1152 ψυχή
2440 1099 2454 1114 ο
2487 1082 2603 1134 νυνὶ
2635 1081 2691 1134 δέ
2720 1082 2835 1133 ἐστι
2868 1082 3096 1150 τρεπτή.
3139 1080 3384 1149 Τρεπτδν
3411 1080 3468 1132 δὲ
3503 1078 3620 1132 οὔτι
3654 1095 3757 1131 που
3783 1078 3847 1131 τὸ

2276 1174 2494 1243 πνεῦμά
2515 1175 2681 1227 ἐστιν.
2707 1172 2779 1224 ’Ἡ
2796 1171 2955 1240 είπερ
2978 1169 3038 1222 τὸ
3060 1168 3361 1239 τρέπεσθαι
3383 1170 3548 1232 νοσεῖ,
3570 1168 3653 1219 ἐπ’
3676 1166 3855 1236 αὐτὴν

2275 1266 2303 1316 ὁ
2336 1263 2524 1335 μῶμος
2548 1264 2645 1335 τὴν
2673 1262 2821 1315 θείαν
2853 1260 3241 1331 ἀναδραμείται
3275 1258 3472 1328 φύσιν;
3516 1258 3683 1328 εἴπερ
3720 1255 3849 1309 ἐστὶ

2276 1357 2370 1409 τοῦ
2405 1356 2541 1409 Θεοῦ
2566 1358 2658 1409 καὶ
2690 1354 2935 1425 Πατρὸς,
2966 1352 3061 1405 καὶ
3092 1351 3198 1421 μὴν
3235 1353 3330 1404 καὶ
3355 1348 3450 1404 τοῦ
3482 1348 3633 1413 Υίοῦ,
3667 1347 3730 1399 τὸ
3760 1346 3850 1398 οὐ·

2281 1445 2486 1508 σιωδῶς
2512 1446 2570 1509 ἐξ
2598 1446 2820 1516 ἀμφοῖν,
2849 1446 3016 1515 ῆγουν
3048 1444 3113 1495 ἐκ
3142 1441 3353 1512 Πατρδς
3375 1440 3441 1493 δι’
3466 1436 3596 1491 Υἱοῦ
3623 1435 3855 1506 προχεό-

2282 1553 2442 1606 μενον
2470 1535 2715 1606 Πνεῦμα.
2758 1533 2989 1606 Ἀμαθὲς
3007 1527 3101 1586 οὗν
3123 1532 3231 1602 ἄρα
3258 1531 3318 1583 τὸ
3342 1533 3421 1592 είς
3443 1529 3622 1599 ψυχὴν
3646 1526 3855 1579 οἴεσθαι

2284 1628 2730 1699 μεταπεπλάσθαι
2754 1628 2815 1680 τὸ
2854 1625 3101 1695 Πνεῦμα,
3128 1624 3222 1677 καὶ
3255 1626 3335 1687 είς
3370 1620 3659 1692 ἀνθρώπου
3690 1634 3858 1688 μετα-

2282 1718 2527 1790 χωρῆσαι
2549 1717 2730 1786 φύσιν.
2747 1717 2885 1770 Ἀλλ’
2908 1714 3173 1786 ὲψυχοῦτο
3204 1714 3301 1784 μὲν
3325 1713 3386 1766 τὸ
3405 1707 3857 1778 πλαστουργηθὲν

604 1832 783 1872 massa
813 1816 1077 1872 ineﬂabili
1112 1817 1216 1886 ιθ
1243 1816 1446 1871 virtute
1475 1817 1711 1871 animata
1736 1815 1859 1880 luit,
1888 1825 1944 1870 et
1977 1816 2179 1871 evesti-

2294 1784 2513 1878 ἀρρήτῳ
2540 1784 2804 1878 δυνάμει·
2846 1784 3274 1860 κατεκαλλύνετο
3316 1802 3375 1856 δὲ
3407 1799 3744 1870 παραχρῆμα
3787 1799 3856 1865 τῇ

605 1910 695 1980 gio
722 1908 958 1979 Spiritus
989 1909 1163 1964 sancti
1206 1924 1435 1963 munere
1484 1908 1779 1973 decorata;
1818 1924 1996 1977 neque
2034 1909 2181 1962 enim

2294 1900 2374 1953 τοῦ
2410 1899 2717 1969 πνεύματος
2742 1899 2905 1953 δόσει.
2935 1894 3045 1950 Ἦν
3076 1895 3183 1965 γὰρ
3219 1894 3318 1963 οὐχ
3347 1892 3546 1962 ἑτέρως
3572 1889 3670 1958 τὴν
3704 1886 3860 1939 θείαν

606 2003 711 2057 alia
738 2002 949 2058 ratione
984 2002 1170 2057 divina
1203 2002 1438 2073 imagine
1470 2001 1633 2056 ditari
1667 2008 2003 2071 poteramus.

2294 1993 2315 2060 i1
2325 1993 2429 2060 μᾶς
2458 1991 2641 2044 εἰκόνα
2668 1990 2925 2044 δύνασθαι
2952 1988 3219 2043 πλουτεῖν.

680 2095 875 2149 PALL.
904 2096 1072 2149 Recte
1106 2094 1204 2147 ais.

2356 2082 2563 2135 ἰΙΑΛΛ.
2599 2078 2672 2135 Εὖ
2707 2082 2902 2150 λέγεις.

678 2187 834 2241 CYR.
870 2185 1008 2240 Huic
1044 2185 1212 2255 igitur
1232 2184 1457 2254 opiﬁcio
1500 2186 1581 2239 sic
1622 2194 1905 2247 exornato,
1946 2172 2181 2253 paradisi

2357 2172 2520 2226 ΚΥΡ.
2552 2172 2993 2241 Κατακοσμήσας
3023 2169 3086 2239 δὴ
3113 2163 3205 2222 οὖν
3232 2164 3293 2220 τὸ
3312 2164 3554 2233 τέχνημα
3581 2158 3734 2255 Θεὸς.
3758 2156 3867 2226 τὴ*

607 2277 785 2340 sedes,
819 2276 875 2329 in
905 2248 1106 2345 quibus
1134 2248 1465 2339 versaretur,
1500 2274 1727 2344 iargitus
1746 2283 1831 2329 est
1868 2248 2031 2327 Deus.
2076 2272 2183 2326 Sed

2294 2271 2342 2321 ὲν
2368 2264 2677 2336 παραδείσῳ
2700 2262 2912 2315 δίαιταν
2942 2258 3243 2330 ἐχαρίζετο.
3293 2253 3512 2322 Ἐπειδὴ
3540 2251 3597 2303 δὲ
3631 2248 3736 2301 ἔδει
3752 2248 3863 2345 ibi;

608 2370 738 2439 quia
772 2383 989 2438 aequum
1017 2377 1159 2431 erat,
1187 2367 1465 2421 hominem
1514 2366 1587 2420 ita
1616 2372 1958 2427 exornatum,
1977 2372 2034 2417 et
2069 2378 2183 2417 ca:-

2294 2359 2457 2421 οὖτως
2494 2352 2995 2425 κατηγλαῖσμένον,
3038 2350 3133 2403 καὶ
3159 2351 3227 2419 τῇ
3253 2345 3362 2399 τῶν
3389 2344 3593 2397 ἄνωθεν
3636 2338 3869 2407 ἀγαθῶν.

609 2459 831 2514 lestium
880 2459 1148 2513 bonorum
1199 2457 1355 2526 copia
1415 2455 1728 2525 praeditum,
1776 2469 1885 2507 non
1921 2453 2077 2507 facile
2129 2453 2183 2507 in

2294 2449 2517 2519 ἀφθονίᾳ
2564 2443 3039 2514 κατεστεμμένον,
3089 2440 3162 2511 μὴ
3210 2436 3446 2497 εὐκόλως
3488 2429 3867 2501 ἀναφέρεσθαι

609 2550 977 2621 arrogantiam
1004 2550 1250 2620 pertrahi
1284 2550 1485 2611 sinere,
1519 2563 1627 2602 non
1652 2556 2032 2617 agnoscentem
2067 2562 2185 2600 ser-

2294 2541 2424 2611 πρδς
2467 2536 2784 2600 ἀλαζονείαν
2829 2536 2943 2615 ςᾷν,
2974 2530 3273 2599 ἀγνοοῦντα
3316 2528 3415 2597 τὴν
3452 2524 3717 2585 δουλείαν,
3764 2520 3871 2573 καὶ

608 2642 704 2696 vili
732 2656 790 2697 se
822 2656 942 2696 esse
989 2640 1337 2703 conditione,
1363 2639 1698 2707 modumque
1756 2645 1969 2691 certum
2014 2637 2188 2690 servis

2294 2633 2360 2697 ὡς
2389 2631 2502 2683 ἔστι
2533 2629 2727 2698 μέτρον
2761 2612 2867 2680 τῶν
2894 2621 3176 2678 οἰκετικῶν
3208 2619 3287 2690 (τὸ
3322 2618 3433 2687 γάρ
3462 2633 3545 2668 τοι
3576 2613 3695 2667 λίαν
3728 2612 3871 2682 εὐρὺ

608 2747 729 2787 esse
787 2732 1147 2788 constitutum
1193 2731 1304 2802 (ille
1352 2702 1780 2800 namque-latus
1845 2727 1913 2780 ad
1958 2726 2186 2797 gloriam

2294 2725 2422 2793 πρὸς
2458 2722 2519 2774 τὸ
2543 2719 2783 2781 εὐκλεὲς,
2819 2717 2914 2770 καὶ
2940 2715 3000 2768 τὸ
3031 2712 3284 2782 ἀμέτρως
3323 2706 3624 2774 ἐλεύθερον,
3655 2702 3870 2802 ἀποφέ-

609 2840 823 2888 cursus,
858 2834 914 2879 et
948 2824 1239 2878 immodica
1266 2823 1512 2886 libertas,
1543 2821 1610 2875 ad
1640 2819 1994 2890 supercilium
2016 2826 2073 2872 et
2092 2834 2188 2873 ex-

2294 2791 2373 2886 ρει
2401 2812 2536 2882 πρὸς
2556 2810 2616 2864 τὸ
2646 2808 2927 2879 ὑπέροφρυ
2957 2802 3051 2855 καὶ
3079 2795 3552 2890 ὲπάρατονπάθος
3567 2801 3605 2855 ),
3639 2791 3869 2890 πρόφα-

609 2916 877 2971 secrabile
910 2916 1105 2970 vitium
1136 2912 1449 2985 pertrahit),
1510 2912 1635 2967 ideo
1676 2913 1765 2966 lex
1793 2910 1871 2964 illi
1902 2910 2189 2964 continen-

2294 2878 2374 2965 σις
2404 2878 2552 2968 αθτῷ
2579 2895 2672 2949 τοῦ
2723 2878 2796 2964 μὴ
2826 2894 3041 2961 ἀγνοεῖν
3076 2888 3165 2941 τὸν
3202 2884 3498 2954 Δεσπότην,
3537 2878 3871 2951 ἐγκρατείας

609 3006 699 3061 tiae
723 3006 849 3060 data
879 3012 983 3069 est,
1015 2972 1151 3075 qua;
1176 3004 1394 3059 occasio
1408 2972 1490 3056 illi
1521 3010 1667 3057 esset
1690 2999 1981 3055 Dominum
2022 3014 2189 3068 agno-

2294 2992 2447 3062 ὲδόθη
2477 2992 2640 3059 νόμος
2664 3003 2676 3016 ·
2714 2987 2798 3039 ἵνα
2827 2984 2892 3037 δι’
2938 2980 3102 3036 αὑτοῦ
3134 2979 3352 3032 καλοῖτο
3385 2976 3522 3045 πρὸς
3560 2972 3871 3040 ἀνάμνησιν

609 3094 821 3160 scendi,
838 3103 899 3149 ut
919 3110 1016 3164 per
1036 3109 1155 3149 eam
1178 3108 1395 3161 semper
1415 3091 1484 3145 ad
1504 3089 1821 3146 memoriam
1845 3096 2191 3142 revocaretur

2294 3083 2382 3137 ἀεὶ
2408 3060 2502 3133 τοῦ
2547 3078 2660 3149 μετ’
2689 3074 2936 3140 ἐξουσίας
2964 3067 3393 3143 προστεταχότος
3412 3104 3427 3128 ,
3462 3063 3555 3116 καὶ⁴
3579 3060 3743 3129 εἰδείη
3773 3076 3873 3112 σα-

612 3187 761 3241 illius
816 3153 935 3255 qui.
969 3183 1259 3255 potestatis
1303 3184 1427 3253 jure
1476 3180 1871 3251 praecepisset,
1926 3187 2186 3247 certoque

2294 3174 2430 3246 φῶς,
2468 3173 2543 3233 ὡς
2591 3169 2739 3222 ἔστιν
2789 3164 3196 3233 ὑπεζευγμένος
3235 3163 3348 3221 τοῖς
3391 3156 3482 3210 τοῦ
3539 3153 3875 3223 κρατοῦντος

611 3273 781 3329 sciret
810 3246 868 3327 se
910 3246 1268 3326 dominatoris
1300 3246 1512 3341 legibus
1556 3246 1678 3324 esse
1720 3268 2049 3338 subjectum.
2081 3246 2189 3322 Sed

2294 3266 2532 3334 θεσμοῖς.
2572 3259 2710 3313 Ἀλλ’
2747 3258 2848 3311 οὐκ
2873 3256 3070 3327 ἠρέμει
3103 3254 3162 3306 τὸ
3188 3252 3399 3305 ἀνόσιον
3426 3251 3602 3301 ἐκεῖνο
3629 3248 3720 3300 καὶ
3750 3246 3877 3299 θεο-

613 3366 782 3437 impia
811 3366 905 3419 illa
934 3364 1157 3433 Deoque
1184 3378 1350 3417 exosa
1373 3361 1555 3416 bellua
1584 3374 1693 3413 non
1721 3357 2057 3427 quiescebat.

682 3453 878 3511 PALL.
911 3452 1187 3515 Satanam,
1214 3451 1431 3520 opinor,
1456 3448 1737 3518 intelligis,
1759 3446 1855 3515 qui
1887 3462 1917 3501 e
1948 3448 2189 3502 caelesti-

614 3549 720 3603 bus
767 3545 997 3599 orbibus
1032 3544 1267 3614 fulguris
1311 3543 1486 3596 instar
1531 3540 1779 3611 deiectus
1822 3540 1991 3595 est".
2039 3538 2191 3594 Adeo

616 3638 763 3694 enim
783 3636 983 3705 puerili
1010 3632 1244 3688 stultitia
1271 3630 1562 3696 laboravit,
1592 3640 1655 3684 ut
1678 3630 1822 3684 Deus
1851 3644 1971 3684 esse
2001 3630 2191 3692 vellet,

616 3738 673 3783 et
705 3741 828 3796 qua:
864 3740 1028 3796 supra
1066 3730 1317 3778 naturam
1356 3737 1511 3777 suam
1540 3730 1715 3788 erant,
1743 3722 1971 3778 demens
2007 3721 2192 3777 animo

619 3817 867 3887 fingeret.
1442 3888 1449 3894 ‘
1533 3884 1539 3894 _

687 3906 843 3962 ova.
877 3905 1094 3977 Optime
1140 3904 1386 3976 conjicis.
1416 3888 1553 3960 Nam
1588 3919 1711 3960 cum
1740 3903 1959 3959 invidiae
1989 3912 2045 3958 et
2069 3917 2194 3973 pec-

619 3998 726 4053 cati
752 4007 899 4054 esset
952 3999 1228 4061 inventor,
1272 4012 1384 4051 non
1441 3996 1546 4051 sibi
1596 3996 1919 4051 cessandum
1959 3995 2189 4066 putavit,

620 4090 914 4160 quominus
945 4089 1091 4143 circa
1119 4097 1399 4143 terrenum
1436 4086 1655 4150 animal,
1683 4086 1736 4139 id
1779 4094 1864 4140 est
1895 4086 2191 4151 hominem,

619 4182 829 4252 aliquid
867 4181 1232 4252 experiretur.
1278 4180 1419 4234 Tum
1452 4178 1581 4234 dolo
1615 4186 1672 4233 et
1700 4178 1909 4233 artibus
1935 4194 2062 4234 eum
2100 4194 2194 4248 ag-

619 4289 857 4345 gressus,
915 4273 984 4327 ad
1017 4259 1448 4327 inobedientiam
1479 4272 1765 4342 pertraxit,
1822 4271 2052 4325 muliere
2096 4286 2196 4340 pro

621 4366 984 4420 instrumento
1010 4379 1123 4418 sua:
1155 4361 1475 4417 calliditatis
1501 4375 1651 4415 usus.
1674 4359 1904 4429 Semper
1924 4356 2070 4412 enim
2096 4373 2196 4412 nos

2295 3355 2449 3427 μισὲς
2478 3349 2686 3422 θηρίον.

2361 3444 2571 3500 ΠΑΛΛ.
2602 3441 2770 3509 Φαίης
2800 3439 2866 3494 ἂν
2904 3435 3055 3509 οἶμαί
3098 3453 3199 3489 που
3229 3433 3320 3487 τὸν
3349 3431 3593 3485 Σατανᾶν
3612 3467 3627 3492 ,
3662 3428 3721 3490 ὃς
3760 3425 3882 3479 τῶν

2291 3537 2555 3608 οὐρανίων
2593 3534 2797 3603 ἀψίδων
2853 3529 3139 3600 ἀστραπῆς
3191 3526 3348 3596 δίκην
3405 3519 3870 3608 κατηκοντίζεπο·

2291 3603 2465 3683 νοσεῖν
2488 3626 2596 3695 γὰρ
2621 3622 2775 3692 αὐτῷ.
2807 3618 3180 3692 μειρακιωδῶς
3208 3617 3380 3670 ἐδόκει
3405 3615 3467 3668 τδ
3501 3612 3678 3666 θέλειν
3723 3603 3875 3663 εἶναι

2292 3718 2425 3781 Θεὸς
2450 3758 2465 3781 ,
2506 3716 2602 3769 καὶ
2647 3712 2715 3766 τὰ
2749 3710 2892 3781 ὑπὲρ
2944 3708 3104 3779 φύσιν
3146 3706 3246 3778 τὴν
3280 3704 3473 3761 ἑαυτοῦ
3521 3699 3878 3773 παραδηλῶν,

2294 3807 2643 3880 ὲφαντάζετο.

2364 3900 2528 3954 ΚΥΡ.
2575 3893 2950 3965 Διατεκμαίρῃ
2973 3889 3176 3953 καλῶς.
3208 3887 3411 3941 Φθόνου
3433 3883 3539 3955 γὰρ
3571 3880 3664 3936 καὶ
3694 3881 3882 3950 ἀμαρ-

2294 3994 2415 4055 τίας
2476 3987 2705 4059 εὑρετὴς
2734 3987 2830 4048 ὢν,
2862 3984 2954 4038 καὶ
2995 3982 3204 4052 πατὴρ,
3238 3977 3536 4048 ἀπρακτεῖν
3573 3973 3673 4028 οὐκ
3716 3971 3881 4042 ἧθελε

2296 4085 2425 4155 περὶ
2465 4082 2527 4136 τὸ
2560 4083 2655 4134 ἐπὶ
2692 4078 2796 4149 γῆς
2840 4075 3000 4140 ζῶον,
3046 4072 3188 4126 τοῦτ’
3229 4070 3379 4130 ἐστι,
3430 4067 3522 4120 τὸν
3565 4064 3880 4135 ἄνθρωπον.

2297 4175 2431 4231 Εἶτα
2474 4173 2610 4242 δόλῳ
2655 4171 2751 4224 καὶ
2788 4168 3025 4228 ἀπάταις
3070 4159 3338 4222 ὑπελθὼν,
3380 4156 3758 4228 παρεκόμισεν
3801 4157 3885 4218 εἰς

2298 4266 2603 4339 παρακοὴν,
2636 4258 2972 4331 πανουργίας
2994 4255 3209 4325 ὀργάνῳ
3237 4250 3314 4320 τῷ
3339 4248 3544 4339 γνναίιρ
3568 4244 3882 4339 χρώμενος.

2311 4334 2422 4412 Ἀεὶ
2452 4334 2563 4426 γάρ
2593 4369 2712 4414 πως
2754 4349 2900 4419 ἡμᾶς
2946 4342 3296 4398 κατασείοοσι
3332 4340 3469 4408 πρὸς
3500 4336 3560 4389 τὸ
3604 4334 3842 4396 ἀκαλλὲς
3866 4373 3886 4397 ,

621 4457 691 4510 ad
724 4455 1140 4525 turpitudinem,
1177 4456 1281 4509 hoc
1312 4463 1430 4519 est,
1466 4454 1530 4508 ad
1565 4425 1849 4523 peccatum
1886 4450 2191 4520 impellunt,

2302 4448 2447 4504 τοῦτ’
2475 4425 2644 4507 ἔστιν,
2677 4443 2758 4504 εἰς
2778 4437 3074 4510 ἁμαρτίαν,
3098 4435 3154 4488 αἱ
3187 4435 3283 4486 σὺν
3312 4432 3443 4501 ἡμῖν
3466 4444 3524 4481 τε
3546 4427 3640 4480 καὶ
3661 4428 3720 4478 ὲν
3746 4425 3888 4494 ἡμῖν

623 4562 746 4618 quae
768 4547 1055 4601 nobiscum
1072 4528 1127 4624 et
1154 4546 1210 4599 in
1240 4545 1402 4600 nobis
1432 4545 1707 4599 exsistunt
1725 4542 2030 4611 voluptates
2049 4555 2200 4605 ;mu-

621 4640 728 4716 lier
773 4645 955 4713 autem
1002 4636 1173 4707 ﬁgura
1215 4646 1297 4692 est
1332 4637 1661 4706 voluptatis;
1702 4633 1984 4689 blanditiis
2035 4646 2201 4702 porro

622 4730 964 4799 voluptatum
992 4727 1206 4782 illectus
1243 4727 1458 4781 animus
1495 4727 1808 4795 frequenter
1841 4724 1908 4778 ad
1942 4724 2025 4788 id,
2052 4722 2200 4793 quod

624 4825 852 4890 minime
897 4822 1137 4886 volebat,
1170 4819 1463 4875 delabitur.
1510 4820 1665 4885 Quod
1711 4819 1879 4889 igitur
1926 4819 1981 4873 in
2028 4818 2199 4873 Adam

623 4928 883 4987 tanquam
911 4916 967 4969 in
996 4912 1265 4969 crassiore
1297 4911 1533 4981 quadam
1564 4926 1746 4965 rerum
1772 4909 2005 4979 imagine
2034 4909 2200 4964 etiam

624 5006 873 5066 sensibili
908 5004 1074 5060 modo
1107 5003 1430 5058 usuvenisse
1460 4999 1847 5069 conspicimus,
1877 4999 1983 5053 hoc
2021 4998 2199 5068 ipsum

626 5103 682 5155 in
722 5114 1053 5170 unoquoque
1080 5104 1331 5151 nostrum
1376 5092 1645 5165 spirituali
1680 5092 1842 5147 modo
1879 5108 1943 5147 ac
1970 5092 2202 5146 latenter

627 5188 865 5259 impleri,
893 5187 1043 5242 haud
1090 5185 1311 5241 difﬁcile
1361 5194 1448 5239 est
1487 5182 1697 5238 videre.
1749 5183 2012 5251 Voluptas
2055 5180 2203 5235 enim

628 5279 898 5349 all‘ulgens
944 5277 1235 5348 prastigiis
1286 5276 1401 5330 suis
1447 5274 1679 5328 fascinat
1716 5280 1991 5333 mentem,
2031 5284 2209 5341 e0que

630 5370 895 5442 paulatim
930 5369 1175 5434 deducit,
1212 5381 1272 5423 ut
1305 5368 1638 5421 arbitremur
1656 5364 1771 5433 jam
1806 5362 2014 5415 nullius
2049 5363 2209 5431 plane

631 5456 898 5512 momenti
927 5471 1050 5511 esse
1078 5456 1276 5510 divina:
1307 5455 1444 5524 legis
1472 5451 1842 5507 violationem.
1884 5452 2055 5522 quue
2077 5467 2211 5506 con-

634 5549 813 5603 ﬁrmat
838 5552 930 5603 ille
963 5548 1166 5604 Christi
1198 5546 1518 5616 discipulus,
1563 5560 1688 5601 cum
1731 5544 1866 5601 dicit
1898 5562 1909 5596 :
1963 5564 1980 5597 ι
2018 5544 2209 5610 Nemo,

706 5728 751 5760 "
774 5726 911 5783 Luc.
942 5742 995 5793 ι,
1023 5725 1109 5779 l8.

2304 4539 2514 4613 ἡδοναί·
2542 4534 2735 4607 ἡδονῆς
2758 4532 2815 4585 δὲ
2842 4529 3030 4593 τύπος,
3059 4527 3093 4596 ἠ
3118 4524 3285 4613 γυνής
3313 4518 3572 4613 θωπείαις
3598 4515 3654 4567 δὲ
3677 4514 3887 4613 Fuﬁ-EE

2306 4600 2505 4703 ἡδονῶν
2538 4600 2765 4681 καταθεῖ
2813 4618 3072 4679 πολλάκις
3102 4613 3194 4666 ἐπὶ
3236 4609 3297 4663 τὸ
3320 4606 3636 4703 ἀνεθέλητον
3669 4604 3697 4655 ὁ
3732 4600 3883 4703 νοῦς,

2310 4693 2487 4792 ’,ὓπερ
2538 4714 2631 4772 οὖν
2665 4718 2723 4768 ὲν
2780 4710 2952 4781 ’Δδάμ
2987 4707 3063 4770 ὡς
3106 4708 3163 4758 ὲν
3204 4702 3367 4773 πάχει
3400 4696 3759 4792 πραγμάτων.
3790 4693 3891 4746 καὶ

2307 4785 2582 4886 αἰσθτγτῶς
2616 4797 3224 4881 ὁρᾶταινσυμὸεὸηκὸς,
3254 4792 3411 4849 τοῦτο
3441 4790 3536 4886 καλἶ
3575 4792 3631 4840 ὲν
3665 4785 3889 4886 ἑκάστῳ

2305 4908 2414 4962 τῶν
2450 4875 2573 4960 καθέ
2600 4875 2768 4973 ἡμᾶς,
2808 4893 3015 4967 νοητῶς
3043 4908 3102 4943 τε
3130 4888 3225 4942 καὶ
3249 4878 3655 4973 κεκρυμμένως
3672 4875 3887 4973 κατίδοι

2306 5019 2392 5064 τις
2419 5000 2485 5054 ἂν
2516 4966 2912 5066 πληρούμενον.
2950 4977 3437 5066 ΙῙροανατέλλονσαΔ
3452 4969 3561 5040 γὰρ
3593 4966 3756 5066 ἡδονὴ
3782 4982 3888 5066 καῖ

2306 5055 2746 5163 ταγοητεύεῖτδν
2763 5081 2907 5140 νοῦν,
2939 5075 3036 5131 καὶ
3051 5070 3192 5163 καῌτά
3219 5065 3389 5138 βραχὺ
3418 5060 3634 5163 ἀποσπᾷ
3660 5055 3889 5163 πρδςυτδ

2307 5147 2513 5238 οἴεσθαι
2540 5177 2744 5240 λοιπὸν,
2788 5173 2848 5226 τὸ
2889 5167 3054 5241 μηδὲν
3086 5159 3225 5216 εἶναι
3263 5152 3536 5227 παντελῶς
3556 5191 3571 5215 ,
3601 5149 3694 5203 τοῦ
3737 5147 3891 5241 Baiae

2305 5277 2472 5347 νόμον
2500 5238 2834 5341 παράϐασιν.
2866 5238 2979 5316 Καὶ
3025 5246 3560 5347 πιστώσεταιλέγων
3592 5238 3893 5347 aligero?

2309 5331 2629 5435 μαθητής-ἰ
2673 5354 2877 5427 Μηδεὶς
2915 5345 3328 5435 πειραζομενος,
3372 5335 3578 5435 λεγέτω
3624 5333 3706 5385 ὅτι

2307 5424 2454 5507 θεοῦ,
2466 5424 2815 5522 πειράζομαι.
2840 5443 2900 5496 '0
2914 5438 3025 5509 γὰρ
3040 5434 3173 5498 Θεὸς
3193 5424 3522 5522 ἀπείραστδς
3544 5425 3658 5476 ἐστι
3674 5424 3893 5522 κακῶν·

2310 5512 2652 5617 πειράξείδὲ
2699 5512 2865 5598 αὐτὸς
2903 5527 3115 5586 οὐδένα.
3155 5520 3431 5582 Ἕκαστος
3472 5515 3529 5570 δὲ
3568 5512 3897 5585 πειράζεται
