4154 6494
216 370 318 423 »Ηθ

940 362 1023 417 DE
1063 360 1504 417 ADORATIONE
1546 361 1613 415 IN
1653 360 1921 416 SPIRITL'
1967 360 2055 414 ET
2095 359 2463 414 VERITATE.
2506 359 2630 413 LIB.
2675 360 2713 413 1.

3355 363 3378 415 I
3392 362 3455 416 σο

230 482 320 534 ὑπὸ
343 478 437 546 τῆς
470 476 602 537 ιδίας
634 474 928 543 ἄπιθυμίας
956 473 1307 542 ἐξελκόμενος
1337 492 1429 527 και
1452 474 1770 544 δελεαζόμε-
1801 488 1821 540 j

1915 492 2005 529 um
2065 483 2328 537 tentatur,
2366 473 2512 528 dicat
2544 472 2691 543 quod
2743 488 2773 526 a
2827 474 2937 527 Dco
3001 482 3263 529 tentatur.
3313 476 3457 530 Bcus

232 589 322 633 νος.
354 565 477 622 Εἶτα
510 569 541 637 ἡ
571 566 835 635 ἐπιθυμία
874 564 1212 619 συλλαϐοῦσα
1256 566 1430 618 τίκτει
1463 567 1767 636 ἁμαρτίαν⁸

234 665 255 731 η
280 661 330 713 δὲ
355 655 587 728 ἁμαρτία
613 655 1053 719 ἀποτελεσθεῖσα,
1084 656 1316 709 ἀποκύει
1346 656 1594 711 θάνατον.

1876 566 2023 620 enim
2063 566 2360 619 intentator
2384 564 2652 617 malorum
2675 572 2792 627 est;
2833 563 2947 632 ipse
2977 573 3159 618 autem
3182 563 3455 619 neminem

1879 665 2073 711 tentat.
2106 654 2490 723 Unusquisque
2518 663 2699 707 autem
2731 663 2972 709 tentatur
3009 671 3038 709 a
3061 657 3457 725 concupiscen-

232 758 295 810 tia
342 769 433 807 sua
496 752 804 805 abstractus
857 760 913 805 et
960 752 1196 805 illectus.
1235 752 1443 806 Deinde
1482 751 1967 821 concupiscentia,
2017 764 2143 803 cum
2200 748 2556 820 conceperit,
2608 748 2754 817 parit
2807 759 3125 818 peccatum;
3173 758 3458 819 peccatum

230 854 411 906 autem,
448 857 568 896 cum
624 849 1059 896 consummatum
1110 841 1295 906 fuerit,
1347 850 1571 912 generat
1616 850 1848 896 mortem
1869 842 1933 893 ".
1976 857 1994 889 ι

293 935 485 987 ΠᾹΔΛ.
528 932 791 1002 Ἀτρεκὴς
815 934 844 984 ὁ
866 932 1044 1000 λόγος.
1090 938 1093 941 ’

292 1024 442 1076 ΚΥΡ.
476 1022 932 1092 Ἀπεμπολήσασα
951 1023 1014 1094 δὴ
1029 1021 1123 1078 οῦν
1139 1024 1238 1095 τὴν
1264 1025 1417 1096 παρά
1440 1025 1573 1079 Θεοῦ
1599 1026 1779 1097 χάριν,

235 1116 316 1169 καὶ
338 1113 674 1182 γυμνωθεῖσα
696 1112 797 1183 ἤδη
832 1112 939 1168 τῶν
974 1115 1030 1167 ὲν
1052 1118 1244 1187 ἀρχαῖς
1273 1117 1511 1185 ἀγαθῶν,
1544 1117 1779 1187 ἐξεπέμ-

236 1220 350 1257 πετο
389 1203 483 1274 μὲν
514 1201 611 1256 τοῦ
644 1203 973 1273 παραδείσου
998 1207 1098 1276 τῆς
1121 1208 1352 1278 τρυφῆς,
1381 1208 1781 1278 μετεπλάττετο

234 1296 284 1347 δὲ
308 1294 431 1363 πρὸς
457 1292 518 1345 τὸ
545 1293 775 1357 ἀκαλλὲς
802 1294 963 1359 εὐθὺς
991 1297 1024 1366 ὴ
1051 1296 1341 1368 ἀνθρώπου
1364 1297 1546 1367 φύσις,
1579 1299 1785 1370 φθορᾶς

235 1383 285 1434 δὲ
312 1383 431 1434 εἵσω
456 1379 699 1435 πεσοῦσα
723 1382 907 1436 λοιπὸν
934 1384 1293 1439 ἀνεδείκνυτο.

294 1472 489 1525 ΠΔΔΛ.
536 1472 891 1541 ’Δναγκαίως.
922 1475 1134 1528 Ἔνδεια
1160 1476 1269 1548 γὰρ
1301 1473 1454 1548 οἶμαι
1489 1478 1598 1531 τῶν
1639 1479 1791 1550 παρά

238 1563 358 1615 Θεοῦ
413 1564 804 1635 χαρισμάτων,
855 1566 1005 1620 οὐδὲν
1062 1567 1251 1637 ἕτερόν
1305 1571 1455 1622 ἔστιν
1506 1570 1540 1640 ἢ
1589 1573 1791 1634 παντὸς

1958 930 2157 985 PALL.
2194 930 2336 983 Vera
2361 928 2556 983 oratio.
2670 922 2673 925 ⁷

1956 1022 2113 1077 CYR.
2148 1020 2285 1077 Cum
2322 1022 2419 1089 ιι
2456 1020 2621 1090 igitur
2658 1019 2753 1073 Dei
2780 1018 3007 1089 gratiam
3053 1029 3459 1083 commutasset,

1887 1131 1952 1171 ac
1981 1115 2141 1169 bonis
2176 1113 2283 1167 illis
2320 1112 2522 1182 quibus
2550 1112 2619 1165 ab
2662 1111 2819 1165 initio
2851 1110 3051 1165 donata
3079 1108 3285 1175 fuerat,
3320 1120 3465 1166 esset

1887 1204 2092 1259 nudata
2117 1220 2147 1258 e
2171 1201 2426 1273 paradiso
2452 1200 2773 1256 deliciarum
2802 1202 2994 1271 ejecta,
3025 1208 3081 1255 et
3110 1200 3177 1254 ad
3201 1201 3459 1256 deformi-

1894 1298 2059 1344 tatem
2100 1289 2365 1359 evestigio
2392 1303 2653 1342 conversa
2677 1298 2761 1343 est
2782 1288 3063 1343 hominum
3085 1298 3298 1354 natura,
3315 1304 3464 1343 mor-

1887 1380 2036 1449 tique
2070 1379 2330 1449 deinceps
2364 1378 2601 1433 obnoxia
2627 1386 2711 1433 est
2744 1378 3039 1434 declarata.

1959 1470 2154 1525 PALL.
2214 1470 2537 1526 Necessario
2574 1484 2725 1523 sane.
2766 1470 2863 1523 Dei
2911 1485 3149 1539 namque
3196 1470 3466 1525 donorum

1890 1563 2108 1631 inopem
2137 1576 2279 1626 esse,
2302 1561 2442 1615 nihil
2466 1568 2571 1625 est,
2597 1560 2813 1629 opinor,
2842 1560 3193 1630 aliud,quam
3218 1561 3286 1615 ab
3318 1562 3469 1615 omni

236 1654 531 1717 ἀπόπτωσις
562 1656 638 1725 (1)
662 1654 888 1723 ἀγαθοῦ.
929 1658 1323 1731 Ἀῥρωστήσειε
1355 1660 1400 1713 δ’
1422 1659 1489 1713 ἂν
1517 1662 1549 1732 ἠ
1581 1660 1789 1733 ἀνθρώ-

1907 1656 2110 1710 )enitus
2140 1656 2285 1710 bono
2326 1664 2601 1710 extorrem
2633 1654 2767 1709 ﬁeri.
2806 1654 2985 1710 Facile
3018 1662 3200 1710 autem
3232 1655 3472 1709 hominis

238 1762 331 1798 που
354 1743 507 1812 φύσις
551 1748 647 1796 καὶ
681 1745 824 1813 μάλα
869 1747 1070 1817 ῥᾳδίως
1100 1748 1199 1818 τὴν
1230 1750 1307 1812 είς
1346 1750 1454 1802 πᾶν
1479 1750 1656 1803 ὁτιοῦν
1682 1750 1790 1803 τῶν

237 1834 465 1890 ἐκτόπων
495 1836 843 1904 παραφορὰν,
880 1837 929 1887 εί
978 1836 1053 1907 μὴ
1078 1838 1259 1907 ἀνέχοι
1292 1838 1428 1909 πρὸς
1460 1840 1661 1910 ἀρετὴν
1693 1840 1792 1892 αὺ-

235 1923 322 1993 τὴν
347 1925 378 1993 ἡ
409 1923 500 1976 τοῦ
530 1924 886 1989 διασώζοντος
915 1926 1096 1998 χάρις,
1127 1931 1241 1991 τοῖς
1280 1927 1506 1982 ἀνωθεν
1533 1932 1627 1983 καέι
1662 1931 1791 2003 παρ’

237 2016 429 2086 ἑαυτῆς
447 2014 675 2081 ἀγαθοῖς
697 2016 979 2081 πλουτίζου
988 2035 1072 2073 σα.

302 2106 451 2159 ΚΥΡ.
489 2101 566 2161 Εὖ
608 2106 812 2176 λέγεις.
852 2109 1237 2183 Συναινέσαιμι
1274 2112 1385 2184 γὰρ
1416 2112 1485 2167 ἂν
1512 2114 1606 2167 καὶ
1648 2114 1795 2183 μάλα

238 2194 445 2259 είκότως
464 2211 479 2226 ·
520 2196 716 2267 τρέφει
751 2199 849 2267 μὲν
874 2199 979 2271 γὰρ
999 2203 1078 2264 εἰς
1099 2202 1271 2274 ἀλκὴν
1292 2205 1391 2275 τὴν
1423 2204 1796 2275 πνευματικὴν

239 2289 264 2339 ὀ
287 2285 438 2357 ἄρτος
458 2289 486 2339 ό
513 2285 648 2351 ζῶν,
675 2288 815 2341 τοῦτ’
843 2290 1011 2355 ἐστιν,
1044 2294 1073 2345 ό
1109 2292 1203 2345 τοῦ
1225 2293 1360 2346 Θεοῦ
1383 2294 1559 2361 λόγος.
1592 2294 1797 2365 Γέγρα-

241 2394 357 2430 πται
380 2378 505 2449 γάρ,
551 2380 635 2432 ὅτι
675 2398 693 2431 ι
729 2382 838 2434 Καὶ
865 2382 1029 2453 ἄρτος
1060 2384 1303 2453 στηρίξει
1328 2386 1553 2456 καρδίαν
1590 2385 1797 2456 ἀνθρώ-

242 2485 353 2522 που.
392 2488 410 2519 ι
444 2470 702 2533 Δουλείας
730 2471 787 2525 δὲ
819 2472 1154 2527 ἀπαλλάττει
1191 2476 1285 2529 καὶ
1314 2476 1522 2540 παθῶν,
1566 2477 1798 2541 καὶτοῖς

242 2560 313 2622 τίς
338 2558 647 2632 ἐλευθερίαν
683 2563 993 2633 αὐχήμασιν
1017 2561 1074 2618 εὖ
1115 2566 1257 2636 μάλα
1287 2569 1636 2637 καταχρυσοῖ.
1664 2568 1796 2619 Συν-

166 2660 169 2663 ’
243 2651 551 2716 εσταλκότος
578 2653 635 2706 δὲ
657 2653 844 2725 ὥσπερ
886 2656 991 2726 τὴν
1017 2658 1175 2727 χεῖρα
1198 2657 1291 2709 τοῦ
1319 2657 1475 2719 Θεοῦ,
1501 2660 1592 2710 καὶ
1611 2658 1709 2729 τὴν
1742 2660 1799 2711 ὲν

243 2742 434 2806 τούτοις
461 2745 597 2814 ἡμῖν
625 2746 888 2815 χορηγίαν
917 2748 976 2799 οὐ
1009 2747 1378 2817 διανέμοντος*
1409 2750 1557 2802 πᾶσα
1587 2749 1798 2820 ἀνάγκη

243 2847 349 2893 πως
388 2835 482 2885 καὶ⁵
511 2833 859 2906 ἀνεθελήτοις
895 2838 1041 2906 ἡμᾶς
1070 2840 1417 2909 περιπίπτειν
1452 2842 1641 2901 κακοῖς
1662 2878 1676 2903 ,
1707 2840 1801 2892 καὶ

245 2925 430 2995 ἀρετῆς
462 2925 573 2994 μὲν
604 2925 819 2997 ἀπάσης
857 2927 1209 2991 ἀπωλισθεῖν,
1239 2930 1489 2983 ὑπελθεῖν
1521 2930 1578 2983 δὲ
1613 2930 1801 3002 ὥσπερ

1892 1754 2085 1800 natura
2111 1746 2177 1801 ad
2199 1747 2404 1816 quasvis
2430 1746 2666 1800 absurda
2706 1744 3005 1811 deferetur,
3033 1746 3137 1800 nisi
3167 1745 3317 1800 illam
3348 1735 3469 1799 Sal:

1891 1838 2097 1893 vatoris
2134 1839 2305 1909 gratia
2342 1838 2400 1891 in
2445 1838 2650 1891 virtute
2697 1836 2986 1901 sustineat,
3018 1851 3081 1891 ac
3107 1836 3267 1891 bonis
3303 1837 3473 1891 coele-

1893 1929 2088 1991 stibus,
2121 1944 2355 1998 quorum
2384 1937 2469 1982 est
2489 1928 2605 1997 ipsa
2636 1926 2776 1992 fons,
2801 1936 3014 1999 augeat.

1964 2020 2121 2073 ΟΥΕ.
2154 2020 2323 2073 Recte
2369 2033 2499 2073 sane
2543 2018 2701 2082 dicis,
2748 2028 2805 2073 et
2851 2019 3049 2073 merito
3074 2018 3331 2089 equidem
3372 2016 3473 2071 tibi

1894 2106 2200 2171 assentior;
2232 2105 2328 2159 alit
2346 2106 2493 2159 enim
2521 2106 2585 2159 ad
2613 2108 2925 2175 spirituales
2949 2108 3095 2163 vires
3128 2107 3475 2178 accipiendas

1896 2194 2055 2263 panis
2096 2194 2187 2248 ille
2214 2194 2404 2257 vivus,
2434 2194 2487 2247 id
2519 2204 2623 2256 est,
2656 2196 2752 2249 Dei
2783 2195 3035 2251 verbum.
3065 2195 3343 2267 Scriptum
3388 2206 3474 2251 est

1895 2284 2079 2340 enim:
2114 2302 2131 2334 ι
2165 2284 2331 2338 Panis
2362 2282 2653 2337 conﬁrmat
2686 2298 2780 2337 cor
2800 2284 3039 2339 hominis
3059 2286 3124 2337 ³⁸.
3155 2305 3172 2335 ι
3202 2284 3479 2340 Servitute

1895 2390 2115 2445 quoque
2147 2384 2203 2430 et
2235 2375 2417 2444 pravis
2452 2375 2740 2429 affectibus
2774 2376 3003 2440 liberat,
3031 2383 3087 2430 et
3114 2391 3277 2430 aurea
3304 2375 3477 2431 liber-

1900 2464 2024 2519 tatis
2073 2464 2244 2534 gloria
2292 2463 2535 2517 decorat.
2577 2464 2647 2517 At
2704 2462 2749 2517 si
2797 2478 3019 2520 manum
3074 2463 3480 2533 quodammodo

1898 2553 2232 2607 contraxerit
2284 2553 2464 2617 Deus,
2513 2552 2818 2622 horumque
2864 2552 3133 2607 bonorum
3184 2550 3343 2606 nobis
3391 2566 3483 2605 co-

1900 2641 2041 2711 piam
2073 2641 2297 2695 minime
2323 2640 2705 2710 suppeditarit,
2728 2655 2950 2695 necesse
2976 2648 3060 2695 est
3085 2639 3309 2694 omnino
3334 2646 3395 2692 ut
3427 2638 3483 2692 in

1900 2732 2041 2786 mala
2071 2732 2235 2786 etiam
2268 2742 2467 2802 praeter
2498 2733 2837 2787 voluntatem
2868 2732 3194 2794 incidamus,
3226 2740 3389 2799 atque
3413 2728 3483 2783 ab

1874 2824 2051 2878 omni
2090 2839 2313 2894 prorsus
2336 2826 2540 2879 virtute
2583 2824 2922 2887 cxcidamus,
2957 2838 3021 2878 ac
3054 2822 3224 2877 veluti
3256 2821 3486 2876 alterius

1897 2916 2084 2985 jugum
2115 2915 2429 2980 subeamus,
2461 2915 2527 2969 ad
2557 2932 2731 2984 eaque
2770 2916 2931 2979 mala,
2963 2929 3192 2984 eamque
3224 2913 3482 2984 injuriam

242 3017 324 3069 τὸν
352 3016 539 3088 ἑτέρου
566 3016 749 3085 ζυγὸν,
774 3019 932 3089 ἥκειν
954 3037 1013 3071 τε
1034 3021 1091 3083 ες
1118 3020 1273 3074 τοῦτο
1300 3022 1483 3076 κακῶν
1507 3024 1599 3076 καὶ
1618 3024 1805 3075 πλεον-

1907 3007 2305 3077 perveniamus,
2342 3017 2403 3062 ut
2423 3025 2531 3063 non
2557 3010 2788 3062 multum
2818 3008 2961 3062 absit
2990 3008 3123 3077 quin
3153 3008 3324 3077 ipsam
3350 3021 3487 3076 quo-

246 3107 414 3171 εξίας,
460 3110 539 3172 ὡς
603 3109 772 3180 ἀγχοῦ
813 3110 1065 3179 γενέσθαι
1118 3112 1304 3165 λοιπὸν
1351 3112 1445 3165 τοῦ
1482 3115 1576 3166 καὶ
1634 3112 1803 3183 αὐτὴν

1910 3119 2016 3173 que
2055 3106 2167 3174 jam
2198 3105 2631 3175 intelligentiam,
2655 3120 2775 3173 qua:
2802 3103 2878 3158 ad
2908 3104 3091 3157 omnia
3124 3102 3285 3157 nobis
3316 3101 3488 3155 bono-

246 3199 490 3253 ἀπολέσαι
510 3199 617 3273 τὴν
644 3202 722 3264 είς
745 3202 853 3254 πᾶν
868 3201 1045 3255 ὁτιοῦν
1060 3202 1166 3255 τῶν
1192 3203 1410 3271 ἀγαθῶν
1429 3203 1806 3274 ὑπηρετοῦσαν

1913 3209 2033 3247 rum
2063 3209 2260 3264 genera
2303 3194 2651 3263 adipiscenda
2692 3203 2747 3249 et
2777 3193 3097 3253 administra
3136 3199 3220 3246 est
3252 3199 3308 3245 et
3349 3204 3483 3245 con-

246 3291 365 3358 ἡμῖν
394 3291 486 3342 καὶ
520 3291 931 3363 συνῳκισμένην
967 3291 1178 3345 σύνεσιν
1198 3332 1213 3353 ,
1245 3294 1338 3346 καὶ
1366 3294 1555 3361 σοφίας
1594 3296 1806 3365 ἐρήμην

1907 3285 2115 3353 juncta,
2150 3284 2482 3348 amittamus,
2524 3292 2693 3353 utque
2726 3284 2845 3354 ejus
2876 3282 2987 3353 qui
3014 3283 3091 3339 ita
3142 3280 3370 3336 allectus
3404 3288 3490 3334 est

244 3381 335 3449 τῆς
370 3382 511 3435 κατά
563 3381 699 3435 Θεὸν
735 3384 1114 3454 ἀποφανθῆναί
1156 3402 1216 3437 τε
1252 3385 1527 3448 παντελῶς
1565 3385 1664 3456 τὴν
1706 3384 1801 3437 τοῦ

248 3471 499 3536 παθόντος
533 3474 782 3545 καρδίαν,
818 3475 1327 3547 έκπεπορνευμένην
1357 3476 1544 3547 ὥσπερ
1589 3476 1667 3547 τῷ
1705 3478 1810 3530 Σα-

248 3565 371 3633 τανᾷ
391 3602 405 3626 ,
441 3569 536 3616 καὶ
564 3565 952 3636 ὑπενεχθεῖσαν
981 3566 1215 3630 εὐκόλως
1241 3565 1431 3639 ῦϐρεσί
1449 3584 1507 3621 τε
1533 3569 1624 3621 καὶ
1649 3568 1811 3623 ἀσελ-

249 3653 409 3719 γείαις
440 3659 562 3719 ταῖς
590 3656 681 3709 ὑπ’
708 3657 894 3712 αὑτοῦ.

314 3751 514 3806 ΠΛΛΛ.
569 3753 897 3818 Ἐκδείξειας
927 3754 994 3808 ἂν
1033 3756 1201 3820 ὅπως,
1228 3755 1261 3827 ἢ
1290 3754 1461 3827 ψιλοῖς
1487 3756 1665 3819 ἐάσεις
1696 3757 1814 3810 ἐπι-

252 3841 494 3909 νήχεσθαι
528 3842 810 3913 λογισμοῖς
836 3861 851 3909 ;

320 3934 475 3988 ΚΥΡ,
528 3935 773 3988 Ἥκιστά
799 3952 884 4003 γε.
922 3936 1316 4007 Παραδείξαιμι
1358 3937 1467 4008 γάρ
1516 3938 1582 3991 ἂν
1622 3938 1697 4000 ὼς
1736 3937 1815 3990 ενι

216 4018 227 4037 ¹
254 4025 417 4089 καλῶς
447 4027 523 4080 τά
557 4030 673 4090 τοῖς
719 4027 965 4098 ἀρχαίοις
1019 4028 1402 4101 συμϐεϐηκότα
1424 4068 1438 4093 ,
1491 4028 1810 4100 διαμορφῶν

252 4115 507 4187 εὐτέχνως
539 4118 624 4181 εἰς
650 4118 819 4172 τύπον
858 4120 965 4172 τῶν
1006 4120 1232 4192 νοητῶν.
1267 4120 1485 4184 Είκόνες
1516 4121 1625 4192 γὰρ
1656 4123 1817 4190 ἐναρ-

253 4211 358 4273 γεῖς
380 4210 472 4261 ml.
496 4208 874 4281 ἀριδηλότατοι
902 4210 1139 4279 γένοιντο
1166 4211 1230 4265 ἂν
1254 4213 1384 4281 ἡμῖν
1405 4210 1513 4265 τῶν
1534 4213 1591 4264 ὲν
1619 4211 1819 4282 θεωρίᾳ

253 4293 432 4366 λεπτῇ,
463 4296 536 4349 τά
563 4297 641 4359 ὡς
668 4298 726 4349 ὲν
761 4296 1008 4368 αἰσθήσει
1042 4315 1101 4351 τε
1132 4300 1226 4352 καὶ
1255 4300 1331 4363 ὼς
1366 4301 1422 4353 ὲν
1454 4299 1572 4370 ὄψει
1608 4316 1818 4370 σημαν-

1914 3390 2010 3429 οοι·
2038 3374 2223 3428 divina
2255 3375 2523 3445 sapientia
2542 3375 2701 3444 plane
2725 3377 2956 3428 i'acuum
2979 3382 3256 3435 cernatur,
3288 3370 3490 3441 quippe

1915 3464 2008 3535 qui
2039 3480 2231 3535 passus
2258 3465 2329 3520 sit
2349 3465 2485 3519 illud
2518 3464 2774 3537 prostitui
2806 3464 3036 3528 Satanae,
3069 3463 3339 3533 facileque
3368 3463 3491 3533 ejus

1916 3556 2132 3611 libidini
2161 3566 2322 3628 atque
2360 3556 2717 3615 contumeliis.
2742 3555 2960 3627 subjici.

1974 3737 2168 3792 PALL.
2212 3736 2687 3792 Demonstrabisne
2738 3751 2847 3806 quo
2874 3743 3030 3806 pacto
3063 3733 3117 3787 id
3149 3731 3390 3795 accidat,
3425 3746 3493 3785 an

1920 3828 1975 3881 in
2000 3828 2163 3881 nudis
2188 3828 2607 3899 cogitationibus
2633 3841 2734 3882 nos
2760 3825 3026 3881 ﬂuctuare
3049 3824 3234 3879 sines?

1990 3918 2145 3973 CYR.
2175 3920 2393 3973 Minime
2423 3934 2574 3973 vero.
2608 3917 2901 3973 Ostendam
2928 3917 3097 3979 enim,
3132 3924 3193 3969 ut
3226 3930 3314 3969 res
3351 3914 3494 3984 pati-

1923 4019 2032 4073 tur,
2061 4010 2431 4079 pulcherrime
2458 4051 2470 4073 ,
2498 4020 2555 4064 et
2588 4026 2651 4064 ea
2685 4026 2803 4079 quae
2845 4008 3124 4064 veteribus
3157 4007 3493 4068 acciderunt,

1923 4100 2216 4155 artiﬁciose
2241 4102 2307 4155 ad
2334 4116 2518 4156 rerum
2544 4101 2908 4171 spiritualium
2933 4100 3160 4169 ﬁguram
3185 4098 3498 4168 expressius

1924 4189 2192 4259 effingam.
2216 4190 2359 4251 Nam
2397 4206 2461 4245 ea
2491 4206 2611 4259 quae
2642 4191 2811 4244 veluti
2860 4190 3116 4245 sensibus
3158 4197 3215 4243 et
3253 4187 3497 4258 aSpectui

1926 4288 2343 4348 corporeosunt
2365 4280 2634 4348 exposita,
2666 4296 2849 4333 rerum
2892 4294 3013 4347 quae
3040 4277 3227 4332 subtili
3251 4285 3497 4331 contem-

254 4357 722 4459 τικῇξῗέγραπται
740 4357 921 4441 τοίνυν
936 4389 1165 4460 περὶτοῦ
1184 4357 1523 4463 προπάτορος
1550 4357 1815 4462 Ἀϐραάμ’

1924 4370 2162 4440 platione
2190 4378 2511 4432 cernuntur,
2545 4370 2812 4439 imagines
2850 4370 3137 4423 evidentes
3164 4376 3329 4436 atque
3376 4382 3501 4436 per-

262 4493 278 4525 ι
315 4478 421 4530 Καὶ
456 4478 681 4546 ἐγένετο
696 4478 851 4549 λιμὸς
870 4479 962 4531 ἐπὶ
981 4479 1080 4549 τῆς
1100 4479 1223 4549 γῆς,
1238 4480 1331 4532 καὶ
1346 4479 1550 4549 κατέϐη
1575 4480 1824 4551 Ἀϐραὰμ

257 4569 329 4630 είς
358 4570 640 4636 Αἴγυπτον
669 4571 987 4639 παροικίσαι
1017 4573 1150 4633 ἐκεῖ,
1180 4572 1262 4623 ὅτι
1292 4571 1570 4641 ἐνίσχυσεν
1601 4572 1629 4624 ὁ
1670 4571 1825 4642 λιμὸς

256 4659 339 4710 Ini
369 4659 468 4729 τῆς
492 4661 620 4729 γῆς.
663 4678 681 4711 ι
716 4660 827 4731 Τὴν
857 4661 967 4732 γάρ
998 4678 1083 4714 τοι
1105 4660 1264 4730 φίλην
1288 4679 1346 4714 τε
1367 4661 1516 4732 αὺτῷ
1545 4663 1639 4715 καὶ
1671 4664 1825 4731 ἐνεγ-

254 4750 447 4805 κοῦσαν
470 4752 653 4821 ἀφεῖς,
685 4752 1061 4824 μεθωρμίζετο
1082 4753 1217 4824 πρὸς
1242 4752 1455 4824 ἑτέραν,
1481 4754 1548 4823 ἢν
1581 4753 1824 4817 ὑπέδειξε

256 4838 396 4903 Θεός.
433 4860 451 4891 ι
493 4840 720 4905 Ἔξελθε
750 4842 879 4913 γὰρ,
921 4861 940 4893 ι
974 4842 1157 4911 φησὶν,
1187 4859 1205 4891 ι
1238 4841 1302 4894 ὲκ
1328 4842 1426 4911 τῆς
1458 4842 1557 4915 γῆς
1590 4858 1707 4905 σου,
1732 4842 1827 4893 καὶ

255 4933 314 4981 ὲκ
345 4931 445 4999 τῆς
474 4930 802 4997 συγγενείας
833 4948 947 4995 σου,
978 4931 1071 4983 καὶ
1096 4928 1255 4999 δεῦρο
1281 4932 1359 4993 είς
1388 4930 1512 4999 γῆν,
1545 4931 1611 5000 ῆν
1642 4930 1706 4984 ἄν
1743 4947 1827 4982 σοι

254 5021 421 5087 δείξω.
476 5042 496 5073 ι
558 5020 996 5093 Καταϐρίθοντος
1036 5022 1101 5074 δὲ
1130 5022 1223 5074 τοῦ
1276 5022 1455 5092 λιμοῦ,
1488 5021 1581 5073 καὶ
1612 5020 1826 5074 δυσδιά-

257 5130 449 5180 φυκτον
478 5113 680 5183 κομιδῇ
718 5113 817 5187 τὴν
846 5110 1047 5183 ζημίαν
1081 5112 1397 5180 ἐπάγοντος,
1426 5111 1523 5181 τὴν
1556 5111 1827 5179 Αἴγυπτον

260 5201 400 5265 ἰδεῖν,
440 5203 543 5255 καὶ
588 5203 686 5272 οὐχ
738 5200 902 5265 ἑκὼν,
936 5201 1203 5265 ἐϐιάζετο.
1247 5202 1356 5254 Καὶ
1405 5199 1692 5271 κατῴκησε
1729 5200 1828 5269 μὲν

254 5292 386 5361 οὐχὶ,
410 5291 717 5364 παρῴκησε
744 5292 1025 5362 δὲμᾶλλον
1053 5295 1110 5346 ὲν
1137 5293 1293 5362 αὐτῇ.

321 5462 533 5516 ΠΑΛΛ.
580 5462 645 5514 Τί
666 5460 759 5515 οὖν
782 5462 937 5516 τοῦτό
959 5480 1021 5531 γε
1042 5480 1058 5529 ;

1921 4460 2123 4529 spicum
2161 4458 2283 4514 eSse
2333 4466 2611 4528 poterunt.
2654 4459 2928 4528 Scriptum
2965 4467 3051 4513 est
3094 4457 3241 4512 enim
3291 4455 3358 4511 de
3398 4470 3499 4525 pa-

1923 4551 2157 4605 triarcha
2189 4550 2499 4604 Abraham:
2536 4568 2554 4599 ι
2597 4550 2665 4603 Ει
2708 4549 2850 4602 facta
2885 4559 2971 4603 est
3009 4547 3183 4602 fames
3220 4546 3277 4600 in
3314 4554 3494 4601 terra:

1922 4650 1979 4695 et
2001 4639 2285 4695 descendit
2308 4639 2580 4693 Abraham
2610 4639 2662 4692 in
2694 4637 3003 4709 Aigyptum,
3034 4646 3094 4691 ut
3119 4636 3499 4707 peregrinare-

1925 4741 2014 4785 tur
2062 4730 2172 4795 ibi;
2201 4730 2329 4799 quia
2359 4730 2663 4784 invaluerat
2705 4730 2875 4783 fames
2912 4729 2967 4783 in
3015 4728 3250 4783 terra“.
3285 4747 3302 4777 ι
3342 4725 3499 4780 Dulci

1924 4822 2073 4875 enim
2104 4831 2159 4875 et
2198 4821 2363 4874 natali
2401 4821 2520 4875 solo
2561 4820 2753 4874 relicto
2778 4860 2791 4882 ,
2820 4820 2874 4873 in
2919 4819 3083 4873 aliam
3122 4834 3180 4872 se
3221 4817 3501 4887 regionem

1926 4915 2353 4983 contulit,quam
2376 4912 2689 4968 ostenderat
2719 4915 2881 4967 Deus.
2903 4931 2919 4960 ‹
2941 4913 3037 4966 Exi
3062 4911 3230 4972 enim,
3253 4928 3269 4959 ι
3301 4910 3499 4978 inquit,

1935 5027 1953 5058 ι
1986 5008 2054 5062 de
2085 5017 2229 5062 terra
2255 5015 2368 5071 tua,
2401 5014 2458 5060 et
2480 5006 2549 5059 de
2569 5005 2891 5075 cognatione
2927 5013 3036 5065 tua,
3058 5011 3115 5056 et
3144 5002 3268 5055 veni
3296 5000 3353 5053 in
3389 5009 3501 5054 ter-

1928 5113 2067 5161 ram,
2088 5112 2251 5166 quam
2276 5104 2653 5150 monstravero
2685 5093 2784 5147 tibi
2807 5093 2873 5144 ³⁸.
2914 5110 2929 5141 ι
2965 5091 3378 5159 Ingravescente
3401 5102 3501 5143 au-

1934 5197 2044 5242 tem
2076 5186 2237 5249 fame,
2263 5194 2320 5240 et
2345 5182 2661 5237 inevitabile
2691 5182 2947 5239 damnum
2975 5178 3264 5241 inferente,
3299 5176 3503 5233 invitus

1940 5278 2041 5345 12
2075 5276 2288 5346 Egypti
2317 5274 2602 5344 regionem
2627 5272 2861 5327 invisere
2894 5277 3116 5325 coactus
3152 5277 3271 5334 est;
3314 5267 3367 5322 in
3394 5282 3504 5337 qua

1880 5392 1883 5393 ν
1936 5385 2045 5424 non
2073 5377 2133 5421 ut
2154 5367 2351 5429 incola,
2383 5365 2477 5419 sed
2513 5362 2919 5433 utperegrinus
2943 5369 3192 5416 versatus
3214 5367 3321 5416 est.

2007 5458 2200 5513 PALL.
2229 5456 2499 5522 Quorsum
2527 5455 2634 5510 hoc
2660 5453 2907 5525 spectat?

323 5616 398 5687 (l)
458 5617 611 5680 Vat.,
677 5618 1005 5686 ἀπόγνωσις.
1070 5618 1328 5672 Codicem
1390 5615 1575 5671 Sirleti
1638 5616 1938 5685 sequimur.

322 5731 367 5763 "
394 5731 511 5787 Jac.
550 5748 589 5797 ι,
616 5733 798 5789 15-15.
878 5736 921 5767 ³ο
950 5736 1088 5790 Psal.
1119 5736 1229 5800 Clll,
1266 5735 1350 5790 15.
1429 5735 1467 5766 ⁸³
1500 5734 1635 5791 Gen.
1667 5749 1759 5799 χιιι,
1797 5734 1820 5787 1

1958 5731 2001 5764 ³²
2031 5728 2194 5795 Ibid,
2227 5727 2267 5782 I.
