4154 6540
678 389 771 446 151

1699 388 1756 443 S.
1795 385 2069 444 CYRILLI
2109 386 2579 443 ALEXANDRINI
2619 386 2936 442 ARCHIEP.
3821 383 3912 438 153

743 503 899 558 CYR.
951 503 1378 558 Pulcherrimam
1430 503 1586 557 nobis
1649 518 1834 558 rerum
1888 503 2244 559 secretiorum

2420 505 2582 558 ΚῬΡ.
2601 506 2655 557 Ἀ
2667 505 2857 574 ρίστην
2875 503 3005 573 ἡμῖν
3029 499 3135 552 τῶν
3157 497 3540 568 ἀφανεστέρων
3566 496 3662 567 τὴν
3688 497 3910 565 θεωρίαν

673 594 904 648 formam
935 593 1190 664 preponit
1224 591 1716 662 contemplandam.

745 684 943 739 PALL.
975 684 1093 750 Quo
1122 685 1314 753 pacto?

741 776 896 831 CYR.
948 776 1258 830 Judzeorum
1313 773 1748 828 incredulitatem
1808 775 2134 844 increpans,
2168 776 2246 830 ait

676 867 850 921 Deus:
893 885 911 916 ι
946 867 1084 920 Ecce
1135 865 1387 919 inducam
1427 865 1626 919 famem
1660 881 1824 935 super
1854 875 2084 932 terram,
2134 884 2244 922 non

675 960 871 1012 famem
915 958 1091 1026 panis,
1120 972 1297 1026 neque
1341 957 1487 1011 sitim
1537 971 1724 1025 aquae,
1769 956 1866 1011 sed
1915 957 2110 1012 famem
2147 975 2245 1011 au-

674 1047 858 1102 diendi
888 1047 1115 1101 verbum
1144 1046 1378 1101 Domini.
1423 1047 1490 1100 Et
1517 1046 1584 1100 ab
1612 1047 1820 1101 oriente
1849 1063 2019 1116 usque
2049 1048 2117 1103 ad
2151 1064 2244 1102 oe-

674 1137 945 1192 cidentem
991 1137 1502 1192 circumcursabunt
1541 1145 1850 1205 quaerentes
1873 1138 2102 1196 verbum
2139 1140 2246 1192 Do-

675 1225 831 1289 mini,
865 1235 921 1281 et
953 1241 1061 1283 non
1108 1225 1388 1281 invenient
1409 1226 1503 1278 ³³.›
1551 1226 1735 1294 Atqui,
1770 1226 1963 1290 amice,
2003 1228 2096 1295 qui
2146 1227 2247 1282 hac

674 1313 816 1368 fame
864 1315 1111 1384 oppressi
1153 1323 1302 1378 sunt,
1349 1324 1406 1370 et
1446 1315 1952 1371 subministratione
1999 1316 2088 1369 illa
2127 1317 2243 1379 Dei,

675 1423 796 1475 qua:
825 1423 926 1461 nos
962 1408 1016 1461 in
1047 1409 1251 1462 virtute
1280 1407 1525 1462 continet
1549 1407 1752 1475 lapsos,
1783 1406 2053 1471 destituti,
2092 1423 2246 1463 esca-

675 1514 781 1567 que
813 1498 892 1552 illi
936 1499 1144 1568 cmlesti
1182 1509 1346 1568 atque
1377 1513 1614 1567 superna
1642 1506 1851 1561 carent,
1884 1513 1952 1551 an
1992 1513 2100 1552 non
2128 1513 2248 1554 om-

676 1589 807 1643 nino
828 1604 1052 1644 neeesse
1079 1596 1165 1645 est
1194 1588 1556 1659 peregrinari,
1589 1589 1941 1657 exsulemque
1982 1590 2248 1658 quodam-

678 1679 840 1733 modo
867 1689 1106 1735 mentem
1136 1680 1219 1735 eis
1246 1680 1361 1735 ﬁeri
1389 1679 1456 1733 ad
1485 1677 1760 1734 deteriora
1792 1679 2050 1749 deinceps
2074 1680 2250 1734 demi-

675 1775 945 1835 grantem,
966 1777 1022 1822 et
1047 1783 1113 1822 ex
1134 1767 1353 1822 virtutis
1378 1766 1632 1822 ﬁrmitate
1654 1777 1912 1836 tanquam
1940 1784 2006 1823 ex
2031 1768 2251 1838 propria

677 1857 895 1926 regione
946 1859 1160 1926 pulsam
1189 1898 1206 1923 ,
1254 1857 1587 1914 descendere
1650 1857 1708 1912 in
1767 1835 1936 1913 alium
1996 1835 2247 1916 habitum
2283 1835 2322 1889 Β

675 1957 837 2016 atque
867 1949 1230 2012 voluntatem,
1261 1964 1437 2018 neque
1467 1948 1728 2018 deinceps
1755 1951 1851 2005 Dei
1883 1951 2133 2020 imperio,
2151 1950 2247 2007 sed

673 2039 905 2107 sceptris
944 2039 1232 2095 diabolicis
1290 2041 1595 2111 subjectam
1625 2041 1788 2096 esse?
1818 2041 2020 2096 Parens
2075 2044 2245 2109 enim,

673 2129 887 2198 opinor,
922 2139 979 2184 et
1014 2147 1113 2185 rex
1150 2131 1358 2201 peccati
1410 2131 1455 2186 is
1497 2140 1581 2186 est
1621 2132 1714 2202 qui
1765 2117 1972 2201 primus
2005 2133 2137 2187 illud
2190 2133 2250 2189 in

672 2221 938 2276 mundum
967 2221 1172 2287 intulit,
1204 2225 1358 2292 cujus
1383 2223 1608 2293 ﬁguram
1630 2232 1792 2292 atque
1823 2223 2110 2293 imaginem
2137 2238 2248 2279 non

674 2310 931 2376 absurde,
959 2321 1019 2367 ut
1046 2313 1260 2383 opinor,
1285 2323 1489 2369 statuat
1524 2315 1864 2369 Pharaonem
1896 2315 2048 2369 illum
2081 2315 2247 2386 Egy-

675 2400 912 2469 ptiorum
933 2402 1258 2474 principem,
1290 2406 1435 2476 apud
1458 2421 1595 2475 quos
1613 2405 1796 2460 densae
1816 2413 1972 2459 erant
1995 2420 2247 2460 errorum

677 2493 935 2559 tenebrae,
959 2495 1278 2567 nullumque
1304 2497 1565 2568 nequitiae
1590 2513 1764 2568 genus
1792 2497 2141 2552 intentatum.

745 2671 941 2727 PALL.
975 2672 1043 2728 Et
1075 2689 1310 2743 quanam
1342 2673 1447 2728 fuit
1475 2674 1748 2730 Abraham
1799 2673 2036 2730 aﬂ‘ectus
2069 2673 2248 2729 mole-

674 2764 799 2825 stia,
830 2779 897 2818 ex
921 2779 988 2819 eo
1017 2765 1164 2834 quod
1186 2766 1242 2820 in
1268 2764 1556 2836 Egyptum
1584 2765 1980 2821 descenderat?

744 2853 899 2910 ΟΥΕ.
923 2855 1154 2910 Maxima
1175 2871 1323 2911 sane.
1355 2857 1756 2926 Propemodum
1779 2856 1928 2910 enim
1962 2856 2106 2911 ultra
2127 2870 2247 2910 om-

673 2961 802 3000 nem
824 2946 1089 3000 malorum
1123 2946 1345 3000 modum
1371 2947 1616 3014 perlatus
1647 2953 1748 3000 est.
1789 2944 1847 2998 id
1881 2953 2062 2998 autem
2092 2944 2249 2998 facile

674 3036 873 3100 disces,
905 3036 1190 3108 Scriptura
1217 3036 1466 3091 dicente:
1494 3055 1512 3086 ι
1541 3035 1767 3090 Factum
1793 3046 1878 3091 est
1908 3045 2090 3090 autem
2122 3049 2248 3090 cum

2346 598 2653 666 διαμορφοῖ.

2419 689 2626 740 ΠᾹΛΛ.
2667 686 2799 738 Τίνα
2826 685 3026 755 τρόπον
3047 699 3061 748 ;

2420 780 2583 833 ΚΥΡ.
2614 779 2745 840 Ταῖς
2766 777 2873 829 τῶν
2910 774 3176 828 Ἰουδαίων
3199 773 3473 836 ἀπειθίαις
3496 768 3792 839 ιπιτιμῶν,
3817 765 3909 835 ἔφη

2350 889 2454 924 που
2489 872 2517 924 ό
2557 869 2719 930 Θεός’
2761 887 2778 919 ι
2834 869 2963 921 Ἰδοὺ
3009 866 3200 934 ἐπάγω
3243 865 3400 935 λιμὸν
3430 863 3522 918 ἐπὶ
3558 863 3659 929 τὴν
3689 860 3817 928 γῆν.
3853 859 3910 910 οὐ

2349 963 2503 1031 λιμὸν
2526 961 2712 1031 ἄρτου,
2733 958 2854 1011 οὐδὲ
2885 957 3044 1026 δίψαν
3071 957 3278 1021 ὓδατος,
3306 955 3441 1008 ἀλλὰ
3467 951 3626 1022 λιμὸν
3646 948 3738 1003 τοῦ
3761 947 3914 1002 ἀκοῦ-

2350 1069 2440 1105 σαι
2484 1051 2638 1118 λόγον
2677 1049 2903 1120 Κυρίου.
2946 1046 3054 1100 Καὶ
3088 1046 3198 1099 ἀπὸ
3242 1042 3516 1098 ἀνατολῶν
3554 1041 3661 1103 ἕως
3699 1037 3914 1107 δυσμῶν

2352 1139 2809 1213 περιδραμοῦνται
2853 1137 3141 1207 ζητοῦντες
3169 1136 3327 1203 λόγον
3356 1133 3589 1203 Κυρίου,
3616 1133 3710 1184 καὶ
3740 1130 3803 1181 ού
3844 1127 3915 1196 μὴ

2351 1233 2600 1302 εὕρωσιν.
2649 1249 2665 1281 ι
2700 1226 2826 1301 'Ap‘
2866 1224 2960 1282 οῦν
3005 1221 3050 1282 ὧ
3101 1227 3304 1294 ἑταῖρε,
3346 1223 3473 1285 τοὺς
3521 1221 3708 1290 τοιῷδε
3759 1217 3915 1286 τυχὸν

2351 1321 2813 1382 καταπιεσθέντας
2843 1318 2987 1388 λιμῷ
3011 1357 3026 1381 ,
3073 1318 3166 1369 καὶ
3195 1314 3457 1386 χορηγίας
3498 1309 3915 1369 ἐκπεπτωκότας

2349 1415 2448 1483 τῆς
2469 1412 2590 1465 διακ
2600 1411 2864 1482 ρατούσης
2887 1411 2964 1469 είς
2985 1406 3208 1477 ἀρετὴν,
3230 1405 3325 1458 καὶ
3345 1402 3552 1473 τροφὰς
3573 1399 3672 1454 οὐκ
3697 1399 3918 1467 ἔχοντας

2349 1502 2447 1565 τὰς
2481 1502 2538 1567 ἐξ
2570 1499 2798 1571 οὐρανοῦ
2827 1498 2921 1552 καλ⁵
2950 1497 3176 1559 ἄνωθεν,
3213 1493 3334 1563 οὐχὶ
3373 1491 3526 1546 πᾶσά
3560 1506 3675 1552 πως
3706 1490 3916 1555 ἀνάγκη

2355 1592 2692 1664 μετανάστην
2743 1588 2929 1658 ὥσπερ
2967 1587 3086 1639 τινὰ
3126 1586 3221 1640 καὶ⁵
3264 1583 3477 1653 φυγάδα
3519 1578 3790 1633 ποιεῖσθαι
3830 1577 3918 1630 τὸν

2352 1682 2496 1744 νοῦν,
2532 1678 2860 1751 μεταθέοντα
2895 1676 3078 1730 λοιπὸν
3110 1676 3203 1730 ἐπὶ
3234 1673 3303 1726 τὰ
3331 1672 3547 1742 αἰσχίω,
3597 1671 3691 1723 καὶ
3723 1667 3914 1737 ὥσπερ

2350 1772 2494 1833 τινὸς
2519 1770 2622 1838 γῆς
2649 1767 2783 1829 ἰδίας
2811 1766 2910 1834 τῆς
2934 1766 3013 1827 είς
3045 1763 3245 1834 ἀρετὴν
3279 1760 3587 1822 εὐσθενείας
3616 1756 3919 1823 ἐξωθούμε-

2351 1879 2460 1925 νον,
2496 1858 2838 1916 καταϐαίνειν
2871 1857 2950 1920 εἰς
2974 1856 3165 1926 ἑτέραν
3185 1853 3296 1917 ἕξιν
3327 1869 3387 1905 τε
3422 1850 3516 1904 καὶ
3548 1848 3798 1918 θέλησινο
3821 1848 3919 1900 οὐκ

2351 1953 2430 2007 ἔτι
2464 1951 2560 2021 μὲν
2591 1949 2688 2020 τὴν
2726 1948 2832 2002 ὑπὸ
2862 1947 3001 2017 Θεῷ,
3046 1947 3346 2017 σκήπτροις
3371 1943 3429 1997 δὲ
3463 1941 3663 2012 μᾶλλον
3701 1941 3920 1992 ὑποκει-

2353 2042 2520 2113 μένην
2557 2040 2896 2103 διαϐολικοῖς.
2929 2038 3119 2108 Πατὴρ
3155 2035 3264 2106 γὰρ
3287 2077 3301 2099 ,
3324 2031 3510 2104 οἶμαι,
3541 2032 3635 2088 καὶ
3667 2029 3920 2101 βασιλεὺς

2349 2133 2642 2204 ἁμαρτίας,
2666 2134 2695 2186 ό
2719 2130 2933 2202 πρῶτος
2961 2127 3128 2197 αὐτὴν
3148 2128 3204 2189 ὲς
3226 2126 3428 2195 κόσμον
3453 2121 3712 2190 ἐνεγκὼν.
3736 2114 3798 2173 οῦ
3829 2120 3921 2172 καὶ

2347 2226 2428 2288 εἰς
2466 2223 2650 2277 εἰκόνα
2679 2221 2772 2274 καὶ
2801 2220 2969 2274 τύπον
3006 2215 3356 2289 παραδέξαιτ’
3393 2214 3460 2268 ἂν
3499 2209 3650 2283 οἶμαί
3685 2227 3794 2273 τις.
3827 2208 3921 2263 καὶ
4019 2213 4032 2224 ‘

2349 2315 2559 2385 σφόδρα
2591 2313 2816 2375 εἰκότως
2837 2352 2852 2376 ,
2883 2311 2977 2364 τὸν
3006 2307 3209 2380 Φαραὼ
3231 2350 3246 2374 ,
3271 2306 3375 2375 τῆς
3413 2304 3725 2372 Αἰγυπτίων
3760 2300 3918 2370 ἑξάρ-

2348 2422 2530 2476 χοντα.
2563 2404 2698 2474 Παρ’
2725 2396 2807 2465 οἷς
2833 2401 3000 2471 βαθὺς
3023 2399 3122 2470 μὲν
3145 2393 3214 2469 ἦν
3234 2398 3356 2452 λίαν
3374 2399 3403 2450 ὁ
3423 2395 3516 2450 τοῦ
3543 2392 3920 2462 πεπλανῆσθαι

2350 2495 2540 2558 σκότος
2566 2511 2580 2527 ο
2615 2495 2816 2558 κακίας
2863 2492 2922 2546 δὲ
2952 2491 3151 2562 τρόπος
3189 2488 3604 2559 ἀνεπιτήδευτος
3638 2483 3919 2545 παντελῶς

2347 2583 2539 2647 οὐδείς.

2422 2677 2629 2731 ΠΑΛΛ.
2659 2675 2768 2730 Καὶ
2783 2675 2835 2728 τί
2859 2673 2920 2727 τὸ
2946 2674 3192 2744 λυπῆσαν
3219 2671 3310 2724 τὸν
3342 2670 3610 2739 μακάριον
3644 2665 3920 2737 Ἀϐραὰμ.

2350 2770 2416 2823 ἔκ
2440 2768 2532 2821 τοῦ
2559 2766 2879 2822 καθικέσθαι
2909 2765 3068 2836 τυχδν
3098 2766 3177 2826 είς
3204 2763 3302 2832 τὴν
3335 2759 3680 2828 Αίγυπτῐων;

2419 2859 2580 2911 ΚΥΡ.
2608 2858 2863 2912 Πλεῖστον
2893 2855 3085 2928 μενοῦν
3117 2857 3262 2908 ὅσον.
3293 2851 3506 2922 Μικροῦ
3529 2850 3640 2919 γὰρ
3661 2847 3922 2902 ἐπέκεινα

2351 2949 2550 3012 παντὸς
2575 2948 2778 3018 ἠνέχθη
2827 2947 3020 3002 κακοῦ.
3069 2944 3397 3014 Ἀναμάθοις
3433 2942 3476 2994 δ’
3519 2939 3584 2994 ἂν
3617 2940 3714 2993 καὶ
3762 2937 3924 2991 τοῦτο

2350 3041 2607 3107 εὐκόλως,
2642 3041 2786 3111 ἱεροῦ
2815 3040 3117 3110 φωνοῦντος
3135 3037 3495 3106 Γράμματος·
3538 3053 3554 3084 ι
3592 3030 3844 3098 Ἐγένετο
3865 3029 3923 3081 δὲ

671 3136 1049 3205 ingrederetur
1067 3134 1338 3189 Abraham
1365 3134 1420 3188 in
1448 3133 1763 3206 (Egyptum,
1793 3132 2046 3186 videntes
2081 3129 2248 3202 [Egy-

2350 3132 2513 3202 ἡνίκα
2562 3131 2807 3202 εἰσῆλθεν
2861 3130 3117 3202 Ἀϐραὰμ
3159 3129 3239 3191 είς
3277 3126 3574 3229 Αἴγυπτον,
3623 3122 3823 3233 ἰδόντες
3871 3121 3923 3233 0‘!

629 3233 635 3239 ‘
673 3227 773 3296 ptii
815 3227 1102 3281 mulierem
1124 3266 1137 3290 ,
1171 3225 1315 3295 quod
1348 3234 1496 3280 esset
1532 3225 1762 3295 pulchra
1794 3223 1980 3285 nimis,
2009 3230 2066 3277 et
2088 3222 2245 3278 vide-

674 3327 805 3372 runt
835 3333 954 3372 eam
985 3319 1259 3388 principes
1292 3317 1591 3372 Pharaonis
1609 3357 1624 3380 ,
1651 3325 1708 3371 et
1735 3315 2098 3369 laudaveram
2125 3330 2248 3370 eam

674 3409 820 3478 apud
870 3409 1231 3472 Pharaonem,
1268 3417 1326 3462 et
1380 3407 1716 3462 induxerunt
1747 3421 1867 3460 eam
1920 3405 1976 3458 in
2022 3404 2246 3459 domum

675 3499 975 3554 Pharaonis
999 3498 1065 3551 “.
1107 3518 1124 3549 ι
1173 3498 1309 3554 Vide
1359 3499 1542 3567 igitur,
1591 3495 1818 3559 Palladi,
1853 3508 2016 3564 quam
2051 3510 2246 3566 parum

675 3589 911 3644 abfuerit
938 3589 1071 3659 quin
1099 3604 1327 3644 uxorem
1358 3587 1625 3642 amiserit.

745 3679 940 3735 PALL.
974 3679 1146 3746 Quam
1178 3694 1338 3748 asper
1370 3693 1558 3742 casus,
1589 3686 1644 3732 et
1686 3677 1925 3748 graviter
1955 3673 2246 3728 ferendus!

744 3853 900 3909 CYR.
935 3851 1100 3922 Atqui
1134 3852 1240 3907 hoc
1274 3851 1417 3906 idem
1454 3851 1810 3920 spiritualiter
1839 3851 1894 3904 in
1924 3850 2083 3904 nobis
2113 3850 2245 3918 ipsis

674 3943 950 3998 usuvenit.
995 3941 1207 4008 Quibus
1259 3942 1405 3996 enim
1454 3941 1716 3996 acciderit
1750 3942 1818 3996 ab
1860 3942 2143 3996 honestate
2182 3955 2245 3993 ac

673 4032 876 4086 virtute
899 4071 914 4096 ,
943 4046 1111 4100 quam
1142 4030 1246 4084 sibi
1277 4030 1513 4084 amicam
1539 4039 1598 4085 et
1626 4030 1945 4084 familiarem
1993 4029 2240 4092 fecerint,

673 4129 932 4190 tanquam
960 4135 990 4175 e
1021 4136 1118 4175 sua
1143 4120 1318 4189 patria
1347 4120 1495 4188 pelli,
1532 4129 1589 4175 et
1615 4120 1684 4174 ad
1717 4120 1990 4174 deteriora
2019 4118 2243 4173 descen-

2349 3218 2636 3287 Αίγύπτιοι
2688 3219 2788 3290 τὴν
2819 3221 3058 3287 γυναῖκα
3108 3219 3190 3270 ὅτι
3237 3215 3375 3284 καλὴ
3416 3213 3502 3283 εἴη
3544 3212 3750 3283 σφόδρα
3774 3251 3791 3275 ,
3827 3211 3925 3262 καὶ

2346 3309 2484 3364 εἶδον
2509 3311 2678 3381 αὐτὴν
2707 3313 2756 3364 οἱ
2780 3312 3038 3382 ἄρχοντες
3065 3309 3266 3380 Φαραὼ
3287 3347 3301 3372 ,
3329 3309 3422 3361 καῖι
3443 3307 3719 3376 ἐπῄνεσαν
3747 3303 3924 3372 αὐτὴν

2346 3401 2482 3473 πρὸς
2498 3401 2697 3473 Φαραὼ
2727 3401 2824 3454 καὶ
2849 3402 3056 3471 ἦγαγον
3080 3400 3250 3470 αὐτὴν
3266 3399 3345 3462 είς
3367 3397 3458 3449 τὸν
3479 3391 3626 3449 οἷκον
3647 3391 3867 3464 Φαραώ.
3896 3408 3919 3441 ι

2350 3492 2548 3566 Ἀθρει
2580 3492 2645 3564 δὴ
2673 3488 2767 3548 οῦν
2799 3491 2882 3545 ὅτι
2919 3488 3115 3563 μικροῦ
3143 3488 3392 3542 διόλωλεν
3421 3483 3568 3554 αὐτῷ
3586 3485 3650 3537 τὸ
3676 3482 3924 3551 γύναιον,

2345 3578 2390 3639 ὦ
2419 3585 2538 3638 τᾶν.

2415 3675 2626 3730 ΠΛΛΛ.
2668 3673 2754 3737 Ὦς
2801 3673 2963 3744 δριμὺ
3021 3673 3082 3725 τὸ
3147 3671 3340 3742 χρῆμα
3373 3707 3396 3735 ,_
3441 3669 3537 3724 xui.
3586 3667 3923 3722 καταλυπεῖν

2345 3765 2547 3820 ίκανόν.

2416 3859 2577 3911 ΚΥΡ.
2610 3855 2719 3909 Καὶ
2754 3857 2860 3927 μὴν
2888 3854 3045 3908 τοῦτό
3073 3871 3155 3907 τοι
3178 3855 3307 3926 περὶ
3331 3853 3480 3922 ἡμᾶς
3497 3851 3694 3913 αὐτοὺς
3715 3849 3921 3918 νοητιῖκ

2347 3949 2704 4020 συμϐήσεται.
2733 3942 2828 4011 Οἷς
2848 3946 2957 4017 γὰρ
2984 3948 3050 3999 ἂν
3069 3945 3279 4014 γένοιτο
3307 3943 3561 4013 πατρίδος
3591 3943 3710 4012 μὲν,
3732 3939 3922 4009 ὥσπερ

2344 4042 2443 4109 τῆς
2475 4039 2610 4102 ίδίας
2632 4037 2963 4100 άπολισθεῖν,
2992 4040 3091 4108 τῆς
3120 4035 3385 4105 συνήθους
3404 4051 3463 4086 τε
3486 4034 3580 4086 καὶ
3600 4031 3926 4101 φιλαιτάτης

2345 4129 2641 4199 εὐκοσμίας
2668 4131 2760 4182 καὶ
2787 4129 3006 4200 ἀρετῆς,
3037 4127 3358 4181 καθικέσθαι
3388 4125 3446 4178 δὲ
3470 4124 3605 4196 πρὸς
3635 4123 3704 4177 τὰ
3727 4123 3918 4193 χείρω.

670 4209 822 4274 dere,
857 4218 915 4267 et,
941 4209 1168 4279 sceptris
1197 4208 1480 4264 diabolicis
1508 4209 1691 4273 subdi,
1726 4225 1822 4264 eos
1849 4208 2092 4278 undique
2122 4223 2243 4261 om-

2349 4221 2438 4276 xal
2475 4222 2580 4274 ὑπὸ
2618 4221 2872 4291 σκῆπτρα
2903 4218 3153 4287 γενέσθαι
3183 4216 3467 4271 διαϐολικὰ
3491 4255 3506 4278 ,
3541 4215 3722 4283 πάντη
3742 4229 3802 4264 τε
3824 4213 3922 4265 καὶ

670 4301 941 4369 nibusque
981 4300 1161 4354 modis
1205 4300 1626 4370 aggrediuntur,
1666 4301 1841 4369 iisque
1883 4314 2073 4370 graves
2113 4298 2246 4351 insi-

2349 4310 2560 4372 πάντως
2599 4307 2915 4376 ἐπιφύονται
2945 4323 3005 4360 τε
3050 4305 3145 4358 καὶ
3186 4303 3596 4358 ἐπιϐουλεύουσι
3638 4301 3828 4362 δεινῶς
3861 4300 3920 4351 αί

667 4391 786 4445 dias
815 4401 1035 4446 struunt
1068 4391 1327 4460 improbae
1358 4399 1521 4462 atque
1551 4391 1875 4446 adversaria:
1915 4400 2244 4460 potestates,

2349 4399 2577 4469 πονηραὶ
2603 4400 2694 4450 καὶ
2717 4396 2952 4451 ἐναντίαι
2971 4394 3256 4463 δυνάμεις·
3285 4394 3388 4448 κᾶν
3410 4396 3459 4447 εί
3483 4391 3769 4446 θεάσαιντό
3797 4407 3920 4444 τινα

667 4500 731 4538 ac
769 4484 815 4538 si
864 4499 1026 4554 quem
1059 4483 1301 4538 viderint
1331 4500 1400 4538 ex
1445 4483 1514 4536 iis
1542 4483 1636 4552 qui
1688 4483 1792 4537 sibi
1831 4483 2065 4553 subjecti
2110 4487 2240 4552 sint,

2349 4491 2454 4544 τῶν
2484 4492 2576 4543 ὑπ’
2617 4491 2810 4552 αὐταῖς
2837 4488 3136 4557 γεγονότων
3177 4488 3280 4540 οὐκ
3326 4486 3535 4554 ἀκαλλῆ
3570 4486 3669 4555 τὴν
3705 4483 3922 4537 σύνεσιν

673 4574 775 4642 13
808 4575 1036 4643 pulchro
1065 4576 1452 4644 praestantique
1481 4575 1756 4630 intellectu
1789 4575 2099 4644 praeditum,
2117 4593 2244 4632 eum

2349 4581 2490 4651 ἔχειν
2537 4580 2849 4649 δυνάμενον.
2905 4579 3209 4648 περιποιεῖν
3255 4575 3614 4639 σπουδάζουσι
3663 4575 3745 4644 τῷ
3803 4573 3926 4642 ἰδίῳ

669 4680 772 4720 suo
797 4665 922 4720 duci
947 4682 1189 4720 asserere
1216 4677 1504 4730 conantur,
1519 4676 1682 4736 atque
1699 4668 1846 4721 illius
1870 4667 2086 4722 libidini
2109 4669 2244 4723 sub-

2349 4668 2668 4740 καθηγητῇ,
2715 4669 2806 4721 καὶ
2832 4670 2944 4731 τοῖς
2988 4666 3198 4720 ἐκείνου
3249 4665 3689 4736 σπερματισμοῖς
3717 4661 3922 4725 ὑποφέ-

664 4755 896 4825 jiciunt,
943 4762 1006 4808 ut
1035 4769 1143 4807 non
1173 4755 1285 4824 jam
1335 4754 1567 4823 amplius
1593 4755 1726 4819 Deo,
1751 4755 1846 4810 sed
1876 4755 2087 4812 Satana:
2125 4757 2244 4811 fru—

2349 4772 2552 4827 ρουσιν,
2595 4757 2683 4809 ἵνα
2713 4755 2831 4826 Θεῷ
2867 4756 2964 4825 μὲν
2997 4755 3204 4820 οὐκέτι,
3249 4756 3576 4824 καρποφορῇ
3618 4753 3675 4805 δὲ
3717 4751 3923 4821 μᾶλλον

666 4845 889 4902 ctificet.
928 4863 945 4896 ι
973 4845 1124 4899 Esca:
1161 4859 1398 4913 namque
1443 4843 1612 4908 illius,
1651 4864 1668 4895 ι
1713 4853 1774 4898 ιιι
1822 4847 2085 4916 scriptum
2136 4856 2240 4911 est,

2349 4848 2422 4919 τῷ
2455 4850 2689 4918 Σατανᾷ.
2730 4868 2747 4899 ι
2800 4848 2881 4900 Τὰ
2918 4846 3027 4917 γὰρ
3076 4846 3342 4918 βρώματα
3371 4845 3560 4910 αὐτοῦ,
3610 4863 3629 4895 ›
3681 4842 3823 4897 κατὰ
3857 4842 3920 4894 τὸ

673 4956 692 4988 ι
730 4937 919 4992 electae
956 4935 1174 5002 sunt”;
1216 4954 1234 4986 ι
1272 4950 1337 4990 ac
1369 4935 1680 4990 demulcere
1729 4935 1950 4991 student
1974 4939 2241 5007 quodam-

2349 4939 2746 5010 γεγραμμένον,
2779 4959 2797 4990 ι
2833 4939 3066 4992 ὲκλεκτά
3105 4955 3150 4990 »-
3182 4936 3589 5007 κατακηλοῦσαι
3629 4935 3688 4987 δὲ
3727 4933 3922 5000 ὥσπερ

663 5028 830 5083 modo
862 5028 1141 5097 captivum
1169 5041 1233 5081 ac
1264 5026 1583 5095 sublapsum
1613 5026 1878 5092 animum,
1914 5045 1983 5084 ne
2003 5030 2047 5083 si
2084 5039 2242 5086 acute

2349 5033 2428 5086 τὸν
2471 5032 2667 5085 ἁλόντα
2697 5048 2758 5084 τε
2801 5032 2894 5083 καὶ
2939 5029 3377 5099 ὑπολισθήσαντα
3412 5026 3560 5088 νοῦν,
3607 5025 3683 5088 ὡς
3724 5023 3791 5076 ἂν
3840 5023 3921 5092 μὴ

662 5117 978 5189 perspiciat,
1001 5116 1069 5171 ad
1083 5117 1401 5170 libertatem
1431 5131 1462 5169 a
1495 5116 1755 5172 servitute
1782 5117 2034 5188 refugiat.
2059 5120 2256 5190 Itaque,

2349 5122 2473 5176 πολὺ
2493 5123 2708 5192 βλέπων
2728 5124 2808 5184 εἰς
2829 5123 2886 5176 τὸ
2909 5120 3209 5190 ἐλεύθερον,
3234 5120 3336 5187 τῆς
3362 5120 3452 5170 ὑπ’
3471 5117 3663 5178 αὐταῖς
3688 5112 3922 5184 θητείας

664 5207 960 5261 wnciliant
991 5206 1068 5260 illi
1102 5221 1494 5275 nonnunquam
1527 5207 1584 5260 in
1624 5206 1860 5262 terrenis
1891 5208 2056 5263 rebus
2083 5210 2242 5262 volu-

2349 5213 2743 5281 Ξιποφοιτήσειε.
2790 5210 3172 5284 Περιποιοῦσιν
3219 5208 3337 5261 ἐσθ’
3375 5209 3462 5260 ὅτε
3501 5206 3601 5268 τὰς
3651 5206 3745 5257 ἐπὶ
3799 5205 3924 5264 τοῖς

616 5354 619 5356 ,
663 5306 954 5368 ριαιεε,,ει
1002 5298 1257 5352 inanibus
1297 5295 1756 5354 oblectationibus
1795 5307 2025 5369 augent,
2057 5308 2117 5353 ut
2159 5302 2240 5356 illi

2349 5304 2550 5374 γηῗνοις
2579 5304 2794 5374 ἡδονὰς,
2843 5304 2935 5356 καὶ
2961 5301 3241 5364 οίονείπως
3267 5295 3757 5359 καταπλουτίζουσι
3793 5296 3924 5355 ταῖς

663 5402 882 5456 quoque
896 5385 1274 5457 [Egyptiorum
1287 5390 1563 5459 principes
1574 5388 1841 5454 fecerunt,
1859 5391 1954 5460 qui
1965 5389 2238 5446 Abraham

2349 5396 2428 5459 είς
2456 5396 2516 5448 τὸ
2548 5396 2712 5466 μηδὲν
2749 5396 3059 5467 θυμηδίαις,
3089 5394 3346 5463 καθάπερ
3374 5390 3567 5462 ἀμέλει
3609 5388 3705 5442 καὶ
3731 5388 3782 5439 ei
3808 5385 3928 5438 τῶν

601 5469 612 5471 ’⁷
663 5477 863 5534 amissa
899 5480 1125 5548 conjuge
1149 5519 1164 5544 ,
1195 5479 1546 5544 blandiendo,
1583 5479 1890 5534 honoribus
1925 5495 1989 5537 ac
2017 5481 2175 5537 donis
2207 5499 2236 5538 a

2349 5483 2661 5552 Αἰγυπτίων
2711 5484 3004 5554 ἄρχοντες,
3038 5483 3136 5554 τὴν
3173 5481 3419 5536 σύνοικον
3467 5475 3777 5531 ἀπολλύντα
3824 5474 3928 5525 τὺν

665 5568 902 5622 maximo
943 5583 1178 5623 maerore
1217 5584 1448 5624 avocare
1483 5569 1794 5638 cupiebant.
1848 5570 2122 5640 Scriptum
2157 5581 2240 5626 est

2350 5576 2615 5646 μακάριον
2647 5575 2916 5645 Ἀϐραὰμ,
2944 5575 3106 5628 οἱονεὶ
3127 5571 3532 5644 περισαίνοντες
3563 5569 3684 5631 ταῖς
3705 5567 3926 5635 τιμαῖς,

736 5763 780 5796 ⁸³
828 5765 990 5821 Amos
1028 5784 1136 5833 vm,
1175 5767 1253 5822 ll.
1332 5768 1376 5802 ³⁵
1405 5769 1537 5824 Gen.
1573 5785 1663 5833 ιιι,
1703 5769 1788 5834 ll,
1824 5769 1906 5824 15.
1987 5770 2030 5804 ³⁵
2070 5768 2271 5824 Habac.
2303 5785 2341 5835 ι,
2372 5769 2452 5824 16.
