4154 6492
259 317 350 373 155

942 312 1032 369 ns
1063 310 1516 371 ΑυοιιΑτιοΝε
1554 316 1621 372 lN
1660 316 1931 375 senum
1988 321 2079 376 ET
2126 300 2495 379 vannus.
2537 323 2665 378 un.
2707 323 2747 377 ι.

3395 323 3499 378 154

258 434 341 489 καὶ
370 431 552 501 δώρων
587 430 1000 501 προσαγωγαῖς,
1033 430 1128 483 τοῦ
1153 426 1441 486 λυπεῖσθαι
1460 432 1581 487 λίαν
1608 434 1813 488 ἀποκο-

1934 438 2097 493 enim:
2133 458 2151 491 ι
2184 440 2457 495 Abraham
2491 439 2724 510 benigne
2756 440 2838 494 usi
2865 448 2994 494 sunt
3023 448 3248 510 propter
3269 438 3439 504 illam,
3472 458 3491 491 ι

261 520 418 585 ιίζειν
437 517 643 590 ἢθελον.
665 518 977 589 Γέγραπται
996 518 1128 589 γὰρ,
1159 520 1243 573 ὅτι
1271 538 1289 572 ι
1325 521 1433 574 Καὶ
1456 521 1534 591 τῷ
1561 521 1818 593 ’Δϐραάμ

259 607 310 666 εὖ
342 610 633 681 ἐχρήσαντο
660 607 730 661 δι’
756 606 947 677 αὐτὴν,
989 626 1008 660 ι
1039 606 1198 678 δῆλον
1222 608 1301 671 δέ,
1332 610 1416 664 δτι
1444 611 1542 683 τὴν
1572 611 1815 683 Σάρραν,

261 723 279 756 ι
316 704 401 755 καὶ
417 699 663 769 ἐγένοντο
682 700 849 771 αὐτῷ,
875 700 1124 772 πρόϐατά
1138 719 1197 755 τε
1214 703 1306 755 καὶ
1332 703 1539 772 μόσχοι,
1568 703 1662 756 καὶ
1681 702 1813 765 δνοι,

260 795 344 849 καὶ
363 793 562 855 παῖδες,
577 792 674 844 καὶ
692 793 994 855 παιδίσκαι,
1020 794 1114 847 καὶ
1144 794 1377 864 ἡμίονοι,
1398 795 1490 847 καὶ
1506 793 1767 864 κάμηλοι.
1789 811 1808 845 ι

263 884 585 940 Πλεονεκτῶν
621 884 729 955 γὰρ
767 887 915 961 ἡμᾶς
943 886 1021 949 είς
1044 886 1115 939 τὰ
1146 884 1507 957 καιριώτατα,
1540 886 1635 940 καὶ
1655 884 1817 939 οίονεὶ

263 978 411 1049 γονῆς
440 994 499 1030 τε
528 979 623 1031 καὶ
652 977 955 1048 εὐκαρπίας
986 976 1306 1047 ἀποστερῶν
1341 977 1631 1048 ἐλευθέρας
1658 980 1686 1031 ό
1714 978 1815 1030 Σα-

262 1072 430 1134 τανᾶς,
449 1070 541 1122 καὶ
560 1072 679 1134 ταῖς
701 1070 858 1133 ίδίαις
877 1069 1064 1141 ὕϐρεσι
1084 1070 1178 1123 καὶ
1194 1069 1501 1136 ἀσελγείαις
1516 1069 1604 1123 τὸν
1620 1069 1817 1138 εὐγενῆ

265 1161 372 1215 νοῦν
396 1161 679 1231 ὑποφέρων
704 1163 773 1216 ἐκ
790 1158 1123 1226 πλεονεξίας,
1144 1164 1210 1232 τῇ
1232 1162 1339 1213 τῶν
1355 1161 1611 1229 ἐπιγείων
1630 1160 1821 1231 τέρψει

266 1251 598 1322 καταδεσμεῖ.
627 1252 928 1323 Διελήλακε
951 1251 1011 1304 δὲ
1042 1252 1240 1321 μανίας
1268 1253 1348 1315 είς
1376 1252 1533 1307 τοῦτό
1562 1268 1714 1314 ποτε,
1744 1251 1821 1315 ὡς

270 1346 355 1399 καὶ
392 1342 538 1413 αὐτῷ
577 1342 674 1414 τὴν
704 1346 899 1416 πεῖραν
942 1343 1191 1398 καθεῖναι
1225 1342 1303 1413 τῷ
1351 1342 1591 1414 Χριστῷ.
1631 1361 1655 1395 ι
1702 1341 1823 1396 Ἀν-

266 1435 480 1505 αγαγὼν
491 1434 601 1506 γάρ
624 1436 811 1499 αὐτὸν,
838 1454 858 1487 ι
883 1436 1069 1505 φησὶν,
1088 1454 1106 1485 ι
1129 1435 1327 1501 ἔδειξεν
1348 1435 1496 1507 αὐτῷ
1523 1435 1702 1499 πάσας
1724 1435 1823 1499 τὰς

266 1524 527 1596 βασιλείας
556 1524 657 1594 τῆς
683 1524 1031 1596 οἰκουμένης,
1052 1527 1113 1578 ἐν
1140 1528 1342 1598 στιγμῇ
1371 1526 1587 1597 χρόνου,
1617 1524 1714 1579 καὶ
1747 1519 1824 1577 εί-

261 1634 352 1671 πεν
372 1616 519 1687 αὑτῷ
545 1617 575 1669 ὁ
605 1616 850 1680 διάϐολος
865 1632 881 1649 ’
912 1617 1016 1685 Boi}
1036 1617 1194 1673 δώσω
1220 1617 1318 1690 τὴν
1339 1617 1588 1683 ἐξουσίαν
1619 1616 1823 1684 ταύτην

261 1708 485 1773 ἃπασαν,
510 1709 604 1763 καὶ
624 1709 724 1780 τὴν
748 1707 905 1773 δόξαν
931 1710 1133 1776 αὐτῶν,
1157 1710 1239 1764 δτι
1262 1710 1386 1780 ἐμοὶ
1404 1709 1818 1780 παραδέδονται,

262 1801 347 1853 καὶ
373 1792 416 1867 ᾧ
452 1799 549 1852 ἐὰν
578 1797 754 1863 θέλω,
784 1799 976 1869 δίδωμι
1006 1799 1167 1854 αὑτά.
1200 1799 1272 1852 Σὺ
1315 1796 1410 1854 οὖν
1449 1800 1545 1854 ἐὰν
1579 1817 1819 1873 προσκυ-

262 1892 415 1963 νήσῃς
451 1889 682 1944 ἐνώπιόν
714 1907 814 1961 μου
834 1932 851 1957 ,
889 1890 1040 1943 ἐσται
1073 1906 1155 1943 σοι
1184 1891 1385 1945 πάντα.
1423 1910 1442 1944 ι

324 1982 523 2035 ΠΔΛΛ.
571 1982 726 2050 Ἔχει
755 1980 855 2050 μὲν
887 1980 1083 2053 ὀρθῶς.
1114 1979 1260 2053 Πλὴν
1287 1982 1532 2053 ἐρομένῳ
1551 2021 1567 2046 ,
1591 1981 1818 2052 φράσον.

262 2072 348 2136 Τίς
375 2071 441 2125 ἂν
465 2072 678 2141 γένοιτο
706 2073 820 2135 τοῖς
867 2069 1131 2126 παθοῦσιν
1164 2071 1199 2143 ἦ
1232 2072 1418 2143 ὄνησις
1441 2072 1607 2141 ἡγουν
1638 2073 1674 2143 ἡ
1700 2073 1823 2124 ἐπιο

262 2163 513 2235 κούρησις,
528 2180 544 2227 ;

323 2255 486 2309 ΚΥΡ.
517 2254 679 2319 Θεὸς,
717 2246 762 2306 ὦ
794 2257 1045 2322 γενναῖε,
1075 2255 1221 2325 καὶὴ
1259 2256 1390 2325 παρ’
1418 2252 1583 2307 αὑτοῦ
1628 2254 1785 2323 χάρις
1806 2293 1823 2314 .

259 2347 316 2401 οὐ
365 2346 526 2418 μέχρι
572 2347 771 2409 παντὸς
813 2348 1026 2415 ἐφιεῖσα
1065 2347 1159 2399 τὸν
1196 2346 1536 2416 ἡσθενηκὸτα
1568 2345 1692 2399 νοῦν
1720 2345 1827 2398 ὑπὸ

260 2439 414 2502 πόδας
440 2435 586 2492 εἶναι
611 2438 949 2501 διαϐολικοὺς
967 2480 983 2504 ,
1011 2438 1148 2492 ἀλλὰ
1171 2438 1620 2509 ὑπερασπίζουσά
1645 2454 1705 2491 τε
1730 2436 1827 2489 καὶ

261 2530 628 2600 ἐξαιρουμένη,
660 2530 749 2582 τὸν
775 2528 927 2583 οὐδὲν
963 2528 1259 2599 ἐπαμύνειν
1301 2529 1479 2598 ἐαυτῷ
1506 2527 1823 2597 δυνάμενον.

264 2622 410 2683 Ἵδοις
435 2620 486 2673 δ’
517 2620 586 2674 ἀν
605 2660 625 2686 ,
663 2622 711 2674 εί
756 2620 963 2690 βούλοιο
982 2660 999 2681 .
1032 2620 1183 2674 τουτὶ
1228 2620 1451 2688 γεγονὸς
1476 2621 1571 2674 καὶ
1606 2620 1698 2674 ἐπὶ
1732 2618 1826 2674 τοῦ

263 2713 597 2783 προπάτορος
625 2711 896 2783 Ἁϐραάμ.
933 2711 1319 2782 Ἀπειρηκότος
1345 2712 1453 2782 ’γὰρ
1471 2710 1567 2765 τοῦ
1593 2711 1837 2774 δικαίου,

262 2804 349 2858 καί
370 2805 503 2876 δρᾷν
531 2803 647 2857 οἴου
674 2820 735 2856 τε
767 2802 1044 2866 παντελῶς
1068 2803 1240 2869 οὐδὲν,
1262 2804 1425 2873 μέσος
1448 2801 1641 2873 ἐχώρει
1673 2802 1827 2865 Θεὸς,

262 2896 347 2949 καὶ
374 2897 472 2965 τῆς
503 2894 827 2964 Αἰγυπτίων
847 2893 1137 2963 ἀσελγείας
1161 2895 1223 2947 τὸ
1262 2894 1480 2962 γύναιον
1512 2892 1827 2963 ἠλευθέρου.

266 3007 285 3042 ι
319 2990 519 3042 Ἤτασε
543 2988 653 3057 γὰρ
696 2986 901 3057 Κύριος
924 2986 1017 3041 τὸν
1044 2985 1241 3057 Φαραὼ
1284 2987 1538 3055 ἐτασμοῖς
1573 2983 1833 3055 μεγάλοις

1921 529 2069 584 haud
2123 529 2351 585 dubium
2383 530 2518 601 quin
2556 539 2781 600 propter
2811 529 3052 594 Sarram,
3109 548 3128 582 σ
3162 537 3221 584 et
3271 528 3503 583 fuerunt

1919 620 2001 675 illi
2028 635 2159 676 oves
2184 632 2245 677 et
2272 621 2461 686 boves,
2494 630 2552 675 et
2602 621 2761 685 asini,
2796 629 2852 675 et
2883 619 3028 675 servi
3074 628 3134 675 et
3173 616 3405 681 ancillae,
3444 624 3503 672 et

1919 710 2053 763 muli
2083 720 2142 765 et
2173 711 2367 766 cameli
2388 713 2454 765 ³⁸.
2498 730 2516 764 ι
2558 711 2772 766 Fraude
2818 711 2965 766 enim
3007 726 3105 766 sua
3130 724 3232 765 nos
3265 707 3336 763 ad
3368 716 3506 763 tem-

1919 800 2139 867 poraria
2172 800 2473 870 pelliciens,
2500 808 2557 855 et
2581 800 2984 870 quodammodo
3014 800 3221 855 semine
3250 797 3320 853 ad
3356 797 3505 852 fetu-

1920 906 2034 945 ram
2077 891 2351 945 libertatis
2377 890 2709 945 defraudans
2749 890 2976 945 Satanas
2998 931 3013 955 ,
3043 898 3101 944 et
3138 888 3419 960 tyrannica
3450 886 3504 939 vi

1920 995 2033 1036 sua:
2074 980 2290 1035 libidini
2347 989 2405 1034 et
2457 980 2893 1050 intemperantia:
2928 978 3272 1034 nobilitatem
3330 974 3503 1032 animi

1920 1071 2237 1142 subjiciens,
2270 1087 2456 1126 rerum
2487 1080 2830 1125 terrenarum
2863 1068 3283 1125 oblectamentis
3307 1067 3504 1123 devin—

1921 1163 2015 1218 cit.
2045 1161 2187 1228 Quin
2215 1162 2381 1217 etiam
2420 1178 2488 1217 eo
2528 1161 2756 1217 insaniae
2792 1161 3089 1232 aliquando
3126 1160 3408 1230 prorupit,
3440 1165 3505 1212 ut

1921 1252 2101 1324 ipsum
2148 1268 2367 1323 quoque
2415 1252 2696 1308 Christum
2750 1260 2961 1307 tentare
3011 1252 3222 1306 veritus
3258 1264 3369 1329 non
3406 1248 3500 1303 sit.

1929 1362 1949 1397 ι
1987 1344 2059 1401 Et
2088 1360 2391 1408 assumens,
2437 1364 2453 1396 ι
2502 1343 2699 1414 inquit,
2734 1362 2752 1395 ι
2781 1358 2929 1407 eum,
2958 1341 3199 1397 ostendit
3237 1341 3289 1396 ei
3318 1339 3504 1395 omnia

1922 1451 2089 1506 regna
2116 1435 2268 1490 orbis
2296 1445 2454 1491 terra:
2484 1436 2539 1489 in
2572 1444 2846 1490 momento
2886 1434 3171 1504 temporis,
3209 1441 3267 1487 et
3288 1431 3429 1486 dixit
3449 1430 3505 1485 ei

1922 1526 2208 1583 diabolus:
2237 1527 2361 1581 Tibi
2392 1527 2534 1582 dabo
2554 1535 2880 1596 potestatem
2912 1526 3053 1580 hanc
3087 1523 3423 1586 universam,
3449 1532 3509 1576 et

1923 1620 2149 1693 gloriam
2184 1634 2399 1683 eorum,
2420 1619 2552 1688 quia
2578 1618 2713 1673 mihi
2743 1617 2941 1672 tradita
2965 1624 3111 1681 sunt,
3145 1624 3201 1670 et
3240 1614 3329 1669 cui
3355 1612 3502 1678 volo,

1924 1712 1996 1768 do
2026 1713 2137 1767 illa.
2175 1712 2259 1765 Tu
2312 1711 2499 1781 igitur,
2530 1712 2576 1766 si
2629 1710 2943 1765 adoraveris
3008 1722 3191 1764 coram
3244 1720 3362 1770 me,
3413 1714 3506 1759 tua

1925 1814 2088 1861 erunt
2109 1804 2294 1860 omnia
2313 1805 2379 1857 ⁸⁷.
2415 1821 2433 1857 ι

1998 1980 2194 2037 PALL.
2235 1982 2406 2035 Recte
2452 1979 2636 2033 habet.
2677 1960 2945 2034 Caeterum
2984 1977 3093 2042 dic,
3138 1977 3389 2032 obsecro.
3434 1977 3509 2033 lis

1926 2071 2023 2142 qui
2072 2071 2127 2124 in
2176 2070 2295 2125 haec
2340 2068 2485 2123 mala
2534 2067 2867 2132 inciderunt,
2909 2065 3185 2136 quodnam
3218 2065 3506 2130 levamen,

1928 2163 2143 2234 quodve
2171 2161 2436 2215 anxilium
2472 2160 2737 2214 exsistere
2765 2158 2975 2228 possit?

2000 2249 2158 2306 CYR.
2196 2250 2380 2313 Deus,
2422 2246 2672 2311 Palladi,
2715 2254 2772 2300 et
2822 2248 2942 2317 ejus
2982 2246 3190 2317 gratia,
3231 2261 3351 2316 quae
3398 2260 3510 2299 non

1930 2356 2325 2413 usquequaque
2390 2338 2661 2409 permittit
2698 2337 2976 2392 inﬁrmum
3015 2337 3260 2392 animum
3287 2335 3390 2391 sub
3418 2352 3514 2406 pe-

1930 2433 2093 2488 dibus
2116 2446 2237 2486 esse
2264 2430 2490 2494 diaboli,
2528 2430 2622 2485 sed
2653 2429 2888 2500 protegit
2916 2444 2979 2484 ac
3007 2429 3209 2484 liberat
3250 2444 3376 2483 eum
3417 2428 3511 2497 qui

1931 2538 1991 2579 se
2026 2521 2168 2576 tueri
2197 2536 2263 2575 ac
2295 2518 2590 2575 defendere
2626 2519 2779 2574 nullo
2809 2517 2973 2574 modo
3003 2528 3202 2589 potest.
3232 2519 3387 2574 Licet
3418 2532 3517 2572 au-

1933 2624 2043 2668 tem
2073 2612 2282 2677 videre,
2313 2611 2359 2666 si
2394 2610 2554 2675 velis,
2590 2611 2831 2680 idipsum
2881 2610 3153 2665 Abraham
3192 2607 3517 2679 patriarcha!

1934 2703 2227 2773 contigisse
2263 2719 2275 2755 :
2313 2717 2437 2756 cum
2480 2702 2631 2757 enim
2674 2701 3022 2771 desperasset
3060 2700 3146 2754 vir
3179 2701 3381 2771 justus,
3414 2714 3516 2754 ne-

1934 2810 2041 2864 que
2073 2793 2257 2848 animo
2289 2793 2499 2864 aliquid
2527 2791 2743 2849 eilicere
2786 2800 2990 2861 posset,
3034 2791 3249 2847 medius
3281 2790 3520 2845 interve-

1935 2886 2018 2940 nit
2048 2885 2213 2949 Deus,
2245 2886 2339 2953 qui
2371 2881 2438 2938 ab
2465 2882 2840 2955 Egyptiorum
2872 2881 3292 2951 intemperantia
3323 2890 3515 2936 mutn-

1937 2992 2055 3031 rem
2089 2975 2359 3031 liberavit.
2408 2993 2427 3026 ι
2461 2973 2779 3045 Flagellavit
2807 2988 3045 3042 namque
3074 2972 3339 3027 Dominus
3372 2972 3515 3027 Pha-

262 3080 349 3134 καὶ
386 3081 649 3147 πονηροῖς
666 3118 681 3142 ,
713 3078 808 3131 καὶ
851 3078 944 3131 τὸν
972 3072 1120 3131 οἷκον
1146 3075 1308 3129 αὑτοῦ
1338 3078 1466 3147 περὶ
1490 3076 1707 3147 Σάρρας
1733 3076 1833 3145 τῆς

1937 3083 2162 3122 raonem
2202 3066 2432 3137 ﬂagellis
2473 3065 2685 3135 magnis
2730 3074 2895 3134 atque
2939 3064 3302 3129 terribilibus,
3332 3073 3388 3118 et
3422 3063 3522 3118 do-

260 3172 510 3240 γυναικὸς
554 3168 824 3240 Ἁϐραάμ.
864 3186 883 3220 ι
921 3168 1100 3237 Ἠφίει
1150 3168 1207 3221 δὲ
1249 3167 1395 3225 οὕτω
1429 3168 1583 3238 μόλις
1620 3166 1830 3239 ὕϐρεως

264 3263 551 3334 ἐλευθέραν
594 3261 694 3333 τὴν
735 3259 813 3331 τῷ
849 3260 1043 3332 δικαίῳ
1091 3260 1526 3331 συνῳκισμένην.
1569 3259 1700 3322 Θεὸς
1740 3254 1837 3312 οὖν

263 3354 364 3427 ἄρα
393 3354 487 3409 καὶ
526 3352 691 3424 μόνος
717 3351 952 3417 ἐξέλοιτο
978 3351 1045 3405 ἂν
1074 3353 1140 3405 ἐκ
1174 3351 1274 3421 τῆς
1303 3350 1396 3404 τοῦ
1428 3348 1674 3403 διαϐόλου
1715 3366 1834 3419 χει-

267 3445 349 3517 ρὸς
366 3448 453 3500 τὸν
482 3446 747 3499 ἐναλόντα
772 3444 929 3510 νοῦν,
960 3446 1056 3499 καὶ
1076 3445 1157 3508 είς
1188 3442 1489 3513 εὐκοσμίαν
1517 3443 1679 3496 αὑτὸν
1714 3443 1839 3495 ἀναο

265 3537 475 3609 στρέψει
509 3536 613 3607 τὴν
640 3539 698 3590 ἐν
729 3536 947 3607 ἀρχαῖς.

329 3708 537 3761 IIAAA.
595 3705 800 3775 Ἐνδείᾳ
849 3705 912 3774 δὴ
954 3700 1048 3756 οὖν
1092 3707 1159 3776 τῇ
1210 3704 1321 3757 τῶν
1370 3704 1576 3757 ἀνωθεν
1617 3705 1838 3772 ἀγαθῶν

265 3796 664 3869 κατωθοῦμενοι
696 3795 927 3866 κάτιμεν
955 3795 1067 3849 ἐσθ’
1092 3797 1180 3849 ὅτε
1208 3794 1345 3867 πρὸς
1382 3795 1453 3849 τὰ
1493 3797 1696 3867 αἰσχρά
1742 3796 1838 3850 καὶ

267 3890 508 3961 βδελυρὰ.

204 4006 211 4025 ε
329 3983 491 4035 ΚΥΡ.
524 3979 684 4034 Οὕτω
711 3979 871 4049 φημί.

331 4074 540 4127 ΠΔΔΛ.
588 4070 729 4124 Ἀλλ’
758 4070 875 4123 ἐστι
914 4086 1018 4121 που
1057 4068 1274 4132 πάντως
1301 4069 1379 4139 τῷ
1403 4069 1686 4140 φιλαγάθῳ
1711 4072 1840 4141 arpi,

265 4180 360 4216 πον
399 4161 545 4233 Θεῷ,
580 4160 640 4213 τὸ
688 4158 881 4231 μηδενὶ
922 4157 1031 4211 τῶν
1071 4156 1327 4211 τοιούτων
1354 4158 1448 4227 ἐᾷν
1489 4159 1838 4229 περιπίπτειν

266 4255 490 4397 ήμιῗῗι).
516 4341 735 4411 Πρέπον
763 4341 862 4410 μὲν
887 4340 968 4392 ὅτι
996 4336 1232 4409 μάλιστα
1246 4338 1396 4392 τουτὶ
1416 4338 1554 4409 Θεῷ,
1572 4340 1668 4392 καὶ
1689 4338 1839 4409 θελη-

1935 3174 2088 3214 mum
2125 3160 2246 3229 ejus
2293 3166 2517 3228 propter
2568 3156 2785 3211 Sarram
2834 3171 3062 3209 uxorem
3100 3154 3373 3210 Abraham
3395 3152 3462 3207 “.
3492 3171 3511 3207 ι

1936 3250 2056 3316 Quo
2088 3250 2232 3305 facto
2281 3249 2501 3304 tandem
2536 3247 2670 3319 justi
2709 3247 2951 3302 hominis
2998 3247 3283 3317 conjugem
3319 3244 3411 3298 vix
3447 3243 3520 3297 ab

1938 3342 2139 3413 injuria
2177 3340 2408 3395 liberam
2439 3338 2667 3393 dimisit.
2694 3338 2840 3392 Deus
2865 3337 3053 3407 igitur,
3089 3344 3147 3390 et
3179 3333 3407 3404 quidem
3430 3348 3523 3387 so-

1936 3436 2044 3497 lus,
2084 3440 2305 3503 captum
2350 3431 2593 3485 animum
2638 3446 2707 3485 ex
2753 3428 2957 3484 diaboli
3006 3428 3261 3482 manibus
3305 3427 3522 3497 eripere

1938 3525 2098 3581 facile
2126 3531 2328 3594 potest,
2360 3532 2523 3592 atque
2562 3521 2630 3576 ad
2664 3521 3007 3575 honestatem
3038 3518 3326 3589 pristinam
3365 3532 3529 3572 revo-

2167 3702 2364 3759 PALL.
2418 3699 2607 3770 Inopia
2662 3698 2831 3770 igitur
2886 3699 3194 3753 caelestium
3250 3696 3525 3751 bonorum

1940 3794 2156 3864 depulsi
2202 3793 2532 3865 quandoque
2588 3791 2658 3846 ad
2705 3800 2894 3861 turpes
2948 3798 3113 3859 atque
3163 3786 3527 3843 exsecranda

1941 3886 2184 3939 actiones
2214 3884 2545 3939 delabimur.

2011 3975 2168 4032 ΟΥΕ.
2207 3977 2287 4031 Ita
2322 3975 2521 4030 sentio.
2544 4022 2549 4027 .

2012 4064 2209 4123 PALL.
2272 4067 2527 4122 Attamen
2584 4064 2785 4119 divinze
2840 4062 3166 4136 benignitati
3220 4077 3529 4136 congruere

1941 4159 2195 4223 videtur,
2230 4172 2342 4211 non
2380 4155 2699 4226 permittere
2746 4163 2809 4209 ut
2850 4155 2908 4210 in
2952 4154 3267 4228 hujusmodi
3315 4153 3525 4225 aliquid

1945 4251 2273 4307 incidamus.

2017 4342 2175 4399 CYB.
2210 4338 2476 4409 Congruit
2503 4346 2561 4392 et
2596 4336 2820 4407 quidem
2856 4337 3091 4393 maxime
3121 4338 3175 4393 id
3200 4338 3333 4401 Deo,
3361 4345 3529 4406 atque

265 4438 349 4489 τόν
376 4453 461 4505 γε,
493 4430 543 4489 ὦ
573 4435 706 4487 τᾶν·
735 4433 821 4502 εἴη
847 4430 956 4502 γὰρ
983 4430 1049 4484 ἂν
1079 4430 1278 4499 ἥκιστα
1321 4429 1419 4500 μὲν
1446 4429 1681 4498 ἀγαθὸς,
1717 4430 1833 4499 φιλ-

1944 4435 2082 4491 adeo
2126 4433 2264 4495 vult,
2314 4429 2550 4495 Palladi;
2603 4429 2807 4497 alioqui
2858 4429 3093 4483 minime
3134 4430 3312 4484 bonus
3358 4436 3530 4493 esset,

266 4528 450 4599 άρετος
487 4528 547 4581 δὲ
580 4526 642 4579 οὐ
678 4525 830 4590 λίαν,
860 4525 907 4577 εἰ
935 4524 1010 4595 μὴ
1037 4522 1226 4576 τοῦτον
1267 4523 1379 4593 ἔχοι
1414 4522 1549 4594 πρὸς
1578 4523 1724 4593 ἡμᾶς
1750 4522 1842 4576 τὸν

267 4621 480 4674 σκοπόν.
537 4616 825 4688 Παραίτιοι
873 4614 930 4668 δέ
979 4614 1074 4668 τοῦ
1134 4613 1329 4667 παθεῖν
1375 4614 1589 4676 ἐαυτοῖς
1642 4615 1838 4684 ἡμεῖς,

267 4713 674 4782 παραθήγοντες
720 4709 799 4770 είς
841 4705 1013 4776 ὀργὰς
1055 4704 1148 4759 τὸν
1189 4705 1298 4759 τῶν
1344 4705 1481 4759 ὅλων
1527 4705 1837 4774 Δεσπότηνο

266 4801 435 4871 ἐνίησι
461 4800 575 4870 γὰρ
608 4798 753 4853 οὕτω
784 4798 923 4868 πρὸς
963 4794 1165 4867 ἀσθενῆ
1191 4812 1250 4848 τε
1290 4796 1382 4849 καὶ
1405 4795 1664 4868 ἄνανδρον
1691 4793 1835 4848 νοῦν.

267 4892 334 4944 Ἦ
366 4890 490 4959 οὐχὶ
527 4888 759 4958 βοῶντος
787 4885 1006 4949 ἀκούεις
1037 4885 1105 4938 δι’
1147 4883 1266 4948 ἐνὸς
1296 4884 1405 4937 τῶν
1427 4884 1598 4953 ἀγίων
1630 4900 1843 4955 προφη-

214 4980 218 4983 Α
265 4982 402 5037 τῶν·
442 5001 461 5034 ι
512 4981 645 5035 Ἰδοὺ
683 4978 795 5049 ἐγὼ
833 4978 1023 5049 δίδωμι
1053 4978 1145 5030 ἐπὶ
1190 4978 1280 5031 τὸν
1317 4977 1446 5032 λαὸν
1481 4976 1669 5031 τοῦτον
1688 4976 1848 5031 ἀσθέ-

266 5089 431 5136 νειαν,
465 5073 563 5129 καὶ
602 5070 994 5140 ἀσθενήσουσιν
1033 5070 1090 5121 ἐν
1123 5069 1260 5139 αὐτῄ
1303 5068 1537 5140 πατέρες
1579 5070 1674 5123 καὶ
1717 5068 1842 5121 υἱοίο

267 5165 458 5232 γείτων
487 5150 586 5218 καί
611 5164 640 5216 ό
672 5161 899 5232 πλησίον
925 5159 1091 5213 αὐτοῦ
1110 5158 1473 5225 ἀπολοῦνται;
1502 5179 1520 5212 ι
1554 5160 1759 5231 Γράφει
1790 5162 1849 5216 δέ

266 5257 390 5326 περί
430 5272 596 5309 τινων
635 5255 730 5308 καὶ
772 5257 802 5307 ό
844 5251 1153 5322 σοφώτατος
1187 5251 1417 5315 Παῦλοςο
1458 5273 1475 5304 ι
1516 5255 1625 5308 Καὶ
1657 5254 1845 5319 καθὼς

268 5349 364 5403 οὐκ
395 5347 731 5419 ἐδοκίμασαν
776 5346 867 5399 τὸν
909 5344 1041 5399 Θεὸν
1067 5344 1210 5415 ἐχειν
1253 5344 1311 5398 ἐν
1342 5344 1669 5412 ἐπιγνώσει,
1700 5363 1841 5415 παρ-

267 5441 467 5497 ἔδωκεν
498 5438 698 5502 αὐτοὺς
724 5439 755 5491 ὁ
790 5436 922 5500 Θεὸς
962 5438 1043 5499 είς
1067 5434 1325 5504 ἀδόκιμον
1371 5434 1495 5488 νοῦν
1515 5472 1530 5496 ,
1573 5436 1748 5487 ποιεῖν
1776 5434 1845 5488 τὰ

272 5533 344 5603 μὴ
370 5532 705 5603 καθήκοντα.
758 5548 779 5582 ι
815 5527 1167 5601 Τρανὼτερον
1208 5527 1265 5582 δέ
1301 5528 1449 5581 τουτὶ
1474 5529 1567 5582 καὶ
1598 5528 1629 5580 ὸ
1652 5526 1847 5582 θεσπέ-

1948 4542 2050 4582 nec
2091 4538 2223 4579 sane
2265 4521 2490 4577 virtutis
2529 4536 2740 4585 amans,
2782 4520 2890 4575 nisi
2935 4521 3039 4576 hoc
3077 4536 3206 4592 erga
3246 4537 3347 4575 nos
3381 4528 3528 4576 esset

1947 4617 2149 4671 animo.
2187 4612 2296 4669 Sed
2329 4613 2474 4683 quod
2508 4613 2625 4666 haec
2654 4611 2817 4666 nobis
2847 4613 3121 4678 accidunt,
3150 4622 3338 4668 nostra
3369 4614 3533 4684 culpa

1944 4717 2052 4771 est,
2085 4705 2181 4775 qui
2207 4704 2452 4759 omnium
2485 4703 2775 4758 Dominum
2811 4703 2881 4758 ad
2913 4703 3050 4758 iram
3086 4719 3529 4770 commovemus;

1947 4815 2056 4869 quo
2098 4798 2262 4861 facto,
2291 4796 2535 4850 animum
2581 4795 2673 4849 ille
2713 4795 2875 4850 nobis
2914 4796 3189 4850 inﬁrmum
3224 4810 3529 4866 parumque

1946 4890 2163 4945 virilem
2200 4887 2465 4943 immittit.
2513 4886 2598 4941 An
2632 4894 2690 4940 tu
2729 4887 2957 4942 minime
3005 4887 3237 4942 exaudis
3278 4888 3398 4957 ejus
3434 4902 3533 4941 vo-

1946 4996 2087 5045 cem,
2130 4995 2256 5035 cum
2301 4994 2404 5048 per
2442 4976 2736 5047 quemdam
2783 4986 3096 5031 sanctorum
3136 4977 3529 5047 prophetarum

1946 5075 2146 5129 clamat
2178 5090 2191 5125 :
2230 5090 2248 5123 (
2288 5071 2430 5126 Ecce
2459 5086 2560 5141 ego
2596 5070 2669 5125 do
2702 5085 2869 5140 super
2895 5069 3158 5139 populum
3197 5069 3346 5123 hunc
3379 5067 3531 5122 infir-

1946 5166 2226 5229 mitatem;
2266 5171 2325 5218 et
2364 5161 2792 5217 inﬁrmabuntur
2830 5162 2884 5216 in
2930 5162 3023 5216 illa
3059 5170 3314 5232 parentes
3347 5170 3404 5217 et
3433 5159 3530 5216 filii

1946 5256 2132 5320 simul,
2149 5254 2365 5308 vicinus
2383 5262 2441 5307 et
2458 5252 2741 5323 proximus
2759 5253 2879 5323 ejus
2903 5251 3168 5322 peribunt
3183 5250 3266 5304 ³η
3283 5270 3300 5302 ι
3330 5250 3531 5305 Scribit

1950 5342 2114 5398 etiam
2162 5340 2231 5397 de
2277 5340 2602 5410 quibusdam
2643 5339 2730 5394 vir
2782 5339 3220 5410 sapientissimus
3269 5338 3471 5394 Paulus
3512 5354 3529 5392 :

1961 5452 1978 5486 ι
2009 5434 2079 5488 Ει
2102 5431 2247 5488 sicut
2263 5448 2373 5487 non
2394 5432 2770 5502 probaverunt
2788 5432 2962 5487 Deum
2992 5433 3196 5487 habere
3226 5431 3282 5487 in
3312 5430 3527 5494 notitia,

1954 5529 2180 5585 tradidit
2208 5529 2330 5584 illos
2368 5530 2510 5586 Deus
2544 5529 2601 5585 in
2629 5531 2923 5601 reprobum
2963 5544 3205 5593 sensum,
3236 5536 3297 5583 ut
3328 5526 3534 5584 iaciant

342 5707 607 5766 “Cenes.
636 5726 727 5775 xu,
756 5709 839 5763 ιθ.
916 5708 958 5740 ³⁷
982 5706 1115 5762 Luc.
1144 5721 1215 5771 iv,
1246 5704 1355 5761 5—7.
1434 5703 1477 5738 ³⁸
1502 5704 1643 5787 Gen.
1678 5722 1772 5773 xu,
1805 5707 1824 5761 i

1966 5707 2007 5739 “
2044 5708 2153 5763 Jer.
2186 5724 2254 5771 vx,
2283 5707 2365 5762 21.
