4154 6578
571 362 680 421 155

1611 362 1667 415 S.
1710 362 1985 416 CYRILLI
2023 362 2496 416 ALEXANDRINI
2537 362 2851 419 ARCHIEP.

3728 372 3832 426 l56

570 494 692 549 qua:
740 493 851 531 non
896 475 1227 531 conveniunt
1253 473 1318 527 ⁸ο.
1359 495 1378 526 ι
1424 474 1663 544 ldipsum
1713 475 1885 544 magis
1930 474 2185 545 perspi-,

2277 492 2363 538 τιος
2402 476 2627 539 Ἡσαΐας
2650 476 2956 548 καθίστησι,
2988 489 3180 545 Αεγων,
3208 478 3283 542 ὡς
3309 478 3372 531 ἐκ
3396 477 3688 550 προσώπου
3723 481 3833 534 τῶν

574 584 742 624 cuum
768 567 898 623 facit
921 568 1108 633 Isaias,
1133 567 1321 621 dicens
1356 575 1611 633 tanquam
1641 582 1708 618 ex
1742 581 1976 635 persona
2016 565 2155 619 ﬁlio-

576 676 697 714 rum
734 659 931 725 Israel,
980 668 1074 713 aut
1107 672 1297 712 eorum
1336 664 1483 710 certe
1518 656 1611 725 qui
1658 656 1712 709 in
1751 666 1975 725 peccata
2016 656 2154 725 lapsi

576 760 811 805 essent:
856 770 874 801 ι
934 750 1072 805 Ecce
1141 758 1197 802 tu
1264 748 1436 801 iratus
1498 762 1594 810 es,
1649 755 1706 800 et
1759 762 1859 800 nos
1910 747 2159 817 peccavi-

579 858 703 897 mus
732 844 795 896 ".
828 863 845 894 ι

651 934 847 989 PALL.
908 934 1049 988 Num
1106 932 1302 1003 igitur,
1353 930 1621 995 obsecro,
1694 930 1925 1000 segnitia
1995 938 2159 999 atque

585 1026 783 1080 inertia
818 1024 1151 1079 decedentes
1188 1023 1257 1077 ab
1295 1021 1492 1087 oﬂicio,
1541 1037 1605 1076 ac
1643 1021 1881 1090 peccatis
1938 1020 2157 1085 irretiti,

580 1116 938 1185 conjiciemus
963 1115 1179 1184 culpam
1220 1113 1277 1166 in
1314 1113 1507 1176 Deum,
1535 1120 1591 1165 et
1622 1113 1741 1182 ejus
1773 1112 1906 1165 iram
1940 1127 2163 1167 accusa~

581 1207 783 1270 bimus,
812 1214 874 1259 ut
904 1188 997 1275 qiti
1030 1214 1255 1276 propter
1284 1220 1403 1259 eam
1440 1204 1881 1274 peccaverimus?

650 1297 808 1352 CYR.
850 1298 947 1352 Ille
988 1312 1120 1351 vero
1168 1296 1392 1351 minime
1436 1296 1743 1366 culpandus
1775 1312 1805 1349 a
1845 1295 2003 1349 nobis
2040 1303 2161 1363 est;

584 1386 640 1442 id
684 1389 833 1442 enim
889 1398 1039 1444 esset
1097 1390 1353 1454 insanire;
1384 1388 1500 1453 sed,
1531 1405 1655 1443 cum
1704 1388 1938 1443 dicimus
1974 1407 1986 1441 :
2028 1407 2047 1439 ι
2080 1387 2165 1443 Tu

585 1478 762 1534 iratus
790 1496 870 1544 es,
901 1489 959 1534 et
989 1496 1091 1535 nos
1127 1482 1493 1551 peccavimus,
1531 1501 1547 1531 ›
1586 1482 1691 1535 tale
1723 1481 1929 1550 aliquid
1968 1479 2170 1535 intelli-

586 1569 765 1640 gimus
800 1587 813 1622 :
846 1571 962 1624 Nisi
1017 1580 1070 1626 te
1130 1572 1425 1642 benignum
1479 1573 1865 1636 habuerimus,
1914 1572 2164 1637 Domine,

587 1659 729 1713 nihil
777 1660 883 1714 erit
920 1662 1067 1730 quod
1111 1663 1400 1732 prohibeat
1434 1664 1727 1731 quominus
1769 1679 1799 1717 a
1836 1663 2043 1732 peccati
2083 1672 2168 1734 ty-

590 1752 821 1807 rannide
873 1754 1266 1823 opprimamur,
1307 1762 1530 1823 propter
1576 1761 1779 1808 nostra:
1826 1762 2038 1809 natum
2080 1754 2167 1808 in-

590 1821 926 1909 firmitatem,
947 1821 1118 1915 atque
1151 1846 1223 1899 ita
1254 1821 1489 1915 denique
1517 1845 1774 1900 omnibus
1803 1844 1958 1901 malls
1989 1843 2171 1916 impli-
2196 1821 2245 1877 Β

590 1949 800 1988 cemur.

662 2026 856 2081 PALL.
898 2027 1146 2097 Intelligo
1174 2028 1320 2097 quod
1355 2028 1514 2082 dicis.

657 2114 813 2169 ΟΥΕ.
851 2116 1098 2185 Superna
1141 2116 1326 2186 itaque
1373 2132 1508 2170 cura
1553 2132 1616 2170 ac
1664 2116 2009 2185 providentia
2049 2130 2175 2186 spo-

590 2204 729 2268 liati,
768 2220 890 2259 cum
924 2206 992 2260 de
1024 2206 1192 2260 nimia
1226 2215 1409 2260 nostra
1440 2206 1641 2260 inertia
1680 2215 1843 2276 atque
1876 2206 1943 2260 ad
1982 2206 2177 2276 nequi-

592 2297 724 2351 tiam
758 2298 1025 2368 pmcipiti
1060 2300 1447 2367 propensionc,
1490 2314 1664 2366 ρατηερ
1695 2314 1725 2351 a
1757 2298 1916 2351 nobis
1945 2314 2175 2353 sumun-

594 2396 706 2452 tur,
738 2388 943 2442 inlirmi
984 2397 1097 2442 tum
1136 2398 1193 2442 et
1236 2398 1396 2457 captu
1440 2388 1647 2452 faciles,
1679 2398 1734 2442 et
1767 2404 1875 2457 quo
1913 2404 2021 2442 non
2058 2390 2178 2459 ejus

594 2480 815 2550 generis
845 2482 990 2534 malo
1015 2481 1267 2534 laborare
1300 2480 1804 2549 deprehendimur?
1829 2480 1890 2533 In
1923 2487 2175 2549 promptu

595 2581 780 2626 autem
828 2573 927 2627 tibi
961 2582 1066 2637 est,
1103 2573 1158 2627 id
1199 2582 1385 2643 aperte
1426 2572 1756 2642 perspicere,
1791 2571 1991 2641 legenti
2028 2572 2181 2626 Iere-

596 2663 719 2717 mia:
746 2663 932 2717 verba.
966 2664 1206 2718 ElI'erata
1244 2678 1479 2732 namque
1507 2662 1821 2717 Iudaeorum
1860 2660 2174 2725 multitudo,

595 2752 848 2819 quamvis
872 2752 1166 2806 admodum
1201 2751 1418 2805 abunde
1457 2750 1781 2813 luxuriaret,
1810 2766 1873 2804 ac
1907 2748 2179 2803 dilllueret

599 2842 655 2897 in
689 2847 901 2896 sumina
934 2843 1029 2897 Dei
1076 2844 1423 2908 liberalitate,
1460 2858 1585 2896 cum
1619 2851 1675 2896 et
1708 2842 1964 2919 hostibus
2006 2842 2180 2894 omni-

599 2933 703 2989 bus
736 2934 1131 2997 dominaretur,
1163 2943 1220 2988 et
1251 2934 1321 2988 ad
1356 2950 1630 2988 summum
1666 2933 1902 3003 denique
1932 2934 2181 2986 humanm

600 3024 786 3094 gloriae
802 3014 1073 3079 verticem
1097 3025 1456 3094 pervenisset,
1488 3025 1588 3093 15
1610 3025 1956 3079 durissimam
2002 3032 2179 3077 tamen

603 3122 767 3183 atque
797 3115 1292 3184 pervicacissimam
1323 3114 1608 3183 perfidiam
1638 3122 1722 3168 est
1750 3112 2029 3167 meditata.
2070 3112 2179 3165 lta-
2208 3154 2250 3213 ϐ

602 3220 709 3274 que
740 3221 865 3260 cum
896 3205 1065 3277 Moysi
1098 3206 1370 3260 mandatis
1411 3214 1618 3259 tantum
1642 3221 1749 3258 non
1772 3204 2178 3269 valedixissent,

602 3312 667 3351 ac
688 3300 926 3351 sancitas
946 3298 1094 3368 leges
1120 3312 1346 3367 prorsus
1364 3313 1465 3366 pro
1487 3296 1715 3350 minimo
1736 3296 2025 3355 haberent.
2040 3311 2182 3365 prse-

604 3388 757 3456 cipiti
819 3388 1026 3456 impetu
1088 3388 1143 3442 in
1197 3397 1430 3441 mortem
1476 3396 1640 3456 atque
1684 3388 1986 3457 perniciem
2034 3387 2181 3442 ferc-

607 3478 828 3531 bantur.
858 3478 971 3532 Sub
1000 3493 1240 3547 quercus
1268 3492 1525 3546 namque,
1563 3485 1620 3530 et
1659 3477 1867 3546 populi,
1892 3485 1947 3531 et
1972 3478 2186 3532 arboris

607 3563 911 3617 frondentis
956 3564 1170 3627 umbra,
1213 3565 1366 3633 juxta
1414 3564 1697 3633 propheta:
1742 3579 1933 3619 vocem
1969 3567 2036 3629 δ’,
2064 3581 2188 3621 aras

608 3658 1003 3714 exstruxerant,
1038 3659 1094 3704 et
1115 3652 1169 3704 in
1200 3651 1520 3706 nemoribus
1557 3651 1815 3707 arborum
1838 3654 2191 3711 multitudine

611 3742 858 3805 consitis,
900 3743 1041 3797 fanis
1069 3744 1134 3797 ad
1166 3744 1432 3798 daemonia
1460 3744 1686 3799 colenda
1713 3745 2046 3811 constitutis,
2098 3747 2190 3801 illa

614 3831 780 3885 boum
809 3832 1050 3887 victimis
1080 3841 1136 3887 et
1170 3833 1350 3897 thure,
1380 3842 1436 3887 et
1471 3834 1579 3889 alio
1607 3834 1756 3888 omni
1784 3836 1933 3890 cultu
1966 3853 2193 3893 venera-

614 3921 833 3985 bantur,
883 3922 1015 3977 deos
1071 3933 1128 3977 et
1182 3933 1624 3989 conservatores,
1661 3934 1719 3979 et
1767 3927 2023 3983 omnibus
2073 3930 2193 4000 ejus

614 4014 832 4084 generis
880 4015 1193 4069 nominibus
1238 4032 1403 4085 opera
1447 4033 1545 4071 sua
1592 4018 1867 4087 appellare
1913 4035 2020 4074 non
2060 4036 2192 4075 eru-

617 4105 921 4174 bescentes.
966 4104 1109 4171 Quin
1149 4107 1313 4161 etiam
1366 4108 1423 4161 in
1465 4124 1584 4161 eam
1611 4109 1894 4163 stultitiam
1926 4127 2193 4180 pervene-

2258 568 2387 621 υἱῶν
2427 568 2663 640 Ἰσραὴλ,
2688 570 2851 639 ἡγουν
2875 568 2983 621 τῶν
3005 568 3383 641 ὠλισθηκότων
3411 572 3491 634 είς
3520 556 3847 643 ἀμαρτίαςέ

2262 679 2280 712 ι
2335 660 2465 714 ’ἰδοῦ
2504 662 2568 714 σὺ
2599 660 2897 731 ὠργίσθης,
2932 662 3024 714 καὶ
3059 663 3218 733 ἡμεῖς
3248 662 3585 733 ἡμάρτομεν.
3622 682 3639 715 ι

2330 921 2535 972 ΠΑΛΛ.
2583 915 2708 988 'Ap‘
2752 915 2881 984 οῦν,
2934 919 3056 973 εἰπέ
3108 937 3232 989 μοι,
3277 918 3841 991 καταρρᾳθυμοῦντες

2258 1013 2420 1081 ἡμεῖς
2445 1010 2537 1063 τοῦ
2562 1012 2860 1080 πρέποντος
2891 1013 2984 1064 καὶ
3002 1014 3118 1075 ταῖς
3140 1013 3434 1082 ἁμαρτίαις
3459 1013 3836 1084 ἁλισκόμενοι,

2260 1102 2631 1173 προσρίψομεν
2670 1103 2769 1172 τὴν
2806 1104 2985 1156 αἰτίαν
3019 1103 3095 1173 τῷ
3142 1102 3289 1175 Θεῷ,
3332 1106 3426 1158 καὶ
3465 1105 3851 1176 ἐγκαλέσομεν-

2261 1192 2408 1263 αὐτῷ
2433 1193 2533 1263 τὴν
2555 1192 2722 1262 ὀργὴν
2740 1234 2755 1258 ,
2780 1193 2855 1256 ὡς
2881 1194 2969 1246 διὰ
2994 1193 3153 1246 τοῦτο
3177 1196 3594 1265 ἡμαρτηκότες;

2333 1282 2496 1335 ΚΥΡ.
2541 1281 2994 1353 Ἐπαιτιασόμεθα
3033 1283 3131 1352 μὲν
3170 1283 3311 1353 οὐχὶ,
3341 1283 3506 1354 μανία
3544 1283 3655 1353 γὰρ
3679 1284 3839 1339 τοῦτό

2263 1389 2349 1442 γε’
2369 1372 2666 1440 φάσκοντες
2685 1373 2762 1436 δὲ,
2783 1373 2865 1425 ὅτι
2888 1392 2906 1424 α
2936 1374 3006 1427 Σὺ
3031 1373 3328 1444 ὡργίσθης,
3354 1376 3447 1427 καὶ
3471 1376 3631 1445 ἡμεῖς
3660 1376 3842 1445 ἡμάρ-

2264 1480 2457 1533 τομεν,
2490 1482 2509 1515 ι
2535 1463 2774 1516 τοιοῦτόν
2794 1480 2848 1515 τι
2880 1463 3109 1534 νοοῦμεν
3128 1479 3143 1494 ο
3189 1464 3275 1527 Ὠς
3305 1466 3352 1517 εί
3388 1465 3462 1536 μὴ
3488 1466 3549 1517 τὸ
3579 1466 3672 1519 σὺν
3708 1467 3842 1535 ἔχοι-

2268 1565 2369 1617 μεν
2402 1550 2647 1618 εὐμενὲς,
2680 1543 2724 1601 ὦ
2757 1550 3019 1614 Δέσποτα,
3050 1552 3111 1604 τὸ
3141 1552 3402 1622 ἀπεῖργον
3434 1552 3618 1616 οὐδὲν,
3641 1572 3843 1625 τυρανο

2267 1639 2476 1693 νεῖσθαι
2509 1641 2607 1710 μὲν
2634 1642 2739 1693 ὑπὸ
2762 1643 3057 1713 ἁμαρτίας,
3083 1643 3174 1697 διὰ
3211 1643 3272 1696 τὸ
3294 1644 3393 1714 τῆς
3421 1646 3703 1716 ἡμετέρας
3744 1646 3846 1716 cpt}.-

2269 1748 2407 1796 σεως
2438 1735 2687 1801 ἀσθενὲς,
2721 1736 2881 1789 παντὶ
2912 1735 2975 1788 δὲ
3007 1734 3189 1789 λοιπὸν
3218 1735 3496 1810 ἐνέχεσθαι
3524 1738 3700 1809 κακῶ.

2344 2019 2551 2073 ΠΑΛΛ.
2583 2020 2812 2091 Συνίημι
2841 2020 2869 2074 ὃ
2905 2021 3029 2092 φῄς.

2344 2111 2508 2165 ΚΥΡ.
2533 2112 2815 2182 Φροντιδος
2840 2110 2932 2166 οὖν
2962 2113 3079 2184 ἅμα
3108 2114 3201 2167 καὶ
3233 2115 3340 2186 μὴν
3382 2117 3473 2169 καί
3506 2117 3721 2185 φειδοῦς
3750 2124 3854 2191 τῆί

2274 2200 2478 2255 ἄνωθεν
2500 2203 3021 2273 άπαμφιεννόμενοι,
3044 2206 3138 2257 καὶ
3160 2208 3257 2276 τῆς
3281 2210 3359 2270 είς
3385 2207 3524 2276 ἄγαν
3546 2209 3841 2280 ἐξιτηλίας,

2274 2291 2498 2344 καὶτῶν
2544 2294 2622 2355 είς
2648 2293 2708 2345 τὸ
2748 2292 2947 2361 φαῦλον
2976 2295 3216 2364 ἀσχέτων
3249 2298 3646 2369 ἀπονευμάτων
3678 2319 3845 2375 πρατ-

2274 2382 2493 2451 τόμενοι
2526 2381 2679 2446 δίκας
2702 2425 2717 2446 ,
2746 2383 2994 2448 ἀσθενεῖς
3038 2387 3131 2439 καὶ
3160 2388 3450 2455 εὐάλωτοι,
3500 2393 3593 2444 καὶ
3636 2393 3690 2446 τί
3742 2395 3841 2464 γάρ

2274 2474 2396 2544 οὐχὶ
2443 2474 2551 2526 τῶν
2602 2475 2855 2528 τοιούτων
2910 2478 3328 2549 ήρρωστηκότες
3376 2482 3851 2554 ἀποδεικνύμεθαςν

2276 2565 2436 2635 Πάρα
2465 2565 2521 2617 δὲ
2551 2566 2613 2634 δή
2648 2582 2729 2619 σοι
2762 2568 2917 2620 ταυτὶ
2958 2568 3396 2623 καταθεάσασθαι
3426 2572 3715 2643 λαμπρῶς,
3740 2578 3845 2638 τοῖς

2290 2654 2552 2725 Ἱερεμίου
2599 2657 2940 2726 περιτυχόντι
2980 2657 3176 2726 λόγοις.
3235 2660 3502 2715 Ἰουδαίων
3549 2664 3649 2733 μὲν
3680 2666 3786 2736 γὰρ
3814 2668 3858 2739 ἡ⁸

2278 2744 2447 2814 ἀγρία
2475 2743 2722 2813 πληθὺς,
2770 2746 2863 2798 καί
2910 2763 2989 2799 τοι
3024 2747 3227 2819 σφόδρα
3277 2749 3543 2814 πλουσίως
3572 2754 3841 2808 ἐνσπατα-

2279 2834 2430 2888 λῶσά
2470 2852 2530 2888 τε
2569 2836 2662 2888 καὶ
2695 2837 3090 2909 ἐνευρυνομένη
3124 2842 3245 2903 ταῖς
3282 2842 3431 2912 παρὰ
3469 2841 3603 2894 Θεοῦ
3652 2845 3847 2913 φιλοτι-

2285 2927 2464 2997 μίαις,
2524 2927 2617 2980 καὶ
2672 2929 2927 2982 ἀπάντων
2993 2931 3314 3001 κρατήσασά
3377 2949 3438 2984 τε
3497 2933 3687 2986 λοιπὸν
3742 2935 3859 2987 τῶν.

2282 3016 2513 3087 ἐχθρῶν,
2547 3017 2838 3072 διελάσασά
2876 3035 2933 3072 τε
2968 3019 3153 3073 λοιπόν
3181 3022 3261 3085 είς
3290 3022 3420 3075 αὐτό
3447 3040 3549 3075 που
3574 3024 3719 3095 τάχα
3752 3028 3846 3095 τῆς

2284 3108 2341 3159 ἐν
2373 3106 2681 3179 ἀνθρώποις
2712 3109 2962 3173 εὐκλείας
2987 3110 3047 3163 τὸ
3074 3112 3332 3165 ἀνωτάτω
3351 3153 3365 3176 ,
3405 3113 3537 3183 σκλη
3549 3114 3649 3183 ράν
3670 3130 3727 3166 τε
3762 3115 3847 3167 καὶ

2284 3197 2587 3268 ἄθραυστον
2613 3200 2843 3271 ἐμελέτα
2873 3201 2971 3272 τὴν
3003 3202 3304 3257 ἀπείθειαν.
3355 3206 3653 3275 Μονονουχλ
3681 3206 3736 3258 δὲ
3763 3210 3848 3258 καὶ

2285 3290 2557 3361 ἐρρῶσθαι
2585 3291 2891 3361 φράσαντες
2918 3296 3038 3356 ταῖς
3070 3293 3158 3347 διὰ
3191 3296 3434 3358 Μωσέως
3466 3297 3728 3361 ἐντολαῖς,
3763 3298 3849 3350 καὶ

2289 3381 2487 3452 μικροῦ
2517 3382 2794 3447 παντελῶς
2836 3384 3113 3448 ἀξιοῦντες
3139 3385 3297 3454 λόγου
3330 3386 3398 3440 τὰ
3430 3387 3842 3459 τεθεσπισμένα,

2287 3471 2749 3541 ἁπαραποδίστοις
2798 3472 3054 3544 ἐφέροντο
3111 3477 3303 3544 ῥοπαῖς
3346 3477 3424 3538 είς
3483 3476 3707 3547 ὄλεθρον
3763 3479 3852 3531 καὶ

2288 3562 2578 3616 ἀπώλειαν.
2630 3564 2915 3618 ’Υποκάτω
2957 3566 3066 3636 γὰρ
3111 3567 3309 3637 δρυὸς.
3354 3568 3447 3620 καὶ
3479 3566 3718 3639 λεύκης,
3766 3569 3850 3622 καὶ

2288 3651 2503 3724 δένδρου
2533 3653 2915 3718 συσκιάζοντος
2937 3654 3079 3709 κατά
3103 3656 3201 3727 τὴν
3228 3655 3321 3708 τοῦ
3346 3658 3625 3728 προφήτου
3657 3657 3848 3727 φωνὴν,

2293 3743 2513 3814 βωμοὺς
2543 3746 2908 3817 ἀνεδείμαντο,
2939 3748 3032 3801 καὶ
3062 3750 3120 3800 ἐν
3151 3750 3263 3811 τοῖς
3298 3749 3731 3820 εὖδενδροτάτοις
3753 3748 3850 3801 τῶν

2293 3833 2490 3899 ἀλσῶν,
2521 3834 2722 3905 τεμένη
2750 3838 2862 3899 τοῖς
2889 3836 3104 3906 δαίμοσι
3135 3837 3523 3909 διαπήξαντες,
3554 3838 3852 3908 βουθυσίαις

2295 3925 2387 3977 καὶ
2408 3924 2745 3990 λιϐανωτοῖς,
2768 3926 2862 3979 καὶ
2885 3929 2997 3989 τοῖς
3022 3926 3199 3991 ἄλλοις
3225 3929 3415 3991 ἀπασι,
3444 3930 3851 4001 καταγεραίρειν

2294 4014 2476 4083 ἠξίουν
2498 4054 2512 4079 ,
2548 4016 2714 4079 Θεοὺς
2750 4015 2844 4068 καὶ
2896 4019 3178 4086 σωτῆρας,
3223 4016 3317 4069 καὶ
3352 4020 3405 4069 τί
3450 4017 3558 4088 γὰρ
3590 4018 3713 4088 οὐχὶ
3754 4017 3850 4069 τῶν

2294 4106 2551 4159 τοιούτων
2588 4108 2685 4159 οὐκ
2718 4106 3074 4178 ἐρυθριῶντες
3118 4107 3326 4175 λέγειν,
3366 4108 3433 4161 τὰ
3473 4108 3561 4161 διὰ
3609 4108 3758 4178 σφῶν
3784 4125 3853 4161 τε·

618 4203 749 4249 runt
798 4196 1112 4265 aliquando,
1149 4206 1209 4251 ut
1238 4199 1347 4268 jam
1397 4198 1593 4267 impias
1625 4200 1747 4255 illas
1790 4216 2013 4256 suorum
2062 4204 2185 4259 libe-

2297 4199 2703 4266 χνουργούμενα
2723 4212 2738 4261 ;
2761 4196 3063 4250 Καθίκοντο
3087 4197 3143 4249 δὲ
3178 4199 3387 4269 μωρίας
3420 4200 3499 4261 είς
3527 4198 3686 4251 τοῦτό
3713 4216 3850 4255 ποτε.

618 4301 806 4341 rerum
854 4288 1031 4342 credes
1075 4288 1181 4342 sibi
1225 4289 1410 4359 glorize
1457 4306 1575 4345 esse
1624 4300 1898 4360 putarent,
1939 4302 2196 4364 tantoque

618 4377 823 4431 scelere
866 4378 1104 4447 opimam
1142 4395 1199 4435 se
1231 4380 1339 4435 illis
1370 4381 1646 4436 victimam
1681 4384 1878 4439 offerre
1915 4387 2196 4442 existima-

2297 4288 2373 4349 ὡς
2405 4289 2463 4339 ἐν
2502 4287 2870 4357 καυχημάτων
2907 4286 3057 4350 τάξει
3104 4287 3287 4340 λοιπὸν
3333 4289 3598 4341 ποιεῖσθαι
3640 4290 3739 4352 τὰς
3772 4290 3852 4341 ἀν-

2297 4379 2475 4442 οσίους
2506 4378 2930 4447 τεκνοσφαγίας,
2978 4377 3181 4431 οἴεσθαι
3231 4379 3286 4431 δὲ
3338 4379 3433 4432 ὡδὶ
3484 4379 3852 4451 λιπαρωτάτην

619 4474 759 4520 rent.
795 4467 983 4537 Neque
1016 4485 1147 4524 vero
1181 4470 1324 4525 intra
1362 4472 1463 4526 hos
1500 4472 1637 4528 lines
1674 4475 1926 4546 impietas
1960 4477 2185 4533 ﬁliorum

2298 4470 2558 4525 ἀνάπτειν
2604 4471 2705 4540 τὴν
2742 4469 2932 4524 θυσίαν
2960 4470 3163 4533 αὐτοῖς.
3198 4470 3307 4523 Καὶ
3352 4470 3411 4522 οῦ
3450 4472 3613 4542 μέχρι
3664 4471 3852 4524 τούτων

620 4555 784 4611 Israel
826 4560 1007 4625 stetit;
1048 4561 1143 4614 sed
1188 4561 1390 4632 ﬂagitia
1428 4562 1646 4633 ﬂagitiis
1684 4569 2111 4633 accumulantes,
2144 4584 2185 4625 c1

2297 4560 2367 4613 τὰ
2404 4559 2505 4629 τῆς
2518 4560 2839 4623 δυσσεϐείας
2865 4560 3162 4629 ἐπράττετο
3191 4564 3301 4623 τοῖς
3322 4560 3379 4626 ἐξ
3417 4562 3653 4632 Ἰσραήλ.
3691 4565 3851 4632 Προσ-

621 4646 680 4700 in
719 4647 1115 4703 absurdissima
1156 4667 1385 4720 qumque
1434 4656 1741 4724 praecipites
1776 4658 1891 4723 lati,
1922 4660 2199 4729 legislato-

623 4736 701 4790 ris
745 4738 1099 4805 quantumvis
1143 4738 1363 4811 benigni
1411 4743 1549 4796 itam
1597 4746 1654 4798 in
1706 4761 1762 4799 se
1808 4758 2196 4816 provocarunt.

622 4828 787 4898 Ergo,
825 4830 1085 4898 quoniam
1145 4831 1266 4900 ejus
1319 4833 1637 4888 servitutem
1696 4837 2057 4894 audacissime
2121 4841 2199 4895 illi

624 4920 971 4990 repulerant,
1022 4921 1273 4991 permisit
1315 4924 1364 4977 is
1405 4933 1463 4978 ut
1507 4925 1576 4979 ab
1626 4925 1877 4982 hostibus
1922 4930 2197 4998 opprime-

625 5018 836 5074 rentur,
878 5020 935 5066 et
976 5011 1044 5065 ad
1091 5013 1456 5068 necessariam
1507 5013 1914 5071 abducerentur
1960 5019 2195 5073 servitu-

625 5108 757 5166 tem,
787 5118 892 5171 qua
929 5102 1031 5157 sub
1082 5103 1289 5157 ditione
1336 5103 1714 5159 Chaldzeorum
1748 5106 2197 5177 Babyloniorum-

627 5209 733 5263 que
778 5195 1017 5250 fuerunt.
1049 5195 1153 5262 Qui
1204 5213 1350 5262 eum,
1401 5198 1609 5252 relictis
1658 5214 1779 5267 qua:
1826 5198 1973 5253 domi
2018 5211 2196 5267 erant,

628 5286 924 5349 venissent,
957 5296 1017 5340 ut
1050 5288 1170 5342 illos
1198 5289 1443 5358 captivos
1476 5288 1759 5353 ducerent,
1794 5306 1857 5344 ac
1878 5300 2119 5346 sanctam
2139 5293 2201 5346 il-

630 5377 739 5431 lam
762 5378 1261 5448 nobilissimamque
1302 5381 1492 5435 urbem
1523 5382 1895 5447 incenderent,
1925 5390 2037 5436 tum
2068 5398 2201 5438 vero

631 5465 700 5521 iis
742 5468 835 5536 qui
874 5469 1327 5539 oppugnabantur
1369 5471 1460 5525 vix
1499 5473 1714 5526 tandem
1767 5474 1951 5527 animo
2001 5474 2202 5529 insedit

633 5565 694 5613 ut
713 5558 1005 5615 Jeremiam
1022 5560 1341 5629 prophetam
1374 5564 1725 5619 consulerent
1750 5564 1874 5634 quis
1905 5564 2030 5620 linis
2056 5565 2204 5620 illius

705 5752 751 5785 “
781 5753 938 5810 Rom.
970 5772 1007 5821 ι,
1036 5755 1124 5810 28.
1206 5756 1245 5789 “
1286 5757 1409 5811 Isai.
1455 5773 1593 5825 utv,
1627 5760 1676 5813 5.
1760 5760 1801 5791 δ’
1826 5758 1962 5815 Osee
1993 5774 2063 5826 tv,
2112 5757 2193 5811 13.

2299 4653 2471 4723 θήκην
2521 4651 2577 4704 δὲ
2630 4651 2816 4722 ῶσπερ
2854 4651 2975 4703 τινὰ
3025 4653 3136 4714 τοῖς
3188 4652 3529 4722 τολμήμασιν
3574 4654 3661 4707 ἀεὶ
3703 4669 3853 4725 προσι

2298 4744 2627 4811 επάγοντες,
2660 4743 2758 4815 τὴν
2795 4746 2874 4806 είς
2916 4744 3024 4796 πᾶν
3066 4742 3242 4796 ὁτιοῦν
3290 4743 3399 4794 τῶν
3440 4744 3685 4797 ἐκτόπων
3727 4744 3852 4813 ὰχᾶε

2303 4851 2445 4887 λινον
2479 4836 2856 4904 ἀποφοίτησιν,
2892 4835 2951 4886 οὐ
2987 4833 3221 4905 μετρίως
3267 4833 3350 4901 ἐφ’
3382 4834 3590 4897 ἑαυτοῖς
3636 4833 3854 4902 κατηρέςο

2302 4924 2449 4990 θιζον
2498 4928 2578 4989 είς
2622 4926 2824 4997 ὀργὰς,
2864 4927 3040 4980 καίτοι
3083 4925 3316 4995 χρηστὸν
3375 4925 3503 4977 ὄντα
3529 4925 3619 4977 τὸν
3643 4921 3851 4994 νομοθέ-

2304 5034 2421 5088 την.
2466 5017 2680 5086 Ἐπειδὴ
2717 5017 2774 5069 δὲ
2810 5018 2910 5087 τὴν
2950 5018 3037 5069 ἐπ’
3080 5015 3228 5086 αὑτῷ
3271 5017 3514 5069 δουλείαν
3556 4999 3851 5070 ἀπεσείοντο

2304 5109 2564 5172 νεανικῶς
2583 5151 2597 5175 ,
2625 5109 2797 5179 μεθίει
2831 5108 3015 5161 λοιπὸν
3037 5108 3132 5161 καὶ
3157 5106 3591 5160 πλεονεκτεῖσθαι
3620 5106 3708 5160 καὶ
3734 5104 3849 5173 παρ’

2305 5198 2535 5269 ἐχθρῶν,
2564 5200 2655 5251 καὶ
2690 5198 2823 5268 πρὸς
2865 5196 3169 5263 ἀναγκαίαν
3198 5196 3297 5266 ¹ήδη
3345 5213 3462 5257 πως
3498 5190 3850 5265 ἀποφέρεσθαι

2307 5289 2545 5359 θητείαν,
2576 5290 2674 5361 τὴν
2714 5292 2818 5343 ὑπὸ
2849 5290 3136 5352 Χαλδαίοις
3171 5290 3313 5358 φημὶ
3356 5288 3447 5340 καὶ
3489 5283 3847 5343 Βαϐυλωνίοις.

2306 5382 2369 5434 Οἱ
2405 5381 2502 5451 μὲν
2532 5381 2661 5451 γὰρ,
2685 5377 2819 5452 ἧκον
2857 5380 2927 5434 τὰ
2955 5380 3086 5433 οἴκοι
3130 5379 3380 5449 μεθέντες
3424 5372 3851 5446 ἐξανδραποδισά·

2311 5468 2462 5536 μενοί
2488 5485 2547 5521 τε
2582 5469 2798 5534 αὐτοὺς,
2828 5470 2922 5521 καὶ
2963 5470 3061 5539 τὴν
3087 5469 3250 5536 ἁγίαν
3276 5469 3367 5521 καὶ
3400 5467 3677 5537 διαϐόητον
3713 5461 3851 5514 πόλιν

2308 5560 2708 5633 ἐμπρήσαντες,
2743 5561 2959 5633 ἔρεσθαι
2988 5561 3059 5614 δὲ·
3077 5560 3229 5633 μόλις
3257 5560 3429 5614 ἐδόκει
3461 5560 3572 5622 τοῖς
3606 5556 3850 5625 πολεμϋυ·
