4154 6490
247 321 330 376 15ῖ
946 312 1032 365 DE
1074 310 1515 366 ADORATIONE
1555 310 1620 364 ΙΝ
1658 308 1926 364 SPlRlTU
1970 309 2058 362 ET
2100 309 2467 365 VERITATE.
2508 309 2636 363 LIB.
2679 309 2719 363 l.

3359 308 3464 362 158

244 432 403 502 μένοις
423 425 504 477 τὸν
531 423 813 493 προεξήτην
852 421 1140 493 Ἰερεμίαν,
1167 421 1226 474 τὸ
1244 422 1476 488 ὅποιπερ
1505 420 1570 475 ἀν
1596 421 1777 483 αὐτοῖς

1884 421 2005 473 mali
2033 430 2176 476 esset
2195 421 2412 475 futurus
2443 439 2455 474 :
2487 440 2508 471 ο
2536 422 2603 475 Et
2630 420 2786 483 dixit,
2816 439 2833 470 ι
2876 420 3072 490 inquit,
3112 438 3131 471 ι
3158 419 3457 475 Jeremias:

244 515 611 583 εκτελευτήσειε
642 513 702 564 τὸ
730 512 915 565 κακόν.
941 531 958 561 ι
988 512 1096 564 Καὶ
1128 508 1316 581 εἴπειέ»
1341 512 1528 580 φησὶν,
1562 529 1580 561 ι
1617 511 1778 581 Ἱερε.

243 612 373 682 μίας”
398 606 575 668 Οῦτως
602 605 773 675 ἐρεῖτε
830 602 965 674 πρὸς
1004 602 1253 655 Σεδεκίαν
1275 618 1288 631 ·
1317 601 1453 654 Τάδε
1486 600 1631 668 λέγει
1669 599 1780 652 Κῦ-

242 715 359 774 ριος·
407 696 529 749 ’1δοῦ
585 692 695 763 ἐγὼ
745 691 1103 764 μεταστρέφει)
1127 692 1194 744 τὰ
1223 691 1363 745 ὅπλα
1388 689 1456 743 τὰ
1488 690 1777 759 πολεμικὰ,

241 796 290 846 ὲν
314 784 388 853 οἷς
409 789 562 857 ὑμεῖς
588 785 870 856 πολεμεῖτε
896 786 953 837 ἐν
975 785 1157 846 αὐτοῖς
1179 782 1313 854 πρὸς
1336 783 1458 845 τοὺς
1484 780 1779 843 Χαλδαίους

241 884 351 943 τοὺς
388 877 833 947 συγκεκλεικότας
878 876 1021 945 ὑμᾶς
1063 874 1167 939 ἔξω
1207 874 1301 927 τοῦ
1334 873 1577 942 τείχους,
1612 874 1691 934 είς
1720 872 1781 925 τὸ

244 973 388 1043 μέσον
416 971 507 1039 τῆς
538 969 743 1029 πόλεως
776 966 999 1036 ταύτης.
1036 966 1145 1019 Καὶ
1178 964 1471 1034 πολεμήσω
1502 963 1645 1032 ὑμᾶς
1671 960 1783 1028 ἐγὼ

241 1069 291 1117 ὲν
313 1062 443 1132 χειρὶ
480 1058 835 1128 ἐκτεταμένη,
868 1058 961 1110 καὶ
984 1058 1041 1108 ἐν
1069 1055 1313 1125 βραχίονι
1341 1053 1585 1125 κραταιῷ
1604 1095 1618 1120 ,
1644 1051 1782 1122 μετά

244 1153 396 1224 θυμοῦ
430 1154 521 1207 καὶ
546 1151 715 1222 ὀργῆς
749 1149 1010 1221 μεγάλης.
1050 1149 1157 1201 Καὶ
1177 1146 1400 1211 πατάξω
1423 1145 1629 1206 πάντας
1656 1143 1781 1206 τοὺς

242 1242 605 1304 κατοικοῦντας
629 1243 685 1293 ὲν
706 1244 771 1309 τῇ
802 1239 953 1292 πόλει
972 1237 1169 1308 ταύτῃ,
1189 1236 1317 1299 τοὺς
1346 1234 1664 1304 ἀνθρώπους
1687 1233 1782 1286 καὶ

240 1336 297 1388 τὰ
326 1334 484 1404 κτήνη
516 1333 575 1384 ὲν
614 1329 830 1399 θανάτῳ
865 1327 1117 1398 μεγάλῳ,
1160 1327 1255 1380 καί¹
1293 1324 1724 1402 ἀποθανοῦνταικ
1756 1343 1799 1401 »η

240 1419 359 1477 Εἶτα
405 1422 519 1493 μεθ’
567 1422 749 1491 ἔτερα·
790 1439 807 1471 ι
859 1419 967 1472 Καὶ
996 1419 1131 1488 πρὸς
1177 1418 1268 1470 τὸν
1306 1416 1468 1482 λαὸν,
1512 1436 1530 1468 ›
1586 1416 1779 1485 φησὶν,

246 1536 262 1567 ι
295 1518 427 1587 ἐρεῖς
458 1513 667 1575 τοῦτον,
695 1511 831 1565 Τάδε
860 1510 1007 1579 λέγει
1028 1509 1251 1579 Κύριος·
1290 1509 1419 1561 Ἰδοὺ
1450 1506 1560 1576 ἐγὼ
1580 1507 1783 1560 δέδωκα

240 1608 332 1677 πρὸ
370 1604 656 1676 προσώπου
696 1602 848 1673 ὑμῶν
892 1602 992 1671 τὴν
1025 1601 1142 1654 ὁδὸν
1187 1600 1286 1669 τῆς
1322 1598 1497 1669 ζωῆς,
1547 1600 1641 1650 καὶ
1684 1596 1783 1667 τὴν

238 1697 341 1749 ὁδὸν
378 1694 463 1747 τοῦ
496 1694 745 1747 θανάτου.
787 1690 845 1744 Ὀ
888 1691 1194 1760 καθήμενος
1219 1691 1275 1744 ὲν
1300 1692 1366 1760 τῇ
1413 1689 1566 1741 πόλει
1591 1687 1780 1759 ταύτῃ,

1881 512 1970 566 Sic
2004 512 2200 567 dicetis
2247 512 2493 567 S‘edeciae
2530 530 2541 564 :
2599 512 2724 565 Haac
2776 512 2914 566 dicit
2965 511 3276 566 Dominus:
3320 512 3462 565 Ecce

1878 617 1978 671 ego
2010 612 2267 657 converto
2304 618 2453 656 arma
2498 602 2694 656 bellica
2746 602 2802 654 in
2844 602 3045 671 quibus
3076 617 3175 656 vos
3208 600 3463 671 pugnatis

1879 692 2140 746 adversus
2168 690 2469 755 Chaldaaos,
2500 694 2591 760 qui
2616 690 3004 745 concluserunt
3038 705 3134 744 vos
3153 699 3304 743 extra
3337 705 3461 743 mu-

1880 799 2024 847 rum,
2061 784 2117 836 in
2156 783 2395 837 medium
2440 782 2679 837 civitatis
2723 784 2907 854 hujus,
2943 791 2998 837 et
3043 782 3332 836 debellabo
3362 796 3462 851 ego

1878 891 1976 929 vos
2006 876 2061 928 in
2091 891 2255 929 manu
2289 883 2529 937 extenta,
2562 884 2617 929 et
2658 875 2713 928 in
2757 875 2981 929 brachio
3018 873 3167 937 forti,
3204 888 3326 927 cum
3372 872 3460 926 fu-

1880 982 2002 1019 rore
2035 974 2088 1019 et
2120 966 2198 1018 ira
2230 980 2455 1035 magna;
2488 974 2543 1018 et
2586 965 2888 1033 percutiam
2932 978 3121 1018 omnes
3150 962 3464 1016 habitantes

1881 1057 1935 1110 in
1970 1058 2187 1110 civitate
2219 1056 2351 1120 hac,
2398 1056 2650 1109 homines
2693 1064 2748 1109 et
2777 1057 3026 1124 jumenta
3055 1055 3108 1108 in
3144 1062 3317 1108 morte
3343 1068 3461 1106 ma-

1880 1163 2004 1216 gna,
2032 1155 2087 1199 et
2117 1146 2417 1199 morientur
2443 1146 2509 1198 ".
2545 1165 2563 1196 ι
2600 1145 2806 1199 Deinde
2843 1153 2965 1213 post
2999 1145 3293 1198 nonnulla:
3342 1162 3360 1193 ι
3393 1143 3461 1197 Et

1881 1237 1948 1289 ad
1977 1238 2257 1307 populum,
2290 1255 2308 1287 ο
2350 1236 2547 1306 inquit,
2579 1255 2597 1285 ι
2628 1236 2790 1291 istum
2821 1236 3006 1290 dices:
3034 1236 3159 1290 Haec
3186 1236 3320 1289 dicit
3349 1235 3459 1289 Do-

1882 1326 2063 1381 minus
2082 1346 2094 1379 :
2112 1328 2249 1383 Ecce
2267 1343 2366 1397 ego
2385 1327 2512 1381 dedi
2534 1342 2717 1380 coram
2740 1326 2897 1380 vobis
2916 1326 3060 1379 viam
3082 1327 3205 1381 vita:
3229 1335 3287 1381 et
3313 1326 3457 1380 viain

1882 1420 2077 1473 mortis
2111 1437 2123 1471 :
2153 1419 2247 1487 qui
2278 1419 2539 1473 manserit
2578 1419 2634 1472 in
2672 1418 2895 1473 civitate
2936 1419 3060 1481 hac,
3110 1418 3375 1472 morietur
3402 1418 3460 1471 in

1884 1509 2067 1579 gladio
2100 1520 2155 1563 et
2184 1510 2235 1563 in
2260 1510 2425 1574 fame,
2457 1517 2513 1563 et
2542 1509 2633 1578 qui
2666 1525 2920 1579 egressus
2948 1508 3115 1563 fuerit
3140 1516 3461 1562 uttranseat

1884 1600 1949 1654 ad
1977 1600 2277 1662 Chaldaeos,
2296 1599 2391 1669 qui
2415 1601 2805 1655 concluserunt
2824 1616 2943 1663 vos,
2966 1600 3133 1663 vivet,
3160 1600 3263 1668 16
3280 1607 3337 1653 et
3351 1599 3460 1653 erit

1883 1693 2063 1747 anima
2079 1693 2197 1762 ejus
2222 1692 2278 1745 in
2304 1691 2496 1761 spolia,
2517 1701 2573 1745 ct
2598 1692 2769 1755 vivet;
2799 1691 2929 1759 quia
2949 1691 3235 1745 obfirmavi
3262 1689 3470 1749 faciem,

238 1784 568 1839 ἀποθανεῖται
598 1785 655 1835 ὲν
704 1782 967 1852 μαχαίρᾳ,
999 1781 1091 1833 καὶ
1124 1783 1181 1833 ὲν
1224 1779 1385 1850 λιμῷ,
1434 1778 1525 1832 καὶ
1548 1781 1574 1831 ὁ
1614 1778 1777 1829 ἐκπο-

1884 1798 2058 1836 meam
2083 1782 2345 1836 adversus
2366 1781 2556 1837 urbem
2579 1782 2719 1835 hanc
2735 1780 2792 1833 in
2822 1781 2980 1843 mala,
2999 1789 3177 1835 etnon
3201 1780 3254 1833 in
3282 1780 3454 1845 bona;

241 1877 507 1945 ρευόμενος
547 1874 935 1945 προσχωρῆσαι
979 1872 1113 1942 πρὸς
1153 1872 1276 1934 τοὺς
1321 1870 1617 1931 Χαλδαίους
1654 1868 1780 1930 τοὺς

238 1966 673 2036 συγκεκλεικότας
714 1966 884 2035 ὑμᾶς,
938 1961 1185 2033 ζήσεται.
1222 1962 1330 2013 Καὶ
1364 1961 1514 2013 ἔσται
1558 1962 1590 2030 ή
1634 1959 1780 2030 ψυχή

237 2056 382 2112 αὑτοῦ
427 2059 506 2119 είς
554 2055 764 2117 σκῦλα,
809 2055 902 2107 καὶ
944 2054 1191 2123 ζήσεται.
1241 2051 1387 2104 Διότι
1423 2052 1680 2120 ἐστήριξα
1724 2047 1783 2101 τὸ

238 2150 503 2220 πρόσωπόν
536 2166 639 2216 μου
686 2150 778 2201 ἐπὶ
809 2147 909 2217 τὴν
952 2146 1105 2198 πόλιν
1146 2144 1350 2214 ταύτην
1377 2145 1453 2206 εἰς
1482 2142 1655 2203 κακά,
1690 2141 1784 2194 καί

237 2242 321 2294 οὐκ
350 2241 424 2303 είς
459 2239 663 2309 ἀγαθὰ,
691 2239 784 2292 καὶ
812 2240 892 2300 είς
931 2240 1118 2307 χεῖρας
1164 2234 1426 2305 βασιλέως
1468 2232 1784 2295 Βαϐυλῶνος

242 2331 679 2403 παραδοθήσεται,
713 2332 807 2383 καὶ
857 2327 1193 2383 κατακαύσει
1242 2326 1415 2397 αὐτὴν
1461 2328 1517 2379 ὲν
1564 2324 1714 2396 πυρί.
1762 2347 1780 2375 ι

1888 1884 1943 1930 et
1971 1876 2024 1929 in
2059 1889 2252 1928 manus
2286 1874 2426 1944 regis
2456 1872 2745 1943 Babylonis
2792 1872 3058 1935 tradetur,
3105 1880 3161 1926 et
3205 1872 3460 1926 incendet

1885 1982 2006 2020 eam
2034 1966 2144 2037 igni
2172 1966 2235 2019 “.
2270 1985 2287 2016 ι
2325 1965 2587 2034 Intelligis
2616 1964 2799 2034 igitur,
2832 1964 2878 2017 si
2919 1963 3120 2017 nostris
3160 1962 3461 2017 malefactis

1881 2057 2053 2111 Deum
2077 2055 2492 2118 offenderimus,
2512 2054 2625 2108 fore
2646 2063 2706 2107 ut
2732 2052 2973 2108 hostium
2997 2053 3252 2122 potentia:
3274 2052 3459 2107 miseri

1884 2147 2151 2201 obsistere
2187 2163 2294 2199 non
2320 2146 2616 2215 possimus,
2658 2144 2753 2198 sed
2785 2144 3133 2213 Opprimente
3163 2160 3264 2198 nos
3298 2153 3461 2213 atque

1884 2235 2178 2290 invadente
2220 2235 2301 2289 ira
2344 2236 2550 2300 divina,
2583 2235 2727 2289 servi
2754 2236 2925 2289 simus
2961 2251 3028 2290 ex
3065 2235 3275 2299 liberis,
3309 2236 3465 2306 igno-

1883 2323 2157 2393 bilemque
2196 2323 2363 2376 vitam
2397 2332 2559 2392 atque
2599 2321 2963 2377 miserabilem
3003 2323 3288 2378 ducamus.

238 2424 403 2491 Συνίης
464 2416 585 2482 οῦν,
634 2421 717 2473 ὅτι
782 2420 902 2481 ταῖς
951 2416 1184 2481 εἰσάπαξ
1237 2415 1567 2484 φιλοτιμίαις
1607 2411 2046 2475 καταλυποῦντες
2120 2412 2285 2475 Θεὸν,
2331 2413 2570 2484 ἐσόμεθα
2619 2414 2719 2484 μὲν
2771 2415 2872 2484 οὐχ
2923 2409 3025 2466 οἷοί
3082 2432 3147 2467 τε
3192 2417 3313 2476 ταῖς
3353 2414 3465 2467 τῶν

236 2515 419 2586 ἐχθρῶν
480 2511 815 2573 εὐσθενείαις
874 2508 1255 2578 ἀντιπράττειν
1320 2506 1369 2558 οί
1409 2504 1653 2568 δείλαιοι,
1723 2502 2050 2572 ἐγκειμένης
2106 2502 2163 2555 δὲ
2214 2501 2403 2574 ὥσπερ
2450 2506 2543 2557 καὶ
2610 2502 3106 2574 καταθρωσκούσης
3157 2504 3315 2575 ήμῶν
3363 2506 3463 2575 τῆς

235 2611 365 2671 θείας
398 2609 589 2678 ὀργῆς,
637 2605 809 2659 δοῦλοι
859 2604 955 2675 μὲν
1000 2604 1116 2657 ἀντ’
1167 2601 1464 2671 ἐλευθέρων
1508 2598 1766 2669 ἐσόμεθα,
1804 2598 1977 2651 ἀκλεᾶ
2012 2597 2069 2650 δὲ
2113 2599 2205 2651 καὶ
2238 2598 2469 2652 ἐλεεινὸν
2497 2600 2823 2672 διαξήσομεν
2858 2599 2994 2670 βίον.

295 2698 489 2750 ΠΑᾹΛ.
522 2692 600 2748 Εῦ
633 2693 833 2761 λέγεις.

294 2790 446 2842 ΚΥΡ.
501 2784 791 2853 Ἀπφέρει
830 2783 927 2853 μὲν
956 2781 1063 2852 γὰρ
1093 2783 1121 2834 ὁ
1150 2779 1243 2832 τοῦ
1283 2777 1415 2831 Θεοῦ
1446 2778 1608 2848 νόμος
1648 2774 1782 2845 πρὸς

236 2880 512 2951 ἀμώμητον
534 2876 807 2930 πολιτείαν
827 2873 916 2926 τὸν
937 2872 1206 2943 τρυφερὸν
1222 2873 1316 2924 καὶ
1339 2872 1571 2940 εὐήνιον,
1594 2869 1784 2938 λύχνος

235 2974 285 3026 δὲ
318 2972 495 3041 ὥσπερ
530 2986 615 3032 τις
648 2967 862 3037 ἑκάστῳ
894 2965 1124 3034 γίνεται,
1161 2963 1297 3033 πρὸς
1328 2963 1427 3033 τήν
1456 2960 1546 3014 τοῦ
1592 2961 1785 3031 χρησί-

238 3081 327 3133 μου
354 3080 409 3115 τε
440 3062 535 3114 καὶ
569 3059 863 3128 ἀναγκαίου
902 3056 1215 3128 παράδειξιν
1235 3094 1251 3119 ,
1283 3056 1375 3107 καὶ
1413 3054 1549 3106 αἰδοῖ
1590 3054 1687 3121 μὲν
1714 3054 1780 3122 τῇ

236 3154 354 3227 πρὸς
378 3155 536 3208 αὐτὸν
565 3150 903 3223 ήττώμενος,
931 3148 1160 3218 διαὸιῴη
1192 3164 1275 3209 τις
1309 3145 1373 3200 ἂν
1400 3146 1499 3197 οὐκ
1530 3142 1753 3213 ἀθαυμά

235 3267 356 3312 στως
382 3244 533 3317 οἶμαί
566 3263 698 3309 που,
728 3246 823 3298 καὶ⁹
855 3242 1101 3312 καθάπερ
1134 3240 1292 3309 άγίαν
1336 3237 1656 3306 κατοικήσει
1689 3237 1784 3287 πόα

235 3340 305 3392 λιν
341 3340 397 3391 τὸ
444 3336 839 3409 ὲρηρεισμένον
885 3336 964 3396 εἰς
1015 3329 1242 3404 ἀρετὴν,
1292 3329 1387 3380 καὶ
1430 3325 1661 3397 βεϐηκὸς
1708 3326 1785 3387 είς

236 3426 520 3481 εὐλάϐειαν.
576 3427 639 3479 Εἰ
661 3425 716 3477 δὲ
747 3424 810 3493 δή
848 3439 930 3485 τις
958 3421 1131 3472 ’ἑλοιτο
1162 3418 1410 3487 καθάπερ
1437 3414 1558 3468 τινὰ
1583 3413 1786 3483 δρυμόν

235 3535 286 3572 τε
309 3520 394 3571 καὶ
417 3517 552 3588 ὓλην
585 3514 785 3583 εὐανθῆ
828 3530 886 3565 τε
935 3513 1027 3565 καὶ
1052 3509 1293 3573 εΰξυλον,
1321 3506 1621 3560 εἰσϐάλλειν
1652 3502 1788 3555 ἑτοί-

238 3628 339 3679 μως
363 3612 438 3673 είς
465 3610 572 3671 τὰς
599 3604 864 3675 κοσμικὰς
891 3603 1100 3673 ἡδονὰς,
1130 3602 1224 3654 καὶ
1248 3599 1472 3670 τέρψεσι
1500 3598 1617 3657 ταῖς
1647 3592 1789 3647 κατά

233 3704 311 3755 τὸν
338 3703 443 3773 βίον
474 3700 898 3772 ἐμφιλοχωρεῖν,
925 3695 1019 3748 καὶ
1042 3694 1201 3748 οίονεί
1223 3710 1338 3755 πως
1362 3689 1596 3744 εἰδώλων
1620 3685 1786 3755 ἐσμὸν

235 3796 305 3856 εἰς
344 3794 461 3846 νοῦν
504 3792 606 3845 καὶ
652 3788 877 3860 καρδίαν
915 3784 1245 3854 εἰσδέχεσθαι
1284 3783 1385 3853 τὴν
1438 3779 1786 3849 πολύμορφον

234 3884 438 3955 ἡδονήν,
473 3883 577 3936 καὶ
627 3881 825 3951 θυμιᾷν
868 3881 979 3941 τοῖς
1035 3876 1250 3945 δαίμοσι
1300 3874 1428 3935 τοὺς
1470 3871 1569 3939 τῆς
1620 3865 1784 3920 αὑτοῦ

236 3972 524 4043 προθυμίας
571 3968 837 4042 καρπούς·
878 3968 996 4021 τότε
1029 3966 1093 4037 δὴ
1128 3966 1249 4017 τότε
1292 3963 1386 4016 καὶ
1416 3960 1617 4029 σφόδρα
1648 3957 1788 4010 είκό·

234 4080 327 4126 τως
360 4060 774 4131 ἀπολισθήσειεν
806 4058 873 4112 ἂν
901 4056 1112 4127 φειδοῦς
1134 4058 1230 4126 τῆς
1262 4052 1488 4118 ἀνωθεν,
1520 4051 1613 4104 καὶ
1650 4052 1787 4102 ἑτοι-

236 4154 423 4223 μοτάτη
451 4152 579 4206 λίαν
600 4149 979 4221 προσκείσεται
1007 4147 1149 4217 θήρα
1176 4147 1287 4207 τοῖς
1316 4144 1589 4197 ἐθέλουσιν
1621 4140 1781 4193 ἑλεῖν.

236 4242 428 4304 Πόλεως
460 4243 516 4295 δὲ
558 4240 747 4310 ὥσπερ
780 4237 937 4306 ἀγίας
963 4234 1329 4305 ὲξωθούμενος
1361 4233 1461 4301 τῆς
1494 4232 1551 4284 ὲν
1589 4231 1787 4301 ἀρχαῖς

237 4333 535 4401 εὐκοσμίας,
568 4330 945 4399 κατοιχήσεται
974 4326 1158 4378 λοιπὸν
1186 4323 1374 4393 ὥσπερ
1394 4319 1453 4386 ἐξ
1484 4320 1782 4389 ἀναγκαίου

238 4421 412 4488 ζυγοῦ,
442 4421 581 4491 πρὸς
623 4420 684 4472 τὸ
722 4421 836 4480 τοῖς
870 4417 1131 4487 κρατοῦσι
1174 4413 1383 4473 δοκοῦν,
1434 4412 1528 4467 καὶ
1571 4408 1785 4481 μακρὰν

236 4514 371 4571 ἔσται
398 4512 714 4574 Θεοῦ,κατά
742 4527 804 4579 γε
834 4509 924 4560 τὸν
963 4509 1060 4577 τῆς
1086 4506 1375 4569 διαθέσεως
1404 4504 1628 4575 τρόπον,
1652 4518 1781 4571 μετ-

235 4604 465 4673 οικισμὸν
520 4602 805 4672 ὑπομένων
850 4600 939 4652 τὸν
979 4600 1056 4661 είς
1085 4596 1415 4670 βαὸυλῶνα,
1452 4594 1597 4648 τοῦτ’
1647 4592 1784 4655 ἔστι,

235 4696 297 4753 τὰ
334 4696 592 4751 ἐπέκεινα
619 4680 911 4763 τερμάτων
952 4690 1055 4760 γῆς
1090 4689 1271 4756 ἁγίας,
1304 4689 1361 4740 ὲν
1472 4682 1709 4753 γνωστὸς
1758 4684 1786 4735 ὁ

236 4788 371 4851 Θεὸς,
399 4788 494 4841 καὶ
520 4786 664 4856 μέγα
690 4785 751 4837 τὸ
775 4783 946 4853 ὄνομα
972 4779 1155 4835 αὐτοῦ.
1179 4779 1465 4848 Τοιγάρτοι
1494 4772 1785 4844 διακεκρά·

1754 3106 1853 3181 ζα

1961 2686 2157 2739 PALL.
2199 2688 2368 2741 Recte
2399 2687 2500 2743 ais.

1959 2776 2116 2831 ΟΥΕ.
2170 2778 2386 2832 Etenim
2432 2780 2527 2834 Dei
2574 2780 2661 2834 lex
2708 2780 2922 2835 facilem
2954 2780 3248 2835 hominem
3301 2788 3464 2851 atque

1889 2866 2353 2935 obtemperantem
2381 2869 2446 2924 ad
2472 2870 2767 2938 perfectam
2797 2871 3017 2925 vivendi
3045 2872 3309 2926 rationem
3334 2888 3462 2941 per-

1889 2956 2060 3021 ducit,
2100 2974 2163 3011 ac
2197 2959 2435 3013 lucerna:
2468 2961 2871 3028 quodammodo
2899 2978 3059 3016 usum
3089 2965 3285 3032 cuique
3324 2979 3465 3033 prae-

1890 3045 1980 3100 bet
2001 3046 2067 3099 ad
2093 3047 2487 3101 ostendendum
2518 3048 2647 3116 quid
2679 3050 2965 3118 expediat,
3000 3052 3201 3120 quidve
3239 3068 3465 3109 necesse

1888 3136 1990 3201 sit;
2021 3152 2183 3205 quam
2216 3138 2310 3205 qui
2350 3138 2712 3201 reverebitur,
2747 3138 2813 3196 is.
2848 3140 3063 3208 opinor,
3104 3157 3213 3196 non
3248 3141 3463 3211 ignobi-

1887 3226 1991 3279 lem
2027 3226 2193 3280 vitam
2246 3226 2524 3295 transiget,
2565 3236 2621 3282 et
2661 3229 2831 3283 veluti
2886 3231 2941 3283 in
2993 3239 3174 3286 sancta
3219 3232 3460 3297 civitate,

1887 3317 2146 3369 nimirum
2203 3316 2259 3369 in
2316 3316 2405 3371 illa
2466 3316 2721 3373 firmitate
2772 3320 3014 3385 virtutis,
3056 3337 3119 3375 ac
3168 3322 3465 3378 stabilitate

1887 3406 2165 3476 religionis
2203 3406 2491 3459 habitabit.
2534 3406 2604 3460 At
2639 3423 2769 3462 vero
2803 3409 2848 3461 si
2884 3409 3009 3478 quis
3044 3410 3278 3465 voluerit
3312 3426 3370 3466 se
3407 3413 3465 3466 in

1886 3495 2050 3566 hujus
2082 3496 2271 3550 mundi
2311 3496 2617 3566 voluptates
2657 3506 2913 3570 tanquam
2959 3500 3013 3553 in
3058 3516 3253 3555 nemus
3288 3501 3465 3571 quod-

1886 3587 2029 3651 dam,
2060 3603 2123 3641 ac
2152 3587 2435 3642 ﬂorentem
2456 3596 2511 3641 et
2538 3588 2829 3643 arboribus
2871 3590 3093 3645 densam
3135 3592 3347 3657 silvam,
3397 3594 3466 3647 li-

1887 3680 2204 3736 bentissime
2239 3681 2533 3751 conjicere,
2567 3690 2625 3735 et
2655 3682 2711 3735 in
2745 3683 2909 3753 hujus
2936 3684 3061 3738 vita:
3094 3684 3467 3739 oblectamen-

1888 3772 1957 3825 tis
2001 3772 2229 3835 versari,
2278 3788 2341 3826 ac
2387 3772 2778 3827 multiformem
2822 3773 3175 3843 voluptatem,
3208 3783 3466 3845 tanquam

1888 3864 2157 3918 idolorum
2190 3863 2468 3933 quoddam
2511 3880 2761 3930 examen,
2799 3865 2856 3919 in
2900 3881 2996 3919 cor
3040 3876 3203 3936 atque
3248 3868 3302 3921 in
3345 3870 3463 3922 ani-

1885 3969 2035 4007 mum
2062 3953 2373 4018 admittere,
2399 3962 2454 4007 et
2480 3955 2782 4009 alacritatis
2807 3970 2920 4009 sua:
2948 3956 3160 4010 fructus
3186 3957 3469 4012 daemoniis

1887 4042 2209 4107 incendere,
2258 4043 2305 4097 is
2356 4059 2485 4097 vero
2522 4045 2647 4113 jure
2689 4045 2895 4114 optimo
2926 4061 2959 4099 a
2990 4046 3176 4101 divino
3215 4047 3469 4117 praesidio

1885 4134 2119 4199 excidet,
2158 4143 2213 4188 et
2247 4142 2307 4188 ut
2344 4134 2691 4203 paratissima
2718 4136 2900 4207 praeda
2930 4153 3125 4207 capere
3155 4138 3471 4197 volentibus

1886 4225 2162 4293 proposita
2203 4225 2326 4289 erit,
2355 4226 2723 4296 expulsusque
2766 4227 2835 4281 ab
2865 4244 2929 4281 ea
2967 4244 3076 4297 qua
3123 4228 3281 4283 initio
3324 4244 3468 4299 prae-

1886 4312 2033 4366 ditus
2084 4321 2203 4366 erat
2256 4329 2470 4367 morum
2520 4313 2838 4379 honestate,
2879 4324 3139 4385 tanquam
3196 4333 3227 4372 e
3280 4328 3470 4378 sancta

1887 4405 2140 4467 civitate,
2195 4404 2504 4458 necessario
2557 4406 2839 4460 servitutis
2885 4408 3015 4477 jugo
3069 4406 3136 4460 ad
3189 4406 3469 4477 imperan-

1890 4494 2027 4549 tium
2077 4493 2365 4548 arbitrium
2407 4495 2721 4560 descendet,
2752 4504 2807 4551 et
2844 4497 3001 4567 longe
3045 4498 3151 4551 erit
3182 4514 3213 4552 a
3250 4499 3381 4563 Deo,
3407 4515 3487 4563 ac,

1884 4587 2038 4656 juxta
2076 4584 2338 4638 moralem
2379 4584 2793 4656 intelligentiam
2841 4588 3201 4642 transferetur
3240 4589 3471 4659 Babylo-

1891 4692 2037 4741 nem,
2074 4676 2129 4729 id
2158 4684 2280 4741 est,
2316 4677 2462 4730 ultra
2496 4678 2761 4734 terminos
2802 4688 2959 4735 terrae
3002 4680 3150 4735 illius
3179 4690 3378 4735 sancta:
3415 4681 3471 4735 in

1890 4786 1999 4838 qua
2038 4777 2202 4823 notus
2247 4776 2331 4823 est
2376 4769 2548 4833 Deus,
2598 4778 2655 4825 et
2702 4787 2956 4841 magnum
3004 4788 3206 4826 nomen
3256 4774 3375 4842 ejus
3403 4772 3472 4827 ".

236 4893 380 4944 γασιν
404 4880 453 4930 οἱ
483 4876 577 4929 τὸν
610 4874 751 4927 οὕτω
794 4872 1026 4943 σκληρὸν
1064 4871 1424 4941 ὑπομένοντες
1465 4866 1655 4929 πόνον,
1694 4864 1789 4917 καὶ

1884 4862 2070 4931 Itaque
2110 4860 2419 4915 clamabant
2470 4861 2508 4914 ii
2554 4862 2646 4931 qui
2688 4872 2798 4916 tam
2846 4863 2996 4933 gravi
3046 4878 3291 4917 aerumna
3344 4878 3469 4932 pre-

237 4970 307 5027 εἰς
335 4971 519 5039 χεῖρας
563 4966 821 5026 πεσόντες
863 4963 1093 5033 ὲχθρῶν,
1128 4963 1222 5014 καὶ
1250 4960 1348 5031 τὴν
1394 4960 1523 5030 παρ’
1560 4956 1789 5018 ἐκείνοις

1887 4952 2201 5015 tuebantur,
2219 4960 2274 5005 et
2304 4951 2361 5004 in
2393 4950 2655 5006 ditionem
2680 4953 2921 5007 hostium
2946 4962 3228 5016 venerant,
3248 4962 3304 5007 et
3326 4952 3472 5006 illam

236 5059 447 5124 δίαιταν,
473 5060 551 5123 ώς
578 5056 956 5128 ἀνδραποδώδη
992 5056 1086 5109 καὶ
1115 5052 1389 5122 οἰκετικὴν
1419 5053 1479 5104 οὐ
1511 5050 1784 5121 φέροντες·

1886 5043 2031 5113 apud
2082 5059 2178 5098 eos
2224 5042 2564 5097 mansionem
2614 5054 2868 5113 tanquam
2922 5044 3210 5113 mancipiis
3250 5043 3471 5113 dignam

242 5168 257 5198 ‹
297 5151 414 5203 Ἐπὶ
456 5151 569 5203 τῶν
609 5149 867 5219 ποταμῶν
916 5146 1254 5209 Βαὸυλῶνος,
1294 5146 1409 5197 ἐκεῖ
1456 5142 1789 5209 ἐκαθίσαμέν

1888 5145 2047 5203 atque
2081 5132 2333 5186 servilem
2369 5150 2478 5186 non
2508 5133 2757 5187 ferebant
2798 5152 2811 5186 :
2857 5152 2873 5183 ι
2908 5134 3082 5201 Super
3110 5132 3334 5187 flumina
3366 5132 3470 5187 Ba-

238 5240 323 5293 καὶ
344 5224 713 5311 ὲκλάύσαμεν,
740 5241 798 5293 ὲν
820 5238 898 5309 τῷ
925 5237 1226 5309 μνησθῆναι
1263 5235 1407 5306 ἡμᾶς
1436 5232 1539 5303 τήν
1563 5228 1721 5283 Σιών.
1763 5248 1784 5280 ι

1895 5223 2107 5295 bylonis
2153 5223 2263 5276 illic
2302 5224 2544 5277 sedimus
2583 5232 2639 5277 et
2684 5223 2952 5288 ﬂevimus,
2986 5224 3116 5277 dum
3149 5223 3470 5279 recordare-

238 5330 388 5384 Nose‘t‘
411 5330 521 5405 γὰρ
548 5324 700 5399 οἶμαί
727 5346 781 5387 τι
812 5327 1051 5381 τοιοῦτον
1076 5327 1107 5385 δ
1136 5323 1473 5398 ἀνθρώπινος
1511 5320 1655 5383 νοῦς.

1895 5333 2019 5372 mur
2070 5316 2181 5381 tui,
2229 5316 2359 5370 Sion
2394 5316 2457 5369 “.
2499 5336 2515 5365 ι
2547 5316 2866 5386 llujusmodi
2896 5333 3128 5389 namque
3161 5317 3327 5385 malo,
3364 5315 3475 5375 nisi

1894 5406 2071 5470 fallor,
2105 5406 2318 5461 laborat
2348 5407 2620 5460 humanus
2648 5408 2883 5463 animus.

304 5505 507 5561 ΠΔΛΛ.
541 5503 616 5559 Τὸ
635 5504 689 5561 τί
713 5504 776 5576 δὴ
801 5505 939 5576 φῄςὶ

1966 5496 2164 5552 PALL.
2205 5496 2450 5567 Quonam
2498 5498 2756 5553 tandem?

306 5677 345 5709 "
369 5677 479 5736 .ler.
513 5694 624 5746 xm,
653 5680 708 5745 3,
736 5680 785 5734 6.
863 5678 909 5709 “
939 5676 1101 5742 lbid..,
1138 5676 1288 5732 8-10.
1366 5678 1409 5712 ⁸³
1442 5678 1580 5735 Psal.
1613 5693 1768 5741 Lxxv,

1916 5674 1983 5748 j“
2016 5675 2157 5731 l‘sal.
2197 5689 2409 5737 cxxxvi,
2435 5672 2484 5725 1.
