  <div class='ocr_page' id='page_1' title='image "/cluster/home/n/w/nwhite01/storage/ocr_20150623/68/hvd.32044019207851/087.png"; bbox 0 0 4046 6506; ppageno 0'>
   <div class='ocr_carea' id='block_1_1' title="bbox 540 316 649 374">
    <p class='ocr_par' dir='ltr' id='par_1_1' title="bbox 540 316 649 374">
     <span class='ocr_line' id='line_1_1' title="bbox 540 316 649 374; baseline 0.037 -4"><span class='ocrx_word' id='word_1_1' title='bbox 540 316 649 374; x_wconf 68' lang='lat'><strong>1&#39;39</strong></span> 
     </span>
    </p>
   </div>
   <div class='ocr_carea' id='block_1_2' title="bbox 1575 330 2812 397">
    <p class='ocr_par' dir='ltr' id='par_1_2' title="bbox 1575 330 2812 397">
     <span class='ocr_line' id='line_1_2' title="bbox 1575 330 2812 397; baseline 0.009 -12"><span class='ocrx_word' id='word_1_2' title='bbox 1575 330 1629 385; x_wconf 77' lang='grc' dir='ltr'><strong>ε.</strong></span> <span class='ocrx_word' id='word_1_3' title='bbox 1672 330 1949 387; x_wconf 72' lang='grc' dir='ltr'><strong>οῑιιιιιι</strong></span> <span class='ocrx_word' id='word_1_4' title='bbox 1984 333 2458 394; x_wconf 75' lang='lat' dir='ltr'><strong>ALEXANDle</strong></span> <span class='ocrx_word' id='word_1_5' title='bbox 2495 338 2812 397; x_wconf 73' lang='lat' dir='ltr'><strong>ARCHIEP.</strong></span> 
     </span>
    </p>
   </div>
   <div class='ocr_carea' id='block_1_3' title="bbox 3588 347 3805 404">
    <p class='ocr_par' dir='ltr' id='par_1_3' title="bbox 3588 347 3805 404">
     <span class='ocr_line' id='line_1_3' title="bbox 3588 347 3805 404; baseline 0.009 -2"><span class='ocrx_word' id='word_1_6' title='bbox 3588 347 3805 404; x_wconf 76' lang='grc' dir='ltr'><strong>·ιοο</strong></span> 
     </span>
    </p>
   </div>
   <div class='ocr_carea' id='block_1_4' title="bbox 614 422 2113 532">
    <p class='ocr_par' dir='ltr' id='par_1_4' title="bbox 614 435 2113 518">
     <span class='ocr_line' id='line_1_4' title="bbox 614 435 2113 518; baseline 0.007 -26"><span class='ocrx_word' id='word_1_7' title='bbox 614 436 771 492; x_wconf 73' lang='lat' dir='ltr'><strong>CVR.</strong></span> <span class='ocrx_word' id='word_1_8' title='bbox 815 435 1009 508; x_wconf 81' lang='lat' dir='ltr'><strong>Segnis</strong></span> <span class='ocrx_word' id='word_1_9' title='bbox 1039 449 1123 497; x_wconf 86' lang='lat' dir='ltr'><strong>est</strong></span> <span class='ocrx_word' id='word_1_10' title='bbox 1155 448 1212 496; x_wconf 87' lang='lat' dir='ltr'><strong>et</strong></span> <span class='ocrx_word' id='word_1_11' title='bbox 1237 441 1471 513; x_wconf 86' lang='lat' dir='ltr'><strong>supinus</strong></span> <span class='ocrx_word' id='word_1_12' title='bbox 1499 443 1611 499; x_wconf 83' lang='lat' dir='ltr'><strong>fere</strong></span> <span class='ocrx_word' id='word_1_13' title='bbox 1640 445 1708 499; x_wconf 83' lang='lat' dir='ltr'><strong>ad</strong></span> <span class='ocrx_word' id='word_1_14' title='bbox 1744 461 1809 501; x_wconf 85' lang='lat' dir='ltr'><strong>ea</strong></span> <span class='ocrx_word' id='word_1_15' title='bbox 1834 446 1975 502; x_wconf 88' lang='lat' dir='ltr'><strong>bona</strong></span> <span class='ocrx_word' id='word_1_16' title='bbox 2009 462 2113 518; x_wconf 81' lang='lat' dir='ltr'><strong>qua</strong></span> 
     </span>
    </p>
   </div>
   <div class='ocr_carea' id='block_1_5' title="bbox 2217 422 3805 532">
    <p class='ocr_par' dir='ltr' id='par_1_5' title="bbox 2301 422 3805 532">
     <span class='ocr_line' id='line_1_5' title="bbox 2301 422 3805 532; baseline 0.009 -27"><span class='ocrx_word' id='word_1_17' title='bbox 2301 452 2465 507; x_wconf 79' lang='grc' dir='ltr'><strong>ΚΥΡ.</strong></span> <span class='ocrx_word' id='word_1_18' title='bbox 2494 454 2763 527; x_wconf 77' lang='grc' dir='ltr'><strong>Ῥᾴθυμος</strong></span> <span class='ocrx_word' id='word_1_19' title='bbox 2787 458 2890 528; x_wconf 69' lang='grc' dir='ltr'><strong>μὲν</strong></span> <span class='ocrx_word' id='word_1_20' title='bbox 2908 472 3023 531; x_wconf 77' lang='grc' dir='ltr'><strong>γαρ</strong></span> <span class='ocrx_word' id='word_1_21' title='bbox 3036 460 3130 513; x_wconf 76' lang='grc' dir='ltr'><strong>καὶ</strong></span> <span class='ocrx_word' id='word_1_22' title='bbox 3150 459 3563 529; x_wconf 77' lang='grc' dir='ltr'><strong>ἀναπεπτωκῶς</strong></span> <span class='ocrx_word' id='word_1_23' title='bbox 3577 464 3666 518; x_wconf 76' lang='grc' dir='ltr'><strong>ἀεί</strong></span> 
     </span>
    </p>
   </div>
   <div class='ocr_carea' id='block_1_6' title="bbox 546 526 2121 605">
    <p class='ocr_par' dir='ltr' id='par_1_6' title="bbox 546 526 2121 605">
     <span class='ocr_line' id='line_1_6' title="bbox 546 526 2121 605; baseline 0.01 -24"><span class='ocrx_word' id='word_1_24' title='bbox 546 534 675 581; x_wconf 80' lang='lat' dir='ltr'><strong>sunt</strong></span> <span class='ocrx_word' id='word_1_25' title='bbox 703 526 761 581; x_wconf 91' lang='lat' dir='ltr'><strong>in</strong></span> <span class='ocrx_word' id='word_1_26' title='bbox 790 542 977 593; x_wconf 90' lang='lat' dir='ltr'><strong>manu,</strong></span> <span class='ocrx_word' id='word_1_27' title='bbox 1021 531 1476 602; x_wconf 87' lang='lat' dir='ltr'><strong>concupiscenda,</strong></span> <span class='ocrx_word' id='word_1_28' title='bbox 1514 550 1694 605; x_wconf 89' lang='lat' dir='ltr'><strong>neque</strong></span> <span class='ocrx_word' id='word_1_29' title='bbox 1730 537 2024 595; x_wconf 78' lang='lat' dir='ltr'><strong>admodum</strong></span> <span class='ocrx_word' id='word_1_30' title='bbox 2059 556 2121 596; x_wconf 83' lang='lat' dir='ltr'><strong>ea</strong></span> 
     </span>
    </p>
   </div>
   <div class='ocr_carea' id='block_1_7' title="bbox 544 617 2121 700">
    <p class='ocr_par' dir='ltr' id='par_1_7' title="bbox 544 617 2121 700">
     <span class='ocr_line' id='line_1_7' title="bbox 544 617 2121 700; baseline 0.011 -30"><span class='ocrx_word' id='word_1_31' title='bbox 544 617 754 687; x_wconf 81' lang='lat' dir='ltr'><strong>expetit</strong></span> <span class='ocrx_word' id='word_1_32' title='bbox 783 631 906 688; x_wconf 64' lang='lat' dir='ltr'><strong>qua</strong></span> <span class='ocrx_word' id='word_1_33' title='bbox 939 630 1066 676; x_wconf 89' lang='lat' dir='ltr'><strong>sunt</strong></span> <span class='ocrx_word' id='word_1_34' title='bbox 1102 622 1157 677; x_wconf 90' lang='lat' dir='ltr'><strong>in</strong></span> <span class='ocrx_word' id='word_1_35' title='bbox 1194 624 1314 693; x_wconf 86' lang='lat' dir='ltr'><strong>ejus</strong></span> <span class='ocrx_word' id='word_1_36' title='bbox 1360 634 1630 694; x_wconf 84' lang='lat' dir='ltr'><strong>potestate</strong></span> <span class='ocrx_word' id='word_1_37' title='bbox 1658 628 1781 683; x_wconf 77' lang='lat' dir='ltr'><strong>sita.</strong></span> <span class='ocrx_word' id='word_1_38' title='bbox 1822 630 1923 700; x_wconf 78' lang='lat'><strong>17</strong></span> <span class='ocrx_word' id='word_1_39' title='bbox 1956 632 2044 697; x_wconf 84' lang='lat' dir='ltr'><strong>At,</strong></span> <span class='ocrx_word' id='word_1_40' title='bbox 2076 633 2121 688; x_wconf 98' lang='lat' dir='ltr'><strong>si</strong></span> 
     </span>
    </p>
   </div>
   <div class='ocr_carea' id='block_1_8' title="bbox 545 709 2124 789">
    <p class='ocr_par' dir='ltr' id='par_1_8' title="bbox 545 709 2124 789">
     <span class='ocr_line' id='line_1_8' title="bbox 545 709 2124 789; baseline 0.011 -27"><span class='ocrx_word' id='word_1_41' title='bbox 545 719 655 779; x_wconf 85' lang='lat' dir='ltr'><strong>qua</strong></span> <span class='ocrx_word' id='word_1_42' title='bbox 696 709 839 766; x_wconf 85' lang='lat' dir='ltr'><strong>facta</strong></span> <span class='ocrx_word' id='word_1_43' title='bbox 886 711 1054 768; x_wconf 88' lang='lat' dir='ltr'><strong>fuerit</strong></span> <span class='ocrx_word' id='word_1_44' title='bbox 1095 714 1150 769; x_wconf 89' lang='lat' dir='ltr'>in</span> <span class='ocrx_word' id='word_1_45' title='bbox 1196 715 1424 771; x_wconf 75' lang='lat' dir='ltr'><strong>alteram</strong></span> <span class='ocrx_word' id='word_1_46' title='bbox 1472 727 1681 788; x_wconf 90' lang='lat' dir='ltr'><strong>partem</strong></span> <span class='ocrx_word' id='word_1_47' title='bbox 1727 720 2029 789; x_wconf 79' lang='lat' dir='ltr'><strong>inclinatio,</strong></span> <span class='ocrx_word' id='word_1_48' title='bbox 2068 734 2124 781; x_wconf 88' lang='lat' dir='ltr'><strong>et</strong></span> 
     </span>
    </p>
   </div>
   <div class='ocr_carea' id='block_1_9' title="bbox 544 801 2120 887">
    <p class='ocr_par' dir='ltr' id='par_1_9' title="bbox 544 801 2120 887">
     <span class='ocr_line' id='line_1_9' title="bbox 544 801 2120 887; baseline 0.012 -34"><span class='ocrx_word' id='word_1_49' title='bbox 544 801 916 867; x_wconf 77' lang='lat' dir='ltr'><strong>ornamentis,</strong></span> <span class='ocrx_word' id='word_1_50' title='bbox 965 819 1088 873; x_wconf 70' lang='lat' dir='ltr'><strong>qua:</strong></span> <span class='ocrx_word' id='word_1_51' title='bbox 1136 805 1408 873; x_wconf 81' lang='lat' dir='ltr'><strong>habebat,</strong></span> <span class='ocrx_word' id='word_1_52' title='bbox 1470 810 1735 867; x_wconf 86' lang='lat' dir='ltr'><strong>minorari</strong></span> <span class='ocrx_word' id='word_1_53' title='bbox 1791 816 2120 887; x_wconf 89' lang='lat' dir='ltr'><strong>contigerit,</strong></span> 
     </span>
    </p>
   </div>
   <div class='ocr_carea' id='block_1_10' title="bbox 545 890 2123 971">
    <p class='ocr_par' dir='ltr' id='par_1_10' title="bbox 545 890 2123 971">
     <span class='ocr_line' id='line_1_10' title="bbox 545 890 2123 971; baseline 0.011 -28"><span class='ocrx_word' id='word_1_54' title='bbox 545 897 678 945; x_wconf 72' lang='lat' dir='ltr'><strong>tunc</strong></span> <span class='ocrx_word' id='word_1_55' title='bbox 718 890 812 944; x_wconf 79' lang='lat' dir='ltr'><strong>vix</strong></span> <span class='ocrx_word' id='word_1_56' title='bbox 855 891 1073 947; x_wconf 87' lang='lat' dir='ltr'><strong>tandem</strong></span> <span class='ocrx_word' id='word_1_57' title='bbox 1113 893 1169 948; x_wconf 93' lang='lat' dir='ltr'><strong>in</strong></span> <span class='ocrx_word' id='word_1_58' title='bbox 1205 896 1364 952; x_wconf 89' lang='lat' dir='ltr'><strong>malis</strong></span> <span class='ocrx_word' id='word_1_59' title='bbox 1398 897 1671 971; x_wconf 76' lang='lat' dir='ltr'><strong>intelligit,</strong></span> <span class='ocrx_word' id='word_1_60' title='bbox 1700 903 1958 959; x_wconf 90' lang='lat' dir='ltr'><strong>omnibus</strong></span> <span class='ocrx_word' id='word_1_61' title='bbox 1986 905 2123 960; x_wconf 88' lang='lat' dir='ltr'><strong>viri-</strong></span> 
     </span>
    </p>
   </div>
   <div class='ocr_carea' id='block_1_11' title="bbox 544 977 2123 1065">
    <p class='ocr_par' dir='ltr' id='par_1_11' title="bbox 544 977 2123 1065">
     <span class='ocr_line' id='line_1_11' title="bbox 544 977 2123 1065; baseline 0.012 -32"><span class='ocrx_word' id='word_1_62' title='bbox 544 977 648 1045; x_wconf 86' lang='lat' dir='ltr'><strong>bus</strong></span> <span class='ocrx_word' id='word_1_63' title='bbox 692 981 1079 1048; x_wconf 90' lang='lat' dir='ltr'><strong>resistendum,</strong></span> <span class='ocrx_word' id='word_1_64' title='bbox 1124 1000 1305 1055; x_wconf 91' lang='lat' dir='ltr'><strong>neque</strong></span> <span class='ocrx_word' id='word_1_65' title='bbox 1354 988 1424 1042; x_wconf 90' lang='lat' dir='ltr'><strong>ad</strong></span> <span class='ocrx_word' id='word_1_66' title='bbox 1472 999 1780 1047; x_wconf 83' lang='lat' dir='ltr'><strong>extremum</strong></span> <span class='ocrx_word' id='word_1_67' title='bbox 1828 1010 2001 1065; x_wconf 83' lang='lat' dir='ltr'><strong>usque</strong></span> <span class='ocrx_word' id='word_1_68' title='bbox 2041 997 2123 1051; x_wconf 91' lang='lat' dir='ltr'><strong>in-</strong></span> 
     </span>
    </p>
   </div>
   <div class='ocr_carea' id='block_1_12' title="bbox 543 1069 2121 1145">
    <p class='ocr_par' dir='ltr' id='par_1_12' title="bbox 543 1069 2121 1145">
     <span class='ocr_line' id='line_1_12' title="bbox 543 1069 2121 1145; baseline 0.013 -23"><span class='ocrx_word' id='word_1_69' title='bbox 543 1069 711 1124; x_wconf 80' lang='lat' dir='ltr'><strong>sultui</strong></span> <span class='ocrx_word' id='word_1_70' title='bbox 758 1070 939 1127; x_wconf 91' lang='lat' dir='ltr'><strong>locum</strong></span> <span class='ocrx_word' id='word_1_71' title='bbox 984 1074 1229 1131; x_wconf 88' lang='lat' dir='ltr'><strong>dandum</strong></span> <span class='ocrx_word' id='word_1_72' title='bbox 1270 1077 1459 1145; x_wconf 89' lang='lat' dir='ltr'><strong>fuisse,</strong></span> <span class='ocrx_word' id='word_1_73' title='bbox 1496 1096 1565 1136; x_wconf 89' lang='lat' dir='ltr'><strong>ne</strong></span> <span class='ocrx_word' id='word_1_74' title='bbox 1617 1083 1673 1137; x_wconf 91' lang='lat' dir='ltr'><strong>in</strong></span> <span class='ocrx_word' id='word_1_75' title='bbox 1720 1084 2014 1141; x_wconf 89' lang='lat' dir='ltr'><strong>discrimen</strong></span> <span class='ocrx_word' id='word_1_76' title='bbox 2064 1104 2121 1143; x_wconf 92' lang='lat' dir='ltr'><strong>se</strong></span> 
     </span>
    </p>
   </div>
   <div class='ocr_carea' id='block_1_13' title="bbox 541 1162 860 1233">
    <p class='ocr_par' dir='ltr' id='par_1_13' title="bbox 541 1162 860 1233">
     <span class='ocr_line' id='line_1_13' title="bbox 541 1162 860 1233; baseline 0.013 -18"><span class='ocrx_word' id='word_1_77' title='bbox 541 1162 860 1233; x_wconf 84' lang='lat' dir='ltr'><strong>conjiceret.</strong></span> 
     </span>
    </p>
   </div>
   <div class='ocr_carea' id='block_1_14' title="bbox 613 1252 1053 1313">
    <p class='ocr_par' dir='ltr' id='par_1_14' title="bbox 613 1252 1053 1313">
     <span class='ocr_line' id='line_1_14' title="bbox 613 1252 1053 1313; baseline 0.011 -6"><span class='ocrx_word' id='word_1_78' title='bbox 613 1252 808 1308; x_wconf 79' lang='lat' dir='ltr'><strong>PALL.</strong></span> <span class='ocrx_word' id='word_1_79' title='bbox 844 1256 923 1311; x_wconf 83' lang='lat' dir='ltr'><strong>Ita</strong></span> <span class='ocrx_word' id='word_1_80' title='bbox 950 1266 1053 1313; x_wconf 89' lang='lat' dir='ltr'><strong>est.</strong></span> 
     </span>
    </p>
   </div>
   <div class='ocr_carea' id='block_1_15' title="bbox 611 1344 2119 1431">
    <p class='ocr_par' dir='ltr' id='par_1_15' title="bbox 611 1344 2119 1431">
     <span class='ocr_line' id='line_1_15' title="bbox 611 1344 2119 1431; baseline 0.013 -32"><span class='ocrx_word' id='word_1_81' title='bbox 611 1344 770 1400; x_wconf 72' lang='grc' dir='ltr'><strong>ςγιι.</strong></span> <span class='ocrx_word' id='word_1_82' title='bbox 802 1348 1185 1407; x_wconf 84' lang='lat' dir='ltr'><strong>Necessarium</strong></span> <span class='ocrx_word' id='word_1_83' title='bbox 1244 1363 1328 1409; x_wconf 89' lang='lat' dir='ltr'><strong>est</strong></span> <span class='ocrx_word' id='word_1_84' title='bbox 1356 1354 1522 1426; x_wconf 79' lang='lat' dir='ltr'><strong>igitur</strong></span> <span class='ocrx_word' id='word_1_85' title='bbox 1541 1397 1555 1420; x_wconf 92' lang='lat'><strong>,</strong></span> <span class='ocrx_word' id='word_1_86' title='bbox 1587 1368 1642 1411; x_wconf 91' lang='lat' dir='ltr'><strong>et</strong></span> <span class='ocrx_word' id='word_1_87' title='bbox 1670 1357 1952 1428; x_wconf 64' lang='lat' dir='ltr'><strong>sapientiae</strong></span> <span class='ocrx_word' id='word_1_88' title='bbox 2002 1362 2119 1431; x_wconf 88' lang='lat' dir='ltr'><strong>ple-</strong></span> 
     </span>
    </p>
   </div>
   <div class='ocr_carea' id='block_1_16' title="bbox 543 1437 2121 1517">
    <p class='ocr_par' dir='ltr' id='par_1_16' title="bbox 543 1437 2121 1517">
     <span class='ocr_line' id='line_1_16' title="bbox 543 1437 2121 1517; baseline 0.012 -29"><span class='ocrx_word' id='word_1_89' title='bbox 543 1448 701 1500; x_wconf 89' lang='lat' dir='ltr'><strong>num,</strong></span> <span class='ocrx_word' id='word_1_90' title='bbox 723 1446 780 1492; x_wconf 90' lang='lat' dir='ltr'><strong>et</strong></span> <span class='ocrx_word' id='word_1_91' title='bbox 811 1437 866 1493; x_wconf 92' lang='lat' dir='ltr'><strong>in</strong></span> <span class='ocrx_word' id='word_1_92' title='bbox 897 1440 1092 1509; x_wconf 87' lang='lat' dir='ltr'><strong>primis</strong></span> <span class='ocrx_word' id='word_1_93' title='bbox 1121 1443 1492 1510; x_wconf 87' lang='lat' dir='ltr'><strong>utilissimum,</strong></span> <span class='ocrx_word' id='word_1_94' title='bbox 1524 1448 1821 1517; x_wconf 66' lang='lat' dir='ltr'><strong>praecidere</strong></span> <span class='ocrx_word' id='word_1_95' title='bbox 1853 1452 2121 1507; x_wconf 88' lang='lat' dir='ltr'><strong>malorum</strong></span> 
     </span>
    </p>
   </div>
   <div class='ocr_carea' id='block_1_17' title="bbox 544 1534 2121 1609">
    <p class='ocr_par' dir='ltr' id='par_1_17' title="bbox 544 1534 2121 1609">
     <span class='ocr_line' id='line_1_17' title="bbox 544 1534 2121 1609; baseline 0.013 -31"><span class='ocrx_word' id='word_1_96' title='bbox 544 1538 759 1591; x_wconf 81' lang='lat' dir='ltr'><strong>causas,</strong></span> <span class='ocrx_word' id='word_1_97' title='bbox 798 1537 854 1583; x_wconf 90' lang='lat' dir='ltr'><strong>et</strong></span> <span class='ocrx_word' id='word_1_98' title='bbox 875 1541 1076 1587; x_wconf 68' lang='lat' dir='ltr'><strong>coactae</strong></span> <span class='ocrx_word' id='word_1_99' title='bbox 1102 1534 1384 1590; x_wconf 84' lang='lat' dir='ltr'><strong>servitutis</strong></span> <span class='ocrx_word' id='word_1_100' title='bbox 1415 1536 1622 1591; x_wconf 88' lang='lat' dir='ltr'><strong>aditum</strong></span> <span class='ocrx_word' id='word_1_101' title='bbox 1673 1540 2030 1609; x_wconf 67' lang='lat' dir='ltr'><strong>praecludere,</strong></span> <span class='ocrx_word' id='word_1_102' title='bbox 2063 1553 2121 1599; x_wconf 90' lang='lat' dir='ltr'><strong>et</strong></span> 
     </span>
    </p>
   </div>
   <div class='ocr_carea' id='block_1_18' title="bbox 544 1621 2121 1702">
    <p class='ocr_par' dir='ltr' id='par_1_18' title="bbox 544 1621 2121 1702">
     <span class='ocr_line' id='line_1_18' title="bbox 544 1621 2121 1702; baseline 0.013 -33"><span class='ocrx_word' id='word_1_103' title='bbox 544 1630 611 1670; x_wconf 76' lang='lat' dir='ltr'><strong>ea</strong></span> <span class='ocrx_word' id='word_1_104' title='bbox 644 1632 857 1674; x_wconf 84' lang='lat' dir='ltr'><strong>summa</strong></span> <span class='ocrx_word' id='word_1_105' title='bbox 885 1621 1069 1677; x_wconf 91' lang='lat' dir='ltr'><strong>studio</strong></span> <span class='ocrx_word' id='word_1_106' title='bbox 1100 1624 1396 1692; x_wconf 85' lang='lat' dir='ltr'><strong>declinare,</strong></span> <span class='ocrx_word' id='word_1_107' title='bbox 1428 1642 1570 1697; x_wconf 68' lang='lat' dir='ltr'><strong>quae,</strong></span> <span class='ocrx_word' id='word_1_108' title='bbox 1601 1629 1647 1684; x_wconf 94' lang='lat' dir='ltr'><strong>si</strong></span> <span class='ocrx_word' id='word_1_109' title='bbox 1712 1633 1954 1702; x_wconf 79' lang='lat' dir='ltr'><strong>experiri</strong></span> <span class='ocrx_word' id='word_1_110' title='bbox 1987 1648 2121 1689; x_wconf 92' lang='lat' dir='ltr'><strong>con-</strong></span> 
     </span>
    </p>
   </div>
   <div class='ocr_carea' id='block_1_19' title="bbox 543 1707 1718 1778">
    <p class='ocr_par' dir='ltr' id='par_1_19' title="bbox 543 1707 1718 1778">
     <span class='ocr_line' id='line_1_19' title="bbox 543 1707 1718 1778; baseline 0.014 -17"><span class='ocrx_word' id='word_1_111' title='bbox 543 1707 748 1778; x_wconf 90' lang='lat' dir='ltr'><strong>tigerit,</strong></span> <span class='ocrx_word' id='word_1_112' title='bbox 780 1711 835 1766; x_wconf 89' lang='lat' dir='ltr'><strong>in</strong></span> <span class='ocrx_word' id='word_1_113' title='bbox 858 1715 1116 1770; x_wconf 89' lang='lat' dir='ltr'><strong>omnibus</strong></span> <span class='ocrx_word' id='word_1_114' title='bbox 1159 1717 1316 1772; x_wconf 89' lang='lat' dir='ltr'><strong>malis</strong></span> <span class='ocrx_word' id='word_1_115' title='bbox 1354 1720 1718 1778; x_wconf 78' lang='lat' dir='ltr'><strong>versabimur.</strong></span> 
     </span>
    </p>
   </div>
   <div class='ocr_carea' id='block_1_20' title="bbox 616 1800 1343 1867">
    <p class='ocr_par' dir='ltr' id='par_1_20' title="bbox 616 1800 1343 1867">
     <span class='ocr_line' id='line_1_20' title="bbox 616 1800 1343 1867; baseline 0.018 -14"><span class='ocrx_word' id='word_1_116' title='bbox 616 1800 813 1857; x_wconf 82' lang='lat' dir='ltr'><strong>PALL.</strong></span> <span class='ocrx_word' id='word_1_117' title='bbox 844 1804 923 1859; x_wconf 82' lang='lat' dir='ltr'><strong>ita</strong></span> <span class='ocrx_word' id='word_1_118' title='bbox 952 1822 1010 1861; x_wconf 90' lang='lat' dir='ltr'><strong>se</strong></span> <span class='ocrx_word' id='word_1_119' title='bbox 1041 1824 1129 1863; x_wconf 85' lang='lat' dir='ltr'><strong>res</strong></span> <span class='ocrx_word' id='word_1_120' title='bbox 1159 1810 1343 1867; x_wconf 82' lang='lat' dir='ltr'><strong>habet.</strong></span> 
     </span>
    </p>
   </div>
   <div class='ocr_carea' id='block_1_21' title="bbox 613 1890 2116 1967">
    <p class='ocr_par' dir='ltr' id='par_1_21' title="bbox 613 1890 2116 1967">
     <span class='ocr_line' id='line_1_21' title="bbox 613 1890 2116 1967; baseline 0.013 -21"><span class='ocrx_word' id='word_1_121' title='bbox 613 1890 770 1947; x_wconf 82' lang='lat' dir='ltr'><strong>CYR.</strong></span> <span class='ocrx_word' id='word_1_122' title='bbox 798 1894 876 1950; x_wconf 87' lang='lat' dir='ltr'><strong>Ac</strong></span> <span class='ocrx_word' id='word_1_123' title='bbox 906 1897 951 1951; x_wconf 94' lang='lat' dir='ltr'><strong>si</strong></span> <span class='ocrx_word' id='word_1_124' title='bbox 983 1897 1166 1954; x_wconf 87' lang='lat' dir='ltr'><strong>divina</strong></span> <span class='ocrx_word' id='word_1_125' title='bbox 1195 1901 1354 1958; x_wconf 90' lang='lat' dir='ltr'><strong>nobis</strong></span> <span class='ocrx_word' id='word_1_126' title='bbox 1385 1903 1466 1958; x_wconf 88' lang='lat' dir='ltr'><strong>ira</strong></span> <span class='ocrx_word' id='word_1_127' title='bbox 1488 1908 1811 1963; x_wconf 68' lang='lat' dir='ltr'><strong>necessariae</strong></span> <span class='ocrx_word' id='word_1_128' title='bbox 1830 1909 2116 1967; x_wconf 80' lang='lat' dir='ltr'><strong>servitutis</strong></span> 
     </span>
    </p>
   </div>
   <div class='ocr_carea' id='block_1_22' title="bbox 536 1982 2117 2071">
    <p class='ocr_par' dir='ltr' id='par_1_22' title="bbox 536 1982 2117 2071">
     <span class='ocr_line' id='line_1_22' title="bbox 536 1982 2117 2071; baseline 0.013 -35"><span class='ocrx_word' id='word_1_129' title='bbox 536 1982 728 2054; x_wconf 57' lang='lat' dir='ltr'><strong>iugum</strong></span> <span class='ocrx_word' id='word_1_130' title='bbox 768 1985 1101 2057; x_wconf 84' lang='lat' dir='ltr'><strong>imponatur,</strong></span> <span class='ocrx_word' id='word_1_131' title='bbox 1161 1992 1297 2049; x_wconf 80' lang='lat' dir='ltr'><strong>adeo</strong></span> <span class='ocrx_word' id='word_1_132' title='bbox 1351 2006 1412 2050; x_wconf 86' lang='lat' dir='ltr'><strong>ut</strong></span> <span class='ocrx_word' id='word_1_133' title='bbox 1453 1996 1508 2051; x_wconf 91' lang='lat' dir='ltr'><strong>in</strong></span> <span class='ocrx_word' id='word_1_134' title='bbox 1561 2000 1857 2071; x_wconf 86' lang='lat' dir='ltr'><strong>reprobum</strong></span> <span class='ocrx_word' id='word_1_135' title='bbox 1897 2016 2117 2057; x_wconf 87' lang='lat' dir='ltr'><strong>sensum</strong></span> 
     </span>
    </p>
   </div>
   <div class='ocr_carea' id='block_1_23' title="bbox 542 2072 2119 2157">
    <p class='ocr_par' dir='ltr' id='par_1_23' title="bbox 542 2072 2119 2157">
     <span class='ocr_line' id='line_1_23' title="bbox 542 2072 2119 2157; baseline 0.012 -29"><span class='ocrx_word' id='word_1_136' title='bbox 542 2072 989 2135; x_wconf 87' lang='lat' dir='ltr'><strong>descendendum</strong></span> <span class='ocrx_word' id='word_1_137' title='bbox 1039 2081 1149 2146; x_wconf 89' lang='lat' dir='ltr'><strong>sit,</strong></span> <span class='ocrx_word' id='word_1_138' title='bbox 1186 2084 1453 2140; x_wconf 91' lang='lat' dir='ltr'><strong>obsistere</strong></span> <span class='ocrx_word' id='word_1_139' title='bbox 1504 2088 1727 2157; x_wconf 89' lang='lat' dir='ltr'><strong>quidem</strong></span> <span class='ocrx_word' id='word_1_140' title='bbox 1763 2090 1911 2145; x_wconf 89' lang='lat' dir='ltr'><strong>haud</strong></span> <span class='ocrx_word' id='word_1_141' title='bbox 1960 2091 2119 2147; x_wconf 78' lang='lat' dir='ltr'><strong>facile</strong></span> 
     </span>
    </p>
   </div>
   <div class='ocr_carea' id='block_1_24' title="bbox 541 2164 2120 2246">
    <p class='ocr_par' dir='ltr' id='par_1_24' title="bbox 541 2164 2120 2246">
     <span class='ocr_line' id='line_1_24' title="bbox 541 2164 2120 2246; baseline 0.011 -28"><span class='ocrx_word' id='word_1_142' title='bbox 541 2164 728 2220; x_wconf 78' lang='lat' dir='ltr'><strong>fuerit.</strong></span> <span class='ocrx_word' id='word_1_143' title='bbox 753 2167 893 2223; x_wconf 86' lang='lat' dir='ltr'><strong>Illud</strong></span> <span class='ocrx_word' id='word_1_144' title='bbox 924 2179 1107 2226; x_wconf 88' lang='lat' dir='ltr'><strong>tamen</strong></span> <span class='ocrx_word' id='word_1_145' title='bbox 1130 2172 1384 2240; x_wconf 80' lang='lat' dir='ltr'><strong>dixerim,</strong></span> <span class='ocrx_word' id='word_1_146' title='bbox 1407 2177 1670 2246; x_wconf 80' lang='lat' dir='ltr'><strong>expedire</strong></span> <span class='ocrx_word' id='word_1_147' title='bbox 1689 2179 1775 2234; x_wconf 86' lang='lat' dir='ltr'><strong>vel</strong></span> <span class='ocrx_word' id='word_1_148' title='bbox 1804 2180 2120 2236; x_wconf 87' lang='lat' dir='ltr'><strong>meminisse</strong></span> 
     </span>
    </p>
   </div>
   <div class='ocr_carea' id='block_1_25' title="bbox 541 2258 2121 2342">
    <p class='ocr_par' dir='ltr' id='par_1_25' title="bbox 541 2258 2121 2342">
     <span class='ocr_line' id='line_1_25' title="bbox 541 2258 2121 2342; baseline 0.01 -31"><span class='ocrx_word' id='word_1_149' title='bbox 541 2258 759 2322; x_wconf 82' lang='lat' dir='ltr'><strong>solum,</strong></span> <span class='ocrx_word' id='word_1_150' title='bbox 800 2262 1091 2331; x_wconf 79' lang='lat' dir='ltr'><strong>exquibus</strong></span> <span class='ocrx_word' id='word_1_151' title='bbox 1140 2265 1195 2320; x_wconf 93' lang='lat' dir='ltr'><strong>in</strong></span> <span class='ocrx_word' id='word_1_152' title='bbox 1240 2282 1363 2336; x_wconf 66' lang='lat' dir='ltr'><strong>qum</strong></span> <span class='ocrx_word' id='word_1_153' title='bbox 1406 2267 1899 2336; x_wconf 88' lang='lat' dir='ltr'><strong>declinaverimus,</strong></span> <span class='ocrx_word' id='word_1_154' title='bbox 1958 2281 2121 2342; x_wconf 88' lang='lat' dir='ltr'><strong>atque</strong></span> 
     </span>
    </p>
   </div>
   <div class='ocr_carea' id='block_1_26' title="bbox 541 2346 2119 2433">
    <p class='ocr_par' dir='ltr' id='par_1_26' title="bbox 541 2346 2119 2433">
     <span class='ocr_line' id='line_1_26' title="bbox 541 2346 2119 2433; baseline 0.011 -34"><span class='ocrx_word' id='word_1_155' title='bbox 541 2346 741 2402; x_wconf 79' lang='lat' dir='ltr'><strong>acerbe</strong></span> <span class='ocrx_word' id='word_1_156' title='bbox 765 2348 969 2406; x_wconf 77' lang='lat' dir='ltr'><strong>deflere</strong></span> <span class='ocrx_word' id='word_1_157' title='bbox 995 2361 1111 2406; x_wconf 91' lang='lat' dir='ltr'><strong>tum</strong></span> <span class='ocrx_word' id='word_1_158' title='bbox 1142 2365 1384 2410; x_wconf 86' lang='lat' dir='ltr'><strong>nostram</strong></span> <span class='ocrx_word' id='word_1_159' title='bbox 1412 2356 1703 2423; x_wconf 90' lang='lat' dir='ltr'><strong>incuriam,</strong></span> <span class='ocrx_word' id='word_1_160' title='bbox 1742 2368 1855 2415; x_wconf 89' lang='lat' dir='ltr'><strong>tum</strong></span> <span class='ocrx_word' id='word_1_161' title='bbox 1895 2362 2119 2433; x_wconf 89' lang='lat' dir='ltr'><strong>superni</strong></span> 
     </span>
    </p>
   </div>
   <div class='ocr_carea' id='block_1_27' title="bbox 542 2444 2121 2523">
    <p class='ocr_par' dir='ltr' id='par_1_27' title="bbox 542 2444 2121 2523">
     <span class='ocr_line' id='line_1_27' title="bbox 542 2444 2121 2523; baseline 0.011 -30"><span class='ocrx_word' id='word_1_162' title='bbox 542 2452 673 2509; x_wconf 84' lang='lat' dir='ltr'><strong>erga</strong></span> <span class='ocrx_word' id='word_1_163' title='bbox 717 2456 819 2496; x_wconf 88' lang='lat' dir='ltr'><strong>nos</strong></span> <span class='ocrx_word' id='word_1_164' title='bbox 861 2444 1048 2499; x_wconf 80' lang='lat' dir='ltr'><strong>auxilii</strong></span> <span class='ocrx_word' id='word_1_165' title='bbox 1102 2447 1341 2517; x_wconf 85' lang='lat' dir='ltr'><strong>inepiam</strong></span> <span class='ocrx_word' id='word_1_166' title='bbox 1385 2466 1398 2502; x_wconf 91' lang='lat'><strong>:</strong></span> <span class='ocrx_word' id='word_1_167' title='bbox 1445 2467 1464 2501; x_wconf 87' lang='grc'><em>‹</em></span> <span class='ocrx_word' id='word_1_168' title='bbox 1499 2450 1595 2505; x_wconf 85' lang='lat' dir='ltr'><strong>illa</strong></span> <span class='ocrx_word' id='word_1_169' title='bbox 1615 2467 1847 2523; x_wconf 88' lang='lat' dir='ltr'><strong>namque</strong></span> <span class='ocrx_word' id='word_1_170' title='bbox 1897 2454 2121 2510; x_wconf 83' lang='lat' dir='ltr'><strong>tristitia</strong></span> 
     </span>
    </p>
   </div>
   <div class='ocr_carea' id='block_1_28' title="bbox 543 2534 2120 2609">
    <p class='ocr_par' dir='ltr' id='par_1_28' title="bbox 543 2534 2120 2609">
     <span class='ocr_line' id='line_1_28' title="bbox 543 2534 2120 2609; baseline 0.01 -26"><span class='ocrx_word' id='word_1_171' title='bbox 543 2544 665 2599; x_wconf 65' lang='lat' dir='ltr'><strong>qua:</strong></span> <span class='ocrx_word' id='word_1_172' title='bbox 693 2534 996 2589; x_wconf 90' lang='lat' dir='ltr'><strong>secundum</strong></span> <span class='ocrx_word' id='word_1_173' title='bbox 1046 2537 1216 2591; x_wconf 90' lang='lat' dir='ltr'><strong>Deum</strong></span> <span class='ocrx_word' id='word_1_174' title='bbox 1250 2546 1353 2603; x_wconf 88' lang='lat' dir='ltr'><strong>est,</strong></span> <span class='ocrx_word' id='word_1_175' title='bbox 1396 2540 1771 2609; x_wconf 82' lang='lat' dir='ltr'><strong>paenitentiam</strong></span> <span class='ocrx_word' id='word_1_176' title='bbox 1804 2543 1859 2597; x_wconf 92' lang='lat' dir='ltr'><strong>in</strong></span> <span class='ocrx_word' id='word_1_177' title='bbox 1890 2544 2120 2599; x_wconf 86' lang='lat' dir='ltr'><strong>salutem</strong></span> 
     </span>
    </p>
   </div>
   <div class='ocr_carea' id='block_1_29' title="bbox 542 2617 2116 2697">
    <p class='ocr_par' dir='ltr' id='par_1_29' title="bbox 542 2617 2116 2697">
     <span class='ocr_line' id='line_1_29' title="bbox 542 2617 2116 2697; baseline 0.013 -27"><span class='ocrx_word' id='word_1_178' title='bbox 542 2617 989 2690; x_wconf 70' lang='lat' dir='ltr'><strong>impcenitendam</strong></span> <span class='ocrx_word' id='word_1_179' title='bbox 1022 2639 1282 2697; x_wconf 86' lang='lat' dir='ltr'><strong>operatur</strong></span> <span class='ocrx_word' id='word_1_180' title='bbox 1318 2632 1380 2685; x_wconf 76' lang='grc'><strong>⁸⁷.</strong></span> <span class='ocrx_word' id='word_1_181' title='bbox 1426 2651 1444 2683; x_wconf 76' lang='grc' dir='ltr'><strong>ι</strong></span> <span class='ocrx_word' id='word_1_182' title='bbox 1499 2632 1607 2687; x_wconf 90' lang='lat' dir='ltr'><strong>Sed</strong></span> <span class='ocrx_word' id='word_1_183' title='bbox 1652 2634 1697 2688; x_wconf 91' lang='lat' dir='ltr'><strong>si</strong></span> <span class='ocrx_word' id='word_1_184' title='bbox 1743 2634 1901 2689; x_wconf 89' lang='lat' dir='ltr'><strong>nobis</strong></span> <span class='ocrx_word' id='word_1_185' title='bbox 1932 2635 2116 2691; x_wconf 89' lang='lat' dir='ltr'><strong>divina</strong></span> 
     </span>
    </p>
   </div>
   <div class='ocr_carea' id='block_1_30' title="bbox 542 2710 2121 2791">
    <p class='ocr_par' dir='ltr' id='par_1_30' title="bbox 542 2710 2121 2791">
     <span class='ocr_line' id='line_1_30' title="bbox 542 2710 2121 2791; baseline 0.011 -27"><span class='ocrx_word' id='word_1_186' title='bbox 542 2710 624 2765; x_wconf 86' lang='lat' dir='ltr'><strong>ira</strong></span> <span class='ocrx_word' id='word_1_187' title='bbox 664 2727 774 2767; x_wconf 91' lang='lat' dir='ltr'><strong>non</strong></span> <span class='ocrx_word' id='word_1_188' title='bbox 823 2714 1127 2783; x_wconf 88' lang='lat' dir='ltr'><strong>immineat,</strong></span> <span class='ocrx_word' id='word_1_189' title='bbox 1176 2730 1339 2791; x_wconf 91' lang='lat' dir='ltr'><strong>atque</strong></span> <span class='ocrx_word' id='word_1_190' title='bbox 1372 2723 1610 2778; x_wconf 89' lang='lat' dir='ltr'><strong>liberum</strong></span> <span class='ocrx_word' id='word_1_191' title='bbox 1654 2724 1726 2777; x_wconf 88' lang='lat' dir='ltr'><strong>sit</strong></span> <span class='ocrx_word' id='word_1_192' title='bbox 1764 2732 1820 2778; x_wconf 93' lang='lat' dir='ltr'><strong>et</strong></span> <span class='ocrx_word' id='word_1_193' title='bbox 1852 2724 2013 2790; x_wconf 89' lang='lat' dir='ltr'><strong>velle,</strong></span> <span class='ocrx_word' id='word_1_194' title='bbox 2063 2737 2121 2782; x_wconf 90' lang='lat' dir='ltr'><strong>et</strong></span> 
     </span>
    </p>
   </div>
   <div class='ocr_carea' id='block_1_31' title="bbox 540 2802 2121 2887">
    <p class='ocr_par' dir='ltr' id='par_1_31' title="bbox 540 2802 2121 2887">
     <span class='ocr_line' id='line_1_31' title="bbox 540 2802 2121 2887; baseline 0.01 -31"><span class='ocrx_word' id='word_1_195' title='bbox 540 2802 689 2873; x_wconf 89' lang='lat' dir='ltr'><strong>quod</strong></span> <span class='ocrx_word' id='word_1_196' title='bbox 736 2804 915 2860; x_wconf 87' lang='lat' dir='ltr'><strong>visum</strong></span> <span class='ocrx_word' id='word_1_197' title='bbox 963 2806 1150 2873; x_wconf 89' lang='lat' dir='ltr'><strong>fuerit,</strong></span> <span class='ocrx_word' id='word_1_198' title='bbox 1188 2809 1389 2876; x_wconf 89' lang='lat' dir='ltr'><strong>facere,</strong></span> <span class='ocrx_word' id='word_1_199' title='bbox 1443 2821 1500 2867; x_wconf 88' lang='lat' dir='ltr'><strong>et</strong></span> <span class='ocrx_word' id='word_1_200' title='bbox 1552 2812 1700 2868; x_wconf 89' lang='lat' dir='ltr'><strong>illam</strong></span> <span class='ocrx_word' id='word_1_201' title='bbox 1741 2814 1798 2869; x_wconf 90' lang='lat' dir='ltr'><strong>in</strong></span> <span class='ocrx_word' id='word_1_202' title='bbox 1831 2823 2121 2887; x_wconf 90' lang='lat' dir='ltr'><strong>utramque</strong></span> 
     </span>
    </p>
   </div>
   <div class='ocr_carea' id='block_1_32' title="bbox 540 2897 2120 2974">
    <p class='ocr_par' dir='ltr' id='par_1_32' title="bbox 540 2897 2120 2974">
     <span class='ocr_line' id='line_1_32' title="bbox 540 2897 2120 2974; baseline 0.01 -28"><span class='ocrx_word' id='word_1_203' title='bbox 540 2904 753 2960; x_wconf 85' lang='lat' dir='ltr'><strong>partem</strong></span> <span class='ocrx_word' id='word_1_204' title='bbox 798 2897 1243 2965; x_wconf 89' lang='lat' dir='ltr'><strong>propensionem,</strong></span> <span class='ocrx_word' id='word_1_205' title='bbox 1289 2899 1356 2953; x_wconf 91' lang='lat' dir='ltr'><strong>ad</strong></span> <span class='ocrx_word' id='word_1_206' title='bbox 1396 2900 1623 2966; x_wconf 86' lang='lat' dir='ltr'><strong>malum,</strong></span> <span class='ocrx_word' id='word_1_207' title='bbox 1667 2902 1910 2974; x_wconf 89' lang='lat' dir='ltr'><strong>inquam,</strong></span> <span class='ocrx_word' id='word_1_208' title='bbox 1955 2915 2007 2961; x_wconf 88' lang='lat' dir='ltr'><strong>et</strong></span> <span class='ocrx_word' id='word_1_209' title='bbox 2051 2906 2120 2962; x_wconf 86' lang='lat' dir='ltr'><strong>ad</strong></span> 
     </span>
    </p>
   </div>
   <div class='ocr_carea' id='block_1_33' title="bbox 539 2981 2119 3065">
    <p class='ocr_par' dir='ltr' id='par_1_33' title="bbox 539 2981 2119 3065">
     <span class='ocr_line' id='line_1_33' title="bbox 539 2981 2119 3065; baseline 0.009 -29"><span class='ocrx_word' id='word_1_210' title='bbox 539 2981 768 3049; x_wconf 85' lang='lat' dir='ltr'><strong>bonum,</strong></span> <span class='ocrx_word' id='word_1_211' title='bbox 810 2985 1040 3040; x_wconf 91' lang='lat' dir='ltr'><strong>solutam</strong></span> <span class='ocrx_word' id='word_1_212' title='bbox 1094 3002 1158 3042; x_wconf 90' lang='lat' dir='ltr'><strong>ac</strong></span> <span class='ocrx_word' id='word_1_213' title='bbox 1216 2988 1444 3043; x_wconf 83' lang='lat' dir='ltr'><strong>liberam</strong></span> <span class='ocrx_word' id='word_1_214' title='bbox 1494 2998 1551 3045; x_wconf 94' lang='lat' dir='ltr'><strong>et</strong></span> <span class='ocrx_word' id='word_1_215' title='bbox 1589 2992 1658 3045; x_wconf 91' lang='lat' dir='ltr'><strong>ab</strong></span> <span class='ocrx_word' id='word_1_216' title='bbox 1705 2994 1854 3048; x_wconf 88' lang='lat' dir='ltr'><strong>omni</strong></span> <span class='ocrx_word' id='word_1_217' title='bbox 1900 2996 2119 3065; x_wconf 90' lang='lat' dir='ltr'><strong>penitus</strong></span> 
     </span>
    </p>
   </div>
   <div class='ocr_carea' id='block_1_34' title="bbox 537 3074 2118 3146">
    <p class='ocr_par' dir='ltr' id='par_1_34' title="bbox 537 3074 2118 3146">
     <span class='ocr_line' id='line_1_34' title="bbox 537 3074 2118 3146; baseline 0.007 -16"><span class='ocrx_word' id='word_1_218' title='bbox 537 3074 820 3130; x_wconf 88' lang='lat' dir='ltr'><strong>coactiune</strong></span> <span class='ocrx_word' id='word_1_219' title='bbox 838 3075 1073 3131; x_wconf 88' lang='lat' dir='ltr'><strong>alienam</strong></span> <span class='ocrx_word' id='word_1_220' title='bbox 1094 3079 1335 3134; x_wconf 89' lang='lat' dir='ltr'><strong>retinere</strong></span> <span class='ocrx_word' id='word_1_221' title='bbox 1360 3079 1542 3146; x_wconf 89' lang='lat' dir='ltr'><strong>liceat,</strong></span> <span class='ocrx_word' id='word_1_222' title='bbox 1572 3082 1849 3139; x_wconf 88' lang='lat' dir='ltr'><strong>cavendus</strong></span> <span class='ocrx_word' id='word_1_223' title='bbox 1873 3094 1956 3140; x_wconf 92' lang='lat' dir='ltr'><strong>est</strong></span> <span class='ocrx_word' id='word_1_224' title='bbox 1979 3096 2118 3141; x_wconf 88' lang='lat' dir='ltr'><strong>stre-</strong></span> 
     </span>
    </p>
   </div>
   <div class='ocr_carea' id='block_1_35' title="bbox 538 3163 2114 3243">
    <p class='ocr_par' dir='ltr' id='par_1_35' title="bbox 538 3163 2114 3243">
     <span class='ocr_line' id='line_1_35' title="bbox 538 3163 2114 3243; baseline 0.007 -25"><span class='ocrx_word' id='word_1_225' title='bbox 538 3178 647 3219; x_wconf 88' lang='lat' dir='ltr'><strong>nue</strong></span> <span class='ocrx_word' id='word_1_226' title='bbox 690 3163 780 3219; x_wconf 92' lang='lat' dir='ltr'><strong>ille</strong></span> <span class='ocrx_word' id='word_1_227' title='bbox 831 3165 888 3219; x_wconf 91' lang='lat' dir='ltr'><strong>in</strong></span> <span class='ocrx_word' id='word_1_228' title='bbox 942 3167 1192 3237; x_wconf 89' lang='lat' dir='ltr'><strong>nequitia</strong></span> <span class='ocrx_word' id='word_1_229' title='bbox 1234 3168 1483 3239; x_wconf 83' lang='lat' dir='ltr'><strong>languor,</strong></span> <span class='ocrx_word' id='word_1_230' title='bbox 1541 3186 1605 3225; x_wconf 89' lang='lat' dir='ltr'><strong>ac</strong></span> <span class='ocrx_word' id='word_1_231' title='bbox 1662 3173 2011 3243; x_wconf 61' lang='lat' dir='ltr'><strong>repellenda,</strong></span> <span class='ocrx_word' id='word_1_232' title='bbox 2057 3175 2114 3230; x_wconf 90' lang='lat' dir='ltr'><strong>ni</strong></span> 
     </span>
    </p>
   </div>
   <div class='ocr_carea' id='block_1_36' title="bbox 534 3251 2115 3337">
    <p class='ocr_par' dir='ltr' id='par_1_36' title="bbox 534 3251 2115 3337">
     <span class='ocr_line' id='line_1_36' title="bbox 534 3251 2115 3337; baseline 0.009 -31"><span class='ocrx_word' id='word_1_233' title='bbox 534 3251 714 3318; x_wconf 83' lang='lat' dir='ltr'><strong>fallor,</strong></span> <span class='ocrx_word' id='word_1_234' title='bbox 745 3254 1071 3325; x_wconf 89' lang='lat' dir='ltr'><strong>voluptates,</strong></span> <span class='ocrx_word' id='word_1_235' title='bbox 1104 3256 1174 3312; x_wconf 91' lang='lat' dir='ltr'><strong>ab</strong></span> <span class='ocrx_word' id='word_1_236' title='bbox 1195 3258 1452 3314; x_wconf 86' lang='lat' dir='ltr'><strong>hostibus</strong></span> <span class='ocrx_word' id='word_1_237' title='bbox 1469 3260 1688 3326; x_wconf 64' lang='lat' dir='ltr'><strong>oblata,</strong></span> <span class='ocrx_word' id='word_1_238' title='bbox 1717 3263 2115 3337; x_wconf 88' lang='lat' dir='ltr'><strong>vitandumque</strong></span> 
     </span>
    </p>
   </div>
   <div class='ocr_carea' id='block_1_37' title="bbox 536 3342 2114 3423">
    <p class='ocr_par' dir='ltr' id='par_1_37' title="bbox 536 3342 2114 3423">
     <span class='ocr_line' id='line_1_37' title="bbox 536 3342 2114 3423; baseline 0.009 -26"><span class='ocrx_word' id='word_1_239' title='bbox 536 3358 606 3398; x_wconf 88' lang='lat' dir='ltr'><strong>ne</strong></span> <span class='ocrx_word' id='word_1_240' title='bbox 647 3342 703 3397; x_wconf 90' lang='lat' dir='ltr'><strong>in</strong></span> <span class='ocrx_word' id='word_1_241' title='bbox 749 3344 990 3399; x_wconf 90' lang='lat' dir='ltr'><strong>hostium</strong></span> <span class='ocrx_word' id='word_1_242' title='bbox 1053 3347 1263 3405; x_wconf 88' lang='lat' dir='ltr'><strong>ditione</strong></span> <span class='ocrx_word' id='word_1_243' title='bbox 1314 3349 1507 3417; x_wconf 89' lang='lat' dir='ltr'><strong>simus,</strong></span> <span class='ocrx_word' id='word_1_244' title='bbox 1548 3351 1642 3421; x_wconf 93' lang='lat' dir='ltr'><strong>qui</strong></span> <span class='ocrx_word' id='word_1_245' title='bbox 1701 3351 1867 3423; x_wconf 87' lang='lat' dir='ltr'><strong>hujus</strong></span> <span class='ocrx_word' id='word_1_246' title='bbox 1924 3356 2114 3411; x_wconf 90' lang='lat' dir='ltr'><strong>mundi</strong></span> 
     </span>
    </p>
   </div>
   <div class='ocr_carea' id='block_1_38' title="bbox 536 3434 2118 3518">
    <p class='ocr_par' dir='ltr' id='par_1_38' title="bbox 536 3434 2118 3518">
     <span class='ocr_line' id='line_1_38' title="bbox 536 3434 2118 3518; baseline 0.011 -31"><span class='ocrx_word' id='word_1_247' title='bbox 536 3434 814 3506; x_wconf 86' lang='lat' dir='ltr'><strong>principes</strong></span> <span class='ocrx_word' id='word_1_248' title='bbox 835 3452 961 3493; x_wconf 88' lang='lat' dir='ltr'><strong>esse</strong></span> <span class='ocrx_word' id='word_1_249' title='bbox 989 3438 1280 3506; x_wconf 89' lang='lat' dir='ltr'><strong>dicuntur;</strong></span> <span class='ocrx_word' id='word_1_250' title='bbox 1315 3441 1530 3497; x_wconf 86' lang='lat' dir='ltr'><strong>etiamsi</strong></span> <span class='ocrx_word' id='word_1_251' title='bbox 1561 3444 1724 3499; x_wconf 85' lang='lat' dir='ltr'><strong>alicui</strong></span> <span class='ocrx_word' id='word_1_252' title='bbox 1748 3444 1977 3502; x_wconf 81' lang='lat' dir='ltr'><strong>fortasse</strong></span> <span class='ocrx_word' id='word_1_253' title='bbox 1992 3465 2118 3518; x_wconf 87' lang='lat' dir='ltr'><strong>pars</strong></span> 
     </span>
    </p>
   </div>
   <div class='ocr_carea' id='block_1_39' title="bbox 536 3524 2116 3607">
    <p class='ocr_par' dir='ltr' id='par_1_39' title="bbox 536 3524 2116 3607">
     <span class='ocr_line' id='line_1_39' title="bbox 536 3524 2116 3607; baseline 0.009 -28"><span class='ocrx_word' id='word_1_254' title='bbox 536 3524 718 3595; x_wconf 77' lang='lat' dir='ltr'><strong>aliqua</strong></span> <span class='ocrx_word' id='word_1_255' title='bbox 761 3527 1039 3585; x_wconf 89' lang='lat' dir='ltr'><strong>felicitatis</strong></span> <span class='ocrx_word' id='word_1_256' title='bbox 1073 3530 1244 3595; x_wconf 88' lang='lat' dir='ltr'><strong>adsit,</strong></span> <span class='ocrx_word' id='word_1_257' title='bbox 1297 3531 1595 3598; x_wconf 84' lang='lat' dir='ltr'><strong>felicitatis,</strong></span> <span class='ocrx_word' id='word_1_258' title='bbox 1656 3534 1900 3605; x_wconf 90' lang='lat' dir='ltr'><strong>inquam,</strong></span> <span class='ocrx_word' id='word_1_259' title='bbox 1946 3538 2116 3607; x_wconf 88' lang='lat' dir='ltr'><strong>illius,</strong></span> 
     </span>
    </p>
   </div>
   <div class='ocr_carea' id='block_1_40' title="bbox 536 3618 2115 3695">
    <p class='ocr_par' dir='ltr' id='par_1_40' title="bbox 536 3618 2115 3695">
     <span class='ocr_line' id='line_1_40' title="bbox 536 3618 2115 3695; baseline 0.009 -25"><span class='ocrx_word' id='word_1_260' title='bbox 536 3631 660 3685; x_wconf 68' lang='lat' dir='ltr'><strong>quae</strong></span> <span class='ocrx_word' id='word_1_261' title='bbox 706 3618 761 3672; x_wconf 90' lang='lat' dir='ltr'><strong>in</strong></span> <span class='ocrx_word' id='word_1_262' title='bbox 805 3620 1013 3677; x_wconf 90' lang='lat' dir='ltr'><strong>mundo</strong></span> <span class='ocrx_word' id='word_1_263' title='bbox 1051 3621 1157 3676; x_wconf 92' lang='lat' dir='ltr'><strong>hoc</strong></span> <span class='ocrx_word' id='word_1_264' title='bbox 1212 3637 1407 3693; x_wconf 88' lang='lat' dir='ltr'><strong>magna</strong></span> <span class='ocrx_word' id='word_1_265' title='bbox 1457 3632 1683 3693; x_wconf 87' lang='lat' dir='ltr'><strong>putatur</strong></span> <span class='ocrx_word' id='word_1_266' title='bbox 1727 3626 1974 3695; x_wconf 89' lang='lat' dir='ltr'><strong>quidem,</strong></span> <span class='ocrx_word' id='word_1_267' title='bbox 2023 3630 2115 3685; x_wconf 90' lang='lat' dir='ltr'><strong>sed</strong></span> 
     </span>
    </p>
   </div>
   <div class='ocr_carea' id='block_1_41' title="bbox 432 3708 2008 3783">
    <p class='ocr_par' dir='ltr' id='par_1_41' title="bbox 432 3708 2008 3783">
     <span class='ocr_line' id='line_1_41' title="bbox 432 3708 2008 3783; baseline 0.01 -25"><span class='ocrx_word' id='word_1_268' title='bbox 432 3708 435 3711; x_wconf 72' lang='grc'>’</span> <span class='ocrx_word' id='word_1_269' title='bbox 539 3715 756 3777; x_wconf 86' lang='lat' dir='ltr'><strong>turpem</strong></span> <span class='ocrx_word' id='word_1_270' title='bbox 789 3712 1013 3766; x_wconf 89' lang='lat' dir='ltr'><strong>omnino</strong></span> <span class='ocrx_word' id='word_1_271' title='bbox 1035 3711 1246 3767; x_wconf 80' lang='lat' dir='ltr'><strong>exitum</strong></span> <span class='ocrx_word' id='word_1_272' title='bbox 1273 3722 1449 3783; x_wconf 87' lang='lat' dir='ltr'><strong>atque</strong></span> <span class='ocrx_word' id='word_1_273' title='bbox 1470 3714 1773 3770; x_wconf 81' lang='lat' dir='ltr'><strong>defamem</strong></span> <span class='ocrx_word' id='word_1_274' title='bbox 1822 3716 2008 3774; x_wconf 87' lang='lat' dir='ltr'><strong>habet.</strong></span> 
     </span>
    </p>
   </div>
   <div class='ocr_carea' id='block_1_42' title="bbox 609 3797 1449 3867">
    <p class='ocr_par' dir='ltr' id='par_1_42' title="bbox 609 3797 1449 3867">
     <span class='ocr_line' id='line_1_42' title="bbox 609 3797 1449 3867; baseline 0.01 -15"><span class='ocrx_word' id='word_1_275' title='bbox 609 3797 805 3853; x_wconf 80' lang='lat' dir='ltr'><strong>PALL.</strong></span> <span class='ocrx_word' id='word_1_276' title='bbox 834 3800 954 3867; x_wconf 87' lang='lat' dir='ltr'><strong>Quo</strong></span> <span class='ocrx_word' id='word_1_277' title='bbox 992 3802 1212 3858; x_wconf 88' lang='lat' dir='ltr'><strong>tandem</strong></span> <span class='ocrx_word' id='word_1_278' title='bbox 1246 3804 1449 3859; x_wconf 83' lang='lat' dir='ltr'><strong>modo?</strong></span> 
     </span>
    </p>
   </div>
   <div class='ocr_carea' id='block_1_43' title="bbox 605 3888 1965 3966">
    <p class='ocr_par' dir='ltr' id='par_1_43' title="bbox 605 3888 1965 3966">
     <span class='ocr_line' id='line_1_43' title="bbox 605 3888 1965 3966; baseline 0.005 -19"><span class='ocrx_word' id='word_1_279' title='bbox 605 3888 762 3947; x_wconf 68' lang='grc' dir='ltr'><strong>ΟΥΕ.</strong></span> <span class='ocrx_word' id='word_1_280' title='bbox 795 3891 960 3948; x_wconf 75' lang='lat' dir='ltr'><strong>Visne</strong></span> <span class='ocrx_word' id='word_1_281' title='bbox 994 3902 1055 3949; x_wconf 89' lang='lat' dir='ltr'><strong>ut</strong></span> <span class='ocrx_word' id='word_1_282' title='bbox 1092 3904 1343 3950; x_wconf 87' lang='lat' dir='ltr'><strong>veterum</strong></span> <span class='ocrx_word' id='word_1_283' title='bbox 1374 3897 1622 3966; x_wconf 79' lang='lat' dir='ltr'><strong>exempla</strong></span> <span class='ocrx_word' id='word_1_284' title='bbox 1652 3901 1965 3956; x_wconf 84' lang='lat' dir='ltr'><strong>sumamus?</strong></span> 
     </span>
    </p>
   </div>
   <div class='ocr_carea' id='block_1_44' title="bbox 606 4082 1091 4139">
    <p class='ocr_par' dir='ltr' id='par_1_44' title="bbox 606 4082 1091 4139">
     <span class='ocr_line' id='line_1_44' title="bbox 606 4082 1091 4139; baseline 0.002 -2"><span class='ocrx_word' id='word_1_285' title='bbox 606 4082 805 4137; x_wconf 83' lang='lat' dir='ltr'><strong>PALL.</strong></span> <span class='ocrx_word' id='word_1_286' title='bbox 839 4082 1091 4139; x_wconf 78' lang='lat' dir='ltr'><strong>Maxime.</strong></span> 
     </span>
    </p>
   </div>
   <div class='ocr_carea' id='block_1_45' title="bbox 604 4170 2119 4232">
    <p class='ocr_par' dir='ltr' id='par_1_45' title="bbox 604 4170 2119 4232">
     <span class='ocr_line' id='line_1_45' title="bbox 604 4170 2119 4232; baseline 0.003 -5"><span class='ocrx_word' id='word_1_287' title='bbox 604 4170 761 4229; x_wconf 64' lang='grc' dir='ltr'><strong>ΟΥΕ.</strong></span> <span class='ocrx_word' id='word_1_288' title='bbox 784 4172 921 4228; x_wconf 89' lang='lat' dir='ltr'><strong>Cum</strong></span> <span class='ocrx_word' id='word_1_289' title='bbox 942 4173 1085 4229; x_wconf 88' lang='lat' dir='ltr'><strong>fame</strong></span> <span class='ocrx_word' id='word_1_290' title='bbox 1104 4174 1507 4230; x_wconf 81' lang='lat' dir='ltr'><strong>conﬁcerentur</strong></span> <span class='ocrx_word' id='word_1_291' title='bbox 1526 4188 1715 4230; x_wconf 87' lang='lat' dir='ltr'><strong>omnes</strong></span> <span class='ocrx_word' id='word_1_292' title='bbox 1731 4175 1846 4231; x_wconf 91' lang='lat' dir='ltr'><strong>fere</strong></span> <span class='ocrx_word' id='word_1_293' title='bbox 1868 4176 2119 4232; x_wconf 86' lang='lat' dir='ltr'><strong>homines</strong></span> 
     </span>
    </p>
   </div>
   <div class='ocr_carea' id='block_1_46' title="bbox 2227 542 3804 624">
    <p class='ocr_par' dir='ltr' id='par_1_46' title="bbox 2227 542 3804 624">
     <span class='ocr_line' id='line_1_46' title="bbox 2227 542 3804 624; baseline 0.01 -31"><span class='ocrx_word' id='word_1_294' title='bbox 2227 542 2373 595; x_wconf 78' lang='grc' dir='ltr'><strong>ἐστὶν</strong></span> <span class='ocrx_word' id='word_1_295' title='bbox 2406 544 2484 607; x_wconf 84' lang='grc' dir='ltr'><strong>είς</strong></span> <span class='ocrx_word' id='word_1_296' title='bbox 2520 545 2815 618; x_wconf 79' lang='grc' dir='ltr'><strong>ἐπιθυμίαν</strong></span> <span class='ocrx_word' id='word_1_297' title='bbox 2841 548 2950 602; x_wconf 89' lang='grc' dir='ltr'><strong>τῶν</strong></span> <span class='ocrx_word' id='word_1_298' title='bbox 2982 550 3040 603; x_wconf 87' lang='grc' dir='ltr'><strong>ἐν</strong></span> <span class='ocrx_word' id='word_1_299' title='bbox 3082 552 3272 622; x_wconf 73' lang='grc' dir='ltr'><strong>χερσὶν</strong></span> <span class='ocrx_word' id='word_1_300' title='bbox 3308 552 3553 621; x_wconf 81' lang='grc' dir='ltr'><strong>ἀγαθῶν,</strong></span> <span class='ocrx_word' id='word_1_301' title='bbox 3593 553 3804 624; x_wconf 79' lang='grc' dir='ltr'><strong>ἐφίεται</strong></span> 
     </span>
    </p>
   </div>
   <div class='ocr_carea' id='block_1_47' title="bbox 2224 630 3806 718">
    <p class='ocr_par' dir='ltr' id='par_1_47' title="bbox 2224 630 3806 718">
     <span class='ocr_line' id='line_1_47' title="bbox 2224 630 3806 718; baseline 0.009 -32"><span class='ocrx_word' id='word_1_302' title='bbox 2224 633 2282 686; x_wconf 79' lang='grc' dir='ltr'><strong>δέ</strong></span> <span class='ocrx_word' id='word_1_303' title='bbox 2310 634 2369 687; x_wconf 82' lang='grc' dir='ltr'><strong>οὐ</strong></span> <span class='ocrx_word' id='word_1_304' title='bbox 2396 633 2516 690; x_wconf 89' lang='grc' dir='ltr'><strong>λίαν</strong></span> <span class='ocrx_word' id='word_1_305' title='bbox 2534 630 2717 709; x_wconf 86' lang='grc' dir='ltr'><strong>ὧνπερ</strong></span> <span class='ocrx_word' id='word_1_306' title='bbox 2763 638 2829 693; x_wconf 80' lang='grc' dir='ltr'><strong>ἂν</strong></span> <span class='ocrx_word' id='word_1_307' title='bbox 2860 638 2973 710; x_wconf 73' lang='grc' dir='ltr'><strong>ἔχοι</strong></span> <span class='ocrx_word' id='word_1_308' title='bbox 3010 640 3110 712; x_wconf 82' lang='grc' dir='ltr'><strong>τὴν</strong></span> <span class='ocrx_word' id='word_1_309' title='bbox 3138 641 3409 707; x_wconf 78' lang='grc' dir='ltr'><strong>ἐξουσίαν.</strong></span> <span class='ocrx_word' id='word_1_310' title='bbox 3444 644 3508 698; x_wconf 75' lang='lat' dir='ltr'><strong>Et</strong></span> <span class='ocrx_word' id='word_1_311' title='bbox 3536 644 3595 699; x_wconf 76' lang='grc' dir='ltr'><strong>δι</strong></span> <span class='ocrx_word' id='word_1_312' title='bbox 3622 644 3686 718; x_wconf 77' lang='grc' dir='ltr'><strong>δή</strong></span> <span class='ocrx_word' id='word_1_313' title='bbox 3720 662 3806 711; x_wconf 81' lang='grc' dir='ltr'><strong>τις</strong></span> 
     </span>
    </p>
   </div>
   <div class='ocr_carea' id='block_1_48' title="bbox 2226 724 3803 809">
    <p class='ocr_par' dir='ltr' id='par_1_48' title="bbox 2226 724 3803 809">
     <span class='ocr_line' id='line_1_48' title="bbox 2226 724 3803 809; baseline 0.01 -33"><span class='ocrx_word' id='word_1_314' title='bbox 2226 724 2436 792; x_wconf 87' lang='grc' dir='ltr'><strong>γένοιτο</strong></span> <span class='ocrx_word' id='word_1_315' title='bbox 2466 728 2800 800; x_wconf 79' lang='grc' dir='ltr'><strong>μετάκλησις</strong></span> <span class='ocrx_word' id='word_1_316' title='bbox 2826 732 2919 784; x_wconf 75' lang='grc' dir='ltr'><strong>ἐπὶ</strong></span> <span class='ocrx_word' id='word_1_317' title='bbox 2946 731 3170 803; x_wconf 79' lang='grc' dir='ltr'><strong>θάτερα,</strong></span> <span class='ocrx_word' id='word_1_318' title='bbox 3214 734 3310 787; x_wconf 78' lang='grc' dir='ltr'><strong>καὶ</strong></span> <span class='ocrx_word' id='word_1_319' title='bbox 3337 726 3412 787; x_wconf 81' lang='grc' dir='ltr'><strong>ὧν</strong></span> <span class='ocrx_word' id='word_1_320' title='bbox 3434 735 3503 789; x_wconf 81' lang='grc' dir='ltr'><strong>ἂν</strong></span> <span class='ocrx_word' id='word_1_321' title='bbox 3523 734 3637 807; x_wconf 75' lang='grc' dir='ltr'><strong>ἔχοι</strong></span> <span class='ocrx_word' id='word_1_322' title='bbox 3659 735 3803 809; x_wconf 77' lang='grc' dir='ltr'><strong>λαμ-</strong></span> 
     </span>
    </p>
   </div>
   <div class='ocr_carea' id='block_1_49' title="bbox 2227 815 3804 896">
    <p class='ocr_par' dir='ltr' id='par_1_49' title="bbox 2227 815 3804 896">
     <span class='ocr_line' id='line_1_49' title="bbox 2227 815 3804 896; baseline 0.01 -28"><span class='ocrx_word' id='word_1_323' title='bbox 2227 815 2379 887; x_wconf 88' lang='grc' dir='ltr'><strong>πρῶν</strong></span> <span class='ocrx_word' id='word_1_324' title='bbox 2416 819 2682 889; x_wconf 75' lang='grc' dir='ltr'><strong>ἡττᾶσθαι</strong></span> <span class='ocrx_word' id='word_1_325' title='bbox 2712 824 2881 893; x_wconf 79' lang='grc' dir='ltr'><strong>παρῇ,</strong></span> <span class='ocrx_word' id='word_1_326' title='bbox 2913 823 3036 876; x_wconf 82' lang='grc' dir='ltr'><strong>τότε</strong></span> <span class='ocrx_word' id='word_1_327' title='bbox 3067 825 3133 896; x_wconf 85' lang='grc' dir='ltr'><strong>δὴ</strong></span> <span class='ocrx_word' id='word_1_328' title='bbox 3160 825 3313 893; x_wconf 84' lang='grc' dir='ltr'><strong>μόλις</strong></span> <span class='ocrx_word' id='word_1_329' title='bbox 3345 826 3666 882; x_wconf 79' lang='grc' dir='ltr'><strong>αίσθάνεται</strong></span> <span class='ocrx_word' id='word_1_330' title='bbox 3695 845 3804 884; x_wconf 80' lang='grc' dir='ltr'><strong>πα-</strong></span> 
     </span>
    </p>
   </div>
   <div class='ocr_carea' id='block_1_50' title="bbox 2226 907 3803 991">
    <p class='ocr_par' dir='ltr' id='par_1_50' title="bbox 2226 907 3803 991">
     <span class='ocr_line' id='line_1_50' title="bbox 2226 907 3803 991; baseline 0.01 -32"><span class='ocrx_word' id='word_1_331' title='bbox 2226 907 2354 971; x_wconf 86' lang='grc' dir='ltr'><strong>θὼν,</strong></span> <span class='ocrx_word' id='word_1_332' title='bbox 2378 907 2407 961; x_wconf 88' lang='grc' dir='ltr'><strong>δ</strong></span> <span class='ocrx_word' id='word_1_333' title='bbox 2438 911 2601 964; x_wconf 75' lang='grc' dir='ltr'><strong>παντὶ</strong></span> <span class='ocrx_word' id='word_1_334' title='bbox 2647 911 2711 983; x_wconf 84' lang='grc' dir='ltr'><strong>δὴ</strong></span> <span class='ocrx_word' id='word_1_335' title='bbox 2762 913 2937 967; x_wconf 85' lang='grc' dir='ltr'><strong>σθένει</strong></span> <span class='ocrx_word' id='word_1_336' title='bbox 2976 915 3364 986; x_wconf 78' lang='grc' dir='ltr'><strong>διακρούεσθαι</strong></span> <span class='ocrx_word' id='word_1_337' title='bbox 3395 917 3585 991; x_wconf 82' lang='grc' dir='ltr'><strong>ἐχρῆν,</strong></span> <span class='ocrx_word' id='word_1_338' title='bbox 3615 920 3710 973; x_wconf 83' lang='grc' dir='ltr'><strong>καὶ</strong></span> <span class='ocrx_word' id='word_1_339' title='bbox 3740 920 3803 974; x_wconf 77' lang='grc' dir='ltr'><strong>οῦ</strong></span> 
     </span>
    </p>
   </div>
   <div class='ocr_carea' id='block_1_51' title="bbox 2224 998 3697 1080">
    <p class='ocr_par' dir='ltr' id='par_1_51' title="bbox 2224 998 3697 1080">
     <span class='ocr_line' id='line_1_51' title="bbox 2224 998 3697 1080; baseline 0.01 -29"><span class='ocrx_word' id='word_1_340' title='bbox 2224 998 2313 1052; x_wconf 87' lang='grc' dir='ltr'><strong>διά</strong></span> <span class='ocrx_word' id='word_1_341' title='bbox 2338 1000 2532 1071; x_wconf 91' lang='grc' dir='ltr'><strong>πείρας</strong></span> <span class='ocrx_word' id='word_1_342' title='bbox 2562 1002 2721 1073; x_wconf 75' lang='grc' dir='ltr'><strong>ἥκειν</strong></span> <span class='ocrx_word' id='word_1_343' title='bbox 2759 1005 2854 1074; x_wconf 82' lang='grc' dir='ltr'><strong>ἐᾷν</strong></span> <span class='ocrx_word' id='word_1_344' title='bbox 2885 1008 3322 1078; x_wconf 86' lang='grc' dir='ltr'><strong>προαναιροῦντα</strong></span> <span class='ocrx_word' id='word_1_345' title='bbox 3358 1008 3457 1080; x_wconf 80' lang='grc' dir='ltr'><strong>τὴν</strong></span> <span class='ocrx_word' id='word_1_346' title='bbox 3485 1008 3697 1080; x_wconf 77' lang='grc' dir='ltr'><strong>έφοδον.</strong></span> 
     </span>
    </p>
   </div>
   <div class='ocr_carea' id='block_1_52' title="bbox 2295 1259 3185 1339">
    <p class='ocr_par' dir='ltr' id='par_1_52' title="bbox 2295 1259 3185 1339">
     <span class='ocr_line' id='line_1_52' title="bbox 2295 1259 3185 1339; baseline 0.01 -28"><span class='ocrx_word' id='word_1_347' title='bbox 2295 1259 2503 1317; x_wconf 68' lang='lat' dir='ltr'><strong>mum.</strong></span> <span class='ocrx_word' id='word_1_348' title='bbox 2558 1261 2801 1333; x_wconf 72' lang='grc' dir='ltr'><strong>Ἀληθές.</strong></span> <span class='ocrx_word' id='word_1_349' title='bbox 3180 1334 3185 1339; x_wconf 7' lang='grc' dir='ltr'><strong>γ</strong></span> 
     </span>
    </p>
   </div>
   <div class='ocr_carea' id='block_1_53' title="bbox 2294 1351 3805 1428">
    <p class='ocr_par' dir='ltr' id='par_1_53' title="bbox 2294 1351 3805 1428">
     <span class='ocr_line' id='line_1_53' title="bbox 2294 1351 3805 1428; baseline 0.005 -23"><span class='ocrx_word' id='word_1_350' title='bbox 2294 1352 2456 1408; x_wconf 81' lang='grc' dir='ltr'><strong>ΚΥΡ.</strong></span> <span class='ocrx_word' id='word_1_351' title='bbox 2514 1353 2832 1423; x_wconf 77' lang='grc' dir='ltr'><strong>Ἀναγκαῖον</strong></span> <span class='ocrx_word' id='word_1_352' title='bbox 2864 1351 2961 1411; x_wconf 84' lang='grc' dir='ltr'><strong>οῦν</strong></span> <span class='ocrx_word' id='word_1_353' title='bbox 3003 1353 3131 1428; x_wconf 78' lang='grc' dir='ltr'><strong>ἄρα,</strong></span> <span class='ocrx_word' id='word_1_354' title='bbox 3186 1357 3282 1412; x_wconf 78' lang='grc' dir='ltr'><strong>καὶ</strong></span> <span class='ocrx_word' id='word_1_355' title='bbox 3320 1358 3500 1428; x_wconf 75' lang='grc' dir='ltr'><strong>σοφὸν,</strong></span> <span class='ocrx_word' id='word_1_356' title='bbox 3547 1360 3644 1414; x_wconf 77' lang='grc' dir='ltr'><strong>καὶ</strong></span> <span class='ocrx_word' id='word_1_357' title='bbox 3690 1356 3805 1413; x_wconf 80' lang='grc' dir='ltr'><strong>τῶν</strong></span> 
     </span>
    </p>
   </div>
   <div class='ocr_carea' id='block_1_54' title="bbox 2222 1443 3804 1521">
    <p class='ocr_par' dir='ltr' id='par_1_54' title="bbox 2222 1443 3804 1521">
     <span class='ocr_line' id='line_1_54' title="bbox 2222 1443 3804 1521; baseline 0.006 -26"><span class='ocrx_word' id='word_1_358' title='bbox 2222 1443 2251 1496; x_wconf 84' lang='grc' dir='ltr'><strong>ὅ</strong></span> <span class='ocrx_word' id='word_1_359' title='bbox 2270 1459 2324 1495; x_wconf 87' lang='grc' dir='ltr'><strong>τι</strong></span> <span class='ocrx_word' id='word_1_360' title='bbox 2356 1443 2590 1512; x_wconf 85' lang='grc' dir='ltr'><strong>μάλιστα</strong></span> <span class='ocrx_word' id='word_1_361' title='bbox 2618 1444 3074 1501; x_wconf 84' lang='grc' dir='ltr'><strong>λυσιτελεστάτων</strong></span> <span class='ocrx_word' id='word_1_362' title='bbox 3097 1450 3159 1503; x_wconf 80' lang='grc' dir='ltr'><strong>τὸ</strong></span> <span class='ocrx_word' id='word_1_363' title='bbox 3188 1453 3539 1521; x_wconf 81' lang='grc' dir='ltr'><strong>προαναιρεῖν</strong></span> <span class='ocrx_word' id='word_1_364' title='bbox 3562 1444 3622 1503; x_wconf 85' lang='grc' dir='ltr'><strong>εῦ</strong></span> <span class='ocrx_word' id='word_1_365' title='bbox 3652 1448 3804 1521; x_wconf 71' lang='grc' dir='ltr'><strong>μάλα</strong></span> 
     </span>
    </p>
   </div>
   <div class='ocr_carea' id='block_1_55' title="bbox 2220 1533 3800 1611">
    <p class='ocr_par' dir='ltr' id='par_1_55' title="bbox 2220 1533 3800 1611">
     <span class='ocr_line' id='line_1_55' title="bbox 2220 1533 3800 1611; baseline 0.004 -24"><span class='ocrx_word' id='word_1_366' title='bbox 2220 1533 2289 1587; x_wconf 85' lang='grc' dir='ltr'><strong>τὰ</strong></span> <span class='ocrx_word' id='word_1_367' title='bbox 2320 1535 2588 1607; x_wconf 85' lang='grc' dir='ltr'><strong>μοχθηρὰ,</strong></span> <span class='ocrx_word' id='word_1_368' title='bbox 2625 1537 2719 1590; x_wconf 74' lang='grc' dir='ltr'><strong>καὶ</strong></span> <span class='ocrx_word' id='word_1_369' title='bbox 2749 1538 2847 1608; x_wconf 82' lang='grc' dir='ltr'><strong>τῆς</strong></span> <span class='ocrx_word' id='word_1_370' title='bbox 2876 1536 3173 1610; x_wconf 78' lang='grc' dir='ltr'><strong>ἀδουλήτου</strong></span> <span class='ocrx_word' id='word_1_371' title='bbox 3199 1538 3420 1609; x_wconf 89' lang='grc' dir='ltr'><strong>θητείας</strong></span> <span class='ocrx_word' id='word_1_372' title='bbox 3447 1540 3548 1611; x_wconf 80' lang='grc' dir='ltr'><strong>τὴν</strong></span> <span class='ocrx_word' id='word_1_373' title='bbox 3587 1538 3800 1609; x_wconf 70' lang='grc' dir='ltr'><strong>ἔφοδον,</strong></span> 
     </span>
    </p>
   </div>
   <div class='ocr_carea' id='block_1_56' title="bbox 2222 1624 3802 1702">
    <p class='ocr_par' dir='ltr' id='par_1_56' title="bbox 2222 1624 3802 1702">
     <span class='ocr_line' id='line_1_56' title="bbox 2222 1624 3802 1702; baseline 0.006 -25"><span class='ocrx_word' id='word_1_374' title='bbox 2222 1626 2315 1678; x_wconf 74' lang='grc' dir='ltr'><strong>καὶ</strong></span> <span class='ocrx_word' id='word_1_375' title='bbox 2357 1627 2749 1696; x_wconf 82' lang='grc' dir='ltr'><strong>προαπονεῦειν</strong></span> <span class='ocrx_word' id='word_1_376' title='bbox 2779 1628 3073 1702; x_wconf 79' lang='grc' dir='ltr'><strong>πειρᾶσθαι</strong></span> <span class='ocrx_word' id='word_1_377' title='bbox 3108 1629 3326 1701; x_wconf 84' lang='grc' dir='ltr'><strong>γοργῶς</strong></span> <span class='ocrx_word' id='word_1_378' title='bbox 3356 1630 3445 1694; x_wconf 83' lang='grc' dir='ltr'><strong>τὰ,</strong></span> <span class='ocrx_word' id='word_1_379' title='bbox 3484 1624 3562 1685; x_wconf 77' lang='grc' dir='ltr'><strong>ὧν</strong></span> <span class='ocrx_word' id='word_1_380' title='bbox 3604 1632 3654 1685; x_wconf 79' lang='grc' dir='ltr'><strong>εί</strong></span> <span class='ocrx_word' id='word_1_381' title='bbox 3703 1630 3802 1699; x_wconf 72' lang='grc' dir='ltr'><strong>γέ-</strong></span> 
     </span>
    </p>
   </div>
   <div class='ocr_carea' id='block_1_57' title="bbox 2222 1714 3801 1789">
    <p class='ocr_par' dir='ltr' id='par_1_57' title="bbox 2222 1714 3801 1789">
     <span class='ocr_line' id='line_1_57' title="bbox 2222 1714 3801 1789; baseline 0.001 -20"><span class='ocrx_word' id='word_1_382' title='bbox 2222 1730 2366 1769; x_wconf 86' lang='grc' dir='ltr'><strong>νοιτο</strong></span> <span class='ocrx_word' id='word_1_383' title='bbox 2394 1714 2529 1786; x_wconf 74' lang='grc' dir='ltr'><strong>πρὸς</strong></span> <span class='ocrx_word' id='word_1_384' title='bbox 2558 1719 2754 1786; x_wconf 84' lang='grc' dir='ltr'><strong>πεῖραν</strong></span> <span class='ocrx_word' id='word_1_385' title='bbox 2784 1716 2979 1781; x_wconf 80' lang='grc' dir='ltr'><strong>ἐλθεῖν,</strong></span> <span class='ocrx_word' id='word_1_386' title='bbox 3005 1718 3064 1771; x_wconf 88' lang='grc' dir='ltr'><strong>ἐν</strong></span> <span class='ocrx_word' id='word_1_387' title='bbox 3101 1718 3268 1773; x_wconf 72' lang='grc' dir='ltr'><strong>παντὶ</strong></span> <span class='ocrx_word' id='word_1_388' title='bbox 3294 1716 3588 1789; x_wconf 78' lang='grc' dir='ltr'><strong>κεισόμεθα</strong></span> <span class='ocrx_word' id='word_1_389' title='bbox 3619 1715 3801 1787; x_wconf 64' lang='grc' dir='ltr'><strong>κακῷ.</strong></span> 
     </span>
    </p>
   </div>
   <div class='ocr_carea' id='block_1_58' title="bbox 2151 1797 2831 1877">
    <p class='ocr_par' dir='ltr' id='par_1_58' title="bbox 2151 1797 2831 1877">
     <span class='ocr_line' id='line_1_58' title="bbox 2151 1797 2831 1877; baseline 0.01 -24"><span class='ocrx_word' id='word_1_390' title='bbox 2151 1797 2199 1853; x_wconf 81' lang='grc' dir='ltr'><strong>Β</strong></span> <span class='ocrx_word' id='word_1_391' title='bbox 2295 1805 2497 1859; x_wconf 79' lang='grc' dir='ltr'><strong>ΠΔΛΔ.</strong></span> <span class='ocrx_word' id='word_1_392' title='bbox 2541 1801 2669 1859; x_wconf 80' lang='grc' dir='ltr'><strong>Ὧδε</strong></span> <span class='ocrx_word' id='word_1_393' title='bbox 2701 1807 2831 1877; x_wconf 76' lang='grc' dir='ltr'><strong>ἔχει.</strong></span> 
     </span>
    </p>
   </div>
   <div class='ocr_carea' id='block_1_59' title="bbox 2294 1897 3805 1972">
    <p class='ocr_par' dir='ltr' id='par_1_59' title="bbox 2294 1897 3805 1972">
     <span class='ocr_line' id='line_1_59' title="bbox 2294 1897 3805 1972; baseline 0.004 -23"><span class='ocrx_word' id='word_1_394' title='bbox 2294 1897 2455 1951; x_wconf 83' lang='grc' dir='ltr'><strong>ΚΥΡ.</strong></span> <span class='ocrx_word' id='word_1_395' title='bbox 2506 1898 2616 1951; x_wconf 70' lang='grc' dir='ltr'><strong>Καὶ</strong></span> <span class='ocrx_word' id='word_1_396' title='bbox 2643 1899 2691 1951; x_wconf 86' lang='grc' dir='ltr'><strong>εί</strong></span> <span class='ocrx_word' id='word_1_397' title='bbox 2719 1899 2816 1968; x_wconf 76' lang='grc' dir='ltr'><strong>μὲν</strong></span> <span class='ocrx_word' id='word_1_398' title='bbox 2848 1899 2915 1953; x_wconf 72' lang='grc' dir='ltr'><strong>ἐκ</strong></span> <span class='ocrx_word' id='word_1_399' title='bbox 2939 1898 3088 1964; x_wconf 83' lang='grc' dir='ltr'><strong>θείας</strong></span> <span class='ocrx_word' id='word_1_400' title='bbox 3114 1899 3285 1972; x_wconf 81' lang='grc' dir='ltr'><strong>ὀργῆς</strong></span> <span class='ocrx_word' id='word_1_401' title='bbox 3309 1902 3338 1956; x_wconf 81' lang='grc' dir='ltr'>ὁ</span> <span class='ocrx_word' id='word_1_402' title='bbox 3368 1900 3472 1970; x_wconf 77' lang='grc' dir='ltr'><strong>τῆς</strong></span> <span class='ocrx_word' id='word_1_403' title='bbox 3495 1900 3805 1972; x_wconf 69' lang='grc' dir='ltr'><strong>ἀναγκαίας</strong></span> 
     </span>
    </p>
   </div>
   <div class='ocr_carea' id='block_1_60' title="bbox 2221 1990 3809 2063">
    <p class='ocr_par' dir='ltr' id='par_1_60' title="bbox 2221 1990 3809 2063">
     <span class='ocr_line' id='line_1_60' title="bbox 2221 1990 3809 2063; baseline 0.003 -19"><span class='ocrx_word' id='word_1_404' title='bbox 2221 1990 2461 2054; x_wconf 79' lang='grc' dir='ltr'><strong>δουλείας</strong></span> <span class='ocrx_word' id='word_1_405' title='bbox 2486 1991 2617 2061; x_wconf 76' lang='grc' dir='ltr'><strong>ἡμῖν</strong></span> <span class='ocrx_word' id='word_1_406' title='bbox 2651 1991 2966 2062; x_wconf 81' lang='grc' dir='ltr'><strong>ὲπιφέροιτο</strong></span> <span class='ocrx_word' id='word_1_407' title='bbox 2994 1990 3177 2059; x_wconf 78' lang='grc' dir='ltr'><strong>ζυγὸς.</strong></span> <span class='ocrx_word' id='word_1_408' title='bbox 3215 1992 3308 2045; x_wconf 79' lang='grc' dir='ltr'><strong>καὶ</strong></span> <span class='ocrx_word' id='word_1_409' title='bbox 3334 1990 3440 2063; x_wconf 78' lang='grc' dir='ltr'><strong>μὴν</strong></span> <span class='ocrx_word' id='word_1_410' title='bbox 3471 1994 3568 2046; x_wconf 80' lang='grc' dir='ltr'><strong>καὶ</strong></span> <span class='ocrx_word' id='word_1_411' title='bbox 3597 1993 3662 2047; x_wconf 60' lang='lat' dir='ltr'><strong>es</strong></span> <span class='ocrx_word' id='word_1_412' title='bbox 3686 1992 3809 2047; x_wconf 67' lang='grc' dir='ltr'><strong>δεῖν</strong></span> 
     </span>
    </p>
   </div>
   <div class='ocr_carea' id='block_1_61' title="bbox 2222 2080 3807 2155">
    <p class='ocr_par' dir='ltr' id='par_1_61' title="bbox 2222 2080 3807 2155">
     <span class='ocr_line' id='line_1_61' title="bbox 2222 2080 3807 2155; baseline 0.003 -22"><span class='ocrx_word' id='word_1_413' title='bbox 2222 2082 2301 2143; x_wconf 88' lang='grc' dir='ltr'><strong>είς</strong></span> <span class='ocrx_word' id='word_1_414' title='bbox 2327 2080 2583 2150; x_wconf 86' lang='grc' dir='ltr'><strong>ἀδόκιμον</strong></span> <span class='ocrx_word' id='word_1_415' title='bbox 2627 2080 2946 2135; x_wconf 77' lang='grc' dir='ltr'><strong>καθικέσθαι</strong></span> <span class='ocrx_word' id='word_1_416' title='bbox 2984 2080 3130 2146; x_wconf 84' lang='grc' dir='ltr'><strong>νοῦν,</strong></span> <span class='ocrx_word' id='word_1_417' title='bbox 3173 2082 3560 2153; x_wconf 66' lang='grc' dir='ltr'><strong>ἀντιφέρεσθαι</strong></span> <span class='ocrx_word' id='word_1_418' title='bbox 3595 2084 3697 2155; x_wconf 69' lang='grc' dir='ltr'><strong>μὲν</strong></span> <span class='ocrx_word' id='word_1_419' title='bbox 3734 2085 3807 2138; x_wconf 67' lang='grc' dir='ltr'><strong>οε</strong></span> 
     </span>
    </p>
   </div>
   <div class='ocr_carea' id='block_1_62' title="bbox 2224 2167 3800 2243">
    <p class='ocr_par' dir='ltr' id='par_1_62' title="bbox 2224 2167 3800 2243">
     <span class='ocr_line' id='line_1_62' title="bbox 2224 2167 3800 2243; baseline 0.002 -18"><span class='ocrx_word' id='word_1_420' title='bbox 2224 2171 2373 2243; x_wconf 75' lang='grc' dir='ltr'><strong>ῥᾷον.</strong></span> <span class='ocrx_word' id='word_1_421' title='bbox 2404 2172 2573 2243; x_wconf 77' lang='grc' dir='ltr'><strong>Φαίην</strong></span> <span class='ocrx_word' id='word_1_422' title='bbox 2598 2171 2643 2225; x_wconf 77' lang='grc' dir='ltr'><strong>δ’</strong></span> <span class='ocrx_word' id='word_1_423' title='bbox 2682 2171 2749 2225; x_wconf 83' lang='grc' dir='ltr'><strong>ἀν</strong></span> <span class='ocrx_word' id='word_1_424' title='bbox 2782 2167 2920 2225; x_wconf 70' lang='grc' dir='ltr'><strong>εἶναι</strong></span> <span class='ocrx_word' id='word_1_425' title='bbox 2970 2175 3259 2243; x_wconf 80' lang='grc' dir='ltr'><strong>χρήσιμον,</strong></span> <span class='ocrx_word' id='word_1_426' title='bbox 3292 2172 3398 2227; x_wconf 82' lang='grc' dir='ltr'><strong>κάν</strong></span> <span class='ocrx_word' id='word_1_427' title='bbox 3424 2172 3556 2241; x_wconf 89' lang='grc' dir='ltr'><strong>γοῦν</strong></span> <span class='ocrx_word' id='word_1_428' title='bbox 3591 2173 3653 2226; x_wconf 76' lang='grc' dir='ltr'><strong>τὸ</strong></span> <span class='ocrx_word' id='word_1_429' title='bbox 3675 2174 3800 2228; x_wconf 76' lang='grc' dir='ltr'><strong>δια-</strong></span> 
     </span>
    </p>
   </div>
   <div class='ocr_carea' id='block_1_63' title="bbox 2226 2260 3800 2336">
    <p class='ocr_par' dir='ltr' id='par_1_63' title="bbox 2226 2260 3800 2336">
     <span class='ocr_line' id='line_1_63' title="bbox 2226 2260 3800 2336; baseline 0.004 -19"><span class='ocrx_word' id='word_1_430' title='bbox 2226 2263 2531 2336; x_wconf 83' lang='grc' dir='ltr'><strong>μεμνῆσθαι</strong></span> <span class='ocrx_word' id='word_1_431' title='bbox 2566 2265 2724 2336; x_wconf 85' lang='grc' dir='ltr'><strong>μόνον</strong></span> <span class='ocrx_word' id='word_1_432' title='bbox 2757 2265 2815 2332; x_wconf 83' lang='grc' dir='ltr'><strong>ἐξ</strong></span> <span class='ocrx_word' id='word_1_433' title='bbox 2849 2265 2979 2320; x_wconf 86' lang='grc' dir='ltr'><strong>οἴων</strong></span> <span class='ocrx_word' id='word_1_434' title='bbox 3011 2267 3089 2329; x_wconf 88' lang='grc' dir='ltr'><strong>είς</strong></span> <span class='ocrx_word' id='word_1_435' title='bbox 3116 2260 3201 2319; x_wconf 75' lang='grc' dir='ltr'><strong>οἷα</strong></span> <span class='ocrx_word' id='word_1_436' title='bbox 3235 2267 3676 2336; x_wconf 83' lang='grc' dir='ltr'><strong>μετακεκλίσθαι,</strong></span> <span class='ocrx_word' id='word_1_437' title='bbox 3701 2271 3800 2323; x_wconf 71' lang='grc' dir='ltr'><strong>καὶ</strong></span> 
     </span>
    </p>
   </div>
   <div class='ocr_carea' id='block_1_64' title="bbox 2223 2355 3800 2431">
    <p class='ocr_par' dir='ltr' id='par_1_64' title="bbox 2223 2355 3800 2431">
     <span class='ocr_line' id='line_1_64' title="bbox 2223 2355 3800 2431; baseline 0.004 -22"><span class='ocrx_word' id='word_1_438' title='bbox 2223 2355 2679 2429; x_wconf 73' lang='grc' dir='ltr'><strong>κατολοφῦρεσθαι</strong></span> <span class='ocrx_word' id='word_1_439' title='bbox 2727 2356 2939 2429; x_wconf 83' lang='grc' dir='ltr'><strong>πικρῶς</strong></span> <span class='ocrx_word' id='word_1_440' title='bbox 2981 2356 3081 2428; x_wconf 81' lang='grc' dir='ltr'><strong>τὴν</strong></span> <span class='ocrx_word' id='word_1_441' title='bbox 3136 2357 3497 2429; x_wconf 74' lang='grc' dir='ltr'><strong>παράϐλεψιν,</strong></span> <span class='ocrx_word' id='word_1_442' title='bbox 3548 2360 3641 2413; x_wconf 80' lang='grc' dir='ltr'><strong>καὶ</strong></span> <span class='ocrx_word' id='word_1_443' title='bbox 3693 2359 3800 2431; x_wconf 77' lang='grc' dir='ltr'><strong>τῆς</strong></span> 
     </span>
    </p>
   </div>
   <div class='ocr_carea' id='block_1_65' title="bbox 2222 2446 3799 2520">
    <p class='ocr_par' dir='ltr' id='par_1_65' title="bbox 2222 2446 3799 2520">
     <span class='ocr_line' id='line_1_65' title="bbox 2222 2446 3799 2520; baseline 0.001 -18"><span class='ocrx_word' id='word_1_444' title='bbox 2222 2447 2424 2502; x_wconf 81' lang='grc' dir='ltr'><strong>ἀνωθεν</strong></span> <span class='ocrx_word' id='word_1_445' title='bbox 2453 2446 2771 2517; x_wconf 69' lang='grc' dir='ltr'><strong>ἐπικουρίας</strong></span> <span class='ocrx_word' id='word_1_446' title='bbox 2798 2447 2895 2519; x_wconf 83' lang='grc' dir='ltr'><strong>τὴν</strong></span> <span class='ocrx_word' id='word_1_447' title='bbox 2921 2448 3115 2502; x_wconf 82' lang='grc' dir='ltr'><strong>σπάνιν</strong></span> <span class='ocrx_word' id='word_1_448' title='bbox 3136 2465 3150 2480; x_wconf 89' lang='grc'><strong>·</strong></span> <span class='ocrx_word' id='word_1_449' title='bbox 3190 2467 3208 2499; x_wconf 72' lang='grc' dir='ltr'><strong>ι</strong></span> <span class='ocrx_word' id='word_1_450' title='bbox 3254 2446 3318 2501; x_wconf 85' lang='grc' dir='ltr'><em>Ἡ</em></span> <span class='ocrx_word' id='word_1_451' title='bbox 3345 2450 3453 2520; x_wconf 86' lang='grc' dir='ltr'><strong>γάρ</strong></span> <span class='ocrx_word' id='word_1_452' title='bbox 3489 2448 3629 2505; x_wconf 87' lang='grc' dir='ltr'><strong>κατά</strong></span> <span class='ocrx_word' id='word_1_453' title='bbox 3660 2448 3799 2504; x_wconf 73' lang='grc' dir='ltr'><strong>Θεὸν</strong></span> 
     </span>
    </p>
   </div>
   <div class='ocr_carea' id='block_1_66' title="bbox 2222 2537 3798 2611">
    <p class='ocr_par' dir='ltr' id='par_1_66' title="bbox 2222 2537 3798 2611">
     <span class='ocr_line' id='line_1_66' title="bbox 2222 2537 3798 2611; baseline 0.001 -19"><span class='ocrx_word' id='word_1_454' title='bbox 2222 2538 2387 2610; x_wconf 86' lang='grc' dir='ltr'><strong>λύπη,</strong></span> <span class='ocrx_word' id='word_1_455' title='bbox 2425 2540 2710 2610; x_wconf 84' lang='grc' dir='ltr'><strong>μετάνοιαν</strong></span> <span class='ocrx_word' id='word_1_456' title='bbox 2734 2539 2814 2602; x_wconf 85' lang='grc' dir='ltr'><strong>είς</strong></span> <span class='ocrx_word' id='word_1_457' title='bbox 2843 2537 3114 2609; x_wconf 79' lang='grc' dir='ltr'><strong>σωτηρίαν</strong></span> <span class='ocrx_word' id='word_1_458' title='bbox 3149 2538 3561 2610; x_wconf 83' lang='grc' dir='ltr'><strong>ἀμεταμέλητον</strong></span> <span class='ocrx_word' id='word_1_459' title='bbox 3594 2555 3798 2611; x_wconf 77' lang='grc' dir='ltr'><strong>κατερ-</strong></span> 
     </span>
    </p>
   </div>
   <div class='ocr_carea' id='block_1_67' title="bbox 2222 2626 3799 2699">
    <p class='ocr_par' dir='ltr' id='par_1_67' title="bbox 2222 2626 3799 2699">
     <span class='ocr_line' id='line_1_67' title="bbox 2222 2626 3799 2699; baseline 0 -18"><span class='ocrx_word' id='word_1_460' title='bbox 2222 2627 2468 2698; x_wconf 78' lang='grc' dir='ltr'><strong>γάζεται.</strong></span> <span class='ocrx_word' id='word_1_461' title='bbox 2509 2647 2528 2680; x_wconf 77' lang='grc' dir='ltr'><strong>ι</strong></span> <span class='ocrx_word' id='word_1_462' title='bbox 2552 2627 2714 2690; x_wconf 87' lang='grc' dir='ltr'><strong>Θείας</strong></span> <span class='ocrx_word' id='word_1_463' title='bbox 2750 2626 2808 2680; x_wconf 80' lang='grc' dir='ltr'><strong>δὲ</strong></span> <span class='ocrx_word' id='word_1_464' title='bbox 2849 2627 2980 2697; x_wconf 78' lang='grc' dir='ltr'><strong>ἡμῖν</strong></span> <span class='ocrx_word' id='word_1_465' title='bbox 3017 2627 3117 2679; x_wconf 80' lang='grc' dir='ltr'><strong>οὐκ</strong></span> <span class='ocrx_word' id='word_1_466' title='bbox 3165 2626 3556 2697; x_wconf 74' lang='grc' dir='ltr'><strong>ἀπηρτημένης</strong></span> <span class='ocrx_word' id='word_1_467' title='bbox 3602 2628 3799 2699; x_wconf 79' lang='grc' dir='ltr'><strong>ὀργῆς,</strong></span> 
     </span>
    </p>
   </div>
   <div class='ocr_carea' id='block_1_68' title="bbox 2223 2715 3796 2787">
    <p class='ocr_par' dir='ltr' id='par_1_68' title="bbox 2223 2715 3796 2787">
     <span class='ocr_line' id='line_1_68' title="bbox 2223 2715 3796 2787; baseline 0 -16"><span class='ocrx_word' id='word_1_468' title='bbox 2223 2718 2337 2773; x_wconf 81' lang='grc' dir='ltr'><strong>ἀλλ’</strong></span> <span class='ocrx_word' id='word_1_469' title='bbox 2365 2718 2482 2771; x_wconf 85' lang='grc' dir='ltr'><strong>ἐνδν</strong></span> <span class='ocrx_word' id='word_1_470' title='bbox 2511 2717 2596 2771; x_wconf 86' lang='grc' dir='ltr'><strong>ἐπ’</strong></span> <span class='ocrx_word' id='word_1_471' title='bbox 2626 2716 2875 2782; x_wconf 80' lang='grc' dir='ltr'><strong>ἐξουσίας</strong></span> <span class='ocrx_word' id='word_1_472' title='bbox 2902 2715 3120 2770; x_wconf 78' lang='grc' dir='ltr'><strong>ἑλέσθαι</strong></span> <span class='ocrx_word' id='word_1_473' title='bbox 3138 2732 3199 2769; x_wconf 82' lang='grc' dir='ltr'><strong>τε</strong></span> <span class='ocrx_word' id='word_1_474' title='bbox 3221 2717 3314 2770; x_wconf 73' lang='grc' dir='ltr'><strong>καὶ</strong></span> <span class='ocrx_word' id='word_1_475' title='bbox 3339 2715 3470 2787; x_wconf 78' lang='grc' dir='ltr'><strong>δρᾷν</strong></span> <span class='ocrx_word' id='word_1_476' title='bbox 3489 2716 3551 2770; x_wconf 80' lang='grc' dir='ltr'><strong>τὸ</strong></span> <span class='ocrx_word' id='word_1_477' title='bbox 3580 2716 3796 2782; x_wconf 80' lang='grc' dir='ltr'><strong>δοκοῦν,</strong></span> 
     </span>
    </p>
   </div>
   <div class='ocr_carea' id='block_1_69' title="bbox 2222 2805 3797 2881">
    <p class='ocr_par' dir='ltr' id='par_1_69' title="bbox 2222 2805 3797 2881">
     <span class='ocr_line' id='line_1_69' title="bbox 2222 2805 3797 2881; baseline -0.001 -18"><span class='ocrx_word' id='word_1_478' title='bbox 2222 2810 2316 2863; x_wconf 79' lang='grc' dir='ltr'><strong>καὶ</strong></span> <span class='ocrx_word' id='word_1_479' title='bbox 2347 2809 2446 2881; x_wconf 77' lang='grc' dir='ltr'><strong>τὴν</strong></span> <span class='ocrx_word' id='word_1_480' title='bbox 2494 2808 2581 2860; x_wconf 78' lang='grc' dir='ltr'><strong>ἐπ’</strong></span> <span class='ocrx_word' id='word_1_481' title='bbox 2637 2807 2803 2878; x_wconf 80' lang='grc' dir='ltr'><strong>ἄμφω</strong></span> <span class='ocrx_word' id='word_1_482' title='bbox 2836 2805 3029 2879; x_wconf 79' lang='grc' dir='ltr'><strong>ῥοπὴν,</strong></span> <span class='ocrx_word' id='word_1_483' title='bbox 3076 2806 3177 2878; x_wconf 82' lang='grc' dir='ltr'><strong>τήν</strong></span> <span class='ocrx_word' id='word_1_484' title='bbox 3221 2822 3281 2859; x_wconf 86' lang='grc' dir='ltr'><strong>τε</strong></span> <span class='ocrx_word' id='word_1_485' title='bbox 3334 2807 3414 2870; x_wconf 82' lang='grc' dir='ltr'><strong>είς</strong></span> <span class='ocrx_word' id='word_1_486' title='bbox 3459 2805 3521 2858; x_wconf 79' lang='grc' dir='ltr'><strong>τὸ</strong></span> <span class='ocrx_word' id='word_1_487' title='bbox 3567 2805 3797 2875; x_wconf 79' lang='grc' dir='ltr'><strong>φαῦλον,</strong></span> 
     </span>
    </p>
   </div>
   <div class='ocr_carea' id='block_1_70' title="bbox 2223 2898 3802 2971">
    <p class='ocr_par' dir='ltr' id='par_1_70' title="bbox 2223 2898 3802 2971">
     <span class='ocr_line' id='line_1_70' title="bbox 2223 2898 3802 2971; baseline -0.001 -17"><span class='ocrx_word' id='word_1_488' title='bbox 2223 2900 2385 2971; x_wconf 74' lang='grc' dir='ltr'><strong>φημὶ,</strong></span> <span class='ocrx_word' id='word_1_489' title='bbox 2420 2900 2514 2954; x_wconf 76' lang='grc' dir='ltr'><strong>καὶ</strong></span> <span class='ocrx_word' id='word_1_490' title='bbox 2548 2899 2647 2970; x_wconf 81' lang='grc' dir='ltr'><strong>τὴν</strong></span> <span class='ocrx_word' id='word_1_491' title='bbox 2669 2902 2750 2964; x_wconf 88' lang='grc' dir='ltr'><strong>είς</strong></span> <span class='ocrx_word' id='word_1_492' title='bbox 2775 2899 2838 2953; x_wconf 78' lang='grc' dir='ltr'><strong>τὸ</strong></span> <span class='ocrx_word' id='word_1_493' title='bbox 2865 2898 3089 2969; x_wconf 84' lang='grc' dir='ltr'><strong>ἀγαθὸν,</strong></span> <span class='ocrx_word' id='word_1_494' title='bbox 3125 2898 3414 2969; x_wconf 78' lang='grc' dir='ltr'><strong>ἀνειμένην</strong></span> <span class='ocrx_word' id='word_1_495' title='bbox 3447 2914 3564 2963; x_wconf 89' lang='grc' dir='ltr'><strong>πως</strong></span> <span class='ocrx_word' id='word_1_496' title='bbox 3592 2898 3672 2952; x_wconf 75' lang='grc' dir='ltr'><strong>ἐτι</strong></span> <span class='ocrx_word' id='word_1_497' title='bbox 3701 2900 3802 2953; x_wconf 77' lang='grc' dir='ltr'><strong>καὶ</strong></span> 
     </span>
    </p>
   </div>
   <div class='ocr_carea' id='block_1_71' title="bbox 2221 2989 3801 3061">
    <p class='ocr_par' dir='ltr' id='par_1_71' title="bbox 2221 2989 3801 3061">
     <span class='ocr_line' id='line_1_71' title="bbox 2221 2989 3801 3061; baseline -0.002 -15"><span class='ocrx_word' id='word_1_498' title='bbox 2221 2990 2617 3046; x_wconf 79' lang='grc' dir='ltr'><strong>ἀκατασίαστον</strong></span> <span class='ocrx_word' id='word_1_499' title='bbox 2645 2990 2923 3055; x_wconf 81' lang='grc' dir='ltr'><strong>παντελῶς</strong></span> <span class='ocrx_word' id='word_1_500' title='bbox 2955 2989 3345 3060; x_wconf 78' lang='grc' dir='ltr'><strong>διακεκτῆσθαι</strong></span> <span class='ocrx_word' id='word_1_501' title='bbox 3374 2989 3569 3060; x_wconf 84' lang='grc' dir='ltr'><strong>παρὸν,</strong></span> <span class='ocrx_word' id='word_1_502' title='bbox 3599 3005 3801 3061; x_wconf 68' lang='lat' dir='ltr'><strong>mpm-</strong></span> 
     </span>
    </p>
   </div>
   <div class='ocr_carea' id='block_1_72' title="bbox 2218 3079 3801 3155">
    <p class='ocr_par' dir='ltr' id='par_1_72' title="bbox 2218 3079 3801 3155">
     <span class='ocr_line' id='line_1_72' title="bbox 2218 3079 3801 3155; baseline -0.002 -18"><span class='ocrx_word' id='word_1_503' title='bbox 2218 3084 2411 3155; x_wconf 81' lang='grc' dir='ltr'><strong>τητέον</strong></span> <span class='ocrx_word' id='word_1_504' title='bbox 2444 3082 2705 3152; x_wconf 84' lang='grc' dir='ltr'><strong>γεννικῶς</strong></span> <span class='ocrx_word' id='word_1_505' title='bbox 2742 3083 2834 3136; x_wconf 82' lang='grc' dir='ltr'><strong>τὸν</strong></span> <span class='ocrx_word' id='word_1_506' title='bbox 2867 3084 2943 3147; x_wconf 85' lang='grc' dir='ltr'><strong>ὠς</strong></span> <span class='ocrx_word' id='word_1_507' title='bbox 2985 3084 3043 3136; x_wconf 85' lang='grc' dir='ltr'><strong>ἐν</strong></span> <span class='ocrx_word' id='word_1_508' title='bbox 3083 3080 3380 3152; x_wconf 78' lang='grc' dir='ltr'><strong>φαυλότητι</strong></span> <span class='ocrx_word' id='word_1_509' title='bbox 3426 3079 3801 3151; x_wconf 83' lang='grc' dir='ltr'><strong>μαλακισμδν,</strong></span> 
     </span>
    </p>
   </div>
   <div class='ocr_carea' id='block_1_73' title="bbox 2142 3156 3800 3246">
    <p class='ocr_par' dir='ltr' id='par_1_73' title="bbox 2142 3156 3800 3246">
     <span class='ocr_line' id='line_1_73' title="bbox 2142 3156 3800 3246; baseline -0.004 -17"><span class='ocrx_word' id='word_1_510' title='bbox 2142 3156 2183 3212; x_wconf 74' lang='lat' dir='ltr'><strong><em>C</em></strong></span> <span class='ocrx_word' id='word_1_511' title='bbox 2216 3172 2370 3246; x_wconf 78' lang='grc' dir='ltr'><strong>οἶμαι</strong></span> <span class='ocrx_word' id='word_1_512' title='bbox 2410 3174 2467 3229; x_wconf 69' lang='grc' dir='ltr'><strong>δὲ</strong></span> <span class='ocrx_word' id='word_1_513' title='bbox 2524 3175 2634 3229; x_wconf 86' lang='grc' dir='ltr'><strong>δεῖν</strong></span> <span class='ocrx_word' id='word_1_514' title='bbox 2678 3172 3028 3227; x_wconf 79' lang='grc' dir='ltr'><strong>ἀποσείεσθαι</strong></span> <span class='ocrx_word' id='word_1_515' title='bbox 3074 3173 3249 3242; x_wconf 85' lang='grc' dir='ltr'><strong>φιλεῖν</strong></span> <span class='ocrx_word' id='word_1_516' title='bbox 3303 3172 3403 3236; x_wconf 85' lang='grc' dir='ltr'><strong>τάς</strong></span> <span class='ocrx_word' id='word_1_517' title='bbox 3447 3170 3536 3225; x_wconf 77' lang='grc' dir='ltr'><strong>ἐπ’</strong></span> <span class='ocrx_word' id='word_1_518' title='bbox 3582 3170 3800 3242; x_wconf 82' lang='grc' dir='ltr'><strong>ἐχθροῖς</strong></span> 
     </span>
    </p>
   </div>
   <div class='ocr_carea' id='block_1_74' title="bbox 2219 3260 3803 3337">
    <p class='ocr_par' dir='ltr' id='par_1_74' title="bbox 2219 3260 3803 3337">
     <span class='ocr_line' id='line_1_74' title="bbox 2219 3260 3803 3337; baseline -0.003 -18"><span class='ocrx_word' id='word_1_519' title='bbox 2219 3265 2430 3337; x_wconf 76' lang='grc' dir='ltr'><strong>ἡδονὰς,</strong></span> <span class='ocrx_word' id='word_1_520' title='bbox 2456 3264 2635 3319; x_wconf 76' lang='grc' dir='ltr'><strong>καὶτὸ</strong></span> <span class='ocrx_word' id='word_1_521' title='bbox 2654 3264 2760 3319; x_wconf 79' lang='grc' dir='ltr'><strong>ὑπὸ</strong></span> <span class='ocrx_word' id='word_1_522' title='bbox 2785 3266 2942 3335; x_wconf 87' lang='grc' dir='ltr'><strong>χεῖρα</strong></span> <span class='ocrx_word' id='word_1_523' title='bbox 2971 3262 3234 3334; x_wconf 82' lang='grc' dir='ltr'><strong>πράττειν</strong></span> <span class='ocrx_word' id='word_1_524' title='bbox 3252 3260 3485 3333; x_wconf 85' lang='grc' dir='ltr'><strong>ἐχθρῶν,</strong></span> <span class='ocrx_word' id='word_1_525' title='bbox 3509 3262 3560 3315; x_wconf 89' lang='grc' dir='ltr'><strong>οῖ</strong></span> <span class='ocrx_word' id='word_1_526' title='bbox 3590 3260 3803 3333; x_wconf 81' lang='grc' dir='ltr'><strong>κατάρ-</strong></span> 
     </span>
    </p>
   </div>
   <div class='ocr_carea' id='block_1_75' title="bbox 2217 3352 3803 3428">
    <p class='ocr_par' dir='ltr' id='par_1_75' title="bbox 2217 3352 3803 3428">
     <span class='ocr_line' id='line_1_75' title="bbox 2217 3352 3803 3428; baseline -0.003 -19"><span class='ocrx_word' id='word_1_527' title='bbox 2217 3373 2334 3428; x_wconf 82' lang='grc' dir='ltr'><strong>χειν</strong></span> <span class='ocrx_word' id='word_1_528' title='bbox 2370 3355 2617 3424; x_wconf 84' lang='grc' dir='ltr'><strong>λέγονται</strong></span> <span class='ocrx_word' id='word_1_529' title='bbox 2644 3354 2741 3410; x_wconf 87' lang='grc' dir='ltr'><strong>τοῦ</strong></span> <span class='ocrx_word' id='word_1_530' title='bbox 2775 3354 2970 3418; x_wconf 88' lang='grc' dir='ltr'><strong>αίῶνος</strong></span> <span class='ocrx_word' id='word_1_531' title='bbox 2998 3353 3214 3408; x_wconf 85' lang='grc' dir='ltr'><strong>τούτου.</strong></span> <span class='ocrx_word' id='word_1_532' title='bbox 3250 3353 3368 3408; x_wconf 82' lang='grc' dir='ltr'><strong>Κάν</strong></span> <span class='ocrx_word' id='word_1_533' title='bbox 3402 3354 3452 3407; x_wconf 88' lang='grc' dir='ltr'><strong>εί</strong></span> <span class='ocrx_word' id='word_1_534' title='bbox 3497 3352 3803 3424; x_wconf 72' lang='grc' dir='ltr'><strong>προσίοιτδ</strong></span> 
     </span>
    </p>
   </div>
   <div class='ocr_carea' id='block_1_76' title="bbox 2217 3442 3800 3521">
    <p class='ocr_par' dir='ltr' id='par_1_76' title="bbox 2217 3442 3800 3521">
     <span class='ocr_line' id='line_1_76' title="bbox 2217 3442 3800 3521; baseline -0.003 -20"><span class='ocrx_word' id='word_1_535' title='bbox 2217 3448 2379 3517; x_wconf 84' lang='grc' dir='ltr'><strong>τυχὸν</strong></span> <span class='ocrx_word' id='word_1_536' title='bbox 2411 3446 2708 3521; x_wconf 81' lang='grc' dir='ltr'><strong>εὐημερίας</strong></span> <span class='ocrx_word' id='word_1_537' title='bbox 2744 3447 2845 3499; x_wconf 85' lang='grc' dir='ltr'><strong>οὐκ</strong></span> <span class='ocrx_word' id='word_1_538' title='bbox 2882 3443 3171 3516; x_wconf 90' lang='grc' dir='ltr'><strong>ἀμοιροῦν,</strong></span> <span class='ocrx_word' id='word_1_539' title='bbox 3219 3444 3523 3515; x_wconf 79' lang='grc' dir='ltr'><strong>εὐημερίας</strong></span> <span class='ocrx_word' id='word_1_540' title='bbox 3560 3442 3618 3497; x_wconf 84' lang='grc' dir='ltr'><strong>δέ</strong></span> <span class='ocrx_word' id='word_1_541' title='bbox 3653 3458 3800 3513; x_wconf 70' lang='grc' dir='ltr'><strong>φημι</strong></span> 
     </span>
    </p>
   </div>
   <div class='ocr_carea' id='block_1_77' title="bbox 2219 3534 3800 3610">
    <p class='ocr_par' dir='ltr' id='par_1_77' title="bbox 2219 3534 3800 3610">
     <span class='ocr_line' id='line_1_77' title="bbox 2219 3534 3800 3610; baseline -0.003 -17"><span class='ocrx_word' id='word_1_542' title='bbox 2219 3540 2316 3605; x_wconf 81' lang='grc' dir='ltr'><strong>τῆς</strong></span> <span class='ocrx_word' id='word_1_543' title='bbox 2348 3540 2405 3593; x_wconf 80' lang='grc' dir='ltr'><strong>ὲν</strong></span> <span class='ocrx_word' id='word_1_544' title='bbox 2433 3539 2623 3610; x_wconf 86' lang='grc' dir='ltr'><strong>κόσμῳ</strong></span> <span class='ocrx_word' id='word_1_545' title='bbox 2656 3536 3045 3608; x_wconf 84' lang='grc' dir='ltr'><strong>τετιμημένης,</strong></span> <span class='ocrx_word' id='word_1_546' title='bbox 3080 3537 3161 3600; x_wconf 85' lang='grc' dir='ltr'><strong>είς</strong></span> <span class='ocrx_word' id='word_1_547' title='bbox 3188 3535 3411 3608; x_wconf 78' lang='grc' dir='ltr'><strong>αίσχρὸν</strong></span> <span class='ocrx_word' id='word_1_548' title='bbox 3438 3534 3550 3606; x_wconf 83' lang='grc' dir='ltr'><strong>γὰρ</strong></span> <span class='ocrx_word' id='word_1_549' title='bbox 3578 3534 3800 3598; x_wconf 75' lang='grc' dir='ltr'><strong>πάντως</strong></span> 
     </span>
    </p>
   </div>
   <div class='ocr_carea' id='block_1_78' title="bbox 2220 3626 3180 3701">
    <p class='ocr_par' dir='ltr' id='par_1_78' title="bbox 2220 3626 3180 3701">
     <span class='ocr_line' id='line_1_78' title="bbox 2220 3626 3180 3701; baseline -0.003 -16"><span class='ocrx_word' id='word_1_550' title='bbox 2220 3632 2315 3685; x_wconf 63' lang='grc' dir='ltr'><strong>καὶ⁴</strong></span> <span class='ocrx_word' id='word_1_551' title='bbox 2336 3629 2565 3695; x_wconf 78' lang='grc' dir='ltr'><strong>ἀκαλλὲς</strong></span> <span class='ocrx_word' id='word_1_552' title='bbox 2603 3628 2971 3701; x_wconf 86' lang='grc' dir='ltr'><strong>καταστρέφει</strong></span> <span class='ocrx_word' id='word_1_553' title='bbox 3008 3626 3180 3692; x_wconf 78' lang='grc' dir='ltr'><strong>τέλος.</strong></span> 
     </span>
    </p>
   </div>
   <div class='ocr_carea' id='block_1_79' title="bbox 2291 3805 2870 3876">
    <p class='ocr_par' dir='ltr' id='par_1_79' title="bbox 2291 3805 2870 3876">
     <span class='ocr_line' id='line_1_79' title="bbox 2291 3805 2870 3876; baseline -0.003 -14"><span class='ocrx_word' id='word_1_554' title='bbox 2291 3808 2499 3862; x_wconf 80' lang='grc' dir='ltr'><strong>ΠΔΛΔ.</strong></span> <span class='ocrx_word' id='word_1_555' title='bbox 2544 3806 2670 3871; x_wconf 85' lang='grc' dir='ltr'><strong>Πῶς</strong></span> <span class='ocrx_word' id='word_1_556' title='bbox 2702 3805 2870 3876; x_wconf 77' lang='grc' dir='ltr'><strong>εφης;</strong></span> 
     </span>
    </p>
   </div>
   <div class='ocr_carea' id='block_1_80' title="bbox 2290 3891 3798 3967">
    <p class='ocr_par' dir='ltr' id='par_1_80' title="bbox 2290 3891 3798 3967">
     <span class='ocr_line' id='line_1_80' title="bbox 2290 3891 3798 3967; baseline -0.007 -13"><span class='ocrx_word' id='word_1_557' title='bbox 2290 3901 2455 3954; x_wconf 82' lang='grc' dir='ltr'>ΚΥΡ.</span> <span class='ocrx_word' id='word_1_558' title='bbox 2497 3898 2684 3952; x_wconf 86' lang='grc' dir='ltr'><strong>Βούλει</strong></span> <span class='ocrx_word' id='word_1_559' title='bbox 2717 3898 2970 3967; x_wconf 82' lang='grc' dir='ltr'><strong>λέγωμεν</strong></span> <span class='ocrx_word' id='word_1_560' title='bbox 3016 3895 3075 3962; x_wconf 78' lang='grc' dir='ltr'><strong>ἐξ</strong></span> <span class='ocrx_word' id='word_1_561' title='bbox 3108 3893 3349 3967; x_wconf 84' lang='grc' dir='ltr'><strong>ἀρχαιων</strong></span> <span class='ocrx_word' id='word_1_562' title='bbox 3379 3891 3593 3956; x_wconf 78' lang='grc' dir='ltr'><strong>ἐλόντῑς</strong></span> <span class='ocrx_word' id='word_1_563' title='bbox 3617 3908 3798 3964; x_wconf 80' lang='grc' dir='ltr'><strong>παρα-</strong></span> 
     </span>
    </p>
   </div>
   <div class='ocr_carea' id='block_1_81' title="bbox 2219 3992 2560 4063">
    <p class='ocr_par' dir='ltr' id='par_1_81' title="bbox 2219 3992 2560 4063">
     <span class='ocr_line' id='line_1_81' title="bbox 2219 3992 2560 4063; baseline -0.003 -17"><span class='ocrx_word' id='word_1_564' title='bbox 2219 3994 2337 4062; x_wconf 88' lang='grc' dir='ltr'><strong>δειγ</strong></span> <span class='ocrx_word' id='word_1_565' title='bbox 2344 3992 2529 4063; x_wconf 80' lang='grc' dir='ltr'><strong>μάτων</strong></span> <span class='ocrx_word' id='word_1_566' title='bbox 2545 4009 2560 4057; x_wconf 90' lang='grc'>;</span> 
     </span>
    </p>
   </div>
   <div class='ocr_carea' id='block_1_82' title="bbox 2291 4082 3816 4161">
    <p class='ocr_par' dir='ltr' id='par_1_82' title="bbox 2291 4082 3816 4161">
     <span class='ocr_line' id='line_1_82' title="bbox 2291 4082 3816 4161; baseline -0.003 -22"><span class='ocrx_word' id='word_1_567' title='bbox 2291 4086 2499 4139; x_wconf 79' lang='grc' dir='ltr'><strong>ΠΑΛΛ.</strong></span> <span class='ocrx_word' id='word_1_568' title='bbox 2542 4084 2653 4139; x_wconf 70' lang='grc' dir='ltr'><strong>Καὶ</strong></span> <span class='ocrx_word' id='word_1_569' title='bbox 2681 4082 2845 4153; x_wconf 88' lang='grc' dir='ltr'><strong>μάλα.</strong></span> <span class='ocrx_word' id='word_1_570' title='bbox 3800 4148 3816 4161; x_wconf 47' lang='grc'><strong>,</strong></span> 
     </span>
    </p>
   </div>
   <div class='ocr_carea' id='block_1_83' title="bbox 2289 4168 3801 4245">
    <p class='ocr_par' dir='ltr' id='par_1_83' title="bbox 2289 4168 3801 4245">
     <span class='ocr_line' id='line_1_83' title="bbox 2289 4168 3801 4245; baseline -0.006 -16"><span class='ocrx_word' id='word_1_571' title='bbox 2289 4175 2452 4229; x_wconf 80' lang='grc' dir='ltr'><strong>ΚΥΡ.</strong></span> <span class='ocrx_word' id='word_1_572' title='bbox 2492 4173 2665 4245; x_wconf 80' lang='grc' dir='ltr'><strong>Λιμοῦ</strong></span> <span class='ocrx_word' id='word_1_573' title='bbox 2705 4172 3101 4244; x_wconf 80' lang='grc' dir='ltr'><strong>κατατήκοντος</strong></span> <span class='ocrx_word' id='word_1_574' title='bbox 3140 4171 3268 4235; x_wconf 79' lang='grc' dir='ltr'><strong>τοὺς</strong></span> <span class='ocrx_word' id='word_1_575' title='bbox 3321 4169 3427 4225; x_wconf 84' lang='grc' dir='ltr'><strong>ἀνά</strong></span> <span class='ocrx_word' id='word_1_576' title='bbox 3479 4172 3681 4233; x_wconf 79' lang='grc' dir='ltr'><strong>πᾶσαν,</strong></span> <span class='ocrx_word' id='word_1_577' title='bbox 3718 4168 3801 4232; x_wconf 68' lang='grc' dir='ltr'><strong>ὣς</strong></span> 
     </span>
    </p>
   </div>
   <div class='ocr_carea' id='block_1_84' title="bbox 533 4259 2113 4339">
    <p class='ocr_par' dir='ltr' id='par_1_84' title="bbox 533 4262 2110 4335">
     <span class='ocr_line' id='line_1_84' title="bbox 533 4262 2110 4335; baseline 0.003 -18"><span class='ocrx_word' id='word_1_578' title='bbox 533 4262 649 4334; x_wconf 84' lang='lat' dir='ltr'><strong>qui,</strong></span> <span class='ocrx_word' id='word_1_579' title='bbox 680 4273 743 4319; x_wconf 91' lang='lat' dir='ltr'><strong>ut</strong></span> <span class='ocrx_word' id='word_1_580' title='bbox 777 4263 835 4319; x_wconf 86' lang='lat' dir='ltr'><strong>in</strong></span> <span class='ocrx_word' id='word_1_581' title='bbox 876 4279 1088 4320; x_wconf 87' lang='lat' dir='ltr'><strong>summa</strong></span> <span class='ocrx_word' id='word_1_582' title='bbox 1132 4265 1333 4330; x_wconf 88' lang='lat' dir='ltr'><strong>dicam,</strong></span> <span class='ocrx_word' id='word_1_583' title='bbox 1373 4265 1578 4335; x_wconf 91' lang='lat' dir='ltr'><strong>ubique</strong></span> <span class='ocrx_word' id='word_1_584' title='bbox 1638 4275 1911 4322; x_wconf 89' lang='lat' dir='ltr'><strong>terrarum</strong></span> <span class='ocrx_word' id='word_1_585' title='bbox 1932 4276 2110 4333; x_wconf 87' lang='lat' dir='ltr'><strong>erant,</strong></span> 
     </span>
    </p>
   </div>
   <div class='ocr_carea' id='block_1_85' title="bbox 2217 4259 3803 4339">
    <p class='ocr_par' dir='ltr' id='par_1_85' title="bbox 2217 4259 3803 4336">
     <span class='ocr_line' id='line_1_85' title="bbox 2217 4259 3803 4336; baseline -0.005 -14"><span class='ocrx_word' id='word_1_586' title='bbox 2217 4267 2346 4332; x_wconf 77' lang='grc' dir='ltr'><strong>ε’πος</strong></span> <span class='ocrx_word' id='word_1_587' title='bbox 2383 4269 2578 4331; x_wconf 88' lang='grc' dir='ltr'><strong>είπεῖν,</strong></span> <span class='ocrx_word' id='word_1_588' title='bbox 2618 4264 2718 4336; x_wconf 81' lang='grc' dir='ltr'><strong>τὴν</strong></span> <span class='ocrx_word' id='word_1_589' title='bbox 2761 4264 2887 4334; x_wconf 84' lang='grc' dir='ltr'><strong>γῆν,</strong></span> <span class='ocrx_word' id='word_1_590' title='bbox 2925 4261 3247 4317; x_wconf 84' lang='grc' dir='ltr'><strong>καθικέσθαι</strong></span> <span class='ocrx_word' id='word_1_591' title='bbox 3281 4260 3417 4333; x_wconf 74' lang='grc' dir='ltr'><strong>πρὸς</strong></span> <span class='ocrx_word' id='word_1_592' title='bbox 3465 4259 3803 4330; x_wconf 71' lang='grc' dir='ltr'><strong>Δίγυπείους</strong></span> 
     </span>
    </p>
   </div>
   <div class='ocr_carea' id='block_1_86' title="bbox 530 4354 2110 4429">
    <p class='ocr_par' dir='ltr' id='par_1_86' title="bbox 530 4354 2110 4429">
     <span class='ocr_line' id='line_1_86' title="bbox 530 4354 2110 4429; baseline 0.004 -22"><span class='ocrx_word' id='word_1_593' title='bbox 530 4354 711 4409; x_wconf 85' lang='lat' dir='ltr'><strong>visum</strong></span> <span class='ocrx_word' id='word_1_594' title='bbox 752 4365 837 4411; x_wconf 92' lang='lat' dir='ltr'><strong>est</strong></span> <span class='ocrx_word' id='word_1_595' title='bbox 881 4356 1008 4412; x_wconf 80' lang='lat' dir='ltr'><strong>ﬁliis</strong></span> <span class='ocrx_word' id='word_1_596' title='bbox 1059 4356 1227 4413; x_wconf 83' lang='lat' dir='ltr'><strong>Jacob</strong></span> <span class='ocrx_word' id='word_1_597' title='bbox 1269 4358 1326 4412; x_wconf 91' lang='lat' dir='ltr'><strong>in</strong></span> <span class='ocrx_word' id='word_1_598' title='bbox 1362 4356 1652 4429; x_wconf 66' lang='lat' dir='ltr'><strong>Egyptum</strong></span> <span class='ocrx_word' id='word_1_599' title='bbox 1703 4356 2040 4414; x_wconf 89' lang='lat' dir='ltr'><strong>descendere</strong></span> <span class='ocrx_word' id='word_1_600' title='bbox 2096 4377 2110 4413; x_wconf 89' lang='lat'><strong>:</strong></span> 
     </span>
    </p>
   </div>
   <div class='ocr_carea' id='block_1_87' title="bbox 530 4447 2113 4505">
    <p class='ocr_par' dir='ltr' id='par_1_87' title="bbox 530 4447 2113 4505">
     <span class='ocr_line' id='line_1_87' title="bbox 530 4447 2113 4505; baseline 0.004 -7"><span class='ocrx_word' id='word_1_601' title='bbox 530 4454 690 4500; x_wconf 87' lang='lat' dir='ltr'><strong>erant</strong></span> <span class='ocrx_word' id='word_1_602' title='bbox 719 4455 903 4501; x_wconf 89' lang='lat' dir='ltr'><strong>autem</strong></span> <span class='ocrx_word' id='word_1_603' title='bbox 933 4447 1313 4504; x_wconf 84' lang='lat' dir='ltr'><strong>adolescentes</strong></span> <span class='ocrx_word' id='word_1_604' title='bbox 1343 4462 1575 4503; x_wconf 90' lang='lat' dir='ltr'><strong>numero</strong></span> <span class='ocrx_word' id='word_1_605' title='bbox 1598 4448 1808 4504; x_wconf 89' lang='lat' dir='ltr'><strong>decem.</strong></span> <span class='ocrx_word' id='word_1_606' title='bbox 1840 4448 1898 4504; x_wconf 81' lang='lat' dir='ltr'><strong>id</strong></span> <span class='ocrx_word' id='word_1_607' title='bbox 1929 4457 2113 4505; x_wconf 90' lang='lat' dir='ltr'><strong>autem</strong></span> 
     </span>
    </p>
   </div>
   <div class='ocr_carea' id='block_1_88' title="bbox 533 4537 2113 4610">
    <p class='ocr_par' dir='ltr' id='par_1_88' title="bbox 533 4537 2113 4610">
     <span class='ocr_line' id='line_1_88' title="bbox 533 4537 2113 4610; baseline 0.004 -20"><span class='ocrx_word' id='word_1_608' title='bbox 533 4537 691 4605; x_wconf 82' lang='lat' dir='ltr'><strong>cujus</strong></span> <span class='ocrx_word' id='word_1_609' title='bbox 720 4537 892 4606; x_wconf 85' lang='lat' dir='ltr'><strong>gratia</strong></span> <span class='ocrx_word' id='word_1_610' title='bbox 924 4540 1423 4609; x_wconf 78' lang='lat' dir='ltr'><strong>peregrinationem</strong></span> <span class='ocrx_word' id='word_1_611' title='bbox 1459 4540 1853 4610; x_wconf 88' lang='lat' dir='ltr'><strong>suscipiebant,</strong></span> <span class='ocrx_word' id='word_1_612' title='bbox 1887 4549 2007 4596; x_wconf 87' lang='lat' dir='ltr'><strong>erat</strong></span> <span class='ocrx_word' id='word_1_613' title='bbox 2052 4550 2113 4597; x_wconf 91' lang='lat' dir='ltr'><strong>ut</strong></span> 
     </span>
    </p>
   </div>
   <div class='ocr_carea' id='block_1_89' title="bbox 535 4630 2108 4701">
    <p class='ocr_par' dir='ltr' id='par_1_89' title="bbox 535 4630 2108 4701">
     <span class='ocr_line' id='line_1_89' title="bbox 535 4630 2108 4701; baseline 0.006 -25"><span class='ocrx_word' id='word_1_614' title='bbox 535 4633 852 4679; x_wconf 89' lang='lat' dir='ltr'><strong>coemerent</strong></span> <span class='ocrx_word' id='word_1_615' title='bbox 879 4640 1052 4690; x_wconf 88' lang='lat' dir='ltr'><strong>escas,</strong></span> <span class='ocrx_word' id='word_1_616' title='bbox 1085 4636 1350 4696; x_wconf 76' lang='lat' dir='ltr'><strong>praeterea</strong></span> <span class='ocrx_word' id='word_1_617' title='bbox 1374 4630 1533 4683; x_wconf 89' lang='lat' dir='ltr'><strong>nihil.</strong></span> <span class='ocrx_word' id='word_1_618' title='bbox 1570 4630 1765 4685; x_wconf 89' lang='lat' dir='ltr'><strong>Postea</strong></span> <span class='ocrx_word' id='word_1_619' title='bbox 1796 4646 1930 4685; x_wconf 88' lang='lat' dir='ltr'><strong>vero</strong></span> <span class='ocrx_word' id='word_1_620' title='bbox 1945 4647 2108 4701; x_wconf 87' lang='lat' dir='ltr'><strong>quam</strong></span> 
     </span>
    </p>
   </div>
   <div class='ocr_carea' id='block_1_90' title="bbox 533 4712 2107 4791">
    <p class='ocr_par' dir='ltr' id='par_1_90' title="bbox 533 4712 2107 4791">
     <span class='ocr_line' id='line_1_90' title="bbox 533 4712 2107 4791; baseline 0.007 -27"><span class='ocrx_word' id='word_1_621' title='bbox 533 4712 656 4782; x_wconf 85' lang='lat' dir='ltr'><strong>ejus</strong></span> <span class='ocrx_word' id='word_1_622' title='bbox 674 4712 754 4767; x_wconf 93' lang='lat' dir='ltr'><strong>rei</strong></span> <span class='ocrx_word' id='word_1_623' title='bbox 773 4724 1057 4783; x_wconf 86' lang='lat' dir='ltr'><strong>compotes</strong></span> <span class='ocrx_word' id='word_1_624' title='bbox 1074 4716 1201 4771; x_wconf 87' lang='lat' dir='ltr'><strong>facti</strong></span> <span class='ocrx_word' id='word_1_625' title='bbox 1225 4724 1372 4781; x_wconf 91' lang='lat' dir='ltr'><strong>sunt,</strong></span> <span class='ocrx_word' id='word_1_626' title='bbox 1405 4728 1569 4788; x_wconf 86' lang='lat' dir='ltr'><strong>atque</strong></span> <span class='ocrx_word' id='word_1_627' title='bbox 1598 4720 1768 4789; x_wconf 83' lang='lat' dir='ltr'><strong>agniti</strong></span> <span class='ocrx_word' id='word_1_628' title='bbox 1798 4721 1931 4791; x_wconf 86' lang='lat' dir='ltr'><strong>jam,</strong></span> <span class='ocrx_word' id='word_1_629' title='bbox 1961 4720 2107 4790; x_wconf 87' lang='lat' dir='ltr'><strong>quod</strong></span> 
     </span>
    </p>
   </div>
   <div class='ocr_carea' id='block_1_91' title="bbox 532 4801 2109 4877">
    <p class='ocr_par' dir='ltr' id='par_1_91' title="bbox 532 4801 2109 4877">
     <span class='ocr_line' id='line_1_91' title="bbox 532 4801 2109 4877; baseline 0.005 -20"><span class='ocrx_word' id='word_1_630' title='bbox 532 4801 734 4858; x_wconf 88' lang='lat' dir='ltr'><strong>fratres</strong></span> <span class='ocrx_word' id='word_1_631' title='bbox 761 4814 946 4859; x_wconf 89' lang='lat' dir='ltr'><strong>essent</strong></span> <span class='ocrx_word' id='word_1_632' title='bbox 972 4806 1195 4876; x_wconf 87' lang='lat' dir='ltr'><strong>Joseph,</strong></span> <span class='ocrx_word' id='word_1_633' title='bbox 1217 4808 1311 4876; x_wconf 91' lang='lat' dir='ltr'><strong>qui</strong></span> <span class='ocrx_word' id='word_1_634' title='bbox 1342 4815 1458 4861; x_wconf 91' lang='lat' dir='ltr'><strong>tum</strong></span> <span class='ocrx_word' id='word_1_635' title='bbox 1492 4808 1763 4864; x_wconf 87' lang='lat' dir='ltr'><strong>frumenta</strong></span> <span class='ocrx_word' id='word_1_636' title='bbox 1813 4809 2109 4877; x_wconf 84' lang='lat' dir='ltr'><strong>vendebat,</strong></span> 
     </span>
    </p>
   </div>
   <div class='ocr_carea' id='block_1_92' title="bbox 531 4895 2113 4972">
    <p class='ocr_par' dir='ltr' id='par_1_92' title="bbox 531 4895 2113 4972">
     <span class='ocr_line' id='line_1_92' title="bbox 531 4895 2113 4972; baseline 0.005 -23"><span class='ocrx_word' id='word_1_637' title='bbox 531 4904 589 4950; x_wconf 86' lang='lat' dir='ltr'><strong>et</strong></span> <span class='ocrx_word' id='word_1_638' title='bbox 606 4895 862 4967; x_wconf 86' lang='lat' dir='ltr'><strong>princeps</strong></span> <span class='ocrx_word' id='word_1_639' title='bbox 881 4906 1003 4952; x_wconf 85' lang='lat' dir='ltr'><strong>erat</strong></span> <span class='ocrx_word' id='word_1_640' title='bbox 1032 4906 1191 4953; x_wconf 71' lang='lat' dir='ltr'><strong>terrae</strong></span> <span class='ocrx_word' id='word_1_641' title='bbox 1219 4897 1456 4971; x_wconf 66' lang='lat' dir='ltr'><strong>IEgypti,</strong></span> <span class='ocrx_word' id='word_1_642' title='bbox 1502 4913 1619 4954; x_wconf 88' lang='lat' dir='ltr'><strong>rem</strong></span> <span class='ocrx_word' id='word_1_643' title='bbox 1649 4909 1857 4972; x_wconf 85' lang='lat' dir='ltr'><strong>gestam</strong></span> <span class='ocrx_word' id='word_1_644' title='bbox 1887 4902 2113 4958; x_wconf 91' lang='lat' dir='ltr'><strong>auribus</strong></span> 
     </span>
    </p>
   </div>
   <div class='ocr_carea' id='block_1_93' title="bbox 531 4987 2109 5063">
    <p class='ocr_par' dir='ltr' id='par_1_93' title="bbox 531 4987 2109 5063">
     <span class='ocr_line' id='line_1_93' title="bbox 531 4987 2109 5063; baseline 0.004 -23"><span class='ocrx_word' id='word_1_645' title='bbox 531 4987 741 5058; x_wconf 84' lang='lat' dir='ltr'><strong>accepit</strong></span> <span class='ocrx_word' id='word_1_646' title='bbox 756 4989 987 5054; x_wconf 88' lang='lat' dir='ltr'><strong>Pharao,</strong></span> <span class='ocrx_word' id='word_1_647' title='bbox 1037 5010 1055 5041; x_wconf 72' lang='grc' dir='ltr'><strong>ι</strong></span> <span class='ocrx_word' id='word_1_648' title='bbox 1086 4989 1322 5054; x_wconf 84' lang='lat' dir='ltr'><strong>Etdixit,</strong></span> <span class='ocrx_word' id='word_1_649' title='bbox 1351 5012 1368 5042; x_wconf 72' lang='grc' dir='ltr'><strong>ι</strong></span> <span class='ocrx_word' id='word_1_650' title='bbox 1397 4991 1595 5063; x_wconf 91' lang='lat' dir='ltr'><strong>inquit,</strong></span> <span class='ocrx_word' id='word_1_651' title='bbox 1623 5012 1641 5043; x_wconf 85' lang='grc'><strong>‹</strong></span> <span class='ocrx_word' id='word_1_652' title='bbox 1665 4992 1873 5048; x_wconf 86' lang='lat' dir='ltr'><strong>Pharao</strong></span> <span class='ocrx_word' id='word_1_653' title='bbox 1887 4994 2109 5063; x_wconf 71' lang='lat' dir='ltr'><strong>Ioseph:</strong></span> 
     </span>
    </p>
   </div>
   <div class='ocr_carea' id='block_1_94' title="bbox 536 5076 2113 5154">
    <p class='ocr_par' dir='ltr' id='par_1_94' title="bbox 536 5076 2113 5154">
     <span class='ocr_line' id='line_1_94' title="bbox 536 5076 2113 5154; baseline 0.004 -23"><span class='ocrx_word' id='word_1_654' title='bbox 536 5076 643 5146; x_wconf 69' lang='grc' dir='ltr'><strong>ιε</strong></span> <span class='ocrx_word' id='word_1_655' title='bbox 673 5078 771 5133; x_wconf 88' lang='lat' dir='ltr'><strong>Dic</strong></span> <span class='ocrx_word' id='word_1_656' title='bbox 804 5078 1068 5135; x_wconf 87' lang='lat' dir='ltr'><strong>fratribus</strong></span> <span class='ocrx_word' id='word_1_657' title='bbox 1112 5081 1222 5135; x_wconf 86' lang='lat' dir='ltr'><strong>tuis</strong></span> <span class='ocrx_word' id='word_1_658' title='bbox 1244 5123 1257 5147; x_wconf 93' lang='lat'><strong>,</strong></span> <span class='ocrx_word' id='word_1_659' title='bbox 1301 5082 1415 5137; x_wconf 86' lang='lat' dir='ltr'><strong>iloc</strong></span> <span class='ocrx_word' id='word_1_660' title='bbox 1441 5082 1604 5137; x_wconf 85' lang='lat' dir='ltr'><strong>facite</strong></span> <span class='ocrx_word' id='word_1_661' title='bbox 1636 5101 1649 5135; x_wconf 89' lang='lat'><strong>:</strong></span> <span class='ocrx_word' id='word_1_662' title='bbox 1679 5083 1903 5154; x_wconf 88' lang='lat' dir='ltr'><strong>implete</strong></span> <span class='ocrx_word' id='word_1_663' title='bbox 1926 5098 2113 5139; x_wconf 89' lang='lat' dir='ltr'><strong>saccos</strong></span> 
     </span>
    </p>
   </div>
   <div class='ocr_carea' id='block_1_95' title="bbox 531 5171 2113 5245">
    <p class='ocr_par' dir='ltr' id='par_1_95' title="bbox 531 5171 2113 5245">
     <span class='ocr_line' id='line_1_95' title="bbox 531 5171 2113 5245; baseline 0.006 -25"><span class='ocrx_word' id='word_1_664' title='bbox 531 5177 765 5234; x_wconf 90' lang='lat' dir='ltr'><strong>vestros,</strong></span> <span class='ocrx_word' id='word_1_665' title='bbox 792 5178 848 5225; x_wconf 91' lang='lat' dir='ltr'><strong>et</strong></span> <span class='ocrx_word' id='word_1_666' title='bbox 868 5171 1013 5227; x_wconf 90' lang='lat' dir='ltr'><strong>abite</strong></span> <span class='ocrx_word' id='word_1_667' title='bbox 1037 5172 1093 5227; x_wconf 92' lang='lat' dir='ltr'><strong>in</strong></span> <span class='ocrx_word' id='word_1_668' title='bbox 1139 5182 1341 5228; x_wconf 90' lang='lat' dir='ltr'><strong>terram</strong></span> <span class='ocrx_word' id='word_1_669' title='bbox 1380 5172 1658 5239; x_wconf 87' lang='lat' dir='ltr'><strong>Chanaan,</strong></span> <span class='ocrx_word' id='word_1_670' title='bbox 1691 5183 1748 5229; x_wconf 89' lang='lat' dir='ltr'><strong>et</strong></span> <span class='ocrx_word' id='word_1_671' title='bbox 1778 5175 2113 5245; x_wconf 90' lang='lat' dir='ltr'><strong>accipientes</strong></span> 
     </span>
    </p>
   </div>
   <div class='ocr_carea' id='block_1_96' title="bbox 534 5265 2109 5327">
    <p class='ocr_par' dir='ltr' id='par_1_96' title="bbox 534 5265 2109 5327">
     <span class='ocr_line' id='line_1_96' title="bbox 534 5265 2109 5327; baseline 0.005 -15"><span class='ocrx_word' id='word_1_672' title='bbox 534 5267 745 5327; x_wconf 86' lang='lat' dir='ltr'><strong>patrem</strong></span> <span class='ocrx_word' id='word_1_673' title='bbox 784 5271 1028 5317; x_wconf 89' lang='lat' dir='ltr'><strong>vestrum</strong></span> <span class='ocrx_word' id='word_1_674' title='bbox 1073 5272 1130 5319; x_wconf 92' lang='lat' dir='ltr'><strong>et</strong></span> <span class='ocrx_word' id='word_1_675' title='bbox 1178 5265 1542 5320; x_wconf 88' lang='lat' dir='ltr'><strong>substantiam</strong></span> <span class='ocrx_word' id='word_1_676' title='bbox 1600 5275 1879 5327; x_wconf 88' lang='lat' dir='ltr'><strong>vestram,</strong></span> <span class='ocrx_word' id='word_1_677' title='bbox 1924 5265 2109 5321; x_wconf 88' lang='lat' dir='ltr'><strong>venite</strong></span> 
     </span>
    </p>
   </div>
   <div class='ocr_carea' id='block_1_97' title="bbox 533 5351 2111 5428">
    <p class='ocr_par' dir='ltr' id='par_1_97' title="bbox 533 5351 2111 5428">
     <span class='ocr_line' id='line_1_97' title="bbox 533 5351 2111 5428; baseline 0.007 -25"><span class='ocrx_word' id='word_1_678' title='bbox 533 5351 601 5405; x_wconf 87' lang='lat' dir='ltr'><strong>ad</strong></span> <span class='ocrx_word' id='word_1_679' title='bbox 624 5366 732 5415; x_wconf 89' lang='lat' dir='ltr'><strong>me,</strong></span> <span class='ocrx_word' id='word_1_680' title='bbox 760 5360 816 5407; x_wconf 90' lang='lat' dir='ltr'><strong>et</strong></span> <span class='ocrx_word' id='word_1_681' title='bbox 843 5352 985 5409; x_wconf 90' lang='lat' dir='ltr'><strong>dabo</strong></span> <span class='ocrx_word' id='word_1_682' title='bbox 1018 5355 1177 5410; x_wconf 90' lang='lat' dir='ltr'><strong>vobis</strong></span> <span class='ocrx_word' id='word_1_683' title='bbox 1203 5372 1271 5412; x_wconf 80' lang='lat' dir='ltr'><strong>ex</strong></span> <span class='ocrx_word' id='word_1_684' title='bbox 1292 5358 1550 5412; x_wconf 90' lang='lat' dir='ltr'><strong>omnibus</strong></span> <span class='ocrx_word' id='word_1_685' title='bbox 1576 5357 1738 5412; x_wconf 86' lang='lat' dir='ltr'><strong>bonis</strong></span> <span class='ocrx_word' id='word_1_686' title='bbox 1784 5357 2020 5428; x_wconf 68' lang='lat' dir='ltr'><strong>Egypti,</strong></span> <span class='ocrx_word' id='word_1_687' title='bbox 2054 5367 2111 5414; x_wconf 89' lang='lat' dir='ltr'><strong>et</strong></span> 
     </span>
    </p>
   </div>
   <div class='ocr_carea' id='block_1_98' title="bbox 533 5441 2105 5520">
    <p class='ocr_par' dir='ltr' id='par_1_98' title="bbox 533 5441 2105 5520">
     <span class='ocr_line' id='line_1_98' title="bbox 533 5441 2105 5520; baseline 0.006 -25"><span class='ocrx_word' id='word_1_688' title='bbox 533 5441 841 5497; x_wconf 89' lang='lat' dir='ltr'><strong>comedetis</strong></span> <span class='ocrx_word' id='word_1_689' title='bbox 868 5444 1160 5500; x_wconf 90' lang='lat' dir='ltr'><strong>medullam</strong></span> <span class='ocrx_word' id='word_1_690' title='bbox 1184 5455 1362 5503; x_wconf 73' lang='lat' dir='ltr'><strong>terrae.</strong></span> <span class='ocrx_word' id='word_1_691' title='bbox 1392 5448 1473 5503; x_wconf 89' lang='lat' dir='ltr'><strong>&#39;l‘u</strong></span> <span class='ocrx_word' id='word_1_692' title='bbox 1504 5458 1686 5503; x_wconf 88' lang='lat' dir='ltr'><strong>autem</strong></span> <span class='ocrx_word' id='word_1_693' title='bbox 1719 5449 1955 5520; x_wconf 64' lang='lat' dir='ltr'><strong>praecipe</strong></span> <span class='ocrx_word' id='word_1_694' title='bbox 1971 5450 2105 5511; x_wconf 62' lang='lat' dir='ltr'><strong>haec,</strong></span> 
     </span>
    </p>
   </div>
   <div class='ocr_carea' id='block_1_99' title="bbox 534 5534 2110 5613">
    <p class='ocr_par' dir='ltr' id='par_1_99' title="bbox 534 5534 2110 5613">
     <span class='ocr_line' id='line_1_99' title="bbox 534 5534 2110 5613; baseline 0.007 -26"><span class='ocrx_word' id='word_1_695' title='bbox 534 5543 596 5589; x_wconf 86' lang='lat' dir='ltr'><strong>ut</strong></span> <span class='ocrx_word' id='word_1_696' title='bbox 616 5534 891 5605; x_wconf 88' lang='lat' dir='ltr'><strong>accipiant</strong></span> <span class='ocrx_word' id='word_1_697' title='bbox 920 5536 1165 5607; x_wconf 89' lang='lat' dir='ltr'><strong>plaustra</strong></span> <span class='ocrx_word' id='word_1_698' title='bbox 1191 5539 1260 5596; x_wconf 90' lang='lat' dir='ltr'><strong>de</strong></span> <span class='ocrx_word' id='word_1_699' title='bbox 1291 5550 1439 5596; x_wconf 88' lang='lat' dir='ltr'><strong>terra</strong></span> <span class='ocrx_word' id='word_1_700' title='bbox 1456 5540 1668 5613; x_wconf 55' lang='lat' dir='ltr'><strong>[Egypti</strong></span> <span class='ocrx_word' id='word_1_701' title='bbox 1693 5542 1886 5599; x_wconf 90' lang='lat' dir='ltr'><strong>liberis</strong></span> <span class='ocrx_word' id='word_1_702' title='bbox 1909 5542 2110 5598; x_wconf 81' lang='lat' dir='ltr'><strong>vestris</strong></span> 
     </span>
    </p>
   </div>
   <div class='ocr_carea' id='block_1_100' title="bbox 606 5712 1115 5779">
    <p class='ocr_par' dir='ltr' id='par_1_100' title="bbox 606 5712 1115 5779">
     <span class='ocr_line' id='line_1_100' title="bbox 606 5712 1115 5779; baseline 0.006 -13"><span class='ocrx_word' id='word_1_703' title='bbox 606 5712 648 5742; x_wconf 69' lang='grc' dir='ltr'><strong>δ’</strong></span> <span class='ocrx_word' id='word_1_704' title='bbox 684 5712 725 5766; x_wconf 80' lang='grc' dir='ltr'><strong>ιι</strong></span> <span class='ocrx_word' id='word_1_705' title='bbox 747 5712 873 5768; x_wconf 84' lang='lat' dir='ltr'><strong>Cor.</strong></span> <span class='ocrx_word' id='word_1_706' title='bbox 903 5729 995 5779; x_wconf 85' lang='lat' dir='ltr'><strong>vn,</strong></span> <span class='ocrx_word' id='word_1_707' title='bbox 1031 5714 1115 5769; x_wconf 82' lang='lat' dir='ltr'><strong>l0.</strong></span> 
     </span>
    </p>
   </div>
   <div class='ocr_carea' id='block_1_101' title="bbox 2209 4348 3803 4425">
    <p class='ocr_par' dir='ltr' id='par_1_101' title="bbox 2209 4348 3803 4425">
     <span class='ocr_line' id='line_1_101' title="bbox 2209 4348 3803 4425; baseline -0.005 -12"><span class='ocrx_word' id='word_1_708' title='bbox 2209 4360 2337 4423; x_wconf 84' lang='grc' dir='ltr'><strong>τοὺς</strong></span> <span class='ocrx_word' id='word_1_709' title='bbox 2367 4359 2428 4425; x_wconf 78' lang='grc' dir='ltr'><strong>ἐξ</strong></span> <span class='ocrx_word' id='word_1_710' title='bbox 2474 4357 2668 4412; x_wconf 74' lang='grc' dir='ltr'><strong>Ἰακὼϐ</strong></span> <span class='ocrx_word' id='word_1_711' title='bbox 2694 4356 2889 4419; x_wconf 83' lang='grc' dir='ltr'><strong>ἐδόκει,</strong></span> <span class='ocrx_word' id='word_1_712' title='bbox 2923 4354 3131 4409; x_wconf 87' lang='grc' dir='ltr'><strong>νεανίαι</strong></span> <span class='ocrx_word' id='word_1_713' title='bbox 3182 4353 3240 4407; x_wconf 71' lang='grc' dir='ltr'><strong>δὲ</strong></span> <span class='ocrx_word' id='word_1_714' title='bbox 3265 4348 3408 4424; x_wconf 78' lang='grc' dir='ltr'><strong>ἦσαν</strong></span> <span class='ocrx_word' id='word_1_715' title='bbox 3438 4352 3530 4407; x_wconf 75' lang='grc' dir='ltr'><strong>τὸν</strong></span> <span class='ocrx_word' id='word_1_716' title='bbox 3563 4352 3803 4423; x_wconf 81' lang='grc' dir='ltr'><strong>ἀριθμόν</strong></span> 
     </span>
    </p>
   </div>
   <div class='ocr_carea' id='block_1_102' title="bbox 2211 4441 3801 4517">
    <p class='ocr_par' dir='ltr' id='par_1_102' title="bbox 2211 4441 3801 4517">
     <span class='ocr_line' id='line_1_102' title="bbox 2211 4441 3801 4517; baseline -0.006 -14"><span class='ocrx_word' id='word_1_717' title='bbox 2211 4466 2315 4503; x_wconf 80' lang='grc' dir='ltr'><strong>που</strong></span> <span class='ocrx_word' id='word_1_718' title='bbox 2348 4448 2501 4509; x_wconf 79' lang='grc' dir='ltr'><strong>δέκα,</strong></span> <span class='ocrx_word' id='word_1_719' title='bbox 2532 4448 2627 4502; x_wconf 76' lang='grc' dir='ltr'><strong>καὶ</strong></span> <span class='ocrx_word' id='word_1_720' title='bbox 2664 4448 2694 4499; x_wconf 83' lang='grc' dir='ltr'><strong>ό</strong></span> <span class='ocrx_word' id='word_1_721' title='bbox 2732 4446 2832 4517; x_wconf 81' lang='grc' dir='ltr'><strong>τῆς</strong></span> <span class='ocrx_word' id='word_1_722' title='bbox 2858 4443 3165 4515; x_wconf 77' lang='grc' dir='ltr'><strong>ἀποδημίας</strong></span> <span class='ocrx_word' id='word_1_723' title='bbox 3205 4442 3426 4507; x_wconf 76' lang='grc' dir='ltr'><strong>σκοπὸς,</strong></span> <span class='ocrx_word' id='word_1_724' title='bbox 3458 4442 3520 4495; x_wconf 76' lang='grc' dir='ltr'><strong>τὸ</strong></span> <span class='ocrx_word' id='word_1_725' title='bbox 3565 4441 3801 4512; x_wconf 83' lang='grc' dir='ltr'><strong>ἐκπρία-</strong></span> 
     </span>
    </p>
   </div>
   <div class='ocr_carea' id='block_1_103' title="bbox 2211 4526 3805 4609">
    <p class='ocr_par' dir='ltr' id='par_1_103' title="bbox 2211 4526 3805 4609">
     <span class='ocr_line' id='line_1_103' title="bbox 2211 4526 3805 4609; baseline -0.006 -15"><span class='ocrx_word' id='word_1_726' title='bbox 2211 4539 2335 4594; x_wconf 88' lang='grc' dir='ltr'><strong>σθαι</strong></span> <span class='ocrx_word' id='word_1_727' title='bbox 2366 4540 2593 4609; x_wconf 77' lang='grc' dir='ltr'><strong>τροφὰς,</strong></span> <span class='ocrx_word' id='word_1_728' title='bbox 2625 4539 2721 4592; x_wconf 79' lang='grc' dir='ltr'><strong>καὶ</strong></span> <span class='ocrx_word' id='word_1_729' title='bbox 2759 4536 2947 4607; x_wconf 68' lang='grc' dir='ltr'><strong>ἕτερον</strong></span> <span class='ocrx_word' id='word_1_730' title='bbox 2977 4529 3048 4607; x_wconf 76' lang='grc' dir='ltr'><strong>ἦν</strong></span> <span class='ocrx_word' id='word_1_731' title='bbox 3076 4533 3252 4589; x_wconf 80' lang='grc' dir='ltr'><strong>οὐδέν.</strong></span> <span class='ocrx_word' id='word_1_732' title='bbox 3304 4533 3522 4604; x_wconf 74' lang='grc' dir='ltr'><strong>Ἐπειδὴ</strong></span> <span class='ocrx_word' id='word_1_733' title='bbox 3549 4532 3615 4585; x_wconf 64' lang='grc' dir='ltr'><strong>δέ</strong></span> <span class='ocrx_word' id='word_1_734' title='bbox 3656 4526 3805 4603; x_wconf 68' lang='grc' dir='ltr'><strong>ἧκον</strong></span> 
     </span>
    </p>
   </div>
   <div class='ocr_carea' id='block_1_104' title="bbox 2207 4622 3799 4699">
    <p class='ocr_par' dir='ltr' id='par_1_104' title="bbox 2207 4622 3799 4699">
     <span class='ocr_line' id='line_1_104' title="bbox 2207 4622 3799 4699; baseline -0.006 -14"><span class='ocrx_word' id='word_1_735' title='bbox 2207 4634 2288 4695; x_wconf 86' lang='grc' dir='ltr'><strong>είς</strong></span> <span class='ocrx_word' id='word_1_736' title='bbox 2319 4630 2476 4684; x_wconf 88' lang='grc' dir='ltr'><strong>τοῦτο</strong></span> <span class='ocrx_word' id='word_1_737' title='bbox 2503 4630 2598 4684; x_wconf 72' lang='grc' dir='ltr'><strong>καὶ</strong></span> <span class='ocrx_word' id='word_1_738' title='bbox 2614 4626 3074 4699; x_wconf 80' lang='grc' dir='ltr'><strong>κατεγνωρίζοντο</strong></span> <span class='ocrx_word' id='word_1_739' title='bbox 3088 4624 3274 4679; x_wconf 79' lang='grc' dir='ltr'><strong>λοιπὸν</strong></span> <span class='ocrx_word' id='word_1_740' title='bbox 3294 4624 3371 4688; x_wconf 84' lang='grc' dir='ltr'><strong>ὡς</strong></span> <span class='ocrx_word' id='word_1_741' title='bbox 3384 4622 3625 4693; x_wconf 77' lang='grc' dir='ltr'><strong>ἀδελφοὶ,</strong></span> <span class='ocrx_word' id='word_1_742' title='bbox 3644 4639 3799 4677; x_wconf 82' lang='grc' dir='ltr'><strong>σιτο-</strong></span> 
     </span>
    </p>
   </div>
   <div class='ocr_carea' id='block_1_105' title="bbox 2206 4714 3797 4791">
    <p class='ocr_par' dir='ltr' id='par_1_105' title="bbox 2206 4714 3797 4791">
     <span class='ocr_line' id='line_1_105' title="bbox 2206 4714 3797 4791; baseline -0.006 -14"><span class='ocrx_word' id='word_1_743' title='bbox 2206 4723 2483 4786; x_wconf 86' lang='grc' dir='ltr'><strong>δοτοῦντος</strong></span> <span class='ocrx_word' id='word_1_744' title='bbox 2508 4722 2631 4776; x_wconf 75' lang='grc' dir='ltr'><strong>τότε</strong></span> <span class='ocrx_word' id='word_1_745' title='bbox 2665 4721 2763 4775; x_wconf 70' lang='grc' dir='ltr'><strong>καὶ</strong></span> <span class='ocrx_word' id='word_1_746' title='bbox 2809 4718 3130 4791; x_wconf 70' lang='grc' dir='ltr'><strong>ἐξάρχοντος</strong></span> <span class='ocrx_word' id='word_1_747' title='bbox 3175 4718 3275 4787; x_wconf 86' lang='grc' dir='ltr'><strong>τῆς</strong></span> <span class='ocrx_word' id='word_1_748' title='bbox 3331 4714 3649 4784; x_wconf 72' lang='grc' dir='ltr'><strong>Αἰγυπτίων</strong></span> <span class='ocrx_word' id='word_1_749' title='bbox 3690 4715 3797 4769; x_wconf 85' lang='grc' dir='ltr'><strong>τοῦ</strong></span> 
     </span>
    </p>
   </div>
   <div class='ocr_carea' id='block_1_106' title="bbox 2220 4802 3800 4884">
    <p class='ocr_par' dir='ltr' id='par_1_106' title="bbox 2220 4802 3800 4884">
     <span class='ocr_line' id='line_1_106' title="bbox 2220 4802 3800 4884; baseline -0.005 -18"><span class='ocrx_word' id='word_1_750' title='bbox 2220 4812 2438 4884; x_wconf 77' lang='grc' dir='ltr'><strong>Ἰωσὴφ,</strong></span> <span class='ocrx_word' id='word_1_751' title='bbox 2483 4813 2565 4875; x_wconf 83' lang='grc' dir='ltr'><strong>είς</strong></span> <span class='ocrx_word' id='word_1_752' title='bbox 2603 4808 2697 4874; x_wconf 81' lang='grc' dir='ltr'><strong>οῦς</strong></span> <span class='ocrx_word' id='word_1_753' title='bbox 2726 4809 2789 4864; x_wconf 71' lang='grc' dir='ltr'><strong>τὸ</strong></span> <span class='ocrx_word' id='word_1_754' title='bbox 2824 4807 3069 4879; x_wconf 75' lang='grc' dir='ltr'><strong>πραχθὲν</strong></span> <span class='ocrx_word' id='word_1_755' title='bbox 3113 4805 3330 4875; x_wconf 83' lang='grc' dir='ltr'><strong>ἐδέχετο</strong></span> <span class='ocrx_word' id='word_1_756' title='bbox 3360 4803 3580 4876; x_wconf 73' lang='grc' dir='ltr'><strong>⁶Ιιαραὼ,</strong></span> <span class='ocrx_word' id='word_1_757' title='bbox 3621 4822 3641 4858; x_wconf 73' lang='grc' dir='ltr'><strong>ι</strong></span> <span class='ocrx_word' id='word_1_758' title='bbox 3681 4802 3800 4858; x_wconf 75' lang='grc' dir='ltr'><strong>Καὶ</strong></span> 
     </span>
    </p>
   </div>
   <div class='ocr_carea' id='block_1_107' title="bbox 2209 4890 3798 4971">
    <p class='ocr_par' dir='ltr' id='par_1_107' title="bbox 2209 4890 3798 4971">
     <span class='ocr_line' id='line_1_107' title="bbox 2209 4890 3798 4971; baseline -0.006 -17"><span class='ocrx_word' id='word_1_759' title='bbox 2209 4897 2350 4962; x_wconf 83' lang='grc' dir='ltr'><strong>είπε,</strong></span> <span class='ocrx_word' id='word_1_760' title='bbox 2387 4920 2406 4951; x_wconf 71' lang='grc' dir='ltr'><strong>ι</strong></span> <span class='ocrx_word' id='word_1_761' title='bbox 2468 4901 2623 4971; x_wconf 68' lang='grc' dir='ltr'><strong>φησι,</strong></span> <span class='ocrx_word' id='word_1_762' title='bbox 2690 4918 2711 4951; x_wconf 83' lang='grc'><em>‹</em></span> <span class='ocrx_word' id='word_1_763' title='bbox 2753 4896 2953 4970; x_wconf 74' lang='grc' dir='ltr'><strong>Φαραὼ</strong></span> <span class='ocrx_word' id='word_1_764' title='bbox 2994 4895 3132 4966; x_wconf 77' lang='grc' dir='ltr'><strong>πρὸς</strong></span> <span class='ocrx_word' id='word_1_765' title='bbox 3174 4894 3397 4964; x_wconf 83' lang='grc' dir='ltr'><strong>Ἰωσήφ·</strong></span> <span class='ocrx_word' id='word_1_766' title='bbox 3456 4890 3627 4947; x_wconf 77' lang='grc' dir='ltr'><strong>Εἶπον</strong></span> <span class='ocrx_word' id='word_1_767' title='bbox 3677 4895 3798 4957; x_wconf 81' lang='grc' dir='ltr'><strong>τοῖς</strong></span> 
     </span>
    </p>
   </div>
   <div class='ocr_carea' id='block_1_108' title="bbox 2208 4984 3799 5061">
    <p class='ocr_par' dir='ltr' id='par_1_108' title="bbox 2208 4984 3799 5061">
     <span class='ocr_line' id='line_1_108' title="bbox 2208 4984 3799 5061; baseline -0.008 -13"><span class='ocrx_word' id='word_1_768' title='bbox 2208 4993 2455 5061; x_wconf 85' lang='grc' dir='ltr'><strong>ἀδελφοῖς</strong></span> <span class='ocrx_word' id='word_1_769' title='bbox 2488 5008 2602 5044; x_wconf 90' lang='grc' dir='ltr'><strong>σου·</strong></span> <span class='ocrx_word' id='word_1_770' title='bbox 2651 4989 2822 5043; x_wconf 89' lang='grc' dir='ltr'><strong>Τοῦτο</strong></span> <span class='ocrx_word' id='word_1_771' title='bbox 2862 4988 3126 5058; x_wconf 79' lang='grc' dir='ltr'><strong>ποιήσατε</strong></span> <span class='ocrx_word' id='word_1_772' title='bbox 3145 5001 3161 5018; x_wconf 78' lang='grc' dir='ltr'><strong>ο</strong></span> <span class='ocrx_word' id='word_1_773' title='bbox 3185 4985 3457 5055; x_wconf 84' lang='grc' dir='ltr'><strong>Γεμίσατε</strong></span> <span class='ocrx_word' id='word_1_774' title='bbox 3488 4984 3560 5037; x_wconf 84' lang='grc' dir='ltr'><strong>τά</strong></span> <span class='ocrx_word' id='word_1_775' title='bbox 3593 4985 3799 5053; x_wconf 80' lang='grc' dir='ltr'><strong>πυρεῖα</strong></span> 
     </span>
    </p>
   </div>
   <div class='ocr_carea' id='block_1_109' title="bbox 2211 5074 3799 5155">
    <p class='ocr_par' dir='ltr' id='par_1_109' title="bbox 2211 5074 3799 5155">
     <span class='ocr_line' id='line_1_109' title="bbox 2211 5074 3799 5155; baseline -0.006 -17"><span class='ocrx_word' id='word_1_776' title='bbox 2211 5083 2385 5155; x_wconf 82' lang='grc' dir='ltr'><strong>ὑμῶν,</strong></span> <span class='ocrx_word' id='word_1_777' title='bbox 2423 5084 2519 5137; x_wconf 79' lang='grc' dir='ltr'><strong>καὶ</strong></span> <span class='ocrx_word' id='word_1_778' title='bbox 2563 5080 2828 5135; x_wconf 82' lang='grc' dir='ltr'><strong>ἀπέλθετε</strong></span> <span class='ocrx_word' id='word_1_779' title='bbox 2866 5081 2948 5143; x_wconf 87' lang='grc' dir='ltr'><strong>εἰς</strong></span> <span class='ocrx_word' id='word_1_780' title='bbox 2993 5081 3100 5149; x_wconf 79' lang='grc' dir='ltr'><strong>γῆν</strong></span> <span class='ocrx_word' id='word_1_781' title='bbox 3152 5077 3374 5130; x_wconf 82' lang='grc' dir='ltr'><strong>Χαναὰν</strong></span> <span class='ocrx_word' id='word_1_782' title='bbox 3400 5076 3497 5129; x_wconf 80' lang='grc' dir='ltr'><strong>καὶ</strong></span> <span class='ocrx_word' id='word_1_783' title='bbox 3546 5074 3799 5146; x_wconf 77' lang='grc' dir='ltr'><strong>παραλα-</strong></span> 
     </span>
    </p>
   </div>
   <div class='ocr_carea' id='block_1_110' title="bbox 2210 5166 3795 5245">
    <p class='ocr_par' dir='ltr' id='par_1_110' title="bbox 2210 5166 3795 5245">
     <span class='ocr_line' id='line_1_110' title="bbox 2210 5166 3795 5245; baseline -0.006 -16"><span class='ocrx_word' id='word_1_784' title='bbox 2210 5177 2396 5239; x_wconf 74' lang='grc' dir='ltr'><strong>ϐόντες</strong></span> <span class='ocrx_word' id='word_1_785' title='bbox 2427 5175 2518 5228; x_wconf 81' lang='grc' dir='ltr'><strong>τὸν</strong></span> <span class='ocrx_word' id='word_1_786' title='bbox 2560 5173 2770 5245; x_wconf 86' lang='grc' dir='ltr'><strong>πατέρα</strong></span> <span class='ocrx_word' id='word_1_787' title='bbox 2804 5171 2981 5243; x_wconf 80' lang='grc' dir='ltr'><strong>ὑμῶν,</strong></span> <span class='ocrx_word' id='word_1_788' title='bbox 3011 5172 3105 5225; x_wconf 67' lang='grc' dir='ltr'><strong>καὶ</strong></span> <span class='ocrx_word' id='word_1_789' title='bbox 3146 5170 3215 5224; x_wconf 88' lang='grc' dir='ltr'><strong>τά</strong></span> <span class='ocrx_word' id='word_1_790' title='bbox 3250 5168 3565 5241; x_wconf 81' lang='grc' dir='ltr'><strong>ὑπάρχοντα</strong></span> <span class='ocrx_word' id='word_1_791' title='bbox 3611 5166 3795 5237; x_wconf 79' lang='grc' dir='ltr'><strong>ὑμῶν,</strong></span> 
     </span>
    </p>
   </div>
   <div class='ocr_carea' id='block_1_111' title="bbox 2207 5256 3798 5339">
    <p class='ocr_par' dir='ltr' id='par_1_111' title="bbox 2207 5256 3798 5339">
     <span class='ocr_line' id='line_1_111' title="bbox 2207 5256 3798 5339; baseline -0.005 -19"><span class='ocrx_word' id='word_1_792' title='bbox 2207 5269 2371 5339; x_wconf 74' lang='grc' dir='ltr'><strong>ἥκετε</strong></span> <span class='ocrx_word' id='word_1_793' title='bbox 2402 5267 2537 5339; x_wconf 85' lang='grc' dir='ltr'><strong>πρὸς</strong></span> <span class='ocrx_word' id='word_1_794' title='bbox 2567 5265 2655 5337; x_wconf 81' lang='grc' dir='ltr'><strong>μὲ,</strong></span> <span class='ocrx_word' id='word_1_795' title='bbox 2687 5266 2782 5320; x_wconf 72' lang='grc' dir='ltr'><strong>καὶ</strong></span> <span class='ocrx_word' id='word_1_796' title='bbox 2815 5262 2971 5318; x_wconf 79' lang='grc' dir='ltr'><strong>δώσω</strong></span> <span class='ocrx_word' id='word_1_797' title='bbox 3007 5264 3136 5332; x_wconf 81' lang='grc' dir='ltr'><strong>ὑμῖν</strong></span> <span class='ocrx_word' id='word_1_798' title='bbox 3180 5261 3399 5315; x_wconf 82' lang='grc' dir='ltr'><strong>πάντων</strong></span> <span class='ocrx_word' id='word_1_799' title='bbox 3426 5258 3538 5312; x_wconf 88' lang='grc' dir='ltr'><strong>τῶν</strong></span> <span class='ocrx_word' id='word_1_800' title='bbox 3566 5256 3798 5327; x_wconf 80' lang='grc' dir='ltr'><strong>ἀγαθῶν</strong></span> 
     </span>
    </p>
   </div>
   <div class='ocr_carea' id='block_1_112' title="bbox 2208 5347 3799 5427">
    <p class='ocr_par' dir='ltr' id='par_1_112' title="bbox 2208 5347 3799 5427">
     <span class='ocr_line' id='line_1_112' title="bbox 2208 5347 3799 5427; baseline -0.008 -15"><span class='ocrx_word' id='word_1_801' title='bbox 2208 5358 2505 5427; x_wconf 77' lang='grc' dir='ltr'><strong>Αἰγύπτου,</strong></span> <span class='ocrx_word' id='word_1_802' title='bbox 2557 5358 2653 5411; x_wconf 75' lang='grc' dir='ltr'><strong>καὶ</strong></span> <span class='ocrx_word' id='word_1_803' title='bbox 2697 5354 2936 5426; x_wconf 84' lang='grc' dir='ltr'><strong>φάγεσθε</strong></span> <span class='ocrx_word' id='word_1_804' title='bbox 2964 5352 3057 5406; x_wconf 82' lang='grc' dir='ltr'><strong>τὸν</strong></span> <span class='ocrx_word' id='word_1_805' title='bbox 3101 5350 3296 5423; x_wconf 80' lang='grc' dir='ltr'><strong>μυελὸν</strong></span> <span class='ocrx_word' id='word_1_806' title='bbox 3322 5353 3422 5421; x_wconf 79' lang='grc' dir='ltr'><strong>τῆς</strong></span> <span class='ocrx_word' id='word_1_807' title='bbox 3451 5349 3577 5419; x_wconf 83' lang='grc' dir='ltr'><strong>γῆς.</strong></span> <span class='ocrx_word' id='word_1_808' title='bbox 3613 5347 3685 5401; x_wconf 72' lang='grc' dir='ltr'><strong>Σὺ</strong></span> <span class='ocrx_word' id='word_1_809' title='bbox 3730 5347 3799 5401; x_wconf 77' lang='grc' dir='ltr'><strong>δδ</strong></span> 
     </span>
    </p>
   </div>
   <div class='ocr_carea' id='block_1_113' title="bbox 2208 5440 3799 5515">
    <p class='ocr_par' dir='ltr' id='par_1_113' title="bbox 2208 5440 3799 5515">
     <span class='ocr_line' id='line_1_113' title="bbox 2208 5440 3799 5515; baseline -0.008 -10"><span class='ocrx_word' id='word_1_810' title='bbox 2208 5451 2439 5506; x_wconf 76' lang='grc' dir='ltr'><strong>ἐντειλαι</strong></span> <span class='ocrx_word' id='word_1_811' title='bbox 2466 5451 2658 5514; x_wconf 87' lang='grc' dir='ltr'><strong>ταῦτα,</strong></span> <span class='ocrx_word' id='word_1_812' title='bbox 2700 5448 2884 5505; x_wconf 79' lang='grc' dir='ltr'><strong>λαϐεῖν</strong></span> <span class='ocrx_word' id='word_1_813' title='bbox 2917 5446 3117 5509; x_wconf 76' lang='grc' dir='ltr'><strong>αὐτοὺς</strong></span> <span class='ocrx_word' id='word_1_814' title='bbox 3142 5443 3357 5515; x_wconf 79' lang='grc' dir='ltr'><strong>ἀμάξας</strong></span> <span class='ocrx_word' id='word_1_815' title='bbox 3390 5443 3455 5496; x_wconf 82' lang='grc' dir='ltr'><strong>ἐκ</strong></span> <span class='ocrx_word' id='word_1_816' title='bbox 3484 5440 3591 5513; x_wconf 86' lang='grc' dir='ltr'><strong>γῆς</strong></span> <span class='ocrx_word' id='word_1_817' title='bbox 3621 5440 3799 5509; x_wconf 66' lang='grc' dir='ltr'><strong>Αίγύ-</strong></span> 
     </span>
    </p>
   </div>
   <div class='ocr_carea' id='block_1_114' title="bbox 2208 5530 3797 5611">
    <p class='ocr_par' dir='ltr' id='par_1_114' title="bbox 2208 5530 3797 5611">
     <span class='ocr_line' id='line_1_114' title="bbox 2208 5530 3797 5611; baseline -0.008 -13"><span class='ocrx_word' id='word_1_818' title='bbox 2208 5560 2362 5611; x_wconf 88' lang='grc' dir='ltr'><strong>πτου,</strong></span> <span class='ocrx_word' id='word_1_819' title='bbox 2390 5544 2503 5606; x_wconf 85' lang='grc' dir='ltr'><strong>τοῖς</strong></span> <span class='ocrx_word' id='word_1_820' title='bbox 2528 5541 2759 5606; x_wconf 79' lang='grc' dir='ltr'><strong>παιδίοις</strong></span> <span class='ocrx_word' id='word_1_821' title='bbox 2784 5539 2937 5611; x_wconf 82' lang='grc' dir='ltr'><strong>ὑμῶν</strong></span> <span class='ocrx_word' id='word_1_822' title='bbox 2964 5538 3059 5594; x_wconf 54' lang='grc' dir='ltr'><strong>καί⁸</strong></span> <span class='ocrx_word' id='word_1_823' title='bbox 3077 5539 3199 5601; x_wconf 88' lang='grc' dir='ltr'><strong>ταῖς</strong></span> <span class='ocrx_word' id='word_1_824' title='bbox 3222 5533 3454 5606; x_wconf 82' lang='grc' dir='ltr'><strong>γυναιξὶ,</strong></span> <span class='ocrx_word' id='word_1_825' title='bbox 3480 5533 3579 5588; x_wconf 73' lang='grc' dir='ltr'><strong>καὶ</strong></span> <span class='ocrx_word' id='word_1_826' title='bbox 3595 5530 3797 5587; x_wconf 69' lang='grc' dir='ltr'><strong>ἀναλα-</strong></span> 
     </span>
    </p>
   </div>
  </div>
