4120 6524
259 441 357 497 Ml

1003 437 1093 493 DE
1130 437 1572 495 ADORATIONE
1607 440 1677 495 IN
1716 440 1984 499 SPIRITU
2021 444 2109 501 ΕΤ
2145 447 2509 504 VERITATE.
2553 449 2678 505 LIB.
2719 450 2758 503 l.

3399 457 3502 513 102

255 554 444 616 δόντες
469 552 561 608 τὸν
591 550 804 621 πατέρα
836 549 989 619 ὑμῶν
1030 550 1421 620 παραγίνεσθε,
1455 552 1548 604 καὶ
1593 553 1668 622 μὴ
1710 555 1814 622 φεί-

1934 564 1988 610 et
2014 558 2297 622 uxoribus,
2329 569 2386 614 et
2424 560 2674 616 tollentes
2705 572 2915 631 patrem
2939 575 3181 620 vestrum
3207 567 3411 632 venite,
3441 582 3498 625 et

252 644 423 715 inge-Oc
469 645 581 706 τοῖς
626 641 924 711 ὀφθαλμοῖς
956 641 1065 694 τῶν
1119 642 1326 694 σκευῶν
1377 643 1567 713 ὑμῶν’
1608 643 1675 696 τὰ
1723 645 1831 714 γὰρ

254 734 434 787 πάντα
462 732 646 800 ἀγαθὰ
674 730 952 798 Αἰγύπτου
980 730 1107 801 ὑμῖν
1135 730 1307 783 ἔσται.
1348 750 1365 783 ι
1403 733 1460 785 Ὁ
1492 735 1588 802 μὲν
1610 729 1702 787 οῦν
1733 737 1832 805 τῆς

253 825 570 890 Αίγυπτίων
599 822 900 894 ἡγούμενος
937 823 1122 885 αὐτοῖς
1168 822 1485 876 ἀνάπαυλαν
1530 826 1622 877 καὶ
1650 829 1826 896 τρυφῇ

257 916 636 971 καταπιαίνειν
669 911 730 968 εὗ
769 915 914 985 μάλα
947 916 1438 985 κατεπηγγείλατο,
1463 917 1558 969 καὶ
1603 917 1710 986 μὴν
1738 917 1830 970 καὶ

256 1007 471 1078 ἁμάξας
540 1006 856 1078 ἐχαρίζετο,
917 1005 1284 1059 καταλεαίνων
1340 1003 1492 1077 οἶμαί
1556 1023 1657 1059 που
1717 1010 1830 1070 τοῖς

253 1099 470 1153 ὀκνοῦσι
499 1097 596 1169 τὴν
627 1097 872 1152 κάθοδον.
909 1097 973 1150 Ol
1014 1097 1072 1149 δὲ
1105 1098 1340 1161 πανοικὶ,
1388 1097 1706 1150 κατέϐαινον
1739 1099 1828 1149 εὐ-

254 1191 369 1256 θὺς,
419 1191 518 1262 τὴν
563 1192 894 1263 πρόσκαιρον
919 1191 1030 1242 τῶν
1070 1188 1345 1259 ἐδωδίμων
1377 1188 1692 1248 ἀπόλαυσιν.
1728 1189 1827 1241 οὐκ

249 1279 342 1336 οἷδ’
378 1283 530 1346 ὅπως
559 1281 1018 1354 -προτετιμηκότες
1045 1283 1147 1352 γῆς
1177 1297 1236 1332 τε
1259 1279 1354 1333 καὶ
1379 1280 1560 1350 χώρας
1578 1278 1826 1348 δοθείσης

252 1375 403 1446 παρὰ
424 1373 562 1429 Θεοῦ
585 1391 598 1404 ·
643 1370 711 1444 ἦν
742 1374 851 1444 γὰρ
881 1374 944 1444 δή
987 1390 1088 1426 που
1129 1373 1279 1442 παρὰ
1321 1372 1453 1426 πολὺ
1479 1373 1724 1444 κρεῖττόν
1764 1389 1823 1425 τε

251 1467 341 1520 καὶ
371 1466 596 1534 ἄμεινον
630 1464 690 1517 τὸ
721 1465 935 1535 ἐκείνην
968 1463 1246 1534 νέμεσθαι,
1274 1465 1323 1516 εί
1355 1467 1448 1516 καὶ
1489 1464 1584 1518 σὺν
1634 1462 1825 1535 βραχεῐ

245 1556 305 1608 τὸ
336 1556 530 1626 χρῆμα
571 1552 921 1624 κατωρθοῦτο
960 1553 1126 1624 πόνῳ.
1191 1551 1407 1623 Ἐπειδὴ
1455 1551 1512 1604 δὲ
1557 1547 1692 1622 ἦκον
1743 1553 1824 1615 είς

250 1644 546 1712 Αἴγυπτον,
599 1640 766 1712 ᾤοντο
811 1643 910 1712 μὲν
959 1643 1090 1704 ἴσως
1150 1641 1245 1696 aut
1305 1641 1588 1711 διαδράναι
1639 1641 1821 1694 λοιπὸν

1932 660 2001 699 ne
2022 647 2260 715 parcatis
2281 648 2454 702 oculis
2478 649 2911 718 supellectilibus
2932 654 3150 719 vestris,
3167 655 3294 725 quia
3312 657 3496 712 omnia

1931 731 2072 787 bona
2096 733 2314 806 Egypti
2338 736 2493 792 vobis
2525 748 2689 793 erunt
2717 739 2780 792 ⁸⁸.
2822 759 2839 791 ›
2905 740 3090 810 Itaque
3119 742 3497 815 Egyptiorum

1929 824 2184 895 princeps
2216 826 2302 880 his
2330 827 2501 881 otium
2524 837 2578 883 et
2593 829 2899 900 voluptates
2920 831 3330 891 afiluentissime
3353 853 3494 907 pne-

1928 915 2170 970 biturum
2202 933 2259 972 se
2295 918 2687 987 pollicebatur;
2717 922 2954 990 plaustra
2977 939 3195 993 quoque
3227 927 3495 998 largieba-

1929 1015 2039 1070 tur,
2065 1015 2127 1061 ut
2149 1008 2291 1073 illos,
2329 1017 2390 1063 ut
2425 1019 2577 1080 puto,
2611 1010 3028 1069 reformidantes
3060 1016 3128 1070 ad
3152 1017 3495 1075 descenden-

1928 1097 2059 1150 dum
2094 1099 2358 1155 alliceret.
2389 1100 2454 1154 Hi
2488 1116 2622 1156 vero
2652 1118 2778 1156 cum
2806 1105 3059 1160 universa
3090 1106 3295 1163 familia
3311 1111 3493 1166 statim

1926 1187 2347 1253 descenderunt,
2383 1191 2843 1259 temporariorum
2893 1193 3145 1248 ciborum
3188 1210 3348 1250 usum
3409 1213 3496 1251 ra-

1930 1278 2075 1333 tione
2121 1280 2304 1333 nescio
2362 1296 2488 1351 qua,
2532 1288 2688 1335 terra:
2740 1282 3057 1351 regionique
3113 1299 3144 1338 a
3199 1285 3312 1340 Deo
3355 1285 3495 1344 data

1926 1369 2279 1440 praeferentes
2313 1388 2325 1422 :
2364 1372 2538 1425 multo
2590 1387 2824 1443 namque
2884 1374 3079 1428 melius
3109 1382 3271 1445 atque
3305 1377 3496 1432 utilius

1923 1467 2043 1512 erat
2079 1473 2146 1512 ex
2201 1458 2292 1514 illa
2357 1459 2462 1513 sibi
2514 1469 2729 1530 pastum
2782 1476 3052 1529 quaerere,
3108 1465 3359 1532 quamvis
3384 1481 3493 1520 non

1923 1548 2042 1603 sine
2095 1549 2277 1620 aliquo
2317 1551 2505 1607 labore
2557 1551 2612 1604 id
2644 1550 2782 1606 effici
2838 1561 3042 1622 posset.
3107 1555 3302 1610 Postea
3359 1571 3493 1612 vero

1921 1655 2082 1709 quam
2104 1640 2159 1694 in
2194 1640 2484 1712 Egyptum
2515 1650 2804 1705 venerunt,
2844 1644 3110 1712 putabant
3158 1660 3216 1700 se
3262 1645 3493 1702 fortasse

249 1736 374 1800 τοὺς
406 1735 546 1789 οίκοι
593 1735 806 1798 πόνους,
845 1727 926 1796 οἷς
956 1734 1048 1786 καὶ
1080 1731 1190 1785 τῶν
1233 1731 1548 1802 παραυτίκα
1573 1731 1814 1802 τερπνῶν

1914 1732 2026 1802 jam
2055 1731 2310 1802 effugisse
2333 1733 2546 1788 labores
2569 1749 2706 1802 quos
2741 1732 2887 1788 domi
2921 1735 3244 1802 habuerant,
3268 1747 3493 1809 eratque

248 1829 279 1898 ἡ
303 1827 559 1897 αἴσθησις
606 1825 758 1894 ἡδεῖά
785 1841 900 1888 πως
928 1819 996 1896 ἦν
1028 1824 1229 1886 αὐτοῖς.
1278 1823 1598 1890 Διέρποντος
1643 1822 1700 1875 δὲ
1726 1822 1814 1878 τοῦ

1921 1821 2028 1875 illis
2057 1824 2410 1892 prmsentium
2468 1823 2807 1892 voluptatum
2842 1839 3050 1882 sensus
3096 1828 3488 1895 perjucundus.

244 1920 460 1991 χρόνου,
495 1918 589 1970 τὸν
631 1917 803 1970 ἀκλεᾶ
834 1917 931 1987 τῆς
959 1916 1201 1978 δουλείας
1238 1915 1524 1986 ὑποτρέχει
1557 1913 1741 1982 ζυγὸν,
1785 1916 1814 1985 ἡ

1922 1908 2026 1964 Sed
2071 1910 2360 1980 interjecto
2411 1919 2652 1980 tempore
2689 1911 2984 1965 multitudo
3037 1913 3126 1968 illa
3174 1914 3285 1984 jam
3308 1915 3490 1971 indea

243 2009 450 2064 ἂνωθέν
491 2024 552 2060 τε
604 2007 700 2060 καὶ
739 2009 804 2060 ὲκ
850 2006 1102 2078 πατέρων
1137 2006 1362 2077 εὐγενὴς
1413 2006 1504 2060 καὶ
1559 2004 1814 2075 ἐλευθέρα

1918 2001 2035 2057 suis
2064 2002 2363 2072 majoribus
2393 2002 2628 2073 ingenua
2655 2017 2718 2056 ac
2774 2002 2970 2069 libera,
3033 2005 3167 2060 rude
3206 2007 3490 2065 servitutis

242 2101 472 2173 πληθύς.
509 2098 719 2154 Οὐκοῦν
739 2100 792 2151 εί
825 2099 1052 2169 προσείη
1075 2099 1193 2167 μετ’
1221 2098 1519 2169 εὐημερίας
1547 2099 1814 2166 κοσμικῆς

1913 2092 2105 2162 jugum
2137 2092 2328 2147 subiit.
2358 2093 2526 2163 igitur
2557 2091 2832 2147 mundana
2856 2093 3105 2160 felicitas,
3157 2096 3248 2150 cui
3291 2096 3488 2168 adjun-

242 2194 299 2247 τὸ
333 2192 706 2264 προσπίπτειν
740 2192 820 2256 είς
865 2191 934 2244 τὰ
959 2190 1175 2260 αἰσχίω,
1208 2190 1591 2261 παραιτητέον,
1617 2183 1664 2247 ὣ
1697 2191 1817 2253 τᾶν,

241 2283 400 2354 ειπερ
430 2282 550 2336 ἐστὶ
575 2283 706 2352 παρ’
732 2283 862 2352 ἡμῖν
888 2282 946 2333 εν
976 2281 1120 2350 λόγῳ
1144 2279 1204 2333 τὸ
1232 2278 1535 2348 ἐλεύθερον,
1569 2278 1818 2350 βδελυρόν

241 2389 297 2424 τε
322 2373 425 2426 καὶ
448 2371 860 2442 ἀπηχθισμένον
909 2371 970 2425 τὸ
1005 2371 1368 2440 δουλοπρεπὲς
1408 2372 1598 2443 χρῆμά
1629 2389 1688 2424 τε
1724 2373 1818 2426 καὶ

241 2465 518 2535 φρόνημα
725 2533 734 2540 .

305 2556 520 2610 ΠΑΛΛ.
568 2555 796 2624 Ἀριστα
821 2554 980 2623 ἔφης.

305 2647 479 2703 ΚΥΡ.
522 2646 587 2700 Τί
626 2646 704 2710 δὲ,
738 2647 858 2715 οὐχὶ
887 2646 1106 2702 κάκεῖνό
1134 2663 1335 2718 φαμεν,
1376 2647 1436 2700 οὐ
1476 2647 1701 2718 μετρίαν
1742 2647 1817 2710 ὥς

236 2738 298 2805 γέ
329 2755 431 2810 μοι
457 2738 606 2795 δοκεῖ
635 2740 751 2801 τοῖς
779 2738 980 2809 ἀρτίως
1015 2740 1147 2808 ἡμῖν
1179 2737 1490 2809 εἰρημένοις
1533 2739 1816 2793 συνωδίνον

231 2830 328 2899 τὴν
347 2828 382 2882 ε
393 2844 543 2898 νησιν
558 2846 575 2894 ;

296 3009 518 3070 ΗΔΔΛ.
561 3006 634 3060 Τδ
664 3007 756 3058 ποῖ
774 3004 835 3057 τί.
852 3004 976 3075 φῄς.

302 3099 474 3154 ΚΥΡ.
530 3096 812 3166 Ῥαψάκης
865 3097 893 3147 ὀ
947 3093 1279 3157 Βαϐυλώνιος
1336 3093 1443 3146 τῶν
1519 3093 1814 3164 Ἀσσυρίων

235 3189 566 3262 στρατηγὸς,
589 3187 824 3260 ἀριθμοῦ
862 3188 1146 3261 κρείττονα
1175 3187 1484 3258 δορυφόρων
1525 3185 1655 3238 ποτε
1679 3185 1812 3255 πλη-

236 3246 327 3338 θὺν
359 3246 680 3353 επὶὶτνέῥετᾏ,
713 3246 816 3351 55x:
843 3246 912 3334 re.
941 3246 1338 3350 πολιορκήσων..
1377 3246 1577 3348 μᾶλλον
1606 3278 1684 3340 δὲ,
1717 3246 1810 3332 καὶ
1838 3246 1879 3304 C

235 3372 352 3426 λίαν
387 3371 649 3441 ἀμογητὶ,
685 3371 865 3424 πᾶσαν
889 3370 954 3422 ix
984 3368 1200 3438 βάθρων
1229 3369 1472 3439 αἱρήσειν
1497 3365 1808 3435 ὑπειληφὼς

235 3464 326 3534 τὴν
349 3465 518 3533 ἁγίαν
546 3463 720 3516 πόλιν.
751 3457 884 3515 Εἶτα
911 3460 1242 3531 προεσάλευε
1260 3459 1367 3512 τῶν
1388 3459 1566 3512 ὃπλων
1593 3458 1689 3529 τὴν
1711 3460 1810 3513 οὐκ

235 3555 566 3625 ἀμελέτητον
587 3552 759 3623 αὐτῷ,
796 3552 1214 3622 κατειθισμένην
1237 3551 1294 3605 δὲ
1322 3551 1526 3623 σφόδρα
1553 3551 1694 3606 κατὰ
1716 3552 1809 3604 τοῦ

233 3644 366 3700 Θεοῦ
395 3642 798 3714 γλωσσαλγίαν.
829 3641 1014 3712 Μυρία
1036 3640 1092 3694 δὲ
1121 3642 1221 3694 ὅσα
1249 3640 1500 3712 παλίμφη
1510 3657 1585 3710 μα
1613 3640 1806 3709 λέγων,

239 3737 644 3808 τροσεπεφὼνει
687 3735 747 3787 τὸ
775 3733 1081 3790 τελευταῖον
1125 3734 1238 3794 τοῖς
1277 3731 1374 3802 τὴν
1408 3731 1567 3799 ἁγίαν
1599 3730 1806 3785 οἰκοῦσι

237 3830 404 3883 matv-
429 3847 450 3881 ε
475 3826 612 3883 Τάδε
631 3826 778 3893 λέγει
801 3827 828 3879 ὁ
850 3823 1100 3891 βασιλεὺς
1127 3823 1445 3894 Ἀσσυρίων·
1465 3824 1528 3876 El
1554 3821 1804 3892 βούλεσθε

237 3918 610 3990 mione-ﬁni,
654 3914 951 3985 πορεύεσθε
985 3914 1119 3984 πρὸς
1157 3913 1244 3984 μὲ,
1280 3914 1374 3967 καὶ
1405 3911 1640 3981 φάγεσθε
1675 3911 1807 3965 ἕκα-

239 4026 351 4074 στος
383 4011 485 4079 τὴν
515 4007 761 4077 ἄμπελον
799 4005 985 4067 αὐτοῦ,
1019 4005 1114 4056 καὶ
1145 4008 1242 4067 τὰς
1277 4005 1448 4066 συκᾶς
1482 4002 1665 4069 αὑτοῦ,
1712 4002 1806 4055 καὶ

237 4101 418 4159 πίεσθε
470 4099 614 4168 ὕδωρ
664 4096 757 4150 τοῦ
811 4096 1015 4148 λάκκου
1071 4094 1244 4165 ὑμῶν,
1281 4093 1386 4157 ἕως
1415 4093 1481 4147 ἂν
1505 4093 1662 4157 nam,
1713 4093 1806 4146 καὶ

237 4193 376 4247 λάϐω
422 4193 568 4262 ὑμᾶς
621 4190 702 4253 είς
753 4189 877 4258 γῆν,
929 4187 1007 4251 ὠς
1040 4187 1073 4255 ἠ
1115 4185 1187 4255 γῆ
1219 4185 1393 4254 ὑμῶν,
1434 4184 1506 4253 γῆ
1538 4186 1684 4238 σίτου
1712 4186 1806 4238 καὶ

236 4281 368 4338 om
397 4282 494 4336 καὶ
523 4279 704 4350 ἀρτων
731 4278 826 4331 καὶ
857 4274 1214 4346 ἀμπελώνων.
1240 4293 1259 4328 ι
1298 4274 1488 4345 ’Δθρει
1516 4275 1580 4347 δὴ
1606 4272 1698 4330 οὖν
1721 4276 1802 4328 ὅτι

238 4374 323 4426 καὶ
351 4372 513 4437 αὐτὸς
543 4368 938 4438 ιπαγγέλλεται
964 4368 1063 4436 τὴν
1087 4366 1173 4418 ἐπ’
1193 4367 1423 4437 ἀμπέλῳ
1455 4385 1514 4420 τε
1548 4368 1641 4420 καὶ
1664 4369 1800 4437 συκῇ

236 4465 438 4534 τρυφήν
462 4480 520 4516 τε
549 4462 645 4516 καὶ
668 4460 856 4531 τέρῲιν
885 4457 1192 4528 προσετίθει
1218 4457 1294 4521 δὲ,
1322 4459 1401 4511 δτι
1437 4476 1457 4510 ε
1483 4459 1591 4512 Καὶ
1612 4457 1799 4511 πίεσθε

237 4554 371 4626 ὓδωρ
398 4553 493 4606 τοῦ
523 4553 729 4606 λάκκου
756 4550 931 4621 ὑμῶν.
969 4567 986 4599 ι

296 4730 502 4785 ΠΔΛΔ.
555 4727 718 4781 Ἀλλὰ
754 4726 809 4780 τί
855 4727 923 4780 ἂν
974 4726 1216 4796 βούλοιτο
1269 4726 1440 4779 ταῦτα
1494 4726 1711 4796 δηλοῦν,
1752 4728 1800 4779 εί

235 4820 360 4889 apo;
386 4820 621 4890 θεωρίαν
646 4819 834 4886 ἄγοιτο
855 4819 955 4889 τὴν
976 4817 1387 4889 πνευματικήν;

293 4912 454 4966 ΚΥΡ.
494 4909 653 4965 Κατά
680 4910 857 4963 διττὸν
881 4907 1035 4980 οῐμαι
1059 4910 1261 4980 τρόπον
1291 4910 1323 4979 ὴ
1345 4909 1442 4979 τῆς
1468 4909 1798 4980 φαυλότητος

233 5003 286 5055 ιν
320 5005 448 5074 ἡμῖν
476 5003 904 5074 ἀποπεραίνεται
946 5000 1194 5071 δύναμις.
1231 5003 1302 5054 Ἥ
1342 5002 1450 5071 γὰρ
1481 5005 1598 5066 ταῖς
1627 5001 1796 5072 θύρα-

1918 2189 2038 2235 ctus
2082 2189 2166 2235 est
2220 2182 2311 2235 ille
2337 2182 2410 2236 ad
2478 2182 2723 2253 turpiora
2754 2185 2958 2254 lapsus,
3021 2187 3326 2256 respuenda
3380 2198 3484 2253 est.

1917 2272 2157 2336 Palladi,
2188 2273 2233 2326 si
2269 2288 2431 2342 quam
2461 2275 2726 2330 rationem
2757 2277 3027 2332 libertatis
3091 2278 3373 2343 habemus,
3431 2289 3488 2336 et

1916 2363 2194 2418 servitutis
2217 2372 2273 2417 et
2294 2379 2410 2418 rem
2437 2373 2493 2420 et
2515 2378 2735 2422 senmm
2761 2384 3111 2424 exsecramur
3138 2381 3301 2441 atque
3331 2387 3497 2427 aver-

1915 2469 2120 2510 samur.

1987 2548 2180 2604 PALL.
2217 2550 2434 2621 Optime
2477 2551 2686 2606 dixisti.

1986 2639 2142 2696 CYR.
2178 2641 2320 2710 Quid
2352 2659 2484 2699 vero
2532 2644 2790 2714 prohibet
2835 2645 3133 2716 quominus
3159 2644 3294 2701 illud
3344 2660 3483 2716 quo-

1914 2746 2021 2802 que
2047 2731 2312 2798 dicamus,
2373 2734 2542 2805 quod,
2579 2746 2640 2791 ut
2686 2737 2820 2792 mihi
2850 2737 3071 2808 quidem
3109 2738 3351 2804 videtur,
3375 2754 3483 2796 non

1915 2822 2245 2879 mediocrem
2294 2827 2455 2881 simul
2494 2843 2618 2882 cum
2649 2828 2719 2883 iis
2747 2845 2871 2898 qua:
2910 2829 3072 2884 modo
3104 2829 3345 2884 diximus
3374 2831 3486 2884 uti-

1913 2911 2121 2967 litatem
2144 2914 2434 2969 continet?
2628 2970 2651 2986 ,

1984 3004 2178 3058 PALL.
2205 3005 2474 3072 Quidnam
2506 3008 2640 3062 illud
2661 3009 2785 3063 est?

1980 3092 2136 3149 CYR.
2203 3095 2474 3165 Rapsaces
2514 3096 2879 3167 Babylonius,
2935 3099 3277 3169 Assyriorum
3351 3101 3482 3164 dux,

1913 3187 2324 3242 multitudinem
2383 3189 2620 3244 militum
2694 3189 3038 3246 innumeram
3096 3201 3484 3258 contraxerat,

1914 3287 2247 3348 veneratque
2294 3289 2728 3350 oppugnaturus,
2772 3281 2882 3335 imo
2905 3297 3055 3346 vero,
3112 3293 3175 3338 ut
3211 3283 3327 3354 ipse
3379 3301 3484 3355 pu-

1915 3371 2082 3434 tabat,
2122 3372 2274 3427 nulio
2298 3373 2517 3443 negotio
2549 3383 2789 3430 sanctam
2814 3374 3090 3430 civitatem
3137 3392 3205 3430 ex
3237 3377 3363 3432 imis
3399 3393 3487 3432 so-

1912 3462 2075 3518 dibus
2111 3479 2406 3522 eversurus
2436 3465 2668 3524 :deinde
2699 3477 2991 3537 antequam
3028 3468 3133 3523 tela
3161 3469 3481 3540 eonjiceret,

1912 3551 2142 3606 nimium
2189 3555 2542 3609 exercitatam
2596 3563 2651 3610 et
2712 3556 3032 3612 familiarem
3087 3559 3482 3630 blasphemiam

1911 3641 2172 3698 adversus
2208 3645 2379 3700 Deum
2417 3646 2672 3700 vibravit.
2715 3647 2902 3717 itaque
2929 3663 3052 3703 cum
3085 3650 3257 3704 multa
3317 3652 3486 3707 male-

1911 3731 2054 3786 dicta
2095 3733 2439 3802 cOnjecisset,
2511 3733 2578 3787 ad
2637 3742 2943 3788 extremum
3001 3734 3111 3789 illis
3160 3733 3348 3791 verbis
3398 3740 3483 3790 est

1910 3821 2181 3875 allocutus
2222 3835 2320 3878 eos
2345 3820 2440 3890 qui
2485 3820 2541 3875 in
2606 3828 2792 3876 sancta
2846 3821 3068 3877 civitate
3121 3821 3477 3878 habitabant:

1918 3926 1935 3958 ι
1971 3907 2096 3964 Haec
2128 3908 2262 3963 dicit
2319 3924 2414 3964 rex
2447 3907 2792 3981 Assyriorum
2823 3926 2835 3962 :
2894 3907 2949 3963 Si
3007 3909 3174 3965 vultis
3205 3909 3477 3975 benedici,

1906 3999 2228 4070 egredimini
2269 3999 2336 4054 ad
2376 4014 2483 4063 me,
2515 4008 2572 4055 et
2595 3999 2865 4055 comedite
2893 4001 3267 4071 unusquisque
3312 4002 3478 4058 vitem

1905 4099 2158 4157 suam,et
2198 4090 2335 4146 ficus
2380 4106 2525 4155 suas,
2557 4098 2615 4145 et
2661 4090 2832 4145 bibite
2887 4077 3081 4162 aquam
3121 4091 3189 4147 de
3242 4092 3479 4149 cisterna

1905 4190 2107 4247 vestra,
2136 4181 2241 4250 19
2271 4195 2557 4252 quousque
2587 4181 2823 4244 veniam,
2845 4188 2902 4235 et
2927 4179 3251 4236 transferam
3284 4197 3383 4238 vos
3424 4181 3480 4238 in

1907 4283 2107 4332 terram
2128 4288 2248 4343 quae
2263 4279 2366 4336 est,
2398 4272 2542 4328 sicut
2564 4281 2711 4326 terra
2733 4278 2936 4334 vestra,
2965 4277 3110 4326 terra
3145 4269 3407 4326 frumenti
3422 4282 3479 4327 et

1902 4366 2039 4429 vini,
2079 4373 2134 4419 et
2192 4379 2394 4433 panum
2459 4371 2517 4418 et
2543 4362 2828 4417 vinearum
2863 4365 2929 4413 δ’.
2988 4382 3006 4414 ι
3052 4361 3189 4418 Vide
3216 4363 3383 4434 igitur
3421 4373 3478 4418 et

1903 4457 2051 4512 hunc
2097 4454 2342 4525 polliceri
2384 4453 2488 4510 sub
2549 4453 2656 4507 vite
2701 4461 2758 4507 et
2808 4451 2912 4509 ﬁcu
2943 4453 3278 4522 voluptatem
3311 4461 3476 4524 atque

1831 4580 1874 4636 υ
1904 4547 2343 4601 oblectationem.
2382 4545 2520 4601 Illud
2567 4535 2987 4614 porro'adjecit,
3021 4563 3038 4594 ι
3080 4545 3252 4601 Bibite
3277 4561 3470 4616 aquam

1901 4639 1970 4693 de
1997 4639 2117 4694 lacu
2139 4645 2346 4692 vestro.
2385 4656 2403 4688 ι

1970 4727 2162 4783 PALL.
2228 4727 2336 4783 Sed
2390 4727 2650 4798 quidnam
2707 4728 2823 4783 haec
2877 4727 2983 4785 sibi
3046 4730 3256 4794 volunt,
3299 4732 3344 4786 si
3403 4730 3473 4789 ad

1897 4819 2237 4889 spiritualem
2280 4819 2794 4889 contemplationem
2825 4819 3260 4877 transferantur?

1964 4911 2120 4968 CYR.
2153 4911 2398 4976 Duobus,
2434 4920 2494 4968 ut
2526 4911 2789 4978 arbitror,
2807 4913 2985 4967 modis
3012 4913 3271 4984 nequitiae
3299 4914 3384 4968 vis
3414 4914 3472 4976 in

1893 5004 2055 5059 nobis
2093 5002 2398 5073 perficitur.
2448 5003 2558 5057 Aut
2582 5003 2729 5058 enim
2767 5004 3012 5058 externis
3074 5004 3469 5075 voluptatibus.

233 5093 315 5146 θεν
361 5094 587 5166 ἡδοναῖς,
621 5094 654 5165 ἢ
697 5097 819 5156 ταῖς
871 5092 1134 5163 ὲμφύτοις
1167 5095 1262 5148 καὶ
1313 5094 1372 5146 εν
1413 5096 1564 5164 ἡμῖν,
1590 5095 1692 5148 ὑπό
1733 5112 1794 5147 τε

1911 5107 1988 5152 tut
2009 5095 2190 5151 insitis
2223 5105 2386 5164 atque
2418 5096 2474 5150 in
2512 5096 2674 5151 nobis
2724 5096 3080 5160 hzerentibus,
3111 5096 3362 5153 homines
3397 5099 3468 5156 ad

234 5185 372 5252 σφῶν
399 5185 596 5246 αὐτῶν,
634 5185 729 5238 καὶ
761 5184 866 5254 μὴν
896 5185 990 5236 καὶ
1019 5183 1242 5253 ἑτέρων,
1278 5183 1547 5253 ἑντρυφᾷν
1569 5186 1794 5237 ἀναπει-

1889 5185 2228 5254 peccandum
2265 5185 2450 5239 faciles
2476 5185 2560 5239 vel
2621 5201 2719 5239 sua
2755 5193 2967 5254 sponte,
3001 5184 3088 5238 vel
3123 5185 3193 5240 ab
3233 5185 3355 5241 aliis
3397 5187 3467 5242 ad

233 5273 454 5344 θέμενοι,
487 5275 622 5348 πρὸς
670 5277 778 5328 πᾶν
804 5273 980 5328 ὁτιοῦν
1020 5273 1128 5326 τῶν
1159 5274 1570 5344 ἀπηχεστάτων,
1611 5274 1792 5328 διωλι-

1911 5274 2283 5333 ὼιεοῑειίοιιεε
2310 5274 2695 5345 percipiendas
2739 5273 3008 5344 persuasi,
3076 5273 3145 5328 ad
3180 5273 3469 5331 absurdis-

234 5366 474 5435 σθηκότες
525 5369 706 5422 ἁλοῖεν
751 5367 840 5431 ἂν,
910 5369 960 5420 οί
1011 5368 1146 5439 πρὸς
1207 5368 1478 5438 ἁμαρτίαν
1550 5367 1784 5422 εὔκολοι.

243 5458 508 5523 Ἐκδείξειε
553 5461 600 5512 δ’
645 5460 712 5513 ἂν
758 5460 851 5512 καὶ
895 5458 1052 5511 τοῦτο
1086 5460 1218 5529 ἡμῖν
1256 5458 1331 5520 ὡς
1378 5457 1522 5510 ἔστιν
1563 5457 1783 5528 ἀληθὲς,

229 5548 315 5602 τοῦ
338 5552 576 5622 Σωτῆρος
597 5553 626 5604 ὁ
645 5551 914 5622 μαθητὴς,
938 5550 1114 5620 ὼδίπη
1136 5549 1329 5618 λέγων,
1349 5568 1367 5598 ι
1381 5550 1502 5603 Ὀτι
1525 5551 1632 5604 πᾶν
1652 5551 1712 5602 τὸ
1729 5553 1786 5604 έν

230 5638 302 5708 τῷ
326 5641 522 5711 κόσμῳ,
563 5643 598 5712 ἡ
635 5640 904 5712 ἐπιθυμία
927 5642 1025 5711 τῆς
1065 5641 1288 5711 σαρκὸς,
1327 5640 1480 5710 καὶὴ
1519 5639 1785 5708 ἐπιθυμία

296 5817 338 5850 ⁸⁸
369 5817 495 5876 Gen.
528 5836 652 5887 xu,
695 5821 881 5876 17-20.
959 5821 1005 5853 δν
1043 5821 1111 5877 ιγ
1145 5820 1443 5892 Reg.xvm,
1474 5819 1562 5885 5|,
1597 5818 1703 5888 32;
1750 5818 1852 5874 lsa.

1893 5367 2032 5423 sima
2078 5383 2308 5437 qumque
2360 5367 2497 5436 lapsi
2549 5381 2668 5422 esse
2709 5365 3197 5434 deprehenduntur
3241 5383 3256 5420 :
3302 5366 3469 5436 idque

1894 5475 2086 5514 verum
2119 5476 2240 5515 esse
2274 5459 2368 5514 ille
2407 5458 2706 5513 Salvatoris
2745 5457 2920 5512 nostri
2944 5458 3248 5528 discipulus
3273 5467 3467 5514 osten-

1893 5548 1976 5604 dit
2029 5549 2117 5603 his
2144 5548 2328 5603 verbis
2360 5566 2374 5601 :
2423 5566 2440 5598 ‹
2476 5546 2652 5602 Omne
2689 5545 2835 5618 quod
2890 5554 2976 5602 est
3004 5547 3058 5601 in
3090 5546 3332 5610 mundo,
3371 5557 3466 5602 aut

1893 5639 2338 5709 concupiscentia
2366 5640 2549 5696 carnis
2570 5648 2674 5704 est,
2707 5649 2802 5695 aut
2834 5638 3280 5710 concupiscentia
3334 5652 3467 5696 ocu-

1894 5834 2074 5886 xxxvi,
2113 5819 2200 5884 16,
2244 5777 2352 5872 f7.
