4046 6542
552 464 654 521 I33

1570 463 1626 516 S.
1668 460 1945 517 CYRILLI
1986 459 2458 518 ALEXANDRI'NI
2496 460 2810 515 MiCHlEP.

3698 464 3801 521 164

546 577 749 639 lorum,
787 584 881 631 aut
904 574 1159 645 superbia
1191 547 1319 628 vitae
1345 573 1410 629 ⁸⁸.
1438 592 1454 624 ι
1490 574 1656 629 Insita
1690 592 1927 646 namque
1951 586 2035 631 est
2066 587 2122 631 et

2226 574 2331 627 τῶν
2358 573 2671 644 ὀφθαλμῶν,
2700 573 2794 627 καὶ
2832 574 2864 643 ἡ
2893 573 3179 636 ἀλαζονεία
3212 571 3304 625 τοῦ
3342 574 3480 644 βίου.
3521 591 3539 624 ι
3580 576 3800 647 ’Βμφυ-

548 668 607 723 in
640 667 803 721 nobis
828 667 960 736 ipsis
986 665 1147 720 inﬁxa
1179 674 1235 718 et
1256 665 1470 719 haerens
1501 668 1944 735 concupiscentia
1999 684 2122 721 car-

545 758 663 821 nis,
697 772 927 826 eamque
952 757 1161 825 peccati
1188 757 1365 826 legem
1406 756 1602 811 beatus
1651 775 1872 829 quoque
1922 759 2124 814 Paulus

547 849 783 917 appellat
814 851 882 912 ",
906 848 1242 903 habitantem
1278 849 1334 902 in
1362 850 1623 904 membris
1650 852 1849 905 carnis.
1874 852 2125 907 Externa:

542 948 727 992 autem
756 939 1062 1007 voluptates
1098 945 1264 1007 atque
1293 939 1606 994 adventitiaa
1635 942 2025 995 oblectationes
2047 957 2125 995 cae

546 1036 674 1081 sunt
722 1042 843 1096 quae
886 1029 1171 1081 oculorum
1222 1044 1385 1081 sensu
1432 1030 1840 1099 percipiuntur.
1896 1032 2125 1085 Divitias

543 1118 691 1171 enim
731 1134 831 1187 per
868 1119 1060 1172 oculos
1096 1118 1439 1173 admirantur
1484 1120 1752 1185 homines,
1787 1137 1998 1176 necnon
2030 1139 2124 1176 ve-

544 1206 713 1259 stium
777 1208 1126 1276 splendorem
1188 1211 1509 1280 reliquaque
1567 1213 1620 1266 id
1685 1229 1855 1283 genus
1923 1214 2126 1283 quibus

546 1298 754 1353 addicti
787 1300 1205 1364 suntnonnulli,
1240 1310 1499 1372 tanquam
1528 1303 1884 1358 suavissimus
1907 1305 2123 1359 illorum

544 1390 620 1445 sit
648 1406 800 1454 usus,
832 1391 1191 1446 vehementer
1245 1395 1499 1462 probant.
1533 1395 1675 1465 Ergo
1713 1395 1842 1448 vitis
1880 1396 2125 1464 quidem,

545 1489 601 1534 et
627 1480 762 1535 ﬁcus
793 1489 1034 1535 externae
1058 1482 1206 1537 illius
1229 1494 1285 1537 et
1304 1485 1615 1541 adventitim
1640 1485 2026 1540 delectationis
2061 1501 2125 1539 ac

545 1572 841 1641 voluptatis
877 1572 1101 1642 figuram
1132 1589 1239 1627 non
1274 1575 1513 1629 absurde
1546 1585 1756 1639 tenent,
1813 1591 1936 1629 cum
1962 1575 2124 1629 simul

546 1678 731 1717 rerum
780 1679 900 1732 quae
958 1664 1014 1716 in
1070 1664 1276 1716 mundo
1345 1672 1491 1729 sunt,
1550 1665 1772 1719 brevem
1817 1665 2125 1732 ﬁuxamquc

543 1759 817 1817 naturam,
848 1767 1063 1820 unaque
1103 1752 1449 1807 dulcedinem
1492 1756 1842 1824 conjunctam
1900 1769 2025 1806 cum
2060 1769 2123 1807 ea

546 1842 601 1895 vi
654 1857 776 1911 quae
830 1848 995 1911 caput
1032 1850 1224 1908 tentet,
1267 1852 1323 1898 et
1375 1845 1633 1899 tenebras
1687 1844 1953 1907 oﬂ’undat,
2011 1859 2122 1897 non

545 1933 882 2004 ineleganter
919 1934 1209 1987 ostendant

543 2023 725 2078 omnis
752 2025 967 2079 dulcem
1009 2026 1174 2080 habet
1197 2027 1264 2080 ad
1297 2043 1538 2097 praesens
1568 2028 1652 2082 sui
1675 2027 2116 2097 perceptionem;

544 2116 641 2170 sed
695 2116 969 2170 fruentem
997 2117 1260 2181 obcaecat,
1316 2127 1371 2172 et
1429 2120 1671 2189 graviter
1728 2119 1993 2182 inebriat.
2052 2118 2121 2171 At

544 2221 677 2260 vero
706 2207 858 2260 lacus
880 2206 1050 2277 ﬁgura
1078 2218 1164 2263 est
1196 2209 1487 2264 insitorum
1525 2210 1578 2263 in
1632 2210 1789 2263 nobis
1835 2217 2119 2274 motuum;

544 2312 725 2367 neque
781 2298 928 2351 enim
955 2299 1243 2354 adventitii
1282 2308 1412 2354 sunt
1463 2301 1519 2353 hi
1558 2300 1809 2353 similiter
1834 2308 1996 2369 atque
2022 2300 2123 2363 illi,

546 2388 641 2442 sed
692 2390 747 2443 in
782 2389 944 2444 nobis
984 2392 1135 2446 velut
1176 2407 1205 2445 e
1240 2391 1390 2446 fonte
1440 2399 1684 2456 manant,
1741 2408 1863 2446 cum
1891 2407 1958 2445 ex
2010 2391 2125 2460 ipsa

544 2486 734 2533 nostra
810 2494 977 2533 carne
1026 2482 1346 2535 scaturiant.
1405 2481 1607 2534 Harum
1664 2482 1828 2551 igitur
1880 2481 2125 2535 omnium

547 2580 657 2624 tam
705 2572 1039 2624 naturalium
1085 2587 1248 2641 quam
1297 2572 1722 2626 adventitiarum
1782 2572 2125 2641 voluptatum

546 2659 776 2714 liberam
842 2662 1005 2715 nobis
1051 2662 1500 2733 perceptionem,
1552 2662 2126 2732 aﬁluentissimamque

546 2751 970 2807 oblectationem
1017 2754 1136 2810 fore
1183 2756 1439 2826 inquiunt
1497 2756 1601 2809 illae
1645 2754 1993 2824 nequissimae
2027 2770 2128 2824 po-

547 2850 797 2907 testates,
825 2844 871 2898 si
893 2844 1234 2899 continentia
1266 2845 1543 2907 videlicet,
1582 2845 1734 2899 velut
1760 2852 1943 2897 sancta
1967 2853 2128 2914 atque

548 2927 858 2986 ﬁrmissima
904 2934 1126 2987 civitate
1185 2934 1410 2997 relicta,
1470 2934 1537 2987 ad
1584 2949 1767 3004 regem
1818 2933 2125 3003 Babylonis,

547 3020 642 3088 qui
686 3020 860 3091 ﬁgura
907 3031 992 3077 est
1046 3022 1296 3087 Satanae,
1336 3038 1437 3077 nos
1477 3024 1895 3078 contulerimus.
1941 3023 2130 3091 Itaque

547 3108 823 3179 Rapsaces
848 3112 1073 3181 quidem
1127 3113 1412 3183 indulgere
1454 3114 1563 3168 illis
1592 3121 1919 3184 prasentem
1971 3115 2128 3168 volu-

2221 682 2316 727 τος
2341 665 2449 735 γάρ
2477 666 2569 717 καὶ
2598 666 2655 717 tv
2679 667 2810 735 ἡμῖν
2838 664 3021 727 αὐτοῖς
3050 664 3392 736 ἐρῤιζωμένη
3434 668 3529 719 καὶ
3565 668 3803 737 μένουσα.

2221 756 2320 825 τῆς
2354 756 2554 826 σαρκὸς
2597 758 2631 826 ἡ
2660 755 2943 825 ἐπιθυμία,
2977 756 3141 827 νόμον
3179 755 3235 808 δέ
3282 756 3451 829 αὐτὴν
3498 758 3800 828 ἁμαρτίας,

2223 847 2315 899 καὶ
2339 847 2366 898 6
2398 846 2539 909 θεῖος
2587 847 2720 917 ἡμῖν
2763 844 3012 915 ὠνόμαζε
3064 845 3294 910 Παῦλος,
3343 848 3653 901 ἐνοικοῦντα
3689 853 3803 913 τοῖς

2228 938 2411 1007 μέλεσι
2452 939 2550 1008 τῆς
2578 938 2798 1009 σαρκός.
2831 937 3063 1009 Τέρψεις
3113 936 3169 990 δὲ
3212 939 3305 991 καὶ
3349 939 3531 1010 ἡδοναὶ
3565 940 3803 1012 θύραθέν

2224 1046 2281 1080 τε
2311 1030 2405 1082 καὶ
2441 1030 2913 1099 είσπεποιημέναι,
2944 1030 3012 1081 τὰ
3044 1029 3111 1081 δι’
3131 1030 3414 1101 ὀμμάτων.
3448 1033 3802 1103 Θαυμάζεται

2222 1120 2331 1191 γὰρ
2372 1119 2440 1172 τὰ
2472 1121 2536 1171 ἐκ
2579 1119 2808 1171 πλούτου
2838 1118 2903 1171 δι’
2935 1118 3251 1188 ὀφθαλμῶν,
3301 1121 3397 1173 καὶ
3447 1124 3554 1194 μὴν
3580 1124 3676 1175 καί⁵
3707 1126 3802 1204 εύ-

2227 1208 2457 1276 ιματίαι,
2492 1207 2586 1259 καὶ
2616 1208 2683 1260 τὰ
2713 1203 2793 1270 οἷς
2824 1206 2890 1260 ἂν
2916 1210 3267 1278 προσκέοιντό
3292 1228 3456 1275 τινες,
3484 1212 3558 1274 ώς
3578 1203 3802 1283 ἡδίστην

2223 1299 2398 1367 ἔχοιεν
2452 1298 2551 1367 τὴν
2600 1297 2915 1360 ἀπόλαυσιν,
2971 1298 3153 1368 ψῆφον
3208 1300 3390 1363 αὐτοῖς
3445 1302 3547 1355 οὐκ
3597 1304 3801 1371 ἀγεννῆ

2221 1386 2569 1457 δωρούμενοι.
2621 1388 2849 1451 Οὐκοῦν,
2892 1388 3133 1459 ἄμπελος
3188 1390 3285 1460 μὲν
3341 1392 3435 1443 καὶ
3490 1393 3656 1462 συκῆ,
3700 1394 3803 1463 τῆς

2224 1474 2420 1541 ἔξωθέν
2455 1495 2511 1529 τε
2535 1477 2627 1529 καὶ
2648 1480 2930 1549 είσπεποιη
2940 1480 3107 1549 μένης
3128 1480 3368 1551 τέρψεώς
3390 1498 3448 1534 τε
3471 1483 3565 1535 καὶ
3585 1483 3804 1553 τρυφῆς

2225 1562 2335 1619 εἶεν
2361 1567 2427 1619 ἂν
2455 1568 2534 1630 είς
2562 1567 2731 1621 τύπον
2758 1569 2894 1639 ὁμοῦ
2928 1570 3039 1624 τῶν
3067 1573 3124 1623 tv
3152 1572 3341 1641 κόσμῳ
3370 1574 3712 1643 πραγμάτων
3739 1575 3805 1627 τὸ

2223 1659 2557 1729 πρόσκαιρόν
2607 1676 2666 1711 τε
2719 1660 2813 1712 καὶ
2864 1660 3204 1731 εύμάραντον
3262 1663 3492 1724 ἀστείως
3548 1663 3806 1717 καταδειο

2222 1745 2503 1811 κνύουσαι,
2542 1748 2636 1800 καὶ
2656 1747 2763 1803 ,σὺν
2795 1748 2933 1818 τῷδε
2986 1750 3047 1802 τὸ
3085 1750 3255 1818 γλυκὺ
3285 1750 3422 1821 μετά
3451 1751 3545 1804 τοῦ
3575 1753 3805 1805 σκοτοῦν

2223 1838 2493 1902 είωθότος.
2528 1839 2719 1910 Τρυφὴ
2753 1841 2851 1911 μὲν
2883 1841 2992 1914 γὰρ
3019 1844 3205 1896 ἅπασα
3238 1844 3495 1915 κοσμικὴ,
3540 1845 3803 1913 γλυκεῖαν

1261 1953 1274 1987 :
1328 1936 1531 1990 etenim
1565 1937 1837 1990 mundana
1874 1936 2122 2004 voluptas

2227 1930 2322 1999 μὲν
2355 1930 2466 2000 ἔχει
2508 1931 2607 2000 τὴν
2641 1932 2951 2002 παραυτίκα
2987 1933 3222 2004 μέθεξιν,
3270 1940 3449 1988 σκοτεί
3486 1936 3542 1988 δέ
3579 1935 3644 2005 δὴ
3679 1935 3804 1987 λίαν

2221 2022 2317 2076 καὶ
2384 2022 2715 2092 έκμεθύσκει
2783 2022 2971 2086 δεινῶς
3017 2024 3108 2076 τὸν
3159 2024 3556 2093 είσδεδεγμένον
3606 2025 3801 2093 αὑτήν.

2222 2109 2398 2163 Εἱκὼν
2425 2110 2481 2182 δε
2506 2112 2534 2163 6
2562 2110 2760 2174 λάκκος
2780 2110 2887 2163 τῶν
2911 2110 3166 2181 ἐμφύτων
3187 2128 3246 2164 τε
3279 2112 3373 2165 καὶ
3395 2113 3453 2163 ἐν
3480 2112 3611 2182 ἡμῖν
3641 2128 3801 2181 κινη-

2227 2202 2428 2271 μάτων.
2462 2202 2536 2254 υύ
2567 2201 2674 2273 γὰρ
2702 2201 3081 2272 εἰσπεποίηται
3118 2202 3278 2255 ταυτὶ
3306 2201 3557 2273 καθάπερ
3591 2204 3801 2265 ἐκεῖνα,

2226 2293 2460 2363 πηγάζει
2483 2294 2540 2346 δὲ
2571 2294 2757 2365 ὥσπερ
2780 2296 2836 2348 ἐν
2860 2296 3014 2364 ἡμῖν,
3040 2295 3098 2360 ἐξ
3119 2293 3291 2363 αὐτῆς
3315 2293 3657 2365 ἀνασρύοντα
3699 2295 3806 2362 τῆς

2227 2386 2446 2456 σαρκός.
2491 2386 2707 2439 Τούτων
2748 2382 2840 2440 οὖν
2872 2386 3127 2440 ἁπάντων
3172 2386 3414 2455 φυσικῶν
3467 2402 3527 2437 τε
3567 2385 3663 2437 καὶ
3704 2386 3806 2438 έπ-

2226 2476 2428 2539 ακτῶν,
2461 2476 2749 2546 ἐλευθέραν
2770 2477 2901 2546 ἡμῖν
2921 2476 3020 2544 τὴν
3046 2474 3278 2545 μέθεξιν,
3307 2475 3400 2526 καὶ¹
3426 2473 3687 2525 πλατεῖαν
3712 2491 3806 2526 κο-

2231 2568 2356 2639 μιδῇ
2388 2567 2486 2638 τὴν
2527 2567 2843 2630 ἀπόλαυσιν,
2897 2566 3114 2618 ἔσεσθαί
3159 2581 3323 2633 φασιν
3352 2566 3408 2616 αί
3442 2562 3804 2633 πονηραὶδυο

2226 2659 2437 2728 νάμεις,
2472 2659 2522 2711 εί
2553 2657 2800 2730 καθάπερ
2826 2658 2984 2725 ἁγίαν
3009 2656 3103 2709 καὶ
3127 2657 3518 2711 ἀκατάσειστον
3554 2656 3797 2710 καταλε-

2227 2746 2473 2810 λοιπότες
2520 2748 2693 2810 πόλιν,
2739 2748 2839 2819 τὴν
2894 2746 3240 2816 ἐγκράτειαν,
3304 2748 3805 2819 προσχωρήσαιμεν

2226 2837 2305 2908 τῷ
2350 2837 2559 2907 βασιλεῖ
2606 2836 2944 2901 Βαϐυλῶνος,
2979 2837 3037 2901 ὃς
3076 2834 3143 2908 ἦν
3170 2840 3227 2891 ἐν
3248 2837 3403 2909 τύπῳ
3436 2830 3535 2891 τοῦ
3562 2839 3801 2893 Σατανᾶ.

2242 2928 2380 2982 Ἀλλ’
2409 2932 2436 2983 6
2463 2930 2560 3000 μὲν
2599 2929 2899 3001 Ῥαψάκης,
2927 2929 2989 2982 τὸ
3018 2930 3330 3001 παραυτίκα
3364 2929 3615 3001 τερπνὸν,
3658 2932 3807 2984 ἀνεῖ-

2230 3021 2317 3073 ναί
2346 3038 2407 3073 τε
2458 3021 2640 3083 αὐτοῖς
2676 3022 2770 3073 καὶ
2817 3021 3101 3074 ἐπιδώσειν
3147 3021 3515 3091 ἐπηγγέλλετο
3561 3038 3804 3093 προσκε-

2230 3112 2509 3183 χωρηκόσι
2560 3115 2675 3175 τοῖς
2725 3112 3106 3176 Βαϐυλωνίοις.
3165 3114 3228 3166 Οἱ
3271 3114 3328 3167 δέ
3372 3115 3472 3167 οὐκ
3525 3114 3807 3167 ἐπείθοντο

547 3208 771 3268 ptatem,
799 3202 959 3270 eique
985 3217 1043 3257 se
1066 3203 1406 3273 adiecturum
1439 3204 1545 3272 2ο
1564 3204 1949 3273 pollicebatur,
1984 3205 2028 3257 si
2059 3204 2123 3258 ad

2233 3203 2554 3273 φρονοῦντες
2606 3203 2800 3275 ὀρθῶς,
2864 3204 3055 3275 ἕψεται
3103 3204 3212 3276 γάρ
3256 3206 3473 3269 πάντως
3508 3205 3588 3275 τῷ
3626 3205 3807 3258 θέλειν

546 3289 873 3363 Babylonios
891 3270 1221 3349 defecissent
1248 3312 1260 3346 :
1287 3303 1341 3347 at
1359 3295 1435 3348 illi
1450 3270 1585 3348 cum
1603 3304 1877 3365 saperent,
1902 3295 2123 3349 minime

2232 3270 2443 3347 έλέσθαι
2469 3295 2539 3347 τὰ
2557 3270 2814 3365 κοσμικὰ,
2844 3270 3129 3367 τδνχρῆναι
3156 3270 3343 3350 πεσεῖν
3371 3299 3451 3362 είς
3477 3270 3803 3370 ἀνεθέλητον

548 3376 603 3431 id
630 3380 733 3433 sibi
774 3381 1091 3449 persuaderi
1116 3382 1259 3450 passi
1295 3390 1441 3434 sunt.
1484 3382 1585 3447 Qui
1627 3382 1775 3436 enim
1824 3383 2128 3438 mundanas

2232 3384 2497 3450 δουλείαν,
2532 3387 2625 3439 καὶ
2651 3389 2708 3439 ἐν
2734 3387 3079 3457 δορυκτήτων
3109 3387 3358 3455 γενέσθαι
3380 3389 3548 3454 τάξει.

548 3472 855 3541 voluptates
887 3474 1075 3529 volens
1120 3484 1380 3537 sectatur,
1447 3489 1572 3528 eum
1613 3475 1697 3529 vel
1738 3476 2013 3530 nolentem
2062 3485 2280 3547 oportet
2318 3479 2375 3533 in
2414 3479 2732 3534 servitutem
2772 3479 3034 3545 incidere,
3076 3488 3133 3535 et
3195 3481 3250 3534 in
3291 3482 3633 3551 captivorum
3697 3500 3804 3537 nu-

548 3578 703 3619 mero
735 3567 971 3620 censeri.

621 3658 816 3714 PALL.
852 3658 992 3712 Vera
1017 3658 1171 3711 dicis.
1209 3657 1316 3713 Sed
1348 3659 1452 3712 hoc
1485 3659 1618 3711 mihi
1651 3659 1858 3713 dictum
1914 3661 2082 3715 velim
2105 3702 2118 3724 ,

552 3749 824 3819 quomodo
852 3749 920 3802 de
945 3748 1110 3802 tantis
1135 3748 1294 3801 malis
1322 3749 1461 3817 eripi
1480 3748 1769 3818 possimus.

622 3839 781 3893 ΟΥΕ.
816 3836 1062 3903 Quonam
1094 3836 1202 3889 alio
1234 3836 1418 3900 modo,
1448 3837 1555 3891 nisi
1576 3837 1651 3891 illi
1687 3838 1857 3907 priori
1912 3849 2127 3893 contra-

556 3928 673 3983 rio?
694 3928 829 3982 Nam
863 3943 988 3981 cum
1020 3935 1333 3981 nostrarum
1359 3926 1701 3980 voluntatum
1736 3930 2028 3982 momentis
2059 3929 2126 3983 ad

554 4019 721 4071 vitam
761 4017 997 4087 turpiter
1048 4015 1314 4086 agendam
1354 4014 1846 4084 propenderemus,
1886 4025 1943 4071 et
1982 4017 2130 4071 illam

554 4107 808 4178 perfecta:
844 4108 969 4161 vitae
993 4106 1320 4176 elegantiam
1371 4105 1779 4175 abjecissemus,
1816 4107 1881 4161 ad
1917 4108 2132 4178 ignobi-

554 4198 663 4254 lem
693 4212 756 4251 ac
782 4194 1035 4251 servilem
1062 4193 1306 4247 animum
1332 4192 1573 4262 prolapsi
1599 4208 1808 4259 sumus,
1852 4209 1977 4250 eum
2017 4196 2129 4250 sola

553 4304 618 4343 τε
651 4302 772 4357 qua:
796 4301 966 4356 super
995 4294 1201 4339 terram
1239 4292 1367 4339 sunt
1410 4297 1761 4352 saperemus,
1803 4293 1967 4355 atque
2010 4303 2128 4340 om-

551 4380 717 4434 nibus
766 4378 947 4434 modis
1000 4377 1181 4431 carnis
1238 4375 1617 4446 voluptatibus
1660 4376 2120 4433 incumberemus.

553 4472 740 4540 itaque
768 4468 1019 4539 permisit
1060 4468 1205 4523 Deus
1246 4476 1308 4521 ut
1338 4467 1394 4520 in
1428 4467 1726 4536 reprobum
1776 4481 1996 4523 sensum
2024 4468 2123 4524 de-

556 4560 883 4613 laberemur.

2301 3658 2506 3713 ΠΑΛΛ.
2560 3657 2821 3727 Ἀτρεκὴς
2850 3658 2878 3709 6
2896 3657 3072 3724 λόγος.
3099 3656 3194 3722 Τίς
3213 3657 3257 3710 δ’
3282 3657 3348 3712 ἂν
3364 3660 3572 3727 γένοιτο
3596 3664 3804 3717 τούτων

2228 3753 2264 3823 ἡ
2295 3751 2465 3813 λύσις,
2493 3750 2567 3813 ὡς
2599 3750 2791 3818 ἥδιστα
2823 3749 2889 3802 ἂν
2914 3750 3157 3820 ἐρομένῳ
3191 3751 3411 3821 φράσον.
3756 3760 3765 3766 ’

2301 3842 2465 3898 ΚΥΡ.
2506 3840 2601 3904 Τίς
2630 3840 2678 3892 δ’
2701 3840 2767 3894 ἂν
2796 3840 2955 3911 ἑτέρα
2988 3839 3137 3911 παρὰ
3162 3840 3260 3911 τὴν
3289 3841 3545 3907 ἐναντίως
3576 3843 3805 3913 ἔχουσαν

2231 3932 2296 4001 τῇ
2333 3930 2522 4002 πρώτῃ
2563 3928 2658 3982 καὶ
2698 3930 2755 3981 tv
2782 3930 3008 3999 ἀρχαῖςς
3056 3929 3274 3993 Ῥοπαῖς
3319 3929 3426 4001 γάρ
3476 3931 3620 3985 ίδίων
3667 3935 3806 3987 ἀπο-

2232 4020 2476 4083 νεύοντες
2506 4019 2849 4089 θελημάτων,
2893 4019 2984 4070 ἐπὶ
3013 4018 3072 4071 τὸ
3122 4017 3271 4088 βιοῦν
3308 4019 3509 4074 ἐθέλειν
3536 4024 3804 4094 αίσχρῶς,

2233 4114 2455 4183 καὶτῆς
2498 4112 2799 4183 ἀμωμήτου
2842 4111 3114 4175 πολιτείας
3159 4112 3257 4183 τὴν
3303 4114 3619 4186 ἀστειὸτητα
3663 4135 3810 4189 παρ-

2233 4203 2556 4273 ωθούμενοι,
2594 4203 2730 4273 πρὸς
2755 4202 2954 4271 ἀγεννῆ
2980 4203 3074 4254 καὶ
3105 4203 3478 4277 ἀνδραποδώδη
3509 4209 3807 4262 πεπτώκα-

2234 4309 2333 4363 μεν
2364 4292 2507 4355 νοῦν,
2544 4292 2677 4363 μόνα
2707 4290 3029 4361 φρονοῦντες
3051 4292 3119 4345 τά
3151 4294 3242 4346 ἐπὶ
3268 4294 3364 4363 τῆς
3386 4296 3509 4365 γῆς,
3543 4299 3637 4350 καὶ
3677 4302 3804 4363 ταῖς

2231 4386 2328 4453 τῆς
2384 4382 2582 4455 σαρκὸς
2631 4383 2843 4452 ἡδοναῖς
2894 4382 3202 4452 δλοτρόπως
3227 4384 3551 4454 ἐγκείμενοι.
3582 4386 3802 4462 Ταύτῃ-

2229 4491 2312 4526 τοι
2340 4473 2525 4527 λοιπὸν
2555 4474 2647 4527 καὶ
2671 4473 3004 4527 καωλισθεῖν
3035 4475 3181 4543 ἡμᾶς
3209 4475 3358 4545 ἠφίει
3391 4476 3542 4540 Θεὸς,
3580 4481 3659 4541 είς
3679 4480 3805 4534 ἀδό-

2232 4582 2287 4617 κι
2294 4581 2391 4633 μον
2417 4580 2560 4616 νουν.

626 4646 821 4701 PALL.
855 4645 1142 4701 Contrario
1176 4645 1342 4715 igitur
1367 4660 1529 4700 cursu
1559 4647 1719 4701 nobis
1747 4657 1833 4702 est
1852 4648 1918 4702 ad
1949 4650 2123 4702 virtu-

2302 4658 2509 4708 ΠΑΛΔ.
2552 4654 2939 4724 Παλινδρομεῖν
2970 4647 3064 4706 οῦν
3090 4654 3195 4724 ἄρα
3236 4654 3371 4727 πρὸς
3393 4655 3592 4728 ἀρετὴν
3626 4658 3799 4727 ἀναγ-

556 4746 666 4793 tem
702 4736 1058 4790 remeantium
1084 4736 1107 4787 ?

624 4822 784 4884 CYRI
819 4830 887 4883 Et
913 4827 1137 4897 quidem
1168 4827 1317 4880 nulla
1344 4827 1666 4895 interposita
1697 4842 1870 4892 mora,
1896 4829 2122 4892 Palladi,

555 4918 629 4973 ita
673 4928 735 4973 ut
766 4918 927 4972 nobis
968 4915 1300 4970 mundanam
1354 4916 1492 4969 hanc
1527 4916 1692 4969 vitam
1729 4933 1840 4971 non
1873 4933 1992 4972 esse
2026 4934 2121 4971 ex-

553 5009 844 5079 petendam
878 5008 1162 5069 ducamus,
1182 5007 1336 5075 juxta
1369 5005 1500 5057 illud
1523 5046 1537 5067 ,
1578 5006 1725 5074 quod
1765 5016 1849 5060 est
1891 5023 1922 5061 a
1956 5009 2123 5062 Paulo

553 5101 811 5169 praclare
834 5099 1074 5153 dictum:
1114 5117 1131 5148 ι
1162 5096 1358 5150 Mortui
1377 5096 1524 5149 enim
1553 5098 1707 5159 estis,
1724 5106 1782 5153 et
1807 5099 1918 5153 vita
1942 5108 2121 5154 vestra

553 5188 871 5243 abscondita
900 5197 986 5242 est
1022 5202 1147 5241 cum
1167 5186 1389 5240 Christo
1420 5186 1475 5238 in
1506 5185 1619 5239 Deo
1651 5188 1716 5239 ".
1752 5206 1771 5236 ι
1802 5186 1908 5241 Sed
1938 5189 2123 5257 potius

553 5294 621 5333 eo
648 5278 921 5332 desiderio
953 5277 1263 5339 ardeamus,
1297 5291 1498 5330 nomen
1530 5284 1592 5329 ut
1620 5286 1863 5330 nostrum
1886 5278 1941 5333 in
1967 5280 2122 5334 caelis

554 5368 915 5430 describatur,
945 5367 1287 5436 patriamque
1337 5375 1578 5420 nostram
1643 5378 1807 5436 atque
1843 5370 2118 5425 civitatem

554 5462 701 5515 illam
716 5475 1007 5528 supernam
1024 5459 1378 5522 aestimemus,
1398 5459 1807 5529 clamemusque
1826 5461 1894 5514 ad
1910 5463 2115 5517 Deum:

562 5574 581 5605 ι
613 5554 849 5609 Remitte
876 5553 1031 5617 mihi,
1078 5554 1205 5622 quia
1231 5554 1440 5607 advena
1473 5568 1575 5623 ego
1623 5569 1743 5607 sum
1777 5555 1829 5608 in
1867 5564 2029 5619 terra,
2062 5566 2118 5611 et

554 5649 894 5719 peregrinus,
922 5646 1064 5700 sicut
1100 5661 1291 5700 omnes
1317 5654 1500 5714 patres
1534 5646 1640 5700 mei
1666 5647 1731 5700 ⁵³.
1778 5667 1795 5698 ι
1857 5649 1990 5702 Nam
2019 5650 2113 5719 qui

2235 4767 2385 4804 καιον
2406 4768 2420 4813 ;
2930 4800 2939 4819 η

2302 4841 2463 4895 ΚΥΡ.
2516 4838 2771 4909 Ἀμελητί
2804 4855 2886 4905 γε,
2910 4830 2955 4890 ὦ
2982 4838 3100 4902 τᾶν,
3127 4838 3227 4893 οὐκ
3256 4838 3572 4909 ἐφιεμένους
3592 4841 3670 4895 ἔτι
3695 4842 3800 4913 τῆς

2230 4934 2287 4986 ἐν
2317 4933 2507 5001 κόσμῳ
2530 4930 2692 4999 ζωῆς,
2724 4928 2845 4981 κατ’
2867 4928 3044 4981 ἐκεῖνὸ
3075 4946 3178 4980 που
3215 4929 3433 4992 πάντως
3466 4930 3528 4983 τὸ
3562 4932 3648 4985 διά
3694 4935 3800 5003 τῆς

2227 5023 2320 5075 τοῦ
2361 5021 2570 5074 Παύλου
2609 5020 2788 5089 φωνῆς
2826 5018 3111 5089 εἰρημένον
3158 5019 3350 5090 ὀρθῶς·
3398 5038 3415 5069 ι
3473 5022 3797 5078 Ἀπεθάνετε

2227 5108 2355 5178 γὰρ,
2381 5109 2475 5162 καὶ
2510 5111 2541 5179 ἡ
2579 5108 2690 5180 ζωὴ
2735 5111 2887 5180 ὑμῶν
2908 5112 3215 5181 κέκρυπται
3248 5112 3343 5163 σὺν
3379 5114 3599 5183 Χριστῷ
3627 5118 3683 5167 tv
3715 5117 3799 5186 τῷ

2226 5197 2363 5267 Θεῷ.
2406 5218 2421 5248 ι
2451 5197 2818 5267 Δεδιψηκότας
2851 5200 2907 5253 δέ
2940 5201 3136 5269 μᾶλλον
3164 5199 3260 5270 τὴν
3300 5203 3356 5253 tv
3380 5202 3627 5272 οὐρανοῖς
3655 5206 3795 5257 ἀπο-

2190 5286 2460 5356 .γραφὴν,
2531 5286 2625 5339 καὶ⁸
2672 5288 2833 5340 οἱονεὶ
2886 5289 3117 5359 πατρίδα
3167 5289 3262 5342 καὶ
3321 5290 3475 5343 πόλιν
3539 5292 3636 5363 τὴν
3682 5294 3797 5347 ἄνω

2228 5378 2647 5448 πεποιημένους,
2701 5381 2794 5432 καὶ
2839 5381 3282 5451 ἁνακεκραγότας
3336 5378 3393 5433 εὗ
3457 5383 3599 5451 μάλα
3657 5385 3801 5454 πρὸς

2227 5466 2376 5520 Θεόν·
2419 5486 2438 5518 ι
2475 5468 2634 5529 "Ave;
2666 5486 2753 5537 μοι
2788 5470 2869 5521 ὅτι
2896 5470 3155 5539 πάροικος
3188 5467 3298 5535 ἐγώ
3334 5470 3446 5538 είμι
3488 5472 3546 5521 ἐν
3584 5474 3649 5541 τῇ
3696 5468 3793 5541 γῇ,

2224 5560 2315 5611 καὶ
2356 5559 2755 5629 παρεπίδημος,
2790 5558 2973 5622 καθὼς
3007 5560 3204 5621 πάντες
3241 5560 3290 5611 οἱ
3322 5559 3554 5630 πατέρες
3595 5579 3722 5630 μου.
3770 5583 3789 5612 ι

2234 5653 2290 5704 ὀ
2326 5650 2434 5721 γάρ
2459 5667 2540 5702 τοι
2583 5650 2893 5720 περιπατῶν
2926 5651 3019 5704 ἐπὶ
3051 5651 3148 5721 τῆς
3182 5650 3301 5720 γῆς,
3338 5649 3432 5703 καὶ
3455 5650 3706 5721 λαμπρὸν
3735 5654 3797 5707 tv

624 5821 670 5852 '°
698 5820 718 5874 Ι
743 5819 901 5876 Joan.
944 5837 1001 5886 ιι,
1029 5821 1113 5877 l6.
1192 5823 1231 5855 ἰ
1261 5824 1418 5879 Rom.
1448 5843 1543 5891 vn,
1583 5828 1671 5882 23.
1750 5831 1793 5861 "
1814 5829 2021 5886 Coloss.
2050 5847 2123 5897 in,

2300 5832 2346 5861 ⁸³
2375 5829 2515 5883 Psal.
2552 5844 2768 5891 xxxviii,
2802 5827 2887 5891 η,
2933 5828 3015 5881 l5.
