4120 6514
237 437 316 491 165

944 430 1031 484 DE
1068 426 1506 484 ADORATIONE
1544 428 1611 482 IN
1655 425 1921 481 SPIRITU
1962 425 2048 480 ET
2088 424 2452 480 V'ERITATE.
2496 427 2623 481 LIB.
2668 427 2707 480 I.

3346 412 3446 484 ιοϐ

233 551 439 620 οὖρανοῐς
464 548 525 601 τὺ
560 548 861 618 πολίτευμα
907 548 1046 617 ἔχων
1089 545 1351 616 πάροικός
1398 562 1456 596 τε
1497 544 1590 597 καὶ
1629 560 1770 613 παρ-

1900 559 1932 596 n
1973 545 2134 598 terris
2172 543 2436 607 ambulat,
2482 544 2797 613 praeclaram
2836 553 3017 600 autem
3075 546 3448 599 conversatio-

228 641 455 710 ιπίδημος
488 638 704 709 ἀληθῶς
736 638 797 702 ἐξ
820 637 997 691 αὐτῶν
1034 636 1099 689 ἂν
1142 630 1367 698 εἰκότως
1400 628 1639 702 φαίνοιτο
1661 634 1769 684 τῶν

232 730 552 800 πραγμάτων.
574 724 682 782 και
719 729 848 797 γοῦν
894 727 987 781 τοῦ
1014 728 1261 797 Σωτῆρος
1285 728 1312 778 ὁ
1339 725 1582 795 μαθητὴς
1613 722 1771 776 τοῦτ)

231 822 467 876 ποιεῖσθαι
512 820 744 884 κελεύει,
791 820 887 874 καὶ¹
936 821 1087 890 ἡμᾶς
1130 818 1326 880 αὐτοὺς
1360 815 1587 887 αὔχημα
1617 832 1773 885 περιο

233 913 371 984 φανές
396 930 452 965 τε
496 913 591 965 καί
632 912 936 982 εὐπρεπὲς,
978 910 1073 963 ὡδί
1115 928 1191 979 πη
1217 910 1410 976 λέγων’
1447 927 1464 959 ι
1510 907 1769 975 Ἀδελςροὶ,

231 999 498 1071 παρακαλῶ
533 1001 609 1063 ὡς
647 1000 940 1071 παροίκους
974 1000 1065 1051 καὶ
1108 997 1522 1069 παρεπιδήμους
1572 996 1774 1064 ἀπέχε-

234 1091 333 1144 σθαι
351 1090 451 1142 τῶν
483 1090 757 1160 σαρκικῶν
797 1088 1120 1159 ἐπιθυμιῶν,
1146 1088 1346 1150 αἵτινες
1388 1085 1773 1157 στρατεύονται

232 1181 347 1235 κατὰ
363 1181 455 1250 τῆς
475 1180 671 1251 ψυχῆς.
698 1200 716 1232 ι

291 1270 481 1325 ΠᾹΛΛ.
526 1266 592 1323 *Α
602 1272 652 1341 ρ’
676 1264 768 1322 οὖν
792 1267 1043 1340 ἀρκέσειε
1069 1266 1204 1337 πρὸς
1225 1264 1558 1336 κατόρθωσιν
1580 1265 1778 1335 ἀρετῆς

234 1364 259 1429 ἡ
290 1361 444 1413 τοιάδε
473 1356 733 1424 διάθεσις,
766 1358 827 1412 τὸ
853 1358 1153 1429 καταλῆξαί
1178 1375 1319 1429 φημι
1354 1357 1462 1411 τῶν
1502 1356 1776 1427 σαρκικῶν

234 1452 506 1522 ἰπιθυμιῶν
528 1468 544 1517 ;

292 1546 436 1599 ΚΥΡ.
479 1545 544 1597 Εἰ
572 1542 920 1613 προσγένοιτο
952 1541 1130 1609 σοφῶς
1150 1542 1243 1594 καὶ
1270 1540 1339 1593 τὰ
1368 1542 1432 1592 ὲκ
1458 1540 1554 1608 τῆς
1588 1537 1781 1607 ἑτέρας

232 1635 526 1698 ἐπιεικείας,
562 1634 719 1703 δῆλον
738 1633 794 1686 δὲ
824 1633 905 1685 ὅτι
925 1633 1022 1701 τῆς
1048 1631 1444 1699 πνευματικῆς.
1467 1629 1779 1698 Γέγραπται

232 1730 348 1799 γάρ·
381 1745 396 1777 ι
425 1726 666 1779 Πλατεία
686 1726 718 1794 ἠ
737 1723 919 1794 ἐντολή
942 1741 1035 1775 σου
1060 1723 1279 1793 σφόδρα.
1316 1741 1332 1773 ι
1372 1722 1442 1773 ’Ἡ
1468 1721 1586 1788 οὐχὶ
1608 1717 1782 1779 διττὸς

232 1823 280 1873 ὲν
301 1821 418 1889 ἡμῖν
441 1818 471 1869 ὁ
496 1814 792 1886 μολυσμὸς,
815 1814 992 1885 ψυχῆς
1013 1832 1069 1867 τε
1092 1815 1187 1867 καὶ
1209 1812 1457 1883 σώματος
1478 1828 1492 1875 ;
1515 1810 1779 1864 Ἔπεσθαι

1870 648 1994 685 nem
2030 634 2193 687 habet
2244 633 2299 686 in
2345 634 2517 697 coelis,
2550 634 2595 687 is
2628 634 2847 689 demum
2874 635 3083 690 advena
3119 643 3175 689 et
3206 634 3451 704 peregri-

1872 735 1976 773 nus
2000 735 2067 774 ex
2091 720 2222 789 ipsis
2248 720 2414 775 rebus
2445 723 2604 790 plane
2661 724 3069 792 comprobatur.
3108 723 3296 792 Itaque
3326 723 3449 779 Sal-

1871 811 2075 866 vatoris
2118 811 2292 866 nostri
2337 812 2640 881 discipulus
2694 814 2748 867 id
2822 823 3081 884 tanquam
3132 815 3453 883 praeclarum

1873 912 2036 971 atque
2065 902 2361 972 gloriosum
2392 913 2586 973 putare
2611 920 2710 959 nos
2744 906 2890 975 ipsos
2914 906 3070 977 jubet
3102 905 3189 961 his
3219 906 3404 960 verbis
3436 922 3449 958 :

1882 1012 1899 1042 ι
1933 992 2169 1055 Fratres,
2205 993 2454 1056 obsecro,
2486 1002 2740 1063 tanquam
2774 995 3012 1050 advenas
3040 996 3450 1065 etperegrinos,

1875 1083 2150 1137 abstinere
2174 1099 2271 1137 vos
2306 1099 2335 1136 a
2365 1085 2676 1139 carnalibus
2721 1085 3044 1150 desideriis,
3077 1102 3199 1155 quae
3220 1086 3455 1140 militant

1877 1175 2140 1228 adversus
2163 1174 2400 1228 animam
2422 1175 2489 1227 “.
2523 1194 2542 1225 ι

1948 1266 2147 1319 PALL.
2187 1266 2327 1320 Num
2360 1266 2548 1337 igitur,
2596 1266 2677 1320 sic
2713 1265 2971 1319 affectum
3014 1281 3156 1328 esse,
3198 1267 3250 1320 id
3285 1276 3389 1331 est,
3424 1283 3455 1320 a

1878 1358 2189 1413 carnalibus
2231 1357 2695 1427 concupiscentiis
2741 1357 3066 1421 cessavisse,
3094 1358 3228 1411 satis
3271 1368 3355 1413 est
3386 1357 3455 1411 ad

1877 1449 2140 1504 virtutem
2174 1449 2576 1519 praestandam?

1950 1539 2105 1594 CYR.
2128 1540 2409 1609 Siquidem
2429 1540 2544 1594 haec
2563 1554 2779 1609 quoque
2804 1538 3086 1608 sapienter
3104 1538 3454 1601 accesserint,

1880 1645 2001 1698 quae
2041 1630 2107 1684 ad
2156 1631 2303 1684 illam
2348 1632 2580 1685 alteram
2618 1646 2831 1684 morum
2886 1630 3237 1698 probitatem,
3292 1629 3459 1699 spiri-

1884 1721 2083 1775 tualem
2154 1737 2376 1791 nempe,
2435 1731 2704 1791 spectant.
2762 1721 3039 1789 Scriptum
3095 1730 3182 1775 est
3231 1721 3377 1776 enim
3443 1737 3456 1772 :

1892 1830 1909 1861 ‹
1937 1810 2132 1865 Latum
2168 1811 2485 1865 mandatum
2512 1820 2667 1865 tuum
2694 1811 2859 1865 nimis
2886 1811 2951 1863 ⁸⁵.
2990 1831 3009 1862 ι
3055 1810 3235 1877 Quid?
3268 1810 3460 1865 Nonne

232 1882 599 1977 Caivnoans-inv
635 1882 724 1967 av,
755 1906 848 1959 καὶ
1054 1882 1299 1968 εἰκότως,
1340 1906 1453 1965 τοῖς
1490 1900 1781 1971 καταμιαί-

1892 1901 2084 1971 duplex
2123 1910 2206 1956 est
2250 1903 2306 1955 in
2357 1902 2519 1955 nobis
2573 1901 3074 1971 inquinamentum,
3118 1902 3332 1965 animaa,
3373 1901 3461 1955 in-

232 2018 326 2053 νειν
356 1997 621 2060 εἰωθόσιν,
648 1996 877 2066 ἰσοπαλῆ
905 2013 964 2049 τε
990 1997 1084 2049 καὶ
1121 1994 1347 2065 ἰσουργὰ
1371 1995 1440 2046 τά
1461 1993 1780 2063 διασμήχειν

230 2090 449 2146 εἰωθότα.

292 2266 481 2321 ΠΑΛΛ.
539 2263 745 2335 Ὀρθῶς
773 2263 926 2333 ἔφης.

290 2356 437 2409 ΚΥΡ.
482 2355 697 2425 Ὥσπερ
731 2350 823 2407 οὖν
858 2353 1048 2424 ἀμέλει
1086 2353 1259 2416 διττὸς
1285 2353 1314 2404 ὁ
1357 2351 1525 2423 ῥύπος
1556 2352 1783 2422 ψυχικάς

232 2465 278 2500 τε
300 2448 382 2499 καὶ
426 2445 762 2516 σωματικδς,
802 2442 945 2497 οὓτω
982 2444 1137 2514 καὶή
1179 2441 1532 2513 διακάθαρσις
1577 2441 1782 2512 ψυχική

231 2556 281 2593 τε
307 2541 391 2594 καὶ
424 2541 717 2610 σωματικὴ
760 2539 955 2606 γένοιτ’
1009 2537 1075 2591 ἂν
1126 2538 1371 2600 εἰκότως.
1422 2537 1565 2606 Πλὴν
1593 2538 1673 2590 ὅτι
1724 2537 1786 2589 τὸ

233 2632 499 2701 παροικίαν
537 2628 808 2699 ἡγεῖσθαι,
840 2628 1011 2697 φιλεῖν
1040 2628 1137 2698 τὴν
1165 2630 1222 2682 ὲν
1261 2627 1450 2696 κόσμῳ
1477 2625 1643 2697 ζωὴν,
1673 2630 1786 2690 τοῖς

232 2720 338 2789 τῇδε
376 2717 741 2787 διακειμένοις
790 2718 889 2770 οὐκ
932 2717 1160 2787 ἀκερδὲς
1198 2714 1594 2786 ἀταλαιπώρως
1638 2716 1783 2780 ἰδεῖν,

233 2812 368 2882 εἴπερ
392 2811 569 2865 ἕλοι.τὸ
594 2828 677 2873 τις
705 2810 888 2864 εἰκόνα
915 2809 1007 2863 τοῦ
1042 2809 1369 2880 πράγματος
1402 2808 1668 2862 ποιεῖσθαι
1698 2809 1788 2861 τὸν

243 2901 489 2973 Ἀϐραὰμ,
529 2902 667 2972 πρὸς
699 2901 757 2952 ὃν
786 2902 998 2972 εἴρηται
1031 2901 1183 2970 παρά
1218 2900 1373 2953 Θεοῦ⁸
1412 2918 1431 2952 ι
1473 2898 1692 2965 Ἔξελθε
1725 2899 1789 2951 ἐκ

231 2995 316 3064 τῆς
344 2993 440 3063 γῆς
478 3011 579 3047 σου
616 2994 708 3045 καὶ
737 2994 799 3043 ἐκ
832 2995 927 3063 τῆς
958 2991 1275 3059 συγγενείας
1326 3010 1440 3055 σου,
1474 2992 1567 3043 καὶ
1600 2992 1663 3044 ὲκ
1694 2988 1788 3043 τοῦ

233 3084 363 3135 οἴκου
394 3083 485 3137 τοῦ
520 3085 732 3154 πατρός
775 3100 889 3136 σου.
932 3083 1040 3134 Καὶ
1066 3082 1224 3153 δεῦρο
1251 3084 1332 3145 εἰς
1362 3082 1485 3153 γῆν,
1516 3083 1580 3153 ἣν
1614 3081 1678 3135 ἄν
1708 3096 1790 3133 σοι

232 3172 388 3237 δείξω,
418 3176 512 3227 καὶ
553 3175 763 3245 ποιήσω
805 3191 863 3225 σε
896 3174 975 3236 εἰς
998 3172 1148 3236 ἔθνος
1180 3171 1343 3244 μέγα,
1386 3171 1480 3225 καὶ
1514 3173 1791 3242 εὐλογήσω

235 3280 304 3324 σε,
336 3266 423 3318 καὶ
472 3264 767 3337 μεγαλυνῶ
792 3265 850 3317 τὸ
876 3264 1045 3335 ὄνομα
1078 3281 1194 3329 σου,
1226 3265 1319 3317 καὶ
1350 3263 1450 3336 ἔσῃ
1482 3263 1792 3334 εὐλογητὸς,

234 3357 315 3409 καὶ
336 3357 619 3427 εὐλογήσω
658 3358 785 3419 τοὺς
818 3355 1173 3424 εὐλογοῦντὰς
1226 3373 1305 3421 σε,
1355 3355 1447 3410 καὶ
1484 3357 1609 3419 τοὺς
1667 3372 1799 3409 κατ⁶

235 3451 532 3519 αρωμένους
554 3464 613 3502 σε
639 3446 1038 3518 καταράσομαι,
1062 3447 1153 3500 καὶ
1171 3447 1618 3518 εὐλογηθήσονται
1638 3448 1694 3499 ὲν
1716 3446 1798 3499 σοι

235 3543 384 3594 πᾶσαι
433 3544 487 3595 αἱ
534 3541 704 3610 φυλαὶ
728 3540 827 3610 τῆς
860 3540 983 3609 γῆς.
1034 3560 1052 3593 ι
1082 3542 1274 3610 Συνίης
1301 3530 1447 3603 ὅπως
1479 3540 1579 3592 οὐκ
1605 3541 1669 3592 ὲκ
1694 3538 1798 3607 γῆς

234 3645 286 3682 τε
311 3632 396 3684 καὶ
419 3632 579 3685 οἴκου
616 3631 797 3700 μόνον,
831 3630 967 3684 ἀλλά
998 3631 1091 3684 καὶ
1121 3634 1184 3684 ἐκ
1210 3632 1309 3702 τῆς
1337 3632 1673 3699 συγγενείας,
1704 3630 1799 3682 καὶ

240 3722 329 3793 μὴν
356 3724 445 3777 καὶ
473 3726 546 3777 ὲκ
570 3721 664 3775 τοῦ
691 3721 839 3775 οἴκου
868 3721 963 3775 τοῦ
989 3722 1193 3793 πατρὸς
1216 3722 1472 3791 ἀπαίρειν
1494 3721 1797 3787 ἐκέλευσεν,

236 3814 370 3882 ἥκειν
397 3832 452 3867 τε
481 3816 571 3877 εἰς
600 3814 723 3883 γῆν,
749 3814 925 3883 ἥνπερ
949 3813 1108 3876 αὐτὸς
1140 3813 1427 3877 ὲκδείξειεν
1452 3815 1480 3866 ὁ
1499 3812 1709 3877 καλῶν;

297 3904 490 3958 ΠΔΛΔ.
556 3902 716 3957 Ἀλλὰ
742 3902 795 3955 τί
825 3903 887 3973 δὴ
910 3902 1067 3955 τοῦτό
1095 3905 1273 3968 ὲστιν;

295 3996 447 4049 ΚΥΡ.
492 3992 635 4049 εἶτά
664 4013 780 4058 πως
808 3997 909 4048 οὐκ
943 3996 1194 4067 ἐναργὲς,
1231 3997 1312 4049 ὅτι
1339 3996 1472 4049 Θεοῦ
1512 3993 1801 4058 καλοῦντος

238 4088 307 4151 εἰς
340 4088 723 4161 ἀκολούθησιν,
773 4088 929 4158 δῆλον
958 4088 1013 4141 δὲ
1035 4090 1115 4141 ὅτι
1151 4089 1248 4159 τὴν
1286 4088 1681 4159 πνευματικὴν,
1708 4088 1802 4140 καὶ⁵

238 4178 324 4247 τῆς
347 4180 401 4232 ὲν
422 4181 617 4250 κόσμῳ
643 4178 810 4247 ζωῆς,
844 4180 986 4249 φημὶ
1015 4178 1071 4230 δὲ
1095 4178 1159 4249 δὴ
1182 4180 1342 4234 πάλιν
1371 4180 1473 4250 τῆς
1499 4182 1555 4233 ὲν
1589 4180 1803 4249 ἡδοναῖς

240 4269 322 4321 καὶ
362 4269 761 4340 φιλοσαρκίαις,
810 4268 903 4332 οὒς
967 4268 1032 4322 ἂν
1080 4269 1253 4323 ἕλοιτο
1302 4273 1486 4342 τιμᾷν,
1551 4270 1803 4341 ἐξέρπειν

241 4358 517 4424 ὲθέλοντος,
551 4361 906 4431 ἀπόπληκτον
952 4361 1168 4432 κομιδῇ,
1216 4361 1277 4414 τὸ
1336 4361 1582 4432 ἡγεῖσθαί
1624 4379 1677 4414 τι
1709 4360 1800 4413 τοῦ

1882 2010 2065 2063 quam,
2099 2009 2161 2048 ac
2198 1994 2459 2063 spiritus?
2504 1993 2673 2063 Igitur
2716 1992 3093 2061 aequissimum
3127 2008 3247 2047 esse
3309 1990 3460 2045 arbi-

1883 2094 1997 2140 tror
2039 2093 2100 2139 ut
2134 2086 2203 2140 iis
2245 2102 2365 2156 qua:
2400 2087 2689 2156 inquinare
2737 2086 2916 2140 solent
2952 2086 3180 2155 aequalia
3217 2100 3280 2139 ac
3308 2084 3463 2154 paria

1882 2177 2201 2241 succedant,
2234 2193 2354 2246 qua:
2379 2177 2730 2247 abstergendi
2760 2177 2908 2231 vires
2937 2177 3192 2231 habeant.

1957 2268 2153 2322 PALL.
2184 2269 2354 2323 Recte
2384 2269 2543 2322 dicis.

1952 2357 2108 2412 C-YR.
2143 2358 2213 2413 Ut
2238 2359 2404 2429 igitur
2431 2359 2632 2429 duplex
2649 2369 2733 2415 est
2758 2360 2989 2423 mac’ula,
3010 2358 3176 2413 animi
3195 2367 3250 2413 et
3270 2374 3464 2429 corpo-

1885 2447 1980 2512 ris,
1999 2448 2077 2503 sic
2092 2448 2221 2503 item
2240 2450 2613 2520 purgationem
2634 2452 2736 2519 21
2753 2451 2911 2504 aliam
2938 2450 3152 2513 animm,
3171 2450 3331 2503 aliam
3348 2466 3467 2505 cor-

1885 2539 2034 2608 poris
2049 2554 2191 2604 esse,
2217 2540 2797 2595 convenientissimum
2829 2551 2931 2596 est.
2954 2540 3224 2597 Caeterum
3255 2543 3359 2597 hoc
3380 2544 3464 2612 ip-

1886 2647 2029 2696 sum,
2058 2648 2252 2702 nempe
2275 2644 2595 2703 prmsentem
2620 2635 2787 2689 vitam
2833 2636 3130 2690 incolatum
3161 2646 3373 2707 putare,
3400 2638 3468 2692 iis

1886 2724 1980 2793 qui
2004 2724 2078 2777 ita
2101 2736 2230 2779 sunt
2255 2724 2458 2789 affecti,
2488 2742 2595 2779 non
2630 2742 2751 2780 esse
2775 2728 2991 2791 inutile,
3015 2728 3275 2797 perfacile
3292 2728 3467 2782 videri

1887 2823 2086 2884 potest,
2111 2816 2155 2869 si
2181 2816 2268 2869 cui
2308 2817 2578 2885 placuerit
2613 2817 2667 2871 in
2696 2817 2971 2872 Abraham
3006 2820 3127 2890 ejus
3158 2819 3236 2873 rei
3273 2819 3469 2889 imagi-

1888 2918 2014 2957 nem
2050 2904 2272 2968 intueri,
2312 2904 2401 2958 cui
2428 2906 2633 2960 dictum
2667 2922 2697 2959 a
2724 2907 2836 2961 Deo
2873 2916 2995 2962 est:
3039 2928 3055 2959 ι
3088 2909 3187 2963 Exi
3217 2909 3284 2963 de
3326 2918 3472 2967 terra

1890 3004 2002 3059 tua,
2027 3005 2084 3051 et
2111 2997 2178 3051 de
2221 2998 2543 3067 cognatione
2588 3012 2702 3066 tua,
2746 3011 2802 3057 et
2858 3002 2925 3056 de
2967 3003 3130 3057 domo
3160 3004 3331 3072 patris
3364 3004 3467 3072 tui;

1890 3096 1947 3166 et
1968 3088 2093 3142 veni
2141 3089 2196 3141 in
2253 3098 2452 3143 terram
2491 3106 2654 3159 quam
2690 3101 3066 3147 monstravero
3102 3093 3239 3157 tibi,
3277 3103 3334 3149 et
3386 3095 3469 3150 fa-

1846 3178 2034 3245 ,-ciam
2072 3188 2123 3234 te
2154 3180 2209 3234 in
2248 3188 2466 3252 gentem
2503 3197 2775 3253 magnam,
2817 3190 2873 3237 et
2904 3183 3226 3238 benedicam
3256 3186 3377 3251 tibi,
3413 3196 3471 3241 et

1897 3270 2258 3340 magnificabo
2314 3287 2515 3327 nomen
2546 3281 2721 3337 tuum,
2758 3284 2814 3329 et
2853 3276 2963 3330 eris
3012 3276 3372 3343 benedictus;
3415 3288 3473 3333 et

1897 3357 2217 3412 benedicam
2242 3359 2701 3417 benedicentibus
2749 3364 2883 3427 tibi,
2921 3373 2977 3418 et
3014 3364 3473 3422 maledicentibus

1900 3448 1999 3502 tibi
2037 3449 2398 3517 maledicam;
2435 3460 2491 3506 et
2525 3452 2927 3508 benedicentur
2978 3454 3032 3509 in
3076 3464 3127 3509 te
3158 3471 3348 3511 omnes
3378 3457 3475 3511 tri-

1896 3539 2002 3593 bus
2016 3546 2174 3595 terra:
2193 3541 2259 3594 ⁸⁵.
2301 3561 2319 3591 ›
2348 3542 2614 3613 Intelligis
2645 3543 2811 3614 igitur
2847 3528 3005 3614 quod
3028 3561 3135 3600 non
3158 3562 3224 3601 ex
3247 3556 3390 3601 terra
3419 3557 3475 3602 et

1897 3630 2060 3685 domo
2086 3631 2285 3696 solum,
2316 3632 2412 3686 sed
2439 3633 2605 3687 etiam
2633 3650 2702 3688 ex
2730 3634 3072 3705 cognatione,
3110 3645 3273 3707 atque
3334 3636 3473 3691 adeo

1897 3738 1963 3775 ex
2007 3722 2169 3776 domo
2211 3723 2381 3792 patris
2445 3725 2733 3780 discedere
2794 3727 2995 3797 jussit,
3058 3737 3114 3782 et
3172 3729 3359 3784 venire
3417 3730 3473 3784 in

1900 3824 2098 3870 terram
2128 3831 2288 3885 quam
2323 3815 2458 3884 ipse,
2496 3818 2589 3886 qui
2620 3819 2873 3882 vocabat,
2902 3819 3255 3874 ostenderet?

1970 3906 2165 3960 PALL.
2201 3906 2305 3961 Sed
2337 3907 2597 3975 quidnam
2633 3909 2738 3963 hoc
2770 3909 2874 3963 sibi
2904 3910 3055 3963 vult?

1969 3997 2123 4053 CYR.
2152 3999 2234 4053 An
2260 4016 2412 4062 vero,
2450 4015 2575 4053 cum
2612 4000 2757 4054 Deus
2793 4017 2893 4055 nos
2931 4000 2998 4055 ad
3038 4002 3378 4071 sequendum
3417 4019 3473 4059 se

1900 4098 2079 4152 vocet,
2128 4089 2276 4166 haud
2318 4089 2547 4145 dubium
2606 4091 2740 4160 quin
2789 4092 3153 4161 spiritualiter
3181 4135 3195 4157 ,
3240 4110 3475 4164 cumque

1899 4194 1994 4233 eos
2027 4194 2165 4247 quos
2193 4178 2270 4231 illi
2307 4179 2575 4233 honorare
2597 4180 2886 4249 placuerit,
2935 4196 3003 4236 ex
3032 4181 3307 4236 mundana
3338 4184 3472 4247 vita,

1900 4270 2258 4339 voluptuosa,
2311 4270 2565 4339 inquam,
2606 4278 2663 4324 et
2712 4272 2894 4325 carnis
2934 4271 3227 4325 desideriis
3269 4273 3472 4337 dedita,

1901 4362 2054 4416 exire
2091 4363 2245 4425 velit,
2276 4363 2461 4432 negari
2495 4370 2673 4431 potest
2702 4362 2834 4431 quin
2864 4371 3051 4431 aperte
3093 4363 3473 4418 stultissimum

241 4450 425 4504 τοιοῦδε
469 4451 732 4522 ἀμεινον;
768 4451 1223 4518 Καταλογιξέσθω
1253 4453 1361 4524 γὰρ
1398 4452 1472 4515 ὡς
1514 4453 1665 4505 οὐδὲν
1700 4469 1796 4505 πα-

1903 4453 1973 4507 sit
2004 4453 2283 4522 quidpiam
2315 4459 2507 4522 putare
2537 4451 2666 4506 huic
2708 4460 2871 4507 tanta:
2917 4453 2995 4507 rei
3025 4468 3145 4508 esse
3184 4453 3477 4523 praeferen-

239 4540 345 4609 τρίς
379 4559 435 4595 τε
466 4544 562 4596 καὶ
596 4542 774 4611 γένος,
820 4544 915 4595 καί
960 4537 1104 4605 οἶκος
1153 4542 1379 4613 πατρὸς,
1412 4544 1504 4596 καὶ
1536 4543 1643 4595 τῶν
1682 4544 1796 4595 ἑπι-

1905 4543 2077 4598 dum?
2107 4543 2219 4596 Imo
2247 4558 2376 4597 vero
2405 4558 2503 4611 pro
2542 4542 2716 4596 nihilo
2746 4543 3012 4597 habeatur
3044 4544 3246 4614 patria,
3283 4552 3474 4614 genus,

240 4630 387 4697 γείων
416 4635 449 4704 ὴ
493 4636 710 4704 κτῆσις.
738 4634 1028 4705 Τοιγάρτοι
1069 4635 1162 4687 καὶ
1205 4634 1365 4696 αὐτὸς
1393 4636 1421 4686 ὁ
1450 4635 1640 4705 Σωτὴρ
1669 4636 1796 4705 πρὸς

1907 4636 2103 4689 domus
2122 4637 2317 4702 patris,
2348 4633 2464 4702 ipsa
2495 4631 2732 4701 denique
2773 4642 3119 4687 terrenarum
3152 4649 3335 4687 rerum
3355 4650 3479 4703 pos—

240 4722 326 4793 τὴν
369 4724 681 4796 ἴσην,ὴμᾶς
714 4726 966 4795 ἀνδρείαν
1003 4726 1205 4789 ἐκάλει,
1243 4725 1433 4793 λέγων’
1481 4744 1499 4777 ι
1547 4725 1604 4779 Ὀ
1638 4725 1796 4794 φιλῶι

1905 4724 2097 4780 sessio.
2131 4724 2316 4793 Itaque
2346 4723 2513 4778 etiam
2549 4723 2665 4793 ipse
2704 4722 2953 4778 Salvator
2991 4724 3061 4779 ad
3104 4725 3342 4779 similem
3377 4740 3478 4779 nos

244 4814 440 4885 πατέρα
468 4816 501 4884 ἢ
529 4817 743 4886 μητέρα
775 4816 916 4886 ὑπὲρ
945 4814 1067 4886 ἐμὲ,
1098 4817 1197 4869 οὐκ
1230 4816 1344 4868 ἔστι
1382 4832 1483 4886 μου
1515 4816 1680 4880 ἄξιος.
1714 4817 1796 4868 ml

1908 4816 2075 4871 animi
2097 4814 2474 4869 fortitudinem
2494 4816 2742 4878 vocabat,
2782 4815 2969 4870 dicens
2994 4833 3005 4867 :
3039 4834 3055 4865 ‹
3082 4814 3184 4881 Qui
3216 4824 3360 4868 amat
3387 4830 3480 4883 pa-

241 4902 449 4970 ὁφιλῶν
503 4905 619 4957 υἱον
664 4904 695 4974 ἢ
743 4904 1018 4971 θυγατέρα
1062 4904 1203 4976 ὑπὲρ
1255 4907 1378 4975 ἐμὲ,
1413 4908 1511 4959 οὐκ
1558 4906 1673 4958 ἐστι
1708 4924 1810 4976 μου

242 4992 407 5057 ἄξιος·
444 4996 540 5047 καὶ
576 4995 635 5057 ὃς
676 4994 737 5048 οὐ
774 4994 1039 5064 λαμϐάνει
1081 4996 1171 5049 τὸν
1213 4997 1442 5067 σταυρὸν
1487 4997 1670 5062 αὐτοῦ,
1717 4997 1812 5050 καὶ

241 5084 511 5137 ἀκολουθεῖ
545 5086 723 5139 ὀπίσω
767 5103 893 5155 μου,
927 5087 1026 5139 οὐκ
1076 5086 1191 5140 ἐστι
1223 5105 1324 5157 μου
1361 5087 1527 5150 ἄξιος.
1576 5107 1592 5138 ι
1633 5090 1803 5157 [lpos-

243 5172 393 5227 ετίθει
422 5176 513 5228 δέ’
556 5195 573 5225 ι
612 5177 724 5230 Καὶ
747 5178 854 5241 πᾶς
892 5177 1038 5240 ὅστις
1060 5179 1270 5248 ἀφῆκεν
1297 5176 1577 5245 ἀδελφοὺς,
1606 5178 1638 5247 ἢ
1662 5177 1813 5230 ἁδελ-

245 5263 357 5330 φὰς,
388 5268 422 5338 ἢ
456 5268 698 5338 πατέρα,
750 5268 785 5339 ἢ
830 5268 1062 5339 μητέρα,
1106 5269 1137 5337 ἢ
1191 5272 1443 5335 γυναῖκα,
1480 5267 1511 5335 ἧ
1547 5267 1731 5330 τέκνα,
1777 5266 1810 5336 ἢ

244 5353 451 5424 ἀγροὺς,
487 5358 521 5427 ἢ
551 5358 729 5420 οἰκίας
758 5359 921 5410 ἓνεκα
943 5358 1035 5409 τοῦ
1061 5358 1324 5427 ὀνόματός
1354 5375 1474 5427 μου,
1508 5357 1808 5410 πολλαπλα-

244 5446 381 5500 σίονα
427 5449 685 5519 λήψεται,
724 5451 817 5503 καί
859 5449 1000 5520 ζωὴν
1053 5449 1270 5503 αἰώνιον
1326 5448 1741 5520 κληρονομήσει.
1786 5468 1804 5501 ι

248 5534 310 5588 Ἦ
342 5540 446 5610 γὰρ
473 5542 598 5611 οὐχὶ
631 5545 731 5612 τῆς
757 5544 835 5603 εἰς
862 5542 1029 5612 ἀκρον
1055 5541 1362 5602 εὐσθενείας
1383 5541 1483 5609 τῆς
1515 5542 1572 5592 ὲν
1594 5540 1811 5610 Χριστῷ

247 5633 527 5704 νοουμένης
575 5634 735 5703 ἔργον
763 5629 901 5687 εἶναι
940 5634 1066 5703 φῂς,
1102 5633 1197 5704 τὴν
1244 5631 1385 5685 οὕτω
1417 5630 1675 5702 λαμπρὰν
1719 5635 1810 5686 καὶ

311 5813 400 5868 ³⁸1
439 5816 596 5871 Petr.
639 5834 701 5884 ιι,
740 5816 826 5871 II.

904 5816 949 5847 ⁸³
975 5813 1117 5869 Psal.
1156 5826 1337 5877 cxvut,
1364 5810 1451 5864 96.
1533 5810 1577 5839 ’⁸
1597 5808 1731 5867 Gen.
1763 5829 1853 5877 xu,
1890 5814 2004 5868 1-5.

1913 4917 2050 4961 trem
2085 4915 2180 4959 aut
2200 4913 2431 4960 matrem
2453 4922 2618 4976 super
2652 4922 2757 4971 me,
2791 4923 2898 4960 non
2938 4914 3021 4959 est
3050 4920 3136 4959 me
3167 4905 3387 4975 dignus;
3425 4913 3480 4957 et

1911 4999 2004 5070 qui
2035 5006 2179 5054 amat
2207 4997 2377 5051 filium
2410 5006 2505 5051 aut
2548 4998 2711 5051 ﬁliam
2754 5013 2917 5067 super
2954 5013 3061 5059 me,
3101 5011 3210 5048 non
3254 5003 3336 5048 est
3394 5011 3479 5050 me

1908 5090 2134 5159 dignus;
2177 5096 2231 5142 et
2264 5088 2358 5157 qui
2394 5103 2503 5141 non
2531 5087 2731 5156 accipit
2754 5101 2972 5140 crucem
3005 5101 3181 5148 suam,
3210 5092 3264 5138 et
3292 5085 3479 5155 sequi-

1912 5190 1998 5234 tur
2028 5196 2136 5243 me,
2169 5195 2279 5232 non
2314 5187 2397 5232 est
2426 5192 2512 5231 me
2560 5176 2755 5245 dignus
2777 5176 2841 5227 ".
2885 5195 2901 5225 ι
2945 5173 3158 5244 Adjecit
3203 5174 3367 5228 etiam
3420 5174 3484 5229 il-

1911 5273 2003 5327 Iud
2038 5290 2049 5324 :
2085 5291 2102 5322 ‹
2125 5272 2194 5325 Et
2242 5270 2420 5325 omnis
2447 5268 2540 5338 qui
2571 5267 2843 5333 dimiserit
2878 5266 3097 5330 fratres,
3126 5274 3220 5320 aut
3245 5281 3480 5331 sorores,

1911 5372 2005 5417 aut
2046 5372 2278 5433 patrem,
2316 5370 2410 5415 aut
2443 5369 2697 5424 matrem,
2733 5368 2825 5412 aut
2881 5375 3129 5424 uxorem,
3176 5368 3269 5413 aut
3319 5346 3485 5422 filios,

1917 5464 2009 5509 aut
2036 5469 2212 5525 agros,
2245 5461 2338 5507 aut
2360 5451 2550 5505 domos
2568 5456 2791 5520 propter
2816 5466 3015 5504 nomen
3053 5465 3256 5512 meum,
3288 5458 3485 5504 centu-

1916 5546 2064 5615 plum
2114 5544 2381 5614 accipiet,
2425 5551 2479 5596 et
2526 5540 2691 5594 vitam
2741 5550 2999 5596 aeternam
3034 5539 3421 5611 possidebit”.
3461 5555 3480 5589 ι

1915 5635 2094 5702 Quid?
2115 5636 2233 5690 Non
2256 5649 2479 5689 summae
2507 5633 2865 5698 fortitudinis,
2896 5632 3062 5697 illius,
3083 5633 3323 5701 inquam,
3366 5644 3490 5701 quae

2108 5817 2149 5847 ³⁷
2197 5817 2388 5871 Matth.
2438 5835 2491 5883 χ,
2533 5818 2620 5883 37,
2649 5820 2736 5873 '58.
2816 5822 2859 5854 "
2892 5818 3080 5873 Matth.
3120 5831 3232 5881 ιιι,
3258 5813 3349 5871 9.9.
