4046 6504
545 448 646 506 167

1562 443 1617 497 S.
1661 440 1937 498 CYRILLI
1976 439 2441 494 ALEXANDRINI
2481 440 2794 496 ARCHIEP.

3685 436 3786 491 168

545 565 600 619 in
625 561 841 618 Christo
867 569 968 622 est,
1010 573 1146 629 opus
1171 573 1287 614 esse
1315 555 1614 620 confiteris,
1647 557 1788 610 hanc
1812 553 1950 608 adeo
1975 568 2114 623 prae-

2217 553 2506 622 περίοπτον
2544 554 2815 623 ἀνδρείαν,
2846 555 2880 626 ἢ
2911 555 3039 628 παρ’
3070 554 3218 608 οὐδὲν
3248 555 3465 626 ἡγεῖται
3499 554 3684 620 ταυτί;
3728 555 3790 607 τὸ

543 657 772 718 claram,
812 660 1216 724 spectatamque
1260 650 1539 712 virtutem,
1574 663 1696 718 qua:
1714 646 1875 701 nihili
1915 647 2114 716 pendat

2217 643 2271 696 δέ
2295 645 2402 697 δεῖν
2432 643 2658 696 ἔπεσθαι
2685 643 2760 716 τῷ
2786 645 3004 716 Χριστῷ
3037 648 3268 699 ποιεῖται
3301 646 3431 718 περὶ
3459 645 3680 699 πολλοῦ.

542 746 660 802 haec
697 744 913 807 omnia;
938 743 1091 812 sequi
1126 750 1305 796 autem
1333 740 1637 803 Christum,
1677 739 1899 810 plurimi
1920 737 2117 792 faciat?

612 833 808 890 PALL.
844 834 954 903 Ego
981 848 1113 887 vero
1147 832 1340 895 fateor,
1377 847 1502 886 nam
1535 839 1591 886 et
1619 831 1687 885 ab
1716 831 1807 885 illa
1849 839 2114 900 praestan-

543 925 753 980 tissima
785 940 880 993 spe
901 964 916 987 ,
951 931 1009 978 et
1040 940 1070 977 a
1103 923 1448 994 iucunditate
1478 939 1601 992 quae
1645 931 1728 976 est
1777 922 1833 975 in
1873 920 2112 984 Christo,

540 1013 885 1076 exciderunt,
916 1014 1009 1083 qui
1037 1014 1249 1078 venire,
1292 1029 1415 1067 cum
1446 1014 1514 1067 ad
1549 1013 1769 1082 nuptias
1797 1019 1980 1065 essent
2016 1026 2114 1064 vo-

540 1103 670 1166 cati,
703 1111 1026 1158 rcnuerunt.
1063 1105 1143 1158 Ex
1183 1103 1387 1173 quibus
1428 1119 1572 1157 unus
1601 1103 1740 1157 dixit
1775 1119 1788 1155 :
1830 1120 1847 1152 ι
1880 1101 2115 1156 Uxorem

538 1191 692 1254 duxi,
727 1199 784 1246 et
811 1208 922 1246 non
947 1208 1169 1262 possum
1215 1193 1405 1246 venire
1426 1194 1492 1245 ".
1525 1212 1541 1241 ι
1579 1192 1731 1246 Alter
1755 1205 1887 1245 vero
1924 1205 2115 1260 agrum

539 1285 810 1340 coemisse
845 1300 969 1338 cum
1004 1284 1235 1348 diceret,
1266 1285 1462 1338 divina:
1483 1283 1754 1338 vocationi
1800 1281 2118 1351 temporalia

541 1377 785 1447 pratulit
806 1379 873 1431 ⁸⁸.

611 1465 768 1522 CYR.
810 1467 1078 1522 Praeclare
1110 1482 1261 1531 sane,
1289 1466 1512 1521 Palladi.
1543 1463 1797 1519 Oblectas
1822 1463 1968 1518 enim
1995 1477 2113 1526 nos,

503 1561 511 1572 '
541 1571 667 1610 cum
685 1557 901 1611 veritati
922 1565 1286 1612 consentanea
1316 1557 1475 1619 dicis,
1502 1565 1557 1610 et
1577 1553 1905 1624 22ingenii
1926 1553 2119 1606 alaeri-

542 1653 652 1701 tate
684 1647 980 1717 praacurris
1005 1647 1072 1701 ad
1105 1657 1304 1702 nostrae
1327 1646 1590 1701 orationis
1618 1645 1780 1698 linem
1804 1644 2005 1698 acriter
2037 1643 2118 1696 in-

543 1738 918 1808 telligendum.
949 1739 1085 1793 Vide
1117 1738 1302 1809 igitur,
1335 1737 1403 1791 iis
1443 1738 1537 1806 qui
1569 1737 1781 1806 integre
1810 1743 1972 1804 atque
1994 1749 2118 1803 per—

541 1830 681 1885 fecte
728 1831 900 1884 Deum
945 1839 1274 1900 sequuntur,
1305 1839 1359 1883 et
1391 1829 1504 1898 spei
1550 1843 1712 1896 quam
1751 1827 1805 1879 in
1846 1826 1938 1878 illo
1983 1840 2115 1878 con-

2286 820 2495 876 IIAAA.
2521 822 2668 875 Πάνυ
2693 823 2791 893 μὲν
2809 818 2922 884 οὖν,
2951 823 3073 877 ἐπεί
3098 841 3178 878 τοι
3201 823 3296 878 καὶ
3323 824 3423 894 τῆς
3440 823 3671 894 ἀρίστης
3703 824 3792 876 ἐλ-

2218 911 2389 975 πίδος,
2415 913 2508 966 καὶ
2537 914 2637 984 τῆς
2663 917 2721 967 ἐν
2750 915 2965 986 Χριστῷ
2983 917 3250 988 θυμηδίας
3279 916 3716 988 διωλισθήκασιν,
3740 922 3790 971 οἱ

2217 1002 2542 1072 κεκλημένοι
2570 1003 2668 1073 μὲν
2702 1007 2782 1068 είς
2809 1008 2935 1071 τοὺς
2967 1007 3200 1078 γάμους,
3227 1008 3701 1080 καταρνησάμενοι
3735 1008 3791 1062 δὲ

2217 1092 2313 1161 τὴν
2339 1094 2541 1160 ἄφιξιν.
2589 1089 2688 1148 Ὧν
2737 1099 2764 1150 ὁ
2808 1098 2905 1168 μέν
2939 1116 3020 1162 τις
3048 1099 3152 1170 ἔφη
3177 1118 3190 1132 ·
3236 1119 3255 1152 ι
3301 1101 3536 1154 Γυναῖκα
3574 1101 3787 1172 ἔγημα,

2218 1184 2312 1236 καὶ
2337 1186 2396 1236 οὐ
2429 1185 2657 1256 δύναμαι
2689 1187 2881 1242 ἐλθεῖν.
2913 1208 2931 1241 ι
2977 1193 3035 1244 '0
3055 1192 3132 1244 ’δέ
3155 1209 3237 1255 τις
3263 1192 3430 1263 ἀγρὸν
3456 1192 3792 1262 ἐκπρίσσθαι

2218 1272 2410 1340 λέγων,
2441 1277 2646 1347 ἀμείνω
2671 1279 2770 1350 τῆς
2790 1281 3034 1351 κλήσεως
3059 1283 3293 1336 ἐποιεῖτο
3315 1285 3384 1338 τά
3413 1285 3741 1355 πρόσκαιρα.

2287 1451 2450 1504 ΚΥΡ.
2493 1450 2655 1523 Εὖγε,
2688 1450 2733 1510 ὧ
2755 1458 3018 1512 normata
3040 1477 3053 1491 ο
3082 1461 3391 1532 εὐφραίνεις
3421 1462 3528 1533 γὰρ
3555 1463 3702 1534 ἡμᾶς
3723 1463 3794 1516 τὰ

2218 1542 2402 1596 είκότα
2427 1543 2621 1614 λέγων,
2655 1549 2748 1602 καὶ
2784 1548 2844 1614 ἐξ
2873 1551 3167 1624 εὐμαθείας
3208 1556 3307 1624 τῆς
3353 1555 3493 1622 ἄγαν
3545 1572 3793 1626 προανα-

2219 1630 2478 1703 θρώσκων
2512 1632 2569 1690 εὖ
2602 1639 2744 1708 μάλα
2796 1641 2930 1712 πρὸς
2969 1642 3030 1694 τὸ
3065 1643 3299 1697 συνιέναι
3335 1644 3552 1716 θερμῶς
3582 1644 3674 1698 τοῦ
3704 1645 3794 1697 3.6-

2218 1740 2313 1791 γου
2347 1725 2406 1776 τὸ
2441 1726 2635 1799 πέρας.
2671 1730 2861 1803 Ἀθρει
2891 1732 2954 1804 δὴ
2986 1731 3080 1787 οὖν
3115 1735 3195 1789 ὄτι
3235 1741 3343 1800 τοῖς
3376 1737 3679 1808 ὁλοσχερῶς
3728 1754 3791 1789 τε

2220 1813 2315 1864 καὶ
2361 1815 2670 1886 ὁλοτρόπως
2701 1821 3048 1876 ἀκολουθοῦσι
3077 1824 3214 1894 Θεῷ,
3251 1827 3344 1878 καὶ
3375 1829 3476 1897 τῆς
3507 1829 3588 1889 είς
3625 1827 3792 1881 αὑτὸν

541 1921 862 1984 stituerunt,
893 1937 981 1976 res
1030 1923 1276 1975 carnales
1311 1936 1375 1974 ac
1409 1919 1742 1974 mundanam
1776 1917 2111 1986 voluptatem

2217 1905 2428 1971 ἐλπίδος
2462 1913 2847 1982 πεποιημένοις
2887 1916 3115 1985 δεύτερα
3160 1916 3228 1971 τὰ
3277 1917 3378 1988 τῆς
3427 1919 3656 1987 σαρκὸς,
3694 1919 3795 1971 καὶ

539 2013 884 2084 posthabent,
917 2013 1232 2082 Contingere
1273 2012 1496 2066 omnino
1523 2012 1594 2080 [ut
1623 2009 1901 2064 ccelestem
1941 2008 2113 2061 bene-

538 2106 834 2162 dictionem
869 2107 1085 2161 abunde
1117 2115 1548 2175 consequantur.
1593 2101 1734 2169 Quid
1774 2103 1922 2155 enim
1951 2100 2114 2154 aitad

539 2197 856 2254 Abraham?
909 2215 927 2246 ι
961 2197 1028 2250 Et
1056 2195 1247 2250 faciam
1289 2207 1340 2249 te
1376 2195 1430 2248 in
1473 2201 1690 2264 gentem
1735 2206 2006 2260 magnam.
2061 2198 2117 2243 et

539 2287 863 2344 benedicam
907 2298 959 2342 te
998 2288 1084 2351 "',
1121 2307 1137 2337 ι
1198 2295 1255 2341 et
1287 2301 1348 2339 ea
1402 2300 1524 2354 qua:
1571 2290 1897 2352 sequuntur.
1947 2280 2114 2334 Vides

541 2409 672 2464 ergo
719 2393 940 2463 quantis
984 2393 1136 2446 illum
1179 2390 1561 2460 spiritualibus
1595 2389 1755 2443 bonis
1781 2385 2116 2443 cumularit?

538 2483 657 2538 Jam
709 2498 841 2537 vero
897 2480 1358 2552 quemadmodum
1417 2479 1646 2535 excedat
1691 2494 1721 2532 e
1775 2477 1940 2531 natali
1997 2475 2115 2529 solo

541 2574 835 2636 Abraham,
862 2589 1043 2627 nonne
1073 2588 1252 2640 opera:
1272 2571 1510 2641 pretium
1542 2571 1649 2624 erit
1679 2570 1905 2623 videre?
1952 2588 1969 2619 ι
2009 2569 2112 2623 Ac-

540 2667 687 2737 cepit
719 2667 886 2731 enim,
915 2686 933 2716 ι
965 2666 1163 2735 inquit,
1204 2685 1221 2716 ι
1245 2665 1462 2719 Sarram
1487 2680 1711 2718 uxorem
1747 2679 1921 2726 suam,
1944 2671 1998 2717 et
2015 2661 2117 2715 Lot

541 2756 712 2812 ﬁlium
741 2758 925 2812 fratris
966 2757 1073 2820 sui,
1107 2765 1161 2810 et
1222 2771 1438 2809 omnem
1472 2754 1835 2809 substantiam
1869 2753 2114 2823 ipsorum

540 2863 704 2919 quam
733 2847 1113 2918 possederant,
1158 2853 1213 2900 et
1254 2861 1470 2898 omnem
1514 2845 1752 2899 animam
1781 2857 1942 2912 quam
1986 2857 2116 2911 pos-

541 2939 796 2996 sederant
819 2939 873 2994 in
896 2937 1164 3000 Charran,
1189 2945 1245 2991 et
1274 2936 1530 2991 exierunt
1550 2942 1610 2988 ut
1643 2934 1898 2988 venirent
1928 2933 1983 2985 in
2007 2939 2116 2985 ter-

540 3045 658 3084 ram
686 3028 965 3091 Chanaan,
995 3037 1048 3083 et
1069 3026 1423 3097 pertransivit
1455 3035 1658 3079 terram
1697 3023 1972 3077 Abraham
2018 3036 2116 3091 per

539 3121 935 3194 longitudinem
995 3121 1134 3191 ejus,
1178 3133 1352 3188 usque
1410 3117 1477 3171 ad
1533 3117 1714 3171 locum
1775 3115 1991 3169 Siehem
2047 3112 2112 3167 ad

538 3226 804 3282 quercum
836 3210 1126 3265 sublimem
1149 3209 1212 3262 ".
1251 3227 1267 3258 ι
1301 3207 1547 3262 Excessit
1573 3205 1798 3276 quidem
1830 3219 1898 3258 ex
1938 3202 2111 3257 Char-

541 3321 661 3369 ran,
687 3320 789 3360 nec
810 3305 947 3358 ullas
978 3302 1054 3356 ibi
1093 3316 1278 3356 rerum
1325 3314 1546 3354 suarum
1584 3297 1844 3367 reliquias
1870 3295 2110 3356 dimisit,

541 3397 636 3451 sed
685 3411 810 3450 cum
843 3409 1042 3464 genere
1080 3393 1338 3447 universo
1385 3388 1807 3460 quodammodo,
1835 3387 2116 3443 universa—

541 3505 651 3560 que
698 3487 922 3550 familia,
974 3501 1186 3540 summa
1235 3499 1360 3539 cum
1390 3482 1670 3538 alacritate
1726 3476 2008 3534 contendit
2058 3477 2114 3529 in

542 3590 744 3636 terram
759 3579 1038 3643 Chanaan,
1056 3593 1218 3649 quam
1237 3576 1380 3629 Deus
1401 3573 1739 3628 ostenderat.
1759 3569 1965 3624 Deinde
1985 3583 2112 3638 per—

542 3672 762 3732 transiit
794 3679 997 3729 terram
1029 3685 1126 3738 per
1157 3665 1553 3735 longitudinem
1581 3664 1719 3732 ejus,
1743 3670 1798 3714 et
1831 3660 1885 3713 in
1913 3668 2114 3713 terram

539 3762 790 3835 pervenit
817 3761 1128 3817 sublimem.
1155 3755 1416 3825 Quisquis
1441 3755 1589 3808 enim
1627 3751 1938 3806 decreverit
1970 3748 2113 3802 divi—

539 3855 627 3914 nis
662 3853 892 3925 obsequi
940 3852 1267 3923 praeceptis,
1313 3865 1377 3904 ac
1418 3860 1712 3918 supernam
1770 3842 2113 3897 vocationem

541 3946 813 4020 prmcipua
852 3959 984 3998 cura
1011 3939 1388 4012 excipiendam
1420 3936 1645 4009 putarit,
1679 3943 1838 3989 exeat
1877 3931 1924 3986 is
1956 3947 1986 3985 e
2013 3945 2112 3984 vo-

539 4038 792 4107 luptuosa
827 4035 959 4099 vita,
1001 4042 1146 4088 totus
1171 4032 1320 4087 omni
1356 4046 1424 4085 ex
1449 4035 1623 4099 parte,
1669 4040 1733 4080 ac
1765 4023 1938 4079 veluti
1987 4037 2112 4077 cum

537 4143 738 4199 genere
771 4126 1065 4191 universo;
1091 4140 1267 4195 neque
1295 4124 1462 4178 ullam
1499 4119 1698 4174 mentis
1749 4133 1862 4171 suae
1895 4123 2111 4198 partem

536 4219 612 4276 ibi
644 4219 936 4288 relinquat,
972 4216 1066 4271 ubi
1095 4227 1254 4271 antea
1285 4213 1628 4269 versabatur.
1674 4208 1765 4264 Sic
1806 4208 1953 4262 enim
2008 4207 2113 4260 rite

535 4308 935 4380 proﬁciscetur,
953 4315 1265 4377 terramque
1282 4302 1656 4376 pertransibit,
1688 4300 1758 4354 ad
1785 4314 1948 4369 quam
1973 4305 2058 4352 est
2081 4313 2111 4350 a

532 4400 646 4454 Deo
660 4409 906 4463 vocatus,
929 4407 1008 4461 ut,
1041 4394 1503 4467 quemadmodum
1531 4390 1730 4448 scribit
1747 4390 1943 4443 beatus
1965 4387 2110 4441 Pau-

534 4489 642 4553 lus,
701 4488 874 4560 possit
923 4485 1389 4557 comprehendere
1423 4497 1546 4538 cum
1598 4479 1854 4535 omnibus
1911 4476 2112 4531 sanctis

536 4594 656 4648 qua:
678 4579 750 4632 sit
782 4577 1033 4640 latitudo,
1063 4585 1120 4630 et
1137 4573 1440 4644 longitudo,
1469 4581 1525 4627 et
1548 4569 1878 4633 sublimitas,
1904 4574 1959 4620 et
1981 4582 2111 4637 pro-
2146 4600 2188 4654 ο

537 4669 768 4729 fundum
813 4667 1060 4740 mysterii
1108 4666 1312 4722 Christi
1353 4665 1418 4719 ".
1475 4662 1632 4717 Tunc
1687 4662 1836 4715 enim
1904 4661 2109 4729 optime

536 4763 603 4819 ad
638 4745 1162 4816 terram‘sublimem
1196 4755 1473 4817 ascendet,
1506 4753 1680 4818 idest,
1717 4752 1783 4805 ad
1814 4751 1980 4805 animi
2009 4751 2110 4803 ha-

534 4854 732 4917 bitum,
754 4851 847 4922 qui
874 4851 930 4905 in
946 4850 1228 4921 superiore
1245 4849 1509 4902 virtutum
1527 4845 1646 4898 loco
1678 4843 1816 4896 situs
1832 4850 1937 4904 est,
1963 4841 2110 4894 nulla

533 4961 597 5000 ex
626 4953 780 5014 parte
818 4943 885 4996 ad
913 4941 1095 4996 carnis
1127 4939 1434 5008 voluptates
1456 4936 1732 5006 projectus
1777 4942 1939 5001 atque
1981 4946 2110 4999 pro-

533 5037 706 5094 clivis.
744 5036 796 5090 ls
825 5041 1009 5089 autem
1041 5033 1137 5104 qui
1167 5047 1234 5085 eo
1270 5025 1583 5100 pervenerit
1623 5023 1756 5094 quid
1803 5021 1933 5076 boni
1965 5035 2112 5074 asse-

533 5134 750 5198 quatur,
783 5139 849 5181 ex
871 5123 1004 5196 ipsis
1034 5121 1202 5177 sacris
1221 5118 1444 5174 Litteris
1472 5114 1856 5183 intelligemus.
1884 5129 1901 5158 ι
1929 5110 2111 5179 Appa~

533 5215 644 5270 ruit
673 5215 841 5278 enim,
871 5234 889 5264 ι
938 5213 1139 5285 inquit,
1192 5231 1208 5261 ι
1249 5209 1513 5265 Dominus
1543 5204 1837 5266 Abraham,
1880 5209 1935 5256 et
1975 5201 2114 5255 dixit

533 5306 620 5360 ei:
656 5305 861 5359 Semini
879 5314 973 5359 tuo
1003 5305 1146 5360 dabo
1188 5313 1387 5356 terram
1419 5300 1580 5354 hanc.
1605 5297 1672 5352 Et
1692 5294 1987 5350 aedificavit
2033 5292 2109 5345 ibi

532 5394 810 5449 Abraham
864 5395 1032 5448 altare
1089 5395 1318 5448 Domino
1377 5392 1471 5461 qui
1523 5394 1851 5459 apparuerat
1899 5385 1951 5438 ei
1974 5385 2038 5438 ⁵³.
2087 5401 2105 5432 ι

531 5486 668 5541 Nam
706 5501 831 5541 cum
856 5485 1036 5540 adhuc
1068 5486 1122 5538 in
1149 5486 1321 5555 patria
1352 5487 1822 5541 commoraretur,
1866 5474 2106 5530 necdum

532 5577 598 5632 ad
632 5585 877 5630 sanctam
929 5586 1128 5630 terram
1173 5590 1292 5630 sese
1341 5573 1702 5633 contulisset,
1737 5568 1914 5623 solum
1968 5563 2102 5622 illud

533 5683 857 5737 responsum
888 5667 1124 5736 accepit,
1154 5683 1262 5737 quo
1297 5667 1352 5720 in
1399 5665 1559 5718 aliam
1596 5661 1896 5733 regionem,
1955 5653 2104 5709 omni

535 5777 647 5903 xu"
677 5776 822 5901 ἔλυε.
875 5797 980 5847 xxv,
1023 5780 1113 5835 20.
1229 5780 1273 5812 '°
1321 5778 1480 5835 ibid..
1513 5777 1597 5831 18.

1711 5775 1774 5807 ⁶⁰⁶
1802 5771 1937 5853 Gen.
1980 5787 2071 5835 xu,
2123 5768 2177 5826 2.

2222 1999 2530 2069 φιληδονίαν
2563 2007 2852 2076 κοσμικὴν,
2885 2007 3072 2078 ἕψεται
3101 2009 3164 2080 δὴ
3192 2010 3426 2075 πάντως,
3453 2011 3514 2064 τὸ
3541 2009 3793 2080 εὐλογίας

2217 2093 2317 2160 τῆς
2348 2093 2552 2148 ἀνωθεν
2583 2097 2852 2162 πλουσίως
2881 2100 3224 2172 μεταλαχεῖν.
3259 2103 3325 2156 Τί
3349 2102 3458 2173 γὰρ
3484 2103 3630 2171 λέγει
3653 2105 3794 2175 πρὸς

2234 2182 2513 2255 Ἀϐραάμς
2560 2204 2578 2237 ι
2619 2188 2729 2240 Καὶ
2758 2191 2966 2261 ποιήσω
2999 2209 3058 2244 σε
3083 2193 3162 2255 είς
3198 2192 3348 2256 ἔθνος
3385 2194 3549 2265 μέγα,
3580 2197 3673 2248 καὶ
3697 2196 3793 2248 εὐ-

2219 2271 2433 2343 λογήσω
2478 2291 2556 2340 σε,
2593 2294 2611 2327 ι
2646 2278 2739 2330 καὶ
2767 2278 2835 2332 τὰ
2879 2279 3089 2343 τούτοις
3119 2281 3460 2352 συνημμένα.
3507 2282 3670 2353 Ὁρᾷς
3697 2280 3792 2336 οὖν

2219 2364 2351 2435 ὅσην
2369 2367 2514 2438 αὐτῷ
2538 2368 2745 2440 πληθὺν
2762 2371 3104 2442 ἐπεσώρευσε
3125 2375 3509 2444 πνευματικῶν
3532 2375 3752 2442 ἀγαθῶν
3772 2395 3788 2440 ;

2221 2456 2351 2510 Τίνα
2366 2458 2421 2510 δὲ
2441 2459 2637 2529 τρόπον
2656 2460 2879 2532 ἀπαίρει
2900 2461 2998 2532 τῆς
3017 2463 3342 2535 ἐνεγκούσης
3370 2465 3644 2536 Ἀϐραὰμ.
3672 2466 3794 2529 πιῖις

2217 2550 2319 2602 οῦκ
2363 2551 2508 2617 ἀξιον
2541 2553 2696 2620 ίδεῖν;
2755 2573 2774 2605 ι
2827 2554 3027 2609 Ἐλαϐε
3063 2556 3191 2627 γὰρ,
3238 2577 3257 2609 ι
3307 2557 3459 2627 φησὶ,
3515 2574 3533 2609 ι
3573 2559 3793 2629 Σάρραν

2218 2640 2316 2710 τὴν
2355 2645 2587 2709 γυναῖκα
2615 2641 2802 2709 αὐτοῦ,
2833 2647 2928 2699 καὶ
2959 2646 3051 2700 τὸν
3081 2647 3202 2701 Λὼτ
3240 2649 3331 2701 τόν
3368 2649 3481 2702 υἱὸν
3513 2650 3607 2702 τοῦ
3639 2651 3794 2703 ἁδελ-

2219 2732 2320 2801 φοῦ
2374 2734 2558 2799 αὐτοῦ,
2603 2738 2699 2790 καὶ
2747 2739 2923 2792 πάντα
2960 2740 3027 2792 τὰ
3085 2740 3397 2811 ὑπάρχοντα
3435 2740 3636 2807 αὐτῶν,
3689 2744 3794 2795 ὅσα

2219 2825 2554 2894 ἐκτήσαντο,
2603 2827 2697 2881 καὶ
2757 2832 2936 2883 πᾶσαν
3011 2830 3206 2902 ψυχὴν,
3260 2832 3327 2903 ἦν
3382 2834 3680 2904 ἐκτήσαντο
3731 2836 3795 2886 ἐν

2219 2915 2461 2986 Χαρράν.
2496 2918 2603 2970 Καὶ
2641 2918 2864 2988 ἐξῆλθον
2905 2921 3238 2992 πορευθῆναι
3291 2923 3369 2986 είς
3404 2922 3509 2994 γῆν
3550 2921 3791 2986 Χαναὰν,

2219 3005 2311 3057 καὶ
2341 3004 2625 3058 διώδευσεν
2667 3007 2920 3079 Ἀϐραὰμ
2941 3009 3038 3079 τὴν
3071 3010 3175 3079 γῆν
3205 3012 3284 3075 είς
3309 3010 3368 3064 τὸ
3403 3011 3574 3081 μῆκος
3599 3012 3792 3082 αὐτῆς.

2219 3094 2324 3158 ἕως
2363 3096 2456 3148 τοῦ
2491 3097 2656 3151 τόπου
2693 3101 2894 3170 Συχὲμ,
2928 3101 3020 3154 ἐπὶ
3056 3102 3154 3173 τὴν
3191 3100 3321 3172 δρῦν
3359 3103 3455 3174 τὴν
3489 3104 3717 3174 ὑψηλήν.
3770 3123 3789 3156 ι

2232 3185 2513 3258 Ἐξεχὼρει
2539 3188 2638 3259 μὲν
2663 3189 2772 3262 γὰρ
2796 3193 2859 3243 ἐκ
2881 3192 3126 3264 Χαρρὰν,
3152 3194 3303 3246 οῦδὲν
3325 3195 3515 3248 ἐαυτοῦ
3539 3195 3795 3266 λείψανον

2218 3279 2398 3345 ἀφιεὶς
2424 3281 2482 3334 ἐν
2506 3282 2666 3352 αὐτῇ,
2686 3285 2947 3351 παγγενε“ι
2973 3286 3027 3338 δέ
3054 3284 3242 3356 ὥσπερ
3270 3287 3363 3339 καὶ
3395 3289 3630 3355 πανοικὶ,
3656 3307 3794 3358 προ-

2218 3367 2495 3437 θυμότακτα
2551 3371 2896 3441 μετατρέχων
2935 3374 3014 3436 είς
3061 3373 3166 3443 γῆν
3206 3375 3461 3446 Χαναάμ,
3502 3378 3567 3447 ἣν
3622 3378 3792 3441 ἔδειξε

2215 3458 2365 3522 Θεός.
2407 3455 2541 3513 Εἶτα
2580 3461 2738 3514 δίεισι
2776 3463 2874 3535 τὴν
2918 3463 3020 3531 γῆν
3051 3465 3130 3527 είς
3167 3465 3226 3518 τὸ
3253 3467 3427 3537 μῆκος
3467 3469 3660 3538 αὐτῆς,
3697 3473 3794 3523 καὶ

2215 3549 2295 3611 είς
2314 3550 2415 3619 γῆν
2441 3549 2657 3620 ἔρχεται
2689 3553 2790 3622 τὴν
2828 3555 3060 3625 ὑψηλήν.
3093 3556 3152 3609 Ὀ
3169 3555 3277 3628 γὰρ
3302 3574 3381 3610 τοι
3397 3557 3793 3630 βεϐουλημένος

2213 3641 2326 3701 τοῖς
2359 3639 2521 3702 θείοις
2559 3637 2617 3695 εὖ
2669 3643 2815 3712 μάλα
2844 3644 3260 3699 κατακολουθεῖν
3304 3648 3659 3718 θεσπίσμασι,
3694 3653 3793 3704 καὶ

2215 3730 2494 3798 φροντίδος
2543 3731 2643 3800 τῆς
2677 3732 2904 3802 ἀρίστης
2951 3735 3135 3800 ἀξιοῦν
3172 3737 3270 3808 τὴν
3316 3735 3523 3792 ἀνωθεν
3577 3740 3790 3808 κλῆσιν,

2214 3815 2376 3880 ἐξίτω
2405 3815 2548 3887 ζωῆς
2590 3819 2685 3888 τῆς
2733 3821 2790 3871 ἐν
2824 3822 3035 3891 ἡδοναῖς
3082 3828 3373 3895 κοσμικαῖς
3415 3828 3535 3892 ὅλος
3586 3829 3788 3892 διόλου,

2215 3907 2310 3958 καὶ
2343 3909 2503 3960 οἱονεὶ
2537 3911 2818 3978 παγγενεὶ,
2862 3913 3011 3966 οὐδὲν
3054 3917 3151 3986 τῆς
3185 3918 3375 3972 ἐαυτοῦ
3406 3915 3642 3984 διανοίας
3675 3921 3790 3975 λεί-

2213 3995 2382 4064 ψανον
2417 3997 2596 4066 ἀφεὶς,
2634 4001 2690 4052 ἐν
2722 3997 2801 4065 οἷς
2844 3999 2913 4074 ἦν
2963 4022 3110 4061 ποτε.
3157 4009 3404 4081 Ἀπαίρει
3454 4012 3563 4084 γὰρ
3614 4013 3792 4078 οὕτως

2215 4085 2413 4156 ὀρθῶς,
2452 4089 2548 4142 καὶ
2586 4089 2843 4147 διοδεύσει
2881 4095 2981 4165 τὴν
3022 4096 3146 4166 γῆν,
3175 4099 3433 4169 κέκληται
3483 4101 3591 4172 γὰρ
3637 4104 3790 4174 παρὰ

2215 4177 2372 4245 Θεοῦ,
2397 4178 2483 4234 ἴνα
2503 4179 2690 4254 ὥσπερ
2710 4185 2738 4238 ὁ
2763 4187 3027 4258 μακάριος
3051 4189 3248 4259 γράφει
3275 4190 3505 4257 Παῦλος,
3529 4194 3787 4266 ἐξισχύσι

2216 4270 2615 4328 καταλαϐέσθαι
2639 4277 2737 4330 σὺν
2763 4279 2894 4331 πᾶσι
2924 4281 3034 4342 τοῖς
3057 4281 3249 4349 ἁγίοις,
3280 4281 3334 4337 τί
3357 4283 3416 4336 τὸ
3445 4284 3664 4350 πλάτος,
3693 4289 3790 4343 καὶ

2220 4360 2412 4430 μῆκος,
2429 4364 2523 4416 καὶ
2535 4363 2690 4433 ὕψος,
2709 4367 2800 4421 καὶ
2815 4366 2975 4436 βάθος
2991 4369 3083 4422 τοῦ
3109 4374 3404 4443 μυστηρίου
3417 4373 3511 4428 τοῦ
3527 4378 3568 4428 Χ
3579 4380 3785 4448 ριστοῦ.

2217 4452 2361 4522 Πρὸς
2387 4458 2490 4524 γῆν
2522 4457 2632 4528 γὰρ
2656 4459 2776 4513 τότε
2808 4459 2907 4529 τὴν
2953 4460 3160 4531 ὑψηλὴν
3192 4462 3538 4534 ἀναφοιτήσει
3581 4469 3785 4534 καλῶς,

2215 4546 2360 4603 τοῦτ’
2401 4550 2536 4611 ἐστι,
2576 4550 2711 4621 πρὸς
2742 4549 2853 4614 {iw
2891 4551 2990 4621 τὴν
3024 4552 3400 4626 ἀνῳκισμένην
3444 4559 3502 4610 ἐν
3541 4561 3785 4629 ἀρεταῖς,

2216 4640 2310 4692 καὶ
2339 4640 2634 4711 οὐδαμόθεν
2661 4643 2887 4713 ἔχουσαν
2925 4646 3005 4700 ἔτι
3033 4647 3094 4700 τὸ
3125 4652 3558 4720 κατερῤιμμένον
3583 4654 3664 4716 εις
3695 4671 3788 4722 φι-

2214 4729 2524 4801 λοσαρκίαν.
2574 4733 2913 4806 Ἀφικομένῳ
2940 4735 2995 4790 δέ
3033 4735 3134 4808 ἤδη
3171 4740 3307 4810 πρὸς
3336 4739 3516 4802 τοῦτο,
3537 4742 3592 4794 τί
3621 4742 3786 4798 πάλιν

2214 4819 2365 4874 ἔσται
2412 4821 2520 4875 τῶν
2569 4822 2807 4891 ἀγαθῶν,
2856 4825 2914 4891 ἐξ
2963 4827 3140 4880 αὐτῶν
3177 4827 3433 4898 εἰσόμεθα
3475 4829 3582 4882 τῶν
3622 4833 3788 4900 ἱερῶν

2216 4911 2581 4982 Γραμμάτων.
2639 4930 2657 4964 ι
2708 4913 2884 4984 Ὠφθη
2940 4916 3066 4986 γὰρ,
3113 4934 3131 4966 ι
3195 4918 3348 4987 φησι,
3392 4935 3411 4969 ι
3453 4919 3654 4991 Κύριος
3703 4921 3789 4992 τῷ

2227 5003 2495 5074 Ἀϐραὰμ,
2539 5004 2633 5059 καὶ
2679 5001 2830 5059 εἷπεν
2867 5007 3047 5079 αὐτῷ’
3079 5007 3168 5078 Τῷ
3193 5009 3466 5080 σπέρματί
3503 5028 3595 5064 σου
3625 5011 3788 5066 δώσω

2213 5095 2310 5180 τὴν
2358 5095 2462 5166 γῆν
2510 5095 2732 5168 ταύτην.
2794 5097 2904 5150 Καὶ
2953 5098 3302 5168 ᾠκοδόμησεν
3364 5097 3616 5171 Ἀϐραὰμ
3668 5104 3790 5155 ἐκεῖ

2215 5187 2594 5259 θυσιαστήριον
2619 5188 2696 5259 τῷ
2722 5189 2930 5260 Κυρίῳ,
2947 5189 3024 5260 τῷ
3044 5190 3260 5259 ὀφθέντι
3276 5192 3443 5260 αὐτῷ.
3479 5210 3499 5242 ι
3529 5192 3779 5262 Ἐμφιλαν

2213 5279 2478 5351 χωροῦντι
2508 5281 2605 5350 μὲν
2633 5281 2741 5352 γὰρ
2771 5283 2849 5344 είς
2877 5283 2979 5351 γῆν
3014 5283 3268 5354 πατρίδος
3296 5283 3482 5348 αὑτοῦ,
3510 5285 3601 5338 καὶ
3629 5281 3784 5337 οὖπιο

2215 5372 2350 5441 πρὸς
2386 5371 2482 5444 τὴν
2530 5371 2690 5439 ἀγίαν
2739 5374 3186 5443 μεταχωρήσαντι
3220 5375 3341 5444 γῆν,
3371 5373 3530 5443 μόνος
3574 5372 3786 5426 δέδοται

2214 5462 2460 5532 χρησμὸς
2488 5461 2582 5514 τοῦ
2622 5462 3004 5532 μεταχωρῆσαι
3026 5463 3133 5515 δεῖν
3164 5464 3242 5525 εἰς
3271 5463 3483 5532 ἑτέραν,
3510 5463 3608 5532 τῆς
3630 5464 3788 5529 ἐνεγο

2214 5552 2415 5621 κούσης
2439 5551 2792 5622 ὴφειδηκότα.
2830 5551 3045 5622 Ἐπειδὴ
3070 5552 3126 5606 δὲ
3149 5548 3310 5623 ἦλθεν
3333 5555 3412 5616 εἰς
3433 5552 3536 5622 γῆν
3562 5550 3787 5604 Χαναὰν

2213 5643 2430 5698 πανοικί
2461 5661 2522 5696 τε
2563 5645 2658 5696 καὶ
2691 5644 3004 5701 πανσκευεὶ.
3038 5646 3130 5697 καὶ
3167 5644 3302 5716 πρὸς
3333 5645 3432 5714 τὴν
3471 5644 3630 5698 ἀνίαν
3657 5643 3787 5694 ἀνέ-

2282 5764 2323 5796 “
2353 5759 2510 5837 ibid.,
2543 5759 2577 5813 5
2606 5799 2620 5828 ,
2671 5760 2723 5814 6.
2838 5761 2882 5793 ⁶¹
2911 5759 3112 5832 Ephes.
3153 5776 3232 5827 ιιι,
3283 5760 3368 5815 l8.
3484 5760 3529 5792 “
3577 5759 3784 5816 Cenes.
