4046 6542
303 330 411 385 109

1045 324 1132 378 DE
1169 320 1605 377 ADORATIONE
1644 320 1710 375 IN
1752 318 2019 375 SPIRITU
2062 319 2149 374 ΕΤ
2189 316 2553 372 VERITATE.
2597 316 2723 370 LIB.
2768 317 2808 369 1.

3444 318 3545 372 170

299 442 433 513 θορε
464 440 589 512 γῆν,
616 440 650 510 ἡ
695 437 795 507 τῆς
836 436 1089 500 θεοπτίας
1131 437 1338 491 δέδοται
1387 437 1566 506 χάρις,
1628 437 1722 490 καὶ
1776 439 1875 507 τῆς

1999 450 2109 490 rura
2165 433 2326 504 patrii
2395 432 2500 501 23
2572 432 2673 485 soli
2750 430 3097 501 posthabita,
3159 432 3389 502 migrare
3459 435 3548 504 ju-

302 532 523 595 ἐλπίδος
559 531 621 583 τὸ
664 529 900 598 ἀσφαλὲς
933 529 990 582 ἐν
1033 527 1235 598 βεϐαίῳ
1282 527 1378 597 τῆς
1418 527 1748 597 ἐλευθερίας,
1781 528 1876 581 καὶ

301 625 367 678 τὸ
409 625 608 690 ἐξεῖναι
657 619 842 672 λοιπὸν
876 618 1106 688 ὲγείρειν
1153 618 1555 687 θυσιαστήριον.
1593 618 1700 670 Καὶ
1747 618 1876 687 ἡμῖν

302 711 402 769 οὖν
432 715 559 783 ἄρα,
597 710 739 764 κατά
760 727 822 778 γε
861 710 921 762 τὸ
953 709 1065 761 ἴσον
1090 708 1183 761 τοῦ
1210 707 1367 775 λόγου
1397 708 1597 777 σχῆμα,
1640 708 1878 777 προσμέ-

303 823 460 859 νουσι
496 805 595 875 μὲν
628 804 703 874 τῷ
731 803 918 872 κόσμῳ
939 802 1032 854 καὶ
1063 802 1181 863 ταῖς
1209 801 1330 852 κατ’
1354 800 1515 852 αὐτὸν
1549 799 1880 870 βδελυρωτά-

301 912 429 959 ταις
453 895 686 966 ἡδοναῖς,
731 893 955 963 οὐδεμία
988 891 1087 962 μὲν
1129 889 1282 942 ἔσται
1337 888 1486 959 παρὰ
1531 888 1665 941 Θεοῦ
1698 889 1875 958 χάρις’

303 985 664 1057 κεκλημένοις
710 984 765 1037 δὲ
815 984 909 1037 καὶ
950 985 1062 1045 τοῖς
1119 980 1283 1044 θείοις
1332 980 1619 1034 ὑπείκουσι
1669 980 1879 1048 νόμοις,

302 1075 719 1146 ἀναθρώσκουσι
752 1072 860 1125 τῶν
908 1072 1159 1141 καθάπερ
1194 1071 1275 1133 είς
1311 1071 1414 1140 γῆν
1445 1069 1651 1140 ὑψηλὴν
1678 1070 1773 1139 τὴν
1803 1071 1881 1130 εἰς

304 1169 419 1220 πᾶν
460 1165 637 1219 ὁτιοῦν
677 1164 786 1217 τῶν
842 1162 1058 1231 ἀγαθῶν
1102 1161 1287 1229 ἕφεσίν
1334 1178 1394 1213 τε
1429 1163 1521 1214 καὶ
1554 1161 1878 1231 προθυμίαν,

215 1289 221 1293 -
304 1258 485 1328 ἐνίησι
517 1257 612 1326 μὲν
636 1256 734 1325 τῆς
760 1254 896 1317 ἰδίας
927 1253 1083 1323 δόξης
1108 1252 1206 1322 τὴν
1237 1250 1440 1319 γνῶσιν
1464 1252 1493 1305 ό
1514 1251 1664 1313 Θεὸς,
1702 1251 1793 1302 καὶ
1822 1250 1883 1302 τὸ

305 1348 414 1417 τῆς
443 1348 656 1410 ἐλπίδος
690 1344 1077 1417 ὲρηρεισμένον
1111 1342 1524 1410 ἐπαγγέλλεταιο
1568 1341 1793 1410 εὐσθενῆ
1827 1340 1885 1393 δὲ

305 1438 455 1491 οὕτω
490 1438 578 1491 τὸν
612 1440 669 1490 ὲν
710 1439 841 1507 ἡμῖν
882 1432 1253 1505 ἀπεργάζεται
1306 1431 1461 1496 νοῦν,
1509 1430 1584 1492 ὡς
1623 1431 1721 1500 ἤδη
1772 1447 1887 1493 πως

310 1528 531 1597 ἰσχύσαι
567 1526 758 1589 θυσίας
776 1525 1070 1595 προσάγειν
1104 1520 1505 1593 πνευματικὰς,
1538 1519 1630 1573 καὶ
1663 1518 1886 1573 εὐωδίαν

306 1617 565 1686 γενέσθαι
583 1616 817 1687 Χριστοῦ
841 1613 917 1685 τῷ
936 1613 1053 1684 Θεῷ
1077 1614 1171 1667 καὶ
1194 1613 1391 1684 Πατρὶ,
1414 1612 1552 1665 κατὰ
1573 1612 1630 1663 τὸ
1650 1627 1889 1681 γεγραμ-

313 1708 517 1779 μένον·
552 1707 898 1777 παραστῆσαι
942 1705 997 1758 δὲ
1030 1705 1124 1757 καὶ
1167 1702 1314 1773 αὐτῴ
1359 1701 1421 1755 τὸ
1464 1700 1644 1771 σῶμα,
1700 1700 1888 1753 θυσίαν

1980 527 2246 581 bebatur:
2282 532 2471 593 postea
2494 538 2625 576 vero
2660 537 2825 591 quam
2885 537 3011 577 cum
3056 531 3167 577 tota
3214 523 3378 577 domo
3419 526 3547 578 uni-

1977 631 2243 686 versaque
2286 614 2612 684 supellectili
2650 613 2803 667 venit
2845 614 2902 667 in
2946 612 3241 677 Chanaan,
3275 622 3439 683 atque
3479 615 3547 668 ad

1981 714 2180 759 terram
2237 713 2479 759 sanctam
2521 704 2807 766 ascendit,
2858 712 2973 757 tum
3032 719 3164 757 vero
3216 705 3294 758 illi
3347 705 3549 758 divinm

1979 794 2206 859 visionis
2268 795 2441 864 gratia
2486 810 2749 850 concessa
2787 804 2893 859 est,
2952 796 3182 866 ejusque
3236 812 3360 865 spes
3396 795 3550 850 ﬁrma

1978 883 2342 955 promissione
2386 884 2735 937 corroborata
2781 894 2892 949 est,
2934 886 3230 955 altarisque
3261 896 3550 941 exstruen-

1980 976 2036 1030 di
2064 977 2177 1046 jam
2227 985 2474 1046 potestas
2509 978 2672 1033 facta.
2712 978 2779 1031 At
2809 994 2908 1032 nos
2951 978 3081 1032 item
3123 978 3287 1032 simili
3320 978 3550 1043 ratione,

1981 1064 2223 1131 quandiu
2263 1064 2321 1117 in
2373 1065 2579 1119 mundo
2637 1081 2945 1130 manemus,
2982 1076 3037 1120 et
3071 1066 3222 1120 illius
3259 1082 3550 1120 exsecran-

1981 1153 2067 1207 dis
2114 1156 2487 1224 voluptatibus
2530 1157 2973 1223 adhzerescimus,
3017 1159 3166 1211 nulla
3212 1158 3555 1227 permanebit

1985 1262 2014 1301 a
2066 1248 2176 1301 Deo
2210 1248 2412 1318 gratia;
2467 1249 2561 1303 sed
2613 1249 2659 1303 si
2712 1248 2891 1303 vocati
2952 1249 3156 1302 divinis
3198 1249 3411 1319 legibus
3451 1249 3553 1303 ob-

1981 1339 2495 1409 temperaverimus,
2528 1347 2583 1393 et
2614 1339 2682 1393 ad
2731 1340 2979 1392 omnium
3022 1339 3292 1392 bonorum
3347 1338 3556 1407 expeti-

1986 1433 2193 1486 tionem
2232 1441 2394 1501 atque
2425 1432 2600 1486 alacre
2627 1432 2867 1486 studium
2912 1440 3168 1500 tanquam
3199 1431 3254 1484 in
3286 1430 3556 1483 excelsam

1986 1529 2187 1577 terram
2216 1524 2736 1587 eonscenderimus,
2770 1532 2887 1576 tum
2925 1538 3056 1576 vero
3103 1521 3264 1575 nobis
3309 1520 3559 1573 immittit

1987 1613 2133 1667 Deus
2158 1614 2341 1683 gloriae
2370 1630 2480 1667 suae
2509 1615 2899 1684 cognitionem,
2928 1622 2984 1668 et
3037 1613 3153 1682 spei
3190 1611 3559 1667 conﬁrmatio-

1990 1719 2114 1757 nem
2149 1704 2475 1772 pollicetur,
2526 1712 2851 1774 tantumque
2893 1705 3062 1759 robur
3120 1702 3404 1757 mentibus
3460 1716 3561 1755 no-

311 1796 499 1862 ζῶοαν
527 1797 622 1850 καὶ
654 1795 944 1868 εὐάρεστον
990 1794 1067 1865 τῷ
1102 1793 1240 1864 Θεῷ,
1280 1794 1379 1864 τὴν
1423 1793 1646 1862 λογικὴν
1693 1791 1786 1844 καὶ
1835 1793 1892 1844 ὲν

1999 1794 2122 1847 stris
2140 1793 2404 1857 immittit,
2432 1802 2489 1849 ut
2507 1796 2618 1865 jam
2638 1796 2909 1864 possimus
2943 1795 3148 1848 hostias
3174 1794 3375 1848 oﬂ'erre
3400 1791 3561 1861 spiri-

310 1888 586 1958 ιπνεύματι
619 1887 874 1957 λατρείαν
916 1886 1013 1956 τὴν
1045 1884 1339 1939 ἀπόδεκτον
1370 1882 1522 1954 παρὰ
1548 1883 1686 1953 Θεῷ.
1718 1884 1893 1953 Προσ-

313 1979 458 2033 ίεται
496 1979 604 2050 γὰρ
640 1978 888 2048 ἀσμένως
930 1976 1029 2045 τῆς
1074 1978 1132 2029 ὲν
1182 1974 1452 2044 πνεύματι
1486 1974 1736 2045 λατρείας
1763 1975 1887 2037 τοὺς

310 2070 571 2137 τρόπους,
603 2067 697 2120 καὶ
724 2065 915 2119 θυσίαν
945 2065 1159 2134 ἡγεῖται
1179 2063 1241 2115 τὸ
1274 2064 1461 2135 χρῆμα
1490 2060 1886 2132 πνευματικήν.

1998 1884 2255 1946 tuales“,
2286 1891 2342 1938 et
2360 1883 2565 1938 Christi
2598 1885 2776 1939 bonus
2808 1885 2945 1939 odor
2976 1884 3091 1938 fieri
3142 1884 3254 1937 Deo
3297 1889 3354 1936 et
3380 1881 3557 1945 Patri,

1996 1976 2137 2030 sicut
2169 1976 2433 2046 scriptum
2472 1976 2660 2043 est“;
2712 1977 2972 2030 exhibere
3018 1976 3183 2030 etiam
3214 1975 3318 2044 ipsi
3344 1987 3562 2044 quoque

1999 2080 2201 2135 corpus
2232 2066 2467 2120 hostiam
2520 2068 2826 2131 viventem,
2890 2068 3305 2136 placentemque
3361 2066 3473 2121 Deo
3492 2064 3559 2126 ".

312 2175 517 2229 nempe
570 2159 896 2213 rationalem
935 2157 1091 2211 illum
1155 2162 1213 2211 et
1265 2156 1322 2209 in
1365 2156 1562 2224 spiritu
1600 2156 1845 2219 cultum,
1879 2154 1972 2225 qui
2003 2157 2115 2211 Deo
2143 2166 2228 2211 est
2258 2158 2313 2212 in
2348 2159 2540 2226 primis
2576 2164 2850 2227 acceptus.
2903 2160 3162 2212 Libenter
3221 2158 3369 2210 enim
3444 2171 3561 2210 am-

312 2250 578 2320 plectitur
606 2248 905 2318 spiritualis
944 2249 1094 2303 illius
1143 2246 1394 2316 obsequii
1450 2248 1589 2301 ritus
1613 2286 1628 2310 ,
1674 2256 1840 2317 atque
1891 2249 2025 2303 illud
2063 2248 2297 2303 hostiam
2325 2250 2663 2320 spiritualem
2697 2259 2872 2320 putat.

390 2363 597 2416 ΠΑΛΛ.
650 2359 1086 2432 Μεθορμίζεσθαι
1130 2361 1195 2431 δὴ
1248 2355 1341 2414 οῦν
1403 2361 1496 2414 ἐπὶ
1562 2361 1629 2413 τά
1685 2362 1891 2431 ἀμείνω

312 2457 543 2528 πρέπει,
583 2455 691 2509 τῶν
723 2454 1005 2523 αἰσχιόνων
1052 2454 1405 2525 ἀπαίρονταςο
1453 2454 1546 2506 καὶ
1577 2454 1891 2527 προσίεσθαι

316 2549 425 2618 μὲν
458 2547 533 2610 ὡς
563 2547 754 2617 ἥδιστα
781 2545 879 2616 τὴν
919 2544 1126 2600 ἄνωθεν
1163 2546 1374 2615 κλῆσιν,
1419 2545 1812 2616 ὲμφιλοχωρεῖν
1835 2545 1891 2599 δὲ

310 2638 406 2691 ὅτι
445 2636 678 2708 μάλιστα
712 2635 886 2704 φιλεῖν
925 2638 1036 2698 τοῖς
1064 2636 1130 2687 ὲκ
1170 2634 1336 2704 νόμου
1363 2635 1767 2705 τετιμημένοις,
1801 2636 1895 2688 καὶ¹

310 2728 419 2798 τὴν
444 2727 673 2797 ἀρίστην
726 2726 920 2795 ψῆφονο
948 2725 1169 2795 λαχοῦσι
1218 2725 1365 2796 παρά
1410 2724 1547 2795 θεῷ.
1604 2724 1692 2788 Ὠς
1723 2725 1786 2778 τό
1818 2743 1899 2779 τοι

313 2818 506 2887 ζητεῖν
533 2818 722 2872 ἀνόπιν
753 2819 886 2871 ἰέναι
911 2818 1003 2871 καὶ
1033 2819 1334 2870 ὲπινοστεῖν
1363 2816 1453 2870 ἐπί
1479 2835 1530 2869 τι
1560 2817 1667 2870 τῶν
1695 2817 1899 2871 ἀδικεῖν

312 2907 610 2973 εἰωθότων,
638 2908 819 2969 αἰτίας
840 2907 939 2959 οὐκ
970 2906 1369 2976 ἀπαλλάξομεν.

393 2989 560 3074 ΚΥΡΣ
602 3020 675 3074 Οὐ
711 3020 810 3090 μὲν
842 3016 954 3084 οῦν,
977 3013 1022 3072 ὦ
1058 3021 1259 3091 ἑταῖρε.
1288 3021 1639 3091 Παγχάλεπον
1669 3022 1767 3092 μὲν
1793 3023 1898 3093 γὰρ

310 3112 384 3167 τὸ
418 3114 591 3165 νοσεῖν
629 3110 1042 3164 ἑλέσθαιίπάλιν
1077 3110 1144 3163 τὰ
1180 3105 1255 3164 ὧν
1288 3112 1353 3164 ἂν
1387 3111 1644 3182 ἐξοίχοιτό
1681 3129 1791 3175 τις·
1823 3112 1899 3176 ὠς
1926 3099 1968 3157 C

312 3204 437 3266 τοῖς
482 3220 542 3272 γε
572 3202 718 3265 ἅπαξ
760 3201 1114 3274 ὲξῃρημένοις
1154 3201 1381 3271 δυνάμει
1437 3201 1572 3255 Θεοῦ
1621 3202 1899 3266 πολιτείας

314 3297 615 3367 κοσμικῆς,
667 3295 930 3367 σφαλερὸν
974 3295 1112 3364 ἀγαν
1153 3296 1214 3348 τὸ
1266 3295 1369 3348 κᾶν
1423 3294 1552 3362 γοῦν
1603 3297 1683 3359 είς
1731 3295 1899 3365 αὐτὴν

315 3386 629 3454 ἀποϐλέψαι
677 3386 854 3454 μόνον,
903 3383 997 3437 καὶ
1042 3383 1203 3436 οἱονεὶ
1260 3382 1396 3451 πρὸς
1427 3381 1729 3452 ἀνάμνησιν
1764 3380 1901 3435 ἰέναι

319 3477 833 3550 πλημμελημάτων,
868 3476 1067 3545 είςζτὴν
1096 3476 1181 3527 ἐπ’
1209 3474 1392 3537 αὐτοῖς
1418 3474 1697 3545 ἀγάπησιν
1723 3472 1902 3535 ἱέντας

317 3571 419 3625 τὸν
447 3565 591 3624 νοῦν.
634 3568 742 3620 Καὶ
793 3565 922 3635 γοῦν
970 3567 999 3619 ὁ
1039 3564 1324 3628 θεσπέσιος
1354 3564 1606 3636 Μελῳδδς
1656 3564 1902 3633 ἐλιπάρει

321 3662 524 3728 λέγων’
573 3678 592 3711 ι
640 3657 1002 3728 ’Δπόστρεψον
1044 3659 1172 3720 τοὺς
1215 3656 1525 3727 ὀφθαλμούς
1569 3673 1669 3728 μου
1708 3655 1801 3709 τοῦ
1828 3655 1902 3727 μὴ

324 3752 463 3805 ἰδεῖν
512 3748 865 3819 ματαιότητα.
907 3765 924 3798 ι
985 3747 1298 3816 Ματαιότης
1342 3748 1451 3818 γὰρ
1500 3747 1576 3810 ὼς
1608 3746 1822 3816 άληθῶς
1872 3747 1901 3798 ὁ

324 3840 485 3896 τοῦδε
516 3838 610 3893 τοῦ
638 3838 754 3911 βίου
782 3836 1181 3908 περισπασμὸς,
1223 3838 1313 3890 καὶ
1338 3839 1371 3909 ἡ
1409 3837 1515 3890 τῶν
1554 3836 1902 3907 προσκαίρων

325 3933 579 3994 διάκενος
621 3929 843 4001 τέρψις,
883 3921 959 3981 ὧν
1009 3928 1093 3981 ὅτι
1147 3929 1411 4000 προσήκει
1455 3928 1757 3983 διίστασθαι
1811 3929 1905 3982 καὶ

327 4024 656 4093 ἀποφοιτᾷν.
684 4020 1066 4092 παραιτεῖσθαι
1099 4019 1156 4072 δὲ
1184 4019 1277 4073 καὶ
1309 4019 1475 4089 μόνην
1502 4019 1599 4090 τὴν
1627 4017 1703 4081 ὡς
1732 4019 1788 4070 ὲν
1818 4019 1906 4070 ὲν-

323 4114 507 4175 νοίαις
548 4113 645 4184 μὲν
680 4112 758 4165 ἔτι
809 4114 903 4164 σὺν
947 4111 1104 4181 ἡδονῇ
1132 4127 1191 4163 τε
1233 4109 1570 4179 κατάσκεψιν
1612 4108 1704 4161 τόν
1730 4124 1791 4175 γε
1833 4108 1908 4171 ὡς

323 4201 549 4273 ἀληθῶς
588 4202 898 4273 ὀρθοποδεῖν
938 4202 1231 4271 ᾑρημένον.
1265 4200 1534 4270 άναμάθοι
1572 4217 1656 4263 τις
1684 4199 1750 4253 ἂν
1781 4202 1909 4253 κάν-

324 4292 525 4345 τεῦθεν
550 4292 805 4355 εὐκόλως.

409 4381 615 4434 ΠΑΛΛ.
670 4382 763 4433 Ἐκ
794 4381 885 4435 τοῦ
919 4381 983 4453 δὴ
1015 4381 1161 4452 φής;

408 4494 578 4549 ΚΥΡ.
617 4495 677 4547 OE
721 4492 829 4546 τῶν
869 4494 1119 4564 Σοδόμων
1158 4493 1442 4565 οἰκήτορες
1494 4492 1575 4554 εἰς
1615 4490 1714 4554 τὰς
1761 4490 1909 4561 παρὰ

332 4585 505 4657 φύσιν
525 4585 719 4655 ἡδονὰς
741 4585 945 4656 ἀγρίως
965 4583 1237 4656 ὲξοιστρού
1246 4601 1413 4654 μενοι,
1443 4583 1538 4635 καὶ
1562 4581 1915 4653 ἀτιμάζοντες

336 4674 445 4746 μὲν
472 4672 560 4726 τὸν
582 4672 797 4726 συνόδου
832 4672 1015 4743 νόμον,
1044 4672 1102 4725 ὃν
1125 4672 1218 4725 ἐπὶ
1244 4672 1449 4725 παίδων
1479 4671 1664 4738 γοναῖς
1694 4671 1727 4739 ή
1756 4669 1916 4737 φύσις

331 4765 599 4836 ὡρίσατο,
646 4763 817 4835 ὥραις
845 4763 901 4817 δὲ
932 4766 1053 4827 ταῖς
1090 4761 1337 4834 ἀρρένων
1367 4759 1773 4829 ὲπιθηγόμενοι,
1823 4757 1918 4810 καὶ

334 4860 397 4912 τί
419 4859 529 4929 γὰρ
564 4859 682 4928 οὐχ).
712 4857 818 4911 τῶν
847 4858 969 4910 λίαν
1023 4856 1415 4911 ὲκτοπωτάτων
1459 4852 1916 4923 διαπεραίνοντες,

337 4944 703 5016 κατηρέθιζον
749 4948 829 5009 είς
856 4946 1047 5017 ὀργὰς,
1086 4946 1181 5000 καὶ
1219 4944 1498 5007 οίονείπως
1540 4941 1924 5005 κατεϐιάζοντο

338 5036 488 5106 πρὸς
516 5035 613 5105 τὴν
635 5034 720 5087 ἐπ’
747 5036 929 5098 αὐτοῖς
961 5036 1096 5088 ἱέναι
1127 5035 1303 5103 δίκην,
1332 5033 1511 5088 καίτοι
1546 5029 1923 5101 φιλάνθρωπον

338 5127 478 5180 ὅντα
508 5125 597 5178 τὸν
637 5126 1000 5198 Δημιουργόν.
1046 5126 1260 5194 Ἐπειδὴ
1290 5124 1346 5178 δὲ
1376 5124 1466 5176 τοῦ
1499 5123 1697 5195 χρῆναι
1728 5123 1923 5176 παθεῖν

340 5217 443 5271 ἰπὶ
486 5214 679 5285 θύραις
703 5212 771 5286 ἦν
802 5217 831 5269 ό
864 5216 1072 5289 καιρὸς,
1116 5215 1559 5286 δεδαπανημένης
1598 5212 1787 5285 ὥσπερ
1824 5215 1923 5286 τῆς

340 5308 437 5361 ἐπ’
503 5306 687 5369 αὐτοῖς
721 5305 1089 5373 ἀνεξικακίας,
1132 5304 1442 5358 εἰσέϐαλλον
1479 5307 1536 5358 ὲν
1580 5303 1835 5375 Σοδόμοις
1872 5304 1923 5357 οι

340 5396 510 5450 τοῦτο
540 5395 942 5466 πληρώσοντες.
987 5397 1303 5468 Γέγραπται
1345 5394 1401 5448 δὲ
1426 5392 1618 5458 οὕτως’
1656 5412 1678 5447 ι
1723 5391 1925 5448 Ἦλθον

338 5485 405 5540 δὲ
429 5484 524 5540 δύο
543 5484 770 5555 ἄγγελοι
801 5488 879 5551 είς
907 5487 1116 5557 Σόδομα
1144 5486 1404 5558 ἑσπέρας.
1437 5484 1559 5539 Λὼτ
1608 5484 1666 5539 δὲ
1692 5485 1927 5558 ἐκάθητο

420 5688 468 5721 ⁸⁵
496 5689 518 5743 Ι
543 5689 668 5744 Pet.
693 5702 752 5752 ιι,
779 5689 831 5741 5.
874 5688 919 5720 ⁸⁸
956 5689 1001 5742 lI
1035 5688 1163 5745 Cor.
1204 5706 1261 5753 ιι,
1298 5691 1381 5744 15.

680 5778 953 5837 ΡΑτῐιοῐ..
999 5779 1113 5838 Gn.
1161 5779 1417 5839 LXVIII.

1939 4444 1986 4502 D

1483 5691 1528 5724 “
1562 5692 1718 5747 Rom.
1749 5708 1844 5759 πη,
1884 5693 1935 5745 l.

2066 2362 2263 2416 PALL.
2298 2363 2464 2417 Decet
2495 2364 2680 2433 igitur,
2720 2373 2779 2418 ut
2823 2379 2852 2417 a
2899 2365 3239 2433 turpioribus
3294 2364 3452 2417 factis
3484 2363 3566 2417 di-

1996 2454 2193 2523 gressi,
2232 2454 2299 2508 ad
2322 2455 2605 2509 meliorem
2642 2457 2807 2510 vitam
2845 2472 2944 2511 nos
2975 2458 3338 2520 conferamus,
3371 2473 3565 2527 super-

1997 2559 2232 2613 namque
2269 2546 2609 2600 vocationem
2644 2547 3006 2601 libentissime
3053 2550 3479 2617 amplectamur,
3510 2550 3565 2602 in

1999 2634 2174 2704 iisque
2205 2636 2369 2689 rebus
2399 2638 2633 2691 maxime
2661 2639 2863 2692 versari
2908 2640 3217 2707 cupiamus,
3244 2656 3366 2708 quze
3391 2656 3419 2693 a
3450 2640 3568 2710 lege

1997 2729 2323 2797 probantur,
2356 2738 2410 2783 et
2452 2746 2483 2783 a
2523 2731 2632 2784 Deo
2679 2731 2884 2799 Optima
2934 2731 3271 2801 judicantur.
3315 2731 3449 2784 Nam
3485 2747 3567 2785 re-

1999 2827 2235 2871 trorsum
2262 2818 2412 2872 abire
2442 2820 2602 2883 velle,
2629 2828 2683 2872 et
2715 2820 2781 2873 ad
2807 2836 2870 2873 ea
2900 2820 3125 2883 reverti,
3147 2836 3177 2874 a
3196 2820 3397 2889 quibus
3422 2819 3569 2874 lmdi-

1998 2924 2143 2972 mur,
2177 2910 2229 2962 id
2260 2925 2387 2963 vero
2414 2911 2570 2980 culpa
2597 2912 3022 2981 minimegvacat.

2066 3019 2221 3075 (ΠΒ.
2256 3022 2475 3078 Minime
2495 3040 2646 3089 vero,
2668 3025 2892 3079 Palladi.
2930 3024 3462 3079 Periculosissimum
3487 3032 3571 3079 est

2000 3112 2146 3166 enim
2195 3113 2250 3166 in
2306 3130 2402 3169 eos
2463 3116 2684 3168 morbos
2726 3115 2972 3169 recidere
3009 3115 3183 3179 velle,
3223 3130 3363 3183 quos
3401 3116 3569 3170 semel

1998 3204 2240 3259 evaseris
2271 3221 2283 3256 :
2313 3204 2559 3275 nam'iis,
2594 3204 2685 3272 qui
2729 3206 2898 3257 semel
2927 3204 3025 3258 Dei
3065 3220 3168 3274 ope
3192 3219 3257 3257 ex
3297 3204 3569 3258 mundana

1998 3295 2408 3350 conversatione
2442 3296 2551 3350 sint
2592 3295 2791 3365 erepti,
2812 3296 2883 3350 ad
2923 3311 3041 3350 eam
3076 3296 3164 3349 vel
3194 3296 3463 3364 respicere
3485 3312 3558 3351 so

1998 3385 2132 3449 lum,
2167 3401 2229 3439 ac
2250 3385 2515 3439 memoria
2551 3393 2796 3454 repetere
2820 3392 3065 3454 peccata,
3103 3394 3264 3455 atque
3298 3386 3365 3439 ad
3390 3402 3452 3440 ea
3472 3386 3569 3440 ad-

2001 3476 2233 3530 amanda
2270 3476 2513 3531 animum
2545 3477 2841 3546 appellere,
2878 3476 3102 3531 minime
3136 3485 3312 3531 tutum
3345 3479 3570 3532 estJta-

2002 3584 2108 3638 que
2142 3567 2363 3622 divinus
2395 3567 2485 3621 ille
2510 3566 2795 3621 Psalmista
2833 3568 3024 3622 orabat
3056 3568 3245 3623 dicens
3275 3586 3286 3621 :
3324 3589 3341 3619 ‹
3377 3570 3572 3624 Avertc

2003 3659 2191 3713 oculos
2228 3673 2400 3723 meos,
2449 3674 2519 3713 ne
2571 3658 2795 3713 videant
2843 3659 3143 3713 vanitatem
3164 3661 3227 3713 ⁸⁷.
3269 3679 3287 3711 ι
3352 3660 3573 3715 Vanitas

2004 3748 2149 3802 enim
2174 3764 2362 3803 revera
2389 3758 2472 3804 est
2498 3749 2664 3819 hujus
2691 3748 2816 3804 vita:
2853 3749 3157 3814 distractio,
3194 3760 3357 3821 atque
3388 3769 3571 3808 rerum

2006 3838 2386 3906 temporalium
2434 3836 2612 3891 inanis
2661 3838 2974 3902 oblectatio,
3007 3854 3035 3891 a
3086 3838 3288 3908 quibus
3336 3841 3571 3913 disjungi

2007 3937 2168 3998 atque
2185 3928 2438 3983 recedere
2461 3936 2733 3997 oportere,
2759 3943 3058 3998 earumque
3083 3946 3266 3985 rerum
3291 3932 3377 3986 vel
3403 3934 3573 3987 solam

2008 4018 2351 4089 cogitationis
2391 4035 2515 4073 cum
2553 4019 2831 4088 voluptate
2878 4020 3223 4088 conjunctam
3258 4023 3575 4078 considera-

2009 4110 2211 4164 tionem
2252 4110 2328 4174 ei,
2351 4109 2446 4179 qui
2477 4118 2624 4163 recte
2658 4109 2865 4178 ingredi
2902 4110 3067 4176 velit,
3105 4126 3225 4167 esse
3256 4115 3574 4179 cavendam,

2009 4200 2139 4255 hinc
2171 4201 2327 4255 facile
2357 4202 2582 4271 intelligi
2603 4211 2798 4271 potest.

2084 4382 2280 4437 PALL.
2307 4382 2613 4444 Undenam,
2657 4381 2879 4450 quaeso?

2085 4494 2193 4565 24
2214 4493 2369 4548 CYR.
2407 4493 2772 4548 Sodomorum
2816 4493 3173 4559 habitatores,
3216 4511 3340 4550 eum
3379 4496 3448 4550 ad
3486 4512 3577 4553 eas

2011 4587 2339 4655 voluptates,
2370 4600 2489 4655 quae
2516 4593 2712 4654 praeter
2734 4593 2983 4639 naturam
3018 4594 3234 4652 essent,
3271 4588 3577 4644 immaniter

2012 4676 2161 4731 velut
2202 4685 2369 4731 (nstro
2408 4676 2643 4744 quodam
2677 4676 3122 4742 stimularentur,
3163 4693 3399 4748 cumque
3447 4695 3577 4734 con-

2014 4776 2219 4837 tempta
2251 4782 2575 4837 congressus
2610 4766 2751 4836 lege,
2784 4782 2947 4837 quam
2996 4768 3186 4823 liberis
3231 4770 3578 4838 procreandi.-

2016 4864 2209 4913 natura
2228 4857 2342 4925 ipsa
2374 4857 2725 4926 praescripsit,
2757 4857 3125 4911 masculorum
3164 4858 3344 4926 specie
3389 4858 3579 4921 illecti,

2020 4949 2089 5003 ad
2120 4948 2377 5003 libidines
2405 4948 2802 5013 excitarentur,
2836 4949 3093 5017 nullaque
3133 4948 3272 5002 adeo
3318 4948 3579 5018 ﬂagitiosa

2022 5053 2109 5092 res
2139 5045 2285 5092 esset
2326 5052 2356 5091 a
2382 5054 2490 5108 qua
2530 5039 2892 5109 perpetranda
2922 5039 3292 5102 abstinerent,
3329 5038 3464 5092 iram
3488 5040 3580 5093 Dei

2018 5137 2406 5198 provocarunt,
2441 5138 2497 5185 et
2524 5129 2838 5186 Creatorem
2880 5131 3087 5200 alioqui
3130 5130 3463 5203 benignum,
3515 5132 3582 5187 ad

2020 5234 2208 5290 poenas
2246 5221 2316 5276 ab
2352 5223 2433 5277 eis
2457 5224 2779 5293 repetendas
2814 5223 3144 5280 descendere
3184 5225 3582 5295 quodammodo

2020 5319 2335 5382 coegerunt.
2368 5311 2554 5380 Itaque
2577 5352 2591 5375 ,
2650 5328 2775 5368 cum
2831 5322 3047 5385 tempus
3091 5314 3280 5371 luendi
3334 5314 3583 5387 supplicii

2021 5401 2269 5465 instaret,
2291 5401 2576 5473 absumpta
2596 5405 2707 5474 jam
2731 5406 3133 5474 quodammodo
3171 5408 3359 5464 divina
3401 5408 3458 5462 in
3508 5407 3581 5462 eit

2023 5492 2307 5562 patientia,
2334 5493 2561 5564 ingressi
2609 5504 2736 5551 sunt
2756 5497 2989 5555 Sodoma
3009 5500 3236 5559 ultionis
3263 5501 3461 5557 divinae
3488 5496 3576 5552 mi-

2032 5695 2074 5728 "
2124 5695 2266 5749 Psal.
2311 5712 2488 5761 cxvm,
2549 5698 2635 5751 57.
