4120 6502
624 320 716 373 171

1639 317 1691 370 S.
1734 314 2003 371 CYRILLI
2042 311 2508 367 ALEXANDRINI
2548 312 2861 369 ARCIIIEP.

3745 318 3845 372 172

614 431 795 487 nistri.
829 430 917 485 Sic
946 446 1179 499 namque
1198 432 1457 501 scriptum
1483 440 1561 485 est
1592 450 1602 483 :
1636 450 1652 481 ‹
1692 430 1969 485 Venerunt
1993 437 2175 483 autem

2281 424 2428 494 παρὰ
2474 426 2572 493 τὴν
2604 425 2778 495 πύλην
2818 425 3082 496 Σοδόμων.
3130 426 3270 481 Ἰδὼν
3306 428 3361 481 δὲ
3407 428 3549 493 Λὼτ,
3586 428 3843 502 ἐξανέστη

615 520 727 574 duo
764 521 940 590 angeli
966 520 1255 574 Sodomam
1302 520 1533 589 vesperi.
1592 520 1693 573 Lot
1734 528 1917 573 autem
1954 518 2179 572 sedebat

617 624 785 679 prope
814 617 1028 678 portam
1050 608 1429 662 Sodomorum.
1462 607 1666 662 Videns
1701 616 1883 661 autem
1914 606 2035 670 Lot,
2060 623 2180 660 sur-

620 700 759 753 rexit
782 700 846 752 in
890 714 1177 751 occursum
1219 714 1430 761 eorum,
1481 708 1536 751 ct
1589 698 1833 752 adoravit
1868 714 2075 767 pronus
2123 698 2179 751 in

620 797 839 851 terram,
872 797 928 842 et
950 788 1087 841 dixit
1119 788 1257 851 :En,
1308 787 1535 850 domini,
1556 787 1823 841 declinate
1862 788 1917 840 in
1957 788 2179 841 domum

618 879 761 933 servi
794 877 983 939 vestri,
1005 885 1059 929 et
1093 876 1371 939 divertitc,
1419 885 1473 929 et
1514 876 1718 929 abluite
1746 875 1914 945 pedes
1943 885 2177 940 vestros,

615 981 671 1023 et
702 985 857 1023 mane
895 978 1179 1038 surgentes
1196 967 1613 1036 proficiscemini
1662 967 1716 1021 in
1746 967 1888 1020 viam
1922 976 2177 1021 vestram.

617 1057 684 1110 Et
731 1056 987 1109 dixerunt
1023 1056 1202 1109 :Non.
1244 1054 1351 1109 Sed
1399 1055 1454 1109 in
1498 1056 1676 1125 platea
1724 1056 2086 1110 manebimus.
2113 1056 2182 1109 Et

616 1148 794 1216 coegit
818 1147 963 1209 illos,
993 1155 1050 1200 et
1092 1146 1510 1202 declinaverunt
1556 1148 1623 1202 ad
1661 1164 1810 1213 eum,
1848 1159 1904 1203 et
1949 1149 2179 1219 ingressi

617 1244 747 1289 sunt
768 1236 992 1290 domum
1025 1238 1165 1307 ejus,
1197 1246 1253 1292 et
1290 1238 1421 1291 fecit
1448 1239 1528 1292 eis
1571 1239 1904 1303 convivium,
1945 1249 2001 1293 et
2036 1240 2181 1293 coxit

612 1342 823 1397 azyma,
850 1335 905 1380 et
924 1328 1283 1382 comederunt
1312 1338 1601 1397 antequam
1629 1328 1770 1381 irent
1791 1329 2038 1382 cubitum
2059 1329 2123 1381 "'.
2155 1349 2171 1380 ι

616 1416 719 1470 Lot
746 1433 977 1486 namque
1011 1433 1135 1471 eum
1173 1434 1239 1471 ex
1271 1419 1478 1472 semine
1517 1428 1661 1473 esset
1706 1419 1997 1483 Abraham,
2036 1428 2092 1473 et
2125 1420 2179 1474 in

616 1505 782 1559 rectis
804 1506 1019 1576 legibus
1044 1506 1331 1571 educatus,
1356 1516 1412 1560 et
1444 1507 1666 1576 pietatis
1706 1508 1761 1561 in
1811 1508 1983 1561 Deum
2016 1508 2180 1561 vehe-

617 1605 831 1650 menter
887 1596 1188 1661 studiosus,
1256 1598 1540 1651 habitabat
1614 1598 1666 1651 in
1723 1598 1992 1652 Sodomis.
2051 1599 2181 1651 Erat

616 1698 797 1742 autem
829 1688 971 1758 apud
1004 1705 1100 1743 eos
1134 1689 1339 1743 advena
1368 1698 1423 1742 et
1449 1689 1647 1757 hospes
1674 1696 1727 1741 et
1754 1704 1950 1758 genere
1984 1697 2038 1741 et
2060 1704 2177 1741 mo-

617 1779 789 1833 ribus.
828 1800 848 1830 ι
884 1779 1013 1845 Quae
1034 1781 1181 1834 enim
1223 1780 1454 1833 societas
1498 1779 1607 1833 luci
1666 1778 1733 1832 ad
1768 1779 2054 1832 tenebras?
2097 1779 2181 1832 vel
2215 1758 2257 1812 Β

616 1887 736 1940 qua:
762 1887 887 1940 pars
908 1871 1053 1925 ﬁdeli
1089 1886 1213 1925 eum
1236 1870 1480 1925 infideli?
1503 1890 1520 1921 ι
1545 1870 1687 1925 sicut
1716 1870 1979 1939 scriptum
2011 1877 2094 1923 est
2114 1870 2177 1922 θ’.

614 1962 799 2032 Itaque
823 1978 945 2018 cum
975 1970 1346 2017 contemneret
1380 1962 1513 2016 vitia
1571 1962 1969 2032 indigenarum,
1996 1977 2059 2015 ac
2085 1975 2184 2031 per

615 2048 749 2103 illud
799 2050 903 2103 iter
928 2050 1055 2104 vita:
1114 2050 1522 2119 ingrederetur,
1579 2051 1667 2104 cui
1728 2059 1981 2104 assuetus
2038 2059 2179 2115 erat,

612 2142 816 2196 sanctis
847 2140 1251 2196 adhaereseebat
1296 2142 1513 2206 studiis,
1548 2151 1713 2211 atque
1744 2157 1868 2196 eum
1897 2142 2181 2211 hospitali-

614 2231 742 2284 tatis
779 2231 953 2300 legem
985 2230 1040 2283 in
1080 2230 1271 2298 primis
1296 2230 1523 2291 coleret,
1563 2230 1617 2282 in
1662 2229 1780 2298 ipso
1816 2228 1971 2283 urbis
2027 2228 2180 2282 aditu

614 2321 832 2385 sedens,
886 2321 1256 2390 ingredientes
1299 2320 1534 2391 benigne
1580 2320 1885 2390 accipiebat
1927 2337 1940 2373 :
1974 2320 2181 2375 sciebat

611 2413 759 2466 enim
785 2412 837 2466 id
857 2427 975 2466 esse
1001 2412 1456 2481 Deopergratum.
1487 2410 1623 2465 Cum
1651 2428 1781 2465 vero
1812 2412 2093 2466 venissent
2120 2412 2177 2476 ii,

613 2504 706 2571 qui
730 2502 1050 2556 hominibus
1078 2502 1312 2556 libidine
1342 2502 1605 2556 effrenata
1634 2502 1946 2557 furentibus
1971 2502 2178 2572 suppli-

612 2593 759 2647 cium
786 2592 991 2647 illaturi
1022 2601 1177 2647 erant
1206 2593 1339 2662 (par
1362 2592 1414 2646 id
1446 2601 1565 2647 erat
1595 2591 1953 2665 angelorum),
1986 2608 2178 2646 oecur-

614 2682 685 2736 rit
713 2682 984 2745 alaeriter,
1018 2692 1074 2736 et
1103 2682 1456 2752 benignitatis
1494 2699 1605 2737 sua:
1638 2684 1915 2752 Spceimen
1958 2683 2181 2738 eviden-

616 2773 885 2827 tissimum
908 2774 1016 2829 illis
1055 2775 1257 2844 praebet
1294 2774 1349 2829 in
1394 2790 1489 2840 eo,
1522 2775 1669 2845 quod
1721 2776 1845 2829 illos
1900 2776 2174 2830 salutavit.

612 2864 873 2919 Adoravit
922 2866 1070 2919 enim
1116 2881 1323 2935 pronus
1372 2866 1430 2919 in
1490 2873 1727 2931 terram;
1785 2874 1840 2920 et
1867 2874 1926 2920 ut
1952 2867 2176 2921 domum

612 2961 757 3017 eant,
800 2955 1081 3019 hortatur,
1114 2955 1502 3025 eharitatisque
1549 2956 1761 3026 legibus
1804 2954 2173 3025 perfruantur.

612 3046 681 3098 At
703 3045 802 3109 illi,
838 3045 1079 3111 Minime,
1102 3046 1382 3115 inquiunt,
1416 3046 1510 3100 sed
1541 3047 1595 3100 in
1613 3047 1793 3117 platea
1810 3048 2174 3102 manebimus.

611 3138 820 3204 Quibus
840 3137 1024 3192 verbis
1054 3138 1301 3208 hospites
1334 3139 1555 3208 quidem
1584 3155 1640 3195 se
1674 3148 1728 3193 et
1751 3138 1868 3193 sine
1900 3147 2043 3193 tecto
2060 3153 2178 3193 esse

612 3229 1016 3301 significabant;
1067 3230 1231 3284 simul
1282 3245 1412 3284 vero
1462 3230 1741 3289 hominem
1793 3230 2180 3300 hospitalitatis

611 3321 917 3375 studiosum
948 3321 1014 3375 ad
1042 3323 1322 3392 majorem,
1344 3322 1448 3391 25
1476 3331 1537 3375 ut
1563 3323 1816 3386 arbitror,
1841 3322 2007 3376 studii
2044 3337 2177 3376 con-

614 3412 912 3466 tentionem
953 3412 1273 3474 incitabant,
1302 3428 1364 3465 ac
1408 3420 1617 3466 tantum
1662 3428 1771 3465 non
1809 3413 2014 3467 urbane
2044 3413 2177 3465 insi-

617 3508 869 3564 nuantes,
906 3500 1052 3553 haud
1086 3501 1167 3556 illi
1212 3502 1501 3556 honestum
1530 3502 1667 3565 fore,
1705 3502 1751 3555 si
1795 3517 1853 3555 se
1893 3502 2052 3555 tectis
2080 3518 2177 3555 cx-

614 3592 796 3645 clusos
825 3598 879 3644 et
912 3590 969 3643 in
1002 3591 1180 3645 triviis
1212 3591 1455 3662 abiectos
1483 3591 1786 3647 dimitteret
1826 3610 1838 3643 :
1873 3592 2017 3661 quod
2055 3606 2179 3645 cum

613 3682 707 3735 ille
754 3680 840 3734 vir
896 3682 1079 3750 justus
1123 3681 1503 3745 intellexisset,
1545 3682 1932 3737 vehementius
1985 3698 2179 3752 urgere

613 3771 807 3841 cmpit;
842 3786 1020 3839 neque
1047 3779 1303 3839 tanquam
1343 3772 1535 3842 frigide
1574 3788 1873 3842 parumque
1906 3788 1973 3826 ex
1998 3772 2181 3827 animo

614 3863 739 3917 illos
778 3862 1053 3926 invitaret,
1084 3861 1301 3915 illorum
1326 3864 1734 3917 excusationem
1760 3880 1860 3934 pro
1894 3865 2179 3920 occasione

614 3953 811 4023 rapuit.
846 3953 1035 4022 itaque
1073 3952 1294 4006 domum
1320 3969 1415 4007 eos
1455 3954 1626 4017 ducit,
1659 3969 1829 4024 panes
1852 3970 2069 4025 azymos
2087 3970 2181 4024 ap-

615 4044 822 4114 posuit,
876 4042 1186 4115 convivium
1246 4043 1523 4099 instruxit.
1563 4043 1740 4113 Atque
1784 4044 1900 4098 hzee
1959 4044 2181 4113 quidem

614 4135 706 4191 ille
745 4136 830 4189 vir
854 4136 1055 4205 justus.
1086 4133 1379 4188 Sodomita
1417 4150 1546 4189 vero
1580 4144 1769 4203 aperto
1811 4150 1875 4188 ae
1907 4134 2052 4203 turpi
2089 4150 2183 4188 vo—

612 4226 837 4297 luptatis
870 4225 1063 4280 morbo
1092 4238 1215 4277 cum
1258 4224 1606 4289 laborarent,
1645 4225 1885 4279 hominis
1935 4226 2013 4294 pii
2075 4224 2178 4278 do-

613 4318 925 4371 munculam
968 4315 1173 4370 nefarie
1221 4314 1469 4385 cingunt,
1506 4323 1669 4384 atque
1710 4323 1965 4369 extrema:
2005 4314 2183 4383 impu-

2281 517 2359 577 εἰς
2385 514 2703 584 συνάντησιν
2726 513 2925 577 αὐτῶν,
2950 516 3042 567 καὶ
3076 517 3443 587 προσεκύνησε
3466 517 3544 587 τῷ
3570 518 3845 591 προσώπῳ

2280 606 2372 657 ἐπὶ
2399 605 2497 675 τὴν
2528 604 2653 674 γῆν,
2716 605 2808 657 καὶ
2874 600 3052 658 εἶπεν·
3115 606 3267 671 Ἰδοὺ,
3310 607 3525 677 Κύριοι,
3562 608 3842 661 ἐκκλίνατε

2284 697 2363 757 είς
2389 696 2479 749 τὸν
2517 692 2662 748 οἷκον
2697 696 2790 748 τοῦ
2826 697 3011 759 παιδὸς
3041 697 3210 766 ὑμῶν,
3244 698 3335 751 καὶ
3363 698 3721 765 καταλύσατε,
3753 701 3845 753 καὶ

2284 786 2506 855 νίψασθε
2533 788 2659 849 τοὺς
2698 786 2863 849 πόδας
2908 787 3079 857 ὑμῶν,
3120 788 3215 840 καὶ
3240 789 3586 860 όρθρίσαντες
3615 790 3846 843 ἀπελεύ-

2285 875 2440 928 σεσθε
2480 877 2559 938 εἰς
2600 875 2698 943 τὴν
2726 876 2840 929 ὁδὸν
2874 875 3047 945 ὑμῶν.
3078 878 3188 930 Καὶ
3226 873 3395 931 εἷπον·
3444 878 3597 949 Οὐχί.
3623 878 3764 931 Ἀλλ’
3787 881 3845 933 ἐν

2280 967 2345 1034 τῇ
2379 964 2609 1035 πλατείᾳ
2653 964 3051 1034 καταλύσομεν,
3102 967 3195 1019 καὶ
3233 966 3583 1029 κατεδιάζετο
3624 968 3842 1032 αὐτοὺς,

2282 1056 2374 1107 καὶ
2396 1055 2670 1119 ἐξέκλιναν
2712 1056 2846 1127 πρὸς
2874 1056 3053 1121 αὐτὸν,
3083 1058 3177 1110 καὶ
3213 1056 3457 1126 εἰσῆλθον
3484 1059 3564 1121 είς
3592 1059 3679 1111 τὸν
3699 1054 3847 1112 οἷκον

2283 1143 2467 1208 αὑτοῦ,
2499 1145 2592 1197 καὶ
2617 1146 2869 1215 ἐποίησεν
2897 1146 3079 1210 αὐτοῖς
3105 1147 3282 1202 πότον.
3319 1149 3424 1200 Καὶ
3455 1148 3692 1218 ἀζύμους
3715 1150 3812 1203 ἐπε
3830 1179 3845 1190 ο

2280 1235 2378 1304 ψεν
2415 1235 2615 1301 αὐτοῖς,
2652 1236 2744 1289 καὶ
2772 1237 2974 1305 ἔφαγον
3016 1238 3124 1307 πρὸ
3162 1238 3256 1291 τοῦ
3289 1239 3634 1311 κοιμηθῆναι.
3670 1260 3689 1293 ι
3722 1241 3846 1295 Λὼτ

2287 1323 2385 1393 μὲν
2415 1322 2545 1393 γὰρ,
2585 1322 2678 1378 ἆτε
2708 1324 2773 1395 δὴ
2801 1326 2891 1378 καὶ
2921 1324 2979 1391 ἐξ
3019 1327 3247 1398 αἵματος
3275 1329 3533 1401 ὑπάρχων
3573 1330 3845 1401 Ἀϐραὰμ,

2282 1415 2374 1466 καὶ
2404 1418 2515 1477 τοῖς
2545 1414 2643 1484 τῆς
2659 1415 2941 1487 ὀρθότητος
2982 1418 3165 1487 νόμοις
3203 1420 3655 1490 ἐντεθραμμένος,
3692 1422 3847 1475 εύσεο

2270 1504 2432 1567 -6είας
2468 1521 2525 1557 τε
2551 1506 2648 1575 τῆς
2688 1507 2767 1569 είς
2808 1508 2939 1560 Θεὸν
2977 1510 3077 1561 οὐκ
3106 1511 3161 1561 ἐν
3201 1510 3392 1580 βραχεῖ
3432 1512 3574 1582 λόγῳ
3610 1528 3846 1584 πεφρον-

2280 1594 2465 1660 τικὼς,
2495 1595 2740 1665 παρῴκει
2766 1597 2833 1650 τά
2865 1598 3091 1669 Σόδομα.
3116 1594 3225 1651 Ἦν
3250 1601 3305 1652 δέ
3332 1602 3414 1652 ἐπ’
3436 1604 3617 1665 αὐτοῖς
3643 1603 3849 1675 ἔπηλυς

2281 1686 2372 1737 καὶ
2399 1686 2547 1750 ξένος
2582 1690 2675 1739 καὶ
2707 1688 2852 1756 γένει
2882 1690 2976 1742 καὶ
2999 1690 3203 1761 τρόπῳ.
3252 1710 3269 1742 ι
3314 1692 3413 1755 Τίς
3442 1694 3548 1765 γὰρ
3597 1696 3850 1749 κοινωνία

2282 1775 2421 1842 φωτὶ
2475 1777 2609 1847 πρὸς
2664 1779 2882 1844 mm;
2934 1779 2967 1850 ἢ
3015 1781 3097 1843 τίς
3133 1782 3289 1853 μερὶς
3337 1784 3509 1854 πιστῷ
3553 1785 3689 1854 μετά
3720 1787 3851 1840 ἀπί-

2284 1884 2441 1933 στου,
2482 1886 2500 1919 ι
2543 1868 2685 1922 κατὰ
2719 1870 2778 1923 τὸ
2816 1871 3231 1943 γεγραμμένον;
3272 1874 3764 1947 Κατευμεγεθήσας
3790 1878 3851 1931 δὲ

2280 1955 2389 2008 τῶν
2438 1958 2742 2027 ἐπιχωρίων
2795 1959 3001 2025 κακῶν,
3050 1960 3143 2012 καὶ
3190 1961 3288 2032 τὴν
3331 1963 3478 2033 αὐτῷ
3523 1964 3721 2036 συνήθη
3751 1967 3849 2020 τοῦ

2284 2046 2399 2117 βίου
2436 2047 2750 2117 διαστείχων
2790 2049 2925 2112 ὁδὸν,
2971 2050 3141 2117 ἁγίων
3175 2050 3349 2121 εἴχετο
3396 2054 3850 2125 σπουδασμάτων,

2282 2137 2375 2189 καὶ
2426 2138 2525 2207 τῆς
2572 2138 2870 2206 φιλοξενίας
2914 2140 3004 2193 τὸν
3046 2141 3208 2211 νόμον
3250 2144 3330 2195 ὅτι
3374 2143 3606 2213 μάλιστα
3646 2146 3849 2217 τιμῶν,

2281 2230 2398 2292 ταῖς
2456 2226 2549 2281 τοῦ
2596 2229 2800 2293 ἄστεως
2850 2230 3183 2302 π-ροσιζήσας
3231 2233 3530 2301 εἰσϐολαῖς,
3581 2236 3707 2300 τοὺς
3735 2239 3851 2291 είσ-

2282 2317 2569 2388 τρέχοντας
2594 2320 2652 2371 ἐν
2674 2318 2871 2383 αὑταῖς
2902 2323 3182 2391 προσίεται
3221 2323 3574 2395 φιλοφρόνως,
3602 2324 3854 2395 θεοφιλὲς

2280 2408 2339 2459 τὸ
2380 2407 2566 2478 χρῆμα
2603 2406 2778 2471 είδὼς.
2841 2410 3061 2482 Ἐπειδὴ
3106 2412 3161 2464 δέ
3190 2406 3324 2484 ἧκον
3367 2415 3413 2466 οἱ
3438 2418 3549 2479 τοῖς
3578 2417 3655 2478 είς
3681 2416 3851 2469 ἀσέλ-

2280 2514 2431 2565 γειαν
2461 2499 2730 2568 ἀχαλίνως
2770 2499 3183 2573 ἐκλελυττηκόσι
3216 2502 3316 2573 τὴν
3341 2504 3496 2575 δίκην
3539 2505 3852 2568 ἐποίσοντες

2278 2589 2446 2658 (δυὰς
2470 2590 2515 2641 δ’
2541 2585 2608 2658 ἦν
2646 2590 2943 2659 ἀγγέλων),
2993 2593 3309 2657 ὑπαντιάζει
3339 2594 3574 2665 γοργῶς,
3614 2596 3707 2650 καὶ
3746 2596 3852 2666 τῆς

2279 2681 2501 2748 ἐνούσης
2533 2679 2679 2750 αὑτῷ
2716 2682 3078 2753 χρηστότητος
3114 2687 3340 2755 μήνυσιν
3371 2686 3575 2757 ἐναργῆ
3605 2704 3851 2757 προανα-

2279 2770 2455 2838 φαίνει
2501 2769 2597 2841 τὴν
2624 2771 2944 2843 πρόσρησιν.
2979 2774 3394 2845 Προσκεκύνηκε
3428 2777 3534 2847 γὰρ
3571 2777 3645 2847 τῷ
3679 2796 3851 2849 προσ-

2278 2860 2412 2930 ώπῳ
2464 2860 2554 2912 ἐπὶ
2586 2860 2685 2931 τὴν
2712 2862 2835 2931 γῆν,
2876 2861 3055 2915 οἴκαδε
3099 2880 3158 2915 τε
3206 2864 3340 2917 ἰέναι
3378 2868 3696 2938 προτρέπει,
3751 2870 3852 2922 καὶ

2278 2955 2386 3015 τοῖς
2423 2952 2520 3021 τῆς
2545 2953 2762 3024 ἀγάπης
2797 2955 3199 3026 ἐνσπαταλῆσαι
3232 2958 3434 3029 νόμοις.
3469 2960 3532 3012 Οἱ
3571 2960 3626 3013 δέ
3654 2977 3846 3029 φασιν·

2282 3041 2434 3111 Οὐχὶ,
2460 3041 2571 3094 ἁλλ’
2596 3043 2652 3095 ἐν
2681 3046 2747 3113 τῇ
2775 3043 3005 3115 πλατείᾳ
3040 3046 3431 3116 καταλύσομεν·
3484 3048 3546 3101 τὸ
3586 3050 3681 3119 μὲν
3707 3045 3852 3103 εἶναι

2284 3132 2419 3196 ξένοι
2452 3134 2544 3185 καὶ
2573 3134 2806 3187 ἀνέστιοι
2840 3133 2925 3187 διὰ
2951 3135 3137 3188 τούτου
3168 3138 3677 3208 κατασημαίνοντες,
3714 3158 3853 3193 κατ-

2280 3222 2613 3295 ερεθίζοντες
2667 3223 2722 3275 δὲ
2754 3219 2907 3293 οἶμαί
2962 3243 3064 3278 που
3106 3228 3239 3297 πρὸς
3289 3230 3647 3301 ἐντονωτέραν
3682 3246 3854 3284 σπου-

2278 3314 2372 3386 δὴν
2436 3314 2527 3367 τὸν
2588 3312 2880 3383 φιλοξενεῖν
2932 3317 3240 3388 ᾑρημένον,
3305 3322 3584 3391 μονονουχὶ
3634 3322 3690 3374 δὲ
3752 3324 3855 3375 καὶ

2279 3405 2505 3469 ἀστείως
2554 3407 3044 3477 ὑποσημαίνοντες,
3079 3410 3154 3472 ὡς
3189 3410 3285 3462 οὐκ
3312 3410 3378 3463 ἂν
3408 3413 3603 3477 αὐτοὺς
3633 3413 3857 3484 μεθεῖτο

2280 3495 2593 3566 πρεπόντως
2652 3496 2892 3566 ἐρήμους
2936 3496 3096 3561 ὄντας
3152 3500 3354 3563 ἑστίας,
3400 3502 3492 3553 καὶ
3551 3502 3609 3554 ἐν
3660 3503 3857 3567 αὑταῖς

2278 3585 2507 3656 τριόδοις
2538 3584 2989 3656 ἐξερριμμένους’
3051 3587 3079 3640 ὃ
3111 3588 3175 3659 δὴ
3210 3590 3303 3641 καὶ
3336 3591 3511 3654 συνεὶς
3549 3593 3577 3645 ὀ
3618 3592 3852 3657 δίκαιος,

2283 3673 2543 3745 μειζόνως
2570 3674 2943 3739 κατεὸιάζετο,
2971 3677 3063 3729 καὶ
3088 3679 3184 3747 οὐχ
3210 3679 3499 3749 ἁρπαγμὸν
3522 3682 3619 3750 τὴν
3649 3684 3858 3753 παραί-

2280 3782 2432 3835 τησιν
2486 3765 2558 3828 ὡς
2612 3766 2669 3832 ἐξ
2720 3766 2984 3836 ἀδρανοῦς
3042 3769 3136 3821 καὶ
3199 3769 3559 3841 ὑδαρεστέρας
3617 3775 3857 3830 ἐποιεῖτο

2282 3857 2493 3927 φρενός.
2523 3856 2728 3909 Οὐκοῦν
2774 3858 3118 3922 είσοικίζεται
3152 3860 3249 3929 μὲν
3280 3861 3497 3926 αὐτοὺς,
3524 3860 3768 3934 ἀζύμους
3792 3883 3855 3919 τε

2280 3949 2476 4019 ἄρτους
2504 3948 2803 4019 παρετίθει,
2838 3950 2930 4003 καὶ
2980 3950 3139 4003 πότον
3168 3951 3468 4023 εἰργάζετο.
3510 3955 3669 4008 Ἀλλά
3692 3960 3856 4010 ταυτὶ

2285 4039 2433 4109 μένό
2480 4038 2704 4101 δίκαιος.
2752 4040 3030 4111 Σοδομῖται
3072 4043 3128 4094 δέ
3181 4044 3391 4114 γυμνὴν
3424 4044 3519 4097 καὶ⁸
3566 4047 3857 4117 ἀσχήμονα

2280 4128 2558 4192 νοσοῦντες
2609 4130 2817 4201 ἡδονὴν,
2865 4130 2925 4181 τὸ
2954 4130 3044 4183 τοῦ
3078 4131 3283 4184 δικαίου
3315 4133 3581 4202 δωμάτιον
3619 4136 3855 4200 ἀνοσίως

2282 4221 2714 4291 περιερχόμενοι,
2747 4221 2838 4272 καὶ
2864 4221 2961 4290 τῆς
2992 4223 3069 4285 εἰς
3097 4222 3263 4291 ἄκρον
3293 4223 3530 4292 ἡκούσης
3557 4226 3853 4294 ἀναισχυν-

2281 4310 2397 4373 τίας
2423 4310 2676 4373 πεσόντες
2697 4310 2966 4375 ἐπέκεινα,
2998 4310 3239 4364 ἀνεῖσθαι
3265 4312 3361 4380 μὲν
3387 4313 3533 4381 σφίσι
3555 4313 3620 4366 τὰ
3643 4316 3851 4386 συνήθη

622 4408 823 4462 ἀεηῑὶω
852 4407 1114 4461 terminos
1136 4407 1362 4475 egressi,
1403 4406 1575 4461 solita:
1606 4405 1853 4459 libidinis
1882 4420 2040 4459 usum
2062 4420 2184 4473 per-

2287 4400 2416 4471 δρᾷν
2440 4400 2643 4468 ἠξίουν,
2677 4395 2793 4452 εἶτα
2833 4399 2949 4452 δέον
2980 4400 3189 4453 ἑλέσθαι
3238 4401 3557 4468 φιλοξενίαν,
3592 4404 3854 4476 ἀσελγείᾳ

614 4498 757 4551 mitti
798 4499 901 4551 sibi
943 4498 1383 4562 contendebant;
1415 4508 1471 4550 et
1515 4497 1570 4549 in
1602 4512 1740 4564 quos
1793 4494 2185 4564 hospitalitatis

616 4587 791 4642 officia
826 4587 1072 4640 conferre
1098 4586 1404 4648 debebant,
1449 4588 1505 4639 in
1538 4602 1634 4640 eos
1671 4586 1954 4641 libidinem
1990 4594 2186 4656 praeter

619 4687 867 4733 naturam
886 4692 1141 4731 exercere
1170 4677 1446 4730 volebant.
1482 4676 1592 4744 Ipsi
1614 4676 1715 4729 Lot
1736 4684 2020 4745 praeterea,
2057 4690 2182 4731 eum

619 4768 742 4822 illos
772 4782 801 4819 a
844 4773 956 4819 tam
996 4765 1327 4819 immanibus
1366 4764 1635 4833 fmdisque
1683 4765 1877 4834 emptis
1939 4774 2185 4821 avertere

618 4861 925 4917 conaretur,
958 4854 1070 4907 vim
1096 4853 1297 4907 aﬂ‘erre
1318 4852 1607 4915 volebant,
1662 4869 1964 4923 parumque
2010 4854 2186 4909 abfuit

617 4946 750 5016 quin
775 4946 851 4999 illi
878 4946 988 5000 vim
1020 4943 1302 5007 afferrent,
1338 4943 1442 4997 nisi
1474 4943 1777 4998 adfuissent
1819 4944 1895 4998 illi
1937 4953 2182 4999 servato-

619 5051 725 5091 res.
754 5056 771 5088 ι
800 5036 1169 5091 Extendentes
1203 5035 1372 5100 enim,
1408 5055 1425 5085 ι
1455 5035 1652 5104 inquit,
1703 5054 1720 5085 ι
1751 5035 1854 5091 viri
1881 5035 1961 5089 illi
1988 5051 2185 5089 manus

620 5141 745 5180 suas
772 5134 1154 5195 pertraxerunt
1183 5124 1284 5178 Lot
1315 5124 1382 5178 ad
1418 5140 1474 5179 se
1498 5125 1750 5187 domum,
1799 5135 1855 5180 et
1894 5126 2040 5181 fores
2083 5127 2184 5181 do-

621 5230 744 5269 mus
789 5216 1122 5272 clauserunt.
1182 5216 1444 5270 Homines
1500 5225 1682 5270 autem
1720 5257 1733 5281 ,
1769 5216 1861 5285 qui
1921 5216 1988 5269 ad
2039 5216 2189 5271 fores

620 5313 780 5360 erant
824 5304 1038 5369 domus,
1098 5316 1489 5376 percusserunt
1549 5308 1825 5371 eaaeitate,
1873 5323 1904 5361 a
1954 5308 2183 5362 minimo

623 5410 795 5465 usque
827 5395 893 5449 ad
921 5396 1215 5451 maximum
1238 5438 1251 5461 ,
1283 5405 1340 5451 et
1384 5397 1661 5467 defatigati
1699 5406 1827 5451 sunt
1876 5406 2183 5467 quaarentes

616 5484 922 5559 ianuam".
959 5504 976 5536 ›
1008 5485 1193 5557 Neque
1244 5502 1372 5542 vero
1412 5487 1705 5553 auxilium,
1747 5486 1891 5558 quod
1929 5488 2007 5543 illi
2046 5504 2182 5558 prte-

2280 4495 2344 4562 τῇ
2382 4491 2532 4560 παρὰ
2576 4490 2735 4559 φύσιν
2800 4490 3076 4544 ἐῦούλοντο
3132 4492 3354 4545 κακοῦν.
3416 4493 3743 4562 Ἀφιστάντα
3794 4495 3855 4550 δέ

2279 4582 2475 4645 αὐτοὺς
2514 4581 2605 4634 τὸν
2652 4580 2775 4633 Λὼτ
2813 4581 2919 4634 τῶν
2951 4581 3121 4645 οὓτως
3150 4582 3355 4653 ἀγρίων
3396 4586 3489 4638 καὶ
3515 4584 3855 4655 βδελυρωτά-

2278 4688 2384 4725 των
2408 4672 2819 4741 ἐγχειρημάτων
2846 4672 3140 4744 παραλύειν
3162 4674 3368 4745 ἡθελον,
3398 4675 3512 4745 ἥλω
3538 4676 3583 4729 δ’
3616 4675 3683 4729 ἀν
3711 4676 3857 4746 τάχα

2282 4762 2374 4815 καὶ
2402 4764 2479 4825 είς
2518 4762 2649 4814 αὐτὸ
2673 4762 2734 4814 τὸ
2762 4764 2973 4828 παθεῖν,
3009 4766 3057 4816 εἰ
3090 4766 3165 4836 μὴ
3198 4766 3452 4835 παρῆσαν
3483 4766 3530 4817 oi
3563 4764 3853 4830 σώζοντες.

2289 4869 2306 4901 ‹
2355 4849 2722 4912 Ἐκτείναντες
2751 4850 2880 4919 γὰρ,
2916 4868 2934 4899 ι
2969 4852 3149 4921 φησὶν,
3187 4872 3206 4903 ι
3237 4854 3284 4906 oi
3308 4853 3497 4925 ἄνδρες
3520 4853 3618 4917 τάς
3640 4855 3855 4924 χεῖρας,
3883 4849 3892 4879 ³

2284 4939 2687 4993 εἱσεσπάσαντο
2717 4938 2807 4990 τὸν
2845 4937 2967 4991 Λὼτ
3001 4939 3133 5009 πρὸς
3168 4942 3391 5006 ἑαυτοὺς
3432 4945 3511 5006 εἰς
3543 4944 3633 4995 τὸν
3679 4939 3854 5007 οἷκον,

2283 5032 2377 5085 καὶ
2404 5030 2502 5100 τὴν
2536 5029 2706 5100 θύραν
2770 5029 2863 5083 τοῦ
2910 5032 3057 5083 οἴκου
3118 5033 3463 5090 ἀπέκλεισαν.
3502 5036 3637 5098 Τοὺς
3670 5035 3727 5088 δὲ
3758 5037 3857 5090 ἄν·

2281 5123 2413 5193 δρας
2441 5124 2565 5186 τοὺς
2592 5122 2749 5187 ὄντας
2785 5123 2878 5176 ἐπὶ
2920 5128 3019 5195 τῆς
3051 5126 3218 5197 θύρας
3256 5127 3349 5181 τοῦ
3392 5131 3539 5182 οἴκου
3576 5129 3858 5193 ἐπάταξαν

2283 5210 2513 5282 ἀορασίᾳ
2547 5212 2654 5265 ἀπὸ
2682 5213 2877 5284 μικροῦ
2918 5214 3022 5277 ἕως
3058 5217 3314 5285 μεγάλου,
3343 5218 3433 5272 καὶ
3468 5218 3856 5287 παρελύθησαν

2284 5300 2571 5370 ζητοῦντες
2596 5302 2693 5373 τὴν
2718 5303 2909 5374 θύραν.
2961 5324 2979 5356 ι
3024 5307 3441 5379 Εύμεμέτρηται
3474 5308 3531 5362 δέ
3579 5308 3676 5361 οὐκ
3706 5307 3762 5360 ἐν
3784 5325 3855 5375 γε

2288 5395 2525 5447 τουτοισὶ
2554 5396 2734 5466 μόνοις
2760 5395 2828 5448 τά
2862 5396 2960 5465 τῆς
2985 5398 3301 5470 ἐπικουρίας
3332 5399 3499 5470 αὐτῷ.
3533 5399 3856 5465 Γέγραπται

2285 5486 2395 5558 γὰρ
2422 5487 2601 5541 πάλιν·
2644 5506 2661 5540 ι
2709 5488 2901 5544 Ἦνίκα
2915 5489 2970 5545 δὲ
2991 5489 3181 5561 ὄρθρος
3206 5490 3439 5560 ἐγένετο,
3457 5488 3859 5551 ἐπεσπαύδαζον

717 5663 759 5696 ⁸⁸
797 5662 931 5717 Gen.
959 5677 1065 5729 xIx,
1100 5664 1215 5721 1-4.
1307 5666 1350 5701 ⁸⁸
1376 5635 1423 5722 Il
1442 5667 1565 5724 Cor.
1606 5685 1676 5733 vi,
1708 5668 1789 5723 Η.
1881 5670 1924 5702 ⁷⁸
1964 5669 2098 5725 Gen.
2143 5685 2249 5735 xu,
2296 5668 2426 5724 9—H
