4046 6534
235 412 349 467 1ῖό

987 409 1079 463 DE
1118 405 1559 464 ADORATIONE
1595 404 1661 460 IN
1704 403 1972 460 SPIRITU
2012 403 2102 459 ET
2141 400 2513 458 VERITATE.
2557 399 2685 454 LIB.
2721 399 2759 451 Ι.

3412 395 3513 449 174

232 529 292 580 οἱ
322 526 544 596 ἄγγελοι
578 523 670 577 τὸν
716 521 863 585 Λὼτ,
911 520 1159 589 λέγοντες
1184 538 1199 551 ·
1256 520 1520 582 Ἀναστὰς
1563 517 1695 571 λάϐε
1733 518 1832 587 τὴν

1950 516 2176 581 stabant,
2220 514 2360 568 intra
2392 514 2540 566 hunc
2569 510 2791 564 modum
2826 508 3020 573 stetit;
3059 508 3325 579 scriptum
3361 525 3513 564 nam-

240 620 484 685 γυναῖκά
540 632 633 668 σου
682 614 777 667 καὶ
818 612 918 675 τὰς
965 611 1059 664 δύο
1095 611 1402 682 θυγατέρας
1430 610 1494 673 ἃς
1524 609 1687 680 ἔχεις,
1738 610 1831 662 καὶ

238 710 453 776 ἔξελθε,
493 709 580 760 ἵνα
633 704 708 776 μὴ
746 704 841 756 καὶ
889 705 952 756 σὺ
994 702 1265 774 συναπόλῃ
1297 705 1413 765 ταῖς
1447 701 1701 771 ἀνομίαις
1730 699 1830 768 τῆς

248 802 481 863 πόλεως.
507 798 620 852 Καὶ
657 794 1055 865 ἐταράχθησαν,
1102 795 1197 848 καὶ
1247 794 1556 865 ἐκράτησαν
1584 793 1632 845 οἱ
1671 790 1834 858 ἅγγε-

246 890 333 943 λοι
370 891 467 958 τῆς
504 888 688 959 χειρὸς
744 885 931 950 αὑτοῦ,
973 886 1066 937 καὶ
1101 888 1200 956 τῆς
1228 885 1407 955 χειρὸς
1445 884 1547 951 τῆς
1577 883 1833 951 γυναικὸς

249 979 443 1045 αὑτοῦ,
476 979 568 1031 καὶ
604 976 713 1030 τῶν
741 974 834 1028 δύο
867 974 1180 1046 θυγατέρων
1222 975 1408 1038 αὐτοῦ,
1444 976 1502 1028 ὲν
1532 973 1610 1043 τῷ
1642 973 1832 1042 φείσα-

252 1071 381 1122 σθαι
437 1068 641 1140 Κύριον
685 1066 883 1121 αὐτῶν.
921 1086 939 1119 ι
973 1066 1267 1136 Ἕνδειγμα
1314 1066 1377 1135 δή
1426 1082 1507 1118 σοι
1551 1065 1701 1117 τουτὶ
1742 1065 1836 1117 καὶ

254 1161 463 1232 σφόδρα
508 1158 701 1230 τρανὲς
748 1157 842 1211 τοῦ
879 1158 953 1229 μὴ
1000 1157 1183 1227 μόνοις
1215 1158 1362 1227 ἡμᾶς
1418 1155 1835 1227 παραθήγεσθαι

252 1251 454 1318 λόγοις,
506 1250 599 1301 καὶ
640 1250 757 1311 ταῖς
801 1249 860 1309 ὲς
907 1245 1033 1300 νοῦν
1085 1245 1496 1317 παρακλήσεσιν
1538 1246 1836 1315 ἀποφοιτᾷν

254 1341 551 1413 ἁμαρτίας,
576 1342 733 1411 ἥκειν
761 1339 819 1391 δὲ
847 1342 941 1392 καὶ
980 1340 1059 1402 είς
1090 1338 1247 1391 τοῦτο
1287 1336 1472 1390 λοιπὸν
1502 1337 1837 1407 ἡμερότητος

256 1436 357 1503 τῆς
379 1434 459 1495 εἰς
480 1432 624 1502 ἡμᾶς
653 1430 744 1483 τὸν
774 1429 883 1483 τῶν
916 1429 1053 1482 ὅλων
1088 1428 1305 1498 σωτῆρα
1332 1428 1483 1495 Θεὸν,
1515 1428 1590 1490 ὡς
1619 1426 1839 1497 ἐνεργὸν

258 1523 525 1576 ποιεῖσθαι
554 1523 652 1590 τὴν
679 1520 1018 1591 ἐπικουρίαν,
1051 1519 1193 1574 κατά
1234 1536 1296 1587 γε
1323 1518 1402 1584 τὸ,
1450 1536 1469 1569 ι
1493 1518 1837 1587 Ἐκράτησας

258 1614 358 1684 τῆς
399 1612 579 1683 χειρὸς
629 1611 729 1679 τῆς
764 1609 943 1674 δεξιᾶς
988 1626 1121 1680 μου,
1178 1610 1272 1663 καὶ
1322 1609 1379 1662 ὲν
1420 1611 1488 1679 τῇ
1536 1608 1696 1678 βουλῇ
1746 1623 1839 1659 σου

258 1703 549 1782 meamea;
581 1718 668 1772 με.
712 1720 730 1752 ι
778 1700 996 1772 Ἐπειδὴ
1031 1702 1139 1772 γάρ
1173 1703 1320 1754 ἐστιν
1345 1700 1406 1753 οὐ
1436 1700 1555 1753 λίαν
1584 1699 1842 1769 εὐσθενὴς

256 1802 291 1865 ἡ
330 1795 613 1867 ἀνθρώπου
675 1794 856 1861 φύσις,
896 1793 1019 1846 οὔτε
1072 1794 1177 1865 μὴν
1230 1790 1597 1865 ἀποχρώντως
1642 1792 1842 1863 ἔχουσα

258 1887 400 1958 πρὸς
446 1887 507 1938 τὸ
537 1883 840 1939 διεκνεῦσαι
889 1881 1145 1936 δύνασθαι
1183 1880 1278 1935 τοῦ
1330 1880 1537 1945 κακοῦ,
1594 1880 1845 1935 συναθλεῖ
1873 1862 1917 1917 Β

262 1997 382 2043 πως
427 1980 563 2049 αὐτῇ
618 1977 754 2048 πρὸς
788 1973 946 2028 τοῦτο
967 1973 1118 2038 Θεός.
1164 1974 1274 2027 Καὶ
1320 1972 1505 2044 διττὴν
1557 1973 1848 2043 ἀπονέμων

261 2072 454 2141 δρᾶται
485 2070 578 2140 τὴν
606 2069 802 2139 χάρινε
836 2064 1137 2127 νουθεσίαις
1172 2064 1480 2120 ἀναπείθων
1504 2064 1598 2118 κα)⁸
1626 2065 1849 2117 ἐπικου-

264 2162 390 2233 ρίαν
437 2159 636 2232 εὑρὼν,
682 2159 776 2212 καὶ
816 2158 1024 2227 ἀμείνω
1044 2156 1213 2220 τιθεὶς
1252 2155 1348 2210 τοῦ
1383 2156 1534 2227 παρὰ
1581 2156 1746 2219 πόδας
1788 2173 1849 2208 τε

264 2252 363 2306 καὶ
392 2250 779 2321 τυραννοῦντος
809 2245 1004 2301 κακοῦ.
1036 2246 1197 2312 Ἰδοις
1234 2246 1279 2300 δ’
1302 2246 1368 2302 ἂν
1397 2247 1591 2318 ἀληθὲς
1632 2249 1851 2301 κάκεῖνο

264 2346 533 2416 ὑπάρχον,
570 2342 647 2405 ὡς
691 2340 864 2409 ὀλίγοι
911 2340 1010 2411 μὲν
1054 2340 1249 2411 κομιδῇ
1302 2341 1397 2412 τῆς
1432 2340 1773 2411 δικαιοσύνης
1803 2342 1850 2393 οἱ

264 2432 614 2504 ἐπιμεληταὶ,
661 2432 754 2484 καὶ⁵
802 2428 973 2499 πολλὴ
1016 2428 1157 2483 κατά
1188 2429 1303 2499 βίον
1348 2431 1381 2500 ὴ
1416 2430 1612 2492 σπάνις
1643 2430 1850 2500 ἀνδρῶν

264 2528 508 2596 ἀγαθῶν·
563 2527 732 2596 ἀνδρα
789 2524 896 2595 γάρ
935 2523 1123 2578 πιστὸν
1151 2523 1311 2594 ἔργον
1354 2524 1554 2595 εὑρεῖν,
1601 2523 1741 2576 κατά
1792 2523 1853 2576 τὸ

263 2618 674 2691 γεγραμμένον.
708 2616 854 2687 Πλὴν
881 2616 1183 2679 ἁπόλεκτος
1208 2618 1236 2669 ό
1267 2615 1532 2680 τοιοῦτος,
1557 2616 1652 2670 καὶ
1687 2633 1853 2688 φρον-

263 2717 409 2779 τίδος
449 2716 546 2785 τῆς
578 2713 786 2768 ἀνωθεν
826 2714 886 2765 ού
932 2712 1227 2783 παρέργως
1262 2710 1586 2781 ἠξιωμένος.
1634 2709 1697 2761 El
1744 2706 1853 2777 γάρ

266 2811 387 2862 ἐστι
412 2807 553 2860 κατά
580 2806 671 2860 τὸν
701 2806 904 2876 κόσμον
939 2803 1142 2875 ἀναμὶξ
1179 2806 1291 2867 τοῖς
1326 2804 1525 2868 ἄλλοις,
1556 2801 1670 2854 ἀλλ’
1701 2800 1854 2853 οὐδὲν

263 2902 516 2956 ἐντεῦθεν
552 2900 810 2970 ὑπομένει
838 2898 900 2952 τὸ
927 2897 1143 2968 βλάϐος,
1184 2898 1260 2960 ὡς
1296 2898 1479 2968 κρίνον
1517 2894 1577 2958 ἐξ
1601 2890 1853 2946 ἀκανθῶν

272 2994 611 3066 ἀρπάζεται,
651 2993 745 3046 καὶ
776 2992 876 3044 οὐκ
927 2989 994 3043 ἂν
1045 2989 1398 3043 συναπόλοιτο
1443 2986 1650 3048 δίκαιος
1708 2980 1852 3053 μετά

264 3085 502 3153 ἀσεϐῶν,
540 3084 683 3138 κατά
709 3083 808 3148 τὰς
836 3084 945 3139 τῶν
973 3084 1145 3154 ἁγίων
1170 3081 1375 3151 φωνάς.

341 3346 557 3400 ΠΑΛΛ.
598 3344 834 3414 Ἀραρεν
864 3337 979 3407 οῦν,
1006 3343 1087 3395 ὅτι
1110 3341 1283 3409 φειδοῖ
1307 3342 1372 3410 τῇ
1394 3338 1545 3407 παρά
1569 3335 1727 3400 Θεοῦ,
1763 3336 1857 3389 καὶ

262 3438 516 3510 ἀγγέλων
548 3435 717 3504 ἀγίων
748 3433 1038 3504 συνδρομῇ,
1062 3432 1156 3485 καὶ
1182 3432 1280 3502 τὴν
1307 3432 1371 3483 ὲκ
1396 3430 1492 3499 τῆς
1524 3428 1857 3497 φαυλότητος

266 3529 588 3595 πλεονεξίαν
622 3523 1037 3594 ἀπονιψόμεθα,
1081 3523 1174 3576 καὶ
1217 3522 1279 3574 τὸ
1317 3519 1542 3591 μηδαμῆ
1594 3516 1854 3589 μηδαμῶς

264 3626 391 3686 ταῖς
423 3621 531 3674 τῶν
562 3617 813 3689 πονηρῶν
842 3616 1046 3671 ἀλῶναι
1071 3614 1249 3677 δίκαις
1281 3611 1669 3683 ἀναμφιλόγως
1697 3610 1860 3680 εὑρήο

269 3731 462 3783 σομεν,
490 3710 607 3782 Θεῷ
628 3709 973 3771 πιστεύοντες
1004 3704 1190 3775 σαφῶς
1216 3701 1616 3773 ἀνακεκραγότι
1647 3699 1713 3753 δι’
1743 3699 1860 3761 ὲνὸς

266 3805 384 3859 τῶν
432 3803 747 3875 προφητῶν,
810 3802 893 3854 ὄτι
929 3818 947 3850 ι
996 3796 1136 3865 Ἐγὼ
1184 3795 1444 3865 Κύριοςὸ
1479 3792 1611 3855 Θεός
1660 3808 1792 3853 σου,
1832 3794 1859 3845 ὁ

269 3895 495 3966 κρατῶν
526 3895 625 3965 τῆς
657 3892 832 3957 δεξιᾶς
866 3907 981 3956 σου,
1012 3890 1040 3941 ό
1064 3887 1239 3955 λέγων
1280 3902 1383 3949 σοι,
1410 3884 1501 3955 Μὴ
1520 3883 1708 3954 φοϐοῦ,
1752 3884 1856 3936 Ἰα⁹

271 3984 414 4046 κὼϐ,
460 3981 738 4051 ὀλιγοστὸς
784 3978 1031 4052 Ἰσραὴλ,
1079 3975 1189 4045 ἐγὼ
1238 3974 1512 4046 ἐϐοήθησά
1559 3991 1660 4039 σοι,
1712 3973 1858 4041 λέγει

270 4078 501 4148 Κύριος,
528 4077 557 4127 ὁ
584 4071 944 4144 λυτρούμενός
976 4086 1055 4135 σε,
1100 4068 1335 4140 Ἰσραήλ.
1378 4088 1395 4119 ι
1508 4140 1511 4143 ν

349 4256 514 4307 ΚΥΡ.
555 4253 625 4305 Ἢ
656 4252 762 4323 γὰρ
802 4250 924 4319 οὐχὶ
954 4247 1296 4319 συλλήπτορα
1338 4248 1449 4308 τοῖς
1476 4245 1649 4314 ἁγίοις
1683 4246 1858 4300 ἐκδεί-

1933 626 2040 678 que
2067 617 2151 662 est
2178 608 2417 661 iterum:
2460 623 2477 654 ‹
2517 602 2656 657 Cum
2700 617 2832 656 vero
2871 616 3031 655 mane
3088 600 3297 656 factum
3343 612 3512 659 esset.

1934 699 2202 768 urgebant
2249 696 2427 767 angeli
2490 695 2624 759 Lot,
2667 693 2915 748 dicentes
2957 710 2970 744 :
3023 692 3224 763 Accipe
3284 707 3513 748 uxorem

1937 800 2106 854 tuam,
2131 798 2187 843 et
2208 788 2347 843 duas
2376 787 2517 842 ﬁlias
2548 796 2689 849 tuas,
2724 800 2860 855 quas
2888 784 3082 848 habes,
3127 794 3185 840 et
3205 784 3315 849 exi,
3355 801 3423 839 ne
3459 797 3517 840 ct

1936 890 1993 934 tu
2033 895 2227 950 pereas
2260 880 2401 947 Icum
2449 874 2836 946 iniquitatibus
2888 874 3149 930 civitatis.
3192 877 3261 931 Et
3307 877 3516 931 turbati

1937 979 2084 1037 sunt,
2119 981 2175 1026 et
2211 980 2505 1025 tenuerunt
2552 967 2730 1038 angeli
2760 982 2982 1021 manum
3019 968 3159 1037 ejus,
3197 977 3253 1023 et
3292 984 3517 1023 manum

1938 1063 2124 1117 uxoris
2170 1062 2310 1132 ejus,
2356 1068 2414 1115 et
2465 1074 2662 1113 manus
2699 1057 2933 1113 duarum
2972 1057 3209 1112 ﬁliarum
3259 1060 3409 1130 ejus,
3452 1074 3519 1112 eo

1937 1151 2085 1221 quod
2118 1151 2387 1206 Dominus
2423 1155 2675 1219 parceret
2723 1147 2887 1201 illi".
2926 1166 2944 1198 ι
2990 1147 3047 1201 ld
3078 1162 3240 1217 porro
3275 1164 3393 1203 esse
3434 1164 3520 1201 ar-

1938 1252 2199 1315 gumento
2236 1240 2653 1297 evidentissimo
2675 1246 2877 1310 potest,
2908 1254 3010 1293 nos
3044 1256 3153 1294 non
3179 1240 3363 1295 verbis
3396 1252 3519 1294 tan-

1942 1344 2057 1390 tum
2092 1344 2149 1390 et
2178 1333 2649 1389 admonitionibus
2682 1332 2739 1386 in
2775 1331 3019 1386 animum
3062 1332 3341 1397 immissis,
3379 1331 3521 1387 inci-

1941 1426 2045 1480 tari
2071 1431 2191 1479 uta
2240 1424 2481 1493 peccatis
2532 1421 2879 1485 recedamus,
2941 1422 3037 1477 sed
3062 1423 3229 1476 etiam
3282 1422 3349 1476 ad
3400 1438 3522 1477 eam

1941 1532 2068 1588 erga
2088 1531 2192 1570 nos
2220 1514 2613 1585 benignitatem
2636 1512 2970 1568 descendere
3004 1514 3251 1568 omnium
3291 1514 3525 1569 salvato-

1943 1624 2060 1663 rem
2087 1609 2280 1671 Deum,
2300 1614 2362 1660 ut
2378 1604 2583 1660 elIicaci
2611 1621 2715 1660 nos
2740 1605 2943 1660 auxilio
2965 1607 3141 1677 juvet,
3167 1608 3321 1677 juxta
3346 1606 3484 1669 illud
3507 1624 3521 1661 :

1952 1720 1968 1751 ι
2003 1700 2252 1755 Tenuisti
2279 1712 2502 1753 manum
2528 1698 2807 1752 dexteram
2842 1713 3040 1762 meam,
3073 1706 3129 1753 et
3160 1698 3214 1753 in
3243 1699 3527 1755 voluntate

1944 1800 2040 1847 tua
2087 1790 2362 1848 deduxisti
2413 1791 2584 1844 me".
2624 1809 2641 1840 ι
2683 1790 2819 1844 Nam
2866 1792 2996 1859 quia
3037 1790 3278 1851 hominis
3331 1798 3527 1845 natura

1945 1899 2055 1938 non
2081 1891 2165 1939 est
2192 1881 2487 1937 admodum
2524 1881 2702 1946 ﬁrma,
2727 1896 2906 1950 neque
2936 1882 3072 1937 satis
3098 1882 3301 1945 virium
3337 1882 3524 1949 habet,

1946 1985 2009 2031 ut
2032 1991 2311 2046 emergere
2344 1992 2374 2030 e
2409 1976 2518 2046 26
2543 1975 2693 2029 vitiis
2721 1974 2915 2044 possit,
2939 1990 3098 2045 opem
3135 1974 3215 2029 illi
3244 1974 3353 2029 fert
3382 1974 3438 2030 in
3463 1991 3529 2030 ea

1946 2085 2006 2124 re
2030 2070 2194 2124 Deus.
2228 2069 2415 2138 Itaque
2456 2068 2733 2138 duplicem
2777 2066 3006 2138 gratiam
3044 2068 3287 2122 tribuere
3325 2083 3531 2139 cogno—

1947 2161 2162 2216 scitur:
2192 2175 2317 2215 cum
2364 2159 2516 2214 enim
2554 2159 2781 2219 monitis
2813 2158 3026 2225 suadet,
3063 2170 3181 2215 tum
3236 2159 3531 2232 adjuvandi

1951 2251 2198 2307 rationes
2228 2252 2458 2315 invenit,
2490 2266 2692 2321 easque
2721 2250 2977 2320 praesenti
3008 2251 3151 2305 malo
3178 2251 3399 2321 vimque
3430 2268 3530 2307 no-

1949 2343 2037 2399 bis
2064 2343 2331 2398 afferente
2364 2342 2700 2397 valentiores
2730 2341 2915 2397 efﬁcit.
2949 2341 3137 2398 Videri
3163 2352 3346 2399 autem
3372 2343 3535 2400 facile

1948 2445 2152 2506 potest,
2216 2451 2411 2490 verum
2468 2450 2592 2491 esse
2630 2435 2789 2500 illud,
2835 2450 3044 2505 paucos
3079 2435 3379 2491 admodum
3414 2452 3538 2493 esse

1950 2527 2153 2597 quibus
2185 2528 2397 2599 justitia
2427 2542 2573 2583 curae
2596 2527 2686 2592 sit,
2725 2528 3063 2597 multamque
3089 2528 3145 2582 in
3179 2529 3281 2583 hac
3301 2530 3415 2584 vita
3437 2546 3537 2600 pe-

1951 2617 2171 2671 nuriam
2228 2617 2532 2687 proborum
2596 2617 2925 2671 hominum:
2959 2618 3153 2673 Virum
3207 2618 3358 2672 enim
3399 2620 3537 2675 ﬁde-

1952 2710 2093 2773 lem,
2128 2719 2189 2763 ut
2223 2710 2490 2779 scriptum
2520 2719 2625 2775 est,
2655 2709 2875 2765 difﬁcile
2926 2720 3010 2765 est
3052 2710 3302 2767 invenire
3322 2714 3389 2767 ".
3432 2713 3539 2767 Ta-

1952 2812 2081 2851 men
2101 2798 2371 2868 ejusmodi
2403 2798 2568 2852 homo
2598 2798 2807 2853 electus
2844 2807 2950 2865 est,
2976 2807 3033 2855 et
3058 2800 3245 2856 divina
3283 2818 3413 2858 cura
3455 2814 3538 2858 at-

1954 2903 2062 2957 que
2101 2888 2445 2957 providentia
2489 2902 2602 2942 non
2634 2888 2903 2943 mediocri
2955 2889 3229 2960 dignatus.
3280 2891 3542 2957 Quamvis

1952 2976 2103 3030 enim
2124 2976 2181 3029 in
2213 2976 2315 3030 hac
2341 2977 2453 3031 vita
2479 2977 2552 3031 sit
2586 2976 2733 3031 inter
2769 2986 2997 3031 caeteros
3026 2979 3245 3044 mistus,
3284 2980 3423 3035 nihil
3454 2990 3539 3035 ta-

1956 3084 2081 3122 men
2107 3084 2175 3122 ex
2208 3084 2272 3122 ea
2300 3084 2358 3122 re
2390 3069 2576 3122 damni
2607 3084 2823 3138 passus,
2859 3079 2919 3124 ut
2954 3070 3130 3124 lilium
3169 3087 3199 3125 e
3238 3073 3412 3142 spinis
3439 3075 3540 3128 de-

1957 3159 2219 3229 cerpitur,
2250 3175 2427 3230 neque
2468 3162 2677 3230 justum
2702 3161 2984 3216 hominem
3006 3162 3089 3218 fas
3127 3173 3233 3231 est,
3272 3174 3334 3220 ut
3365 3169 3539 3222 sancti

1961 3248 2066 3301 viri
2098 3256 2390 3313 testantur,
2415 3264 2539 3303 cum
2565 3249 2748 3318 impiis
2783 3250 2981 3318 perire.

2034 3338 2230 3393 PALL.
2267 3340 2409 3410 Ergo
2454 3341 2552 3395 Dei
2590 3341 2949 3412 benignitate,
2989 3359 3052 3397 ac
3083 3353 3399 3402 sanctorum
3439 3365 3540 3405 an-

1966 3428 2214 3497 gelorum
2239 3442 2362 3497 Ope,
2384 3437 2498 3482 tum
2524 3429 2786 3497 nequitim
2813 3429 3152 3486 dominatum
3178 3437 3540 3506 excutiemus,

1966 3529 2081 3575 tum
2100 3520 2239 3575 illud
2256 3536 2480 3589 quoque
2508 3522 2701 3591 procul
2721 3520 2893 3576 dubio
2924 3537 3305 3593 assequemur,
3337 3537 3545 3586 utnus-

1962 3625 2130 3678 quam
2177 3609 2405 3662 omnino
2444 3608 2504 3662 in
2549 3624 2851 3679 pravorum
2906 3611 3191 3668 hominum
3240 3619 3422 3686 poenis
3465 3621 3541 3675 si-

1966 3701 2078 3755 mul
2123 3700 2502 3771 implicemur,
2549 3702 2662 3756 Deo
2715 3702 2877 3767 freti,
2918 3704 3010 3773 qui
3078 3717 3265 3775 aperte
3327 3712 3542 3779 procla-

1967 3801 2078 3848 mat
2117 3793 2402 3862 prophetaa
2472 3793 2760 3863 cujusdam
2815 3809 3001 3849 voce:
3055 3815 3073 3846 ι
3115 3797 3229 3868 Ego
3278 3801 3548 3858 Dominus

1965 3884 2110 3939 Deus
2148 3892 2297 3947 tuus,
2343 3884 2439 3954 qui
2499 3892 2660 3939 teneo
2701 3884 2982 3940 dexteram
3027 3896 3208 3954 tuam,
3270 3892 3363 3961 qui
3421 3894 3546 3949 dico

1966 3975 2102 4039 tibi,
2133 3976 2255 4030 Noli
2290 3976 2505 4039 timere,
2564 3976 2754 4039 Jacob,
2786 3976 3016 4046 exiguus
3045 3978 3232 4045 Israel,
3252 3998 3353 4054 ego
3386 3989 3546 4041 auxi-

1966 4068 2133 4121 liatus
2163 4081 2284 4121 sum
2327 4067 2448 4131 tibi,
2483 4066 2619 4121 dicit
2644 4067 2908 4121 Dominus
2929 4108 2942 4131 ,
2975 4067 3070 4137 qui
3107 4071 3316 4127 redemi
3348 4084 3424 4143 te,
3462 4078 3542 4133 ls-

1966 4160 2076 4214 rael
2104 4159 2169 4213 ⁷⁵.
2212 4179 2228 4210 ι

2035 4250 2195 4306 CYR.
2224 4250 2305 4303 An
2338 4265 2470 4305 vero
2514 4266 2709 4320 parum
2739 4252 3051 4308 ostenditur
3089 4256 3261 4310 Deum
3293 4261 3546 4331 omnipo-

276 4347 423 4411 ξειεν
473 4346 539 4397 ἂν
580 4344 672 4395 τὸν
716 4341 894 4395 πάντα
942 4337 1194 4409 ἰσχύοντα
1235 4337 1367 4389 Θεὸν
1402 4336 1465 4389 τὸ
1509 4338 1849 4408 ἀπηρτῆσθαι

1966 4352 2173 4399 tentem
2200 4358 2321 4397 esse
2349 4352 2663 4397 sanctorum
2696 4344 2981 4400 hominum
3024 4347 3329 4418 adjutorem
3349 4392 3362 4416 ,
3397 4352 3452 4407 in
3481 4370 3549 4410 eo

274 4437 372 4492 τὸν
397 4435 518 4489 Λὼτ
550 4434 653 4504 τῆς
682 4432 790 4485 τῶν
818 4430 1066 4499 ἀγγέλων
1098 4430 1311 4499 χειρός;
1351 4427 1486 4482 Θεοῦ
1534 4429 1642 4500 γὰρ
1690 4429 1849 4494 τύπος

1965 4434 2113 4504 quod
2144 4434 2249 4488 Lot
2297 4450 2459 4488 manu
2507 4433 2611 4487 fuit
2658 4435 2978 4504 angelorum
3026 4440 3547 4508 apprehensus?llli

279 4530 353 4583 ἂν
384 4523 493 4580 εἶεν
526 4524 640 4598 [ἀνι
672 4518 836 4578 οῦτοι.
880 4523 1040 4593 Τρεῖς
1075 4521 1171 4590 μὲν
1207 4522 1265 4572 ἐν
1295 4522 1435 4591 ἀρχῇ
1466 4519 1545 4591 τῷ
1607 4522 1849 4593 Ἀϐραὰμ

1967 4526 2113 4580 enim
2166 4524 2345 4594 angeli
2376 4523 2605 4593 ﬁguram
2640 4524 2738 4579 Dei
2768 4536 2878 4578 non
2907 4524 3145 4583 absurde
3177 4538 3388 4598 tenent,
3423 4550 3549 4590 cum

278 4618 713 4692 προσϐάλλοντες
744 4617 803 4668 ὲν
849 4617 917 4685 τῇ
962 4613 1082 4684 δρυῒ
1124 4615 1190 4682 τῇ
1226 4613 1493 4684 Μαμϐρῇ,
1523 4612 1614 4666 δύο
1657 4614 1712 4666 δὲ
1753 4618 1849 4676 τοῖς

1972 4626 2084 4670 tres
2105 4616 2259 4685 prius
2271 4614 2338 4669 ad
2353 4613 2629 4669 Abraham
2646 4616 2980 4671 accesserint
2995 4618 3063 4672 ad
3088 4634 3353 4690 quercum
3377 4625 3550 4681 Mam-

277 4711 538 4781 Σοδόμοις
572 4708 1037 4776 ἐπιφοιτήσαντες.
1075 4722 1092 4754 ι
1130 4703 1262 4756 Οὐδὲ
1285 4703 1393 4773 γὰρ
1421 4705 1449 4755 ὁ
1472 4705 1662 4774 Πατὴρ
1689 4705 1840 4775 κρίνε

1974 4710 2104 4771 bre,
2156 4708 2267 4762 duo
2325 4721 2519 4761 rursus
2580 4706 2848 4761 adversus
2926 4708 3219 4766 Sodomam
3272 4717 3549 4775 venerint.

278 4802 500 4867 οὐδένα,
554 4820 573 4853 ι
638 4799 781 4853 κατὰ
828 4795 927 4866 τὴν
978 4794 1141 4847 αὑτοῦ
1190 4792 1283 4846 τοῦ
1339 4794 1590 4866 Σωτῆρος
1661 4795 1863 4865 φωνὴν,

1983 4820 1999 4848 σ
2023 4800 2209 4868 Neque
2243 4798 2389 4853 enim
2415 4798 2574 4852 Pater
2598 4798 2811 4868 judicat
2830 4816 3182 4871 quemquam,
3208 4825 3226 4857 ι
3247 4808 3402 4877 juxta
3430 4810 3550 4868 sa]-

284 4916 304 4947 ι
346 4894 486 4947 ἀλλά
517 4894 701 4945 πᾶσαν
729 4888 826 4960 τὴν
852 4887 1031 4959 κρίσιν
1058 4886 1257 4939 δέδωκε
1290 4884 1370 4954 τῷ
1395 4886 1528 4955 Υίῷ·
1566 4906 1585 4939 ι
1621 4887 1849 4949 συνόντος

1976 4890 2183 4944 vatoris
2236 4888 2411 4943 nostri
2455 4904 2668 4953 vocem,
2709 4908 2726 4937 ι
2753 4891 2850 4945 sed
2887 4907 3051 4948 omne
3083 4896 3354 4966 judicium
3398 4900 3555 4957 dedit

277 4983 435 5053 αὺτῷ
480 4981 721 5051 δηλονότι
772 4978 870 5033 καὶ
907 4977 1303 5047 ἐνυπάρχοντος
1342 4977 1586 5044 φυσικῶς
1633 4980 1728 5031 καὶ
1771 4978 1865 5031 τοῦ

276 5074 444 5142 ἁγίου
484 5071 821 5141 Πνεύματος.

358 5166 567 5218 ΠΑΛΛ.
602 5162 797 5233 Συνίης
831 5154 891 5215 εῦ
923 5160 1086 5230 μάλα.
1123 5160 1203 5213 Τὰ
1241 5158 1295 5212 δὲ
1330 5159 1526 5230 ἑφεξῆς
1560 5160 1869 5232 περιαθρῶ-

281 5274 411 5328 μεν,
441 5258 490 5309 εί
511 5255 675 5307 δοκεῖ.

358 5348 523 5402 ΚΥΡ.
565 5344 894 5400 Ἀοκνότατά
912 5361 997 5413 γε,
1025 5343 1118 5398 κα)⁸
1151 5344 1215 5413 δὴ
1245 5343 1419 5415 ὲρῶάσ
1442 5344 1552 5397 Καὶ
1581 5344 1816 5410 ἐγένετο,
1845 5364 1862 5395 ι

1972 4980 2197 5034 Filio":
2230 4999 2247 5031 ι
2268 4995 2391 5034 cum
2416 4996 2527 5049 quo
2548 4982 2738 5049 procul
2763 4982 2934 5037 dubio
2955 4985 3117 5040 simul
3149 4986 3305 5042 adest
3329 5000 3553 5049 sanctus

1973 5073 2210 5143 Spiritus
2232 5082 2291 5128 et
2315 5073 2643 5128 naturaliter
2673 5075 2835 5129 inest.

2042 5164 2238 5218 PALL.
2270 5166 2438 5219 Recte
2459 5165 2737 5236 intelligis.
2773 5166 2901 5231 Sed,
2930 5168 2973 5222 si
3007 5169 3204 5239 placet,
3225 5188 3288 5228 ea
3318 5190 3440 5245 quae
3468 5192 3554 5233 se-

1974 5267 2218 5324 quuntur
2251 5256 2683 5312 consideremus.

2044 5346 2201 5402 CYR.
2250 5347 2397 5401 Nihil
2438 5363 2644 5412 moror,
2680 5357 2843 5417 atque
2881 5352 2993 5419 jam
3039 5352 3239 5410 dicam.
3298 5377 3317 5410 ι
3351 5359 3421 5415 Ει
3468 5360 3552 5415 fa-

275 5440 475 5510 φησὶν,
513 5459 531 5490 ι
557 5438 719 5510 ἡνίκα
750 5437 1016 5508 ἐξήγαγον
1047 5435 1208 5489 αὑτὸν
1231 5435 1356 5500 ἔξω,
1395 5431 1566 5489 εἵπον-
1596 5434 1744 5500 Σῶςε
1777 5437 1849 5504 τὴ.

1977 5447 2125 5491 ctum
2151 5447 2256 5503 est,
2298 5456 2317 5488 ι
2358 5437 2561 5507 inquit,
2594 5456 2612 5487 ι
2641 5448 2933 5508 postquam
2963 5441 3275 5501 eduxerunt
3297 5463 3423 5502 eum
3468 5449 3552 5504 {0-

275 5531 517 5584 σεαυτοῦ
554 5529 754 5600 ψυχὴν,
798 5528 872 5601 μὴ
914 5526 1217 5599 περιϐλέψῃ
1257 5527 1337 5590 εις
1377 5526 1447 5580 τὰ
1495 5525 1701 5591 ὀπίσω,
1740 5527 1849 5597 μηδ

1979 5546 2088 5593 ras,
2121 5530 2421 5585 dixerunt:
2458 5528 2617 5585 Salva
2671 5530 2908 5585 animam
2959 5542 3129 5599 tuam,
3172 5552 3243 5592 ne
3296 5540 3555 5609 respicias

271 5625 419 5692 στῇς
449 5625 507 5675 ἑν
534 5623 683 5691 πάσῃ
732 5623 796 5692 τῇ
838 5619 1163 5691 περιχώρῳ’
1197 5621 1276 5682 εἰς
1304 5618 1365 5671 τὸ
1392 5617 1517 5687 ὅρος
1557 5615 1753 5686 σώζου,
1799 5638 1849 5689 μη

1979 5631 2149 5687 retro,
2182 5636 2361 5692 neque
2388 5629 2500 5675 stes
2532 5621 2588 5673 in
2619 5622 2767 5675 omni
2787 5623 2929 5679 circa
2964 5626 3297 5697 regionezin
3310 5644 3554 5688 montem

372 5809 417 5840 '“
452 5805 590 5863 Gen.
644 5824 753 5874 xu,
797 5808 884 5875 15,
924 5808 1008 5864 16.
1112 5810 1156 5841 ⁷⁸
1186 5808 1326 5863 Psal.
1364 5825 1525 5876 Lxxu,
1572 5808 1662 5865 24.

1762 5806 1807 5839 ⁷⁸
1848 5805 2006 5861 Prov.
2046 5822 2109 5860 χ’
2192 5808 2243 5860 6.

2344 5808 2390 5841 ⁷⁸
2457 5808 2558 5861 lsa.
2610 5824 2715 5878 xu,
2783 5810 2814 5865 8
2859 5827 2979 5882 sqq.
3096 5815 3142 5847 "
3171 5813 3329 5870 Joan.
3369 5832 3422 5884 v,
3461 5814 3553 5876 22.
