4120 6504
611 350 711 401 173
1624 345 1678 398 S.
1720 341 1994 397 CYRILLI
2032 340 2502 398 ALEXANDRINI
2543 342 2860 399 ARCHIEP.

3751 346 3860 401 176

608 465 818 519 salvum
854 472 904 518 te
935 462 1047 523 fac,
1091 477 1157 516 ne
1183 461 1317 516 forte
1355 462 1515 515 simul
1546 460 2109 530 comprehendaris”.
2151 480 2167 511 ι

2292 478 2409 514 ποτε
2434 461 2922 531 συμπαραληφθῇς.
2960 480 2977 511 ι
3028 462 3114 515 Ἐν
3148 461 3245 531 μὲν
3273 456 3366 516 οὖν
3394 460 3495 531 τῷ,
3531 480 3547 513 ι
3587 462 3732 528 mc:
3760 466 3863 536 τὴν

610 556 670 608 ln
713 554 821 609 illis
847 554 1028 623 itaque
1056 553 1257 613 verbis,
1288 571 1306 601 ι
1344 550 1500 605 Salva
1523 552 1760 604 animam
1785 560 1951 614 tuam,
1988 570 2005 600 ι
2046 550 2179 604 illud

612 644 896 699 manifeste
927 645 1033 697 dici
1056 645 1338 698 arbitror:
1377 661 1393 693 ι
1433 642 1508 695 Te
1544 642 1722 711 ipsum
1771 652 1982 695 castum
2054 657 2179 695 cus-

613 738 745 802 todi,
768 746 822 791 et
840 753 907 791 ne
927 736 1296 789 communices
1328 734 1563 803 peccatis
1586 734 1859 789 alienis".
1891 753 1908 784 ι
1931 734 2006 787 Ac
2029 733 2182 787 vince

611 844 696 891 ea,
727 842 848 896 qua:
877 824 1116 880 mundus
1145 823 1326 888 affert,
1356 822 1781 892 impedimenta;
1812 838 1993 891 neque
2034 822 2183 875 enim

612 916 905 970 universus
928 914 1392 985 mundus’justum
1416 920 1499 967 est
1528 913 1785 982 pretium,
1817 928 1915 981 pro
1936 927 2043 981 quo
2065 911 2185 965 ani-

613 1024 699 1061 ma
754 1016 1143 1062 commutetur.
1193 1025 1211 1056 ‹
1250 1004 1392 1072 Quid
1429 1004 1576 1058 enim
1604 1004 1825 1073 prodest
1873 1002 2103 1067 homini,
2138 1002 2184 1055 si

613 1101 929 1156 universum
950 1098 1216 1153 mundum
1246 1099 1509 1161 lucretur,
1546 1097 1651 1166 27
1685 1096 1880 1151 anima:
1911 1112 2042 1150 vero
2075 1111 2187 1150 sum

613 1192 1003 1246 detrimentum
1029 1188 1366 1259 patiatur"?
1398 1207 1416 1239 ι
1443 1187 1597 1254 Quod
1644 1196 1825 1241 autem
1866 1187 1943 1242 ait
1974 1187 2048 1241 ita
2081 1187 2187 1241 sibi

613 1300 733 1340 esse
764 1283 1177 1348 ambulandum,
1217 1299 1286 1338 ne
1343 1296 1401 1337 se
1440 1291 1737 1336 retrorsum
1784 1290 2092 1345 convertat,
2133 1280 2186 1336 id

614 1374 841 1429 fortasse
863 1372 1155 1445 significat,
1190 1373 1494 1427 cavendum
1534 1388 1678 1436 esse,
1716 1388 1785 1426 ne
1816 1372 1946 1427 dum
1990 1388 2091 1427 nos
2118 1371 2187 1426 ad

618 1465 923 1537 nequitiam
950 1465 1342 1528 convertimus,
1375 1465 1566 1520 eadem
1602 1480 1727 1519 cum
1760 1464 1828 1519 iis
1851 1463 2035 1519 denuo
2060 1479 2187 1518 sen-

616 1555 721 1610 tire
770 1554 1136 1624 incipiamus,
1187 1556 1280 1625 qui
1321 1555 1376 1609 in
1413 1556 1741 1625 supplicium
1784 1554 1926 1625 ignis
1969 1563 2191 1624 propter

616 1646 1094 1717 intemperantiam
1126 1646 1456 1701 inciderunt.
1496 1668 1512 1697 ‹
1536 1647 1708 1701 Nemo
1729 1648 1898 1712 enim,
1929 1666 1947 1698 ι
1990 1647 2187 1716 inquit,

624 1759 643 1790 ι
675 1740 897 1794 mittens
930 1754 1150 1792 manum
1187 1738 1255 1792 ad
1290 1747 1560 1801 aratrum,
1595 1746 1651 1792 et
1688 1752 1989 1792 conversus
2022 1748 2188 1799 retro,

2282 552 2509 606 σεαυτοῦ
2530 553 2727 624 ψυχὴν,
2755 572 2773 605 ι
2805 555 2948 623 φημὶ
2966 553 3029 625 δὴ
3051 552 3301 620 λέγεσθαι
3332 554 3520 622 σαφῶς
3535 554 3615 619 rb,
3649 572 3668 605 ι
3694 556 3866 609 Σεαυ-

2280 644 2371 699 τὸν
2400 644 2560 713 ἁγνὸν
2585 648 2759 717 τήρει·
2806 645 2901 698 καὶ
2936 644 3010 714 μὴ
3057 644 3306 697 κοινώνει
3352 646 3651 715 ἁμαρτίαις
3697 644 3865 699 ἀλλο-

2281 734 2478 807 τρίαις.
2520 756 2538 788 ι
2584 738 2692 789 Καὶ
2719 736 2956 805 ἀμείνων
3002 735 3094 788 ἔσο
3124 736 3236 788 τῶν
3284 738 3341 787 ἐν
3379 737 3572 807 κόσμῳ
3601 755 3864 808 παραπο-

2280 827 2575 897 δισμάτωνο
2612 826 2786 897 ψυχῆς
2818 826 2927 897 γάρ
2966 826 3322 897 ἀντάλλαγμα
3350 827 3411 879 τὸ
3443 827 3664 898 σύμπαν
3687 830 3867 883 οὐδέν.

2289 936 2307 968 ι
2346 918 2411 972 Τί
2438 918 2545 990 γὰρ
2574 918 2984 988 ὠφεληθήσεται
3028 918 3314 989 ἄνθρωπος
3334 959 3347 981 ,
3380 919 3509 972 ὅταν
3538 920 3629 973 τὸν
3661 922 3873 992 κόσμον

2282 1006 2402 1059 ὅλον
2432 1006 2688 1077 κερδήσῃ,
2723 1007 2819 1077 τὴν
2843 1006 2900 1059 δὲ
2925 1006 3105 1076 ψυχὴν
3135 1008 3297 1060 αὑτοῦ
3332 1006 3620 1079 ζημιωθῇ;
3660 1029 3676 1061 ι
3708 1010 3780 1063 Τὸ
3808 1010 3874 1064 δέ

2283 1099 2348 1168 δὴ
2374 1098 2568 1169 χρῆναι
2588 1098 2766 1166 λέγειν
2793 1098 3203 1170 ἀμεταστρεπτὶ
3222 1100 3496 1155 ποιεῖσθαι
3516 1100 3613 1171 τὴν
3634 1101 3873 1172 βάδισιν,

2289 1192 2542 1261 σημαίνει
2587 1207 2690 1246 που
2736 1190 2879 1260 τάχα
2904 1190 2985 1255 rb,
3018 1191 3092 1262 μὴ
3126 1194 3245 1254 ταῖς
3287 1194 3367 1256 είς
3410 1193 3722 1263 φαυλότητα
3771 1212 3877 1265 με-

2286 1285 2614 1353 ταστροφαϊς
2658 1282 2729 1335 τὰ
2762 1282 2851 1336 ἴσα
2883 1284 3099 1353 φρονεῖν
3139 1282 3355 1336 ἑλέσθαι
3402 1284 3565 1337 πάλιν
3611 1287 3722 1348 τοῖς
3763 1286 3879 1338 ὑπὸ

2285 1373 2441 1444 δίκην
2469 1374 2567 1445 τὴν
2592 1374 2763 1444 πυρὸς
2798 1374 2855 1439 ἐξ
2888 1374 3160 1447 ἀκρασίας
3182 1374 3563 1444 ἐνηνεγμένοις
3594 1376 3639 1446 (ι
3676 1374 3879 1439 Οὐδεὶς

2289 1464 2418 1535 γὰρ,
2461 1481 2481 1516 ι
2521 1464 2676 1535 φησὶ,
2702 1483 2741 1539 ⁸ι
2792 1464 2889 1535 τὴν
2939 1467 3095 1535 χεῖρα
3141 1465 3317 1535 βαλὼν
3362 1468 3448 1518 ἐπ’
3487 1467 3736 1539 ἄροτρον,
3775 1468 3883 1520 καὶ

2290 1556 2550 1625 στραφεὶς
2592 1558 2673 1617 είς
2709 1557 2779 1610 τὰ
2806 1557 3002 1623 ὀπίσω,
3034 1556 3253 1621 εὗθετός
3284 1560 3432 1611 ἐστιν
3472 1562 3551 1623 είς
3580 1559 3679 1629 τὴν
3712 1559 3881 1630 βασι-

2291 1646 2439 1700 λείαν
2469 1648 2575 1700 τῶν
2607 1648 2908 1719 οὐρανῶν)·
2948 1669 2967 1700 ι
3008 1649 3230 1721 ἔχεσθαι
3271 1651 3329 1703 δέ
3370 1650 3481 1704 δεῖν
3511 1651 3612 1720 τῆς
3650 1652 3731 1715 είς
3764 1668 3881 1705 σω-

2291 1738 2486 1810 τηρίαν
2518 1739 2660 1803 ὁδοῦ,
2704 1741 2777 1811 μὴ
2809 1741 2935 1811 τῇδε
2969 1742 3191 1795 κάκεῖσε
3239 1742 3688 1812 περισπωμένους
3710 1780 3726 1806 ,
3776 1742 3885 1795 καὶ

615 1839 776 1901 aptus
800 1841 885 1885 est
919 1847 1089 1903 regno
1109 1832 1371 1885 cmlorum
1397 1832 1461 1881 '9.
1505 1850 1521 1879 ι
1555 1829 1815 1883 Tenenda
1841 1838 1924 1883 est
1958 1842 2190 1896 namque

2296 1831 2614 1900 φαντασίαις
2643 1831 2831 1896 ἑώλοις
2864 1833 3145 1901 κοσμικῶν
3172 1832 3482 1903 ἐπιθυμιῶν
3514 1834 3745 1906 ἐλαφρὸν
3775 1836 3883 1889 καὶ

614 1923 810 1977 salutis
834 1922 941 1985 via,
987 1937 1096 1975 non
1138 1922 1241 1975 hac
1282 1921 1405 1975 illac
1443 1919 1867 1983 deﬂectendum,
1903 1934 2083 1989 neque
2122 1919 2191 1973 ad

613 2030 779 2071 vanas
805 2014 1071 2084 imagines
1099 2013 1500 2067 mundanarum
1540 2012 1902 2081 cupiditatum
1932 2012 2071 2067 levis
2101 2020 2190 2065 at-

2294 1922 2728 1994 εὐδιαῤῥίπιστον
2757 1922 2902 1984 νοῦν,
2935 1923 3050 1976 ἀλλ’
3086 1924 3272 1994 ἐντελῆ
3302 1942 3360 1977 τε
3393 1926 3487 1978 καὶ
3516 1926 3737 1990 ἄϋπνον,
3777 1927 3885 1982 καὶ

2295 2017 2374 2078 εἰς
2421 2013 2548 2068 εὐθὺ
2598 2014 2816 2084 βλέπειν
2863 2016 2950 2069 ἀεὶ
3002 2016 3431 2085 μεμελετηκότα,
3470 2018 3771 2086 τηροῦντας
3816 2020 3886 2071 ἐν

614 2126 721 2182 que
753 2108 1013 2165 volubilis
1053 2108 1271 2161 animus
1299 2114 1384 2161 est
1437 2106 1803 2175 impellendus
1825 2123 1840 2171 ;
1861 2106 1957 2160 sed
1986 2107 2190 2176 integer

2292 2103 2524 2163 ἑαυτοῖς.
2555 2102 2662 2155 Καὶ
2688 2102 2749 2154 rb
2774 2102 2855 2155 ἔτι
2885 2104 3067 2172 μεῖζον
3098 2104 3226 2175 ἐρῶο
3271 2106 3405 2175 φησὶ
3434 2105 3542 2176 γὰρ
3572 2109 3601 2159 ό
3637 2107 3882 2175 ἄγγελος

614 2212 779 2272 atque
794 2201 1044 2271 vigilans,
1072 2208 1129 2253 et
1170 2198 1263 2269 qui
1294 2212 1510 2267 semper
1538 2197 1805 2251 directum
1840 2198 1945 2252 iter
1978 2199 2193 2267 aspice-

614 2308 675 2347 re
712 2299 898 2356 curet,
940 2290 997 2344 in
1031 2288 1193 2343 nobis
1233 2288 1367 2359 ipsis
1403 2296 1486 2342 est
1538 2288 1972 2343 conservandus.
2017 2288 2191 2355 Quin-

615 2386 783 2440 etiam
801 2384 878 2447 id,
912 2382 1058 2452 quod
1079 2382 1260 2453 majus
1287 2388 1393 2445 est,
1426 2380 1605 2434 dicam
1630 2398 1642 2433 :
1674 2381 1750 2435 ait
1776 2381 1921 2435 enim
1946 2381 2192 2451 angelus.

616 2491 727 2531 non
755 2474 919 2530 modo
951 2474 1027 2527 ita
1056 2472 1135 2525 illi
1168 2487 1289 2526 esse
1332 2471 1747 2536 ambulandum,
1791 2487 1861 2526 ne
1895 2480 2193 2525 retrorsum

2296 2193 2394 2261 οὐχ
2426 2193 2505 2246 ὄτι
2534 2192 2639 2264 χρὴ
2659 2193 2758 2265 ἧδη
2785 2193 2946 2263 μόνον
2974 2193 3134 2247 αὐτὸν
3161 2195 3575 2266 ἀμεταστρεπτὶ
3603 2198 3884 2251 ποιεῖσθαι

2298 2284 2396 2354 τὴν
2419 2284 2643 2352 βάδισιν·
2670 2285 2977 2356 προσετίθει
2997 2285 3053 2338 δὲ
3084 2287 3367 2357 χρησίμως
3391 2288 3473 2351 rb,
3509 2307 3526 2339 ι
3552 2288 3642 2358 Μὴ
3660 2292 3790 2359 στῆς
3819 2292 3887 2343 ἐν

2296 2377 2445 2448 πάσῃ
2469 2379 2535 2447 τῇ
2565 2376 2876 2448 περιχώρῳ.
2912 2378 3005 2440 Εἰς
3029 2376 3092 2429 rb
3112 2376 3238 2447 δρος
3269 2377 3465 2443 σώζου,
3496 2381 3703 2451 μήποτε
3736 2397 3886 2451 συμ-

2300 2469 2687 2541 παραληφθῇς.
2726 2488 2745 2521 ι

615 2588 674 2629 se
715 2578 1017 2634 convertat,
1046 2567 1143 2623 sed
1176 2575 1483 2637 opportune
1522 2566 1765 2638 adjecit:
1807 2586 1825 2617 ι
1865 2567 1942 2622 Ne
1975 2578 2087 2622 stes
2130 2567 2185 2621 in
2221 2567 2369 2620 omni
2400 2566 2547 2621 circa
2584 2566 2847 2634 regione;
2885 2566 2941 2619 in
3012 2575 3253 2621 montem
3294 2566 3503 2621 salvum
3541 2577 3593 2621 te
3659 2568 3763 2631 fac,
3806 2584 3887 2624 ne

616 2663 757 2717 forte
783 2672 839 2717 et
867 2670 925 2716 tu
948 2658 1110 2715 simul
1144 2659 1398 2727 capiaris.
1439 2678 1455 2709 ι

596 2768 607 2790 ν
687 2752 885 2808 PALL.
921 2750 1063 2818 Quid
1092 2765 1225 2805 vero
1263 2750 1397 2804 illud
1460 2758 1579 2815 est,
1629 2768 1648 2801 ι
1675 2750 1753 2805 Ne
1787 2759 1899 2805 stes
1952 2748 2008 2803 in
2040 2747 2191 2803 omni

620 2845 767 2900 circa
796 2842 1058 2913 regione?
1086 2860 1104 2893 ι

694 2932 853 2989 CYR.
894 2932 1067 2995 Illam,
1096 2930 1151 2984 ni
1192 2929 1373 2995 fallor,
1420 2932 1678 2986 inertiam
1714 2940 1875 3000 atque
1903 2931 2193 3003 segnitiem

620 3025 690 3079 ad
731 3024 1091 3079 resiliendum
1114 3037 1147 3075 a
1184 3021 1356 3086 vitiis,
1391 3022 1663 3077 lubricam
1688 3037 1831 3085 esse,
1891 3024 2192 3093 etpericu-

621 3116 792 3170 losam
834 3114 1130 3184 signiﬁcat.

690 3204 842 3260 PAL.
880 3204 1128 3269 Quonam
1159 3202 1343 3268 modo,
1387 3202 1498 3269 die,
1539 3203 1793 3260 obsecro.

688 3295 847 3350 CYR.
873 3293 1236 3362 Propheticus
1252 3292 1401 3348 enim
1429 3308 1609 3349 sermo
1634 3294 1715 3348 sic
1749 3295 1827 3348 ait
1854 3311 1866 3348 :
1906 3313 1922 3345 ι
1952 3295 2062 3357 Vae,
2097 3292 2190 3363 qui

635 3381 819 3436 facitis
840 3396 977 3450 opus
1004 3381 1100 3435 Dei
1135 3380 1475 3451 negligenter
1497 3383 1561 3435 ⁸ο.
1590 3414 1661 3422 -
1689 3382 1906 3437 Currite
1944 3385 2109 3437 etiam
2134 3395 2196 3438 ut

623 3472 1123 3542 comprehendatis,
1158 3492 1177 3523 ι
1223 3472 1299 3526 ait
1328 3472 1521 3526 beatus
1551 3473 1754 3527 Paulus
1784 3474 1849 3525 θ’.
1882 3473 2015 3527 Nam
2050 3474 2193 3528 nolle

622 3564 843 3618 fortiter
855 3579 919 3617 ac
939 3562 1085 3617 serio
1097 3578 1127 3616 a
1144 3562 1377 3632 turpiori
1403 3563 1513 3616 vita
1529 3562 1799 3632 refugere,
1819 3564 1963 3633 quod
1979 3565 2195 3619 animus

624 3668 768 3723 aegre
795 3669 853 3708 se
888 3668 917 3706 a
940 3652 1113 3706 veteri
1153 3652 1554 3707 consuetudine
1593 3653 1782 3708 divelli
1824 3656 2085 3724 patiatur,
2132 3672 2196 3711 ac

624 3743 797 3798 veluti
826 3758 951 3797 cum
990 3741 1222 3811 quadam
1247 3741 1497 3795 molestia
1535 3756 1566 3795 a
1610 3742 1839 3813 singulis
1885 3744 2196 3815 quibusque

636 3835 795 3890 vitiis
842 3833 1091 3888 discedat
1142 3831 1572 3902 gravissimeque
1618 3848 1677 3888 se
1714 3835 1783 3889 ad
1830 3836 1883 3890 id
1927 3836 2192 3900 conferat,

623 3924 772 3996 quod
824 3930 1016 3993 suapte
1043 3929 1239 3978 natura
1277 3922 1519 3991 prodest,
1555 3938 1667 3978 non
1698 3926 1849 3980 aliud
1890 3935 1996 3991 est,
2028 3942 2194 3997 quam

625 4016 684 4072 in
721 4015 902 4070 vicina
930 4014 1191 4083 nequitiae
1229 4013 1451 4083 regione
1508 4014 1829 4080 subsistere,
1855 4017 2000 4072 unde
2029 4018 2194 4072 celeri

626 4123 792 4163 cursu
836 4105 1101 4159 excedere
1140 4112 1375 4174 oportet.
1408 4104 1553 4159 Fieri
1605 4121 1838 4176 namque
1904 4115 2086 4178 potest
2136 4118 2198 4163 ut

625 4199 948 4271 priusquam
982 4196 1102 4252 vitii
1136 4196 1391 4251 terminis
1416 4197 1835 4262 excesserimus,
1881 4198 2012 4255 dum
2048 4213 2196 4252 sem-

625 4304 727 4358 per
761 4296 1091 4342 cunctamur
1115 4300 1179 4341 ac
1204 4285 1649 4355 tergiversamur,
1689 4287 1874 4341 divina
1921 4303 2023 4343 nos
2060 4288 2197 4344 ultio

2365 2743 2571 2797 IIAAA.
2608 2742 2717 2796 Καὶ
2751 2741 2803 2794 τί
2837 2741 2903 2796 ἂν
2934 2739 3176 2811 βούλοιτο
3207 2740 3401 2811 δηλοῦν
3457 2742 3536 2805 rb,
3580 2760 3598 2793 ι
3630 2742 3719 2812 Μὴ
3747 2746 3885 2812 στῇς

2293 2837 2352 2889 ἐν
2382 2836 2527 2904 πάσῃ
2557 2836 2623 2903 τῇ
2654 2832 2979 2903 περιχώρῳ;
3023 2852 3041 2885 ι

2366 2925 2531 2977 ΚΥΡ.
2562 2924 2635 2977 Τὸ
2662 2921 2813 2993 οἶμαι
2840 2923 3045 2993 νωθρόν
3084 2939 3143 2974 τε
3175 2922 3269 2975 καὶ
3308 2922 3537 2992 ἀδρανὲς
3578 2924 3657 2986 είς
3680 2923 3740 2975 rb
3767 2924 3889 2977 δεῖν

2295 3013 2615 3078 ἐξίπτασθαι
2639 3014 2733 3067 τοῦ
2760 3013 2954 3078 κακοῦ,
2982 3013 3247 3085 σφαλερόν
3275 3030 3335 3065 τε
3373 3015 3463 3066 καὶ
3490 3014 3802 3084 ἐπιζήμιον.

2363 3190 2569 3243 ΠΑΛΛ.
2601 3189 2811 3260 Φράσον
2837 3189 3006 3252 ὅπως.

2362 3280 2525 3334 ΚΥΡ.
2561 3281 2901 3348 Προφητικὸς
2929 3279 3030 3350 ἔφη
3072 3279 3248 3347 λόγος·
3282 3299 3302 3332 ι
3335 3281 3488 3345 Οὐαὶ,
3524 3283 3570 3334 οἱ
3603 3284 3887 3348 ποιοῦντες

2290 3371 2351 3423 rb
2378 3372 2537 3441 ἔργον
2579 3370 2782 3441 Κυρίου
2816 3370 3054 3440 ἀμελῶς.
3080 3370 3396 3441 -Τρέχετε
3424 3372 3480 3425 δέ
3511 3374 3596 3427 ἵνα
3639 3375 3887 3429 καταλά-

2293 3460 2445 3529 6ητε,
2478 3479 2495 3511 ι
2529 3460 2624 3512 καὶ
2655 3459 2817 3522 αὑτός
2848 3460 2948 3513 πού
2982 3478 3145 3531 φησιν
3172 3464 3201 3514 ὁ
3224 3462 3506 3525 θεσπέσιος
3532 3464 3761 3527 Παῦλος.
3801 3465 3880 3517 Tb

2293 3552 2402 3624 γάρ
2452 3568 2535 3604 τοι
2584 3550 2658 3622 μὴ
2707 3551 2839 3622 δρᾷν
2895 3552 3099 3606 ἐθέλειν
3148 3553 3545 3608 εὐσθενέστατά
3590 3572 3651 3607 τε
3697 3556 3793 3608 καὶ
3826 3558 3887 3608 ἐν

2296 3642 2499 3712 σπουδῇ
2546 3641 2646 3713 τὴν
2686 3642 2751 3695 ἐκ
2790 3640 2899 3695 τῶν
2937 3643 3222 3712 αἰσχιόνων
3268 3644 3603 3715 ἀποδρομὴν,
3640 3645 3884 3698 δυσαπο-

2295 3732 2550 3795 σπάστως
2581 3731 2793 3801 ἔχοντος
2827 3732 2963 3801 πρὸς
2992 3732 3058 3784 τὰ
3090 3733 3290 3803 ἀρχαῖα
3316 3733 3410 3785 τοῦ
3449 3734 3563 3794 νοῦ,
3594 3734 3687 3787 καὶ
3717 3736 3887 3788 οἱονεὶ

2296 3822 2535 3891 στυγνῶς
2564 3822 2656 3890 ἀφ’
2691 3824 2921 3876 ἑκάστου
2974 3821 3084 3876 τῶν
3114 3822 3334 3891 φαύλων
3362 3825 3719 3895 ἀπαίροντος,
3755 3825 3886 3878 δυσ-

2294 3914 2559 3967 οκνότατα
2578 3912 2634 3965 δὲ
2654 3911 3120 3983 μεθορμιξομένου
3144 3912 3279 3985 πρὸς
3293 3914 3353 3967 τὸ
3376 3915 3615 3982 πεφυκὸς
3628 3916 3884 3982 ὠφελεῖν,

2295 4003 2380 4075 εἴη
2416 4004 2482 4057 ἂν
2513 4003 2696 4072 ἕτερον
2721 4002 2895 4065 οὐδὲν,
2914 4003 2948 4073 ἢ
2979 4002 3039 4056 rb
3067 4003 3254 4073 στῆναι
3283 4002 3465 4058 λοιπὸν
3496 4007 3553 4058 ἐν
3586 4005 3887 4077 περιχώρῳ

2297 4094 2529 4157 κακίας,
2575 4093 2749 4145 καίτοι
2795 4092 3066 4163 δρομαίως
3109 4092 3310 4157 ἐξιέναι
3352 4094 3489 4147 δέον.
3545 4096 3616 4148 ἸΙ
3663 4096 3769 4166 γὰρ
3810 4096 3884 4149 ἂν

2296 4188 2404 4241 τῶν
2446 4184 2827 4255 ἐνδεχομένων,
2868 4184 2996 4256 πρὶν
3037 4184 3178 4253 ὅρων
3228 4183 3334 4249 ἔξω
3379 4186 3629 4253 γενέσθαι
3678 4187 3883 4250 κακοῦ,

2303 4276 2593 4347 μέλλοντας
2634 4275 2722 4327 ἀεὶ
2770 4274 2863 4327 καὶ
2910 4273 3304 4343 ἀναδυομένους
3345 4275 3758 4345 καταληφθῆναι
3808 4278 3882 4348 τῇ

624 4377 942 4448 praeveniat,
968 4388 1261 4446 antequam
1305 4376 1548 4430 maculas
1570 4380 2006 4448 purgaverimus,
2039 4388 2190 4433 ante-

2304 4369 2449 4441 δίκῃ,
2476 4368 2606 4439 πρὶν
2637 4366 3089 4436 ἀποκαθήρασθαι
3110 4365 3211 4435 τὴν
3236 4366 3448 4436 κηλίδα,
3476 4368 3604 4436 πρὶν
3631 4368 3884 4421 ἀποπλύ-

626 4484 793 4539 quam
826 4467 1028 4521 veteris
1059 4467 1323 4523 socordiae
1349 4466 1583 4522 infusam
1602 4469 1787 4523 animo
1822 4470 2001 4524 labem
2039 4471 2196 4525 elue-

624 4559 821 4620 rimus,
854 4563 1147 4624 antequam
1176 4556 1471 4610 criminum
1522 4571 1554 4609 a
1598 4557 1761 4611 nobis
1783 4558 2053 4612 sarcinam
2098 4575 2195 4613 ex-

623 4644 981 4708 cusserimus,
1025 4644 1326 4713 jugumque
1382 4645 1717 4700 subierimus
1750 4648 1883 4701 illud
1933 4650 2192 4714 salutare,

623 4750 687 4790 ac
724 4734 968 4805 requiem
1002 4748 1102 4803 per
1131 4732 1411 4788 Christum
1445 4735 1837 4791 invenerimus.
1878 4736 2095 4807 Optima
2112 4750 2196 4795 est

621 4823 790 4895 Igitur
827 4822 1155 4884 exhortatio,
1207 4838 1224 4871 ι
1265 4820 1342 4875 Ne
1375 4830 1488 4877 stes
1531 4822 1585 4876 in
1633 4824 1781 4878 omni
1831 4826 1975 4881 circa
2012 4829 2192 4899 regio-

621 4929 713 4979 ne,
744 4933 763 4967 ι
816 4914 920 4967 hoc
957 4920 1061 4977 est,
1120 4926 1250 4967 eave
1299 4926 1369 4966 ne
1406 4911 1462 4966 in
1518 4913 1629 4967 ullo
1676 4916 1937 4984 nequitiae
1990 4934 2191 4988 genere

626 5019 807 5058 .noras
836 5004 1057 5058 trahere
1106 5000 1559 5072 deprehenderis,
1605 5002 1702 5057 sed
1740 5005 1974 5061 ascende
2021 5008 2190 5062 veluti

625 5092 681 5145 in
704 5100 962 5156 montem,
1004 5092 1061 5145 in
1093 5090 1347 5147 eximiam
1387 5106 1581 5160 nempe
1612 5108 1676 5147 ac
1702 5095 2052 5163 spectabilem
2104 5098 2190 5151 vi-

622 5190 756 5245 tam,
784 5197 904 5250 quae
952 5182 1162 5237 humile
1192 5188 1251 5237 et
1301 5182 1577 5253 abjectum
1626 5183 1767 5237 nihil
1819 5184 2038 5252 habeat,
2080 5189 2192 5260 28

622 5272 720 5326 sed
751 5272 964 5326 excelsa
1015 5272 1345 5343 sublimique
1389 5271 1595 5325 virtute
1640 5274 1934 5343 praecellat,
1973 5275 2042 5331 ab
2084 5277 2190 5331 hu-

624 5362 740 5416 mili
766 5377 983 5432 quoque
1005 5378 1189 5427 sensu,
1219 5372 1459 5429 terreno,
1488 5365 1735 5437 inquam,
1765 5376 1929 5439 atque
1958 5370 2188 5435 carnali,

624 5455 697 5509 sit
762 5453 961 5507 aliena.
1018 5452 1293 5523 Scriptum
1357 5472 1595 5527 namque
1651 5468 1736 5514 est
1787 5477 1800 5513 :
1858 5479 1875 5510 ι
1910 5460 2005 5515 Dei
2080 5460 2191 5515 for-

624 5549 708 5595 tes
766 5555 796 5592 a
830 5549 971 5593 terra
1021 5539 1373 5595 vehementer
1410 5543 1610 5599 elevati
1648 5554 1778 5601 sunt
1821 5545 1886 5598 ".
1920 5565 1938 5598 ι
1985 5545 2191 5602 Sensus

2295 4460 2483 4516 νασθαι
2521 4461 2613 4512 τὸν
2648 4461 2711 4510 ἐκ
2745 4460 2843 4528 τῆς
2874 4456 3107 4526 ἀρχαίας
3142 4456 3410 4526 ῥᾳθυμίας
3456 4459 3777 4527 ἐντετηκότα
3807 4462 3878 4530 τῇ

2292 4552 2436 4621 ψυχῇ
2470 4548 2762 4620 μολυσμὸν,
2786 4547 2915 4617 πρὶν
2938 4545 3406 4616 ἀποφορτίσασθαι
3430 4546 3497 4600 τὰ
3526 4547 3875 4617 ἐγκλήματα,

2293 4641 2388 4695 καὶ
2417 4638 2579 4707 ζυγὸν
2613 4638 2945 4708 ὑποδραμεῖν
2990 4635 3081 4689 rbv
3121 4636 3408 4705 σωτήριον,
3458 4636 3879 4693 ἀναπαύσασθαι

2292 4730 2381 4785 διὰ
2430 4729 2683 4802 Χριστοῦ.
2748 4730 3002 4798 Ἀριστον
3052 4722 3146 4780 οῦν
3194 4725 3727 4796 παρακελευσμάτων
3777 4729 3880 4793 rb,

2302 4840 2322 4874 ι
2355 4821 2445 4891 Μὴ
2466 4823 2594 4890 στῇς
2622 4821 2679 4873 ἐν
2706 4818 2949 4910 πάσῃ-τῇ
2984 4812 3326 4910 περιχώρῳ-,-
3406 4813 3762 4910 τοῦτ’ἑστινζ
3786 4818 3881 4872 Ἐν
3913 4867 3928 4910 τ

2302 4906 2493 4979 μηδενὶ
2524 4906 2711 4975 τρόπῳ
2752 4902 3081 4973 φαυλότητος
3118 4901 3480 4972 διαμελλήσας
3512 4902 3689 4972 ἀλῷς,
3733 4905 3882 4959 ἀνιθι

2293 4999 2349 5051 δὲ
2379 4996 2596 5067 μᾶλλον,
2631 4995 2819 5065 ὥσπερ
2846 4996 2929 5056 είς
2970 4993 3115 5064 ὅρος,
3150 4994 3227 5055 είς
3263 4991 3606 5064 ὲξῃρημένην
3633 4996 3755 5049 τινά
3782 4998 3882 5050 καὶ⁵

2297 5089 2588 5160 περίοπτον
2622 5085 2787 5158 ζωὴν,
2813 5086 2965 5139 οὐδὲν
2996 5085 3222 5154 ἔχουσαν
3250 5083 3311 5136 rb
3339 5085 3727 5155 χαμαιρριφὲς,
3759 5087 3879 5139 ἀλλ’

2295 5183 2353 5234 ἐν
2384 5179 2561 5249 ὑψηλῇ
2592 5196 2651 5231 τε
2681 5179 2775 5232 καὶ
2804 5178 3090 5249 ἐπηρμένη
3114 5175 3519 5246 διαπρέπουσαν
3546 5176 3716 5247 ἀρετῇ
3735 5219 3749 5242 ,
3779 5178 3880 5231 καὶ

2298 5271 2690 5343 ἀπηλλαγμένῃ
2722 5271 3069 5342 φρονήματος
3115 5268 3207 5322 τοῦ
3244 5267 3697 5338 χθαμαλωτάτου,
3732 5270 3881 5323 τοῦτ’

2299 5362 2445 5417 ἐστιν
2469 5362 2562 5416 τοῦ
2585 5363 2826 5430 ἐπιγείου
2852 5361 2945 5414 καὶ
2979 5358 3262 5430 σαρκικοῦ.
3292 5358 3604 5430 Γέγραπται
3630 5360 3762 5433 γὰρ,
3789 5361 3874 5414 ὅτι

2303 5473 2320 5506 ι
2352 5454 2460 5509 Τοῦ
2483 5454 2617 5509 Θεοῦ
2640 5456 2687 5508 οί
2714 5454 2964 5525 κραταιοὶ
2986 5452 3084 5521 τῆς
3110 5452 3213 5520 γῆς
3250 5452 3451 5524 σφόδρα
3473 5453 3811 5524 ἐπήρθησαν.
3843 5470 3866 5501 ι

2310 5548 2595 5602 ’Λνωτάτω
2612 5546 2720 5618 γὰρ
2738 5546 2843 5600 τῶν
2862 5544 3118 5610 ἐπιγείων
3146 5543 3206 5596 rb
3222 5544 3559 5611 ἀγιοπρεπές
3587 5546 3705 5597 ἐστι
3735 5545 3870 5613 φρό-

696 5652 1048 5727 "AGen.hxr_x,
1081 5652 1165 5727 l7.
1243 5654 1287 5685 τ’
1323 5654 1607 5727 l_Timoth.
1640 5677 1689 5723 ν,
1727 5661 1814 5713 22.
1852 5661 1897 5693 ⁷⁸
1932 5660 2119 5715 Matth.
2152 5677 2190 5714 X‘

2292 5660 2418 5724 .26.
2495 5661 2538 5691 ⁷⁹
2573 5660 2703 5713 Luc.
2742 5674 2799 5714 ιι.
2827 5658 2914 5712 62.
2991 5654 3257 5710 "Jerem.
3298 5649 3552 5719 xrvu,l'0.
3631 5655 3674 5686 ⁸¹
3701 5653 3872 5709 ICor.

628 5740 703 5787 Ix,
728 5721 817 5776 ‘34.
907 5722 951 5753 ⁸³
979 5721 1118 5776 Psal.
1161 5737 1302 5789 χιιι,
1334 5724 1353 5777 ί
