4120 6496
236 445 328 499 177

959 451 1048 505 DE
1089 451 1531 508 ADORATIONE
1567 452 1633 507 1N
1676 451 1944 507 SPlRlTU
1986 452 2075 505 ET
2122 451 2491 506 VENTATE.
2537 452 2662 506 LIB.
2704 452 2743 506 l.

3384 448 3490 505 178

236 575 388 629 νημα.
418 578 435 610 ι
465 560 571 613 Καὶ
590 575 793 615 νεοττοί
819 564 990 631 γυπὸς
1017 566 1085 619 τὰ
1110 567 1288 637 ὑψηλὰ
1308 570 1582 635 πέτονται,
1619 590 1636 623 ι
1664 570 1802 623 κατὰ

1909 570 2054 623 enim
2113 572 2225 633 ille,
2270 571 2363 640 qui
2415 580 2635 625 sanctos
2674 570 2852 633 decet,
2912 570 3071 640 longe
3109 579 3194 625 est
3250 569 3492 625 terrenis

236 650 287 703 τὸ
311 652 706 722 γεγραμμένον,
744 656 905 729 εἴπερ
950 657 1134 729 ἔχουσι
1183 661 1433 736 καθάπερ
1464 666 1542 725 είς
1576 665 1702 735 ὅρος
1745 666 1803 717 ὲν

1909 665 2076 719 Γὼιιδ
2114 663 2385 731 superior.
2433 681 2450 711 ι
2488 662 2551 716 Ει
2586 662 2721 731 pulli
2766 661 3005 716 vulturis
3027 661 3083 715 in
3121 660 3359 717 sublime
3386 676 3489 715 vo--

234 742 431 814 οὐρανῷ
472 744 531 795 τὸ
562 744 894 817 πολίτευμα,
928 750 1022 802 καὶ
1074 754 1497 821 μεταποιοῦνται
1549 754 1803 824 πατρίδος

234 833 319 903 τῆς
348 833 471 887 ἄνω.
511 835 715 905 Γράφει
760 839 817 892 δέ
845 858 946 893 που
987 843 1081 896 καὶ
1115 842 1343 908 Παῦλος⁹
1387 866 1405 897 ι
1446 847 1526 898 Τὰ
1558 846 1669 899 ἄνω
1708 847 1804 916 ζη-

235 926 382 990 τεῖτε,
410 925 485 997 μὴ
518 926 587 982 τὰ
619 929 711 982 ἐπὶ
746 929 848 1000 τῆς
881 931 1004 1003 γῆς.
1040 951 1060 985 ι

296 1192 495 1246 ΠΔΛΛ.
549 1196 713 1266 Ὄρος
756 1191 849 1250 οὖν
878 1197 987 1268 ἄρα
1022 1198 1081 1252 τὸ
1130 1202 1337 1273 νοητὸν,
1378 1203 1410 1272 ἡ
1450 1203 1507 1256 έν
1551 1200 1806 1271 ἁγιασμῷ

233 1284 351 1354 ζωὴ,
379 1286 475 1349 καὶ
499 1290 598 1359 τῆς
626 1289 904 1360 ὲξαιρέτου
934 1292 1208 1355 πολιτείας
1239 1295 1297 1346 τὸ
1321 1294 1640 1364 ὕπερτενὲς,
1665 1312 1808 1347 νοου-

235 1378 387 1448 μένης
419 1395 522 1431 που
550 1380 701 1433 κάτω
724 1382 823 1451 τῆς
855 1384 913 1434 ἐν
946 1382 1308 1455 ἀκαθαρσίαις
1337 1386 1430 1438 καὶ
1461 1383 1807 1456 φιλαμαρτὴ-

235 1483 395 1535 μονος,
431 1468 527 1521 καὶ
562 1471 674 1533 τοῖς
701 1469 963 1537 ἐπιγείοις
989 1473 1411 1545 ἐντετηγμένης.

290 1754 447 1807 ΚΥΡ.
478 1748 553 1807 Εὖ
589 1753 747 1823 ἔφης
801 1753 954 1807 τουτὶ
989 1753 1100 1825 γὰρ
1134 1756 1267 1824 ἡμῖν
1309 1756 1337 1807 ὁ
1368 1753 1524 1822 λόγος
1554 1748 1612 1805 εὖ
1664 1752 1808 1823 μάλα

232 1846 529 1916 καταδηλοῖ,
557 1847 895 1917 θαυμάσειας
918 1846 963 1898 δ’
995 1846 1061 1900 ἂν
1089 1846 1166 1899 ἔτι
1198 1847 1290 1900 καὶ
1312 1846 1450 1900 τόδε.

292 1936 499 1991 ΠΑΛΛ.
534 1936 607 1990 Τὸ
646 1939 737 2003 τίς

289 2027 449 2085 ΚΥΡ.
501 2028 560 2082 ’0
603 2027 856 2099 μὲνγὰρ
891 2030 1159 2100 μακάριος
1204 2029 1434 2099 ἄγγελος
1478 2030 1711 2101 ἀμελητί
1749 2046 1805 2082 τε

230 2119 313 2173 καὶ
360 2120 781 2192 ἀμεταστρεπτὶ
836 2121 1114 2176 διαθέοντα
1166 2122 1259 2175 τὸν
1306 2122 1596 2175 θεσπέσιον
1643 2121 1805 2187 Λὼτ,

230 2210 409 2282 χρῆναι
440 2212 555 2264 δεῖν
591 2212 830 2281 ἔφασκεν
864 2215 943 2275 είς
991 2212 1051 2264 τὸ
1096 2214 1219 2283 ὅρος
1248 2213 1551 2284 ἀναπηδᾷν,
1592 2214 1657 2266 Ὃ
1704 2214 1810 2267 ὲλι-

236 2306 387 2375 πάρει
418 2304 617 2373 λέγων’
670 2325 687 2355 ι
726 2305 949 2375 Δέομαι,
987 2306 1155 2377 Κύριε
1176 2347 1189 2369 ,
1221 2307 1409 2376 ἐπειδὴ
1438 2299 1598 2377 εὗρεν
1622 2308 1650 2361 ὁ
1681 2309 1809 2370 παῖς

233 2413 312 2448 σου
332 2395 481 2457 ἔλεος
503 2395 741 2449 ἐναντίον
772 2413 887 2455 σου,
922 2397 1015 2449 καὶ
1044 2397 1387 2467 ὲμεγάλυνας
1419 2398 1517 2467 τὴν
1539 2398 1811 2452 δικαιοσύ-

230 2504 315 2555 νῃν
348 2505 467 2548 σου,
511 2486 541 2539 ὃ
582 2490 751 2549 ποιεῖς
782 2488 873 2540 ἐπὶ
896 2488 989 2545 τοῦ
1030 2490 1127 2559 ζῇν
1155 2489 1252 2559 τὴν
1311 2489 1488 2559 ψυχήν
1528 2505 1662 2559 μου·
1701 2488 1810 2557 ὲγὼ

229 2577 277 2637 δὲ
303 2578 359 2629 οὐ
392 2578 697 2647 δυνήσομαι
736 2577 1068 2647 διασωθῆναι
1101 2580 1178 2641 εἰς
1213 2579 1272 2632 τὸ
1317 2579 1439 2648 ὅρος
1462 2620 1475 2641 ,
1531 2579 1605 2649 μὴ
1638 2596 1809 2633 κατα⁴

230 2667 354 2738 λάϐῃ
388 2685 460 2739 με
500 2670 570 2720 τὰ
599 2668 745 2721 κακὰ
769 2709 783 2733 ,
824 2670 915 2720 καὶ
948 2668 1223 2722 ἀποθάνω.
1265 2669 1396 2725 ’ἰδοῦ
1428 2671 1460 2740 ὴ
1488 2670 1642 2733 πόλις
1670 2670 1809 2739 αῦτη

230 2760 381 2828 ἔγγὺς
420 2759 520 2813 τοῦ
550 2763 885 2829 καταφυγεῖν
928 2778 996 2831 με
1040 2761 1189 2825 ἐκεῖ,
1217 2760 1251 2830 ἦ
1284 2761 1400 2813 ἐστι
1434 2761 1608 2833 μικρὰ
1631 2801 1644 2825 ,
1695 2762 1813 2815 ἐκεῖ

236 2849 563 2921 σωθήσομαι.
589 2851 662 2904 Οὐ
696 2850 867 2921 μικρά
898 2852 1032 2915 ἐστι,
1063 2852 1156 2903 καὶ
1186 2849 1408 2920 ζήσεται
1442 2852 1474 2921 ὴ
1500 2852 1643 2921 ψυχή
1676 2870 1809 2923 μου;

232 2941 329 3003 Καὶ
356 2940 533 2994 είπὼν
568 2941 740 3012 αὐτῷ,
769 2942 952 3012 φησίν·
1010 2942 1138 2995 Ἰδοὺ
1170 2941 1280 3009 ἐγὼ
1314 2942 1600 3011 ἐθαύμασά
1636 2960 1728 2995 σου
1752 2944 1812 2996 τὸ

232 3034 510 3102 πρόσωπον
539 3036 635 3087 καὶ
665 3036 757 3087 ἐπὶ
796 3034 872 3103 τῷ
912 3036 1116 3104 ῥήματι
1158 3036 1332 3104 τούτῳ
1355 3075 1367 3095 ,
1410 3032 1501 3087 τοῦ
1547 3034 1620 3104 μὴ
1645 3052 1811 3088 κατα-

232 3125 445 3194 στρέψαι
469 3126 568 3196 τὴν
590 3125 742 3179 πόλιν
768 3126 893 3196 περὶ
927 3120 992 3199 ἧς
1022 3124 1309 3195 ὲλάλησαξ.
1337 3124 1578 3178 Σπεῦσον
1601 3120 1692 3177 οῦν
1718 3124 1809 3178 τοῦ

235 3216 467 3285 σωθῆναι
518 3217 669 3278 ἐκεῖ,
702 3217 762 3268 οὐ
814 3216 922 3287 γὰρ
971 3202 1271 3286 δυνήσομαι
1311 3216 1540 3285 ,ποιῆσαι
1583 3218 1814 3287 πρᾶγμα

229 3306 318 3370 ἕως
342 3308 436 3361 τοῦ
467 3310 526 3362 σὲ
550 3308 810 3362 εἰσελθεῖν
829 3310 961 3361 ἐκεῖ.
992 3307 1091 3360 Διὰ
1120 3306 1277 3359 τοῦτο
1297 3307 1522 3361 ἐκάλεσε
1556 3306 1615 3359 τὸ
1635 3306 1806 3377 ὄνομα

229 3397 316 3463 τῆς
347 3400 559 3463 πόλεως
605 3401 845 3469 ἐκείνης,
880 3398 1097 3470 Σηγώρ.
1142 3399 1200 3452 '0
1246 3399 1396 3469 ἥλιος
1443 3398 1669 3467 ἐξῆλθεν
1718 3399 1810 3453 ἐπὶ

230 3492 313 3560 τὴν
341 3490 469 3559 γῆν,
505 3492 601 3544 καὶ
634 3490 756 3544 Λὼτ
780 3490 1026 3561 εἰσῆλθεν
1061 3492 1139 3553 είς
1167 3491 1265 3560 τὴν
1296 3489 1513 3562 Σηγώρ.
1550 3508 1567 3540 ι

294 3584 495 3641 ΠΑΛΛ.
533 3586 643 3637 Καὶ
673 3585 757 3648 τίς
794 3583 859 3636 ἂν
891 3584 1100 3652 γένοιτο
1129 3584 1222 3636 καὶ
1256 3582 1342 3636 διὰ
1378 3583 1582 3636 τούτων
1615 3584 1746 3656 ἡμῖν
1775 3586 1811 3657 ἠ

230 3676 431 3746 ὄνησις,
465 3676 703 3748 ἐθέλοιμ’
729 3676 816 3741 ἂν,
846 3675 923 3740 ὡς
961 3671 1019 3729 εὖ
1055 3675 1163 3730 ἴσθι
1206 3693 1316 3740 τοι,
1359 3675 1663 3747 διαμαθεῖν.

297 3854 459 3906 ΚΥΡ.
497 3854 568 3905 Ἦ
593 3852 715 3922 οὐχὶ
746 3852 951 3921 συνίης,
980 3853 1159 3905 καίτοι
1180 3851 1313 3906 πολὺ
1344 3853 1609 3913 νενευκὼς
1640 3854 1719 3915 είς
1750 3853 1810 3906 τὸ

232 3944 337 3997 λίαν
366 3946 628 4016 εὐμαθὲς,
667 3945 751 3998 ὅτι
799 3948 912 4007 τοῖς
948 3944 1073 4014 ἄρτι
1114 3943 1445 4013 φαυλότητος
1480 3944 1810 4015 ὲκδεδραμηυ

235 4036 357 4099 χόσι,
390 4038 588 4107 χρῆναι
626 4037 683 4089 δὲ
710 4038 818 4091 δεῖν
855 4037 1122 4107 οἰομένοις
1148 4035 1241 4087 ἐπὶ
1273 4035 1372 4105 τὴν
1401 4035 1501 4104 τῆς
1534 4034 1807 4105 σωτηρίας

235 4127 392 4182 ἵεσθαι
422 4130 632 4201 τρίϐον,
660 4130 761 4182 οῦκ
786 4130 968 4191 εὐθὺς,
997 4128 1120 4181 οῦτε
1150 4127 1256 4196 μὴν
1282 4128 1346 4179 ὲκ
1376 4125 1606 4195 πρώτων
1632 4127 1808 4194 ἐγχει-

236 4222 500 4289 ρημάτων,
532 4222 807 4289 ἁλώσιμος
836 4222 869 4291 ἡ
901 4220 1067 4290 ἀρετὴ
1098 4220 1192 4272 καὶ
1221 4218 1450 4287 βάσιμον
1482 4217 1542 4269 τὸ
1580 4216 1804 4285 δοκοῦν;

234 4314 359 4365 Ἀλλ’
388 4314 500 4367 οὐδ’
534 4314 599 4367 ἂν
627 4314 864 4376 εὐκόλως
885 4310 1273 4381 ἀνακομίξοιτό
1297 4327 1379 4372 τις
1416 4311 1497 4373 εἰς
1538 4307 1807 4361 πολιτείαν

235 4403 586 4475 εξῃρημένην,
620 4404 729 4457 οὐδ’
765 4403 830 4478 ἢν
864 4402 1074 4471 γένοιτο
1105 4400 1323 4472 μακρὰν
1355 4400 1462 4451 τῶν
1502 4399 1662 4452 οἱονεί
1692 4416 1807 4461 πως

234 4496 368 4565 αὐτῷ
418 4495 909 4565 συντεθραμμένων
952 4494 1161 4553 παθῶν,
1204 4492 1317 4546 ἀλλ’
1365 4488 1470 4554 ἔξω
1518 4491 1616 4561 μὲν
1656 4489 1806 4543 ἔσται

1906 760 2042 821 lant,
2077 776 2093 806 ›
2132 764 2192 809 ιιι
2210 755 2473 823 scriptum
2513 762 2596 808 est
2622 754 2704 820 3';
2766 753 3040 824 siquidem
3075 755 3131 808 in
3186 754 3327 810 caelo
3364 762 3488 808 tan-

1907 865 2071 922 quam
2110 848 2165 902 in
2196 856 2381 901 monte
2411 846 2649 915 quodam
2678 848 2769 916 jus
2795 847 3035 901 civitatis
3064 846 3289 909 habent,
3313 853 3370 901 et
3390 861 3487 900 su-

1908 956 2135 1013 pernam
2174 939 2322 993 illam
2364 937 2595 1009 patriam
2636 953 2787 992 suam
2822 946 3035 1007 putant.
3073 938 3278 991 Scribit
3318 937 3487 992 etiam

1908 1034 2112 1091 Paulus
2148 1049 2159 1085 :
2205 1050 2223 1082 (
2260 1030 2391 1097 Qum
2457 1046 2677 1085 sursum
2735 1039 2864 1084 sunt
2903 1030 3154 1100 quatrite,
3186 1046 3298 1085 non
3366 1044 3490 1100 qua:

1908 1139 2074 1194 super
2108 1132 2309 1177 terram
2341 1120 2406 1173 “.
2449 1139 2467 1171 ι

1979 1215 2178 1271 PALL.
2226 1214 2381 1267 Mons
2432 1212 2615 1281 itaque
2670 1212 2977 1282 Spiritualis
3030 1228 3141 1267 non
3197 1212 3338 1267 alius
3403 1218 3490 1267 est

1908 1322 2073 1378 quam
2130 1307 2243 1359 vita
2281 1321 2401 1374 quae
2450 1304 2505 1357 in
2569 1304 2861 1358 sanctitate
2896 1303 3138 1366 ducitur,
3196 1317 3489 1357 conversa-

1910 1398 2185 1467 tionisqne
2246 1395 2715 1465 praestantissimae
2778 1395 3124 1458 sublimitas;
3187 1403 3489 1465 contraque

1910 1488 2001 1541 illa
2026 1486 2246 1541 vivendi
2285 1487 2447 1550 ratio,
2483 1501 2606 1555 quae
2644 1485 2702 1539 in
2743 1484 3159 1555 impuritatihus
3215 1492 3487 1547 versatur,

1908 1589 1963 1633 ct
1999 1577 2263 1649 peccandi
2295 1577 2479 1631 studio
2510 1585 2754 1640 tenetur,
2790 1584 2956 1646 atque
2990 1575 3047 1630 in
3087 1574 3255 1629 rebus
3312 1583 3489 1629 terre-

1910 1668 1996 1722 nis
2034 1666 2347 1731 intabescit,
2378 1666 2565 1721 inﬁma
2585 1666 2931 1737 intelligitur.

1979 1758 2136 1814 CYR.
2170 1759 2338 1813 Recte
2378 1759 2490 1812 ais:
2527 1758 2581 1812 id
2616 1758 2763 1813 enim
2820 1758 2989 1813 verba
3022 1757 3140 1827 ipsa
3170 1756 3376 1827 optime
3409 1756 3489 1811 si-

1910 1849 2186 1921 gniﬁcant.
2212 1849 2353 1903 Puto
2373 1859 2556 1903 autem
2578 1848 2744 1905 etiam
2762 1848 2900 1903 illud
2934 1848 3235 1904 mirabere.

1836 1934 1879 1988 Β
1978 1940 2176 1996 PALL.
2205 1940 2348 2007 Quid
2383 1939 2517 1994 illud
2560 1939 2823 1993 tandem?

1976 2029 2133 2095 CYR.
2155 2030 2291 2085 Nam
2331 2030 2423 2085 ille
2452 2031 2646 2084 beatus
2678 2029 2905 2099 angelus
2932 2028 3051 2083 sine
3097 2026 3485 2099 ullafcuncta-

1908 2122 2058 2178 tione
2092 2138 2157 2177 ac
2194 2122 2599 2192 respectatione
2634 2130 2951 2177 currentem
3004 2120 3227 2175 beatum
3284 2119 3388 2174 Lot
3422 2119 3482 2173 in

1908 2223 2149 2267 montem
2202 2213 2576 2267 conscendere
2628 2220 2885 2282 oportere
2934 2210 3172 2266 dicebat.
3208 2210 3260 2264 ls
3301 2216 3487 2264 autem

1908 2306 2133 2376 rogabat
2172 2305 2399 2360 dicens:
2443 2324 2461 2355 ι
2489 2303 2704 2370 Quzeso,
2727 2303 2977 2367 Domine,
3019 2302 3281 2373 quoniam
3325 2300 3487 2356 inve-

1908 2399 1988 2452 nit
2020 2413 2217 2453 servus
2247 2407 2376 2452 tuus
2398 2397 2629 2468 gratiam
2649 2411 2833 2451 coram
2852 2403 2926 2460 te,
2943 2404 2999 2450 et
3020 2392 3488 2465 magniﬁcastiju-

1908 2489 2115 2544 stitiam
2152 2498 2323 2555 tuam,
2367 2505 2531 2560 quam
2562 2488 2699 2543 facis
2729 2488 2786 2543 in
2819 2503 2929 2553 me,
2990 2494 3052 2540 ιιι
3104 2487 3256 2541 vivat
3305 2486 3490 2541 anima

1910 2597 2068 2636 mea:
2106 2596 2207 2652 ego
2263 2594 2399 2634 vero
2437 2596 2549 2635 non
2616 2588 2812 2650 potero
2860 2578 3060 2633 salvari
3120 2577 3178 2631 in
3223 2586 3487 2642 montem,

1909 2686 1977 2725 ne
2017 2670 2486 2741 comprehendant
2512 2686 2599 2726 me
2638 2671 2802 2734 mala,
2837 2679 2893 2723 et
2926 2670 3150 2723 moriar.
3180 2669 3321 2723 Ecce
3346 2668 3485 2723 civi-

1910 2768 1995 2815 tas
2019 2762 2198 2831 juxta,
2239 2769 2303 2816 nt
2332 2760 2641 2832 confugiam
2672 2761 2828 2825 illuc,
2885 2774 3007 2830 quae
3042 2768 3128 2814 est
3163 2773 3352 2829 parva,
3409 2758 3487 2814 ibi

1911 2852 2167 2907 salvabor
2199 2870 2211 2905 :
2245 2868 2431 2906 nonne
2471 2868 2639 2922 parva
2667 2861 2772 2916 est,
2812 2860 2871 2906 et
2908 2851 3058 2905 vivet
3090 2850 3273 2904 anima
3327 2851 3493 2905 mea?

1912 2942 1979 2996 Et
2021 2942 2160 2997 dixit
2218 2942 2324 3006 illi,
2359 2943 2581 3012 inquit:
2616 2943 2757 2998 Ecce
2797 2942 3105 2996 admiratus
3136 2956 3259 2996 sum
3293 2940 3492 2997 faciem

1912 3042 2062 3088 tuam
2099 3035 2266 3090 etiam
2298 3034 2352 3089 in
2388 3035 2558 3089 verbo
2587 3036 2714 3099 hoc,
2747 3049 2816 3088 ne
2842 3034 3159 3087 subvertam
3186 3033 3489 3096 civitatem,

1913 3125 1980 3180 de
2018 3142 2125 3195 qua
2145 3126 2363 3181 locutus
2396 3143 2476 3181 es.
2501 3126 2721 3181 Festina
2758 3125 2925 3195 igitur
2953 3133 3017 3178 ut
3058 3122 3289 3178 salveris
3315 3124 3489 3189 illuc;

1915 3232 2093 3286 neque
2114 3216 2261 3271 enim
2296 3226 2489 3287 potero
2524 3215 2702 3271 facere
2732 3215 3054 3286 quidquam,
3084 3228 3372 3284 quousque
3400 3214 3490 3267 in-

1913 3326 2135 3382 gressus
2179 3310 2354 3365 fueris
2387 3310 2537 3365 illuc.
2576 3309 2705 3365 ldeo
2742 3308 2964 3363 vocavit
2996 3322 3199 3362 nomen
3248 3306 3493 3362 civitatis

1912 3402 2081 3468 illius,
2134 3401 2325 3473 Segor.
2381 3401 2472 3457 Sol
2507 3410 2664 3457 ortus
2694 3408 2780 3457 est
2822 3415 2990 3471 super
3022 3407 3250 3463 terram,
3291 3406 3349 3453 et
3386 3397 3493 3453 Lot

1912 3492 2190 3565 ingressus
2216 3502 2302 3549 est
2324 3493 2495 3565 Segor
2530 3494 2598 3547 ⁸⁸.
2636 3512 2654 3545 ι

1980 3585 2177 3640 PALL.
2198 3585 2457 3652 Qumnam
2473 3600 2604 3640 vero
2634 3600 2704 3640 ex
2725 3584 2811 3639 his
2842 3583 3028 3638 verbis
3047 3581 3114 3637 ad
3138 3596 3243 3638 nos
3267 3595 3488 3653 perma-

1912 3691 2043 3730 nare
2076 3676 2250 3745 possit
2306 3675 2517 3730 utilitas
2538 3716 2552 3741 ,
2583 3674 2866 3746 equidem,
2893 3682 2956 3727 ut
2998 3672 3114 3743 ipse
3153 3671 3321 3737 nosti,
3352 3685 3489 3727 aveo

1911 3766 2149 3834 discere.

1979 3861 2137 3916 CYR.
2170 3862 2252 3914 An
2290 3860 2528 3933 ignoras,
2564 3875 2689 3915 cum
2728 3857 2933 3927 alioqui
2962 3856 3039 3912 sis
3076 3856 3189 3911 acri
3227 3853 3493 3925 praeditus

1913 3951 2150 4021 ingenio,
2183 3950 2277 4021 qui
2336 3966 2562 4021 nnpere
2614 3948 2860 4019 nequitia
2917 3946 3268 4011 emerserint,
3318 3954 3489 4016 atque

1910 4041 2209 4095 statuerint
2258 4042 2404 4097 viam
2459 4042 2657 4096 salutis
2700 4039 2937 4110 ingredi,
2991 4054 3087 4093 eos
3134 4052 3246 4092 non
3300 4038 3489 4093 statim

1908 4148 2088 4203 neque
2157 4133 2338 4203 primo
2394 4142 2599 4191 conatu
2651 4131 2941 4202 percipere
2992 4145 3153 4200 posse
3201 4129 3486 4192 virtutem.

1908 4230 1965 4277 et
1985 4238 2051 4278 eo
2072 4223 2384 4293 pervenire,
2406 4237 2515 4292 quo
2537 4220 2968 4277 constituerint?
2998 4218 3309 4284 Quinetiam
3338 4217 3489 4273 haud

1908 4315 2069 4370 facile
2099 4315 2225 4384 quis
2263 4314 2331 4368 ad
2389 4314 2649 4369 eximiam
2678 4312 2806 4368 vita:
2840 4310 3109 4365 rationem
3152 4308 3349 4363 adduci
3383 4324 3485 4378 po-

1910 4416 2016 4461 test
2041 4414 2137 4460 aut
2159 4406 2429 4460 semoveri
2469 4405 2623 4457 abiis
2659 4402 2885 4467 morbis,
2920 4402 3014 4473 qui
3048 4416 3175 4455 cum
3207 4401 3300 4456 illo
3346 4401 3482 4456 ado-

1908 4497 2161 4561 leverint,
2186 4496 2280 4551 sed
2312 4496 2381 4550 ab
2407 4493 2680 4565 ejusmodi
2723 4492 2879 4548 vitiis
2914 4492 3253 4563 pedetentim
3283 4491 3479 4558 exibit,
3528 4476 3529 4481 η

236 4587 330 4639 τῶν
370 4589 624 4641 τοιούτων
656 4588 840 4659 ἠρέμα
862 4628 875 4651 ,
909 4589 967 4640 τό
992 4604 1053 4654 γε
1098 4588 1219 4638 ὅσον
1247 4587 1326 4646 εἰς
1365 4582 1671 4654 προθυμίας
1710 4582 1807 4645 τὰς

1911 4589 2057 4659 quod
2078 4589 2144 4643 ad
2166 4587 2410 4643 melioris
2444 4589 2571 4643 vita:
2606 4586 2872 4650 studium,
2906 4592 2962 4639 et
3000 4592 3297 4639 conatuum
3328 4583 3485 4639 initia

238 4679 313 4730 ἐπ’
345 4681 611 4750 ἀμείνοσι,
660 4681 755 4732 καὶ
794 4680 1210 4751 ἐγχειρημάτων
1245 4676 1437 4749 ἀρχάςο
1483 4672 1619 4744 ὑψοῦ
1654 4674 1709 4726 δὲ
1746 4674 1807 4727 οὐ

237 4770 358 4830 λίαν,
387 4775 421 4843 ἢ
454 4774 689 4846 μακράν·
723 4773 1004 4843 μονονουχὶ
1034 4772 1089 4824 δὲ
1131 4770 1574 4841 μεταφοιτήσειεν
1600 4768 1679 4831 εἰς
1707 4767 1811 4838 γῆν

242 4863 327 4931 μὲν
354 4864 540 4934 ὥσπερ
569 4867 649 4928 είς
682 4865 897 4936 ἑτέραν,
938 4865 1018 4927 είς
1060 4862 1203 4933 ζωὴν
1246 4862 1344 4931 μὲν
1389 4858 1807 4931 ἐπαινουμένην,

239 4953 436 5026 ὑψηλὴν
472 4956 525 5009 δὲ
557 4956 711 5010 οὔπω
747 4956 843 5010 καὶ
881 4955 1171 5026 περίοπτον
1200 4952 1471 5023 λαχοῦσαν
1504 4952 1601 5023 τὴν
1630 4952 1807 5017 δόξαν,

238 5046 382 5101 ὁποία
417 5066 499 5111 τις
527 5045 594 5122 ἦν
619 5050 652 5113 ἡ
699 5048 841 5101 κατὰ
878 5048 1040 5117 νόμον
1071 5044 1433 5112 παιδαγωγία,
1466 5044 1602 5116 πρὸς
1634 5042 1809 5114 ἀρχὰς

240 5139 568 5211 ἀναφέρουσα
605 5141 755 5210 ζωῆς
784 5140 1013 5211 ἀρίστης
1040 5156 1095 5191 τε
1122 5140 1213 5190 καὶ
1239 5138 1466 5207 ἀγαθῆς.
1498 5137 1809 5205 Γέγραπται

241 5231 355 5301 γάρ·
394 5252 410 5283 ι
457 5234 620 5304 Ἀρχὴ
645 5232 765 5287 ὁδοῦ
800 5231 1007 5301 ἀγαθῆς
1032 5231 1093 5282 τὸ
1118 5234 1288 5282 ποιεῖν
1317 5230 1385 5281 τὰ
1413 5229 1615 5283 δίκαια.
1660 5248 1676 5278 ι
1714 5228 1810 5281 Ὃν

242 5322 336 5394 γὰρ
360 5326 552 5396 τρόπον
586 5329 700 5388 τοῖς
733 5324 858 5394 περὶ
902 5323 1100 5392 γνῶσιν
1129 5322 1489 5374 ἐσπουδακόσι
1510 5360 1523 5383 ,
1558 5320 1650 5374 καὶ
1676 5320 1811 5371 θεω-

246 5412 354 5482 ρίας
406 5417 706 5485 ἐφιεμένοις
740 5416 838 5485 τῆς
893 5415 1191 5485 μυστικῆς,
1248 5411 1552 5482 ἐπιτήδειος
1606 5409 1703 5479 μὲν
1752 5410 1810 5462 ὲν

244 5503 422 5573 ἀρχαῖς
446 5510 534 5560 καὶ
565 5510 648 5562 ὅτι
688 5507 922 5577 μάλιστα
955 5507 1181 5577 πρέπων
1216 5504 1301 5575 εἴη
1349 5504 1414 5558 ἂν
1453 5505 1481 5557 ὁ
1523 5503 1621 5573 τῆς
1676 5519 1805 5555 κατ-

245 5597 472 5666 ηχήσεως
501 5600 658 5668 λόγος
678 5617 691 5630 '
725 5599 997 5653 διάττουσι
1020 5600 1075 5652 δὲ
1110 5599 1241 5669 πρὸς
1267 5597 1434 5667 ἄνδρα
1456 5596 1654 5649 τέλειον
1677 5596 1799 5666 ἤδη,

247 5687 332 5743 καὶ
356 5688 428 5750 εἰς
450 5690 640 5762 μέτρον
674 5691 886 5761 ἡλικίας
909 5692 1001 5744 τοῦ
1029 5690 1389 5762 πληρώματος
1420 5688 1510 5743 τοῦ
1542 5687 1800 5759 Χριστοῦ,

336 5867 495 5927 "Job
544 5891 763 5943 xxxviii,
794 5876 846 5931 ι.
937 5876 993 5947 ,⁸³
1027 5875 1238 5933 Coloss.
1288 5892 1365 5943 ιιι,
1409 5878 1454 5933 tl.

1909 4682 2167 4751 pertinet,
2200 4680 2310 4751 29
2365 4696 2476 4734 non
2529 4688 2712 4734 tamen
2771 4676 2993 4731 sublimi
3034 4676 3334 4731 admodum
3372 4676 3483 4731 erit

1910 4774 2050 4841 loco,
2082 4780 2179 4828 aut
2203 4772 2419 4844 longius
2435 4782 2668 4836 remoto,
2689 4770 2783 4826 sed
2816 4769 3151 4841 demigrabit
3174 4769 3287 4833 ille,
3312 4783 3487 4838 prepe

1910 4865 2165 4931 dixerim,
2226 4874 2486 4936 tanquam
2525 4866 2579 4920 in
2611 4866 2750 4920 alias
2790 4872 2989 4926 terras,
3019 4862 3087 4917 ad
3138 4863 3329 4924 vitam,
3362 4861 3487 4914 lau-

1910 4956 2149 5011 dabilem
2178 4957 2403 5027 quidem
2438 4957 2610 5021 illam,
2645 4956 2739 5010 sed
2768 4956 2835 5009 de
2859 4957 3020 5025 cujus
3053 4953 3227 5024 gloria
3250 4966 3361 5006 non
3391 4951 3491 5005 ad-

1913 5050 2137 5103 modum
2178 5049 2433 5104 sublimis
2478 5057 2643 5118 atque
2699 5048 2993 5117 conspicua
3032 5046 3105 5100 sit
3148 5044 3358 5115 opinio,
3392 5059 3489 5098 cu-

1905 5140 2146 5212 jusmodi
2204 5148 2325 5193 erat
2377 5139 2469 5193 illa
2526 5138 2661 5210 legis
2707 5136 3002 5201 institutio,
3044 5150 3166 5206 qua:
3202 5134 3271 5188 ad
3317 5134 3476 5189 initia

1909 5232 2097 5302 probae
2122 5240 2485 5301 spectaueque
2502 5230 2628 5285 vita:
2650 5228 3000 5299 perducebat.
3025 5227 3303 5297 Scriptum
3333 5241 3490 5282 nam-

1910 5338 2018 5394 que
2053 5331 2138 5377 est
2166 5342 2176 5375 :
2222 5342 2239 5373 ‹
2273 5323 2495 5377 Initium
2516 5322 2619 5376 via:
2650 5322 2809 5375 bona:
2841 5329 2927 5375 est
2990 5319 3171 5374 facere
3200 5321 3347 5391 justa
3373 5320 3477 5372 ⁸ο.»

1912 5416 1981 5472 Ut
2009 5415 2156 5469 enim
2209 5414 2302 5484 qui
2354 5412 2656 5484 cognitioni
2689 5412 2937 5476 student,
2984 5420 3041 5467 et
3063 5411 3486 5482 contemplatio-

1913 5522 2038 5561 nem
2073 5506 2362 5575 mysticam
2399 5512 2683 5574 expetunt,
2713 5504 2780 5559 iis
2818 5511 2980 5575 aptus
3028 5514 3112 5558 est
3135 5504 3203 5558 ab
3234 5502 3392 5556 initio
3430 5510 3497 5557 et.

1914 5598 1968 5651 in
2026 5598 2218 5667 primis
2276 5596 2612 5650 conveniens
2670 5596 3045 5651 catecheticus
3108 5607 3314 5656 sermo,
3385 5590 3484 5645 sed

1913 5687 1999 5750 iis,
2038 5686 2132 5756 qui
2160 5687 2272 5757 jam
2301 5685 2357 5740 in
2380 5687 2561 5741 virum
2590 5686 2896 5757 perfectum
2924 5693 3297 5759 pervenerunt
3344 5691 3402 5737 et
3426 5682 3487 5741 iu

1564 5879 1608 5910 ⁸⁸
1640 5876 1916 5942 Gcn.x1.\‘,
1960 5876 2137 5930 18-25.
2216 5875 2259 5906 ⁸⁵
2300 5874 2456 5930 Prov.
2510 5891 2611 5937 xu,
2653 5875 2684 5927 5
2762 5903 2767 5907 -
