4076 6570
581 451 688 505 179

1615 451 1673 509 S.
1704 451 1982 510 CYRILLI
2019 451 2496 510 ALEXANDRINI
2521 455 2836 513 ARCHl-EP‘.
2878 515 2886 524 ,

3748 454 3854 521 (ἕο

570 578 889 620 mensuram
923 563 1100 618 aetatis
1151 562 1514 634 plenitudinis
1554 563 1763 620 Christi
1787 566 1854 630 ⁸⁷,
1897 566 2137 621 conveni

2259 566 2552 636 ἀρμόσειεν
2586 567 2652 620 ἂν
2685 567 2786 637 ἠδη
2826 583 2943 630 πως
2991 566 3026 636 ἡ
3060 565 3400 638 στερεωτέρα
3443 565 3619 637 τροφὴ
3645 607 3661 632 ,
3703 565 3844 620 τοῦτ’

575 657 808 714 solidior
847 649 1027 722 cibus,
1071 656 1127 710 id
1165 664 1269 721 est,
1303 671 1489 710 rerum
1540 671 1924 726 supremarum
1975 657 2153 726 expli-

574 751 742 814 catio,
787 750 873 805 via
906 749 1147 818 denique
1185 747 1369 802 omnis
1399 763 1464 802 ac
1527 749 1669 802 ratio
1697 749 2019 819 dogmatica:
2066 750 2154 804 in-

576 841 892 912 dagationis
915 850 1000 895 est
1016 839 1316 909 aperienda
1341 858 1352 892 :
1381 839 1460 894 sic
1506 841 1561 894 in
1596 841 1699 894 hac
1724 856 1952 910 quoque
1976 849 2154 910 parte,

575 935 633 988 id
657 943 773 998 est,
839 934 893 988 in
934 932 1186 986 moribus
1223 933 1569 1003 corrigendis
1601 931 1748 987 haud
1789 933 1869 987 fas
1913 941 1999 987 cst
2031 933 2154 986 cui-

572 1040 758 1094 quam,
784 1026 963 1094 primo
992 1025 1181 1080 statim
1235 1024 1444 1094 impetu
1490 1025 1556 1078 ad
1584 1033 1790 1078 statum
1826 1023 2002 1093 culpze
2031 1039 2154 1078 om-

569 1116 658 1170 nis
673 1115 1039 1184 expertem,id
1059 1123 1143 1170 est
1166 1114 1234 1169 ad
1258 1114 1640 1169 admirabilem
1663 1120 1828 1184 atque
1859 1112 2152 1167 sublimem

569 1207 793 1262 vivendi
852 1207 1126 1262 rationem
1181 1205 1576 1262 conscendere.
1609 1205 1915 1261 Procedere
1969 1214 2150 1260 tamen

570 1299 719 1354 idem
756 1309 940 1370 potest
998 1299 1262 1369 paulatim
1302 1299 1371 1354 ad
1403 1299 1653 1353 habitum
1689 1298 1938 1352 numeris
1969 1298 2149 1351 omni.-

571 1390 676 1444 bus
713 1390 1053 1454 absolutum,
1111 1390 1157 1443 si
1198 1389 1268 1443 ab
1320 1388 1536 1458 exiguis
1567 1395 1623 1441 et
1653 1385 2032 1441 mediocribus
2061 1385 2149 1438 in-

569 1480 801 1551 ceperit,
843 1496 908 1535 ac
928 1479 1334 1550 quodammodo
1366 1493 1690 1548 progressus
1727 1477 1894 1530 fuerit
1930 1476 1998 1530 ad
2036 1475 2152 1530 exi-

571 1587 736 1643 guam
785 1571 1069 1626 civitatem
1118 1579 1176 1626 et
1228 1570 1448 1626 excelso
1501 1569 1673 1623 monti
1713 1568 2038 1637 proximam,
2079 1567 2147 1620 ad

569 1680 692 1719 eam
733 1680 930 1735 nempe
964 1664 1187 1719 vivendi
1221 1663 1510 1726 rationem,
1546 1677 1667 1731 quae
1697 1660 1823 1714 vita:
1858 1659 2148 1730 praestanti

567 1765 742 1826 atque
788 1755 1014 1810 sublimi
1085 1754 1335 1825 subjecta
1373 1762 1458 1808 est
1504 1762 1561 1807 et
1609 1750 1855 1806 inferior.
1889 1750 2002 1804 llac
2058 1766 2146 1804 ra-

569 1845 721 1899 tione
741 1844 926 1915 justus
972 1843 1096 1908 Lot,
1125 1843 1220 1913 qui
1276 1859 1386 1896 non
1433 1841 1489 1895 in
1520 1850 1762 1896 montem
1803 1840 2009 1904 statim,
2051 1839 2148 1894 sed

2261 655 2430 719 ἔστιν,
2465 657 2493 709 ὁ
2533 658 2662 728 περὶ
2707 657 2814 710 τῶν
2847 657 3108 712 ἀνωτάτω
3155 657 3346 726 λόγος,
3375 655 3531 729 οἷμός
3571 674 3630 711 τε
3661 658 3849 713 ἅπασα

2259 747 2444 800 λοιπὸν
2503 747 2731 818 ἐρεύνης
2780 747 3146 819 ὼγματικῆς·
3197 748 3340 801 οὑτω
3389 748 3620 802 κάνθάδε
3669 752 3837 820 φημὶ,

2257 835 2400 889 τοῦτ’
2439 835 2608 899 ἔστιν,
2636 839 2693 889 ἐν
2725 839 2844 900 ταῖς
2871 837 2978 890 τῶν
2996 836 3145 907 ἠθῶν
3175 838 3270 890 καὶ
3297 836 3516 907 τρόπων
3539 839 3840 908 ἐπανορθώ-

2258 943 2396 990 σεσι,
2419 925 2518 980 οὑκ
2548 927 2614 981 ἂν
2639 928 2723 999 εἴη
2749 928 2858 981 τῶν
2881 930 3245 1000 ἐνδεχομένων
3273 928 3435 991 εὐθὺς
3465 929 3838 1001 ἀναθρώσκειν

2255 1018 2513 1071 δύνασθαί
2557 1037 2708 1081 τινας
2759 1020 2853 1072 ἐπὶ
2900 1020 2964 1074 τὸ
3011 1021 3329 1091 ἀμωμήτως
3378 1018 3520 1089 ἔχον,
3556 1021 3723 1091 ἧγουν
3762 1025 3842 1086 είς

2256 1109 2510 1179 ὑπερφυᾶ
2532 1110 2624 1163 καὶ
2675 1110 2980 1181 ὑπέρλοφον
3017 1109 3313 1164 πολιτείαν.
3367 1112 3640 1182 Προσήκοι
3666 1113 3710 1166 δ’
3749 1114 3840 1176 ἂν,

2255 1191 2430 1266 οἶμαι,
2457 1199 2597 1252 κατά
2621 1198 2796 1271 βραχὺ
2827 1199 2962 1271 πρὸς
2991 1199 3089 1271 τὴν
3117 1199 3321 1271 ἀρτίως
3350 1200 3578 1270 ἔχουσαν
3606 1201 3738 1267 ἕξιν,
3771 1207 3838 1258 ἐκ

2256 1288 2467 1359 μικρῶν
2515 1289 2609 1342 καὶ⁴
2652 1289 2982 1362 συμμέτρων
3029 1289 3369 1362 ἀρξάμενος,
3417 1291 3512 1347 καὶ
3558 1298 3850 1366 μονονουχὶ

2251 1381 2654 1453 προειστρέχων
2683 1382 2934 1454 καθάπερ
2968 1385 3050 1448 εἰς
3099 1384 3254 1437 πόλιν
3283 1384 3507 1454 μικρὰν,
3551 1387 3644 1439 καὶ
3677 1387 3838 1457 ὅρους

2253 1470 2455 1541 ὑψηλοῦ
2489 1471 2728 1540 γείτονα,
2760 1473 2861 1544 τὴν
2890 1477 2990 1546 τῆς
3018 1473 3296 1544 ἐξαιρέτου
3328 1477 3422 1528 καὶ
3448 1477 3842 1549 άνῳκισμένης

2251 1565 2398 1634 ζωῆς
2414 1566 2835 1636 ὑποκαθημένην
2853 1584 2913 1620 τε
2934 1568 3026 1620 καὶ
3045 1569 3102 1619 ὲν
3118 1568 3294 1638 μείοσι
3313 1570 3606 1626 πολιτείαν.
3626 1573 3838 1646 Ταύτῃ⁴

2248 1673 2330 1709 τοι
2361 1658 2454 1710 καὶ
2474 1659 2503 1710 ὁ
2530 1657 2737 1722 δίκαιος
2762 1657 2905 1723 Λὼτ,
2931 1659 3099 1724 τύπος
3120 1661 3186 1714 ἂν
3219 1661 3307 1730 εἴη
3342 1661 3449 1716 τῶν
3477 1664 3604 1734 τῇδε
3629 1664 3839 1719 διακει-

2252 1749 2450 1818 μένων,
2485 1749 2584 1803 οὑκ
2619 1750 2697 1813 εἰς
2731 1750 2790 1803 τὸ
2817 1749 2942 1821 ὅρος
2986 1751 3178 1816 εὐθὺς,
3209 1752 3324 1806 ἀλλ’
3357 1755 3415 1806 ἐν
3459 1754 3611 1808 πόλει
3640 1756 3846 1828 Σηγὼρι

2247 1842 2312 1912 τῇ
2343 1841 2514 1912 μικρᾷ
2533 1882 2548 1905 ,
2573 1841 2897 1894 καταλύσειν
2928 1841 3123 1907 ἀξιῶν..
3147 1844 3219 1896 Ἢ
3246 1843 3359 1916 γὰρ,
3379 1846 3500 1916 οὑχὶ
3522 1847 3696 1900 καὶ-ὲν
3721 1849 3838 1912 τοῖς

566 1933 627 1988 in
647 1933 927 1988 civitatem
967 1933 1136 2003 Segor
1165 1933 1416 2005 exiguam
1449 1931 1722 1986 divertere
1746 1939 1804 1985 ut
1828 1931 1932 1985 sibi
1964 1931 2137 1994 liccat,

2250 1932 2625 2001 εὑαγγελικοῖς
2688 1933 3008 2004 κηρύγμασι
3071 1935 3328 1998 τοιαύτας
3400 1935 3662 2000 πολλάκις
3732 1939 3838 2002 τὰς

566 2024 729 2094 petit,
750 2036 954 2082 eorum
985 2025 1082 2094 qui
1121 2025 1204 2079 sic
1242 2023 1426 2078 all‘ecti
1470 2031 1618 2086 sunt,
1660 2038 1770 2076 non
1800 2021 2042 2076 absurde
2081 2022 2148 2076 ﬁs

567 2132 705 2187 gura
765 2116 954 2171 fuerit.
1003 2116 1202 2171 Annon
1251 2118 1400 2172 enim
1439 2116 1494 2170 in
1536 2117 1653 2186 ipsa
1691 2130 1915 2186 quoque
1972 2115 2151 2169 Evan-

565 2208 697 2278 gelii
734 2207 1163 2278 praedicatione,
1224 2207 1544 2278 hujusmodi
1599 2222 1979 2276 saepenumero
2025 2223 2146 2262 mo-

565 2300 914 2357 derationem
947 2317 1077 2372 erga
1122 2301 1313 2356 fideles
1364 2302 1710 2357 observatam
1757 2316 1878 2356 esse
1916 2317 2144 2371 compe-

564 2392 810 2448 riemus?
856 2393 1057 2447 Beatus
1094 2393 1298 2447 Paulus
1345 2401 1495 2446 certe
1538 2393 1594 2446 in
1628 2392 1873 2462 Epistola
1913 2393 2141 2447 scribit:

572 2502 593 2536 ι
615 2484 827 2538 Bonum
865 2491 952 2538 est
980 2485 1191 2539 homini
1226 2485 1515 2539 mulierem
1545 2500 1660 2539 non
1708 2493 1932 2556 tangere
1967 2504 1987 2537 :.
2012 2501 2144 2555 pro-

563 2582 690 2644 pter
722 2572 1120 2628 fornicationes
1157 2583 1342 2629 autem
1375 2575 1755 2645 unusquisque
1811 2590 1965 2630 suam
1995 2591 2135 2629 uxo-

563 2679 682 2719 rem
721 2664 942 2729 habeat,
995 2674 1052 2720 et
1087 2681 1426 2735 unaquaeque
1465 2683 1626 2721 suum
1673 2667 1853 2721 virum
1897 2667 2142 2723 habeat:

561 2754 670 2810 hoc
698 2764 884 2810 autem
909 2754 1035 2811 dico
1070 2757 1375 2811 secundum
1417 2757 1838 2828 indulgentiam,
1881 2773 1994 2812 non
2050 2774 2139 2812 se-

562 2848 807 2905 cundum
836 2849 1159 2919 imperium.
1189 2850 1326 2905 Volo
1353 2850 1500 2904 enim
1546 2865 1740 2906 omnes
1779 2851 2034 2906 homines
2053 2867 2142 2907 es-

559 2957 622 2997 se
649 2941 794 2997 sicut
853 2956 940 2996 me
1006 2941 1210 3010 ipsum.
1270 2941 1377 2996 Sed
1407 2942 1787 3012 unusquisque
1853 2942 2145 3013 proprium.

559 3034 732 3090 habet
765 3034 969 3089 donum
995 3049 1062 3087 ex
1095 3034 1227 3098 Deo,
1263 3033 1406 3088 alius
1434 3035 1658 3104 quidem
1690 3035 1792 3099 sic,
1827 3035 1974 3088 alius
2005 3049 2138 3088 vero

456 3156 466 3166 ε
557 3126 640 3182 sic
675 3125 742 3180 ⁸⁸.
775 3146 793 3176 ι
833 3125 1004 3182 Vides
1027 3132 1090 3178 ut
1132 3139 1460 3194 supremum
1505 3125 1860 3180 continentia:
1905 3124 2135 3196 gradum

2251 2024 2564 2095 οἰκονομίας
2603 2026 2912 2097 εὑρήσομεν
2944 2027 3001 2080 ὲν
3033 2029 3146 2091 τοῖς
3177 2026 3494 2080 πιστεύουσι
3527 2030 3836 2100 γεγενημέο

2250 2135 2347 2182 νας
2371 2135 2386 2184 ;
2416 2119 2525 2172 Καὶ
2550 2118 2679 2189 γοῦν
2703 2122 2731 2173 ὁ
2759 2120 3028 2191 μακάριος
3057 2120 3266 2185 Παῦλος
3291 2123 3595 2176 ἐπιστέλλει
3623 2121 3832 2192 λέγων*

2254 2229 2274 2263 ι
2307 2212 2488 2266 Καλὸν
2517 2211 2790 2284 ἀνθρώπῳ
2815 2213 3070 2280 γυναικὸς
3099 2213 3173 2283 μὴ
3205 2212 3490 2266 ἅπτεσθαι·
3526 2213 3613 2266 διὰ
3641 2213 3699 2266 δὲ
3733 2214 3842 2277 τὰς

2249 2302 2500 2372 πορνείας
2537 2302 2767 2364 ἕκαστος
2816 2303 2914 2371 τὴν
2965 2301 3157 2354 ἑαυτοῦ
3205 2305 3439 2370 γυναῖκα
3495 2303 3688 2372 ἐχέτω,
3735 2305 3838 2357 καῖ

2248 2392 2456 2460 ἑκάστη
2488 2392 2578 2446 τὸν
2607 2391 2735 2444 ἴδιον
2782 2389 2950 2462 ἄνδρα
2989 2390 3179 2461 ἐχέτω.
3213 2388 3382 2442 Τοῦτο
3422 2390 3479 2443 δὲ
3509 2390 3653 2458 λέγω
3687 2390 3834 2443 κατὰ

2249 2480 2597 2552 συγγνώμην,
2623 2481 2723 2533 οὑκ
2748 2480 3036 2550 ἐπιταγήν.
3069 2479 3218 2532 Θέλω
3243 2478 3350 2549 γὰρ
3379 2479 3588 2541 πάντας
3621 2479 3832 2550 ἀνθρὼ-

2247 2589 2380 2634 πους
2405 2568 2544 2624 εἶναι
2572 2571 2648 2634 ὡς
2687 2570 2780 2624 καὶ
2811 2570 3068 2640 ἐμαυτόν.
3117 2569 3259 2623 Ἀλλ’
3292 2570 3521 2633 ἕκαστος
3555 2571 3682 2623 ἴδιον
3711 2571 3830 2641 ἔχει

2242 2663 2486 2735 χάρισμα
2523 2666 2586 2716 ὲκ
2625 2662 2782 2727 Θεοῦ,
2823 2664 2853 2715 ὁ
2881 2662 2978 2733 μὲν
3016 2661 3208 2726 οὕτως,
3237 2664 3265 2716 ὁ
3292 2662 3348 2715 δὲ
3379 2661 3569 2724 οὑτως.
3611 2682 3628 2713 ι
3661 2664 3831 2733 Ὁρᾷς

2240 2756 2359 2819 πῶς
2381 2756 2480 2826 τῆς
2507 2753 2835 2824 ἐγκρατείας
2859 2753 2920 2807 τὸ
2949 2755 3027 2818 είς
3055 2753 3193 2823 ἄγαν
3218 2753 3545 2825 ὑπερφερὲς,
3573 2751 3830 2826 καθάπερ

2238 2843 2364 2914 ὅρος
2395 2844 2527 2913 ἡμῖν
2554 2841 2798 2906 ὑπέδειξε
2832 2842 3026 2911 λέγων·
3060 2861 3078 2894 ι
3113 2842 3293 2896 Καλὸν
3327 2841 3598 2913 ἀνθρώπῳ
3627 2860 3825 2910 γυναι-

2237 2935 2333 2999 κὸς
2361 2934 2436 3006 μὴ
2466 2934 2752 2988 ἅπτεσθαι·
2801 2952 2820 2985 ι
2872 2935 3047 3006 ἐφῆκε
3093 2935 3152 2988 δὲ
3201 2936 3353 3006 ἡμᾶς
3390 2935 3692 2989 καταλῦσαι
3740 2936 3840 3000 εἰς,

2239 3029 2456 3098 Σηγὼρ,
2494 3025 2638 3079 τοῦτ’
2686 3025 2857 3092 ἐστιν,
2896 3028 2976 3090 είς
3016 3026 3114 3099 τὴν
3156 3027 3578 3099 ὑποκαθημένην
3607 3027 3684 3080 ἔτι
3722 3027 3828 3080 τοῦ

2235 3118 2454 3182 τελείως
2481 3117 2694 3188 ἔχοντος
2726 3117 2969 3190 ἀγωγὴν,
2996 3118 3057 3172 τό
3091 3136 3150 3173 τε
3189 3118 3387 3184 ἐξεῖναί
3416 3137 3559 3190 φημι
3594 3120 3729 3192 μόνῃ
3751 3123 3840 3193 τῇ»

554 3206 727 3273 veluti
762 3225 1001 3272 montem
1048 3216 1210 3271 nobis
1235 3216 1561 3282 ostenderit,
1620 3217 1833 3282 dicens,
1873 3236 1890 3268 ι
1918 3217 2130 3272 Bonum

2241 3208 2347 3280 ἰδία
2374 3207 2784 3279 συμπλέκεσθαι
2808 3208 3059 3277 γυναικί;
3087 3207 3200 3280 Τὴν
3224 3207 3282 3262 δὲ
3310 3209 3412 3279 γῆν
3441 3209 3541 3280 τὴν
3567 3208 3828 3281 ἀρίστην,

554 3317 641 3364 εει
671 3308 882 3364 homini
905 3307 1193 3362 mulierem
1240 3323 1351 3362 non
1379 3314 1622 3377 tangere,
1650 3327 1668 3358 ›
1700 3307 2012 3377 permiserit
2046 3315 2130 3362 ta-

554 3416 686 3456 men
715 3400 770 3455 in
795 3400 964 3470 Segor
990 3399 1290 3463 divertere,
1326 3399 1382 3453 id
1417 3408 1523 3462 est,
1581 3399 1637 3452 in
1671 3398 1975 3468 subiectam
2033 3397 2133 3452 ad-

2238 3301 2484 3372 καρποὺς
2504 3299 2806 3355 ἀποδώσειν
2821 3299 3058 3370 ἔφασκεν
3080 3303 3109 3355 ὁ
3130 3300 3456 3372 Σωτὴρ,,τὴν
3481 3301 3580 3371 μὲν
3603 3300 3840 3363 ἑκατὸν,

2230 3392 2329 3464 τὴν
2360 3394 2418 3446 δὲ
2446 3392 2738 3464 ἐξήκοντα,
2776 3391 2876 3463 τὴν
2919 3392 2977 3446 δὲ
3014 3393 3328 3464 τριάκοντα.
3372 3393 3605 3446 Διεδίδου
3637 3391 3696 3445 δὲ
3724 3392 3828 3446 καὶ

554 3492 670 3547 huc
697 3491 958 3562 perfectae
998 3490 1194 3545 virtuti
1245 3491 1374 3544 vitae
1404 3489 1696 3554 rationem,
1732 3497 1794 3543 ut
1831 3489 2014 3554 liceat,
2045 3489 2132 3542 in-

2241 3483 2294 3554 εδ
2316 3483 2597 3550 τάλαντον,
2631 3484 2739 3537 οὑκ
2773 3486 2830 3537 ὲν
2863 3484 2964 3556 ἴσῳ
2998 3484 3203 3556 μέτρῳ,
3232 3485 3368 3539 ἀλλά
3397 3484 3473 3556 τῷ
3507 3486 3605 3555 μὲν
3631 3484 3826 3552 πέντε,

554 3596 746 3652 quam,
769 3597 895 3637 cum
922 3581 1037 3636 sola
1068 3597 1169 3636 sua
1188 3580 1390 3650 cuique
1414 3594 1583 3634 uxore
1609 3579 1875 3649 copulari.
1904 3577 2131 3633 Terram

2241 3576 2305 3649 τῷ
2330 3577 2387 3630 δὲ
2418 3575 2532 3642 δύο,
2557 3576 2635 3647 τῷ
2661 3576 2717 3631 δὲ
2746 3576 2823 3631 ἕν’
2851 3577 2932 3638 τὸ,
2960 3571 3138 3647 οἶμαι,
3162 3569 3451 3645 τῶνέξεων
3477 3578 3839 3644 ἀνισοσθενὲς

554 3685 777 3742 quoque
829 3671 1091 3742 optimam
1125 3670 1338 3727 fructus
1388 3669 1618 3724 reddere
1675 3669 1896 3724 dicebat
1940 3666 2130 3723 Salva-

2241 3669 2314 3724 ἴιὰ
2340 3667 2544 3722 τούτων
2566 3668 2797 3732 δεικνὺς,
2826 3668 3042 3740 ἑκάστῳ
3062 3686 3120 3723 τε
3147 3669 3415 3743 διανέμων
3436 3671 3511 3737 ὠς
3535 3673 3601 3726 ἂν
3627 3673 3830 3746 ἐπιτηέ-

557 3770 646 3816 tor
677 3761 746 3827 ",
787 3761 896 3832 30
921 3761 1062 3815 hanc
1089 3760 1314 3830 quidem
1340 3761 1726 3824 centesimum,
1765 3759 1995 3814 alteram
2043 3773 2133 3813 se-

555 3852 916 3922 xagesimum,
949 3852 1116 3907 aliam
1142 3851 1383 3921 denique
1424 3851 1788 3922 trigesimum.
1839 3849 2136 3906 Distribuit

555 3943 730 3999 etiam
771 3945 1039 4000 talentum
1068 3960 1179 3998 non
1207 3958 1368 4013 aqua
1390 3958 1674 4008 mensura,
1703 3941 1801 3998 sed
1847 3942 1943 3998 uni
1962 3942 2133 4013 quin-

2237 3759 2510 3830 δειότητος
2537 3759 2650 3830 ἔχοι
2676 3762 2770 3814 καὶ
2808 3759 3054 3833 γνώμης.
3097 3762 3186 3827 Ὦς
3209 3763 3318 3837 γὰρ
3356 3764 3566 3835 ἔφαμεν
3591 3765 3834 3836 ἀρτίως,

2242 3869 2269 3901 «ι
2291 3851 2558 3914 Ἕκαστος
2591 3851 2720 3906 ἴδιον
2745 3850 2859 3922 ἔχει
2884 3851 3217 3926 χάρισμαοὲκ
3248 3855 3464 3922 Θεοῦ,.ὀ
3493 3857 3593 3928 μὲν
3621 3857 3834 3925 οὕτως,

2232 3941 2264 3994 ὁ
2288 3941 2345 3995 δὲ
2377 3940 2570 4003 οὕτως.
2607 3961 2626 3994 ι

553 4047 684 4101 que,
713 4034 873 4089 alteri
892 4034 1024 4098 duo,
1043 4032 1137 4088 alii
1169 4048 1340 4087 unum
1366 4033 1440 4086 ⁸ο.
1465 4031 1679 4098 Quibus
1727 4033 1994 4102 exemplis
2047 4047 2157 4086 non
2229 4046 2442 4102 aequam
2507 4047 2629 4088 esse
2682 4034 2886 4089 virium
2939 4034 3254 4092 facultatem
3313 4039 3578 4105 ostendit,
3641 4055 3830 4113 seque

553 4127 788 4200 singulis
807 4128 948 4184 dona
966 4143 1068 4198 pro
1113 4134 1276 4198 captu
1322 4127 1590 4198 cujusque
1625 4137 1681 4183 et
1723 4126 2009 4181 habilitate
2050 4126 2316 4180 tribuere.
2353 4125 2420 4182 Ut
2449 4126 2598 4182 enim
2646 4129 2809 4184 modo
2849 4130 3091 4186 diximus
3130 4149 3155 4185 :.
3184 4151 3204 4185 ι
3243 4132 3634 4207 Unusquisque
3677 4153 3832 4209 pres

553 4218 734 4290 prium
776 4220 943 4275 habet
976 4219 1184 4275 donum
1209 4233 1241 4274 a
1268 4219 1401 4284 Deo,
1428 4235 1571 4276 unus
1591 4220 1816 4291 quidem
1846 4217 1947 4284 sic,
1979 4219 2120 4273 alius
2156 4233 2290 4272 vero
2319 4217 2436 4274 sic..
2461 4236 2480 4269 ›

623 4311 821 4367 PALL.
851 4313 1021 4367 Recte
1051 4311 1156 4366 ais.

600 4403 760 4460 CYR.
787 4404 1061 4459 Permittit
1080 4406 1263 4475 itaque
1290 4406 1485 4463 beatus
1509 4406 1736 4478 angelus
1779 4415 1840 4461 ut
1872 4405 1928 4460 in
1958 4405 2128 4477 Segor.

551 4496 809 4550 divertat.
853 4495 1036 4550 «Ecce
1077 4496 1246 4560 enim,
1277 4516 1294 4547 ι
1337 4496 1536 4567 inquit,
1598 4515 1616 4546 ι
1645 4496 1950 4551 admiratus
2002 4509 2125 4550 sum

2301 4311 2508 4364 ΠΑΛΛ.
2541 4305 2614 4366 Εὖ
2662 4311 2858 4382 λέγεις.

2305 4402 2472 4455 ΚΥΡ.
2515 4403 2732 4474 Ἐφίησι
2759 4405 2856 4475 μὲν
2884 4406 2914 4458 ὅ
2940 4408 3210 4480 μακάριος
3230 4408 3459 4479 ἄγγελος
3484 4413 3828 4470 καταλύσειν.

2232 4494 2316 4557 είς
2347 4491 2569 4565 Σηγὼρ.
2616 4514 2634 4547 ι
2683 4496 2814 4550 Ἰδοὺ
2860 4498 2989 4569 γάρ,
3035 4519 3054 4550 ι
3093 4501 3276 4570 φησιν,
3318 4520 3335 4554 ι
3385 4502 3674 4574 ἐθαύμασά
3715 4524 3822 4559 σου

552 4588 748 4643 faciem
781 4599 934 4642 tuam
955 4591 1207 4644 etiamin
1247 4592 1417 4646 verbo
1479 4593 1605 4656 hoc,
1656 4609 1728 4648 ne
1757 4601 2005 4648 evertam
2047 4591 2126 4646 ci-

2241 4588 2294 4641 τὸ
2333 4589 2626 4658 πρόσωπον
2661 4590 2756 4642 καὶ
2796 4591 2889 4642 ἐπὶ
2912 4590 2992 4661 τῷ
3037 4593 3242 4663 ῥήματι
3271 4593 3445 4665 τούτῳ
3469 4595 3563 4648 τοῦ
3596 4597 3672 4668 μὴ
3709 4616 3816 4652 κα-

549 4679 800 4743 vitatem,
837 4679 904 4734 de
926 4696 1032 4748 qua
1067 4681 1283 4736 locutus
1312 4698 1390 4737 es.
1422 4684 1642 4742 Festina
1695 4685 1880 4755 igitur,
1913 4693 1972 4738 ut
2014 4684 2123 4738 sal-

551 4767 699 4824 veris
721 4767 818 4822 ibi.
856 4787 874 4819 ι
913 4767 1123 4822 Deinde
1163 4767 1364 4838 inquit,
1402 4791 1419 4820 ι
1443 4770 1535 4825 Sol
1560 4787 1818 4842 egressus
1846 4783 1930 4828 est
1955 4787 2125 4844 super

550 4869 780 4926 terram,
832 4869 888 4915 et
943 4859 1047 4914 Lot
1090 4859 1373 4931 ingressus
1427 4871 1512 4917 est
1564 4862 1761 4933 Segor.
1806 4884 1824 4914 ι
1859 4864 1972 4919 Νεε
2016 4866 2124 4920 mi-

546 4968 654 5008 nus
687 4952 979 5017 mirabere,
1011 4952 1238 5017 Palladi,
1280 4954 1375 5008 ubi
1425 4955 1694 5010 didiceris
1739 4971 1864 5027 quae
1917 4958 1990 5013 sit
2018 4959 2120 5014 ho-

547 5059 672 5100 rum
693 5044 988 5100 verborum
1015 5046 1307 5109 sententia,
1336 5065 1353 5095 ‹
1381 5045 1696 5102 Admiratus
1735 5063 1856 5102 sum
1883 5047 2056 5113 enim,
2095 5066 2115 5100 ι

548 5137 749 5206 inquit,
787 5156 804 5187 ι
853 5137 1048 5193 faciem
1092 5145 1263 5202 tuam,
1300 5153 1368 5191 ne
1404 5147 1646 5194 evertam
1696 5140 1997 5206 civitatem,
2040 5141 2109 5196 de

546 5243 655 5296 qua
684 5227 905 5306 locutus
940 5244 1051 5284 es.»
1081 5227 1283 5284 Odiosa
1329 5231 1478 5284 enim
1515 5247 1708 5288 revera
1743 5233 1855 5288 Deo
1887 5244 1973 5289 est
2025 5234 2124 5289 illa

547 5319 674 5372 vitae
706 5318 866 5381 ratio,
891 5333 1013 5387 qua:
1034 5335 1092 5376 se
1117 5337 1228 5377 non
1273 5322 1512 5393 perfecte
1547 5324 1614 5378 ad
1661 5325 1924 5392 virtutem
1968 5340 2119 5380 com-

545 5409 704 5483 ponit
731 5427 746 5477 ;
769 5417 826 5465 et
841 5409 946 5466 hoc
974 5414 1154 5482 ipsum
1175 5417 1260 5470 vel
1297 5416 1524 5470 minima
1546 5433 1614 5470 ex
1647 5427 1804 5487 parte
1826 5417 1978 5472 vitiis
1994 5433 2122 5473 suc-

546 5503 829 5565 cumbere,
865 5502 942 5557 illi
975 5507 1344 5574 respuendum
1381 5509 1621 5574 videtur,
1654 5521 1711 5565 et
1743 5527 1852 5566 non
1903 5513 2062 5585 longe
2087 5530 2121 5568 a

546 5592 1002 5647 condemnatione
1044 5593 1219 5650 abest.
1247 5595 1518 5653 Caeterum
1561 5599 1803 5670 indulget
1835 5617 1930 5656 sua
1957 5603 2116 5660 beni-

547 5682 771 5754 gnitate,
820 5689 876 5737 et
919 5680 1203 5740 initiorum
1256 5685 1592 5752 facultatem,
1648 5696 1856 5744 natura:
1902 5691 2119 5747 viribus

644 5862 687 5896 ⁸⁷
720 5862 920 5936 Ephes.
950 5883 1022 5940 tv,
1058 5867 1141 5927 15.
1241 5873 1284 5905 ⁸⁸
1321 5870 1488 5928 lCor.
1529 5890 1618 5940 vn,
1671 5875 1716 5940 l,
1751 5878 1807 5944 9.,
1842 5879 1892 5943 6,
1924 5879 1972 5931 7.

2076 5877 2118 5909 ’θ
2153 5877 2346 5934 Matth.
2379 5895 2490 5940 xm,
2546 5883 2634 5937 25.

2227 4679 2531 4749 ταστρέψαι
2577 4679 2676 4750 τὴν
2724 4681 2900 4747 πόλιν,
2936 4683 3064 4752 περὶ
3107 4678 3173 4755 ἦς
3217 4683 3508 4757 ὲλάλησας.
3561 4689 3822 4743 Σπεῦσον

2226 4768 2318 4825 οὖν
2349 4771 2444 4824 τοῦ
2481 4771 2718 4842 σωθῆναι
2742 4774 2878 4828 ἐκεῖ.
2923 4792 2941 4823 ι
2978 4771 3113 4828 Εἶτά
3153 4793 3341 4845 φησιν,
3379 4778 3460 4830 ὅτι
3496 4797 3514 4830 ι
3566 4780 3622 4832 '0
3658 4780 3812 4850 ἥλιος

2225 4861 2446 4934 ἐξῆλθεν
2483 4864 2577 4916 ἐπὶ
2603 4864 2702 4935 τὴν
2732 4864 2856 4932 γῆν,
2889 4866 2983 4918 καὶ
3001 4864 3125 4920 Λὼτ
3155 4867 3406 4938 εἰσῆλθεν
3425 4871 3504 4931 είς
3533 4869 3752 4942 Σηγὼρ.
3784 4892 3804 4920 ι

2225 4955 2545 5024 θαυμάσαις
2584 4955 2627 5008 δ’
2670 4955 2756 5017 ἂν,
2799 4952 2844 5010 ὦ
2889 4958 3096 5028 ἑταῖρε,
3126 4958 3210 5021 τίς
3245 4958 3310 5012 ἂν
3353 4959 3561 5028 γένοιτο
3613 4961 3811 5032 μαθὼν.

2226 5046 2320 5098 καὶ
2351 5045 2558 5099 τούτων
2586 5047 2614 5098 ὁ
2659 5046 2802 5113 νοῦς,
2855 5067 2873 5100 ι
2929 5047 3252 5120 Ἐθαύμασα
3277 5053 3384 5123 γάρ
3419 5068 3532 5116 σου,
3579 5073 3599 5105 ι
3645 5056 3812 5125 φησὶ,
3857 5084 3868 5108 ρ

2230 5155 2258 5188 ι.
2282 5137 2342 5190 τὸ
2382 5139 2675 5210 πρόσωπόν
2708 5157 2800 5194 σου
2830 5142 2924 5194 τοῦ
2959 5143 3033 5213 μὴ
3072 5144 3447 5216 καταστρέψαι
3471 5146 3572 5217 τὴν
3619 5148 3804 5210 πόλιν,
3859 5137 3871 5176 ⁸

2224 5230 2354 5302 περὶ
2382 5226 2450 5302 ἦς
2491 5231 2776 5303 ἐλάλησας.
2816 5253 2834 5287 ι
2875 5235 3215 5306 Ἀνεθέλητος
3252 5237 3352 5306 μὲν
3387 5237 3497 5309 γὰρ
3525 5238 3603 5308 τῷ
3652 5240 3806 5310 Θεῷ,

2226 5321 2366 5374 κατὰ
2395 5320 2457 5374 τὸ
2490 5322 2712 5392 ἀληθὲς,
2741 5325 2783 5395 ἡ,
2801 5323 3022 5390 τελείως
3053 5327 3152 5380 οὑκ
3184 5325 3384 5397 ἔχουσα
3418 5328 3554 5399 πρὸς
3595 5329 3803 5400 ἀρετὴν

2226 5412 2489 5479 πολιτεία,
2521 5415 2616 5468 καὶ
2649 5415 2713 5468 τὸ
2740 5417 2880 5470 κατά
2907 5434 2957 5469 τι
3008 5418 3138 5484 γοῦν
3171 5417 3436 5489 ἡττᾶσθαι
3459 5420 3568 5474 τῶν
3610 5408 3800 5476 πᾶθῶν

2225 5504 2530 5578 ἀπόϐλητόν
2571 5523 2629 5558 τε
2686 5506 2835 5574 αὑτῷ
2878 5507 2971 5560 καὶ
3026 5510 3403 5581 κατακρίσεως
3433 5513 3492 5565 οὑ
3554 5515 3802 5586 μακράν..

2227 5601 2371 5670 Πλὴν
2403 5600 2615 5666 ἐφίησιν
2643 5600 2707 5651 ἐκ
2741 5599 3169 5669 φιλανθρωπίας,
3200 5605 3292 5657 καὶ
3315 5609 3706 5678 συμμετρήσας
3727 5611 3800 5678 τῇ

2228 5696 2381 5759 ερύσει
2414 5691 2473 5742 τὸ
2507 5693 2564 5744 εν
2594 5692 2789 5760 ἀρχαῖς
2821 5692 3062 5760 ἐφικτὸν,
3112 5692 3380 5759 σώζεσθαι
3414 5697 3645 5769 κελεύει,
3699 5703 3796 5756 καὶ

2748 5885 2794 5918 ’θ
2821 5884 3011 5941 Matth.
3055 5901 3176 5953 xxv,
3233 5887 3321 5943 15.
