4046 6500
221 415 305 471 181

937 415 1025 471 DE
1065 415 1505 473 ADORATIONE
1544 417 1613 473 IN
1651 415 1924 475 SPIRITU
1964 417 2052 473 ET
2092 417 2458 474 VERITATE.
2502 419 2629 475 LlB.
2669 421 2708 474 1.

3345 426 3448 483 182

219 523 536 598 μελετῶντας
579 522 658 578 ἔτι
703 525 764 579 τὸ
799 527 1003 595 ἀγαθὸν
1025 568 1041 594 ,
1088 529 1244 584 οὔπω
1281 547 1341 584 τε
1386 531 1487 601 τὴν
1526 531 1773 586 ὑπαίτιον

1876 531 2185 596 dimetitus,
2213 533 2410 588 salvari
2449 534 2607 605 jubet
2631 549 2730 589 eos
2760 549 3002 605 quoque,
3030 535 3124 606 qui
3172 535 3446 591 meditan-

220 615 395 687 κομιδῇ
445 615 846 686 διαστείχοντας
882 619 1128 691 ἀγωγήν.
1170 621 1329 675 ’Δλλά
1368 622 1463 675 καὶ
1509 625 1620 685 τοῖς
1689 625 1768 687 είς

217 707 361 762 τοῦτο
388 708 577 778 ἥκουσι
606 708 841 780 μέτρων,
861 710 956 764 καὶ
973 713 1054 775 είς
1069 713 1294 784 ταυτηνί
1316 730 1375 766 τε
1399 713 1769 768 εἰσελαύνουσι

218 800 306 870 τὴν
336 798 683 864 κατάστασιν,
711 802 771 854 οὐ
803 801 927 872 δίχα
966 803 1145 871 φωτὸς
1167 804 1262 857 τοῦ
1290 803 1436 857 θείου
1466 805 1562 857 καὶ
1581 805 1771 877 δᾳδου-

218 890 327 963 χίας
359 891 457 962 τῆς
489 890 694 946 ἀνωθεν
721 894 755 963 ἡ
792 893 1053 965 είσδρομὴ
1085 894 1283 963 γένοιτ’
1322 895 1407 951 ἀν.
1444 914 1462 946 ι
1508 897 1769 952 ’Δνέτειλε

218 985 334 1056 γὰρ,
363 1001 383 1035 ι
413 984 597 1056 φησιν,
633 1004 652 1037 ι
690 987 720 1040 6
745 985 899 1056 ἥλιος
941 987 1037 1040 καὶ
1089 987 1210 1041 Λὼτ
1255 987 1505 1059 εἰσῆλθεν
1543 989 1624 1053 είς
1663 989 1770 1060 Ση-

217 1073 337 1146 γὼρ.
380 1093 400 1128 ο

277 1253 472 1308 ΠΔΛΛ.
516 1253 604 1318 Ὠς
630 1255 838 1325 σφόδρα
865 1272 928 1324 γε
973 1255 1040 1310 τὰ
1066 1254 1250 1310 εἰκότα
1281 1255 1450 1327 ἔφηςι

277 1346 429 1400 ΚΥΡ.
485 1347 543 1398 '0
572 1345 672 1416 μὲν
705 1343 798 1400 οὖν
831 1346 1118 1412 θεσπέσιος
1143 1346 1268 1401 Λὼτ
1309 1349 1387 1410 είς
1422 1346 1521 1418 τὴν
1571 1345 1649 1400 ἔτι
1681 1364 1770 1418 μισ

213 1435 336 1507 κράν
367 1436 564 1491 είσέθει
599 1439 777 1503 πόλιν,
828 1440 1072 1508 ἐφιέντος
1105 1440 1254 1511 αύτῷ
1282 1441 1376 1494 τοῦ
1412 1440 1569 1494 Θεοῦ·
1617 1441 1771 1510 ἠλέγ-

211 1544 322 1597 χετο
349 1526 404 1580 δὲ
436 1527 533 1581 καὶ
561 1528 698 1599 πρὸς
726 1528 884 1583 τοῦτο
920 1530 1155 1600 ἀσθενὴς
1196 1534 1230 1602 ἡ
1260 1532 1501 1601 ἑπομένη
1529 1547 1587 1585 τε
1620 1528 1770 1600 αὐτῷ

215 1615 300 1669 καὶ
329 1616 691 1672 συνεκθέουσα
739 1620 898 1690 γυνή.
931 1637 948 1669 ι
998 1618 1296 1690 Ἐπέὸλεψε
1341 1621 1471 1692 γὰρ,
1515 1639 1534 1672 ι
1581 1621 1765 1692 φησὶν,

213 1723 239 1756 ι
265 1707 338 1770 είς
372 1704 441 1758 τὰ
483 1707 682 1774 ὀπίσω,
731 1709 824 1762 καὶ
871 1709 1090 1777 ἐγένετο
1121 1712 1292 1782 στήλη
1334 1711 1480 1776 ἁλός.
1517 1731 1536 1764 ι
1570 1712 1679 1765 Θέα
1711 1712 1782 1768 δὲ,

207 1797 280 1854 ὃτι
301 1796 418 1860 νοῦς
445 1797 548 1867 μὲν
575 1801 604 1850 6
626 1798 870 1870 ἀνδρεῖος
896 1801 990 1852 καὶ
1011 1801 1265 1874 φρόνημα
1289 1803 1347 1855 τὸ
1374 1803 1639 1869 νεανικὸν,
1662 1803 1766 1856 κᾶν

207 1889 250 1945 εἰ
287 1888 358 1960 μὴ
387 1889 612 1952 τελείως
640 1890 922 1958 ἀφικνοῖτο
949 1892 1112 1962 τυχὸν
1143 1896 1223 1957 είς
1253 1893 1314 1947 τὸ
1351 1894 1583 1966 ἀρέσκον
1626 1893 1765 1964 Θεῷ,
1800 1878 1844 1934 Β

207 1979 489 2050 κατορθοῦν
507 1981 788 2052 ἠργμένος
807 1982 905 2055 τὴν
927 1969 1148 2055 ἀρετὴν,
1172 1984 1288 2040 ἀλλ’
1311 1980 1403 2041 οῦν
1421 1986 1563 2053 ἕξεις
1580 1987 1767 2041 παθῶν

205 2075 418 2128 ποιεῖται
460 2075 606 2132 κατά
648 2075 821 2150 βραχὺ
865 2077 1002 2148 πρὸς
1028 2078 1421 2149 τὸ.ἀμεινόνως
1445 2078 1590 2149 ἔχον.
1629 2079 1688 2132 '0
1713 2078 1768 2132 δὲ

205 2165 417 2236 ἀσθενής
439 2183 499 2219 τε
527 2168 624 2221 καὶ
650 2167 939 2238 ἄνανδρος,
954 2163 1015 2223 οὗ
1045 2173 1273 2240 σημεῖον
1302 2173 1329 2240 ἡ
1358 2169 1516 2242 γυνὴ,
1537 2172 1656 2232 ταῖς
1687 2171 1768 2233 είς

205 2257 491 2327 φαυλότητα
514 2263 908 2331 μετατροπαῖς,
942 2261 1257 2331 ἀχρειοῦται
1279 2261 1578 2326 παντελῶς.
1606 2263 1768 2316 Τουτὶ

204 2349 299 2421 γὰρ
332 2344 483 2420 οἶμαι
514 2351 714 2422 δηλοῦν
741 2353 802 2405 τὸ
828 2352 1083 2420 γενέσθαι
1110 2355 1280 2424 στήλη
1329 2353 1455 2418 ἁλός
1473 2370 1487 2384 ο
1537 2354 1675 2426 ὅπερ
1699 2354 1766 2408 ἂν

204 2443 280 2513 εἴη
315 2444 582 2514 σύμϐολον
610 2446 1097 2519 ἀπομαρανθείσης
1127 2448 1342 2520 φρενὸς,
1377 2449 1470 2502 καὶ
1493 2447 1586 2503 νοῦ
1628 2449 1766 2519 πρὸς

203 2534 498 2606 ἠλιθιότητα
558 2539 889 2608 μεταφοιτᾷν
927 2539 1205 2609 κειμένου,
1258 2539 1354 2594 καὶ
1402 2541 1482 2602 εἰς
1530 2540 1765 2610 ἐσχάτην

203 2625 289 2695 ήδη
313 2642 424 2685 πως
450 2626 814 2696 ἀναισθησίαν
842 2626 1167 2696 ὲληλακότος
1202 2628 1300 2698 (1).
1345 2629 1766 2699 Ἀπομωρανθὲν

201 2715 250 2768 δὲ
271 2715 327 2768 τὸ
347 2715 498 2781 ἃλας,
532 2719 615 2780 είς
639 2717 790 2771 οὐδὲν
819 2716 1061 2788 ἰσχύσειν
1091 2717 1194 2783 ἔτι,
1225 2719 1320 2773 καὶ
1345 2719 1505 2784 αὐτὸς
1527 2719 1764 2789 ἔφασκεν

200 2805 414 2878 ὀΣιωτήρ
433 2823 446 2838 ·
460 2806 941 2878 ἀχρειωθήσεσθαι
959 2808 1016 2861 δὲ
1029 2807 1332 2874 παντελῶς,
1352 2808 1532 2874 ἐξωτε
1551 2810 1765 2880 πεμπό-

203 2913 367 2965 μενον,
399 2900 493 2952 καὶ
519 2897 631 2952 ὑπὸ
661 2899 828 2960 πόδας
851 2897 1154 2969 ἀνθρώπων
1187 2900 1594 2972 διεῤῥιμμένον.
1639 2902 1765 2958 Ἀπ-

199 2989 423 3044 ελιθοῦτο
438 2991 542 3062 μὲν
559 2987 651 3045 οὖν
674 2993 708 3062 ἡ
730 2990 887 3062 γυνὴ,
908 2991 1218 3062 προσετίθει
1234 2992 1290 3046 δὲ
1311 2993 1413 3046 οὐκ
1435 2995 1516 3056 είς
1545 2992 1762 3064 μακρὰν

201 3082 255 3136 τὺ
277 3083 452 3136 λεῖπον
484 3084 516 3136 6
550 3079 694 3136 Λώτ.
726 3081 1052 3152 Γέγραπται.
1076 3081 1206 3152 γὰρ,
1235 3083 1318 3135 ὅτι
1357 3103 1375 3134 ι
1413 3083 1604 3154 Ἀνέϐη
1639 3081 1762 3138 Λὼτ

197 3171 254 3226 ὲκ
281 3170 492 3244 Σηγὼρ,
539 3172 636 3224 καὶ
665 3171 901 3240 ἐκάθητο
928 3171 986 3222 έν
1032 3170 1110 3240 τῷ
1141 3171 1281 3242 ὄρει,
1336 3173 1498 3236 αὐτὸς
1559 3174 1655 3230 καὶ
1703 3173 1774 3226 ati-

196 3263 277 3316 δύο
306 3263 610 3334 θυγατέρες
633 3260 801 3316 αὐτοῦ
848 3262 964 3332 μετ’
1009 3261 1192 3316 αὑτοῦ.
1238 3263 1614 3335 Ἐφοϐήθησαν
1656 3264 1763 3335 γὰρ

196 3357 502 3428 κατοικῆσαι
539 3357 600 3408 έν
632 3355 852 3428 Σηγὼρ,
890 3355 984 3409 καὶ
1010 3355 1235 3427 ᾤκησαν
1281 3356 1340 3408 ὲν
1374 3354 1452 3425 τῷ
1484 3353 1771 3426 σπηλαίῳ...

197 3448 342 3512 αὐτὸς
393 3449 490 3502 καὶ
549 3449 604 3500 αι
655 3446 749 3500 δύο
795 3447 1088 3518 θυγατέρες
1127 3445 1292 3500 αὐτοῦ
1342 3446 1458 3516 μετ’
1511 3446 1697 3501 αὑτοῦ.
1739 3465 1768 3499 ι.

197 3534 400 3606 Πρόεισι
450 3535 570 3607 γὰρ
605 3534 798 3610 ὥσπερ
835 3534 904 3589 δι’
955 3534 1288 3607 ἀναϐαθμῶν
1327 3535 1356 3589 6
1386 3536 1512 3602 νοῦς
1563 3537 1658 3590 ἐπὶ
1701 3537 1764 3590 τὸ

198 3628 305 3699 ἔχον
345 3628 597 3701 ἀρτίως,
645 3629 742 3684 καὶ
807 3627 1151 3706 ἀναθρῴσκει
1199 3628 1343 3685 κατὰ
1398 3629 1573 3702 βραχὺ
1626 3629 1762 3702 πρὸς

196 3720 319 3791 ὅπερ
347 3716 414 3792 ἦν
446 3724 512 3776 εν
560 3722 778 3792 ἀρχαῖς,
813 3720 916 3775 οὐκ
951 3720 1273 3792 ἐπιτηδείως
1301 3721 1442 3793 ἔχων
1488 3720 1613 3776 οὔτε
1641 3721 1764 3776 λίαν

199 3813 399 3877 ἱκανῶς.
423 3812 659 3884 Πρόεισί
696 3829 758 3866 τε
797 3813 892 3867 καὶ
926 3813 1195 3885 ἀναφοιτᾷ
1242 3814 1380 3886 πρὸς
1417 3813 1482 3868 τὸ
1516 3813 1764 3885 ἄμεινον,

198 3906 436 3978 φρονήσει
481 3922 553 3958 τε
596 3905 690 3960 καὶ
738 3905 960 3978 ἀνδρεία
1005 3907 1074 3976 τῇ
1121 3909 1465 3978 πνευματικῇ
1509 3907 1762 3979 καθάπερ

195 3997 321 4051 τισὶν
350 3998 507 4062 ἰδίαις
557 3997 892 4070 θυγατράσιν
935 3997 1430 4069 ἐπισκηπτόμενος,
1471 3999 1566 4053 καὶ
1613 3999 1763 4054 κάτω

196 4105 289 4144 που
315 4091 496 4160 μένειν
544 4090 707 4162 ἀφεὶς
737 4090 800 4143 τὸ
835 4089 1110 4161 ήδυπαθές
1143 4107 1204 4144 τε
1240 4091 1336 4144 καὶ
1375 4090 1656 4164 ἄνανδρον,
1688 4085 1765 4148 ὧν

197 4182 270 4246 είς
293 4183 456 4239 τύπον
495 4186 536 4256 ἡ
571 4183 736 4253 γυνή.
781 4183 1048 4237 Κατοικεϊ
1077 4181 1135 4236 δὲ
1179 4181 1366 4238 λοιπὸν
1410 4183 1663 4257 καθάπερ
1703 4187 1763 4239 έν

199 4273 301 4344 ὄρει
326 4291 384 4329 τε
401 4275 497 4330 καὶ⁴
519 4275 581 4328 έν
600 4273 871 4345 σπηλαίῳ*
896 4271 992 4326 τοῦ
1027 4272 1126 4343 μὲν
1139 4272 1300 4344 ὅρους
1321 4274 1456 4343 ἡμῖν
1475 4274 1538 4327 τὸ
1559 4274 1763 4344 ὑψηλόν

197 4381 250 4417 τε
275 4367 365 4419 καὶ
393 4363 712 4437 ἐπηρμένον
739 4366 820 4427 είς
866 4363 1081 4430 εὐεξίαν
1108 4363 1208 4435 τὴν
1243 4366 1639 4435 πνευματικὴν,
1667 4366 1760 4420 τοῦ

197 4456 248 4510 δὲ
278 4458 563 4527 σπηλαίου,
592 4456 656 4509 τὸ
685 4455 933 4526 πεπηγὸς
975 4455 1071 4509 καὶ
1099 4455 1309 4526 ἑδραῖον
1329 4455 1432 4525 τῆς
1457 4458 1535 4518 εἰς
1561 4456 1762 4527 ἀρετὴν

1873 633 1963 678 tur
1996 624 2258 678 virtutem
2307 625 2508 688 adhuc,
2545 641 2657 680 non
2702 634 2886 681 tamen
2929 641 3028 697 per
3058 641 3179 682 eam
3222 627 3445 682 vivendi

1871 715 2016 767 viam
2053 714 2360 778 ambulant,
2393 731 2515 784 qua:
2541 730 2572 768 a
2603 715 2765 785 culpa
2795 716 2954 786 longe
2986 725 3196 770 remota
3230 716 3446 772 sit.Sed

1872 805 1942 860 iis
1956 820 2197 876 quoque,
2235 806 2329 875 qui
2353 806 2420 861 ad
2450 807 2832 863 huncvirtutis
2855 807 3084 878 gradum
3109 808 3358 874 tendunt,
3389 816 3447 864 et

1871 895 1940 952 ad
1963 895 2296 966 hujusmodi-
2313 905 2515 951 statum
2545 897 2946 968 provehuntur,
2972 912 3082 952 non
3107 897 3224 952 sine
3257 897 3447 952 divino

1871 986 2100 1052 lumine,
2137 1002 2501 1058 supernzeque
2553 989 2819 1060 lampadis
2859 990 3063 1059 praevio
3090 988 3334 1061 fulgore,
3380 1005 3449 1044 eo

1872 1077 2083 1147 ingredi
2126 1077 2416 1147 contingit.
2459 1097 2474 1129 ι
2504 1077 2672 1133 Ortus
2709 1087 2792 1134 est
2823 1079 2994 1148 enim,
3027 1097 3044 1128 ι
3075 1079 3272 1150 inquit,
3307 1080 3447 1145 (sol,

1871 1176 1928 1223 et
1951 1167 2054 1222 Lot
2083 1167 2365 1238 ingressus
2395 1175 2480 1221 est
2513 1167 2706 1238 Segor.
2741 1187 2758 1218 ι

1943 1259 2141 1314 PALL.
2178 1257 2350 1324 Quam
2388 1274 2474 1324 ea,
2512 1275 2635 1329 qua:
2660 1259 2867 1326 dixisti,
2896 1259 3197 1330 quadrant!

1940 1349 2098 1404 CYR.
2134 1349 2333 1404 Beatus
2360 1349 2529 1420 igitur
2551 1350 2656 1405 Lot
2710 1350 2767 1404 in
2811 1351 3064 1422 exiguam
3097 1351 3281 1407 adhuc
3308 1352 3447 1407 civi-

1872 1449 2065 1506 tatem,
2096 1441 2210 1496 Deo
2258 1442 2650 1511 permittente,
2693 1451 2776 1498 est
2810 1443 3130 1513 ingressus:
3183 1443 3279 1498 sed
3327 1459 3450 1512 quae

1868 1548 1997 1587 eum
2040 1532 2426 1599 comitabatur,
2470 1549 2689 1604 unaque
2738 1534 2985 1605 fugiebat
3021 1551 3182 1601 uxor,
3234 1534 3303 1590 ad
3345 1536 3450 1592 hoc

1868 1639 2089 1694 quoque
2143 1625 2360 1680 inﬁrma
2409 1640 2530 1680 esse
2587 1625 2930 1696 deprehensa
2989 1636 3090 1683 est.
3167 1647 3186 1679 ι
3223 1627 3451 1699 Aspexit

1869 1715 2039 1779 enim,
2066 1735 2084 1765 ι
2114 1714 2315 1784 inquit,
2365 1734 2384 1765 ι
2411 1724 2583 1781 retro,
2627 1726 2684 1772 et
2704 1717 2760 1771 in
2787 1717 2918 1772 salis
2943 1725 3179 1773 statuam
3203 1727 3288 1774 est
3313 1735 3447 1773 con-

1869 1820 2024 1860 versa
2057 1807 2124 1859 ’³.
2196 1826 2214 1856 ι
2254 1806 2644 1862 Animadverte
2693 1808 2862 1880 igitur
2918 1809 3163 1864 animum
3231 1811 3448 1866 virilem

1870 1906 2270 1968 strenuumque
2304 1913 2549 1965 sensum,
2584 1915 2709 1954 cum
2746 1901 3011 1956 virtutem
3054 1917 3310 1958 exercere
3331 1917 3446 1958 cm-

1869 1985 2035 2054 perit,
2059 1985 2228 2040 etiam
2257 1986 2302 2040 si
2325 1985 2394 2040 ad
2430 1987 2507 2052 id,
2543 1988 2692 2058 quod
2723 1989 2835 2043 Deo
2880 1990 3079 2059 placet,
3107 1990 3291 2046 minus
3318 2007 3444 2060 per—

1868 2078 2041 2140 venit,
2070 2086 2254 2133 tamen
2289 2079 2558 2135 excedere
2595 2095 2626 2135 e
2656 2080 2810 2135 vitiis
2869 2089 3041 2146 certe,
3077 2090 3134 2135 et
3181 2081 3446 2152 paulatim

1868 2168 1936 2222 ad
1970 2169 2354 2238 praestantiora
2381 2171 2638 2241 progredi
2665 2189 2676 2224 :
2711 2180 2766 2225 at
2782 2172 2937 2226 illum
2960 2171 3239 2228 inﬁrmum
3261 2181 3445 2242 etpa-

1869 2273 1992 2312 rum
2029 2259 2268 2323 virilem,
2307 2260 2464 2330 cujus
2493 2259 2663 2330 ﬁgura
2709 2269 2793 2315 est
2840 2260 3040 2319 mulier
3071 2260 3203 2315 dum
3247 2260 3313 2317 ad
3332 2277 3456 2319 ,ηε--

1867 2350 2104 2420 quitiam
2159 2351 2550 2416 convertitur,,_
2595 2351 2715 2407 ﬁeri
2776 2367 3005 2422 prorsus
3055 2352 3307 2412 inutilem
3341 2368 3356 2404 :
3389 2351 3455 2406 id.

1865 2442 2014 2498 enim
2049 2443 2365 2513 signiﬁcare
2401 2443 2648 2499 arbitror
2691 2443 2814 2498 ﬁeri
2842 2452 3078 2504 statuam
3112 2445 3260 2510 salis,
3297 2446 3444 2514 quod

1867 2547 1978 2591 non
2009 2531 2251 2587 absurde
2280 2532 2590 2602 symbolum
2619 2532 2790 2588 fuerit
2821 2532 3102 2588 infatuata:
3135 2534 3359 2599 mentis,
3385 2543 3446 2591 et

1867 2622 2060 2686 animi,
2085 2623 2180 2692 qui
2205 2622 2273 2676 ad
2299 2623 2590 2680 stultitiam
2631 2623 2867 2680 transire
2900 2625 3152 2690 voluerit,
3184 2634 3347 2696 atque
3376 2627 3464 2684 ad.

1865 2721 2180 2767 extremum
2209 2714 2323 2784 jam
2356 2723 2640 2784 stuporem
2669 2715 3003 2784 pervenerit.
3027 2715 3130 2787 31
3168 2715 3269 2772 Sal
3282 2716 3471 2776 enim“

1867 2805 2191 2860 infatuatum
2245 2806 2314 2866 ad
2361 2806 2603 2862 nihilum
2652 2806 2798 2863 ultra
2847 2806 3057 2872 valere,
3103 2807 3271 2862 etiam
3328 2807 3444 2880 ipse

1867 2895 2116 2951 Salvator
2149 2895 2377 2962 ait;sed
2395 2896 2621 2966 penitus
2653 2896 2850 2955 inutile
2879 2896 2998 2954 ﬁeri
3021 2897 3168 2954 foras
3187 2898 3468 2963 missum,.

1863 2997 1922 3044 et
1942 2989 2045 3043 sub
2083 2989 2322 3060 pedibus
2353 2991 2641 3045 hominum
2667 2992 3051 3047 conculcatum
3077 2993 3143 3046 θ’.
3183 2993 3320 3049 Cum
3342 2995 3443 3050 ita-

1864 3095 1972 3150 que
2005 3080 2204 3135 mulier
2251 3079 2306 3134 in
2355 3081 2595 3151 lapidem
2652 3081 2850 3137 durata
2899 3091 3064 3149 esset,
3117 3100 3225 3139 non
3267 3087 3442 3141 multo

1863 3177 1987 3238 post
2018 3170 2142 3234 Lot,
2170 3171 2320 3240 quod
2347 3171 2557 3237 deerat,
2585 3171 2808 3243 adjecit.
2843 3171 3120 3243 Scriptum
3147 3182 3232 3230 est
3269 3175 3438 3231 enim:

1873 3277 1892 3310 ι
1920 3259 2182 3316 Ascendit
2211 3260 2315 3316 Lot
2341 3277 2408 3317 ex
2431 3263 2618 3333 Segor,
2645 3270 2703 3317 et
2733 3263 2883 3318 sedit
2914 3264 2972 3318 in
3004 3272 3212 3332 monte,
3240 3265 3356 3337 ipse
3386 3279 3444 3323 et

1865 3349 1987 3405 duae
2015 3350 2142 3407 ﬁliae
2178 3353 2301 3424 ejus
2351 3368 2480 3408 cum
2519 3369 2607 3409 eo.
2645 3353 2974 3410 Timuerant
3003 3355 3154 3410 enim
3191 3356 3441 3415 habitare

1865 3441 1922 3498 in
1955 3440 2145 3513 Segor,
2171 3451 2228 3497 et
2257 3444 2651 3500 habitaverunt
2679 3446 2735 3500 in
2757 3445 3019 3516 spelunca
3049 3447 3188 3516 ipse,
3221 3457 3298 3504 .et
3319 3447 3442 3507 duae

1865 3531 1990 3588 ﬁliae
2026 3535 2148 3604 ejus
2177 3550 2301 3590 cum
2331 3551 2398 3590 eo
2427 3537 2493 3589 ”.
2516 3555 2532 3588 ι
2566 3535 2801 3592 Animus
2823 3536 2975 3592 enim
3009 3538 3160 3592 velut
3187 3554 3288 3609 per
3322 3556 3444 3611 gra-

1865 3623 1969 3679 dus
1997 3625 2351 3696 progreditur
2388 3627 2457 3681 ad
2508 3627 2909 3698 perfectionem
2966 3629 3212 3696 virtutis,
3261 3638 3320 3686 et
3375 3631 3443 3688 ad

1864 3732 1993 3772 eum
2023 3725 2248 3784 statum,
2281 3719 2352 3774 ad
2381 3735 2547 3791 quem
2570 3720 2640 3776 ab
2677 3721 2838 3777 initio
2856 3721 3078 3793 ineptus
3107 3731 3166 3778 et
3194 3722 3444 3798 ipﬁrmus

1863 3807 2064 3874 fuerat,
2110 3809 2378 3880 paulatim
2412 3812 2699 3879 ascendit;
2735 3813 3099 3884 proceditque
3134 3821 3443 3884 et;promo-

1863 3909 1957 3955 vet
2000 3901 2057 3955 in
2095 3901 2318 3967 melius,
2367 3903 2661 3973 prudentia
2697 3913 2755 3960 et
2795 3905 3120 3960 fortitudine
3171 3904 3444 3978 spirituali

1866 3998 2123 4061 tanquam
2163 3996 2280 4051 suis
2298 3996 2631 4067 quibusdam
2673 3995 2893 4052 ﬁliabus
2941 3999 3124 4064 nixus,
3186 4014 3252 4058 ac
3282 4001 3442 4054 volu-

1863 4085 2106 4157 ptarium
2137 4087 2296 4144 illum
2353 4089 2617 4146 affectum
2645 4099 2705 4146 et
2735 4090 3137 4157 effeminatum,
3174 4093 3332 4164 cujus
3376 4093 3443 4148 ﬁ-

1863 4192 1999 4246 gura
2028 4185 2114 4234 est
2134 4179 2356 4245 mulier,
2399 4180 2659 4241 deorsum
2699 4197 2924 4238 manere
2964 4183 3185 4243 sinens..
3220 4184 3443 4241 Habitat

1864 4268 2064 4325 deinde
2093 4279 2353 4341 tanquam
2394 4272 2453 4326 in
2494 4281 2682 4328 monte
2735 4287 2798 4327 ac
2837 4273 3120 4342 spelunca.
3153 4273 3234 4329 Ac
3283 4291 3443 4331 mons

1863 4357 2084 4427 quidem
2119 4359 2514 4415 sublimitatem
2548 4367 2711 4429 atque
2755 4360 3113 4415 eminentiam
3139 4361 3443 4431 spiritualis

1863 4448 2100 4516 roboris,
2129 4451 2393 4519 spelunca
2425 4467 2556 4505 vero
2594 4451 2754 4507 ﬁxam
2784 4467 2848 4506 ac
2883 4451 3094 4506 firmam
3141 4453 3198 4516 in
3235 4453 3443 4510 virtute

195 4544 438 4616 διαμονῆς
459 4545 874 4615 ὑποδηλοῦντων
906 4540 964 4598 εὖ
1001 4544 1164 4616 μάλα.
1197 4545 1510 4612 Γέγραπται
1533 4545 1641 4615 γὰρ
1664 4544 1758 4598 ὡδὶ

1865 4543 2329 4610 perseverantiam
2371 4543 2576 4612 optime
2625 4543 2956 4614 signiﬁcant.
3006 4543 3100 4600 Sic
3162 4545 3307 4603 enim
3359 4555 3443 4602 est

198 4639 314 4708 περὶ
334 4637 546 4710 ἀνδρῶν
581 4637 833 4706 ἀγαθῶν·
875 4657 892 4688 ι
931 4635 1302 4708 Πορευόμενος
1335 4637 1391 4688 ἐν
1421 4634 1758 4706 δικαιοσύνῃ,

195 4729 356 4784 λαλῶν
376 4732 592 4785 εὐθεῖαν
622 4729 761 4794 ὁδὸν,
816 4727 991 4800 μισῶν
1020 4727 1372 4796 ἀνομίαν-καὶ
1394 4727 1631 4791 ἀδικίαν,
1664 4728 1768 4780 καὶ»

113 4875 118 4880 ,
196 4822 282 4886 τὰς
319 4826 511 4895 χεῖρας
547 4820 941 4892 ἀποσειόμενος
983 4820 1092 4874 ἀπὺ
1123 4817 1333 4890 δώρων,
1392 4817 1642 4890 βαρύνων
1692 4817 1760 4873 τὰ

194 4905 315 4978 ὦτα,
343 4915 430 4969 ἵνα
461 4913 538 4986 μὴ
571 4912 779 4984 ἀκούσῃ
812 4912 992 4984 κρίσιν
1016 4911 1268 4980 αἵματος,
1313 4909 1586 4980 καμμύων
1629 4909 1758 4972 τοὺς

195 5004 516 5076 ὀφθαλμοὺς,
552 5005 640 5059 ἵνα
675 5004 750 5076 μὴ
803 5004 886 5076 ἴδῃ
942 5003 1183 5065 ἀδικίαν,
1239 4995 1393 5064 οὗτος
1441 5002 1651 5071 οἰκήσει
1697 5002 1763 5055 έν.

195 5097 369 5169 ὑψηλῷ
407 5097 663 5168 σπηλαίῳ
713 5097 918 5168 πέτρας
954 5095 1202 5164 ἰσχυρᾶς.
1248 5112 1264 5143 ι
1310 5092 1407 5162 Εἴη
1453 5093 1497 5145 δ’
1547 5092 1613 5146 ἂν
1663 5092 1755 5145 καὶ

195 5189 378 5261 ἑτέρως
403 5191 506 5244 οὐκ
536 5189 795 5251 ἀπίθανος
833 5191 964 5258 ἡμῖν
997 5189 1026 5239 6
1068 5186 1161 5239 ἐπὶ
1191 5185 1326 5255 τῷδε
1366 5185 1541 5258 λὸγρς.
1575 5184 1756 5253 Πέτρα

198 5279 287 5346 μὲν
309 5278 418 5350 γὰρ
449 5280 476 5332 6
512 5277 769 5348 Χριστὸς,
799 5276 966 5330 διὰτὸ
991 5274 1244 5339 εὐσθενὲς
1277 5291 1335 5327 τε
1381 5275 1476 5328 καὶ
1513 5273 1757 5344 ἄτρωτον

194 5367 283 5436 τῆς
302 5369 566 5422 ἀνωτάτω
588 5366 773 5420 πασῶν
786 5367 992 5430 οὐσίας.
1008 5365 1278 5435 Σπήλαιον
1300 5363 1356 5417 δὲ
1377 5364 1438 5416 τὸ
1455 5364 1511 5416 έν
1539 5363 1758 5436 Χριστῷ

193 5459 336 5512 νοοῖτ⁹
374 5460 441 5514 ἂν
499 5463 534 5529 ἡ
571 5456 886 5528 Ἐκκλησία,
953 5456 1012 5509 τὸ
1071 5455 1176 5509 τῶν
1241 5455 1410 5522 ἁγίων
1445 5455 1752 5526 κατάλυμα,

192 5549 290 5602 τῶν
329 5551 696 5605 εὐσεϐούντων
742 5553 776 5621 ἡ
839 5550 1032 5618 σκέπη,
1074 5549 1145 5618 ἣν.
1181 5547 1490 5601 κατοικοῦσι
1533 5546 1752 5610 δίκαιοι,

255 5689 291 5718 ⁹¹
325 5689 460 5744 Gen.
507 5705 616 5755 xu,
649 5690 736 5745 26.
815 5689 860 5720 θ’
892 5688 1079 5744 Matth.
1110 5706 1160 5755 v,
1201 5690 1278 5745 l5.

258 5805 330 5876 ει)
359 5806 496 5862 Cod.
537 5807 656 5863 Vat.
691 5805 1139 5878 κατεσκληκότος.

1860 4631 1924 4686 dc
1955 4632 2142 4701 probis
2194 4633 2330 4689 viris
2355 4635 2622 4703 scriptum
2661 4653 2673 4688 :
2717 4655 2734 4687 ι
2758 4635 2862 4702 Qui
2897 4635 3142 4690 ambulat
3172 4636 3230 4691 in
3281 4638 3441 4708 justi-

1859 4720 1952 4787 tia,
1981 4732 2035 4778 et
2065 4724 2312 4794 loquitur
2336 4733 2543 4780 rectam
2582 4726 2762 4792 viam;
2794 4727 2887 4797 qui
2932 4727 3048 4781 odit
3089 4726 3437 4799 injustitiam,

1855 4823 1912 4870 et
1944 4816 2319 4888 iniquitatem,
2378 4829 2435 4875 et
2479 4821 2690 4877 excutit
2735 4835 2930 4875 manus
2989 4835 3018 4873 a
3065 4821 3432 4886 muneribus;

1857 4910 1953 4981 qui
1976 4909 2199 4964 obturat
2254 4924 2440 4974 aures,
2467 4925 2538 4966 ne
2586 4911 2776 4966 audiat
2821 4913 3093 4984 judicium
3133 4913 3438 4984 sanguinis,

1861 5013 1916 5057 et
1943 5001 2147 5056 claudit
2176 5002 2390 5068 oculos,
2422 5018 2490 5058 ne
2514 5003 2698 5059 videat
2732 5004 3060 5075 injustitiam
3086 5021 3099 5057 :
3131 5005 3220 5061 hic
3280 5005 3439 5060 habi-

1863 5092 1999 5146 tabit
2034 5091 2088 5144 in
2125 5090 2346 5146 sublimi
2391 5093 2651 5162 spelunca
2695 5103 2863 5163 petrae
2904 5093 3076 5148 ﬁrma:
3093 5093 3162 5152 “.
3191 5112 3207 5145 ι
3237 5093 3438 5150 Alfeni

1863 5194 2044 5239 autem
2079 5192 2136 5239 et
2193 5184 2296 5239 alia
2349 5183 2521 5253 possit
2559 5201 2589 5238 a
2618 5184 2776 5240 nobis
2826 5202 2935 5240 non
2986 5185 3223 5241 absurda
3275 5188 3438 5259 hujus

1863 5275 1968 5329 loci
2001 5275 2289 5344 expositio.
2306 5275 2463 5329 Petra
2496 5275 2716 5345 quidem
2739 5275 2990 5331 Christus
3011 5284 3096 5332 est
3121 5278 3190 5344 ³⁵,
3213 5289 3436 5349 propter

1865 5366 2077 5420 ﬁrmam
2107 5366 2253 5420 illam
2288 5374 2343 5419 et
2378 5366 2637 5420 invictam
2685 5384 2958 5437 suprema:
3007 5369 3254 5424 omnium
3312 5371 3440 5424 sub-

1864 5457 2076 5512 stantia:
2114 5466 2389 5511 naturain.
2435 5458 2602 5512 Porro
2647 5460 2909 5528 spelunca
2959 5461 3072 5525 illa,
3117 5461 3172 5516 in
3218 5462 3437 5516 Christo

1862 5549 2091 5618 intelligi
2131 5557 2308 5618 potest.
2361 5551 2625 5613 Ecclesia,
2689 5567 2883 5616 nempe
2930 5553 3064 5608 illud
3124 5561 3451 5610 sanctorum.

1358 5690 1401 5720 93
1435 5689 1571 5744 Gen.
1605 5704 1709 5754 xxx,
1737 5688 1820 5742 50.
1904 5690 1948 5721 ’τ’
1980 5689 2078 5744 lsa.
2117 5705 2298 5754 χχχιιι,
2336 5689 2415 5752 lii,
2447 5689 2525 5744 l6.
2603 5689 2648 5722 ’⁵
2683 5689 2844 5746 lCor.
2870 5706 2922 5758 κ,
2949 5691 2998 5745 4.
