4076 6508
550 421 652 476 183

1567 418 1622 470 S.
1664 402 1939 471 CYRILL!
1978 413 2448 471 ALEXANDRINI
2484 413 2800 471 ARCHIE‘P.

3688 421 3787 476 ιει

535 534 830 589 hominum
864 535 1249 599 diversorium,
1284 535 1613 603 piorumque
1663 539 1891 595 tectum,
1920 530 1977 584 in
2005 546 2115 600 quo

2237 532 2311 585 ιαὶ
2365 531 2469 602 μὴν
2494 532 2609 585 ὅσοι
2665 532 2764 602 τὴν
2816 530 2904 584 διὰ
2937 532 3108 602 πυρὸς
3177 531 3569 604 παραιτοῦνται
3611 533 3786 606 δίκην.

543 624 675 696 justi
717 625 820 678 viri
843 625 1111 691 habitant,
1133 632 1190 681 et
1227 625 1542 694 quicunque
1588 625 1730 696 ignis
1784 627 2117 698 supplicium

547 717 811 771 evadunt.

619 806 815 860 PALL.
839 805 1009 871 Quam
1051 806 1308 875 przeclare
1344 808 1479 860 mihi
1511 808 1716 864 habere
1759 810 1979 865 videtur
2004 811 2122 867 haec

546 896 849 966 expositio!
887 896 994 951 Sed
1028 897 1191 951 velim
1231 898 1488 968 equidem
1530 900 1654 955 aliis
1702 904 2127 972 quamplurimis.

548 984 966 1051 probationibus
994 996 1317 1055 praesentem
1359 987 1538 1041 locum
1562 1004 1592 1042 a
1624 997 1677 1044 te
1715 993 1943 1046 versari.
1985 993 2121 1055 Nam

548 1075 604 1128 id
642 1076 781 1129 velle
806 1076 966 1145 plene
994 1092 1349 1147 cognoscere,
1390 1079 1537 1149 quod
1575 1081 1710 1136 utile
1731 1090 1835 1146 est,
1873 1098 1973 1153 ego
1994 1083 2119 1153 qui-

548 1164 671 1219 dem
704 1165 928 1234 plurimi
952 1166 1201 1221 fecerim.

620 1252 778 1307 CYR.
831 1254 1017 1324 Atqui,
1059 1257 1285 1320 Palladi,
1338 1268 1394 1313 et
1443 1261 1803 1331 congruentia
1832 1261 1991 1317 dicis.
2026 1265 2123 1319 Est

548 1346 718 1409 enim,
753 1356 812 1398 ut
836 1348 1053 1415 opinor,
1085 1364 1148 1402 ea
1178 1365 1268 1403 res
1290 1352 1490 1404 mentis
1523 1351 1682 1423 longe
1704 1354 2123 1413 studiosissima:

549 1436 783 1501 fructus,
824 1447 880 1491 et
912 1454 1031 1493 mea
1072 1440 1251 1494 oratio
1298 1442 1587 1512 segnitiem
1637 1460 1856 1499 omnem
1915 1449 2123 1516 vincet,

551 1527 809 1595 quoniam
837 1543 906 1582 ne
939 1528 1075 1583 mihi
1128 1531 1351 1599 quidem
1397 1533 1500 1602 ipsi
1548 1549 1767 1603 aequum
1805 1536 2025 1592 videtur
2069 1540 2123 1594 in

555 1625 663 1671 tam
693 1618 969 1687 praeclaris
1016 1628 1235 1691 tamque
1261 1623 1523 1692 jucundis
1552 1628 1904 1682 sermonibus
1955 1630 2124 1684 silen-

554 1711 714 1776 tium,
757 1711 804 1765 si
855 1711 1169 1782 importune
1202 1715 1509 1787 irrepserit,
1550 1725 1757 1773 tenere.
1808 1719 1916 1789 32
1958 1721 2129 1793 igitur

553 1801 611 1855 in
646 1802 965 1857 universum
1001 1805 1366 1875 omnibusque
1400 1807 1579 1861 modis
1598 1808 1666 1862 ab
1695 1808 2004 1875 affectione,
2037 1827 2126 1867 so—

553 1895 864 1964 cietateqne
887 1895 1208 1951 vitiosarum
1243 1912 1445 1959 rerum,
1465 1898 1645 1967 quoad
1686 1915 1775 1954 res
1796 1900 2023 1969 patitur,
2046 1918 2131 1956 se-

546 1985 769 2055 junctos
794 2001 893 2040 nos
940 2002 1060 2041 esse
1110 1995 1401 2056 oportere:
1439 1988 1744 2056 quinetiam
1797 2006 1907 2045 non
1966 1991 2128 2047 aliter

552 2076 714 2131 nobis
736 2093 897 2147 posse
926 2078 1264 2147 contingere,
1300 2086 1359 2131 ut
1379 2077 1445 2132 ad
1474 2079 1735 2132 virtutem
1762 2096 2128 2149 recurramus,

552 2185 717 2238 quam
748 2169 853 2223 hoc
884 2170 1003 2239 ipso
1040 2170 1225 2232 modo,
1268 2185 1378 2237 quo
1424 2169 1684 2233 diximus,
1740 2172 1859 2227 sine
1888 2174 2000 2229 ullo
2031 2191 2129 2230 ne-

555 2260 706 2331 gotio
762 2260 1283 2329 contemplabimur,
1324 2260 1368 2314 si
1405 2260 1605 2314 mentis
1645 2261 1838 2315 oculos
1876 2262 2131 2333 injeceri-

555 2366 680 2405 mus
723 2358 837 2403 tum
866 2350 921 2406 in
960 2367 1022 2405 ea
1077 2366 1198 2420 qua:
1260 2350 1422 2404 beato
1470 2350 1701 2406 Abrahaa
1756 2353 2123 2422 contigerunt,

556 2451 671 2496 tum
697 2458 819 2512 qua:
847 2443 902 2496 in
936 2443 1089 2497 exitu
1132 2442 1373 2496 ﬁliorum
1428 2441 1598 2497 Israel
1634 2444 2010 2505 admirabilius
2036 2462 2132 2516 ge-

556 2543 639 2587 sta
664 2542 813 2596 sunt,
853 2548 1019 2601 quam
1049 2542 1110 2586 ut
1136 2534 1387 2587 oratione
1416 2534 1680 2602 explicari
1725 2536 1958 2604 possint,
2007 2552 2132 2591 cum

556 2624 674 2679 suis
700 2624 1059 2694 temporibus,
1096 2625 1339 2679 ell'ractis
1373 2624 1609 2696 Egyptii
1660 2626 1972 2692 dominatus
2014 2630 2132 2684 vin-

558 2716 722 2778 culis,
762 2724 892 2770 sunt
908 2715 1133 2785 egressi.

629 2806 828 2861 PALL.
858 2806 1175 2875 Exsequere
1212 2806 1382 2876 igitur
1410 2808 1623 2878 singula
1661 2826 1674 2862 :
1726 2810 1805 2864 sic
1850 2811 1998 2865 enim
2038 2811 2134 2871 ha-

561 2897 711 2961 beto,
740 2897 1031 2953 maximam
1061 2906 1113 2953 te
1155 2899 1323 2953 nobis
1362 2900 1701 2970 voluptatem
1740 2903 2055 2969 allaturum,
2087 2904 2133 2958 si

562 2989 616 3045 id
659 2988 838 3044 facere
863 3006 1151 3060 aggressus
1182 2990 1373 3046 fueris.

630 3082 787 3136 CYR.
813 3082 1141 3138 Dicebamus
1178 3082 1386 3153 itaque,
1424 3085 1645 3139 beatum
1684 3085 1959 3140 Abraham
2008 3102 2137 3141 cum

2291 814 2498 867 IIAAA.
2536 814 2623 877 Ὡς
2648 806 2774 881 εὖγε
2796 814 2946 882 ἡμῖν,
2971 806 3015 864 ὦ
3036 812 3154 874 τᾶν,
3178 812 3207 863 ό
3233 810 3390 878 λόγος
3416 808 3549 879 έχειί
3582 808 3793 863 Βουλοί-

2228 922 2334 976 μην
2364 905 2407 957 δ’
2437 903 2502 958 ἂν
2547 904 2719 972 ἔγωγε
2752 905 2847 956 καὶ
2880 903 2946 955 δι’
2982 903 3185 975 ἐτέρων
3221 903 3362 955 ὅσων
3400 904 3534 973 ἡμῖν
3579 901 3796 955 ἀποδεί-,

2222 997 2356 1063 ξεων
2376 996 2510 1049 ἰέναι
2534 995 2595 1049 τὸ
2625 995 2940 1073 γύμνασμα.
2970 994 3042 1047 Τὸ
3063 996 3172 1064 γάρ
3193 1011 3274 1046 τοι
3300 993 3473 1061 φιλεῖν
3509 992 3793 1059 ἐξεπίστα-

2225 1088 2347 1141 σθαι
2380 1089 2648 1151 πλουσίως
2688 1090 2748 1141 τὸ
2801 1088 2993 1141 τελοῦνη
3022 1089 3101 1150 εἰς
3136 1086 3343 1157 ὄνησιν,
3388 1086 3681 1156 οίησαίμην
3727 1083 3801 1138 ἂν.

2223 1178 2399 1247 ἔγωγε
2428 1178 2520 1232 τοῦ
2557 1178 2756 1241 παντὸς
2786 1176 2954 1241 ἀξιον.

2294 1270 2458 1323 ΚΥΡ.
2487 1270 2597 1323 Καὶ
2627 1269 2753 1341 μὴν,
2777 1262 2821 1320 ὦ
2838 1266 3122 1333 Παλλάδιε,
3145 1266 3217 1320 τά
3241 1282 3304 1334 γε
3332 1265 3516 1320 εἰκότα
3543 1266 3669 1336 φής.
3692 1264 3795 1338 Εῖη

2224 1360 2333 1430 γὰρ
2375 1360 2441 1413 ἂν
2466 1360 2702 1423 διανοίας
2735 1362 2867 1429 ἡμῖν
2896 1361 2995 1427 τῆς
3018 1359 3098 1421 είς
3122 1358 3203 1411 ὅτι
3230 1357 3464 1426 μάλιστα
3499 1341 3801 1428 φιλομαθεέ

2228 1452 2429 1523 στὰτης
2453 1452 2512 1505 τὸ
2541 1452 2729 1521 χρῆμα
2764 1449 2997 1521 καρπὸς,
3025 1448 3184 1502 ὄκνου
3234 1448 3293 1501 δὲ
3337 1448 3575 1518 ἀμείνων
3600 1448 3629 1499 ὁ
3660 1448 3799 1518 πρὸς

2226 1543 2382 1614 ἡμῶν
2421 1541 2573 1603 ἔσται
2605 1541 2781 1608 λόγος,
2807 1540 2866 1591 οὑ
2894 1538 2953 1591 τὸ
2984 1538 3115 1591 αὑτό
3148 1554 3237 1607 μοι
3262 1537 3471 1602 δοκοῦν,
3505 1538 3618 1601 τοῖς
3655 1537 3807 1595 οὕτω

2227 1634 2501 1705 λαμπροῖς
2541 1632 2635 1685 xui
2685 1629 3024 1701 ἀξιεράστοις
3065 1629 3391 1699 διηγήμασι,
3440 1628 3540 1698 τὴν
3588 1628 3688 1680 οὑκ
3741 1630 3801 1680 ἐν

2228 1724 2404 1795 καιρῷ
2430 1723 2925 1795 παρειστρέχουσαν
2947 1721 3254 1790 ἐπασκῆσαι
3281 1721 3460 1789 σιγήν.
3487 1719 3694 1774 Οὐκοῦν
3718 1722 3803 1776 ὅτι

2229 1816 2327 1885 τῆς
2354 1815 2490 1886 πρὸς
2510 1814 2578 1867 τὰ
2618 1813 2794 1883 φαῦλα
2825 1810 3117 1873 διαθέσεως
3138 1828 3197 1863 τε
3233 1810 3327 1865 καὶ
3364 1810 3649 1873 κοινωνίας
3689 1813 3804 1867 είσε

2230 1905 2375 1961 άπαν
2402 1921 2460 1956 τε
2483 1904 2578 1957 xui
2597 1902 2903 1972 όλοτρόπως
2932 1899 3405 1969 ἀποσχοινίζεσθαι
3420 1900 3534 1971 χρὴ
3569 1902 3711 1955 κατά
3740 1902 3813 1964 τὸ,

2230 1994 2541 2065 ἐγχωροῦνο
2580 1993 2676 2047 xui
2708 1993 2814 2063 μὴν
2834 1993 2916 2045 ὅτι
2949 1991 3010 2044 τὺ
3053 1990 3309 2062 ἀναθρείν
3355 1990 3613 2048 δύνασθαι
3664 1994 3806 2064 πρὸς

2230 2085 2451 2159 ἀρετὴν,
2499 2085 2835 2154 προσγένοιτ’
2876 2083 2941 2136 ἂν
2978 2084 3075 2153 οὐχ
3103 2082 3325 2153 ἑτέρως,
3364 2083 3397 2154 ἢ
3436 2083 3574 2137 κατὰ
3612 2085 3805 2138 τοῦτον

2231 2176 2393 2231 αὐτὸν
2424 2174 2518 2228 τὸν
2552 2175 2773 2246 τρόπον,
2794 2174 3027 2242 ἀπονητὶ
3051 2173 3421 2244 θεωρήσομεν,
3444 2175 3543 2245 τῆς
3564 2174 3808 2238 διανοίας

2232 2267 2323 2319 τὸν
2348 2265 2625 2336 ὀφθαλμὸν
2657 2266 2891 2329 ἐνιέντες
2939 2261 2998 2318 εὖ
3032 2264 3219 2334 μάλα,,
3244 2265 3339 2318 xui
3379 2268 3491 2327 τοῖς
3528 2265 3669 2318 κατὰ
3709 2267 3809 2318 τὸν

2235 2356 2521 2409 Θεσπέσιον
2556 2356 2832 2427 Ἀϐραὰμ,
2884 2355 2979 2408 xui
3006 2358 3118 2417 τοῖς
3153 2355 3293 2425 ὑπὲρ
3324 2354 3480 2422 λόγον
3510 2356 3811 2425 κατωρθω-

2238 2447 2417 2517 μένοις
2440 2447 2532 2499 ἐπὶ
2565 2448 2630 2516 τῇ
2660 2444 2825 2521 ἐξόδῳ
2849 2445 2969 2497 τῶν⁴
2997 2444 3057 2507 ἐξ
3099 2443 3336 2513 Ἰσραὴλ,
3369 2445 3435 2513 ἦν
3480 2444 3814 2515 πεποίηνται

2234 2539 2377 2592 κατά
2404 2539 2629 2607 καιροὺς
2662 2538 2764 2608 τῆς
2806 2536 3117 2604 Αἰγυπτίων
3157 2535 3491 2601 πλεονεξίας,
3533 2535 3601 2588 τὰ
3628 2535 3814 2605 δεσμὰ

2233 2628 2642 2709 διαρρήξαντες.

2304 2808 2512 2860 IIAAA.
2547 2804 2726 2876 Φράζε
2750 2802 2814 2874 δὴ
2850 2797 2942 2865 οὖν
2983 2802 3087 2856 ἀνά
3132 2804 3314 2872 μέρος.
3355 2802 3441 2864 ἀς
3484 2797 3543 2854 εὖ
3586 2800 3697 2854 ἴσθι
3723 2818 3821 2868 τοι⁵

2237 2898 2505 2962 πλουσίως
2529 2898 2677 2968 ἡμᾶς
2697 2895 3021 2967 εὐφραίνων,
3051 2896 3096 2947 εί
3127 2894 3258 2973 δρᾷν
3284 2894 3424 2945 ἕλοιο
3454 2894 3609 2949 ταυτί

2306 3072 2472 3135 ΚΥΡ.
2517 3071 2808 3143 Ἐλέγομεν
2842 3071 3043 3135 τοίνυν,
3072 3070 3149 3132 ὼς
3190 3069 3451 3139 ἀφορήτῳ
3483 3070 3611 3123 ποτέ
3642 3069 3814 3138 λιμῷ,

561 3174 704 3229 fame
730 3176 1005 3244 quondam
1033 3176 1387 3240 intolerabili,
1411 3185 1466 3231 et
1491 3178 1922 3232 necessariarum
1947 3194 2133 3233 rerum

2238 3166 2333 3219 xui
2361 3169 2481 3229 ταῖς
2513 3165 2623 3219 τῶν
2670 3163 2983 3232 ἀναγκαίων
3025 3161 3255 3224 ἐνδείαις
3306 3159 3737 3230 ἐκπεπιεσμένος
3786 3164 3823 3217 ὁ

564 3264 747 3335 inopia
820 3275 1193 3336 premeretur,
1232 3283 1343 3320 non
1378 3276 1570 3336 sponte
1599 3268 1667 3321 ad
1717 3268 1997 3339 Egyptios
2045 3270 2141 3323 dc-

563 3356 864 3418 scendisse,
899 3356 996 3410 sed
1035 3358 1348 3412 necessitati
1391 3358 1764 3413 succubuisse.
1835 3359 1993 3414 llunc
2038 3361 2140 3415 ho-

561 3443 761 3514 Spitem
787 3454 843 3499 et
872 3446 1139 3503 advenam
1168 3446 1435 3502 molestiis
1455 3448 1643 3502 multis
1660 3456 1716 3502 et
1743 3448 1961 3518 injuriis
1994 3450 2139 3504 Pha—

563 3549 661 3588 rao
688 3535 923 3590 vexavit.
966 3536 1102 3589 Nam
1155 3537 1303 3590 illius
1355 3538 1643 3606 coniugem
1693 3537 1897 3594 violare
1944 3538 2137 3603 voluit,

562 3626 959 3697 intemperanti
983 3629 1212 3687 libidine
1237 3630 1303 3684 ad
1329 3630 1630 3701 turpissimi
1654 3629 1842 3701 ﬂagitii
1865 3631 2138 3700 cupidita-

562 3728 674 3773 tem
704 3719 981 3774 incensus.
1019 3720 1079 3774 ld
1122 3737 1288 3790 porro
1333 3729 1395 3774 ut
1433 3719 1694 3786 ellicerct,
1734 3739 1844 3777 non
1892 3722 2141 3792 permisit

563 3810 727 3865 Deus.
768 3828 785 3860 ι
818 3809 1133 3880 Flagellavit
1159 3811 1328 3873 enim,
1359 3832 1376 3861 ι
1410 3810 1610 3880 inquit,
1638 3832 1655 3863 ι
1683 3813 2024 3868 Pharaonem
2048 3812 2143 3867 ﬂa-

562 3898 717 3968 gellis
739 3898 991 3953 maximis
1011 3908 1233 3969 prOpter
1257 3900 1445 3953 Suram
1474 3917 1696 3955 uxorem
1724 3902 1998 3959 Abraham
2019 3904 2087 3956 ".
2116 3918 2147 3954 ι’

562 3990 660 4044 Est
705 3997 889 4044 autem
947 3992 1160 4047 Pharao
1206 3991 1377 4061 ﬁgura
1431 4000 1598 4061 atque
1641 3992 1818 4063 imago
1856 3994 2143 4049 diabolica:

564 4082 1036 4151 intemperantiae;
1080 4083 1135 4136 id
1190 4083 1338 4137 enim
1387 4082 1477 4138 ille
1536 4093 1775 4154 spectat,
1818 4085 1875 4139 in
1909 4102 2139 4155 eamque

562 4190 680 4229 rem
705 4176 855 4229 omni
896 4175 1080 4229 studio
1124 4175 1419 4239 incumbit,
1454 4183 1515 4228 ut
1564 4176 1618 4228 in
1653 4183 1964 4229 sanctorum
1995 4177 2141 4230 viro—

561 4283 685 4324 rum
712 4276 924 4322 mentes
966 4268 1175 4321 semina
1217 4282 1327 4321 sua:
1356 4266 1693 4336 impuritatis
1744 4267 2018 4330 infundat,
2078 4275 2139 4320 ut

561 4361 642 4418 illi
666 4368 953 4429 exoptatos
992 4360 1379 4430 jucundosque
1425 4358 1638 4412 fructus
1675 4358 1920 4426 pariant:
1957 4358 1993 4411 ii
2037 4374 2140 4411 au.

564 4461 674 4505 tem
730 4460 881 4515 sunt,
946 4460 1007 4505 ut
1045 4451 1271 4520 Opinor,
1309 4450 1629 4509 :variorum
1683 4449 2137 4518 diversorumque

2242 3259 2527 3321 θεσπέσιος
2590 3257 2859 3327 Ἀϐραὰμ,
2922 3255 2983 3308 οὐ
3036 3254 3264 3325 θελητὴν
3316 3255 3553 3306 ἐποιεῖτο
3584 3253 3682 3323 τὴν
3728 3254 3819 3317 είς

2238 3350 2515 3417 Αἴγυπτον
2545 3347 2787 3411 κάθοδον,
2806 3346 2903 3399 καὶ
2932 3348 3052 3409 ταῖς
3076 3345 3345 3413 ἀνάγκαις
3364 3345 3532 3408 ἐδίδου
3558 3346 3814 3414 κρατεῖν.

2240 3440 2400 3493 Ξένον
2423 3440 2479 3492 δὲ
2511 3440 2638 3493 ὄντα
2668 3438 2763 3490 καὶ
2794 3436 3017 3507 ἔπηλυν,
3055 3436 3251 3499 λύπαις
3280 3437 3375 3489 καὶ
3416 3434 3755 3499 πλεονεξίαις
3787 3435 3821 3495 δ

2238 3528 2439 3601 Φαραὼ
2473 3526 2819 3598 κατῃκίζετο.
2850 3526 2962 3598 Τὴν
2979 3526 3086 3595 γάρ
3112 3542 3197 3578 τοι
3222 3524 3635 3596 συνῳκισμένην
3659 3523 3821 3595 αὐτῷ

2243 3618 2539 3689 παραλύειν
2588 3617 2799 3688 ἦθελεν,
2837 3616 3048 3686 ἡδοναῖς
3094 3614 3352 3686 ἀκράτοις
3382 3616 3817 3686 ἐκκεκαυμένος,

2240 3712 2320 3773 είς
2348 3710 2739 3781 αἰσχρουργίας
2783 3709 2989 3777 ἔφεσιν.
3026 3707 3383 3778 Κατορθῶσαι
3406 3708 3460 3761 δὲ
3494 3709 3670 3773 τοῦτο,
3710 3711 3823 3763 οὐκ

2240 3799 2394 3868 ἠφίει
2440 3799 2592 3862 Θεός.
2630 3818 2648 3849 ι
2687 3799 2893 3851 Ἢτασε
2948 3796 3081 3868 γὰρ,
3132 3817 3151 3847 ι
3184 3798 3339 3866 φησὶ,
3394 3815 3414 3849 ι
3465 3797 3557 3850 τὸν
3610 3798 3820 3868 Φαραὼ

2241 3892 2496 3960 ἐτασμοῖς
2567 3888 2825 3961 μεγάλοις
2897 3890 3025 3960 περὶ
3082 3889 3298 3960 Σάρρας
3372 3889 3474 3958 τῆς
3552 3890 3819 3956 γυναικὸς

2254 3982 2522 4053 Ἀϐραάμ.
2558 4000 2575 4032 ›
2616 3979 2793 4034 Είκὼν
2822 3981 2877 4033 δὲ
2905 3980 2999 4033 xui
3031 3979 3200 4043 τύπος
3230 3982 3258 4033 ὁ
3283 3978 3480 4050 Φαραὼ
3499 3978 3819 4050 διαδολικῆς

2241 4073 2532 4143 ἀκρασίας.
2563 4073 2770 4134 Σκοπὸς
2823 4071 2933 4141 γὰρ
2967 4072 3158 4141 ἐκείνῳ
3191 4071 3283 4122 xui
3323 4070 3431 4123 τῶν
3459 4070 3542 4123 ὅτι
3576 4069 3830 4139 μάλιστα

2239 4164 2767 4233 διεσπουδασμένων,
2800 4162 2860 4216 τὸ
2892 4164 2984 4216 xui
3024 4164 3142 4224 ταῖς
3178 4161 3286 4214 τῶν
3321 4160 3488 4229 ἁγίων
3532 4160 3817 4212 συνέσεσιν

2242 4257 2442 4309 ἐνιέναι
2465 4255 2636 4323 φιλεῖν
2656 4254 2753 4323 τῆς
2782 4253 3005 4322 ἐνούσης
3023 4251 3169 4321 αὐτῷ
3184 4250 3523 4323 ἀκαθαρσίας
3543 4249 3610 4304 τὰ
3643 4251 3818 4321 σπέρ⁴

2246 4365 2412 4418 ματα,
2445 4346 2521 4409 ὡς
2549 4346 2614 4399 ἂν
2651 4345 2853 4411 ἕλοιντο
2896 4345 3263 4413 καρποφορεῖν
3290 4342 3359 4395 τὰ
3390 4342 3537 4413 αύτῷ
3575 4342 3704 4411 φίλα
3750 4360 3819 4407 τε

2242 4441 2335 4492 καὶ
2366 4438 2484 4491 καθ’
2523 4436 2737 4507 ἡδονήν.
2772 4431 2894 4499 Εἶεν
2926 4434 2969 4487 δ’
3002 4434 3067 4487 ἂν
3099 4430 3255 4505 οἶμαι
3282 4436 3461 4499 ταυτὶ,
3495 4434 3563 4487 τὰ
3586 4436 3667 4497 είς
3709 4452 3815 4488 τιο-

563 4551 912 4609 peccatorum
940 4542 1189 4595 crimina.
1213 4540 1391 4608 Atque
1419 4539 1567 4593 illius
1594 4538 1817 4607 quidem
1846 4540 1897 4592 vi
1956 4547 2011 4593 et
2051 4540 2134 4593 in-

2242 4530 2507 4595 λύτροπον
2554 4528 2822 4599 ἁμαρτίαν
2862 4527 3203 4596 ἐγκλήματα.
3240 4525 3350 4583 Καὶ
3376 4525 3526 4595 ἀλοίη
3572 4525 3670 4594 μὲν
3702 4528 3817 4590 πᾶς

482 4644 483 4647 ‘
558 4632 704 4703 juria
730 4647 896 4686 nemo
936 4646 1047 4684 non
1085 4638 1396 4698 caperetur,
1422 4636 1479 4683 et
1526 4630 1611 4683 vel
1647 4629 1841 4682 nolens
1886 4645 2140 4684 succum-

566 4721 724 4775 beret
778 4721 995 4787 (natura
1032 4735 1271 4789 namque
1323 4728 1512 4773 nostra
1559 4719 1877 4774 infirmitate
1932 4722 2135 4774 virium

564 4812 820 4882 laborat),
856 4813 961 4867 nisi
992 4811 1047 4866 id
1079 4812 1306 4866 minime
1342 4812 1691 4881 permitteret
1714 4812 1892 4875 Deus;
1924 4821 1979 4865 et
2013 4812 2137 4865 illos

564 4905 827 4959 adversus
862 4913 1082 4959 sanctos
1104 4903 1527 4973 viros,conatus,
1552 4918 1614 4957 ac
1642 4903 1861 4973 maligni
1888 4904 2035 4956 illius
2057 4903 2138 4956 in-

565 4996 732 5051 sidias
754 4996 1056 5050 cohiberet.
1087 4994 1195 5050 Sed
1251 5011 1360 5050 non
1409 4995 1512 5048 alia
1562 4997 1772 5048 ratione
1821 4994 2139 5064 contigisset

566 5087 727 5141 beato
751 5086 983 5143 Abrahae
1012 5087 1105 5143 illa
1133 5086 1478 5142 incommoda
1500 5087 1694 5149 vitare,
1726 5086 1829 5139 nisi
1860 5085 2139 5156 Egyptio—

568 5192 691 5230 rum
717 5178 939 5247 regione
978 5179 1201 5243 relicta,
1243 5179 1311 5233 ad
1352 5186 1594 5233 veterem
1643 5177 1796 5230 illum
1842 5177 2136 5245 divinoquc

570 5282 796 5320 munere
846 5283 1167 5324 concessum
1234 5270 1329 5323 Dei
1398 5269 1577 5323 locum
1628 5269 1978 5331 revertisset,
2032 5283 2141 5337 quo

570 5364 926 5425 posteaquam
956 5359 1232 5427 pervenit,
1282 5360 1431 5414 omni
1475 5375 1605 5413 cura
1654 5374 1881 5422 vacuus,
1920 5358 2143 5428 optimis

566 5447 766 5502 studiis
798 5463 1021 5518 operam
1044 5450 1216 5504 dedit.
1243 5451 1335 5507 Sic
1362 5451 1509 5506 enim
1541 5452 1807 5521 scriptum
1836 5460 1923 5506 est
1951 5470 1961 5503 :
1998 5471 2015 5502 ι
2039 5451 2143 5507 As-

569 5538 757 5591 cendit
807 5546 991 5592 autem
1024 5537 1295 5593 Abraham
1348 5556 1415 5593 ex
1462 5539 1716 5609 Aigypto,
1763 5540 1879 5609 ipse
1925 5546 1979 5593 et
2011 5554 2147 5592 uxor

569 5630 710 5697 ejus,
740 5630 999 5684 etomnia
1020 5632 1159 5701 ejus.
1220 5641 1274 5685 et
1320 5632 1419 5686 Lot
1456 5647 1579 5686 cum
1622 5648 1686 5687 eo
1744 5632 1799 5686 in
1841 5631 2140 5687 desertum.

650 5809 692 5843 "
716 5807 845 5865 Gen.
869 5822 917 5873 ι,
956 5807 1037 5873 12,
1077 5811 1157 5867 ti.

2244 4638 2328 4684 τις
2351 4616 2463 4682 οὖν,
2492 4621 2584 4672 xui
2600 4620 2698 4687 οὐχ
2720 4616 2859 4671 ἐκὼν
2878 4616 3224 4669 ὑποκείσεται
3251 4618 3371 4677 ταῖς
3395 4615 3600 4668 ἐκείνου
3620 4614 3819 4669 πλεον-

2244 4710 2437 4775 εξίαις.
2475 4711 2638 4763 Νοσεῖ
2669 4709 2776 4780 γὰρ
2812 4709 2845 4778 ἠ
2882 4708 3043 4777 φύσις
3075 4707 3136 4760 τὸ
3160 4706 3381 4771 ἄναλκι,
3418 4707 3601 4775 ἐφίησι
3633 4706 3823 4777 γεμὴνι

2241 4802 2358 4856 οὔτι
2389 4820 2491 4856 που
2526 4802 2679 4865 Θεὸς,
2726 4800 3095 4871 ἀνασειράςων
3136 4798 3333 4868 τρόπον
3387 4798 3507 4851 τινὰ
3555 4800 3621 4851 τὰ
3670 4800 3818 4853 κατὰ

2243 4896 2352 4948 τῶν
2378 4894 2546 4963 ἁγίων
2585 4894 3008 4965 ἐπιχειρήματα,
3044 4892 3137 4945 xui
3164 4891 3258 4943 τοῦ
3290 4891 3526 4961 πονηροῦ
3553 4891 3651 4955 τὰς
3693 4894 3820 4945 ἐπι-

2244 4984 2460 5047 ϐουλάς.
2494 4982 2811 5053 Συμδέὸηκε
2839 4981 2893 5034 δὲ
2913 4981 3009 5049 οὐχ
3031 4981 3231 5051 ἑτέρως
3249 4981 3613 5051 διαδράναιτὰ
3639 4981 3817 5055 βλάϐη
3873 5035 3878 5056 ε

2244 5077 2334 5129 τὸν
2368 5075 2650 5128 θεσπέσιον
2701 5071 2970 5142 Ἀϐραὰμ,
3018 5072 3066 5122 εἰ
3098 5070 3192 5141 μὴ,
3224 5072 3320 5143 τὴν
3356 5071 3464 5125 τῶν
3502 5072 3817 5140 Αἰγυπτίων

2244 5170 2423 5238 ἀφεὶς,
2450 5167 2586 5237 πρὸς
2609 5165 2699 5217 τὸν
2721 5168 2777 5218 ἐν
2808 5166 2948 5236 ἀρχῇ
2979 5166 3071 5217 καὶ
3102 5164 3376 5217 θεόσδοτον
3409 5166 3818 5237 ἀναπεφοίτηκε

2240 5260 2436 5333 χῶρον,
2462 5252 2521 5313 οὗ
2546 5258 2639 5311 xui
2660 5257 2961 5328 ἀφιγμένος
2990 5255 3420 5325 σπουδασμάτων
3438 5256 3657 5325 ἀγαθῶν
3689 5274 3819 5326 σχο-

2241 5353 2387 5413 λαῖος
2418 5346 2483 5419 ἦν
2509 5346 2863 5419 ἐπιμελητής.
2900 5346 3288 5416 Γέγραπταιδέ
3312 5346 3481 5411 οὕτως
3502 5363 3514 5377 ·
3556 5368 3575 5399 ι
3618 5348 3816 5417 ’Λνέϐη

2239 5446 2296 5499 δέ
2338 5444 2587 5516 Ἀϐραὰμ
2628 5442 2685 5509 ἐξ
2720 5440 3018 5507 Αίγύπτου,
3061 5438 3224 5502 αὐτὸς
3256 5440 3347 5492 καὶ
3375 5442 3408 5510 ἡ
3453 5440 3590 5509 γυνὴ
3620 5440 3820 5510 αὐτοῦ,

2242 5538 2336 5592 xui
2366 5538 2541 5592 πάντα
2581 5535 2649 5589 τὰ
2700 5533 2889 5600 αὐτοῦ,
2936 5533 3028 5587 xui
3057 5530 3179 5586 Λὼτ
3222 5533 3339 5603 μετ’
3378 5532 3543 5586 αὑτοῦ
3592 5534 3674 5596 εἰς
3716 5534 3826 5605 τὴν

2242 5630 2465 5703 ἔρημον,
2510 5626 2758 5699 ’Δεςιηάμ
2799 5626 2855 5678 δὲ
2899 5622 2964 5695 ἦν
3016 5624 3265 5688 πλούσιος
3323 5625 3548 5698 σφόδρα,
3594 5628 3827 5699 κτήνεσι
