4076 6530
202 425 296 484 185
708 454 715 459 -
932 421 1021 475 DE
1057 419 1499 477 ADORATIONE
1537 422 1603 477 IN
1643 422 1913 483 SPIRITU
1951 425 2040 481 ET
2079 423 2448 481 VERITKFE.
2492 423 2619 477 LIB.
2658 423 2699 477 Ι.

3339 422 3441 477 186

204 538 289 589 καί
312 533 580 605 ἀργυρίῳ,
611 532 705 585 καὶ
725 530 952 602 χρυσίῳ,
981 532 1075 584 καὶ
1100 530 1369 602 ἐπορεύθη
1396 533 1518 585 ὅποι
1545 532 1765 603 ἐξῆλθεν

1868 536 2139 591 Abraham
2171 544 2351 591 autem
2371 542 2490 590 erat
2515 535 2669 589 dives
2702 516 2880 595 valde,
2907 533 3173 603 jumentis
3198 541 3254 586 et
3278 548 3433 595 auro,

204 630 275 689 είς
295 626 392 695 τὴν
422 624 627 695 ἔρημον
667 623 772 686 ἕως
808 620 1028 694 Βαιθὴλ,
1057 623 1162 684 ἕως
1198 623 1291 676 τοῦ
1319 624 1503 687 τόπου,
1535 618 1596 677 οὗ
1631 621 1697 696 ἦν
1724 628 1756 695 ἡ

207 718 367 788 σκηνὴ
393 714 560 769 αὑτοῦ
590 714 879 785 πρότερον,
926 713 1030 769 ἀνὰ
1062 714 1226 784 μέσον
1265 713 1488 784 Βαιθὴλ,
1532 715 1626 768 καὶ
1661 717 1765 769 ἀνά

210 807 618 879 μέσονἊγγαὶ,
662 807 743 867 είς
777 804 869 857 τὸν
908 805 1076 857 τόπον
1110 803 1205 857 τοῦ
1251 804 1659 878 θυσιαστηρίου,
1703 799 1764 860 οὗ

207 899 450 969 ἐποίησεν
513 899 631 949 ἐκεῖ
688 897 787 966 την
838 896 1034 967 ἀρχήν.
1093 897 1204 948 Καὶ
1264 898 1592 953 ἐπεκάλεσεν
1652 901 1768 953 ἐκεῖ

219 989 455 1060 ’Δϐραὰμ
471 989 535 1042 τὸ
555 988 724 1056 δνομα
751 988 978 1057 Κυρίου.
1006 1006 1023 1039 ι
1050 988 1244 1057 Συνίης
1269 985 1362 1041 οὖν
1384 991 1466 1043 ὅτι
1495 1008 1767 1045 συναναπ-

208 1080 369 1151 αίρειν
395 1080 611 1149 ἀνάγκη
636 1080 748 1140 τοῖς
782 1078 840 1143 ἐξ
868 1078 1137 1149 ἀκρασίας
1162 1082 1432 1153 κοσμικῆς
1465 1085 1545 1146 είς
1576 1084 1766 1155 ἑτέραν

208 1170 551 1240 ἀνατρέχουσι
585 1170 727 1241 ζωὴν
776 1170 959 1241 ίεράν,
1018 1171 1182 1225 οἱονεὶ
1227 1173 1403 1226 πάντα
1445 1174 1512 1227 τὰ
1553 1176 1764 1241 αὐτῶνς

210 1262 413 1315 πανοικὶ
441 1262 553 1333 γὰρ
594 1262 690 1314 καὶ
718 1264 1005 1329 παγγενεὶ,
1051 1263 1347 1335 προσθείην
1381 1266 1423 1318 δ’
1464 1266 1528 1319 ἂν
1554 1267 1636 1319 ὅτι
1668 1268 1762 1319 καὶ

208 1351 527 1416 πανσκευεὶ,
591 1352 692 1420 τῆς
751 1352 1063 1419 Αἰγυπτίων
1116 1354 1529 1426 ἀποδεδράμηκε
1584 1357 1691 1426 γῆς
1739 1358 1768 1410 ὁ

207 1443 498 1513 προπάτωρ
548 1442 820 1512 Ἀϐραάμ.
862 1444 955 1495 Δεῖ
989 1444 1096 1516 γὰρ
1130 1446 1435 1517 ὀλοτρόπως
1469 1448 1768 1519 ἀποφοιτᾷν

207 1534 289 1588 καὶ
327 1533 551 1586 πανοικὶ
599 1534 799 1603 τρόπον
836 1533 958 1588 τινὰ
1012 1535 1439 1606 μεθορμίζεσθαι
1481 1538 1654 1607 φιλεῖν
1690 1541 1768 1603 είς

212 1626 298 1695 τὴν
326 1624 557 1696 ἔρημον,
591 1623 736 1676 τοῦτ’
764 1624 931 1689 ἐστιν,
979 1627 1058 1687 είς
1092 1626 1530 1697 ἀπαρενόχλητον
1574 1645 1634 1680 τε
1673 1630 1768 1681 καὶ

208 1716 437 1785 καθαρὰν
467 1714 707 1778 διανοίας
735 1716 1090 1777 κατάστασιν,
1127 1717 1248 1769 ὅθεν
1287 1718 1380 1771 καὶ
1412 1720 1469 1771 ὲν
1507 1720 1699 1789 ἀρχαῖς
1734 1720 1766 1790 ἡ

206 1805 289 1859 τοῦ
321 1804 614 1878 ἀνθρώπου
663 1806 825 1873 φύσις
859 1806 1180 1876 ἐκϐέϐηκεν,
1218 1808 1394 1878 ἐνδείᾳ
1424 1808 1532 1861 τῶν
1564 1809 1767 1861 ἄνωθεν

207 1897 413 1965 ἀγαθῶν
445 1896 797 1951 ἀπονεύσασα
831 1897 966 1968 πρὸς
993 1897 1064 1950 τὰ
1082 1898 1268 1969 χείρω.
1298 1898 1468 1952 Τοῦτο
1496 1900 1605 1970 γὰρ
1634 1902 1764 1951 αίνι-

213 1987 505 2057 γματωδῶς
530 1987 969 2056 κατασημήνειεν
998 1986 1066 2040 ἂν
1110 1988 1143 2057 ἡ
1173 1989 1252 2050 είς
1291 1987 1603 2060 ἀλλοτρίους
1634 1989 1765 2041 κάθ-

205 2077 327 2141 οδος,
352 2076 464 2130 ἀπὸ
486 2078 590 2147 γῆς
618 2077 779 2129 οἱονεὶ
800 2076 893 2129 καὶ
925 2078 1129 2147 σκηνῆς
1149 2081 1247 2148 τῆς
1277 2081 1334 2131 ὲν
1358 2080 1554 2150 ἀρχαῖς
1582 2096 1639 2131 τε
1672 2079 1764 2131 καὶ

206 2167 533 2237 φιλαιτάτης,
566 2168 623 2219 ἐν
719 2166 814 2219 καὶ
838 2165 1235 2236 θυσιαστήριον.
1269 2167 1766 2238 Παλινδρομοῦντες

206 2258 300 2327 γὰρ
325 2256 525 2318 οὕτως,
557 2255 663 2318 ἕως
702 2254 769 2307 ἂν
797 2258 854 2308 ὲν
879 2255 1028 2325 τόπῳ
1050 2256 1143 2308 καὶ
1173 2255 1326 2327 χώρᾳ
1356 2256 1640 2326 γενώμεθα
1670 2256 1764 2308 τοῦ

208 2348 580 2417 θυσιαστηρίου
614 2344 709 2398 τοῦ
740 2346 797 2396 ὲν
845 2346 1061 2415 ἀρχαῖς,
1110 2345 1254 2397 τοῦτ’
1291 2345 1426 2409 ἐστι,
1466 2346 1558 2397 τοῦ
1600 2346 1765 2398 πάλαι

209 2437 643 2509 προσπεφυκότος
685 2435 985 2505 ἀγιασμοῦ,
1027 2436 1121 2491 καὶ
1164 2438 1326 2506 ἡμεῖς
1365 2436 1767 2507 ἐπικαλούμεοα

205 2529 284 2582 τὸν
305 2528 414 2581 τῶν
438 2529 577 2582 ὅλων
614 2527 768 2591 Θεὸν,
794 2526 858 2580 τὸ
886 2528 1226 2598 προφητικὸν
1257 2530 1433 2581 ἐκεῖνο
1472 2528 1765 2599 πρόσρημα

204 2619 470 2688 λέγοντες·
510 2638 529 2668 ι
561 2619 754 2687 Κύριε,
784 2620 940 2684 ἐκτὸς
974 2619 1071 2673 σοῦ
1101 2618 1258 2675 ἀλλον
1287 2620 1385 2673 οὐκ
1419 2619 1662 2690 οἴδαμεν.
1693 2620 1766 2672 Τὸ

204 2709 365 2780 ενομά
394 2726 487 2762 σου
523 2710 887 2781 ὀνομάζομεν.
936 2728 954 2761 ›

264 2891 468 2943 ΠᾹᾹΛ.
521 2888 870 2941 Ἀστειότατα
906 2888 1065 2957 ἔφης.

264 2978 421 3032 ΚΥΡ.
459 2978 620 3041 Ἰδοις
644 2977 690 3030 δ’
713 2978 779 3031 ἂν
808 2978 870 3030 τὸ
896 2979 1002 3047 χρὴ
1012 2994 1087 3047 μα
1110 2978 1240 3048 ἡμῖν
1265 2977 1361 3047 οὐχ
1393 2976 1592 3048 ὲτέρως
1621 2975 1763 3046 ἕχον,

207 3069 290 3131 καὶ
325 3069 390 3123 τὰ
421 3070 515 3122 ἐπὶ
541 3071 655 3130 τοῖς
674 3069 810 3132 υἱοῖς
852 3068 1065 3139 Ἰσραὴλ
1087 3069 1349 3137 γεγονότα
1375 3069 1513 3121 κατὰ
1544 3069 1767 3139 καιροὺς

208 3155 259 3223 εὖ
306 3160 445 3231 μάλα
475 3159 968 3230 διασκοπούμενος
1006 3158 1100 3222 οὓς
1148 3159 1377 3230 ἐπείπερ
1411 3153 1553 3212 εἷλον
1584 3161 1633 3212 οί
1667 3161 1765 3212 Λί-

209 3224 411 3321 γύπτιοι
464 3250 628 3322 λιμοῦ
678 3224 1096 3322 κατ-ωοήσαντος
1143 3252 1201 3303 ὲν
1255 3224 1449 3322 ἀργαῖς
1498 3252 1591 3303 καὶ
1638 3252 1763 3312 τοὺς
1792 3224 1834 3282 C

209 3344 394 3399 ἄνωθέν
426 3363 486 3399 τε
522 3345 617 3399 καὶ
660 3346 725 3398 ὲκ
764 3343 920 3416 ῥίζης
958 3345 1160 3414 ἁγίων,
1208 3346 1303 3398 καὶ
1343 3344 1658 3415 ἐλευθέρους
1689 3346 1769 3406 εἰς

210 3437 451 3507 ἀδόκητόν
498 3453 559 3490 τε
599 3436 693 3489 καὶ
724 3436 1058 3506 ἀμελέτητον
1089 3438 1271 3500 αὐτοῖς
1308 3434 1767 3503 καταζευγνύντες

213 3525 429 3594 θητείαν,
459 3526 668 3596 ἀγρίως
685 3526 1091 3592 κατεϐιάζοντο,
1107 3527 1207 3598 τῆς
1228 3528 1313 3580 ἐπ’
1337 3527 1530 3589 αὐτοὺς
1552 3525 1770 3596 ὠμότη-

213 3631 289 3678 τος
320 3616 527 3670 τοιάνδε
558 3615 680 3680 τινά
722 3615 1006 3680 συνθέντες
1034 3616 1134 3688 τὴν
1162 3618 1437 3689 ἀφορμήν.
1481 3636 1498 3669 ι
1543 3618 1765 3687 Ἀνέστη

215 3708 323 3777 γὰρ,
360 3728 378 3758 ι
412 3707 568 3778 φησι,
603 3726 623 3758 ι
664 3706 911 3777 βασιλεὺς
930 3708 1115 3780 ἕτερος
1145 3709 1233 3761 ἐπ’
1266 3710 1557 3777 Αἴγυπτον,
1587 3709 1644 3772 ὃς
1669 3709 1769 3763 οὐκ

215 3798 313 3867 ᾔδει
339 3799 427 3851 τὸν
473 3799 696 3870 Ἰωσήφ.
732 3796 868 3852 Εἷπε
899 3800 955 3853 δὲ
983 3800 1061 3870 τῷ
1094 3801 1240 3868 γένει
1287 3799 1448 3854 αὐτοῦ
1479 3816 1493 3830 ·
1548 3800 1677 3854 Ἰδοὺ
1707 3800 1770 3853 τὸ

214 3887 347 3952 γένος
386 3888 493 3940 τῶν
535 3888 667 3940 υίῷν
711 3888 962 3959 Ἰσραὴλ,
1000 3891 1141 3959 μέγα
1182 3888 1404 3960 πλῆθος,
1449 3889 1543 3943 καὶ
1598 3889 1768 3959 ἰσχύει

217 3976 336 4047 ὑπὲρ
363 3979 531 4047 ἡμᾶς,
571 3977 721 4031 δεῦτε
758 3978 1257 4049 κατασοφισώμεθα
1298 3980 1520 4043 αὐτοὺς,
1557 3980 1767 4049 μήποτε

218 4064 493 4137 πληθυνθῇ,
523 4068 638 4130 καὶ,
664 4066 827 4137 ἡνίκα
856 4068 950 4120 ἐὰν
979 4068 1158 4139 συμϐῇ
1191 4069 1445 4139 πόλεμος,
1472 4068 1769 4140 προστεθή-

228 4172 386 4210 σονται
428 4158 525 4210 καὶ
549 4149 697 4209 οὗτοι
731 4158 867 4228 πρὸς
900 4159 1025 4221 τοὺς
1069 4160 1441 4224 ὑπεναντίους,
1483 4161 1577 4213 καὶ
1601 4163 1767 4213 ἐκπο-

220 4245 524 4317 ἳεμήσαντες
544 4250 713 4320 ἡμᾶς,
744 4250 1119 4316 ἐξελεύσονται
1143 4254 1206 4304 ἐκ
1234 4251 1335 4321 τῆς
1354 4253 1477 4322 γῆς.
1505 4272 1521 4304 ι
1544 4252 1764 4307 Ἐλύπει

224 4335 333 4403 γὰρ,
352 4332 625 4406 οἷμαι,τὸν
652 4337 753 4408 τῆς
780 4339 1093 4406 Αἰγυπτίων
1120 4339 1413 4410 ἐξάρχοντα
1444 4341 1640 4409 γῆς,τὸ
1665 4342 1767 4394 κᾶν

226 4428 333 4495 γοῦν
373 4431 583 4484 ἑλέσθαι
635 4432 765 4484 ποτὲ
816 4431 949 4500 πρὸς
998 4431 1307 4501 ἐλευθερίαν
1354 4432 1492 4496 ίδεῖν,
1540 4435 1665 4495 τοὺς
1710 4432 1766 4500 ἐξ

227 4520 486 4589 ἀναγκαίου
520 4522 742 4593 δεσμοῦ,
773 4523 832 4575 οὐ
866 4523 1007 4576 κατὰ
1044 4522 1267 4592 γνώμην
1303 4524 1759 4603 ὑπεζευγμένους.
1794 4556 1838 4608 D

233 4612 357 4666 ιΚαὶ
370 4616 665 4685 ἐπέστησεν
680 4615 884 4677 αὐτοῖς.
906 4615 1090 4684 φησὶν,
1120 4616 1413 4679 ἐπιστάτας
1438 4616 1542 4668 τῶν
1564 4615 1761 4686 ἔργων,

231 4700 299 4753 ἶνα
324 4704 636 4758 κακώσωσιν
674 4705 871 4767 αὐτοὺς
906 4706 971 4756 ὲκ
1001 4704 1108 4757 τῶν
1138 4704 1335 4775 ἔργων,
1366 4705 1456 4757 καὶ
1484 4705 1765 4776 ᾠκοδόμη-

230 4805 311 4842 σαν
343 4794 515 4858 πόλεις
540 4793 745 4865 ὀχυρὰς
790 4793 867 4864 τῷ
914 4792 1113 4865 Φαραὼ
1145 4797 1244 4863 τήν
1287 4811 1345 4847 τε
1387 4792 1627 4854 Πειθὼν,
1678 4794 1769 4847 καὶ

237 4876 499 4954 Ῥαμεσσῆ,
532 4886 626 4937 καί
659 4878 782 4947 Ὧν,
807 4885 841 4954 ἦ
875 4886 1022 4937 ἐστιν
1064 4883 1243 4936 Ἡλίου
1286 4885 1457 4948 πόλις.
1502 4905 1518 4936 ι
1554 4886 1770 4957 Καρποὶ

229 4968 315 5040 γὰρ
352 4968 481 5043 ἦσαν
536 4976 637 5045 τῆς
662 4976 937 5045 ἀφορήτου
971 4975 1298 5041 πλεονεξίας,
1325 4976 1647 5047 τληπάθειαι
1670 4976 1767 5045 μὲν

229 5056 274 5106 αἱ
314 5058 562 5130 διηνεκεῖς
603 5062 697 5115 ἐπί
733 5079 792 5115 τε
826 5062 984 5133 πηλῷ
1021 5063 1115 5115 καὶ
1167 5064 1445 5138 πλινθείᾳ,
1482 5066 1664 5127 πόλεις
1708 5066 1764 5118 δὲ

228 5149 496 5218 περιϐόλοις
529 5152 908 5223 πυργούμεναι
935 5191 949 5215 ,
982 5153 1075 5206 καὶ
1100 5152 1207 5207 τῶν
1248 5155 1304 5207 ὲν
1348 5156 1534 5226 ἀγροῖς
1577 5156 1762 5226 χωμά·

1865 636 1920 683 et
1947 637 2203 697 argento:
2234 636 2289 681 et
2317 627 2451 680 abiit
2479 626 2673 680 itinere
2689 640 2799 693 quo
2836 631 3063 678 venerat
3085 624 3142 677 in
3157 623 3436 677 desertum

1866 736 2040 788 usque
2063 719 2271 781 Bethel,
2301 734 2475 787 usque
2513 717 2581 771 ad
2610 718 2790 771 locum
2826 715 2921 768 ubi
2958 714 3136 768 fuerat
3179 714 3436 767 taberna-

1867 813 2049 866 culum
2081 811 2202 881 ejus
2226 810 2399 880 prius,
2450 809 2555 877 33
2610 809 2753 861 inter
2781 806 2971 861 Bethel
3018 814 3073 860 et
3124 805 3346 875 Haggai,
3379 804 3436 858 in

1866 902 2047 956 locum
2077 899 2285 963 altaris,
2324 898 2471 967 quod
2504 898 2707 951 fecerat
2734 896 2808 949 ibi
2846 896 3021 965 prius,
3069 903 3125 949 et
3160 894 3439 948 invocavit

1868 993 1943 1047 ibi
1969 991 2243 1046 Abraham
2284 1004 2485 1043 nomen
2522 988 2737 1041 Domini
2767 988 2833 1039 θ’.
2873 1006 2890 1037 ›
2929 987 3196 1057 lntelligis
3244 987 3435 1055 igitur,

1867 1083 1961 1153 qui
2009 1098 2077 1136 ex
2119 1078 2543 1147 intemperantia
2586 1075 2834 1130 szeculari
2884 1074 2949 1129 ad
2996 1076 3223 1129 alteram
3268 1074 3438 1127 vitam

1868 1180 2182 1236 recurrunt,
2228 1171 2297 1225 iis
2338 1169 2522 1224 omnia
2562 1167 2725 1221 simul
2768 1182 2887 1221 esse
2920 1166 3260 1221 abducenda.
3297 1165 3433 1218 Nam

1868 1282 1994 1321 cum
2024 1265 2279 1319 universa
2322 1260 2550 1324 familia,
2604 1258 2975 1326 universoque
3026 1271 3245 1327 genere,
3304 1253 3439 1309 illud

1867 1358 2032 1412 etiam
2049 1353 2375 1417 addiderim,
2416 1366 2541 1406 cum
2578 1350 2837 1403 universa
2868 1347 3223 1416 supellectili,
3265 1345 3439 1399 Abra-

1869 1449 1995 1503 ham
2026 1445 2337 1517 patriarcha
2381 1460 2449 1499 εκ
2490 1441 2868 1513 Egyptiorum
2902 1440 3122 1508 regione
3163 1436 3434 1507 migravit.

1867 1538 2092 1609 Oportet
2129 1537 2276 1592 enim
2335 1534 2593 1590 omnibus
2644 1532 2822 1586 modis
2863 1529 3169 1591 discedere,
3216 1538 3272 1581 et
3315 1541 3439 1581 cum

1868 1631 2123 1685 universa
2155 1625 2559 1699 quodammodo
2601 1622 2808 1678 familia
2844 1621 2901 1675 in
2939 1620 3218 1674 desertum
3264 1616 3441 1670 demi-

1868 1736 2045 1791 grare,
2102 1720 2158 1775 id
2206 1728 2309 1783 est,
2356 1717 2422 1771 ad
2456 1715 2917 1785 imperturbatum
2965 1718 3021 1766 et
3075 1708 3435 1777 tranquillum

1869 1811 2035 1863 animi
2084 1816 2307 1871 statum,
2344 1806 2488 1860 unde
2525 1806 2594 1859 ab
2637 1804 2796 1857 initio
2821 1799 3061 1855 hominis
3093 1808 3288 1851 natura
3321 1796 3437 1851 dis-

1870 1904 2051 1967 cessit,
2082 1918 2205 1957 cum
2250 1902 2430 1970 inopia
2460 1912 2823 1969 supernorum
2851 1895 3121 1949 bonorum
3162 1892 3228 1945 ad
3257 1891 3444 1960 pejora

1871 1994 2205 2049 declinavit:
2242 1992 2297 2046 id
2318 1993 2467 2046 enim
2500 2007 2600 2060 per
2627 1989 2858 2057 aanigma
2912 1983 3182 2055 signiﬁcat
3220 1981 3311 2035 ille
3374 1980 3442 2034 ad

1871 2093 2083 2139 exteras
2121 2083 2375 2147 nationes
2405 2081 2724 2142 descensus,
2762 2077 2831 2132 ab
2873 2077 2966 2130 illa
2997 2074 3193 2137 veteri,
3252 2079 3308 2125 et
3348 2072 3439 2139 ju-
3479 2125 3484 2130 ,

1872 2158 2205 2229 cundissima
2241 2182 2408 2236 terra,
2439 2174 2492 2226 in
2544 2188 2649 2241 qua
2681 2171 2851 2225 altare
2887 2183 3104 2238 quoque
3128 2174 3246 2219 erat
3271 2183 3283 2217 :
3312 2178 3442 2217 nam

1873 2265 1975 2319 hoc
2001 2273 2159 2334 pacto
2188 2271 2557 2326 recurrentes,
2589 2273 2876 2329 quousque
2924 2257 2988 2311 ad
3026 2256 3205 2309 locum
3250 2270 3313 2308 ac
3349 2268 3440 2307 re-

1872 2354 2088 2423 gionem
2134 2352 2522 2422 perveniamus
2562 2348 2753 2402 altaris
2805 2348 2947 2416 ejus,
2989 2344 3135 2414 quod
3175 2343 3243 2396 ab
3280 2340 3442 2395 initio

1872 2444 2069 2508 fuerat,
2097 2444 2151 2497 id
2175 2451 2260 2497 est
2290 2442 2437 2495 illius
2461 2440 2662 2495 veteris
2685 2445 2742 2493 et
2773 2438 2936 2491 nobis
2962 2435 3146 2489 insitae
3170 2432 3441 2487 sanctita-

1874 2536 1966 2601 tis,
1994 2551 2096 2590 nos
2145 2534 2247 2604 ipsi
2288 2547 2507 2602 quoque
2561 2531 2880 2584 invocamus
2918 2542 3102 2581 rerum
3155 2524 3441 2578 universa-

1870 2643 1993 2682 rum
2052 2628 2246 2689 Deum,
2306 2622 2628 2695 prophetica
2690 2621 2784 2674 illa
2832 2619 3108 2673 dicentes:
3144 2613 3438 2676 «Domine,

1870 2726 2023 2773 extra
2062 2725 2111 2771 te
2157 2716 2325 2770 alium
2371 2730 2481 2768 non
2513 2712 2791 2776 novimus,
2822 2724 3023 2763 nomen
3071 2715 3229 2761 tuum
3282 2704 3441 2758 invo-

1869 2824 2059 2866 camus
2085 2806 2151 2862 ".
2186 2827 2203 2858 ιι

1941 2900 2137 2957 PALL.
2163 2897 2571 2969 Elegantissime
2598 2894 2804 2949 dixisti.

1940 2991 2099 3047 CYR.
2130 2991 2187 3045 Id
2219 2999 2401 3043 autem
2431 3001 2541 3042 non
2571 2986 2731 3040 aliter
2756 3001 2814 3039 se
2847 2984 3059 3038 habere
3088 2982 3245 3037 facile
3279 2982 3439 3037 intel-

1871 3082 2029 3154 liges,
2080 3083 2125 3136 si
2175 3097 2296 3151 qum
2334 3079 2459 3133 filiis
2495 3092 2714 3148 quoque
2745 3074 2916 3129 Israel
2954 3074 3068 3127 suis
3104 3072 3442 3143 temporibus

1872 3172 2215 3234 acciderunt,
2254 3170 2545 3239 diligenter
2570 3165 2879 3236 inspexeris
2925 3180 2939 3216 :
2983 3177 3123 3232 quos
3166 3178 3291 3216 cum
3332 3176 3443 3216 coe-

1866 3264 2078 3333 pissent
2106 3260 2369 3332 Egyptii,
2408 3259 2549 3313 fame
2577 3255 2889 3325 compulsos
2939 3254 3007 3308 ab
3041 3253 3221 3317 initio,
3257 3262 3312 3307 et
3336 3253 3440 3305 ho-

1867 3352 2043 3405 mines
2081 3350 2149 3404 ab
2204 3349 2322 3418 ipsa
2369 3347 2641 3416 majorum
2671 3359 2897 3398 suorum
2940 3342 3173 3412 origine,
3201 3358 3231 3396 e
3271 3342 3442 3411 stirpe

1865 3450 2179 3497 sanctorum
2203 3449 2372 3503 ortos,
2401 3448 2455 3494 et
2472 3437 2697 3498 liberos,
2718 3434 2785 3489 ad
2810 3433 3150 3502 inopinatam
3169 3442 3226 3487 et
3252 3433 3441 3487 insue-

1866 3540 1976 3587 tam
2033 3531 2420 3601 subjugassent
2464 3530 2821 3595 servitutem,
2863 3527 3191 3583 immaniter
3233 3524 3445 3578 violen-

1867 3632 2064 3694 terque
2113 3622 2445 3687 tractabant,
2474 3638 2587 3678 sua:
2622 3623 2890 3677 adversus
2930 3622 3053 3675 illos
3098 3615 3443 3673 crudelitatis

1867 3717 1971 3772 hac
1993 3716 2281 3771 occasione
2333 3716 2584 3770 conﬁcta.
2639 3735 2657 3767 ι
2689 3715 2942 3771 Surrexit
2989 3714 3197 3776 enim,»
3240 3710 3439 3781 inquit,

1875 3824 2007 3863 «rex
2027 3809 2166 3862 alter
2188 3808 2244 3861 in
2272 3806 2524 3877 IEgypto,
2555 3807 2651 3876 qui
2676 3823 2787 3863 non
2834 3815 3061 3861 noverat
3091 3804 3315 3874 Ioseph,
3347 3802 3443 3873 qui

1866 3899 2004 3954 dixit
2030 3900 2232 3969 populo
2276 3915 2407 3953 suo:
2440 3900 2580 3953 Ecce
2610 3914 2783 3970 genus
2807 3898 3043 3951 ﬁliorum
3070 3895 3236 3950 Israel
3296 3894 3443 3947 mul-

1868 4000 2103 4053 tumest,
2130 4000 2189 4046 et
2224 3991 2580 4046 multitudine
2634 3991 2779 4045 valet
2818 4005 2984 4059 super
3036 4003 3157 4042 nos.
3221 3986 3439 4048 Venite,

1866 4082 2156 4137 fraudibus
2194 4084 2569 4152 opprimamus
2599 4081 2741 4147 illos,
2767 4096 2837 4136 ne
2882 4080 3023 4135 forte
3071 4077 3441 4147 multiplicenv

1870 4180 2082 4237 tur;et
2132 4186 2259 4225 cum
2302 4171 2565 4225 acciderit
2608 4170 2770 4225 nobis
2796 4170 3024 4234 bellum,
3077 4168 3442 4238 adjungantur

1867 4260 2033 4315 etiam
2072 4259 2130 4313 hi
2184 4258 2425 4313 inimicis
2468 4258 2706 4322 nostris,
2754 4265 2831 4323 et,
2884 4255 3213 4326 expugnatis
3254 4254 3439 4315 nobis,

1869 4350 2222 4421 egrediantur
2267 4349 2334 4403 de
2374 4358 2517 4403 terra
2548 4349 2613 4401 ’9.
2648 4368 2665 4398 ι
2714 4347 2962 4418 Angebat
2998 4346 3167 4408 enim,
3220 4344 3437 4428 opinpr,

1866 4435 2241 4506 [Egyptiorum
2273 4444 2430 4489 terra:
2461 4436 2787 4505 principem,
2816 4436 2961 4505 quod
2989 4434 3071 4488 vel
3105 4432 3441 4500 respicerent

1867 4527 2160 4596 aliquando
2183 4526 2403 4579 tandem
2426 4525 2494 4578 ad
2518 4526 2853 4590 libertatem,
2911 4525 2949 4578 ii
2981 4524 3075 4592 qui
3125 4521 3441 4576 necessario

1866 4634 2042 4688 eoque
2069 4628 2267 4688 prmter
2294 4617 2608 4687 opinionem
2629 4616 2873 4681 vinculo,
2905 4614 3177 4685 subjugati
3200 4612 3436 4667 fuerant.

1875 4730 1893 4758 ο
1934 4709 2338 4778 Etprzeposuit,
2375 4729 2392 4759 ι
2440 4708 2639 4777 inquit,
2671 4728 2688 4758 ι
2721 4709 2804 4763 eis
2847 4708 3137 4777 magistros
3183 4721 3436 4775 operum,

1869 4808 1928 4853 ut
1954 4800 2256 4869 alﬂigerent
2286 4814 2381 4852 eos
2400 4799 2662 4868 operibus
2690 4816 2703 4864 ;
2755 4808 2812 4853 et
2838 4798 3245 4853 mdiﬁcaverunt
3275 4796 3441 4850 urbes

1870 4889 2109 4943 munitas
2139 4889 2431 4953 Pharaoni,
2468 4890 2683 4943 Phitom
2734 4899 2789 4944 et
2829 4891 3137 4951 Ramesses,
3189 4896 3245 4941 et
3294 4887 3434 4949 llon,

1871 4996 1992 5050 quae
2016 4988 2100 5034 est
2123 4980 2423 5049 Heliopolis
2457 4982 2494 5033 '.
2517 5001 2533 5031 ι
2560 4980 2666 5051 34
2696 4981 2762 5034 lli
2792 4995 3025 5049 namque
3052 4978 3264 5031 fructus
3280 4986 3437 5030 erant

1870 5070 2016 5122 illius
2040 5085 2151 5123 non
2190 5069 2403 5123 ferendi
2450 5069 2784 5130 dominatus,
2837 5066 3155 5121 vexationes
3216 5080 3434 5133 nempe,

1870 5168 2032 5228 atque
2060 5174 2317 5213 aarumna:
2363 5158 2596 5213 assidua:
2635 5158 2690 5210 in
2724 5157 2839 5210 luto
2877 5163 3041 5224 atque
3077 5169 3244 5222 opere
3296 5154 3433 5208 late-

224 5253 312 5291 των
330 5241 584 5313 ὲγέρσεις,
611 5244 803 5313 ἀμισθὶ
830 5244 888 5297 δὲ
918 5245 1072 5298 ταυτὶ
1092 5245 1186 5297 καὶ
1217 5246 1313 5298 σὺν
1353 5247 1535 5317 ίδρῷτι
1564 5247 1758 5318 μακρῷ

1868 5250 2005 5314 ritio,
2043 5251 2209 5305 urbes
2256 5265 2476 5320 quoque
2523 5246 2800 5301 moenibus
2840 5262 2903 5301 ac
2940 5246 3188 5300 turribus
3219 5246 3432 5310 cinctaz,

223 5332 316 5391 τοῖς
350 5334 559 5387 πονοῦσι
598 5334 989 5405 διεπεραίνετο.
1034 5336 1170 5389 Ὑπὸ
1210 5340 1366 5408 χεῖρα
1403 5337 1510 5409 γὰρ
1552 5338 1762 5402 ἑλόντες

1868 5346 1912 5392 et
1941 5354 2195 5409 aggerum
2220 5338 2273 5391 in
2291 5338 2437 5408 agris
2465 5335 2884 5391 exstructiones.
2908 5334 3034 5389 Haec
3063 5342 3245 5388 autem
3270 5348 3434 5403 opera

223 5421 302 5487 τὴν
325 5421 519 5479 ἑαυτῶν
548 5425 597 5476 οἱ
621 5424 1063 5497 κοσμοκράτορες
1091 5427 1184 5479 τοῦ
1213 5428 1407 5489 αίῶνος
1442 5427 1631 5480 τούτου
1663 5428 1763 5491 τὰς

1868 5430 1979 5484 sine
2015 5431 2119 5483 ulla
2152 5430 2427 5494 mercede,
2474 5428 2769 5497 multisque
2794 5441 2919 5481 cum
2951 5424 3246 5479 sudoribus
3279 5424 3434 5478 labo-

223 5509 383 5576 ἀθλίας
416 5516 522 5568 τῶν
564 5516 867 5588 ἀνθρώπων
899 5518 1096 5586 ψυχὰς,
1133 5519 1290 5589 πηλῷ
1332 5520 1423 5572 καὶ
1465 5519 1765 5583 πλινθείαις

222 5604 297 5652 καὶ
325 5608 423 5669 τοῖς
454 5609 534 5671 είς
572 5609 678 5679 γῆν
722 5625 780 5661 τε
824 5610 919 5663 καὶ
960 5611 1086 5682 περὶ
1119 5612 1222 5682 γῆν
1259 5613 1557 5683 δρωμένοις
1600 5613 1768 5681 ἐγκα-

276 5779 309 5809 "
333 5780 460 5849 Gen,
486 5802 541 5853 χ,
573 5786 625 5841 8.
702 5788 746 5820 ’⁸
775 5788 875 5845 Isa.
906 5805 1061 5855 χχιι,
1101 5790 1181 5844 l5.

1864 5530 2047 5577 rantes
2096 5521 2477 5591 perficiebant.
2526 5520 2811 5590 Principes
2832 5519 2984 5574 enim
3037 5518 3221 5574 szeculi
3268 5517 3433 5586 hujus

1867 5616 1961 5671 ubi
1985 5615 2088 5670 sub
2118 5614 2387 5672 ditionem
2426 5629 2583 5670 suam
2620 5612 2869 5671 infelices
2899 5613 3112 5670 animos
3148 5610 3429 5668 hominum

1259 5790 1301 5822 ⁹⁹
1327 5789 1497 5847 Exod.
1530 5806 1566 5857 l,
1609 5788 1761 5844 8-10.
1842 5790 2019 5847 ‘ibid.
2069 5792 2159 5847 2!.
2234 5790 2238 5792 Ὗ
