4046 6512
658 359 757 416 I87
1675 376 1731 431 S.
1773 378 2045 435 CYRILLI
2089 381 2256 439 με)

2245 384 2561 445 KANDRINI
2594 391 2927 449 ARCHIEP-
3762 410 3843 469 {se

662 482 945 548 ceperint,
1002 483 1059 539 in
1091 485 1208 541 luto
1247 504 1311 544 ac
1357 489 1614 547 lateritiis
1659 496 1941 564 operibus,
1988 500 2077 563 iis,
2134 501 2260 566 in-,

2251 513 2296 566 Α
2324 508 2667 579 τατρύχουσι,
2720 513 2816 565 καὶ
2858 514 3149 585 πειρασμῷ
3195 516 3410 588 πονηρῷ
3443 536 3499 572 τε
3536 522 3624 575 καὶ
3659 527 3842 601 ἀκερδεί

656 583 839 637 quam.
885 587 1006 641 qua:
1039 575 1092 629 in
1124 587 1266 631 terra
1298 589 1351 633 et
1376 579 1520 635 circa
1552 592 1754 638 terram
1791 586 1947 653 ﬁunt,
1975 606 2071 645 eos
2087 607 2221 646 con-

656 667 841 693 ίαιηιηθ
928 674 977 693 ΔΙ
1025 667 1088 693 ..ιι
1127 668 1423 693 ΙΑιιΛ-εηδηη
1460 672 1681 693 :_.__.!IA-
2054 682 2082 693 Δο

2330 575 2730 670 προσδήσαντες
2773 575 2992 673 (τοιάδε
3183 605 3251 659 τὰ
3286 575 3483 679 σαρκὸς
3517 613 3607 667 καὶ

656 667 878 729 terunt,
926 674 983 720 et
1024 667 1090 721 ad
1125 668 1427 725 laboriosas
1460 672 1796 745 inutilesque
1833 682 2224 750 occupationes

657 752 921 781 manu“..-
945 765 1103 781 -.....--
1144 758 1422 781 ,1..-.ε---.--
1452 760 1533 781 ιξικ
1572 780 1579 781 ,
1704 766 1735 781 1·
2066 773 2076 781 .
2101 773 2115 781 .

2326 667 2494 781 αδτὴν
2517 667 2653 763 ἔργα
2679 667 2928 764 φαίνεται
2956 698 2995 762 ),
3020 667 3224 767 πιέράν
3246 667 3603 768 «duim.

656 752 924 809 distentos
943 765 1105 826 atque
1139 758 1426 816 devinctos
1448 760 1739 833 (ejusmodi
1772 773 2222 839 namqueviden-

2330 752 2605 853 μόχθηρδν
2634 752 2827 856 κομιδῇ
2859 752 3247 858 καταδέχεσθαι
3286 752 3841 864 "ﬁ

659 851 749 895 tur
779 846 961 901 carnis
982 861 1168 915 opera,
1200 857 1255 903 et
1284 865 1405 918 qua:
1432 854 1579 907 circa
1619 870 1741 909 eam
1771 857 1930 925 ﬁunt)
1964 861 2219 915 acerbam

2562 875 2674 937 τοῖς
2702 846 3531 951 ’ἐπιτηδεύειν’.ἠναγκασμένοις

654 936 1026 1006 aerumnisque
1068 940 1327 997 omnibus
1379 942 1598 1010 plenam
1640 946 1809 1001 vitam
1875 948 2072 1019 degere
2131 967 2225 1007 co-

656 1034 786 1055 nuno
839 1040 958 1055 num
984 1026 1189 1055 null‘nm
1229 1044 1454 1055 ..-κυηη
1493 1033 1559 1055 ::,_
1629 1036 1715 1055 ..με
1765 1034 1813 1055 L,
1846 1039 1857 1050 ο
2040 1040 2074 1055 ι·
2227 1050 2233 1055 .

2324 936 2586 1055 ᾧφελριῖ-ν,
2618 936 2683 1017 Τί
2711 965 2818 1036 γὰρ
2851 936 2917 1020 ἀν
2959 967 3029 1021 τὰ
3075 936 3277 1039 caprea;
3319 936 3455 1043 ἔργα
3497 936 3555 1026 τε

654 1034 810 1092 gunt,
838 1040 958 1094 qua:
984 1026 1192 1081 nullam
1229 1044 1457 1098 prorsus
1492 1033 1582 1098 iis,
1623 1036 1718 1103 qui
1765 1034 2238 1111 hujusmodiOpe-P

656 1120 813 1144 ..ζμ-ιη
872 1117 1194 1144 ζηΛ-..νιιιΑ-..ε
1253 1122 1421 1144 ΑΑΑΑΑΞ
1475 1134 1598 1144 ---μι
1672 1125 1757 1144 κω.
1839 1137 1849 1144 .
1947 1131 2045 1144 --|0.
2094 1142 2101 1144 ε

2321 1026 2420 1144 τὴν
2459 1051 2649 1109 ἀθλίαν
2696 1026 2852 1127 ἤμων
2884 1057 3065 1127 ὀνήσει
3102 1026 3315 1130 ψυχήνς
3351 1026 3569 1129 Ἰέέρδος

656 1120 815 1173 ribus
872 1117 1197 1173 incumbere
1250 1122 1425 1176 coacti
1472 1134 1621 1189 sunt,
1662 1125 1857 1181 afferat
1904 1131 2220 1186 utilitatem.

2320 1117 2663 1199 ἀνακείσεται
2711 1117 2841 1217 ¹παρ’
2882 1117 3039 1217 iw.ti
3087 1117 3319 1219 δίαέτέλιρ
3363 1117 3466 1201 καὶ⁸
3502 1117 3844 1221 δσὶίμᾷσξᾞιῖ

650 1210 793 1279 Quid
839 1210 990 1265 enim
1022 1210 1220 1265 'earnis
1264 1226 1432 1281 opera
1478 1229 1543 1268 ac
1589 1217 1722 1272 vitia
1756 1220 1972 1276 miserae
2020 1233 2223 1280 nostrae

2319 1232 2557 1300 τῆς-τῶν
2592 1210 2978 1305 ἀντικειμένων
3014 1210 3302 1305 βασιλείας·
3332 1237 3556 1303 πλοῦτος
3590 1210 3730 1297 ἔσται

651 1304 848 1357 animm
888 1302 1138 1372 prosint?
1172 1302 1243 1355 Et
1281 1303 1421 1357 lucri
1466 1306 1713 1374 quaidam
1764 1310 1975 1377 species
2005 1312 2073 1365 ad
2104 1313 2224 1367 dia-

2322 1321 2578 1394 καύχημα
2600 1366 2616 1391 ,
2649 1302 2902 1397 καθάπερ
2942 1302 3133 1396 ἀμξέλει
3162 1329 3256 1382 καὶ⁹
3285 1328 3363 1398 τῷ
3390 1330 3585 1400 Φαραὼ
3619 1335 3740 1404 πρὸς

654 1394 841 1449 bolum
897 1410 961 1449 ae
999 1394 1272 1449 daemonas
1314 1397 1632 1464 pertinebit,
1684 1407 1740 1453 et
1778 1400 2217 1459 adversariorum

2325 1412 2507 1476 κλείοις
2551 1413 2610 1467 ὂν
2650 1416 2709 1467 οὐ
2757 1394 2955 1486 μικρᾶς
2985 1394 3145 1487 -ᾠετο
3189 1418 3247 1471 τὸ
3281 1394 3671 1487 ἀναδείμασθαι·
3698 1394 3844 1491 πόλεις

654 1499 823 1554 regno
856 1494 1025 1554 partae
1070 1500 1202 1555 opes
1235 1495 1401 1541 erunt
1437 1496 1492 1542 et
1522 1489 1713 1559 gloria,
1760 1493 2218 1559 quemadmodum

2324 1500 2471 1571 αὐτῷ
2486 1503 2612 1565 τοὺς
2628 1502 2689 1567 ἐξ
2724 1504 2939 1575 Ἰσραὴλ
2965 1504 3110 1558 ἀσιτί
3142 1522 3201 1558 τε
3229 1506 3322 1559 καὶ
3348 1507 3537 1577 ἀμισθὶ
3571 1510 3694 1580 πρὸς
3720 1489 3854 1575 τοῦτο,

651 1576 821 1629 etiam
862 1576 1132 1630 Pharaoni
1169 1576 1355 1646 gloriae
1408 1592 1518 1631 non
1544 1578 1809 1633 mediocri
1853 1580 1975 1644 fuit,
2013 1593 2074 1637 ut
2114 1600 2219 1653 pu-

1937 1589 1975 1644 ίθ
2013 1593 2074 1637 υί
2114 1600 2219 1653 Pu-
2323 1588 2965 1663 ἥκεινὴναγκασμὲνους.
3394 1576 3398 1577 ν
3527 1601 3534 1628 τ

655 1666 826 1731 tabat,
867 1665 1035 1721 urbes
1095 1666 1201 1720 sibi
1256 1682 1375 1721 esse
1401 1682 1432 1720 a
1467 1666 1594 1722 ﬁliis
1637 1668 1797 1723 Israel
1846 1680 2173 1740 exstructas,
2228 1692 2404 1749 neque
2440 1682 2565 1736 cibo
2606 1684 2717 1739 ullo
2758 1685 3009 1758 praebito,
3050 1701 3226 1757 neque
3266 1688 3539 1754 mercede,
3575 1706 3691 1745 eum
3722 1694 3843 1751 labo-

657 1771 771 1810 rem
800 1757 1080 1828 suscipere
1127 1758 1350 1813 coactis.

722 1851 920 1906 PALL.
972 1851 1062 1908 Sic
1116 1868 1175 1907 se
1210 1869 1299 1907 res
1334 1854 1520 1909 habet.
1569 1854 1666 1910 Est
1698 1871 1935 1927 namque
1980 1865 2074 1912 tua
2112 1860 2212 1914 ad-
2246 1867 2288 1924 Β

2246 1867 2288 1924 Β
2386 1865 2592 1920 ΠΑΛΛ.
2624 1858 2751 1920 Ὧδε
2781 1866 2915 1938 ἔχει.
2954 1866 3064 1921 Καὶ
3091 1866 3199 1937 γάρ
3223 1884 3302 1925 τοι
3334 1867 3453 1921 λίαν
3483 1870 3623 1925 ἐστὶν
3648 1872 3840 1946 ἐναργὴς

656 1941 882 1995 modum
924 1942 1151 1997 evidens
1182 1944 1378 1997 oratio.

2323 1956 2352 2007 ὁ
2382 1955 2557 2023 λόγος.
3616 1957 3718 1964 "—

717 2032 876 2089 ΟΥΕ.
914 2033 1240 2089 Nostrorum
1266 2035 1432 2105 igitur
1456 2035 1511 2089 in
1544 2037 1708 2091 terris
1745 2038 1987 2092 inanium
2017 2049 2071 2095 et
2097 2056 2227 2109 pro-

2392 2046 2556 2101 ΚΥΡ.
2607 2047 2976 2102 Ἀνατύπωσιν
3008 2049 3073 2120 δὴ
3106 2045 3198 2103 οὖν
3232 2049 3325 2105 xal.
3355 2050 3518 2103 οἱονεί
3560 2068 3667 2115 πως
3697 2055 3843 2109 είκόνα

657 2122 913 2177 fanorum
927 2125 1255 2188 studiorum,
1292 2125 1523 2179 formam
1557 2127 1960 2195 quodammodo
1990 2139 2045 2183 et
2084 2130 2224 2185 ima.-

2324 2137 2470 2207 σοιφῆ
2500 2137 2606 2192 τῶν
2641 2140 2864 2193 είκαῐων
2892 2157 2950 2193 τε
2981 2142 3075 2193 καὶ
3104 2142 3337 2212 ἀνιέρων
3371 2141 3449 2211 (l)
3485 2143 3573 2194 ὲπί
3599 2144 3691 2214 γῆς
3722 2147 3842 2214 ἡμῶν

649 2211 834 2280 ginem
851 2213 1010 2266 nobis
1045 2213 1419 2268 Israelitarum
1457 2214 1614 2267 labor
1652 2215 1919 2287 depingit,
1963 2234 2085 2273 cum
2134 2219 2222 2273 in-

2322 2229 2749 2299 σπουδασμάτων
2776 2232 2805 2284 ό
2832 2231 2940 2284 τῶν
2990 2211 3336 2303 Ἰσραηλιτῶν
3365 2211 3665 2304 ἀναγράφει

648 2308 758 2356 stet
788 2310 955 2371 atque
980 2303 1264 2357 immineat
1302 2303 1551 2367 Satanas,
1591 2306 1818 2374 ejusque
1857 2308 2088 2361 comites
2121 2324 2221 2363 ne-

2321 2318 2638 2389 ὲγκειμένου
2688 2336 2748 2372 τε
2793 2320 2887 2373 καὶ
2928 2320 3359 2389 ὲπιθρώσκοντος
3391 2320 3554 2374 αὐτοῦ
3582 2339 3636 2375 τε
3669 2324 3749 2377 τοῦ
3768 2326 3846 2378 Ya-

644 2393 927 2462 quissimaa
951 2401 1268 2463 potestates,
1304 2410 1442 2470 quos
1478 2404 1794 2448 exactorum
1848 2411 2077 2465 operum
2123 2413 2226 2452 no-

2317 2408 2475 2475 τανᾶ,
2521 2408 2617 2461 καὶ
2660 2408 2768 2461 τῶν
2817 2410 2913 2463 σὺν
2951 2409 3099 2479 αὐτῷ
3147 2409 3431 2480 δυνάμεων
3485 2410 3737 2481 πονηρῶν,
3774 2413 3842 2475 οὓς

648 2483 795 2537 mine
824 2483 1109 2553 Scriptura
1146 2483 1331 2538 divina
1366 2484 1651 2554 signiﬁcat.
1693 2486 1819 2540 Haec
1853 2503 1985 2542 vero
2034 2488 2220 2543 studia

2318 2500 2429 2561 τοῖς
2480 2498 2585 2551 τῶν
2638 2499 3016 2570 ὲργοδιωκτῶν
3059 2500 3319 2571 ὀνόμασιν
3382 2501 3416 2570 ἡ
3465 2499 3581 2553 θεία
3635 2504 3843 2571 σημαίνει

644 2589 1011 2630 ει-ιιωηοειίω
1037 2575 1420 2629 distentionem
1443 2584 1606 2645 atque
1636 2578 2047 2646 occupationem
2068 2578 2223 2647 equi-

2320 2589 2539 2660 Γραφήο
2570 2589 2660 2642 τὸν
2690 2591 2922 2662 πονηρὸν
2945 2592 3001 2643 δὲ
3029 2592 3601 2662 περισπασμὸνφαίην
3624 2592 3683 2645 ἂν
3707 2593 3844 2660 ἑγωγε

645 2664 771 2720 dem
803 2666 1059 2732 dixerim,
1082 2666 1300 2721 sudoris
1348 2682 1413 2720 ac
1446 2667 1651 2721 laboris
1680 2670 1918 2737 plenam,
1956 2684 2019 2722 ac
2067 2670 2221 2724 velut

2317 2678 2494 2743 ταυτὶ,
2524 2679 2717 2749 μεστὸν
2746 2679 2844 2750 μὲν
2876 2678 3099 2750 ἱδρῶτος
3128 2682 3223 2735 καὶ
3255 2681 3444 2744 πόνου,
3474 2681 3846 2752 ἀναπεπλησμέ-

643 2756 762 2811 luto
813 2758 1053 2826 quodam
1112 2758 1447 2828 impuritatis
1518 2775 1859 2829 cmnosaeque
1921 2761 2221 2830 voluptatis

2318 2788 2407 2824 νον
2435 2771 2491 2824 δὲ
2515 2772 2703 2844 ὥσπερ
2735 2771 2905 2843 πηλοῦ
2940 2773 3031 2826 καὶ
3066 2772 3411 2844 ἀκαθαρσίας
3433 2814 3447 2837 ,
3481 2773 3571 2826 καὶ
3616 2772 3844 2844 βορϐορώ-

643 2848 937 2916 oppletam.
973 2848 1079 2903 Sed
1129 2849 1422 2903 miseratus
1488 2858 1573 2905 est
1632 2859 1747 2904 tum
1813 2866 2033 2920 quoque
2072 2852 2220 2906 Deus

2317 2862 2439 2926 δους
2464 2863 2677 2935 ἡδονῆς.
2723 2865 2859 2917 Ἀλλ’
2893 2865 3040 2934 ἠλέει
3076 2866 3168 2918 καὶ
3199 2865 3319 2918 τότε
3348 2864 3485 2927 Θεὸς
3515 2864 3632 2926 τὼς
3662 2865 3845 2917 ἀνοσιώ-

642 2953 757 3003 eos,
797 2939 891 3008 qui
923 2956 1022 3009 per
1056 2956 1323 2994 summam
1364 2942 1698 3010 impietatem
1733 2951 1899 3011 atque
1952 2943 2216 2997 immani-

2316 2956 2455 3009 τατά
2482 2972 2541 3008 τε
2574 2956 2667 3009 καὶ
2706 2954 3022 3026 ἀγριώτατα
3061 2958 3180 3019 ταῖς
3220 2954 3327 3008 τῶν
3367 2953 3670 3021 Αἰγυπτίων
3700 2954 3844 3007 πλεον-

643 3034 811 3081 tatem
850 3028 1041 3097 iniquo
1092 3027 1473 3098 Egyptiorum
1524 3029 1806 3083 dominatu
1849 3030 2213 3092 vexabantur,

2318 3047 2487 3111 εξίαις
2519 3050 2975 3122 κατῃκισμένους,
2999 3049 3093 3102 καὶ
3136 3047 3265 3119 παρ’
3300 3047 3437 3100 αὐτὸ
3473 3046 3532 3099 τὸ
3564 3046 3722 3116 χρεὼν
3751 3047 3844 3099 δου-

642 3115 818 3185 iisque
852 3126 1051 3187 praeter
1086 3133 1247 3173 omne
1289 3120 1382 3189 jus
1422 3118 1614 3189 fasque
1646 3120 1988 3174 serviebant.
2059 3120 2212 3174 Illico

2316 3136 2588 3201 λεύοντας.
2627 3115 2926 3207 ἶῨπουργὸν
2954 3137 3066 3207 γὰρ
3090 3136 3191 3206 τῆς
3217 3115 3296 3198 εἰς
3318 3135 3519 3199 αὐτοὺς
3540 3115 3852 3206 ἡμερότητος,

641 3223 879 3278 namque
912 3224 1023 3264 suae
1055 3225 1184 3280 erga
1244 3210 1366 3265 illos
1414 3210 1772 3280 benignitatis
1820 3210 2239 3265 administruml

2249 3214 2280 3273 Β
2312 3228 2403 3281 τὸν
2431 3230 2760 3298 πανάριστον
2789 3230 2950 3293 εὐθὺς
2988 3230 3222 3282 ἐποιεῖτο
3253 3230 3483 3282 Μωσέα.
3519 3229 3587 3281 Ἦ
3624 3226 3721 3297 γὰρ
3756 3228 3847 3296 οὐχὶ

643 3296 864 3367 Moysen
922 3298 1193 3368 optimum
1254 3298 1436 3352 virum
1492 3299 1677 3369 elegit.
1710 3298 1896 3364 Quid?
1948 3315 2057 3353 non
2109 3299 2217 3353 hoe

2316 3318 2408 3370 καὶ
2434 3318 2512 3380 εἰς
2539 3296 2687 3389 ἡμᾶς
2721 3320 2914 3382 αὐτοὺς
2946 3317 3103 3372 τοῦτο
3141 3317 3352 3388 δρῶντα
3392 3317 3520 3371 Θεὸν
3553 3318 3843 3389 εὑρήσομενς

643 3388 823 3456 ipsum
856 3388 1227 3457 comperimus
1282 3390 1452 3443 Deum
1490 3405 1620 3459 erga
1658 3405 1760 3444 nos
1795 3389 2016 3444 facere?
2046 3390 2216 3443 Nobis

2315 3388 2706 3479 Διωλισθῄκόσι
2735 3409 2843 3481 γάρ
2876 3412 3005 3481 ἡμῖν
3033 3413 3111 3475 εἰς
3146 3413 3444 3483 ἁμαρτίας,
3470 3388 3733 3483 χαρίζεται
3769 3412 3844 3480 μὲν

640 3477 788 3530 enim
817 3476 874 3530 in
899 3486 1122 3545 peccata
1154 3478 1319 3546 lapsis
1352 3476 1795 3531 misericordiam
1832 3477 2102 3546 impertit,
2135 3485 2215 3530 at-

2315 3496 2404 3550 τὸν
2435 3476 2600 3564 ἔλεον,
2637 3476 2866 3571 μεσίτήν
2980 3476 3340 3573 ῶσπερ-πρὸς
3377 3476 3659 3572 ἐλευθέραν
3682 3476 3843 3569 ἀναιρέ-

642 3582 750 3637 que
770 3567 827 3621 in
846 3566 1091 3620 omnium
1131 3568 1393 3623 cordibus
1414 3568 1564 3621 illico
1594 3582 1749 3624 suam
1786 3568 1963 3638 legem
1997 3568 2211 3633 inserit,

2316 3604 2480 3659 ροντα
2522 3566 2667 3661 ζωὴν
2717 3590 2774 3643 ὲν
2811 3566 2930 3653 ταῖς
2966 3566 3219 3647 ἁπάντων
3247 3566 3521 3662 -καρδίαις
3564 3566 3648 3646 τὸν
3688 3566 3852 3669 aiatait».

641 3672 765 3727 qua:
797 3658 948 3714 velut
986 3658 1257 3715 mediator
1287 3658 1512 3729 quidam
1550 3658 1618 3713 ad
1646 3658 1879 3714 liberam
1919 3660 2023 3715 nos
2053 3668 2212 3715 revo-

1307 3658 1512 3729 [uidam
1550 3658 1618 3713 ad
1646 3658 1879 3714 liberam
1919 3660 2023 3715 nos
2053 3668 2212 3715 ret'o-
2314 3678 2476 3741 εὐθὺς
2515 3658 2691 3751 Nam
2721 3680 2905 3751 νόμον,

642 3758 730 3805 cet
755 3750 944 3807 vitam.

715 3839 910 3894 PALL.
942 3840 1192 3912 Intelligo
1225 3840 1372 3911 quod
1404 3840 1565 3896 dicis.
2386 3850 2595 3906 IIAAA.
2620 3851 2848 3924 Συνίημι
2869 3852 3044 3925 am.

710 3929 868 3985 CYR.
937 3931 1104 3987 Visne
1144 3932 1333 4002 igitur,
1389 3930 1495 4001 35
1541 3939 1623 3995 ut,
1685 3929 1916 3985 historia
1968 3929 2211 3984 breviter

2384 3942 2545 3995 ΚΥΡ.
2577 3943 2764 3998 Βούλει
2787 3944 2852 4015 δὴ
2885 3940 3002 4011 οὖν,
3036 3945 3097 3998 τὸ
3132 3944 3332 4011 πλάτος
3359 3947 3462 4017 τῆς
3498 3945 3722 4017 ἱστορίας
3747 3946 3842 3999 ἐπι-

639 4021 1058 4091 eomprehensa,
1093 4022 1274 4093 quoad
1310 4020 1429 4076 ﬁeri
1475 4022 1701 4092 poterit,
1738 4021 2097 4093 congruentia
2125 4021 2212 4076 di-

1824 4021 2097 4093 Igruentia
2125 4021 2212 4076 (Ῐί-
2312 4033 2585 4103 τεμόντες,
2617 4034 2693 4097 ὡς
2721 4034 2797 4087 ἔνι
2821 4034 2889 4088 τά
2914 4034 3100 4090 εἰκότα
3128 4035 3378 4108 λέγωμεν
3396 4054 3422 4104 λ

640 4113 873 4167 camus?

711 4202 909 4257 PALL.
929 4203 1161 4258 Maxime
1188 4218 1342 4259 vero.

1334 4245 1342 4257 ,
2381 4204 2589 4259 ΠΑΛΛ.
2622 4206 2735 4259 Καὶ
2766 4206 2932 4276 μάλα.

706 4291 867 4347 CYR.
935 4292 1026 4346 Sic
1060 4293 1230 4363 igitur
1267 4293 1535 4363 scriptum
1556 4302 1679 4349 est:
1724 4294 1891 4347 «Post
1947 4293 2063 4347 haac
2128 4292 2211 4345 in-

2380 4289 2903 4369 ΚΥΡ.Τὲγραπται
2933 4300 3111 4355 τοίνυν
3155 4302 3287 4356 ὡδί·
3324 4321 3343 4355 ι
3397 4301 3507 4357 Kal
3548 4302 3675 4373 μετά
3709 4299 3850 4355 ταῦτα.

637 4401 860 4456 gressus
882 4396 966 4441 est
991 4386 1205 4458 Moyses
1236 4396 1292 4441 et
1318 4387 1500 4442 Aaron
1521 4388 1589 4443 ad
1624 4388 2002 4452 Pharaonem;
2030 4396 2085 4441 et
2121 4387 2207 4440 di-

2310 4388 2525 4459 εἱσῆλθε
2557 4391 2759 4467 Μωσῆς
2797 4394 2889 4444 καὶ
2930 4393 3140 4463 Ἀαρὼν
3175 4394 3309 4464 πρὸς
3340 4395 3573 4466 Φαραὼ,
3614 4392 3700 4446 καὶ
3726 4386 3842 4443 εἶπεν

636 4487 837 4533 xerunt
859 4479 909 4533 ei
937 4496 949 4531 :
983 4479 1109 4534 llam
1136 4479 1549 4535 dicitDomi-nus
1570 4481 1716 4535 Deus
1745 4480 1909 4534 Israel
1938 4497 1949 4532 :
1983 4479 2207 4533 Dimitte

2244 4541 2279 4555 _
2311 4479 2479 4551 αὐτῷ’
2518 4480 2657 4534 Τάδε
2685 4480 2836 4549 λέγει
2877 4482 3083 4554 Κύριος
3121 4485 3149 4536 ὁ
3184 4484 3314 4548 Θεὸς
3375 4484 3617 4555 Ἰσραήλ·
3662 4482 3842 4548 Ἑξαπὰ

638 4568 901 4637 populum
940 4584 1144 4633 meum,
1174 4578 1236 4623 ut
1268 4570 1405 4623 mihi
1447 4569 1646 4624 festum
1696 4570 1980 4626 celebrent
2012 4570 2069 4624 in
2106 4570 2205 4625 de-

2247 4541 2284 4598 D
2314 4541 2521 4624 πειλον
2567 4572 2659 4625 τὸν
2707 4541 2834 4625 λαόν
2886 4541 3008 4643 μου,
3062 4541 3148 4627 ίνα
3200 4541 3657 4645 μοι-ἑορτάσωσιν
3702 4541 3753 4624 ὲν
3793 4573 3845 4640 τῇ

637 4666 806 4711 serto.
839 4658 907 4710 Et
938 4657 1075 4710 dixit
1103 4659 1346 4712 Pharao:
1376 4658 1509 4724 Quis
1531 4668 1635 4722 est,
1661 4669 1723 4713 ut
1757 4661 1975 4713 audiam
2016 4676 2206 4715 vocem

2309 4661 2521 4733 ἐρήμῳ.
2557 4661 2670 4715 Καὶ
2699 4658 2819 4715 εἶπε
2844 4663 3062 4734 Φαραώ*
3094 4665 3187 4727 Τίς
3217 4666 3386 4727 ἐστιν,
3416 4656 3477 4716 οὗ
3505 4660 3844 4728 είσακούσομαι

638 4745 778 4813 ejus,
821 4752 883 4797 ut
930 4743 1207 4798 dimittam
1247 4744 1388 4799 ﬁlios
1438 4744 1643 4799 Israel?
1675 4748 1794 4801 Non
1840 4747 1969 4802 novi
2019 4749 2207 4802 Domi-

2309 4750 2409 4819 τῆς
2446 4748 2631 4819 φωνῆς
2683 4750 2883 4814 αὐτοῦ,
2932 4750 3071 4804 ὥστε
3130 4750 3512 4817 ἐξαποστεῖλαι
3563 4750 3683 4812 τοὺς
3727 4748 3841 4806 υἱοῦς

639 4850 792 4899 ηυω,
818 4844 874 4889 et
902 4834 1070 4889 Israel
1108 4850 1217 4889 non
1264 4835 1534 4889 dimittam
1561 4836 1602 4888 ¹.
1644 4857 1660 4885 ι
1705 4837 1913 4909 Moyses
1961 4838 2107 4891 enim
2161 4847 2217 4893 et

2324 4841 2574 4913 Ἰσραήλ;
2609 4842 2722 4895 Οὐκ
2748 4838 2865 4895 οἶδα
2896 4843 2988 4896 τὸν
3020 4842 3242 4914 Κύριον,
3274 4843 3368 4896 καὶ
3405 4843 3499 4896 τὸν
3541 4838 3747 4912 Ἰσραὴλ
3767 4837 3842 4889 οὐκ

639 4926 816 4981 Aaron
849 4941 916 4981 ex
939 4925 1316 5005 Egyptiorum
1340 4926 1558 4996 regione
1600 4943 1664 4981 ae
1694 4937 1837 4983 terra
1871 4928 2071 4983 dimitti
2110 4929 2205 4984 (le-

2312 4927 2673 4994 ὲξαποστελῶ.
2729 4948 2748 4982 ι
2802 4930 2866 4983 Oi
2922 4930 3019 5000 μὲν
3068 4931 3177 5003 γὰρ
3232 4932 3377 5001 ἀμφὶ
3434 4930 3632 4985 Μωσέα
3672 4945 3724 4981 τε
3771 4925 3841 4978 καὶ

639 5019 766 5073 bere
812 5019 1074 5089 populum
1130 5017 1296 5071 Israel
1356 5018 1773 5085 conﬁrmabant,
1830 5020 1943 5074 Deo
1992 5020 2059 5074 ad
2124 5020 2206 5074 fe-

2326 5020 2553 5092 ‘Aapt‘uv,
2584 5023 2685 5090 τῆς
2715 5022 3029 5089 Αἰγυπτίων
3060 5022 3244 5094 χώρας
3276 5040 3336 5075 τε
3369 5023 3466 5076 καὶ
3502 5022 3602 5092 γῆς
3639 5016 3839 5075 ἀνεῖσθαι

637 5119 782 5164 stum
836 5110 1106 5180 agendum
1162 5118 1447 5163 evocante.
1529 5109 1751 5164 Festum
1821 5110 1969 5165 enim
2021 5127 2211 5165 revera

2308 5111 2417 5163 δεῖν
2444 5109 2838 5164 διεϐεϐαιοῦντο
2879 5112 2969 5165 τὸν
3017 5112 3264 5184 Ἰσραὴλ,
3294 5112 3430 5166 Θεοῦ
3475 5113 3747 5172 καλοῦντος
3780 5109 3840 5169 εἰς

638 5206 722 5251 est
768 5206 970 5253 coactae
1023 5198 1308 5253 servitutis
1364 5213 1393 5251 a
1461 5213 1518 5252 se
1568 5199 1759 5270 jugum
1804 5209 2081 5265 excutere,
2155 5212 2211 5257 et

2308 5204 2520 5273 ἑορτήνο
2552 5203 2724 5272 ’ἑορτὴ
2758 5202 2863 5275 γὰρ
2891 5204 3058 5268 ὅντως
3088 5204 3295 5277 ἀληθὴς
3317 5205 3407 5258 τὸν
3436 5206 3534 5274 τῆς
3560 5202 3839 5269 ἀνεθελήτου

642 5289 698 5342 in
769 5288 867 5343 Dei
924 5304 1045 5345 esse
1122 5300 1388 5359 prmterca
1460 5298 1764 5360 potestate,
1831 5307 2062 5363 qumque
2129 5294 2209 5349 illi

2305 5293 2548 5356 δουλείας
2576 5294 2947 5348 ἀπολύσασθαι
2988 5294 3169 5364 ζυγὸν,
3204 5297 3298 5349 καὶ
3327 5297 3435 5349 ὑπὸ
3474 5295 3592 5365 θεῷ
3624 5289 3838 5361 γενέσθαι

639 5390 793 5453 grata
878 5390 1006 5436 sunt
1092 5383 1359 5452 exsequi,
1421 5384 1641 5437 nemine
1730 5383 2028 5440 obsistente
2062 5426 2076 5449 ,
2152 5387 2205 5442 id

2304 5383 2506 5449 λοιπὸν,
2549 5385 2642 5437 καὶ
2681 5386 2749 5438 τὰ
2778 5386 2925 5456 αὐτῷ
2953 5386 3170 5458 θυμήρη
3203 5387 3464 5458 πληροῦν,
3498 5385 3836 5449 ἀντεξάγοντης

639 5484 740 5535 est,
784 5472 1000 5526 nemine
1035 5484 1259 5542 cogente
1326 5474 1389 5527 ad
1428 5474 1477 5527 id
1523 5475 1936 5544 suscipiendum
1979 5485 2032 5529 et
2086 5493 2204 5531 am-

2304 5477 2534 5543 θύδενδςι
2575 5478 2739 5547 ἤγουν
2780 5477 2839 5531 τδ
2879 5478 3026 5548 αὖτῷ
3070 5478 3257 5533 δοκοῦν
3310 5478 3623 5534 ἀνθελέσθαι
3675 5491 3725 5525 τε
3767 5469 3838 5523 καὶ

709 5614 726 5642 ²
752 5607 919 5663 Exod.
950 5626 1000 5670 ν,
1045 5608 1089 5670 Ι,
1142 5607 1195 5659 2.

712 5725 789 5789 (ι)
824 5722 915 5780 Sic
939 5724 1059 5780 cod.
1088 5724 1209 5780 Vat.
1236 5724 1369 5782 Cod.
1407 5726 1611 5799 Sirleti,
1646 5730 1902 5803 ἀνιαρῶν,
1940 5728 2293 5785 molestorum.
