4046 6496
193 403 281 462 I89

911 400 1001 457 DE
1037 400 1479 458 ADORATIONE
1516 401 1583 456 IN
1618 400 1892 459 SPIRITU
1934 403 2023 459 ET
2064 404 2431 461 VERI‘TATE.
2471 406 2600 461 LIB.
2642 406 2684 461 I.

3325 399 3427 457 190

197 518 392 589 ἀγαπᾷν
421 515 843 583 ἀναγκάζοντος.
884 495 1313 587 ’Δθυρογλωττεῖ
1348 517 1404 570 δὲ
1436 516 1557 571 λίαν
1588 518 1618 570 ό
1647 518 1751 571 Φαὲ

1856 524 2231 595 plectendum,
2273 523 2421 593 quod
2452 522 2560 578 sibi
2598 522 2872 577 videatur.
2911 518 3182 576 Caeterum
3212 518 3427 574 Pharao

197 609 313 681 ραὼ,
343 608 431 661 καὶ
477 607 574 677 τῆς
597 605 692 659 τοῦ
719 605 854 659 Θεοῦ
882 606 1043 678 δόξης
1068 606 1573 679 καταθρασύνεται,
1607 610 1744 678 μήτε

192 702 271 754 τὸν
293 698 485 768 Κύριον
512 700 662 761 ὅστις
692 697 821 751 ποτέ
846 699 993 751 ἐστιν
1023 698 1221 752 εἰδέναι
1245 698 1440 767 λέγων,
1469 700 1605 769 μήτε
1638 698 1747 769 μὴν

191 792 386 861 ἀνήσειν
405 789 493 841 τὸν
536 789 774 858 Ἰσραήλ.
806 787 1121 859 Καταλήγει
1147 790 1204 842 δὲ
1225 790 1474 860 οὐδαμῶς
1492 793 1521 843 6
1548 790 1747 843 θεσπέ-

193 896 292 941 σιος
324 876 541 946 Μωσῆς,
586 877 1051 948 ἀποπεραίνεσθαι
1083 879 1141 931 δὲ
1168 880 1276 933 δεῖν
1302 881 1364 933 τὸ
1403 880 1481 950 τῷ
1510 880 1629 952 Θεῷ
1659 882 1747 935 δο-

194 969 305 1025 κοῦν
331 962 384 1021 εὖ
414 967 558 1038 μάλα
582 967 993 1039 διισχυρίζεται.
1024 971 1489 1041 Παραποδίζοντος
1520 972 1629 1044 γὰρ
1670 975 1750 1037 εἰς

191 1057 479 1129 ἐλευθερίαν
514 1058 654 1112 ἰέναι
685 1057 778 1111 τοῦ
805 1060 1038 1123 Σατανᾶ,
1070 1062 1196 1125 τοὺς
1224 1062 1384 1133 οἵπερ
1416 1062 1483 1115 ἂν
1513 1059 1622 1118 εἷεν
1657 1065 1748 1116 ὑπ’

192 1149 320 1219 αύτῷ
360 1149 643 1217 γεγονότες
682 1152 1133 1222 κατανδρίζεσθαι
1171 1153 1307 1225 χρὴ,
1362 1154 1455 1207 καί
1494 1155 1750 1225 ἀμείνους

192 1239 416 1309 γίνεσθαι
439 1239 642 1302 παντὸς
670 1240 792 1311 μὲν,
824 1241 1000 1311 οἶμαι,
1022 1242 1144 1313 δίχα
1174 1238 1517 1315 κωλύματος,
1549 1246 1751 1317 ἥκιστα

191 1332 349 1402 γεμὴν
391 1329 620 1401 ὁρᾶσθαι
678 1331 907 1397 δειλοὺς,
967 1333 1082 1386 ἀλλ’
1122 1335 1404 1402 ἐγκεῖσθαι
1452 1335 1748 1404 λέγονταςο

196 1437 216 1472 ι
250 1421 307 1473 '0
331 1418 460 1482 Θεὸς
482 1419 591 1472 τῶν
626 1418 893 1490 Ἐϐραίων
916 1423 1322 1494 προσκέκληται
1345 1425 1515 1495 ἡμᾶς.
1543 1426 1753 1496 Πορευ-

194 1509 374 1580 αόμεθα
402 1506 494 1562 οὖν
521 1510 636 1563 ὁδὸν
663 1511 829 1583 τριῶν
851 1512 1077 1583 ἡμερῶν
1103 1516 1184 1577 εἰς
1208 1515 1306 1585 τὴν
1336 1508 1543 1587 ἔρημον
1560 1558 1573 1582 ,
1604 1518 1752 1580 ὅπως

192 1601 424 1670 θύσωμεν
466 1601 543 1671 τῷ
583 1601 702 1671 Θεῷ
734 1603 929 1673 ήμῶν,
975 1606 1051 1676 μή
1100 1623 1229 1658 ποτε
1265 1610 1575 1679 συναντήσῃ
1622 1610 1754 1680 ἡμῖν

191 1694 395 1755 θάνατος
427 1694 463 1764 ἦ
493 1694 672 1762 φόνος.
714 1714 733 1746 ι
769 1695 941 1749 Ταυτί
965 1696 1074 1768 γὰρ
1100 1699 1229 1767 ⁴ἡμῖν
1258 1699 1352 1751 καὶ
1385 1701 1414 1751 6
1442 1700 1602 1769 σοφὸς
1632 1701 1753 1753 τότε

189 1784 515 1854 διεκεκραγει
534 1785 760 1855 Μωσῆς.
790 1786 865 1838 Ού
888 1785 997 1857 γὰρ
1016 1787 1080 1857 δὴ
1106 1787 1227 1841 καθ’
1253 1790 1569 1861 ὁμοιότητα,
1594 1792 1749 1861 φησὶ,

1849 615 2020 669 nimia
2057 614 2255 684 lingua:
2286 611 2507 667 licentia
2542 613 2740 677 utitur,
2767 619 2824 665 et
2861 610 3126 665 adversus
3158 609 3254 664 Dei
3304 610 3425 680 glo-

1848 708 1987 762 riam
2034 706 2227 761 audaci
2264 706 2574 761 temeritate
2610 704 2812 768 fertur,
2852 720 2915 758 ac
2951 703 3263 767 Dominum,
3297 702 3425 772 qui-

1848 817 1976 857 nam
2016 800 2107 855 ille
2137 800 2229 864 sit,
2267 814 2325 854 se
2344 813 2507 853 nosse
2528 805 2713 869 negat,
2756 812 2859 852 nec
2892 796 3315 851 commissurum
3339 811 3422 860 se,

1851 905 1912 949 ut
1940 892 2108 949 Israel
2130 890 2394 946 dimittat.
2427 888 2531 945 Sed
2562 890 2755 944 beatus
2786 889 2997 960 Moyses
3046 888 3274 943 minime
3321 887 3423 941 de-

1848 986 2013 1050 sistit,
2046 983 2254 1053 Deique
2286 982 2624 1036 voluntatem
2648 978 2840 1051 perﬁci
2868 987 3124 1048 oportere
3155 978 3423 1032 audacter

1851 1076 2158 1133 conﬁrmat.
2188 1074 2328 1129 Nam
2376 1072 2580 1128 Satana
2608 1086 2725 1135 eos,
2763 1071 2859 1140 qui
2907 1071 2963 1124 in
3017 1083 3115 1125 sua
3149 1077 3424 1140 potestate

1850 1167 1982 1232 sint,
2023 1165 2377 1237 impediente,
2408 1179 2480 1219 ne
2518 1162 2587 1216 ad
2622 1163 2933 1217 libertatem
2990 1160 3425 1231 recuperandam

1851 1257 2103 1321 tendant,
2144 1256 2453 1313 curandum
2484 1255 2595 1309 illis
2634 1262 2741 1319 est,
2782 1262 2845 1307 ut
2868 1254 3107 1308 viriliter
3134 1262 3317 1324 agant,
3367 1261 3426 1308 et

1850 1348 2035 1402 omnia
2060 1346 2451 1416 impedimenta
2477 1346 2721 1408 vincant,
2750 1344 3085 1413 minimeque
3129 1343 3307 1397 timidi
3339 1343 3425 1397 vi-

1851 1440 2107 1503 deantur,
2146 1439 2281 1507 quin
2341 1437 2530 1507 potius
2588 1436 2797 1490 instent
2859 1434 3159 1489 dicentes:
3224 1453 3241 1484 ι
3281 1433 3426 1487 Deus

1852 1536 2209 1590 Hebraeorum
2236 1532 2453 1588 vocavit
2480 1546 2600 1585 nos.
2633 1530 2840 1584 Ibimus
2870 1528 3037 1598 igitur
3064 1527 3208 1581 viam
3255 1526 3425 1580 trium

1853 1627 2066 1683 dierum
2092 1630 2150 1683 in
2188 1627 2489 1691 desertum,
2530 1633 2592 1679 ut
2631 1623 3003 1679 sacrificemus
3057 1622 3170 1676 Deo
3211 1629 3423 1684 nostro,

1852 1735 1921 1775 ne
1969 1719 2110 1773 forte
2142 1726 2401 1773 occurrat
2438 1716 2598 1770 nobis
2634 1730 2784 1769 mors
2816 1722 2911 1768 aut
2944 1712 3120 1769 caedes
3147 1710 3212 1765 ⁸⁸.
3251 1730 3268 1761 ι
3298 1709 3427 1763 Haec

1852 1812 2001 1867 enim
2026 1811 2196 1865 verba
2224 1809 2387 1864 nobis
2415 1823 2633 1878 quoque
2668 1814 2795 1862 tunc
2834 1807 3053 1876 sapiens
3077 1805 3161 1858 vir
3214 1803 3429 1873 Moyses

188 1879 272 1947 τὴν
320 1878 453 1946 πρὸς
504 1878 670 1947 ὑμᾶς,
722 1872 768 1931 ὦ
820 1878 1140 1947 Αἰγύπτιοι,
1203 1880 1401 1950 μόσχος
1450 1884 1583 1952 ἡμῖν
1638 1885 1751 1946 τοῖς

1854 1918 1965 1958 non
1994 1902 2110 1956 sine
2135 1900 2286 1955 vocis
2321 1898 2675 1955 contentione
2724 1897 2960 1951 dicebat.
3001 1896 3190 1964 Neque
3251 1893 3423 1956 enim,

200 1968 449 2039 Ἑϐραίοις
486 1968 548 2020 τὸ
583 1968 767 2031 σέϐας,
808 1968 922 2021 ἀλλ’
958 1970 1080 2023 οὐδὲ
1116 1970 1232 2036 σῦς,
1279 1974 1311 2043 ἢ
1344 1973 1522 2045 αῖξ,ἢ
1556 1973 1751 2045 βρέτας

188 2061 377 2131 ἀνδρὸς,
396 2063 491 2114 καὶ
514 2062 730 2132 πτηνῶν
748 2062 1120 2133 ἀποσκίασμα,
1139 2066 1233 2117 καὶ
1252 2066 1498 2136 ἑρπετῶν
1521 2067 1749 2133 εἰκόνες,

188 2154 245 2205 τὰ
271 2155 321 2204 ἐν
350 2154 539 2222 σηκοῖς
572 2153 850 2223 ἱδρυμένα.
890 2153 1274 2224 Ἐπικὲκληται
1297 2155 1353 2209 δὲ
1388 2158 1535 2227 ἡμᾶς
1565 2160 1593 2210 6
1619 2158 1752 2221 Θεὸς

189 2246 270 2296 καὶ
293 2244 589 2313 Δεσπότης,
620 2244 679 2307 ὃς
711 2245 829 2297 τόδε
861 2243 1082 2314 σύμπαν
1127 2245 1528 2319 διετεκτήνατο.
1562 2250 1752 2318 Μέγας

187 2330 265 2388 οὖν
294 2337 416 2406 ἄρα,
463 2337 557 2390 καὶ
588 2339 702 2400 τοῖς
731 2338 1047 2405 Αἰγυπτίων
1085 2336 1443 2405 ἀσύντακτος,
1481 2342 1575 2395 καὶ
1612 2342 1752 2412 ὑπὲρ

189 2428 348 2481 πᾶσαν
378 2429 481 2496 τὴν
516 2427 691 2481 κτίσιν
714 2469 727 2491 ,
760 2429 788 2479 ό
821 2428 928 2481 τῶν
969 2428 1237 2499 Ἐϐραίων
1270 2430 1402 2494 Θεὸς
1421 2474 1434 2496 ,
1462 2432 1521 2494 ὃς
1547 2435 1627 2495 εἰς
1655 2433 1753 2504 τὴν

188 2517 371 2587 ἔρημον
426 2520 577 2587 ἡμᾶς
632 2519 822 2583 καλεῖ,
878 2520 975 2589 τὴν
1021 2520 1315 2590 εὐάρεστον
1360 2521 1508 2591 αύτῷ
1561 2522 1751 2576 θυσίαν

187 2608 639 2677 προσκομιοῖΝτας
666 2611 801 2662 ἐκεῖ.
841 2613 1173 2680 Σχοτισμὸς
1211 2614 1307 2681 μὲν
1345 2608 1438 2666 οὖν
1466 2613 1742 2683 Αἴγυπτος

186 2698 514 2768 ὀνομάζεται,
543 2701 742 2771 χρῆναι
769 2701 824 2755 δὲ
858 2697 1013 2772 οἶμαι
1040 2705 1167 2767 τοὺς
1199 2706 1357 2776 οἷπερ
1386 2706 1553 2775 ἐσμὲν
1587 2726 1752 2760 πνευ-

188 2789 410 2858 ματικῶς
455 2790 814 2861 προσϐάλλειν
852 2795 965 2856 τοῖς
1004 2795 1060 2848 ὲν
1105 2797 1235 2867 σκιᾷ
1280 2796 1375 2849 καὶ
1403 2797 1616 2861 τύποις.
1661 2801 1753 2850 Δεῖ

185 2880 281 2950 γὰρ
322 2883 473 2952 ἡμᾶς
514 2883 922 2951 ἀποφοιτῶντας
958 2880 1016 2940 εὖ
1050 2888 1193 2957 μάλα
1224 2889 1423 2953 παντὸς
1454 2885 1605 2960 οἶμαί
1647 2907 1750 2943 που

186 2973 493 3043 πράγματος
504 2975 597 3027 τοῦ
621 2980 975 3031 κατασκοτεῖν
999 2979 1249 3043 εἰωθότος
1267 3020 1281 3045 ,
1302 2982 1394 3033 καὶ
1412 2980 1562 3033 ῶσπε
1571 2999 1601 3051 ρ
1634 2981 1752 3035 τινὰ

185 3063 345 3135 χώραν
387 3066 761 3137 ἐκϐεϐηκότας
799 3069 897 3139 τὴν
932 3070 1036 3122 ύπδ
1068 3070 1146 3140 τῷ
1177 3052 1425 3143 τυράννῳ
1454 3072 1709 3143 κειμένην
1732 3111 1751 3137 ,

183 3158 310 3227 φημὶ
344 3159 405 3230 δὴ
432 3158 518 3229 τῷ
549 3160 779 3231 Σατανᾷ,
812 3160 874 3213 τὸ
906 3162 963 3214 ὲν
990 3162 1288 3232 ἁμαρτίαις
1315 3161 1557 3227 εὔκολον,
1589 3180 1751 3234 μετα-

184 3252 362 3318 χωρεῖν
404 3251 732 3319 ἐπείγεσθαι
773 3251 1039 3316 νεανικῶς
1088 3255 1169 3317 εἰς
1217 3255 1512 3326 ἀνειμένην
1556 3273 1616 3309 τε
1656 3258 1751 3310 καὶ

185 3340 558 3413 καθαρωτέραν
581 3341 747 3412 ζωὴν,
769 3342 868 3396 καὶ
887 3342 1160 3406 πολιτείας
1180 3343 1406 3413 ἐννόμου
1430 3344 1756 3416 διαστείχειν

183 3430 305 3498 ὁδὸν,
334 3435 429 3503 οὐχ
473 3434 840 3505 ὑποκειμένην
872 3433 1111 3505 δαίμοσι·
1157 3435 1503 3507 δυνησόμεθα
1548 3437 1657 3507 γὰρ
1690 3432 1749 3492 εὖ

183 3521 285 3575 τότε
335 3524 470 3587 τοὺς
517 3524 619 3593 τῆς
660 3525 1007 3597 δικαιοσύνης
1056 3528 1300 3597 καρποὺς
1348 3528 1641 3583 καταθύειν
1674 3529 1753 3601 τῷ

183 3611 306 3683 Θεῷ.
332 3614 666 3669 Στέλλεσθαι
692 3616 749 3669 δὲ
779 3617 890 3670 δεῖν
916 3617 1044 3681 τοὺς
1072 3617 1129 3683 ἐξ
1185 3618 1401 3689 Ἰσραὴλ
1426 3619 1543 3672 ὁδὸν
1586 3619 1754 3691 τριῶν

183 3702 381 3773 ἡμερῶν
424 3703 801 3759 διεϐεϐαιοῦτο
825 3706 966 3759 κατὰ
988 3706 1088 3777 τὴν
1116 3707 1351 3779 ἔρημον,
1380 3709 1441 3761 τὸ
1476 3709 1550 3780 μὴ
1583 3710 1751 3779 ἐγγὺς

184 3788 442 3849 εἶναιτῶν
493 3797 596 3867 τῆς
640 3798 976 3869 φαυλότητος
1020 3800 1160 3870 ὅρων
1202 3800 1297 3854 καὶ
1340 3799 1483 3871 ζωῆς
1520 3800 1625 3872 τῆς
1664 3819 1757 3855 τυ-

188 3888 541 3959 ραννουμένης
572 3888 662 3941 διὰ
697 3888 888 3941 τούτου
927 3888 1121 3960 δηλῶν.
1161 3892 1472 3961 Σκήπτεται
1498 3891 1555 3944 δέ
1584 3909 1635 3944 τι
1662 3891 1757 3945 καὶ

187 3977 331 4046 σοφὸν
370 3980 399 4032 6
433 3980 726 4043 θεσπέσιος
751 3982 977 4052 Μωσῆς,
1021 3981 1115 4034 καὶ
1153 3982 1483 4054 εύαφόρμως
1525 3983 1589 4054 δὴ
1633 3982 1754 4037 λίαν

186 4067 631 4140 ἀπονοσφίςεσθαι
663 4072 773 4125 δεῖν
823 4072 923 4142 τῆς
964 4072 1242 4141 Αἰγύπτου
1282 4072 1448 4144 φησὶν
1486 4073 1613 4138 τοὺς
1649 4074 1755 4128 ὑπὸ

186 4156 306 4211 Θεοῦ
338 4161 740 4231 κεκλημένους·
779 4180 796 4214 ι
842 4163 934 4233 Μή
978 4180 1094 4227 πως
1126 4162 1235 4235 γὰρ
1279 4166 1585 4235 συναντήσῃ
1624 4167 1755 4236 ἡμῖν

186 4246 415 4316 θάνατος,
449 4272 469 4305 ι
509 4254 693 4322 φησιν,
728 4272 745 4305 ι
784 4253 1025 4324 ἢφόνος.
1071 4272 1091 4306 ι

1853 1993 2054 2063 inquit,
2116 1991 2345 2063 perinde
2388 2006 2451 2045 ac
2507 2004 2625 2053 vos,
2666 2004 2699 2042 ο
2735 1986 2996 2059 Egyptii,
3040 1986 3274 2040 vitulum
3324 1999 3429 2038 nos

1852 2082 2067 2137 Hebrazi
2094 2097 2446 2145 veneramur,
2482 2094 2661 2147 neque
2714 2092 2867 2131 suem
2906 2085 3001 2131 aut
3033 2091 3274 2146 capram,
3334 2083 3429 2129 aut

1851 2175 2094 2229 hominis
2145 2173 2400 2243 efﬁgiem,
2448 2170 2870 2237 volucriumque
2927 2168 3287 2222 animantium
3325 2166 3426 2219 ad-

1852 2266 2159 2320 umbratam
2178 2262 2432 2327 l‘ormam,
2467 2270 2563 2316 aut
2606 2259 2939 2329 reptantium
2976 2257 3264 2327 imagines,
3303 2273 3427 2325 qua:

1853 2356 1911 2410 in
1944 2354 2147 2409 vestris
2180 2353 2445 2407 collocata
2495 2357 2624 2403 Sunt
2658 2348 2896 2417 templis.
2929 2346 3036 2402 Sed
3074 2345 3293 2400 vocavit
3326 2360 3428 2399 nos

1852 2446 1998 2500 Deus
2026 2460 2090 2498 ac
2116 2443 2401 2504 Dominus,
2444 2440 2540 2509 qui
2573 2438 2679 2492 hoc
2709 2437 3030 2491 universum
3063 2444 3149 2489 est
3184 2434 3427 2488 fabrica-

1856 2546 1963 2592 tus.
1988 2538 2214 2607 Magnus
2240 2542 2427 2588 autem
2465 2540 2569 2596 est,
2611 2538 2667 2585 et
2709 2545 2836 2584 cum
2874 2526 3144 2598 Egyptiis
3180 2526 3286 2579 diis
3320 2526 3428 2578 mi-

1853 2632 2001 2686 nime
2052 2628 2444 2690 recensendus,
2487 2639 2653 2693 supra
2691 2629 3001 2677 creaturam
3055 2632 3272 2687 quoque
3306 2632 3426 2670 om-

1852 2738 1998 2787 nem,
2035 2720 2391 2774 Hebrmorum
2429 2718 2595 2781 Deus,
2626 2716 2723 2784 qui
2770 2728 2871 2767 nos
2922 2711 2977 2765 in
3016 2710 3295 2766 desertum
3329 2723 3428 2762 vo-

1852 2822 1959 2876 cat,
1997 2818 2058 2865 ut
2092 2810 2168 2865 ibi
2205 2819 2422 2881 gratam
2448 2809 2549 2879 ipsi
2596 2809 2832 2863 hostiam
2888 2807 3204 2861 offeramus.
3251 2805 3429 2873 Atque

1850 2905 2114 2975 Egyptus
2134 2902 2357 2972 quidem
2404 2901 2760 2955 obtenebratio
2804 2900 3027 2953 dicitur.
3065 2898 3302 2966 Equum
3327 2912 3430 2950 au-

1854 3006 1961 3052 tem
1988 3010 2106 3049 esse
2136 2992 2395 3055 arbitror,
2438 2998 2500 3044 ut
2550 3006 2670 3055 nos,
2699 2990 2793 3059 qui
2849 2989 3165 3059 spirituales
3214 3002 3426 3051 sumus,

1853 3084 2213 3155 spiritualiter
2252 3098 2338 3146 ea,
2373 3095 2496 3150 qua:
2533 3080 2591 3133 in
2658 3079 2852 3133 umbra
2894 3085 2950 3131 et
2993 3076 3181 3147 ﬁguris
3223 3073 3429 3129 tradita

1853 3180 2002 3239 sunt,
2026 3172 2418 3241 intelligamus.
2448 3169 2557 3238 36
2585 3167 2815 3238 Oportet
2847 3166 2995 3221 enim
3044 3180 3146 3219 nos
3188 3165 3255 3218 ab
3277 3162 3427 3217 omni

1854 3280 1931 3327 re,
1968 3278 2089 3332 qua:
2124 3260 2379 3315 tenebras
2412 3257 2696 3312 oﬁ‘undere
2725 3258 2917 3321 soleat,
2954 3256 3268 3326 longissime
3300 3255 3430 3309 abs-

1850 3352 2081 3417 cedere;
2140 3358 2198 3405 et
2251 3350 2345 3403 ubi
2406 3363 2475 3402 ex
2523 3348 2617 3402 illa
2653 3344 2917 3401 facilitate
2955 3345 3218 3416 peccandi
3279 3345 3445 3399 velu~

1852 3444 2076 3515 regione
2115 3441 2352 3512 quadam
2387 3454 2510 3509 quae
2538 3440 2595 3493 in
2623 3439 2864 3510 tyranni,
2904 3437 3119 3493 Satana:
3147 3436 3427 3500 videlicet,

1853 3540 2127 3603 potestate
2166 3532 2259 3597 sit,
2281 3529 2704 3607 excesserim'us,
2731 3536 2849 3583 tum
2896 3526 2965 3582 ad
3012 3527 3242 3581 liberam
3278 3525 3429 3580 illam

1854 3624 2242 3695 purioremque
2265 3622 2435 3675 vitam
2474 3626 2699 3673 strenue
2728 3629 3046 3686 properare,
3074 3629 3137 3670 ac
3170 3630 3270 3684 per
3285 3611 3431 3667 viam

1851 3716 2114 3787 legitimae
2166 3711 2606 3769 conversationis
2651 3708 2955 3773 ambulare,
2996 3706 3281 3762 daemoniis
3328 3703 3434 3759 mi-

1851 3809 1999 3863 nime
2038 3806 2377 3876 subiectam:
2423 3812 2536 3857 tum
2569 3800 2808 3870 denique
2836 3798 3145 3870 poterimus
3192 3797 3304 3852 Deo
3338 3797 3432 3867 ju-

1851 3898 2017 3952 stitia:
2059 3896 2273 3950 fructus
2340 3893 2561 3947 oﬂerre.
2630 3890 2739 3944 Iter
2777 3904 2945 3959 porro
2995 3888 3163 3942 trium
3217 3886 3432 3940 dierum

1851 3986 2116 4042 Israelitis
2150 3984 2463 4041 faciendum
2496 3997 2618 4037 esse
2677 3981 2893 4052 Moyses
2931 3978 3270 4034 allirmabat:
3304 3976 3432 4046 qui-

1858 4079 1962 4135 bus
1997 4078 2182 4135 verbis
2208 4076 2573 4149 signiﬁcabat,
2611 4073 2929 4145 longissime
2960 4088 2991 4126 a
3022 4071 3283 4142 nequitia:
3322 4078 3433 4124 ter-

1859 4170 2044 4232 minis,
2076 4179 2133 4223 et
2159 4168 2227 4222 ab
2250 4183 2314 4221 ea
2350 4166 2481 4231 vita,
2515 4179 2638 4234 qua:
2664 4163 2853 4232 iniquo
2889 4160 3169 4216 dominatu
3216 4174 3432 4229 prema-

1860 4269 1973 4327 tur,
2005 4261 2199 4316 abesse
2227 4266 2507 4328 oportere.
2535 4254 2783 4326 Sapienti
2820 4259 3004 4309 autem
3031 4250 3266 4321 quodam
3293 4263 3434 4318 pra:-

188 4350 323 4397 textu
348 4345 549 4400 beatus
576 4345 790 4417 Moyses
846 4347 1059 4412 utitur,
1098 4354 1156 4403 et
1192 4347 1505 4402 rationabili
1553 4348 1849 4407 admodum
1878 4370 2044 4410 causa
2078 4353 2166 4418 iis,
2207 4351 2303 4422 qui
2364 4366 2396 4404 a
2465 4351 2579 4405 Deo
2651 4346 2832 4401 vocati
2880 4351 3088 4407 essent,
3162 4340 3431 4396 seceden-

186 4439 302 4492 dum
337 4455 457 4495 esse
492 4439 633 4494 dixit
667 4455 736 4494 ex
775 4438 1039 4511 [Egyptoz
1079 4440 1194 4496 «Ne
1223 4442 1388 4508 forte,
1422 4462 1440 4494 ι
1476 4443 1679 4514 inquit,
1715 4464 1734 4495 ‹
1769 4455 2027 4503 occurrat
2047 4447 2208 4501 nobis
2241 4461 2389 4499 mors
2418 4451 2513 4498 aut
2542 4440 2739 4496 caedes.
2770 4458 2790 4491 ι

247 4533 451 4586 ΠΑΛΛ.
480 4533 594 4585 Καὶ
630 4533 684 4585 τί
729 4533 795 4603 δὴ
823 4532 981 4586 τοῦτό
1029 4534 1209 4601 ὲστιν;
1251 4534 1469 4607 ἕτοιμον
1496 4536 1606 4608 γὰρ
1628 4539 1751 4610 οὐχὶ

1938 4540 2136 4595 PALL.
2187 4537 2332 4604 Quid
2376 4552 2508 4591 vero
2561 4533 2668 4589 hoc
2725 4531 2848 4587 est?
2877 4543 3058 4597 neque
3108 4542 3256 4581 enim
3290 4525 3434 4580 scire

184 4626 282 4684 τοῖς
311 4624 527 4677 θέλουσι
553 4626 714 4680 νοεῖν.

246 4716 401 4770 ΚΥΡ.
446 4715 591 4785 Ἐγὼ
612 4716 827 4788 φράσω·
847 4718 1168 4787 Αἰγυπτίοις
1188 4713 1256 4790 ἦν
1284 4719 1429 4787 ἔθος,
1453 4722 1752 4794 τετήρηται

183 4805 232 4858 δὲ
262 4807 351 4861 καὶ
383 4812 466 4871 εἰς
507 4808 669 4879 δεῦρο
703 4808 854 4880 παρὰ
878 4813 992 4875 τοῖς
1027 4811 1134 4867 τῶν
1171 4813 1405 4867 εἰδώλων
1445 4831 1753 4886 προσκυνη-

182 4901 309 4963 ταῖς,
336 4899 399 4952 τὸ
424 4900 561 4964 δεῖν,
595 4901 980 4970 εἰσφοιτῶντας
1016 4905 1074 4956 ἐν
1115 4904 1296 4974 ἱεροῖς,
1330 4904 1508 4976 νεκρῷ
1530 4923 1753 4977 περιτυ-

184 4992 283 5056 χεῖν
322 4991 707 5062 παραιτεῖσθαι
743 4990 977 5063 σώματι.
1010 4994 1303 5065 Μολυσμὸν
1345 4997 1454 5067 γὰρ
1493 4991 1633 5051 εἶναι
1661 4997 1755 5053 τὸν

182 5082 430 5136 ἀνωτάτω
459 5084 595 5151 φασὶ
622 5083 681 5136 τὸ
705 5084 803 5154 οὐχ
835 5086 985 5149 ὅπως
1024 5085 1088 5156 δὴ
1128 5087 1288 5157 μόνον
1307 5127 1323 5151 ,
1353 5087 1407 5140 εἰ
1438 5106 1522 5151 τις
1560 5090 1753 5152 ἕλοιτο,

182 5168 379 5241 θήγειν,
398 5174 538 5227 ἀλλὰ
553 5175 622 5242 γά
629 5193 660 5246 ρ
683 5176 785 5228 κᾶν
800 5178 848 5229 εἰ
866 5180 927 5230 ἐν
942 5176 1126 5246 ψιλαῖς
1148 5178 1447 5252 ταυτ[αισ]ὶ
1473 5184 1757 5251 παραπίπ-

181 5278 258 5316 τοι
283 5263 452 5330 θέαις.
480 5267 691 5320 υύκοῦν
716 5269 781 5320 ὲκ
800 5268 909 5321 τῶν
940 5269 1091 5340 παρὰ
1110 5271 1292 5338 σφίσιν
1312 5270 1453 5325 ἐθῶν
1465 5272 1756 5327 ἀναπείθει

183 5358 408 5423 φρονεῖν,
439 5358 517 5420 ὡς
545 5358 646 5410 ούκ
670 5357 735 5412 ἂν
760 5358 969 5426 γένοιτο
996 5360 1251 5433 καθαρῶς
1279 5362 1340 5415 τὸ
1377 5362 1525 5416 θύειν
1549 5364 1756 5431 αὐτοῖς,

182 5448 227 5497 εἰ
250 5446 307 5513 ἐξ
336 5447 650 5519 ἀπροόπτου
680 5449 843 5504 ποθὲν
881 5450 1039 5504 τοῦτο
1067 5451 1199 5524 δρᾷν
1236 5454 1534 5525 ὴργμένοις
1572 5473 1751 5527 παρα-

181 5533 321 5603 τύχοι
363 5536 560 5607 νεκρὺς
602 5539 636 5608 ἣ
665 5538 845 5607 φόνος,
871 5539 1015 5593 τοῦτ’
1050 5540 1215 5606 ἔστιν,
1269 5543 1300 5612 ἢ
1349 5544 1499 5615 νόμῳ
1537 5548 1751 5614 φύσεως

178 5625 642 5698 τετελευτηκὼς,ἥ
670 5630 774 5684 ὑπὸ
796 5630 888 5686 τυῦ
910 5631 1017 5687 τῶν
1038 5633 1370 5704 φονευόντων
1387 5636 1749 5710 ἐκϐεϐιασμέο

255 5808 299 5839 ³⁸
328 5810 506 5869 Exod.
531 5828 579 5879 v,
612 5813 669 5868 5.

1856 4630 2212 4701 cupientibus
2233 4628 2549 4698 expeditum
2586 4630 2671 4680 est
2700 4622 2757 4677 id
2787 4620 3112 4690 intelligere.

1925 4721 2083 4777 ΟΥΕ.
2129 4721 2243 4792 Ego
2266 4734 2397 4774 vero
2435 4730 2723 4787 exponam.
2774 4712 2891 4767 Mos
2949 4708 3094 4779 apud
3152 4706 3434 4777 Egyptios

1856 4812 2181 4876 inoleverat,
2221 4810 2315 4879 qui
2347 4807 2529 4863 adhuc
2551 4804 2697 4876 apud
2738 4802 3011 4857 idolorum
3047 4800 3285 4854 cultores
3312 4813 3432 4852 ser-

1856 4914 2041 4969 vatur,
2061 4914 2122 4961 ut
2149 4904 2352 4972 templa
2372 4900 2640 4955 adeuntes
2662 4895 2923 4964 vitentﬁne
2953 4890 3205 4947 cadaveri
3230 4905 3429 4943 occur-

1858 5003 2002 5049 rant.
2052 4994 2330 5049 Summam
2367 4991 2516 5045 cnim
2564 4987 2940 5057 impuritatem
2970 4998 3092 5038 esse
3123 4983 3279 5035 aiunt
3321 4997 3432 5036 non

1858 5087 2024 5141 modo
2064 5096 2259 5156 sponte
2296 5083 2432 5137 illud
2476 5079 2769 5148 attingere,
2803 5075 2900 5130 sed
2937 5074 3022 5128 vel
3063 5073 3119 5126 in
3141 5073 3262 5143 ejus
3287 5072 3432 5126 dun-

1860 5188 2006 5234 taxat
2045 5188 2329 5249 aspectum
2380 5177 2683 5230 incurrere.
2712 5169 2884 5240 Igitur
2916 5181 2984 5220 ex
3015 5166 3253 5235 receptis
3287 5164 3431 5235 apud

1856 5288 1952 5327 eos
1978 5272 2228 5326 moribus
2249 5268 2465 5331 suadet,
2495 5280 2553 5321 se
2591 5277 2731 5334 pure
2757 5257 3068 5315 sacriﬁcare
3104 5273 3217 5312 non
3245 5273 3429 5328 posse,

1855 5364 1899 5419 si
1928 5363 2150 5418 aliunde
2186 5377 2255 5417 ex
2287 5358 2608 5429 improviso,
2651 5355 2747 5410 ubi
2786 5355 2892 5408 hoc
2918 5366 3082 5423 agere
3113 5350 3429 5421 coepissent,

1855 5455 2090 5511 cadaver
2118 5462 2213 5509 aut
2248 5452 2426 5508 caedes
2459 5456 2796 5511 occursaret,
2830 5445 2886 5500 id
2932 5453 3036 5509 est,
3079 5442 3169 5498 vel
3218 5451 3431 5497 natura:

1856 5549 1975 5618 lege
2015 5556 2285 5611 mortuus,
2346 5545 2431 5599 vel
2464 5542 2532 5597 ab
2566 5539 2859 5596 homicidis
2910 5554 3008 5609 per
3039 5536 3151 5591 vim
3190 5536 3431 5591 occisus.

1860 5639 2029 5697 Vobis
2066 5640 2234 5705 cnim,
2299 5635 2499 5707 inquit,
2543 5648 2711 5689 sacra:
2751 5638 2882 5689 sunt
2906 5630 3052 5686 aedes
3096 5643 3161 5685 ac
3205 5625 3437 5683 delubra

3388 5920 3419 5932 ι-
