4046 6524
563 385 660 442 l9]
1595 398 1650 454 S.
1693 399 1969 457 CYRILLI
2009 403 2478 466 ALEXANDRINI
2515 410 2832 468 ARCHIEP.
3724 422 3829 478 l9!

559 526 820 582 claustris
845 543 909 584 ac
941 531 1112 599 portis
1136 535 1366 599 munita,
1405 537 1548 591 intra
1575 555 1697 609 quae
1729 558 1855 597 cum
1894 545 2132 616 ingressi

2252 545 2344 591 νος.
2388 529 2549 599 Ὑμῖν
2591 532 2700 600 γὰρ
2731 531 2999 599 ἔφασκεν,
3048 533 3168 604 ίερά
3205 536 3263 588 τέ
3297 535 3414 588 ἐστι
3457 537 3550 590 καὶ
3581 540 3782 608 τεμένη
3807 580 3825 604 ,

561 618 800 684 fueritis,
830 631 980 676 caste
1021 625 1355 691 sacriﬁcare,
1383 637 1444 682 ut
1478 629 1584 700 ipsi
1623 633 1969 701 existimatis,
2001 639 2138 693 lice-

561 707 668 763 bit:
699 725 802 766 nos
853 728 984 767 vero
1035 714 1090 767 in
1125 716 1308 771 media
1347 719 1484 774 urbe
1537 724 1935 791 sacriﬁcantes,
1995 737 2058 782 et-
2084 730 2138 782 in

563 798 750 854 triviis
780 810 838 861 et
875 801 932 855 in
976 804 1144 872 agris,
1208 821 1434 863 necesse
1481 823 1567 866 est
1615 813 1941 869 cadaverum
1979 833 2140 888 aspe-

563 900 654 946 ctu
693 893 864 962 pollui
904 911 916 947 :
970 896 1107 949 nihil
1168 899 1317 953 enim
1376 912 1462 955 est
1503 905 1748 969 omnino,
1799 910 1944 976 quod
1980 925 2141 980 aspe-

499 1021 510 1029 .
561 991 710 1037 ctum
747 999 1002 1040 coercere
1041 988 1235 1055 possit.
1275 991 1353 1046 Ac
1393 992 1661 1063 simplicis
1707 999 1930 1066 quidem
1970 1001 2148 1057 histo—_

563 1074 659 1129 riaa
699 1075 840 1129 ratio
873 1091 942 1130 ex
985 1076 1367 1149 Egyptiorum
1414 1087 1663 1155 moribus
1695 1090 2156 1158 probabilitatem

561 1163 747 1221 habet.
781 1166 973 1238 Neque
1012 1178 1197 1225 tamen
1227 1177 1408 1228 minus
1463 1187 1611 1231 recte
1655 1179 1803 1234 dicta
1845 1183 2140 1251 sapientis-

561 1255 683 1310 simi
724 1257 828 1312 viri
869 1260 1039 1315 verba
1081 1266 1517 1333 comperiemus,
1559 1268 1604 1322 si
1643 1269 2007 1339 spiritualiter
2058 1273 2142 1327 in-

563 1347 910 1420 telligantur.
939 1350 1169 1423 Oportet
1201 1356 1349 1410 enim
1390 1373 1490 1411 nos
1534 1367 1789 1428 tanquam
1835 1361 1890 1416 in
1921 1363 2143 1419 deserto

562 1438 899 1504 sacriﬁcare,
938 1453 1297 1514 sanctumque
1342 1447 1540 1502 festum
1582 1451 1692 1504 Deo
1731 1455 2033 1519 celebrare,
2073 1457 2144 1510 ab

558 1527 940 1600 Egyptiorum
977 1535 1140 1589 terris
1180 1537 1510 1593 excedentes
1543 1558 1556 1592 :
1597 1542 1856 1598 vitandus
1881 1557 2146 1615 praeterea

560 1621 757 1675 mortis
781 1633 1076 1692 aspectus;
1109 1642 1284 1682 vacuo
1307 1629 1456 1683 enim
1482 1631 1686 1696 animo,
1717 1644 1774 1688 et
1823 1637 1982 1708 longe
2004 1655 2033 1693 a
2061 1647 2146 1694 te-

561 1711 751 1768 nebris
791 1725 1022 1780 remoto,
1067 1733 1204 1787 quas
1261 1721 1499 1776 mundus
1531 1723 1787 1790 offundit,
1824 1727 1930 1797 37
1969 1732 2146 1786 oculis

563 1819 788 1874 quoque
818 1809 1030 1862 aversis
1055 1809 1122 1862 ah
1158 1810 1225 1864 iis
1245 1812 1430 1872 rebus.
1459 1831 1579 1883 qum
1609 1817 1674 1871 ad
1709 1818 1988 1873 interitum
2017 1837 2141 1876 cor-
2174 1848 2192 1883 δ

561 1895 982 1967 ruptionemque
1012 1901 1342 1968 perducunt,
1372 1903 1446 1958 ita
1482 1905 1700 1961 demum
1723 1917 1870 1964 caste
1892 1911 2138 1965 omnium

559 1987 795 2056 principi
823 1987 936 2042 Deo
956 1989 1409 2048 sacriﬁcahimus.
1437 1993 1614 2063 Opera
1636 2013 1871 2068 namque
1900 2009 2137 2066 mortua,

558 2079 740 2134 carnis
776 2095 945 2150 opera
997 2092 1156 2138 sunt:
1194 2084 1579 2142 obtenebralio
1609 2099 1792 2144 autem
1841 2093 2137 2159 mundana,

562 2169 654 2223 illa
682 2185 749 2224 ex
781 2171 1074 2228 laboriosis
1122 2175 1527 2246 inutilibusque
1556 2181 1710 2235 curis
1740 2189 1901 2251 atque
1931 2184 2141 2238 disten-

562 2261 805 2315 tionihus
834 2265 1178 2332 perturbatio
1221 2276 1384 2336 atque
1430 2258 1702 2334 confusio,
1762 2289 1884 2342 quae
1942 2291 2141 2344 purum

565 2351 720 2406 illum
755 2363 919 2424 atque
973 2357 1310 2425 pellucidum
1353 2361 1552 2415 mentis
1599 2363 1860 2418 aetherem
1900 2368 2138 2435 polluit;

562 2460 592 2497 a
622 2445 825 2515 quibus
854 2463 976 2503 esse
1008 2450 1380 2504 recedendum
1415 2451 1505 2515 iis,
1555 2454 1649 2524 qui
1706 2454 1922 2511 sincere
1969 2459 2143 2512 Deum

562 2539 744 2592 colere
773 2539 965 2604 velint,
987 2542 1154 2595 etiam
1190 2541 1437 2613 historia:
1462 2545 1632 2598 verba
1667 2547 1926 2608 suadent.

634 2629 830 2683 PALL.
865 2630 920 2684 ld
963 2631 1185 2700 quidem
1221 2633 1445 2688 minimc
1473 2645 1558 2690 est
1592 2637 1890 2691 obscurum
1928 2656 1942 2693 :
1987 2638 2143 2693 ideo-

564 2735 672 2788 que
700 2721 863 2775 velim
896 2722 1008 2786 illa,
1043 2740 1166 2794 qua:
1210 2725 1473 2798 deinceps
1515 2739 1842 2799 sequuntur,
1872 2746 2142 2802 exsequa-

566 2808 663 2863 ris.

634 2899 793 2956 CVR.
827 2903 1099 2960 lsraelitas
1128 2907 1292 2978 igitur
1327 2910 1792 2976 ardentissimum,
1832 2926 1890 2968 ut
1928 2915 2143 2984 opinor,

565 3004 621 3047 et
661 2995 992 3050 acerrimum
1035 2999 1273 3069 antiqua:
1313 3002 1584 3057 libertatis
1620 3004 1891 3060 invaserat
1924 3007 2146 3064 deside-

569 3085 708 3139 rium
763 3103 776 3139 :
824 3102 1060 3157 cumque
1123 3093 1479 3146 vehementer
1527 3095 1593 3148 ad
1645 3112 1765 3150 eam
1814 3097 2141 3167 aspirarent,

2243 620 2467 689 κλεῖθρα
2495 639 2552 674 τε
2580 625 2674 675 καὶ
2710 623 2897 686 πύλαι,
2924 617 3000 678 ὧν
3028 625 3160 679 είσω
3203 627 3366 698 τυχὸν
3395 628 3828 701 είσδεδραμηκό·

2243 727 2327 762 σιν
2373 711 2588 775 ἐξέσται
2637 713 2785 767 θύειν
2835 714 3044 783 ἁγνῶς,
3097 715 3286 787 ὥσπερ
3339 717 3406 772 ἂν
3454 719 3633 773 οῐεσθε
3682 723 3828 777 κατά

2243 803 2382 869 σφᾶς
2413 803 2610 866 αὐτούς
2631 822 2645 836 ·
2689 807 2838 877 ἡμᾶς
2873 807 2930 860 δὲ
2971 807 3184 880 ἀνάγκη
3223 809 3364 862 κατὰ
3396 811 3571 882 μέσην
3597 811 3830 876 θύοντας

2241 891 2413 957 πόλιν,
2448 895 2506 947 ἐν
2529 897 2760 964 τριόδοις
2783 915 2842 950 τε
2867 900 2961 952 καὶ
2985 901 3044 952 ἐν
3074 899 3284 968 ἀγροῖς,
3307 902 3428 956 ταῖς
3455 901 3563 956 τῶν
3589 902 3824 957 τεθνεώο

2240 999 2348 1038 των
2390 987 2855 1057 καταμολύνεσθαι
2887 989 3056 1055 θέαις.
3089 992 3163 1046 Th
3203 992 3313 1064 γὰρ
3342 993 3607 1064 ἀπεῖργον
3647 995 3822 1065 ὅροις,

2243 1077 2518 1141 παντελῶς
2545 1080 2728 1146 οὐδέν,
2754 1083 2862 1144 Καὶ
2900 1085 2928 1136 ὁ
2961 1083 3062 1153 μὲν
3089 1083 3192 1153 τῆς
3233 1083 3476 1156 ἱστορίας
3506 1084 3663 1154 λόγος
3709 1085 3828 1155 ἔχοι

2243 1165 2310 1219 ἂν
2344 1169 2475 1241 ἡμῖν
2511 1169 2584 1232 ὡς
2620 1172 2678 1224 ὲν
2706 1171 2853 1225 ἔθεσι
2878 1173 2988 1226 τῶν
3014 1175 3326 1243 Αἰγυπτίων
3362 1175 3440 1244 (ί)
3479 1174 3540 1228 τὸ
3572 1175 3826 1240 πιθανὸν,

2243 1258 2326 1328 εἴη
2357 1259 2403 1312 δ’
2427 1259 2492 1322 ἂν
2523 1261 2697 1332 ὀρθῶς
2720 1263 3010 1334 εἰρημένον
3041 1267 3107 1318 τὸ
3130 1265 3240 1318 ὑπδ
3263 1267 3356 1320 τοῦ
3383 1265 3660 1343 πανσόφου
3689 1268 3828 1322 Μω-

2246 1348 2401 1412 σέως,
2449 1350 2550 1403 κᾶν
2601 1353 2650 1404 εἰ
2694 1355 2880 1414 νοοῖτο,
2917 1355 3322 1425 πνευματικῶς.
3366 1356 3491 1427 Χρὴ
3532 1355 3642 1425 γὰρ
3675 1358 3829 1426 ἡμᾶς

2243 1441 2318 1504 ὡς
2349 1444 2408 1495 ὲν
2446 1443 2638 1515 ἐρήμῳ
2673 1444 2840 1510 θύειν,
2882 1447 2977 1500 καί
3013 1447 3205 1518 ἑορτὴν
3235 1447 3398 1516 ἀργίαν
3426 1448 3831 1520 ἀποπεραίνειν

2244 1531 2385 1602 Θεῷ,
2423 1533 2522 1603 τῆς
2571 1533 2886 1602 Αἰγυπτίων
2931 1537 3296 1606 ἀπαίροντας,
3333 1538 3717 1608 παραιτεῖσθαι
3765 1539 3830 1592 δὲ

2246 1624 2340 1676 καὶ
2369 1625 2600 1678 Θανάτου
2626 1626 2774 1680 θέαν.
2803 1628 3044 1697 Σχολαίῳ
3072 1628 3182 1700 γὰρ
3214 1628 3290 1699 νῷ
3317 1630 3410 1686 καὶ
3436 1629 3693 1701 βεϐηκότι
3721 1649 3833 1701 μα-

2247 1715 2389 1786 κρὰν
2431 1717 2523 1769 τοῦ
2567 1717 3056 1782 κατασκοτίξεσθαι
3098 1720 3416 1788 κοσμικῶς,
3465 1722 3559 1774 καὶ
3593 1721 3700 1774 τῶν
3743 1726 3832 1786 εἰς

2248 1805 2549 1874 νεκρότητα
2572 1808 2666 1860 καὶ
2686 1808 2893 1877 φθορὰν
2925 1809 3402 1879 κατακομιζόντων
3427 1811 3521 1863 τὸν
3546 1811 3833 1883 ὀφθαλμὸν

2241 1895 2710 1961 ἀπαλλάττοντες,
2743 1898 2980 1968 θύσομεν
3027 1897 3281 1970 καθαρῶς
3308 1899 3387 1970 τῷ
3431 1901 3650 1955 πάντων
3692 1921 3835 1975 κρα-

2238 1985 2420 2040 τοῦντι
2451 1988 2588 2058 Θεῷ.
2617 1989 2793 2060 Ἔργα
2825 1989 2883 2042 δὲ
2911 1990 3101 2061 νεκρὰ,
3130 1989 3200 2047 τὰ
3228 1991 3429 2062 σαρκὸς
3455 1991 3521 2046 ἂν
3550 1993 3656 2064 εἴη.
3690 1995 3835 2047 Σκο-

2239 2080 2429 2150 τισμὸς
2485 2080 2542 2134 δὲ
2586 2081 2889 2151 κοσμικος,
2934 2082 2969 2152 ἠ
3011 2083 3076 2136 ὲκ
3130 2083 3384 2154 πονηρῶν
3453 2086 3548 2138 καὶ
3605 2087 3836 2140 εἰκαίων

2243 2169 2643 2242 περισπασμῶν
2664 2169 2985 2234 ὲπιθόλωσις
3001 2210 3014 2235 ,
3038 2169 3130 2224 τὸν
3157 2171 3396 2244 καθαρόν
3422 2191 3483 2227 τε
3511 2175 3606 2227 καὶ
3627 2175 3835 2246 διαυγῆ

2241 2261 2343 2330 τῆς
2373 2262 2614 2324 διανοίας
2638 2262 2834 2333 αἰθέρα
2878 2263 3350 2333 καταμολύνουσα.
3389 2258 3490 2320 Ὧν
3528 2267 3613 2318 ὅτι
3655 2282 3840 2338 προσ,-

2243 2353 2376 2422 ἧκεν
2439 2355 2894 2423 ἀπονοσφίζεσθαι
2967 2359 3095 2422 τοὺς
3167 2360 3476 2432 εἰλικρινῶς
3543 2361 3838 2434 λατρεύειν

2245 2442 2544 2508 ἐθέλοντας,
2575 2448 2668 2498 καὶ
2701 2449 2729 2500 ό
2761 2449 2859 2519 τῆς
2887 2449 3128 2522 ἱστορίας
3155 2453 3186 2522 ἡ
3198 2453 3304 2522 μᾶς
3336 2453 3621 2507 ἀναπείθει
3650 2455 3834 2524 λόγος.

2317 2632 2522 2687 ΠΑᾹΛ.
2556 2637 2663 2688 Καὶ
2693 2636 2797 2706 μὴν
2816 2638 2974 2692 τοῦτό
2995 2639 3058 2708 γέ
3079 2643 3229 2695 ἐστιν
3257 2643 3358 2696 οὐκ
3387 2644 3728 2713 ἀσυμφανές’
3762 2643 3842 2698 τὰ

2243 2721 2288 2775 δ’
2307 2719 2402 2778 οὖν
2430 2725 2627 2796 ἐφεξῆς
2656 2727 2968 2800 διαπέραινέ
3003 2747 3114 2809 μοι.

2315 2903 2479 2958 ΚΥΡ.
2512 2904 2651 2968 Τοὺς
2676 2904 2774 2973 μὲν
2799 2901 2893 2959 οὖν
2918 2903 2978 2970 ἐξ
3014 2906 3230 2979 Ἰσραὴλ
3261 2908 3540 2973 δύσοιστος
3568 2907 3722 2980 οἶμαί
3745 2926 3843 2973 τις

2245 2997 2341 3050 καὶ
2385 2995 2581 3068 δριμὺς
2628 2997 2725 3066 τῆς
2779 2999 3012 3068 ἀρχαίας
3065 2999 3375 3073 ἐλευθερίας
3412 3001 3613 3055 εἰσέθει
3649 3001 3841 3064 πόθος·

2246 3090 2666 3152 ἀπονενευκότες
2692 3091 2747 3142 δὲ
2768 3090 2868 3159 ἤδη
2901 3090 3035 3158 πρὸς
3051 3091 3239 3158 τοῦτο,
3263 3093 3449 3154 δεινῶς
3476 3093 3846 3164 κατηρέθιῖου

564 3175 684 3245 ejus
707 3175 835 3240 iras,
863 3180 956 3248 qui
978 3180 1086 3234 illis
1105 3181 1293 3252 iugum
1317 3185 1600 3240 servitutis
1621 3186 1975 3256 imposuerat,
2000 3206 2148 3246 com-

2252 3183 2328 3246 εἰς
2353 3181 2524 3252 ὀργὰς
2547 3181 2636 3234 τὸν
2674 3184 2785 3246 τοῖς
2809 3181 2907 3250 τῆς
2935 3181 3178 3246 δουλείας
3204 3183 3603 3252 ὲγκαταδέοντα
3630 3185 3842 3251 ζυγοῖς.

567 3278 886 3334 moverunt;
919 3271 1012 3339 qui
1053 3287 1176 3326 cum
1208 3275 1416 3329 diceret
1441 3277 1756 3347 huiusmodi
1787 3296 1969 3334 rerum
1999 3282 2146 3337 desi-

568 3356 785 3413 derium
813 3375 881 3414 ex
917 3362 1032 3415 otio
1061 3362 1416 3430 descendere,
1445 3369 1630 3438 augeri
1661 3369 1779 3438 illis
1797 3386 2024 3440 operum
2055 3389 2150 3426 su-

567 3449 778 3512 dorem,
807 3451 1161 3522 laboremque
1195 3455 1377 3524 jussit.
1410 3458 1596 3528 Itaque
1627 3468 1684 3513 ut
1715 3461 1832 3516 sine
1866 3463 1976 3516 ulla
2011 3463 2150 3517 dila-

566 3541 830 3596 'tione.ab
865 3543 946 3597 eis
986 3556 1374 3614 exposceretur
1415 3551 1662 3605 consueti
1705 3552 1888 3621 operis
1918 3568 2150 3619 summa,

568 3631 850 3701 palearum
882 3649 1015 3688 vero
1048 3636 1278 3690 tributio
1324 3647 1525 3707 praeter
1567 3643 2019 3698 consuetudinem
2053 3644 2151 3699 de-

570 3730 884 3788 negaretur,
913 3724 1180 3794 iniunxit;
1209 3726 1428 3782 dicebat
1454 3729 1601 3783 enim
1625 3748 1637 3783 :
1680 3750 1697 3781 ι
1728 3733 1965 3799 Vacatis,
1991 3735 2152 3791 otiosi

569 3813 726 3875 estis,
760 3813 883 3867 ideo
921 3815 1128 3880 dicitis,
1169 3817 1372 3874 Eamus
1401 3828 1458 3874 et
1498 3821 1868 3880 sacriﬁcemus
1902 3825 2015 3880 Deo
2051 3843 2153 3882 no-

570 3911 705 3957 stro.
758 3905 915 3959 Nunc
952 3905 1122 3975 igitur
1164 3917 1360 3963 euntes
1402 3912 1707 3978 Operamini
1753 3915 1966 3982 :paleae
2006 3918 2154 3971 enim

573 4010 684 4048 non
714 3994 1011 4062 dabuntur,
1055 4008 1113 4052 et
1143 4015 1410 4053 summam
1452 4003 1673 4058 lateritii
1714 4008 1896 4076 Operis
1931 4009 2151 4065 dabitis.

571 4084 951 4156 Videbantque
997 4104 1055 4143 se
1082 4087 1288 4146 Scriba:
1319 4089 1554 4146 ﬁliorum
1582 4094 1746 4150 Israel
1778 4097 1830 4150 in
1861 4100 2037 4164 malis,
2069 4101 2158 4154 di-

571 4186 759 4231 centes
791 4195 804 4230 :
831 4178 949 4232 Non
979 4179 1240 4236 minuetis
1265 4198 1295 4235 a
1323 4191 1525 4237 statuta
1549 4200 1760 4241 summa
1792 4188 2024 4244 laterum
2059 4208 2158 4262 per

572 4268 818 4338 singulos
850 4269 988 4324 dies.
1023 4269 1399 4327 Occurrerunt
1443 4289 1626 4329 autem
1668 4277 1836 4352 Moysi
1875 4289 1932 4334 et
1974 4281 2157 4337 Aaron

574 4359 926 4416 venientibus
957 4363 1013 4416 in
1040 4379 1332 4420 occursum
1358 4383 1573 4433 eorum,
1600 4383 1725 4423 cum
1761 4371 2160 4442 egrederentur

575 4466 604 4503 a
636 4451 938 4516 Pharaone,
967 4465 1022 4509 et
1044 4457 1304 4513 dixerunt
1331 4459 1441 4515 illis
1467 4459 1742 4530 :Aspiciat
1769 4463 2035 4522 Dominus
2061 4483 2158 4522 su-

2254 3272 2456 3342 Ἔργον
2490 3270 2546 3324 δὲ
2580 3268 2719 3322 εἶναι
2759 3269 2953 3340 σχολῆς
2987 3270 3087 3334 τὰς
3127 3273 3221 3324 ἐπὶ
3244 3272 3470 3325 τοιοῖσδε
3501 3271 3676 3340 λέγων
3717 3275 3848 3325 ὲπι-

2251 3362 2484 3431 θυμίας,
2519 3361 2994 3431 ἐγκατατείνεσθαι
3038 3363 3188 3431 σφίσι
3235 3363 3326 3416 τὸν
3362 3364 3454 3416 ὲπὶ
3499 3366 3610 3426 τοῖς
3658 3363 3848 3434 ἔργοις

2255 3454 2450 3526 ἱδρῶτα
2475 3455 2707 3518 κελεύει,
2733 3457 2830 3524 τῆς
2859 3455 2958 3525 μὲν
2979 3457 3035 3507 έν
3061 3455 3172 3507 ἔθει
3207 3455 3510 3520 συντάξεως
3540 3455 3849 3526 ἀνυπερθέ-

2251 3563 2357 3607 τως
2386 3543 2772 3615 ὲξαιτουμένης
2791 3585 2806 3608 ,
2839 3548 3307 3617 περιτεμνομένης
3333 3546 3389 3598 δὲ
3426 3546 3710 3617 ἀσυνήθως
3741 3547 3847 3599 a5-

2254 3639 2366 3698 τοῖς
2399 3634 2500 3705 τῆς
2529 3634 2635 3688 τῶν
2693 3634 2911 3706 ἀχύρων
2951 3635 3246 3706 διανομῆς’
3292 3637 3527 3705 ἔφασκεν
3563 3639 3706 3707 γὰρ,
3756 3638 3854 3691 ὅτι

2266 3744 2283 3774 ι
2298 3723 2614 3792 Σχολάζετε,
2643 3723 2933 3793 σχολασταί
2954 3724 3097 3786 ἐστε,
3121 3723 3208 3777 διὰ
3228 3723 3386 3776 τοῦτο
3403 3723 3612 3792 λέγετε,
3635 3725 3848 3791 Πορευ-

2255 3814 2438 3884 θῶμεν
2468 3815 2562 3866 καὶ
2591 3815 2842 3884 θύσωμεν
2881 3813 2958 3882 τῷ
2989 3813 3110 3882 Θεῴ
3152 3814 3331 3884 ἡμῶν.
3363 3814 3477 3868 Νῦν
3516 3811 3610 3868 οὖν
3643 3831 3849 3885 πορευ-

2256 3904 2439 3968 θέντες
2470 3905 2801 3975 ἐργάζεσθεο
2831 3904 2894 3958 τὸ
2921 3906 3028 3975 γὰρ
3056 3906 3258 3976 ἄχυρον
3289 3908 3350 3959 ού
3384 3907 3669 3978 δοθήσεται
3690 3949 3704 3969 ,
3740 3908 3852 3961 καὶ

2255 3998 2354 4068 τὴν
2391 3997 2640 4062 σύνταξιν
2679 3998 2780 4068 τῆς
2826 3997 3103 4062 πλινθείας
3145 4002 3298 4053 αὐτοὶ
3341 4000 3562 4055 δώσετε.
3621 4001 3846 4072 Ἐὡρων

2255 4087 2349 4145 οὖν
2381 4092 2430 4144 οἱ
2455 4091 2809 4162 Γραμματεῖς
2837 4089 2944 4143 τῶν
2975 4091 3106 4144 υἱῶν
3145 4091 3362 4162 Ἰσραὴλ
3394 4094 3619 4156 ἑαυτοὺς
3652 4094 3711 4144 ὲν
3739 4110 3845 4145 κα-

2257 4185 2394 4246 κοῖς,
2424 4182 2693 4251 λέγοντες·
2729 4183 2843 4236 Οὐκ
2869 4181 3190 4251 ἀπολείψετε
3213 4183 3322 4235 ἀπὸ
3349 4183 3451 4252 τῆς
3473 4183 3755 4246 πλινθείας
3782 4183 3846 4236 τὸ

2257 4275 2497 4346 καθῆκον
2519 4276 2585 4345 τῇ
2612 4275 2816 4345 ἡμέρᾳ.
2844 4274 3191 4344 Συνήντησαν
3217 4274 3272 4326 δὲ
3294 4275 3465 4344 Μωσῇ
3497 4275 3593 4327 καὶ
3629 4274 3845 4344 Ἀαρὼν

2257 4364 2574 4437 ἐρχομένοις
2619 4366 2699 4422 εἰς
2762 4363 3083 4433 συνάντησιν
3116 4363 3334 4426 αὐτοῖς,
3389 4363 3848 4433 ἐκπορευομένων

2261 4455 2440 4510 αὐτῶν
2466 4456 2574 4508 ἀπὸ
2592 4455 2686 4509 τοῦ
2707 4456 2926 4529 Φαραὼ,
2949 4457 3042 4508 καὶ
3063 4451 3213 4507 εἷπον
3231 4455 3434 4518 αὐτοῖς·
3475 4453 3794 4531 Ἐπίδοι[τ]ο
3819 4456 3849 4506 ὁ

578 4555 676 4608 per
717 4559 814 4597 vos
859 4555 915 4598 et
960 4547 1188 4615 iudicet,
1223 4552 1480 4618 quoniam
1524 4554 1914 4609 exsecrabilem
1949 4556 2148 4613 fecistis

2260 4546 2391 4609 Θεὸς
2425 4547 2595 4617 ὑμᾶς,
2635 4547 2730 4598 καὶ
2768 4546 2981 4615 κρίναι.
3036 4545 3121 4598 ὅτι
3165 4538 3486 4607 ἐδδελύξατε
3519 4544 3618 4614 τὴν
3669 4545 3848 4612 ὀσμὴν

579 4632 802 4687 odorem
832 4646 1078 4691 nostrum
1109 4656 1292 4694 coram
1328 4643 1631 4706 Pharaone,
1664 4654 1720 4698 et
1760 4661 1945 4700 coram
1985 4651 2160 4704 servis

581 4721 720 4790 ejus,
758 4731 820 4776 ut
863 4723 1068 4780 daretis
1107 4728 1344 4796 gladium
1392 4731 1448 4784 in
1491 4747 1685 4786 manus
1707 4735 1825 4804 eius
1851 4737 1918 4790 ad
1951 4738 2162 4793 interﬁ-

581 4812 806 4868 ciendos
848 4831 949 4869 nos
989 4818 1029 4871 ⁵.
1069 4838 1088 4868 ι
1137 4819 1277 4885 Quid
1323 4831 1413 4884 tu,
1456 4823 1658 4891 amice,
1705 4841 1888 4883 nonne
1934 4831 2162 4885 verissi-

2263 4636 2418 4706 ἡμῶν
2441 4634 2681 4690 ἐναντίον
2711 4633 2930 4706 Φαραὼ,
2951 4635 3046 4688 καὶ
3078 4635 3318 4688 ἐναντίον
3353 4633 3462 4687 τῶν
3496 4633 3862 4704 θεραπόντων,

2263 4727 2452 4791 αὑτοῦ,
2481 4728 2663 4782 δοῦναι
2696 4728 2970 4800 ῥομφαίαν
3005 4729 3086 4791 εἰς
3109 4726 3209 4790 τὰς
3236 4729 3424 4797 χεῖρας
3463 4724 3629 4778 αὐτοῦ
3652 4762 3667 4784 .
3705 4724 3851 4774 ἀπο-

2264 4823 2470 4875 κτεῖναι
2491 4822 2663 4892 ἡμᾶς.
2695 4839 2714 4872 ι
2741 4820 2811 4873 Ἣ
2838 4820 2966 4890 γὰρ,
2987 4811 3034 4871 ὧ
3054 4817 3298 4888 φιλότης,
3327 4817 3430 4870 οὑκ
3453 4814 3679 4885 ἀτρεκὲς
3700 4809 3851 4866 εἶναι

583 4921 733 4959 nium
757 4923 878 4962 esse
905 4909 1076 4975 dices,
1105 4912 1198 4966 ubi
1229 4916 1459 4984 coeperit
1484 4919 1606 4986 quis
1633 4920 1887 4976 diabolici
1913 4921 2148 4976 domina-

2268 4915 2397 4982 φὴς,
2433 4913 2510 4976 ὡς
2552 4911 2775 4965 ἐπειδὰν
2822 4911 2997 4964 ἒλοιτό
3018 4927 3101 4973 τις
3125 4912 3226 4980 τῆς
3250 4907 3345 4960 τοῦ
3377 4907 3625 4960 διαϐόλου
3652 4905 3854 4957 πλεονο

585 5003 672 5050 tus
694 4998 886 5069 iugum
907 5011 1184 5067 excutere,
1208 5015 1508 5076 contraque
1536 5009 1707 5065 divini
1735 5013 1916 5067 cultus
1933 5014 2148 5083 gloriam

2264 5004 2413 5070 εξίας
2444 5003 2819 5058 ἀπολύσασθαι
2867 5002 2958 5056 τὸν
2985 5001 3166 5071 ζυγὸν,
3213 5002 3312 5055 καὶ
3347 5001 3410 5054 τὸ
3454 4999 3697 5098 λαμπρὸν
3745 4999 3853 5098 καὶ

584 5085 901 5150 praeclaram
933 5089 1081 5143 illam
1110 5100 1165 5144 et
1193 5092 1422 5148 liberam
1453 5099 1753 5168 suscipere,
1778 5117 2082 5171 vacareque
2107 5114 2148 5157 el

2265 5095 2546 5165 ἐλεύθερον
2570 5095 2668 5164 τῆς
2703 5095 2782 5156 εἰς
2821 5092 2954 5146 Θεὸν
2993 5091 3251 5162 λατρείας
3291 5087 3673 5143 ἀντανελέσθαι
3702 5085 3855 5138 καύ-

584 5186 912 5243 cognoscere
941 5195 1089 5245 eum,
1122 5183 1215 5251 qui
1239 5192 1323 5239 est
1351 5201 1478 5242 vere
1510 5189 1791 5256 Dominus,
1816 5201 1876 5247 ut
1907 5193 1962 5246 in
1995 5193 2147 5247 Psal~

2253 5208 2321 5262 χη
2330 5207 2426 5260 μα,
2455 5189 2713 5260 σχολάσαι
2745 5206 2804 5242 τε
2825 5189 2920 5242 καὶ
2951 5186 3151 5255 γνῶναι
3177 5185 3267 5239 τὸν
3289 5184 3508 5254 ἀληθῶς
3532 5180 3840 5250 Δεσπότην,

587 5265 691 5318 mis
719 5267 933 5324 canitur
962 5289 974 5324 :
1014 5291 1032 5323 ι
1067 5274 1267 5330 Vacate
1303 5284 1360 5331 et
1395 5279 1596 5345 videte,
1625 5284 1882 5351 quoniam
1914 5300 2014 5354 ego
2039 5299 2148 5337 sum

2267 5281 2409 5335 κατά
2448 5281 2510 5334 τὸ
2544 5282 2602 5333 ὲν
2634 5279 2883 5350 Ψαλμοῖς
2925 5277 3278 5348 ὑμνούμενον·
3335 5294 3353 5329 ι
3399 5275 3695 5346 Σχολάσατε
3744 5272 3850 5324 καὶ

589 5355 732 5411 Deus
777 5358 817 5423 ⁸,
861 5379 878 5411 ι
926 5370 1044 5416 tum
1083 5363 1201 5422 fore
1256 5375 1317 5422 ut
1362 5369 1450 5424 ille
1484 5371 1539 5425 in
1587 5372 1902 5442 huiusmodi
1943 5375 2148 5444 negoti:

2267 5371 2440 5440 γνῶτε
2471 5373 2555 5426 ὅτι
2589 5369 2702 5441 ἐγώ
2739 5373 2854 5441 εἰμι
2884 5369 3089 5440 Κύριος
3115 5369 3145 5420 ὁ
3184 5367 3339 5431 Θεὺς;
3377 5385 3397 5420 ι
3429 5365 3706 5435 ἐγκαλέσει
3737 5361 3852 5430 μὲν

587 5449 760 5504 otium
799 5466 864 5506 ac
902 5455 1143 5510 studium
1195 5468 1452 5529 tanquam
1499 5463 1836 5534 impietatem
1869 5465 2148 5534 quamdam

2269 5465 2399 5534 ἡμῖν
2434 5462 2510 5527 ὡς
2541 5462 2755 5517 ἀνόσιόν
2781 5478 2834 5515 τι
2865 5460 3073 5531 χρῆμα,
3107 5459 3206 5529 τὴν
3236 5459 3329 5511 ἐπὶ
3357 5456 3493 5529 τῷδε
3533 5453 3717 5526 σχολὴν
3744 5452 3854 5504 καὶ

666 5613 686 5642 ⁵
715 5611 886 5664 Exod.
927 5629 978 5677 v,
1007 5615 1069 5668 l7
1101 5633 1220 5688 sqq.
1298 5620 1319 5652 ⁶
1347 5621 1486 5675 Psal.
1525 5639 1645 5688 XLV,
1679 5624 1726 5678 l.

664 5744 738 5809 (Ι)
775 5743 866 5798 Sic
917 5747 1038 5800 cod.
1083 5748 1202 5805 Vat.
1248 5752 1364 5808 Non
1419 5757 1641 5825 probavi
1708 5759 1855 5829 quod
1915 5767 2034 5815 erat
2088 5759 2141 5814 in

617 5811 954 5865 Edunliorum
992 5835 1163 5865 serum-

2252 5756 2378 5814 ilice
2434 5755 2641 5822 Sirlcti,
2690 5751 2762 5818 ὡς
2822 5755 2878 5809 έν
2917 5750 3181 5827 ,αἰσθήσει
3233 5749 3341 5805 τῶν
3399 5745 3715 5819 Αἰγυπτίων,
3778 5760 3847 5797 ea:

590 5825 954 5885 .lzgypu’orum
992 5835 1164 5874 διηιδιι.
1624 5864 1630 5870 -
