4046 6492
260 367 371 422 I93

1014 364 1101 420 DE
1140 364 1580 423 ADORATIONE
1620 363 1687 421 IN
1726 361 1994 419 SPlRITU
2043 360 2132 416 ΕΤ
2170 363 2537 419 VERITATE.
2583 364 2708 418 LIB.
2751 364 2791 418 I.

3414 361 3525 423 I96

260 478 506 548 θέλησιν,
535 474 994 542 κατεξανίσταται
1015 474 1072 528 δέ
1092 477 1202 538 τοῖς
1225 475 1403 540 ἄλλοις
1431 474 1565 546 ὁμοῦ
1591 472 1847 543 πονηροῖς

1949 470 2109 527 nobis
2136 471 2272 527 vitio
2302 481 2499 537 vertat,
2523 487 2739 541 unaque
2764 487 2889 527 cum
2919 474 3041 529 aliis
3073 490 3309 545 nequam
3338 478 3521 550 impu-

258 586 323 621 τε
378 568 469 621 καὶ
530 566 864 639 ἀκαθάρτοις
923 564 1227 636 πνεύμασιν
1282 569 1310 619 6
1365 567 1583 621 πάντων
1630 562 1841 633 ἐχθρὸς,

264 659 541 730 σαρκικῆς
578 658 679 729 μὲν
723 658 818 710 xui
858 657 1093 725 γεώδους
1135 657 1474 730 ἀκαθαρσίας
1505 658 1598 710 καὶ
1634 654 1742 707 τῶν
1787 656 1844 706 ἐν

262 754 460 821 κόσμῳ
496 749 894 820 ἀκαταλήκτως
931 749 1170 819 ἔχεσθαι,
1210 749 1351 801 κατά
1384 750 1445 802 τὸ
1475 749 1689 817 ἑκάστῳ
1723 746 1846 798 σύν-

264 842 421 913 ηθες,
448 839 858 909 ἐπαναγκάζωνς
876 841 1103 910 ἀγρίως,
1127 838 1424 909 ἀπέχεσθαι
1456 839 1512 891 δέ
1543 838 1645 906 τῆς
1673 839 1847 906 ἐντρι-

266 934 399 997 6οῦς
436 933 765 1002 φαυλότητος
795 933 994 1003 ἥκιστα
1029 932 1127 1001 μὲν
1158 930 1331 999 ἐφιεὶς
1350 968 1366 994 ,
1407 928 1761 1000 δυσπόριστον
1790 926 1846 979 δὲ

266 1026 368 1079 xui
402 1024 563 1078 τοῦτο
609 1023 817 1086 τιθεὶς,
862 1022 938 1085 ὡς
986 1022 1051 1076 ἂν
1087 1022 1162 1093 μὴ
1208 1020 1285 1091 τῷ
1326 1020 1444 1075 λίαν
1494 1020 1694 1090 ἑτοίμῳ
1733 1019 1848 1072 δια-

265 1116 493 1170 π-ύοιτό
534 1132 596 1168 τε
628 1114 722 1168 καὶ
771 1116 852 1177 εἰς
895 1114 1055 1184 κόρον
1091 1114 1159 1166 ἴοι
1194 1113 1256 1167 τὸ
1296 1114 1498 1179 κακόν;
1539 1112 1707 1165 Ταυτί
1738 1110 1847 1181 γὰρ

265 1206 426 1278 οἶμαι
455 1205 811 1277 καταδηλοῦν,
832 1206 894 1260 τὸ
930 1206 1160 1269 ἐξαιτεῖν
1190 1204 1291 1275 μὲν
1316 1204 1547 1267 εὐτόνως
1570 1204 1669 1273 τῆς
1692 1202 1847 1255 πλιν-

267 1300 425 1359 θείας
459 1299 556 1369 τὴν
584 1296 833 1363 σύνταξιν
853 1336 868 1360 ,
899 1294 969 1348 τὰ
998 1296 1055 1348 δὲ
1086 1295 1153 1348 δι’
1191 1290 1266 1349 ὧν
1302 1296 1367 1349 ἂν
1403 1294 1612 1363 γένοιτο
1653 1293 1848 1363 ῥᾳδίως

267 1393 616 1460 ἀποστερεῖν,
651 1389 793 1442 τοῦτ’
838 1388 1019 1451 ἐστιν,
1052 1386 1113 1439 τὸ
1154 1387 1379 1457 ἄχυρον.
1424 1384 1753 1454 Πεφύκαμεν
1792 1385 1849 1439 δέ

268 1497 425 1544 πως,
468 1479 586 1531 τότε
619 1478 682 1545 δὴ
738 1477 971 1547 μάλιστα
1019 1474 1405 1547 προθυμότατά
1441 1493 1499 1527 τε
1533 1476 1626 1527 xui
1658 1472 1849 1525 εὐσθε-

270 1571 508 1624 νέστατα
546 1569 613 1620 τά
654 1567 853 1637 συνήθη
897 1566 1100 1637 ζητεῖν,
1140 1568 1235 1621 xui
1276 1564 1631 1636 θερμοτέραις
1666 1562 1852 1617 ἐπιθυ-

272 1662 431 1729 μίαις
456 1659 543 1711 ἐπ’
568 1659 705 1711 αὐτά
724 1656 1177 1726 καταφλέγεσθαι,
1195 1657 1283 1709 ὅτε
1303 1673 1354 1708 τι
1384 1656 1622 1724 φαίνοιτο
1649 1653 1848 1724 μεταξὺ

266 1754 334 1807 τὸ
363 1753 438 1815 ὡς
472 1751 531 1815 ἐξ
562 1750 805 1819 ἀνάγκης
837 1749 1113 1819 ἀποφέρον
1144 1748 1237 1801 ἐπὶ
1267 1748 1328 1799 τὸ
1375 1746 1449 1817 μὴ
1476 1745 1734 1799 δύνασθαι
1757 1762 1850 1796 τυ-

1943 564 2131 633 risque
2174 565 2459 633 spiritibus
2502 565 2592 619 ille
2631 564 2875 619 omnium
2922 565 3095 622 hostis
3124 567 3387 640 insurgat,
3416 572 3521 626 im-

1944 656 2286 724 maniterque
2335 664 2512 725 cogat,
2547 665 2609 710 ut
2657 657 2859 710 carnali
2907 665 3245 729 terrenaque
3290 661 3523 732 impuri-

1947 746 2065 810 tati,
2096 748 2207 816 38
2242 756 2298 801 et
2330 749 2513 802 δαίουΙί
2549 748 2698 801 curis
2741 757 2906 818 atque
2954 749 3381 809 distentionibus
3422 771 3525 825 pro

1944 838 2210 907 cujusque
2239 839 2634 893 consuetudine
2663 839 2892 894 ﬁrmiter
2932 840 3384 909 adhaerescamus,
3418 846 3523 899 mi-

1947 928 2202 996 nimeque
2236 930 2535 997 permittat,
2565 936 2676 983 uta
2700 930 2945 999 nequitia
2976 931 3031 984 in
3062 948 3169 1001 qua
3196 936 3397 989 versati
3429 936 3525 991 diu

1946 1034 2156 1084 sumus,
2203 1020 2603 1084 abstineamus;
2636 1022 2766 1091 quin
2810 1022 3054 1077 etiamid
3091 1025 3267 1093 ipsum
3302 1028 3529 1084 minime

1946 1110 2109 1165 nobis
2136 1112 2451 1181 expeditum
2481 1112 2691 1176 reddat,
2724 1128 2793 1166 ne
2822 1112 3015 1167 vitium
3055 1114 3101 1169 si
3142 1116 3434 1172 admodum
3468 1118 3557 1173 in‘

1948 1211 2204 1273 promptu
2256 1204 2346 1267 sit,
2399 1212 2801 1267 contemnatur,
2853 1211 2909 1259 et
2955 1205 3258 1261 satietatem
3300 1210 3385 1263 sui
3426 1225 3525 1278 pa-

1948 1292 2088 1347 riat?
2116 1295 2175 1348 Id
2204 1296 2350 1348 enim
2380 1294 2689 1364 signiﬁcare
2721 1296 2980 1356 arbitror,
3019 1296 3252 1351 laterum
3283 1309 3525 1355 structu-

1948 1400 2064 1437 ram
2083 1387 2285 1439 acriter
2307 1400 2636 1454 exposcere;
2660 1401 2722 1441 ea
2744 1401 2928 1455 porro,
2954 1402 3053 1455 per
3078 1404 3198 1456 quae
3219 1388 3376 1444 facile
3398 1406 3528 1445 con-

1948 1474 2035 1527 ﬁci
2078 1484 2323 1544 possunt,
2359 1475 2413 1528 id
2446 1484 2549 1538 est,
2580 1476 2762 1545 paleas
2801 1477 3068 1531 subtrahi.
3109 1478 3205 1533 Est
3249 1480 3396 1534 enim
3426 1498 3527 1537 na-

1948 1576 2071 1622 tura
2104 1568 2261 1622 nobis
2284 1567 2685 1636 quodammodo
2712 1578 3107 1638 comparatum,
3135 1579 3197 1625 ut
3224 1586 3287 1625 ea
3322 1573 3375 1627 in
3403 1574 3528 1643 qui-

1949 1660 2054 1714 bus
2080 1660 2283 1714 assueti
2320 1675 2529 1725 sumus,
2568 1669 2683 1714 tum
2710 1662 2946 1715 maxima
2977 1663 3281 1728 alacritate,
3309 1674 3365 1719 et
3394 1680 3528 1721 con-

1951 1751 2194 1807 tentione
2218 1767 2548 1821 qumramus,
2576 1768 2877 1823 eorumque
2907 1754 3207 1810 ardentiori
3230 1759 3529 1828 cupiditate

268 1848 413 1916 χεῖν.
466 1842 622 1896 Θείου
670 1842 727 1894 δέ
766 1818 835 1912 δὴ
886 1841 1049 1910 νόμου
1091 1840 1182 1892 τὸν
1230 1838 1567 1908 ἀνθρώπινον
1612 1835 1735 1888 νοῦν
1784 1833 1849 1886 τὰ

1949 1818 2261 1911 ﬁagremus,
2288 1856 2412 1895 cum
2443 1843 2647 1912 aliquid
2682 1818 2993 1908 intercedit,
3028 1846 3175 1913 quod
3209 1846 3262 1900 vi
3292 1818 3527 1916 quadam

268 1934 473 2004 αἰσχίω
528 1932 1016 2002 μεταπαιδεύοντος
1080 1930 1268 2002 μακρά
1318 1945 1401 1991 τις
1454 1925 1683 1979 είσδύνει
1731 1925 1853 1977 τότε

267 2026 337 2095 δὴ
374 2025 609 2096 μάλιστα
634 2022 793 2094 ποθὴ,
824 2022 1062 2075 καλοῦσα
1086 2021 1224 2091 πρὸς
1248 2019 1316 2073 τά
1348 2018 1507 2081 αὐτὰ,
1542 2017 1636 2070 xui
1665 2033 1854 2086 μονον·

267 2118 396 2186 ουχί
453 2116 547 2170 τοῦ
603 2116 897 2186 νομοθέτου
979 2112 1254 2183 καταϐοᾷν
1305 2110 1702 2164 ἀναπείθουσασ
1760 2106 1855 2161 καὶ

267 2206 429 2258 τοῦδε
454 2205 518 2275 δὴ
562 2204 723 2258 πάλιν
777 2204 852 2266 ὡς
891 2203 949 2255 ἐν
984 2203 1162 2264 σκιαῖς
1196 2200 1466 2265 ἀπόδειξις
1489 2200 1561 2251 ὀί
1590 2199 1854 2269 Γραμμαέ

268 2300 388 2363 τεζς
424 2295 533 2349 τῶν
563 2296 694 2348 υἱῶν
734 2294 980 2365 Ἰσραὴλ,
1013 2292 1390 2365 ἐντρυχόμενοί
1422 2309 1482 2345 τε
1510 2294 1621 2355 τοῖς
1652 2291 1852 2360 ἔργοις,

269 2391 373 2442 καὶ
399 2390 497 2460 τὴν
530 2388 615 2442 ἐπ’
662 2388 804 2443 αὺτά
847 2387 1035 2459 ῥᾳδίαν
1067 2388 1168 2457 οὐχ
1199 2386 1431 2457 ὁρῶντες
1463 2384 1583 2452 ὁδόν
1603 2402 1615 2414 ·
1651 2382 1853 2453 ἀχύρου

267 2480 388 2551 τὰρ
426 2476 565 2550 ἦσαν
598 2481 657 2533 ἐν
688 2479 885 2532 σπάνει
905 2517 920 2542 ,
956 2476 1258 2548 ἐπῃτιῶντο
1288 2476 1347 2528 δὲ
1394 2475 1513 2527 λίαν
1562 2474 1766 2527 Μωσὲα
1793 2488 1853 2525 τε

267 2572 376 2625 καὶ
446 2569 656 2642 Ἀαρὼν
724 2569 826 2640 τῆς
885 2567 1325 2637 ἐπενηνεγμένης
1398 2566 1579 2627 αἰτίας
1638 2564 1850 2627 αὐτοῖς,

265 2662 548 2735 πρόφασιν
576 2663 771 2725 αὐτοὺς
802 2660 1052 2730 γενέσθαι
1079 2659 1347 2728 λέγοντες,
1374 2658 1468 2711 καί
1495 2654 1851 2726 δυσαχθεστέ⁴

267 2770 381 2825 ραν
400 2753 695 2822 ἀνατλῆναι
724 2752 824 2822 τῆς
850 2750 1162 2814 πλεονεξίας
1182 2751 1282 2821 τὴν
1302 2749 1509 2818 ἔφοδον,
1537 2749 1634 2816 οὐχ
1663 2748 1849 2816 ἐτέρου

263 2859 372 2895 του
395 2842 552 2913 χάριν
572 2884 586 2909 ,
619 2843 653 2914 ἢ
685 2842 766 2895 ὅτι
807 2841 870 2913 δὴ
906 2841 1066 2912 μόνον
1099 2838 1412 2911 ἐλευθερίας
1445 2839 1640 2902 αὐτοὺς
1674 2836 1847 2891 είςέδυ

266 2933 462 2998 πόθος,
494 2934 603 2996 τοῖς
635 2933 765 3003 παρ’
798 2932 976 2986 αὐτῶν
1008 2931 1185 3000 λόγοις
1217 2929 1738 2998 ἀναπεπεισμένους.

1950 1949 2050 1988 nos
2091 1933 2159 1987 ab
2197 1933 2264 1987 iis
2311 1934 2713 2004 consequendis
2764 1935 3007 1990 abducit.
3053 1937 3238 2006 Itaque
3274 1953 3398 1993 cum
3442 1940 3528 1994 di-

1949 2024 2077 2077 vina
2109 2024 2194 2079 lex
2227 2025 2525 2078 humanum
2557 2025 2798 2079 animum
2833 2027 3016 2095 turpia
3054 2027 3305 2095 dedocet,
3337 2030 3530 2101 ingens

1952 2114 2223 2182 quoddam
2262 2114 2595 2168 desiderium
2640 2123 2753 2169 tum
2794 2117 3027 2172 maxime
3068 2120 3236 2183 subit,
3271 2122 3416 2190 quod
3460 2122 3527 2175 ad

1951 2204 2142 2258 eadem
2169 2212 2407 2268 revocat,
2439 2213 2494 2259 et
2522 2206 2916 2274 propemodum
2945 2208 3208 2262 adversus
3236 2208 3412 2277 ipsum
3446 2210 3526 2265 le-

1950 2295 2264 2364 gislatorem
2294 2296 2582 2352 vociferari
2620 2297 2831 2363 suadet,
2860 2300 3086 2369 ejusque
3116 2300 3196 2355 rei
3228 2309 3288 2355 ut
3316 2300 3371 2354 in
3406 2317 3528 2354 um-

1950 2386 2068 2441 bris
2115 2386 2463 2454 quibusdam,
2492 2386 2769 2454 specimen
2816 2386 3083 2441 habemus
3124 2387 3343 2443 Scribas
3388 2388 3528 2442 ﬁlio-

1952 2493 2073 2531 rum
2106 2478 2291 2542 Israel,
2327 2477 2421 2547 qui
2455 2486 2571 2531 tum
2597 2493 2823 2547 operum
2856 2477 3041 2533 labore
3073 2479 3527 2545 conﬁciebantur,

1950 2576 2065 2621 tum
2097 2568 2239 2622 viam
2271 2568 2339 2621 ad
2381 2582 2443 2622 ea
2471 2567 2804 2637 perﬁcienda
2848 2568 3064 2624 facilem
3090 2570 3295 2624 nullam
3333 2586 3529 2626 cerne--

1954 2659 2120 2725 bant;
2172 2660 2452 2728 palearum
2493 2660 2639 2713 enim
2675 2660 2857 2730 inopia
2895 2661 3217 2715 laborabant
3248 2679 3261 2715 :
3294 2663 3531 2733 graviter

1954 2764 2173 2819 quoque
2215 2748 2433 2821 Moysen
2472 2758 2529 2805 et
2561 2750 2743 2805 Aaron
2772 2752 3086 2821 culpabant,
3124 2770 3248 2808 cum
3282 2754 3532 2809 dicerent

1950 2837 2075 2895 illos
2107 2840 2445 2895 occasionem
2476 2855 2587 2895 suae
2623 2842 2923 2896 vexationis
2951 2844 3274 2913 praebuisse,
3317 2844 3531 2914 gravio-

1955 2947 2182 3001 remque
2210 2948 2267 2987 se
2305 2932 2518 3003 injuria:
2551 2932 2661 2986 vim
2698 2933 2931 3003 perpeti,
2967 2950 3075 2988 non
3104 2936 3208 2989 alia
3246 2935 3313 2989 de
3343 2951 3528 3000 causa,

258 3024 384 3077 nisi
408 3023 509 3077 hac
538 3022 672 3087 sola,
700 3020 844 3091 quod
878 3021 1000 3078 illos
1033 3018 1421 3091 recuperanda:
1461 3018 1733 3073 libertatis
1761 3028 1979 3087 ceperat
2033 3017 2390 3086 desiderium,
2420 3037 2485 3075 cx
2554 3037 2663 3090 quo
2696 3022 2912 3078 illorum
2970 3026 3317 3079 sermonibus
3368 3024 3532 3081 ﬁdem

256 3112 661 3169 adhibuissent

344 3206 556 3259 IIAAA.
599 3205 673 3257 Οὐ
712 3203 820 3275 γὰρ
848 3204 948 3257 οἴει
980 3202 1159 3271 λέγειν
1188 3200 1259 3256 τά
1301 3201 1486 3255 εἰκότα
1517 3203 1611 3255 xui
1635 3199 1847 3270 ἀληθῆ;

2022 3192 2219 3249 PALL.
2262 3194 2440 3260 Quid?
2462 3210 2571 3249 non
2610 3210 2706 3250 eos
2750 3199 3145 3266 propemodum
3175 3216 3328 3271 aequa
3355 3214 3411 3259 et
3442 3221 3533 3262 ve-

343 3385 512 3438 ΚΥΡ.
542 3381 861 3437 Παντάπασι
906 3380 1003 3451 μὲν
1042 3372 1134 3433 οὗν
1153 3419 1169 3444 ,
1199 3372 1244 3433 ὣ
1283 3377 1570 3432 nuncith
1599 3377 1713 3447 ἅμα
1742 3376 1850 3447 γὰρ

258 3479 423 3548 ἡμᾶς
452 3471 715 3543 ἐπιθυμία
752 3472 963 3543 χρηστὴ
1002 3471 1096 3525 xui
1133 3469 1392 3540 λογισμὸς
1426 3467 1628 3535 ἀγαθὸς
1665 3466 1853 3520 ἀνεσὸ-

260 3570 412 3639 6ησε
461 3566 619 3636 τυχὸν
662 3563 798 3636 πρὸς
842 3564 903 3616 τὸ
943 3563 1052 3615 δεῖν
1104 3561 1318 3616 ἑλέσθαι
1358 3559 1426 3613 τά
1470 3558 1548 3631 τῷ
1600 3558 1719 3629 Θεῷ
1766 3558 1853 3611 δο-

259 3658 500 3721 κοῦντα,
524 3657 618 3709 xui
641 3655 807 3726 νόμου
829 3652 923 3708 τοῦ
950 3652 1084 3725 πρὸς
1107 3651 1386 3705 εὐσέϐειαν
1410 3649 1848 3723 διαμεμνήμεθαο

260 3747 540 3815 κατάγχει
565 3745 623 3798 δέ
651 3744 883 3815 μάλιστα
916 3742 1173 3813 χειρόνως
1201 3740 1293 3793 ἐπὶ
1316 3740 1377 3793 τὸ
1404 3740 1641 3793 σίνεσθαι
1680 3757 1853 3809 πεφυ-

261 3839 372 3900 κὸς
401 3839 430 3890 6
461 3837 676 3889 πάντων
704 3834 914 3907 ἐχθρὸς,
937 3833 1073 3905 πλὴν
1102 3830 1354 3904 ἐκρύεται
1375 3831 1467 3884 xui
1504 3831 1663 3896 σώζει
1694 3831 1848 3896 Θεός.

260 3931 387 3985 Καὶ
424 3926 551 3994 γοῦν
598 3926 701 3996 ἔφη
736 3925 871 3995 πρὸς
912 3923 1150 3977 Μωσέα·
1213 3940 1232 3972 ι
1286 3920 1529 3980 Βάδισον.
1577 3919 1696 3972 εἰπέ
1740 3922 1852 3981 τοῖς

260 4024 410 4084 υἱοῖς
442 4018 657 4090 Ἰσραὴλ
694 4017 887 4086 λέγων,
918 4013 1065 4083 Ἐγὼ
1102 4013 1327 4085 Κύριος,
1376 4013 1468 4065 καὶ
1504 4010 1676 4076 ἐξάξω
1709 4009 1851 4079 ὑμᾶς

261 4111 384 4167 ἀπὸ
425 4112 525 4180 τῆς
569 4106 882 4167 δυναστείας
930 4105 1038 4158 τῶν
1080 4105 1427 4172 Αἰγυπτίων,
1478 4104 1573 4155 καὶ
1620 4101 1851 4172 ῥύσομαι

261 4203 419 4272 ὑμᾶς
479 4202 543 4252 ἐκ
613 4200 711 4268 τῆς
775 4196 1013 4260 δουλείας
1073 4194 1278 4258 αὐτῶν,
1341 4194 1431 4247 καὶ
1505 4190 1851 4264 λυτρὼσομαι

262 4294 452 4364 ὑμᾶς,
501 4294 561 4344 ἐν
606 4290 848 4361 βραχίονι
894 4286 1104 4358 ὑψηλῷ,
1138 4286 1229 4339 καὶ
1270 4285 1448 4355 κρίσει
1486 4281 1731 4355 μεγάλῃ,
1760 4282 1852 4334 xui

261 4383 513 4453 λήψομαι
563 4382 704 4451 ὑμᾶς
750 4381 828 4442 εἰς
864 4378 990 4431 λαὸν
1035 4374 1274 4447 ἐμαυτῷ.
1322 4374 1433 4429 Καὶ
1463 4374 1657 4445 ἔσομαι
1698 4370 1851 4442 ὑμῶν

261 4475 421 4539 Θεὸς,
461 4474 559 4525 xui
584 4469 857 4540 γνώσεσθε
886 4470 965 4521 ὅτι
1002 4467 1111 4534 ἐγὼ
1144 4466 1346 4538 Κύριος
1388 4466 1416 4517 6
1448 4464 1581 4526 Θεὸς
1616 4462 1790 4533 ὑμῶν,
1822 4463 1851 4514 6

1952 3303 2012 3341 ra
2042 3287 2226 3342 dicere
2256 3288 2484 3343 censes?

2020 3378 2176 3433 CYR.
2213 3378 2289 3432 Ita
2319 3385 2403 3431 est
2432 3378 2675 3441 omnino,
2715 3379 2940 3433 Palladi.
2978 3380 3153 3435 Simul
3184 3384 3331 3438 enim
3369 3396 3532 3459 atque

1950 3466 2240 3521 laudabilis
2272 3466 2545 3536 cupiditas
2576 3476 2830 3536 rectaque
2861 3469 3120 3539 cogitatio
3152 3488 3252 3528 nos
3275 3476 3532 3532 excitavit

1950 3558 2180 3613 fortasse
2226 3557 2294 3611 ad
2337 3572 2422 3621 ca,
2452 3573 2571 3626 quae
2614 3558 2725 3611 Deo
2769 3559 3004 3628 placent,
3039 3563 3435 3632 amplectenda,
3477 3576 3532 3623 et

1951 3651 2087 3722 legis
2124 3650 2494 3715 meminimus,
2530 3666 2652 3720 quae.
2696 3666 2799 3705 nos
2847 3651 2915 3705 ad
2961 3652 3221 3721 pietatem
3256 3655 3529 3723 hortatur,

1952 3742 2044 3797 ille
2073 3743 2378 3797 communis
2407 3743 2650 3797 omnium
2695 3744 2867 3799 hostis
2908 3759 3011 3798 nos
3048 3743 3113 3797 ad
3146 3760 3231 3809 ea,
3264 3762 3385 3815 quae
3426 3763 3529 3801 no-

1952 3841 2096 3898 cent,
2133 3835 2290 3905 pejus
2324 3834 2574 3903 impellit.
2619 3836 2794 3905 Eripit
2840 3844 3020 3890 tamen
3063 3836 3189 3891 inde
3226 3852 3291 3892 ac
3330 3838 3530 3893 liberat

1950 3923 2123 3989 Deus;
2159 3923 2341 3993 itaque
2364 3925 2439 3978 ait
2460 3924 2528 3978 ad
2550 3924 2768 3996 Moysen
2795 3944 2805 3977 :
2834 3926 3030 3991 «Vade,
3057 3926 3145 3981 die
3167 3926 3293 3981 ﬁliis
3319 3927 3481 3983 Israel
3514 3947 3527 3981 :

1951 4015 2065 4085 Ego
2092 4015 2384 4081 Dominus;
2409 4022 2463 4069 et
2487 4015 2715 4070 educam
2744 4032 2843 4071 vos
2864 4017 2931 4071 de
2960 4025 3231 4086 potestate
3251 4017 3531 4089 [Egyptio-

1951 4120 2095 4171 rum,
2119 4112 2175 4159 et
2205 4105 2451 4161 liberabo
2488 4122 2586 4161 vos
2624 4106 2693 4185 de
2730 4107 2995 4162 servitute
3032 4123 3247 4175 eorum,
3278 4118 3334 4164 et
3377 4110 3528 4164 redi-

1950 4213 2094 4252 mam
2122 4214 2220 4253 vos
2264 4199 2321 4253 in
2358 4198 2585 4253 brachio
2622 4181 2865 4263 sublimi,
2895 4208 2950 4253 et
2975 4199 3184 4269 judicio
3216 4216 3430 4271 magno,
3474 4210 3529 4256 et

1951 4290 2216 4361 accipiam
2247 4305 2345 4345 vos
2392 4292 2448 4345 in
2481 4290 2743 4361 populum
2778 4291 2912 4344 mihi
2962 4290 3084 4359 ipsi,
3119 4298 3174 4344 et
3212 4306 3309 4345 ero
3348 4300 3530 4349 vester

1951 4384 2126 4449 Deus;
2160 4390 2217 4437 et
2256 4383 2597 4453 cognoscetis
2646 4382 2791 4452 quod
2829 4398 2929 4451 ego
2962 4382 3225 4435 Dominus
3256 4382 3399 4436 Deus
3430 4399 3526 4437 vc-

1952 4480 2081 4535 ster,
2111 4470 2204 4540 qui
2248 4470 2411 4523 eduxi
2456 4484 2553 4523 vos
2582 4468 2648 4523 de
2688 4477 2834 4522 terra
2876 4468 3111 4538 lEgypti,
3144 4467 3211 4520 de
3256 4474 3527 4536 potestate

261 4561 556 4632 ἐξαγαγὼν
584 4562 727 4629 ὑμᾶς
750 4562 812 4612 ἐκ
845 4559 947 4628 γῆς
977 4555 1274 4625 Αἰγύπτου,
1310 4556 1375 4608 ὲκ
1406 4557 1504 4624 τῆς
1532 4550 1846 4612 δυναστείας

1949 4562 2323 4633 Ᾱῖςγρῑίοτυῐη
2362 4562 2403 4612 ⁷.
2448 4580 2465 4611 ι
2494 4562 2662 4625 Nam,
2699 4575 2823 4615 cum
2852 4559 3078 4613 Satanas
3127 4559 3195 4612 ab
3234 4560 3383 4614 omni
3426 4576 3527 4616 nos

260 4656 373 4709 τῶν
401 4652 736 4722 Αἰγυπτίων.
784 4670 800 4701 ι
854 4647 1273 4718 ’Δποτρέποντος
1307 4645 1416 4715 γὰρ
1451 4645 1596 4715 ἡμᾶς
1624 4642 1719 4695 τοῦ
1744 4643 1848 4693 Σα-

260 4746 424 4809 τανᾶ,
472 4742 569 4796 xui
601 4741 819 4809 ἀπάσης
856 4738 1067 4806 ἀγαθῆς
1103 4737 1479 4800 ἐξανιστάντος
1518 4732 1845 4804 ἐπιθυμίας,

263 4836 355 4888 καὶ
397 4834 512 4885 τῶν
565 4833 642 4895 εἰς
681 4830 841 4884 τοῦτο
892 4827 1264 4897 διανευμάτων
1304 4826 1370 4880 δι’
1407 4822 1482 4879 ὧν
1528 4824 1594 4878 ἂν
1636 4823 1850 4876 δύναιτο

262 4922 655 4993 παρωθοῦντος
683 4920 928 4989 τρόπων,
969 4917 1265 4989 προτρέπει
1306 4915 1442 4985 πρὸς
1469 4914 1686 4983 θέλησιν
1716 4914 1852 4981 ἀγαο

260 5016 359 5087 θὴν
403 5016 435 5068 6
464 5013 562 5067 τοῦ
602 5010 736 5065 Θεοῦ
780 5010 977 5081 νόμος,
1021 5009 1323 5080 ἄθραυστον
1370 5008 1467 5076 μέν
1500 5007 1591 5059 τὸν
1628 5007 1851 5057 ἐπικου-

263 5104 465 5176 ροῦντα
487 5102 723 5167 δεικνὺς,
756 5102 926 5155 ἐλπίδι
956 5100 1013 5153 δὲ
1037 5102 1104 5171 τῇ
1133 5097 1485 5170 λιπαρωτάτη
1512 5095 1846 5166 παραθήγων

262 5201 341 5262 εἰς
366 5194 688 5265 εὐτολμίαν,
725 5192 822 5246 xui
862 5192 1041 5246 πίστει
1066 5190 1292 5261 νευρῶν,
1321 5190 1415 5244 xui
1439 5188 1516 5256 τῷ
1540 5187 1657 5257 Θεῷ
1680 5204 1847 5258 προσ-

262 5290 472 5358 νέμων,
509 5286 587 5349 ὡς
612 5284 826 5356 ἀληθῶς
855 5285 1058 5355 σωτῆρι
1077 5283 1171 5337 xui
1197 5282 1463 5351 λυτρωτῇ.

332 5378 553 5435 ΠΑΛΛ.
601 5377 689 5433 Ὠς
723 5376 1053 5444 πανάριστόν
1080 5393 1133 5428 τι
1171 5374 1358 5444 χρῆμα
1393 5372 1485 5425 xui
1519 5370 1842 5441 σωτήριονή

266 5472 473 5533 πίστις,
500 5469 596 5522 xui
622 5468 684 5520 τὸ
722 5468 830 5522 δεῖν
852 5467 1079 5522 ἔπεσθαι
1105 5466 1265 5535 διψῇν
1298 5461 1375 5533 τῷ
1404 5460 1521 5532 Θεῷ
1546 5462 1558 5514 l

332 5562 500 5616 ΚΥΡ.
546 5559 945 5632 Ὀρθῶςοέφης.
985 5559 1180 5630 Ἕρπει
1222 5556 1279 5609 δὲ
1314 5556 1397 5609 ὅτι
1433 5550 1570 5622 πρὸς
1606 5550 1778 5623 πέρας
1809 5554 1844 5622 ἡ

336 5745 356 5775 τ
388 5743 565 5799 Exod.
605 5760 678 5807 vr,
720 5745 773 5811 6,
802 5745 854 5797 7.

1941 4653 2087 4707 bono
2117 4651 2389 4707 desiderio
2422 4651 2745 4705 dehortetur
2766 4658 2821 4705 et
2849 4658 3085 4715 avertat,
3116 4658 3173 4704 et
3201 4650 3403 4720 quibus
3429 4667 3526 4720 po-

1944 4751 2051 4798 test
2073 4742 2274 4805 modis,
2300 4757 2329 4795 a
2358 4750 2543 4797 nostra
2568 4742 2623 4795 in
2648 4742 2852 4796 bonum
2875 4741 3242 4811 pr0pensione
3270 4741 3522 4809 repellat;

1945 4840 2156 4896 contra,
2208 4831 2305 4886 Dei
2352 4832 2439 4885 lex
2488 4831 2556 4885 ad
2602 4831 2801 4885 bonam
2849 4830 3187 4885 voluntatem
3236 4828 3521 4896 hortatur;

1946 4923 2055 4993 39
2078 4930 2240 4991 atque
2273 4922 2536 4976 invictum
2563 4936 2689 4976 eum
2715 4936 2856 4985 esse,
2885 4920 2978 4989 qui
3017 4934 3119 4972 nos
3161 4918 3400 4987 adjuvat,
3432 4933 3523 4972 os-

1949 5014 2201 5079 tendens,
2248 5013 2579 5084 amplissima
2618 5027 2712 5083 spe
2754 5010 2823 5065 ad
2861 5009 3174 5065 audendum
3218 5007 3438 5072 excitat,
3469 5016 3524 5061 et

1955 5105 2079 5160 ﬁdei
2125 5120 2325 5159 nervos
2377 5104 2551 5168 addit,
2596 5105 2815 5173 Deoque
2860 5109 3117 5170 tanquam
3168 5114 3301 5153 vero
3344 5098 3521 5152 salva-

1948 5194 2055 5250 tori
2088 5211 2151 5251 ac
2178 5195 2458 5251 liberatori
2489 5194 2712 5249 addicit.

2018 5368 2213 5425 PALL.
2247 5367 2419 5435 Quam
2450 5367 2591 5423 bona
2625 5381 2713 5422 res
2755 5380 2820 5419 ac
2857 5360 3114 5418 salutaris
3155 5368 3241 5416 est
3283 5359 3436 5425 lides,
3466 5366 3524 5415 et

1947 5461 2148 5521 ardens
2173 5460 2346 5514 Deum
2374 5457 2636 5528 sequendi
2663 5454 3027 5511 desiderium!

2017 5552 2172 5608 CYR.
2217 5551 2385 5607 Recte
2425 5550 2583 5606 dicis.
2636 5548 2789 5615 Quod
2831 5556 3011 5603 autem
3044 5543 3178 5600 ﬁdes
3223 5543 3289 5598 ad
3339 5542 3519 5615 perfe-
