4046 6528
613 373 715 429 195

1624 370 1685 426 S.
1726 369 2005 425 CYRILLI
2047 368 2521 426 ALEXANDRINI
2562 369 2884 427 ARCIIIEP.

3472 320 3509 345 τι

3785 374 3887 431 I96

611 500 722 546 tam
763 490 1025 545 virtutem
1061 498 1319 561 tanquam
1359 488 1428 543 ad
1463 487 1626 543 ﬁnem
1672 486 1881 551 tendat,
1934 496 2047 541 tum
2096 501 2189 556 0p-

2303 487 2483 550 πίστις
2553 488 2613 541 τὸ
2652 488 2888 558 ἀγαθὸν,
2935 488 3057 561 εῐσῃ
3093 505 3175 543 τοι
3209 491 3421 558 καλῶς,
3462 492 3885 556 ἐκτελευτῶντος

610 584 743 639 time
786 598 1003 648 nosces,
1028 598 1153 637 cum
1188 597 1256 637 eo
1295 596 1405 652 quo
1433 587 1645 651 spectat
1667 589 1856 635 nostra
1880 579 2197 649 pervenerit

609 675 808 731 oratio.
833 675 969 731 Cum
994 676 1140 729 enim
1164 674 1375 745 Moyses
1402 674 1630 744 ejusque
1660 672 1891 727 comites
1919 672 2198 726 venissent

609 767 679 821 ad
704 768 1066 831 Pharaonem,
1102 775 1163 821 ut
1189 782 1313 821 cum
1344 781 1411 821 eo
1433 780 1627 819 rursus
1656 773 1971 834 agerent,ac
1995 762 2195 817 suade-

610 868 734 911 rent
781 867 844 911 ut
881 859 1183 912 dimitteret
1208 874 1276 912 ex
1304 856 1683 929 Egyptiorum
1718 856 1903 921 terris,
1937 865 1992 910 et
2014 856 2195 910 exsol-

608 959 764 1003 veret
789 950 1069 1004 veteribus
1089 950 1324 1003 vinculis
1346 950 1625 1014 Israelem,
1654 949 1846 1019 signis,
1866 950 2010 1003 ultra
2032 965 2195 1018 quam

608 1039 717 1093 dici
750 1040 939 1110 possit,
971 1040 1390 1095 admirabilibus
1438 1041 1592 1095 illum
1638 1041 1861 1096 ﬂectere
1904 1041 2192 1106 volebant;

608 1130 816 1202 virgam
854 1132 1003 1185 enim
1042 1131 1100 1185 in
1148 1140 1460 1202 serpentem
1506 1141 1896 1188 commutatam
1937 1132 2194 1187 ostende-

528 1202 547 1229 "
607 1233 758 1289 runt,
792 1224 1079 1293 multoque
1109 1225 1314 1294 majora
1350 1226 1840 1295 praestantioraque
1871 1225 2087 1280 efﬁcere
2138 1241 2195 1280 se

605 1315 705 1371 Dei
756 1330 859 1385 ope
903 1314 1160 1368 facillime
1203 1330 1383 1384 posse,
1415 1324 1604 1384 aperte
1655 1316 2075 1385 proﬁtebantur.
2127 1317 2196 1370 At

608 1406 702 1461 ille
724 1406 840 1459 suis
866 1405 1054 1475 Magis,
1080 1415 1142 1460 ut
1170 1406 1319 1475 paria
1350 1406 1611 1471 faCerent,
1642 1406 2021 1476 imperavit,ad
2048 1407 2196 1461 hunc

606 1496 721 1552 fere
753 1497 978 1551 modum
1033 1498 1275 1552 clamans
1317 1516 1329 1550 :
1358 1498 1478 1551 Non
1512 1512 1614 1553 nos
1653 1498 1827 1568 ignari
1869 1514 2059 1553 sumus
2088 1499 2193 1553 hu-

601 1588 845 1660 jusmodi
869 1604 1122 1660 operum,
1152 1590 1421 1659 longeque
1461 1590 1649 1659 plures
1687 1598 1817 1643 sunt
1846 1589 1991 1659 apud
2029 1588 2193 1662 Egy-

606 1680 771 1751 ptios,
798 1681 892 1750 qui
916 1681 1033 1735 hac
1065 1680 1446 1750 proﬁteantur,
1476 1696 1639 1750 quam
1671 1680 1813 1750 apud
1852 1696 1978 1747 vos;
2020 1691 2077 1736 et
2104 1698 2196 1736 ars

608 1771 888 1842 Magorum
917 1782 1003 1827 est
1042 1786 1106 1826 ac
1149 1772 1391 1827 studium
1438 1772 1557 1827 haec
1605 1772 1871 1827 miracula
1914 1772 2099 1837 edere,
2136 1775 2190 1828 in

2299 579 2429 649 ἡμῖν
2472 578 2566 631 τοῦ
2608 578 2765 648 λόγου
2807 580 2944 651 πρὸς
2968 581 3059 635 τὸν
3085 580 3215 635 ῐδιον
3257 584 3477 639 σκοπόν.
3519 584 3741 655 Ἐπειδὴ
3779 586 3883 656 γὰρ

2296 664 2430 740 ἦκον
2456 671 2592 743 πρὸς
2613 670 2703 723 τὸν
2723 670 2922 741 Φαραὼ
2940 672 3300 745 διαλεξόμενοι
3327 675 3490 732 πάλιν
3511 678 3561 730 οί
3593 678 3739 747 ἀμφὶ
3760 679 3885 730 Μω-

2300 762 2415 823 σέα,
2451 762 2658 815 ἀνεῖναί
2686 780 2743 816 τε
2772 764 2870 834 τῆς
2910 764 3223 833 Αἰγυπτίων
3252 769 3345 821 καὶ
3378 768 3645 822 ἀπολῦσαι
3671 769 3882 838 δεσμῶν

2295 853 2404 907 τῶν
2438 854 2604 907 πάλαι
2638 855 2727 908 τὸν
2766 856 2979 927 Ἰσραὴλ
3000 858 3403 923 ἀναπείσοντες,
3428 861 3675 931 σημείοις
3701 861 3885 915 ἐκδυσ-

2296 949 2465 999 ωπεῖν
2495 948 2607 1009 τοῖς
2655 947 2794 1017 ὑπὲρ
2832 948 2988 1016 λόγον
3034 949 3253 1019 ῆθελον,
3311 952 3509 1022 ράὗδου
3548 970 3609 1006 τε
3650 954 3734 1017 είς
3766 953 3884 1021 όφιν

2300 1037 2689 1108 μεταπλασμὸν
2724 1038 3088 1104 ἐπεδείκνυον,
3117 1041 3212 1093 καὶ
3238 1041 3319 1094 ἐτι
3350 1041 3443 1095 τοῦ
3475 1060 3539 1110 γε
3571 1034 3803 1113 μείζονά
3825 1060 3880 1096 τε

2297 1130 2390 1182 καὶ
2419 1129 2703 1200 ὑπερφερῆ
2726 1130 3025 1202 κατορθοῦν
3045 1131 3304 1186 δύνασθαι
3345 1134 3772 1205 προχειρότατα,
3800 1134 3883 1187 διὰ

2296 1220 2430 1273 Θεοῦ
2459 1221 2643 1290 σαφῶς
2666 1222 3084 1291 ἐπηγγέλλοντο.
3119 1223 3177 1277 ’0
3205 1224 3261 1277 δὲ
3290 1228 3403 1289 τοῖς
3432 1225 3583 1290 ἰδίοις
3612 1228 3881 1296 ίσουργεῖν

2296 1314 2515 1367 ἐκέλευε
2566 1314 2800 1384 Μάγοις,
2859 1317 3141 1387 μονονουχὶ
3187 1316 3275 1371 διὰ
3317 1317 3508 1370 τούτου
3563 1319 3726 1389 βοῶν’
3774 1320 3881 1371 Ούκ

2296 1408 2539 1476 ἀγνῶτες
2570 1410 2746 1479 ἔργων
2780 1409 2889 1462 τῶν
2916 1410 3173 1464 τοιούτων
3198 1411 3379 1481 ἡμεῖς.
3405 1393 3657 1463 Πλεῖστοι
3682 1410 3739 1463 δέ
3773 1410 3879 1463 ὅσοι

2296 1502 2426 1570 παρ’
2471 1500 2792 1569 Αἰγυπτίοις
2838 1501 2870 1571 ἢ
2908 1500 3031 1553 καθ’
3079 1500 3255 1571 ὑμᾶς·
3303 1499 3396 1553 καὶ
3444 1501 3733 1572 μελέτημα
3776 1504 3879 1564 τοῖς

2296 1592 2507 1660 Μάγοις
2534 1592 2594 1644 τδ
2626 1591 3095 1663 θαυματουργεῖν,
3129 1587 3212 1656 οίς
3243 1592 3338 1647 καὶ
3368 1594 3525 1663 ὑμεῖς
3552 1591 3875 1661 ἐναρίθμιοι.

2296 1683 2726 1753 Σκληρυνομένῳ
2760 1684 2816 1736 δὲ
2848 1682 2990 1745 λίαν,
3023 1684 3118 1735 καὶ
3151 1684 3250 1735 ούκ
3278 1684 3481 1736 ἀνιέντι
3511 1683 3603 1735 τὸν
3643 1681 3878 1753 Ἰσραὴλ,

2294 1776 2560 1847 τέσσαρες
2603 1776 2778 1829 δειναὶ
2820 1775 2916 1829 καί⁵
2954 1776 3203 1847 ἀλλήλων
3258 1776 3478 1847 χείρους
3518 1758 3880 1846 ’ἐπιφέρονται

606 1878 841 1933 quorum
874 1879 1107 1918 numero
1137 1880 1233 1919 vos
1259 1879 1478 1935 quoque
1521 1863 1673 1918 estis.
1721 1864 1908 1933 Itaque
1939 1880 2062 1918 cum
2088 1865 2186 1918 ad-

2292 1869 2529 1940 πληγαί’
2570 1867 2762 1932 ὕδατός
2793 1885 2853 1921 τε
2900 1867 3010 1940 γὰρ
3038 1870 3118 1931 εἰς
3156 1862 3295 1938 αἷμα
3332 1867 3604 1938 μεταϐολὴ
3646 1866 3880 1938 παραδό·

606 1956 829 2010 modum
871 1955 1246 2022 induraretur,
1292 1972 1395 2011 nec
1448 1956 1751 2010 dimitteret
1802 1957 1943 2010 ﬁlios
1990 1956 2184 2021 Israel,

604 2057 840 2117 quatuor
860 2049 911 2102 ei
940 2063 1133 2119 graves
1153 2049 1275 2104 aliae
1315 2047 1438 2103 aliis
1477 2050 1692 2119 pejores
1718 2048 1877 2103 illatae
1916 2056 2043 2102 sunt
2070 2050 2185 2119 pla-

603 2150 682 2211 gae
728 2157 741 2192 ε
778 2156 932 2211 aqua:
969 2141 1117 2196 enim
1154 2140 1210 2194 in
1248 2141 1571 2211 sanguinem
1614 2140 1883 2194 mirabilis
1924 2140 2011 2193 illa
2052 2157 2185 2195 con—

603 2234 787 2290 verSio
806 2228 947 2291 fa‘cta
969 2244 1074 2299 est,
1098 2250 1359 2305 ranaeque
1387 2243 1447 2289 et
1473 2234 1687 2299 cinifes,
1717 2243 1771 2288 et
1788 2234 1859 2288 ad
1883 2243 2186 2288 extremum

604 2340 808 2382 muscae
839 2328 1047 2381 caninae
1070 2327 1124 2381 vi
1162 2326 1390 2380 minime
1420 2325 1647 2380 ferenda
1684 2326 1991 2381 molliorem
2028 2326 2186 2381 deni-

605 2434 713 2490 que
741 2419 1085 2474 Pharaonem
1128 2418 1511 2475 reddiderunt.
1546 2419 1734 2488 Itaque
1770 2434 1895 2473 cum
1930 2420 2189 2473 advocas-

606 2520 691 2566 set
714 2510 956 2583 Moysen,
992 2511 1069 2567 ait
1112 2530 1123 2564 :
1164 2530 1181 2560 ι
1232 2512 1439 2566 Euntes
1484 2510 1784 2566 sacriﬁcate
1812 2510 2043 2565 Domino
2076 2511 2188 2566 Deo

606 2609 792 2656 vestro
832 2602 889 2655 in
938 2609 1101 2655 terra.
1140 2602 1208 2656 Et
1250 2600 1387 2655 dixit
1426 2600 1666 2671 Moyses:
1698 2600 1816 2653 Non
1852 2608 2031 2669 potest
2069 2599 2188 2655 ﬁeri

605 2693 686 2749 sic
731 2712 744 2747 :
783 2694 1220 2750 abominationes
1252 2693 1399 2747 enim
1440 2690 1817 2762 Egyptiorum
1852 2690 2186 2746 sacriﬁcabi-

604 2801 730 2841 mus
760 2785 993 2841 Domino
1037 2786 1150 2841 Deo
1184 2792 1393 2839 nostro.
1426 2784 1483 2838 Si
1516 2783 1665 2837 enim
1702 2782 2191 2837 sacrificaverimus

605 2875 838 2931 Domino
866 2876 979 2930 Deo
1012 2884 1201 2930 nostro
1236 2873 1670 2928 abominationes
1694 2871 2069 2943 Egyptiorum
2100 2890 2190 2927 co-

606 2982 723 3021 ram
755 2968 907 3038 ipsis,
940 2967 1328 3037 lapidabimur.
1358 2966 1512 3020 Viam
1544 2965 1711 3021 trium
1746 2964 1959 3019 dierum
1990 2965 2190 3019 ibimus

602 3060 662 3114 in
696 3058 1071 3123 solitudinem,
1114 3066 1170 3113 et
1208 3056 1641 3112 sacriﬁcabimus
1672 3056 1903 3111 Domino
1932 3058 2045 3111 Deo
2087 3073 2188 3110 no-

602 3161 739 3215 stro,
776 3152 917 3204 sicut
962 3148 1221 3219 praecepit
1258 3147 1436 3202 nobis.
1486 3146 1554 3200 Et
1596 3146 1734 3199 dixit
1767 3146 1981 3199 Pharao
2029 3163 2040 3198 :
2078 3146 2189 3215 Ego

604 3244 821 3299 dimitto
848 3260 965 3308 vos,
994 3252 1049 3299 et
1074 3241 1375 3297 sacriﬁcate
1404 3242 1635 3294 Domino
1663 3240 1775 3293 Deo
1807 3248 1992 3293 vestro
2015 3239 2070 3293 in
2096 3239 2189 3294 de-

606 3351 783 3407 serto;
822 3353 1012 3393 verum
1052 3352 1120 3390 ne
1147 3336 1307 3405 longe
1349 3333 1559 3388 abeatis
1588 3333 1627 3387 ⁸.
1668 3352 1685 3384 ι
1720 3332 1856 3386 Cum
1896 3332 2042 3386 enim
2089 3332 2187 3385 Sa-

606 3437 761 3483 tanas
798 3426 1045 3488 obsistit,
1084 3432 1140 3478 et
1172 3431 1488 3477 nostrorum
1542 3424 1849 3475 animorum
1897 3422 2186 3487 alacritati,

608 3536 717 3589 qua
752 3518 819 3572 ad
848 3518 1113 3571 virtutem
1142 3514 1425 3584 erigimur,
1458 3512 1757 3582 nequitiam
1790 3529 1942 3566 suam
1976 3512 2191 3568 fortiter

609 3609 859 3679 opponit,
894 3607 1159 3661 adversus
1190 3605 1343 3659 illum
1375 3604 1611 3675 insurgit
1636 3604 1800 3668 Deus,
1831 3605 2058 3674 ejusque
2090 3621 2185 3658 au-

610 3703 774 3757 daces
807 3702 1043 3771 impetus
1070 3698 1289 3769 frangit,
1316 3712 1378 3752 ac
1404 3696 1575 3767 plagis
1617 3696 1844 3752 emollit.
1883 3696 1951 3750 At
1980 3697 2070 3751 ille
2101 3698 2189 3751 vix

612 3794 832 3848 tandem
863 3792 1091 3847 dimittit
1122 3791 1353 3855 invitus;
1384 3795 1613 3843 conatur
1647 3796 1827 3842 tamen
1861 3789 2190 3858 persuadere

612 3886 793 3951 nobis,
824 3893 884 3940 ut
915 3885 1027 3939 Deo
1058 3885 1267 3937 cultum
1296 3897 1404 3935 non
1431 3889 1683 3934 accurate
1712 3879 2003 3934 admodum
2032 3881 2189 3934 exhi-

611 3979 859 4042 beamus,
899 3992 1077 4047 neque
1108 3975 1328 4045 penitus
1356 3973 1424 4027 ab
1454 3972 1627 4042 ipsius
1658 3972 1922 4026 servitute
1964 3971 2189 4027 receda-

612 4085 735 4125 mus
765 4088 776 4122 :
809 4068 917 4140 50
941 4084 1049 4121 non
1084 4066 1231 4121 enim
1261 4073 1413 4119 extra
1452 4079 1604 4117 suam
1631 4063 1941 4132 regionem,
1976 4063 2071 4117 sed
2104 4063 2189 4117 in-

612 4170 697 4214 tra
721 4160 867 4214 illius
894 4158 1030 4214 ﬁnes
1063 4156 1370 4213 sacriﬁcare
1395 4152 1612 4210 Judazos
1636 4154 1811 4223 jubet.
1842 4154 1947 4209 Sed
1979 4155 2191 4225 sapien-

612 4253 821 4307 tissime
873 4252 1122 4325 Moyses,
1174 4270 1192 4301 ι
1240 4251 1359 4306 Non
1394 4258 1574 4319 potest
1618 4248 1736 4302 ﬁeri
1780 4247 1880 4312 sic,
1932 4267 1950 4299 ι
1990 4248 2185 4317 inquit.

610 4345 839 4417 Semper
867 4347 1013 4401 enim
1051 4346 1141 4400 ille
1171 4345 1378 4415 peccati
1412 4344 1665 4399 inventor
1704 4342 1771 4397 ad
1800 4358 1887 4398 res
1915 4341 2192 4412 improbas

607 4443 693 4491 est
724 4444 948 4501 auctor;
980 4451 1072 4491 eas
1100 4445 1280 4491 autem
1311 4436 1491 4506 rejicit
1527 4437 1613 4492 lex
1644 4435 1849 4500 divina,
1878 4451 2050 4506 eaque
2074 4436 2189 4491 ﬁeri

2294 1956 2397 2022 ξως
2425 1958 2744 2029 ἐπράττετο,
2778 1957 3039 2029 βάτραχοί
3064 1974 3125 2010 τε
3155 1958 3250 2011 καὶ
3277 1958 3525 2023 σκνίπες,
3564 1958 3659 2010 καί
3697 1957 3879 2011 τελευ-

2289 2051 2416 2103 ταία
2442 2050 2731 2122 κυνόμυια,
2763 2048 3182 2121 μαλθακώτερον
3203 2050 3302 2121 ῆδη
3321 2067 3435 2113 πως
3460 2049 3536 2112 ὡς
3556 2048 3617 2115 ἐξ
3633 2049 3878 2120 ἀνάγκης

2295 2143 2356 2195 οὐ
2397 2144 2641 2214 φορητῆς
2674 2142 2970 2196 ἀπετέλουν
3007 2142 3097 2197 τὸν
3129 2141 3351 2213 Φαραώ.
3404 2141 3876 2211 Εἰσκαλεσάμενος

2289 2235 2353 2307 δὴ
2387 2237 2513 2299 τοὺς
2552 2236 2698 2305 ἀμφὶ
2733 2234 2959 2300 Μωσέα,
2994 2235 3160 2304 φησίν
3184 2250 3197 2264 ’
3240 2253 3258 2285 ι
3296 2233 3645 2297 Εἰσελθόντες
3686 2232 3879 2287 θύσατε

2292 2327 2480 2397 Κυρίῳ
2503 2325 2581 2397 τῷ
2604 2326 2725 2397 Θεῷ
2757 2326 2911 2397 ὑμῶν
2945 2329 3001 2379 ἐν
3033 2329 3101 2397 τῇ
3138 2329 3235 2397 τῇ.
3262 2327 3370 2379 Καὶ
3396 2320 3516 2379 εἶπε
3543 2325 3774 2395 Μωσῆς,
3807 2326 3877 2378 Ού

2290 2419 2513 2472 δυνατὸν
2554 2418 2808 2487 γενέσθαι
2845 2417 3058 2481 οὕτως’
3101 2417 3171 2471 τά
3218 2417 3327 2488 γὰρ
3383 2416 3735 2487 βδελύγματα
3775 2414 3879 2468 τῶν

2290 2508 2606 2577 Αἰγυπτίων
2647 2508 2884 2579 θύσομεν
2924 2508 3116 2580 Κυρίῳ
3149 2508 3228 2579 τῷ
3256 2508 3373 2579 Θεῷ
3397 2507 3577 2579 ήμῶν.
3625 2506 3753 2560 Ἐὰν
3776 2507 3879 2577 γὰρ

2291 2601 2543 2671 θύσωμεν
2581 2600 2772 2672 Κυρίῳ
2804 2599 2883 2671 τῷ
2920 2600 3041 2671 Θεῷ
3080 2600 3242 2671 ἡμῶν
3280 2600 3349 2653 τά
3387 2598 3738 2669 βδελύγματα
3774 2599 3877 2652 τῶν

2290 2694 2603 2763 Αἰγυπτίων
2638 2694 2880 2749 ἐναντίον
2908 2694 3108 2757 αὐτῶν,
3140 2691 3698 2763 λιθοδοληθησὸμεθα.
3736 2691 3877 2744 Ὀδδν

2289 2787 2456 2858 τριῶν
2481 2786 2704 2859 ἡμερῶν
2728 2786 3113 2857 πορευσόμεθα
3138 2786 3218 2849 εἰς
3235 2784 3333 2856 τὴν
3355 2785 3586 2856 ἔρημον,
3610 2785 3709 2839 καὶ
3732 2786 3878 2839 θύσο-

2296 2896 2393 2948 μεν
2423 2879 2613 2951 Κυρίῳ
2641 2878 2720 2950 τῷ
2752 2877 2871 2948 Θεῷ
2898 2877 3076 2949 ἡμῶν,
3108 2877 3360 2948 καθάπερ
3390 2872 3539 2930 εἶπεν
3581 2879 3735 2948 ἡμῖν.
3772 2877 3878 2930 Καὶ

2292 2966 2411 3021 εἷπε
2437 2966 2666 3038 Φαραώ·
2711 2966 2854 3036 Ἐγὼ
2884 2967 3170 3021 ἀποστελῶ
3216 2967 3381 3037 ὑμᾶς,
3419 2967 3516 3021 καὶ
3546 2965 3741 3020 θύσετε
3778 2966 3877 3019 Κυ-

2294 3062 2394 3133 ρίῳ
2425 3060 2503 3132 τῷ
2525 3060 2644 3131 Θεῷ
2684 3061 2837 3131 ὑμῶν
2862 3062 2919 3115 ἐν
2946 3063 3011 3132 τῇ
3045 3061 3257 3132 ἐρήμῳ,
3284 3059 3397 3115 ἀλλ’
3418 3059 3479 3113 ού
3504 3058 3727 3129 μακρὰν
3752 3059 3876 3111 ἀπο-

2292 3156 2496 3206 τενεῖτε
2529 3152 2623 3206 τοῦ
2650 3152 3017 3224 πορευθῆναι.
3051 3170 3069 3203 ι
3127 3150 3501 3220 Ἀντεξάγοντι
3541 3152 3640 3223 μὲν
3665 3151 3775 3221 γάρ
3806 3150 3875 3220 τῷ

2290 3245 2540 3315 Σατανᾷ,
2581 3244 2678 3297 καὶ
2714 3246 2835 3307 ταῖς
2874 3246 2954 3307 εἰς
2994 3244 3055 3297 τὸ
3098 3243 3302 3313 ἀγαθὸν
3343 3244 3502 3315 ἡμῶν
3544 3243 3874 3315 προθυμίαις

2290 3336 2678 3407 ἀντιφέρεσθαι
2727 3337 2988 3403 ἐγνωκότι
3032 3336 3295 3401 νεανικῶς
3334 3336 3435 3408 τὴν
3483 3334 3683 3389 ἑαυτοῦ
3728 3353 3873 3407 μισοο

2290 3429 2579 3499 πονηρίαν,
2609 3427 2957 3497 ἀντανίστησι
2985 3427 3148 3493 Θεὸς,
3189 3427 3284 3482 καὶ
3321 3426 3587 3498 κατάγχει
3617 3427 3874 3499 θρασυνό·

2294 3538 2488 3593 μενον,
2539 3521 2634 3574 καὶ
2682 3518 2987 3573 τιθασσεύει
3038 3520 3292 3590 πληγαῖς.
3338 3521 3397 3573 Ὁ
3442 3520 3498 3573 δὲ
3552 3522 3675 3573 τότε
3728 3520 3872 3591 μόλις

2290 3615 2472 3686 ἐφίησι
2513 3613 2611 3684 μὲν
2641 3612 2737 3681 οὐχ
2772 3610 2911 3664 ἑκών
2931 3628 2944 3642 ’
2973 3613 3227 3682 πειρᾶται
3256 3612 3300 3665 δ’
3330 3608 3423 3665 οὖν
3465 3614 3615 3681 ὅμως
3649 3612 3867 3665 ἀναπείο

2292 3707 2403 3759 θειν
2446 3707 2626 3776 ἡμᾶς,
2659 3702 2926 3757 ποιεῖσθαι
2968 3702 3068 3774 μὲν
3101 3703 3200 3756 οὐκ
3237 3704 3438 3775 ἀκριϐῆ
3482 3704 3582 3775 τὴν
3627 3707 3709 3768 είς
3749 3704 3869 3758 Θεὸν

2290 3799 2547 3870 λατρείαν
2583 3840 2597 3862 ,
2632 3797 2706 3869 μὴ
2751 3798 2855 3869 μὴν
2893 3797 2972 3850 ἐτι
3010 3796 3284 3859 παντελῶς
3334 3796 3429 3851 καὶ
3472 3797 3571 3867 τῆς
3606 3798 3695 3850 ἐπ’
3730 3797 3869 3866 αὐτῷ

2291 3890 2534 3953 δουλείας
2567 3890 2886 3961 ἀποφοιτᾷν.
2920 3890 2993 3942 Ού
3030 3889 3138 3961 γάρ
3169 3889 3272 3955 ἔξω
3310 3891 3413 3959 γῆς
3461 3889 3597 3953 ίδίας
3620 3930 3635 3951 ,
3671 3889 3785 3942 ἀλλ’
3818 3892 3868 3942 ἐν

2292 3981 2429 4051 αὐτῇ
2460 3980 2657 4051 χρῆναι
2691 3978 2837 4032 θύειν
2865 3980 2981 4040 τοῖς
3015 3978 3287 4041 Ἰουδαίοις
3315 3978 3554 4035 ἐκέλευε.
3584 3978 3868 4047 Σοφώτατα

2288 4072 2345 4125 δὲ
2373 4070 2598 4141 Μωσῆς,
2634 4090 2652 4123 ι
2693 4071 2768 4124 Ού
2795 4070 3016 4124 δυνατὸν
3051 4068 3305 4137 γενέσθαι
3338 4068 3504 4137 οὕτω,
3551 4088 3571 4124 ι
3598 4071 3752 4142 φησί.
3787 4070 3868 4122 Fl-

2290 4183 2437 4218 νεται
2494 4164 2591 4236 μὲν
2645 4164 2753 4234 γὰρ
2806 4164 2892 4218 ἀεὶ
2938 4164 3046 4219 τῶν
3093 4162 3310 4232 φαύλων
3352 4163 3654 4233 εἰσηγητὴς
3702 4165 3730 4217 ό
3776 4165 3867 4233 τῆς

2290 4256 2564 4325 ἁμαρτίας
2598 4254 2826 4324 εὑρετής
2851 4268 2864 4282 ⁸
2896 4253 3172 4322 ἐκπέμπει
3201 4251 3258 4304 δὲ
3289 4250 3451 4321 νόμος
3481 4251 3509 4304 ὁ
3546 4250 3688 4316 θεῖος
3715 4251 3862 4317 αὐτὰ,

2290 4345 2386 4400 καὶ
2415 4345 2720 4415 ἀποφάσκει
2753 4343 2816 4397 τὸ
2838 4343 2992 4415 δρᾷν,
3023 4344 3166 4414 άπερ
3194 4342 3260 4397 ἂν
3292 4343 3483 4414 ἐκείνῳ
3519 4344 3670 4415 δοκῇ.
3704 4345 3863 4414 Προσ·

2294 4438 2480 4492 εκτέον
2520 4438 2809 4510 τοιγαροῦν
2859 4439 2969 4502 τοῖς
3024 4437 3269 4490 ἐθέλουσι
3317 4436 3466 4507 βιοῦν
3517 4436 3729 4508 ὀρθῶς,
3775 4436 3863 4506 οὐχ

608 4537 779 4591 vetat,
810 4538 931 4599 qua:
975 4528 1054 4583 illi
1099 4530 1366 4599 placeant.
1402 4528 1473 4582 Iis
1508 4528 1674 4599 igitur
1702 4528 1795 4598 qui
1828 4538 1975 4583 recte
2005 4528 2188 4581 vivere

2293 4529 2486 4601 οἷσπερ
2521 4532 2587 4587 ἂν
2627 4532 2778 4600 λέγοι
2812 4531 3117 4601 φενακίζων
3170 4531 3199 4582 ό
3247 4530 3510 4603 Πονηρὸς,
3545 4530 3662 4583 ἀλλ’
3699 4524 3777 4592 οἷς
3808 4528 3863 4581 τὸ

612 4620 807 4685 velint,
832 4619 1182 4681 attcndenda,
1214 4635 1319 4672 non
1352 4634 1474 4689 qua:
1503 4619 1775 4689 malignus
1802 4618 1892 4673 ille
1932 4618 2192 4688 deceptor

614 4709 828 4773 suadet,
862 4709 958 4764 sed
989 4724 1109 4779 quae
1140 4709 1387 4763 divinum
1431 4724 1754 4779 responsum
1800 4709 1985 4763 edicit.
2027 4728 2044 4759 ι
2082 4710 2191 4764 Lu-

2290 4626 2429 4679 θεῖον
2460 4628 2592 4697 ἡμῖν
2630 4626 2903 4693 ἀναφωνεῖ
2932 4623 3334 4695 χρησμῴδημα.
3375 4642 3393 4675 ι
3442 4623 3647 4693 Λύχνος
3680 4622 3804 4692 γὰρ,
3840 4638 3858 4671 ι

2290 4718 2444 4787 φησί,
2476 4736 2492 4766 ι
2528 4720 2639 4781 τοῖς
2666 4717 2788 4772 ποσί
2818 4733 2917 4787 μου
2944 4718 2972 4769 ό
3002 4717 3161 4786 νόμος
3198 4733 3312 4782 σου,
3346 4715 3442 4770 καὶ
3477 4715 3590 4784 φῶς
3616 4716 3732 4777 ταῖς
3755 4712 3864 4783 τρί-

613 4816 777 4857 cerna
810 4800 979 4864 enim,
1021 4819 1038 4849 ι
1080 4798 1278 4868 inquit,
1326 4816 1343 4848 σ
1388 4797 1622 4869 pedibus
1666 4798 1803 4852 meis
1842 4798 1927 4852 lex
1980 4806 2090 4861 tua,
2139 4811 2189 4854 et

2293 4809 2407 4873 ϐοις
2442 4827 2564 4880 μου.
2612 4829 2630 4862 ι

611 4894 799 4951 Iumen
859 4890 1070 4946 semitis
1098 4890 1234 4943 meis
1261 4888 1302 4942 ’.
1341 4908 1359 4939 ι

684 4985 881 5042 PALL.
919 4986 997 5039 Ita
1032 4991 1136 5038 est.

678 5079 836 5136 CYR.
870 5074 1013 5149 Ergo
1040 5092 1165 5132 cum
1198 5076 1289 5131 ille
1324 5074 1597 5143 malignus
1623 5088 1727 5128 nos
1756 5073 1999 5129 detineat
2030 5085 2193 5145 atque

609 5172 871 5230 cohibere
901 5171 1053 5236 velit,
1090 5169 1306 5240 sibique
1352 5166 1644 5239 subjicere,
1687 5165 2035 5222 serviendum
2080 5168 2190 5224 Deo

609 5274 695 5319 est
737 5264 839 5328 illi,
870 5264 963 5334 qui
1009 5261 1312 5318 secundum
1359 5268 1609 5314 naturam
1675 5258 1825 5314 solus
1863 5270 1978 5325 est;
2028 5270 2189 5330 atque

610 5356 731 5411 sine
760 5356 871 5410 ullo
897 5364 1046 5410 metu
1075 5355 1369 5410 dicendum
1400 5370 1411 5405 :
1454 5370 1471 5403 ι
1512 5352 1632 5407 Νοη
1666 5359 1846 5423 potest
1879 5350 1995 5407 ﬁeri
2026 5351 2121 5406 sic.
2162 5372 2179 5402 ι

608 5477 682 5490 -
708 5467 727 5500 ι
755 5449 928 5504 Nemo
964 5449 1111 5503 enim
1154 5456 1335 5518 potest
1381 5446 1600 5501 duobus
1644 5446 1881 5501 dominis
1930 5446 2133 5501 servire
2170 5464 2181 5499 :

611 5552 706 5598 aut
734 5541 884 5598 enim
931 5556 1099 5595 unum
1146 5540 1273 5595 odio
1312 5539 1559 5606 habebit,
1594 5547 1650 5594 et
1683 5540 1916 5594 alterum
1964 5537 2179 5607 diliget;

610 5645 704 5688 aut
752 5649 925 5689 unum
971 5633 1283 5697 sustinebit,
1333 5641 1397 5687 et
1438 5632 1672 5688 alterum
1707 5636 2021 5686 contemnet
2052 5627 2115 5680 ’⁸.
2159 5647 2177 5679 ›

682 5820 702 5851 ⁸
729 5819 900 5873 Exod.
934 5816 1132 5883 νιιιβδ
1156 5831 1273 5885 sqq.

2368 4986 2573 5038 ΠΑΑΑ.
2618 4983 2861 5055 Ἀληθές.

2365 5078 2530 5132 ΚΥΡ.
2563 5077 2883 5148 Συνέχοντος
2928 5076 3110 5131 τοίνυν
3150 5078 3317 5148 ἡμᾶς,
3362 5078 3529 5148 ῆγουν
3564 5074 3858 5145 καθείργειν

2297 5167 2569 5230 ὲΟέλοντος
2601 5166 2691 5220 καί
2725 5167 2817 5220 ὑπ’
2862 5166 3011 5238 αύτῷ
3039 5168 3330 5230 ποιεῖσθαι,
3362 5165 3454 5219 τοῦ
3485 5164 3742 5236 Πονηροῦ,
3764 5163 3857 5216 λα·

2294 5258 2549 5331 τρευτέον
2571 5258 2688 5329 Θεῴ
2714 5258 2792 5329 τῷ
2824 5259 2962 5312 κατά
2994 5259 3154 5327 φύσιν
3181 5258 3349 5329 μόνῳ,
3374 5258 3467 5311 καὶ
3492 5257 3732 5328 διψυχίας
3761 5255 3859 5307 ἰόν-

2293 5369 2384 5414 τες
2413 5351 2487 5414 ῶς
2527 5351 2819 5413 ἀπωτάτω,
2868 5352 3152 5422 λέγωμεν,
3188 5371 3205 5403 ι
3245 5352 3320 5405 υύ
3360 5350 3584 5405 δυνατὸν
3620 5346 3857 5417 γενέσθαι

2292 5443 2483 5506 οὕτως.
2513 5461 2635 5494 ι--ι
2658 5442 2889 5497 Δύναται
2907 5443 3014 5514 γάρ
3032 5443 3205 5506 οὐδεὶς
3225 5442 3345 5497 δυσὶ
3357 5442 3565 5510 κυρίοις
3582 5438 3854 5495 δουλεύειν·

2292 5534 2324 5604 ἢ
2353 5531 2459 5603 γὰρ
2500 5532 2591 5588 τὸν
2625 5533 2720 5587 ἕνα
2749 5535 3002 5605 μισήσει,
3039 5534 3133 5588 καὶ
3166 5534 3255 5588 τὸν
3284 5534 3470 5605 ἕτερον
3499 5532 3787 5601 ἀγαπήσειο
3823 5527 3857 5599 ἣ

2290 5624 2382 5679 τοῦ
2422 5626 2540 5691 ἐνὸς
2580 5625 2880 5695 ἀνθέξεται,
2910 5626 3004 5683 καὶ
3033 5625 3126 5683 τοῦ
3159 5625 3347 5698 ἐτέρου
3387 5622 3798 5695 καταφρονήσει.
3833 5636 3854 5671 ι

1351 5812 1535 5869 ’Psal.
1560 5829 1739 5881 cxvm,
1772 5810 1888 5867 105.
1969 5811 2012 5844 ⁸⁸
2029 5809 2218 5868 Matth.
2262 5824 2376 5878 xm,
2402 5806 2491 5864 24.
