4046 6548
188 374 262 430 ιθτ
863 362 951 417 DE
985 357 1432 417 ADORATIONE
1471 362 1539 417 IN
1579 360 1853 418 SPIBITU
1895 363 1984 418 ET
2022 363 2391 418 VERITATE.
2434 362 2560 417 LIB.
3274 365 3377 421 198

184 488 439 556 Γέγραπται
464 477 516 531 δὲ
538 470 627 542 αὖ,
657 492 674 527 ι
718 475 853 529 Οὐαὶ
883 475 1128 546 καρδίαις
1159 474 1389 540 δειλαῖς,
1419 476 1514 529 καὶ
1543 477 1696 548 χερσί
1727 486 1773 541 Α

1794 477 2081 551 Scriptum
2110 488 2190 533 est
2224 478 2354 532 item
2382 494 2394 529 :
2421 476 2562 541 «Va:
2586 474 2846 530 cordibus
2872 475 3099 541 timidis,
3123 486 3179 531 et
3203 477 3376 531 mani-

181 571 499 646 παρειμέναις,
534 567 627 619 καὶ
653 564 962 636 ἁμαρτωλῷ
990 565 1321 620 ὲπιὸαίνοντι
1343 565 1433 619 ἐπὶ
1466 565 1557 620 δύο
1577 568 1694 641 τρί-

1799 566 1903 622 bus
1934 568 2239 633 dissolutis,
2269 578 2323 622 et
2354 565 2627 637 peccatori
2657 566 2957 621 ambulanti
2984 581 3082 638 per
3115 566 3252 622 duas
3287 583 3374 623 se-

181 666 306 728 δουςῖ
334 681 349 712 ι
380 657 576 729 Χρῆναι
602 657 711 727 γὰρ
759 656 933 725 ἔγωγέ
964 674 1127 727 φημι,
1149 655 1395 728 καθαρὰν
1425 658 1517 710 καὶ
1543 658 1698 728 ἀμώ-

1798 659 1962 713 mitas
1995 660 2074 713 “l
2114 679 2133 711 ι
2167 658 2396 729 Oportet
2438 658 2615 721 enim,
2652 666 2713 711 ut
2750 673 2852 727 ego
2889 658 3086 723 sentio,
3132 658 3211 713 illi
3255 674 3375 713 om-

182 773 315 829 μητον
343 749 588 805 ποιεῖσθαι
617 748 871 817 λατρείαν
900 748 976 819 τῷ
1006 748 1219 801 πάντων
1240 748 1525 819 κρατοῦντι
1555 749 1693 819 Θεῷ,

1797 750 1949 805 nium
1977 752 2214 821 principi
2244 752 2353 804 Deo
2375 766 2571 820 purum
2592 750 2872 813 exhibere,
2892 750 3183 819 omnisque
3204 752 3377 821 culpae

179 841 580 913 ἰκπεφοιτηκότας
626 842 857 893 είσὰπαν
904 843 1001 910 τῆς
1051 840 1140 893 ὑπ’
1180 840 1373 911 ἐκείνῳ
1406 840 1694 911 λατρείας’

1796 848 2079 910 expertem
2108 843 2347 905 cultum,
2399 855 2648 910 egressos
2694 840 2750 893 in
2787 848 2961 894 totum
3010 841 3079 894 ab
3122 857 3187 896 ea
3231 842 3374 906 vita,

176 937 287 990 οὕτω
310 950 359 984 τε
382 929 506 1002 πρὸς
542 930 642 998 τὴν
672 929 879 999 ἀμείνω
913 929 1096 1001 ζητεῖν
1132 929 1264 982 ἰέναι
1290 931 1572 999 γεννικῶςο
1603 932 1697 985 ἀλ..

1797 946 1919 999 qua:
1945 932 2046 986 sub
2071 933 2219 986 illius
2250 932 2472 1001 maligni
2499 939 2584 986 est
2608 931 2848 996 ditione;
2879 932 3070 1001 sicque
3093 932 3160 986 ad
3191 933 3378 987 lauda-

177 1028 261 1088 λως
285 1040 352 1089 τε,
395 1038 412 1071 ι
456 1019 533 1072 Τὰ
571 1018 911 1089 βδελύγματα
957 1019 1066 1073 τῶν
1100 1020 1448 1088 Αἰγυπτίων,
1480 1040 1499 1073 ι
1539 1023 1693 1092 φησὶ,

1797 1021 2051 1077 biliorem
2088 1024 2237 1076 illam
2273 1024 2501 1077 alteram
2532 1021 2748 1076 fortiter
2782 1022 3007 1076 tendere
3054 1039 3067 1074 :
3111 1023 3374 1092 alioquin,

180 1135 195 1168 ι
222 1112 417 1181 θύσομεν
441 1109 629 1179 Κυρίῳ
660 1108 739 1179 τῷ
769 1109 889 1180 Θεῷ
917 1109 1093 1180 ήμῶν.
1144 1111 1269 1165 Ἐὰν
1296 1110 1404 1183 γὰρ
1445 1112 1696 1181 θύσωμεν

1805 1130 1824 1163 ‹
1861 1112 2329 1175 Abominationes,
2372 1132 2390 1163 ι
2423 1112 2622 1181 inquit,
2650 1131 2667 1161 ι
2701 1112 3129 1167 sacrificabimus
3150 1113 3378 1169 Domino

173 1207 226 1259 τὰ
251 1203 557 1275 βδελυγματα
585 1200 692 1254 τῶν
716 1201 1028 1269 Αἰγυπτίων
1061 1202 1298 1257 ἐναντίον
1328 1204 1526 1268 αὐτῶν,
1554 1204 1697 1258 λιθο-

1796 1203 1910 1257 Deo
1954 1214 2167 1257 nostro.
2204 1203 2261 1258 Si
2304 1204 2451 1258 enim
2493 1202 2982 1258 sacriﬁcaverimus
3013 1205 3376 1259 abominatio-

172 1293 546 1369 δοληθησόμεθα.
591 1313 611 1345 ι
650 1295 763 1348 Καὶ
791 1296 913 1349 ὅσον
946 1295 1043 1364 μὲν
1078 1290 1214 1367 ἦκεν
1247 1294 1330 1360 εἰς
1364 1313 1427 1365 γε
1463 1297 1555 1351 τὸν
1595 1297 1695 1367 τῆς

1795 1310 1895 1349 nes
1937 1294 2311 1366 [Egyptiorum
2368 1310 2555 1348 coram
2602 1295 2741 1359 illis,
2795 1295 3184 1364 lapidabimur.
3240 1316 3258 1348 ι
3302 1297 3379 1352 Ac

173 1388 367 1459 ἱστορίας
383 1386 551 1455 λόγον,
574 1386 884 1456 εὐάφορμος
906 1388 939 1457 ἡ
964 1388 1315 1457 παραίτησις.
1342 1388 1693 1459 Βδελύγματα

1795 1386 1942 1455 quod
1994 1387 2060 1440 ad
2109 1386 2376 1456 simplicis
2420 1386 2661 1439 historia:
2712 1386 3108 1455 expositionem
3153 1387 3374 1451 attinet,

169 1478 254 1548 γὰρ
279 1475 441 1529 ἐνθάδε
467 1476 621 1547 φησὶ,
645 1476 712 1528 τὰ
739 1476 1058 1545 σεϐάσματα
1078 1495 1092 1507 ·
1122 1477 1311 1548 μόσχοι
1340 1479 1397 1532 δὲ
1421 1475 1557 1549 ἦσαν
1580 1482 1694 1543 τοῖς

1796 1476 1993 1531 idonea
2023 1485 2140 1531 erat
2166 1477 2468 1532 excusatio.
2499 1476 2949 1532 Abominationes
2979 1478 3126 1531 enim
3158 1477 3251 1531 hic
3279 1493 3378 1548 ap-

168 1569 431 1638 Αἰγυπτίοις
460 1567 522 1620 τὸ
562 1567 743 1630 σέϐας.
790 1569 960 1620 Ταυτὶ
999 1568 1076 1635 δὲ,
1134 1570 1318 1639 φησὶν,
1373 1572 1420 1624 εἰ
1464 1570 1543 1642 τῷ
1585 1572 1691 1627 τῶν

1792 1568 1979 1638 pellat,
2015 1585 2135 1638 qua’
2170 1569 2249 1622 illi
2295 1569 2551 1623 colebant
2596 1568 2871 1623 :vitulum
2918 1581 3083 1639 porro
3128 1569 3378 1623 colebant

173 1661 391 1732 .E6pat'uw
417 1657 793 1729 καταθύσομεν
833 1658 951 1729 Θεῷ
973 1699 988 1724 ,
1023 1661 1363 1731 ἁκονήσομεν
1398 1663 1480 1725 εἰς
1521 1664 1691 1735 ὀργὰς

1792 1658 2050 1730 Egyptii.
2084 1660 2207 1715 Haec
2241 1661 2429 1731 igitur,
2463 1660 2662 1729 inquit,
2693 1660 2737 1713 si
2772 1660 3121 1714 Hebraeorum
3148 1662 3259 1715 Deo
3295 1676 3379 1717 sa-

163 1753 305 1822 πάντη
335 1767 387 1803 τε
418 1750 511 1803 καὶ
537 1750 752 1814 πάντως
781 1751 907 1813 τοὺς
936 1751 1288 1818 Αἰγυπτίους,
1318 1752 1596 1807 δύσοιστον
1630 1756 1691 1808 τὸ

1793 1748 2243 1814 criﬁcaverimus,
2270 1750 2496 1804 omnino
2550 1764 2776 1805 necesse
2802 1758 2885 1805 est
2914 1758 2974 1804 ut
3000 1750 3377 1823 Egyptiorum

160 1843 314 1915 χρῆμα
354 1840 722 1911 ποιουμένους.
769 1842 924 1895 Ἐσθ’
974 1843 1062 1895 ὅτε
1108 1844 1202 1895 καὶ
1244 1843 1468 1908 πιθανὸς
1510 1845 1685 1915 λόγος,
1722 1823 1758 1878 Β

1791 1837 1900 1892 iras
1920 1853 2300 1909 provocemus,
2334 1838 2427 1910 qui
2458 1839 2563 1893 hoc
2590 1840 2816 1893 minime
2845 1839 3141 1895 ferendum
3159 1851 3373 1910 putant.

160 1935 293 1987 Ὅσον
315 1932 366 1986 δὲ
389 1927 519 2004 ἧκεν
558 1932 638 1995 εἰς
675 1931 909 2004 Θεωρίαν
941 1934 1337 2004 πνευματικὴν,
1364 1935 1425 1987 οὐ
1467 1937 1690 2007 μετρίαν

1792 1931 1861 1986 Et
1898 1932 2199 2002 probabilis
2229 1931 2451 2001 quidem
2489 1931 2607 1986 haec
2646 1940 2734 1987 est
2775 1932 3064 2001 expositio.
3109 1931 3376 1989 Cmterum

156 2025 246 2096 ἔχει
261 2025 347 2096 τὴν
366 2024 561 2095 ὄνησιν.
592 2027 657 2078 Ὃ
675 2026 780 2096 γὰρ
800 2020 908 2078 οἶδε
936 2025 1171 2096 μάλιστα
1194 2028 1378 2098 τιμᾷν,
1401 2028 1493 2080 καὶ
1522 2031 1690 2081 ποιεῖ-

1791 2024 1939 2093 quod
1978 2023 2044 2077 ad
2092 2023 2609 2092 contemplationem
2644 2022 2983 2092 spiritualem
3018 2023 3231 2086 attinet,
3266 2039 3376 2079 non

155 2133 226 2170 ται
252 2116 364 2186 περὶ
405 2116 621 2179 πολλοῦ,
648 2116 791 2182 ἀξιοῖ
824 2132 886 2169 τε
928 2115 1087 2184 λόγου
1136 2117 1336 2181 παντὸς
1364 2120 1397 2188 ἡ
1427 2118 1535 2171 τῶν
1576 2119 1691 2171 δαι-

1790 2115 2124 2170 mediocrem
2158 2115 2324 2169 habet
2359 2114 2682 2181 utilitatem;
2715 2114 2862 2184 quod
2892 2115 3040 2168 enim
3068 2114 3374 2170 daemonum

156 2206 319 2275 μονίων
352 2205 557 2276 πληθὺς
580 2247 595 2272 ,
648 2206 1111 2278 κατανεκροῦντες
1145 2207 1308 2278 ἡμεῖς
1350 2206 1577 2279 ¹ἡδίστην
1613 2207 1690 2279 τῷ

1791 2207 1953 2262 turba
1972 2223 2229 2278 magnum
2254 2206 2552 2271 existimat,
2581 2222 2644 2261 ac
2674 2205 2901 2276 plurimi
2926 2205 3076 2269 facit,
3103 2214 3158 2260 et
3182 2207 3239 2261 in
3268 2223 3377 2277 quo

153 2296 249 2368 Θεῷ
265 2296 504 2369 τελοῦμεν
540 2298 819 2368 λατρείαν.
1568 2378 1575 2383 _

1789 2313 2058 2353 summam
2089 2307 2256 2353 totam
2281 2299 2442 2353 sitam
2479 2314 2599 2353 esse
2637 2305 2813 2368 putat,
2844 2297 2899 2351 id
2935 2299 2980 2352 si
3014 2314 3115 2353 nos
3147 2299 3375 2354 mortifi-

1790 2391 2117 2455 caverimus,
2156 2390 2528 2460 gratissimum
2569 2390 2682 2445 Deo
2718 2390 2926 2445 cultum
2970 2391 3374 2448 exhibebimus.

208 2480 388 2534 IIAAA.
418 2477 547 2542 Πῶς
582 2477 749 2549 ἔφης

1860 2480 2057 2536 PALL.
2088 2480 2207 2547 Quo
2238 2482 2455 2537 tandem
2485 2481 2686 2535 modo?

203 2576 344 2628 ΚΥΡ.
370 2574 436 2625 Ἦ
466 2572 578 2643 γὰρ
599 2571 719 2642 οὐχὶ¹
746 2570 815 2625 τὰ
843 2570 945 2640 τῆς
975 2567 1173 2641 σαρκὸς
1200 2568 1349 2638 πάθη
1378 2569 1534 2639 τίμια
1561 2569 1687 2640 παρ’

1862 2565 2019 2622 CYR.
2058 2566 2234 2633 Quid?
2277 2568 2471 2624 Carnis
2501 2570 2635 2623 vitia
2674 2585 2858 2634 nonne
2891 2571 2969 2625 illi
3013 2573 3194 2643 magni
3229 2575 3377 2629 resti-

148 2667 351 2731 ἰαντοῖςς
378 2666 468 2719 καὶ
496 2665 639 2735 οὐχὶζ
661 2662 877 2724 πάντως
911 2661 977 2713 δι’
1007 2660 1195 2727 ἑαυτὰ,
1226 2661 1340 2714 ἀλλ’
1383 2660 1590 2713 ὲπείτοι
1620 2661 1688 2714 δι’

1791 2659 1980 2712 mant?
2013 2674 2192 2729 neque
2215 2676 2346 2714 vero
2378 2660 2470 2714 illa
2499 2675 2598 2729 per
2627 2676 2685 2715 se
2714 2662 2961 2727 omnino,
2997 2663 3090 2717 sed
3121 2663 3249 2733 quia
3282 2680 3379 2733 per

148 2757 293 2811 αὐτῶν
323 2755 614 2826 ὁλλύμεθα,
654 2754 750 2808 καὶ
793 2752 930 2825 πρὸς
969 2752 1210 2808 δουλείαν
1251 2751 1347 2824 τὴν
1387 2753 1479 2806 ὑπ’
1507 2753 1690 2818 αὐτοῖς

1792 2746 1883 2804 illa
1932 2765 2034 2805 nos
2074 2750 2381 2820 perdimur,
2431 2759 2486 2805 et
2530 2750 2585 2805 in
2615 2766 2807 2806 eorum
2849 2763 3174 2823 potestatem
3214 2756 3376 2812 vincti

144 2847 518 2920 κατεσφίγμεθα
542 2865 559 2913 ;
1676 2911 1685 2922 ι

487 2866 518 2901 α
542 2865 559 2913 ;
1676 2911 1685 2922 ι
1791 2840 2085 2896 ducimur?

198 2940 383 2994 ΠΔΛΛ.
422 2938 669 3008 Ἀληθές.

1860 2932 2056 2986 PALL.
2087 2933 2162 2987 Ita
2191 2943 2293 2988 est.

195 3030 342 3085 ΚΥΡ.
374 3029 564 3083 Ταῦτα
602 3029 666 3099 δὴ
710 3024 1031 3099 νεκροῦντες
1069 3024 1162 3078 καὶ
1190 3026 1353 3079 οἱονεὶ
1403 3027 1689 3097 κατασφά-

1859 3018 2016 3074 CYR.
2050 3021 2174 3076 Hzee
2223 3023 2389 3092 igitur
2436 3024 2479 3077 si
2526 3023 3072 3090 mortificaverimus,
3103 3041 3166 3080 ac
3207 3026 3376 3081 veluti

142 3120 313 3187 ζοντες,
349 3122 426 3185 εἰς
457 3120 641 3191 ὀσμὴν
679 3120 907 3180 εὐωδίας
938 3116 1172 3184 ἐσόμεθα
1208 3115 1287 3188 τῷ
1315 3116 1460 3188 Θεῷ..
1482 3118 1688 3189 Γράφει
1717 3160 1740 3217 ί

1790 3112 2232 3175 mactaverimus,
2279 3113 2335 3166 in
2383 3114 2605 3168 odorem
2652 3114 2943 3168 suavitatis
2988 3116 3197 3171 erimus
3244 3118 3374 3172 Deo.

138 3214 183 3267 δὲ
207 3216 231 3267 ὁ
254 3213 451 3277 Παῦλος
489 3213 628 3266 ὠδί’
682 3230 700 3263 ι
739 3208 1138 3280 Παραστήσατε
1173 3208 1243 3262 τὰ
1282 3208 1507 3280 σώματα
1537 3209 1690 3280 ὑμῶν
1719 3200 1736 3216 “

1794 3200 1896 3271 41
1933 3202 2136 3256 Scribit
2166 3211 2350 3257 autem
2380 3204 2581 3258 Paulus
2624 3204 2680 3257 in
2715 3204 2861 3259 hunc
2894 3205 3114 3259 modum
3157 3225 3168 3259 :
3212 3226 3229 3259 ι
3268 3208 3377 3261 Ex-

140 3304 299 3360 θνσίαν
331 3306 507 3370 ζῶσαν
526 3346 547 3371 ,
577 3304 870 3376 εὐάρεστον
896 3302 976 3374 τῷ
1020 3302 1141 3373 Θεῷ
1160 3344 1174 3369 ,
1204 3303 1303 3373 τὴν
1333 3302 1556 3372 λογικὴν
1585 3302 1693 3354 λα-

1794 3292 1979 3346 hibete
2007 3308 2233 3363 corpora
2262 3303 2441 3349 vestra
2467 3295 2701 3349 hostiam
2738 3296 3036 3361 viventem,
3070 3299 3379 3367 placentem

135 3398 289 3469 τρείαν
314 3398 482 3469 ὑμῶν.
518 3417 543 3450 ι
580 3396 739 3469 Δρῴη
766 3396 809 3449 δ’
832 3396 898 3450 ἂν
923 3394 1132 3449 τοιοῦτό
1153 3412 1236 3458 τις
1263 3394 1459 3467 ὀρθῶς,
1483 3394 1692 3465 νεκρῶν

1793 3383 1935 3447 Deo,
1986 3385 2312 3439 rationabile
2361 3385 2687 3454 obsequium
2721 3393 2965 3440 vestrum
3016 3388 3077 3441 ¹¹.
3120 3407 3138 3439 ›
3179 3388 3237 3443 Id
3286 3404 3381 3444 au-

136 3487 192 3540 τὰ
215 3488 337 3559 μέλη
368 3489 435 3542 τὰ
464 3488 569 3541 ἐπὶ
601 3488 700 3557 τῆς
724 3489 849 3558 γῆς,
894 3487 1170 3557 πορνείαν,
1198 3485 1559 3559 ἀκαθαρσίαν,
1590 3485 1694 3538 πά-

1794 3481 1903 3527 tem
1934 3473 1980 3528 is
2006 3481 2151 3529 recte
2181 3474 2367 3540 faciet,
2396 3476 2490 3546 qui
2522 3476 2935 3531 mortiﬁcaverit
2963 3479 3227 3544 membra,
3260 3495 3380 3549 qua:

138 3576 227 3641 θος,
248 3578 536 3649 ἐπιθυμίαν
573 3577 771 3649 κακὴν,
805 3577 899 3630 καὶ
926 3576 1023 3647 τὴν
1053 3575 1382 3640 πλεονεξίαν.
1422 3576 1691 3629 Ἕκαστον

1793 3572 1920 3618 sunt
1974 3580 2138 3635 super
2190 3573 2413 3631 terram,
2463 3567 2904 3633 fornicationem,
2953 3568 3377 3624 immunditiam.

136 3664 211 3722 οὖν
238 3670 334 3741 ἄρα
355 3670 463 3725 τῶν
492 3673 557 3725 ὲν
581 3672 713 3741 ἡμῖν
746 3668 965 3734 παθῶν,
1003 3667 1315 3736 Αἰγυπτίων
1348 3666 1459 3721 τῶν
1485 3667 1691 3738 νοητῶν

1793 3655 2099 3721 libidinem,
2128 3658 2629 3728 concupiscentiam
2661 3660 2881 3723 malam,
2910 3666 2967 3713 et
3003 3660 3285 3714 avaritiam
3314 3660 3376 3714 “.

135 3759 228 3813 ἐστι
254 3761 548 3834 βδέλυγμα,
581 3760 726 3814 τοῦτ’
754 3760 869 3813 ἐστι
888 3800 901 3825 ,
932 3758 1395 3830 σεὸασμιώτατον.
1426 3759 1548 3811 Ὅτι
1568 3758 1691 3829 ῖγὰρ

1796 3745 2018 3816 Singula
2057 3748 2244 3817 igitur,
2280 3764 2401 3818 qua:
2432 3749 2486 3802 in
2526 3749 2692 3803 nobis
2724 3750 2913 3804 insunt
2940 3750 3093 3814 vitia,
3126 3751 3382 3820 spiritua-

134 3850 231 3915 ἔθος
255 3856 314 3924 τῇ
344 3854 461 3925 θείᾳ
498 3854 699 3925 Γραφῇ
749 3850 1026 3921 βδέλυγμα
1066 3850 1244 3918 λέγειν
1277 3851 1337 3903 τὸ
1378 3851 1437 3903 ὲν
1471 3848 1689 3902 εἰδώλου

1792 3836 1927 3890 lium
1956 3836 2335 3908 Egyptiorum
2363 3839 2804 3895 abominationes
2837 3849 2985 3903 sunt,
3016 3840 3070 3894 id
3105 3848 3208 3905 est,
3240 3855 3379 3909 prae-

133 3942 275 4011 τὰξει,
303 3946 393 3999 καὶ
423 3944 598 3999 οἰονεί
629 3961 682 3997 τι
708 3942 892 4007 σέϐας,
933 3942 1215 3995 ἀναπείθει
1252 3941 1425 4009 λέγων
1448 3938 1578 4002 Θεὸς
1604 3940 1693 3993 διὰ

1792 3928 1988 3998 eipuus
2016 3945 2208 3984 eorum
2238 3931 2438 3985 cultus.
2472 3931 2606 3986 Esse
2642 3940 2827 3985 autem
2868 3932 3015 3985 hunc
3046 3945 3252 3984 morem
3292 3946 3381 3985 sa-

131 4034 213 4104 τῆς
257 4036 519 4109 Ἰερεμίου
575 4035 795 4105 φωνῆς,
836 4034 964 4105 περὶ
996 4033 1095 4104 τῆς
1133 4031 1400 4085 Ἰουδαίων
1439 4033 1691 4099 Συναγω-

1792 4034 2006 4073 orarum
2036 4020 2391 4087 Litterarum,
2420 4032 2480 4075 ut
2520 4023 2667 4091 quod
2706 4023 2837 4077 idoli
2882 4022 3001 4077 vice
3041 4021 3132 4086 sit,
3175 4030 3232 4075 et
3274 4038 3381 4076 nu-

130 4124 215 4195 τῆς
230 4140 243 4156 ⁸
285 4143 303 4178 ε
354 4127 419 4180 Τί
451 4128 487 4198 ἡ
534 4124 880 4195 ἠγαπημένη
930 4126 988 4177 ὲν
1032 4121 1109 4193 τῷ
1152 4122 1287 4191 οἴκῳ
1335 4138 1434 4190 μου
1469 4120 1691 4189 ἐποίησε

1792 4110 1977 4175 minis,
2026 4110 2490 4167 abominationem
2540 4113 2836 4183 appellent,
2887 4112 3174 4166 confirmat
3214 4110 3379 4177 Deus,

130 4214 404 4287 βδέλυγμα;
449 4238 469 4271 ι
508 4218 579 4271 Εἰ
616 4216 674 4269 δὲ
701 4216 763 4287 δή
792 4232 873 4279 τις
909 4214 1150 4285 βούλοιτο
1194 4213 1372 4281 λέγειν
1419 4211 1692 4280 βδέλυγμα

1792 4216 1916 4255 cum
1940 4217 2037 4270 per
2051 4202 2301 4257 Ieremia:
2325 4219 2516 4258 vocem
2542 4204 2609 4259 de
2643 4204 2957 4258 Judmorum
2987 4202 3268 4273 Synagoga
3295 4200 3381 4255 di-

129 4304 221 4357 τῶν
255 4308 568 4375 Αἰγυπτίων
621 4306 686 4359 τὸ
720 4307 883 4359 οἰονεί
935 4306 1155 4376 μίσημα
1201 4305 1295 4357 καὶ
1338 4303 1686 4373 παραίτησιν,

1792 4290 1909 4345 cit:
1949 4311 1966 4341 ‹
2002 4292 2113 4347 Cur
2146 4294 2344 4348 dilecta
2377 4295 2433 4347 in
2478 4295 2640 4349 domo
2687 4310 2807 4348 mea
2850 4293 2979 4347 fecit
3018 4292 3381 4346 abominatio-

126 4394 211 4447 οὒκ
241 4396 301 4451 ἂν
325 4398 592 4469 ὲξοίχοιτο
617 4395 714 4450 τοῦ
747 4397 1053 4467 πρέποντος
1078 4394 1170 4449 νοῦ
1196 4412 1209 4426 ·
1243 4395 1278 4448 ἃ
1307 4395 1413 4467 γὰρ
1458 4394 1577 4457 ἔθος
1605 4394 1691 4446 ἀεὶ

1792 4398 1918 4436 nem
1948 4383 2327 4454 Egyptiorum
2375 4386 2455 4437 u*?
2509 4406 2526 4436 ι
2576 4385 2633 4440 Si
2681 4384 2805 4454 quis
2848 4392 3030 4437 autem
3077 4382 3382 4452 intelligere

128 4489 285 4555 μισεῖν
316 4490 409 4543 καὶ
438 4487 966 4543 καταὸδελύττεσθαι
996 4490 1110 4550 τοῖς
1154 4485 1487 4555 ἀκαθάρτοις
1531 4484 1692 4537 πνεύ-
1724 4551 1726 4557 η

1795 4473 2035 4526 voluerit
2068 4490 2184 4528 rem
2214 4490 2435 4528 exosam
2469 4483 2525 4529 et
2570 4474 2949 4539 aversandam,
2985 4489 3054 4528 ne
3082 4474 3130 4527 is
3158 4473 3383 4543 quidem

127 4594 263 4644 μασι,
288 4582 443 4633 ταυτὶ
461 4581 606 4653 πρὸς
623 4581 783 4651 ἡμῶν
804 4579 883 4642 εἰς
907 4577 1083 4649 ὀσμὴν
1108 4576 1332 4640 εὐωδίας
1351 4576 1695 4631 ἀνακείσεται

1800 4575 1831 4612 a
1859 4569 2008 4614 recta
2057 4560 2419 4632 intelligentia
2467 4562 2805 4617 aberraverit
2854 4580 2866 4615 :
2908 4578 3030 4631 quae
3076 4562 3224 4616 enim
3277 4562 3382 4616 im-

122 4666 189 4738 τῷ
227 4669 356 4741 Θεῷ,
389 4648 697 4726 καὶτθυσία
739 4648 1105 4741 πνευματικὴ,
1151 4667 1368 4731 πίστις,
1414 4667 1691 4738 πραότης,

1800 4652 1990 4705 mundi
2022 4652 2252 4721 spiritus
2279 4668 2493 4723 semper
2529 4654 2711 4708 odisse
2740 4662 2796 4708 et
2823 4648 3127 4708 abominari
3153 4668 3386 4708 consue-

122 4758 416 4830 ὶγκράτεια,
448 4760 807 4835 σωφροσύνη,
832 4756 1177 4830 φιλαλληλία,
1208 4758 1305 4811 καὶ
1332 4757 1433 4828 τῆς
1459 4758 1540 4821 εἰς
1559 4756 1691 4810 Θεὸν

1797 4750 2018 4809 verunt,
2048 4757 2114 4797 ea
2142 4758 2172 4797 a
2201 4744 2362 4799 nobis
2394 4745 2507 4798 Deo
2554 4745 2610 4799 in
2650 4744 2875 4799 odorem
2927 4743 3213 4798 suavitatis
3245 4743 3381 4797 olfe-

123 4852 448 4923 γνησιὸτητος
481 4854 557 4907 τὰ
593 4852 910 4923 αὐχήματα.

1795 4842 2013 4901 runtur,
2044 4845 2100 4890 et
2134 4836 2327 4890 hostia;
2370 4836 2687 4906 spirituales
2727 4843 2875 4901 sunt,
2924 4834 3080 4899 fides,
3124 4849 3381 4888 mansue-

1795 4923 1951 4989 tudo,
1998 4926 2356 4992 continentia,
2397 4928 2778 4998 temperantia,
2830 4936 3056 4982 mutuus
3108 4941 3281 4992 amor,
3328 4934 3385 4980 et

1793 5014 2023 5070 sincerae
2058 5015 2115 5069 in
2144 5017 2317 5071 Deum
2351 5018 2569 5088 pietatis
2598 5019 2789 5089 gloria.

174 5123 374 5181 ΠΔΛΛ.
417 5127 538 5181 Καὶ
567 5125 715 5189 τίνες
750 5126 816 5179 ἂν
845 5141 954 5178 ειεν
987 5122 1038 5177 οί
1068 5124 1127 5178 ὲν
1158 5123 1226 5193 τῇ
1253 5123 1323 5192 γῇ
1360 5118 1576 5183 θύοντες
1598 5116 1693 5171 τοῦ

1875 5106 2073 5162 PALL.
2112 5107 2181 5162 Et
2219 5109 2445 5178 quinam
2484 5126 2616 5165 vero
2657 5111 2736 5164 illi
2786 5108 3009 5173 fuerint,
3041 5106 3136 5177 qui
3185 5105 3242 5160 in
3293 5120 3380 5160 re-

119 5211 376 5285 Πονηροῦ;
417 5218 636 5271 νοοῖντο
664 5215 709 5269 δ’
740 5214 806 5271 ἂν
838 5215 979 5278 τίνες
1008 5216 1104 5269 καὶ
1141 5214 1190 5267 οἰ
1219 5211 1325 5280 ἔξω
1358 5210 1459 5281 γῆς
1476 5226 1490 5276 ί

1796 5200 1956 5272 gione
2029 5202 2267 5273 improbi
2321 5202 2664 5258 sacriﬁcant?
2737 5200 2901 5270 quive
2959 5197 3189 5269 intelligi
3251 5213 3381 5268 pos-

1797 5301 1947 5358 sunt,
1975 5293 2070 5363 qui
2101 5304 2257 5349 extra
2288 5309 2409 5350 eam
2442 5294 2756 5365 regionem?

172 5390 330 5445 Kl'P.
375 5393 444 5447 Οἰ
483 5393 591 5464 μὲν
625 5390 734 5463 γὰρ
767 5390 923 5445 οὔπω
962 5389 1060 5460 τῆς
1098 5385 1412 5456 Αἰγυπτίων
1458 5383 1690 5455 ἐκδεδη-

1868 5385 2025 5442 CYR.
2064 5385 2168 5453 Qui
2197 5387 2444 5441 nondum
2473 5402 2539 5440 ex
2569 5384 2944 5457 Egyptiorum
2970 5381 3133 5439 terris
3152 5384 3379 5455 egressi,

113 5480 278 5549 κάτες,
310 5485 405 5540 καὶ
440 5482 576 5554 Θεῷ
623 5481 839 5544 θύοντες
882 5481 939 5533 ὲν
982 5479 1153 5549 αὐτῇ,
1200 5475 1387 5531 σιτολλοί⁹
1416 5474 1560 5538 λίαν,
1596 5476 1691 5528 καὶ

1796 5474 2003 5529 ibidem
2049 5474 2162 5529 Deo
2204 5474 2550 5541 sacrificant,
2595 5475 2908 5546 complures
2954 5488 3084 5529 sane
3133 5481 3282 5539 sunt,
3326 5482 3381 5527 et

112 5571 328 5644 ἀριθμοῦ
370 5576 525 5645 τάχα
575 5590 677 5627 που
714 5571 1021 5644 κρείττονες
1044 5587 1059 5602 ο
1095 5569 1144 5622 οἰ
1185 5568 1244 5621 δὲ
1281 5566 1387 5631 ἔξω
1420 5583 1479 5619 τε
1508 5565 1602 5618 καὶ⁵
1635 5568 1691 5619 ὲν

1797 5566 2027 5621 fortasse
2074 5566 2506 5623 innumerabiles
2539 5584 2551 5620 :
2585 5566 2681 5638 qui
2718 5580 2851 5624 vero
2893 5573 3049 5623 extra
3087 5571 3289 5619 terram
3325 5570 3380 5617 et

176 5754 214 5785 “
238 5753 410 5812 Eccli.
433 5771 497 5825 ιι,
526 5756 619 5810 us.
698 5758 741 5789 ¹²
776 5756 933 5813 Rom.
964 5769 1058 5821 ιιι,
1094 5754 1142 5809 ί.
1222 5755 1265 5787 ¹⁸
1294 5755 1501 5811 Coloss.
1529 5768 1606 5820 ιιι,
1634 5753 1685 5806 5.
1764 5754 1774 5784 ¹

698 5758 741 5789 ¹²
776 5756 933 5813 Rom.
964 5769 1058 5821 ιιι,
1094 5754 1142 5809 ί.
1222 5755 1265 5787 ¹⁸
1294 5755 1501 5811 Coloss.
1529 5768 1606 5820 ιιι,
1634 5753 1685 5806 5.
1764 5752 1809 5784 ”
1834 5750 2038 5809 Jcrcm.
2064 5768 2139 5814 xi,
2166 5753 2231 5810 l5
