4076 6536
668 322 770 384 199

1659 325 1714 380 s.
1755 322 2031 379 CYRILLl
2069 306 2536 376 ALEXANDRINI
2574 318 2889 375 ARClllEP.

3812 328 3912 384 200

668 444 724 497 in
757 442 996 507 deserto,
1027 439 1189 512 pauci
1226 437 1519 494 admodum
1546 446 1602 491 et
1630 437 1790 492 electi
1818 454 1829 489 ε
1863 455 1879 487 ι
1912 436 2064 491 Multi
2094 437 2230 489 enim

2342 431 2533 501 ἐρήμῳ
2551 471 2565 493 ,
2595 430 2788 500 κομιδῇ
2812 430 3032 501 βραχεῖς
3065 434 3157 485 καὶ
3179 434 3495 488 ἀπόλεκτοι·
3534 456 3550 486 ι
3584 437 3779 490 Πολλοὶ
3808 442 3912 509 γάρ

668 544 796 590 aunt
823 534 1023 597 vocati,
1060 552 1076 583 ι
1123 530 1323 600 inquit,
1365 547 1383 580 ι
1418 528 1577 597 pauci
1606 542 1736 583 vero
1763 528 1923 582 electi
1950 529 2013 581 ιδ.
2045 546 2063 577 ι
2109 526 2238 580 Om-

668 642 764 680 nes
802 626 969 695 igitur
1000 639 1099 693 per
1130 622 1293 677 ﬁdem
1323 637 1443 691 quae
1468 629 1552 676 est
1580 621 1636 675 in
1667 620 1884 675 Christo
1917 618 1983 672 ad
2014 618 2239 672 liberta-

667 724 776 771 tem
807 716 983 771 vocati
1014 728 1225 777 sumus,
1259 721 1316 773 et
1343 728 1374 766 a
1402 710 1674 766 diabolico
1702 710 1985 765 dominatu
2024 709 2239 763 redem-

663 804 779 874 pti;
837 801 1174 872 perdueente
1217 815 1320 855 nos
1367 800 1437 854 ad
1494 800 1599 853 hoc
1634 798 1877 863 Christo,
1912 798 2005 867 qui
2047 797 2241 867 priscis

662 893 771 947 illis
799 892 1115 946 hominibus
1146 891 1374 961 pulchre
1403 890 1458 943 in
1491 890 1670 961 Moyse
1698 898 1754 944 et
1779 889 1960 943 Aaron
1989 887 2239 958 przeﬁgu—

661 982 905 1046 rabatur,
947 990 1007 1035 ut
1047 982 1103 1035 in
1144 981 1339 1035 eodem
1396 980 1551 1033 illum
1597 979 1918 1034 Emmanuel
1964 978 2239 1047 legislato-

662 1087 778 1126 rem
808 1080 865 1127 et
896 1072 1201 1142 principem
1231 1072 1578 1127 sacerdotum
1606 1080 1662 1126 et
1691 1070 1998 1140 apostolum
2023 1068 2240 1137 dispen-

659 1164 861 1218 satoria
914 1162 1127 1217 ratione
1181 1163 1474 1233 intelligas.
1517 1165 1587 1217 At
1623 1178 1753 1217 vero
1790 1159 2010 1230 plurimi
2057 1174 2123 1213 ex
2171 1160 2239 1214 iis

658 1255 751 1323 qui
801 1256 977 1309 vocati
1034 1240 1196 1318 Sunt,
1251 1254 1608 1308 libentissime
1656 1253 1711 1307 in
1754 1253 1911 1307 malis
1957 1251 2239 1306 veteribus

656 1354 970 1409 versantur,
1018 1346 1113 1414 qui
1166 1359 1291 1397 cum
1335 1344 1481 1397 haud
1530 1352 1642 1397 tota
1690 1350 1872 1397 mente
1917 1358 1947 1395 a
1976 1340 2238 1413 saeculari

656 1452 845 1491 errore
897 1436 1286 1499 discesserint,
1341 1435 1487 1490 nuda
1538 1433 1801 1503 tantisper
1849 1447 1913 1487 ac
1968 1432 2081 1485 sola
2130 1430 2237 1485 ﬁde

656 1526 829 1582 Deum
876 1527 1083 1580 colunt.
1133 1526 1245 1579 llos
1291 1540 1411 1580 esse
1458 1524 1712 1587 dicimus,
1756 1521 1852 1592 qui
1904 1521 1961 1575 in
2008 1520 2238 1591 {Egypto

657 1616 987 1681 sacriﬁcant,
1020 1623 1115 1670 aut
1159 1622 1307 1669 certe
1354 1614 1578 1684 paulum
1621 1612 1849 1682 egressi.
1895 1631 1911 1662 ‹
1954 1610 2031 1665 Ne
2079 1612 2237 1680 longe

655 1706 804 1761 enim
841 1706 1069 1770 abeatis,
1110 1724 1128 1757 ι
1182 1704 1362 1775 inquit
1406 1704 1495 1757 ille
1548 1702 1696 1756 dura-
1740 1701 1953 1755 cervice
2000 1701 2234 1764 Pharao,

2343 523 2450 573 είσι
2482 521 2667 591 κλητοὶ
2700 539 2746 585 ι,
2781 522 2965 591 φησιν,
3002 542 3020 574 ι
3060 524 3225 591 ὀλίγοι
3251 523 3306 576 δὲ
3339 525 3604 579 ἐκλεκτοί.
3642 545 3660 579 ι
3699 528 3910 599 Κεκλη-

2346 611 2485 683 μεθα
2516 612 2614 683 μὲν
2640 607 2732 665 οὖν
2760 613 2838 675 είς
2865 612 3172 683 ἐλευθερίαν
3204 613 3404 677 πάντες
3434 616 3522 668 διὰ
3560 618 3797 681 πίστεως
3817 618 3912 688 τῆς

2342 706 2398 756 ἐν
2417 703 2657 776 Χριστῷ,
2681 704 2776 757 καὶ
2794 702 3242 776 ἑκλελυτρὼμεθα
3254 709 3566 778 τυραννίδος
3583 710 3910 781 διαδολικῆς,

2340 795 2709 865 ἀποφέροντος
2735 796 2885 865 ἡμᾶς
2917 797 2996 858 είς
3028 796 3186 849 τοῦτο
3215 798 3474 869 Χριστοῦ,
3502 816 3913 868 προανατυπου-

2344 891 2504 960 μένου
2527 894 2639 952 τοῖς
2671 890 2838 943 πάλαι
2863 890 3045 954 καλῶς
3075 892 3132 945 ἐν
3158 893 3328 962 Μωσῇ
3363 910 3422 944 τε
3452 892 3546 945 καὶ
3589 892 3821 965 Ἀαρὼν,
3846 895 3909 947 ἴδ’

2340 982 2397 1032 ὲν
2421 979 2599 1049 ταύτῷ
2627 979 2717 1031 τὸν
2755 978 3105 1050 Ἐμμανουήλ
3125 980 3424 1051 νομοθέτην
3454 980 3584 1034 ὄντα
3608 982 3700 1034 καὶ
3729 983 3912 1052 ἀρχιε-

2341 1068 2441 1139 ρέα
2492 1068 2587 1122 καὶ⁵
2639 1069 2955 1135 ἀπόστολον,
3006 1071 3362 1141 οἰκονομικῶς
3399 1072 3603 1141 ὲννοῇς.
3640 1074 3701 1123 0i
3743 1071 3801 1124 δέ
3848 1088 3910 1139 γε

2340 1157 2582 1209 πλεῖστοι
2632 1156 2743 1210 τῶν
2793 1159 3144 1229 κεκλημένων
3181 1159 3649 1230 ὲμφιλοχωροῦσιν
3684 1160 3764 1213 ἔτι
3799 1164 3912 1223 τοῖς

2340 1246 2505 1300 πάλαι
2530 1250 2751 1311 κακοῖς,
2792 1248 3000 1321 διανοίᾳ
3032 1250 3088 1302 δὲ
3126 1248 3277 1303 οῦπω
3310 1254 3375 1322 τῇ
3408 1252 3687 1323 ὁλοσχερεῖ
3720 1269 3913 1322 κοσμι-

2339 1338 2440 1408 κῆς
2476 1339 2689 1409 ἀπάτης
2718 1338 3098 1408 ἐκϐεϐηκότες,
3131 1340 3207 1404 ῶς
3237 1343 3293 1393 ὲν
3330 1344 3508 1412 γυμνῇ
3541 1360 3601 1395 τε
3642 1344 3736 1396 καὶ
3772 1344 3909 1414 μόνῃ

2336 1429 2403 1496 τῇ
2434 1426 2611 1479 πίστει
2640 1426 2954 1495 λατρεύουσι
2986 1427 3125 1499 Θεῷ.
3161 1429 3394 1494 Τούτους
3420 1428 3557 1485 εἶναί
3582 1450 3761 1500 φαμεν
3782 1433 3909 1494 τοὺς

2338 1517 2396 1569 ἐν
2439 1516 2696 1586 Αἰγύπτῳ
2743 1515 3002 1581 θύοντας,
3034 1518 3202 1588 ἤγουν
3241 1518 3345 1585 ἔξω
3393 1518 3566 1589 βραχὺ
3593 1520 3905 1588 γεγονότας.

2344 1625 2362 1658 t
2411 1608 2486 1662 Οὐ
2516 1610 2731 1680 μακρὰν
2759 1613 2865 1681 γὰρ
2901 1611 3244 1675 ἀποτενεῐτε,
3284 1630 3302 1663 ι
3332 1615 3495 1685 ῳησὶν
3516 1616 3543 1667 ὁ
3576 1613 3909 1683 σκληροκάρο

2338 1696 2448 1761 διος
2490 1698 2717 1770 Φαραὼ,
2750 1699 2851 1753 κᾶν
2891 1702 2938 1753 εἰ
2975 1702 3074 1771 τῆς
3115 1703 3424 1769 Αἰγυπτίων
3454 1704 3752 1773 ἐκτρέχητε
3781 1704 3904 1772 γῆς.

656 1796 871 1851 tametsi
916 1812 985 1850 ex
1019 1795 1397 1866 {Egyptiorum
1433 1793 1597 1848 terris
1628 1791 2006 1863 egrediamini.
2042 1792 2112 1845 At
2143 1791 2230 1861 qui

2342 1790 2469 1856 Οῖγε
2511 1790 2617 1860 μὴν
2657 1790 2936 1861 ὁλοκλήρῳ
2979 1791 3308 1861 μεταστάσει
3334 1795 3398 1862 τῇ
3432 1794 3512 1855 εἰς
3539 1793 3740 1861 ἀγαθὸν
3781 1794 3909 1846 εύαο

652 1885 890 1955 perfecte
929 1901 988 1940 se
1033 1885 1103 1939 ad
1146 1884 1404 1938 virtutem
1453 1882 1807 1946 transferunt,
1848 1897 1912 1936 ac
1955 1882 2066 1936 Deo
2116 1882 2233 1951 pla-

652 1990 778 2031 cere
817 1976 1062 2040 student,
1111 1984 1167 2031 et
1214 1976 1268 2029 in
1312 1983 1490 2029 totum
1545 1990 1576 2029 a
1627 1974 1869 2028 saeculari
1912 1972 2234 2028 confusione

651 2066 959 2133 discedunt,
994 2067 1032 2120 ii
1066 2083 1133 2121 ex
1164 2065 1542 2138 {Egyptiorum
1589 2066 1790 2119 ﬁnibus
1825 2064 2114 2126 excedunt,
2150 2074 2232 2134 ty-

651 2157 919 2227 rannique
951 2173 1175 2212 manum
1199 2172 1264 2212 ac
1286 2164 1610 2226 potestatem
1642 2155 1931 2225 effugiunt,
1960 2155 2068 2226 42
2097 2164 2152 2208 et
2178 2156 2233 2207 in

651 2261 825 2301 vacua
869 2248 1158 2317 solutaque
1200 2248 1349 2302 curis
1389 2248 1532 2312 vita,
1579 2253 1837 2316 tanquam
1892 2245 1948 2299 in
1994 2247 2229 2309 deserto,

650 2339 772 2411 puri
805 2354 868 2392 ac
896 2354 1033 2410 pure
1068 2340 1181 2393 Deo
1219 2337 1548 2393 sacriﬁcant.
1590 2338 1858 2407 Equidem
1896 2337 2145 2399 dixerim,
2177 2344 2233 2390 et

649 2431 757 2484 alia
778 2447 996 2500 quoque
1025 2432 1238 2485 ratione
1268 2431 1581 2501 longissime
1609 2432 1678 2485 ab
1699 2429 2075 2502 lEgyptiorum
2106 2428 2229 2482 ﬁni-

650 2521 755 2576 bus
789 2521 856 2575 iis
886 2521 1130 2575 eundum
1153 2536 1293 2585 esse,
1324 2521 1417 2590 qui
1452 2536 1482 2574 a
1516 2520 1741 2575 colenda
1772 2529 2021 2574 creatura
2052 2519 2231 2589 potius

648 2624 812 2679 quam
842 2609 1102 2665 Creatore
1132 2610 1199 2664 ad
1230 2610 1517 2665 veritatem
1548 2609 1794 2674 veniunt,
1826 2616 1986 2678 atque
2027 2609 2096 2662 ad
2133 2624 2228 2663 co-

647 2700 953 2771 gnitionem
997 2701 1165 2765 illius,
1202 2702 1296 2771 qui
1330 2709 1525 2754 natura
1562 2701 1707 2754 Deus
1738 2707 1841 2763 est,
1871 2700 2223 2754 advocantur.

647 2790 902 2845 Nondum
952 2792 1099 2846 enim
1146 2792 1183 2845 ii
1228 2791 1467 2861 perfecte
1512 2799 1640 2845 sunt
1688 2790 1910 2860 egressi,
1943 2790 2035 2860 qui
2071 2806 2101 2843 a
2131 2805 2227 2843 sua

648 2890 831 2936 mente
867 2883 1069 2936 veteris
1116 2883 1323 2937 erroris
1369 2882 1629 2951 reliquias
1674 2882 1914 2935 nondum
1955 2882 2225 2936 absterse-

649 2980 795 3026 runt.
848 2973 1106 3027 Nonnulli
1155 2973 1305 3028 enim
1348 2973 1644 3028 observant
1692 2973 1809 3027 dies
1852 2974 2113 3043 quosdam
2162 2988 2225 3027 ac

647 3079 885 3129 menses,
913 3074 970 3119 et
1011 3074 1256 3134 tempora
1284 3072 1341 3118 et
1373 3080 1563 3119 annos.
1596 3065 1663 3119 Hi
1691 3081 1817 3119 cum
1854 3065 1922 3119 ad
1957 3064 2225 3119 libertatis

2338 1882 2547 1951 ρεστεῖν
2578 1881 2847 1946 ἐθέλοντες
2874 1881 2948 1952 τῷ
2981 1882 3118 1952 Θεῷ,
3148 1883 3552 1954 ἀπηλλαγμένοι
3581 1902 3639 1938 τε
3668 1886 3763 1939 καὶ
3786 1887 3906 1939 eis-

2335 1973 2479 2024 ἁπαν
2514 1972 2825 2041 συγχύσεως
2864 1974 3165 2043 κοσμικῆς,
3208 1972 3313 2037 ἔξω
3348 1974 3605 2043 φέρονται
3657 1977 3757 2047 τῆς
3805 1979 3905 2031 Αί-

2332 2062 2598 2130 γυπτίων,
2644 2063 2738 2115 καὶ
2768 2063 2867 2134 τήν
2913 2064 3177 2134 τυράννου
3223 2064 3654 2136 διαδιδράσκουσι
3705 2070 3904 2138 χεῖρα,

2338 2154 2433 2206 καὶ
2470 2152 2719 2224 καθάπερ
2751 2156 2809 2207 ὲν
2855 2155 3046 2224 ἐρήμῳ
3085 2156 3152 2225 τῇ
3188 2156 3410 2227 σχολαία
3433 2174 3491 2210 τε
3522 2159 3616 2210 καὶ
3644 2159 3903 2229 ἀνειμένῃ

2334 2243 2444 2313 ζωῇ
2493 2243 2723 2314 καθαροὶ
2755 2242 3005 2313 καθαρῶς
3045 2245 3232 2299 θύουσι
3267 2246 3343 2315 τῷ
3374 2246 3513 2318 Θεῷ.
3554 2248 3721 2317 Φαίην
3751 2249 3796 2301 δ’
3837 2250 3904 2302 ἂν

2338 2332 2510 2404 ἔγωγε
2554 2334 2649 2386 καὶ
2691 2333 2810 2386 καθ’
2850 2334 3037 2405 ἕτερόν
3081 2354 3205 2389 τινα
3247 2338 3466 2407 τρόπον,
3501 2339 3754 2392 ἀποτάτω
3792 2340 3905 2393 δεῖν

2331 2423 2428 2490 τῆς
2460 2423 2772 2490 Αἰγυπτίων
2804 2426 3067 2496 φέρεσθαι
3107 2427 3210 2495 γῆς
3242 2429 3369 2490 τοὺς
3395 2429 3459 2481 ὲκ
3495 2428 3587 2481 τοῦ
3622 2429 3904 2501 λατρεύειν

2329 2514 2394 2580 τῇ
2422 2512 2596 2564 κτίσει
2627 2513 2779 2583 παρὰ
2815 2513 2905 2567 τὸν
2936 2514 3194 2569 κτίσαντα
3223 2517 3371 2587 ξπρὸς
3397 2517 3651 2587 ἀλήθειαν
3680 2519 3905 2589 τρέχον-

2329 2618 2447 2667 τας,
2482 2603 2673 2666 καὶείς
2704 2605 2998 2673 ἐπίγνωσιν
3028 2589 3515 2677 κεκλημένουςττοῦ
3556 2609 3697 2663 κατὰ
3736 2611 3903 2678 φύσιν

2327 2694 2477 2757 ὄντος
2508 2694 2664 2749 Θεοῦ.
2684 2697 3044 2767 Ἐκὸεόήκασι
3071 2699 3179 2771 γάρ
3206 2698 3353 2754 οῦπω
3381 2700 3599 2765 τελείως
3625 2703 3674 2756 οἱ
3702 2703 3775 2755 τὰ
3802 2703 3905 2774 τῆς

2327 2786 2560 2855 ἀρχαίας
2594 2787 2808 2859 ἀπάτης
2844 2788 2996 2843 ούπω
3036 2794 3135 2862 τῆς
3160 2792 3368 2844 ἑαυτῶν
3398 2791 3634 2854 διανοίας
3666 2792 3902 2864 ἀποτρί-

2327 2875 2512 2940 6οντες
2545 2877 2791 2946 λείψανα.
2834 2881 3281 2953 Παρατηροῦνται
3328 2884 3437 2954 γάρ
3468 2901 3612 2947 τινες
3644 2885 3861 2956 ἡμέρας
3883 2923 3899 2948 ,

2327 2970 2420 3024 καὶ
2455 2973 2631 3044 μῆνας
2654 3013 2668 3038 ,
2700 2975 2793 3026 καὶ
2822 2974 3070 3044 καιροὺς,
3100 2975 3192 3026 καλ¹
3231 2974 3526 3038 ἐνιαυτούς.
3562 2968 3719 3028 Οὗτοι
3762 2976 3904 3047 πρὸς

2325 3063 2387 3115 τὸ
2419 3063 2705 3135 ἐλεύθερον
2746 3064 2963 3136 ἀξίωμα
3002 3065 3090 3118 διὰ
3122 3064 3358 3135 Χριστοῦ
3404 3066 3765 3137 κεκλημένοι,
3797 3067 3903 3137 τὴν

646 3153 968 3226 dignitatem
1007 3171 1105 3225 per
1124 3128 1423 3211 Christum
1464 3157 1642 3211 vocati
1677 3156 1805 3220 sint,
1843 3164 2023 3211 tamen
2060 3155 2223 3226 Egy-

2330 3128 2640 3220 Αίγυπτίων
2660 3128 2955 3219 οἰκοῦντες,
2980 3155 3057 3209 ἔτι
3089 3128 3274 3209 θύουσι
3308 3157 3383 3227 τῷ
3415 3128 3669 3228 Θεῷξτδν
3690 3128 3815 3228 ού-χὶ
3832 3128 3902 3211 ἀν

644 3246 883 3316 ptiorum
918 3246 1195 3316 regionem
1226 3246 1546 3309 incolentes,
1576 3246 1688 3300 Deo
1725 3247 2052 3311 sacriﬁcant,
2078 3246 2223 3317 quod

644 3351 765 3389 eam
814 3336 1033 3394 vivendi
1090 3336 1357 3390 rationem
1416 3336 1673 3400 retinent,
1718 3352 1840 3406 quae
1894 3336 2105 3393 Satanze
2154 3339 2226 3393 sit

644 3440 755 3479 non
812 3425 1106 3479 admodum
1157 3426 1391 3496 ingrata.
1442 3425 1550 3480 Sed
1596 3427 1641 3480 si
1691 3428 1817 3496 quis
1866 3430 2088 3483 omnino
2153 3428 2226 3483 sit

643 3526 917 3586 egressus,
949 3531 1013 3570 ac
1049 3516 1245 3587 priscis
1278 3516 1526 3570 moribus
1555 3517 1781 3572 multam
1812 3519 2043 3573 salutem
2069 3518 2224 3572 dixe-

644 3608 734 3671 rit,
772 3607 818 3661 is
859 3606 912 3661 in
949 3606 1169 3661 deserto
1199 3604 1486 3663 sacriﬁcat.
1516 3607 1792 3679 vitamque
1828 3624 2037 3664 summa
2063 3609 2223 3664 laude

643 3699 865 3769 dignam
893 3698 1024 3769 agit.

712 3789 907 3844 PALL.
965 3790 1249 3846 Assentior
1286 3810 1298 3846 :
1340 3809 1466 3847 nam
1520 3801 1665 3846 recte
1721 3791 1909 3846 sentis.
1959 3792 2063 3847 Sed
2111 3794 2220 3863 jam

640 3882 884 3936 secundo
909 3882 1136 3938 flumine
1162 3884 1229 3937 ad
1256 3886 1469 3940 alveum
1505 3893 1753 3939 recurrat
1780 3885 1971 3938 oratio.

707 3971 866 4029 CYR.
909 3974 1169 4029 Mentitur
1197 3976 1380 4045 itaque
1408 3977 1640 4041 Pharao,
1668 3986 1724 4030 et
1759 3977 2087 4045 promissum
2121 3976 2220 4029 ab-

639 4071 821 4133 negat,
862 4065 1176 4134 nequedum
1214 4067 1411 4122 missos
1450 4066 1577 4121 facit
1620 4066 1759 4121 ﬁlios
1794 4065 1979 4120 Israel.
2014 4066 2219 4121 Deinde

640 4155 816 4211 tribus
858 4156 980 4210 aliis
1014 4157 1190 4227 plagis
1225 4166 1473 4223 vexatur,
1513 4158 1712 4227 vixque
1750 4156 1968 4211 tandem
2005 4158 2217 4221 annuit,

637 4245 1105 4316 dimissurumque
1120 4262 1178 4302 se
1194 4247 1298 4301 ait:
1315 4247 1622 4317 iterumque
1640 4247 1901 4300 mentitus
1918 4246 2221 4316 deprehen-

635 4335 805 4394 ditur.
841 4356 859 4389 ε
890 4337 1119 4392 Mendax
1142 4338 1289 4392 enim
1319 4348 1423 4402 est,
1445 4347 1501 4393 et
1527 4339 1583 4393 in
1602 4340 1832 4393 veritate
1859 4354 1967 4393 non
1989 4339 2160 4402 stetit,
2192 4357 2209 4389 ι

637 4437 699 4482 ιιι
733 4427 982 4483 Salvator
1027 4428 1105 4482 ait
1141 4430 1202 4483 ”.
1254 4428 1586 4485 Grandinem
1636 4446 1872 4501 namque
1919 4430 2216 4485 vehemen-
2251 4468 2292 4522 D

637 4517 900 4573 tissimam
970 4534 1028 4572 se
1083 4518 1352 4589 {Egyptiis
1421 4520 1795 4575 immissurum
1852 4522 2216 4576 comminante

636 4607 778 4670 Deo,
833 4615 997 4675 atque
1054 4608 1219 4661 etiam
1261 4608 1623 4676 immittente;
1679 4626 1894 4667 necnon
1952 4612 2215 4668 locustam

636 4709 890 4765 agrorum
939 4696 1307 4761 vastatricem,
1351 4698 1397 4752 si
1445 4699 1574 4753 licet
1622 4699 1763 4755 hanc
1807 4717 1997 4757 vocem
2047 4706 2213 4774 ἀγρο-

636 4785 885 4853 λέτειραν
920 4801 951 4840 e
989 4785 1191 4842 Graecis
1231 4791 1469 4844 mutuari
1504 4808 1516 4843 :
1558 4799 1672 4845 tum
1709 4807 1841 4847 vero
1871 4794 1962 4846 vix
1998 4795 2215 4849 tandem

636 4875 716 4932 illi
760 4877 1061 4933 Pharaonis
1111 4870 1383 4934 scelerum
1425 4896 1580 4937 acres
1628 4883 1756 4937 olim
1810 4892 1973 4954 atque
2030 4885 2217 4940 invicti

637 4967 919 5034 satellites,
956 4969 1209 5024 maximis
1248 4971 1512 5027 adversus
1544 4989 1669 5028 eum
1700 4974 1930 5029 vocibus
1970 4975 2218 5030 inclami-

639 5068 777 5125 tant,
817 5061 1063 5117 dicentes
1096 5080 1109 5114 :
1149 5081 1167 5114 ι
1216 5062 1511 5132 Quousque
1556 5065 1662 5118 erit
1702 5066 1862 5120 nobis
1912 5067 2018 5121 hoc
2059 5082 2219 5122 sean-

639 5151 856 5205 dalum?
887 5154 1111 5209 Dimitte
1128 5154 1399 5220 homines,
1433 5162 1491 5208 ut
1511 5155 1821 5210 sacriﬁcent
1847 5157 2080 5212 Domino
2110 5159 2222 5214 Deo

641 5240 903 5309 ipsorum.
970 5243 1054 5297 An
1106 5244 1249 5322 scire
1301 5244 1414 5310 vis,
1477 5244 1625 5314 quod
1690 5245 1913 5314 perierit
1969 5247 2221 5303 universa

638 5330 902 5403 Egyptus
933 5335 1008 5387 "?
1045 5354 1062 5385 ι
1113 5334 1192 5390 Ac
1242 5334 1375 5389 mihi
1426 5324 1620 5391 rursus
1653 5351 1721 5389 ex
1772 5336 1878 5391 hoc
1916 5336 2037 5392 loco
2084 5338 2217 5393 illud

640 5422 1095 5478 considerandum
1144 5424 1404 5489 occurrit,
1446 5424 1720 5490 Satanam,
1763 5425 1967 5496 quibus
2017 5427 2074 5480 in
2126 5442 2216 5481 re-

640 5513 745 5571 bus
772 5514 989 5570 vincere
1027 5513 1131 5568 sibi
1164 5514 1423 5570 decorum
1465 5524 1640 5585 putat,
1675 5513 1905 5571 fortasse
1931 5514 2215 5573 fortiorem

716 5689 758 5719 “
790 5687 977 5741 Matth.
1028 5704 1169 5755 xm,
1203 5691 1288 5745 14.
1369 5692 1578 5747 “Joan.
1608 5709 1719 5757 vm,
1756 5694 1841 5749 44.
1901 5694 1941 5727 ¹⁷
1972 5694 2143 5751 Exod.
2181 5710 2232 5759 x,
2260 5695 2308 5749 7.

2325 3243 2622 3317 ἀϐούλητον
2648 3246 2725 3317 τῷ
2754 3247 2968 3318 Σατανᾷ
3002 3246 3356 3312 διασώζοντες
3389 3248 3522 3319 βίον.
3550 3249 3685 3303 Είδὲ
3715 3250 3780 3319 δή
3812 3266 3903 3314 τις

2327 3336 2588 3407 ὲξοίχοιτο
2602 3338 2902 3403 παντελῶς,
2915 3341 3025 3402 τοῖς
3041 3340 3413 3411 ἀρχαιοτέροις
3429 3340 3602 3396 ἔθεσιν
3620 3342 3903 3414 ἐρρῶσθαι

2326 3426 2561 3497 φράσας,
2581 3428 2638 3481 ὲν
2658 3429 2849 3500 ἐρήμῳ
2870 3428 3005 3498 θύει,
3024 3430 3118 3485 καὶ
3144 3430 3241 3501 τήν
3267 3432 3489 3486 ἐπαίνου
3511 3432 3711 3499 παντὸς
3736 3433 3903 3501 ἀξίαν

2325 3514 2631 3586 ἐπιτηδεύει
2663 3518 2828 3588 ζωήν.

2393 3792 2605 3849 ΠΑΛΛ.
2636 3792 2928 3867 Σύμφημι·
2960 3797 3100 3861 νοεῖς
3129 3799 3238 3870 γὰρ
3276 3798 3469 3871 ὀρθῶς.
3504 3802 3630 3855 Ἰτω
3657 3802 3714 3856 δὲ
3740 3798 3902 3867 αὖθις

2324 3889 2455 3957 ἡμῖν
2484 3888 2621 3941 κατά
2662 3886 2789 3958 ῥοῦν
2817 3891 2845 3941 ὁ
2882 3888 3061 3957 λόγος.

2394 3977 2557 4029 ΚΥΡ.
2595 3971 2803 4030 Οὐκοῦν
2828 3977 3156 4050 ψευδομυθεῖ
3182 3982 3279 4050 μὲν
3304 3984 3332 4036 ό
3350 3982 3567 4053 Φαραὼ,
3598 3984 3691 4035 καὶ
3718 3985 3902 4055 ἀρνεῖ-

2322 4082 2410 4117 ται
2430 4065 2527 4136 τὴν
2555 4067 2869 4136 ὑπόσχεσιν,
2899 4069 3081 4139 ἀνίησι
3100 4070 3153 4122 δὲ
3171 4068 3284 4124 οὔτι
3312 4088 3394 4124 πω
3417 4074 3541 4136 τοὺς
3561 4072 3618 4138 ἐξ
3653 4073 3896 4145 Ἰσραήλ.

2323 4146 2457 4205 Εἶτα
2488 4155 2665 4223 τρισὶν
2700 4156 2912 4224 ἑτέραις
2943 4152 3179 4227 πληγαῖς
3212 4159 3557 4231 κατῃκίζετο,
3592 4162 3687 4215 καὶ
3720 4174 3901 4217 κατα-

2321 4244 2464 4298 νεύει
2488 4246 2663 4315 μόλις,
2684 4246 2908 4315 ἀνήσειν
2940 4247 3128 4300 είπὼψ
3155 4250 3268 4318 ἥλω
3291 4266 3349 4302 τε
3374 4250 3751 4322 ψευδοεπήσας
3781 4255 3898 4308 πά-

2319 4334 2423 4390 λιν.
2462 4354 2480 4387 ι
2528 4336 2783 4407 Ψεύστης
2833 4337 2937 4409 γάρ
2986 4338 3137 4402 ἐστι,
3186 4341 3278 4393 καὶ
3309 4343 3365 4393 ὲν
3409 4345 3475 4413 τῇ
3517 4343 3746 4413 ἀληθεία
3794 4346 3901 4415 οὐχ

2320 4426 2517 4496 ἕστηκε
2554 4446 2599 4492 ι,
2631 4428 2772 4481 κατά
2801 4428 2898 4499 τὴν
2920 4429 3013 4482 τοῦ
3044 4431 3294 4501 Σωτῆρος
3322 4434 3522 4503 φωνήν.
3552 4432 3805 4498 Χάλαζαν
3833 4437 3897 4489 δὲ

2322 4519 2418 4588 τὴν
2440 4518 2830 4591 ραγδαιοτάτην
2853 4521 3027 4591 ἐνίησι
3050 4524 3163 4586 τοῖς
3188 4524 3520 4591 Αἰγυπτίοις,
3542 4525 3903 4593 ἀπειλοῦντος

2321 4608 2477 4671 Θεοῦ,
2514 4610 2607 4662 καὶ
2640 4609 2703 4679 δὴ
2738 4612 2829 4664 καὶ
2855 4612 3087 4676 ὲνιέντος
3108 4651 3121 4674 ,
3158 4613 3248 4666 καὶ
3275 4614 3379 4683 μὴν
3406 4615 3601 4685 ἀκρίδα
3633 4616 3731 4687 τὴν
3756 4619 3906 4689 ἀγρε-

2320 4700 2610 4771 ολέτειραν,
2639 4702 2796 4771 εἴπερ
2824 4719 2874 4753 τι
2902 4702 3005 4772 χρὴ
3036 4704 3130 4757 καὶ
3160 4704 3217 4767 ἐξ
3251 4704 3515 4775 Ἐλλήνων
3537 4706 3720 4777 φωνὴν
3748 4708 3907 4761 ἑλόν-

2320 4808 2417 4852 τας
2435 4792 2628 4843 εἰπεῖν.
2662 4792 2792 4844 Τότε
2824 4792 2911 4862 δή,
2938 4793 3061 4846 τότε
3081 4797 3173 4846 καὶ
3201 4794 3351 4865 μόλις
3375 4797 3422 4848 οἱ
3450 4796 3614 4850 πάλαι
3636 4796 3800 4850 δεινοί
3833 4816 3906 4853 τε

2323 4882 2417 4933 καὶ
2447 4880 2741 4952 ἄθραυστοι
2764 4882 2862 4950 τῆς
2898 4883 2992 4936 τοῦ
3015 4884 3213 4955 Φαραὼ
3239 4886 3518 4957 βδελυρίας
3550 4889 3909 4945 ὑπασπισταὶ

2323 4971 2578 5041 πλείστην
2614 4971 2745 5041 ὅσην
2776 4973 2937 5025 αὑτοῦ
2970 4975 3246 5028 ποιοῦνται
3285 4977 3574 5047 καταϐοήν,
3614 4979 3904 5046 λέγοντες·

2328 5082 2344 5111 ι
2376 5064 2519 5126 Ἕως
2546 5062 2690 5127 τίνος
2727 5063 2880 5116 ἔσται
2908 5066 3038 5133 ἡμῖν
3063 5066 3221 5117 τοῦτο
3253 5068 3491 5133 σκῶλον;
3517 5069 3910 5135 ἐξαποστειλον
3958 5070 3962 5075 ’

2322 5154 2449 5215 τοὺς
2483 5152 2836 5223 ἀνθρώπους,
2867 5153 3014 5215 ὅπως
3064 5153 3403 5225 λατρεύσωσι
3439 5156 3628 5227 Κυρίῳ
3664 5156 3741 5226 τῷ
3772 5156 3914 5229 Θεῷ

2321 5243 2520 5297 αὐτῶν.
2552 5246 2621 5297 Ἢ
2654 5244 2851 5298 εἰδέναι
2880 5244 3057 5313 βούλει
3088 5246 3169 5299 ὅτι
3194 5245 3472 5299 ἀπόλωλεν
3510 5246 3832 5313 Αίγυπτοςς
3883 5270 3907 5302 ι

2323 5335 2432 5389 Καί
2480 5353 2570 5407 μοι
2615 5337 2777 5391 πάλιν
2812 5337 3061 5391 ἐντεῦθεν
3097 5336 3273 5392 ἔπεισι
3321 5341 3480 5405 νοεῖν,
3524 5339 3600 5402 ὡς
3639 5340 3753 5393 ἐστι
3788 5359 3915 5395 που

2320 5428 2462 5499 τάχα
2503 5429 2612 5483 τῶν
2645 5431 2735 5483 ὑπ’
2776 5429 2928 5501 αύτῷ
2955 5430 3236 5502 δυνάμεων
3280 5432 3517 5505 ἀμείνων
3550 5434 3578 5487 ὁ
3623 5434 3911 5499 Σατανᾶς,

2321 5519 2405 5590 ἐφ’
2440 5514 2521 5583 οἷς
2553 5519 2619 5574 ἂν
2661 5520 2810 5593 αὐτῷ
2852 5522 2913 5575 τὸ
2957 5524 3114 5595 νικᾷν
3156 5524 3375 5597 πρέποι.
3405 5525 3472 5580 Δί
3517 5523 3621 5597 μὲν
3645 5524 3785 5597 γὰρ,
3820 5527 3920 5592 ὡς
