4076 6492
215 391 306 446 ⁸301

952 395 1039 449 DE
1077 394 1521 452 ADORA’I‘IONE
1559 397 1623 451 IN
1668 398 1937 455 SPIRITU
1977 401 2065 455 ET
2107 403 2473 462 VERITATE.
2519 409 2643 463 LIB.
2684 412 2721 464 Ι.

3370 423 3472 477 202

210 505 366 575 ιοικε,
391 504 618 575 σκληραὶ
645 505 743 577 μέν
765 509 903 561 εἰσιν
934 509 1074 577 ἀγαν
1106 512 1199 563 καὶ
1226 512 1530 582 ἀμείλικτοι
1559 516 1750 587 κομιδῇ

1879 534 2000 575 esse
2032 520 2100 576 iis
2128 538 2249 593 quae
2297 526 2401 579 sub
2449 525 2541 581 illo
2572 538 2700 582 sunt
2744 533 3125 599 potestatibus.
3162 536 3294 593 Nam
3341 541 3465 609 illm,

210 595 297 647 κα).
327 594 423 662 όψὲ
472 595 571 662 μὲν
603 598 695 649 καὶ
727 598 882 666 μόλις
921 598 1093 654 ίοῦσαι
1136 601 1180 653 δ’
1212 602 1277 655 ἄν
1316 604 1465 673 ὅμως
1506 604 1607 657 κᾶν
1645 606 1773 674 γοῦν

206 686 281 745 είς
326 685 553 755 μετρίαν
593 686 848 759 αἴσθησιν
880 691 981 762 τῆς
1024 692 1172 757 θείας
1206 695 1413 766 ὀργῆς·
1460 698 1488 749 6
1533 696 1587 749 δέ
1626 699 1774 750 ἐστιν

205 776 483 845 ἀγριότητι
510 778 578 847 τῇ
608 777 751 850 ὑπὲρ
790 780 948 849 λόγον
979 785 1316 856 ὑπερφερὴς,
1347 787 1441 839 καὶ
1472 789 1774 858 κατεσκλη-

207 865 310 929 κὼς
336 868 411 930 είς
442 868 633 937 ἀκρον.
668 870 990 942 Γέγραπται
1015 875 1126 946 γάρ
1156 877 1260 938 ὅτι,
1302 896 1320 929 ι
1361 877 1427 930 Ἡ
1451 878 1646 948 καρδία
1676 881 1773 932 αὐ-

206 958 290 1010 τοῦ
327 957 576 1029 πέπηγεν
610 960 801 1033 ὥσπερ
843 964 1011 1029 λίθος,
1051 968 1253 1038 ἕστηκε
1278 969 1332 1023 δὲ
1364 970 1553 1042 ὥσπερ
1579 972 1771 1043 ἀκμων

202 1050 478 1118 ἀνήλατος.
520 1070 539 1101 ι
576 1052 845 1123 Πλείστης
870 1051 963 1110 οὖν
996 1057 1128 1128 ὅσης
1164 1062 1459 1132 γενομένης
1499 1065 1584 1116 ἐπ’
1624 1064 1771 1134 αὐτῷ

202 1141 290 1210 τῆς
325 1142 622 1213 καταϐοῆς,
671 1143 775 1214 ἔφη
822 1148 977 1217 μόλις
1004 1153 1117 1213 τοῖς
1164 1152 1308 1222 ἀμφὶ
1338 1155 1563 1209 Μωσέα·
1604 1175 1621 1206 ι
1663 1159 1767 1209 llo-

201 1231 413 1303 ρεύεσθε
434 1236 526 1287 καὶ
548 1235 882 1307 λατρεύσατε
903 1242 1091 1313 Κυρίῳ
1118 1243 1196 1313 τῷ
1212 1244 1330 1314 Θεῷ
1350 1245 1379 1297 ὑ
1387 1246 1522 1315 μῶν.
1545 1247 1696 1311 Τίνες
1712 1240 1767 1301 δὲ

202 1325 284 1377 καί
317 1326 456 1377 εἰσιν
482 1328 531 1378 ut
561 1330 949 1400 πορευόμενοι;
983 1351 1002 1385 ι
1040 1335 1146 1386 Καὶ
1176 1335 1323 1404 λέγει
1355 1338 1577 1408 Μωσῆςο
1614 1358 1633 1391 ι
1661 1340 1765 1394 Σὺν

199 1417 299 1476 τοῖς
342 1415 648 1481 νεανίσκοις
684 1420 843 1490 ἡμῶν
892 1422 1123 1487 καὶτοῖς
1174 1427 1560 1499 πρεσϐυτέροις
1611 1431 1768 1502 ἡμῶν

198 1508 586 1578 πορευσόμεθα,
618 1512 715 1564 σὺν
738 1516 849 1577 τοῖς
875 1516 1012 1579 υἱοῖς
1037 1518 1132 1569 καὶ
1159 1522 1279 1582 ταῖς
1304 1520 1629 1592 θυγατράσι,
1665 1524 1765 1576 καὶ

197 1600 495 1668 προϐάτοις,
522 1605 615 1656 καὶ
642 1604 825 1675 βουσὶν
848 1608 1025 1678 ήμῶνο
1050 1610 1162 1664 ἔστι
1184 1612 1291 1683 γὰρ
1314 1614 1346 1683 ὴ
1368 1614 1527 1685 ἑορτὴ
1559 1616 1764 1685 Κυρίου

194 1690 277 1743 τοῦ
293 1692 427 1745 Θεοῦ
457 1695 631 1765 ἡμῶν.
665 1700 774 1752 Καὶ
799 1696 919 1754 εἷπε
949 1703 1084 1773 πρὸς
1102 1704 1299 1767 αὐτούς
1320 1723 1333 1735 ·
1357 1707 1539 1760 Ἔστω
1561 1708 1764 1780 Κύριος

1880 612 2150 679 quamvis,
2187 622 2249 668 ut
2282 615 2521 682 videtur,
2567 618 2721 674 durae
2762 620 2871 677 sint
2925 632 2982 678 et
3036 625 3224 696 rigidae
3274 630 3466 688 admo-

1878 700 2038 767 dum,
2071 711 2125 756 et
2166 703 2256 757 vix
2286 707 2508 776 quidem
2545 725 2607 764 ac
2645 726 2787 778 sero,
2824 713 3048 783 capiunt
3094 726 3273 775 tamen
3318 734 3468 780 certe

1877 794 1964 847 vel
1995 795 2327 851 mediocrem
2347 794 2441 851 ira:
2471 799 2671 856 divinae
2698 817 2953 868 sensum;
2982 806 3074 861 hic
3096 824 3228 865 vero
3250 811 3467 871 feritate

1877 884 1969 938 illa
2022 885 2243 940 infanda
2294 888 2467 943 vincit
2518 906 2741 957 omnes,
2790 909 3112 968 summoque
3152 901 3328 973 rigore
3383 917 3468 962 est

1876 974 2197 1030 obduratus.
2233 977 2509 1048 Scriptum
2542 989 2625 1035 est
2654 985 2801 1038 enim
2836 1004 2848 1039 :
2890 1006 2908 1037 ι
2942 987 3049 1043 Cor
3082 1006 3318 1064 namque
3346 998 3466 1068 ejus

1877 1077 2223 1135 compactum
2267 1079 2353 1124 est
2387 1080 2449 1125 ut
2489 1072 2646 1144 lapis,
2687 1087 2742 1130 et
2780 1087 2886 1133 stat
2929 1089 2991 1135 ιιι
3038 1083 3194 1141 incus
3236 1089 3463 1146 minime

1875 1155 2096 1212 ductilis
2124 1160 2185 1212 '3.
2222 1180 2239 1211 ι
2283 1160 2419 1217 Cum
2470 1162 2636 1234 igitur
2689 1169 2937 1227 maxima:
2983 1174 3068 1238 [de
3116 1192 3185 1232 eo
3225 1182 3464 1249 querela:

1874 1242 2030 1300 factae
2081 1258 2284 1314 essent,
2334 1252 2411 1305 ait
2464 1255 2683 1310 tandem
2739 1258 2909 1331 Moysi
2959 1258 3188 1335 ejusque
3241 1242 3405 1327 sociis
3445 1289 3460 1325 :

1881 1353 1899 1387 ι
1928 1336 2005 1391 Ite
2046 1346 2104 1393 et
2142 1341 2444 1399 sacriﬁcate
2484 1346 2716 1403 Domino
2759 1351 2872 1408 Deo
2908 1364 3109 1411 vestro.
3146 1378 3165 1411 ι
3197 1358 3461 1431 43ρυί-

1872 1441 1997 1481 nam
2023 1438 2205 1484 autem
2232 1432 2363 1488 ituri
2407 1438 2568 1490 sunt?
2613 1458 2630 1489 ι
2660 1439 2728 1493 Ει
2756 1441 2831 1496 ait
2859 1442 3069 1515 Moyses
3102 1465 3113 1499 :
3155 1448 3291 1504 Cum
3325 1453 3461 1508 ado-

1871 1520 2207 1579 lescentibus
2263 1528 2465 1583 nostris
2515 1538 2572 1583 et
2602 1522 2936 1590 senioribus
2982 1539 3187 1594 nostris
3234 1540 3459 1609 ibimus,

1870 1626 1995 1667 cum
2040 1613 2167 1670 ﬁliis
2210 1626 2266 1671 et
2307 1617 2543 1683 ﬁliabus,
2577 1631 2633 1677 et
2669 1625 2866 1681 ovibus
2897 1635 2952 1681 et
2989 1629 3167 1685 bobus
3208 1635 3457 1692 nostris:

1869 1714 1953 1758 est
1986 1705 2133 1760 enim
2166 1706 2366 1763 festum
2395 1711 2612 1767 Domini
2636 1715 2731 1768 Dei
2757 1718 2951 1772 nostri.
2980 1720 3047 1774 Et
3067 1722 3204 1778 dixit
3228 1725 3294 1779 ad
3318 1741 3450 1783 eos:

196 1784 299 1851 μεθ’
344 1785 523 1854 ὑμῶν,
571 1788 698 1846 καθ’
739 1791 820 1843 ὅτι
854 1793 1168 1848 ἀποστέλλω
1200 1796 1364 1867 ὑμᾶς,
1418 1796 1493 1868 μὴ
1539 1802 1632 1853 καὶ
1664 1802 1751 1871 τὴι

1870 1795 1952 1851 Sit
1987 1797 2251 1855 Dominus
2288 1802 2601 1870 vobiscum;
2642 1808 2918 1875 quomodo
2954 1826 3055 1882 ego
3090 1813 3307 1870 dimitto
3334 1833 3454 1883 vos,

191 1875 494 1949 ἀποσκευὴν
554 1879 738 1948 ὑμῶν;
800 1882 1004 1949 Ἴδετε,
1044 1887 1128 1939 ὅτι
1188 1888 1423 1960 πονηρία
1480 1892 1751 1961 πρόκειται

1870 1890 2117 1959 nunquid
2154 1901 2211 1946 et
2258 1895 2653 1963 supellectilem
2707 1875 3015 1956 vestram?v
3034 1904 3259 1972 Videte,
3314 1875 3456 1979 quo;

192 1966 328 2035 ὑμῖν.
363 1969 458 2039 Μὴ
500 1969 711 2035 οὕτως’
746 1976 1170 2047 πορευέσθωσαν
1203 1979 1259 2033 δὲ
1309 1983 1357 2034 οί
1408 1983 1619 2053 ἀνδρες,
1669 1986 1751 2037 καί

1863 1979 2013 2034 niam
2051 1982 2258 2037 malitia
2289 1986 2567 2056 proposita
2595 1996 2679 2044 est
2698 1991 2874 2046 vobis.
2910 1994 3026 2048 Non
3061 1996 3170 2061 sic;
3203 1966 3299 2053 sed
3328 1966 3458 2056 eant

188 2055 511 2131 λατρεῦσατε
538 2061 617 2133 τῷ
644 2064 783 2135 Θεῷ,
810 2066 968 2121 τοῦτο
996 2070 1105 2142 γάρ
1127 2071 1279 2125 αὐτοὶ
1312 2071 1545 2143 ζητεῖτε.
1577 2093 1596 2126 ι
1629 2076 1751 2129 Σύν-

1862 2072 1987 2136 viri,
2027 2081 2084 2127 et
2121 2055 2424 2133 sacriﬁcate
2454 2079 2564 2133 Deo
2597 2098 2609 2132 :
2642 2080 2747 2137 hoc
2777 2084 2923 2138 enim
2965 2086 3067 2155 ipsi
3103 2055 3290 2157 petitis
3312 2092 3376 2146 ¹⁹.
3422 2112 3445 2144 ι

187 2164 237 2212 ες
277 2150 347 2221 δὴ
376 2148 504 2216 οὖν,
553 2148 601 2208 ὦ
634 2156 892 2229 φιλότης,
937 2160 1013 2224 ὡς
1053 2164 1283 2233 ἀρίστην
1338 2165 1438 2235 μὲν
1483 2169 1512 2220 6
1556 2168 1751 2239 Μωσῆς

1861 2161 1932 2217 Ut
1961 2162 2221 2236 intelligis
2253 2167 2439 2236 igitur,
2468 2169 2694 2236 Palladi,
2723 2173 2934 2244 Moyses
2970 2148 3211 2245 perfecta
3242 2179 3450 2236 disces-

186 2242 445 2296 ποιεῑσθαι
468 2244 580 2299 δεῖν
608 2247 811 2315 ἔφασκε
842 2251 940 2321 τὴν
966 2252 1258 2319 ἀνάζευξιν
1283 2274 1297 2289 ο
1321 2257 1351 2308 6
1368 2257 1445 2319 δὲ,
1474 2260 1571 2329 οὐχ
1595 2260 1751 2327 οὕτω1

1858 2252 2013 2309 sione
2040 2256 2315 2324 proﬁcisci
2340 2259 2543 2316 debere
2575 2242 2825 2329 dicebat;
2855 2266 2945 2321 ille
2969 2242 3171 2334 autem,
3202 2270 3321 2326 Non
3351 2272 3448 2336 ita,

186 2333 338 2402 φησίν
361 2349 375 2362 ·
400 2336 624 2407 ἀνήσειν
652 2339 710 2392 δὲ
740 2342 849 2395 ἀπὸ
875 2343 1097 2414 μέρους,
1122 2347 1215 2400 καὶ
1238 2350 1538 2420 όμήρευσιν
1559 2353 1751 2425 τρόπον

1861 2344 2071 2415 inquit;
2104 2348 2200 2403 sed
2227 2360 2436 2419 partem
2465 2368 2523 2409 se
2552 2353 2930 2421 dimissurum,
2954 2373 3186 2430 eamque
3212 2370 3448 2431 partem,

183 2423 292 2474 τινὰ
322 2427 443 2486 ταῖς
477 2426 585 2479 τῶν
628 2428 973 2501 ἀπαιρόντων
1009 2433 1379 2506 ὑποστροφαῖς
1407 2439 1515 2492 δεῖν
1561 2423 1662 2513 ἔιρη
1697 2442 1751 2495 τὸ

1858 2453 1980 2507 quae
2047 2441 2471 2512 relinqueretur,
2539 2446 2785 2501 obsidem
2851 2423 3258 2519 quodaminodo

183 2512 511 2586 λειπόμενον,
542 2520 638 2572 καὶ
663 2522 835 2592 αὐτῆς
864 2524 1249 2598 ἁπομενούσης
1275 2532 1332 2582 ὲν
1358 2532 1620 2604 Αἰγύπτῳ
1654 2512 1758 2605 τῆς

189 2604 514 2676 ἀποσκευῆς.
547 2610 792 2679 Οίχέσθω
825 2613 935 2683 γὰρ
963 2612 1028 2685 δὴ
1058 2618 1165 2680 πᾶς
1193 2618 1291 2687 μὲν
1331 2620 1484 2689 ὑμῶν
1516 2604 1752 2687 νεανίας,

182 2697 309 2766 φησι
341 2717 350 2727 ·
387 2702 495 2754 πᾶν
536 2701 594 2754 δὲ
635 2703 790 2771 γένος
835 2705 897 2758 τὸ
947 2709 1005 2759 έν
1044 2709 1276 2779 ἀκμαῖς.
1320 2712 1377 2764 Ὀ
1426 2712 1483 2766 δέ
1521 2732 1585 2783 γε
1615 2717 1756 2782 θεῖος

180 2791 395 2861 Μωσῆς,
425 2794 507 2847 ὅτι
542 2797 818 2867 προσῆκεν
859 2798 1114 2871 ἀπαίρειν
1140 2797 1198 2853 εὖ
1237 2803 1388 2873 μάλα
1424 2806 1754 2880 διῖσχυρίζε-

179 2898 280 2949 ται,
312 2885 683 2954 παροφθέντος
712 2889 923 2953 οὐδενός
943 2907 955 2920 ·
978 2892 1092 2946 ἀλλ’
1120 2894 1257 2963 ὁμοῦ
1291 2899 1405 2961 τοῖς
1439 2900 1497 2951 ὲν
1518 2900 1624 2971 ἥϐῃ
1661 2902 1755 2955 καὶ

180 2976 230 3025 ὲν
262 2974 491 3046 δυσμαῖς
518 2978 756 3049 ἡλικίας,
777 2982 912 3046 υἱοῖς
932 3000 992 3035 τε
1015 2986 1105 3038 καὶ
1138 2985 1461 3058 θυγατράσι,
1494 2993 1587 3045 xal
1616 2992 1753 3062 βοῶν

178 3067 411 3133 ἀγέλαις,
436 3070 529 3122 καὶ
556 3070 759 3141 ἑτέροις
793 3072 1097 3145 θρέμμασι.
1120 3078 1225 3131 Καὶ
1249 3082 1360 3151 γάρ
1379 3098 1461 3134 τοι
1486 3085 1751 3155 προσήκει

178 3162 295 3223 τοὺς
323 3161 421 3231 τῆς
444 3163 683 3234 ἀληθοῦς
711 3166 1027 3239 ἐλευθερίας
1060 3172 1472 3241 μεταποιεῖσθαι
1520 3177 1752 3230 σπουδά-

179 3249 394 3320 ζοντας,
430 3255 541 3309 τῶν
596 3256 695 3326 μὲν
737 3260 795 3312 ἐν
854 3234 1269 3332 κόσμῳ-φιλεῖν
1316 3266 1748 3323 ἀπαλλάττεσθαι
1777 3234 1819 3291 C

181 3346 358 3401 κακῶν
378 3388 394 3414 ,
426 3349 523 3401 καὶ
555 3349 746 3419 τρίϐον
793 3351 929 3405 ίέναι
964 3354 1062 3425 τὴν
1091 3356 1178 3408 ἐπ’
1218 3356 1439 3427 ἀρεταῖς
1459 3358 1661 3417 ,οὐδὲν
1688 3360 1750 3413 τὸ

181 3439 422 3506 παράπαν
444 3438 545 3507 τῆς
570 3439 783 3493 ἑαυτῶν
810 3441 990 3515 ψυχῆς
1022 3461 1082 3497 τε
1115 3447 1207 3498 καὶ
1230 3446 1466 3511 διανοίας
1492 3449 1748 3518 ἀφιέντας

180 3526 413 3597 λείψανον
432 3569 449 3593 ,
486 3530 555 3582 δι’
586 3524 651 3584 οὗ
679 3532 743 3603 δὴ
774 3534 936 3588 πάλιν
965 3537 1087 3600 ταῖς
1125 3536 1221 3589 τοῦ
1273 3540 1512 3610 πονηροῦ
1558 3541 1749 3595 πλεον-

182 3620 339 3683 εξίαις
373 3622 724 3693 ὑπενεχθεὶεν
766 3626 853 3681 ἀν.
885 3627 1060 3680 Καλετ
1097 3628 1154 3682 δὲ
1183 3630 1319 3702 πρὸς
1348 3631 1505 3685 τοῦτο
1547 3636 1575 3687 ό
1605 3633 1746 3700 θεῖος

181 3708 325 3777 νόμος
365 3712 685 3777 νεανίσκους
726 3715 821 3767 καὶ
860 3717 1165 3787 παρθένους
1189 3760 1203 3782 ,
1251 3720 1561 3799 πρεσϐύτας
1610 3725 1747 3794 μετά

181 3802 457 3873 νεωτέρων,
496 3806 642 3858 κατὰ
663 3806 764 3878 τὴν
793 3808 888 3861 τοῦ
915 3810 1227 3875 Ψάλλοντος
1266 3813 1471 3885 φωνὴν,
1517 3817 1609 3869 καὶ
1637 3819 1745 3871 πᾶν

180 3885 304 3956 εἶδος
331 3894 427 3965 τῆς
470 3896 532 3948 ἐν
565 3895 787 3968 Χριστῷ
816 3900 1117 3972 νοουμένης
1170 3902 1407 3970 ἡλικίας.
1454 3899 1550 3969 υίς
1594 3907 1688 3960 καὶ
1718 3910 1745 3961 ό

184 3978 443 4048 θεσπέσιος
490 3986 745 4058 Ἰωάννης
778 3989 1116 4059 προσεφώνει
1136 4032 1150 4055 ,
1180 3992 1352 4061 λέγων
1374 4009 1387 4023 θ
1426 4013 1444 4046 ι
1490 3994 1745 4067 Ἔγραψα

183 4069 314 4137 ὑμῖν,
334 4073 539 4138 παιδία,
561 4077 642 4129 ὃτι
659 4077 936 4145 ἐγνώκατε
954 4080 1046 4134 τὸν
1068 4083 1287 4155 Πατέρα
1312 4100 1325 4114 ·
1351 4084 1564 4155 ἔγραψα
1591 4087 1740 4157 ὑμῖν,

186 4163 417 4234 πατέρες,
450 4167 535 4219 ὅτι
559 4167 839 4236 ἐγνώκατε
868 4171 959 4225 τὸν
985 4172 1080 4225 ἀπ’
1106 4173 1280 4244 ἀρχῆς
1307 4192 1321 4207 ο
1352 4175 1566 4247 ἔγραψα
1592 4178 1740 4249 ὑμῖν,

182 4254 447 4320 νεανίσκοι,
477 4259 559 4311 ὅτι
605 4260 818 4330 ίσχυροί
842 4263 966 4316 ἐστε
988 4302 1002 4327 ,
1032 4265 1127 4317 κα)⁸
1160 4267 1189 4317 6
1215 4264 1371 4333 λόγος
1403 4266 1497 4320 τοῦ
1523 4266 1657 4320 Θεοῦ
1684 4270 1741 4320 ὲν

187 4338 296 4408 ὑμῖν
337 4346 519 4413 μένει,
564 4349 661 4401 καὶ
692 4352 1016 4419 νενικήκατε
1046 4354 1138 4406 τὸν
1182 4354 1439 4426 πονηρόν.
1486 4374 1504 4407 ι
1546 4352 1666 4409 Εἶεν
1695 4357 1739 4410 δ’

186 4430 242 4483 ἂν
277 4438 360 4488 καὶ
408 4437 645 4508 ἑτέρως,
693 4443 902 4495 νεανίαι
960 4445 1058 4514 μὲν
1102 4446 1199 4515 τῆς
1234 4446 1483 4518 ἀνδρείας
1526 4447 1692 4511 τύπος
1723 4489 1736 4512 ,

187 4525 471 4594 φρονήσεως
526 4527 583 4582 δὲ
642 4531 985 4602 πρεσϐῦται,
1045 4536 1371 4606 νηπιότητος
1422 4537 1477 4590 δὲ
1530 4537 1629 4607 τῆς
1682 4540 1739 4590 ὲν

188 4611 380 4697 Χριστῷ
415 4619 735 4689 νοουμένης,
784 4623 909 4691 vlui;
932 4641 990 4676 τε
1025 4624 1120 4676 κα)⁸
1157 4625 1486 4697 θυγατέρες·
1522 4629 1618 4680 σὺν
1645 4628 1737 4681 ἀν-

188 4696 315 4771 δρείᾳ
332 4703 455 4775 γὰρ,
482 4707 577 4759 καὶ
606 4712 891 4780 φρονήσει,
926 4713 1016 4766 καὶ
1043 4714 1308 4784 ἁπλότητι
1424 4716 1564 4771 κατά
1583 4716 1737 4783 Θεὸν,

186 4790 475 4865 ἁπαροῦμεν
505 4798 567 4864 ἐξ
599 4801 876 4873 ἁμαρτίας
894 4807 977 4869 είς
1003 4807 1298 4878 ἁγιασμόν.
1337 4828 1354 4861 ι
1400 4810 1737 4880 Ἀνδρίςεσθε

188 4882 275 4974 γὰρ
298 4905 338 4949 ο,
370 4890 501 4960 φησι
523 4931 538 4955 ,
576 4911 597 4944 ι
650 4896 744 4947 καὶ
793 4900 1173 4968 κραταιοῦσθω
1219 4904 1252 4971 ἡ
1284 4902 1479 4973 καρδία
1508 4903 1681 4974 ὑμῶν.
1712 4922 1732 4957 ι

187 4972 276 5068 Iul
304 4974 365 5032 αὖ
390 4996 404 5009 ⁸
435 4981 654 5037 Γίνεσθε
684 4987 944 5059 φρόνιμοι
977 4990 1055 5055 ὡς
1086 4993 1136 5044 οί
1161 4992 1334 5063 ὄφεις,
1364 4972 1467 5048 καὶ
1489 4972 1737 5068 ἀκέραιοι

183 5062 244 5126 ὡς
275 5070 325 5119 αἱ
354 5077 698 5145 περιστεραί.
744 5097 765 5130 ι
818 5080 1075 5151 Πρόϐατα
1108 5084 1166 5138 δὲ
1200 5086 1294 5139 καὶ
1338 5086 1466 5155 βόας
1498 5062 1734 5142 συναπο-

184 5155 369 5227 τρέχιιν
415 5166 623 5231 είπὼν,
677 5173 1117 5243 κατασημαίνειν
1163 5175 1229 5229 ἂν
1278 5174 1434 5248 οἶμαί
1475 5196 1611 5243 που,
1651 5181 1734 5234 ὅτι

186 5250 419 5341 προσήκει
450 5256 588 5326 μηδὲ
620 5259 763 5314 αὐτὰ
804 5263 1055 5331 μεθεῖναι
1084 5266 1162 5336 τῷ
1192 5268 1408 5339 Σατανᾷ
1439 5268 1508 5322 τά
1543 5287 1732 5341 σωμα-

183 5340 290 5432 τιξά
312 5359 364 5396 τε
393 5347 484 5400 καὶ
512 5348 831 5423 ἀλογώτερα
860 5356 970 5409 τῶν
1002 5360 1061 5411 ὲν
1088 5359 1219 5430 ἡμῖν
1248 5362 1583 5432 κινημάτων.
1621 5340 1731 5416 Καὶ

184 5428 292 5490 γοῦν
315 5436 343 5487 ό
362 5434 643 5506 Θεσπέσιος
676 5445 887 5510 Παῦλος
910 5428 1117 5521 γράφει
1134 5468 1147 5482 ·
1175 5468 1196 5502 ι
1225 5428 1566 5524 ’Ὠσπερβγάρ
1592 5471 1731 5523 παρ-

182 5525 413 5616 οξτίισατε
450 5533 519 5586 τὰ
562 5535 701 5607 μέλη
758 5539 913 5610 ὑμῶν
964 5541 1127 5597 δοῦλα
1164 5546 1233 5616 τῇ
1273 5544 1589 5616 ἀκαθαρσίᾳ
1635 5547 1729 5599 καὶ

1857 2536 2112 2595 uportere
2156 2544 2259 2598 pro
2309 2531 2488 2587 reditu
2532 2533 2953 2603 discedentium,
2994 2539 3109 2609 ipsa
3140 2556 3361 2612 quoque
3392 2542 3447 2598 in

1854 2617 2087 2690 Egypto
2114 2622 2303 2677 relicta
2333 2625 2692 2695 supellectile.
2726 2627 2827 2682 Eat
2853 2630 3022 2694 enim,
3061 2630 3263 2701 inquit,
3292 2634 3447 2703 quis-

1855 2712 1981 2780 quis
2026 2713 2344 2770 adolescens
2384 2725 2500 2782 est,
2545 2734 2736 2775 omnes
2772 2719 2939 2775 etiam
2982 2722 3075 2792 qui
3116 2724 3302 2779 adulta
3334 2727 3447 2796 jam

1856 2812 1984 2858 sunt
2006 2814 2184 2859 astate.
2210 2807 2280 2860 At
2294 2806 2455 2862 divus
2470 2809 2681 2881 Moyses
2702 2820 3021 2867 constanter
3045 2813 3280 2870 afﬁrmat
3302 2830 3445 2881 esse,

1854 2898 2004 2952 nulla
2042 2913 2101 2952 re
2136 2900 2501 2968 praetermissa
2543 2909 2707 2971 atque
2748 2903 2958 2968 relicta,
2998 2904 3394 2961 discedendum
3429 2924 3442 2960 :

1854 2987 1948 3041 sed
1998 2988 2159 3042 simul
2204 3004 2329 3043 cum
2377 2990 2848 3056 adolescentibus,
2896 3000 2953 3045 et
2999 2992 3068 3047 iis
3113 2994 3207 3063 qui
3255 3004 3445 3049 exacta

1848 3079 1957 3148 jam
1984 3090 2168 3134 essent
2189 3090 2367 3145 aetate,
2402 3081 2527 3136 ﬁliis
2556 3098 2775 3153 quoque
2808 3098 2873 3137 ac
2895 3083 3135 3148 ﬁliabus,
3163 3085 3329 3140 boum
3358 3101 3445 3140 ar—

1854 3168 2055 3223 mentis
2092 3168 2320 3238 aliisque
2362 3170 2675 3239 pecoribus.
2721 3171 2950 3241 Oportet
2978 3173 3129 3226 enim
3165 3176 3348 3245 utqui
3384 3177 3440 3231 in

1855 3274 2038 3313 veram
2060 3274 2118 3313 se
2139 3260 2443 3315 libertatem
2466 3276 2711 3316 asserere
2748 3262 2941 3327 velint,
2972 3263 3229 3319 studeant
3249 3266 3442 3322 avitiis

1855 3365 1978 3420 quae
2007 3351 2062 3404 in
2092 3352 2291 3406 szeculo
2320 3361 2467 3415 sunt,
2493 3351 2812 3416 abscedere,
2850 3361 2908 3408 et
2934 3354 3187 3409 semitam
3226 3356 3437 3427 ingredi

1854 3457 1976 3511 quae
1994 3441 2063 3495 ad
2087 3442 2319 3497 virtutes
2343 3442 2515 3506 ducit,
2544 3442 2833 3513 nullasque
2856 3444 3081 3499 omnino
3101 3454 3195 3501 aut
3222 3447 3437 3513 anima,

1854 3543 1949 3588 aut
1973 3534 2174 3589 mentis
2196 3534 2458 3604 reliquias
2485 3534 2782 3599 dimittere,
2806 3550 2907 3605 per
2938 3551 3077 3606 quas
3098 3536 3299 3593 iterum
3335 3540 3440 3595 sub

1853 3625 2002 3680 illius
2035 3626 2258 3697 maligni
2296 3625 2638 3680 dominatum
2680 3642 2744 3681 ac
2790 3628 3133 3699 tyrannidem
3182 3630 3438 3702 redigan-

1853 3726 1960 3771 tur.
2011 3717 2092 3772 Ad
2145 3718 2287 3772 hanc
2340 3726 2524 3773 autem
2572 3718 2881 3774 libertatem
2929 3719 3114 3774 divina
3156 3721 3239 3776 lex
3280 3731 3442 3779 vocat

1848 3812 2079 3881 juvenes
2127 3818 2184 3864 et
2228 3809 2497 3880 virgines,
2535 3824 2696 3865 senes
2744 3826 2871 3865 cum
2914 3811 3249 3881 junioribus,
3286 3814 3438 3885 juxta

1852 3902 2138 3957 Psallentis
2170 3917 2359 3956 vocem
2387 3904 2454 3965 ὀ,
2487 3911 2650 3972 atque
2687 3917 2848 3957 omne
2880 3917 3055 3973 genus
3086 3905 3282 3969 aetatis,
3315 3920 3439 3975 quae

1850 3995 1907 4048 in
1961 3994 2182 4050 Christo
2234 3994 2578 4064 intelligitur.
2635 3993 2784 4060 Quos
2846 3994 3010 4048 etiam
3075 3996 3161 4049 vir
3214 3995 3438 4052 divinus

1848 4085 2085 4140 Joannes
2106 4085 2487 4154 alloquebatur
2507 4085 2697 4139 dicens
2729 4102 2742 4137 :
2775 4103 2793 4136 ι
2821 4083 3025 4155 Scripsi
3048 4086 3226 4151 vobis,
3254 4089 3433 4157 pueri.

1850 4177 1979 4247 quia
2007 4176 2337 4247 cognovistis
2362 4177 2578 4231 Patrem
2603 4193 2617 4241 ;
2651 4176 2847 4245 scripsi
2878 4177 3054 4241 vobis,
3081 4186 3286 4247 patres,
3305 4180 3434 4249 quia

1850 4267 2181 4337 cognovistis
2226 4282 2352 4322 eum
2387 4266 2480 4335 qui
2525 4274 2611 4321 est
2664 4266 2733 4320 ab
2780 4266 2965 4332 initio;
3007 4268 3202 4338 scripsi
3253 4270 3431 4334 vobis,

1843 4362 2094 4431 juvenes,
2128 4358 2257 4427 quia
2299 4358 2472 4412 fortes
2513 4357 2669 4421 estis,
2710 4367 2768 4412 et
2799 4358 3026 4413 verbum
3068 4360 3163 4415 Dei
3194 4363 3249 4415 in
3276 4363 3434 4418 vobis

1848 4458 2049 4513 manet,
2074 4455 2129 4503 et
2157 4448 2366 4502 vicistis
2400 4446 2698 4516 malignum
2724 4447 2789 4498 ".
2825 4465 2843 4497 ι
2883 4446 3057 4502 Aliter
3084 4458 3267 4504 autem
3297 4451 3420 4506 adu

1846 4542 2115 4597 lescentes
2152 4538 2322 4609 ﬁgura
2357 4552 2479 4593 esse
2526 4545 2759 4607 possunt
2794 4537 3153 4603 fortitudinis,
3187 4541 3430 4611 pruden-

1847 4634 1934 4688 tiae
1968 4646 2147 4697 senes,
2180 4629 2422 4685 infantia:
2454 4644 2587 4683 vero
2621 4628 2789 4693 illius,
2829 4645 2952 4700 quae
2988 4629 3044 4684 in
3085 4629 3305 4687 Christo
3342 4631 3424 4687 in~

1841 4725 2125 4796 telligitur,
2158 4723 2255 4778 ﬁlii
2289 4738 2353 4777 ac
2384 4722 2508 4778 ﬁliae
2541 4741 2555 4776 :
2588 4736 2714 4778 cum
2742 4721 3067 4779 fortitudine
3098 4740 3334 4795 namque
3364 4740 3424 4780 ar

1840 4814 2153 4886 prudentia,
2179 4813 2640 4884 simplicitateque
2675 4827 2740 4869 ea
2766 4829 2889 4885 qua
2926 4813 3229 4869 secundum
3253 4816 3423 4869 Deum

1839 4918 1944 4972 est,
1993 4923 2022 4962 a
2060 4914 2287 4979 peccato
2344 4906 2411 4963 ad
2462 4905 2953 4961 sanctiﬁcationem
3004 4904 3421 4975 proﬁciscimur.

1845 5020 1864 5052 ι
1898 4999 2144 5057 Viriliter
2182 4997 2329 5053 enim
2378 4999 2542 5069 agite,
2589 5016 2607 5049 ι
2665 4998 2863 5067 inquit,
2922 5015 2941 5047 ι
2975 5004 3033 5049 et
3081 4994 3419 5050 confortemr

1836 5107 1932 5147 cor
1970 5102 2212 5146 vestrum
2240 5091 2304 5142 ".
2349 5109 2367 5141 ι
2413 5090 2481 5143 Ει
2520 5089 2718 5143 iterum
2764 5104 2778 5139 :
2827 5107 2845 5138 ‹
2892 5086 3079 5142 Estote
3122 5085 3419 5155 prudentes

1835 5185 1978 5240 sicut
2019 5191 2334 5255 serpentes,
2380 5189 2438 5237 et
2486 5179 2762 5250 simplices
2808 5177 2952 5233 sicut
3000 5175 3267 5231 columbas
3284 5175 3350 5229 3'.
3395 5194 3412 5226 ι

1835 5275 1970 5331 Cum
2000 5290 2133 5331 vero
2161 5274 2317 5337 dixit,
2341 5286 2473 5328 oves
2494 5286 2714 5344 quoque
2749 5285 2813 5325 ac
2840 5269 3008 5325 boves
3034 5267 3197 5324 simul
3225 5268 3416 5325 absce-

1835 5366 1965 5423 dere
1990 5365 2213 5429 debere,
2248 5362 2578 5436 signiﬁcavit
2607 5362 2859 5423 fortasse,
2880 5375 2950 5415 ne
2976 5374 3268 5431 corporeus
3290 5361 3415 5432 qui-

1836 5460 1959 5514 dem
1987 5457 2108 5513 illus
2133 5466 2318 5511 motus
2345 5463 2563 5510 nostros
2588 5462 2645 5508 et
2670 5452 2900 5508 rationis
2922 5462 3175 5523 expertes
3204 5450 3416 5508 Satanae

1832 5562 1951 5603 esse
1989 5546 2408 5619 relinquendos;
2450 5544 2560 5618 α
2591 5544 2776 5614 itaque
2819 5543 3039 5598 divinus
3088 5542 3180 5598 ille
3212 5542 3415 5597 Paulus

190 5613 235 5678 ’ᾗ
262 5614 443 5694 ἀνομίᾳ
482 5626 564 5689 είς
595 5628 695 5699 τὴν
734 5631 987 5702 ἀνομίαν,
1031 5634 1175 5690 οὕτω
1199 5613 1295 5690 νῦν
1337 5613 1724 5709 παραστήσατε

1855 5638 2049 5701 cribit,
2093 5656 2111 5688 ι
2136 5613 2294 5693 Sicut
2341 5613 2671 5691 exhibuistis
2691 5613 2949 5689 membra
2982 5642 3162 5689 vestra
3203 5634 3413 5688 servire

240 5753 393 5849 9:32!)
426 5780 540 5829 xu,
581 5768 683 5849 15.
762 5774 803 5803 "
830 5774 1002 5830 Exod.
1038 5794 1089 5841 χ,
1117 5777 1149 5831 8
1184 5794 1302 5849 squ.
1384 5781 1427 5811 ὀ
1454 5780 1595 5835 Psal.
1640 5796 1751 5835 εει)

1887 5779 1968 5832 i2.
2048 5782 2087 5811 ²¹
2123 5779 2141 5833 I
2171 5778 2327 5833 Joan.
2370 5794 2427 5841 ιι,
2466 5778 2550 5842 Η,
2607 5778 2692 5831 I5.

184 5823 220 5853 "
247 5824 417 5886 Matth.
458 5823 538 5897 ιζ
574 5837 640 5891 ιϐ

455 5931 737 5993 ΡΑτιιοι.
785 5938 901 5997 Gn.
952 5938 1211 5997 LXVIII.

2799 5780 2842 5810 "
2882 5776 3024 5832 Psal.
3065 5790 3189 5839 xxx,
3245 5772 3334 5829 25.

3023 5941 3055 6004 ’1
