4076 6502
607 404 714 467 ἴε.ὓό

1607 401 1660 456 5.
1706 398 1984 456 CYRILLI
2025 397 2496 458 ALEXANDRINI
2533 402 2854 460 ARCHIEP.

3774 407 3878 465 203

612 515 976 574 immunditiae
1016 524 1074 570 et
1116 511 1396 583 iniquitati
1424 512 1492 567 ad
1525 511 1904 582 iniquitatem,
1933 511 2014 565 sic
2051 525 2200 564 nunc

2323 512 2368 566 τὰ
2401 512 2537 584 μέλη
2560 514 2714 584 ὑμῶν
2739 513 2901 569 δοῦλα
2959 519 3026 589 τῇ
3055 516 3371 591 δικαιοσύνῃ
3405 518 3486 583 εἰς
3518 518 3810 592 ἁγιασμόν.
3851 541 3872 576 ν

613 609 870 665 exhibete
907 605 1151 661 membra
1183 612 1362 659 vestra
1401 603 1611 660 servire
1636 603 1866 675 justitia:
1907 601 1964 657 in
1997 600 2199 656 sancti--

612 699 925 756 ﬁeationem
949 697 1013 748 "2
1050 715 1068 746 ι

685 790 882 847 PALL.
927 787 1032 842 Sed
1069 801 1178 856 qua
1209 785 1279 841 de
1309 801 1473 841 causa
1513 785 1744 841 dimittit
1771 784 1994 855 quidem
2035 781 2206 852 pube-

614 899 724 947 res,
755 891 810 936 et
842 879 936 949 qui
973 878 1159 932 adulta
1189 879 1302 948 jam
1336 886 1522 934 essent
1555 887 1736 943 aetate,
1776 876 1980 931 retinet
2019 883 2203 929 autem

613 982 845 1029 caeteros
871 968 1117 1025 Pharao?

683 1063 840 1118 CYR.
868 1050 1143 1127 'Quaenam
1183 1075 1304 1118 esse
1352 1062 1455 1128 ais,
1489 1077 1612 1133 quae
1657 1061 1714 1116 in
1750 1059 1984 1131 Egypto
2021 1071 2203 1112 rema-

614 1154 823 1210 neant?
864 1198 899 1214 κ,

687 1247 886 1302 PALL.
947 1247 1141 1315 Erant,
1193 1247 1409 1318 opinor,
1459 1244 1722 1300 mulieres
1773 1243 1962 1316 procul
2013 1244 2204 1310 dubio,

617 1339 776 1408 pueri
831 1339 1184 1410 impuberes,
1243 1337 1445 1392 inﬁrmi
1502 1352 1698 1401 senes,
1746 1346 1803 1391 et
1861 1337 2025 1392 bruta
2079 1338 2205 1391 ani-

623 1429 807 1484 malia.
1925 1456 1928 1459 ·

690 1519 849 1576 CYR.
887 1518 1001 1577 Cur
1045 1533 1209 1591 ergo,
1261 1515 1496 1580 Palladi,
1549 1514 1674 1571 non'
1704 1515 1842 1571 illud
1887 1516 2073 1572 statim
2114 1532 2210 1572 co-

621 1611 801 1679 gitas?

693 1702 891 1756 PALL.
933 1701 1076 1769 Quid
1113 1701 1248 1757 illud
1284 1699 1544 1756 tandem?

694 1795 850 1850 CYR.
893 1795 1169 1850 Robustos
1216 1808 1451 1862 namque
1494 1799 1551 1845 et
1588 1792 1838 1862 juvenes,
1875 1797 1932 1846 et
1978 1791 2072 1861 qui
2111 1791 2205 1846 ﬁr-

2377 780 2587 834 ΠΑΛΛ.
2637 782 2893 836 Ἀνθότου
2929 783 2992 855 δὴ
3029 779 3121 838 οῦν
3175 785 3356 856 ἀνίησι
3400 785 3496 854 μὲν
3534 786 3661 849 τοὺς
3691 788 3748 838 ὲν
3771 786 3880 858 ἥϐῃ

2306 873 2400 924 καὶ
2429 874 2487 925 ὲν
2503 874 2726 943 ἀκμαῖς,
2759 879 3129 946 μεταποιεῖται
3157 878 3214 930 δὲ
3236 879 3344 930 τῶν
3372 876 3576 949 ἑτέρων
3597 879 3625 931 6
3643 878 3880 949 Φαραὼ;

2377 1049 2542 1103 ΚΥΡ.
2590 1049 2725 1104 Τίνα
2753 1051 2864 1124 γὰρ
2903 1046 3044 1107 εἶναι
3093 1051 3201 1124 φὴς
3244 1053 3336 1106 τὸν
3369 1053 3438 1123 ,ὲν
3490 1051 3751 1124 Αἰγύπτῳ
3788 1054 3885 1125 μὲ-

2308 1155 2466 1192 νοντα
2488 1155 2503 1204 ;

2377 1231 2587 1284 ΠΑΛΛ.
2627 1225 2839 1298 Ἦσαν,
2885 1229 3039 1303 οἶμαί
3081 1251 3216 1300 που,
3256 1234 3456 1302 γύναια
3503 1233 3578 1306 δὴ
3629 1221 3883 1302 πάντως,

2308 1323 2497 1385 παῖδες
2522 1321 2748 1394 ἄνηϐοι,
2782 1325 2879 1379 καλ⁸
2920 1324 3163 1388 ἀσθενεῖς
3195 1325 3499 1398 πρεσϐύται
3520 1367 3536 1394 ,
3562 1329 3658 1381 καὶ
3690 1328 3886 1397 ἄλογος

2309 1413 2520 1484 κτῆσις.

2381 1506 2546 1561 ΚΥΡ.
2596 1501 2754 1572 Εἶτα,
2799 1499 2844 1560 ὧ
2887 1505 3131 1577 βέλτιστε
3157 1546 3172 1571 ,
3210 1507 3329 1571 πῶς
3350 1508 3458 1562 οὐκ
3503 1510 3680 1562 ἐκεῖνο
3722 1509 3887 1573 εὐθὺς

2307 1596 2492 1669 διανοῇ
2511 1615 2526 1662 ;

2381 1689 2591 1744 ΠΑΛΛ.
2634 1690 2707 1743 Τὺ
2735 1693 2888 1745 ποῖον
2915 1692 3054 1763 φήςς

2381 1782 2547 1836 ΚΥΡ.
2583 1783 2723 1846 Τοὺς
2745 1783 2842 1854 μὲν
2867 1783 2976 1854 γὰρ
3009 1783 3352 1854 σφριγῶντάς
3373 1799 3432 1835 τε
3460 1783 3556 1836 καὶ
3589 1781 3762 1848 νέους,
3793 1783 3888 1837 καὶ

625 1888 786 1943 miori
809 1888 924 1958 jam
957 1887 1142 1941 habitu
1183 1893 1311 1941 sunt
1346 1885 1415 1939 ad
1455 1883 1739 1954 pietatem,
1773 1897 1966 1952 graves
1991 1897 2054 1937 ac
2091 1898 2212 1936 mo-

2323 1873 2686 1944 ἀκμαιοτέραν
2713 1874 2936 1944 ἔχοντας
2961 1875 3060 1947 τὴν
3087 1874 3199 1940 ἕξιν
3232 1877 3313 1938 είς
3341 1873 3644 1938 εὐσέϐειαν,
3668 1876 3889 1944 ἡγεῖται

625 1981 794 2034 lestos
839 1977 1184 2033 arbitratur:
1219 1976 1459 2033 liberare
1509 1989 1745 2043 namque
1801 1988 1859 2027 se
1911 1975 2094 2043 cupit,
2154 1983 2215 2029 ut

621 2077 780 2140 puto,
820 2069 1072 2139 quamvis
1121 2067 1350 2130 invitus,
1387 2067 1456 2120 ab
1499 2065 1567 2120 iis
1616 2065 1712 2134 qui
1766 2063 1871 2118 sibi
1918 2064 2211 2126 obsistunt,

615 2161 720 2230 qui
746 2169 803 2216 et
834 2167 1026 2215 contra
1060 2157 1242 2212 moliri
1279 2155 1489 2226 aliquid
1528 2163 1780 2224 possunt,
1807 2161 1864 2207 et
1905 2169 2032 2207 suas
2068 2154 2214 2224 inju-

626 2252 738 2308 rias
767 2250 1106 2322 propulsare,
1133 2249 1290 2319 juxta
1327 2247 1459 2301 illud
1496 2264 1508 2298 :
1553 2265 1570 2297 ι
1604 2245 1861 2300 Resistite
1891 2245 2130 2309 diabolo,
2159 2252 2216 2299 et

627 2342 802 2413 fugiet
828 2358 859 2396 a
891 2341 1050 2396 vobis
1076 2341 1143 2394 ’³.
1179 2359 1198 2390 ι
1242 2339 1351 2394 Eos
1389 2346 1574 2393 autem
1615 2338 1710 2407 qui
1757 2353 1816 2392 se
1854 2336 2087 2391 viriliter
2117 2352 2212 2406 ge-

629 2450 751 2490 rere
785 2450 893 2489 non
923 2438 1173 2502 possunt,
1199 2431 1401 2485 obnixe
1441 2430 1660 2492 retinet,
1684 2428 2015 2496 adamatque
2043 2443 2216 2498 genus

629 2524 766 2579 illud
793 2524 941 2593 quod
971 2520 1227 2578 muliebri
1253 2536 1418 2576 sensu
1450 2536 1514 2575 ac
1552 2519 1701 2573 molli
1728 2529 1831 2584 est,
1862 2528 1922 2573 ut
1951 2519 2094 2588 quod
2127 2519 2212 2572 in-

630 2615 850 2670 ﬁrmum
882 2614 953 2670 sit
979 2621 1037 2669 et
1081 2612 1342 2666 imbelle:
1369 2610 1504 2664 illud
1535 2611 1667 2665 item
1693 2611 1838 2680 quod
1871 2611 2112 2664 nondum
2146 2611 2213 2664 ad

631 2707 836 2777 pubem
874 2703 1147 2774 pervenit,
1174 2711 1232 2757 et
1265 2701 1480 2756 viribus
1507 2710 1677 2766 caret,
1708 2710 1765 2756 et
1793 2717 1955 2756 sensu
1995 2710 2079 2756 est
2115 2701 2213 2755 ad-

632 2799 743 2852 huc
791 2795 990 2867 puerili
1028 2812 1041 2848 :
1079 2807 1325 2850 crassum
1381 2791 1622 2862 denique
1666 2791 1804 2846 illud
1842 2801 1898 2846 et
1935 2809 1964 2845 a
2003 2792 2214 2846 ratione

633 2889 920 2952 remotius,
952 2885 1102 2957 quod
1145 2884 1371 2954 ﬁgurate
1411 2884 1588 2940 bobus
1630 2891 1688 2940 et
1732 2882 1929 2938 ovibus
1965 2882 2213 2937 insinua-

629 2987 745 3032 ωε.
1011 2993 1020 3020 ἶ

687 3068 902 3123 PALL.
947 3069 1113 3124 Recte
1143 3067 1242 3122 ais.

2316 1963 2638 2033 φορτικοὺς·
2690 1965 3051 2032 ἀπαλλακτιᾷ
3079 1966 3205 2038 γὰρ,
3242 1961 3418 2036 οἶμαι,
3457 1969 3554 2020 καὶ
3588 1967 3685 2038 οὐχ
3721 1966 3887 2033 ἑκὼν,

2316 2052 2422 2104 τῶν
2453 2054 2882 2126 ἀνθεστηκότων,
2909 2055 2959 2109 οἳ
2987 2057 3092 2127 θεαί
3111 2059 3250 2111 εἰσιν
3281 2058 3663 2129 ἀντιπράττειν
3682 2054 3785 2112 οἷοί
3804 2076 3888 2124 τε,

2316 2141 2410 2192 καὶ
2433 2142 2618 2210 σφίσιν
2642 2143 2861 2208 ἑαυτοῖς
2890 2131 3188 2215 ἐπαμύνειν
3222 2147 3617 2218 ἀδικουμένοις,
3659 2149 3803 2203 κατά
3825 2166 3890 2218 γε

2314 2230 2393 2290 τὸ.
2419 2250 2440 2283 ‹
2474 2233 2783 2306 Ἀντίστητε
2803 2235 2882 2306 τῷ
2902 2236 3154 2308 διαϐόλῳ,
3171 2241 3265 2292 καὶ
3283 2238 3535 2308 φεύξεται
3551 2241 3644 2308 ἀφ’
3664 2239 3840 2310 ὑμῶν.
3866 2262 3887 2296 ι

2315 2324 2706 2379 Μεταποιεῖται
2735 2325 2792 2379 δὲ
2819 2326 2941 2380 λίαν
2966 2327 3061 2380 τοῦ
3088 2327 3162 2399 μὴ
3177 2326 3532 2400 ’ἀνδρίζεσθαι
3561 2333 3889 2400 πφυκὸτος,

2316 2414 2410 2468 καὶ
2435 2416 2511 2480 ὡς
2556 2417 2710 2484 γένος
2749 2418 2979 2488 ἀδρανὲς
3015 2421 3109 2473 καὶ⁵
3143 2420 3567 2493 ἀφιλοπόλεμον,
3613 2423 3804 2494 ἀγαπᾷ
3831 2441 3865 2476 τ

2315 2503 2499 2557 νοσοῦν
2524 2506 2582 2559 ὲν
2613 2506 2792 2577 ἑαυτῷ
2827 2509 3081 2578 φρόνημα
3104 2509 3166 2562 τδ
3191 2510 3322 2581 θῆλυ
3350 2511 3446 2564 καὶ
3471 2511 3774 2581 μαλθακὸν,
3800 2529 3872 2564 κα

2315 2591 2427 2649 οἷον
2472 2597 2761 2667 ἀφηϐηκός
2801 2616 2862 2652 τε
2887 2601 2979 2654 καὶ
3007 2601 3199 2655 ἀναλκι
3224 2642 3239 2666 ,
3267 2602 3364 2657 καὶ
3400 2603 3756 2673 μειρακιῶδες
3788 2602 3892 2663 ἔτι,

2315 2689 2408 2740 καὶ
2431 2688 2493 2741 τὸ
2514 2691 2660 2759 παχύ
2681 2708 2742 2744 τε
2760 2693 2856 2746 καὶ
2879 2692 3240 2765 ἀλογώτερον,
3257 2694 3441 2765 ,ὡςηὲν
3469 2688 3626 2760 τύπῳ
3653 2686 3809 2760 βουσί
3832 2704 3896 2745 τι

2315 2780 2408 2830 καὶ
2436 2778 2756 2848 προϐάτοις.

2385 3062 2588 3114 ΠΛΛΛ.
2626 3056 2698 3116 Εὖ
2731 3061 2885 3135 ἔφης.

703 3159 860 3214 CVR.
901 3158 1006 3214 Sed
1044 3159 1246 3213 iterum
1284 3155 1550 3211 mentitur
1582 3153 1834 3225 pertinax
1875 3153 1967 3209 ille
1997 3162 2054 3208 et
2078 3154 2209 3225 rigi-

2391 3152 2554 3207 ΚΥΡ.
2600 3154 2948 3226 Ψευδομυθεῖ
2972 3156 3031 3210 δὲ
3064 3158 3227 3213 πάλιν
3259 3161 3289 3213 6
3333 3161 3665 3235 σκληρόνους
3707 3181 3770 3218 τε
3801 3166 3900 3220 καὶ

634 3251 741 3305 dus
789 3251 1020 3306 Pharao.
1060 3248 1270 3305 Deinde
1317 3264 1445 3303 cum
1494 3248 1831 3303 locustarum
1877 3245 2222 3301 examinibus

638 3350 750 3395 tota
790 3340 904 3396 fere
946 3340 1194 3410 ipsorum
1239 3339 1391 3410 regio
1435 3347 1758 3408 consumpta
1797 3346 1962 3402 esset,
1995 3338 2224 3392 accersit

638 3432 879 3502 Moysen,
918 3446 1082 3501 quem
1127 3430 1316 3486 Aaron
1371 3438 1458 3484 est
1507 3430 1833 3493 comitatus,
1875 3437 1932 3483 et
1985 3429 2165 3499 inquit
2200 3449 2219 3482 .-

647 3541 664 3571 ι
701 3522 777 3576 lte
811 3530 871 3576 et
907 3522 1109 3577 servite
1148 3520 1382 3575 Domino
1428 3520 1540 3576 Deo
1587 3527 1800 3586 vestro;
1846 3529 2224 3576 verumtamen

640 3615 708 3667 de
741 3613 938 3667 ovibus
973 3613 1259 3681 bobusque
1289 3611 1489 3666 vestris
1533 3611 1852 3681 relinquite,
1883 3620 1940 3666 et
1978 3613 2224 3682 supellex

639 3712 819 3759 vestra
837 3703 1006 3757 abeat
1026 3703 1336 3757 vobiscum.
1375 3721 1393 3753 ι
1425 3703 1494 3756 Ει
1515 3702 1592 3756 ait
1619 3703 1862 3773 Moyses:
1896 3721 1915 3754 ‹
1958 3704 2072 3758 lmo
2094 3719 2225 3758 vero

641 3805 700 3850 tu
727 3795 886 3850 dabis
923 3793 1084 3849 uobis
1113 3793 1434 3848 holocausta
1473 3802 1529 3848 et
1561 3794 1770 3849 hostias
1806 3811 1926 3864 quae
1961 3795 2226 3852 faciamus

641 3888 874 3943 Domino
914 3887 1026 3941 Deo
1066 3893 1277 3948 nostro,
1315 3892 1373 3939 et
1405 3885 1657 3954 jumenta
1697 3893 1883 3940 nostra
1921 3885 2082 3940 ibunt
2122 3902 2224 3941 no-

644 3979 885 4043 biscum,
929 3985 987 4032 et
1035 3990 1146 4030 non
1188 3974 1570 4045 relinquemus
1620 3976 1914 4046 ungulam;
1968 3976 2038 4031 ab
2089 3976 2226 4046 ipsis

641 4071 792 4127 enim
837 4068 1170 4139 accipiemus
1210 4075 1273 4122 ut
1316 4067 1692 4124 sacriﬁcemus
1725 4067 1955 4124 Domino
1981 4069 2094 4125 Deo
2121 4085 2225 4124 no-

641 4170 760 4218 stro
781 4162 844 4215 “.
879 4180 896 4211 ι

716 4252 908 4307 PALL.
951 4251 1125 4319 Quem
1173 4265 1339 4322 porro
1387 4265 1608 4305 sensum
1656 4250 1725 4304 iis
1763 4265 1885 4318 qum
1916 4265 1945 4304 a
1981 4250 2100 4306 viro
2136 4267 2226 4306 sa-

642 4343 982 4414 pientissimo
1009 4343 1187 4414 Moyse
1227 4342 1371 4398 dicta
1402 4350 1550 4406 sunt,
1591 4341 2001 4396 accommodare
2028 4357 2225 4412 possu-

643 4435 802 4488 mus?
835 4441 928 4488 aut
958 4450 1067 4504 qua
1107 4433 1326 4492 tandem
1361 4433 1570 4488 ratione
1614 4432 1740 4502 quis
1777 4432 1975 4501 capiat,
2007 4448 2072 4488 ea
2105 4449 2227 4503 qua:

2323 3244 2589 3316 ἀκαμπὴς
2625 3246 2846 3316 Φαραώ.
2891 3243 3025 3302 Εἶτα
3063 3252 3185 3314 ταῖς
3222 3252 3323 3322 τῆς
3354 3253 3572 3325 ἀκρίδος
3599 3254 3900 3327 συμϐολαῖς

2322 3331 2470 3402 ὅλης,
2495 3332 2570 3398 ὡς
2593 3335 2790 3401 εἰπεῖν,
2821 3336 3218 3410 δαπανωμένης
3244 3340 3424 3394 αὐτῶν
3449 3341 3552 3410 τῆς
3571 3343 3775 3414 χώρας.
3802 3361 3904 3413 με·

2323 3424 2643 3494 τάπεμπτον
2684 3429 2918 3480 ποιεῖται
2941 3429 3182 3496 Μωσέα,
3217 3431 3616 3496 ωνεισθέοντος
3664 3433 3900 3505 Ἀαρὼν,

2324 3516 2419 3569 καί
2444 3533 2579 3587 φησι
2599 3535 2612 3549 ·
2655 3537 2674 3570 ι
2709 3520 3071 3590 Πορευθέντες
3091 3522 3422 3595 λατρεύσατε
3449 3525 3641 3596 Κυρίῳ
3677 3526 3758 3597 τῷ
3778 3526 3905 3598 Θεῷ

2326 3607 2504 3676 ὑμῶν,
2528 3608 2666 3678 πλὴν
2688 3609 2796 3663 τῶν
2819 3611 3108 3681 προϐάτων
3127 3615 3348 3668 καὶτῶν
3379 3614 3516 3686 βοῶν
3547 3616 3900 3682 ὑπολίπεσθε,

2327 3699 2420 3750 καὶ⁵
2447 3701 2478 3763 ἠ
2509 3699 2789 3771 ἀποσκευὴ
2811 3701 2965 3771 ὑμῶν
2994 3704 3343 3776 ἀποτρεχέεω
3377 3706 3494 3776 μεθ’
3526 3707 3698 3778 ὑμῶν.
3728 3727 3750 3761 ι
3789 3710 3903 3765 Καὶ

2325 3784 2446 3841 εἷπε
2462 3790 2696 3860 Μωσῆς»
2710 3829 2726 3845 .
2737 3791 2882 3845 Αλλά
2902 3794 3076 3847 καὶσὺ
3093 3794 3284 3860 δώσεις
3305 3797 3437 3866 ἡμῖν
3451 3795 3904 3870 ὁλοκαυτώματα,

2327 3877 2420 3931 καὶ
2448 3878 2637 3941 Θυσίας
2663 3879 2700 3933 ἃ.
2724 3883 3021 3952 ποιήσομεν
3051 3885 3239 3956 Κυρίῳ
3267 3886 3344 3957 τῷ
3363 3886 3479 3958 Θεῷ
3504 3889 3688 3959 ἡμῶν·
3713 3892 3812 3944 καὶ
3835 3894 3906 3947 τὰ

2330 3968 2496 4038 κτήνη
2526 3969 2684 4038 ἡμῶν
2710 3970 3037 4041 πορεύσεται
3071 3974 3190 4044 μεθ’
3227 3975 3408 4046 ήμῶν,
3446 3978 3541 4032 καὶ
3570 3979 3667 4049 οὐχ
3694 3981 3905 4053 ύποληο
3937 3979 3940 3988 λ

2327 4059 2537 4128 ᾠόμεθα
2570 4059 2763 4132 ὁπλήν·
2795 4063 2892 4115 ἀπ’
2928 4063 3108 4118 αὐτῶν
3151 4065 3260 4137 γὰρ
3289 4066 3574 4139 ληψόμεθα
3608 4068 3906 4142 λατρεῦσαι

2328 4150 2520 4220 Κυρίῳ
2543 4150 2620 4219 τῷ
2650 4151 2768 4222 Θεῷ
2800 4153 2978 4223 ἡμῶν.
3022 4172 3041 4204 ι

2398 4241 2608 4296 ΠΑΛΛ.
2642 4245 2752 4296 Καὶ
2767 4244 2888 4296 τίνα
2906 4246 3018 4308 τοῖς
3039 4245 3350 4315 εἰρημένοις
3374 4247 3527 4319 παρά
3550 4264 3614 4316 γε
3639 4249 3735 4303 τοῦ
3761 4267 3900 4304 παν-

2329 4330 2493 4399 σόφου
2525 4333 2767 4396 Μωσέως
2795 4335 3208 4407 ἑφαρμόσαιμεν
3229 4336 3296 4391 ἂν
3313 4337 3412 4409 τὴν
3433 4339 3698 4404 διάνοιαν;
3727 4341 3761 4412 ἦ
3786 4345 3905 4406 πῶς

2329 4423 2393 4475 ἄν
2421 4439 2504 4486 τις
2534 4421 2686 4476 λάϐοι
2716 4423 2784 4476 τὰ
2807 4424 2865 4491 ἐξ
2891 4425 3166 4495 Αἰγύπτου
3193 4429 3530 4501 καὶέιιαραὼ,
3559 4431 3652 4486 καὶ
3675 4433 3903 4503 ἀναθείη

639 4540 713 4578 ex
756 4497 994 4595 [Egypto-
1016 4524 1314 4580 Pharaonis
1356 4497 1648 4592 permissu-
1676 4497 1875 4579 educta
1919 4497 2068 4590 sunt,
2107 4497 2220 4580 beo
2259 4497 2303 4552 θ
2333 4513 2483 4585 Θεῷἕ
3111 4543 3116 4548 ·

645 4614 814 4670 fuisse
847 4616 1062 4670 oblata?

715 4706 873 4760 CYR.
933 4706 1128 4775 Atqui,
1187 4706 1414 4772 Palladi,
1459 4706 1751 4776 perspicua
1790 4717 1876 4763 est
1921 4707 2118 4765 oratio.
2174 4709 2224 4764 Is

644 4798 793 4853 enim
815 4797 908 4867 qui
932 4796 1189 4867 pietatem
1211 4798 1393 4853 colere
1408 4797 1723 4853 volentibus
1744 4799 1984 4866 obsistit,
2011 4809 2070 4856 et
2097 4816 2222 4857 cum

647 4891 759 4946 illis
794 4898 1019 4961 pugnat,
1065 4890 1150 4944 sin
1191 4889 1374 4944 minus
1415 4890 1582 4959 pleno
1625 4890 1857 4962 imperio
1890 4893 2228 4963 quibusdam

647 4983 917 5040 dominari
951 4982 1136 5045 liceat,
1169 4982 1360 5038 saltem
1382 4982 1566 5051 aliqua
1603 4997 1671 5038 ex
1701 4993 1858 5054 parte
1886 4984 1942 5039 id
1975 4985 2228 5040 obtinere

646 5072 836 5142 cupit;
880 5081 937 5126 at
958 5087 1090 5127 vero
1121 5071 1216 5126 Dei
1257 5071 1340 5126 lex
1377 5072 1529 5126 omni
1561 5088 1629 5128 ex
1666 5081 1822 5144 parte
1862 5075 2084 5144 penitus
2125 5091 2228 5132 nos

648 5161 931 5217 discedere
943 5161 1124 5225 docet,
1141 5160 1247 5232 55
1263 5161 1511 5231 nihilque
1530 5163 1842 5232 relinquere
1861 5164 2009 5220 illius
2027 5165 2226 5223 ditioni

648 5257 815 5318 atque
838 5250 1072 5319 imperio
1107 5249 1455 5320 subjectum;
1498 5267 1606 5316 non
1644 5253 1810 5308 ullam
1853 5254 2068 5320 animae,
2110 5273 2222 5312 non

650 5339 853 5397 mentis
868 5349 1098 5409 partem,
1115 5355 1223 5405 non
1244 5341 1474 5411 alicujus
1489 5343 1738 5413 corporei
1756 5352 1940 5400 motus
1955 5357 2224 5416 opportu-

648 5430 879 5484 nitatem
898 5447 911 5481 :
931 5429 999 5482 ad
1017 5429 1135 5485 haec
1147 5430 1516 5498 pulcherrima
1531 5447 1762 5502 quaeque
1776 5442 1833 5488 et
1851 5436 2073 5502 eximia,
2101 5454 2222 5508 quae

649 5517 707 5573 in
749 5519 1000 5574 saeculari
1045 5519 1154 5574 vita
1203 5520 1331 5583 sint,
1390 5520 1502 5589 Deo
1543 5523 1744 5578 oﬂ‘erre
1791 5525 1995 5582 debere
2037 5527 2221 5597 docet.

649 5613 709 5676 ιιι
745 5613 894 5667 enim
922 5612 1234 5686 signiﬁcare
1278 5612 1538 5678 arbitror,
1568 5630 1633 5668 ex
1675 5606 1908 5687 Egypto
1949 5619 2220 5690 accipere,

722 5791 766 5822 “
802 5792 957 5847 Rom.
989 5809 1061 5858 vr,
1113 5793 1200 5847 19.

2397 4709 2561 4763 ΚΥΡ.
2601 4711 2711 4764 Καὶ
2740 4711 2866 4782 μὴν,
2903 4705 2949 4764 ὧ
2974 4711 3157 4784 ἑταῖρε
3177 4752 3193 4778 ,
3239 4713 3417 4784 σαφὴς
3445 4716 3474 4768 6
3507 4715 3683 4784 λόγος.
3719 4716 3777 4771 ’0
3805 4717 3905 4788 μὲν

2330 4799 2440 4871 γὰρ
2477 4803 2587 4864 τοῖς
2629 4802 2875 4855 εὐσεϐεῖν
2911 4802 3187 4857 ἐθέλουσιν
3217 4804 3567 4877 ἀνθεστηκὼς
3595 4807 3692 4860 καὶ
3738 4809 3905 4878 μαχό-

2334 4908 2530 4960 μενος,
2561 4895 2610 4946 εί
2641 4894 2715 4964 μὴ
2751 4895 3030 4958 παντελῶς
3069 4896 3216 4968 ἐξείη
3261 4897 3322 4950 τὸ
3361 4897 3648 4970 ὑπ”αὒτῷ
3689 4899 3905 4954 κεῖσθαί

2328 4999 2510 5047 τινας,
2545 4984 2650 5037 κᾶν
2673 4985 2805 5053 γοῦν
2838 4987 2901 5039 ἐκ
2934 4987 3133 5058 μέρους
3160 4987 3320 5042 τοῦτο
3361 4989 3505 5060 ἔχειν
3548 4990 3845 5062 ἐπιθυμεῖ·
3875 4997 3905 5046 ό

2328 5072 2384 5125 δέ
2423 5090 2485 5141 γε
2521 5072 2616 5128 τοῦ
2649 5075 2784 5129 Θεοῦ
2811 5077 2977 5148 νόμος
3005 5081 3327 5152 τομωτάτην
3361 5080 3483 5134 τινὰ
3517 5083 3788 5135 ποιεῖσθαι
3825 5083 3906 5137 δι.

2327 5164 2517 5220 δάσκει
2553 5166 2650 5238 τὴν
2696 5169 3088 5240 ἀποφοίτησιν,
3133 5171 3241 5226 οὐδ’
3277 5171 3582 5227 ὁπωστιοῦν
3613 5174 3706 5228 ὑπ’
3755 5175 3906 5245 αὐτῷ

2327 5255 2541 5310 κεῖσθαί
2581 5274 2639 5310 τε
2670 5260 2764 5312 καὶ
2797 5259 2978 5330 μένειν
3007 5262 3242 5329 ἐῶντας,
3270 5263 3329 5317 οὐ
3359 5262 3556 5334 ψυχῆς,
3591 5265 3650 5318 οὐ
3674 5264 3768 5318 νοῦ
3803 5266 3907 5336 μό-

2330 5364 2464 5419 ριον,
2497 5348 2558 5402 οὐ
2598 5351 2908 5420 σωματικοῦ
2941 5355 3238 5423 κινήματος
3263 5355 3538 5426 ἀφορμήν.
3572 5355 3802 5427 Προσέτι
3845 5357 3906 5409 δὲ

2327 5437 2438 5492 δεῖν
2468 5438 2564 5492 καὶ
2587 5439 2686 5510 τῆς
2711 5441 2770 5494 ὲν
2795 5441 2984 5512 κόσμῳ
3012 5442 3158 5512 ζωῆς
3181 5443 3250 5495 τὰ
3271 5441 3531 5497 κάλλιστά
3555 5459 3617 5495 τε
3644 5444 3736 5496 καὶ
3758 5442 3907 5506 ἑξαῖο

2333 5546 2460 5601 ρετα
2491 5531 2886 5601 προσκομίζειν
2923 5533 3060 5604 Θεῷ.
3097 5533 3268 5589 Τοῦτο
3293 5535 3402 5606 γὰρ
3425 5533 3576 5606 οῐμαι
3605 5535 3816 5607 δηλοῦν.
3844 5536 3908 5588 τδ

2331 5622 2388 5688 ἐξ
2434 5623 2710 5693 Αἰγύπτου
2754 5625 2961 5690 λαϐεῖν,
3005 5627 3098 5680 καὶ
3141 5628 3447 5682 καταθῦσαι
3497 5627 3637 5699 Θεῷ.
3684 5629 3753 5681 Ἢ
3780 5627 3908 5697 οὑχὶ

1282 5793 1460 5846 "Jac.
1519 5809 1610 5856 iv,
1662 5794 1714 5850 7.
1792 5797 1835 5827 "
1873 5795 2041 5850 Exod.
2079 5813 2129 5863 κ,
2172 5797 2356 5854 εει-εδ.
