4046 6496
168 463 280 518 905

918 466 1005 520 DE
1045 460 1483 523 ADORATIONE
1516 462 1586 519 IN
1633 460 1905 520 SPlRlTU
1944 459 2033 515 ET
2072 457 2438 515 V’ERITATE.
2482 457 2609 513 LIB.
2646 458 2688 513 ι.

3310 460 3413 516 206

179 574 321 629 τουτὶ
342 573 509 646 δρῷεν
537 575 605 630 ἃν
633 577 683 629 οί
713 576 801 631 διά
826 578 1019 649 σοφίας
1045 580 1316 651 κοσμικῆς
1341 581 1452 642 τοῖς
1483 580 1649 650 ἱεροῖς
1674 593 1736 631 τε

1845 589 1905 630 ac
1939 575 2051 630 Deo
2087 583 2309 644 accepta
2345 571 2676 628 sacriﬁcare.
2708 574 2791 627 An
2818 585 2950 627 vero
2975 586 3086 627 non
3122 570 3177 626 id
3209 571 3416 629 faciunt

184 666 270 721 καὶ
309 665 472 729 θείοις
509 666 667 737 ἡμῶν
700 668 1159 741 ἐπαγωνιζόμενοι
1203 669 1502 739 δόγμασιν,
1538 668 1631 722 καὶ
1674 667 1735 722 τὸ

182 756 413 826 λαμπρὸν
429 758 487 811 ἐν
503 757 665 822 λέξει,
688 759 783 811 καὶ
801 760 860 813 τὸ
878 762 936 813 ἐν
959 762 1162 832 είδήσει
1185 762 1378 832 πικρὸν
1406 760 1731 832 θηρώμενοι,

183 850 266 903 καὶ
292 849 383 919 τὴν
409 848 633 919 λογικὴν
658 849 915 922 λατρείαν
944 851 1319 914 ἐπιτελοῦντες
1347 851 1501 922 Θεῷ;
1530 869 1549 902 ι
1578 851 1737 904 Πᾶσα

184 938 275 1009 μὲν
302 939 406 1008 γὰρ
436 940 600 1008 σοφία
640 940 794 1012 παρά
833 942 1063 1012 Κυρίου,
1108 959 1128 993 ι
1162 944 1305 995 κατὰ
1325 941 1388 994 τὸ
1415 940 1735 1012 γεγραμμέ-

182 1046 280 1082 νον.
318 1030 453 1083 Ἀλλ’
482 1033 541 1086 ἐν
581 1033 851 1105 πνεύματι
881 1035 1131 1106 κοσμικῷ
1150 1075 1165 1100 ,
1193 1037 1321 1099 τοὺς
1347 1037 1479 1106 παρ’
1511 1036 1735 1105 Ἕλλησι

181 1122 389 1192 ποιητὰς
418 1124 511 1176 καὶ
540 1124 914 1197 λογογράφους
939 1130 1019 1190 είς
1050 1129 1210 1181 τοῦτο
1230 1129 1608 1198 λαμπρότητος
1635 1127 1737 1195 τῆς

182 1214 291 1267 κατ’
318 1215 646 1283 εύγλωττίαν
683 1220 975 1288 ἀφικέσθαι
1013 1222 1215 1291 φαμέν.
1246 1221 1358 1273 Καὶ
1384 1220 1514 1289 γοῦν
1546 1221 1575 1272 ὁ
1613 1219 1736 1272 θεσ-

183 1304 354 1369 πέσιος
387 1306 597 1370 Παῦλος
619 1323 631 1337 °
669 1327 688 1359 ε
728 1309 802 1361 Ού
832 1310 893 1363 τὸ
921 1311 1138 1382 πνεῦμα
1165 1352 1178 1375 ,
1220 1313 1371 1382 φησὶ,
1398 1312 1492 1365 τοῦ
1528 1312 1734 1379 κόσμου

180 1396 353 1449 τούτου
391 1397 675 1468 ἐλάϐομεν,
706 1400 841 1454 ἀλλά
885 1402 948 1454 τὸ
989 1402 1206 1473 πνεῦμα
1245 1404 1307 1455 τὸ
1346 1405 1409 1456 ἐκ
1442 1401 1577 1455 Θεοῦ
1601 1442 1616 1464 ,
1652 1403 1736 1455 ἵνα

178 1490 360 1558 εδωμεν
402 1493 473 1547 τά
518 1493 623 1546 ὑπὸ
656 1493 751 1547 τοῦ
788 1493 924 1547 Θεοῦ
973 1495 1302 1568 χαρισθέντα
1348 1497 1516 1565 ἡμῖν’
1566 1494 1602 1548 ἃ.
1643 1494 1736 1547 καὶ

178 1583 446 1654 λαλοῦμεν,
462 1586 563 1639 ούκ
584 1587 642 1639 ἐν
662 1586 928 1651 διδακτοῖς
952 1589 1141 1657 σοφίας
1161 1589 1507 1657 ἀνθρωπίνης
1532 1586 1734 1653 λόγοις,

177 1675 279 1728 ἀλλ’
301 1678 357 1731 ἐν
390 1677 660 1745 ἀποδείξει
690 1678 1017 1750 πνεύματος.
1055 1700 1073 1733 ι
1112 1681 1234 1734 Ὀτι
1266 1680 1321 1733 δὲ
1356 1675 1425 1751 ἦν
1463 1678 1678 1749 ἀληθῶς
1706 1679 1735 1729 ό

176 1765 363 1835 Μωσῆς
395 1766 457 1818 ὲν
498 1771 677 1831 σκιαῖς
728 1767 841 1835 ἐτι,
878 1768 947 1821 τὰ
996 1768 1253 1840 ἐξαίρετα
1304 1769 1406 1838 τῆς
1443 1770 1501 1821 ὲν
1544 1768 1736 1837 κόσμῳ

175 1854 307 1925 ζωῆς
333 1856 433 1909 οὐκ
456 1857 735 1927 ἀπόϐλητα
757 1858 1083 1929 γενήσεσθαι
1112 1858 1288 1927 λέγων
1313 1858 1390 1929 τῷ
1416 1856 1558 1912 κατά
1577 1856 1735 1926 φύσιν

1840 667 1936 737 qui
1971 666 2250 736 sapientia
2281 665 2571 719 mundana
2600 663 2767 718 armis
2803 680 2904 734 pro
2963 664 3132 720 sacris
3184 665 3415 723 divinis-

1840 774 1949 827 que
1985 758 2191 813 nostris
2220 757 2487 827 dogmatis
2515 764 2746 820 certant,
2781 768 2839 811 et
2876 757 3133 813 dictionis
3162 759 3417 828 splendo-

1843 864 1958 903 rem
1988 850 2340 919 conjunctum
2366 863 2491 902 cum
2516 848 2759 903 scientia
2786 849 3087 904 acrimonia
3115 860 3414 917 sectantur,

1839 955 1905 995 ac
1960 941 2073 995 Deo
2120 940 2385 994 rationale
2452 940 2777 1008 obsequium
2823 941 3125 996 exhibent?
3156 942 3417 1007 Quamvis

1839 1030 2048 1100 enim}
2080 1030 2260 1083 omnis
2324 1029 2590 1097 sapientia
2647 1045 2677 1083 a
2733 1030 2985 1096 Domino,
3010 1032 3052 1063 ’⁷
3091 1041 3128 1083 ι’
3171 1043 3231 1086 ut
3280 1034 3416 1089 scri-

1840 1131 1995 1191 ptum
2052 1130 2155 1185 est,
2215 1130 2395 1175 tamen
2455 1131 2645 1191 poetas
2706 1124 2991 1192 gentilium
3065 1134 3229 1195 atque
3277 1128 3416 1181 scri-

1842 1219 2027 1279 ptores
2054 1211 2331 1265 mundano
2364 1210 2559 1281 spiritu
2593 1211 2660 1265 ad
2700 1227 2824 1265 eum
2860 1214 3187 1281 eloquentia
3232 1216 3417 1285 splen-

1842 1302 2032 1356 dorem
2074 1302 2386 1371 pervenisse
2418 1302 2692 1368 dicimus;
2737 1303 2919 1373 itaque
2960 1305 3154 1360 beatus
3194 1306 3415 1372 Paulus,

1850 1413 1867 1445 ι
1912 1394 2031 1448 Non
2062 1394 2320 1463 spiritum
2358 1414 2403 1457 ι,
2443 1395 2641 1464 inquit,
2686 1415 2703 1446 ι
2734 1398 2925 1452 mundi
2983 1398 3149 1469 hujus
3200 1404 3418 1472 accepi-

1843 1502 1985 1549 mus,
2024 1487 2119 1540 sed
2148 1487 2402 1556 spiritum
2427 1488 2522 1558 qui
2545 1504 2611 1543 ex
2650 1490 2762 1544 Deo
2791 1500 2895 1555 est,
2934 1501 2994 1546 ut
3019 1493 3255 1550 sciamus
3298 1512 3419 1566 qua

1841 1594 1873 1632 a
1911 1579 2021 1632 Deo
2055 1578 2256 1633 donata
2287 1588 2416 1632 sunt
2448 1579 2643 1645 nobis;
2682 1597 2804 1651 qua
2836 1593 2891 1637 et
2920 1584 3199 1655 loquimur
3225 1603 3335 1642 non
3362 1589 3418 1643 in

1842 1669 2300 1738 persuasibilibus
2333 1670 2585 1727 humana
2640 1674 2918 1743 sapientia
2971 1677 3173 1742 verbis,
3217 1679 3313 1733 sed
3363 1681 3419 1734 in

1842 1762 2153 1817 ostensione
2174 1763 2399 1833 spiritus
2423 1765 2489 1817 ".
2524 1785 2541 1817 ι
2574 1764 2731 1831 Quod
2756 1782 2885 1823 vero
2915 1769 3141 1840 Moyses,
3170 1771 3297 1827 licet
3319 1773 3419 1827 ad-

1842 1854 2115 1919 umbrate,
2138 1870 2265 1909 vere
2294 1864 2474 1911 tamen
2500 1858 2664 1921 dicat,
2687 1874 2809 1928 qua
2834 1860 2888 1914 in
2918 1862 3029 1916 vita
3048 1863 3152 1918 hac
3172 1864 3419 1921 saculari

174 1943 312 2013 Θεῷ,
359 1947 705 2016 παραχρῆμα
746 1947 1019 1999 δείκνυσιν
1054 1946 1339 2017 ἐναργῶς,
1376 1947 1515 2017 πλὴν
1556 1946 1631 2008 ὡς
1674 1946 1732 1997 ὲν

1845 1948 2112 2017 pracipua
2153 1947 2445 2012 habentur,
2478 1964 2541 2003 ea
2582 1951 2807 2007 minime
2834 1970 2867 2008 a
2900 1956 3012 2011 Deo
3037 1972 3170 2013 vero
3212 1960 3417 2029 respui,

172 2033 312 2104 τύπῳ
338 2036 436 2087 καὶ
474 2039 622 2108 σκιᾷ.
666 2038 801 2090 Θεοῦ
829 2039 939 2109 γὰρ
978 2038 1405 2109 προστάττοντος
1452 2036 1735 2092 σκυλεύειν

173 2126 284 2189 τοὺς
309 2124 664 2194 Αἰγυπτίους,
700 2132 877 2198 χρυσᾶ
908 2147 966 2183 τε
996 2131 1089 2184 καὶ
1120 2132 1338 2203 ἀργυρᾶ
1381 2130 1549 2201 σκεύη
1598 2130 1735 2201 χρή-

174 2217 350 2270 σασθαι
376 2218 494 2272 δεῖν
523 2218 725 2288 ἔφασκε
746 2262 761 2285 ,
793 2221 947 2291 παρά
981 2238 1040 2274 τε
1074 2223 1341 2293 συσκήνου
1363 2222 1454 2275 καὶ
1478 2221 1733 2291 γείτονος,

172 2307 197 2358 ὃ
220 2306 277 2377 δὴ
306 2307 397 2360 καὶ
434 2308 755 2379 περαίνεται
779 2309 867 2364 διά
897 2311 1190 2378 γυναικῶν.
1226 2311 1472 2381 Ψίθυρον
1506 2311 1614 2382 γὰρ
1648 2310 1735 2363 ἀεί

172 2398 276 2460 πώς
308 2399 423 2451 ἐστι
455 2400 516 2451 τὸ
549 2399 738 2471 χρῆμα
768 2401 863 2455 καὶ
906 2400 1256 2466 λαλίστατον,
1292 2403 1385 2455 καὶ
1420 2402 1556 2473 πρὸς
1592 2401 1736 2454 ἀπά-

170 2505 257 2560 την
282 2490 610 2560 εὐμήχανον.
634 2492 811 2563 Σκεύη
838 2493 895 2546 δέ
925 2488 1080 2565 οἶμαι
1107 2496 1282 2564 χρυσᾶ
1317 2510 1377 2546 τε
1408 2493 1501 2546 καὶ
1521 2493 1738 2564 ἀργυρᾶ

172 2581 305 2651 παρά
330 2581 441 2634 τῶν
472 2582 784 2651 Αίγυπτίων
813 2585 898 2654 εἴη
931 2584 1022 2646 ἂν,
1060 2586 1312 2655 καθάπερ
1343 2584 1546 2655 ἀρτίως
1575 2583 1734 2651 έφην,

168 2672 229 2725 τά
248 2668 323 2736 οἷς
343 2669 412 2744 ἦν
430 2673 586 2737 εἰκὸς
612 2676 1115 2746 κατασεμνύνεσθαι
1136 2676 1241 2729 τῶν
1266 2678 1324 2729 ἐν
1353 2676 1541 2745 κόσμῳ
1561 2677 1734 2739 τινὰς.

170 2764 212 2814 εἱ
239 2763 327 2816 καὶ
368 2762 510 2816 Θεὸν
556 2763 782 2835 εῐδησαν
810 2766 901 2819 τὸν
930 2766 1205 2836 ἀληθινόν.
1257 2768 1412 2820 Ἐστι
1450 2765 1506 2819 δὲ
1531 2766 1559 2819 ὃ
1595 2783 1736 2836 φημι

168 2853 350 2906 τοιόνδε
385 2871 439 2907 τι
492 2854 676 2909 πάλιν.
707 2856 877 2909 Κοινὰ
914 2859 1014 2927 μὲν
1051 2857 1158 2929 γάρ
1190 2857 1393 2911 ἅπασιν
1429 2856 1737 2929 ἀνθρώποις

170 2945 231 2998 τὰ
267 2946 355 2998 νοῦ
400 2963 464 2999 τε
513 2949 611 3001 καὶ
643 2948 821 3019 ψυχῆς
872 2951 1184 3020 κινήματα,
1230 2950 1325 3003 καὶ
1373 2952 1406 3021 ή
1460 2950 1594 3021 πρὸς
1630 2951 1739 3003 πᾶν

171 3036 331 3089 ὁτιοῦν
358 3038 742 3108 ἐπιτηδειότης
775 3039 982 3109 ἀγαθοῦ
1002 3057 1062 3093 τε
1097 3041 1191 3094 καὶ
1220 3039 1478 3111 πονηροῦ.
1522 3040 1659 3093 Ἀλλ’
1689 3041 1739 3092 οί

176 3126 263 3194 μὲν
288 3132 395 3193 τοῖς
425 3130 531 3199 τῆς
568 3130 781 3199 φύσεως
812 3131 1278 3203 πλεονεκτήμασιν
1305 3131 1740 3203 ἀποκεχρημένοι

170 3220 337 3284 καλῶς
357 3262 372 3287 ,
406 3221 503 3274 τὸν
546 3222 744 3276 εὐκλεᾶ
777 3224 878 3276 καὶ
924 3222 1201 3295 ἐξαίρετον
1252 3223 1574 3295 κατορθοῦσι
1602 3223 1735 3292 βίον.

1838 2040 2101 2094 continuo
2137 2039 2424 2094 evidenter
2472 2043 2733 2108 ostendit,
2775 2046 2829 2100 in
2863 2048 3035 2119 ﬁgura
3068 2051 3332 2108 duntaxat
3363 2062 3421 2109 et

1839 2133 2054 2186 umbr‘a.
2083 2134 2179 2186 Dei
2218 2148 2455 2201 namque
2484 2133 2661 2203 jussu,
2694 2135 2977 2208 Egyptios
3017 2144 3271 2210 spoliare,
3317 2161 3417 2200 au-

1838 2239 2040 2293 reaque
2071 2233 2127 2279 et
2161 2234 2415 2293 argentea
2460 2239 2588 2279 vasa
2631 2238 2824 2283 mutuo
2870 2232 3118 2302 accipere
3165 2245 3419 2305 oportere

1836 2318 1971 2371 dicit
2000 2333 2031 2372 a
2056 2319 2434 2377 contubernali
2472 2318 2633 2376 simul
2685 2332 2846 2395 atque
2883 2327 3085 2382 vicino.
3135 2328 3292 2394 Quod
3334 2330 3420 2400 ip-

1841 2421 1963 2460 sum
1983 2423 2083 2476 per
2111 2410 2371 2465 mulieres
2395 2414 2697 2482 perfectum
2719 2424 2835 2482 est;
2873 2419 3238 2473 susurrationi
3260 2436 3419 2475 nam-

1838 2512 1946 2566 que
1978 2498 2025 2553 is
2062 2515 2226 2555 sexus
2266 2511 2436 2559 estet
2482 2505 2800 2574 loquacitati
2852 2508 3189 2577 aptissimus,
3240 2518 3296 2566 et
3352 2511 3420 2567 ad

1838 2590 2129 2644 struendas
2164 2591 2384 2648 fraudes
2422 2594 2757 2665 ingeniosus.
2794 2598 2932 2652 Vasa
2960 2614 3127 2669 porro
3164 2617 3329 2657 aurea
3365 2613 3424 2658 et

1839 2691 2096 2751 argentea
2134 2694 2326 2739 mutuo
2356 2686 2425 2741 ab
2456 2687 2724 2759 «Egyptiis
2749 2701 2964 2761 sumpta
3003 2701 3151 2758 sunt,
3195 2704 3256 2749 ut
3298 2695 3420 2763 opi-

1839 2786 1962 2835 nor,
1995 2787 2059 2826 ac
2093 2773 2257 2828 modo
2282 2774 2417 2840 dixi,
2451 2776 2520 2831 de
2561 2778 2765 2847 quibus
2802 2795 3020 2849 aquum
3057 2792 3205 2837 esset
3250 2800 3421 2853 quos-

1840 2861 1965 2915 dam
2015 2864 2111 2932 qui
2161 2865 2219 2917 in
2267 2867 2467 2921 saculo
2498 2876 2627 2922 sunt
2672 2870 2914 2939 gloriari,
2956 2873 3000 2927 si
3049 2874 3218 2928 iidem
3249 2876 3421 2930 Deum

1838 2968 2059 3022 quoque
2081 2970 2273 3009 verum
2301 2968 2676 3027 agnoscerent.
2723 2961 2821 3015 Est
2844 2970 3027 3018 autem
3052 2964 3107 3019 id
3129 2966 3275 3034 quod
3299 2966 3424 3023 dico

1841 3061 2033 3099 rursus
2066 3047 2469 3118 hujuscemodi.
2502 3050 2835 3109 Communes
2874 3065 3003 3109 sunt
3029 3057 3289 3112 omnibus
3319 3058 3421 3113 ho-

1841 3137 2084 3193 minibus
2115 3140 2316 3195 mentis
2348 3149 2514 3211 atque
2547 3143 2743 3199 anima
2771 3153 2972 3209 motus,
3012 3155 3067 3201 et
3116 3159 3301 3218 aptum
3352 3149 3422 3204 ad

1841 3229 2026 3283 omnia
2065 3230 2344 3300 ingenium
2378 3239 2494 3287 tum
2535 3234 2601 3287 ad
2635 3235 2861 3300 bonum,
2906 3246 3020 3291 tum
3076 3239 3142 3293 ad
3196 3242 3420 3298 malum.

174 3310 233 3360 Οί
254 3326 312 3377 γε
342 3311 449 3381 μὴν
479 3311 570 3379 ἐφ’
596 3309 632 3364 ἀ
665 3312 739 3381 μὴ
790 3312 1067 3382 προσῆκεν
1096 3312 1432 3382 ἀνοητότατα
1461 3312 1738 3385 παρατρέ-

1845 3314 1952 3370 Sed
1977 3318 2073 3387 qui
2107 3326 2318 3374 natura
2343 3325 2821 3389 prastantioribus
2845 3326 3005 3381 donis
3051 3338 3200 3383 recte
3253 3338 3422 3385 utun-

172 3413 381 3462 τωντες,
409 3400 891 3471 παρασημαίνουσί
920 3418 1035 3463 πως
1068 3400 1137 3453 τά
1178 3401 1276 3471 τῆς
1310 3400 1523 3468 φύσεως
1561 3399 1740 3468 ἀγαθά

174 3491 254 3540 καὶ
273 3490 367 3562 τὴν
397 3490 484 3544 ἐπ’
522 3490 822 3560 αίσχίστοις
857 3490 991 3544 ίέναι
1016 3491 1223 3563 τρίϐον.
1270 3492 1515 3563 Ἀνδρεία
1545 3510 1605 3545 τε
1630 3493 1741 3564 γὰρ

177 3579 257 3633 καὶ
302 3582 565 3652 φρόνησις
613 3581 754 3635 καλά
802 3583 902 3653 μὲν
946 3585 1059 3645 τοῖς
1112 3584 1309 3654 ἄριστα
1355 3584 1740 3655 κεχρημένοις,

177 3671 423 3742 ἐπιζήμια
453 3673 514 3725 δὲ
549 3674 662 3736 τοῖς
685 3672 786 3727 οὐκ
811 3673 1026 3745 ἔχουσιν
1058 3673 1234 3743 ὀρθῶς
1254 3691 1270 3703 ο
1299 3674 1474 3740 ἔξεστι
1507 3674 1606 3745 μὲν
1634 3677 1743 3747 γάρ

176 3763 503 3835 ἀνδρίζεσθαι
558 3765 653 3818 καὶ
702 3768 920 3836 φρονεῖν
963 3768 1059 3819 σὺν
1103 3767 1307 3835 ἐπαίνῳ
1360 3768 1453 3819 καὶ
1498 3769 1740 3837 κρότοιςο

177 3854 336 3917 ἔξεστι
360 3855 417 3909 δέ
444 3851 515 3910 αὖ
540 3856 639 3909 σὺν
669 3856 836 3927 πολλῇ
867 3857 931 3927 δὴ
957 3857 1129 3911 ταῦτα
1160 3858 1456 3927 κεκτῆσθαι
1477 3859 1740 3929 καταϐοῇ.

179 3946 331 4001 Ταυτὶ
355 3949 421 4020 δὴ
446 3949 610 4002 κοινά
634 3949 727 4001 καί
754 3949 813 4002 ἐν
840 3948 1005 4001 πᾶσίν
1027 3950 1162 4014 ἐστι,
1189 3950 1282 4001 καὶ
1301 3950 1359 4001 ἐν
1382 3952 1491 4012 τοῖς
1513 3949 1591 4003 ἔτι
1612 3950 1744 4003 πλα-

179 4040 445 4109 νωμένοις,
478 4041 577 4094 καὶ
604 4042 661 4092 ἐν
687 4043 800 4103 τοῖς
829 4040 992 4093 είδόσι
1016 4040 1169 4093 Θεόν.
1194 4041 1323 4094 Ὅτε
1354 4039 1485 4109 γοῦν
1515 4042 1550 4113 ἡ
1580 4041 1745 4094 πάλαι

178 4131 496 4201 φαυλότητος
517 4131 746 4201 ἐργάτις
772 4131 1015 4203 ἀνδρεία,
1038 4132 1133 4185 καὶ
1155 4131 1214 4185 τὸ
1238 4133 1296 4184 ἐν
1316 4132 1526 4184 συνέσει
1550 4133 1747 4202 πικρὸν

186 4225 603 4294 μετατρέποιντο
638 4223 773 4293 πρὸς
806 4222 963 4293 ήμῶν
1009 4224 1089 4286 είς
1132 4223 1192 4275 τὸ
1239 4222 1430 4276 δοκοῦν
1468 4222 1545 4293 τῷ
1591 4223 1742 4294 Θεῷ,

184 4316 449 4385 μονονουχὶ
493 4315 592 4368 καὶ
624 4315 684 4378 ἐξ
722 4313 1037 4383 Αἰγυπτίων
1076 4313 1382 4383 ληφθέντα,
1418 4317 1511 4369 καὶ
1542 4317 1605 4369 ἐκ
1648 4320 1747 4387 τῆς

181 4406 234 4455 ἐν
256 4406 442 4477 κόσμῳ
468 4406 618 4477 ζωῆς
640 4446 655 4469 ,
691 4406 811 4476 ίερά
838 4422 897 4457 τε
939 4406 1033 4458 καὶ
1059 4406 1429 4474 εὐπρόσδεκτα
1461 4408 1748 4477 γενήσεται

180 4495 251 4567 τῷ
269 4497 383 4569 Θεῷ
404 4515 418 4529 ο
452 4496 918 4569 μεταρυθμίζεται
947 4497 1054 4569 γὰρ
1081 4497 1159 4560 είς
1181 4497 1383 4567 ἀρετῆς
1410 4498 1620 4568 χρείαν,
1654 4500 1749 4550 καὶ

1846 3413 1956 3470 tur,
2000 3409 2317 3475 praeclaram
2361 3419 2525 3479 atque
2579 3413 2851 3483 egregiam
2891 3415 3057 3469 vitam
3107 3428 3276 3487 agunt
3321 3429 3424 3475 :at

1842 3499 1937 3568 qui
1981 3500 2097 3555 hac
2156 3500 2225 3555 ad
2279 3516 2343 3555 ea
2392 3518 2513 3571 qua
2565 3504 2791 3559 minime
2831 3515 3046 3575 oportet
3105 3509 3424 3565 stultissime

1844 3589 2192 3660 detorquent,
2237 3590 2482 3646 indicant
2524 3594 2758 3662 quodam
2809 3596 2972 3650 modo
3017 3608 3229 3654 natura
3282 3600 3424 3655 bona

1844 3676 2007 3730 etiam
2039 3676 2106 3731 ad
2140 3692 2225 3732 res
2254 3679 2602 3748 turpissimas
2636 3681 2918 3737 transferri
2955 3700 3137 3754 posse.
3179 3688 3421 3744 Fortitu-

1846 3767 1916 3821 do
1956 3768 2102 3821 enim
2141 3778 2195 3823 et
2238 3770 2551 3838 prudentia,
2584 3773 2844 3840 praclara
2886 3784 3014 3830 sunt
3058 3777 3153 3833 illa
3201 3780 3423 3849 quidem

1846 3858 2050 3927 optime
2095 3860 2398 3925 utentibus,
2434 3862 2627 3917 eadem
2680 3875 2870 3918 rursus
2916 3882 3027 3920 non
3064 3875 3211 3923 recte
3249 3871 3424 3938 possi-

1846 3950 2108 4006 dentibus
2133 3953 2294 4007 noxia
2317 3970 2329 4006 :
2365 3954 2636 4023 contingit
2664 3956 2811 4009 enim
2850 3957 3067 4012 fortiter
3091 3975 3155 4015 ac
3182 3961 3424 4030 pruden-

1851 4046 1934 4093 ter
1965 4055 2024 4094 se
2064 4056 2255 4108 gerere
2298 4058 2425 4096 cum
2476 4044 2734 4098 laudibus
2781 4060 2846 4100 ac
2893 4047 3109 4117 plausu,
3159 4051 3430 4121 contingit

1851 4133 1981 4185 item
2022 4132 2137 4186 hac
2185 4133 2375 4187 eadem
2424 4149 2549 4187 cum
2606 4150 2801 4206 magno
2851 4138 3097 4193 omnium
3158 4140 3427 4197 dedecme

1849 4222 2147 4291 possidere.
2215 4224 2341 4278 Hac
2421 4233 2603 4280 autem
2657 4230 2968 4282 communia
3015 4236 3178 4293 sunt,
3248 4239 3304 4284 et
3371 4231 3424 4285 in

1848 4312 1958 4384 46
1993 4314 2268 4377 omnibus,
2303 4322 2411 4367 tam
2446 4314 2501 4368 in
2542 4316 2607 4369 iis
2634 4316 2727 4383 qui
2753 4316 2934 4372 adhuc
2971 4318 3026 4373 in
3065 4335 3255 4375 errore
3301 4338 3426 4375 ver-

1850 4414 2060 4469 santur,
2092 4420 2254 4474 quam
2282 4405 2337 4458 in
2358 4405 2428 4460 iis
2450 4406 2545 4474 qui
2566 4406 2739 4460 Deum
2769 4419 3133 4477 agnoverunt.
3156 4410 3291 4466 Cum
3324 4414 3425 4483 igi—

1852 4506 1942 4551 tur
1972 4495 2258 4558 fortitudo,
2293 4510 2413 4564 qua
2439 4494 2592 4565 prius
2617 4497 2875 4565 nequitia
2908 4497 3084 4553 fuerat
3122 4500 3337 4565 artifex,
3371 4512 3430 4558 et

183 4587 464 4659 ὑπουργίαν
485 4586 786 4657 ἀγιασμοῦ,
815 4587 1063 4659 καθάπερ
1091 4588 1282 4658 ἀμέλει
1301 4588 1369 4641 τά
1390 4589 1450 4653 ἐξ
1472 4589 1740 4659 Αἰγύπτου

1852 4586 1986 4641 illud
2028 4600 2261 4640 acumen
2331 4584 2701 4653 intelligentia
2732 4586 2801 4640 ab
2840 4586 3105 4658 :Egyptiis
3159 4590 3431 4659 quodamv

186 4678 338 4749 σκεύη
374 4682 559 4750 χρυσᾶ
586 4696 646 4731 τε
667 4680 759 4732 καὶ
779 4680 996 4751 ἀργυρᾶ
1030 4680 1165 4751 πρὸς
1189 4682 1536 4751 κατασκευήν
1568 4698 1628 4734 τε
1654 4682 1749 4734 καὶ

184 4770 518 4842 ἀποτέλεσμα
548 4772 648 4843 τῆς
686 4772 848 4839 ἁγίας
900 4773 1103 4841 σκηνῆς
1149 4771 1429 4843 ἀνεδείχθη
1480 4774 1745 4843 χρήσιμα.

186 4861 327 4914 Μετά
342 4864 398 4916 δὲ
426 4864 489 4915 τὸ
514 4862 810 4916 σκυλεῦσαι
825 4863 949 4926 τοὺς
970 4863 1318 4932 Αἰγυπτίους,
1348 4863 1568 4917 καὶτῶν
1599 4881 1749 4935 πρω-

185 4956 402 5010 τοτόκων
418 4957 515 5010 τὸν
532 4956 783 5018 θάνατον,
807 4955 1169 5026 λελύτρωνται
1192 4955 1342 5025 μόλις
1361 4956 1412 5007 οί
1427 4955 1486 5021 ἐξ
1511 4954 1747 5026 Ἰσραὴλ,

188 5048 582 5112 καταθύσαντες
607 5047 697 5101 τὸν
721 5049 890 5119 ἀμνὸν
921 5050 1000 5113 είς
1030 5047 1200 5101 τύπον
1240 5046 1480 5120 Χριστοῦ
1501 5064 1515 5077 ·
1545 5042 1613 5117 ἦν
1642 5048 1747 5119 γὰρ

187 5143 276 5213 οὐχ
302 5144 505 5215 ἑτέρως
530 5143 793 5198 δύνασθαι
816 5142 908 5197 τοῦ
924 5142 1132 5197 τοιοῦδε
1151 5145 1354 5213 τυχεῖν,
1382 5141 1613 5213 ἐπείπερ
1636 5143 1749 5195 ἐστὶ

191 5234 327 5286 πᾶσα
352 5234 624 5306 λύτρωσις
652 5235 709 5287 ἐν
746 5233 967 5305 Χριστῷ
986 5275 1001 5297 ,
1031 5235 1123 5286 καὶ
1147 5232 1212 5285 δι’
1240 5231 1404 5285 αὑτοῦ
1434 5234 1583 5286 πᾶσα
1605 5232 1751 5295 δόσις

190 5325 378 5396 ἀγαθή.
417 5326 829 5397 Ἐκπέμπονται
851 5326 906 5379 δὲ
927 5325 1027 5396 τῆς
1057 5325 1386 5393 Δίγυπτίων,
1413 5323 1554 5377 κατά
1581 5324 1752 5394 μέσην

191 5414 348 5469 νύκτα
366 5456 380 5479 ,
406 5417 691 5488 μονονουχὶ
712 5415 934 5479 σκότους
961 5432 1019 5468 τε
1043 5414 1177 5485 ὁμοῦ
1202 5414 1295 5467 καὶ
1313 5414 1552 5477 δουλείας
1572 5414 1750 5467 ἀπαλ-

192 5505 515 5579 λαττόμενοι.
572 5510 660 5562 Ἐν
682 5509 789 5579 γάρ
809 5525 890 5561 τοι
925 5507 1099 5577 σκότῳ
1136 5505 1213 5576 τῷ
1237 5504 1430 5576 νοητῷ,
1453 5506 1545 5558 καὶ
1565 5507 1665 5557 οὐκ
1693 5507 1750 5557 ἐν

195 5602 320 5665 φωτί
340 5600 417 5671 τῷ
443 5601 605 5670 θείῳ,
637 5599 698 5652 τὸ
724 5598 907 5653 δοῦλον
930 5601 1006 5661 είς
1041 5598 1314 5669 ἁμαρτίαν
1348 5597 1433 5650 ἀεί
1467 5614 1583 5658 πως
1612 5591 1749 5649 εἶναι

194 5693 345 5764 φιλεῖ.
396 5713 414 5746 ι
454 5696 575 5756 Πᾶς
613 5694 717 5763 γὰρ
748 5694 777 5746 δ
821 5692 890 5745 τά
936 5690 1114 5761 φαῦλα
1162 5690 1421 5761 πράσσων
1447 5730 1462 5756 ,
1500 5691 1650 5759 μισεῖ
1687 5689 1750 5741 τὸ

336 5869 565 5930 Eccli.l,
602 5868 648 5921 1.
721 5870 766 5899 ¹⁴
796 5868 817 5922 l
846 5866 971 5921 Cor.
996 5883 1053 5925 ιι.
1087 5866 1172 5919 12.
1249 5867 1293 5897 ²¹⁵
1314 5866 1427 5919 Jac.
1447 5880 1485 5924 ι,
1530 5865 1617 5917 17.

1854 4677 2017 4732 modo
2047 4687 2103 4732 et
2128 4692 2159 4731 a
2196 4676 2444 4732 saculari
2475 4677 2587 4731 vita
2616 4685 2893 4747 sumptum
2942 4680 3010 4734 ad
3061 4681 3115 4735 id
3158 4684 3429 4737 converti-

1854 4786 1996 4834 mus,
2039 4768 2183 4839 quod
2230 4769 2341 4823 Deo
2384 4776 2596 4838 gratum
2634 4777 2737 4832 est,
2788 4785 2939 4825 sacra
2975 4780 3090 4825 tum
3133 4781 3298 4826 erunt
3333 4788 3425 4826 ac-

1854 4870 2120 4930 ceptaque
2170 4859 2327 4923 Deo;
2379 4858 2785 4915 transferuntur
2859 4861 3007 4915 enim
3064 4860 3136 4915 ad
3200 4862 3428 4917 virtutis

1855 4968 2015 5008 usum
2046 4953 2460 5022 sanctitatisque
2478 4953 2887 5017 ministerium;
2923 4961 2983 5008 ut
3026 4953 3117 5007 illa
3164 4953 3423 5008 nimirum

1855 5061 1924 5101 ex
1951 5044 2179 5117 Egypto
2202 5060 2365 5100 aurea
2396 5054 2761 5115 argenteaque
2784 5059 2913 5098 vasa
2939 5043 3007 5097 ad
3038 5044 3427 5099 exstruendum

1857 5134 2357 5206 perliciendumque
2389 5134 2800 5189 tabernaculum
2834 5131 2989 5186 utilia
3039 5131 3207 5188 fuisse
3245 5132 3429 5187 decla-

1858 5236 2038 5282 ratum
2072 5236 2173 5280 est.
2212 5227 2341 5281 Post
2362 5224 2808 5294 exspoliationcm
2848 5223 3015 5293 igitur
3054 5222 3427 5295 [Egyptiorum

1859 5334 1923 5373 ac
1969 5326 2201 5373 mortem
2252 5317 2757 5387 primogenitorum,
2794 5316 2883 5369 vix
2928 5314 3146 5371 tandem
3211 5314 3428 5372 liberati

1860 5418 1986 5466 sunt
2014 5411 2287 5473 Israelita,
2314 5425 2436 5464 cum
2457 5425 2652 5479 agnum
2684 5408 2738 5462 in
2760 5407 2960 5462 Christi
2983 5409 3206 5477 ﬁguram
3229 5408 3426 5462 immo—

1861 5505 2097 5567 lassent;
2120 5518 2296 5572 neque
2323 5500 2468 5555 enim
2500 5499 2553 5553 id
2576 5500 2733 5553 aliter
2752 5499 2969 5567 assequi
3000 5505 3280 5568 poterant;
3304 5512 3428 5552 nam

1859 5596 2039 5652 omnis
2070 5595 2375 5665 redemptio
2398 5594 2452 5646 in
2481 5592 2703 5647 Christo
2724 5599 2831 5654 est,
2855 5606 2916 5646 ac
2944 5606 3040 5661 per
3066 5590 3244 5660 ipsum
3267 5602 3431 5643 omne

1862 5689 2049 5743 datum
2093 5687 2361 5757 optimum
2385 5686 2449 5737 '9.
2485 5683 2823 5739 Emittuntur
2865 5692 3043 5739 autem
3095 5697 3162 5736 ex
3198 5678 3435 5751 Egypto
