4076 6494
232 372 343 434 ’909

971 376 1060 433 DE
1098 375 1537 434 ADORATIONE
1574 377 1643 433 ΙΝ
1682 377 1949 435 SPIRITU
1994 376 2081 432 ET
2123 376 2488 433 VERITATE.
2525 377 2651 431 LIB.
2694 377 2734 431 1.

3370 381 3473 436 210

240 489 671 562 κατεσφιγμένοι,
720 488 1214 560 κατολοφυρόμενοι
1266 490 1544 558 λέγουσιν’
1596 511 1613 544 ι
1683 492 1800 545 Ἐπὶ

1904 496 2117 544 rentur.
2151 486 2258 543 Sed
2290 503 2414 543 cum
2452 495 2635 543 essent
2663 491 2807 558 apud
2832 494 3047 543 exteras
3066 490 3315 545 nationes
3345 492 3473 562 jngo

236 589 350 649 ταῖς
378 584 542 647 ίτέαις
568 585 626 637 ὲν
662 583 813 653 μέσῳ
847 583 1019 653 αὐτῆς
1040 622 1055 648 ,
1087 585 1473 654 ὲκρεμάσαμεν
1504 584 1572 637 τά
1597 583 1799 655 ὄργανα

237 677 385 748 ἡμῶν
403 692 415 706 ·
458 694 477 725 ι
507 674 568 725 τὸ
597 676 655 726 ὲν
680 673 840 744 ᾠδαῖς
874 674 1197 743 ἀπρακτεῖν,
1229 673 1295 726 δι’
1325 673 1489 728 αὑτοῦ
1516 674 1579 744 δὴ
1611 675 1799 726 τούτου

239 766 750 836 κατασημαίνοντες.
781 765 1066 834 Ἀκαρπον
1104 764 1246 835 γὰρ,
1284 764 1481 835 μᾶλλον
1515 764 1571 816 δὲ
1609 764 1803 817 ὠλεσί-

240 876 435 928 καρπον
460 858 492 928 ἡ
524 857 637 909 ἰτέα
666 857 853 924 φυτὸν,
888 858 1101 928 εἴρηται
1130 856 1240 927 γάρ
1268 857 1363 909 ὡδὶ
1394 857 1542 928 παρά
1574 857 1665 909 τοῦ
1695 856 1802 909 τῶν

154 996 163 1005 .
239 951 358 1020 παρ’
385 948 611 1018 Ἕλλησι
638 946 898 1019 ποιητῶν.
938 948 1208 1000 Ἀνὲκειτο
1228 948 1406 1001 τοίνυν
1431 950 1510 1010 είς
1531 948 1801 1012 ἀπραξίαν

237 1057 290 1093 τε
330 1040 419 1091 καὶ
466 1038 746 1109 ἀκαρπίαν
780 1038 846 1091 τὰ
882 1038 981 1107 τῆς
1013 1038 1159 1107 ᾠδῆς
1187 1038 1395 1109 ὄργανα
1416 1056 1429 1068 ·
1471 1040 1565 1093 καλ⁹
1593 1039 1692 1110 τῆς
1722 1039 1802 1103 είς

238 1129 380 1183 τοῦτο
402 1130 687 1201 ῥᾳστώνης
709 1130 809 1200 τὴν
832 1130 1084 1201 ἀφορμὴν
1110 1131 1543 1204 ἀνακεκραγότες
1564 1131 1797 1199 λέγουσι’

242 1239 257 1271 ε
285 1221 402 1283 Πῶς
428 1220 648 1291 ᾄδωμεν
672 1222 769 1289 τὴν
789 1220 928 1292 ᾠδὴν
960 1221 1165 1291 Κυρίου
1186 1221 1278 1275 ἐπὶ
1306 1223 1410 1291 γῆς
1430 1222 1747 1293 άλλοτρίας;
1775 1242 1792 1275 ι

235 1310 649 1380 Διακομίσαντος
679 1309 736 1363 δὲ
772 1310 953 1373 αὐτοῖς
984 1311 1078 1364 τοῦ
1112 1312 1323 1383 Βαροὺχ
1368 1311 1493 1374 τοὺς
1534 1312 1799 1383 Ἱερεμίου

233 1400 433 1467 λόγους,
476 1400 733 1455 Ἔκλαιον
764 1402 985 1465 πάντες,
1023 1404 1179 1471 φησι,
1234 1403 1326 1455 καὶ
1360 1404 1648 1475 ὲνήστευον
1705 1405 1802 1459 καὶ

232 1492 451 1562 ηὔχοντο
480 1493 789 1562 προσευχὴν
821 1494 1061 1545 ἐναντίον
1105 1494 1330 1565 Κυρίουσ
1364 1496 1458 1548 καὶ
1495 1497 1801 1567 συνήγαγον

232 1582 517 1655 ἀργύριον,
572 1583 711 1635 καθὰ
751 1584 984 1637 ἑκάστου
1036 1584 1253 1638 ἐδύνατο
1307 1587 1520 1657 ἡχείρ·
1559 1590 1652 1640 καὶ
1694 1591 1801 1643 ἀπο

231 1670 469 1722 ἐστειλαν
486 1672 563 1733 είς
594 1671 946 1743 Ἰερουσαλὴμ
967 1673 1103 1743 πρὸς
1136 1673 1389 1744 Ἰωακεὶμ
1408 1676 1524 1728 υίὸν
1544 1677 1796 1741 Χελκίου,

1903 582 2187 636 servitutis
2204 581 2475 646 obstricti,
2496 581 2915 651 ingemiscentes
2933 580 3189 636 dicebant
3214 600 3225 634 :
3258 602 3275 633 ι
3299 583 3359 636 in
3382 599 3472 638 sa-

1901 672 2100 727 licibus
2122 672 2178 726 in
2203 673 2385 727 medio
2416 674 2535 743 ejus
2566 672 2950 742 suspendimus
2979 688 3178 742 organa
3204 682 3418 739 nostra;
3448 695 3467 727 ι

1901 763 2074 833 ipsam
2117 778 2151 819 a
2194 764 2533 819 carminibus
2572 764 2930 819 cessationem
2974 764 3077 819 hoc
3115 766 3233 833 ipso
3264 766 3474 835 signiﬁ-

1901 864 2126 919 cantes;
2154 853 2472 924 infrugifera
2501 863 2585 909 est
2610 855 2757 910 enim
2788 855 2974 923 stirps,
3003 855 3111 909 imo
3136 854 3475 925 frugiperda,

1902 953 1963 998 ut
1994 945 2190 999 melius
2226 945 2426 1010 dicam,
2461 945 2632 1000 salix:
2674 946 2755 999 sic
2785 946 2933 999 enim
2958 962 2987 999 a
3021 944 3211 999 Graeco
3241 946 3476 1014 quodam

1901 1046 2062 1106 poeta
2097 1037 2161 1101 “,
2216 1037 2591 1107 ὠλεσίκαρπος
2612 1077 2629 1101 ,
2659 1037 2805 1091 dicta
2849 1046 2955 1091 est.
2986 1035 3069 1090 Ad
3117 1037 3474 1101 cessationem

1904 1126 2070 1196 igitur
2095 1137 2151 1182 et
2174 1128 2519 1182 sterilitatem
2545 1143 2782 1197 appensa
2798 1135 2955 1181 erant
2977 1127 3338 1181 instrumenta
3358 1143 3478 1180 mu-

1902 1218 2045 1284 sica;
2074 1234 2405 1288 causamque
2438 1219 2764 1275 cessationis
2802 1218 2969 1289 hujus
3006 1218 3363 1273 inclamantes
3396 1218 3479 1271 di-

1900 1321 2066 1366 cunt:
2099 1332 2116 1364 ι
2154 1312 2438 1380 Quomodo
2483 1312 2827 1367 cantabimus
2869 1311 3141 1366 canticum
3173 1311 3395 1366 Domini
3420 1311 3476 1365 in

1902 1411 2045 1459 terra
2093 1405 2273 1462 ahena
2295 1405 2382 1457 ”?
2413 1403 2519 1459 Sed
2570 1418 2697 1458 cum
2734 1403 3009 1458 attulisset
3031 1402 3101 1455 ad
3138 1417 3234 1456 eos
3262 1403 3475 1456 Baruch

1898 1494 2149 1549 Jercmim
2171 1496 2339 1550 verba
2370 1513 2382 1548 :
2414 1514 2431 1546 ι
2451 1495 2681 1549 Flebant
2709 1508 2919 1555 omnes,
2960 1513 2977 1544 ι
2999 1493 3198 1562 inquit,
3226 1512 3242 1543 ι
3270 1493 3479 1563 etjeju-

1900 1587 2104 1641 nabant
2135 1594 2193 1641 et
2216 1587 2449 1642 orabant
2474 1587 2531 1640 in
2560 1593 2855 1655 c0nspectu
2886 1585 3100 1639 Domini
3124 1602 3139 1650 ;
3165 1593 3222 1638 ct
3247 1599 3477 1655 congre-

1900 1685 2163 1747 gaverunt
2179 1686 2487 1748 argentum,
2508 1677 2811 1732 secundum
2838 1676 2985 1746 quod
3014 1676 3192 1746 potuit
3215 1677 3482 1732 uniuscu-

232 1761 337 1814 υἱοῦ
358 1760 565 1832 Σαλὼμ
591 1762 684 1815 τὸν
709 1762 876 1831 ίερέα,
906 1764 999 1816 κοιλ⁹
1025 1765 1163 1833 πρὸς
1190 1766 1316 1828 τοὺς
1348 1767 1509 1838 ἱερεῖς
1538 1770 1632 1821 καὶ
1662 1768 1799 1841 πρὸς

1901 1771 2093 1840 iusque
2113 1786 2327 1836 manus,
2356 1779 2411 1826 et
2450 1772 2718 1825 miserunt
2755 1770 2808 1824 in
2837 1771 3141 1826 Jerusalem
3175 1770 3243 1824 ad
3272 1770 3479 1825 Joaeim

230 1850 398 1904 πάντα
425 1852 518 1904 τὸν
547 1853 676 1904 λαὸν
703 1852 794 1904 τὸν
830 1852 1124 1923 εὑρεθέντα
1156 1857 1273 1924 μετ’
1298 1856 1463 1910 αὑτοῦ
1502 1858 1561 1909 ὲν
1605 1858 1800 1931 Ἰερου-

1905 1859 2074 1913 ﬁlium
2096 1860 2315 1925 Ilelcim,
2332 1860 2427 1914 ﬁlii
2442 1860 2621 1915 Salom
2640 1860 2999 1923 sacerdotem,
3014 1869 3070 1914 et
3089 1859 3156 1913 ad
3175 1859 3286 1930 [‘8
3301 1875 3489 1913 sacer-t

233 1943 423 2013 σαλήμ.
456 1964 477 1995 ι
529 1944 638 1997 Καὶ
664 1944 782 2015 μεθ’
826 1944 1018 2016 ἕτεραι
1081 1964 1100 1997 ι
1136 1947 1247 1999 Καὶ
1286 1944 1466 2002 εἷπον*
1521 1946 1649 2002 Ἰδοὺ
1692 1951 1802 2002 ἀπ-

231 2038 543 2107 εστείλαμεν
566 2037 701 2109 πρὸς
726 2038 869 2107 ὑμᾶς
892 2037 1173 2109 ἀργύριον,
1203 2040 1505 2110 ἀγοράσατε
1521 2040 1615 2094 τοῦ
1633 2042 1803 2107 ἀργυ-

232 2126 337 2196 ρίου
364 2124 796 2195 ὁλοκαυτώματα
823 2125 915 2178 καὶ
946 2126 1075 2197 περὶ
1102 2127 1374 2196 ἁμαρτίας
1393 2166 1408 2187 ,
1444 2126 1537 2179 καὶ
1564 2126 1799 2190 λίϐανον,

229 2220 313 2270 καὶ
339 2219 609 2286 ποιήσατε
647 2218 844 2287 μάννα,
880 2219 972 2270 καὶ
1006 2218 1255 2270 ἀνοίσατε
1298 2220 1389 2271 ἐπὶ
1418 2218 1803 2289 θυσιαστήριον

229 2309 429 2381 Κυρίου
463 2308 557 2362 τοῦ
596 2308 731 2361 Θεοῦ
764 2308 943 2378 ἡμῶν.
987 2327 1005 2359 ι
1040 2309 1277 2379 Πρέπειν
1314 2310 1423 2378 γὰρ
1451 2309 1616 2379 ῷοντο
1650 2310 1801 2377 σφίσι

231 2402 346 2470 μὲν,
381 2402 509 2470 οὐχὶ
557 2399 707 2455 θύειν
754 2400 855 2465 ἔτι,
904 2401 1006 2470 γῆς
1050 2402 1148 2471 μὲν
1192 2401 1351 2468 ἁγίας
1390 2401 1797 2471 ὲξῳκισμένοις,

228 2493 521 2561 πράττουσι
547 2492 603 2545 δὲ
627 2492 766 2554 τέως
791 2492 896 2545 ὑπὸ
920 2492 1039 2562 Θεῷ
1069 2492 1167 2563 μὲν
1192 2493 1393 2555 οὐκέτι,
1429 2493 1800 2565 κατεζευγμέ-

226 2601 327 2648 νοις
353 2586 411 2638 δὲ
449 2584 638 2655 ῶσπερ
671 2584 843 2656 ἑτέρῳ
874 2586 967 2638 καὶ
996 2586 1101 2639 ὑπὸ
1133 2587 1293 2656 χεῖρα
1322 2584 1547 2638 πεσοῦσι
1578 2585 1678 2656 τὴν
1710 2604 1802 2639 τυ⁹

226 2677 513 2747 ραννικὴν,
544 2678 658 2738 τοῖς
687 2693 749 2744 γε
786 2677 892 2746 μὴν
930 2675 1009 2729 ἔτι
1042 2676 1140 2747 τὴν
1172 2676 1334 2744 άγίαν
1373 2675 1580 2729 οίκοῦσι
1621 2676 1797 2740 πόλιν,

224 2767 562 2838 λειτουργίας
591 2785 651 2821 τε
689 2768 788 2838 τῆς
820 2768 969 2838 ἱερᾶς
998 2767 1224 2837 λαχοῦσι
1259 2769 1359 2838 τὴν
1385 2768 1571 2834 δόξαν,
1601 2769 1799 2823 ἀπονέ-

228 2878 374 2930 μουσι
405 2860 511 2931 τὴν
536 2860 811 2931 λατρείαν,
838 2859 983 2932 ὀρθῷ
1012 2860 1212 2932 δηλαδὴ
1240 2860 1511 2931 χρώμενοι
1532 2860 1796 2932 λογισμῷ,

223 2949 350 3019 πρὸς
374 2950 482 3020 τὴν
509 2949 605 3002 τοῦ
640 2949 943 3025 πράττοντός
979 2967 1040 3003 τι
1072 2950 1165 3003 καὶ
1205 2951 1500 3018 ἀναγκαίου
1532 2952 1800 3006 κατάσκε-

222 3039 324 3108 ψιν.
361 3043 480 3094 Καὶ
518 3041 683 3104 αὐτὸς
713 3040 769 3093 δὲ
807 3043 938 3112 ἡμῖν
960 3042 989 3094 ό
1019 3040 1324 3109 σοφώτατος
1360 3041 1588 3112 Δανιὴλ,
1638 3042 1799 3112 ίερῶν

226 3132 315 3201 μὲν
349 3134 534 3203 εἴχετο
573 3132 1031 3203 σπουδασμάτων,
1060 3131 1195 3203 ὁμοῦ
1229 3132 1285 3186 δὲ
1325 3134 1419 3186 καὶ
1458 3136 1569 3195 τοῖς
1617 3132 1797 3198 ἄλλοις

225 3223 570 3292 αίχμάλωτος
630 3223 740 3291 ὢν,
815 3224 877 3277 τὸ
938 3224 1038 3294 τῆς
1095 3224 1341 3295 ἀνάγκης
1413 3222 1799 3292 κατεσοφίζετο

223 3313 430 3383 χρῆμα,
474 3311 586 3363 Καὶ
613 3311 732 3364 τίνα
757 3312 976 3382 τρόπον,
1006 3312 1134 3381 ἐρῶ·
1164 3311 1503 3382 προσηύχετο
1526 3311 1634 3382 γὰρ
1653 3314 1800 3383 τρεῖς

221 3404 312 3471 τῆς
358 3402 581 3474 ἡμέρας
615 3404 858 3474 καιρούς.
904 3402 1043 3456 Ἀλλ’
1064 3398 1203 3474 ἦσαν
1236 3401 1382 3472 αὐτῷ
1416 3401 1710 3471 βλέπουσαί
1741 3417 1801 3453 τε

223 3495 311 3547 καὶ
339 3494 693 3567 ἡνεῳγμέναι
724 3494 860 3563 πρὸς
883 3495 982 3565 τὴν
1030 3491 1383 3564 Ἰερουσαλὴμ
1413 3492 1469 3545 at
1500 3491 1712 3563 θυρίδες
1745 3492 1803 3545 ἑν

224 3591 327 3652 τοῖς
376 3587 676 3658 ὑπερῴοις.
736 3586 1049 3658 Γέγραπται
1095 3588 1203 3657 γάρ
1239 3586 1354 3640 ὡδί.
1397 3585 1804 3656 Εὑπρόσδεκτον

226 3679 325 3750 γὰρ
362 3679 489 3732 τότε
532 3678 687 3749 μόλις
732 3677 946 3731 ἔσεσθαι
989 3678 1139 3748 παρὰ
1180 3675 1299 3746 Θεῷ
1347 3677 1445 3747 τὴν
1496 3676 1630 3729 ἰδίαν
1665 3673 1800 3745 ῷετο

228 3771 564 3843 προσευχὴν,
613 3771 661 3823 εί
695 3770 797 3839 γῆς
828 3768 1112 3840 ἀλλοτρίας
1161 3770 1255 3821 καὶ
1293 3767 1709 3839 μεμισημένης,
1752 3768 1800 3820 εί

192 3874 203 3883 ’
230 3863 299 3933 μὴ
326 3865 493 3935 σαρκὶ
524 3862 741 3915 δύναιτο
766 3860 944 3931 τυχὸν,
971 3860 1073 3913 κᾶν
1102 3859 1233 3928 γοῦν
1258 3859 1488 3922 ἐννοίαις
1512 3857 1802 3927 ἀπονοσφί-

229 3955 397 4023 ζοιτο,
433 3955 531 4009 καὶ
579 3957 693 4016 τοῖς
725 3953 823 4023 τῆς
868 3952 1107 4015 διανοίας
1138 3951 1371 4022 ὄμμασι,
1416 3949 1552 4020 πρὸς
1584 3951 1684 4022 τὴν
1725 3950 1802 4020 τῷ

229 4046 338 4119 Θεῷ
364 4046 690 4117 φιλαιτάτην
711 4045 929 4117 ἀφορῶν
943 4045 1068 4114 γῆν,
1101 4045 1179 4107 είς,
1209 4043 1371 4097 αὑτὸν
1397 4042 1454 4095 δὲ
1476 4042 1664 4113 ὥσπερ
1689 4043 1801 4095 είσ-

230 4146 435 4211 φρήσας
468 4142 561 4195 τὸν
604 4138 761 4208 νεὼν,
803 4139 903 4211 τὴν
935 4138 1075 4210 ὑπὲρ
1109 4132 1184 4193 ὧν
1217 4137 1284 4193 ἂν
1314 4137 1503 4191 ’ἕλοιτο
1535 4136 1802 4209 προσάγοι

231 4230 391 4301 λιτήν.

296 4408 503 4462 ΠΔΛΔ.
526 4402 601 4460 Εὖ
626 4423 689 4475 γε
716 4406 791 4469 ὼς
818 4404 1034 4475 ἀληθῶς
1053 4405 1081 4457 ό
1103 4402 1322 4474 σύμπας
1342 4402 1473 4473 ἡμῖν
1497 4400 1802 4474 διήρτισται

226 4493 399 4564 λόγος.

300 4610 344 4647 ³⁸
369 4614 616 4678 ﬂamen,
649 4612 834 4685 Odyss.
856 4613 909 4667 k.
987 4612 1029 4644 ³⁵
1066 4610 1204 4667 Psal.
1229 4626 1437 4674 cum,
1465 4609 1516 4663 4.
1592 4610 1635 4640 ⁸⁸
1657 4609 1796 4664 Baru

1920 4625 1958 4673 ι,
1982 4608 2093 4662 5-7.
2168 4608 2209 4639 ³¹
2233 4606 2395 4672 lbid.,
2431 4607 2514 4661 l0.

1904 1950 2079 2015 dotes,
2115 1960 2169 2004 et
2201 1952 2268 2006 ad
2292 1967 2511 2006 omnem
2545 1952 2807 2021 populum
2837 1952 2931 2020 qui
2970 1952 3229 2005 inventus
3247 1960 3487 2005 estcum

1902 2057 1969 2097 eo
1998 2042 2054 2096 in
2089 2042 2390 2097 Jerusalem
2428 2043 2491 2097 ".
2518 2062 2536 2093 ι
2568 2044 2637 2096 Et
2666 2049 2787 2112 post
2812 2057 2983 2111 pauca
3009 2058 3071 2105 ;,‹
3104 2042 3171 2095 Et
3199 2041 3477 2105 dixerunt,

1901 2131 2042 2186 Ecce
2093 2132 2345 2187 misimus
2402 2132 2471 2187 ad
2524 2148 2624 2187 vos
2668 2141 2994 2202 argentum;
3035 2132 3201 2185 emite
3255 2139 3483 2201 argento

1902 2224 2241 2289 holocausta,
2271 2232 2327 2279 et
2367 2240 2467 2293 pro
2500 2231 2748 2293 peccato,
2791 2232 2848 2277 et
2872 2223 3187 2285 incensum,
3219 2231 3276 2276 et
3321 2221 3482 2275 facite

1900 2328 2119 2378 manna,
2148 2321 2204 2367 et
2233 2313 2429 2368 oﬂ‘erte
2471 2313 2541 2367 ad
2570 2329 2720 2367 aram
2754 2313 2970 2367 Domini
3017 2313 3114 2367 Dei
3157 2312 3330 2366 nostri
3361 2312 3425 2379 ⁸ἶ.
3456 2331 3475 2363 ι

1902 2404 2103 2459 Decere
2129 2405 2276 2459 enim
2299 2405 2732 2469 arbitrabantur,
2771 2413 2833 2458 ut
2865 2404 2968 2473 ipsi
2996 2402 3217 2473 quidem
3247 2418 3277 2455 a
3308 2404 3483 2456 sacri-

1902 2492 2041 2548 ﬁciis
2073 2494 2293 2548 interim
2325 2494 2685 2558 abstinerent,
2706 2507 2831 2547 cum
2851 2491 3043 2562 procul
3068 2506 3099 2544 a
3129 2498 3271 2544 terra
3294 2496 3487 2543 sancta

1900 2593 2273 2649 versarentur,
2301 2601 2480 2654 neque
2523 2584 2705 2639 adhuc
2755 2583 2859 2638 sub
2904 2581 3003 2637 Dei
3056 2581 3287 2650 imperio
3317 2579 3484 2651 dege-

1902 2682 2044 2739 rent,
2072 2675 2165 2728 sed
2194 2675 2350 2731 alteri
2387 2674 2609 2729 domino
2635 2673 2875 2743 subjecti
2903 2679 3107 2737 essent,
3143 2678 3198 2725 et
3224 2670 3279 2724 in
3314 2670 3481 2725 ditio-

1901 2781 2025 2820 nem
2049 2766 2386 2836 tyrannicam
2414 2766 2732 2831 venissent;
2763 2765 2831 2820 iis
2862 2773 3045 2818 autem
3071 2764 3165 2833 qui
3203 2763 3259 2816 in
3294 2770 3495 2817 sancta.

1901 2856 2125 2910 civitate
2176 2855 2359 2909 adhuc
2408 2855 2751 2918 habitabant,
2811 2867 3206 2922 sacrorumque
3245 2851 3483 2905 admini~

1899 2945 2247 3001 strandorum
2281 2945 2575 3017 gloriosum
2614 2943 2853 2999 oﬂicium
2887 2944 3065 3000 sortiti
3097 2954 3293 3008 erant,
3312 2942 3497 2999 divini.

1899 3039 2084 3093 cultus
2124 3046 2309 3108 partes
2338 3036 2704 3102 demandant;
2738 3036 2796 3090 in
2827 3050 2937 3104 quo
2966 3035 3182 3090 scilicet
3217 3033 3353 3103 quid
3383 3032 3488 3089 de-

1901 3138 2070 3192 ceret,
2098 3128 2299 3197 quidve
2327 3142 2553 3182 necesse
2579 3135 2745 3190 esset,
2767 3126 2970 3195 optima
2993 3124 3207 3178 ratione
3234 3123 3489 3177 conside-

1901 3226 2182 3272 raverunt.
2223 3217 2342 3286 Ipse
2382 3216 2473 3271 ille
2522 3231 2741 3285 quoque
2798 3213 3237 3284 sapientissimus
3291 3211 3493 3267 Daniel

1901 3308 2072 3364 sacris
2104 3308 2329 3377 quidem
2364 3307 2565 3361 studiis
2592 3306 2822 3360 vacabat
2843 3305 2889 3336 ⁸⁸
2916 3322 2929 3358 :
2955 3320 3191 3373 cumque
3223 3318 3330 3356 una
3357 3316 3491 3356 cum

1900 3398 2026 3454 aliis
2067 3398 2315 3467 captivus
2351 3407 2517 3459 esset,
2556 3398 2675 3469 ipso
2700 3411 2920 3465 quoque
2964 3393 3310 3450 necessitatis
3340 3393 3486 3447 malo

1903 3488 2180 3558 sapienter
2198 3489 2417 3556 Iabusus
2440 3498 2542 3543 est.
2571 3488 2758 3541 Dicam
2788 3486 3066 3555 quomodo
3090 3504 3101 3539 :
3136 3486 3313 3540 tribus
3333 3500 3485 3539 nam-

1903 3595 2011 3651 que
2046 3580 2387 3649 temporibus
2414 3595 2513 3648 per
2540 3577 2658 3633 dies
2687 3577 2931 3647 singulos
2970 3576 3197 3641 orabat;
3244 3574 3485 3629 habebat

1904 3678 2089 3725 autem
2139 3668 2197 3722 in
2240 3669 2442 3723 solario
2470 3667 2740 3723 fenestras
2783 3681 2905 3736 quae
2946 3666 3255 3722 Jerusalem
3291 3680 3493 3721 versus

1905 3760 2243 3831 spectabant,
2268 3768 2431 3831 atque
2468 3760 2730 3831 patebant
2761 3777 2773 3811 :
2806 3760 2888 3815 sic
2912 3759 3060 3814 enim
3089 3767 3173 3814 est
3193 3759 3481 3828 scriptum.

1905 3853 2221 3909 Orationem
2264 3868 2501 3922 namque
2527 3868 2681 3908 suam
2710 3860 2826 3907 tum
2852 3852 2965 3907 Deo
2993 3859 3204 3922 gratam
3234 3851 3348 3907 fore
3379 3868 3483 3921 pu-

1907 3944 2077 4008 tabat,
2112 3959 2237 3999 cum
2267 3945 2348 3999 sin
2384 3944 2568 3999 minus
2595 3959 2826 4013 corpore
2846 3950 3049 4013 posset,
3080 3943 3265 3999 animo
3289 3944 3491 3998 saltem

1902 4043 2108 4091 aoterra
2134 4044 2321 4090 extera
2358 4042 2522 4104 atque
2550 4035 2737 4090 odiosa
2776 4034 3175 4104 seiungeretur,
3197 4041 3254 4088 et
3282 4034 3486 4089 mentis

1903 4127 2079 4182 oculis
2103 4126 2162 4181 in
2195 4133 2397 4181 terram
2430 4126 2543 4181 Deo
2583 4125 2953 4196 gratissimam
2988 4134 3293 4195 spectaret;
3328 4134 3386 4180 et
3426 4124 3485 4179 in

1905 4216 2084 4287 ipsum
2126 4217 2279 4271 velut
2325 4216 2507 4270 illatus
2548 4215 2813 4285 templum
2838 4255 2852 4279 ,
2883 4230 3076 4285 preces
3122 4229 3222 4283 pro
3279 4213 3487 4283 quibus

1906 4308 2089 4371 vellet,
2113 4307 2354 4362 olferret.

1979 4398 2175 4452 PALL.
2212 4396 2586 4452 Pulcherrime
2616 4403 2765 4450 certe
2807 4404 2920 4450 tota
2961 4405 3045 4452 est
3068 4413 3098 4452 a
3127 4397 3288 4453 nobis
3317 4397 3489 4454 abso-

1912 4489 2024 4543 luta
2054 4487 2370 4557 disputatio.

2626 4608 2671 4641 "
2694 4607 2905 4663 Daniel.
2936 4623 3009 4673 v1,
3042 4608 3125 4664 10.
