4076 6504
596 413 704 471 211
1581 418 1637 473 S.
1680 419 1956 474 CYRILL!
1994 420 2468 478 ALEXANDRINI
2506 425 2823 482 ARClllEP.
3731 437 3839 491 212

596 572 3814 616 .__.._._______________._______________________

1188 764 1572 893 ΠΕΡΙ
1643 767 1983 895 ΤΗΣ
2082 770 2290 895 ΕΝ
2382 764 3263 903 ΠΝΕΥΜΑΤΙ

1838 1016 2034 1102 ΚΑΙ
2105 1011 2641 1106 ΑΛΗΘΕΙΑΙ

856 1206 2256 1326 ΠΡΟΣΚΥΝΗΣΕΩΣ
2366 1211 2665 1324 ΚΑΙ
2757 1203 3595 1329 ΑΑΤΡΕΙΑΣ

1720 1425 2090 1517 ΛΟΓΟΣ
2163 1426 2726 1518 ΔΕΥΤΕΡΟΣ

600 1734 715 1811 ‘9
818 1742 999 1857 DE
1106 1744 2028 1861 ADORATIONE
2132 1745 2311 1857 ET
2424 1744 2906 1863 CULTU
3028 1744 3176 1862 IN
3291 1744 3855 1863 SPlRlTU

1757 2004 1923 2107 ET
2015 2001 2670 2110 VERlTATE

1632 2255 1998 2337 LIBER
2105 2259 2785 2341 SECUNDUS.

602 2616 829 2697 Mortem
861 2631 979 2688 qua!
1017 2635 1092 2697 ea:
1127 2629 1365 2697 peccato
1387 2632 1777 2697 consecutae”
1804 2666 1819 2690 ,
1855 2635 2016 2697 atque
2062 2628 2181 2681 dia-
2210 2681 2212 2687 ,

2256 2682 2258 2689 ,
2286 2628 2416 2681 Ὅτι
2451 2624 2768 2697 ἀμήχανον
2792 2622 3105 2697 διαφυγεῖν
3126 2621 3233 2677 τὸν
3259 2621 3330 2697 ᾆξ’
3354 2622 3657 2697 ἁμαρτίαςΔ
3680 2619 3866 2697 oriri}:

677 2687 779 2741 ὁοιὶ
814 2687 1150 2768 tyrannidem
1179 2694 1366 2747 evitari
1398 2693 1544 2768 nullo
1567 2696 1718 2749 modo
1759 2687 1938 2767 posse;
1964 2700 2063 2751 nisi
2091 2714 2184 2767 per
2212 2687 2257 2690 ’-

2254 2687 2257 2690 ’
2360 2687 2616 2759 tom-xiii
2631 2694 2748 2768 τὴν
2767 2694 2874 2768 τοῦ
2891 2687 3175 2768 Eurota/10v
3198 2687 3579 2768 ειςλεονὲξίαγ,
3604 2692 3657 2744 εί
3672 2688 3757 2768 μὴ
3788 2687 3864 2768 δι’

677 2758 1294 2838 sanctiﬁcationemquae
1329 2779 1402 2838 ex;
1430 2763 1649 2838 Christo
1698 2758 1812 2821 est:
1847 2758 2188 2836 justi/iratio-

2360 2758 2658 2838 ἀγιάσμοᾷ
2694 2758 2812 2838 ’τοῦ
2854 2766 3005 2838 κατὰ
3031 2762 3321 2838 Χριστόν,
3364 2760 3463 2838 καὶ
3500 2761 3589 2815 ὅτι
3630 2758 3747 2813 οὐκ
3794 2760 3884 2810 θ’·

678 2844 896 2899 nemque
931 2830 1110 2884 nonin
1140 2830 1280 2902 lege,
1311 2836 1403 2887 sed
1422 2836 1476 2888 in
1506 2835 1709 2890 Christo
1741 2830 1866 2891 esse:
1982 2830 1992 2835 ⁷

1864 2880 1866 2889 ,
1982 2830 1992 2835 ⁷
2360 2830 2520 2905 νόμῳ
2614 2835 2941 2899 δικαίωσις,
2966 2834 3102 2889 ἀλλ’
3131 2834 3201 2887 ὲν
3226 2830 3474 2899 Χριστῷ.

680 2941 814 2995 Rem
842 2942 1007 3012 igitur
1034 2960 1158 2999 cum
1182 2948 1472 3018 gloriosam
1503 2964 1643 3014 esse,
1666 2949 1891 3015 Palladi,
1920 2959 2036 3003 tum
2056 2964 2189 3004 vero

2361 2949 2564 3019 Χρῆμα
2593 2948 2691 3018 μὲν
2730 2944 2857 3010 οὖν,
2892 2941 2937 3000 ὧ
2983 2944 3270 3007 Παλλάδιε,
3316 2944 3377 2996 τὸ
3406 2939 3870 3009 ἀπονοσφίζεσθαι

610 3032 665 3086 iu
690 3033 884 3102 primis
905 3035 1092 3090 utilem
1125 3037 1194 3092 ab
1222 3055 1289 3095 eo
1316 3041 1526 3111 sejungi
1553 3056 1771 3110 cupere,
1804 3041 1951 3110 quod
1999 3048 2189 3110 suapte

2293 3042 2465 3111 φιλεῖν
2493 3039 2584 3094 τοῦ
2616 3038 3001 3093 κατασίνεσοαι
3030 3036 3359 3105 πεφυκότος,
3394 3034 3639 3102 ἐφίεσθαι
3669 3032 3725 3084 δὲ
3760 3031 3869 3083 δεῖν

610 3132 807 3178 natura
852 3135 1084 3193 noceat;
1131 3137 1389 3200 expetere
1436 3131 1569 3184 item
1602 3139 1663 3185 ut
1695 3132 1804 3185 Deo
1860 3132 2186 3196 serviamus,

2291 3136 2391 3203 τῆς
2430 3132 2532 3185 ὑπὸ
2557 3131 2635 3201 τῷ
2665 3130 2782 3201 Θεῷ
2810 3129 3054 3191 δουλείας
3073 3167 3088 3190 ,
3124 3128 3200 3191 ὼς
3232 3125 3449 3189 εὐκλεές
3478 3142 3538 3178 τε
3568 3126 3661 3177 καὶ
3693 3123 3872 3195 ὀνησι-

609 3214 886 3271 luculenta
913 3219 1127 3275 ratione
1148 3236 1178 3274 a
1200 3222 1360 3276 nobis
1387 3222 1822 3276 demonstratum
1844 3232 1930 3276 est

1855 3232 1930 3276 est
2294 3226 2481 3296 φόρον,
2506 3225 2606 3277 οὐκ
2631 3221 2862 3293 ἀγεννὴς
2887 3224 3019 3291 ἡμῖν
3044 3220 3263 3286 διέδειξε
3287 3218 3465 3287 λόγος.

681 3305 878 3360 PALL.
912 3307 1008 3361 Est
1042 3315 1212 3363 certe.

2365 3316 2570 3369 ΠΑΛΛ.
2604 3315 2678 3368 Ui:
2707 3314 2816 3385 γὰρ
2841 3308 2952 3366 οὖν.

681 3394 837 3451 CYB.
869 3396 1137 3453 Omnibus
1165 3414 1384 3469 quoque
1418 3400 1595 3455 modis
1626 3402 1695 3454 ab
1751 3401 1818 3455 iis
1850 3416 1972 3469 quae
2010 3402 2191 3471 turpia

2366 3408 2530 3461 ΚΥΡ.
2573 3406 2909 3475 Ὀλοτρόπως
2935 3420 2997 3472 γε
3034 3403 3139 3473 μὴν
3170 3401 3278 3454 τῶν
3304 3399 3588 3470 αἰσχιόνων
3610 3398 3872 3469 ἀπαίρονο

612 3495 744 3542 sunt
785 3502 1034 3556 egressos
1057 3528 1070 3552 ,
1102 3504 1224 3557 qua:
1257 3489 1488 3542 honesta
1523 3497 1652 3543 sunt
1691 3488 1798 3558 50
1828 3504 2074 3558 quaerere
2094 3504 2195 3544 nos

2295 3516 2421 3562 τας,
2456 3497 2523 3551 τὰ
2568 3498 2776 3568 ἀμείνω
2816 3498 2897 3550 ὅτι
2940 3496 3217 3567 προσῆκεν
3249 3492 3398 3563 ἡμᾶς
3435 3492 3517 3545 ὅτι
3556 3490 3759 3561 ζητεῖν,
3811 3483 3870 3542 εὖ

612 3585 890 3650 Oportere,
922 3579 1056 3632 satis
1091 3578 1582 3632 confirmavimus?

1324 3578 1538 3632 aVimllS
1558 3578 1582 3631 ?
2300 3590 2445 3660 μάλα
2469 3588 2766 3643 διεϐεϐαιού
2776 3588 2933 3659 μεθα.

688 3666 879 3720 PALL.
909 3666 1139 3721 Maxime
1172 3682 1324 3721 vero.

2368 3682 2576 3734 HAAA.
2609 3680 2754 3733 Πάνυ
2784 3680 2882 3750 μὲν
2915 3676 3027 3732 οὖν.

684 3755 842 3811 CYR.
889 3756 967 3810 Ita
1002 3756 1240 3827 denique
1277 3772 1417 3827 Opus
1451 3772 1573 3812 esse
1618 3758 1928 3822 videbatur,
1968 3775 1999 3813 α
2036 3775 2196 3814 mun-

2369 3774 2535 3826 ΚΥΡ.
2564 3774 2777 3842 Χρῆναι
2810 3772 2865 3825 δὲ
2891 3772 3032 3825 οὕτω
3057 3771 3241 3824 λοιπὸν
3269 3769 3441 3823 ἐδόκει
3471 3766 3569 3836 τῆς
3598 3768 3655 3819 ὲν
3684 3765 3873 3834 κόσμῳ

617 3846 775 3903 dum
818 3848 985 3918 hujus
1033 3848 1159 3903 vita:
1201 3848 1601 3918 voluptatibus,
1656 3856 1713 3904 et
1755 3852 1936 3907 turbis
1990 3854 2195 3923 quibus

2300 3861 2443 3933 ζωῆς
2470 3864 2530 3915 τὸ
2560 3862 2871 3932 φιλήδονον,
2900 3864 2996 3914 καὶ
3022 3862 3121 3931 τὴν
3152 3862 3245 3916 ἐπὶ
3280 3860 3413 3930 τῷδε
3453 3856 3662 3928 τύρὸην
3700 3856 3873 3917 ίέντας

618 3955 811 3995 earum
844 3944 1008 3996 causa
1037 3941 1391 4005 distinemur,
1422 3957 1587 4011 quam
1622 3941 1940 4016 longissime
1981 3946 2194 4015 digres-

2264 3988 2270 4031 ;
2300 3955 2374 4016 ὡς
2392 3955 2645 4006 ἀποτάτω
2665 3951 2952 4005 καταθύειν
2973 3951 3286 4019 ἐπείγεσθαι
3307 3950 3387 4020 τῷ
3409 3948 3547 4017 Θεῷ,
3570 3949 3663 4000 καὶ
3680 3940 3874 4013 οἷάπερ

619 4045 729 4095 sos.
751 4030 819 4084 ad
840 4030 1172 4085 sacriﬁcium
1189 4031 1301 4085 Deo
1320 4030 1661 4085 oﬂerendum
1684 4047 1998 4101 properare,
2018 4050 2197 4104 neque

2299 4046 2355 4097 ὲν
2409 4046 2599 4115 ἐρήμῳ
2652 4044 2942 4113 γεγονότας
2999 4042 3235 4096 διαθέσει
3298 4041 3411 4104 νοῦ,
3474 4038 3730 4109 σχολαίαν
3782 4036 3874 4088 καὶ

619 4122 780 4177 aliter
806 4138 971 4193 quam
998 4122 1044 4177 si
1072 4122 1129 4176 in
1158 4137 1345 4177 eremo
1369 4136 1716 4176 versaremur
1741 4124 1941 4178 aﬂectu
1973 4127 2194 4189 mentis,

2298 4137 2712 4208 καθαρωτάτην,
2744 4136 2840 4189 καὶ
2877 4133 3167 4205 μολυσμοῖς
3197 4133 3258 4184 οὐ
3294 4131 3480 4201 βατὴν,
3510 4129 3681 4199 καλὴν
3705 4128 3761 4181 δὲ
3785 4126 3876 4180 καὶ

619 4214 869 4285 quietum
898 4229 963 4270 ac
986 4215 1218 4270 maxime
1248 4230 1468 4284 purum,
1490 4223 1653 4285 atque
1673 4217 1742 4270 ab
1764 4217 1912 4270 omni
1941 4217 2197 4286 inquina—

2087 4218 2197 4271 ίῐιίὶ-
2300 4228 2694 4299 εύπρόσδεκτον
2731 4224 3066 4295 ἐπιτηδεύειν
3112 4220 3261 4293 αὐτῷ
3292 4222 3390 4292 τὴν
3421 4219 3697 4290 λατρείαν.

620 4312 807 4360 mento
845 4313 1151 4369 remotum,
1186 4304 1515 4374 praeclarum
1548 4320 1681 4362 vero
1712 4312 1770 4360 et
1808 4306 2197 4378 acceptabilem

622 4396 702 4452 illi
727 4397 936 4451 cultum
962 4396 1262 4451 exhibere?

693 4487 890 4542 PAL‘L.
922 4487 999 4541 lta
1030 4495 1131 4542 est.

2374 4489 2581 4544 ΠΑΛΛ.
2625 4484 2829 4538 Ἐδόκει
2853 4481 2961 4552 γὰρ
2989 4475 3109 4534 ὧδε.

696 4576 853 4632 CYB.
882 4576 1166 4641 Quomodo
1198 4578 1363 4633 etiam
1395 4578 1499 4633 sub
1540 4595 1640 4633 sua
1679 4595 1779 4633 nos
1817 4579 2024 4635 ditionc
2076 4596 2202 4635 cum

2374 4580 2540 4635 ΚΥΡ.
2573 4577 2679 4630 Καὶ
2712 4574 2838 4643 μὴν,
2877 4572 2959 4624 ὅτι
2998 4568 3413 4638 καθειργνύντος
3446 4565 3536 4634 ὑφ’
3571 4561 3752 4635 ὲαυτῷ
3782 4563 3878 4615 καὶ

627 4666 858 4735 Satanas
891 4666 1338 4728 constrinxisset,
1369 4677 1425 4722 et
1454 4677 1715 4738 usurpato
1752 4669 2034 4726 dominatu
2069 4688 2201 4726 con-

2307 4673 2549 4743 συνὲχειν
2577 4668 2726 4738 ἡμᾶς
2753 4664 3027 4725 ἐθέλοντος
3045 4704 3058 4727 ,
3089 4663 3153 4713 ὲκ
3182 4657 3494 4722 πλεονεξίας
3522 4654 3617 4709 τοῦ
3639 4656 3871 4720 Σατανᾶ,

627 4760 810 4815 clusos
833 4757 1078 4813 detinere
1102 4758 1285 4822 vellet,
1317 4758 1502 4813 divina
1525 4760 1611 4814 lex
1629 4760 1696 4814 ad
1726 4761 1993 4816 libertatis
2024 4764 2203 4834 digni-

2306 4766 2446 4825 Θεῖος
2480 4760 2663 4813 ἐκάλει
2693 4756 2854 4826 νόμος
2886 4754 2966 4816 εις
3011 4750 3292 4820 ἐλεύθερον
3339 4747 3581 4816 ἀξίωμα,
3622 4746 3723 4816 τὴν
3750 4745 3879 4814 περὶ

628 4860 794 4907 tatem
829 4847 1075 4913 vocarit;
1138 4847 1305 4917 idque
1349 4847 1613 4913 etl‘ecerit,
1646 4851 1851 4906 monita
1896 4853 2099 4921 quibus
2137 4855 2203 4908 ad

2305 4854 2411 4907 τῶν
2438 4851 2673 4922 ἀρίστων
2698 4847 2980 4914 εἰσήγησιν
3008 4843 3124 4904 ταῖς
3150 4840 3362 4893 ἐκείνου
3395 4836 3698 4907 βδελυρίαις
3728 4836 3881 4888 ἀντι-

626 4943 873 4999 actiones
928 4939 1163 5012 optimas
1214 4939 1548 5004 hortaretur,
1598 4941 1746 4995 illius
1795 4942 2207 5011 impuritatibus

2305 4944 2493 5005 τιθεὶς,
2530 4941 2622 4993 καὶ
2660 4938 2793 5008 πρὸ,
2822 4935 2890 4989 τὰ
2927 4934 3137 5004 ἀμείνω
3171 4930 3553 4999 παιδαγωγῶν,
3581 4930 3657 4999 ὲκ,
3670 4928 3880 5000 μυρίων

628 5032 977 5105 opponendo,
1018 5039 1181 5101 atque
1213 5030 1281 5089 ad
1316 5029 1603 5085 meliorem
1636 5047 1735 5087 nos
1777 5033 1903 5088 vitae
1940 5035 2204 5088 rationem

1940 5035 2204 5088 rationem
2308 5037 2445 5089 ὅσων
2470 5032 2576 5085 τῶν
2613 5025 3070 5101 παραδειγμάτων
3099 5022 3521 5087 διελευκαίνετος

630 5122 968 5180 instituendo
987 5162 1003 5188 ,
1034 5120 1290 5192 plurimis
1316 5128 1402 5177 est
1431 5121 1695 5194 exemplis
1728 5124 2081 5195 perspicuum
2124 5125 2206 5181 fa-

630 5222 779 5268 ctum
794 5214 817 5266 ’Ξ

702 5302 898 5359 PALL.
935 5302 1185 5358 Prorsus.
2234 5310 2279 5371 ο

2234 5310 2279 5371 c
2380 5303 2587 5358 ΠΑΛΛ.
2628 5299 2870 5370 Ἀληθές.

700 5393 858 5449 CYR.
887 5393 985 5448 Est
1018 5393 1184 5464 igitur
1220 5397 1368 5455 Deus
1408 5397 1604 5454 salutis
1638 5395 1899 5463 tributor,
1930 5402 1989 5450 et
2024 5395 2206 5450 omnis

2345 5429 2362 5447 .
2382 5396 2541 5450 ΚΥΡ.
2575 5391 2707 5455 Θεὸς
2743 5385 2835 5443 οὖν
2865 5387 2974 5458 ἄρα
3000 5386 3101 5455 τῆς
3137 5384 3407 5455 σωτηρίας
3439 5385 3467 5437 ὁ
3491 5384 3740 5455 χορηγὸς,
3778 5384 3884 5436 καὶ

634 5486 798 5542 nobis
846 5484 1127 5540 felicitatis
1168 5499 1377 5555 auctor,
1430 5489 1526 5560 qui
1561 5489 1703 5542 viam
1755 5486 2006 5541 ostendat
2059 5502 2204 5555 qua,

2312 5490 2527 5555 ἁπάσης
2567 5485 2700 5554 ἡμῖν
2743 5478 3041 5551 εὐημερίας
3077 5476 3371 5548 πρύτανις,
3411 5475 3510 5544 τῆς
3555 5473 3688 5544 πρὸς
3716 5473 3886 5528 αὐτὸν

634 5577 857 5635 Christo
890 5576 1189 5633 mediatore
1216 5580 1562 5651 interposito,
1591 5579 1658 5633 ad
1688 5579 1835 5634 illius
1867 5577 2209 5633 familiarita-

2308 5577 2636 5645 οἰκειότητος
2670 5568 3067 5627 καταδεικνύων
3100 5568 3197 5638 τὴν
3217 5566 3354 5632 ὁδὸν,
3392 5566 3756 5639 μεσιτεύοντος
3778 5563 3883 5617 τοῦ

638 5678 749 5723 tem
774 5666 1049 5737 perveniri
1074 5669 1263 5737 possit.
1297 5670 1380 5725 An
1406 5687 1514 5726 non
1545 5669 1693 5725 enim
1715 5667 1886 5738 ﬁgura
1906 5676 2008 5732 est,
2035 5683 2209 5739 eaque

2308 5666 2565 5739 Χριστοῦ.
2599 5664 2669 5717 Ἢ
2689 5663 2800 5732 γὰρ
2826 5660 2943 5729 ούχλ⁵
2961 5657 3127 5720 τύπος
3152 5656 3217 5709 ἂν
3238 5654 3464 5723 γένοιτο,
3491 5660 3582 5707 καὶ
3606 5652 3745 5724 μάλα
3771 5668 3887 5706 σα..

637 5755 771 5813 satis
798 5772 1053 5829 expressa
1080 5757 1284 5815 Christi
1313 5760 1752 5828 interventionis,
1774 5760 1867 5816 illa
1896 5758 2062 5831 Moysi
2090 5774 2209 5815 me-

2091 5774 2209 5815 me-
2312 5761 2415 5832 φὴς
2440 5759 2539 5829 τῆς
2562 5756 2650 5811 διὰ
2678 5751 2914 5826 Χριστοῦ
2946 5747 3241 5821 μεσιτείας,
3266 5748 3301 5818 ἡ
3320 5746 3408 5801 διὰ
3432 5746 3701 5811 Μωσέως;

646 5847 881 5911 diatoris
908 5848 1255 5922 interpositio
