4076 6500
217 437 313 497 ειτ

275 556 473 614 ΠΑΔΛ.
500 553 634 609 τίνα
657 553 898 627 τρόπον-ς

274 646 422 701 ΚΥΡ.
451 644 654 714 Μωσῆς
688 643 788 714 μὲν
813 643 926 714 γὰρ
967 642 1002 694 6
1029 641 1316 708 θεσπέσιος
1346 647 1614 716 σαρκικῆς
1643 644 1768 698 δου-

215 735 348 798 λείας
382 731 662 802 ἑξεκόμιζε
699 731 793 785 τὸν
847 730 1064 804 Ἰσραὴλ
1103 732 1198 785 καὶ
1241 733 1352 786 τῶν
1381 735 1468 797 είς
1492 733 1769 788 πλινθείαν

214 825 440 898 ὲξηρεῖτο
462 823 658 890 πόνων,
685 821 864 894 ἔργων
892 839 950 874 τε
975 821 1085 876 τῶν
1108 839 1174 876 πε
1183 823 1239 894 pl
1259 825 1384 895 γῆν,
1419 825 1513 879 καὶ
1540 826 1768 896 μεταιχ.

217 936 324 992 μιον
351 918 536 990 ὥσπερ
573 934 628 970 τι
669 917 920 986 κείμενος
954 916 1091 969 Θεοῦ
1135 917 1230 971 καὶ
1259 917 1562 989 ἀνθρώπων
1583 959 1598 982 ,
1643 921 1770 983 τοὺς

211 1009 396 1065 ἀνωθεν
427 1009 577 1079 σφίσι
617 1006 895 1077 διεκόμιζε
931 1007 1142 1076 λόγους.
1184 1008 1247 1062 '0
1279 1009 1338 1063 δὲ
1370 1010 1574 1083 Κύριος
1613 1010 1771 1082 ἡμῶν

222 1101 410 1173 Ἰησοῦς
434 1103 464 1154 6
495 1099 750 1172 Χριστὸς,
782 1100 851 1153 τά
877 1099 953 1163 ὡς
981 1101 1039 1153 tv
1065 1101 1220 1172 τύπῳ
1246 1103 1340 1156 καὶ
1371 1106 1569 1168 σκιαῖς,
1602 1119 1771 1173 μετα.

209 1193 471 1265 χαράττων
503 1194 584 1256 είς
619 1190 912 1264 ἀλήθειαν,
957 1191 1204 1257 δουλείας
1245 1195 1394 1265 ἡμᾶς
1428 1195 1635 1260 ὲξέλκει
1672 1195 1772 1266 τῆς

210 1284 415 1355 νοητῆς,
450 1283 554 1354 τὴν
613 1285 713 1354 μὲν
760 1285 931 1340 πάλαι
972 1285 1096 1339 καθ’
1152 1287 1308 1356 ἡμῶν
1360 1291 1772 1358 τυραννήσασαν

209 1378 460 1449 ἁμαρτίαν
513 1378 751 1445 ἐξιστὰς,
799 1379 1110 1434 κατασείων
1159 1379 1218 1433 δὲ
1266 1379 1361 1434 τοῦ
1413 1381 1658 1435 διαϐόλου
1713 1381 1773 1436 τὸ

208 1471 412 1541 κράτος,
445 1470 546 1523 καὶ
586 1472 934 1542 φρονήματος
966 1471 1063 1542 μὲν
1103 1471 1346 1540 ἐπιγείου
1381 1473 1607 1527 καὶτῶν
1646 1476 1774 1547 περὶ

209 1563 366 1633 σάρκα
425 1562 860 1632 σπουδασμάτων
918 1564 1220 1635 ἀποφοιτᾷν
1274 1565 1584 1619 ἀναπείθων
1649 1568 1774 1631 τοὺς

206 1652 410 1705 ἔπεσθαι
444 1652 557 1705 δεῖν
577 1653 859 1723 οἰομένους
883 1647 1054 1724 αὐτῷ,
1088 1655 1481 1724 μεταπλάττων
1504 1657 1559 1710 δὲ
1585 1658 1773 1732 ὥσπερ

206 1746 275 1806 εἰς
295 1743 472 1812 ἔφεσιν
503 1744 729 1815 ἀρετῆς,
757 1744 1119 1815 ἀριδηλότατά
1141 1763 1202 1799 τε
1229 1748 1360 1818 ἡμῖν
1393 1748 1490 1820 τὴν
1519 1749 1612 1803 τοῦ
1639 1751 1771 1804 Θεοῦ

205 1833 287 1885 καὶ
341 1833 558 1903 Πατρδς
614 1833 975 1902 ἀπαγγέλλων
1035 1834 1252 1906 θέλησιν
1277 1853 1291 1868 ·
1344 1837 1621 1908 τοιγάρτοι
1680 1839 1774 1894 καὶ

933 433 1022 490 DE
1057 433 1500 492 ADORATIONE
1536 435 1606 492 ΙΝ
1645 435 1916 506 SPlRl-TU
1957 436 2045 491 ET
2086 435 2455 491 VERITATE.
2499 436 2626 490 LIB.
2673 436 2739 490 ll.

1796 565 1841 619 5-
1875 512 1881 518 '
1941 554 2136 611 PA-LL.
2165 554 2413 621 Quonam
2442 555 2642 609 modo?

3247 466 3254 472 ί
3338 433 3451 492 216'-

1943 644 2102 700 CYR.
2132 645 2342 716 Moyses
2381 646 2550 710 enim,
2596 646 2687 700 ille
2717 645 2804 700 vir
2838 661 2968 702 sane
3007 646 3379 716 admirandus,
3421 667 3453 706 τι

1875 736 2085 792 carnali
2115 737 2382 792 servitute
2411 737 2617 807 eripuit
2645 737 3002 792 Israeliticum
3037 739 3318 808 populum;
3343 750 3397 795 et
3424 759 3454 796 a

1871 825 2158 884 laboribus
2181 829 2590 900 eoquendorum
2624 829 2877 895 laterum,
2906 829 2973 883 ab
3003 830 3261 900 operibus
3287 832 3452 886 etiam

1876 921 1934 974 in
1976 929 2118 974 terra
2143 921 2490 975 exstruendis
2522 920 2754 986 exemit;
2781 936 2844 976 ac
2876 921 3047 975 veluti
3090 921 3304 978 medius
3334 923 3456 993 qui-

1877 1011 2002 1065 dam
2041 1012 2199 1066 limes
2240 1013 2384 1066 inter
2429 1012 2600 1066 Deum
2624 1021 2680 1066 et
2720 1011 2970 1066 homines
3008 1011 3358 1084 interjectus,
3386 1013 3453 1068 ad

1879 1102 2003 1156 illos
2033 1102 2252 1157 ctelitus
2281 1102 2566 1156 exauditas
2598 1117 2761 1156 voces
2807 1101 3150 1172 perferebat:
3190 1103 3455 1160 Dominus

1877 1208 2008 1260 vero
2057 1202 2245 1248 noster
2298 1193 2457 1248 Jesus
2507 1191 2778 1258 Christus,
2816 1207 2881 1246 ea
2927 1208 3053 1262 quae
3090 1193 3145 1247 in
3191 1193 3363 1264 figura
3399 1204 3455 1248 et

1879 1284 2092 1339 umbris
2118 1284 2320 1338 tradita
2355 1283 2590 1347 fuerant,
2623 1282 2690 1337 ad
2713 1283 2997 1338 veritatem
3036 1283 3388 1347 transferens,
3425 1300 3456 1338 a

1878 1375 2150 1445 spirituali
2180 1374 2441 1430 servitute
2474 1389 2574 1429 nos
2604 1373 2861 1438 extrahit,
2894 1373 2951 1428 in
2983 1389 3050 1428 eo
3081 1373 3226 1443 quod
3260 1391 3454 1444 pecca-

1880 1474 2017 1532 tum,
2052 1464 2200 1536 quod
2247 1465 2342 1520 diu
2384 1465 2546 1520 nobis
2586 1463 2928 1518 dominatum
2979 1463 3177 1529 fuerat,
3205 1465 3455 1535 expellit,

1880 1557 2198 1631 diabolique
2229 1558 2521 1628 imperium
2566 1558 2799 1624 evertit;
2837 1564 2893 1611 et
2932 1565 3230 1612 sectatores
3265 1573 3393 1612 suos
3424 1574 3456 1612 a

1882 1659 2098 1704 terreno
2129 1665 2314 1714 sensu,
2341 1664 2637 1718 rerumque
2668 1648 2970 1704 carnalium
2993 1647 3174 1703 studio
3206 1648 3456 1720 refugere

1881 1742 2107 1808 suadet;
2133 1757 2336 1812 eosque
2374 1741 2778 1811 quodammodo
2812 1740 3072 1795 reformat
3105 1740 3173 1794 ad
3211 1739 3455 1795 studium

1880 1830 2120 1895 virtutis,
2152 1831 2606 1901 apertissimeque
2645 1829 2804 1884 nobis
2836 1825 2931 1883 Dei
2967 1845 3031 1883 ac
3055 1829 3233 1884 Patris
3254 1830 3454 1884 volun-

205 1925 453 1994 ἔφασκεν·
492 1943 516 1976 ι
563 1923 645 1978 Τὰ
674 1925 896 1996 ῥήματα
925 1923 960 1979 ἀ
990 1926 1100 1993 ἐγὼ
1125 1925 1299 1992 λαλῶ,
1332 1928 1432 1982 οὐκ
1464 1927 1611 1982 ἔστιν
1640 1929 1771 2000 ἐμά,

1881 1927 2038 1974 tatem
2074 1921 2397 1986 annuntiat;
2444 1921 2680 1989 ideoque
2704 1919 2843 1974 dixit
2892 1935 2904 1972 :
2941 1936 2960 1968 ι
2995 1917 3171 1973 Verba
3203 1933 3326 1988 qua:
3354 1933 3460 1990 ego

204 2016 323 2070 ἀλλὰ
344 2015 434 2070 τοῦ
457 2015 781 2087 πέμψαντός
808 2033 895 2086 με.
929 2035 948 2068 ι
972 2017 1084 2071 Kal
1106 2017 1267 2072 πάλιν
1291 2037 1304 2051 ν
1337 2037 1355 2071 ι
1396 2021 1516 2073 Ἀπ’
1536 2020 1771 2091 ἐμαυτοῦ

204 2109 255 2162 οὐ
290 2107 448 2170 λαλῶ,
479 2108 605 2162 ἀλλ’
639 2110 667 2160 6
709 2107 930 2179 πέμψας
969 2126 1035 2178 με
1069 2109 1277 2181 Πατὴρ,
1310 2111 1476 2175 αὑτός
1499 2130 1586 2182 μοι
1621 2115 1772 2166 ἐντο-

204 2198 290 2269 λὴν
314 2199 511 2252 δέδωκε
537 2237 552 2262 ,
580 2199 635 2252 τί
662 2201 821 2264 εἴπω,
853 2200 948 2253 καὶ
989 2201 1042 2253 τί
1075 2201 1314 2273 λαλήσω.
1368 2223 1386 2255 ι
1437 2204 1545 2257 Kal
1582 2204 1714 2273 γοῦν
1747 2207 1776 2258 6

204 2291 388 2361 Μωσῆς
409 2291 604 2344 είκόνα
641 2291 735 2345 καὶ
769 2290 1120 2344 άνατύπωσιν
1155 2292 1256 2362 τῆς
1281 2294 1340 2346 ἐν
1372 2295 1592 2365 Χριστῷ
1621 2312 1775 2366 μεσι-

203 2385 354 2446 τείας,
379 2382 445 2436 τά
467 2382 600 2436 καθ’
620 2383 812 2437 ἑαυτὸν
833 2385 1088 2450 ἐποιεῖτο,
1113 2382 1287 2452 λέγων
1311 2389 1421 2441 τοῖς
1441 2387 1498 2453 ἐξ
1536 2387 1770 2459 Ἰσραήλο

209 2493 226 2526 ι
268 2477 558 2546 Προφήτην
591 2479 656 2529 ὲκ
697 2473 805 2529 τῶν
835 2473 1080 2544 ἀδελφῶν
1119 2492 1214 2529 σου
1244 2478 1536 2550 ἀναστήσει
1577 2497 1657 2533 σοι
1699 2479 1775 2543 ὡς

205 2566 308 2637 tat,
328 2565 540 2637 Κύριος
559 2567 589 2619 6
607 2565 736 2630 Θεός
764 2581 880 2619 σου.
905 2564 1078 2618 Αὐτοῦ
1107 2565 1406 2620 ἀκούσεσθε
1436 2567 1577 2621 κατὰ
1597 2568 1776 2622 πάντα

202 2655 288 2709 ὅσα
312 2658 493 2728 ᾐτήσω
537 2657 688 2728 παρά
719 2656 924 2728 Κυρίου
955 2655 1051 2709 τοῦ
1081 2655 1215 2710 Θεοῦ
1246 2673 1336 2710 σου
1365 2659 1423 2712 tv
1454 2659 1676 2730 Χωρὴό,
1707 2661 1771 2732 τῇ

202 2749 364 2820 ἡμέρᾳ
386 2747 486 2819 τῆς
511 2748 835 2820 ἐκκλησίας.
873 2766 892 2799 ι
939 2748 1029 2801 Ἑν
1058 2748 1212 2819 τύπῳ
1241 2747 1340 2818 μὲν
1363 2743 1454 2803 οὖν
1491 2752 1583 2804 καὶ
1609 2751 1776 2805 εἰκόνι

203 2838 264 2890 τά
287 2838 368 2891 διὰ
387 2838 660 2902 Μωσέως,
683 2839 778 2891 καὶ
801 2838 902 2908 τῆς
928 2839 1048 2892 κατ’
1069 2837 1231 2892 αὑτὸν
1263 2839 1587 2911 μεσιτείαςή
1619 2840 1772 2896 66v:-

209 2946 314 2998 μις·
355 2930 804 3003 ἀπορῤητότερος
844 2929 901 2982 δὲ
934 2929 1037 2998 τῆς
1085 2930 1143 2983 tv
1179 2930 1399 3002 Χριστῷ
1436 2933 1712 3002 μεσιτείας
1747 2935 1776 2988 6

205 3021 402 3092 τρόπος.
443 3023 502 3076 Ὃ
531 3023 637 3093 μὲν
676 3021 785 3092 γάρ
817 3019 986 3091 νόμου
1015 3022 1109 3074 καὶ
1140 3023 1298 3085 σκιᾶς
1323 3021 1564 3088 διάκονος
1589 3020 1657 3095 ἦν
1682 3027 1778 3080 καὶ

206 3111 571 3181 παιδαγωγίας
621 3113 722 3182 τῆς
767 3111 973 3166 ἀνωθεν
1011 3111 1399 3183 διακομιπής·
1447 3110 1681 3185 Χριστὸς
1719 3115 1776 3170 6t

207 3203 274 3304 ῶς
300 3205 458 3275 νόμου
491 3205 595 3257 καὶ
622 3203 918 3304 προφητῶν
939 3203 1225 3304 δεσπότης,
1254 3206 1324 3258 τὰ
1348 3205 1498 3277 αὐτῷ
1519 3206 1776 3260 δοκοῦντα
1805 3244 1849 3304 c

208 3291 523 3364 θεσμοθετεῖ,
551 3293 652 3346 καὶ
684 3292 908 3362 μεσίτης
937 3289 1034 3363 ἧν,
1067 3293 1394 3365 συνθεούσης
1423 3296 1487 3349 ἔν
1517 3296 1664 3366 αὐτῷ
1685 3296 1778 3350 καὶ

207 3386 276 3447 είς
303 3383 356 3439 ἓν
384 3383 580 3458 ῶσπερ
615 3382 821 3453 δούσης,
857 3383 1110 3454 θεότητος
1129 3401 1188 3437 τε
1213 3385 1308 3438 καὶ
1342 3386 1778 3457 ἀνθρωπότητος.

213 3475 403 3546 ’Ἄμφω-
419 3476 530 3548 γάρ
558 3477 681 3544 ἅμα
721 3477 920 3528 νοεῖται
943 3475 1197 3544 Χριστός.
1233 3494 1258 3527 ι
1293 3476 1404 3529 Kal
1443 3478 1646 3547 Μωσῆς
1684 3478 1782 3547 μὲν

210 3563 274 3626 ὡς
300 3564 549 3637 θεράπων
576 3567 661 3629 είς
681 3565 802 3620 ὅλον
835 3565 928 3619 τὸν
948 3561 1096 3620 οἷκον
1120 3565 1284 3620 αὐτοῦ
1313 3567 1525 3631 πιστὸς,
1548 3569 1784 3640 Χριστὸς

210 3653 260 3706 6t
299 3653 369 3718 ὡς
411 3656 550 3718 υίὸς,
595 3654 690 3708 tul
736 3654 829 3708 τδν
876 3651 1034 3709 οἷκον
1072 3655 1259 3717 αὐτοῦ,
1315 3651 1376 3711 οῦ
1416 3653 1564 3720 οἶκός
1617 3659 1784 3728 ἐσμεν

210 3747 370 3814 ἡμεῖς·
407 3766 427 3798 ι
469 3749 520 3800 oi
555 3745 648 3800 διὰ
675 3746 778 3816 τῆς
816 3749 896 3810 εἰς
933 3747 1096 3800 αὐτὸν
1127 3748 1362 3810 πίστεως
1402 3749 1535 3820 πρὸς
1569 3749 1781 3802 ὲλευθευ

214 3835 319 3905 ρίαν
355 3838 592 3907 ἠγμένοι
635 3836 736 3906 τὴν
770 3836 968 3907 ἀληθῆ.
997 3837 1236 3908 Ἀραρεν
1275 3834 1396 3901 οὖν,
1439 3839 1520 3891 ὅτι
1557 3838 1785 3908 μεσίτης

216 3930 300 3997 μὲν
329 3931 601 4001 σαρκικῆς
632 3929 966 4000 ἐλευθερίας.
1004 3929 1329 4000 γράμματὸς
1357 3946 1414 3982 τε
1449 3930 1539 3982 καὶ
1569 3931 1726 3993 σκιᾶς
1756 3931 1785 3984 6

217 4020 520 4095 ίεροφάντης
549 4022 764 4093 Μωσῆς
784 4038 797 4050 ·
841 4021 870 4073 6
902 4019 957 4074 δὲ
974 4019 1176 4090 Κύριος
1207 4019 1362 4090 ἡμῶν
1407 4016 1611 4088 Ἰησοῦς
1647 4021 1784 4090 Χρι·

216 4114 351 4177 στὺς,
384 4114 492 4167 τῶν
523 4113 673 4184 ὕπερ
709 4111 873 4181 νόμον
913 4110 1231 4180 εἰσηγητὴς,
1262 4109 1354 4163 καὶ
1386 4110 1486 4180 τῆς
1511 4110 1783 4182 σαρκικῆς

217 4203 504 4274 ἐλευθερίας
521 4204 628 4274 τὴν
648 4201 993 4272 άσυγκρίτως
1024 4200 1232 4271 ἀμείνω
1254 4199 1616 4271 δωρούμενος,
1641 4201 1785 4254 τοῦτ’

219 4295 340 4359 ἔστι,
383 4296 480 4366 τὴν
515 4293 666 4349 κατὰ
703 4292 943 4363 πνεῦμα.
984 4291 1274 4363 Τοιγάρτοι
1312 4292 1407 4344 καὶ
1446 4291 1650 4361 ἔφασκε
1695 4293 1789 4345 καὶ

219 4389 316 4449 τοῖς
375 4384 664 4458 σαρκικῶς
717 4384 1184 4455 ⁴ἣλευθερωμένοις
1239 4385 1354 4445 τοῖς
1405 4382 1463 4448 ἐξ
1531 4383 1784 4454 ἰσραὴλο

225 4495 241 4526 ι
281 4478 400 4531 Ἐάν
426 4480 594 4549 ὑμεῖς
638 4477 857 4548 μείνητε
895 4477 953 4530 tv
989 4475 1068 4546 τῷ
1099 4475 1240 4545 λόγῳ
1273 4473 1351 4544 τῷ
1394 4473 1544 4544 ἐμῷ,
1573 4474 1790 4546 ἀληθῶς

1872 2009 2068 2081 loquor
2088 2011 2263 2074 vobis,
2291 2025 2402 2065 non
2431 2019 2559 2064 sunt
2577 2024 2696 2063 mea
2723 2049 2737 2074 ,
2769 2007 2862 2062 sed
2882 2009 3022 2077 ejus,
3043 2007 3138 2077 qui
3162 2007 3315 2062 misit
3344 2024 3454 2072 me,

1875 2102 2050 2156 Patris
2070 2102 2135 2167 3';
2173 2102 2413 2171 itemque
2436 2119 2448 2154 :
2487 2121 2503 2151 ι
2524 2099 2566 2154 Α
2597 2115 2685 2154 me
2721 2100 2840 2168 ipso
2861 2114 2969 2152 non
2986 2098 3182 2167 loquor
3204 2097 3333 2163 ;sed
3359 2098 3455 2167 qui

1875 2195 2025 2248 misit
2058 2209 2166 2257 me,
2207 2195 2387 2258 Pater,
2433 2195 2548 2264 ipse
2587 2193 2723 2247 mihi
2759 2191 3077 2246 mandatum
3116 2190 3289 2257 dedit,
3321 2191 3456 2260 quid

1874 2283 2074 2347 dicam,
2114 2291 2170 2336 et
2197 2281 2329 2352 quid
2361 2283 2552 2352 loquar
2567 2282 2632 2335 ⁸⁸.
2665 2300 2682 2333 ι
2728 2281 2804 2336 Ac
2831 2281 3041 2352 M’oyses
3076 2288 3222 2336 certe
3262 2281 3318 2334 in
3342 2280 3458 2335 suis

1875 2375 2044 2428 rebus
2077 2373 2367 2444 imaginem
2397 2381 2560 2443 atque
2592 2373 2819 2428 formam
2847 2374 3136 2443 quamdam
3174 2389 3232 2428 se
3265 2386 3456 2443 gerere

1876 2468 2023 2523 illius
2040 2467 2243 2524 Christi
2271 2468 2688 2524 interventionis
2713 2469 3138 2532 intellexit,cum
3167 2467 3305 2522 dixit
3330 2465 3482 2520 ﬁliis.

1877 2559 2166 2629 lsraelzﬁl
2182 2579 2198 2608 ι
2211 2559 2535 2628 Prophetam
2547 2575 2611 2614 ex
2629 2558 2884 2613 fratribus
2898 2559 3005 2612 tuis
3019 2557 3298 2622 excitabit,
3311 2555 3458 2610 sicut

1876 2664 1984 2714 me,
2007 2650 2272 2706 Dominus
2312 2652 2458 2706 Deus
2493 2659 2646 2706 tuus:
2669 2651 2821 2706 illum
2839 2650 3074 2706 audietis
3089 2650 3244 2719 juxta
3273 2647 3480 2702 omnia»

1875 2758 2218 2813 qutecunque
2261 2743 2512 2814 expetisti
2547 2760 2577 2798 a
2607 2744 2840 2798 Domino
2881 2743 2992 2798 Deo
3032 2748 3129 2796 tuo
3165 2741 3219 2794 in
3251 2739 3456 2804 ﬂoreb,

1878 2834 1933 2888 in
1971 2834 2059 2889 die
2094 2835 2372 2890 eoneionis
2388 2836 2455 2890 “.
2495 2853 2513 2886 ι
2547 2834 2717 2905 Igitur
2742 2849 3080 2905 quacunque
3109 2849 3206 2904 per
3238 2833 3459 2904 Moysen

1877 2921 2198 2994 agebantur,
2239 2925 2441 2995 illaque
2490 2925 2576 2980 vis
2626 2925 3044 2980 interventionis
3094 2925 3234 2996 ejus,
3289 2923 3482 2993 ﬁgura.

1878 3014 2126 3084 quazdam
2165 3021 2285 3069 erat
2327 3024 2382 3070 et
2423 3014 2636 3084 imago;
2679 3020 2735 3066 at
2789 3011 2992 3067 Christi
3041 3007 3464 3064 interventionis

1877 3103 2052 3160 forma
2095 3108 2267 3178 magis
2296 3105 2591 3161 ineli‘abilis
2617 3113 2722 3159 est.
2770 3104 2866 3158 llle
2897 3103 3045 3180 etum
3073 3102 3210 3173 legis
3247 3109 3302 3156 et
3333 3117 3458 3156 um-

1881 3193 1994 3250 brae
2022 3196 2272 3250 ninister
2298 3195 2422 3261 fuit,
2453 3203 2510 3250 et
2541 3202 2777 3264 acceptae
2803 3193 3066 3247 divinitus
3097 3191 3479 3247 institutionis.

1882 3286 2155 3358 interpres
2180 3305 2193 3342 ε
2221 3287 2473 3344 Christus
2501 3294 2706 3353 autem,
2738 3296 2800 3341 ut
2821 3287 2956 3358 legis
2974 3301 3038 3341 ac
3067 3285 3478 3356 prophetarum.

1883 3378 2159 3444 dominus,
2195 3393 2316 3448 quae
2348 3378 2452 3432 sibi
2479 3377 2735 3432 videntur
2770 3375 3055 3441 decernit;
3091 3383 3147 3430 et
3191 3374 3461 3429 mediator

1881 3469 2003 3535 fuit,
2032 3487 2155 3526 cum
2196 3471 2252 3525 in
2296 3486 2363 3526 eo
2395 3477 2749 3525 concurreret
2773 3511 2786 3533 ,
2813 3478 2976 3540 atque
3018 3469 3074 3522 in
3112 3482 3283 3522 unum
3318 3482 3459 3537 quo-

1883 3561 2174 3616 dammodo
2207 3562 2528 3617 conveniret
2551 3569 2666 3616 tum
2706 3561 2911 3626 divina,
2941 3567 3059 3615 tum
3093 3559 3331 3614 humana
3359 3575 3464 3614 na-

1884 3657 2028 3704 tura.
2071 3649 2179 3705 Has
2215 3650 2362 3705 enim
2400 3651 2588 3705 ambas
2631 3650 2795 3705 simul
2839 3651 3056 3722 junctas
3107 3649 3464 3719 intelligimus

1882 3738 2181 3796 Christum.
2223 3760 2240 3792 ι
2275 3739 2352 3795 Ac
2380 3741 2589 3812 Moyses
2621 3741 2844 3810 quidem
2880 3747 2940 3794 ut
2974 3754 3168 3794 servus
3198 3737 3254 3792 in
3294 3744 3464 3791 totam

1884 3834 2003 3904 ejus
2065 3832 2288 3887 domum
2330 3832 2533 3898 fidelis;
2571 3832 2824 3888 Christus
2873 3841 3054 3887 autem
3107 3839 3168 3885 ut
3217 3830 3362 3885 ﬁlius
3406 3830 3463 3885 in

1876 3923 2048 3979 'domo
2092 3939 2210 3985 sua,
2247 3924 2400 3994 cujus
2445 3923 2641 3979 domus
2681 3939 2783 3978 nos
2831 3939 3022 3978 sumus
3053 3924 3132 3976 δ’)
3171 3939 3183 3975 :
3221 3922 3316 3992 qui
3363 3938 3478 3991 per-

1886 4011 2049 4066 ﬁdem
2095 4027 2258 4082 quam
2302 4012 2357 4066 in
2411 4013 2565 4067 illum
2608 4013 2895 4077 habemus,
2948 4013 3016 4067 ad
3055 4027 3239 4066 veram
3275 4025 3466 4065 sumus

1867 4103 2195 4158 libertatem
2235 4103 2478 4158 adducti.
2510 4103 2735 4158 Constat
2765 4104 2930 4175 igitur
2957 4102 3314 4158 mediatorem
3345 4117 3470 4156 car-7

1887 4193 2035 4249 nalis
2059 4194 2346 4258 libertatis,
2379 4195 2683 4263 litteraque
2718 4203 2775 4269 et
2799 4194 3027 4258 umbrae,
3054 4193 3222 4247 fuisse
3245 4193 3465 4264 Moysen

1871 4287 2043 4341 illum
2074 4301 2348 4341 sacrarum
2380 4300 2563 4340 rerum
2588 4285 2974 4354 interpretem:
3003 4283 3294 4337 Dominum
3331 4298 3466 4338 vero

1887 4386 2137 4434 nostrum
2193 4379 2380 4434 Jesum
2421 4376 2700 4432 Christum
2739 4391 2927 4430 earum
2961 4390 3143 4430 rerum
3185 4383 3466 4429 auctorem

1891 4485 2012 4540 qua:
2043 4477 2171 4523 sunt
2198 4483 2360 4537 supra
2394 4468 2604 4538 legem:
2644 4482 2708 4522 ac
2739 4466 2962 4536 spiritus
2993 4466 3330 4529 libertatem,
3373 4465 3468 4521 illa

224 4565 443 4637 μαθηταί
484 4566 595 4638 μού
634 4567 780 4629 ὲστε,
817 4565 912 4618 καὶ
947 4563 1218 4632 γνώσεσθε
1256 4562 1352 4632 τὴν
1383 4562 1659 4632 ἀλήθειαν,
1693 4564 1780 4618 καὶ

1892 4559 2149 4613 libertate
2211 4559 2414 4611 carnali
2474 4555 2674 4620 multisf
2721 4555 2968 4626 partibus
3033 4553 3469 4625 prazstantiOrem

221 4653 498 4727 ήάλήθεια
531 4653 896 4726 ἐλευθερώσει
934 4655 1096 4724 ὑμᾶς.
1146 4670 1164 4704 ι
1208 4653 1319 4706 Kal
1353 4652 1514 4706 πάλιν
1537 4668 1552 4685 ·
1607 4670 1627 4704 ι
1675 4653 1790 4716 Πᾶς

221 4745 247 4797 6
278 4749 438 4801 ποιῶν
465 4748 571 4820 τὴν
601 4746 882 4818 ἁμαρτίαν
901 4785 915 4808 ,
943 4745 1128 4808 δοῦλός
1157 4747 1274 4797 ἐστι
1303 4745 1402 4814 τῆς
1438 4745 1734 4815 ἁμαρτίας·
1763 4746 1792 4797 ὁ

221 4836 270 4890 6t
301 4837 480 4904 δοῦλος
505 4841 571 4894 οὐ
606 4841 761 4909 μένει
789 4841 847 4891 tv
871 4841 938 4908 τῇ
965 4836 1140 4907 οἰκείᾳ
1166 4837 1246 4896 είς
1269 4837 1361 4888 τὸν
1385 4835 1554 4889 αἰῶνα
1575 4877 1588 4900 ,
1620 4837 1648 4888 6
1680 4834 1795 4898 υίδς

227 4931 362 4999 μένει
395 4934 474 4998 είς
501 4933 598 4986 τὸν
626 4930 820 4985 αἰῶνα.
877 4929 1003 4982 Ἐάν
1024 4925 1125 4983 οῦνι
1151 4931 1180 4982 ὀ
1219 4927 1345 4992 Υἱὸς
1381 4928 1527 4999 ὑμᾶς
1576 4926 1794 4980 ἐλευθε-

226 5021 380 5095 ρώσῃ,
406 5023 582 5087 ὅντως
606 5020 884 5092 ἐλεύθεροι
918 5019 1062 5073 ἐστέ.

1895 4665 2025 4704 esse
2063 4647 2337 4719 largitum.
2386 4649 2574 4718 itaque
2597 4646 2860 4702 Israelitis
2891 4645 3143 4716 quamvis
3176 4646 3471 4702 carnaliter

1895 4741 2142 4796 liberatis
2176 4740 2394 4795 dicebat
2429 4756 2447 4792 τ
2481 4758 2499 4789 ι
2540 4739 2610 4809 Sil
2637 4754 2735 4794 vos
2778 4737 3092 4793 manseritis
3126 4736 3183 4790 in
3223 4739 3477 4792 sermone

1899 4841 2050 4898 meo,
2081 4847 2209 4887 vere
2243 4830 2499 4902 discipuli
2529 4831 2638 4886 mei
2675 4829 2828 4893 estis,
2854 4837 2911 4884 et
2943 4827 3282 4898 cognoscetis
3324 4827 3473 4880 veri-

1902 4931 2104 4989 tatem,
2156 4931 2213 4978 et
2263 4924 2463 4978 veritas
2499 4921 2756 4978 liberabit
2812 4936 2912 4975 vos
2935 4919 2998 4974 “.
3035 4939 3053 4972 ι
3108 4919 3177 4973 Et
3227 4919 3426 4973 iterum
3457 4937 3487 4971 :~

1901 5034 1919 5064 σ
1951 5015 2142 5072 Omnis
2192 5015 2286 5086 qui
2336 5015 2464 5069 facit
2508 5023 2789 5084 peccatum
2815 5052 2829 5076 ,
2878 5025 3072 5065 servus
3108 5009 3470 5078 est-peccati:

225 5129 401 5173 servus
447 5097 637 5173 autem
688 5131 799 5170 non
839 5113 1122 5185 manetjin
1162 5113 1324 5167 domo
1371 5113 1434 5167 in
1489 5118 1788 5178 aeternum;
1848 5111 1995 5166 illius
2037 5120 2223 5168 autem
2251 5108 2515 5165 manetin
2545 5116 2833 5163 aeternum.
2886 5102 2947 5159 Si
2993 5101 3159 5173 igitur
3183 5099 3355 5156 Filius
3375 5115 3483 5156 vos.

225 5205 550 5278 liberaverit,
583 5224 714 5264 vere
751 5204 918 5262 liberi
951 5204 1108 5261 eritis
1130 5205 1196 5259 “.
1236 5224 1254 5255 ι

289 5373 493 5429 ΠΔΛΛ.
533 5374 772 5442 Ἀριστα
793 5370 949 5441 ἔφης.

296 5467 459 5521 ΚΥΡ.
509 5463 918 5548 Καυχησόμεθα
950 5462 1014 5532 δὴ
1062 5456 1155 5515 οὖν
1187 5461 1248 5513 οὗ
1289 5461 1398 5522 τοῖς
1443 5454 1584 5511 κατὰ
1623 5455 1802 5528 σάρκα

229 5553 508 5628 λαμπροῖς,
551 5555 691 5609 ἀλλά
725 5547 838 5618 τοῖς
875 5556 933 5607 tv
970 5551 1241 5622 πνεύματι
1275 5550 1369 5604 καὶ
1399 5547 1709 5619 δικαιοσύνῃ
1736 5547 1803 5617 τῇ

1963 5297 2174 5415 ‘PALL.
2209 5357 2532 5410 Rectissrme
2558 5349 2717 5403 dicis.

1975 5450 2130 5507 CYR.
2167 5447 2287 5502 Non
2323 5443 2488 5514 igitur
2519 5440 2588 5494 de
2617 5449 2930 5492 carnalium
2963 5448 3148 5488 rerum
3189 5433 3481 5502 splendere

1911 5539 2252 5616 gloriandum
2295 5535 2455 5592 nobis
2499 5539 2603 5596 est,
2649 5527 2754 5585 sed
2793 5527 2866 5582 de
2896 5525 3127 5597 spiritus
3171 5532 3228 5580 et
3255 5522 3482 5593 justitiaa

294 5753 515 5810 “Joan.
553 5770 664 5825 xiv,
695 5755 786 5811 24.
863 5753 1090 5825 “Joan.
1132 5766 1227 5816 xu,
1270 5749 1358 5805 49.
1437 5749 1478 5781 “
1517 5748 1684 5802 Deut.
1707 5759 1780 5799 ιιί

1883 5741 1969 5807 15,
2009 5740 2094 5796 16;
2188 5740 2232 5771 δ’
2285 5733 2454 5790 Hebr.
2501 5741 2580 5796 ιιι,
2631 5728 2687 5795 3,
2735 5729 2788 5784 ’5.
2869 5725 3094 5783 “loan.
3127 5738 3242 5789 vm;
3276 5721 3486 5790 39,33.

224 5822 277 5887 l“
305 5825 438 5890 διάη
463 5824 661 5880 54-56.
