  <div class='ocr_page' id='page_1' title='image "/cluster/home/n/w/nwhite01/storage/ocr_20150623/68/hvd.32044019207851/115.png"; bbox 0 0 4076 6494; ppageno 0'>
   <div class='ocr_carea' id='block_1_1' title="bbox 594 403 702 461">
    <p class='ocr_par' dir='ltr' id='par_1_1' title="bbox 594 403 702 461">
     <span class='ocr_line' id='line_1_1' title="bbox 594 403 702 461; baseline 0.019 -2"><span class='ocrx_word' id='word_1_1' title='bbox 594 403 702 461; x_wconf 73' lang='lat'><strong>215</strong></span> 
     </span>
    </p>
   </div>
   <div class='ocr_carea' id='block_1_2' title="bbox 1620 396 2863 457">
    <p class='ocr_par' dir='ltr' id='par_1_2' title="bbox 1620 396 2863 457">
     <span class='ocr_line' id='line_1_2' title="bbox 1620 396 2863 457; baseline 0.006 -7"><span class='ocrx_word' id='word_1_2' title='bbox 1620 396 1673 451; x_wconf 80' lang='lat' dir='ltr'><strong>S.</strong></span> <span class='ocrx_word' id='word_1_3' title='bbox 1717 396 1992 452; x_wconf 74' lang='lat' dir='ltr'><strong>CYRILLI</strong></span> <span class='ocrx_word' id='word_1_4' title='bbox 2031 399 2509 456; x_wconf 74' lang='lat' dir='ltr'><strong>ALEXANDRINI</strong></span> <span class='ocrx_word' id='word_1_5' title='bbox 2546 400 2863 457; x_wconf 78' lang='lat' dir='ltr'><strong>ARCHIEP.</strong></span> 
     </span>
    </p>
   </div>
   <div class='ocr_carea' id='block_1_3' title="bbox 3759 408 3868 464">
    <p class='ocr_par' dir='ltr' id='par_1_3' title="bbox 3759 408 3868 464">
     <span class='ocr_line' id='line_1_3' title="bbox 3759 408 3868 464; baseline 0.009 -1"><span class='ocrx_word' id='word_1_6' title='bbox 3759 408 3868 464; x_wconf 72' lang='grc'><strong>216</strong></span> 
     </span>
    </p>
   </div>
   <div class='ocr_carea' id='block_1_4' title="bbox 596 514 2191 593">
    <p class='ocr_par' dir='ltr' id='par_1_4' title="bbox 596 514 2177 589">
     <span class='ocr_line' id='line_1_4' title="bbox 596 514 2177 589; baseline -0.003 -13"><span class='ocrx_word' id='word_1_7' title='bbox 596 519 866 581; x_wconf 75' lang='lat' dir='ltr'><strong>claritate,</strong></span> <span class='ocrx_word' id='word_1_8' title='bbox 910 520 1031 589; x_wconf 82' lang='lat' dir='ltr'><strong>ejus</strong></span> <span class='ocrx_word' id='word_1_9' title='bbox 1077 516 1345 572; x_wconf 84' lang='lat' dir='ltr'><strong>duntaxat</strong></span> <span class='ocrx_word' id='word_1_10' title='bbox 1391 529 1513 583; x_wconf 63' lang='lat' dir='ltr'><strong>quae</strong></span> <span class='ocrx_word' id='word_1_11' title='bbox 1546 528 1613 568; x_wconf 83' lang='lat' dir='ltr'><strong>ex</strong></span> <span class='ocrx_word' id='word_1_12' title='bbox 1660 514 1884 569; x_wconf 83' lang='lat' dir='ltr'><strong>Christo</strong></span> <span class='ocrx_word' id='word_1_13' title='bbox 1929 524 2032 580; x_wconf 89' lang='lat' dir='ltr'><strong>est,</strong></span> <span class='ocrx_word' id='word_1_14' title='bbox 2068 532 2177 571; x_wconf 92' lang='lat' dir='ltr'><strong>non</strong></span> 
     </span>
    </p>
   </div>
   <div class='ocr_carea' id='block_1_5' title="bbox 2295 514 3871 593">
    <p class='ocr_par' dir='ltr' id='par_1_5' title="bbox 2295 519 3871 593">
     <span class='ocr_line' id='line_1_5' title="bbox 2295 519 3871 593; baseline 0.002 -20"><span class='ocrx_word' id='word_1_15' title='bbox 2295 520 2422 573; x_wconf 81' lang='grc' dir='ltr'><strong>ιατά</strong></span> <span class='ocrx_word' id='word_1_16' title='bbox 2446 519 2699 591; x_wconf 80' lang='grc' dir='ltr'>Χριστὸν,</span> <span class='ocrx_word' id='word_1_17' title='bbox 2731 521 2792 573; x_wconf 80' lang='grc' dir='ltr'>οὐ</span> <span class='ocrx_word' id='word_1_18' title='bbox 2834 524 2897 591; x_wconf 77' lang='grc' dir='ltr'>τῇ</span> <span class='ocrx_word' id='word_1_19' title='bbox 2930 521 3071 574; x_wconf 88' lang='grc' dir='ltr'><strong>κατά</strong></span> <span class='ocrx_word' id='word_1_20' title='bbox 3126 520 3307 591; x_wconf 85' lang='grc' dir='ltr'>νόμον.</span> <span class='ocrx_word' id='word_1_21' title='bbox 3339 520 3403 574; x_wconf 82' lang='grc' dir='ltr'>Εί</span> <span class='ocrx_word' id='word_1_22' title='bbox 3441 521 3550 593; x_wconf 89' lang='grc' dir='ltr'><strong>γάρ</strong></span> <span class='ocrx_word' id='word_1_23' title='bbox 3578 520 3765 576; x_wconf 80' lang='grc' dir='ltr'>δοῦλον</span> <span class='ocrx_word' id='word_1_24' title='bbox 3790 522 3871 577; x_wconf 74' lang='grc' dir='ltr'>ἔτι</span> 
     </span>
    </p>
   </div>
   <div class='ocr_carea' id='block_1_6' title="bbox 596 606 2183 682">
    <p class='ocr_par' dir='ltr' id='par_1_6' title="bbox 596 606 2183 682">
     <span class='ocr_line' id='line_1_6' title="bbox 596 606 2183 682; baseline -0.002 -18"><span class='ocrx_word' id='word_1_25' title='bbox 596 626 719 682; x_wconf 66' lang='lat' dir='ltr'><strong>qum</strong></span> <span class='ocrx_word' id='word_1_26' title='bbox 745 625 811 664; x_wconf 86' lang='lat' dir='ltr'><strong>ex</strong></span> <span class='ocrx_word' id='word_1_27' title='bbox 843 611 980 680; x_wconf 89' lang='lat' dir='ltr'><strong>lege.</strong></span> <span class='ocrx_word' id='word_1_28' title='bbox 1023 609 1181 673; x_wconf 85' lang='lat' dir='ltr'><strong>Nam,</strong></span> <span class='ocrx_word' id='word_1_29' title='bbox 1213 607 1257 661; x_wconf 88' lang='lat' dir='ltr'><strong>si</strong></span> <span class='ocrx_word' id='word_1_30' title='bbox 1288 621 1482 660; x_wconf 89' lang='lat' dir='ltr'><strong>servus</strong></span> <span class='ocrx_word' id='word_1_31' title='bbox 1522 606 1759 661; x_wconf 87' lang='lat' dir='ltr'><strong>habetur</strong></span> <span class='ocrx_word' id='word_1_32' title='bbox 1794 608 2046 677; x_wconf 81' lang='lat' dir='ltr'><strong>quisquis</strong></span> <span class='ocrx_word' id='word_1_33' title='bbox 2079 608 2183 661; x_wconf 85' lang='lat' dir='ltr'><strong>sub</strong></span> 
     </span>
    </p>
   </div>
   <div class='ocr_carea' id='block_1_7' title="bbox 596 695 2185 772">
    <p class='ocr_par' dir='ltr' id='par_1_7' title="bbox 596 695 2185 772">
     <span class='ocr_line' id='line_1_7' title="bbox 596 695 2185 772; baseline -0.002 -17"><span class='ocrx_word' id='word_1_34' title='bbox 596 710 823 772; x_wconf 87' lang='lat' dir='ltr'><strong>peccato</strong></span> <span class='ocrx_word' id='word_1_35' title='bbox 855 710 957 763; x_wconf 89' lang='lat' dir='ltr'><strong>est,</strong></span> <span class='ocrx_word' id='word_1_36' title='bbox 993 715 1095 753; x_wconf 89' lang='lat' dir='ltr'><strong>nec</strong></span> <span class='ocrx_word' id='word_1_37' title='bbox 1120 695 1385 769; x_wconf 84' lang='lat' dir='ltr'><strong>justiﬁcat</strong></span> <span class='ocrx_word' id='word_1_38' title='bbox 1414 696 1525 751; x_wconf 91' lang='lat' dir='ltr'><strong>ullo</strong></span> <span class='ocrx_word' id='word_1_39' title='bbox 1567 696 1731 751; x_wconf 89' lang='lat' dir='ltr'><strong>modo</strong></span> <span class='ocrx_word' id='word_1_40' title='bbox 1781 698 1900 763; x_wconf 87' lang='lat' dir='ltr'><strong>lex;</strong></span> <span class='ocrx_word' id='word_1_41' title='bbox 1938 699 2185 767; x_wconf 90' lang='lat' dir='ltr'><strong>quinimo</strong></span> 
     </span>
    </p>
   </div>
   <div class='ocr_carea' id='block_1_8' title="bbox 598 784 2182 858">
    <p class='ocr_par' dir='ltr' id='par_1_8' title="bbox 598 784 2182 858">
     <span class='ocr_line' id='line_1_8' title="bbox 598 784 2182 858; baseline -0.002 -13"><span class='ocrx_word' id='word_1_42' title='bbox 598 790 928 845; x_wconf 87' lang='lat' dir='ltr'><strong>condemnat</strong></span> <span class='ocrx_word' id='word_1_43' title='bbox 987 787 1189 858; x_wconf 88' lang='lat' dir='ltr'><strong>potius,</strong></span> <span class='ocrx_word' id='word_1_44' title='bbox 1247 801 1478 854; x_wconf 86' lang='lat' dir='ltr'><strong>reosque</strong></span> <span class='ocrx_word' id='word_1_45' title='bbox 1530 784 1661 840; x_wconf 82' lang='lat' dir='ltr'><strong>facit</strong></span> <span class='ocrx_word' id='word_1_46' title='bbox 1718 794 2182 856; x_wconf 81' lang='lat' dir='ltr'><strong>transgressores;</strong></span> 
     </span>
    </p>
   </div>
   <div class='ocr_carea' id='block_1_9' title="bbox 598 878 2185 950">
    <p class='ocr_par' dir='ltr' id='par_1_9' title="bbox 598 878 2185 950">
     <span class='ocr_line' id='line_1_9' title="bbox 598 878 2185 950; baseline -0.002 -15"><span class='ocrx_word' id='word_1_47' title='bbox 598 882 688 936; x_wconf 91' lang='lat' dir='ltr'><strong>cui</strong></span> <span class='ocrx_word' id='word_1_48' title='bbox 734 898 843 935; x_wconf 91' lang='lat' dir='ltr'><strong>non</strong></span> <span class='ocrx_word' id='word_1_49' title='bbox 876 880 1225 950; x_wconf 88' lang='lat' dir='ltr'><strong>perspicuum</strong></span> <span class='ocrx_word' id='word_1_50' title='bbox 1275 879 1345 932; x_wconf 90' lang='lat' dir='ltr'><strong>sit</strong></span> <span class='ocrx_word' id='word_1_51' title='bbox 1377 894 1597 933; x_wconf 90' lang='lat' dir='ltr'><strong>omnem</strong></span> <span class='ocrx_word' id='word_1_52' title='bbox 1640 878 2081 949; x_wconf 84' lang='lat' dir='ltr'><strong>justiﬁeationem</strong></span> <span class='ocrx_word' id='word_1_53' title='bbox 2130 878 2185 932; x_wconf 93' lang='lat' dir='ltr'><strong>in</strong></span> 
     </span>
    </p>
   </div>
   <div class='ocr_carea' id='block_1_10' title="bbox 597 968 2184 1039">
    <p class='ocr_par' dir='ltr' id='par_1_10' title="bbox 597 968 2184 1039">
     <span class='ocr_line' id='line_1_10' title="bbox 597 968 2184 1039; baseline -0.004 -13"><span class='ocrx_word' id='word_1_54' title='bbox 597 971 815 1027; x_wconf 85' lang='lat' dir='ltr'><strong>Christo</strong></span> <span class='ocrx_word' id='word_1_55' title='bbox 855 981 1135 1035; x_wconf 87' lang='lat' dir='ltr'><strong>constare;</strong></span> <span class='ocrx_word' id='word_1_56' title='bbox 1170 971 1411 1039; x_wconf 86' lang='lat' dir='ltr'><strong>itemque</strong></span> <span class='ocrx_word' id='word_1_57' title='bbox 1441 984 1657 1024; x_wconf 88' lang='lat' dir='ltr'><strong>omnem</strong></span> <span class='ocrx_word' id='word_1_58' title='bbox 1694 968 2032 1038; x_wconf 88' lang='lat' dir='ltr'><strong>spiritualem</strong></span> <span class='ocrx_word' id='word_1_59' title='bbox 2058 984 2184 1038; x_wconf 87' lang='lat' dir='ltr'><strong>per-</strong></span> 
     </span>
    </p>
   </div>
   <div class='ocr_carea' id='block_1_11' title="bbox 597 1058 2187 1131">
    <p class='ocr_par' dir='ltr' id='par_1_11' title="bbox 597 1058 2187 1131">
     <span class='ocr_line' id='line_1_11' title="bbox 597 1058 2187 1131; baseline -0.001 -17"><span class='ocrx_word' id='word_1_60' title='bbox 597 1059 914 1123; x_wconf 86' lang='lat' dir='ltr'><strong>fectionem,</strong></span> <span class='ocrx_word' id='word_1_61' title='bbox 950 1076 1072 1131; x_wconf 65' lang='lat' dir='ltr'><strong>quae</strong></span> <span class='ocrx_word' id='word_1_62' title='bbox 1104 1075 1214 1129; x_wconf 89' lang='lat' dir='ltr'><strong>per</strong></span> <span class='ocrx_word' id='word_1_63' title='bbox 1254 1058 1740 1114; x_wconf 87' lang='lat' dir='ltr'><strong>sanctiﬁcationem</strong></span> <span class='ocrx_word' id='word_1_64' title='bbox 1768 1058 2056 1121; x_wconf 86' lang='lat' dir='ltr'><strong>habeatur,</strong></span> <span class='ocrx_word' id='word_1_65' title='bbox 2088 1073 2187 1128; x_wconf 90' lang='lat' dir='ltr'><strong>per</strong></span> 
     </span>
    </p>
   </div>
   <div class='ocr_carea' id='block_1_12' title="bbox 598 1149 2186 1221">
    <p class='ocr_par' dir='ltr' id='par_1_12' title="bbox 598 1149 2186 1221">
     <span class='ocr_line' id='line_1_12' title="bbox 598 1149 2186 1221; baseline -0.002 -15"><span class='ocrx_word' id='word_1_66' title='bbox 598 1151 779 1221; x_wconf 88' lang='lat' dir='ltr'><strong>ipsum</strong></span> <span class='ocrx_word' id='word_1_67' title='bbox 824 1160 880 1206; x_wconf 90' lang='lat' dir='ltr'><strong>et</strong></span> <span class='ocrx_word' id='word_1_68' title='bbox 922 1151 978 1205; x_wconf 92' lang='lat' dir='ltr'><strong>in</strong></span> <span class='ocrx_word' id='word_1_69' title='bbox 1022 1152 1142 1220; x_wconf 86' lang='lat' dir='ltr'><strong>ipso</strong></span> <span class='ocrx_word' id='word_1_70' title='bbox 1174 1150 1417 1219; x_wconf 85' lang='lat' dir='ltr'><strong>acquiri?</strong></span> <span class='ocrx_word' id='word_1_71' title='bbox 1442 1150 1646 1205; x_wconf 81' lang='lat' dir='ltr'><strong>Paulus</strong></span> <span class='ocrx_word' id='word_1_72' title='bbox 1675 1149 1761 1203; x_wconf 91' lang='lat' dir='ltr'><strong>vir</strong></span> <span class='ocrx_word' id='word_1_73' title='bbox 1789 1158 1939 1205; x_wconf 88' lang='lat' dir='ltr'><strong>certe</strong></span> <span class='ocrx_word' id='word_1_74' title='bbox 1967 1150 2186 1219; x_wconf 83' lang='lat' dir='ltr'><strong>sapiens</strong></span> 
     </span>
    </p>
   </div>
   <div class='ocr_carea' id='block_1_13' title="bbox 598 1242 2183 1315">
    <p class='ocr_par' dir='ltr' id='par_1_13' title="bbox 598 1242 2183 1315">
     <span class='ocr_line' id='line_1_13' title="bbox 598 1242 2183 1315; baseline -0.003 -16"><span class='ocrx_word' id='word_1_75' title='bbox 598 1245 655 1299; x_wconf 87' lang='lat' dir='ltr'><strong>in</strong></span> <span class='ocrx_word' id='word_1_76' title='bbox 686 1244 878 1315; x_wconf 85' lang='lat' dir='ltr'><strong>primis</strong></span> <span class='ocrx_word' id='word_1_77' title='bbox 924 1243 1117 1297; x_wconf 86' lang='lat' dir='ltr'><strong>scribit</strong></span> <span class='ocrx_word' id='word_1_78' title='bbox 1154 1260 1166 1294; x_wconf 91' lang='lat'><strong>:</strong></span> <span class='ocrx_word' id='word_1_79' title='bbox 1211 1263 1227 1293; x_wconf 81' lang='grc' dir='ltr'><strong>ι</strong></span> <span class='ocrx_word' id='word_1_80' title='bbox 1264 1242 1384 1297; x_wconf 88' lang='lat' dir='ltr'><strong>Non</strong></span> <span class='ocrx_word' id='word_1_81' title='bbox 1433 1242 1580 1297; x_wconf 89' lang='lat' dir='ltr'><strong>enim</strong></span> <span class='ocrx_word' id='word_1_82' title='bbox 1624 1242 1894 1296; x_wconf 86' lang='lat' dir='ltr'><strong>erubesco</strong></span> <span class='ocrx_word' id='word_1_83' title='bbox 1934 1242 2183 1311; x_wconf 84' lang='lat' dir='ltr'><strong>Evange-</strong></span> 
     </span>
    </p>
   </div>
   <div class='ocr_carea' id='block_1_14' title="bbox 595 1332 2183 1403">
    <p class='ocr_par' dir='ltr' id='par_1_14' title="bbox 595 1332 2183 1403">
     <span class='ocr_line' id='line_1_14' title="bbox 595 1332 2183 1403; baseline -0.003 -11"><span class='ocrx_word' id='word_1_84' title='bbox 595 1336 766 1403; x_wconf 88' lang='lat' dir='ltr'><strong>lium;</strong></span> <span class='ocrx_word' id='word_1_85' title='bbox 804 1336 901 1390; x_wconf 87' lang='lat' dir='ltr'><strong>Dei</strong></span> <span class='ocrx_word' id='word_1_86' title='bbox 945 1335 1092 1389; x_wconf 89' lang='lat' dir='ltr'><strong>enim</strong></span> <span class='ocrx_word' id='word_1_87' title='bbox 1138 1335 1315 1389; x_wconf 89' lang='lat' dir='ltr'><strong>virtus</strong></span> <span class='ocrx_word' id='word_1_88' title='bbox 1360 1342 1445 1388; x_wconf 87' lang='lat' dir='ltr'><strong>est</strong></span> <span class='ocrx_word' id='word_1_89' title='bbox 1491 1334 1546 1387; x_wconf 92' lang='lat' dir='ltr'><strong>in</strong></span> <span class='ocrx_word' id='word_1_90' title='bbox 1592 1334 1823 1388; x_wconf 89' lang='lat' dir='ltr'><strong>salutem</strong></span> <span class='ocrx_word' id='word_1_91' title='bbox 1870 1332 2019 1387; x_wconf 88' lang='lat' dir='ltr'><strong>omni</strong></span> <span class='ocrx_word' id='word_1_92' title='bbox 2060 1347 2183 1387; x_wconf 89' lang='lat' dir='ltr'><strong>cre-</strong></span> 
     </span>
    </p>
   </div>
   <div class='ocr_carea' id='block_1_15' title="bbox 599 1423 2185 1495">
    <p class='ocr_par' dir='ltr' id='par_1_15' title="bbox 599 1423 2185 1495">
     <span class='ocr_line' id='line_1_15' title="bbox 599 1423 2185 1495; baseline -0.003 -13"><span class='ocrx_word' id='word_1_93' title='bbox 599 1428 773 1490; x_wconf 85' lang='lat' dir='ltr'><strong>denti,</strong></span> <span class='ocrx_word' id='word_1_94' title='bbox 805 1426 993 1481; x_wconf 65' lang='lat' dir='ltr'><strong>Judteo</strong></span> <span class='ocrx_word' id='word_1_95' title='bbox 1032 1426 1268 1495; x_wconf 88' lang='lat' dir='ltr'><strong>primum</strong></span> <span class='ocrx_word' id='word_1_96' title='bbox 1302 1434 1359 1480; x_wconf 91' lang='lat' dir='ltr'><strong>et</strong></span> <span class='ocrx_word' id='word_1_97' title='bbox 1402 1425 1609 1480; x_wconf 69' lang='lat' dir='ltr'><strong>Graeco.</strong></span> <span class='ocrx_word' id='word_1_98' title='bbox 1650 1424 1871 1479; x_wconf 84' lang='lat' dir='ltr'><strong>Justitia</strong></span> <span class='ocrx_word' id='word_1_99' title='bbox 1902 1423 2050 1478; x_wconf 90' lang='lat' dir='ltr'><strong>enim</strong></span> <span class='ocrx_word' id='word_1_100' title='bbox 2088 1423 2185 1477; x_wconf 89' lang='lat' dir='ltr'><strong>Dei</strong></span> 
     </span>
    </p>
   </div>
   <div class='ocr_carea' id='block_1_16' title="bbox 600 1516 2179 1585">
    <p class='ocr_par' dir='ltr' id='par_1_16' title="bbox 600 1516 2179 1585">
     <span class='ocr_line' id='line_1_16' title="bbox 600 1516 2179 1585; baseline -0.003 -12"><span class='ocrx_word' id='word_1_101' title='bbox 600 1520 657 1573; x_wconf 91' lang='lat' dir='ltr'><strong>in</strong></span> <span class='ocrx_word' id='word_1_102' title='bbox 686 1534 752 1573; x_wconf 89' lang='lat' dir='ltr'><strong>eo</strong></span> <span class='ocrx_word' id='word_1_103' title='bbox 781 1520 1054 1573; x_wconf 86' lang='lat' dir='ltr'><strong>revelatur</strong></span> <span class='ocrx_word' id='word_1_104' title='bbox 1082 1534 1147 1572; x_wconf 86' lang='lat' dir='ltr'><strong>ex</strong></span> <span class='ocrx_word' id='word_1_105' title='bbox 1178 1518 1283 1571; x_wconf 89' lang='lat' dir='ltr'><strong>ﬁde</strong></span> <span class='ocrx_word' id='word_1_106' title='bbox 1315 1518 1367 1571; x_wconf 90' lang='lat' dir='ltr'><strong>in</strong></span> <span class='ocrx_word' id='word_1_107' title='bbox 1391 1517 1575 1579; x_wconf 91' lang='lat' dir='ltr'><strong>ﬁdem,</strong></span> <span class='ocrx_word' id='word_1_108' title='bbox 1604 1517 1746 1570; x_wconf 89' lang='lat' dir='ltr'><strong>sicut</strong></span> <span class='ocrx_word' id='word_1_109' title='bbox 1774 1516 2040 1585; x_wconf 90' lang='lat' dir='ltr'><strong>scriptum</strong></span> <span class='ocrx_word' id='word_1_110' title='bbox 2064 1526 2179 1569; x_wconf 88' lang='lat' dir='ltr'><strong>est:</strong></span> 
     </span>
    </p>
   </div>
   <div class='ocr_carea' id='block_1_17' title="bbox 598 1605 2184 1674">
    <p class='ocr_par' dir='ltr' id='par_1_17' title="bbox 598 1605 2184 1674">
     <span class='ocr_line' id='line_1_17' title="bbox 598 1605 2184 1674; baseline -0.004 -9"><span class='ocrx_word' id='word_1_111' title='bbox 598 1610 789 1665; x_wconf 81' lang='lat' dir='ltr'><strong>Justus</strong></span> <span class='ocrx_word' id='word_1_112' title='bbox 841 1618 1023 1662; x_wconf 88' lang='lat' dir='ltr'><strong>autem</strong></span> <span class='ocrx_word' id='word_1_113' title='bbox 1082 1622 1147 1661; x_wconf 83' lang='lat' dir='ltr'><strong>ex</strong></span> <span class='ocrx_word' id='word_1_114' title='bbox 1191 1606 1295 1660; x_wconf 88' lang='lat' dir='ltr'><strong>ﬁde</strong></span> <span class='ocrx_word' id='word_1_115' title='bbox 1348 1606 1493 1660; x_wconf 81' lang='lat' dir='ltr'><strong>vivet</strong></span> <span class='ocrx_word' id='word_1_116' title='bbox 1540 1606 1603 1659; x_wconf 63' lang='grc'><strong>⁸⁸.</strong></span> <span class='ocrx_word' id='word_1_117' title='bbox 1653 1626 1670 1655; x_wconf 78' lang='grc' dir='ltr'><strong>ι</strong></span> <span class='ocrx_word' id='word_1_118' title='bbox 1710 1605 1921 1659; x_wconf 85' lang='lat' dir='ltr'><strong>Veteris</strong></span> <span class='ocrx_word' id='word_1_119' title='bbox 1966 1621 2184 1674; x_wconf 87' lang='lat' dir='ltr'><strong>quoque</strong></span> 
     </span>
    </p>
   </div>
   <div class='ocr_carea' id='block_1_18' title="bbox 599 1696 2181 1770">
    <p class='ocr_par' dir='ltr' id='par_1_18' title="bbox 599 1696 2181 1770">
     <span class='ocr_line' id='line_1_18' title="bbox 599 1696 2181 1770; baseline -0.003 -15"><span class='ocrx_word' id='word_1_120' title='bbox 599 1700 737 1770; x_wconf 86' lang='lat' dir='ltr'><strong>legis</strong></span> <span class='ocrx_word' id='word_1_121' title='bbox 764 1699 1013 1759; x_wconf 89' lang='lat' dir='ltr'><strong>inutilem</strong></span> <span class='ocrx_word' id='word_1_122' title='bbox 1038 1699 1147 1753; x_wconf 91' lang='lat' dir='ltr'><strong>vim</strong></span> <span class='ocrx_word' id='word_1_123' title='bbox 1184 1706 1347 1765; x_wconf 88' lang='lat' dir='ltr'><strong>atque</strong></span> <span class='ocrx_word' id='word_1_124' title='bbox 1379 1696 1652 1750; x_wconf 89' lang='lat' dir='ltr'><strong>inﬁrmam</strong></span> <span class='ocrx_word' id='word_1_125' title='bbox 1681 1696 1748 1750; x_wconf 91' lang='lat' dir='ltr'><strong>iis</strong></span> <span class='ocrx_word' id='word_1_126' title='bbox 1772 1697 1954 1751; x_wconf 85' lang='lat' dir='ltr'><strong>verbis</strong></span> <span class='ocrx_word' id='word_1_127' title='bbox 1982 1706 2139 1751; x_wconf 90' lang='lat' dir='ltr'><strong>notat</strong></span> <span class='ocrx_word' id='word_1_128' title='bbox 2169 1715 2181 1750; x_wconf 93' lang='lat'>:</span> 
     </span>
    </p>
   </div>
   <div class='ocr_carea' id='block_1_19' title="bbox 601 1788 2184 1862">
    <p class='ocr_par' dir='ltr' id='par_1_19' title="bbox 601 1788 2184 1862">
     <span class='ocr_line' id='line_1_19' title="bbox 601 1788 2184 1862; baseline 0.001 -20"><span class='ocrx_word' id='word_1_129' title='bbox 601 1791 707 1862; x_wconf 73' lang='lat'><strong>52</strong></span> <span class='ocrx_word' id='word_1_130' title='bbox 742 1811 759 1842; x_wconf 84' lang='grc' dir='ltr'><strong>ι</strong></span> <span class='ocrx_word' id='word_1_131' title='bbox 789 1790 945 1858; x_wconf 87' lang='lat' dir='ltr'><strong>Quod</strong></span> <span class='ocrx_word' id='word_1_132' title='bbox 974 1798 1178 1853; x_wconf 87' lang='lat' dir='ltr'><strong>autem,</strong></span> <span class='ocrx_word' id='word_1_133' title='bbox 1210 1789 1408 1859; x_wconf 88' lang='lat' dir='ltr'><strong>inquit,</strong></span> <span class='ocrx_word' id='word_1_134' title='bbox 1441 1789 1497 1842; x_wconf 93' lang='lat' dir='ltr'><strong>in</strong></span> <span class='ocrx_word' id='word_1_135' title='bbox 1524 1789 1641 1858; x_wconf 83' lang='lat' dir='ltr'><strong>lege</strong></span> <span class='ocrx_word' id='word_1_136' title='bbox 1668 1803 1828 1843; x_wconf 90' lang='lat' dir='ltr'><strong>nemo</strong></span> <span class='ocrx_word' id='word_1_137' title='bbox 1850 1788 2184 1859; x_wconf 88' lang='lat' dir='ltr'><strong>justiﬁcatur</strong></span> 
     </span>
    </p>
   </div>
   <div class='ocr_carea' id='block_1_20' title="bbox 2286 610 3871 681">
    <p class='ocr_par' dir='ltr' id='par_1_20' title="bbox 2286 610 3871 681">
     <span class='ocr_line' id='line_1_20' title="bbox 2286 610 3871 681; baseline 0.001 -18"><span class='ocrx_word' id='word_1_138' title='bbox 2286 611 2348 664; x_wconf 86' lang='grc' dir='ltr'>τὸ</span> <span class='ocrx_word' id='word_1_139' title='bbox 2374 610 2463 677; x_wconf 77' lang='grc' dir='ltr'><strong>ὑφ’</strong></span> <span class='ocrx_word' id='word_1_140' title='bbox 2489 610 2784 681; x_wconf 82' lang='grc' dir='ltr'>ἁμαρτίαν,</span> <span class='ocrx_word' id='word_1_141' title='bbox 2819 611 3018 664; x_wconf 86' lang='grc' dir='ltr'>δικαιοῖ</span> <span class='ocrx_word' id='word_1_142' title='bbox 3042 610 3099 664; x_wconf 81' lang='grc' dir='ltr'>δὲ</span> <span class='ocrx_word' id='word_1_143' title='bbox 3130 611 3328 681; x_wconf 81' lang='grc' dir='ltr'>ἣκιστα</span> <span class='ocrx_word' id='word_1_144' title='bbox 3364 610 3463 680; x_wconf 79' lang='grc' dir='ltr'>μὲν</span> <span class='ocrx_word' id='word_1_145' title='bbox 3488 612 3518 663; x_wconf 89' lang='grc' dir='ltr'><strong>ό</strong></span> <span class='ocrx_word' id='word_1_146' title='bbox 3547 611 3730 681; x_wconf 86' lang='grc' dir='ltr'>νόμος,</span> <span class='ocrx_word' id='word_1_147' title='bbox 3772 628 3871 665; x_wconf 85' lang='grc' dir='ltr'>κα-</span> 
     </span>
    </p>
   </div>
   <div class='ocr_carea' id='block_1_21' title="bbox 2286 702 3870 775">
    <p class='ocr_par' dir='ltr' id='par_1_21' title="bbox 2286 702 3870 775">
     <span class='ocr_line' id='line_1_21' title="bbox 2286 702 3870 775; baseline 0.001 -19"><span class='ocrx_word' id='word_1_148' title='bbox 2286 702 2530 775; x_wconf 86' lang='grc' dir='ltr'>τακρίνει</span> <span class='ocrx_word' id='word_1_149' title='bbox 2549 703 2605 756; x_wconf 83' lang='grc' dir='ltr'>δὲ</span> <span class='ocrx_word' id='word_1_150' title='bbox 2632 702 2831 773; x_wconf 80' lang='grc' dir='ltr'>μᾶλλον</span> <span class='ocrx_word' id='word_1_151' title='bbox 2858 705 2955 756; x_wconf 73' lang='grc' dir='ltr'>καὶ</span> <span class='ocrx_word' id='word_1_152' title='bbox 2980 703 3246 773; x_wconf 80' lang='grc' dir='ltr'>γράφεται</span> <span class='ocrx_word' id='word_1_153' title='bbox 3270 702 3727 772; x_wconf 89' lang='grc' dir='ltr'>παραϐαίνοντας,</span> <span class='ocrx_word' id='word_1_154' title='bbox 3755 704 3870 767; x_wconf 77' lang='grc' dir='ltr'><strong>πῶς</strong></span> 
     </span>
    </p>
   </div>
   <div class='ocr_carea' id='block_1_22' title="bbox 2286 794 3871 866">
    <p class='ocr_par' dir='ltr' id='par_1_22' title="bbox 2286 794 3871 866">
     <span class='ocr_line' id='line_1_22' title="bbox 2286 794 3871 866; baseline -0.001 -17"><span class='ocrx_word' id='word_1_155' title='bbox 2286 796 2385 849; x_wconf 81' lang='grc' dir='ltr'><strong>οὐκ</strong></span> <span class='ocrx_word' id='word_1_156' title='bbox 2417 795 2482 849; x_wconf 84' lang='grc' dir='ltr'>ἂν</span> <span class='ocrx_word' id='word_1_157' title='bbox 2515 796 2724 864; x_wconf 84' lang='grc' dir='ltr'>γένοιτο</span> <span class='ocrx_word' id='word_1_158' title='bbox 2763 797 2923 850; x_wconf 89' lang='grc' dir='ltr'>παντί</span> <span class='ocrx_word' id='word_1_159' title='bbox 2965 813 3043 866; x_wconf 82' lang='grc' dir='ltr'>τῳ</span> <span class='ocrx_word' id='word_1_160' title='bbox 3073 794 3263 862; x_wconf 76' lang='grc' dir='ltr'>σαφὲς,</span> <span class='ocrx_word' id='word_1_161' title='bbox 3294 795 3378 847; x_wconf 85' lang='grc' dir='ltr'><strong>δτι</strong></span> <span class='ocrx_word' id='word_1_162' title='bbox 3412 796 3560 848; x_wconf 81' lang='grc' dir='ltr'>πᾶσα</span> <span class='ocrx_word' id='word_1_163' title='bbox 3586 794 3871 857; x_wconf 78' lang='grc' dir='ltr'><strong>δικαίωσις</strong></span> 
     </span>
    </p>
   </div>
   <div class='ocr_carea' id='block_1_23' title="bbox 2287 883 3868 957">
    <p class='ocr_par' dir='ltr' id='par_1_23' title="bbox 2287 883 3868 957">
     <span class='ocr_line' id='line_1_23' title="bbox 2287 883 3868 957; baseline -0.001 -19"><span class='ocrx_word' id='word_1_164' title='bbox 2287 887 2343 938; x_wconf 74' lang='grc' dir='ltr'>ὲν</span> <span class='ocrx_word' id='word_1_165' title='bbox 2374 886 2612 957; x_wconf 85' lang='grc' dir='ltr'>Χριστῷ,</span> <span class='ocrx_word' id='word_1_166' title='bbox 2640 887 2735 940; x_wconf 82' lang='grc' dir='ltr'>καὶ</span> <span class='ocrx_word' id='word_1_167' title='bbox 2754 886 3083 955; x_wconf 85' lang='grc' dir='ltr'>τελείωσιςή</span> <span class='ocrx_word' id='word_1_168' title='bbox 3108 886 3165 937; x_wconf 82' lang='grc' dir='ltr'>ὲν</span> <span class='ocrx_word' id='word_1_169' title='bbox 3187 884 3456 955; x_wconf 78' lang='grc' dir='ltr'>πνεύματι</span> <span class='ocrx_word' id='word_1_170' title='bbox 3474 884 3541 937; x_wconf 82' lang='grc' dir='ltr'>δι’</span> <span class='ocrx_word' id='word_1_171' title='bbox 3569 883 3868 953; x_wconf 79' lang='grc' dir='ltr'>ἀγιασμοῦ,</span> 
     </span>
    </p>
   </div>
   <div class='ocr_carea' id='block_1_24' title="bbox 2286 975 3871 1045">
    <p class='ocr_par' dir='ltr' id='par_1_24' title="bbox 2286 975 3871 1045">
     <span class='ocr_line' id='line_1_24' title="bbox 2286 975 3871 1045; baseline -0.002 -14"><span class='ocrx_word' id='word_1_172' title='bbox 2286 977 2353 1031; x_wconf 82' lang='grc' dir='ltr'><strong>δι’</strong></span> <span class='ocrx_word' id='word_1_173' title='bbox 2385 978 2549 1031; x_wconf 80' lang='grc' dir='ltr'>αὑτοῦ</span> <span class='ocrx_word' id='word_1_174' title='bbox 2587 995 2647 1031; x_wconf 88' lang='grc' dir='ltr'><strong>τε</strong></span> <span class='ocrx_word' id='word_1_175' title='bbox 2700 978 2794 1031; x_wconf 72' lang='grc' dir='ltr'>καὶ</span> <span class='ocrx_word' id='word_1_176' title='bbox 2839 978 2898 1030; x_wconf 83' lang='grc' dir='ltr'>ὲν</span> <span class='ocrx_word' id='word_1_177' title='bbox 2935 975 3127 1045; x_wconf 81' lang='grc' dir='ltr'><strong>αὐτῷ;</strong></span> <span class='ocrx_word' id='word_1_178' title='bbox 3179 976 3289 1029; x_wconf 61' lang='grc' dir='ltr'><strong>Καὶ⁵</strong></span> <span class='ocrx_word' id='word_1_179' title='bbox 3340 975 3469 1044; x_wconf 92' lang='grc' dir='ltr'>γοῦν</span> <span class='ocrx_word' id='word_1_180' title='bbox 3500 977 3528 1028; x_wconf 91' lang='grc' dir='ltr'><strong>ό</strong></span> <span class='ocrx_word' id='word_1_181' title='bbox 3563 975 3871 1042; x_wconf 81' lang='grc' dir='ltr'>σοφώτατος</span> 
     </span>
    </p>
   </div>
   <div class='ocr_carea' id='block_1_25' title="bbox 2286 1065 3872 1140">
    <p class='ocr_par' dir='ltr' id='par_1_25' title="bbox 2286 1065 3872 1140">
     <span class='ocr_line' id='line_1_25' title="bbox 2286 1065 3872 1140; baseline -0.001 -18"><span class='ocrx_word' id='word_1_182' title='bbox 2286 1069 2484 1140; x_wconf 82' lang='grc' dir='ltr'>γράφει</span> <span class='ocrx_word' id='word_1_183' title='bbox 2516 1068 2727 1132; x_wconf 85' lang='grc' dir='ltr'>Παῦλος</span> <span class='ocrx_word' id='word_1_184' title='bbox 2746 1085 2761 1101; x_wconf 79' lang='grc' dir='ltr'><strong><em>ο</em></strong></span> <span class='ocrx_word' id='word_1_185' title='bbox 2804 1088 2822 1119; x_wconf 79' lang='grc' dir='ltr'><strong>ι</strong></span> <span class='ocrx_word' id='word_1_186' title='bbox 2862 1069 2934 1122; x_wconf 85' lang='grc' dir='ltr'><strong>Οὐ</strong></span> <span class='ocrx_word' id='word_1_187' title='bbox 2965 1068 3074 1139; x_wconf 77' lang='grc' dir='ltr'>γὰρ</span> <span class='ocrx_word' id='word_1_188' title='bbox 3104 1066 3502 1137; x_wconf 71' lang='grc' dir='ltr'><strong>ἐπαισχύνομαι</strong></span> <span class='ocrx_word' id='word_1_189' title='bbox 3532 1067 3592 1119; x_wconf 80' lang='grc' dir='ltr'>τὸ</span> <span class='ocrx_word' id='word_1_190' title='bbox 3626 1065 3872 1134; x_wconf 75' lang='grc' dir='ltr'>Εὐαγγέ-</span> 
     </span>
    </p>
   </div>
   <div class='ocr_carea' id='block_1_26' title="bbox 2286 1156 3871 1231">
    <p class='ocr_par' dir='ltr' id='par_1_26' title="bbox 2286 1156 3871 1231">
     <span class='ocr_line' id='line_1_26' title="bbox 2286 1156 3871 1231; baseline -0.002 -19"><span class='ocrx_word' id='word_1_191' title='bbox 2286 1161 2421 1222; x_wconf 88' lang='grc' dir='ltr'>λιον,</span> <span class='ocrx_word' id='word_1_192' title='bbox 2449 1159 2677 1230; x_wconf 82' lang='grc' dir='ltr'>δύναμις</span> <span class='ocrx_word' id='word_1_193' title='bbox 2711 1159 2821 1231; x_wconf 83' lang='grc' dir='ltr'><strong>γὰρ</strong></span> <span class='ocrx_word' id='word_1_194' title='bbox 2846 1158 2980 1211; x_wconf 85' lang='grc' dir='ltr'>Θεοῦ</span> <span class='ocrx_word' id='word_1_195' title='bbox 3008 1161 3153 1210; x_wconf 80' lang='grc' dir='ltr'>ἐστιν</span> <span class='ocrx_word' id='word_1_196' title='bbox 3183 1158 3262 1221; x_wconf 87' lang='grc' dir='ltr'><strong>εἰς</strong></span> <span class='ocrx_word' id='word_1_197' title='bbox 3295 1156 3570 1227; x_wconf 79' lang='grc' dir='ltr'><strong>σωτηρίαν</strong></span> <span class='ocrx_word' id='word_1_198' title='bbox 3606 1159 3768 1210; x_wconf 79' lang='grc' dir='ltr'>παντὶ</span> <span class='ocrx_word' id='word_1_199' title='bbox 3794 1157 3871 1227; x_wconf 81' lang='grc' dir='ltr'>τῷ</span> 
     </span>
    </p>
   </div>
   <div class='ocr_carea' id='block_1_27' title="bbox 2287 1248 3871 1319">
    <p class='ocr_par' dir='ltr' id='par_1_27' title="bbox 2287 1248 3871 1319">
     <span class='ocr_line' id='line_1_27' title="bbox 2287 1248 3871 1319; baseline -0.001 -18"><span class='ocrx_word' id='word_1_200' title='bbox 2287 1249 2614 1310; x_wconf 84' lang='grc' dir='ltr'>πιστεύοντι,</span> <span class='ocrx_word' id='word_1_201' title='bbox 2655 1249 2893 1319; x_wconf 77' lang='grc' dir='ltr'><strong>Ἰουδαίῳ</strong></span> <span class='ocrx_word' id='word_1_202' title='bbox 2923 1266 2981 1301; x_wconf 84' lang='grc' dir='ltr'><strong>τε</strong></span> <span class='ocrx_word' id='word_1_203' title='bbox 3004 1248 3220 1319; x_wconf 87' lang='grc' dir='ltr'>πρῶτον</span> <span class='ocrx_word' id='word_1_204' title='bbox 3245 1248 3340 1301; x_wconf 71' lang='grc' dir='ltr'>καὶ</span> <span class='ocrx_word' id='word_1_205' title='bbox 3372 1248 3614 1317; x_wconf 83' lang='grc' dir='ltr'>Ἕλληνι.</span> <span class='ocrx_word' id='word_1_206' title='bbox 3656 1250 3871 1300; x_wconf 81' lang='grc' dir='ltr'>Δικαιο-</span> 
     </span>
    </p>
   </div>
   <div class='ocr_carea' id='block_1_28' title="bbox 2287 1336 3869 1410">
    <p class='ocr_par' dir='ltr' id='par_1_28' title="bbox 2287 1336 3869 1410">
     <span class='ocr_line' id='line_1_28' title="bbox 2287 1336 3869 1410; baseline -0.003 -18"><span class='ocrx_word' id='word_1_207' title='bbox 2287 1340 2421 1410; x_wconf 80' lang='grc' dir='ltr'>σύνη</span> <span class='ocrx_word' id='word_1_208' title='bbox 2457 1341 2566 1410; x_wconf 83' lang='grc' dir='ltr'><strong>γὰρ</strong></span> <span class='ocrx_word' id='word_1_209' title='bbox 2596 1339 2729 1392; x_wconf 91' lang='grc' dir='ltr'>Θεοῦ</span> <span class='ocrx_word' id='word_1_210' title='bbox 2765 1339 2821 1391; x_wconf 78' lang='grc' dir='ltr'>ὲν</span> <span class='ocrx_word' id='word_1_211' title='bbox 2857 1338 3005 1407; x_wconf 86' lang='grc' dir='ltr'>αὐτῷ</span> <span class='ocrx_word' id='word_1_212' title='bbox 3049 1337 3493 1390; x_wconf 84' lang='grc' dir='ltr'>ἀποκαλύπτεται</span> <span class='ocrx_word' id='word_1_213' title='bbox 3530 1339 3595 1389; x_wconf 77' lang='grc' dir='ltr'>ἐκ</span> <span class='ocrx_word' id='word_1_214' title='bbox 3634 1336 3869 1399; x_wconf 86' lang='grc' dir='ltr'>πίστεως</span> 
     </span>
    </p>
   </div>
   <div class='ocr_carea' id='block_1_29' title="bbox 2286 1426 3872 1500">
    <p class='ocr_par' dir='ltr' id='par_1_29' title="bbox 2286 1426 3872 1500">
     <span class='ocr_line' id='line_1_29' title="bbox 2286 1426 3872 1500; baseline -0.004 -17"><span class='ocrx_word' id='word_1_215' title='bbox 2286 1433 2366 1493; x_wconf 89' lang='grc' dir='ltr'><strong>εἰς</strong></span> <span class='ocrx_word' id='word_1_216' title='bbox 2396 1429 2573 1483; x_wconf 86' lang='grc' dir='ltr'>πίστιν</span> <span class='ocrx_word' id='word_1_217' title='bbox 2595 1472 2609 1495; x_wconf 91' lang='grc'><strong>,</strong></span> <span class='ocrx_word' id='word_1_218' title='bbox 2640 1428 2821 1492; x_wconf 86' lang='grc' dir='ltr'>καθὼς</span> <span class='ocrx_word' id='word_1_219' title='bbox 2862 1429 3171 1500; x_wconf 84' lang='grc' dir='ltr'>γέγραπται</span> <span class='ocrx_word' id='word_1_220' title='bbox 3204 1445 3217 1458; x_wconf 75' lang='lat'>&#39;</span> <span class='ocrx_word' id='word_1_221' title='bbox 3265 1428 3324 1480; x_wconf 80' lang='lat' dir='ltr'><strong>&#39;U</strong></span> <span class='ocrx_word' id='word_1_222' title='bbox 3350 1428 3409 1481; x_wconf 79' lang='grc' dir='ltr'>δὲ</span> <span class='ocrx_word' id='word_1_223' title='bbox 3439 1427 3644 1489; x_wconf 87' lang='grc' dir='ltr'>δίκαιος</span> <span class='ocrx_word' id='word_1_224' title='bbox 3674 1428 3740 1479; x_wconf 80' lang='grc' dir='ltr'>ὲκ</span> <span class='ocrx_word' id='word_1_225' title='bbox 3782 1426 3872 1477; x_wconf 81' lang='grc' dir='ltr'>πί·-</span> 
     </span>
    </p>
   </div>
   <div class='ocr_carea' id='block_1_30' title="bbox 2287 1518 3871 1591">
    <p class='ocr_par' dir='ltr' id='par_1_30' title="bbox 2287 1518 3871 1591">
     <span class='ocr_line' id='line_1_30' title="bbox 2287 1518 3871 1591; baseline -0.004 -16"><span class='ocrx_word' id='word_1_226' title='bbox 2287 1538 2454 1585; x_wconf 87' lang='grc' dir='ltr'>στεως</span> <span class='ocrx_word' id='word_1_227' title='bbox 2485 1521 2731 1591; x_wconf 79' lang='grc' dir='ltr'><strong>ζήσεται.</strong></span> <span class='ocrx_word' id='word_1_228' title='bbox 2766 1540 2784 1572; x_wconf 74' lang='grc' dir='ltr'><strong>ι</strong></span> <span class='ocrx_word' id='word_1_229' title='bbox 2825 1521 3008 1591; x_wconf 84' lang='grc' dir='ltr'><strong>Νόμου</strong></span> <span class='ocrx_word' id='word_1_230' title='bbox 3039 1536 3098 1572; x_wconf 86' lang='grc' dir='ltr'>τε</span> <span class='ocrx_word' id='word_1_231' title='bbox 3124 1519 3217 1572; x_wconf 89' lang='grc' dir='ltr'><strong>τοῦ</strong></span> <span class='ocrx_word' id='word_1_232' title='bbox 3238 1518 3406 1572; x_wconf 85' lang='grc' dir='ltr'>πάλαι</span> <span class='ocrx_word' id='word_1_233' title='bbox 3442 1518 3502 1571; x_wconf 75' lang='grc' dir='ltr'><strong>τὸ</strong></span> <span class='ocrx_word' id='word_1_234' title='bbox 3534 1518 3791 1587; x_wconf 79' lang='grc' dir='ltr'>ἀνόνητόν</span> <span class='ocrx_word' id='word_1_235' title='bbox 3811 1533 3871 1568; x_wconf 84' lang='grc' dir='ltr'><strong>τε</strong></span> 
     </span>
    </p>
   </div>
   <div class='ocr_carea' id='block_1_31' title="bbox 2287 1610 3870 1685">
    <p class='ocr_par' dir='ltr' id='par_1_31' title="bbox 2287 1610 3870 1685">
     <span class='ocr_line' id='line_1_31' title="bbox 2287 1610 3870 1685; baseline -0.005 -18"><span class='ocrx_word' id='word_1_236' title='bbox 2287 1617 2379 1667; x_wconf 70' lang='grc' dir='ltr'>καὶ</span> <span class='ocrx_word' id='word_1_237' title='bbox 2414 1614 2639 1685; x_wconf 78' lang='grc' dir='ltr'>ἀδρανὲς</span> <span class='ocrx_word' id='word_1_238' title='bbox 2670 1613 2725 1666; x_wconf 78' lang='grc' dir='ltr'>ἐν</span> <span class='ocrx_word' id='word_1_239' title='bbox 2743 1630 2807 1681; x_wconf 92' lang='grc' dir='ltr'><strong>γε</strong></span> <span class='ocrx_word' id='word_1_240' title='bbox 2838 1611 3032 1666; x_wconf 80' lang='grc' dir='ltr'>τουτωῒ</span> <span class='ocrx_word' id='word_1_241' title='bbox 3062 1612 3425 1681; x_wconf 82' lang='grc' dir='ltr'>καταγράφει,</span> <span class='ocrx_word' id='word_1_242' title='bbox 3460 1611 3651 1678; x_wconf 78' lang='grc' dir='ltr'>λέγων’</span> <span class='ocrx_word' id='word_1_243' title='bbox 3692 1629 3709 1659; x_wconf 85' lang='grc' dir='ltr'><strong>ι</strong></span> <span class='ocrx_word' id='word_1_244' title='bbox 3749 1610 3870 1666; x_wconf 81' lang='grc' dir='ltr'><strong>Ὀτι</strong></span> 
     </span>
    </p>
   </div>
   <div class='ocr_carea' id='block_1_32' title="bbox 2284 1700 3873 1775">
    <p class='ocr_par' dir='ltr' id='par_1_32' title="bbox 2284 1700 3873 1775">
     <span class='ocr_line' id='line_1_32' title="bbox 2284 1700 3873 1775; baseline -0.004 -16"><span class='ocrx_word' id='word_1_245' title='bbox 2284 1706 2339 1759; x_wconf 77' lang='grc' dir='ltr'>δὲ</span> <span class='ocrx_word' id='word_1_246' title='bbox 2372 1707 2429 1758; x_wconf 82' lang='grc' dir='ltr'>ἐν</span> <span class='ocrx_word' id='word_1_247' title='bbox 2458 1706 2608 1775; x_wconf 81' lang='grc' dir='ltr'>νόμῳ</span> <span class='ocrx_word' id='word_1_248' title='bbox 2640 1705 2814 1767; x_wconf 76' lang='grc' dir='ltr'>οὐδεὶς</span> <span class='ocrx_word' id='word_1_249' title='bbox 2858 1703 3161 1757; x_wconf 81' lang='grc' dir='ltr'>δικαιοῦται</span> <span class='ocrx_word' id='word_1_250' title='bbox 3187 1704 3339 1773; x_wconf 73' lang='grc' dir='ltr'>παρὰ</span> <span class='ocrx_word' id='word_1_251' title='bbox 3384 1700 3523 1771; x_wconf 83' lang='grc' dir='ltr'>Θεῷ,</span> <span class='ocrx_word' id='word_1_252' title='bbox 3568 1701 3746 1770; x_wconf 82' lang='grc' dir='ltr'>δῆλον·</span> <span class='ocrx_word' id='word_1_253' title='bbox 3791 1701 3873 1752; x_wconf 83' lang='grc' dir='ltr'>ὅτι</span> 
     </span>
    </p>
   </div>
   <div class='ocr_carea' id='block_1_33' title="bbox 2288 1791 3874 1865">
    <p class='ocr_par' dir='ltr' id='par_1_33' title="bbox 2288 1791 3874 1865">
     <span class='ocr_line' id='line_1_33' title="bbox 2288 1791 3874 1865; baseline -0.004 -16"><span class='ocrx_word' id='word_1_254' title='bbox 2288 1799 2317 1850; x_wconf 89' lang='grc' dir='ltr'><strong>ό</strong></span> <span class='ocrx_word' id='word_1_255' title='bbox 2345 1796 2549 1859; x_wconf 80' lang='grc' dir='ltr'>δίκαιος</span> <span class='ocrx_word' id='word_1_256' title='bbox 2576 1797 2642 1848; x_wconf 77' lang='grc' dir='ltr'>ἐκ</span> <span class='ocrx_word' id='word_1_257' title='bbox 2671 1796 2907 1857; x_wconf 82' lang='grc' dir='ltr'>πίστεως</span> <span class='ocrx_word' id='word_1_258' title='bbox 2937 1793 3180 1865; x_wconf 76' lang='grc' dir='ltr'>ζήσεται.</span> <span class='ocrx_word' id='word_1_259' title='bbox 3220 1794 3277 1845; x_wconf 84' lang='grc' dir='ltr'>Ὀ</span> <span class='ocrx_word' id='word_1_260' title='bbox 3314 1792 3369 1844; x_wconf 84' lang='grc' dir='ltr'>δὲ</span> <span class='ocrx_word' id='word_1_261' title='bbox 3409 1791 3569 1860; x_wconf 89' lang='grc' dir='ltr'>νόμος</span> <span class='ocrx_word' id='word_1_262' title='bbox 3596 1792 3698 1843; x_wconf 80' lang='grc' dir='ltr'><strong>οὒκ</strong></span> <span class='ocrx_word' id='word_1_263' title='bbox 3727 1791 3874 1843; x_wconf 84' lang='grc' dir='ltr'>ἔστιν</span> 
     </span>
    </p>
   </div>
   <div class='ocr_carea' id='block_1_34' title="bbox 600 1878 2191 1956">
    <p class='ocr_par' dir='ltr' id='par_1_34' title="bbox 600 1880 2188 1952">
     <span class='ocr_line' id='line_1_34' title="bbox 600 1880 2188 1952; baseline -0.002 -14"><span class='ocrx_word' id='word_1_264' title='bbox 600 1884 745 1952; x_wconf 85' lang='lat' dir='ltr'><strong>apud</strong></span> <span class='ocrx_word' id='word_1_265' title='bbox 797 1884 989 1947; x_wconf 89' lang='lat' dir='ltr'><strong>Deum,</strong></span> <span class='ocrx_word' id='word_1_266' title='bbox 1037 1881 1385 1939; x_wconf 82' lang='lat' dir='ltr'><strong>manifestum</strong></span> <span class='ocrx_word' id='word_1_267' title='bbox 1419 1890 1503 1935; x_wconf 91' lang='lat' dir='ltr'><strong>est</strong></span> <span class='ocrx_word' id='word_1_268' title='bbox 1538 1897 1550 1932; x_wconf 92' lang='lat'><strong>:</strong></span> <span class='ocrx_word' id='word_1_269' title='bbox 1591 1881 1717 1949; x_wconf 90' lang='lat' dir='ltr'><strong>quia</strong></span> <span class='ocrx_word' id='word_1_270' title='bbox 1742 1880 1925 1949; x_wconf 83' lang='lat' dir='ltr'><strong>justus</strong></span> <span class='ocrx_word' id='word_1_271' title='bbox 1968 1896 2036 1935; x_wconf 86' lang='lat' dir='ltr'><strong>ex</strong></span> <span class='ocrx_word' id='word_1_272' title='bbox 2081 1880 2188 1935; x_wconf 91' lang='lat' dir='ltr'><strong>ﬁde</strong></span> 
     </span>
    </p>
   </div>
   <div class='ocr_carea' id='block_1_35' title="bbox 2295 1878 3868 1956">
    <p class='ocr_par' dir='ltr' id='par_1_35' title="bbox 2295 1883 3868 1956">
     <span class='ocr_line' id='line_1_35' title="bbox 2295 1883 3868 1956; baseline -0.005 -15"><span class='ocrx_word' id='word_1_273' title='bbox 2295 1890 2354 1940; x_wconf 82' lang='grc' dir='ltr'>ὲκ</span> <span class='ocrx_word' id='word_1_274' title='bbox 2385 1889 2643 1951; x_wconf 87' lang='grc' dir='ltr'>πίστεως,</span> <span class='ocrx_word' id='word_1_275' title='bbox 2669 1888 2782 1940; x_wconf 84' lang='grc' dir='ltr'>ἀλλ’</span> <span class='ocrx_word' id='word_1_276' title='bbox 2802 1889 2830 1940; x_wconf 98' lang='lat'><strong>6</strong></span> <span class='ocrx_word' id='word_1_277' title='bbox 2852 1888 3083 1956; x_wconf 83' lang='grc' dir='ltr'>ποιήσας</span> <span class='ocrx_word' id='word_1_278' title='bbox 3103 1885 3262 1951; x_wconf 72' lang='grc' dir='ltr'>αὐτὰ,</span> <span class='ocrx_word' id='word_1_279' title='bbox 3288 1884 3510 1953; x_wconf 75' lang='grc' dir='ltr'>ζήσεται</span> <span class='ocrx_word' id='word_1_280' title='bbox 3536 1884 3593 1937; x_wconf 78' lang='grc' dir='ltr'>ὲν</span> <span class='ocrx_word' id='word_1_281' title='bbox 3618 1883 3821 1944; x_wconf 79' lang='grc' dir='ltr'>αὐτοῖς.</span> <span class='ocrx_word' id='word_1_282' title='bbox 3850 1901 3868 1933; x_wconf 76' lang='grc' dir='ltr'><strong>ι</strong></span> 
     </span>
    </p>
   </div>
   <div class='ocr_carea' id='block_1_36' title="bbox 600 1967 2188 2048">
    <p class='ocr_par' dir='ltr' id='par_1_36' title="bbox 600 1967 2188 2048">
     <span class='ocr_line' id='line_1_36' title="bbox 600 1967 2188 2048; baseline 0.002 -25"><span class='ocrx_word' id='word_1_283' title='bbox 600 1973 755 2026; x_wconf 80' lang='lat' dir='ltr'><strong>vivit.</strong></span> <span class='ocrx_word' id='word_1_284' title='bbox 790 1972 900 2027; x_wconf 87' lang='lat' dir='ltr'><strong>Lex</strong></span> <span class='ocrx_word' id='word_1_285' title='bbox 931 1980 1114 2026; x_wconf 86' lang='lat' dir='ltr'><strong>autem</strong></span> <span class='ocrx_word' id='word_1_286' title='bbox 1160 1986 1269 2024; x_wconf 92' lang='lat' dir='ltr'><strong>non</strong></span> <span class='ocrx_word' id='word_1_287' title='bbox 1317 1978 1403 2048; x_wconf 77' lang='lat' dir='ltr'><strong>est</strong></span> <span class='ocrx_word' id='word_1_288' title='bbox 1438 1985 1506 2024; x_wconf 87' lang='lat' dir='ltr'><strong>ex</strong></span> <span class='ocrx_word' id='word_1_289' title='bbox 1548 1967 1686 2033; x_wconf 87' lang='lat' dir='ltr'><strong>ﬁde;</strong></span> <span class='ocrx_word' id='word_1_290' title='bbox 1720 1969 1815 2023; x_wconf 90' lang='lat' dir='ltr'><strong>sed</strong></span> <span class='ocrx_word' id='word_1_291' title='bbox 1852 1970 1947 2038; x_wconf 91' lang='lat' dir='ltr'><strong>qui</strong></span> <span class='ocrx_word' id='word_1_292' title='bbox 1995 1968 2188 2026; x_wconf 80' lang='lat' dir='ltr'><strong>fecerit</strong></span> 
     </span>
    </p>
   </div>
   <div class='ocr_carea' id='block_1_37' title="bbox 600 2060 2185 2133">
    <p class='ocr_par' dir='ltr' id='par_1_37' title="bbox 600 2060 2185 2133">
     <span class='ocr_line' id='line_1_37' title="bbox 600 2060 2185 2133; baseline -0.002 -15"><span class='ocrx_word' id='word_1_293' title='bbox 600 2079 686 2127; x_wconf 86' lang='lat' dir='ltr'><strong>ea,</strong></span> <span class='ocrx_word' id='word_1_294' title='bbox 727 2063 875 2118; x_wconf 84' lang='lat' dir='ltr'><strong>vivet</strong></span> <span class='ocrx_word' id='word_1_295' title='bbox 917 2064 972 2118; x_wconf 92' lang='lat' dir='ltr'><strong>in</strong></span> <span class='ocrx_word' id='word_1_296' title='bbox 1008 2063 1141 2133; x_wconf 86' lang='lat' dir='ltr'><strong>ipsis</strong></span> <span class='ocrx_word' id='word_1_297' title='bbox 1176 2062 1237 2116; x_wconf 67' lang='grc'><strong>³⁸.</strong></span> <span class='ocrx_word' id='word_1_298' title='bbox 1293 2081 1311 2113; x_wconf 75' lang='grc' dir='ltr'><strong>ι</strong></span> <span class='ocrx_word' id='word_1_299' title='bbox 1354 2062 1413 2115; x_wconf 87' lang='lat' dir='ltr'><strong>In</strong></span> <span class='ocrx_word' id='word_1_300' title='bbox 1452 2060 1670 2117; x_wconf 90' lang='lat' dir='ltr'><strong>Christo</strong></span> <span class='ocrx_word' id='word_1_301' title='bbox 1714 2060 1881 2131; x_wconf 80' lang='lat' dir='ltr'><strong>igitur</strong></span> <span class='ocrx_word' id='word_1_302' title='bbox 1921 2061 2185 2130; x_wconf 56' lang='lat' dir='ltr'><strong>iustiﬁca-</strong></span> 
     </span>
    </p>
   </div>
   <div class='ocr_carea' id='block_1_38' title="bbox 602 2154 2184 2224">
    <p class='ocr_par' dir='ltr' id='par_1_38' title="bbox 602 2154 2184 2224">
     <span class='ocr_line' id='line_1_38' title="bbox 602 2154 2184 2224; baseline 0 -15"><span class='ocrx_word' id='word_1_303' title='bbox 602 2170 727 2209; x_wconf 89' lang='lat' dir='ltr'><strong>mur</strong></span> <span class='ocrx_word' id='word_1_304' title='bbox 747 2169 845 2224; x_wconf 85' lang='lat' dir='ltr'><strong>per</strong></span> <span class='ocrx_word' id='word_1_305' title='bbox 879 2154 1061 2217; x_wconf 88' lang='lat' dir='ltr'><strong>ﬁdem,</strong></span> <span class='ocrx_word' id='word_1_306' title='bbox 1094 2171 1157 2209; x_wconf 91' lang='lat' dir='ltr'><strong>ac</strong></span> <span class='ocrx_word' id='word_1_307' title='bbox 1191 2154 1514 2209; x_wconf 87' lang='lat' dir='ltr'><strong>redimimur</strong></span> <span class='ocrx_word' id='word_1_308' title='bbox 1542 2170 1572 2209; x_wconf 90' lang='lat' dir='ltr'><strong>a</strong></span> <span class='ocrx_word' id='word_1_309' title='bbox 1601 2154 1864 2210; x_wconf 86' lang='lat' dir='ltr'><strong>servitute</strong></span> <span class='ocrx_word' id='word_1_310' title='bbox 1894 2154 2184 2224; x_wconf 89' lang='lat' dir='ltr'><strong>spirituali.</strong></span> 
     </span>
    </p>
   </div>
   <div class='ocr_carea' id='block_1_39' title="bbox 676 2245 1586 2316">
    <p class='ocr_par' dir='ltr' id='par_1_39' title="bbox 676 2245 1586 2316">
     <span class='ocr_line' id='line_1_39' title="bbox 676 2245 1586 2316; baseline -0.002 -15"><span class='ocrx_word' id='word_1_311' title='bbox 676 2246 873 2301; x_wconf 81' lang='lat' dir='ltr'><strong>PALL.</strong></span> <span class='ocrx_word' id='word_1_312' title='bbox 902 2247 999 2300; x_wconf 90' lang='lat' dir='ltr'><strong>Est</strong></span> <span class='ocrx_word' id='word_1_313' title='bbox 1028 2246 1195 2316; x_wconf 83' lang='lat' dir='ltr'><strong>igitur</strong></span> <span class='ocrx_word' id='word_1_314' title='bbox 1224 2246 1312 2301; x_wconf 83' lang='lat' dir='ltr'><strong>lex</strong></span> <span class='ocrx_word' id='word_1_315' title='bbox 1341 2245 1586 2299; x_wconf 89' lang='lat' dir='ltr'><strong>inutilis?</strong></span> 
     </span>
    </p>
   </div>
   <div class='ocr_carea' id='block_1_40' title="bbox 672 2334 2190 2404">
    <p class='ocr_par' dir='ltr' id='par_1_40' title="bbox 672 2334 2190 2404">
     <span class='ocr_line' id='line_1_40' title="bbox 672 2334 2190 2404; baseline 0 -13"><span class='ocrx_word' id='word_1_316' title='bbox 672 2336 829 2391; x_wconf 79' lang='lat' dir='ltr'><strong>CYR.</strong></span> <span class='ocrx_word' id='word_1_317' title='bbox 863 2334 981 2390; x_wconf 86' lang='lat' dir='ltr'><strong>Non</strong></span> <span class='ocrx_word' id='word_1_318' title='bbox 1012 2336 1117 2390; x_wconf 90' lang='lat' dir='ltr'><strong>hoc</strong></span> <span class='ocrx_word' id='word_1_319' title='bbox 1147 2335 1291 2399; x_wconf 90' lang='lat' dir='ltr'><strong>dico,</strong></span> <span class='ocrx_word' id='word_1_320' title='bbox 1338 2351 1518 2404; x_wconf 89' lang='lat' dir='ltr'><strong>neque</strong></span> <span class='ocrx_word' id='word_1_321' title='bbox 1557 2336 1707 2390; x_wconf 89' lang='lat' dir='ltr'><strong>enim</strong></span> <span class='ocrx_word' id='word_1_322' title='bbox 1753 2337 1957 2392; x_wconf 86' lang='lat' dir='ltr'><strong>frustra</strong></span> <span class='ocrx_word' id='word_1_323' title='bbox 1991 2337 2190 2392; x_wconf 90' lang='lat' dir='ltr'><strong>divinis</strong></span> 
     </span>
    </p>
   </div>
   <div class='ocr_carea' id='block_1_41' title="bbox 605 2426 2189 2502">
    <p class='ocr_par' dir='ltr' id='par_1_41' title="bbox 605 2426 2189 2502">
     <span class='ocr_line' id='line_1_41' title="bbox 605 2426 2189 2502; baseline 0.001 -21"><span class='ocrx_word' id='word_1_324' title='bbox 605 2427 884 2497; x_wconf 87' lang='lat' dir='ltr'><strong>responsis</strong></span> <span class='ocrx_word' id='word_1_325' title='bbox 932 2427 1142 2481; x_wconf 87' lang='lat' dir='ltr'><strong>sancita</strong></span> <span class='ocrx_word' id='word_1_326' title='bbox 1203 2434 1316 2502; x_wconf 72' lang='lat' dir='ltr'><strong>est;</strong></span> <span class='ocrx_word' id='word_1_327' title='bbox 1365 2426 1476 2480; x_wconf 90' lang='lat' dir='ltr'><strong>imo</strong></span> <span class='ocrx_word' id='word_1_328' title='bbox 1526 2442 1656 2482; x_wconf 91' lang='lat' dir='ltr'><strong>vero</strong></span> <span class='ocrx_word' id='word_1_329' title='bbox 1695 2447 1712 2477; x_wconf 80' lang='grc' dir='ltr'><strong>ι</strong></span> <span class='ocrx_word' id='word_1_330' title='bbox 1741 2429 1795 2482; x_wconf 90' lang='lat' dir='ltr'><strong>in</strong></span> <span class='ocrx_word' id='word_1_331' title='bbox 1858 2430 2189 2501; x_wconf 73' lang='lat' dir='ltr'><strong>adiutorium</strong></span> 
     </span>
    </p>
   </div>
   <div class='ocr_carea' id='block_1_42' title="bbox 606 2518 2179 2590">
    <p class='ocr_par' dir='ltr' id='par_1_42' title="bbox 606 2518 2179 2590">
     <span class='ocr_line' id='line_1_42' title="bbox 606 2518 2179 2590; baseline 0.001 -17"><span class='ocrx_word' id='word_1_332' title='bbox 606 2519 754 2582; x_wconf 87' lang='lat' dir='ltr'><strong>data,</strong></span> <span class='ocrx_word' id='word_1_333' title='bbox 784 2537 802 2569; x_wconf 77' lang='grc' dir='ltr'><strong>ι</strong></span> <span class='ocrx_word' id='word_1_334' title='bbox 829 2518 972 2573; x_wconf 88' lang='lat' dir='ltr'><strong>sicut</strong></span> <span class='ocrx_word' id='word_1_335' title='bbox 999 2518 1266 2588; x_wconf 89' lang='lat' dir='ltr'><strong>scriptum</strong></span> <span class='ocrx_word' id='word_1_336' title='bbox 1288 2528 1374 2574; x_wconf 89' lang='lat' dir='ltr'><strong>est</strong></span> <span class='ocrx_word' id='word_1_337' title='bbox 1398 2519 1473 2583; x_wconf 69' lang='lat'><strong>‘7;</strong></span> <span class='ocrx_word' id='word_1_338' title='bbox 1504 2534 1631 2573; x_wconf 89' lang='lat' dir='ltr'><strong>nam</strong></span> <span class='ocrx_word' id='word_1_339' title='bbox 1677 2536 1785 2589; x_wconf 90' lang='lat' dir='ltr'><strong>qua</strong></span> <span class='ocrx_word' id='word_1_340' title='bbox 1813 2530 1968 2590; x_wconf 90' lang='lat' dir='ltr'><strong>parte</strong></span> <span class='ocrx_word' id='word_1_341' title='bbox 1997 2522 2064 2576; x_wconf 88' lang='lat' dir='ltr'><strong>ad</strong></span> <span class='ocrx_word' id='word_1_342' title='bbox 2093 2522 2179 2576; x_wconf 91' lang='lat' dir='ltr'><strong>in-</strong></span> 
     </span>
    </p>
   </div>
   <div class='ocr_carea' id='block_1_43' title="bbox 607 2606 2190 2681">
    <p class='ocr_par' dir='ltr' id='par_1_43' title="bbox 607 2606 2190 2681">
     <span class='ocr_line' id='line_1_43' title="bbox 607 2606 2190 2681; baseline 0.003 -21"><span class='ocrx_word' id='word_1_343' title='bbox 607 2606 948 2661; x_wconf 87' lang='lat' dir='ltr'><strong>stitutionem</strong></span> <span class='ocrx_word' id='word_1_344' title='bbox 990 2609 1259 2677; x_wconf 88' lang='lat' dir='ltr'><strong>puerilem</strong></span> <span class='ocrx_word' id='word_1_345' title='bbox 1288 2609 1618 2678; x_wconf 87' lang='lat' dir='ltr'><strong>pertinebat,</strong></span> <span class='ocrx_word' id='word_1_346' title='bbox 1646 2617 1703 2665; x_wconf 89' lang='lat' dir='ltr'><strong>et</strong></span> <span class='ocrx_word' id='word_1_347' title='bbox 1735 2611 1803 2664; x_wconf 91' lang='lat' dir='ltr'><strong>ad</strong></span> <span class='ocrx_word' id='word_1_348' title='bbox 1844 2612 2190 2681; x_wconf 87' lang='lat' dir='ltr'><strong>iniquitatem</strong></span> 
     </span>
    </p>
   </div>
   <div class='ocr_carea' id='block_1_44' title="bbox 608 2699 2189 2772">
    <p class='ocr_par' dir='ltr' id='par_1_44' title="bbox 608 2699 2189 2772">
     <span class='ocr_line' id='line_1_44' title="bbox 608 2699 2189 2772; baseline 0.002 -19"><span class='ocrx_word' id='word_1_349' title='bbox 608 2699 1066 2769; x_wconf 84' lang='lat' dir='ltr'><strong>cognoscendam,</strong></span> <span class='ocrx_word' id='word_1_350' title='bbox 1093 2716 1200 2769; x_wconf 92' lang='lat' dir='ltr'><strong>qua</strong></span> <span class='ocrx_word' id='word_1_351' title='bbox 1231 2701 1397 2756; x_wconf 89' lang='lat' dir='ltr'><strong>etiam</strong></span> <span class='ocrx_word' id='word_1_352' title='bbox 1419 2700 1487 2755; x_wconf 82' lang='lat' dir='ltr'><strong>ad</strong></span> <span class='ocrx_word' id='word_1_353' title='bbox 1515 2701 1669 2756; x_wconf 91' lang='lat' dir='ltr'><strong>initia</strong></span> <span class='ocrx_word' id='word_1_354' title='bbox 1699 2703 2052 2772; x_wconf 90' lang='lat' dir='ltr'><strong>percipienda</strong></span> <span class='ocrx_word' id='word_1_355' title='bbox 2076 2702 2189 2756; x_wconf 86' lang='lat' dir='ltr'><strong>ele-</strong></span> 
     </span>
    </p>
   </div>
   <div class='ocr_carea' id='block_1_45' title="bbox 608 2792 2193 2864">
    <p class='ocr_par' dir='ltr' id='par_1_45' title="bbox 608 2792 2193 2864">
     <span class='ocr_line' id='line_1_45' title="bbox 608 2792 2193 2864; baseline 0.003 -21"><span class='ocrx_word' id='word_1_356' title='bbox 608 2798 902 2860; x_wconf 88' lang='lat' dir='ltr'><strong>mentaque</strong></span> <span class='ocrx_word' id='word_1_357' title='bbox 926 2806 1237 2845; x_wconf 89' lang='lat' dir='ltr'><strong>sermonum</strong></span> <span class='ocrx_word' id='word_1_358' title='bbox 1264 2792 1382 2856; x_wconf 89' lang='lat' dir='ltr'><strong>Dei,</strong></span> <span class='ocrx_word' id='word_1_359' title='bbox 1412 2808 1511 2847; x_wconf 90' lang='lat' dir='ltr'><strong>cur</strong></span> <span class='ocrx_word' id='word_1_360' title='bbox 1534 2807 1644 2847; x_wconf 92' lang='lat' dir='ltr'><strong>non</strong></span> <span class='ocrx_word' id='word_1_361' title='bbox 1667 2809 1735 2847; x_wconf 88' lang='lat' dir='ltr'><strong>ex</strong></span> <span class='ocrx_word' id='word_1_362' title='bbox 1762 2808 1827 2847; x_wconf 90' lang='lat' dir='ltr'><strong>ea</strong></span> <span class='ocrx_word' id='word_1_363' title='bbox 1850 2802 2002 2864; x_wconf 89' lang='lat' dir='ltr'><strong>parte</strong></span> <span class='ocrx_word' id='word_1_364' title='bbox 2035 2794 2193 2849; x_wconf 89' lang='lat' dir='ltr'><strong>intel-</strong></span> 
     </span>
    </p>
   </div>
   <div class='ocr_carea' id='block_1_46' title="bbox 608 2881 2189 2954">
    <p class='ocr_par' dir='ltr' id='par_1_46' title="bbox 608 2881 2189 2954">
     <span class='ocr_line' id='line_1_46' title="bbox 608 2881 2189 2954; baseline 0.002 -18"><span class='ocrx_word' id='word_1_365' title='bbox 608 2883 811 2951; x_wconf 86' lang='lat' dir='ltr'><strong>ligatur</strong></span> <span class='ocrx_word' id='word_1_366' title='bbox 852 2881 1033 2936; x_wconf 89' lang='lat' dir='ltr'><strong>utilis?</strong></span> <span class='ocrx_word' id='word_1_367' title='bbox 1067 2882 1297 2953; x_wconf 86' lang='lat' dir='ltr'><strong>Segnior</strong></span> <span class='ocrx_word' id='word_1_368' title='bbox 1325 2892 1409 2937; x_wconf 91' lang='lat' dir='ltr'><strong>est</strong></span> <span class='ocrx_word' id='word_1_369' title='bbox 1438 2892 1619 2938; x_wconf 90' lang='lat' dir='ltr'><strong>autem</strong></span> <span class='ocrx_word' id='word_1_370' title='bbox 1652 2884 1719 2939; x_wconf 90' lang='lat' dir='ltr'><strong>ad</strong></span> <span class='ocrx_word' id='word_1_371' title='bbox 1752 2884 2023 2939; x_wconf 88' lang='lat' dir='ltr'><strong>abluenda</strong></span> <span class='ocrx_word' id='word_1_372' title='bbox 2060 2900 2189 2954; x_wconf 87' lang='lat' dir='ltr'><strong>pec-</strong></span> 
     </span>
    </p>
   </div>
   <div class='ocr_carea' id='block_1_47' title="bbox 609 2974 2190 3046">
    <p class='ocr_par' dir='ltr' id='par_1_47' title="bbox 609 2974 2190 3046">
     <span class='ocr_line' id='line_1_47' title="bbox 609 2974 2190 3046; baseline 0.003 -19"><span class='ocrx_word' id='word_1_373' title='bbox 609 2983 729 3027; x_wconf 89' lang='lat' dir='ltr'><strong>cata</strong></span> <span class='ocrx_word' id='word_1_374' title='bbox 786 2975 1240 3045; x_wconf 87' lang='lat' dir='ltr'><strong>sanctitatemque</strong></span> <span class='ocrx_word' id='word_1_375' title='bbox 1293 2974 1701 3045; x_wconf 87' lang='lat' dir='ltr'><strong>perﬁciendam.</strong></span> <span class='ocrx_word' id='word_1_376' title='bbox 1758 2976 1957 3030; x_wconf 89' lang='lat' dir='ltr'><strong>Beatus</strong></span> <span class='ocrx_word' id='word_1_377' title='bbox 2008 2976 2190 3046; x_wconf 87' lang='lat' dir='ltr'><strong>itaque</strong></span> 
     </span>
    </p>
   </div>
   <div class='ocr_carea' id='block_1_48' title="bbox 608 3062 2190 3135">
    <p class='ocr_par' dir='ltr' id='par_1_48' title="bbox 608 3062 2190 3135">
     <span class='ocr_line' id='line_1_48' title="bbox 608 3062 2190 3135; baseline 0.001 -18"><span class='ocrx_word' id='word_1_378' title='bbox 608 3062 811 3118; x_wconf 86' lang='lat' dir='ltr'><strong>Paulus</strong></span> <span class='ocrx_word' id='word_1_379' title='bbox 849 3063 1026 3132; x_wconf 90' lang='lat' dir='ltr'><strong>inquit</strong></span> <span class='ocrx_word' id='word_1_380' title='bbox 1061 3082 1073 3118; x_wconf 90' lang='lat'><strong>:</strong></span> <span class='ocrx_word' id='word_1_381' title='bbox 1112 3083 1129 3115; x_wconf 83' lang='grc' dir='ltr'><strong>ι</strong></span> <span class='ocrx_word' id='word_1_382' title='bbox 1180 3064 1396 3119; x_wconf 89' lang='lat' dir='ltr'><strong>Scimus</strong></span> <span class='ocrx_word' id='word_1_383' title='bbox 1439 3074 1621 3119; x_wconf 88' lang='lat' dir='ltr'><strong>autem</strong></span> <span class='ocrx_word' id='word_1_384' title='bbox 1670 3064 1819 3135; x_wconf 90' lang='lat' dir='ltr'><strong>quod</strong></span> <span class='ocrx_word' id='word_1_385' title='bbox 1850 3080 2190 3134; x_wconf 66' lang='lat' dir='ltr'><strong>quaecunque</strong></span> 
     </span>
    </p>
   </div>
   <div class='ocr_carea' id='block_1_49' title="bbox 609 3139 2191 3225">
    <p class='ocr_par' dir='ltr' id='par_1_49' title="bbox 609 3139 2191 3225">
     <span class='ocr_line' id='line_1_49' title="bbox 609 3139 2191 3225; baseline -0.001 -17"><span class='ocrx_word' id='word_1_386' title='bbox 609 3154 695 3209; x_wconf 85' lang='lat' dir='ltr'><strong>lex</strong></span> <span class='ocrx_word' id='word_1_387' title='bbox 720 3155 981 3225; x_wconf 88' lang='lat' dir='ltr'><strong>loquitur,</strong></span> <span class='ocrx_word' id='word_1_388' title='bbox 1011 3139 1198 3224; x_wconf 64' lang='lat' dir='ltr'><strong>iis&#39;qui</strong></span> <span class='ocrx_word' id='word_1_389' title='bbox 1241 3156 1295 3209; x_wconf 90' lang='lat' dir='ltr'><strong>in</strong></span> <span class='ocrx_word' id='word_1_390' title='bbox 1323 3157 1439 3225; x_wconf 82' lang='lat' dir='ltr'><strong>lege</strong></span> <span class='ocrx_word' id='word_1_391' title='bbox 1470 3165 1600 3209; x_wconf 90' lang='lat' dir='ltr'><strong>sunt</strong></span> <span class='ocrx_word' id='word_1_392' title='bbox 1623 3156 1889 3225; x_wconf 86' lang='lat' dir='ltr'><strong>loquitur,</strong></span> <span class='ocrx_word' id='word_1_393' title='bbox 1932 3163 1993 3208; x_wconf 93' lang='lat' dir='ltr'><strong>ut</strong></span> <span class='ocrx_word' id='word_1_394' title='bbox 2029 3170 2191 3208; x_wconf 90' lang='lat' dir='ltr'><strong>omne</strong></span> 
     </span>
    </p>
   </div>
   <div class='ocr_carea' id='block_1_50' title="bbox 610 3246 2186 3310">
    <p class='ocr_par' dir='ltr' id='par_1_50' title="bbox 610 3246 2186 3310">
     <span class='ocr_line' id='line_1_50' title="bbox 610 3246 2186 3310; baseline -0.001 -9"><span class='ocrx_word' id='word_1_395' title='bbox 610 3261 673 3301; x_wconf 89' lang='lat' dir='ltr'><strong>os</strong></span> <span class='ocrx_word' id='word_1_396' title='bbox 703 3246 1043 3310; x_wconf 87' lang='lat' dir='ltr'><strong>obstruatur,</strong></span> <span class='ocrx_word' id='word_1_397' title='bbox 1074 3256 1129 3301; x_wconf 90' lang='lat' dir='ltr'><strong>et</strong></span> <span class='ocrx_word' id='word_1_398' title='bbox 1161 3247 1415 3301; x_wconf 91' lang='lat' dir='ltr'><strong>subditus</strong></span> <span class='ocrx_word' id='word_1_399' title='bbox 1446 3246 1536 3300; x_wconf 88' lang='lat' dir='ltr'><strong>ﬁat</strong></span> <span class='ocrx_word' id='word_1_400' title='bbox 1561 3247 1740 3301; x_wconf 90' lang='lat' dir='ltr'><strong>omnis</strong></span> <span class='ocrx_word' id='word_1_401' title='bbox 1772 3246 2012 3301; x_wconf 91' lang='lat' dir='ltr'><strong>mundus</strong></span> <span class='ocrx_word' id='word_1_402' title='bbox 2050 3246 2186 3309; x_wconf 90' lang='lat' dir='ltr'><strong>Deo;</strong></span> 
     </span>
    </p>
   </div>
   <div class='ocr_carea' id='block_1_51' title="bbox 609 3335 2192 3406">
    <p class='ocr_par' dir='ltr' id='par_1_51' title="bbox 609 3335 2192 3406">
     <span class='ocr_line' id='line_1_51' title="bbox 609 3335 2192 3406; baseline 0.001 -18"><span class='ocrx_word' id='word_1_403' title='bbox 609 3335 868 3403; x_wconf 88' lang='lat' dir='ltr'><strong>quoniam</strong></span> <span class='ocrx_word' id='word_1_404' title='bbox 902 3351 968 3388; x_wconf 85' lang='lat' dir='ltr'><strong>ex</strong></span> <span class='ocrx_word' id='word_1_405' title='bbox 996 3335 1412 3405; x_wconf 82' lang='lat' dir='ltr'><strong>operibuslegis</strong></span> <span class='ocrx_word' id='word_1_406' title='bbox 1436 3351 1545 3389; x_wconf 91' lang='lat' dir='ltr'><strong>non</strong></span> <span class='ocrx_word' id='word_1_407' title='bbox 1561 3336 1953 3406; x_wconf 86' lang='lat' dir='ltr'><strong>justiﬁcabitur</strong></span> <span class='ocrx_word' id='word_1_408' title='bbox 1977 3337 2033 3390; x_wconf 89' lang='lat' dir='ltr'><strong>in</strong></span> <span class='ocrx_word' id='word_1_409' title='bbox 2062 3352 2192 3389; x_wconf 79' lang='lat' dir='ltr'><strong>con-</strong></span> 
     </span>
    </p>
   </div>
   <div class='ocr_carea' id='block_1_52' title="bbox 611 3425 2192 3497">
    <p class='ocr_par' dir='ltr' id='par_1_52' title="bbox 611 3425 2192 3497">
     <span class='ocr_line' id='line_1_52' title="bbox 611 3425 2192 3497; baseline 0.001 -18"><span class='ocrx_word' id='word_1_410' title='bbox 611 3433 803 3494; x_wconf 87' lang='lat' dir='ltr'><strong>spectu</strong></span> <span class='ocrx_word' id='word_1_411' title='bbox 836 3426 955 3495; x_wconf 88' lang='lat' dir='ltr'><strong>ejus</strong></span> <span class='ocrx_word' id='word_1_412' title='bbox 994 3426 1173 3479; x_wconf 92' lang='lat' dir='ltr'><strong>omnis</strong></span> <span class='ocrx_word' id='word_1_413' title='bbox 1215 3441 1373 3490; x_wconf 87' lang='lat' dir='ltr'><strong>caro;</strong></span> <span class='ocrx_word' id='word_1_414' title='bbox 1408 3442 1508 3495; x_wconf 89' lang='lat' dir='ltr'><strong>per</strong></span> <span class='ocrx_word' id='word_1_415' title='bbox 1548 3427 1721 3497; x_wconf 86' lang='lat' dir='ltr'><strong>legem</strong></span> <span class='ocrx_word' id='word_1_416' title='bbox 1763 3427 1912 3481; x_wconf 90' lang='lat' dir='ltr'><strong>enim</strong></span> <span class='ocrx_word' id='word_1_417' title='bbox 1953 3425 2192 3497; x_wconf 89' lang='lat' dir='ltr'><strong>cognitio</strong></span> 
     </span>
    </p>
   </div>
   <div class='ocr_carea' id='block_1_53' title="bbox 610 3517 2193 3588">
    <p class='ocr_par' dir='ltr' id='par_1_53' title="bbox 610 3517 2193 3588">
     <span class='ocr_line' id='line_1_53' title="bbox 610 3517 2193 3588; baseline 0 -17"><span class='ocrx_word' id='word_1_418' title='bbox 610 3518 824 3587; x_wconf 88' lang='lat' dir='ltr'><strong>peccati</strong></span> <span class='ocrx_word' id='word_1_419' title='bbox 859 3519 921 3570; x_wconf 77' lang='lat'><strong>&quot;‘.</strong></span> <span class='ocrx_word' id='word_1_420' title='bbox 964 3536 981 3567; x_wconf 74' lang='grc' dir='ltr'><strong>ι</strong></span> <span class='ocrx_word' id='word_1_421' title='bbox 1034 3517 1209 3571; x_wconf 82' lang='lat' dir='ltr'><strong>Habet</strong></span> <span class='ocrx_word' id='word_1_422' title='bbox 1268 3532 1399 3587; x_wconf 89' lang='lat' dir='ltr'><strong>ergo</strong></span> <span class='ocrx_word' id='word_1_423' title='bbox 1449 3518 1536 3571; x_wconf 91' lang='lat' dir='ltr'><strong>lex</strong></span> <span class='ocrx_word' id='word_1_424' title='bbox 1592 3518 1704 3570; x_wconf 90' lang='lat' dir='ltr'><strong>vim</strong></span> <span class='ocrx_word' id='word_1_425' title='bbox 1753 3533 1860 3588; x_wconf 90' lang='lat' dir='ltr'><strong>qua</strong></span> <span class='ocrx_word' id='word_1_426' title='bbox 1907 3524 2193 3587; x_wconf 90' lang='lat' dir='ltr'><strong>peccatum</strong></span> 
     </span>
    </p>
   </div>
   <div class='ocr_carea' id='block_1_54' title="bbox 614 3607 2193 3678">
    <p class='ocr_par' dir='ltr' id='par_1_54' title="bbox 614 3607 2193 3678">
     <span class='ocr_line' id='line_1_54' title="bbox 614 3607 2193 3678; baseline 0 -18"><span class='ocrx_word' id='word_1_427' title='bbox 614 3607 973 3671; x_wconf 88' lang='lat' dir='ltr'><strong>demonstret,</strong></span> <span class='ocrx_word' id='word_1_428' title='bbox 998 3623 1108 3663; x_wconf 90' lang='lat' dir='ltr'><strong>non</strong></span> <span class='ocrx_word' id='word_1_429' title='bbox 1133 3608 1362 3678; x_wconf 88' lang='lat' dir='ltr'><strong>gloriam</strong></span> <span class='ocrx_word' id='word_1_430' title='bbox 1387 3608 1455 3663; x_wconf 91' lang='lat' dir='ltr'><strong>de</strong></span> <span class='ocrx_word' id='word_1_431' title='bbox 1470 3609 1674 3663; x_wconf 90' lang='lat' dir='ltr'><strong>virtute</strong></span> <span class='ocrx_word' id='word_1_432' title='bbox 1693 3616 1994 3678; x_wconf 86' lang='lat' dir='ltr'><strong>comparet;</strong></span> <span class='ocrx_word' id='word_1_433' title='bbox 2016 3626 2034 3659; x_wconf 74' lang='grc' dir='ltr'><strong>ι</strong></span> <span class='ocrx_word' id='word_1_434' title='bbox 2067 3622 2193 3662; x_wconf 91' lang='lat' dir='ltr'><strong>nam</strong></span> 
     </span>
    </p>
   </div>
   <div class='ocr_carea' id='block_1_55' title="bbox 614 3699 2194 3771">
    <p class='ocr_par' dir='ltr' id='par_1_55' title="bbox 614 3699 2194 3771">
     <span class='ocr_line' id='line_1_55' title="bbox 614 3699 2194 3771; baseline 0.001 -18"><span class='ocrx_word' id='word_1_435' title='bbox 614 3700 672 3753; x_wconf 90' lang='lat' dir='ltr'><strong>in</strong></span> <span class='ocrx_word' id='word_1_436' title='bbox 694 3714 762 3755; x_wconf 91' lang='lat' dir='ltr'><strong>eo</strong></span> <span class='ocrx_word' id='word_1_437' title='bbox 785 3700 929 3769; x_wconf 91' lang='lat' dir='ltr'><strong>quod</strong></span> <span class='ocrx_word' id='word_1_438' title='bbox 951 3700 1046 3763; x_wconf 88' lang='lat' dir='ltr'><strong>ait,</strong></span> <span class='ocrx_word' id='word_1_439' title='bbox 1070 3699 1225 3755; x_wconf 88' lang='lat' dir='ltr'><strong>verbi</strong></span> <span class='ocrx_word' id='word_1_440' title='bbox 1250 3700 1423 3771; x_wconf 87' lang='lat' dir='ltr'><strong>gratia</strong></span> <span class='ocrx_word' id='word_1_441' title='bbox 1447 3719 1458 3753; x_wconf 91' lang='lat'>:</span> <span class='ocrx_word' id='word_1_442' title='bbox 1488 3719 1506 3751; x_wconf 87' lang='grc'><strong><em>‹</em></strong></span> <span class='ocrx_word' id='word_1_443' title='bbox 1533 3701 1651 3755; x_wconf 88' lang='lat' dir='ltr'><strong>Non</strong></span> <span class='ocrx_word' id='word_1_444' title='bbox 1672 3700 2052 3765; x_wconf 89' lang='lat' dir='ltr'><strong>fornicaberis,</strong></span> <span class='ocrx_word' id='word_1_445' title='bbox 2082 3715 2194 3755; x_wconf 89' lang='lat' dir='ltr'><strong>non</strong></span> 
     </span>
    </p>
   </div>
   <div class='ocr_carea' id='block_1_56' title="bbox 612 3789 2187 3861">
    <p class='ocr_par' dir='ltr' id='par_1_56' title="bbox 612 3789 2187 3861">
     <span class='ocr_line' id='line_1_56' title="bbox 612 3789 2187 3861; baseline -0.002 -16"><span class='ocrx_word' id='word_1_446' title='bbox 612 3789 966 3853; x_wconf 85' lang='lat' dir='ltr'><strong>adulterabis,</strong></span> <span class='ocrx_word' id='word_1_447' title='bbox 999 3804 1105 3843; x_wconf 93' lang='lat' dir='ltr'><strong>non</strong></span> <span class='ocrx_word' id='word_1_448' title='bbox 1142 3789 1345 3844; x_wconf 88' lang='lat' dir='ltr'><strong>furtum</strong></span> <span class='ocrx_word' id='word_1_449' title='bbox 1393 3791 1579 3855; x_wconf 83' lang='lat' dir='ltr'><strong>facies,</strong></span> <span class='ocrx_word' id='word_1_450' title='bbox 1627 3807 1737 3846; x_wconf 92' lang='lat' dir='ltr'><strong>non</strong></span> <span class='ocrx_word' id='word_1_451' title='bbox 1783 3792 2058 3861; x_wconf 86' lang='lat' dir='ltr'><strong>pejerabis</strong></span> <span class='ocrx_word' id='word_1_452' title='bbox 2076 3793 2141 3855; x_wconf 58' lang='grc' dir='ltr'>δν,</span> <span class='ocrx_word' id='word_1_453' title='bbox 2169 3811 2187 3842; x_wconf 73' lang='grc' dir='ltr'><strong>ι</strong></span> 
     </span>
    </p>
   </div>
   <div class='ocr_carea' id='block_1_57' title="bbox 613 3879 2193 3952">
    <p class='ocr_par' dir='ltr' id='par_1_57' title="bbox 613 3879 2193 3952">
     <span class='ocr_line' id='line_1_57' title="bbox 613 3879 2193 3952; baseline 0 -18"><span class='ocrx_word' id='word_1_454' title='bbox 613 3888 671 3934; x_wconf 88' lang='lat' dir='ltr'><strong>et</strong></span> <span class='ocrx_word' id='word_1_455' title='bbox 691 3879 737 3933; x_wconf 91' lang='lat' dir='ltr'><strong>si</strong></span> <span class='ocrx_word' id='word_1_456' title='bbox 759 3879 891 3948; x_wconf 92' lang='lat' dir='ltr'><strong>quid</strong></span> <span class='ocrx_word' id='word_1_457' title='bbox 909 3880 1105 3934; x_wconf 90' lang='lat' dir='ltr'><strong>horum</strong></span> <span class='ocrx_word' id='word_1_458' title='bbox 1124 3880 1301 3935; x_wconf 90' lang='lat' dir='ltr'><strong>simile</strong></span> <span class='ocrx_word' id='word_1_459' title='bbox 1318 3890 1419 3945; x_wconf 88' lang='lat' dir='ltr'><strong>est,</strong></span> <span class='ocrx_word' id='word_1_460' title='bbox 1441 3882 1709 3951; x_wconf 63' lang='lat' dir='ltr'><strong>nequitiae,</strong></span> <span class='ocrx_word' id='word_1_461' title='bbox 1721 3897 1923 3952; x_wconf 89' lang='lat' dir='ltr'><strong>genera</strong></span> <span class='ocrx_word' id='word_1_462' title='bbox 1934 3880 2193 3945; x_wconf 90' lang='lat' dir='ltr'><strong>ostendit,</strong></span> 
     </span>
    </p>
   </div>
   <div class='ocr_carea' id='block_1_58' title="bbox 613 3970 2195 4042">
    <p class='ocr_par' dir='ltr' id='par_1_58' title="bbox 613 3970 2195 4042">
     <span class='ocr_line' id='line_1_58' title="bbox 613 3970 2195 4042; baseline 0.002 -17"><span class='ocrx_word' id='word_1_463' title='bbox 613 3979 671 4025; x_wconf 88' lang='lat' dir='ltr'><strong>et</strong></span> <span class='ocrx_word' id='word_1_464' title='bbox 717 3971 1061 4040; x_wconf 89' lang='lat' dir='ltr'><strong>impuritates</strong></span> <span class='ocrx_word' id='word_1_465' title='bbox 1102 3970 1331 4042; x_wconf 79' lang='lat' dir='ltr'><strong>expulit;</strong></span> <span class='ocrx_word' id='word_1_466' title='bbox 1378 3987 1489 4027; x_wconf 90' lang='lat' dir='ltr'><strong>non</strong></span> <span class='ocrx_word' id='word_1_467' title='bbox 1527 3972 1749 4028; x_wconf 88' lang='lat' dir='ltr'><strong>virtutis</strong></span> <span class='ocrx_word' id='word_1_468' title='bbox 1788 3973 2069 4028; x_wconf 89' lang='lat' dir='ltr'><strong>notionem</strong></span> <span class='ocrx_word' id='word_1_469' title='bbox 2110 3974 2195 4028; x_wconf 89' lang='lat' dir='ltr'><strong>in—</strong></span> 
     </span>
    </p>
   </div>
   <div class='ocr_carea' id='block_1_59' title="bbox 614 4062 2200 4135">
    <p class='ocr_par' dir='ltr' id='par_1_59' title="bbox 614 4062 2200 4135">
     <span class='ocr_line' id='line_1_59' title="bbox 614 4062 2200 4135; baseline 0.004 -22"><span class='ocrx_word' id='word_1_470' title='bbox 614 4062 785 4125; x_wconf 81' lang='lat' dir='ltr'><strong>vexit,</strong></span> <span class='ocrx_word' id='word_1_471' title='bbox 814 4071 909 4115; x_wconf 88' lang='lat' dir='ltr'><strong>aut</strong></span> <span class='ocrx_word' id='word_1_472' title='bbox 934 4062 1177 4133; x_wconf 71' lang='lat' dir='ltr'><strong>probata:</strong></span> <span class='ocrx_word' id='word_1_473' title='bbox 1197 4063 1320 4118; x_wconf 66' lang='lat' dir='ltr'><strong>vitm</strong></span> <span class='ocrx_word' id='word_1_474' title='bbox 1345 4063 1714 4134; x_wconf 89' lang='lat' dir='ltr'><strong>cognitionem</strong></span> <span class='ocrx_word' id='word_1_475' title='bbox 1737 4065 2081 4135; x_wconf 87' lang='lat' dir='ltr'><strong>perspicuam</strong></span> <span class='ocrx_word' id='word_1_476' title='bbox 2103 4080 2200 4119; x_wconf 89' lang='lat' dir='ltr'><strong>au-</strong></span> 
     </span>
    </p>
   </div>
   <div class='ocr_carea' id='block_1_60' title="bbox 616 4152 2200 4226">
    <p class='ocr_par' dir='ltr' id='par_1_60' title="bbox 616 4152 2200 4226">
     <span class='ocr_line' id='line_1_60' title="bbox 616 4152 2200 4226; baseline 0.004 -20"><span class='ocrx_word' id='word_1_477' title='bbox 616 4152 891 4207; x_wconf 89' lang='lat' dir='ltr'><strong>ditoribus</strong></span> <span class='ocrx_word' id='word_1_478' title='bbox 937 4154 1086 4209; x_wconf 86' lang='lat' dir='ltr'><strong>fecit.</strong></span> <span class='ocrx_word' id='word_1_479' title='bbox 1137 4154 1272 4209; x_wconf 87' lang='lat' dir='ltr'><strong>Nam</strong></span> <span class='ocrx_word' id='word_1_480' title='bbox 1310 4154 1459 4210; x_wconf 90' lang='lat' dir='ltr'><strong>istud</strong></span> <span class='ocrx_word' id='word_1_481' title='bbox 1504 4154 1749 4225; x_wconf 90' lang='lat' dir='ltr'><strong>quidem,</strong></span> <span class='ocrx_word' id='word_1_482' title='bbox 1792 4171 1905 4210; x_wconf 92' lang='lat' dir='ltr'><strong>non</strong></span> <span class='ocrx_word' id='word_1_483' title='bbox 1942 4165 2200 4226; x_wconf 89' lang='lat' dir='ltr'><strong>oportere</strong></span> 
     </span>
    </p>
   </div>
   <div class='ocr_carea' id='block_1_61' title="bbox 618 4244 2199 4316">
    <p class='ocr_par' dir='ltr' id='par_1_61' title="bbox 618 4244 2199 4316">
     <span class='ocr_line' id='line_1_61' title="bbox 618 4244 2199 4316; baseline 0.002 -18"><span class='ocrx_word' id='word_1_484' title='bbox 618 4244 797 4315; x_wconf 89' lang='lat' dir='ltr'><strong>turpia</strong></span> <span class='ocrx_word' id='word_1_485' title='bbox 838 4244 1039 4309; x_wconf 87' lang='lat' dir='ltr'><strong>facere,</strong></span> <span class='ocrx_word' id='word_1_486' title='bbox 1090 4245 1234 4299; x_wconf 86' lang='lat' dir='ltr'><strong>inter</strong></span> <span class='ocrx_word' id='word_1_487' title='bbox 1278 4245 1673 4316; x_wconf 65' lang='lat' dir='ltr'><strong>praestantioris</strong></span> <span class='ocrx_word' id='word_1_488' title='bbox 1707 4245 1834 4301; x_wconf 62' lang='lat' dir='ltr'><strong>vitae</strong></span> <span class='ocrx_word' id='word_1_489' title='bbox 1878 4261 2062 4302; x_wconf 90' lang='lat' dir='ltr'><strong>mores</strong></span> <span class='ocrx_word' id='word_1_490' title='bbox 2098 4262 2199 4301; x_wconf 87' lang='lat' dir='ltr'><strong>an-</strong></span> 
     </span>
    </p>
   </div>
   <div class='ocr_carea' id='block_1_62' title="bbox 617 4336 2202 4408">
    <p class='ocr_par' dir='ltr' id='par_1_62' title="bbox 617 4336 2202 4408">
     <span class='ocr_line' id='line_1_62' title="bbox 617 4336 2202 4408; baseline 0 -16"><span class='ocrx_word' id='word_1_491' title='bbox 617 4351 908 4392; x_wconf 88' lang='lat' dir='ltr'><strong>numerare</strong></span> <span class='ocrx_word' id='word_1_492' title='bbox 950 4336 1176 4391; x_wconf 87' lang='lat' dir='ltr'><strong>stultum</strong></span> <span class='ocrx_word' id='word_1_493' title='bbox 1215 4337 1319 4401; x_wconf 90' lang='lat' dir='ltr'><strong>sit,</strong></span> <span class='ocrx_word' id='word_1_494' title='bbox 1352 4338 1566 4407; x_wconf 91' lang='lat' dir='ltr'><strong>opinor.</strong></span> <span class='ocrx_word' id='word_1_495' title='bbox 1606 4340 1745 4394; x_wconf 87' lang='lat' dir='ltr'><strong>Puto</strong></span> <span class='ocrx_word' id='word_1_496' title='bbox 1787 4346 1992 4403; x_wconf 88' lang='lat' dir='ltr'><strong>autem,</strong></span> <span class='ocrx_word' id='word_1_497' title='bbox 2036 4337 2202 4408; x_wconf 89' lang='lat' dir='ltr'><strong>idque</strong></span> 
     </span>
    </p>
   </div>
   <div class='ocr_carea' id='block_1_63' title="bbox 617 4427 2202 4502">
    <p class='ocr_par' dir='ltr' id='par_1_63' title="bbox 617 4427 2202 4502">
     <span class='ocr_line' id='line_1_63' title="bbox 617 4427 2202 4502; baseline 0.003 -21"><span class='ocrx_word' id='word_1_498' title='bbox 617 4427 763 4482; x_wconf 86' lang='lat' dir='ltr'><strong>haud</strong></span> <span class='ocrx_word' id='word_1_499' title='bbox 793 4428 1048 4492; x_wconf 87' lang='lat' dir='ltr'><strong>absurde,</strong></span> <span class='ocrx_word' id='word_1_500' title='bbox 1092 4428 1165 4482; x_wconf 88' lang='lat' dir='ltr'><strong>ita</strong></span> <span class='ocrx_word' id='word_1_501' title='bbox 1190 4428 1428 4499; x_wconf 91' lang='lat' dir='ltr'><strong>denique</strong></span> <span class='ocrx_word' id='word_1_502' title='bbox 1452 4446 1669 4502; x_wconf 64' lang='lat' dir='ltr'><strong>aequum</strong></span> <span class='ocrx_word' id='word_1_503' title='bbox 1701 4447 1821 4487; x_wconf 88' lang='lat' dir='ltr'><strong>esse</strong></span> <span class='ocrx_word' id='word_1_504' title='bbox 1855 4438 1917 4486; x_wconf 90' lang='lat' dir='ltr'><strong>ut</strong></span> <span class='ocrx_word' id='word_1_505' title='bbox 1962 4432 2019 4487; x_wconf 92' lang='lat' dir='ltr'><strong>in</strong></span> <span class='ocrx_word' id='word_1_506' title='bbox 2052 4430 2202 4486; x_wconf 90' lang='lat' dir='ltr'><strong>omni</strong></span> 
     </span>
    </p>
   </div>
   <div class='ocr_carea' id='block_1_64' title="bbox 2302 1972 3871 2050">
    <p class='ocr_par' dir='ltr' id='par_1_64' title="bbox 2302 1972 3871 2050">
     <span class='ocr_line' id='line_1_64' title="bbox 2302 1972 3871 2050; baseline -0.006 -18"><span class='ocrx_word' id='word_1_507' title='bbox 2302 1979 2391 2031; x_wconf 82' lang='lat' dir='ltr'><strong>&#39;Ev</strong></span> <span class='ocrx_word' id='word_1_508' title='bbox 2419 1978 2639 2050; x_wconf 77' lang='grc' dir='ltr'>Χριστῷ</span> <span class='ocrx_word' id='word_1_509' title='bbox 2664 1976 2953 2049; x_wconf 81' lang='grc' dir='ltr'>τοιγαροῦν</span> <span class='ocrx_word' id='word_1_510' title='bbox 2979 1974 3334 2047; x_wconf 83' lang='grc' dir='ltr'>δικαιούμεθα</span> <span class='ocrx_word' id='word_1_511' title='bbox 3365 1973 3453 2028; x_wconf 83' lang='grc' dir='ltr'><strong>διὰ</strong></span> <span class='ocrx_word' id='word_1_512' title='bbox 3482 1972 3718 2035; x_wconf 85' lang='grc' dir='ltr'>πίστεως</span> <span class='ocrx_word' id='word_1_513' title='bbox 3740 2014 3756 2039; x_wconf 84' lang='grc'><strong>,</strong></span> <span class='ocrx_word' id='word_1_514' title='bbox 3781 1973 3871 2023; x_wconf 63' lang='lat' dir='ltr'><strong>tx-</strong></span> 
     </span>
    </p>
   </div>
   <div class='ocr_carea' id='block_1_65' title="bbox 2291 2068 3394 2153">
    <p class='ocr_par' dir='ltr' id='par_1_65' title="bbox 2291 2068 3394 2153">
     <span class='ocr_line' id='line_1_65' title="bbox 2291 2068 3394 2153; baseline -0.002 -31"><span class='ocrx_word' id='word_1_515' title='bbox 2291 2069 2677 2141; x_wconf 83' lang='grc' dir='ltr'>λελυτρώμεθα</span> <span class='ocrx_word' id='word_1_516' title='bbox 2700 2070 2758 2123; x_wconf 85' lang='grc' dir='ltr'>δὲ</span> <span class='ocrx_word' id='word_1_517' title='bbox 2779 2070 3025 2133; x_wconf 78' lang='grc' dir='ltr'>δουλείας</span> <span class='ocrx_word' id='word_1_518' title='bbox 3053 2069 3150 2139; x_wconf 82' lang='grc' dir='ltr'>τῆς</span> <span class='ocrx_word' id='word_1_519' title='bbox 3178 2068 3394 2153; x_wconf 85' lang='grc' dir='ltr'>νοητῆς.</span> 
     </span>
    </p>
   </div>
   <div class='ocr_carea' id='block_1_66' title="bbox 2364 2243 3301 2319">
    <p class='ocr_par' dir='ltr' id='par_1_66' title="bbox 2364 2243 3301 2319">
     <span class='ocr_line' id='line_1_66' title="bbox 2364 2243 3301 2319; baseline -0.001 -16"><span class='ocrx_word' id='word_1_520' title='bbox 2364 2252 2573 2305; x_wconf 78' lang='grc' dir='ltr'><strong>ΠΛΛΛ.</strong></span> <span class='ocrx_word' id='word_1_521' title='bbox 2618 2249 2899 2319; x_wconf 82' lang='grc' dir='ltr'>Ἀνόνητος</span> <span class='ocrx_word' id='word_1_522' title='bbox 2930 2243 3021 2302; x_wconf 81' lang='grc' dir='ltr'><strong>οῦν</strong></span> <span class='ocrx_word' id='word_1_523' title='bbox 3050 2249 3078 2301; x_wconf 93' lang='lat'><strong>6</strong></span> <span class='ocrx_word' id='word_1_524' title='bbox 3104 2247 3301 2318; x_wconf 83' lang='grc' dir='ltr'>νόμος”;</span> 
     </span>
    </p>
   </div>
   <div class='ocr_carea' id='block_1_67' title="bbox 2368 2335 3875 2409">
    <p class='ocr_par' dir='ltr' id='par_1_67' title="bbox 2368 2335 3875 2409">
     <span class='ocr_line' id='line_1_67' title="bbox 2368 2335 3875 2409; baseline -0.003 -14"><span class='ocrx_word' id='word_1_525' title='bbox 2368 2341 2531 2395; x_wconf 81' lang='grc' dir='ltr'>ΚΥΡ.</span> <span class='ocrx_word' id='word_1_526' title='bbox 2560 2341 2634 2395; x_wconf 85' lang='grc' dir='ltr'><strong>Οὐ</strong></span> <span class='ocrx_word' id='word_1_527' title='bbox 2664 2338 2821 2393; x_wconf 86' lang='grc' dir='ltr'>τοῦτό</span> <span class='ocrx_word' id='word_1_528' title='bbox 2851 2354 3013 2408; x_wconf 86' lang='grc' dir='ltr'>φημι·</span> <span class='ocrx_word' id='word_1_529' title='bbox 3046 2336 3499 2409; x_wconf 83' lang='grc' dir='ltr'>κεχρησμὼδηται</span> <span class='ocrx_word' id='word_1_530' title='bbox 3531 2336 3639 2407; x_wconf 87' lang='grc' dir='ltr'><strong>γάρ</strong></span> <span class='ocrx_word' id='word_1_531' title='bbox 3675 2335 3737 2387; x_wconf 84' lang='grc' dir='ltr'>οῦ</span> <span class='ocrx_word' id='word_1_532' title='bbox 3775 2335 3875 2405; x_wconf 67' lang='grc' dir='ltr'><strong>μάν</strong></span> 
     </span>
    </p>
   </div>
   <div class='ocr_carea' id='block_1_68' title="bbox 2292 2426 3877 2504">
    <p class='ocr_par' dir='ltr' id='par_1_68' title="bbox 2292 2426 3877 2504">
     <span class='ocr_line' id='line_1_68' title="bbox 2292 2426 3877 2504; baseline -0.004 -19"><span class='ocrx_word' id='word_1_533' title='bbox 2292 2450 2420 2504; x_wconf 72' lang='grc' dir='ltr'>τηνο</span> <span class='ocrx_word' id='word_1_534' title='bbox 2449 2432 2655 2485; x_wconf 84' lang='grc' dir='ltr'>δέδοται</span> <span class='ocrx_word' id='word_1_535' title='bbox 2701 2431 2757 2484; x_wconf 82' lang='grc' dir='ltr'>δὲ</span> <span class='ocrx_word' id='word_1_536' title='bbox 2804 2430 3001 2499; x_wconf 78' lang='grc' dir='ltr'>μᾶλλον</span> <span class='ocrx_word' id='word_1_537' title='bbox 3038 2447 3055 2480; x_wconf 83' lang='grc' dir='ltr'><strong>ι</strong></span> <span class='ocrx_word' id='word_1_538' title='bbox 3112 2430 3192 2492; x_wconf 86' lang='grc' dir='ltr'><strong>είς</strong></span> <span class='ocrx_word' id='word_1_539' title='bbox 3238 2427 3508 2498; x_wconf 81' lang='grc' dir='ltr'>βοήθειαν,</span> <span class='ocrx_word' id='word_1_540' title='bbox 3567 2450 3583 2478; x_wconf 71' lang='grc' dir='ltr'><strong>ο</strong></span> <span class='ocrx_word' id='word_1_541' title='bbox 3636 2427 3780 2480; x_wconf 82' lang='grc' dir='ltr'><strong>κατά</strong></span> <span class='ocrx_word' id='word_1_542' title='bbox 3817 2426 3877 2478; x_wconf 79' lang='grc' dir='ltr'>τὸ</span> 
     </span>
    </p>
   </div>
   <div class='ocr_carea' id='block_1_69' title="bbox 2293 2514 3874 2595">
    <p class='ocr_par' dir='ltr' id='par_1_69' title="bbox 2293 2514 3874 2595">
     <span class='ocr_line' id='line_1_69' title="bbox 2293 2514 3874 2595; baseline -0.005 -18"><span class='ocrx_word' id='word_1_543' title='bbox 2293 2523 2695 2595; x_wconf 67' lang='grc' dir='ltr'>γεγραμμένον*</span> <span class='ocrx_word' id='word_1_544' title='bbox 2726 2522 2847 2574; x_wconf 82' lang='grc' dir='ltr'>ὅσον</span> <span class='ocrx_word' id='word_1_545' title='bbox 2898 2521 2998 2592; x_wconf 81' lang='grc' dir='ltr'>μὲν</span> <span class='ocrx_word' id='word_1_546' title='bbox 3032 2519 3142 2590; x_wconf 76' lang='grc' dir='ltr'><strong>γὰρ</strong></span> <span class='ocrx_word' id='word_1_547' title='bbox 3170 2514 3305 2589; x_wconf 75' lang='grc' dir='ltr'>ἧκεν</span> <span class='ocrx_word' id='word_1_548' title='bbox 3348 2520 3427 2582; x_wconf 83' lang='grc' dir='ltr'><strong>είς</strong></span> <span class='ocrx_word' id='word_1_549' title='bbox 3475 2518 3874 2585; x_wconf 84' lang='grc' dir='ltr'>παιδαγωγίαν,</span> 
     </span>
    </p>
   </div>
   <div class='ocr_carea' id='block_1_70' title="bbox 2295 2609 3876 2683">
    <p class='ocr_par' dir='ltr' id='par_1_70' title="bbox 2295 2609 3876 2683">
     <span class='ocr_line' id='line_1_70' title="bbox 2295 2609 3876 2683; baseline -0.007 -13"><span class='ocrx_word' id='word_1_550' title='bbox 2295 2618 2388 2670; x_wconf 83' lang='grc' dir='ltr'>καὶ</span> <span class='ocrx_word' id='word_1_551' title='bbox 2415 2614 2477 2668; x_wconf 76' lang='grc' dir='ltr'>τὸ</span> <span class='ocrx_word' id='word_1_552' title='bbox 2496 2615 2694 2668; x_wconf 75' lang='grc' dir='ltr'>εἰδέναι</span> <span class='ocrx_word' id='word_1_553' title='bbox 2714 2615 2775 2667; x_wconf 82' lang='grc' dir='ltr'>τὸ</span> <span class='ocrx_word' id='word_1_554' title='bbox 2799 2611 3137 2683; x_wconf 84' lang='grc' dir='ltr'>πλημμελὲς,</span> <span class='ocrx_word' id='word_1_555' title='bbox 3163 2613 3255 2665; x_wconf 68' lang='grc' dir='ltr'>καὶ</span> <span class='ocrx_word' id='word_1_556' title='bbox 3277 2613 3358 2673; x_wconf 86' lang='grc' dir='ltr'><strong>είς</strong></span> <span class='ocrx_word' id='word_1_557' title='bbox 3380 2614 3441 2664; x_wconf 86' lang='grc' dir='ltr'>τὸ</span> <span class='ocrx_word' id='word_1_558' title='bbox 3463 2611 3665 2681; x_wconf 76' lang='grc' dir='ltr'>χρῆναι</span> <span class='ocrx_word' id='word_1_559' title='bbox 3689 2609 3876 2664; x_wconf 86' lang='grc' dir='ltr'>λαϐεῖν</span> 
     </span>
    </p>
   </div>
   <div class='ocr_carea' id='block_1_71' title="bbox 2293 2701 3879 2778">
    <p class='ocr_par' dir='ltr' id='par_1_71' title="bbox 2293 2701 3879 2778">
     <span class='ocr_line' id='line_1_71' title="bbox 2293 2701 3879 2778; baseline -0.005 -15"><span class='ocrx_word' id='word_1_560' title='bbox 2293 2707 2465 2778; x_wconf 73' lang='grc' dir='ltr'>ἀρχὰς</span> <span class='ocrx_word' id='word_1_561' title='bbox 2503 2706 2597 2760; x_wconf 75' lang='grc' dir='ltr'><strong>καὶ</strong></span> <span class='ocrx_word' id='word_1_562' title='bbox 2624 2706 2861 2776; x_wconf 83' lang='grc' dir='ltr'>στοιχεῖα</span> <span class='ocrx_word' id='word_1_563' title='bbox 2890 2703 3000 2756; x_wconf 83' lang='grc' dir='ltr'><strong>τῶν</strong></span> <span class='ocrx_word' id='word_1_564' title='bbox 3030 2702 3225 2770; x_wconf 79' lang='grc' dir='ltr'>λογίων</span> <span class='ocrx_word' id='word_1_565' title='bbox 3264 2702 3357 2755; x_wconf 88' lang='grc' dir='ltr'><strong>τοῦ</strong></span> <span class='ocrx_word' id='word_1_566' title='bbox 3405 2701 3570 2764; x_wconf 85' lang='grc' dir='ltr'>Θεοῦ,</span> <span class='ocrx_word' id='word_1_567' title='bbox 3614 2702 3732 2764; x_wconf 80' lang='grc' dir='ltr'>πῶς</span> <span class='ocrx_word' id='word_1_568' title='bbox 3774 2702 3879 2755; x_wconf 80' lang='grc' dir='ltr'><strong>οὐκ</strong></span> 
     </span>
    </p>
   </div>
   <div class='ocr_carea' id='block_1_72' title="bbox 2295 2792 3880 2867">
    <p class='ocr_par' dir='ltr' id='par_1_72' title="bbox 2295 2792 3880 2867">
     <span class='ocr_line' id='line_1_72' title="bbox 2295 2792 3880 2867; baseline -0.004 -14"><span class='ocrx_word' id='word_1_569' title='bbox 2295 2800 2360 2854; x_wconf 83' lang='grc' dir='ltr'>ἂν</span> <span class='ocrx_word' id='word_1_570' title='bbox 2410 2800 2580 2852; x_wconf 81' lang='grc' dir='ltr'>νοοῖτο</span> <span class='ocrx_word' id='word_1_571' title='bbox 2624 2799 2917 2867; x_wconf 79' lang='grc' dir='ltr'>χρήσιμος;</span> <span class='ocrx_word' id='word_1_572' title='bbox 2961 2793 3279 2865; x_wconf 82' lang='grc' dir='ltr'>Ἀργότερος</span> <span class='ocrx_word' id='word_1_573' title='bbox 3335 2794 3390 2847; x_wconf 84' lang='grc' dir='ltr'>δὲ</span> <span class='ocrx_word' id='word_1_574' title='bbox 3437 2794 3571 2863; x_wconf 73' lang='grc' dir='ltr'>πρὸς</span> <span class='ocrx_word' id='word_1_575' title='bbox 3618 2792 3880 2861; x_wconf 75' lang='grc' dir='ltr'>ἀπόνιψιν</span> 
     </span>
    </p>
   </div>
   <div class='ocr_carea' id='block_1_73' title="bbox 2293 2885 3877 2962">
    <p class='ocr_par' dir='ltr' id='par_1_73' title="bbox 2293 2885 3877 2962">
     <span class='ocr_line' id='line_1_73' title="bbox 2293 2885 3877 2962; baseline -0.005 -18"><span class='ocrx_word' id='word_1_576' title='bbox 2293 2890 2586 2962; x_wconf 81' lang='grc' dir='ltr'>ἁμαρτίας,</span> <span class='ocrx_word' id='word_1_577' title='bbox 2628 2887 2723 2941; x_wconf 76' lang='grc' dir='ltr'>καὶ</span> <span class='ocrx_word' id='word_1_578' title='bbox 2770 2889 2849 2949; x_wconf 89' lang='grc' dir='ltr'>εἰς</span> <span class='ocrx_word' id='word_1_579' title='bbox 2894 2886 2953 2939; x_wconf 86' lang='grc' dir='ltr'>τὸ</span> <span class='ocrx_word' id='word_1_580' title='bbox 2997 2885 3257 2939; x_wconf 79' lang='grc' dir='ltr'>δύνασθαι</span> <span class='ocrx_word' id='word_1_581' title='bbox 3301 2885 3537 2938; x_wconf 86' lang='grc' dir='ltr'>τελειοῦν</span> <span class='ocrx_word' id='word_1_582' title='bbox 3582 2887 3661 2949; x_wconf 85' lang='grc' dir='ltr'><strong>είς</strong></span> <span class='ocrx_word' id='word_1_583' title='bbox 3712 2886 3877 2952; x_wconf 71' lang='grc' dir='ltr'>ἀγια-</span> 
     </span>
    </p>
   </div>
   <div class='ocr_carea' id='block_1_74' title="bbox 2296 2974 3881 3050">
    <p class='ocr_par' dir='ltr' id='par_1_74' title="bbox 2296 2974 3881 3050">
     <span class='ocr_line' id='line_1_74' title="bbox 2296 2974 3881 3050; baseline -0.004 -17"><span class='ocrx_word' id='word_1_584' title='bbox 2296 2981 2450 3050; x_wconf 85' lang='grc' dir='ltr'>σμόν.</span> <span class='ocrx_word' id='word_1_585' title='bbox 2482 2980 2591 3032; x_wconf 71' lang='grc' dir='ltr'><strong>Καὶ</strong></span> <span class='ocrx_word' id='word_1_586' title='bbox 2612 2976 2784 3045; x_wconf 88' lang='grc' dir='ltr'>γοῦνὸ</span> <span class='ocrx_word' id='word_1_587' title='bbox 2806 2976 3091 3039; x_wconf 79' lang='grc' dir='ltr'>θεσπέσιος</span> <span class='ocrx_word' id='word_1_588' title='bbox 3123 2976 3253 3046; x_wconf 82' lang='grc' dir='ltr'>ἡμῖν</span> <span class='ocrx_word' id='word_1_589' title='bbox 3273 2974 3377 3046; x_wconf 77' lang='grc' dir='ltr'>ἔφη</span> <span class='ocrx_word' id='word_1_590' title='bbox 3409 2975 3638 3037; x_wconf 83' lang='grc' dir='ltr'>Παῦλος·</span> <span class='ocrx_word' id='word_1_591' title='bbox 3672 2995 3689 3027; x_wconf 75' lang='grc' dir='ltr'><strong>ι</strong></span> <span class='ocrx_word' id='word_1_592' title='bbox 3721 2974 3881 3028; x_wconf 70' lang='grc' dir='ltr'>Οἴδα-</span> 
     </span>
    </p>
   </div>
   <div class='ocr_carea' id='block_1_75' title="bbox 2297 3064 3879 3139">
    <p class='ocr_par' dir='ltr' id='par_1_75' title="bbox 2297 3064 3879 3139">
     <span class='ocr_line' id='line_1_75' title="bbox 2297 3064 3879 3139; baseline -0.005 -16"><span class='ocrx_word' id='word_1_593' title='bbox 2297 3087 2396 3139; x_wconf 86' lang='grc' dir='ltr'><strong>μεν</strong></span> <span class='ocrx_word' id='word_1_594' title='bbox 2418 3068 2473 3122; x_wconf 87' lang='grc' dir='ltr'>δὲ</span> <span class='ocrx_word' id='word_1_595' title='bbox 2495 3070 2575 3121; x_wconf 87' lang='grc' dir='ltr'>ὃτι</span> <span class='ocrx_word' id='word_1_596' title='bbox 2608 3070 2708 3122; x_wconf 82' lang='grc' dir='ltr'>ὅσα</span> <span class='ocrx_word' id='word_1_597' title='bbox 2734 3068 2763 3119; x_wconf 94' lang='lat'><strong>6</strong></span> <span class='ocrx_word' id='word_1_598' title='bbox 2791 3067 2954 3136; x_wconf 91' lang='grc' dir='ltr'>νόμος</span> <span class='ocrx_word' id='word_1_599' title='bbox 2986 3065 3133 3133; x_wconf 77' lang='grc' dir='ltr'>λέγει</span> <span class='ocrx_word' id='word_1_600' title='bbox 3174 3068 3286 3129; x_wconf 86' lang='grc' dir='ltr'>τοῖς</span> <span class='ocrx_word' id='word_1_601' title='bbox 3314 3067 3370 3117; x_wconf 77' lang='grc' dir='ltr'>ὲν</span> <span class='ocrx_word' id='word_1_602' title='bbox 3412 3064 3488 3134; x_wconf 82' lang='grc' dir='ltr'><strong>τῷ</strong></span> <span class='ocrx_word' id='word_1_603' title='bbox 3521 3065 3670 3135; x_wconf 81' lang='grc' dir='ltr'>νόμῳ</span> <span class='ocrx_word' id='word_1_604' title='bbox 3702 3064 3879 3127; x_wconf 80' lang='grc' dir='ltr'>λαλεῖ,</span> 
     </span>
    </p>
   </div>
   <div class='ocr_carea' id='block_1_76' title="bbox 2297 3155 3884 3228">
    <p class='ocr_par' dir='ltr' id='par_1_76' title="bbox 2297 3155 3884 3228">
     <span class='ocr_line' id='line_1_76' title="bbox 2297 3155 3884 3228; baseline -0.004 -15"><span class='ocrx_word' id='word_1_605' title='bbox 2297 3162 2385 3213; x_wconf 78' lang='grc' dir='ltr'>ἵνα</span> <span class='ocrx_word' id='word_1_606' title='bbox 2410 3161 2519 3211; x_wconf 87' lang='grc' dir='ltr'>πᾶν</span> <span class='ocrx_word' id='word_1_607' title='bbox 2564 3158 2738 3227; x_wconf 85' lang='grc' dir='ltr'>στόμα</span> <span class='ocrx_word' id='word_1_608' title='bbox 2783 3158 2989 3228; x_wconf 72' lang='grc' dir='ltr'><strong>φραγῇ⁸</strong></span> <span class='ocrx_word' id='word_1_609' title='bbox 3026 3156 3118 3209; x_wconf 80' lang='grc' dir='ltr'>καὶ</span> <span class='ocrx_word' id='word_1_610' title='bbox 3144 3156 3399 3218; x_wconf 81' lang='grc' dir='ltr'>ὑπόδικος</span> <span class='ocrx_word' id='word_1_611' title='bbox 3429 3155 3655 3224; x_wconf 84' lang='grc' dir='ltr'>γένηται</span> <span class='ocrx_word' id='word_1_612' title='bbox 3698 3156 3809 3217; x_wconf 76' lang='grc' dir='ltr'><strong>πᾶς</strong></span> <span class='ocrx_word' id='word_1_613' title='bbox 3855 3158 3884 3207; x_wconf 91' lang='grc' dir='ltr'><strong>ό</strong></span> 
     </span>
    </p>
   </div>
   <div class='ocr_carea' id='block_1_77' title="bbox 2295 3246 3882 3320">
    <p class='ocr_par' dir='ltr' id='par_1_77' title="bbox 2295 3246 3882 3320">
     <span class='ocr_line' id='line_1_77' title="bbox 2295 3246 3882 3320; baseline -0.005 -15"><span class='ocrx_word' id='word_1_614' title='bbox 2295 3250 2496 3320; x_wconf 88' lang='grc' dir='ltr'>κόσμος</span> <span class='ocrx_word' id='word_1_615' title='bbox 2525 3248 2604 3318; x_wconf 81' lang='grc' dir='ltr'><strong>τῷ</strong></span> <span class='ocrx_word' id='word_1_616' title='bbox 2631 3247 2768 3319; x_wconf 64' lang='grc' dir='ltr'><strong>Θεῷ</strong></span> <span class='ocrx_word' id='word_1_617' title='bbox 2811 3248 2943 3301; x_wconf 87' lang='grc' dir='ltr'>διότι</span> <span class='ocrx_word' id='word_1_618' title='bbox 2983 3248 3042 3311; x_wconf 78' lang='grc' dir='ltr'>ἐξ</span> <span class='ocrx_word' id='word_1_619' title='bbox 3076 3246 3254 3318; x_wconf 80' lang='grc' dir='ltr'>ἔργων</span> <span class='ocrx_word' id='word_1_620' title='bbox 3286 3248 3451 3317; x_wconf 88' lang='grc' dir='ltr'>νόμου</span> <span class='ocrx_word' id='word_1_621' title='bbox 3486 3249 3548 3301; x_wconf 83' lang='grc' dir='ltr'>οὑ</span> <span class='ocrx_word' id='word_1_622' title='bbox 3585 3246 3882 3316; x_wconf 59' lang='grc' dir='ltr'>δικαιωθήυ</span> 
     </span>
    </p>
   </div>
   <div class='ocr_carea' id='block_1_78' title="bbox 2294 3338 3883 3411">
    <p class='ocr_par' dir='ltr' id='par_1_78' title="bbox 2294 3338 3883 3411">
     <span class='ocr_line' id='line_1_78' title="bbox 2294 3338 3883 3411; baseline -0.003 -17"><span class='ocrx_word' id='word_1_623' title='bbox 2294 3358 2447 3395; x_wconf 86' lang='grc' dir='ltr'>σεται</span> <span class='ocrx_word' id='word_1_624' title='bbox 2476 3341 2625 3394; x_wconf 80' lang='grc' dir='ltr'>πᾶσα</span> <span class='ocrx_word' id='word_1_625' title='bbox 2653 3338 2792 3411; x_wconf 78' lang='grc' dir='ltr'>σάρξ</span> <span class='ocrx_word' id='word_1_626' title='bbox 2822 3338 3050 3392; x_wconf 75' lang='grc' dir='ltr'>ἐνώπιον</span> <span class='ocrx_word' id='word_1_627' title='bbox 3078 3340 3262 3393; x_wconf 84' lang='grc' dir='ltr'>αὑτοῦ·</span> <span class='ocrx_word' id='word_1_628' title='bbox 3295 3339 3385 3393; x_wconf 77' lang='grc' dir='ltr'><strong>διὰ</strong></span> <span class='ocrx_word' id='word_1_629' title='bbox 3413 3341 3521 3410; x_wconf 82' lang='grc' dir='ltr'>γὰρ</span> <span class='ocrx_word' id='word_1_630' title='bbox 3542 3339 3730 3407; x_wconf 80' lang='grc' dir='ltr'>νόμου,</span> <span class='ocrx_word' id='word_1_631' title='bbox 3754 3340 3883 3391; x_wconf 55' lang='lat' dir='ltr'><strong>snt-</strong></span> 
     </span>
    </p>
   </div>
   <div class='ocr_carea' id='block_1_79' title="bbox 2292 3427 3884 3503">
    <p class='ocr_par' dir='ltr' id='par_1_79' title="bbox 2292 3427 3884 3503">
     <span class='ocr_line' id='line_1_79' title="bbox 2292 3427 3884 3503; baseline -0.004 -16"><span class='ocrx_word' id='word_1_632' title='bbox 2292 3450 2494 3503; x_wconf 91' lang='grc' dir='ltr'>γνωσις</span> <span class='ocrx_word' id='word_1_633' title='bbox 2521 3431 2824 3503; x_wconf 86' lang='grc' dir='ltr'>ἁμαρτιῶν.</span> <span class='ocrx_word' id='word_1_634' title='bbox 2859 3450 2877 3483; x_wconf 74' lang='grc' dir='ltr'><strong>ι</strong></span> <span class='ocrx_word' id='word_1_635' title='bbox 2916 3432 3194 3495; x_wconf 80' lang='grc' dir='ltr'>Δεικτικὸς</span> <span class='ocrx_word' id='word_1_636' title='bbox 3227 3427 3321 3485; x_wconf 79' lang='grc' dir='ltr'><strong>οὖν</strong></span> <span class='ocrx_word' id='word_1_637' title='bbox 3350 3432 3458 3501; x_wconf 84' lang='grc' dir='ltr'><strong>ἀρα</strong></span> <span class='ocrx_word' id='word_1_638' title='bbox 3482 3432 3580 3499; x_wconf 82' lang='grc' dir='ltr'>τῆς</span> <span class='ocrx_word' id='word_1_639' title='bbox 3604 3431 3884 3501; x_wconf 83' lang='grc' dir='ltr'>ἁμαρτίας</span> 
     </span>
    </p>
   </div>
   <div class='ocr_carea' id='block_1_80' title="bbox 2293 3521 3882 3595">
    <p class='ocr_par' dir='ltr' id='par_1_80' title="bbox 2293 3521 3882 3595">
     <span class='ocr_line' id='line_1_80' title="bbox 2293 3521 3882 3595; baseline -0.003 -17"><span class='ocrx_word' id='word_1_640' title='bbox 2293 3526 2536 3595; x_wconf 86' lang='grc' dir='ltr'>όνόμος,</span> <span class='ocrx_word' id='word_1_641' title='bbox 2581 3523 2681 3576; x_wconf 81' lang='grc' dir='ltr'><strong>οῦκ</strong></span> <span class='ocrx_word' id='word_1_642' title='bbox 2721 3522 3055 3593; x_wconf 78' lang='grc' dir='ltr'>αὐχημάτων</span> <span class='ocrx_word' id='word_1_643' title='bbox 3091 3521 3349 3592; x_wconf 79' lang='grc' dir='ltr'>πρόξενος</span> <span class='ocrx_word' id='word_1_644' title='bbox 3388 3521 3494 3573; x_wconf 82' lang='grc' dir='ltr'>τῶν</span> <span class='ocrx_word' id='word_1_645' title='bbox 3528 3523 3608 3583; x_wconf 90' lang='grc' dir='ltr'><strong>είς</strong></span> <span class='ocrx_word' id='word_1_646' title='bbox 3655 3521 3882 3591; x_wconf 76' lang='grc' dir='ltr'>ἀρετήν.</span> 
     </span>
    </p>
   </div>
   <div class='ocr_carea' id='block_1_81' title="bbox 2297 3611 3888 3687">
    <p class='ocr_par' dir='ltr' id='par_1_81' title="bbox 2297 3611 3888 3687">
     <span class='ocr_line' id='line_1_81' title="bbox 2297 3611 3888 3687; baseline -0.004 -17"><span class='ocrx_word' id='word_1_647' title='bbox 2297 3615 2370 3669; x_wconf 82' lang='grc' dir='ltr'><strong>Τὸ</strong></span> <span class='ocrx_word' id='word_1_648' title='bbox 2394 3615 2502 3687; x_wconf 85' lang='grc' dir='ltr'><strong>γάρ</strong></span> <span class='ocrx_word' id='word_1_649' title='bbox 2540 3632 2622 3669; x_wconf 85' lang='grc' dir='ltr'><strong>τοι</strong></span> <span class='ocrx_word' id='word_1_650' title='bbox 2661 3613 2827 3682; x_wconf 84' lang='grc' dir='ltr'>φάναι</span> <span class='ocrx_word' id='word_1_651' title='bbox 2858 3612 3043 3683; x_wconf 83' lang='grc' dir='ltr'>τυχὸν,</span> <span class='ocrx_word' id='word_1_652' title='bbox 3077 3613 3152 3665; x_wconf 73' lang='grc' dir='ltr'><strong>Οὐ</strong></span> <span class='ocrx_word' id='word_1_653' title='bbox 3196 3611 3536 3683; x_wconf 80' lang='grc' dir='ltr'>πορνεῦσεις,</span> <span class='ocrx_word' id='word_1_654' title='bbox 3568 3613 3629 3664; x_wconf 80' lang='grc' dir='ltr'><strong>οὐ</strong></span> <span class='ocrx_word' id='word_1_655' title='bbox 3671 3612 3888 3681; x_wconf 77' lang='grc' dir='ltr'>μοιχεύ-</span> 
     </span>
    </p>
   </div>
   <div class='ocr_carea' id='block_1_82' title="bbox 2299 3701 3886 3772">
    <p class='ocr_par' dir='ltr' id='par_1_82' title="bbox 2299 3701 3886 3772">
     <span class='ocr_line' id='line_1_82' title="bbox 2299 3701 3886 3772; baseline -0.003 -14"><span class='ocrx_word' id='word_1_656' title='bbox 2299 3721 2442 3768; x_wconf 89' lang='grc' dir='ltr'>σεις,</span> <span class='ocrx_word' id='word_1_657' title='bbox 2473 3704 2533 3757; x_wconf 81' lang='grc' dir='ltr'><strong>οῦ</strong></span> <span class='ocrx_word' id='word_1_658' title='bbox 2569 3702 2819 3771; x_wconf 72' lang='grc' dir='ltr'>κλέψεις,</span> <span class='ocrx_word' id='word_1_659' title='bbox 2860 3702 2961 3754; x_wconf 84' lang='grc' dir='ltr'><strong>οὐκ</strong></span> <span class='ocrx_word' id='word_1_660' title='bbox 2996 3702 3374 3772; x_wconf 78' lang='grc' dir='ltr'>ἐπιορκήσεις,</span> <span class='ocrx_word' id='word_1_661' title='bbox 3419 3702 3512 3754; x_wconf 74' lang='grc' dir='ltr'><strong>καὶ</strong></span> <span class='ocrx_word' id='word_1_662' title='bbox 3538 3701 3591 3753; x_wconf 86' lang='grc' dir='ltr'><strong>εί</strong></span> <span class='ocrx_word' id='word_1_663' title='bbox 3620 3717 3673 3753; x_wconf 86' lang='grc' dir='ltr'><strong>τι</strong></span> <span class='ocrx_word' id='word_1_664' title='bbox 3700 3701 3886 3754; x_wconf 82' lang='grc' dir='ltr'>τοιού-</span> 
     </span>
    </p>
   </div>
   <div class='ocr_carea' id='block_1_83' title="bbox 2296 3790 3884 3863">
    <p class='ocr_par' dir='ltr' id='par_1_83' title="bbox 2296 3790 3884 3863">
     <span class='ocr_line' id='line_1_83' title="bbox 2296 3790 3884 3863; baseline -0.001 -17"><span class='ocrx_word' id='word_1_665' title='bbox 2296 3810 2439 3857; x_wconf 85' lang='grc' dir='ltr'>τοις·</span> <span class='ocrx_word' id='word_1_666' title='bbox 2476 3794 2877 3863; x_wconf 86' lang='grc' dir='ltr'>συνήρμοσται,</span> <span class='ocrx_word' id='word_1_667' title='bbox 2926 3791 2995 3845; x_wconf 86' lang='grc' dir='ltr'><strong>τά</strong></span> <span class='ocrx_word' id='word_1_668' title='bbox 3049 3792 3150 3862; x_wconf 86' lang='grc' dir='ltr'>τῆς</span> <span class='ocrx_word' id='word_1_669' title='bbox 3213 3790 3541 3862; x_wconf 82' lang='grc' dir='ltr'>φαυλότητος</span> <span class='ocrx_word' id='word_1_670' title='bbox 3597 3792 3712 3861; x_wconf 81' lang='grc' dir='ltr'>είδη</span> <span class='ocrx_word' id='word_1_671' title='bbox 3777 3809 3884 3844; x_wconf 86' lang='grc' dir='ltr'>κα-</span> 
     </span>
    </p>
   </div>
   <div class='ocr_carea' id='block_1_84' title="bbox 2297 3880 3890 3957">
    <p class='ocr_par' dir='ltr' id='par_1_84' title="bbox 2297 3880 3890 3957">
     <span class='ocr_line' id='line_1_84' title="bbox 2297 3880 3890 3957; baseline -0.002 -17"><span class='ocrx_word' id='word_1_672' title='bbox 2297 3885 2722 3956; x_wconf 87' lang='grc' dir='ltr'>τασημαίνοντος</span> <span class='ocrx_word' id='word_1_673' title='bbox 2749 3880 2839 3957; x_wconf 80' lang='grc' dir='ltr'>ἦν,</span> <span class='ocrx_word' id='word_1_674' title='bbox 2886 3885 2979 3938; x_wconf 81' lang='grc' dir='ltr'>καὶ</span> <span class='ocrx_word' id='word_1_675' title='bbox 3020 3882 3329 3948; x_wconf 80' lang='grc' dir='ltr'>ἐξιστάντος</span> <span class='ocrx_word' id='word_1_676' title='bbox 3366 3883 3742 3955; x_wconf 84' lang='grc' dir='ltr'>ἀκαθαρσίας,</span> <span class='ocrx_word' id='word_1_677' title='bbox 3778 3885 3890 3937; x_wconf 75' lang='grc' dir='ltr'><strong>οὐκ</strong></span> 
     </span>
    </p>
   </div>
   <div class='ocr_carea' id='block_1_85' title="bbox 2298 3974 3887 4049">
    <p class='ocr_par' dir='ltr' id='par_1_85' title="bbox 2298 3974 3887 4049">
     <span class='ocr_line' id='line_1_85' title="bbox 2298 3974 3887 4049; baseline -0.003 -18"><span class='ocrx_word' id='word_1_678' title='bbox 2298 3977 2502 4049; x_wconf 80' lang='grc' dir='ltr'>ἀρετῆς</span> <span class='ocrx_word' id='word_1_679' title='bbox 2545 3977 2749 4047; x_wconf 86' lang='grc' dir='ltr'>είδησιν</span> <span class='ocrx_word' id='word_1_680' title='bbox 2792 3974 3231 4046; x_wconf 75' lang='grc' dir='ltr'>είσκομίζοντος,</span> <span class='ocrx_word' id='word_1_681' title='bbox 3281 3975 3401 4028; x_wconf 75' lang='grc' dir='ltr'>οὐδὲ</span> <span class='ocrx_word' id='word_1_682' title='bbox 3442 3974 3545 4044; x_wconf 79' lang='grc' dir='ltr'>τῆς</span> <span class='ocrx_word' id='word_1_683' title='bbox 3590 3974 3887 4045; x_wconf 83' lang='grc' dir='ltr'>ἀκιϐδήλου</span> 
     </span>
    </p>
   </div>
   <div class='ocr_carea' id='block_1_86' title="bbox 2300 4063 3889 4136">
    <p class='ocr_par' dir='ltr' id='par_1_86' title="bbox 2300 4063 3889 4136">
     <span class='ocr_line' id='line_1_86' title="bbox 2300 4063 3889 4136; baseline -0.003 -16"><span class='ocrx_word' id='word_1_684' title='bbox 2300 4066 2447 4136; x_wconf 80' lang='grc' dir='ltr'>ζωῆς</span> <span class='ocrx_word' id='word_1_685' title='bbox 2491 4064 2974 4133; x_wconf 81' lang='grc' dir='ltr'>καταφανεστάτην</span> <span class='ocrx_word' id='word_1_686' title='bbox 3016 4066 3128 4127; x_wconf 85' lang='grc' dir='ltr'>τοῖς</span> <span class='ocrx_word' id='word_1_687' title='bbox 3174 4063 3546 4134; x_wconf 82' lang='grc' dir='ltr'>ἀκροωμένοις</span> <span class='ocrx_word' id='word_1_688' title='bbox 3603 4063 3889 4127; x_wconf 87' lang='grc' dir='ltr'>ποιοῦντος</span> 
     </span>
    </p>
   </div>
   <div class='ocr_carea' id='block_1_87' title="bbox 2299 4153 3887 4225">
    <p class='ocr_par' dir='ltr' id='par_1_87' title="bbox 2299 4153 3887 4225">
     <span class='ocr_line' id='line_1_87' title="bbox 2299 4153 3887 4225; baseline -0.001 -17"><span class='ocrx_word' id='word_1_689' title='bbox 2299 4156 2398 4225; x_wconf 84' lang='grc' dir='ltr'><strong>τήν</strong></span> <span class='ocrx_word' id='word_1_690' title='bbox 2420 4154 2641 4223; x_wconf 84' lang='grc' dir='ltr'>γνῶσιν.</span> <span class='ocrx_word' id='word_1_691' title='bbox 2680 4154 2768 4217; x_wconf 81' lang='grc' dir='ltr'>Ὠς</span> <span class='ocrx_word' id='word_1_692' title='bbox 2787 4153 2848 4205; x_wconf 86' lang='grc' dir='ltr'><strong>τό</strong></span> <span class='ocrx_word' id='word_1_693' title='bbox 2864 4170 2946 4205; x_wconf 89' lang='grc' dir='ltr'><strong>τοι</strong></span> <span class='ocrx_word' id='word_1_694' title='bbox 2975 4153 3051 4223; x_wconf 80' lang='grc' dir='ltr'><strong>μή</strong></span> <span class='ocrx_word' id='word_1_695' title='bbox 3071 4153 3266 4224; x_wconf 85' lang='grc' dir='ltr'>χρῆναι</span> <span class='ocrx_word' id='word_1_696' title='bbox 3296 4153 3365 4207; x_wconf 81' lang='grc' dir='ltr'><strong>τὰ</strong></span> <span class='ocrx_word' id='word_1_697' title='bbox 3394 4153 3587 4222; x_wconf 74' lang='grc' dir='ltr'>αἰσχίω</span> <span class='ocrx_word' id='word_1_698' title='bbox 3601 4153 3754 4224; x_wconf 80' lang='grc' dir='ltr'>δρᾷν,</span> <span class='ocrx_word' id='word_1_699' title='bbox 3770 4157 3887 4216; x_wconf 83' lang='grc' dir='ltr'>τοῖς</span> 
     </span>
    </p>
   </div>
   <div class='ocr_carea' id='block_1_88' title="bbox 2301 4243 3888 4317">
    <p class='ocr_par' dir='ltr' id='par_1_88' title="bbox 2301 4243 3888 4317">
     <span class='ocr_line' id='line_1_88' title="bbox 2301 4243 3888 4317; baseline -0.001 -18"><span class='ocrx_word' id='word_1_700' title='bbox 2301 4247 2399 4317; x_wconf 82' lang='grc' dir='ltr'>τῆς</span> <span class='ocrx_word' id='word_1_701' title='bbox 2425 4244 2703 4315; x_wconf 80' lang='grc' dir='ltr'>ὲξαιρέτου</span> <span class='ocrx_word' id='word_1_702' title='bbox 2736 4243 3007 4305; x_wconf 81' lang='grc' dir='ltr'>πολιτείας</span> <span class='ocrx_word' id='word_1_703' title='bbox 3041 4244 3415 4316; x_wconf 63' lang='grc' dir='ltr'>ἔγγραφεσθαι</span> <span class='ocrx_word' id='word_1_704' title='bbox 3452 4244 3672 4316; x_wconf 83' lang='grc' dir='ltr'>τρόποις</span> <span class='ocrx_word' id='word_1_705' title='bbox 3695 4284 3708 4306; x_wconf 96' lang='grc'><strong>,</strong></span> <span class='ocrx_word' id='word_1_706' title='bbox 3738 4245 3888 4312; x_wconf 78' lang='grc' dir='ltr'>ἀμα-</span> 
     </span>
    </p>
   </div>
   <div class='ocr_carea' id='block_1_89' title="bbox 2303 4330 3887 4409">
    <p class='ocr_par' dir='ltr' id='par_1_89' title="bbox 2303 4330 3887 4409">
     <span class='ocr_line' id='line_1_89' title="bbox 2303 4330 3887 4409; baseline -0.004 -16"><span class='ocrx_word' id='word_1_707' title='bbox 2303 4339 2395 4402; x_wconf 83' lang='grc' dir='ltr'>θὲς</span> <span class='ocrx_word' id='word_1_708' title='bbox 2421 4333 2575 4409; x_wconf 80' lang='grc' dir='ltr'>οἶμαί</span> <span class='ocrx_word' id='word_1_709' title='bbox 2597 4354 2720 4390; x_wconf 88' lang='grc' dir='ltr'>που.</span> <span class='ocrx_word' id='word_1_710' title='bbox 2747 4337 2865 4388; x_wconf 75' lang='grc' dir='ltr'>Δεῖν</span> <span class='ocrx_word' id='word_1_711' title='bbox 2890 4335 2947 4389; x_wconf 80' lang='grc' dir='ltr'>δὲ</span> <span class='ocrx_word' id='word_1_712' title='bbox 2965 4330 3116 4406; x_wconf 80' lang='grc' dir='ltr'>οἶμαι</span> <span class='ocrx_word' id='word_1_713' title='bbox 3144 4336 3239 4390; x_wconf 78' lang='grc' dir='ltr'>καὶ</span> <span class='ocrx_word' id='word_1_714' title='bbox 3263 4335 3467 4406; x_wconf 85' lang='grc' dir='ltr'>σφόδρα</span> <span class='ocrx_word' id='word_1_715' title='bbox 3492 4336 3738 4401; x_wconf 85' lang='grc' dir='ltr'>εἰκότως,</span> <span class='ocrx_word' id='word_1_716' title='bbox 3760 4335 3887 4387; x_wconf 89' lang='grc' dir='ltr'>τότε</span> 
     </span>
    </p>
   </div>
   <div class='ocr_carea' id='block_1_90' title="bbox 2303 4424 3889 4499">
    <p class='ocr_par' dir='ltr' id='par_1_90' title="bbox 2303 4424 3889 4499">
     <span class='ocr_line' id='line_1_90' title="bbox 2303 4424 3889 4499; baseline -0.002 -19"><span class='ocrx_word' id='word_1_717' title='bbox 2303 4426 2368 4499; x_wconf 83' lang='grc' dir='ltr'>δὴ</span> <span class='ocrx_word' id='word_1_718' title='bbox 2416 4427 2567 4497; x_wconf 83' lang='grc' dir='ltr'>μόλις</span> <span class='ocrx_word' id='word_1_719' title='bbox 2617 4426 2715 4496; x_wconf 85' lang='grc' dir='ltr'>τὴν</span> <span class='ocrx_word' id='word_1_720' title='bbox 2762 4426 2848 4494; x_wconf 75' lang='grc' dir='ltr'><strong>ἐφ’</strong></span> <span class='ocrx_word' id='word_1_721' title='bbox 2894 4424 3069 4479; x_wconf 70' lang='grc' dir='ltr'>ἅπασι</span> <span class='ocrx_word' id='word_1_722' title='bbox 3111 4426 3221 4488; x_wconf 85' lang='grc' dir='ltr'>τοῖς</span> <span class='ocrx_word' id='word_1_723' title='bbox 3273 4426 3685 4495; x_wconf 70' lang='grc' dir='ltr'>ἐπαινουμένοις</span> <span class='ocrx_word' id='word_1_724' title='bbox 3736 4426 3889 4493; x_wconf 73' lang='grc' dir='ltr'>ἡμᾶς</span> 
     </span>
    </p>
   </div>
   <div class='ocr_carea' id='block_1_91' title="bbox 619 4514 2191 4593">
    <p class='ocr_par' dir='ltr' id='par_1_91' title="bbox 619 4519 2191 4593">
     <span class='ocr_line' id='line_1_91' title="bbox 619 4519 2191 4593; baseline 0.001 -18"><span class='ocrx_word' id='word_1_725' title='bbox 619 4535 805 4575; x_wconf 87' lang='lat' dir='ltr'><strong>rerum</strong></span> <span class='ocrx_word' id='word_1_726' title='bbox 846 4519 1240 4574; x_wconf 88' lang='lat' dir='ltr'><strong>laudandarum</strong></span> <span class='ocrx_word' id='word_1_727' title='bbox 1283 4536 1484 4591; x_wconf 89' lang='lat' dir='ltr'><strong>genere</strong></span> <span class='ocrx_word' id='word_1_728' title='bbox 1518 4522 1680 4578; x_wconf 88' lang='lat' dir='ltr'><strong>nobis</strong></span> <span class='ocrx_word' id='word_1_729' title='bbox 1722 4524 2014 4579; x_wconf 89' lang='lat' dir='ltr'><strong>honestum</strong></span> <span class='ocrx_word' id='word_1_730' title='bbox 2049 4522 2191 4593; x_wconf 86' lang='lat' dir='ltr'><strong>judi-</strong></span> 
     </span>
    </p>
   </div>
   <div class='ocr_carea' id='block_1_92' title="bbox 2295 4514 3891 4593">
    <p class='ocr_par' dir='ltr' id='par_1_92' title="bbox 2304 4514 3891 4588">
     <span class='ocr_line' id='line_1_92' title="bbox 2304 4514 3891 4588; baseline -0.004 -15"><span class='ocrx_word' id='word_1_731' title='bbox 2304 4518 2611 4575; x_wconf 82' lang='grc' dir='ltr'>ἀναδεῖσθαι</span> <span class='ocrx_word' id='word_1_732' title='bbox 2635 4517 2834 4588; x_wconf 77' lang='grc' dir='ltr'>ψῆφον,</span> <span class='ocrx_word' id='word_1_733' title='bbox 2867 4518 2916 4570; x_wconf 89' lang='grc' dir='ltr'><strong>εί</strong></span> <span class='ocrx_word' id='word_1_734' title='bbox 2943 4516 3008 4587; x_wconf 80' lang='grc' dir='ltr'>δὴ</span> <span class='ocrx_word' id='word_1_735' title='bbox 3050 4515 3306 4588; x_wconf 76' lang='grc' dir='ltr'>μεθέντες</span> <span class='ocrx_word' id='word_1_736' title='bbox 3337 4516 3433 4569; x_wconf 76' lang='grc' dir='ltr'>καὶ</span> <span class='ocrx_word' id='word_1_737' title='bbox 3459 4514 3783 4585; x_wconf 83' lang='grc' dir='ltr'>διωσάμενοι</span> <span class='ocrx_word' id='word_1_738' title='bbox 3824 4515 3891 4567; x_wconf 79' lang='grc' dir='ltr'>τὸ</span> 
     </span>
    </p>
   </div>
   <div class='ocr_carea' id='block_1_93' title="bbox 621 4609 2198 4680">
    <p class='ocr_par' dir='ltr' id='par_1_93' title="bbox 621 4609 2198 4680">
     <span class='ocr_line' id='line_1_93' title="bbox 621 4609 2198 4680; baseline 0.004 -17"><span class='ocrx_word' id='word_1_739' title='bbox 621 4609 768 4664; x_wconf 85' lang='lat' dir='ltr'><strong>cium</strong></span> <span class='ocrx_word' id='word_1_740' title='bbox 786 4618 950 4678; x_wconf 90' lang='lat' dir='ltr'><strong>atque</strong></span> <span class='ocrx_word' id='word_1_741' title='bbox 969 4612 1346 4680; x_wconf 89' lang='lat' dir='ltr'><strong>comprobatio</strong></span> <span class='ocrx_word' id='word_1_742' title='bbox 1368 4612 1667 4679; x_wconf 87' lang='lat' dir='ltr'><strong>deferatur,</strong></span> <span class='ocrx_word' id='word_1_743' title='bbox 1692 4615 1760 4679; x_wconf 87' lang='lat' dir='ltr'><strong>si,</strong></span> <span class='ocrx_word' id='word_1_744' title='bbox 1786 4615 1937 4671; x_wconf 86' lang='lat' dir='ltr'><strong>vitiis</strong></span> <span class='ocrx_word' id='word_1_745' title='bbox 1959 4614 2198 4670; x_wconf 90' lang='lat' dir='ltr'><strong>dimissis</strong></span> 
     </span>
    </p>
   </div>
   <div class='ocr_carea' id='block_1_94' title="bbox 622 4700 2200 4777">
    <p class='ocr_par' dir='ltr' id='par_1_94' title="bbox 622 4700 2200 4777">
     <span class='ocr_line' id='line_1_94' title="bbox 622 4700 2200 4777; baseline 0.004 -21"><span class='ocrx_word' id='word_1_746' title='bbox 622 4716 687 4756; x_wconf 90' lang='lat' dir='ltr'><strong>ac</strong></span> <span class='ocrx_word' id='word_1_747' title='bbox 732 4700 997 4770; x_wconf 91' lang='lat' dir='ltr'><strong>repulsis,</strong></span> <span class='ocrx_word' id='word_1_748' title='bbox 1040 4710 1097 4755; x_wconf 89' lang='lat' dir='ltr'><strong>et</strong></span> <span class='ocrx_word' id='word_1_749' title='bbox 1134 4702 1484 4772; x_wconf 88' lang='lat' dir='ltr'><strong>improbitate</strong></span> <span class='ocrx_word' id='word_1_750' title='bbox 1530 4714 1814 4775; x_wconf 80' lang='lat' dir='ltr'><strong>superata,</strong></span> <span class='ocrx_word' id='word_1_751' title='bbox 1861 4706 2200 4777; x_wconf 89' lang='lat' dir='ltr'><strong>impurisque</strong></span> 
     </span>
    </p>
   </div>
   <div class='ocr_carea' id='block_1_95' title="bbox 622 4790 2201 4865">
    <p class='ocr_par' dir='ltr' id='par_1_95' title="bbox 622 4790 2201 4865">
     <span class='ocr_line' id='line_1_95' title="bbox 622 4790 2201 4865; baseline 0.002 -19"><span class='ocrx_word' id='word_1_752' title='bbox 622 4790 924 4846; x_wconf 79' lang='lat' dir='ltr'><strong>sceleribus</strong></span> <span class='ocrx_word' id='word_1_753' title='bbox 954 4790 1201 4861; x_wconf 85' lang='lat' dir='ltr'><strong>abjectis,</strong></span> <span class='ocrx_word' id='word_1_754' title='bbox 1238 4792 1306 4847; x_wconf 90' lang='lat' dir='ltr'><strong>ad</strong></span> <span class='ocrx_word' id='word_1_755' title='bbox 1344 4808 1620 4849; x_wconf 89' lang='lat' dir='ltr'><strong>summum</strong></span> <span class='ocrx_word' id='word_1_756' title='bbox 1658 4806 1937 4865; x_wconf 87' lang='lat' dir='ltr'><strong>postremo</strong></span> <span class='ocrx_word' id='word_1_757' title='bbox 1980 4795 2201 4851; x_wconf 88' lang='lat' dir='ltr'><strong>virtutis</strong></span> 
     </span>
    </p>
   </div>
   <div class='ocr_carea' id='block_1_96' title="bbox 621 4882 2203 4962">
    <p class='ocr_par' dir='ltr' id='par_1_96' title="bbox 621 4882 2203 4962">
     <span class='ocr_line' id='line_1_96' title="bbox 621 4882 2203 4962; baseline 0.003 -25"><span class='ocrx_word' id='word_1_758' title='bbox 621 4882 834 4953; x_wconf 85' lang='lat' dir='ltr'><strong>apicem</strong></span> <span class='ocrx_word' id='word_1_759' title='bbox 894 4883 1398 4962; x_wconf 79' lang='lat' dir='ltr'><strong>conscenderimus.</strong></span> <span class='ocrx_word' id='word_1_760' title='bbox 1471 4886 1660 4957; x_wconf 84' lang='lat' dir='ltr'><strong>Itaque</strong></span> <span class='ocrx_word' id='word_1_761' title='bbox 1725 4886 1990 4942; x_wconf 90' lang='lat' dir='ltr'><strong>Dominus</strong></span> <span class='ocrx_word' id='word_1_762' title='bbox 2042 4887 2203 4942; x_wconf 81' lang='lat' dir='ltr'><strong>Jesus</strong></span> 
     </span>
    </p>
   </div>
   <div class='ocr_carea' id='block_1_97' title="bbox 622 4972 2199 5048">
    <p class='ocr_par' dir='ltr' id='par_1_97' title="bbox 622 4972 2199 5048">
     <span class='ocr_line' id='line_1_97' title="bbox 622 4972 2199 5048; baseline 0.003 -19"><span class='ocrx_word' id='word_1_763' title='bbox 622 4972 875 5029; x_wconf 86' lang='lat' dir='ltr'><strong>Christus</strong></span> <span class='ocrx_word' id='word_1_764' title='bbox 906 4992 921 5028; x_wconf 87' lang='lat'>:</span> <span class='ocrx_word' id='word_1_765' title='bbox 946 4994 964 5025; x_wconf 79' lang='grc' dir='ltr'><strong>ι</strong></span> <span class='ocrx_word' id='word_1_766' title='bbox 989 4975 1185 5041; x_wconf 74' lang='lat' dir='ltr'><strong>Amen,</strong></span> <span class='ocrx_word' id='word_1_767' title='bbox 1213 4990 1394 5042; x_wconf 89' lang='lat' dir='ltr'><strong>amen,</strong></span> <span class='ocrx_word' id='word_1_768' title='bbox 1426 4996 1444 5027; x_wconf 85' lang='grc'><strong>›</strong></span> <span class='ocrx_word' id='word_1_769' title='bbox 1473 4977 1670 5048; x_wconf 88' lang='lat' dir='ltr'><strong>inquit,</strong></span> <span class='ocrx_word' id='word_1_770' title='bbox 1694 4997 1711 5028; x_wconf 81' lang='grc' dir='ltr'><strong>ι</strong></span> <span class='ocrx_word' id='word_1_771' title='bbox 1742 4978 1864 5033; x_wconf 91' lang='lat' dir='ltr'><strong>dico</strong></span> <span class='ocrx_word' id='word_1_772' title='bbox 1892 4978 2068 5042; x_wconf 89' lang='lat' dir='ltr'><strong>vobis,</strong></span> <span class='ocrx_word' id='word_1_773' title='bbox 2093 4978 2199 5034; x_wconf 87' lang='lat' dir='ltr'><strong>nisi</strong></span> 
     </span>
    </p>
   </div>
   <div class='ocr_carea' id='block_1_98' title="bbox 623 5064 2200 5137">
    <p class='ocr_par' dir='ltr' id='par_1_98' title="bbox 623 5064 2200 5137">
     <span class='ocr_line' id='line_1_98' title="bbox 623 5064 2200 5137; baseline 0.001 -18"><span class='ocrx_word' id='word_1_774' title='bbox 623 5064 983 5121; x_wconf 85' lang='lat' dir='ltr'><strong>abundaverit</strong></span> <span class='ocrx_word' id='word_1_775' title='bbox 1005 5065 1217 5137; x_wconf 87' lang='lat' dir='ltr'><strong>justitia</strong></span> <span class='ocrx_word' id='word_1_776' title='bbox 1254 5076 1435 5121; x_wconf 88' lang='lat' dir='ltr'><strong>vestra</strong></span> <span class='ocrx_word' id='word_1_777' title='bbox 1466 5066 1591 5137; x_wconf 91' lang='lat' dir='ltr'><strong>plus</strong></span> <span class='ocrx_word' id='word_1_778' title='bbox 1610 5082 1774 5137; x_wconf 87' lang='lat' dir='ltr'><strong>quam</strong></span> <span class='ocrx_word' id='word_1_779' title='bbox 1798 5067 2114 5123; x_wconf 87' lang='lat' dir='ltr'><strong>Scribarum</strong></span> <span class='ocrx_word' id='word_1_780' title='bbox 2144 5074 2200 5121; x_wconf 88' lang='lat' dir='ltr'><strong>et</strong></span> 
     </span>
    </p>
   </div>
   <div class='ocr_carea' id='block_1_99' title="bbox 623 5155 2197 5226">
    <p class='ocr_par' dir='ltr' id='par_1_99' title="bbox 623 5155 2197 5226">
     <span class='ocr_line' id='line_1_99' title="bbox 623 5155 2197 5226; baseline 0.001 -17"><span class='ocrx_word' id='word_1_781' title='bbox 623 5155 1054 5219; x_wconf 68' lang='lat' dir='ltr'><strong>Pharisaeorum,</strong></span> <span class='ocrx_word' id='word_1_782' title='bbox 1117 5171 1226 5211; x_wconf 93' lang='lat' dir='ltr'><strong>non</strong></span> <span class='ocrx_word' id='word_1_783' title='bbox 1294 5156 1570 5211; x_wconf 89' lang='lat' dir='ltr'><strong>intrabitis</strong></span> <span class='ocrx_word' id='word_1_784' title='bbox 1626 5158 1681 5211; x_wconf 92' lang='lat' dir='ltr'><strong>in</strong></span> <span class='ocrx_word' id='word_1_785' title='bbox 1744 5173 1971 5226; x_wconf 86' lang='lat' dir='ltr'><strong>regnum</strong></span> <span class='ocrx_word' id='word_1_786' title='bbox 2029 5157 2197 5211; x_wconf 65' lang='lat' dir='ltr'><strong>caelo-</strong></span> 
     </span>
    </p>
   </div>
   <div class='ocr_carea' id='block_1_100' title="bbox 626 5246 2198 5318">
    <p class='ocr_par' dir='ltr' id='par_1_100' title="bbox 626 5246 2198 5318">
     <span class='ocr_line' id='line_1_100' title="bbox 626 5246 2198 5318; baseline 0.003 -20"><span class='ocrx_word' id='word_1_787' title='bbox 626 5260 747 5298; x_wconf 89' lang='lat' dir='ltr'><strong>rum</strong></span> <span class='ocrx_word' id='word_1_788' title='bbox 785 5247 852 5299; x_wconf 82' lang='lat'><strong>”.</strong></span> <span class='ocrx_word' id='word_1_789' title='bbox 903 5265 922 5297; x_wconf 73' lang='grc' dir='ltr'><strong>ι</strong></span> <span class='ocrx_word' id='word_1_790' title='bbox 955 5246 1217 5316; x_wconf 85' lang='lat' dir='ltr'><strong>lntelligis</strong></span> <span class='ocrx_word' id='word_1_791' title='bbox 1265 5246 1430 5318; x_wconf 88' lang='lat' dir='ltr'><strong>igitur</strong></span> <span class='ocrx_word' id='word_1_792' title='bbox 1468 5249 1734 5318; x_wconf 89' lang='lat' dir='ltr'><strong>justitiam</strong></span> <span class='ocrx_word' id='word_1_793' title='bbox 1768 5248 1861 5302; x_wconf 89' lang='lat' dir='ltr'><strong>illa</strong></span> <span class='ocrx_word' id='word_1_794' title='bbox 1902 5247 2061 5318; x_wconf 90' lang='lat' dir='ltr'><strong>legali</strong></span> <span class='ocrx_word' id='word_1_795' title='bbox 2099 5264 2198 5302; x_wconf 85' lang='lat' dir='ltr'><strong>ex-</strong></span> 
     </span>
    </p>
   </div>
   <div class='ocr_carea' id='block_1_101' title="bbox 625 5336 2197 5406">
    <p class='ocr_par' dir='ltr' id='par_1_101' title="bbox 625 5336 2197 5406">
     <span class='ocr_line' id='line_1_101' title="bbox 625 5336 2197 5406; baseline 0.004 -18"><span class='ocrx_word' id='word_1_796' title='bbox 625 5336 998 5390; x_wconf 85' lang='lat' dir='ltr'><strong>cellentiorem</strong></span> <span class='ocrx_word' id='word_1_797' title='bbox 1053 5347 1380 5406; x_wconf 63' lang='lat' dir='ltr'><strong>praeceptam</strong></span> <span class='ocrx_word' id='word_1_798' title='bbox 1433 5353 1555 5393; x_wconf 87' lang='lat' dir='ltr'><strong>esse</strong></span> <span class='ocrx_word' id='word_1_799' title='bbox 1608 5355 1639 5394; x_wconf 90' lang='lat' dir='ltr'><strong>a</strong></span> <span class='ocrx_word' id='word_1_800' title='bbox 1694 5339 1925 5394; x_wconf 90' lang='lat' dir='ltr'><strong>Domino</strong></span> <span class='ocrx_word' id='word_1_801' title='bbox 1973 5347 2197 5403; x_wconf 89' lang='lat' dir='ltr'><strong>nostro,</strong></span> 
     </span>
    </p>
   </div>
   <div class='ocr_carea' id='block_1_102' title="bbox 624 5419 2201 5498">
    <p class='ocr_par' dir='ltr' id='par_1_102' title="bbox 624 5419 2201 5498">
     <span class='ocr_line' id='line_1_102' title="bbox 624 5419 2201 5498; baseline 0.003 -20"><span class='ocrx_word' id='word_1_802' title='bbox 624 5438 857 5494; x_wconf 88' lang='lat' dir='ltr'><strong>eamque</strong></span> <span class='ocrx_word' id='word_1_803' title='bbox 887 5440 1010 5479; x_wconf 89' lang='lat' dir='ltr'><strong>eum</strong></span> <span class='ocrx_word' id='word_1_804' title='bbox 1045 5442 1165 5481; x_wconf 86' lang='lat' dir='ltr'><strong>esse</strong></span> <span class='ocrx_word' id='word_1_805' title='bbox 1212 5419 1717 5498; x_wconf 71' lang='lat' dir='ltr'><strong>praestantissimam</strong></span> <span class='ocrx_word' id='word_1_806' title='bbox 1767 5431 1950 5493; x_wconf 88' lang='lat' dir='ltr'><strong>sciret,</strong></span> <span class='ocrx_word' id='word_1_807' title='bbox 1998 5430 2201 5485; x_wconf 87' lang='lat' dir='ltr'><strong>Paulus</strong></span> 
     </span>
    </p>
   </div>
   <div class='ocr_carea' id='block_1_103' title="bbox 626 5514 2199 5590">
    <p class='ocr_par' dir='ltr' id='par_1_103' title="bbox 626 5514 2199 5590">
     <span class='ocr_line' id='line_1_103' title="bbox 626 5514 2199 5590; baseline 0.005 -23"><span class='ocrx_word' id='word_1_808' title='bbox 626 5514 716 5569; x_wconf 87' lang='lat' dir='ltr'><strong>ille</strong></span> <span class='ocrx_word' id='word_1_809' title='bbox 745 5515 965 5583; x_wconf 84' lang='lat' dir='ltr'><strong>sapiens</strong></span> <span class='ocrx_word' id='word_1_810' title='bbox 993 5517 1216 5572; x_wconf 86' lang='lat' dir='ltr'><strong>scribit:</strong></span> <span class='ocrx_word' id='word_1_811' title='bbox 1243 5537 1261 5569; x_wconf 79' lang='grc' dir='ltr'><strong>ι</strong></span> <span class='ocrx_word' id='word_1_812' title='bbox 1291 5518 1347 5574; x_wconf 89' lang='lat' dir='ltr'><strong>Si</strong></span> <span class='ocrx_word' id='word_1_813' title='bbox 1372 5521 1498 5590; x_wconf 88' lang='lat' dir='ltr'><strong>quis</strong></span> <span class='ocrx_word' id='word_1_814' title='bbox 1515 5521 1657 5575; x_wconf 88' lang='lat' dir='ltr'><strong>alius</strong></span> <span class='ocrx_word' id='word_1_815' title='bbox 1682 5521 1901 5576; x_wconf 89' lang='lat' dir='ltr'><strong>videtur</strong></span> <span class='ocrx_word' id='word_1_816' title='bbox 1924 5521 2199 5576; x_wconf 89' lang='lat' dir='ltr'><strong>conﬁdere</strong></span> 
     </span>
    </p>
   </div>
   <div class='ocr_carea' id='block_1_104' title="bbox 628 5605 2203 5681">
    <p class='ocr_par' dir='ltr' id='par_1_104' title="bbox 628 5605 2203 5681">
     <span class='ocr_line' id='line_1_104' title="bbox 628 5605 2203 5681; baseline 0.005 -24"><span class='ocrx_word' id='word_1_817' title='bbox 628 5605 680 5657; x_wconf 88' lang='lat' dir='ltr'><strong>in</strong></span> <span class='ocrx_word' id='word_1_818' title='bbox 708 5620 890 5667; x_wconf 88' lang='lat' dir='ltr'><strong>carne,</strong></span> <span class='ocrx_word' id='word_1_819' title='bbox 916 5620 1017 5675; x_wconf 89' lang='lat' dir='ltr'><strong>ego</strong></span> <span class='ocrx_word' id='word_1_820' title='bbox 1048 5608 1235 5678; x_wconf 87' lang='lat' dir='ltr'><strong>magis.</strong></span> <span class='ocrx_word' id='word_1_821' title='bbox 1264 5608 1632 5664; x_wconf 88' lang='lat' dir='ltr'><strong>Circumcisus</strong></span> <span class='ocrx_word' id='word_1_822' title='bbox 1656 5619 1847 5665; x_wconf 89' lang='lat' dir='ltr'><strong>octavo</strong></span> <span class='ocrx_word' id='word_1_823' title='bbox 1879 5611 1986 5675; x_wconf 90' lang='lat' dir='ltr'><strong>die,</strong></span> <span class='ocrx_word' id='word_1_824' title='bbox 2020 5628 2085 5665; x_wconf 85' lang='lat' dir='ltr'><strong>ex</strong></span> <span class='ocrx_word' id='word_1_825' title='bbox 2111 5627 2203 5681; x_wconf 88' lang='lat' dir='ltr'><strong>ge-</strong></span> 
     </span>
    </p>
   </div>
   <div class='ocr_carea' id='block_1_105' title="bbox 699 5714 1854 5797">
    <p class='ocr_par' dir='ltr' id='par_1_105' title="bbox 699 5714 1854 5797">
     <span class='ocr_line' id='line_1_105' title="bbox 699 5714 1854 5797; baseline 0.016 -34"><span class='ocrx_word' id='word_1_826' title='bbox 770 5714 1117 5797; x_wconf 49' lang='lat' dir='ltr'><strong>Rom.r,ulﬁ,</strong></span> <span class='ocrx_word' id='word_1_827' title='bbox 1162 5720 1247 5773; x_wconf 82' lang='lat' dir='ltr'><strong>l7.</strong></span> <span class='ocrx_word' id='word_1_828' title='bbox 1328 5721 1370 5752; x_wconf 65' lang='grc'><strong>⁸⁸</strong></span> <span class='ocrx_word' id='word_1_829' title='bbox 1402 5720 1564 5787; x_wconf 88' lang='lat' dir='ltr'><strong>lbid.,</strong></span> <span class='ocrx_word' id='word_1_830' title='bbox 1620 5724 1678 5777; x_wconf 87' lang='lat' dir='ltr'><strong>l7</strong></span> <span class='ocrx_word' id='word_1_831' title='bbox 1743 5741 1854 5797; x_wconf 82' lang='lat' dir='ltr'><strong>seq.</strong></span> 
     </span>
    </p>
   </div>
   <div class='ocr_carea' id='block_1_106' title="bbox 628 5787 1069 5850">
    <p class='ocr_par' dir='ltr' id='par_1_106' title="bbox 628 5787 1069 5850">
     <span class='ocr_line' id='line_1_106' title="bbox 628 5787 1069 5850; baseline 0.009 -11"><span class='ocrx_word' id='word_1_832' title='bbox 628 5788 670 5819; x_wconf 76' lang='lat'><strong>&#39;°</strong></span> <span class='ocrx_word' id='word_1_833' title='bbox 699 5787 885 5841; x_wconf 78' lang='lat' dir='ltr'><strong>Matth.</strong></span> <span class='ocrx_word' id='word_1_834' title='bbox 904 5806 955 5850; x_wconf 72' lang='grc' dir='ltr'><strong>γ,</strong></span> <span class='ocrx_word' id='word_1_835' title='bbox 982 5788 1069 5843; x_wconf 74' lang='grc'><strong>20.</strong></span> 
     </span>
    </p>
   </div>
   <div class='ocr_carea' id='block_1_107' title="bbox 1951 5724 2400 5788">
    <p class='ocr_par' dir='ltr' id='par_1_107' title="bbox 1951 5724 2400 5788">
     <span class='ocr_line' id='line_1_107' title="bbox 1951 5724 2400 5788; baseline -0.011 -6"><span class='ocrx_word' id='word_1_836' title='bbox 1951 5728 1991 5757; x_wconf 64' lang='grc'><strong>³⁷</strong></span> <span class='ocrx_word' id='word_1_837' title='bbox 2030 5726 2195 5781; x_wconf 81' lang='lat' dir='ltr'><strong>Hebr.</strong></span> <span class='ocrx_word' id='word_1_838' title='bbox 2244 5742 2299 5788; x_wconf 80' lang='grc' dir='ltr'><strong>ν,</strong></span> <span class='ocrx_word' id='word_1_839' title='bbox 2349 5724 2400 5777; x_wconf 87' lang='lat' dir='ltr'><strong>l.</strong></span> 
     </span>
    </p>
   </div>
   <div class='ocr_carea' id='block_1_108' title="bbox 2300 4604 3889 4678">
    <p class='ocr_par' dir='ltr' id='par_1_108' title="bbox 2300 4604 3889 4678">
     <span class='ocr_line' id='line_1_108' title="bbox 2300 4604 3889 4678; baseline -0.006 -12"><span class='ocrx_word' id='word_1_840' title='bbox 2300 4610 2469 4668; x_wconf 81' lang='grc' dir='ltr'>κακὸν</span> <span class='ocrx_word' id='word_1_841' title='bbox 2502 4612 2595 4663; x_wconf 79' lang='grc' dir='ltr'>καὶ</span> <span class='ocrx_word' id='word_1_842' title='bbox 2637 4608 2787 4662; x_wconf 88' lang='grc' dir='ltr'><strong>κάτω</strong></span> <span class='ocrx_word' id='word_1_843' title='bbox 2824 4625 2926 4661; x_wconf 83' lang='grc' dir='ltr'><strong>που</strong></span> <span class='ocrx_word' id='word_1_844' title='bbox 2970 4607 3151 4678; x_wconf 78' lang='grc' dir='ltr'>μένειν</span> <span class='ocrx_word' id='word_1_845' title='bbox 3178 4606 3407 4670; x_wconf 78' lang='grc' dir='ltr'>ἐῶντες,</span> <span class='ocrx_word' id='word_1_846' title='bbox 3437 4606 3499 4659; x_wconf 80' lang='grc' dir='ltr'>τὸ</span> <span class='ocrx_word' id='word_1_847' title='bbox 3524 4607 3581 4658; x_wconf 82' lang='grc' dir='ltr'>ὲν</span> <span class='ocrx_word' id='word_1_848' title='bbox 3617 4604 3889 4675; x_wconf 77' lang='grc' dir='ltr'>ὑπολήψει</span> 
     </span>
    </p>
   </div>
   <div class='ocr_carea' id='block_1_109' title="bbox 2302 4694 3889 4773">
    <p class='ocr_par' dir='ltr' id='par_1_109' title="bbox 2302 4694 3889 4773">
     <span class='ocr_line' id='line_1_109' title="bbox 2302 4694 3889 4773; baseline -0.006 -16"><span class='ocrx_word' id='word_1_849' title='bbox 2302 4702 2634 4773; x_wconf 86' lang='grc' dir='ltr'>φαυλότητος</span> <span class='ocrx_word' id='word_1_850' title='bbox 2659 4700 2752 4753; x_wconf 78' lang='grc' dir='ltr'>καὶ</span> <span class='ocrx_word' id='word_1_851' title='bbox 2775 4698 3002 4769; x_wconf 84' lang='grc' dir='ltr'>βεϐήλου</span> <span class='ocrx_word' id='word_1_852' title='bbox 3027 4697 3309 4769; x_wconf 84' lang='grc' dir='ltr'>βδελυρίας</span> <span class='ocrx_word' id='word_1_853' title='bbox 3324 4696 3423 4749; x_wconf 78' lang='grc' dir='ltr'><strong>οὐκ</strong></span> <span class='ocrx_word' id='word_1_854' title='bbox 3440 4694 3889 4766; x_wconf 72' lang='grc' dir='ltr'>ἀπηλλαγμένον,</span> 
     </span>
    </p>
   </div>
   <div class='ocr_carea' id='block_1_110' title="bbox 2300 4786 3885 4861">
    <p class='ocr_par' dir='ltr' id='par_1_110' title="bbox 2300 4786 3885 4861">
     <span class='ocr_line' id='line_1_110' title="bbox 2300 4786 3885 4861; baseline -0.006 -12"><span class='ocrx_word' id='word_1_855' title='bbox 2300 4796 2387 4849; x_wconf 67' lang='grc' dir='ltr'><strong>ἐπ’</strong></span> <span class='ocrx_word' id='word_1_856' title='bbox 2430 4793 2571 4848; x_wconf 83' lang='grc' dir='ltr'>αὐτά</span> <span class='ocrx_word' id='word_1_857' title='bbox 2611 4792 2708 4857; x_wconf 76' lang='grc' dir='ltr'>τῆς</span> <span class='ocrx_word' id='word_1_858' title='bbox 2754 4788 2957 4861; x_wconf 85' lang='grc' dir='ltr'>ἀρετῆς</span> <span class='ocrx_word' id='word_1_859' title='bbox 3003 4786 3425 4859; x_wconf 86' lang='grc' dir='ltr'>ἀναθρώσκομεν</span> <span class='ocrx_word' id='word_1_860' title='bbox 3455 4788 3524 4841; x_wconf 84' lang='grc' dir='ltr'><strong>τά</strong></span> <span class='ocrx_word' id='word_1_861' title='bbox 3564 4788 3885 4857; x_wconf 79' lang='grc' dir='ltr'>αὐχήματα.</span> 
     </span>
    </p>
   </div>
   <div class='ocr_carea' id='block_1_111' title="bbox 2306 4877 3886 4953">
    <p class='ocr_par' dir='ltr' id='par_1_111' title="bbox 2306 4877 3886 4953">
     <span class='ocr_line' id='line_1_111' title="bbox 2306 4877 3886 4953; baseline -0.007 -13"><span class='ocrx_word' id='word_1_862' title='bbox 2306 4887 2413 4940; x_wconf 75' lang='grc' dir='ltr'><strong>Καὶ</strong></span> <span class='ocrx_word' id='word_1_863' title='bbox 2448 4882 2578 4953; x_wconf 87' lang='grc' dir='ltr'>γοῦν</span> <span class='ocrx_word' id='word_1_864' title='bbox 2609 4885 2637 4936; x_wconf 90' lang='grc' dir='ltr'>ὁ</span> <span class='ocrx_word' id='word_1_865' title='bbox 2666 4881 2871 4953; x_wconf 80' lang='grc' dir='ltr'>Κύριος</span> <span class='ocrx_word' id='word_1_866' title='bbox 2897 4879 3054 4950; x_wconf 85' lang='grc' dir='ltr'>ήμῶν</span> <span class='ocrx_word' id='word_1_867' title='bbox 3092 4878 3297 4951; x_wconf 85' lang='grc' dir='ltr'>Ἰησοῦς</span> <span class='ocrx_word' id='word_1_868' title='bbox 3323 4879 3577 4949; x_wconf 83' lang='grc' dir='ltr'>Χριστὸς,</span> <span class='ocrx_word' id='word_1_869' title='bbox 3609 4897 3627 4928; x_wconf 75' lang='grc' dir='ltr'><strong>ι</strong></span> <span class='ocrx_word' id='word_1_870' title='bbox 3686 4877 3886 4949; x_wconf 69' lang='grc' dir='ltr'>Ἀμὴν,</span> 
     </span>
    </p>
   </div>
   <div class='ocr_carea' id='block_1_112' title="bbox 2304 4966 3888 5048">
    <p class='ocr_par' dir='ltr' id='par_1_112' title="bbox 2304 4966 3888 5048">
     <span class='ocr_line' id='line_1_112' title="bbox 2304 4966 3888 5048; baseline -0.009 -16"><span class='ocrx_word' id='word_1_871' title='bbox 2304 4975 2451 5048; x_wconf 80' lang='grc' dir='ltr'>ἀμὴν</span> <span class='ocrx_word' id='word_1_872' title='bbox 2465 4973 2609 5042; x_wconf 83' lang='grc' dir='ltr'>λέγω</span> <span class='ocrx_word' id='word_1_873' title='bbox 2631 4971 2778 5042; x_wconf 83' lang='grc' dir='ltr'>ὑμῖν,</span> <span class='ocrx_word' id='word_1_874' title='bbox 2806 4969 2900 5024; x_wconf 74' lang='grc' dir='ltr'>ἐὰν</span> <span class='ocrx_word' id='word_1_875' title='bbox 2923 4969 2999 5040; x_wconf 84' lang='grc' dir='ltr'>μὴ</span> <span class='ocrx_word' id='word_1_876' title='bbox 3023 4967 3387 5039; x_wconf 84' lang='grc' dir='ltr'>περισσεύσει,</span> <span class='ocrx_word' id='word_1_877' title='bbox 3410 4968 3593 5037; x_wconf 67' lang='grc' dir='ltr'>φησιν,</span> <span class='ocrx_word' id='word_1_878' title='bbox 3621 4969 3652 5036; x_wconf 85' lang='grc' dir='ltr'><strong>ή</strong></span> <span class='ocrx_word' id='word_1_879' title='bbox 3675 4966 3888 5019; x_wconf 75' lang='grc' dir='ltr'>δικαιοο</span> 
     </span>
    </p>
   </div>
   <div class='ocr_carea' id='block_1_113' title="bbox 2307 5056 3887 5137">
    <p class='ocr_par' dir='ltr' id='par_1_113' title="bbox 2307 5056 3887 5137">
     <span class='ocr_line' id='line_1_113' title="bbox 2307 5056 3887 5137; baseline -0.009 -15"><span class='ocrx_word' id='word_1_880' title='bbox 2307 5066 2440 5137; x_wconf 82' lang='grc' dir='ltr'>σύνη</span> <span class='ocrx_word' id='word_1_881' title='bbox 2469 5062 2646 5135; x_wconf 84' lang='grc' dir='ltr'>ὑμῶν,</span> <span class='ocrx_word' id='word_1_882' title='bbox 2685 5061 2846 5115; x_wconf 81' lang='grc' dir='ltr'>πλέον</span> <span class='ocrx_word' id='word_1_883' title='bbox 2878 5058 2989 5113; x_wconf 83' lang='grc' dir='ltr'><strong>τῶν</strong></span> <span class='ocrx_word' id='word_1_884' title='bbox 3016 5059 3393 5130; x_wconf 87' lang='grc' dir='ltr'>Γραμματέων</span> <span class='ocrx_word' id='word_1_885' title='bbox 3432 5059 3525 5111; x_wconf 72' lang='grc' dir='ltr'>καὶ</span> <span class='ocrx_word' id='word_1_886' title='bbox 3550 5056 3887 5128; x_wconf 77' lang='grc' dir='ltr'>Φαρισαίων,</span> 
     </span>
    </p>
   </div>
   <div class='ocr_carea' id='block_1_114' title="bbox 2305 5148 3882 5227">
    <p class='ocr_par' dir='ltr' id='par_1_114' title="bbox 2305 5148 3882 5227">
     <span class='ocr_line' id='line_1_114' title="bbox 2305 5148 3882 5227; baseline -0.008 -15"><span class='ocrx_word' id='word_1_887' title='bbox 2305 5160 2365 5212; x_wconf 81' lang='grc' dir='ltr'>οὐ</span> <span class='ocrx_word' id='word_1_888' title='bbox 2410 5157 2484 5227; x_wconf 83' lang='grc' dir='ltr'>μὴ</span> <span class='ocrx_word' id='word_1_889' title='bbox 2517 5153 2796 5224; x_wconf 75' lang='grc' dir='ltr'>εἰσέλθητε</span> <span class='ocrx_word' id='word_1_890' title='bbox 2835 5153 2914 5215; x_wconf 86' lang='grc' dir='ltr'><strong>είς</strong></span> <span class='ocrx_word' id='word_1_891' title='bbox 2945 5150 3044 5221; x_wconf 78' lang='grc' dir='ltr'>τὴν</span> <span class='ocrx_word' id='word_1_892' title='bbox 3090 5149 3369 5220; x_wconf 87' lang='grc' dir='ltr'>βασιλείαν</span> <span class='ocrx_word' id='word_1_893' title='bbox 3397 5149 3507 5202; x_wconf 83' lang='grc' dir='ltr'>τῶν</span> <span class='ocrx_word' id='word_1_894' title='bbox 3542 5148 3805 5218; x_wconf 82' lang='grc' dir='ltr'>οὐρανῶν.</span> <span class='ocrx_word' id='word_1_895' title='bbox 3860 5167 3882 5200; x_wconf 75' lang='grc' dir='ltr'><strong>ι</strong></span> 
     </span>
    </p>
   </div>
   <div class='ocr_carea' id='block_1_115' title="bbox 2307 5236 3888 5316">
    <p class='ocr_par' dir='ltr' id='par_1_115' title="bbox 2307 5236 3888 5316">
     <span class='ocr_line' id='line_1_115' title="bbox 2307 5236 3888 5316; baseline -0.006 -17"><span class='ocrx_word' id='word_1_896' title='bbox 2307 5245 2500 5316; x_wconf 84' lang='grc' dir='ltr'>Συνίης</span> <span class='ocrx_word' id='word_1_897' title='bbox 2530 5239 2623 5297; x_wconf 83' lang='grc' dir='ltr'><strong>οὖν</strong></span> <span class='ocrx_word' id='word_1_898' title='bbox 2651 5243 2733 5297; x_wconf 84' lang='grc' dir='ltr'>ὅτι</span> <span class='ocrx_word' id='word_1_899' title='bbox 2765 5241 2866 5310; x_wconf 82' lang='grc' dir='ltr'>τὴν</span> <span class='ocrx_word' id='word_1_900' title='bbox 2894 5238 3154 5292; x_wconf 73' lang='grc' dir='ltr'>ἐπέκεινα</span> <span class='ocrx_word' id='word_1_901' title='bbox 3176 5237 3274 5308; x_wconf 85' lang='grc' dir='ltr'>τῆς</span> <span class='ocrx_word' id='word_1_902' title='bbox 3307 5237 3448 5291; x_wconf 89' lang='grc' dir='ltr'><strong>κατά</strong></span> <span class='ocrx_word' id='word_1_903' title='bbox 3480 5237 3643 5308; x_wconf 90' lang='grc' dir='ltr'>νόμον</span> <span class='ocrx_word' id='word_1_904' title='bbox 3664 5236 3888 5291; x_wconf 77' lang='grc' dir='ltr'>ἑλέσθαι</span> 
     </span>
    </p>
   </div>
   <div class='ocr_carea' id='block_1_116' title="bbox 2306 5328 3890 5406">
    <p class='ocr_par' dir='ltr' id='par_1_116' title="bbox 2306 5328 3890 5406">
     <span class='ocr_line' id='line_1_116' title="bbox 2306 5328 3890 5406; baseline -0.006 -14"><span class='ocrx_word' id='word_1_905' title='bbox 2306 5336 2652 5406; x_wconf 83' lang='grc' dir='ltr'>δικαιοσύνην</span> <span class='ocrx_word' id='word_1_906' title='bbox 2682 5333 3043 5405; x_wconf 82' lang='grc' dir='ltr'>προστέταχεν</span> <span class='ocrx_word' id='word_1_907' title='bbox 3071 5332 3100 5383; x_wconf 92' lang='lat'><strong>6</strong></span> <span class='ocrx_word' id='word_1_908' title='bbox 3130 5329 3341 5401; x_wconf 79' lang='grc' dir='ltr'>Σωτήρ,</span> <span class='ocrx_word' id='word_1_909' title='bbox 3368 5330 3461 5384; x_wconf 75' lang='grc' dir='ltr'>καὶ</span> <span class='ocrx_word' id='word_1_910' title='bbox 3480 5328 3702 5399; x_wconf 78' lang='grc' dir='ltr'>ἄριστόν</span> <span class='ocrx_word' id='word_1_911' title='bbox 3734 5345 3796 5398; x_wconf 80' lang='grc' dir='ltr'><strong>γε</strong></span> <span class='ocrx_word' id='word_1_912' title='bbox 3818 5329 3890 5382; x_wconf 77' lang='grc' dir='ltr'>τὸ</span> 
     </span>
    </p>
   </div>
   <div class='ocr_carea' id='block_1_117' title="bbox 2308 5419 3891 5501">
    <p class='ocr_par' dir='ltr' id='par_1_117' title="bbox 2308 5419 3891 5501">
     <span class='ocr_line' id='line_1_117' title="bbox 2308 5419 3891 5501; baseline -0.012 -16"><span class='ocrx_word' id='word_1_913' title='bbox 2308 5429 2494 5501; x_wconf 76' lang='grc' dir='ltr'>χρῆμα</span> <span class='ocrx_word' id='word_1_914' title='bbox 2522 5426 2677 5489; x_wconf 84' lang='grc' dir='ltr'>εἰδὼς</span> <span class='ocrx_word' id='word_1_915' title='bbox 2714 5427 2743 5478; x_wconf 92' lang='lat'><strong>6</strong></span> <span class='ocrx_word' id='word_1_916' title='bbox 2777 5422 2938 5492; x_wconf 80' lang='grc' dir='ltr'>σοφὸς</span> <span class='ocrx_word' id='word_1_917' title='bbox 2967 5422 3170 5492; x_wconf 80' lang='grc' dir='ltr'>γράφει</span> <span class='ocrx_word' id='word_1_918' title='bbox 3205 5421 3437 5484; x_wconf 85' lang='grc' dir='ltr'>Παῦλος·</span> <span class='ocrx_word' id='word_1_919' title='bbox 3475 5439 3493 5471; x_wconf 85' lang='grc' dir='ltr'><strong>ι</strong></span> <span class='ocrx_word' id='word_1_920' title='bbox 3528 5419 3598 5474; x_wconf 71' lang='lat' dir='ltr'><strong>Et</strong></span> <span class='ocrx_word' id='word_1_921' title='bbox 3626 5437 3711 5484; x_wconf 83' lang='grc' dir='ltr'><strong>τις</strong></span> <span class='ocrx_word' id='word_1_922' title='bbox 3733 5421 3891 5474; x_wconf 79' lang='grc' dir='ltr'>δοκεῖ</span> 
     </span>
    </p>
   </div>
   <div class='ocr_carea' id='block_1_118' title="bbox 2308 5510 3890 5584">
    <p class='ocr_par' dir='ltr' id='par_1_118' title="bbox 2308 5510 3890 5584">
     <span class='ocr_line' id='line_1_118' title="bbox 2308 5510 3890 5584; baseline -0.008 -9"><span class='ocrx_word' id='word_1_923' title='bbox 2308 5520 2465 5583; x_wconf 72' lang='grc' dir='ltr'>ἄλλος</span> <span class='ocrx_word' id='word_1_924' title='bbox 2494 5516 2811 5573; x_wconf 78' lang='grc' dir='ltr'>πεποιθέναι</span> <span class='ocrx_word' id='word_1_925' title='bbox 2857 5516 2915 5566; x_wconf 76' lang='grc' dir='ltr'>ὲν</span> <span class='ocrx_word' id='word_1_926' title='bbox 2961 5514 3157 5584; x_wconf 80' lang='grc' dir='ltr'>σαρκὶ,</span> <span class='ocrx_word' id='word_1_927' title='bbox 3191 5512 3302 5581; x_wconf 76' lang='grc' dir='ltr'><strong>ἐγὼ</strong></span> <span class='ocrx_word' id='word_1_928' title='bbox 3344 5512 3562 5581; x_wconf 79' lang='grc' dir='ltr'>μᾶλλον.</span> <span class='ocrx_word' id='word_1_929' title='bbox 3606 5510 3890 5583; x_wconf 79' lang='grc' dir='ltr'>Περιτομὴ</span> 
     </span>
    </p>
   </div>
   <div class='ocr_carea' id='block_1_119' title="bbox 2310 5599 3889 5680">
    <p class='ocr_par' dir='ltr' id='par_1_119' title="bbox 2310 5599 3889 5680">
     <span class='ocr_line' id='line_1_119' title="bbox 2310 5599 3889 5680; baseline -0.011 -16"><span class='ocrx_word' id='word_1_930' title='bbox 2310 5612 2668 5680; x_wconf 79' lang='grc' dir='ltr'>ὀκταήμερος,</span> <span class='ocrx_word' id='word_1_931' title='bbox 2720 5606 2785 5658; x_wconf 73' lang='grc' dir='ltr'>ὲκ</span> <span class='ocrx_word' id='word_1_932' title='bbox 2811 5604 2998 5672; x_wconf 83' lang='grc' dir='ltr'>γένους</span> <span class='ocrx_word' id='word_1_933' title='bbox 3069 5601 3318 5674; x_wconf 79' lang='grc' dir='ltr'>Ἰσραὴλ,</span> <span class='ocrx_word' id='word_1_934' title='bbox 3374 5601 3547 5670; x_wconf 78' lang='grc' dir='ltr'>φυλῆς</span> <span class='ocrx_word' id='word_1_935' title='bbox 3600 5599 3889 5668; x_wconf 74' lang='grc' dir='ltr'>Βενιαμὶν,</span> 
     </span>
    </p>
   </div>
   <div class='ocr_carea' id='block_1_120' title="bbox 2497 5713 3879 5782">
    <p class='ocr_par' dir='ltr' id='par_1_120' title="bbox 2497 5713 3879 5782">
     <span class='ocr_line' id='line_1_120' title="bbox 2497 5713 3879 5782; baseline -0.009 -5"><span class='ocrx_word' id='word_1_936' title='bbox 2497 5722 2542 5755; x_wconf 70' lang='grc' dir='ltr'><strong><em>δ’</em></strong></span> <span class='ocrx_word' id='word_1_937' title='bbox 2569 5721 2724 5776; x_wconf 82' lang='lat' dir='ltr'><strong>Rom.</strong></span> <span class='ocrx_word' id='word_1_938' title='bbox 2763 5734 2841 5782; x_wconf 86' lang='grc' dir='ltr'>ιιι,</span> <span class='ocrx_word' id='word_1_939' title='bbox 2901 5714 3101 5781; x_wconf 78' lang='grc' dir='ltr'><strong>19,Ξο.</strong></span> <span class='ocrx_word' id='word_1_940' title='bbox 3180 5715 3223 5746; x_wconf 67' lang='grc' dir='ltr'>δ’</span> <span class='ocrx_word' id='word_1_941' title='bbox 3258 5713 3428 5769; x_wconf 86' lang='lat' dir='ltr'><strong>Exod.</strong></span> <span class='ocrx_word' id='word_1_942' title='bbox 3461 5729 3548 5776; x_wconf 83' lang='lat' dir='ltr'><strong>xx,</strong></span> <span class='ocrx_word' id='word_1_943' title='bbox 3616 5713 3676 5767; x_wconf 73' lang='grc' dir='ltr'>ιδ</span> <span class='ocrx_word' id='word_1_944' title='bbox 3726 5727 3879 5780; x_wconf 78' lang='lat' dir='ltr'><strong>seqq.</strong></span> 
     </span>
    </p>
   </div>
  </div>
