4046 6492
218 420 306 478 217

222 535 440 605 Ἐϐραῖος
461 530 521 594 ἐξ
561 528 846 600 Ἐϐραίων,
894 529 1034 583 κατὰ
1068 528 1232 599 νόμον
1271 530 1585 598 Φαρισαῖος,
1617 528 1757 581 κατὰ
1787 540 1829 593 Α

214 628 349 699 ζῆλον
366 621 569 676 διώκων
604 623 701 693 τὴν
737 621 1086 690 Ἐκκλησίαν,
1115 620 1256 673 κατὰ
1281 620 1630 689 δικαιοσύνην
1662 620 1757 689 τὴν

212 724 263 775 ἐν
295 718 428 785 νόμῳ
450 714 739 784 γενόμενος
778 714 1088 784 ἄμεμπτος.
1125 713 1318 765 Ἀτινα
1347 707 1415 781 ῆν
1452 729 1540 781 μοι
1567 710 1753 780 κέρδη,

200 812 360 867 ,ταῦτα
395 808 606 879 ῆγημαι
637 805 725 859 διὰ
760 805 851 857 τὸν
891 803 1124 874 Χριστὸν
1171 802 1396 873 ζημίαν.
1458 801 1615 854 Ἀλλὰ
1661 801 1757 871 μὲν

211 899 289 957 οὖν
310 918 367 970 γε
388 898 621 969 ἠγοῦμαι
652 898 721 950 τὰ
752 898 932 950 πάντα
963 896 1168 967 ζημίαν
1202 891 1359 953 εἶναι,
1390 892 1479 946 διὰ
1507 893 1567 946 τὸ
1592 894 1760 962 ὑπερ-

214 996 314 1063 έχον
342 990 431 1057 τῆς
457 988 711 1057 γνώσεως
749 987 922 1058 Ἰησοῦ
953 986 1189 1060 Χριστοῦ
1218 985 1311 1039 τοῦ
1346 985 1552 1056 Κυρίου
1579 985 1755 1055 ἡμῶν

210 1085 265 1137 δι’
297 1083 350 1136 δν
390 1081 455 1134 τὰ
487 1080 664 1133 πάντα
703 1078 1046 1149 ἐζημιώθην·
1091 1080 1186 1132 καὶ
1232 1076 1473 1148 ἡγοῦμαι
1518 1076 1760 1130 σκύϐαλα

172 1167 182 1189 ⁸
212 1170 347 1233 εἶναι,
380 1172 460 1223 ίνα
494 1170 725 1241 Χριστὸν
751 1169 1018 1241 κερδήσω,
1052 1169 1145 1222 καὶ
1181 1168 1390 1239 εὑρεθῶ
1420 1170 1479 1222 ἂν
1507 1168 1655 1238 αὐτῷ
1685 1170 1758 1238 μὴ

209 1266 328 1335 ἔχων
357 1262 488 1334 ἐμὴν
527 1263 873 1333 δικαιοσύνην
912 1264 1011 1332 τὴν
1042 1264 1105 1316 ὲκ
1137 1262 1329 1331 νόμου,
1373 1261 1509 1315 ἀλλὰ
1539 1262 1639 1332 τὴν
1672 1261 1762 1315 διὰ

210 1361 415 1421 πίστεως
444 1357 700 1430 Χριστοῦ.
734 1377 752 1410 ι

271 1614 462 1666 ΠΑΛΛ.
510 1612 741 1683 Συνίημι
794 1614 914 1683 μὲν,
958 1615 1134 1686 σαφὴς
1181 1615 1290 1685 γὰρ
1330 1617 1359 1669 6
1394 1615 1572 1683 λόγος’
1622 1616 1762 1689 πλὴν

206 1709 357 1759 ἐκεῖνο
384 1706 610 1775 φράσον.
636 1707 699 1759 Τί
724 1707 797 1777 μὴ
822 1707 1019 1776 μᾶλλον
1044 1709 1100 1760 ὲν
1126 1709 1320 1778 ἀρχαῖς
1349 1710 1382 1777 ἡ
1410 1707 1499 1762 διὰ
1529 1709 1763 1774 πίστεως

205 1799 316 1866 ἡμῖν
340 1794 675 1867 δικαιοσύνη,
710 1797 803 1851 καὶ
841 1799 871 1850 6
898 1799 1015 1850 κατ’
1043 1798 1211 1868 αὐτὴν
1240 1797 1513 1869 ἁγιασμὸς
1538 1800 1763 1853 ὲθεσπί·

202 1887 328 1951 ζετο,
352 1888 507 1958 εἴπερ
537 1888 637 1940 οὐκ
663 1887 876 1959 ἀπόχρη
904 1890 984 1952 εἰς
1014 1889 1293 1943 τελείωσιν
1314 1892 1343 1943 6
1371 1889 1536 1944 παλαι
1563 1890 1759 1961 νόμος;
1792 1896 1835 1949 Β

259 2068 409 2125 ΚΥΡ.
456 2069 597 2132 Ὅτι,
644 2063 689 2123 ὧ
732 2072 950 2142 ἑταῖρε,
990 2072 1157 2141 φαίην
1182 2070 1271 2136 ἂν,
1312 2072 1626 2137 ἁπονίζεται
1661 2072 1761 2142 μὲν

201 2154 399 2223 εἰκότως
436 2159 500 2213 τὸ
530 2161 757 2231 ρυποῦν,
797 2163 1179 2233 ἀποσμήχεται
1208 2163 1265 2215 δὲ
1302 2163 1362 2215 τὸ
1409 2162 1759 2234 μεμολυσμέο

199 2267 294 2314 νον,
334 2252 424 2304 καὶ
475 2252 967 2324 καταφαιδρύνεται
1011 2255 1070 2306 τὸ
1114 2254 1521 2323 ὲσκοτισμένονο
1562 2253 1759 2324 πρέποι

198 2343 235 2395 δ’
262 2342 338 2405 ἂν,
362 2338 540 2412 οἶμαι,
564 2344 707 2398 κατὰ
734 2345 833 2416 τὴν
858 2345 951 2398 τοῦ
970 2346 1221 2415 Σωτῆρος
1246 2348 1452 2416 φωνὴν,
1468 2347 1762 2416 θεραπεύε-

198 2435 305 2487 σθαι
338 2434 437 2505 μὲν
487 2435 549 2490 τδ
577 2437 967 2507 ἠρρωστηκὸς,
997 2438 1277 2507 καλεῖσθαι
1318 2440 1375 2493 δὲ
1414 2440 1550 2511 πρὸς
1593 2441 1761 2510 μετά-

196 2538 396 2589 γνωσιν,
423 2523 551 2594 οὐχὶ
576 2527 704 2587 τοὺς
724 2527 1110 2596 ἠγιασμένους,
1130 2528 1267 2581 ἀλλὰ
1290 2531 1417 2592 τοὺς
1441 2532 1559 2593 ταῖς
1585 2532 1764 2601 ἀμαρο

195 2612 778 2683 τίαιςὲπηχθισμένους.
798 2608 874 2668 ’Ἦ
890 2617 997 2685 γὰρ
1012 2616 1130 2686 οὐχὶ
1152 2618 1763 2687 προκαταγινώσκεσθαι

196 2704 287 2774 χρὴ
306 2704 425 2767 τοὺς
454 2705 823 2776 καλουμένους
850 2709 930 2771 είς
959 2708 1173 2776 ἄφεσιν,
1208 2710 1301 2762 καλ⁸
1330 2709 1396 2761 ἐκ
1419 2710 1517 2779 τῆς
1540 2711 1765 2779 ἐνούσης

194 2795 358 2858 αὐτοῖς
380 2795 670 2859 ἀσθενείας
699 2797 1181 2862 κεκινδυνευκότας
1200 2839 1216 2863 ,
1243 2799 1474 2869 ὁρᾶσθαι
1502 2800 1767 2871 λελυτρω-

203 2881 404 2950 pem;
431 2884 586 2937 Ἔδει
608 2886 898 2957 τοιγαροῦν
921 2886 1139 2958 ἔλεγχον
1155 2886 1343 2958 ὥσπερ
1363 2888 1487 2942 τινὰ
1513 2890 1608 2942 καὶ
1633 2908 1767 2945 κατ-

200 2974 375 3045 ήγορον
421 2976 631 3047 ἀκριϐῆ
687 2977 787 3048 τῆς
835 2979 1091 3032 ἁπάντων
1136 2980 1455 3044 ἀσθενείας,
1518 2982 1610 3034 τὸν
1669 2983 1770 3053 τῆς

200 3066 453 3136 ἁμαρτίας
490 3068 762 3123 δεικτικὸν
793 3072 1294 3141 προαναφαίνεσθαι
1326 3073 1513 3143 νόμον,
1558 3075 1644 3128 ἵνα
1672 3075 1768 3128 καὶ

198 3157 283 3227 τῆς
333 3156 483 3223 Θείας
538 3161 668 3230 ἡμῖν
718 3161 1057 3233 ἡμερότητος
1106 3163 1207 3232 τῆς
1260 3163 1348 3217 διὰ
1391 3164 1626 3236 Χριστοῦ
1688 3164 1763 3237 μὴ

197 3248 437 3319 ἀγνοῆται
466 3250 533 3303 τὸ
567 3252 813 3322 μέγεθος.
845 3253 957 3306 Ποῦ
986 3255 1094 3326 γὰρ
1123 3255 1156 3326 ἢ
1182 3254 1299 3318 πῶς
1332 3257 1485 3327 ῆτῆς
1514 3258 1764 3327 ἀφέσεως

197 3341 359 3412 χάρις,
385 3345 433 3396 εί
467 3343 550 3414 μὴ
588 3344 873 3399 ὑποκέοιτο
918 3346 989 3399 τὰ
1025 3324 1386 3418 ἐγκλήματαξ
1432 3324 1541 3402 Καὶ
1567 3324 1621 3404 εἰ
1660 3324 1765 3423 ἱρὴ

200 3432 652 3504 βραχυλογοῦντας
683 3438 777 3490 καὶ
809 3437 902 3490 ἐπί
941 3456 1104 3493 τινων
1132 3440 1375 3512 ἀρχαίων
1407 3442 1767 3514 διηγημάτων

196 3524 481 3596 ἀναπηδᾷν,
512 3524 623 3597 ἐρῶ
647 3528 829 3591 πάλιν,
868 3530 953 3583 ὅτι
987 3530 1064 3601 τῷ
1092 3532 1191 3601 μὲν
1244 3532 1492 3604 Ἀϐραὰμ
1531 3536 1766 3605 ὲπηγέλ-

196 3615 304 3668 λετο
335 3616 363 3668 6
394 3617 534 3680 Θεὸς
560 3618 659 3690 τὴν
691 3619 780 3673 διὰ
809 3620 1043 3683 πίστεως
1075 3623 1255 3693 χάριν·
1300 3625 1393 3677 καὶ
1427 3625 1677 3697 καθάπερ
1708 3628 1766 3679 ὲν

196 3707 398 3781 ἀπαρχῆ
442 3708 561 3762 τῶν
628 3710 946 3783 ἠλεημένων
972 3752 989 3779 ,
1054 3717 1111 3768 ὲν
1177 3716 1327 3787 αὑτῷ
1387 3718 1767 3789 πρεσϐυτέραν

196 3798 412 3852 ἐποιεῖτο
465 3799 568 3854 τοῦ
596 3801 763 3870 νόμου
794 3802 895 3873 τὴν
936 3805 994 3870 ἐξ
1033 3806 1367 3877 ἡμερότητος
1405 3808 1619 3879 ἄφεσιν.
1672 3810 1767 3866 Γέ-

196 3903 418 3960 γραπται
447 3892 597 3963 γὰρ,
624 3893 707 3947 ὅτι
728 3936 745 3959 ,
773 3912 791 3945 ι
830 3895 1176 3949 Ἐπίστευσεν
1223 3898 1471 3971 Ἀϐραὰμ
1508 3901 1586 3971 τῷ
1612 3902 1730 3972 Θεῷ
1748 3941 1764 3967 ,

197 3981 280 4032 καὶ
305 3982 563 4052 ἐλογίσθη
584 3984 734 4055 αὑτῷ
763 3986 842 4049 είς
869 3986 1235 4057 δικαιοσύνην.
1274 4008 1292 4041 ι
1326 3992 1768 4065 Προσδιαμαρτῦ-

200 4088 335 4142 ρεται
378 4074 436 4127 δὲ
473 4075 651 4142 λέγων
694 4079 723 4129 6
756 4077 994 4141 Παῦλος·
1052 4098 1070 4130 ι
1108 4079 1233 4143 Πῶς
1260 4077 1352 4134 οὖν
1391 4083 1677 4156 ὲλογίσθη;
1707 4086 1766 4141 ιν

196 4169 447 4237 περιτομῇ
469 4167 505 4236 ἢ
532 4168 589 4219 ἐν
613 4167 984 4240 ἀκροϐυστίας
1016 4171 1127 4223 Οὐκ
1148 4172 1205 4223 ἐν
1236 4178 1502 4244 περιτομῇ
1525 4213 1539 4238 ,
1578 4177 1762 4247 φησιν,

197 4254 298 4307 ἀλλ’
330 4258 385 4310 ὲν
428 4257 801 4329 ἀκροϐυστίᾳο
836 4260 929 4312 καὶ
974 4264 1199 4330 σημεῖον
1243 4262 1401 4316 ἔλαϐε
1439 4267 1761 4339 περιτομὴν,

197 4349 449 4416 σφραγίδα
474 4349 578 4418 τῆς
608 4348 953 4421 δικαιοσύνης
977 4351 1073 4421 τῆς
1106 4352 1360 4417 πίστεως,
1384 4356 1480 4425 τῆς
1511 4360 1568 4410 ὲν
1596 4360 1763 4430 ἀκροο

196 4439 393 4509 ϐυστίᾳ.
434 4459 452 4491 ι
503 4441 742 4493 Ἤκουσέ
778 4458 839 4493 τε
889 4440 1023 4495 Θεοῦ
1057 4442 1305 4511 λέγοντος
1336 4448 1599 4518 ἐναργῶς,
1644 4452 1761 4516 ὃτι,

1791 3222 1837 3283 C

925 412 1013 466 DE
1054 409 1497 467 ADORATIONE
1538 408 1608 464 IN
1649 406 1919 464 SPIRITU
1961 406 2050 460 ET
2094 402 2464 461 VERITATE.
2502 400 2631 457 LIB.
2673 397 2732 455 ll.

3341 386 3447 442 218
3494 356 3497 357 ί

1860 540 1991 578 nere
2031 523 2223 586 Israel,
2267 537 2336 576 ex
2379 519 2527 574 tribu
2567 515 2883 586 Benjamin,
2914 509 3185 568 Hebraeus,
3222 522 3291 560 ex
3337 504 3446 558 lle-

1860 609 2042 673 braais,
2069 607 2373 663 secundum
2398 607 2574 676 legem
2598 602 2928 665 Phariseeus,
2950 596 3256 654 secundum
3281 607 3450 650 annu-

1859 703 2122 756 lationem
2177 714 2513 770 persequens
2561 696 2883 757 Ecclesiam,
2932 690 3238 747 secundum
3281 684 3461 756 justiw

1862 790 1995 845 tiam
2023 789 2126 859 53
2158 804 2281 858 qua:
2328 788 2387 841 in
2421 787 2539 855 lege
2577 793 2681 848 est,
2726 782 2847 838 sine
2880 779 3126 850 querela.
3177 774 3285 830 Sed
3328 788 3451 843 qua:

1861 883 1996 937 mihi
2043 881 2271 936 fuerunt
2317 879 2505 941 lucra,
2542 877 2658 931 haec
2701 874 3005 928 arbitratus
3055 884 3176 925 sum
3224 873 3449 935 propter

1860 975 2139 1030 Christum
2169 970 2518 1025 detrimenta.
2550 965 2944 1023 Verumietiam
2966 961 3220 1018 existimo
3263 956 3449 1012 omnia

1862 1066 2255 1122 detrimentum
2300 1076 2456 1125 esse,
2507 1068 2732 1130 propter
2777 1057 3110 1113 eminentem
3164 1049 3449 1106 scientiam

1860 1158 1989 1214 Jesu
2014 1153 2221 1211 Christi
2258 1151 2474 1206 Domini
2518 1150 2726 1213 nostri;
2758 1157 2982 1218 propter
3010 1158 3172 1214 quem
3203 1140 3451 1196 omnium

1865 1248 2258 1304 detrimentum
2290 1243 2415 1308 feci,
2447 1250 2505 1298 et
2538 1240 2779 1296 arbitror
2810 1249 2871 1293 ut
2902 1246 3164 1297 stercora,
3202 1241 3263 1286 ut
3289 1230 3452 1285 Chri-

1864 1347 2009 1394 stum
2056 1336 2416 1399 lucrifaciam,
2462 1344 2521 1389 et
2566 1331 2817 1388 inveniar
2862 1329 2920 1383 in
2954 1327 3049 1382 illo
3085 1341 3197 1379 non
3244 1323 3453 1378 habens

1863 1444 2041 1484 meam
2065 1427 2354 1499 justitiam,
2383 1441 2507 1497 qua:
2537 1439 2607 1478 ex
2650 1422 2767 1493 lege
2798 1428 2910 1484 est,
2950 1418 3047 1473 sed
3087 1430 3209 1485 quae
3245 1422 3329 1467 est
3353 1427 3453 1482 per

1864 1521 2026 1576 ﬁdem
2055 1520 2259 1575 Christi
2293 1518 2359 1572 ⁵¹.
2398 1537 2417 1568 ι

1935 1607 2131 1662 PALL.
2170 1606 2421 1676 Intelligo
2452 1605 2613 1674 plane
2641 1621 2653 1656 :
2684 1610 2874 1672 aperta
2906 1600 3055 1653 enim
3098 1612 3159 1650 es
3202 1593 3450 1649 oratione

1865 1714 2017 1753 usus.
2065 1697 2203 1751 Illud
2248 1705 2429 1751 tamen
2459 1695 2701 1765 explices
2744 1692 2907 1761 velim
2942 1708 2953 1741 :
2985 1688 3041 1743 Si
3073 1686 3140 1741 ad
3173 1683 3451 1739 hominem

1866 1788 2263 1860 perﬁciendum
2293 1804 2403 1841 non
2443 1786 2577 1842 satis
2606 1794 2724 1840 erat
2765 1782 2989 1851 antiqua
3023 1780 3131 1843 lex,
3155 1792 3254 1831 cur
3280 1788 3388 1829 non
3423 1787 3455 1826 a

1864 1880 2136 1951 principio
2181 1879 2366 1949 potius
2393 1877 2610 1949 justitia
2659 1892 2758 1946 per
2808 1873 3003 1936 ﬁdem,
3056 1878 3115 1924 et
3150 1883 3271 1938 quae
3297 1881 3363 1920 ex
3388 1880 3455 1918 ea

1860 1970 2093 2034 exsistit,
2121 1969 2481 2024 sanctiﬁcatio
2510 1968 2719 2022 sancita
2743 1965 2847 2032 sit?

1929 2062 2085 2117 CYR.
2121 2062 2260 2129 Quia
2307 2071 2487 2124 certe,
2534 2058 2775 2120 Palladi,
2827 2056 2882 2110 id
2929 2047 3450 2109 convenientissime

1861 2154 2106 2209 abluitur
2128 2153 2275 2223 quod
2318 2152 2660 2207 sordidatum
2687 2157 2806 2215 est;
2850 2146 2906 2201 id
2940 2143 3272 2212 abstergitur
3304 2136 3453 2209 quod

1860 2256 1945 2301 est
1977 2246 2358 2315 inquinatum;
2389 2244 2442 2298 id
2473 2243 2780 2297 illustratur
2827 2238 2915 2293 cui
2964 2235 3203 2291 tenebrae
3225 2238 3355 2286 sunt
3374 2227 3457 2284 of-

1862 2337 2016 2391 fusae.
2062 2335 2298 2406 Equum
2333 2342 2418 2389 est
2455 2342 2662 2397 autem,
2697 2330 2912 2401 opinor,
2951 2330 3106 2398 juxta
3154 2320 3455 2378 Salvatoris

1862 2422 2037 2476 nostri
2060 2439 2250 2477 vocem
2278 2422 2458 2477 curari
2494 2421 2643 2491 quod
2687 2418 2965 2473 inﬁrmum
2987 2416 3089 2480 sit;
3113 2411 3299 2467 vocari
3323 2423 3455 2465 vero

1865 2515 1933 2569 ad
1970 2515 2372 2584 paenitentiam,
2412 2530 2525 2569 non
2552 2528 2648 2568 eos
2684 2511 2778 2581 qui
2820 2506 3143 2564 sanctiﬁcati
3177 2511 3326 2567 sunt,
3357 2499 3454 2556 sed

1866 2609 1960 2678 qui
2002 2617 2226 2679 propter
2269 2616 2491 2677 peccata
2524 2606 2635 2660 sint
2680 2601 2843 2657 invisi
2879 2602 2947 2652 ⁵¹.
2986 2598 3070 2653 An
3109 2610 3240 2651 vero
3267 2590 3456 2662 negari

1866 2709 2045 2770 potest
2093 2702 2227 2770 quin
2274 2701 2441 2755 fuerit
2476 2714 2635 2769 opus,
2686 2696 2781 2765 qui
2831 2693 2899 2748 ad
2947 2688 3287 2747 remissionis
3328 2700 3454 2757 gra-

1868 2793 1999 2847 tiam
2016 2803 2366 2857 vocarentur,
2385 2809 2482 2848 eos
2511 2800 2637 2846 ante
2658 2785 3015 2845 condemnari
3033 2825 3048 2849 ,
3072 2792 3135 2838 ut
3153 2797 3279 2836 cum
3302 2778 3458 2850 prius

1868 2894 2092 2954 propter
2118 2884 2493 2938 inﬁrmitatem
2518 2898 2639 2951 quae
2662 2883 2719 2934 in
2742 2881 2852 2934 illis
2879 2884 3046 2939 esset,
3071 2875 3126 2927 in
3150 2871 3344 2927 salutis
3365 2884 3460 2939 pe—

1871 2976 2105 3030 riculum
2135 2976 2434 3039 venissent,
2470 2982 2584 3028 tum
2616 2972 2855 3041 denique
2894 2965 3164 3035 redempti
3200 2962 3457 3018 videren-

1873 3069 1997 3123 tur?
2063 3067 2331 3134 Quocirca
2381 3082 2607 3121 necesse
2675 3064 2779 3118 fuit
2827 3062 2978 3116 velut
3024 3053 3455 3126 redargutricem

1873 3157 2187 3227 quamdam,
2221 3165 2278 3211 et
2318 3156 2792 3226 diligentissimam
2837 3148 3175 3206 inﬁrmitatis
3209 3144 3456 3200 omnium

1867 3250 2258 3305 accusatrieem
2290 3248 2623 3318 promulgari
2659 3247 2834 3316 legem
2863 3258 2982 3298 eam
3024 3239 3114 3295 cui
3156 3239 3240 3293 vis
3268 3243 3457 3290 osten-

1868 3340 2034 3395 dendi
2076 3348 2359 3409 peccatum
2396 3338 2621 3400 inesset,
2660 3345 2722 3390 ut
2749 3351 2818 3390 ne
2849 3334 3049 3388 divinae
3082 3329 3456 3400 benignitatis,

1869 3446 1989 3502 quae
2009 3406 2107 3500 pe}
2126 3428 2410 3484 Christum
2440 3426 2686 3482 exhibita
2707 3432 2814 3489 est,
2846 3421 3280 3494 magnitudinem
3306 3419 3461 3488 igno-
3530 3406 3535 3411 ‘

1867 3538 2132 3580 raremus.
2159 3521 2263 3577 Ubi
2287 3519 2435 3574 enim
2464 3527 2560 3574 aut
2587 3517 2865 3588 quomodo
2897 3516 3064 3571 fuerit
3084 3514 3241 3569 locus
3265 3511 3457 3567 remit-

1867 3615 2005 3672 tenti
2037 3614 2245 3686 gratiae,
2288 3612 2395 3667 nisi
2418 3612 2575 3682 prius
2604 3610 2932 3665 criminibus
2955 3603 3349 3663 demonstratis
3378 3613 3437 3657 at

1867 3724 1974 3778 que
2003 3705 2351 3762 constitutis?
2370 3704 2569 3774 Atque,
2597 3711 2655 3757 ut
2678 3701 2833 3758 brevi
2857 3710 2979 3756 utar
3009 3698 3281 3761 oratione,
3311 3704 3368 3755 et
3388 3694 3459 3750 ad

1867 3805 2115 3852 veterum
2145 3794 2394 3865 exempla
2421 3803 2724 3856 recurram,
2748 3791 2928 3846 dicam
2957 3789 3142 3843 denuo
3177 3805 3190 3840 ε
3224 3785 3460 3841 Abrahae

1868 3886 2163 3959 spopondit
2194 3885 2418 3955 quidem
2447 3885 2594 3939 Deus
2628 3883 2862 3953 gratiam
2906 3897 3004 3951 per
3036 3879 3222 3943 ﬁdem,
3264 3878 3322 3931 in
3360 3891 3459 3930 eo-

1866 3999 1974 4055 que
2008 3980 2231 4036 homine
2263 3987 2523 4047 tanquam
2563 3976 2618 4031 in
2644 3974 2904 4046 primitiis
2935 3987 3127 4027 eorum
3166 3969 3262 4039 qui
3290 3968 3459 4022 mise-

1867 4073 2159 4131 ricordiam
2185 4068 2467 4125 consecuti
2489 4077 2638 4132 sunt,
2665 4066 3069 4128 remissionem,
3095 4078 3217 4133 qua:
3242 4061 3339 4115 Dei
3365 4059 3460 4114 be-

1865 4167 2131 4240 nignitate
2152 4170 2467 4235 prestatur,
2494 4161 2610 4238 ipsa
2632 4161 2751 4231 lege
2774 4158 3103 4213 nobiliorem
3124 4153 3275 4208 fecit.
3304 4150 3456 4206 Scri-

1866 4270 2023 4331 ptum
2045 4270 2130 4318 est
2151 4261 2302 4317 enim
2336 4277 2350 4313 :
2375 4282 2392 4308 ‹
2421 4254 2669 4309 Credidit
2695 4251 2970 4307 Abraham
2997 4250 3128 4310 Deo,
3153 4254 3210 4300 et
3232 4253 3456 4313 reputa-

1868 4363 1982 4409 tum
2032 4361 2117 4409 est
2171 4354 2223 4410 ei
2270 4352 2340 4407 ad
2379 4348 2652 4422 justitiam
2702 4345 2767 4397 ⁸³.
2821 4361 2838 4393 i
2886 4342 3228 4395 Protestatur
3272 4346 3457 4390 autem

1866 4446 2089 4509 Paulus,
2134 4452 2300 4513 atque
2334 4442 2412 4496 ait
2463 4459 2476 4493 :
2531 4458 2549 4491 ι
2596 4434 2884 4505 Quomodo
2924 4431 3092 4502 igitur
3138 4435 3456 4498 reputatum

200 4545 217 4578 ι
258 4528 801 4601 Ἐνευλογηθήσονται
827 4534 882 4584 ὲν
910 4534 994 4585 σοὶ
1040 4534 1217 4586 πάντα
1246 4534 1313 4588 τὰ
1340 4517 1486 4607 ἔθνη.
1525 4560 1542 4589 ι
1579 4540 1652 4592 Τὸ
1686 4542 1765 4608 δὲ,

1877 4535 1997 4591 est?
2021 4535 2082 4589 In
2107 4532 2526 4589 circumcisione
2555 4544 2626 4583 an
2667 4527 2725 4581 in
2767 4517 3069 4596 praeputio?
3105 4520 3224 4575 Non
3254 4518 3313 4574 in
3343 4517 3454 4573 cir-

201 4636 218 4665 c
252 4620 304 4670 ὲν
337 4621 439 4682 σοὶ,
476 4640 497 4671 ι
548 4623 801 4691 σημαίνοι
822 4622 890 4677 ἂν
918 4624 1000 4688 τὸ,
1036 4624 1159 4678 καθ’
1183 4626 1473 4698 ὁμοιότητα
1497 4630 1593 4702 τὴν
1622 4634 1756 4704 σήν*

193 4706 325 4763 οὕτω
349 4728 409 4764 τε
441 4713 628 4774 συνεὶς
669 4714 698 4766 6
744 4714 956 4780 Παῦλος
995 4732 1129 4787 φησι
1162 4733 1176 4748 ·
1223 4737 1244 4770 ι
1292 4719 1596 4789 Προῖδοῦσα
1624 4724 1681 4778 δὲ
1726 4728 1760 4798 η

195 4799 372 4873 Γραφὴ
409 4805 494 4857 ὅτι
522 4806 587 4859 ὲκ
615 4805 853 4888 πίστεως
888 4806 1087 4862 δικαιοί
1110 4808 1178 4862 τὰ
1205 4808 1341 4881 ἔθνη
1377 4812 1405 4863 6
1444 4812 1596 4879 Θεὸς,
1632 4833 1765 4888 προ-

192 4894 580 4962 ευηγγελίσατο
607 4887 684 4967 τῷ
712 4897 984 4970 Ἀϐραὰμ,
1008 4901 1090 4953 ὅτι
1132 4899 1678 4975 Ἐνευλογηθήσονται
1706 4910 1764 4963 ὲν

196 4986 272 5037 σοι
299 4986 476 5041 πάντα
508 4988 578 5041 τὰ
602 4987 751 5060 ἔθνη.
784 4990 947 5045 Ὥστε
981 4995 1029 5046 oi
1053 4995 1118 5046 ὲκ
1148 4995 1381 5060 πίστεως
1414 4998 1761 5068 εὐλογοῦνται

193 5075 283 5126 σὺν
325 5075 404 5146 τῷ
447 5078 628 5148 πιστῷ
674 5079 941 5151 Ἀϐραάμ.
979 5099 999 5133 ι
1050 5082 1283 5153 Σημεῖον
1315 5078 1407 5137 οὖν
1437 5084 1543 5156 ἄρα
1574 5088 1676 5157 τῆς
1706 5090 1763 5141 ὲν

193 5162 521 5239 ἀκροϐυστίᾳ
542 5172 776 5234 πίστεως
799 5210 814 5233 ,
844 5173 878 5241 η
909 5173 1197 5245 περιτομὴ,
1227 5174 1566 5232 δεδικαίωται
1589 5178 1646 5233 δὲ
1665 5180 1764 5234 οὐκ

192 5252 245 5317 ἑξ
268 5253 444 5325 ἔργων
473 5259 640 5329 νόμου
659 5300 673 5325 ,
713 5260 807 5313 καὶ
836 5261 938 5331 τῆς
981 5263 1038 5315 ὲν
1090 5265 1253 5335 σαρκὶ
1285 5268 1587 5339 περιτομῆς
1629 5287 1764 5342 πρε-

192 5344 424 5419 σϐύτερα
452 5350 703 5417 φαίνεται
717 5353 784 5407 τὰ
817 5353 903 5408 διὰ
931 5354 1112 5408 πίστιν
1139 5357 1449 5428 αὐχήματα.
1470 5359 1625 5424 Φίλος
1654 5362 1762 5434 γὰρ

191 5434 386 5511 ἐκλήθη
413 5442 573 5495 Θεοῦ.

1867 4626 2253 4691 οιιιιιοίεὶοιιο,»
2276 4623 2474 4694 inquit,
2502 4640 2521 4672 ι
2539 4619 2634 4676 sed
2656 4620 2711 4673 in
2732 4615 3018 4689 praaputio;
3044 4624 3102 4669 et
3122 4613 3336 4683 signum
3359 4624 3452 4664 ac-

1869 4719 2018 4790 cepit
2072 4715 2579 4775 circumcisionem,
2630 4708 2973 4781 signaculum
3020 4703 3245 4775 justitiae
3289 4699 3452 4765 ﬁdei,

1871 4826 1994 4881 quae
2035 4808 2141 4864 fuit
2186 4806 2244 4862 in
2301 4804 2568 4877 praeputio
2617 4801 2683 4855 ".
2739 4819 2757 4852 ι
2797 4800 3080 4867 Deumque
3126 4802 3313 4865 aperte
3351 4792 3456 4847 sibi

1872 4901 2147 4956 dicentem
2170 4898 2381 4954 audivit
2407 4916 2420 4951 :
2455 4916 2473 4946 ι
2506 4894 2908 4949 Benedicentur
2937 4888 2995 4942 in
3022 4896 3076 4941 te
3098 4899 3291 4941 omnes
3318 4898 3455 4954 gen-

1869 4999 1953 5047 tes
1990 4991 2058 5043 ".
2114 5008 2132 5040 ι
2171 4988 2346 5059 Hujus
2389 4994 2573 5041 autem
2620 4982 2775 5038 verbi
2812 5002 2830 5032 ι
2866 4981 2923 5036 in
2965 4987 3017 5033 te
3058 4997 3076 5028 ι
3112 4992 3176 5031 ea
3215 4974 3299 5028 vis
3339 4971 3455 5027 for-

1866 5090 2010 5137 tasse
2044 5081 2137 5145 sit,
2180 5089 2243 5134 ut
2268 5079 2338 5134 ad
2368 5076 2786 5133 similitudinem
2824 5082 2972 5127 tuam
3001 5066 3275 5139 signiﬁcet
3309 5082 3322 5118 :
3355 5078 3453 5119 eo-

1867 5189 1975 5245 que
2003 5188 2167 5228 sensu
2197 5187 2322 5226 cum
2356 5171 2559 5226 Paulus
2592 5165 2971 5226 intellexisset,
3002 5159 3182 5230 inquit
3208 5175 3222 5211 :
3263 5178 3280 5208 ‹
3311 5157 3444 5211 Prae-

1873 5267 2069 5323 videns
2101 5277 2284 5320 autem
2316 5264 2597 5334 Scriptura
2646 5259 2754 5331 5a.
2784 5256 2931 5330 quod
2957 5271 3025 5311 ex
3058 5253 3162 5309 ﬁde
3189 5250 3453 5324 justiﬁcat

1867 5368 2062 5430 gentes
2085 5360 2252 5422 Deus,
2278 5353 2669 5427 praenuntiavit
2702 5351 2999 5415 Abraham,
3025 5347 3451 5408 Benedicentur,

1866 5452 2122 5522 inquiens
2145 5492 2159 5516 ,
2194 5451 2250 5505 in
2294 5458 2347 5504 te
2377 5462 2588 5513 omnes,
2617 5451 2826 5515 gentes.
2882 5441 3051 5513 Igitur
3083 5438 3177 5509 qui
3226 5453 3291 5492 ex
3346 5434 3451 5489 ﬁde

192 5544 343 5600 sunt,
397 5537 804 5596 benedicuntur
860 5557 986 5596 cum
1036 5542 1182 5598 ﬁdeli
1243 5545 1518 5599 Abraham
1586 5548 1648 5600 ".
1710 5568 1726 5599 ι
1775 5548 2001 5620 Signum
2045 5557 2130 5604 est
2163 5547 2330 5617 igitur
2396 5540 2742 5598 circumcisio
2810 5538 2934 5593 ﬁdei
2985 5535 3130 5591 illius
3200 5547 3321 5602 qua:
3368 5540 3449 5586 est

613 5781 622 5791 .
686 5756 760 5799 Ill,
810 5742 926 5795 4-9.

590 5808 739 5864 ialat.
781 5827 859 5876 ιιι,
903 5813 955 5865 ὅ.

280 5734 340 5806 ’ξ
380 5736 569 5806 Philip

280 5745 321 5765 "
382 5745 569 5806 Philip
613 5781 622 5791 .
686 5756 760 5799 ιιι,
810 5745 926 5795 4-9.
1025 5746 1067 5777 ⁵¹
1112 5745 1377 5801 Matth.ix
1426 5747 1511 5800 15.

195 5816 279 5868 ιιι,
316 5804 368 5857 5.
476 5808 524 5838 ³⁸
568 5754 739 5864 ὃδιιιι.
781 5827 859 5868 ιιι.
903 5813 955 5865 ὅ.
1386 5787 1397 5809 ’

1621 5746 1665 5778 ⁵³
1702 5747 1897 5804 Cenes.
1931 5765 2016 5811 xv,
2047 5748 2115 5813 6;
2174 5748 2330 5801 Rom.
2358 5761 2427 5808 iv,
2460 5743 2510 5796 5.

2611 5740 2655 5770 ⁵⁸
2689 5737 2847 5802 lbid.,
2901 5734 2985 5787 10.
3012 5732 3120 5803 HI.
3229 5730 3273 5761 "
3308 5729 3446 5782 Gen.
