4046 6538
626 398 735 457 219

1624 404 1679 460 S.
1721 404 1996 461 CYBILLI
2033 407 2507 466 ALEXANDRINI
2544 413 2867 470 ARCHl-EP.
3748 424 3831 483 ﬂ}

631 518 689 574 in
715 522 1011 592 praeputio;
1036 523 1476 594 justiﬁcatusque
1501 532 1587 577 est
1614 523 1705 578 ille
1732 530 1845 578 n‘on
1870 542 1937 580 ex
1956 528 2217 595 operibus
2254 529 2423 599 legis;
2493 539 2550 585 et
2608 532 2834 602 gloriam
2870 530 2993 586 ﬁdei
3022 514 3344 586 nobiliorem
3372 546 3487 587 esse
3518 548 3667 603 quam
3694 537 3770 596 illa
3791 541 3833 598 in

630 626 798 669 carne
833 616 1203 680 circumcisio,
1244 617 1597 689 perspicuum
1640 624 1746 682 est,
1781 619 1992 674 amicus
2016 622 2219 691 quippe
2256 623 2353 677 Dei
2402 624 2726 693 appellatus.

704 706 900 760 PALL.
934 707 1074 774 Quid
1108 709 1273 779 igitur
1301 724 1482 764 causa:
1514 708 1618 764 fuit
1663 726 1764 765 cur
1804 712 1996 767 tandiu
2029 714 2119 767 illa
2147 730 2216 768 ex

2391 716 2600 770 IIAAA.
2636 716 2731 780 Τίς
2751 712 2899 788 οὖνὴ
2935 716 3193 787 μέλλησις
3225 717 3319 771 τοῦ
3360 717 3497 771 κατὰ
3527 720 3689 775 πίστιν
3706 724 3820 792 ξὰγια

634 793 741 848 ﬁde
770 798 1129 853 sanctiﬁcatio
1157 807 1485 864 moraretur,
1514 817 1626 856 non
1658 805 1893 862 absurde
1926 809 2217 865 addubita-

631 888 834 953 verim;
861 904 1048 958 quaero
1071 891 1219 944 enim
1250 907 1358 961 qua
1382 893 1449 947 de
1478 908 1643 948 causa
1669 896 1883 966 signum
1913 900 2091 970 ipsum
2122 920 2219 957 an-

635 977 858 1047 tiquiori
910 980 982 1034 sit
1025 981 1219 1037 ordine
1263 984 1614 1053 collocatum,
1664 991 1954 1058 posteriori
2002 1010 2132 1049 vero
2162 996 2217 1050 id

632 1069 778 1137 quod
816 1073 1165 1139 praastantius
1196 1074 1317 1128 est?

703 1160 861 1216 CYR.
893 1161 1037 1228 Quid
1084 1164 1255 1231 enim,
1286 1182 1471 1223 nonne
1514 1169 1754 1227 diximus
1784 1174 1950 1229 modo
1975 1176 2216 1233 admira-

630 1252 845 1309 bilioris
891 1257 1179 1327 cujusdam
1223 1266 1388 1329 atque
1429 1262 1768 1319 sublimioris
1810 1267 2026 1323 artiﬁcii
2080 1287 2218 1341 opus

631 1343 803 1400 fuisse
837 1354 897 1400 ut
926 1348 1033 1412 lex,
1068 1364 1191 1419 quae
1232 1351 1644 1419 condemnaret,
1677 1366 2047 1416 anteverteret
2075 1370 2216 1417 tem-

631 1438 783 1506 poris
811 1439 1004 1495 ordine
1030 1439 1193 1496 ﬁdem
1230 1458 1351 1512 qua:
1375 1444 1739 1514 justiﬁcaret?
1763 1464 1946 1505 nonne
1970 1469 2099 1507 vero
2124 1455 2217 1509 lux

632 1529 689 1583 in
721 1533 962 1590 tenebris
1006 1535 1155 1592 lucet
1202 1537 1282 1590 '7?
1313 1538 1490 1594 virtus
1535 1556 1755 1612 quoque
1798 1543 1856 1598 in
1898 1546 2216 1605 inﬁrmitate

631 1622 934 1691 perﬁcitur,
962 1636 1022 1681 ut
1047 1629 1308 1698 scriptum
1340 1641 1425 1686 est
1466 1632 1565 1686 "'?

704 1713 901 1770 PALL.
940 1718 1105 1773 Recte
1135 1719 1293 1775 dicis.

702 1802 859 1859 CYR.
892 1807 1063 1878 Igitur
1091 1810 1178 1864 lex
1207 1812 1541 1869 subintravit
1582 1825 1641 1871 ut
1669 1818 1977 1876 abundaret
2017 1839 2216 1893 pecca-

632 1901 769 1946 tum.
809 1894 910 1950 Ubi
949 1897 1097 1951 enim
1144 1916 1254 1954 non
1308 1912 1391 1957 est
1438 1904 1546 1970 lex,
1583 1922 1762 1977 neque
1792 1913 2165 1978 przevaricatio
2198 1933 2211 1969 :

631 1985 1097 2051 pmvaricationis
1115 2000 1298 2045 autem
1321 2002 1376 2048 et
1394 1996 1533 2065 ejus,
1555 2014 1676 2067 quae
1696 2000 1764 2054 ad
1782 2001 1921 2055 hanc
1938 2004 2211 2072 perducit,

2328 807 2489 877 σμοῦ,
2516 810 2927 879 ἐπαπορήσαιμι
2946 810 2991 861 δ’
3008 810 3074 863 ἂν
3094 810 3336 874 εἰκότως,
3357 810 3470 863 ἀνθ’
3489 811 3602 863 ὅτου
3624 812 3680 885 δὴ
3697 814 3835 883 λέγων

2323 899 2399 962 ὼς
2423 901 2480 953 ἐν
2510 901 2855 972 πρεσϐυτέρᾳ
2883 900 3029 953 θέσει
3058 901 3114 954 τὸ
3146 904 3367 971 σημεῖον
3402 900 3493 954 καὶ
3520 901 3590 965 ὼς
3622 905 3672 956 ἐν
3694 905 3835 961 δευτέ-

2327 1008 2440 1061 ροις
2468 992 2529 1044 τὸ
2561 992 2759 1063 ύπερτε
2769 991 2892 1064 ροῦν
2917 1010 2934 1060 ;

2396 1174 2553 1227 ΚΥΡ.
2595 1175 2669 1227 Οὐ
2703 1175 2810 1243 γὰρ
2843 1174 3057 1246 ἔφαμεν
3084 1176 3285 1248 ἀρτίως
3330 1176 3405 1239 ὡς
3435 1176 3729 1244 ὰξηγάστου
3762 1179 3836 1232 καί

2326 1262 2635 1334 ἀπορρήτου
2664 1264 2806 1327 τινὸς
2846 1265 3125 1335 εὐτεχνίας
3157 1265 3315 1337 ἔργον
3347 1262 3415 1336 ἦν
3453 1265 3511 1318 τὸ
3542 1266 3836 1338 προαναθρώ-

2327 1370 2478 1406 σχειν
2512 1356 2568 1407 ἐν
2597 1354 2772 1425 χρόνῳ
2803 1355 2904 1425 τῆς
2930 1356 3243 1428 δικαιούσης
3262 1358 3495 1421 πίστεως
3518 1357 3602 1411 τὸν
3620 1361 3836 1430 κατακρί-

2324 1464 2483 1499 νοντα
2514 1446 2675 1517 νόμον
2696 1465 2710 1513 ;
2735 1449 2766 1520 ἢ
2797 1450 2916 1518 οὐχὶ
2937 1450 2997 1502 τὸ
3020 1450 3133 1519 φῶς
3161 1453 3218 1503 ἐν
3247 1453 3312 1520 τῇ
3347 1450 3532 1520 σκοτία
3559 1450 3741 1518 φαίνεις
3767 1454 3838 1506 καὶ

2324 1542 2355 1610 ἡ
2391 1539 2616 1608 δύναμις
2639 1542 2697 1593 ἐν
2734 1539 2986 1613 ἀσθενείᾳ
3022 1542 3343 1606 τελειοῦται,
3381 1542 3517 1596 κατὰ
3556 1544 3611 1594 τὸ
3643 1560 3839 1614 γεγραμ-

2327 1629 2485 1699 μένον
2508 1646 2523 1694 ;

2395 1721 2605 1774 ΠΑΛΛ.
2640 1716 2711 1773 Εὖ
2740 1720 2938 1789 λέγεις.

2397 1813 2561 1868 ΚΥΡ.
2588 1814 2798 1867 υύκοῦν
2830 1814 2993 1883 νόμος
3031 1812 3416 1884 παρεισῆλθεν,
3442 1812 3525 1865 ἵνα
3548 1812 3778 1883 πλεονάσῃ
3795 1814 3839 1866 τδ

2325 1905 2695 1977 παράπτωμα.
2713 1901 2786 1959 Οὒ
2810 1907 2919 1977 γὰρ
2936 1907 3036 1959 οὐκ
3058 1906 3204 1958 ἐστιν
3226 1907 3408 1976 νόμος,
3431 1905 3549 1958 οὐδὲ
3564 1904 3837 1974 παράϐασις.

2326 1997 2691 2069 Παραὸἀσεως
2713 1998 2767 2051 δὲ
2785 1999 2877 2053 καὶ
2898 2002 2994 2069 τῆς
3021 1999 3110 2051 ἐπί
3125 1997 3281 2051 τοῦτο
3304 1996 3579 2069 ῥᾳστώνης
3599 1996 3701 2057 πῶς
3718 1996 3769 2049 ἄν
3780 2013 3840 2059 τις

630 2074 859 2146 ignaviae
883 2094 1132 2148 quaenam
1157 2085 1332 2153 possit
1357 2087 1587 2159 intelligi
1617 2091 1966 2158 condonatio,
1994 2096 2100 2150 nisi
2129 2098 2216 2152 lex

2336 2090 2432 2142 E63:
2469 2089 2567 2161 τὴν
2600 2091 2813 2160 ἄφεσιν,
2861 2090 2921 2143 οὐ
2958 2089 3490 2161 προκατακρίναντος
3527 2088 3661 2157 ἡμᾶς
3683 2085 3842 2166 τοῦκό-

631 2178 791 2225 antea
840 2187 942 2227 nos
989 2175 1444 2233 condemnasset?
1484 2180 1641 2247 Quod
1689 2194 1871 2240 autem
1912 2203 2103 2242 verum
2150 2190 2222 2245 sit

631 2260 779 2329 quod
820 2261 1056 2319 dicimus
1084 2282 1264 2336 neque
1296 2268 1363 2324 de
1398 2272 1499 2325 hac
1546 2289 1605 2329 re
1650 2291 1790 2330 vana
1823 2287 1878 2331 et
1918 2278 2100 2348 inepta
2150 2282 2223 2335 sit

632 2352 829 2417 oratio,
854 2358 1161 2423 patrocinio
1188 2360 1341 2414 Pauli
1371 2363 1730 2431 conﬁrmabo,
1761 2367 1996 2423 dicentis
2025 2389 2036 2423 :
2075 2390 2091 2421 ι
2119 2371 2223 2425 Ita-

633 2459 741 2513 que
777 2444 864 2498 lex
912 2458 1139 2517 propter
1162 2456 1644 2520 praevaricationes
1664 2460 1839 2527 posita
1874 2470 1977 2525 est,
2014 2478 2221 2531 quous-

632 2551 742 2604 que
770 2538 983 2593 veniret
1013 2554 1198 2595 semen
1220 2584 1234 2608 ,
1285 2545 1372 2598 cui
1407 2550 1800 2617 repromissum
1837 2560 1940 2615 est,
1971 2552 2222 2607 ordinata

632 2642 733 2697 per
791 2631 1014 2701 angelos
1070 2634 1135 2688 ⁸⁸.
1187 2656 1205 2686 ι
1261 2636 1532 2693 Caeterum
1602 2643 1731 2711 quia
1787 2644 2223 2713 sapientissimus

632 2731 772 2786 erat,
794 2721 1011 2779 futuras
1040 2727 1368 2798 quandoque
1391 2735 1753 2800 quorumdam
1789 2736 2071 2791 hominum
2104 2752 2224 2792 ver-

634 2814 835 2871 borum
864 2821 1106 2889 argutias
1132 2829 1295 2891 atque
1326 2825 1700 2884 dubitationes
1733 2831 2030 2899 prmcidere
2062 2834 2221 2887 moli-

637 2917 763 2974 tur;
801 2908 1008 2962 etenim
1059 2912 1367 2969 verisimile
1414 2925 1533 2971 erat
1574 2921 1837 2987 quosdam
1884 2922 1951 2976 de
1996 2923 2224 2993 justitite

635 2995 763 3050 ﬁdei
793 2997 1057 3054 dilatione
1082 3017 1147 3055 ac
1172 3018 1322 3058 mora
1351 3009 1634 3077 conqueri,
1667 3027 1730 3065 ac
1755 3011 1956 3076 dicere,
1986 3014 2109 3068 ideo
2136 3015 2223 3069 in-

636 3087 795 3141 terim
824 3090 1161 3147 subintrasse
1196 3094 1392 3164 legem,
1429 3106 1488 3152 ut
1528 3101 1767 3170 antiquze
1811 3102 1958 3158 illius
1988 3106 2223 3174 promis-

634 3180 805 3235 sionis
827 3180 1057 3238 ﬁrmitas
1079 3186 1385 3242 tolleretur.
1417 3190 1604 3260 Itaque
1629 3192 1809 3261 inquit
1835 3212 1846 3246 :
1882 3214 1897 3244 ι
1924 3194 2034 3249 Lex
2058 3196 2226 3266 igitur

634 3268 899 3325 adversus
920 3274 1187 3342 promissa
1212 3277 1348 3333 Dei?
1368 3279 1540 3345 absit;
1572 3280 1618 3333 si
1644 3282 1791 3335 enim
1816 3282 1942 3337 data
1972 3295 2117 3339 esset
2140 3286 2226 3341 lex

636 3381 759 3447 qua:
800 3376 985 3434 posset
1016 3368 1315 3437 viviﬁcare,
1367 3389 1496 3427 vere
1530 3389 1600 3428 ex
1650 3373 1768 3446 lege
1816 3384 1961 3431 esset
1988 3378 2219 3448 justitia.

638 3454 748 3511 Sed
780 3458 1051 3513 conclusit
1077 3458 1359 3530 Scriptura
1383 3463 1567 3518 omnia
1592 3464 1696 3519 sub
1728 3474 1975 3535 peccato,
2009 3476 2070 3521 ut
2095 3484 2225 3537 pro-

638 3548 830 3603 missio
864 3564 931 3604 ex
976 3549 1083 3605 ﬁde
1128 3551 1256 3607 Jesu
1306 3552 1514 3609 Christi
1567 3556 1795 3612 daretur
1843 3558 2225 3628 credentibus;

638 3642 796 3713 prius
822 3653 1006 3696 autem
1037 3659 1200 3712 quam
1231 3646 1445 3701 veniret
1475 3645 1630 3711 ﬁdes,
1663 3649 1766 3702 sub
1794 3649 1913 3720 lege
1956 3638 2231 3706 custodie—

642 3732 840 3788 bamur
872 3736 1119 3791 conclusi
1165 3736 1221 3790 in
1254 3752 1374 3791 eam
1408 3737 1571 3792 ﬁdem
1617 3756 1739 3809 quae
1782 3742 2073 3797 revelanda
2113 3752 2231 3797 erat

642 3838 702 3877 ιιι
732 3840 865 3891 nos;
893 3825 1077 3896 itaque
1102 3827 1189 3887 lex
1213 3829 1537 3899 paadagogus
1565 3839 1751 3885 noster
1774 3831 1879 3887 fuit
1904 3834 1959 3887 in
1988 3833 2227 3899 Christo,

643 3922 706 3967 ut
730 3930 798 3969 ex
828 3914 933 3970 ﬁde
958 3915 1327 3985 justiﬁccmur
1354 3934 1367 3970 :
1396 3926 1451 3971 at
1489 3918 1581 3971 ubi
1610 3920 1783 3975 venit-
1802 3920 1954 3985 ﬁdes,
1980 3924 2091 3993 jam
2120 3939 2233 3978 non

644 4021 835 4062 sumus
880 4008 985 4062 sub
1020 4009 1333 4080 pwdagogo,
1370 4026 1564 4065 omnes
1608 4011 1754 4065 enim
1807 4013 1903 4067 ﬁlii
1944 4013 2040 4067 Dei
2075 4014 2228 4081 estis,

643 4116 742 4170 per
783 4101 945 4155 ﬁdem
992 4117 1114 4171 qua:
1159 4111 1243 4157 est
1291 4102 1345 4156 in
1392 4102 1611 4159 Christo
1658 4105 1786 4160 Jesu
1826 4106 1935 4157 δ’.»
1972 4105 2231 4175 Ejusdem

642 4208 777 4247 vero
799 4192 1161 4248 dubitationis
1190 4192 1584 4249 obscuritatem
1608 4196 1955 4265 perspicuam
1984 4196 2114 4253 facit
2139 4197 2234 4253 ad-

638 4284 912 4355 jungens:
950 4304 968 4336 ι
1020 4283 1136 4340 Hoc
1182 4296 1365 4342 autem
1415 4286 1560 4353 dico,
1607 4289 1809 4358 inquit,
1843 4297 2234 4345 testamentum

643 4373 1026 4428 conﬁrmatum
1059 4373 1164 4445 55
1204 4392 1234 4428 a
1261 4376 1373 4431 Deo
1403 4393 1525 4446 qua:
1561 4387 1685 4447 post
1718 4380 2150 4451 quadringentos
2180 4392 2236 4437 et

647 4465 868 4535 triginta
888 4483 1062 4521 annos
1080 4467 1218 4521 facta
1248 4477 1333 4522 est
1356 4468 1463 4531 lex,
1487 4486 1596 4523 non
1622 4470 1835 4525 irritum
1860 4471 1989 4526 facit
2011 4472 2078 4526 ad
2103 4488 2233 4527 eva-

646 4557 911 4611 cuandam
941 4559 1360 4626 promissionem
1392 4578 1405 4613 :
1435 4577 1558 4615 nam
1594 4562 1640 4615 si
1674 4579 1740 4615 ex
1769 4565 1887 4633 lege
1917 4563 2231 4626 htereditas,

642 4652 754 4721 jam
786 4667 895 4705 non
927 4667 993 4705 ex
1023 4651 1416 4721 promissione;
1452 4653 1682 4707 Abrahae
1705 4664 1888 4709 autem
1914 4671 2012 4724 per
2042 4671 2234 4725 repro-

2326 2198 2427 2250 μου
2452 2197 2465 2244 ;
2495 2182 2575 2234 ὅτι
2616 2182 2674 2234 δὲ
2711 2181 2909 2251 ἀληθὲς
2954 2183 2981 2235 ὃ
3021 2199 3185 2252 φημι,
3218 2181 3312 2233 καὶ
3354 2180 3455 2232 οὐκ
3484 2177 3705 2247 ἐξίτηλός
3734 2176 3839 2245 τιςῆ

2324 2273 2561 2342 ἁκαλλὴς
2591 2275 2619 2325 6
2644 2274 2735 2325 ἐπὶ
2768 2273 2901 2343 τῷδε
2934 2273 3113 2341 λόγος,
3144 2272 3471 2342 συλλήψεται
3498 2270 3663 2337 λέγων
3683 2272 3707 2321 6
3729 2268 3841 2321 Παῦ-

2323 2363 2445 2425 λος·
2488 2387 2505 2415 ι
2548 2364 2709 2416 Ὥστε
2743 2366 2770 2416 ό
2802 2364 2963 2433 νόμος
2998 2364 3103 2417 τῶν
3147 2364 3513 2435 παραϐάσεων
3546 2362 3689 2433 χάριν
3713 2377 3842 2431 προσο

2324 2453 2504 2523 ετέθη,
2526 2453 2683 2525 ἄχρις
2699 2448 2760 2507 οὗ
2783 2454 2910 2528 ἔλθῃ
2925 2455 2985 2507 τὸ
3007 2455 3231 2525 σπέρμα
3247 2454 3276 2506 ὃ
3297 2454 3647 2523 ἐπήγγελται,
3664 2452 3839 2522 διαταγῇ

2325 2545 2593 2613 ἀγγέλων.
2640 2564 2659 2596 ι
2697 2546 2867 2613 Σοφδς
2894 2546 2951 2598 δὲ
2978 2546 3117 2613 ἄγαν
3160 2544 3236 2598 ὢν
3262 2544 3363 2608 τὰς
3392 2544 3641 2614 ἐσομένας
3666 2542 3756 2595 ἔσθ’
3777 2544 3842 2595 ὅτε

2326 2638 2475 2707 παρά
2513 2653 2673 2690 τινων
2711 2637 3081 2707 εὑρεσιλογίας
3124 2639 3221 2690 καὶ
3264 2635 3629 2705 ἐπαπορήσεις
3658 2650 3844 2705 προανα-

2325 2728 2545 2780 κόπτειν
2569 2730 2851 2797 ἐπιχειρεῖ’
2881 2724 2949 2799 ἦν
2976 2727 3085 2796 γὰρ
3122 2728 3185 2800 δή
3228 2744 3381 2790 τινας
3406 2727 3549 2790 εἰκὸς
3582 2726 3670 2797 τῆς
3698 2726 3745 2778 ἐν
3775 2726 3842 2777 πίε

2328 2836 2441 2871 στει
2467 2819 2811 2889 δικαιοσύνης
2843 2820 3191 2873 ἐπαιτιᾶσθαι
3239 2820 3339 2890 τὴν
3374 2818 3620 2889 μέλλησιν
3664 2816 3743 2870 καὶ

2331 2910 2532 2978 μεταξὺ
2582 2908 2674 2962 τοῦ
2720 2909 2886 2979 νόμου
2933 2909 3363 2980 παρεισδρομὴν,
3408 2910 3488 2969 είς
3517 2907 3742 2977 ἀθέτησιν
3773 2906 3845 2974 τῆς

2325 3003 2555 3073 ἀρχαίας
2580 3004 2792 3073 ἐκείνης
2813 3002 3143 3071 ἐπαγγελίας
3163 3001 3421 3069 γενέσθαι
3447 3001 3634 3068 λέγειν.
3656 2997 3848 3066 Τοιγαρ-

2325 3113 2408 3148 τοι
2439 3095 2623 3165 φησίν·
2659 3114 2678 3146 ι
2726 3096 2785 3147 Ὀ
2816 3090 2909 3148 οὖν
2942 3093 3107 3163 νόμος
3132 3093 3275 3147 κατὰ
3299 3092 3413 3147 τῶν
3453 3092 3758 3160 ἐπαγγελιῶν
3779 3089 3846 3141 τοῦ

2327 3186 2495 3252 Θεοῦ;
2543 3184 2616 3256 μὴ
2658 3186 2889 3253 γένοιτο.
2932 3185 2996 3237 Ei.
3027 3184 3137 3254 γὰρ
3167 3183 3322 3254 ἐδόθη
3357 3183 3521 3253 νόμος
3561 3184 3588 3236 6
3616 3182 3849 3249 δυνάμενος

2329 3275 2703 3344 ζωοποιῆσαι,
2746 3274 2915 3337 ὅντως
2964 3275 3024 3327 ἐν
3058 3274 3208 3343 νόμῳ
3252 3272 3319 3326 ἂν
3373 3268 3443 3343 ἦν
3501 3273 3532 3340 ἡ
3576 3267 3847 3336 δικαιοσύνη.

2343 3367 2503 3421 Ἀλλὰ
2531 3368 2877 3420 συνέκλεισεν
2900 3368 2932 3435 ἡ
2964 3365 3155 3437 Γραφῇ
3185 3364 3255 3417 τὰ
3283 3364 3466 3417 πάντα
3498 3363 3597 3415 ὑπὸ
3615 3360 3849 3431 ἁμαρτίαν,

2332 3462 2419 3514 ἵνα
2448 3462 2482 3532 ἡ
2506 3458 2807 3528 ἐπαγγελία
2827 3460 2890 3511 ἐκ
2912 3458 3147 3520 πίστεως
3182 3455 3361 3527 Ἰησοῦ
3386 3454 3615 3526 Χριστοῦ
3634 3453 3741 3523 δοθῇ
3770 3455 3852 3513 τοῖς

2331 3553 2695 3607 πιστεύουσιν.
2721 3550 2834 3623 Πρὸ
2856 3550 2949 3603 τοῦ
2974 3550 3031 3603 δὲ
3066 3549 3238 3602 ἐλθεῖν
3267 3550 3370 3620 τὴν
3401 3548 3597 3610 πίστιν,
3621 3547 3713 3600 ὑπὸ
3728 3545 3852 3613 νόμον

2332 3643 2745 3715 ἐφρουρούμεθα
2767 3642 3175 3713 συγκλειόμενοι
3197 3643 3276 3703 είς
3295 3640 3397 3711 τὴν
3423 3639 3702 3711 μέλλουσαν
3718 3637 3853 3687 πίστιν

2332 3734 2783 3805 ἀποκαλυφθῆναι
2813 3736 2893 3797 είς
2922 3736 3089 3805 ἡμᾶς.
3126 3734 3291 3785 Ὥστε
3323 3733 3354 3785 6
3386 3731 3548 3802 νόμος
3572 3725 3855 3795 παιδαγωγὸς

2332 3826 2491 3897 ἡμῶν
2517 3828 2738 3894 γέγονεν
2764 3826 2844 3887 είς
2866 3825 3119 3895 Χριστὸν,
3146 3825 3232 3877 ἵνα
3253 3825 3321 3877 ἐκ
3347 3823 3580 3885 πίστεως
3614 3817 3855 3873 δικαιωθῶ-

2338 3935 2457 3989 μεν.
2501 3917 2791 3988 Ἐλθούσης
2829 3916 2887 3968 δέ
2912 3917 3012 3986 τῆς
3039 3916 3275 3978 πίστεως
3300 3914 3485 3968 οὐκέτι
3512 3913 3611 3966 ὑπὸ
3637 3910 3855 3976 παιδαγω-

2333 4012 2430 4079 γόν
2454 4012 2639 4081 ἐσμεν,
2668 4009 2868 4072 πάντες
2892 4008 3001 4080 γὰρ
3024 4007 3131 4061 υἱοὶ
3151 4006 3286 4059 Θεοῦ
3311 4009 3439 4059 ἐστε
3462 4006 3547 4059 διὰ
3567 4006 3655 4074 τῆς
3674 4003 3875 4059 πίστεως,

2336 4102 2394 4155 ἐν
2436 4100 2658 4173 Χριστῷ
2697 4098 2894 4172 Ἰησοῦ.
2950 4118 2967 4151 ι
3022 4098 3463 4153 Καταλευκαίνει
3496 4097 3551 4151 δὲ
3594 4096 3756 4164 ὥσπερ
3788 4090 3859 4160 τὴν

2336 4193 2684 4262 ἐπαπόρησιν
2701 4187 2757 4244 εὖ
2786 4190 2931 4261 μάλα
2954 4189 3287 4261 προστιθείς,
3319 4209 3337 4239 ι
3368 4189 3539 4241 Τοῦτο
3554 4188 3606 4240 δὲ
3624 4186 3761 4252 λέγω,
3777 4183 3861 4235 6:4-

2337 4285 2511 4356 θήκην
2541 4282 3039 4354 προκεκυρωμένην
3091 4280 3196 4335 ὑπὸ
3238 4280 3333 4334 τοῦ
3364 4280 3524 4346 Θεοῦ,
3559 4280 3586 4331 6
3634 4277 3754 4348 μετὰ
3791 4274 3861 4341 ἔτη

2336 4377 2663 4448 τετρακόσια
2690 4376 2785 4428 καὶ
2817 4374 3112 4444 τριάκοντα
3132 4372 3373 4442 γεγονὼς
3402 4372 3563 4442 νόμος
3583 4371 3673 4423 ούκ
3694 4368 3860 4435 ἀκυροῖ,

2338 4472 2417 4531 εἰς
2444 4469 2505 4522 τὸ
2532 4470 2879 4539 καταργῆσαι
2905 4466 3003 4536 τὴν
3029 4464 3382 4533 ἐπαγγελίαν·
3406 4467 3454 4519 εί
3484 4464 3589 4535 γὰρ
3614 4466 3671 4516 ἐκ
3688 4460 3860 4531 νόμονή

2339 4558 2706 4630 κληρονομία,
2752 4556 2933 4609 οὐκέτι
2961 4556 3019 4621 ἐξ
3059 4555 3413 4624 ἐπαγγελίας.
3461 4555 3549 4626 Τῷ
3580 4554 3632 4608 δὲ
3668 4549 3865 4621 Ἀϐραὰμ

2338 4651 2405 4703 δι’
2450 4649 2782 4717 ἐπαγγελίας
2829 4646 3152 4717 κεχάρισται
3191 4651 3219 4700 6
3266 4648 3419 4710 Θεός.
3476 4666 3495 4700 ι
3552 4641 3865 4700 Κατακλείσας

647 4743 965 4799 missionem
1009 4742 1232 4797 donavit
1281 4743 1426 4797 Deus
1475 4745 1539 4798 ⁸ο.
1601 4763 1617 4795 ι
1662 4744 1799 4799 Cum
1844 4746 2009 4817 igitur
2048 4747 2133 4801 lex
2180 4748 2226 4800 in

2338 4738 2432 4796 οῦν
2485 4742 2633 4812 ἡμᾶς
2671 4743 2750 4803 είς
2799 4738 3072 4811 ἁμαρτίαν
3117 4741 3145 4792 6
3186 4739 3379 4810 νόμος,
3437 4735 3866 4803 πεπαιδαγώγηκεν

645 4844 932 4908 peccatum
967 4851 1067 4889 nos
1095 4834 1472 4898 conclusisset,
1512 4844 1575 4890 ut
1610 4836 1935 4909 pzedagogus
1969 4838 2036 4893 ad
2068 4836 2230 4893 Chri-

648 4940 793 4985 stum
834 4927 1095 4993 adduxit;
1147 4927 1273 4981 ﬁnis
1322 4927 1469 4981 enim
1512 4926 1649 4999 legis
1710 4945 1774 4984 ac
1838 4930 2233 5000 prophetarum

646 5020 919 5076 Christus.
953 5019 1143 5087 Itaque
1184 5018 1233 5072 is
1262 5017 1479 5073 dicebat
1510 5020 1821 5075 Judaeorum
1870 5020 2108 5090 pepulis,
2140 5021 2237 5090 qui

649 5113 754 5167 sibi
788 5128 899 5166 non
925 5111 1314 5167 crediderant:
1354 5130 1373 5162 ι
1410 5111 1465 5166 Si
1494 5111 1793 5167 crederetis
1830 5112 2018 5183 Moysi;
2043 5112 2235 5167 crede-

651 5204 784 5257 retis
817 5204 1005 5273 utique
1041 5212 1097 5258 et
1132 5203 1289 5258 mihi.
1335 5205 1412 5259 De
1441 5221 1527 5259 me
1561 5205 1707 5259 enim
1740 5205 1830 5259 ille
1869 5204 2088 5274 scripsit
2114 5204 2179 5258 “.
2211 5223 2229 5256 ι

652 5295 1023 5351 Justiﬁcamur
1043 5296 1188 5351 enim
1210 5314 1317 5352 non
1334 5313 1403 5351 ex
1424 5295 1858 5367 Operibuslegis,
1886 5297 1983 5351 sed
2009 5295 2115 5350 ﬁde
2138 5311 2234 5366 po-

657 5388 767 5443 tius
809 5387 865 5441 in
906 5386 1184 5443 Christum
1216 5406 1230 5442 :
1284 5407 1302 5439 ι
1347 5389 1672 5459 Quicunque
1698 5388 1846 5443 enim
1876 5404 1945 5443 ex
1973 5388 2235 5459 operibus

656 5482 791 5553 legis
822 5489 971 5546 sunt,
1000 5482 1102 5536 sub
1125 5481 1416 5537 maledicto
1443 5492 1599 5551 sunt;
1635 5482 1901 5552 scriptum
1929 5488 2014 5536 est
2042 5481 2187 5537 enim
2220 5501 2232 5535 :

657 5570 981 5628 Maledictus
1010 5572 1187 5627 omnis
1213 5573 1308 5644 qui
1337 5590 1448 5629 non
1491 5574 1857 5645 permanserit
1899 5573 1956 5628 in
1980 5572 2239 5629 omnibus

2339 4838 2419 4900 είς
2451 4834 2707 4907 Χριστὸν,
2732 4832 2885 4895 τέλος
2913 4832 3021 4905 γὰρ
3056 4832 3220 4903 νόμου
3252 4832 3348 4886 καὶ
3392 4828 3673 4903 προφητῶν
3710 4828 3734 4879 6
3767 4823 3867 4893 Χρι-

2343 4929 2488 4992 στός.
2529 4928 2815 4998 Τοιγάρτοι
2859 4925 2952 4978 καὶ
2992 4924 3230 4992 ἔφασκεν
3252 4923 3607 4994 ἡπειθηκόσιν
3633 4916 3761 4986 αύτῷ
3786 4916 3867 4973 τοῖς

2356 5019 2627 5074 Ἰουδαίων
2659 5019 2825 5083 λαοῖς·
2861 5038 2879 5070 ι
2918 5020 2980 5071 Εἰ
3012 5018 3330 5072 ἐπιστεύετε
3365 5021 3582 5079 Μωσεῖ,
3612 5008 3866 5067 ἐπιστεύετε

2345 5111 2411 5165 ἂν
2450 5111 2591 5181 ἐμοί.
2636 5111 2772 5181 Περὶ
2809 5110 2917 5181 γὰρ
2946 5108 3081 5179 ἐμοῦ
3123 5111 3328 5173 ἐκεῖνος
3361 5108 3586 5179 ἔγραῲεο
3622 5125 3639 5157 ι
3673 5097 3867 5155 Δικαιοὺ-

2349 5202 2489 5273 μεθα
2517 5202 2581 5273 δὴ
2619 5197 2711 5255 οῦν
2739 5202 2838 5255 οὐκ
2872 5202 2930 5266 ἐξ
2970 5200 3144 5272 ἔργων
3173 5202 3366 5272 νόμου,
3410 5201 3585 5253 πίστει
3626 5195 3678 5248 δὲ
3714 5188 3868 5262 μᾶλλον

2344 5297 2409 5366 τῇ
2454 5295 2531 5357 είς
2566 5295 2797 5363 Χριστόν
2821 5310 2834 5326 ο
2889 5312 2907 5345 ι
2936 5295 3093 5347 Ὅσοι
3127 5295 3235 5364 γὰρ
3265 5291 3324 5357 ἐξ
3362 5292 3539 5363 ἔργων
3566 5289 3713 5383 νόμον
3747 5281 3867 5383 είσὶῖν

2345 5386 2446 5439 ὑπὸ
2465 5385 2706 5455 κατάραν
2731 5386 2852 5438 εἰσί.
2872 5385 3185 5458 Γέγραπται
3206 5386 3333 5455 γάρ·
3369 5380 3770 5448 Ἐπικατάρατος
3791 5380 3868 5429 πᾶς

2344 5480 2402 5543 ὃς
2422 5480 2522 5532 οὐκ
2546 5479 2770 5548 ἐμμένει
2801 5479 2935 5531 πᾶσι
2967 5480 3079 5541 τοῖς
3111 5475 3519 5547 γεγραμμένοις
3549 5474 3603 5523 ἐν
3628 5467 3696 5537 τῷ
3722 5459 3869 5535 βιϐλίῳ

2345 5568 2439 5623 τοῦ
2470 5569 2657 5638 νόμου,
2690 5567 2784 5621 τοῦ
2816 5568 3042 5637 ποιῆσαι
3071 5567 3229 5620 αὐτά,
3272 5564 3410 5618 Ἀλλ’
3437 5566 3500 5616 ἐκ
3528 5560 3622 5628 τῆς
3635 5556 3719 5610 τοῦ
3740 5552 3866 5621 νόμην

659 5678 783 5733 quae
809 5663 1010 5734 scripta
1038 5643 1247 5719 suntin
1282 5664 1424 5721 libro
1450 5643 1604 5737 legis,
1637 5674 1698 5721 ut
1731 5664 1894 5721 faciat
1920 5679 2005 5719 ea.
2043 5663 2148 5719 Sed
2173 5680 2226 5717 ei

2349 5662 2592 5733 κατάρας
2627 5660 2914 5730 ἐξεπρίατο
2959 5660 3167 5722 πάντας
3200 5658 3229 5711 ό
3273 5656 3528 5728 Χριστὸς.
3561 5643 3867 5720 γεγενημένος

734 5835 780 5869 ⁸⁷
803 5835 958 5893 Joan.
994 5854 1031 5905 ι,
1188 5839 1252 5871 ⁸⁷⁸
1289 5839 1335 5897 Il
1370 5839 1496 5896 Cor.
1542 5856 1633 5907 xn,
1663 5840 1715 5896 9.
1798 5841 1842 5873 ⁸⁸
1868 5839 2044 5895 Galat.
2082 5855 2159 5906 ιιι,
2196 5839 2226 5893 ι

2358 5837 2402 5870 ⁵⁸
2433 5836 2594 5901 lbid.,
2630 5835 2818 5890 21-26.
2901 5834 2942 5865 ⁶⁰
2973 5832 3135 5897 lbid.,
3173 5832 3254 5896 Π,
3298 5832 3375 5885 18.
3456 5833 3496 5863 δ’
3538 5827 3682 5883 Joan.
3721 5838 3767 5884 ν,
3795 5812 3861 5869 οἶσι
