4046 6504
207 451 287 510 εει

900 429 1576 504 ὒΕξΑΒΟΒΑΤΙΟΝΕ-ῘΝ
1615 428 1884 485 SPIRlTU
1923 426 2013 482 ET
2048 421 2424 481 VERITATE.
2460 419 2592 474 LIB.
2632 418 2697 473 ll.

3313 411 3419 467 Ξεὲ

207 567 324 637 ὑπὲρ
348 560 492 633 ἡμῶν
522 552 751 624 κατάρα.
779 548 1096 619 Γέγραπται
1127 549 1256 619 γὰρ,
1281 547 1361 601 ὅτι
1393 547 1731 617 ὲπικατάρα-

1860 541 2129 596 naledicto
2149 538 2286 609 legis
2320 536 2574 592 Christus
2610 529 2845 587 redemit
2876 545 3089 593 omnes,
3118 526 3294 582 factus
3321 541 3421 596 pro

202 677 279 721 τος
307 656 403 717 πᾶς
424 651 450 704 ὀ
473 646 810 719 κρεμάμενος
839 641 930 695 ἐπὶ
976 638 1155 706 ξύλου,
1191 640 1277 693 ἵνα
1322 642 1401 702 είς
1443 638 1510 692 τὰ
1541 637 1668 705 ἔθνη
1700 638 1734 707 ἡ

203 747 389 815 εὐλογία
410 742 498 797 τοῦ
539 737 786 809 ’Δὸραάμ
814 735 1024 803 γένοιτο
1058 735 1115 786 ἐν
1148 732 1368 805 Χριστῷ
1413 731 1607 803 Ἰησοῦ,
1649 732 1737 783 ἴνα

203 842 284 911 τὴν
322 830 629 901 ἐπαγγελίαν
673 826 769 881 τοῦ
831 823 1142 894 πνεύματος
1186 822 1439 893 λάὀωμεν
1485 820 1575 873 διὰ
1638 821 1736 892 τῆς

203 932 427 988 πίστεως.
465 943 483 975 ι

261 1018 444 1074 ΠΑΛΛ.
491 1010 657 1078 ’Δλλ’,
684 1005 729 1065 ὦ
755 1011 965 1079 γενναῖε
986 1051 1001 1073 ,
1038 1006 1250 1077 βούλει,
1281 1006 1329 1057 εί
1361 1005 1538 1067 δοκεῖ,
1570 1004 1739 1073 ῖωμεν

202 1116 255 1185 δὴ
282 1109 461 1183 μᾶλλον
491 1105 574 1174 ἐφ’
598 1104 784 1175 ἔτερόν
806 1121 859 1155 τι
892 1098 1255 1173 χριστομαθές
1288 1097 1398 1168 (1);
1431 1096 1596 1166 νόμου
1630 1094 1739 1165 γὰρ

204 1204 392 1274 καὶτῆς
421 1198 535 1253 κατ’
566 1196 727 1249 αὐτὸν
758 1194 1071 1265 οἰκονομίας
1105 1190 1321 1260 ἀπόχρη
1350 1187 1531 1242 ταυτί.

261 1378 404 1436 ΚΥΡ.
428 1375 601 1446 Φράζε
633 1374 697 1446 δὴ
715 1371 807 1428 οὖν
835 1375 863 1427 ὃ
890 1391 943 1426 τι
964 1372 1058 1426 καὶ
1086 1368 1234 1441 αύτῷ
1262 1387 1344 1423 σοι
1366 1369 1537 1439 φίλον,
1574 1366 1741 1437 κάμοὶ

200 1473 248 1527 δὲ
272 1471 428 1524 εἰπεῖν
450 1467 509 1521 οὐ
533 1465 643 1519 τῶν
674 1465 979 1535 ἀνεφίκτων
1016 1463 1177 1531 ἄγαν.

259 1659 444 1714 ΠΑΛΛ.
468 1656 578 1709 Καὶ
618 1654 724 1725 μὴν
757 1653 859 1706 ούκ
884 1646 1117 1721 ἀνάντης
1144 1650 1285 1712 λίαν,
1326 1649 1493 1719 ἤγουν
1514 1647 1746 1719 ἀστιϐὴς

200 1756 229 1824 ἠ
258 1751 601 1821 ὲπαπόρησις.
644 1745 826 1816 ’Δλοίη
841 1745 885 1798 δ’
912 1742 999 1807 ἂν,
1029 1739 1204 1813 οἶμαι,
1231 1743 1327 1795 καὶ
1350 1741 1472 1795 λίαν
1504 1741 1746 1812 ἀμογητὶ

197 1846 248 1898 τὸ
266 1840 599 1913 ζητούμενον,
640 1835 877 1905 Χριστοῦ
905 1835 966 1887 τὸ
990 1834 1132 1887 θεῖον
1173 1835 1306 1904 ἡμῖν
1340 1833 1573 1894 ὲνιὲντος
1604 1830 1738 1901 φῶς,

198 1917 426 2005 Ἆρ”οῦν
470 1929 591 1999 ούχὶ
639 1930 761 1992 ταῖς
806 1925 1169 1996 ἀναιμάκτοις
1212 1924 1571 1995 δωροφορίαις
1612 1923 1744 1977 Θεὸν

198 2028 498 2096 τιμήσομεν,
534 2022 586 2074 οἱ
635 2022 733 2088 τὴν
780 2019 839 2071 ὲν
884 2017 1065 2070 πίστει
1114 2016 1397 2070 δικαίωσιν
1444 2014 1746 2086 παραδεδε-

198 2119 385 2188 γμένοι,
414 2116 504 2169 καὶ
541 2113 645 2185 τὴν
674 2113 734 2166 ὲν
781 2110 959 2174 σκιαῖς
1000 2109 1096 2164 καὶ
1130 2107 1323 2172 τύποις
1368 2106 1624 2178 λατρείαν
1658 2105 1747 2172 ἐξ·

197 2209 317 2266 ωθού
324 2226 464 2281 μενοι
482 2223 496 2273 ;

1776 1892 1817 1947 Β

253 2396 405 2451 ΚΥΡ.
432 2387 505 2448 Εὖ
532 2392 740 2461 λέγεις.
782 2390 1097 2462 Γέγραπται
1125 2387 1234 2459 γὰρ
1279 2387 1381 2452 ὅτι,
1418 2405 1437 2438 ι
1472 2386 1620 2458 Τίμα
1656 2386 1751 2440 τὸν

197 2486 374 2559 Κύριον
392 2484 497 2539 ἀπὸ
520 2483 635 2537 σῶν
675 2482 897 2536 δικαίων
941 2480 1149 2541 πόνων,
1178 2480 1272 2532 καὶ
1310 2479 1561 2548 ἀπάρχου
1602 2479 1750 2550 αὐτῷ

199 2577 291 2632 ἀπὸ
330 2578 430 2631 σῶν
468 2575 704 2648 καρπῶν
753 2571 1119 2643 δικαιοσύνης·
1157 2590 1176 2624 ι
1236 2589 1254 2622 ι
1307 2571 1586 2633 τοιαύταις
1634 2571 1745 2639 γὰρ

198 2664 383 2730 θυσίαις
412 2666 791 2737 εὐαρεστεῖται
825 2664 852 2716 ὁ
882 2662 1048 2727 Θεὸς,
1084 2679 1103 2712 ι
1144 2658 1287 2714 κατά
1306 2660 1405 2722 τὰς
1433 2658 1540 2713 τῶν
1582 2659 1752 2727 ἁγίων

198 2759 376 2829 φωνάς.

256 2851 697 2904 ΠΑΛΛ.Είκαῖον
740 2841 832 2901 οῦν
875 2845 982 2917 ἄρα
1014 2845 1075 2897 τὸ
1116 2843 1434 2912 ἐπείγεσθαι
1473 2843 1752 2913 βουθυτεῖν

197 2941 275 2995 καὶ
303 2942 365 2996 τὰ
388 2942 473 2995 διὰ
492 2942 594 3011 τῆς
628 2940 859 3011 ἀρχαίας
884 2940 1016 3008 ἡμῖν
1038 2938 1259 3007 ἐντολῆς
1291 2937 1753 3006 είσκεκομισμένα

200 3033 431 3104 πληροῦν.
467 3032 858 3105 Μηλοσφαγίαι
898 3048 958 3083 τε
1002 3030 1111 3101 γάρ
1156 3031 1250 3081 καὶ
1296 3029 1621 3091 λιϐανωτοὶ,
1654 3030 1751 3082 λά-

196 3125 320 3191 γανά
352 3142 410 3178 τε
454 3126 594 3196 πρὸς
639 3125 884 3188 τούτοις,
916 3122 1011 3174 καὶ
1059 3121 1337 3191 σεμίδαλις
1387 3121 1750 3184 ὲλαιόδευτος,

1840 634 2003 688 nobis
2038 630 2426 694 maledictum;
2464 627 2593 696 quia
2625 624 2891 693 scriptum
2931 629 3016 676 est
3055 639 3067 674 :
3101 619 3423 675 Maledictus

1840 724 2020 779 omnis
2059 722 2153 792 qui
2180 721 2385 791 pendet
2427 719 2485 772 in
2514 718 2684 787 ligno,
2715 723 2775 769 ut
2812 715 2867 768 in
2910 714 3165 784 gentibus
3193 711 3422 766 benedi-

1840 816 1951 870 ctio
1975 814 2209 869 Abraha:
2230 812 2386 866 ﬁeret
2400 811 2457 864 in
2476 808 2697 864 Christo
2717 806 2867 871 Jesu;
2891 814 2953 859 ut
2972 804 3423 875 pollicitationem

1841 907 2068 977 spiritus
2094 902 2429 973 accipiamus
2464 916 2563 970 per
2597 900 2759 953 iidem
2791 898 2857 951 ⁶¹.

1913 996 2112 1052 PALL.
2165 995 2272 1050 Sed
2321 994 2388 1049 de
2444 993 2531 1047 his
2580 991 2803 1061 quidem
2845 990 3131 1053 hactenus,
3178 986 3422 1058 Cyrille:

1842 1097 2186 1144 transeamus
2237 1089 2376 1159 jam,
2426 1084 2472 1139 si
2510 1084 2710 1153 placet,
2743 1081 2810 1136 ad
2860 1081 3096 1151 aliquam
3144 1080 3328 1150 potius
3358 1077 3427 1132 de

1842 1182 2065 1238 Christo
2094 1179 2525 1251 disputationem
2560 1194 2574 1229 :
2606 1175 2675 1231 de
2712 1175 2831 1246 lege
2868 1175 3016 1228 enim
3046 1175 3272 1245 ejusque
3311 1170 3427 1227 dis-

1842 1274 2165 1345 pensatione
2195 1271 2347 1326 satis.

1917 1388 2076 1443 CYR.
2122 1387 2394 1456 Eloquere
2445 1384 2613 1455 igitur
2658 1380 2928 1453 quidquid
2978 1379 3078 1433 tibi
3125 1378 3429 1433 collibitum

1844 1478 2039 1542 fuerit,
2070 1477 2201 1532 dum
2248 1486 2431 1532 tamen
2476 1475 2611 1530 illud
2655 1490 2767 1530 non
2804 1470 3039 1528 nimium
3078 1471 3283 1542 ingenii
3322 1471 3430 1525 mei

1846 1580 2067 1641 captum
2097 1571 2345 1625 excedat.

1919 1660 2119 1715 PALL.
2148 1659 2316 1730 Atqui
2348 1676 2458 1713 non
2490 1658 2786 1713 admodum
2823 1655 2992 1710 ardua
3026 1654 3297 1709 dubitatio
3325 1661 3430 1716 est,

1848 1762 1944 1808 aut
1964 1751 2235 1822 ejusmodi
2267 1759 2327 1805 ut
2349 1751 2417 1805 ad
2441 1767 2562 1805 eam
2592 1749 2908 1805 solvendam
2939 1747 3079 1801 adiri
3102 1746 3251 1800 nullo
3272 1745 3434 1799 modo

1848 1844 2055 1913 possit;
2090 1850 2255 1912 atque
2296 1841 2432 1895 adeo
2473 1840 2760 1904 facillime,
2796 1838 2944 1908 quod
2985 1852 3201 1906 quaero,
3235 1834 3432 1904 depre-

1848 1933 2013 1987 hendi
2036 1939 2236 2001 potest,
2262 1931 2482 1986 Christo
2508 1932 2748 1985 divinam
2780 1928 2927 1983 illam
2948 1928 3107 1982 nobis
3134 1927 3310 1980 lucem
3330 1926 3434 1978 im-

1847 2022 2120 2077 mittente.
2166 2021 2427 2089 Nunquid
2472 2021 2658 2090 igitur,
2706 2019 2800 2088 qui
2843 2017 2947 2072 (ide
2986 2015 3435 2088 justificationem

1847 2113 2181 2182 accepimus,
2206 2120 2261 2165 et
2291 2112 2444 2165 illum
2475 2111 2571 2165 Dei
2603 2110 2657 2164 in
2684 2109 2896 2163 umbris
2924 2125 2989 2162 ac
3013 2108 3199 2178 ﬁguris
3226 2107 3435 2161 cultum

1848 2204 2173 2274 abjeeimus,
2201 2219 2311 2257 non
2336 2202 2643 2257 incruentis
2668 2199 3040 2255 oblationibus
3055 2200 3227 2253 Deum
3254 2199 3436 2252 colere

1849 2296 2152 2351 debemus?

1918 2410 2075 2465 CYR.
2110 2413 2278 2466 Recte
2316 2412 2476 2466 dicis.
2514 2411 2790 2481 Scriptum
2819 2419 2905 2464 est
2936 2408 3123 2463 enim:
3159 2426 3179 2459 ι
3217 2407 3436 2460 Honora

1849 2501 2021 2555 Deum
2050 2503 2117 2557 de
2146 2503 2254 2557 tuis
2275 2503 2440 2573 justis
2469 2501 2781 2567 laboribus;
2805 2509 2862 2555 et
2890 2498 3166 2570 primitias
3197 2496 3275 2550 illi
3303 2496 3439 2552 affer

1851 2594 1917 2648 de
1952 2596 2059 2649 tuis
2100 2595 2375 2649 fructibus
2410 2594 2637 2665 iustitia:
2664 2594 2739 2659 ⁶³;
2798 2613 2816 2644 ι
2862 2612 2881 2643 ‹
2919 2592 3123 2645 talibus
3148 2589 3297 2643 enim
3334 2588 3438 2642 ho-

1852 2685 1972 2739 stiis
2017 2694 2365 2754 promeretur
2409 2686 2555 2739 Deus
2601 2685 2665 2749 “,
2716 2704 2735 2736 ι
2776 2685 2932 2755 juxta
2980 2690 3293 2739 sanctorum
3336 2677 3439 2732 ho-

1852 2777 2062 2830 minum
2097 2793 2281 2832 voces.

1922 2866 2118 2920 PALL.
2151 2866 2293 2935 Ergo
2327 2865 2555 2919 stultum
2589 2873 2672 2918 est
2712 2879 2907 2919 vacare
2939 2860 3442 2917 bobus'immolan-

1854 2955 1967 3019 dis,
2003 2965 2060 3010 et
2118 2973 2238 3025 qua:
2279 2956 2454 3009 veteri
2496 2955 2755 3009 mandato
2798 2962 2928 3008 sunt
2966 2954 3129 3007 nobis
3165 2952 3440 3021 injuncta,

1855 3048 2149 3117 complere.
2187 3046 2382 3101 Ovium
2422 3063 2657 3115 namque
2692 3046 2929 3099 victima:
2958 3053 3015 3099 et
3037 3044 3219 3107 thura,
3251 3042 3443 3112 lagana

1856 3154 2094 3208 quoque,
2116 3154 2179 3193 ac
2199 3139 2374 3191 simila
2400 3138 2521 3191 oleo
2544 3137 2785 3207 perfusa,
2813 3145 3057 3190 turtures
3086 3135 3250 3189 etiam
3279 3142 3443 3201 atque

197 3221 424 3290 τρυγόνες
443 3237 501 3274 τε
531 3222 631 3275 καὶ
661 3224 1007 3290 περιστεραὶ,
1040 3218 1110 3271 τὰ
1151 3220 1272 3270 κατ’
1300 3219 1474 3269 ἐκεῖνο
1502 3216 1596 3268 τοῦ
1631 3234 1749 3269 και-

1860 3230 2140 3293 columbae,
2170 3245 2268 3299 pro
2308 3230 2570 3299 temporis
2597 3228 2745 3282 illius
2776 3227 3112 3290 conditione,
3138 3227 3309 3279 Deum
3350 3224 3443 3279 ad~

201 3308 419 3377 ροῦ,τῶν
451 3306 904 3378 προσκυνούντων
923 3306 1272 3375 ἀναθήματα,
1304 3305 1464 3357 Ἀλλά
1500 3322 1589 3375 μοι
1619 3306 1756 3377 φρά-

200 3415 279 3453 σον
309 3398 416 3452 ἀνθ’
446 3400 569 3452 ὅτου
608 3398 684 3469 μὴ
713 3401 771 3451 ὲν
800 3399 996 3469 ἀρχαῖς
1030 3398 1365 3464 ἀπόπεμπτα
1402 3396 1498 3465 μὲν
1525 3397 1757 3448 ἐποιεῖτο

198 3491 350 3553 ταυτὶ,
374 3491 439 3543 τὰ
471 3490 528 3542 δὲ
570 3484 657 3553 οἷς
698 3490 957 3559 ὲφήδεται
997 3489 1115 3542 νυνὶ
1165 3486 1509 3556 θεσμοθετῶν
1560 3488 1755 3557 ὁρᾶται

198 3581 331 3647 Θεὸς,
363 3584 456 3637 καὶ
483 3584 615 3646 τοὺς
659 3581 852 3644 θυσίας
882 3582 1014 3651 ἡμῖν
1050 3582 1151 3650 τῆς
1184 3578 1561 3648 πνευματικῆς
1592 3579 1758 3631 ἐκκα-

199 3672 367 3727 λύπτει
389 3675 650 3744 τρόπους.

260 3766 404 3821 ΚΥΡ.
436 3760 565 3837 Ἆρ’
597 3759 693 3818 οὖν
726 3764 848 3828 οῐει,
884 3761 977 3815 καὶ
1021 3762 1188 3831 φάναι
1216 3759 1449 3830 τολμᾷς,
1477 3757 1760 3829 βεϐουλεῦ-

202 3860 305 3911 σθαι
331 3858 423 3928 μὲν
446 3858 547 3911 οὐκ
574 3855 755 3926 ὀρθῶς
784 3858 843 3910 ὲν
869 3856 1061 3925 ἀρχαῖς
1090 3855 1151 3907 τὸ
1175 3853 1334 3916 θεῖον,
1362 3852 1760 3923 ἁφημαρτηκὸς

200 3950 249 4003 δὲ
269 3949 443 4023 ὥσπερ
463 3950 564 4004 τοῦ
594 3948 817 4011 τελείως
852 3948 1079 4015 ἀγαθοῦ,
1098 3946 1159 3998 τὸ
1191 3945 1373 4016 μεῖζον
1398 3946 1579 4015 εὑρεῖν
1611 3945 1760 3997 δεδυ-

156 4060 163 4071 ·
202 4041 369 4110 νῆσθαι
421 4044 611 4113 μόλιςς
665 4042 699 4112 ἢ
731 4040 864 4109 γοῦν
905 4039 1120 4092 ἑλέσθαι
1169 4038 1266 4108 μὲν
1312 4038 1432 4090 τότε
1462 4037 1531 4090 τὰ
1574 4038 1649 4100 ὡς
1702 4037 1760 4088 ὲν

202 4136 382 4199 σκιαῖς,
409 4136 483 4196 ὡς
511 4131 757 4204 διαρκῶς
784 4131 976 4201 ἔχοντα
1003 4129 1063 4182 τὸ
1093 4128 1281 4182 δοκοῦν
1310 4127 1479 4197 αύτῷ,
1515 4127 1763 4197 φιλόκαι-

201 4238 278 4275 νον
315 4222 367 4277 δέ
403 4242 453 4277 τι
486 4224 612 4277 καθ’
659 4224 811 4293 ἡμᾶς
840 4222 1131 4291 ὑπομεῖναι
1176 4219 1382 4285 πάθος,
1427 4219 1634 4290 ἑτέροις
1674 4218 1763 4271 νέ-

98 4322 100 4329 ’
205 4330 350 4382 μοντα
374 4316 473 4386 τὴν
512 4313 721 4387 ῥοπὴν,
755 4314 847 4368 καὶ
886 4312 1141 4384 λατρείαν
1180 4313 1314 4383 ἡμῖν
1355 4310 1454 4381 τὴν
1487 4311 1549 4363 ού
1591 4310 1760 4364 πάλαι

201 4404 580 4477 διεγνωσμένην
612 4402 1115 4474 κεκαινουργηκότα
1136 4418 1151 4466 ;

1858 3322 2132 3375 orantium
2155 3321 2459 3375 oblationes
2487 3320 2661 3374 fuere.
2696 3319 2801 3375 Sed
2830 3319 2966 3372 mihi
2995 3334 3236 3389 exponas
3280 3317 3445 3371 velim

1856 3428 1963 3481 qua
1998 3412 2064 3466 de
2092 3426 2254 3465 causa
2287 3425 2393 3463 non
2423 3411 2539 3465 hac
2565 3426 2595 3464 a
2619 3409 2893 3480 principio
2921 3410 3068 3463 Deus
3100 3407 3447 3476 improbave-

1857 3500 1953 3565 rit;
1990 3516 2082 3555 eas
2120 3515 2271 3563 vero,
2320 3500 2522 3568 quibus
2552 3499 2771 3569 gaudet,
2811 3498 3137 3561 oblationes,
3169 3511 3317 3550 nunc
3348 3495 3447 3549 de-

1858 3607 2007 3645 mum
2035 3591 2363 3645 sanciendas
2385 3591 2627 3653 duxerit,
2652 3592 2965 3661 quibusque
2988 3589 3166 3643 modis
3191 3588 3450 3659 spiritua-

1857 3683 1937 3736 les
1967 3682 2159 3736 hostia:
2189 3681 2480 3735 offerenda:
2516 3681 2647 3744 sint,
2685 3682 2984 3751 aperuerit.

1925 3774 2082 3829 CYR.
2109 3772 2251 3838 Quid
2278 3780 2335 3826 tu
2362 3773 2528 3843 igitur
2559 3789 2773 3836 censes,
2809 3772 2916 3843 56
2938 3787 3002 3826 ac
3032 3771 3216 3825 dicere
3254 3767 3445 3831 audes,

1859 3866 2030 3919 Deum
2060 3865 2283 3934 quidem
2314 3865 2494 3934 ipsum
2525 3881 2556 3917 a
2589 3864 2864 3933 principio
2896 3879 3006 3917 non
3046 3871 3195 3917 recte
3226 3859 3449 3915 consul—

1863 3966 2025 4019 tasse,
2052 3956 2147 4010 sed
2183 3964 2391 4024 postea,
2424 3971 2546 4010 cum
2578 3971 2636 4010 se
2672 3955 2740 4008 ab
2771 3971 2836 4008 eo
2865 3955 3011 4023 quod
3058 3953 3326 4022 optimum
3358 3965 3447 4005 es-

1860 4054 1944 4101 set
1992 4046 2276 4101 aberrasse
2328 4049 2591 4112 sentiret,
2634 4047 2854 4102 tandem
2897 4047 3046 4117 quod
3089 4045 3288 4100 melius
3331 4051 3451 4098 erat

1861 4138 2110 4193 invenire
2144 4140 2423 4209 potuisse?
2449 4139 2531 4193 An
2567 4147 2677 4192 tum
2720 4140 2941 4209 quidem
2976 4148 3123 4194 certe
3154 4138 3303 4193 cultu
3353 4137 3449 4206 qui

1862 4226 1918 4280 in
1946 4228 2158 4281 umbris
2190 4238 2328 4293 erat,
2353 4244 2478 4283 eum
2506 4238 2825 4283 contentum
2850 4230 3018 4284 fuisse
3042 4237 3220 4299 putas,
3250 4227 3449 4282 deinde

1863 4316 2103 4373 humano
2123 4336 2274 4375 more
2299 4337 2438 4375 vana
2463 4321 2697 4390 quadam
2726 4320 3026 4390 cupiditate
3053 4329 3294 4390 captum,
3313 4318 3448 4372 illud

1862 4408 2093 4462 alterum
2128 4410 2390 4464 efferendi
2418 4427 2589 4481 genus
2625 4412 2906 4481 probasse,
2939 4412 3256 4480 cultumque
3289 4410 3451 4465 nobis

1862 4515 2064 4554 novum
2100 4509 2263 4569 atque
2293 4503 2527 4557 antehac
2557 4503 2891 4573 incognitum
2932 4502 3274 4557 instituisse?

267 4576 468 4631 IIAAA.
520 4577 597 4632 Οὐ
636 4576 735 4647 μὲν
773 4570 888 4630 οὖν.
942 4575 1120 4648 Λῆρος
1169 4576 1309 4647 γὰρ,
1361 4569 1545 4646 οἶμαι,
1580 4578 1756 4632 ταυτί.

1934 4590 2130 4645 PALL.
2154 4591 2375 4646 Minime
2398 4609 2561 4647 vero:
2592 4569 2717 4648 nam
2741 4593 2793 4647 id
2810 4593 3031 4663 quidem
3050 4593 3355 4647 fabulosum
3385 4609 3450 4649 ac

204 4663 308 4717 Οὐδ*
332 4664 393 4719 ἂν
417 4666 716 4737 οίησαίμην
740 4668 822 4719 ὅτι
849 4665 909 4718 τὸ
938 4667 1280 4736 ἀφαμαρτεῖν
1315 4663 1572 4718 δύνασθαι
1616 4666 1758 4718 κατά

201 4765 246 4802 τι
273 4752 392 4820 γοῦν
429 4756 566 4818 ὅλως
599 4755 788 4808 ἕποιτο
820 4755 984 4825 αὐτῷ.
1021 4754 1265 4824 Μάθοιμι
1298 4754 1341 4807 δ’
1369 4754 1434 4807 ἂν
1459 4754 1533 4818 ὡς
1565 4756 1759 4825 ἥδιστά

204 4856 256 4907 γε
280 4844 331 4896 τί
366 4846 426 4898 τὸ
461 4846 761 4900 ἀναπεῖθον
808 4845 1183 4918 θεσμοθετεῖν,
1222 4849 1332 4909 τοῖς
1365 4847 1459 4898 ἐπὶ
1491 4848 1591 4917 τῆς
1619 4847 1756 4917 γῆς,

203 4935 367 4991 ἐκεῖνα
398 4940 498 5011 μὲν
527 4940 673 5005 τότε,
706 4939 824 4993 νυνὶ
846 4938 903 4992 δὲ
928 4939 1105 4993 ταυτί.

264 5114 416 5171 ΚΥΡ.
448 5117 669 5172 Ἀνόπιν
689 5118 876 5188 ὥσπερ
908 5117 1042 5171 ἱέναι
1069 5117 1232 5170 πάλιν
1252 5117 1279 5169 ὁ
1308 5116 1398 5181 σὸς
1417 5118 1562 5187 ἡμᾶς
1594 5119 1764 5185 ἀναγ-

203 5205 341 5271 κάζει
376 5209 557 5278 λόγος.
593 5211 665 5263 Ἦ
707 5213 808 5263 οὐκ
846 5208 983 5280 ἔφην
1024 5211 1105 5263 ὅτι
1136 5210 1483 5278 παιδαγωγὸς
1522 5205 1588 5281 ἧν
1620 5212 1647 5263 ὁ
1677 5211 1765 5263 νό-

206 5313 312 5365 μος,
342 5301 485 5354 τοῦτ’
532 5302 682 5366 ἔστι,
726 5303 835 5355 τῶν
867 5303 945 5356 ἔτι
985 5302 1195 5373 νηπίων
1233 5305 1261 5355 ὁ
1305 5303 1629 5373 παιδευτής;
1675 5305 1766 5357 καὶ

202 5391 301 5451 τοῖς
320 5390 467 5445 οὔπω
497 5395 742 5447 συνιέναι
771 5394 1090 5464 δυναμένοις
1118 5394 1170 5447 τί
1199 5394 1258 5447 τὸ
1286 5395 1501 5464 ἀληθῶς
1531 5397 1762 5465 ἀγαθόν;

203 5477 287 5529 καὶ
314 5484 459 5535 ποῖον
493 5481 561 5535 ἂν
600 5483 684 5555 εἴη
715 5483 775 5535 τὸ
805 5482 1015 5554 θέλημα
1044 5483 1137 5536 τοῦ
1167 5484 1326 5547 Θεοῦ,
1352 5485 1414 5538 τὸ
1443 5484 1646 5539 τέλειον
1672 5489 1765 5540 καί¹

204 5569 515 5640 εὐάρεστον,
569 5574 636 5627 δι’
685 5575 1008 5648 αἰνίγματος
1065 5576 1380 5649 ὑποδηλῶν;
1432 5579 1527 5632 καὶ
1577 5579 1653 5643 ὼς
1708 5582 1767 5634 ὲν

1866 4680 2157 4735 ridiculum
2177 4691 2331 4751 puto,
2346 4698 2526 4753 neque
2546 4701 2785 4754 unquam
2807 4685 3231 4739 existimaverim
3255 4684 3450 4739 cadere

1866 4771 1972 4825 hoc
2006 4772 2059 4826 in
2094 4773 2287 4838 Deum,
2323 4782 2383 4828 ut
2404 4776 2489 4828 vel
2516 4777 2741 4831 minima
2772 4777 2995 4847 quidem
3024 4778 3081 4831 in
3108 4795 3164 4833 re
3194 4779 3449 4833 aberrare

1867 4864 2056 4933 possit.
2087 4865 2235 4921 Aveo
2261 4874 2445 4922 tamen
2480 4868 2670 4923 audire
2711 4886 2817 4939 qua
2861 4885 2919 4923 re
2960 4880 3261 4938 permotus,
3290 4870 3450 4925 nobis

1868 4953 1962 5023 qui
1994 4954 2049 5007 in
2077 4955 2240 5009 terris
2268 4971 2572 5023 versamur,
2607 4965 2723 5011 tum
2752 4958 2973 5028 quidem
3003 4958 3111 5022 illa,
3142 4972 3289 5011 nunc
3316 4973 3448 5013 vero

1870 5043 1985 5098 haec
2018 5044 2123 5098 alia
2159 5047 2420 5101 sanxerit.

1938 5135 2094 5190 CYR.
2132 5137 2344 5193 Rursus
2371 5154 2437 5193 ea
2478 5155 2599 5210 quae
2641 5138 2893 5208 superius
2931 5137 3075 5191 dicta
3121 5145 3249 5191 sunt
3287 5152 3448 5207 repe-

1866 5233 1982 5282 tere
2018 5236 2110 5284 tua
2137 5230 2281 5300 cogit
2302 5232 2498 5285 oratio.
2530 5232 2720 5286 Nonne
2746 5230 2857 5285 dixi
2887 5230 3234 5301 paedagogum
3259 5247 3450 5300 quem-

1868 5317 1994 5371 dam
2022 5318 2190 5375 fuisse
2222 5322 2418 5392 legem,
2448 5322 2501 5375 id
2546 5330 2648 5385 est,
2681 5321 2997 5391 magistrum
3022 5337 3213 5375 eorum
3242 5322 3332 5392 qui
3365 5322 3450 5376 in-

1859 5407 2038 5465 fantes
2068 5411 2250 5468 adhuc
2279 5424 2484 5477 essent,
2514 5422 2570 5467 et
2595 5413 2689 5483 qui
2714 5413 2957 5467 nondum
2990 5414 3293 5485 intelligere
3323 5429 3446 5484 pes-

1862 5508 2004 5565 sent,
2046 5501 2113 5557 iis
2150 5503 2281 5572 quid
2310 5520 2436 5558 vere
2478 5503 2685 5557 bonum
2718 5503 2807 5568 sit,
2848 5520 2970 5574 quae
2997 5504 3163 5559 etiam
3195 5505 3449 5560 voluntas

1864 5588 1961 5646 Dei
2000 5594 2323 5669 perfecta‘et
2350 5594 2716 5666 beneplaeens
2760 5611 2856 5667 per
2893 5596 3125 5668 aenigma
3153 5596 3449 5653 subesten-

264 5705 307 5738 "
328 5706 505 5764 Galat.
531 5726 612 5777 ιιι,
642 5712 826 5768 10-14.
905 5715 949 5746 ⁸³
974 5716 1132 5769 Prov.
1166 5733 1243 5784 ιιι,
1271 5716 1323 5771 9.
1403 5716 1447 5749 (⁵³
1472 5717 1641 5774 Hebr.
1670 5735 1783 5776 xm.
1811 5721 1897 5780 16.

269 5822 341 5897 (1)
367 5826 496 5902 Leg.
536 5832 937 5905 χρηστομαθές.
974 5833 1126 5891 Enn.
