4046 6514
636 388 745 446 ἥδ

1644 385 1699 441 S.
1748 385 2026 441 CYRILLI
2065 389 2544 447 ALEXANDRINI
2583 390 2902 447 ARClllEP.
3779 406 3861 466 zu

637 500 809 565 disse,
828 516 893 556 ac
910 498 1084 555 veluti
1104 496 1423 553 rudioribus
1443 496 1624 551 adhuc
1648 496 1840 567 ﬁguris
1860 499 2226 569 signincasse?

2332 503 2563 571 παχέσιν
2603 502 2683 556 ἔτι
2714 504 3141 573 κατασημαίνων
3173 504 3401 570 τύποιςς
3438 507 3553 579 enm
3579 508 3699 581 γὰρ,
3734 516 3860 590 εἴσῃ,

639 592 950 663 Intelligere
974 592 1145 652 enim,
1166 604 1344 658 neque
1370 588 1423 641 id
1452 604 1648 658 magno
1674 590 1894 659 negotio
1916 600 2091 660 potes,
2112 592 2226 661 spi-

641 684 858 739 ritualis
880 683 1062 738 cultus
1084 680 1351 734 rationem
1381 678 1547 733 fuisse
1571 679 1793 748 quidem
1817 696 2035 750 semper
2061 682 2226 737 etiam

639 775 767 830 inde
811 774 879 829 ab
930 772 1087 827 initio
1131 771 1243 825 Deo
1294 770 1695 839 gratissimam;
1754 772 1998 825 nondum
2046 781 2227 827 tamen

637 865 905 935 ejusmodi
951 873 1009 918 ut
1036 863 1101 916 ad
1131 878 1252 917 eam
1281 870 1573 932 penetrare
1601 871 1763 932 atque
1790 866 2100 935 pertingere
2127 866 2225 920 Ju-

637 955 875 1011 daaorum
904 953 1072 1008 animi
1101 963 1342 1022 possent.
1377 954 1563 1024 Itaque
1600 954 1786 1008 verbis
1828 955 1895 1008 ad
1939 956 2225 1010 infantiam

635 1047 796 1117 aptis,
836 1046 1181 1116 simplicique
1208 1046 1499 1117 disciplina
1544 1054 1707 1116 atque
1735 1046 2065 1102 educatione
2104 1064 2223 1103 mo-

634 1140 819 1194 derata
858 1155 995 1209 opus
1028 1138 1150 1203 fuit,
1181 1154 1302 1208 qua:
1343 1137 1478 1192 nihil
1514 1138 1768 1202 arduum,
1802 1138 1940 1193 nihil
1969 1155 2224 1209 asperum

633 1232 883 1287 haberet.
938 1232 1075 1287 Nam
1117 1240 1173 1287 et
1206 1240 1365 1285 antea
1413 1230 1653 1285 instituit
1700 1231 1924 1301 quidem
1975 1233 2120 1287 Deus
2159 1250 2224 1289 ea

634 1342 756 1397 qua:
810 1326 866 1379 in
915 1324 1103 1396 figuris
1143 1323 1501 1394 gerebantur;
1546 1323 1985 1392 praemonstravit
2043 1332 2221 1380 tamen

632 1431 698 1471 ea
750 1415 971 1470 tandem
1033 1422 1265 1469 ventura
1309 1421 1472 1482 atque
1526 1412 1778 1467 adfutura
1823 1429 1925 1467 suo
1976 1422 2223 1484 tempore

634 1526 757 1579 qua:
776 1509 843 1563 ad
867 1524 1060 1563 verum
1082 1507 1179 1560 Dei
1206 1505 1413 1559 cultum
1439 1505 1797 1574 pertinerent.
1820 1506 2013 1577 Itaque
2038 1522 2222 1561 acces-

634 1615 756 1653 sum
784 1599 959 1662 illum,
988 1613 1099 1668 quo
1124 1612 1222 1667 per
1245 1596 1547 1650 hostiarum
1576 1612 1828 1651 cruorem
1858 1598 1925 1652 ad
1952 1615 2076 1653 eum
2110 1600 2226 1654 adi-

632 1688 815 1752 batur,
848 1688 1049 1757 abjecit
1094 1702 1157 1740 ac
1199 1686 1421 1757 repulit,
1451 1701 1548 1755 per
1576 1685 1742 1740 Amos
1778 1688 2103 1757 prophetam
2137 1689 2221 1743 di-

634 1796 766 1835 cens
800 1799 812 1832 :
846 1800 864 1831 ι
899 1779 1023 1844 Odi,
1062 1779 1237 1849 repuli
1268 1778 1594 1833 festivitates
1626 1786 1856 1843 vestras,
1890 1796 1992 1834 nec
2021 1780 2220 1835 odora-

633 1873 736 1927 bor
765 1873 819 1926 in
853 1871 1216 1927 conventibus
1242 1872 1441 1925 vestris
1470 1890 1481 1923 :
1514 1886 1639 1924 nam
1675 1872 1719 1925 si
1751 1872 2061 1927 obtuleritis
2089 1873 2221 1927 mihi

633 1962 952 2017 holocausta
990 1968 1046 2015 et
1076 1961 1284 2015 hostias
1316 1969 1525 2015 vestras
1545 2003 1559 2027 ,
1596 1977 1705 2015 non
1737 1962 2016 2031 aspiciam.
2058 1964 2226 2018 Aufer

632 2071 663 2109 a
692 2070 777 2107 me
811 2069 1007 2108 sonum
1031 2052 1337 2107 carminum
1364 2062 1607 2118 tuorum,
1661 2060 1718 2108 et
1744 2070 2074 2124 organorum
2102 2064 2226 2110 tuo-

633 2161 757 2199 rum
802 2145 1071 2214 psalmum
1118 2160 1228 2198 non
1271 2144 1565 2198 exaudiam
1615 2145 1680 2199 ⁸⁸.
1738 2165 1756 2197 ›
1799 2147 2019 2201 lnduxit
2061 2150 2226 2203 etiam

632 2255 731 2309 per
759 2239 1041 2298 Michmam
1089 2252 1382 2307 personam
1428 2236 1553 2301 viri,
1602 2254 1837 2307 quanam
1875 2240 2086 2293 ratione
2125 2240 2225 2293 bo-

631 2347 765 2385 num
800 2329 1016 2384 efﬁcere
1066 2328 1260 2398 possit,
1301 2327 1448 2398 quod
1489 2344 1885 2400 usquequaque
1937 2332 2097 2402 culpa
2129 2348 2226 2387 va-

632 2432 740 2485 cet,
783 2422 1099 2492 perdiscere
1141 2421 1415 2490 cupientis
1454 2439 1466 2474 :
1506 2440 1525 2472 ι
1573 2422 1632 2475 In
1671 2438 1782 2491 quo
1820 2422 2226 2495 apprehendam

633 2513 952 2573 Dominum,
1000 2513 1296 2581 suscipiam
1331 2513 1503 2567 Deum
1535 2528 1720 2567 meum
1762 2514 2130 2568 altissimum?
2170 2514 2227 2569 Si

636 2604 1047 2675 apprehendam
1072 2620 1198 2657 eum
1228 2605 1283 2658 in
1309 2604 1672 2668 holocaustis,
1703 2605 1759 2658 in
1786 2605 1974 2659 vitulis
2002 2606 2229 2661 annicu-

631 2695 737 2751 lis?
767 2696 825 2751 Si
849 2696 1158 2765 placabitur
1187 2695 1452 2749 Dominus
1482 2696 1539 2749 in
1569 2696 1812 2749 millibus
1844 2696 2100 2761 arietum,
2133 2706 2229 2751 aut

633 2788 693 2844 in
737 2788 932 2843 decem
967 2788 1215 2842 millibus
1242 2787 1524 2842 hircorum
1568 2788 1889 2857 pinguium?
1921 2788 1977 2843 Si
2024 2789 2228 2843 dedero

632 2880 997 2951 primogenita
1040 2896 1182 2943 mea,
1217 2879 1455 2934 fructum
1484 2880 1691 2934 ventris
1718 2880 1848 2945 mei,
1878 2896 1979 2950 pro
2003 2888 2227 2950 peccato

632 2972 829 3027 anima:
855 2988 990 3027 mete
1020 2972 1099 3025 “?
1121 2992 1139 3023 ι
1159 2972 1367 3027 Deinde
1386 2971 1492 3042 57
1510 2973 1773 3027 continuo
1803 2973 2084 3044 subjungit
2101 2991 2111 3025 :
2128 2992 2144 3023 ι
2170 2972 2226 3027 Si

631 3064 1017 3118 annuntiatum
1039 3073 1123 3118 est
1152 3063 1273 3128 tibi,
1298 3064 1498 3133 inquit,
1524 3064 1708 3127 homo,
1738 3064 1870 3135 quid
1898 3064 1970 3118 sit
1996 3064 2222 3129 bonum,

2337 593 2432 646 καὶ
2462 594 2522 646 οὐ
2552 593 2647 646 σὺν
2677 593 2861 664 ἱδρῶτι
2904 595 3100 666 μακρῷ
3129 595 3229 665 τῆς
3264 599 3632 667 πνευματικῆς
3651 602 3862 676 λατρείας

2335 686 2365 737 ὁ
2396 684 2615 756 τρόπος,
2640 683 2713 747 ώς
2745 681 2811 755 ἦν
2838 687 2956 756 μὲν,
2996 686 3081 740 ἀεί
3111 704 3169 740 τε
3199 690 3292 741 καὶ
3323 690 3381 741 ἐν
3424 691 3612 759 ἀρχαῖς
3637 697 3860 771 τριπόθη-

2335 793 2426 839 τος
2451 776 2605 847 Θεῷ,
2643 778 2981 848 δυσέμϐατος
3032 779 3087 832 δὲ
3128 781 3222 833 καὶ
3260 780 3473 851 ἀναφὴς
3514 782 3589 836 ἔτι
3634 789 3739 851 ταῖς
3776 791 3862 844 τῶν

2347 868 2619 921 Ἰουδαίων
2650 869 2872 940 ψυχαῖς.
2918 870 3019 924 Διά
3053 889 3134 925 τοι
3188 872 3348 925 τοῦτο
3386 873 3586 928 δεῖσθαι
3616 877 3758 945 λόγου
3785 899 3861 955 νη-

2335 959 2677 1028 πιοπρεποῦς
2697 1001 2711 1024 ,
2757 963 2850 1013 καὶ
2884 961 3223 1031 μαθημάτων
3258 962 3444 1015 ἁπλῶν
3464 1005 3480 1029 ,
3512 966 3603 1019 καὶ
3649 970 3863 1025 παιδοκοο

2337 1050 2466 1119 μίας
2489 1051 2838 1122 οἰκονομικῆς
2868 1052 3018 1105 οὐδὲν
3046 1052 3279 1125 ἐχούσης
3306 1054 3366 1107 τὸ
3396 1054 3615 1119 ἄναντες
3638 1057 3669 1127 ἢ
3700 1064 3862 1132 τραχὺ,

2332 1142 2642 1211 ἐνομοθέτει
2676 1143 2772 1212 μὲν
2821 1143 2930 1215 γάρ
2957 1144 3052 1197 καὶ
3091 1145 3259 1199 πάλαι
3306 1146 3376 1200 τά
3433 1148 3490 1199 ἐν
3533 1147 3710 1213 τύποις
3738 1151 3860 1218 Θεός.

2334 1233 2739 1305 Προὺπεδείκνυ
2772 1234 2829 1288 δὲ
2871 1235 3055 1301 πάλιν,
3083 1236 3159 1300 ὡς
3200 1236 3403 1307 ἧξοντά
3435 1254 3494 1291 τε
3542 1240 3632 1291 καί
3668 1243 3863 1310 παρεσό·

2336 1342 2473 1394 μενα
2523 1325 2665 1378 κατά
2712 1326 2940 1397 καιροὺς
2984 1326 3053 1379 τά
3101 1329 3165 1381 ἐκ
3212 1328 3313 1398 τῆς
3354 1327 3586 1399 ἀληθοῦς
3628 1330 3861 1403 λατρείας·

2333 1416 2425 1467 καὶ
2452 1415 2754 1485 ἀπόϐλητον
2801 1416 2899 1485 μὲν
2930 1418 3103 1472 ἐποίει
3136 1418 3196 1472 τὸ
3226 1418 3322 1490 τὴν
3351 1419 3418 1473 δι’
3449 1421 3688 1489 αίμάτων
3721 1425 3860 1496 πρόσ-

2331 1506 2468 1567 οδον,
2503 1506 2599 1560 καὶ
2627 1508 2727 1577 τὴν
2767 1508 2925 1562 σκιάν
2955 1524 2968 1539 ⁸
3005 1510 3295 1563 ἀπεσείετο
3328 1510 3387 1563 δέ
3428 1510 3517 1564 διὰ
3558 1512 3647 1565 τοῦ
3682 1517 3862 1587 προφή-

2329 1614 2424 1649 του
2456 1596 2630 1665 λέγων
2667 1598 2867 1668 ’Λμώςο
2901 1618 2920 1649 ι
2951 1601 3274 1670 Μεμίσηκα,
3304 1601 3567 1671 ἀπῶσμαι
3592 1604 3683 1667 τὰς
3709 1606 3863 1676 ἑορτὰς

2332 1687 2507 1759 ὑμῶν,
2556 1688 2651 1741 καὶ
2688 1690 2748 1742 οὐ
2804 1690 2879 1761 μὴ
2925 1690 3217 1761 ὀσφρανθῶ
3271 1693 3329 1745 ἐν
3378 1695 3498 1757 ταῖς
3543 1696 3863 1765 πανηγύρεσιν

2331 1776 2505 1847 ὑμῶν·
2556 1776 2690 1831 διότι
2749 1777 2844 1830 ἐὰν
2896 1779 3157 1849 ὲνέγκητέ
3212 1798 3302 1851 μοι
3352 1780 3760 1852 ὁλοκαυτώματα
3790 1787 3863 1840 καὶ

2257 1869 2297 1925 Β
2328 1871 2517 1933 θυσίας
2560 1870 2745 1941 ὑμῶν,
2793 1871 2893 1923 οὐκ
2959 1871 3344 1942 ἐπιϐλέψομαι.
3393 1872 3736 1944 Μετάστησον
3788 1877 3861 1929 ἀπ’

2327 1961 2461 2032 ἐμοῦ
2490 1958 2624 2033 ἦχον
2666 1961 2819 2031 ᾠδῶν
2851 1978 2968 2025 σου,
3002 1963 3097 2016 καὶ
3138 1962 3353 2033 ψαλμὸν
3385 1963 3631 2035 ὁργάνων
3672 1982 3752 2018 σου
3784 1968 3862 2019 οὐκ

2328 2054 2651 2125 ἀκούσομαι.
2690 2074 2707 2106 ι
2762 2054 3128 2125 Εἰσκεκόμικε
3194 2054 3252 2107 δὲ
3296 2055 3387 2108 διά
3446 2056 3674 2126 Μιχαίου
3730 2058 3865 2126 πρόσ-

2328 2162 2477 2197 ωπον
2507 2144 2719 2214 ἀνδρὸς,
2759 2145 2881 2198 τίνα
2911 2144 2974 2214 δὴ
3017 2145 3220 2216 τρόπον
3240 2144 3637 2217 κατορθώσειεν
3665 2147 3723 2200 ἂν
3741 2148 3863 2217 ἀμω-

2333 2238 2520 2308 μήτως
2548 2236 2608 2289 τὸ
2639 2237 2864 2305 ἀγαθὸν,
2906 2237 3263 2308 ὁρεκτιῶντος
3302 2239 3625 2310 ἀναμαθεῖν·
3671 2241 3745 2294 Ἐν
3782 2243 3863 2297 τίνι

2329 2328 2437 2399 γάρ
2466 2328 2760 2382 καταλάϐω
2799 2329 2891 2381 τὸν
2931 2327 3170 2399 Κύριον,
3215 2330 3585 2401 ἀντιλήψομαι
3626 2331 3745 2385 Θεοῦ
3777 2334 3865 2403 ὑψί-

2333 2434 2492 2483 στου;
2536 2418 2595 2470 Εί
2642 2418 3026 2488 καταλήψομαι
3060 2420 3222 2474 αὐτὸν
3260 2423 3320 2474 ἐν
3351 2420 3792 2493 ὁλοκαυτώμασιν,
3820 2426 3863 2477 ἐν

2334 2508 2557 2577 μόσχοις
2580 2507 2903 2573 ἐνιαυσίοις;
2926 2506 2987 2559 Ei
3013 2509 3367 2580 προσδέξεται
3393 2510 3598 2579 Κύριος
3623 2513 3674 2564 ἐν
3702 2512 3863 2581 χιλιάσι

2332 2597 2525 2667 κριῶν,
2550 2596 2583 2667 ἥ
2614 2600 2671 2649 ἐν
2703 2598 2929 2668 μυριάσι
2961 2600 3215 2670 χιμάρων
3242 2600 3443 2653 πιόνων
3470 2617 3486 2666 ;
3521 2600 3579 2655 Et
3605 2601 3673 2654 δώ
3694 2603 3863 2670 πρωτό-

2328 2689 2464 2742 τοκά
2496 2706 2619 2759 μου,
2648 2688 2898 2752 ἀσεϐείας
2924 2690 3136 2761 καρπὸν
3167 2691 3375 2755 κοιλίας
3402 2710 3532 2762 μου,
3561 2692 3691 2762 ὑπὲρ
3720 2694 3863 2763 ἀμαρ-

2329 2781 2449 2844 τίας
2482 2781 2659 2851 ψυχῆς
2701 2798 2843 2850 μου;
2886 2800 2905 2832 ι
2964 2776 3101 2835 Εἶτα
3140 2784 3505 2852 συνημμένως
3546 2785 3635 2836 καὶ
3680 2782 3859 2852 ἐφεξῆς·

2338 2891 2355 2923 ι
2396 2872 2457 2923 Ei
2485 2870 2760 2941 ἀνηγγέλη
2796 2888 2913 2934 σοι,
2943 2874 3106 2941 φησὶν
3129 2914 3143 2937 ,
3177 2872 3431 2942 ἄνθρωπε
3451 2913 3467 2936 ,
3509 2872 3561 2925 τί
3580 2873 3638 2925 τὸ
3656 2870 3861 2939 καλόν·ἢ

2328 2962 2382 3015 τί
2407 2960 2606 3031 Κύριος
2642 2961 2865 3031 ἐκζητεῖ
2888 2962 3039 3028 παρά
3066 2962 3179 3026 σοῦ,
3205 2963 3322 3016 ἀλλ’
3349 2964 3382 3034 ἢ
3415 2964 3511 3017 τοῦ
3539 2966 3701 3017 ποιεῖν
3728 2962 3863 3033 κρίμα

2330 3053 2423 3105 καὶ
2456 3053 2672 3123 ἀγαπᾷν
2701 3052 2870 3115 ἔλεος
2903 3053 2996 3105 καὶ
3029 3052 3246 3121 ἕτοιμον
3286 3050 3424 3107 εἶναι
3460 3053 3558 3107 τοῦ
3585 3054 3864 3127 πορεύεσθαι

630 3156 717 3211 vel
739 3156 870 3227 quid
898 3157 1167 3211 Dominus
1182 3156 1487 3226 exquirata
1516 3167 1585 3220 te,
1615 3156 1722 3210 nisi
1749 3156 1931 3211 facere
1951 3155 2223 3226 judicium

2333 3142 2473 3214 μετά
2518 3142 2725 3213 Κυρίου
2756 3142 2852 3197 τοῦ
2890 3142 3025 3195 Θεοῦ
3060 3161 3191 3209 σου;
3248 3164 3267 3197 ι
3314 3141 3441 3216 Ἆρ’
3484 3144 3578 3199 οὖν
3605 3146 3714 3215 οὐχὶ
3741 3144 3865 3197 τοῦτό

631 3258 688 3303 et
717 3248 948 3319 diligere
990 3248 1449 3313 misericordiam,
1480 3256 1537 3302 et
1572 3257 1823 3317 paratum
1866 3262 1988 3302 esse
2028 3248 2224 3302 ambu-

2332 3236 2478 3289 ἐστιν
2510 3233 2792 3305 ἐναργῶς,
2827 3235 2966 3303 ὅπερ
3011 3232 3117 3303 ἔφη
3164 3236 3420 3306 Χριστός·
3461 3256 3481 3289 ι
3531 3237 3599 3290 Et
3641 3254 3718 3300 τις
3755 3236 3866 3289 θέλει

631 3341 747 3397 lare
790 3355 915 3394 cum
964 3339 1197 3393 Domino
1227 3339 1338 3393 Deo
1364 3347 1461 3393 tuo
1490 3338 1571 3391 ‘7?
1609 3358 1626 3390 ι
1662 3339 1855 3393 Nonne
1899 3339 2067 3409 igitur
2104 3355 2227 3409 per-

633 3432 823 3501 spicue
845 3432 951 3484 hoc
976 3430 1111 3484 illud
1135 3439 1220 3485 est
1241 3430 1389 3500 quod
1425 3430 1606 3499 inquit
1632 3429 1885 3485 Christus
1915 3449 1928 3483 :
1962 3451 1981 3482 ι
2013 3431 2071 3486 Si
2104 3433 2229 3501 quis

632 3524 754 3578 vult
777 3522 967 3576 venire
1009 3531 1135 3592 post
1163 3537 1271 3585 me,
1314 3522 1547 3592 abneget
1578 3522 1956 3592 semetipsum,
1986 3532 2042 3577 et
2078 3524 2231 3579 tollat

636 3627 857 3666 crucem
899 3627 1085 3675 suam,
1129 3617 1185 3665 et
1219 3618 1485 3680 sequatur
1526 3626 1614 3665 me
1646 3611 1801 3671 υἷϊ»
1850 3610 1920 3664 Et
1964 3610 2167 3665 iterum
2213 3630 2225 3665 :

647 3722 665 3753 ι
691 3702 796 3769 Qui
823 3718 908 3757 me
935 3702 1133 3773 diligit,
1160 3718 1247 3756 me
1278 3710 1559 3771 sequatur,
1594 3711 1651 3757 et
1685 3701 1778 3756 ubi
1809 3717 1910 3772 ego
1949 3718 2091 3766 sum,
2118 3702 2231 3757 illic

635 3801 694 3847 et
742 3792 993 3847 minister
1052 3808 1208 3847 meus
1259 3794 1331 3847 sit
1378 3793 1443 3847 ⁸⁸.
1497 3813 1515 3845 ι
1562 3793 1679 3847 Non
1734 3791 1792 3846 in
1856 3792 2018 3863 legali
2076 3792 2229 3847 cultu

632 3884 949 3942 Christiana
978 3884 1191 3955 religio,
1217 3885 1311 3941 sed
1340 3884 1397 3939 in
1421 3892 1611 3941 sancto
1630 3893 1794 3955 atque
1820 3884 2096 3955 spirituali
2124 3885 2230 3940 sita

636 3986 745 4032 68L

707 4066 907 4122 PALL.
940 4067 1267 4123 Rectissime
1298 4066 1506 4121 dixisti.

704 4160 862 4215 CYR.
896 4159 1227 4225 Quinetiam
1260 4174 1358 4228 per
1397 4158 1593 4212 Isaiam
1632 4158 2017 4212 vehementius
2038 4157 2227 4228 objur-

635 4266 770 4323 gans
794 4251 1102 4315 lsraelitas,
1142 4268 1159 4300 ι
1190 4249 1414 4314 Audite,
1456 4268 1474 4300 ι
1502 4248 1702 4318 inquit,
1735 4268 1753 4300 ι
1782 4249 1953 4303 verba
1976 4248 2226 4313 Domini,

634 4341 914 4414 principes
942 4340 1343 4406 Sodomorum;
1376 4338 1644 4394 attendite
1688 4338 1863 4409 legem
1893 4338 2011 4403 Dei,
2050 4353 2221 4408 popu-

636 4434 723 4490 lus
770 4434 1111 4490 Gomorrhte.
1161 4432 1281 4499 Quo
1346 4431 1483 4486 mihi
1536 4429 1834 4485 multitudo
1881 4430 2229 4484 victimarum

634 4534 964 4589 vestrarum,
1010 4524 1147 4579 dicit
1191 4523 1496 4583 Dominus?
1539 4523 1743 4577 Plenus
1790 4538 1912 4576 sum
1963 4521 2228 4576 holocau-

636 4616 738 4671 stis
787 4616 1052 4679 arietum;
1093 4620 1149 4667 et
1182 4613 1400 4683 adipem
1450 4628 1747 4683 agnorum,
1798 4620 1855 4666 et
1904 4613 2227 4682 sanguinem

636 4715 921 4759 taurorum
951 4711 1008 4759 et
1037 4703 1319 4758 hircorum
1349 4704 1489 4769 ,nolo
1517 4721 1528 4755 :
1555 4719 1735 4773 neque
1773 4705 2037 4758 veneritis
2067 4720 2233 4773 appa-

635 4814 759 4855 rere
810 4795 981 4863 mibi;
1034 4796 1160 4866 quis
1205 4794 1353 4850 enim
1403 4795 1657 4864 quaesivit
1702 4795 1821 4850 hzec
1867 4795 1935 4849 de
1977 4796 2233 4849 manibus

632 4890 872 4945 vestris?
904 4888 1118 4945 calcare
1149 4888 1206 4942 in
1237 4887 1441 4942 atrium
1468 4901 1651 4941 meum
1690 4902 1800 4941 non
1834 4887 2137 4957 apponetis.
2173 4887 2231 4941 Si

636 4981 952 5038 obtuleritis
981 4981 1278 5052 siliginem,
1308 4994 1546 5045 vanum;
1572 4978 1857 5033 incensum
1892 4978 2232 5033 abominatio

632 5084 719 5130 est
758 5075 931 5144 mihi;
967 5074 1289 5129 neomenias
1322 5078 1554 5136 vestras,
1592 5078 1649 5125 et
1691 5069 1948 5135 Sabbata,
1984 5078 2040 5125 et
2080 5069 2226 5124 diem

637 5183 895 5237 magnum
924 5182 1037 5222 non
1065 5166 1258 5222 feram.
1291 5163 1571 5235 Jejunium
1598 5171 1654 5218 et
1682 5163 1880 5227 otium,
1922 5172 1977 5217 et
2013 5162 2227 5216 festivi-

637 5266 777 5312 tates
815 5265 1024 5311 vestras
1067 5257 1184 5311 odit
1225 5256 1405 5311 anima
1456 5270 1611 5320 mea;
1647 5253 1773 5308 facti
1812 5254 1945 5309 estis
1992 5252 2127 5307 mihi
2172 5251 2227 5305 in

637 5348 945 5402 satietatem
972 5349 1039 5402 ⁶⁹.
1080 5368 1097 5399 ι
1131 5350 1234 5403 Per
1263 5346 1587 5402 Malachiam
1620 5357 1880 5416 praeterea
1906 5345 2229 5416 prophetam

636 5437 1004 5492 odiosissimis
1051 5437 1371 5493 hominibus
1413 5437 1607 5493 eadem
1656 5437 1821 5502 dicit,
1859 5447 2021 5506 atque
2064 5436 2229 5491 etiam

636 5537 951 5599 temporum
981 5528 1250 5593 meminit,
1292 5530 1497 5599 quibus
1534 5546 1634 5600 per
1678 5545 1870 5585 omnes
1916 5538 2090 5584 terras
2123 5529 2228 5583 sibi

636 5618 939 5675 incruenta:
967 5634 1031 5674 ac
1076 5620 1378 5689 spiritualis
1406 5622 1598 5676 hostiae
1629 5622 1851 5677 odorem
1879 5622 2227 5693 incompara-

2261 4584 2308 4642 D

2333 3324 2505 3378 ὀπίσω
2539 3342 2639 3394 μου
2675 3324 2869 3388 ἐλθεῖν,
2904 3325 3314 3397 ἀπαρνησάσθω
3346 3327 3573 3387 ἑαυτὸν,
3601 3331 3688 3381 καὶ
3718 3327 3867 3397 ἀράτω

2331 3416 2421 3471 τὸν
2450 3417 2682 3488 σταυρὸν
2709 3416 2897 3481 αὑτοῦ,
2926 3417 3020 3470 καὶ
3040 3417 3406 3471 ἀκολουθείτω
3446 3436 3539 3489 μοι
3566 3436 3580 3483 ;
3618 3438 3636 3471 ι
3671 3419 3768 3472 Καὶ
3793 3417 3869 3470 πά-

2331 3509 2434 3563 λιν·
2471 3528 2489 3561 ι
2548 3510 2606 3562 '0
2640 3510 2740 3581 ἐμὲ
2772 3510 3022 3578 ἀγαπῶν,
3056 3510 3181 3580 ἐμοὶ
3227 3510 3624 3573 ἀκολουθείτω,
3654 3510 3740 3563 καὶ
3763 3510 3867 3561 ὅπου

2333 3602 2447 3671 είμλ.
2482 3600 2625 3670 ἐγὼ,
2659 3603 2778 3655 ἐκεῖ
2814 3601 2909 3654 καὶ
2952 3602 2980 3654 ὁ
3025 3600 3272 3665 διάκονος
3302 3604 3330 3654 ὁ
3370 3602 3505 3672 ἐμὸς
3545 3601 3698 3654 ἔστω.
3735 3618 3751 3650 ι
3781 3598 3869 3652 οὒκ

2333 3691 2389 3743 ἐν
2411 3696 2609 3763 νομικῇ
2646 3692 2745 3762 μὲν
2774 3690 3000 3762 λατρεία
3032 3692 3098 3761 τῇ
3142 3692 3283 3745 κατά
3310 3690 3579 3761 Χριστὸν,
3610 3690 3735 3745 ἀλλά
3770 3686 3870 3756 ἁγίᾳ

2331 3797 2391 3833 τε
2423 3784 2517 3836 καὶ
2547 3786 2921 3855 πνευματικῇ.

2404 4066 2611 4120 ΠΑΛΔ.
2648 4065 2945 4138 Ὀρθότατα
2977 4065 3134 4138 ἔφης.

2402 4159 2567 4213 ΚΥΡ.
2599 4160 2708 4213 Καὶ
2736 4159 2824 4213 διά
2868 4160 2966 4231 μέν
2998 4160 3092 4228 τῆς
3135 4159 3362 4212 Ἡσαΐου
3401 4156 3590 4229 φωνῆς
3611 4197 3626 4222 ,
3654 4152 3874 4225 Θερμύτιο

2336 4266 2427 4321 ρον
2456 4249 2776 4321 ἐπιπλήττει
2820 4255 2933 4315 τοῖς
2974 4251 3033 4317 ἐξ
3072 4251 3289 4323 Ἰσραὴλ
3334 4250 3529 4318 λέγων·
3557 4266 3576 4300 ι
3623 4246 3874 4300 ’Δκούσατε

2331 4340 2506 4408 λόγων
2538 4340 2743 4411 Κυρίου
2766 4381 2781 4406 ,
2816 4342 3075 4413 ἄρχοντες
3104 4342 3386 4413 Σοδόμων,
3422 4340 3718 4411 προσέχετε
3740 4335 3874 4404 νόμον

2332 4431 2489 4495 Θεοῦ,
2519 4431 2647 4496 λαὸς
2690 4433 3004 4505 Γομόρρων.
3057 4434 3122 4486 Τί
3178 4451 3268 4505 μοι
3311 4432 3519 4505 πλῆθος
3555 4431 3661 4484 τῶν
3709 4424 3874 4481 θυσιῶν

2335 4521 2489 4591 ὑμῶν
2510 4562 2525 4585 ,
2559 4522 2709 4592 λέγει
2751 4523 2990 4594 Κύριος;
3036 4524 3261 4597 Πλήρης
3295 4524 3413 4595 είμὶ
3447 4516 3877 4588 ὁλοκαυτωμάτων

2334 4614 2503 4684 κριῶν
2526 4654 2539 4678 ,
2581 4615 2677 4668 καὶ⁹
2722 4615 2888 4689 στέαρ
2927 4616 3106 4688 ἀρνῶν
3137 4618 3232 4670 καὶ
3277 4616 3497 4687 τράγων
3542 4614 3605 4667 οὐ
3634 4610 3875 4681 βούλομαι·

2333 4704 2441 4756 οὐδ’
2490 4703 2555 4758 ἂν
2604 4704 2840 4776 ἕρχησθε
2887 4704 3117 4776 ὀφθῆναί
3171 4723 3290 4777 μοι,
3332 4704 3414 4767 τίς
3462 4703 3573 4771 γὰρ
3619 4699 3877 4769 ἐξεζήτησε

2330 4795 2503 4850 ταῦτα
2532 4798 2596 4849 ἐκ
2629 4797 2737 4850 τῶν
2766 4797 2965 4869 χειρῶν
3011 4797 3201 4869 ὑμῶν;
3235 4798 3433 4850 Πατεῖν
3460 4796 3562 4865 τὴν
3598 4792 3761 4860 αὐλήν
3798 4802 3879 4857 μου

2334 4889 2397 4942 οὐ
2429 4888 2829 4959 προσθήσεσθε.
2886 4890 3011 4945 Ἐὰν
3056 4889 3262 4961 φέρητε
3308 4886 3625 4958 σεμίδαλιν,
3661 4883 3873 4953 μάταιον.

2336 4980 2601 5051 Θυμίαμα
2646 4980 2918 5051 βδέλυγμά
2948 4981 3037 5051 μοί
3078 4983 3226 5044 ἐστι,
3256 4979 3356 5042 τὰς
3386 4976 3683 5047 νουμηνίας
3720 4970 3876 5041 ὑμῶν.

2338 5072 2433 5125 καὶ⁹
2467 5070 2537 5125 τά
2565 5072 2838 5139 Σάϐϐατα,
2862 5074 2957 5126 καὶ
2982 5073 3196 5144 ἡμέραν
3223 5070 3467 5143 μεγάλην
3495 5070 3597 5122 οὐκ
3628 5064 3876 5134 ἀνέχομαι.

2338 5160 2613 5233 Νηστείαν
2646 5160 2740 5214 καὶ
2779 5161 2979 5233 ἀργίαν
3000 5202 3015 5228 ,
3043 5159 3262 5223 καὶτὰς
3299 5157 3491 5230 έορτάς
3524 5154 3673 5228 ὑμῶν
3717 5152 3878 5221 ἐμέων

2341 5268 2431 5304 σεν
2473 5256 2506 5322 ὴ
2548 5252 2692 5323 φυχή
2727 5269 2849 5324 μουο
2885 5251 3183 5324 ἐγενήθητέ
3232 5267 3321 5321 μοι
3367 5249 3447 5313 είς
3498 5241 3820 5315 πλησμονήν.
3860 5254 3874 5286 ι

2340 5345 2439 5398 Διά
2482 5361 2540 5396 τε
2586 5342 2679 5397 τοῦ
2721 5345 3006 5417 προφήτου
3055 5342 3380 5412 Μαλαχίου,
3423 5339 3592 5394 ταυτὸ
3642 5334 3777 5400 λέγει
3817 5328 3877 5380 ἔτι

2337 5436 2473 5506 πρὸς
2512 5434 2632 5488 λίαν
2679 5436 3123 5507 ἀπηχθημένουςσ
3172 5434 3542 5504 διαμέμνηται
3588 5428 3644 5481 δὲ
3686 5421 3876 5492 καιρῶν.

2336 5524 2457 5577 καθ’
2506 5525 2600 5589 οὓς
2645 5524 2710 5579 ἂν
2768 5526 2918 5597 αὐτῷ
2961 5524 3311 5596 προτοίσειαν
3364 5526 3412 5577 οί
3455 5521 3561 5577 ἀνά
3606 5521 3774 5571 πᾶσαν
3802 5510 3877 5577 τὴν

2332 5619 2436 5687 γῆν
2478 5620 2587 5690 τῆς,
2613 5619 2949 5688 ἀναιμάκτου
2976 5620 3067 5671 καὶ
3094 5618 3292 5688 νοητῆς
3321 5616 3508 5677 θυσίας
3536 5612 3633 5683 τὴν
3658 5607 3875 5673 ἀσύγκρι¹

708 5802 753 5835 ⁸⁸
785 5803 972 5869 Alnos,
1010 5822 1060 5868 v,
1084 5804 1173 5867 21,
1200 5805 1287 5858 2⁸2.
1367 5807 1409 5837 ⁸⁸⁸
1435 5806 1595 5861 Miclt.
1629 5824 1699 5873 τι,
1725 5808 1777 5867 6,
1800 5810 1850 5861 ’1.
1916 5808 1957 5841 ⁸⁷
1994 5808 2154 5872 lbid.,
2188 5808 2220 5862 8

2331 5806 2381 5837 ‘7'
2414 5804 2604 5860 Matth.
2629 5822 2733 5871 xu,
2761 5805 2848 5859 2.5.
2919 5808 2959 5833 “
2985 5806 3142 5862 Joan.
3179 5822 3271 5869 an,
3301 5804 3385 5858 :26.
3444 5802 3481 5832 ‘9
3510 5798 3609 5853 Isa.
3635 5812 3670 5857 ι,
3702 5790 3776 5853 10,
3810 5783 3869 5836 Η·
