4076 6492
137 493 143 502 ι
182 435 272 489 ἓοῶ
896 425 983 479 DE
1016 418 1457 478 ADORATIONE
1495 417 1563 473 ΚΝ
1594 414 1865 472 SPIRITU
1908 413 1996 469 ΕΤ
2034 409 2403 469 V’ERITATE.
2449 407 2575 461 LIB.
2621 406 2682 460 ll.
3325 398 3430 453 29.6

184 569 521 628 τονεῦωδίαν.
558 565 701 635 Ἔφη
745 563 855 633 γὰρ
895 555 996 615 ὦδε
1033 562 1227 615 πάλιν
1271 579 1290 611 ι
1328 559 1443 613 Οὐκ
1479 558 1594 611 ἐστι
1628 574 1729 629 μου
1763 591 1773 617 ε

1878 552 2003 607 item
2023 556 2207 605 essent
2230 546 2487 602 oblaturi.
2510 542 2599 597 Sic
2622 541 2769 596 enim
2793 540 2992 594 iterum
3024 534 3203 606 inquit
3227 553 3239 588 :
3268 553 3285 585 ι
3310 533 3431 588 Non

188 624 383 733 Θελημα
425 662 483 714 ἐν
503 624 668 729 ὑμῖν,
689 624 869 725 ’λέγει
917 655 1121 733 Κύριος
1170 649 1599 722 παντοκράτωρ,
1630 624 1742 703 ’καὶ

1876 650 1927 696 st
1950 641 2207 696 voluntas
2244 653 2365 692 mea
2399 637 2455 691 in
2488 634 2666 699 vobis,
2710 632 2846 687 dicit
2884 629 3149 685 Dominus
3179 624 3435 695 omnipo-

178 718 357 811 ’θυσίάν
385 753 445 806 οὐ
483 718 844 823 προσδεξομαι
886 749 952 800 ὲκ
994 718 1101 798 τῶν
1129 743 1326 817 χειρῶν
1372 718 1561 812 tum,
1608 736 1743 794 διότι

1876 748 1995 797 ens;
2052 740 2109 786 et
2155 728 2485 784 sacriﬁcium
2549 741 2660 780 non
2718 723 3012 793 suscipiam
3058 720 3126 774 de
3180 718 3437 773 manibus

186 810 281 901 ἀπὸ
307 810 573 896 ἀνατολῶν
616 810 769 909 ἡλίου
806 837 900 889 καὶ
929 834 1036 898 ἕως
1078 810 1299 903 δυσμῶν
1335 810 1608 900 ’τὸ-δνομά
1641 846 1742 898 μου

1881 823 2073 888 estris;
2105 821 2235 890 quia
2279 819 2347 873 ab
2391 827 2514 871 ortu
2552 816 2683 869 solis
2714 829 2888 883 usque
2930 810 2996 865 ad
3031 824 3285 864 occasum
3331 822 3433 861 no-

1847 930 1973 968 men
2002 927 2185 967 meum
2226 909 2590 982 gloriﬁcatum
2615 916 2700 961 est
2727 906 2783 959 in
2810 904 3095 976 gentibus;
3125 910 3180 955 et
3205 901 3261 953 in
3286 899 3436 954 omni

1848 1008 1970 1061 loco
2004 1007 2288 1060 incensum
2319 1004 2551 1058 offertur
2580 999 2789 1055 nomini
2835 1013 2978 1061 meo,
3024 1006 3080 1050 et
3113 994 3440 1049 sacriﬁcium

1845 1097 2117 1152 mundum
2167 1095 2340 1165 :quia
2385 1108 2643 1165 magnum
2685 1107 2886 1145 nomen
2927 1104 3107 1142 meum
3160 1087 3215 1139 in
3260 1087 3440 1156 genti-

1849 1193 1975 1256 bus,
1999 1190 2135 1246 dicit
2169 1188 2436 1243 Dominus
2465 1182 2895 1253 omnipotens".
2929 1199 2947 1231 ι
2982 1178 3248 1246 lntelligis
3274 1176 3442 1245 igitur

1850 1281 1997 1352 quod
2050 1282 2333 1335 incensum
2382 1292 2445 1331 ac
2506 1272 2839 1329 sacriﬁcium
2897 1270 3001 1324 sibi
3055 1268 3320 1321 mundum
3372 1265 3441 1318 ab

1851 1371 2003 1426 omni
2036 1379 2197 1441 gente
2230 1383 2352 1423 esse
2406 1364 2747 1420 offerendum
2781 1364 2877 1417 ait.
2926 1360 2995 1416 Ut
3043 1368 3227 1413 autem
3273 1358 3329 1410 in
3377 1370 3444 1409 eo

1853 1465 2000 1535 quod
2037 1477 2232 1517 recens
2261 1457 2395 1513 illud
2433 1457 2488 1511 in
2530 1455 2749 1510 Christo
2785 1461 3195 1513 testamentum,
3240 1463 3444 1502 novum

1854 1554 2180 1629 appellavit,
2229 1551 2362 1605 illud
2432 1547 2586 1619 prius
2649 1561 2714 1600 ac
2766 1552 2923 1598 vetus
2976 1540 3299 1610 antiquavit.
3356 1538 3448 1593 Sic

1855 1650 2003 1703 enim
2040 1648 2238 1700 beatus
2277 1642 2479 1698 Paulus
2509 1638 2703 1694 scribit
2734 1638 2801 1690 "'.
2832 1636 2966 1689 Item
2998 1636 3053 1688 in
3094 1634 3198 1687 hoc
3240 1633 3360 1687 loco
3392 1631 3448 1685 in

1856 1754 1924 1794 eo
1954 1738 2100 1809 quod
2135 1736 2292 1799 dixit,
2325 1733 2591 1787 mundum
2632 1731 2700 1783 ab
2732 1729 2881 1784 omni
2915 1734 3076 1797 gente
3119 1723 3448 1780 sacriﬁcium

1859 1828 1973 1883 suis
2004 1825 2347 1896 temporibus
2377 1825 2646 1884 futurum,
2691 1819 2757 1873 de
2799 1819 2894 1872 illo
2927 1816 3121 1880 veteri,
3161 1815 3306 1885 quod
3338 1828 3449 1866 non

188 936 476 999 δεδόξασται
536 934 593 984 ἐν
630 932 743 992 τοῖς
791 927 968 981 ἔθνεσι
991 967 1003 989 ,
1041 926 1137 980 καὶ
1176 926 1235 977 ἐν
1266 924 1427 976 ’παντὶ⁸
1466 922 1616 990 τόπῳ
1648 920 1745 973 θυ-

191 1030 349 1100 μίαμα
413 1022 782 1095 προσφέρεται
851 1017 930 1088 τῷ
987 1015 1213 1087 ὀνόματί
1268 1032 1369 1088 μου
1439 1014 1535 1067 καὶ
1587 1010 1748 1066 θυσία

189 1117 416 1186 καθαρὰ,
463 1114 599 1166 διότι
649 1110 793 1181 μέγα
830 1108 891 1161 τὸ
931 1106 1105 1177 δνομά
1151 1122 1252 1177 μου
1290 1107 1347 1158 ἐν
1390 1107 1501 1169 τοῖς
1548 1101 1745 1166 ἔθνεσι,

188 1210 318 1275 λέγει
354 1204 559 1273 Κύριος
608 1200 1030 1269 παντοκράτωρ.
1070 1218 1089 1250 ι
1130 1196 1326 1268 Συνίης
1371 1198 1453 1252 ὅτι
1498 1194 1750 1266 θυμίαμά

189 1317 237 1354 τε
284 1298 373 1350 καὶ
427 1294 618 1347 Θυσίαν
670 1291 818 1362 αὐτῷ
866 1289 1115 1361 καθαρὰν
1161 1288 1271 1342 ἀπὸ
1317 1287 1516 1351 παντὸς
1564 1285 1749 1348 ἔθνους

190 1387 629 1459 ἀνενεχθήσεσθαί
671 1402 856 1455 φησιν.
883 1384 1095 1453 Ὥσπερ
1124 1380 1180 1434 δὲ
1209 1382 1307 1452 τὴν
1337 1380 1462 1436 νέαν
1489 1382 1621 1451 ἡμῖν
1656 1377 1750 1432 καὶ

189 1485 237 1535 ἐν
263 1479 476 1551 Χριστῷ
509 1478 775 1547 διαθήκην
794 1514 810 1539 ,
844 1475 1039 1544 καινὴν
1063 1472 1356 1543 ὀνομάσας,
1395 1470 1750 1525 πεπαλαίωκε

189 1574 271 1643 τὴν
303 1570 543 1641 πρώτην.
580 1568 788 1639 Γράφει
828 1567 936 1637 γὰρ
971 1567 1103 1637 ἡμῖν
1136 1564 1309 1628 οὕτως
1361 1568 1457 1616 καὶ
1485 1566 1514 1616 ὁ
1554 1561 1751 1615 θεσπέ-

195 1680 291 1724 σιος
312 1659 542 1722 Παῦλος.
590 1657 678 1720 Ὧς
724 1654 955 1709 κάνθάδε
977 1694 992 1719 ,
1026 1653 1272 1723 καθαρὰν
1303 1650 1471 1704 εἰπὼν
1511 1649 1609 1721 τὴν
1644 1648 1753 1702 ἀπὸ

189 1752 369 1814 παντὸς
396 1751 584 1811 ἔθνους
640 1747 829 1800 θυσίαν
862 1745 1128 1816 ἐσομένην
1176 1745 1319 1798 κατὰ
1355 1742 1617 1813 καιροὺς,
1666 1737 1746 1810 τῷ

193 1845 256 1916 μὴ
299 1844 476 1906 οὓτως
522 1842 665 1912 ἔχειν
706 1839 805 1908 τῆς
862 1837 1094 1910 ἀρχαίας
1144 1835 1598 1906 καταψηφίζεται.
1638 1834 1753 1885 Κα-

191 1902 318 2005 θαιρά
340 1902 602 2001 γάρντινα
626 1902 848 2000 τρόπον,
934 1902 1070 1996 μήτε
1102 1902 1461 1996 καθαίρουσα,
1489 1924 1624 1993 μήτε
1653 1920 1757 1990 μὴν

1876 1918 2126 1990 :jusmodi
2156 1916 2246 1980 sit,
2280 1913 2608 1969 sententiam
2635 1910 2781 1964 tulit.
2819 1909 3102 1975 Quomodo
3137 1906 3284 1961 enim
3314 1902 3449 1957 illud

191 2022 369 2092 ἔχουσα
413 2018 477 2071 τὸ
526 2014 767 2069 τελειοῦν
806 2013 1063 2067 δύνασθαι
1116 2013 1251 2084 πρὸς
1293 2014 1529 2083 ἀρετήν;
1573 2010 1756 2080 Ταύτῃ

189 2113 259 2165 τοί
294 2128 458 2181 φησιν
488 2111 516 2162 ὁ
548 2107 818 2179 μακάριος
849 2104 1082 2168 Παῦλος,
1105 2104 1178 2168 ὡς
1210 2100 1279 2176 ἦν
1316 2105 1413 2174 μὲν
1441 2104 1540 2156 οὐκ
1570 2103 1755 2171 ἄμεμ-

193 2222 330 2267 πτος.
364 2198 788 2270 εἰσκεκομίσθαι
823 2197 879 2249 δὲ
920 2196 1233 2265 ἀναγκαίως
1271 2196 1341 2249 τά
1367 2195 1456 2249 διὰ
1483 2191 1721 2262 Χριστοῦ
1744 2231 1758 2254 ,

193 2298 273 2351 καὶ
297 2296 381 2349 τὸν
412 2295 514 2364 τῆς
534 2291 794 2361 δευτέρας
824 2289 1169 2360 ἐγζητεῖσθαι
1190 2287 1370 2341 τόπον.

252 2577 465 2629 ΠΑΛΛ.
527 2570 855 2640 ’Ᾱϐούλητος
906 2568 1016 2638 ἀρα
1067 2564 1346 2627 παντελῶς
1384 2564 1418 2634 ή
1472 2564 1526 2615 ἐν
1586 2563 1766 2625 σκιαῖς

192 2668 401 2738 λατρεία
442 2662 695 2732 παναγίῳ
727 2659 845 2730 Θεῷ
865 2677 880 2726 ;
1725 2682 1746 2705 ο

256 2758 416 2810 ΚΥΡ.
470 2752 797 2806 Παντάπασι
842 2747 943 2818 μὲν
994 2741 1109 2800 οὖν.
1159 2743 1317 2814 Πάρα
1371 2742 1428 2796 δέ
1466 2759 1531 2811 γε
1585 2738 1767 2809 σαφῶς

194 2850 387 2903 ἐπαϊειν
416 2846 672 2913 λέγοντος
708 2844 822 2905 τοῖς
865 2839 924 2903 ἐξ
964 2837 1212 2911 Ἰσραὴλ,
1248 2836 1336 2889 διὰ
1365 2837 1462 2905 τῆς
1504 2832 1767 2903 Ἰερεμίου

194 2941 379 3011 φωνῆς·
419 2958 440 2990 ‹
472 2937 613 2990 Τάδε
633 2935 786 3002 λέγει
811 2931 1033 3002 Κύριος·
1063 2930 1143 2983 Τά
1163 2925 1589 2996 ὁλοκαυτώματα
1615 2922 1769 2994 ὑμῶν

196 3030 526 3098 συναγάγετε
581 3024 719 3095 μετά
768 3021 876 3075 τῶν
928 3018 1129 3074 θυσιῶν
1184 3017 1375 3087 ὑμῶν,
1422 3015 1518 3067 κον)⁸
1565 3013 1768 3081 φάγετε

195 3121 337 3193 κρέα.
365 3121 497 3173 Ὅτι
540 3117 643 3169 οὐκ
675 3113 915 3183 ἐλάλησα
951 3109 1086 3181 πρὸς
1134 3109 1258 3171 τοὺς
1306 3106 1546 3175 πατέρας
1593 3102 1768 3173 ὑμῶν,

200 3190 410 3265 καὶούκ
447 3206 807 3275 ἐνετειλάμην
850 3202 1034 3263 αὐτοῖς
1078 3201 1134 3251 ἐν
1180 3190 1452 3281 ὴμέρᾳὶᾖ
1497 3196 1768 3264 ἀνήγαγον

1864 2011 1972 2081 58
2014 2009 2282 2064 mundum
2317 2007 2409 2070 sit,
2447 2003 2593 2075 quod
2641 2018 2820 2072 neque
2869 2001 3118 2063 mundat,
3163 2013 3340 2067 neque
3381 1994 3449 2050 ad

1862 2103 2159 2172 perfectam
2206 2100 2466 2153 virtutem
2516 2112 2619 2151 nos
2668 2096 2869 2150 ducere
2924 2093 3139 2164 potest?
3186 2089 3451 2157 Quocirca

1864 2194 2059 2247 beatus
2079 2192 2280 2246 Paulus
2306 2188 2504 2258 inquit,
2527 2197 2687 2242 vetus
2713 2187 2849 2241 illud
2871 2202 2983 2240 non
3009 2200 3230 2239 vacasse
3258 2183 3449 2251 culpa;

1862 2285 2048 2355 itaque
2092 2281 2404 2337 necessario
2444 2280 2580 2333 illud
2623 2280 2953 2333 successisse
2983 2276 3129 2347 quod
3161 2290 3259 2345 per
3290 2271 3451 2328 Chri-

1863 2386 2013 2432 stum
2061 2374 2331 2430 sancitum
2370 2381 2489 2437 est,
2521 2380 2576 2426 et
2623 2371 2851 2425 secundi
2893 2369 3075 2423 locum
3129 2365 3454 2435 inquisitum

1863 2468 2054 2524 fuisse.

1938 2559 2136 2615 PALL.
2169 2559 2386 2630 Ergone
2416 2573 2644 2628 prorsus
2689 2563 2889 2626 praeter
2935 2550 3331 2622 omnipotentis
3356 2549 3456 2604 Dei

1867 2652 2207 2708 voluntatem
2239 2652 2421 2705 cultus
2458 2651 2549 2704 ille
2582 2646 2893 2702 umbratilis
2922 2645 3063 2699 fuit?

1940 2743 2098 2799 CYR.
2133 2741 2389 2797 Omnino.
2422 2742 2518 2795 Est
2544 2747 2727 2794 autem
2757 2739 2811 2792 in
2843 2746 3121 2807 promptu,
3154 2736 3326 2789 Deum
3358 2749 3459 2789 au-

1870 2834 1990 2887 dire
2031 2832 2374 2903 apertissime
2397 2830 2671 2885 dicentem
2714 2830 2842 2882 ﬁliis
2874 2828 3060 2891 Israel,
3088 2843 3187 2895 per
3211 2825 3461 2881 Jeremia:

1870 2938 2062 2979 vocem
2107 2940 2119 2974 :
2161 2940 2178 2973 ‹
2218 2921 2346 2975 Haec
2388 2920 2523 2974 dicit
2566 2919 2873 2974 Dominus:
2905 2917 3234 2972 llolocausta
3280 2925 3462 2971 vestra

1870 3024 2196 3085 congregate
2224 3029 2347 3066 cum
2374 3010 2661 3065 sacriﬁciis
2696 3010 2915 3073 vestris,
2946 3018 3002 3063 et
3034 3009 3304 3064 comedite
3337 3024 3461 3062 car-

1870 3122 1988 3161 nes.
2016 3104 2155 3172 Quia
2176 3120 2286 3158 non
2315 3120 2435 3157 sum
2467 3106 2687 3157 locutus
2716 3103 2783 3156 ad
2817 3110 3003 3172 patres
3025 3110 3254 3166 vestros,
3283 3116 3463 3170 neque

1874 3195 2126 3250 mandavi
2153 3194 2233 3249 eis
2272 3194 2325 3247 in
2360 3194 2448 3248 die
2497 3210 2606 3263 qua
2631 3193 2927 3247 ascendere
2962 3208 3057 3246 eos
3090 3191 3194 3247 feci
3225 3192 3290 3244 de
3320 3199 3465 3245 terra

198 3305 380 3366 αὐτοὺς
422 3303 487 3353 ἐκ
523 3299 629 3369 γῆς
681 3296 962 3363 Αἰγύπτου
1011 3291 1139 3362 περὶ
1169 3285 1637 3355 ὁλοκαυτωμάτων
1678 3283 1773 3335 κοιλ⁸

1876 3285 2112 3357 Egypti,
2151 3284 2218 3338 de
2252 3284 2608 3346 holocaustis,
2645 3290 2702 3338 et
2741 3281 3044 3337 sacriﬁciis.
3094 3280 3201 3336 Sed
3234 3281 3466 3336 verbum

199 3395 409 3448 θυσιῶν.
458 3390 604 3443 Ἀλλ’
645 3390 678 3457 ἢ
723 3387 783 3440 τὸ
816 3386 967 3457 ῥῆμα
997 3382 1156 3435 τοῦτο
1203 3376 1555 3447 ἐνετειλάμην
1595 3375 1776 3436 αὐτοῖς

200 3485 356 3554 λέγων
376 3524 391 3547 ,
424 3479 729 3535 Ἀκούσατε
759 3478 861 3545 τῆς
900 3474 1083 3545 φωνῆς
1116 3489 1236 3543 μου.
1278 3490 1296 3523 ι
1330 3471 1494 3522 Ὅσον
1545 3466 1642 3537 μὲν
1671 3463 1779 3533 γάρ

202 3573 321 3648 ἧκεν
359 3577 439 3639 εἷς
476 3591 545 3643 γε
573 3571 635 3624 τὸ
680 3568 907 3641 ἀκριόὲς
933 3565 1010 3635 τῷ
1039 3563 1304 3635 νομοθέτῃ
1334 3559 1545 3621 δοκοῦν,
1579 3556 1685 3610 οὐδ’
1714 3555 1779 3608 ἂν

201 3644 321 3731 ὅλως
345 3670 399 3720 ἐν
426 3666 632 3736 ἀρχαῖς
671 3664 699 3714 ὁ
726 3662 784 3712 ἐν
815 3660 992 3721 σκιαῖς
1032 3656 1112 3708 ἔτι
1150 3648 1660 3724 κατεχρησμωδήθη
1693 3644 1780 3697 νό-

209 3775 313 3827 μος,
334 3757 433 3827 τῆς
458 3734 521 3807 ἐν
552 3751 828 3821 πνεύματι
853 3746 1107 3818 λατρείας
1135 3742 1522 3813 σεσιγημένης.
1563 3734 1780 3805 Ἐπειδὴ

207 3825 256 3903 δὲ
278 3845 341 3920 ἦν
368 3825 431 3900 τὸ
474 3845 670 3917 χρῆμα
714 3840 970 3912 φορτικὸν
989 3878 1005 3903 ,
1038 3837 1131 3890 καὶ
1160 3835 1220 3889 τὸ
1246 3831 1505 3886 δύνασθαι
1542 3825 1782 3897 πληροῦν

208 3942 262 3995 τὸ
296 3919 521 4001 τελείως
565 3934 804 4005 ἀγαθὸν,
859 3934 971 3994 τοῖς
1000 3929 1061 3983 τὸ
1106 3926 1362 3998 τηνικάδε
1412 3924 1641 3994 βάσιμον
1684 3919 1784 3991 μὲν

172 4058 177 4065 ·
209 4033 351 4103 οὐχὶ,⁸
366 4031 540 4101 φαίην
579 4027 624 4080 δ’
655 4026 720 4079 ἂν
751 4026 834 4078 ὅτι
873 4021 1107 4092 σκληρὸν
1135 4019 1229 4072 κα)⁸
1268 4017 1367 4069 οὐκ
1401 4015 1609 4084 άτραχυ
1629 4052 1645 4076 ,
1688 4027 1784 4080 νη-

210 4124 513 4197 πιοπρεπὴς
566 4114 655 4175 οἷά
701 4136 788 4183 τις
853 4116 1175 4189 μελέτησις,
1219 4111 1317 4182 τὴν
1367 4109 1468 4179 τῆς
1531 4105 1787 4176 ἀληθείας

211 4195 392 4285 ἔχουσα
429 4215 736 4286 μόρφωσιν,
762 4210 790 4261 ὁ
817 4211 873 4261 ὲν
906 4208 1194 4278 γράμμασι
1222 4201 1407 4271 νόμος,
1430 4195 1789 4267 οἰκονομικῶς

214 4308 543 4371 εθεσπίςετο.
594 4303 742 4373 Πλὴν
781 4300 968 4369 ἐδήλου
1016 4296 1202 4365 σαφῶς
1236 4296 1263 4348 ὁ
1289 4292 1397 4346 τῶν
1440 4291 1619 4361 νόμων
1660 4290 1789 4359 ἡμῖν

214 4399 418 4469 ὁριστὴς
440 4437 457 4460 ,
499 4396 584 4448 ὅτι
630 4392 707 4464 μὴ
748 4394 930 4444 ἐκεῖνα
965 4387 1163 4460 μᾶλλον
1199 4384 1346 4454 αὐτῷ
1379 4381 1787 4452 θυμηρέστατα,

213 4490 509 4561 τριπόθητα
539 4486 596 4539 δὲ
628 4485 697 4538 τά
729 4484 817 4536 διὰ
855 4478 1114 4553 Χριστοῦ.
1145 4477 1255 4531 Καὶ
1305 4473 1433 4543 γοῦν
1465 4472 1570 4542 ἔφη
1606 4470 1788 4525 πάλιν

220 4602 236 4633 ι
274 4582 369 4635 Διά
412 4580 575 4634 τοῦτο
613 4576 919 4646 άπεθέρισα
960 4575 1086 4635 τοὺς
1127 4571 1410 4639 προφήτας
1446 4564 1629 4637 ὑμῶν,
1686 4564 1792 4616 ἀπ-

218 4675 422 4726 έκτεινα
442 4671 643 4733 αὐτοὺς
669 4671 725 4720 ἐν
748 4668 956 4740 ῥήμασι
984 4662 1249 4733 στόματός
1271 4674 1395 4730 μου,
1424 4656 1599 4711 καὶτὸ
1620 4656 1792 4727 κρίμα

221 4783 310 4834 μου
347 4765 423 4828 ὡς
469 4762 587 4831 φῶς
624 4758 993 4824 ἐξελεύσεται’
1041 4754 1175 4807 διότι
1208 4753 1353 4813 ἔλεος
1400 4749 1569 4811 θέλω,
1604 4747 1698 4800 καὶ
1730 4745 1791 4797 οὑ

220 4854 429 4918 θυσίαν,
461 4852 557 4903 καὶ⁵
611 4849 905 4915 ἐπίγνωσιν
955 4841 1124 4905 Θεοῦ,
1174 4841 1208 4911 ἦ
1258 4836 1705 4908 ὁλοκαυτώματα.
1768 4853 1786 4886 ι

221 4944 349 4997 Πολὺ
383 4944 495 5012 γάρ
520 4942 745 5011 ἄμεινον
776 4937 928 5008 παρά
955 4934 1075 5005 Θεῷ
1106 4935 1201 4987 καὶ⁵
1243 4932 1443 5004 μόσχου
1478 4930 1789 4991 πίπτοντος,

220 5037 306 5086 καὶ
333 5034 608 5105 προϐάτου
639 5029 877 5100 σφαγῆς,
908 5031 941 5098 ἡ
980 5029 1060 5090 εἰς
1093 5024 1354 5093 ἀδελφοὺς
1384 5023 1594 5092 ἀγάπη,
1625 5022 1704 5084 εἰς
1732 5021 1792 5074 τὸ

219 5126 305 5178 τοῦ
337 5128 503 5197 νόμου
545 5124 842 5194 πλήρωμα,
876 5120 970 5173 καὶ
1008 5117 1071 5170 τὸ
1116 5116 1378 5187 ὑπερέχον
1407 5115 1506 5185 τῆς
1540 5111 1792 5182 γνώσεως

221 5213 447 5285 Χριστοῦ
470 5253 486 5278 ,
523 5213 588 5267 δι’
616 5205 789 5283 οὗπερ
828 5209 894 5261 ἂν
924 5207 1135 5276 γένοιτο
1163 5206 1256 5259 καὶ
1288 5203 1448 5266 αὐτὸς
1481 5206 1614 5275 ἡμῖν
1655 5219 1794 5272 γνω-

222 5305 338 5367 στὸς
365 5306 394 5357 ὁ
425 5304 636 5375 Πατήρ.
673 5299 941 5373 Πρόξενον
971 5298 1025 5351 δὲ
1055 5298 1136 5350 ὅτι
1168 5298 1268 5368 τῆς
1316 5296 1536 5348 αἰωνίου
1564 5293 1707 5364 ζωῆς
1735 5293 1796 5346 τὸ

222 5394 403 5465 χρῆμά
431 5396 598 5458 ἐστιν,
626 5392 728 5445 οὐκ
759 5388 1016 5461 ἐνδοιάσῃ
1052 5406 1137 5452 τις
1168 5387 1254 5453 ἂν,
1287 5382 1523 5456 Χριστοῦ
1549 5383 1798 5453 λέγοντος

222 5486 351 5555 πρὸς
373 5485 465 5540 τὸν
498 5488 555 5541 ἐν
585 5486 701 5547 τοῖς
727 5482 975 5555 οὐρανοῖς
1018 5480 1258 5551 Πατέραο
1287 5477 1436 5546 Αὕτη
1482 5476 1540 5531 δέ
1583 5478 1730 5529 ἐστιν
1763 5478 1795 5547 ἡ

223 5576 433 5643 αἰώνιος
463 5578 575 5650 ζωὴ
596 5618 611 5643 ,
650 5575 741 5631 ἵνα
772 5573 1084 5645 γινώσκωσι
1116 5589 1177 5625 σε
1215 5572 1307 5625 τὸν
1342 5570 1501 5643 μόνον
1543 5568 1795 5639 ἀληθινὸν

224 5670 367 5736 Θεὸν,
395 5672 488 5725 καὶ
517 5671 577 5725 ὃν
614 5667 947 5730 ἀπέστειλας
982 5664 1190 5737 Ἰησοῦν
1229 5662 1486 5734 Χριστόν.
1524 5680 1544 5714 ι
1596 5660 1791 5730 ’Δψευ-

298 5848 344 5879 ’⁸
364 5848 587 5903 Malach.
627 5864 666 5911 ι,
706 5845 793 5909 10,
846 5844 931 5898 Η.

1009 5845 1050 5875 ⁷³
1078 5843 1243 5897 llcbr.
1274 5858 1388 5905 vm,
1418 5842 1500 5893 l3.
1579 5842 1623 5872 τ’
1649 5840 1850 5895 Jerem.
1889 5855 1982 5903 vn,
2014 5839 2201 5895 21-25.

1881 3378 1986 3432 hoc
2020 3375 2271 3430 mandavi
2308 3375 2389 3429 eis
2421 3376 2612 3430 dicens
2636 3393 2647 3427 :
2669 3374 2868 3428 Audite
2902 3389 3093 3427 vocem
3127 3388 3303 3427 meam
3332 3373 3399 3427 τ’.
3438 3392 3459 3425 ι

1880 3465 2035 3532 Quod
2072 3465 2219 3519 enim
2266 3464 2334 3518 ad
2373 3465 2703 3535 prtecipuam
2756 3463 3087 3518 institutoris
3127 3464 3467 3518 voluntatem

1881 3558 2143 3628 pertinet,
2176 3572 2245 3611 nc
2292 3572 2323 3609 a
2369 3555 2639 3626 principio
2669 3555 2891 3625 quidem
2926 3555 3038 3609 ullo
3072 3554 3235 3609 modo
3266 3555 3470 3611 divinis

1883 3649 2121 3704 oraculis
2154 3647 2352 3701 tradita
2387 3646 2583 3702 fuisset
2612 3648 2705 3701 illa
2738 3647 2921 3701 adhuc
2964 3646 3019 3700 in
3049 3647 3261 3701 umbris
3293 3648 3469 3718 posita

1884 3744 1993 3806 lex,
2026 3740 2072 3795 si
2104 3740 2171 3794 de
2197 3740 2347 3794 cultu
2370 3738 2640 3809 spirituali
2662 3740 2935 3794 silendum
2969 3738 3185 3794 fuisset.
3216 3739 3322 3793 Sed
3341 3739 3471 3809 quia

1885 3834 2064 3906 gravis
2092 3841 2211 3887 erat
2256 3848 2321 3887 ea
2356 3848 2462 3897 res,
2499 3840 2556 3887 ct
2588 3832 2655 3886 ad
2703 3833 2958 3903 perfecta:
2988 3832 3208 3888 virtutis
3249 3833 3472 3889 absolu-

1888 3926 2091 3981 tionem
2121 3924 2270 3979 illius
2301 3924 2562 3994 temporis
2596 3924 2914 3980 hominibus
2941 3925 3085 3979 haud
3115 3925 3291 3980 facilis
3317 3934 3471 3996 pate-

1886 4016 1981 4070 bat
2010 4030 2292 4080 accessus;
2319 4014 2429 4068 imo
2455 4030 2606 4078 vero,
2637 4030 2760 4068 mea
2786 4015 3007 4083 quidem
3037 4016 3329 4081 sententia,
3366 4017 3473 4072 du-

1889 4123 2010 4162 rum
2040 4107 2095 4161 id
2138 4114 2258 4161 erat
2284 4113 2339 4160 et
2363 4121 2649 4175 asperum;
2693 4106 2781 4159 lex
2821 4107 3021 4175 scripta
3053 4106 3205 4161 velut
3246 4107 3475 4176 puerilis
3537 4117 3545 4123 ‘

1890 4199 2138 4269 qumdam
2170 4196 2510 4261 exercitatio,
2542 4211 2665 4264 qua:
2691 4194 2919 4249 formam
2951 4196 3199 4251 veritatis
3222 4196 3473 4261 haberet,

1892 4291 2125 4361 sapienti
2150 4288 2522 4344 moderatione
2563 4288 2860 4340 constituta
2890 4294 2991 4339 est.
3023 4285 3294 4340 Caeterum
3326 4287 3476 4343 haud

1892 4384 2124 4438 obscure
2172 4378 2501 4451 signiﬁcavit
2550 4378 2710 4431 nobis
2752 4377 2843 4430 ille
2890 4376 3169 4446 legislator
3212 4393 3321 4430 non
3354 4393 3478 4434 esse

1893 4475 1987 4529 illa
2033 4473 2137 4527 sibi
2173 4470 2514 4542 gratissima,
2554 4468 2688 4537 quin
2735 4467 2919 4537 potius
2962 4467 3369 4537 exoptatissima
3420 4484 3478 4524 se

1895 4567 2120 4625 habere.
2166 4579 2287 4633 quae
2329 4570 2517 4632 postea
2548 4575 2645 4630 per
2683 4558 2961 4615 Christum
2993 4559 3360 4631 praecipienda
3389 4577 3478 4616 es~

1900 4666 2042 4713 sent.
2083 4656 2272 4724 Itaque
2298 4652 2435 4707 dixit
2467 4652 2667 4707 iterum
2701 4669 2714 4705 :
2754 4671 2771 4702 ι
2809 4652 3038 4722 Pr0pter
3067 4652 3173 4708 hoc
3205 4652 3478 4709 demessui

1899 4747 2196 4819 pmphetas
2219 4754 2449 4809 vestros,
2482 4742 2657 4798 occidi
2698 4758 2793 4798 eos
2834 4743 2888 4797 in
2918 4743 3104 4799 verbis
3131 4744 3243 4799 oris
3269 4746 3396 4810 mei,
3425 4752 3479 4799 et

1893 4838 2165 4911 judicium
2202 4850 2384 4889 meum
2414 4834 2570 4904 quasi
2603 4834 2695 4889 lux
2728 4834 3071 4905 egredietur;
3102 4834 3228 4903 quia
3259 4834 3479 4888 miscri-

1900 4928 2143 4985 cordiam
2172 4928 2314 4993 volo,
2345 4936 2401 4982 et
2427 4943 2538 4981 non
2567 4925 2919 4991 sacriﬁcium,
2962 4935 3017 4980 et
3058 4925 3339 4979 scientiam
3383 4925 3479 4980 Dei

1894 5021 2069 5093 magis
2096 5035 2262 5090 quam
2308 5020 2694 5076 holocaustum
2724 5021 2791 5074 ’³.
2831 5039 2849 5071 ι
2884 5020 2995 5074 Deo
3039 5019 3241 5089 quippe
3286 5024 3342 5072 et
3384 5033 3479 5071 ca-

1895 5112 2060 5168 dente
2124 5113 2329 5177 vitulo,
2377 5124 2433 5168 ct
2470 5129 2571 5168 ove
2633 5129 2771 5168 caesa
2829 5098 3036 5182 gratior
3107 5119 3191 5164 est
3260 5109 3350 5164 illa
3422 5109 3480 5165 in

1894 5204 2093 5258 fratres
2134 5203 2378 5269 dilectio,
2424 5222 2531 5274 qua
2556 5205 2643 5259 lex
2689 5204 2966 5274 impletur,
3006 5210 3062 5257 et
3104 5202 3194 5257 illa
3229 5203 3480 5257 eminens

1897 5296 2126 5353 scientia
2146 5295 2370 5361 Christi,
2396 5311 2494 5366 per
2514 5311 2677 5366 quam
2703 5293 2817 5365 ipse
2841 5310 3059 5364 quoque
3087 5294 3247 5349 Pater
3267 5311 3297 5349 a
3318 5294 3479 5349 nobis

1895 5388 2266 5459 cognoscitur.
2316 5386 2611 5443 Conciliari
2670 5402 2802 5441 vero
2848 5387 3008 5441 nobis
3056 5388 3158 5444 hac
3202 5403 3261 5444 re
3310 5386 3479 5442 vitam

1893 5488 2174 5542 aeternam,
2202 5493 2364 5532 nemo
2392 5476 2747 5541 dubitaverit,
2778 5475 2995 5532 Christo
3020 5477 3087 5531 ad
3118 5478 3354 5541 Patrem,
3382 5476 3478 5547 qui

1896 5571 1952 5625 in
1979 5571 2133 5627 cmlis
2155 5579 2261 5635 est,
2309 5569 2527 5624 dicente
2555 5569 2604 5601 ”
2646 5587 2657 5621 :
2698 5588 2715 5620 ι
2751 5569 2876 5625 Ηαξο
2902 5577 2986 5624 est
3028 5569 3137 5623 vita
3160 5577 3383 5632 aeterna,
3418 5577 3479 5622 ut

1893 5672 2225 5734 cognoscant
2250 5670 2301 5716 te
2329 5661 2507 5716 solum
2548 5677 2741 5717 verum
2771 5662 2965 5728 Deum,
2994 5671 3050 5718 et
3072 5677 3236 5731 quem
3258 5660 3479 5727 misisti,

2280 5840 2325 5873 ⁷⁸
2350 5839 2510 5908 Osee,
2538 5858 2609 5908 τι,
2651 5843 2702 5907 5,
2731 5843 2781 5897 6.
2852 5842 2898 5874 "
2914 5842 3069 5898 Joan.
3093 5858 3225 5906 xv",
3249 5840 3303 5897 5.
