4046 6510
624 403 734 460 ἳ27
1647 402 1705 458 S.
1746 400 2025 458 CYRILLI
2063 399 2533 457 ALEXANDRINI
2570 399 2888 455 ARCHIEP.
3744 401 3828 459 29.3

626 502 816 559 Jesum
830 500 1131 557 ChriStum.
1146 519 1163 552 ι
1186 500 1305 556 Non
1324 498 1545 554 mentiri
1564 508 1747 553 autem
1770 514 2001 568 usquam
2026 499 2211 569 aliquo

2239 507 2285 562 Α
2313 497 2468 567 δήσει
2493 496 2549 549 δὲ
2581 497 2662 550 ὅτι
2705 497 2882 567 πάντη
2927 510 2986 546 τε
3022 493 3121 548 καὶ
3157 492 3376 556 πάντως
3408 494 3441 564 ή
3479 494 3713 566 ἀλήθεια,
3736 503 3829 568 πῶς

632 603 793 665 pacto
826 594 1148 658 Veritatem,
1188 592 1469 663 quomodo
1498 591 1703 662 ambigi
1749 591 1967 661 potest?

1260 592 1469 647 omodo
1498 591 1703 662 ambigi
1749 591 1967 661 potest?
2318 587 2466 640 ἔστιν
2493 586 2858 657 ἀμφιϐαλεῖν;

701 686 896 741 PALL.
928 687 1147 741 Minime
1178 700 1329 739 vero.

2386 679 2600 733 IIAAA.
2626 677 2867 733 Ἥκιστά
2900 695 2984 746 γε.

666 777 822 833 CYR.
842 776 947 831 Sed
964 784 1316 846 posteaquam
1336 774 1498 829 Israel
1515 775 1584 829 ab
1598 775 1716 846 ejus
1732 784 1815 830 est
1830 774 2216 845 conjunctione

2386 772 2549 826 ΚΥΡ.
2592 771 3057 843 Ἀπολισθήσαντα
3081 770 3137 824 δὲ
3165 770 3262 841 τῆς
3288 768 3424 841 πρὸς
3450 772 3599 827 αὐτὸν
3619 778 3832 856 οἰκειότης

632 870 905 939 dilapsus;
942 867 1143 936 quippe
1174 866 1338 921 ﬁdem
1372 881 1667 935 respuens,
1699 882 1807 921 non
1839 866 1946 936 59
1962 866 2216 935 cognovit

2316 880 2407 927 τος
2452 863 2545 917 τὸν
2602 862 2839 934 Ἰσραὴλ,
2890 863 3011 916 ἐπεί
3041 880 3122 916 τοι
3155 861 3253 932 τὴν
3286 862 3465 915 πίστιν
3500 864 3558 916 ού
3596 876 3830 941 προσηκά.

629 959 835 1021 Deum,
869 956 1214 1026 apertissime
1249 963 1486 1010 testatur
1535 972 1648 1010 non
1705 956 1811 1010 alia
1854 956 2063 1009 ratione
2098 954 2215 1009 fore

2319 972 2496 1026 μενος,
2530 956 2630 1009 οὐκ
2650 954 2791 1024 ἔγνω
2819 955 2953 1009 Θεὸν
2974 996 2988 1020 ,
3019 957 3119 1026 οὐχ
3164 954 3365 1025 ἑτέρως
3396 955 3667 1027 ἐπανήξειν
3691 965 3758 1027 εἱς
3785 968 3832 1021 τὸ

629 1060 693 1104 ut
728 1049 796 1104 ad
831 1049 1117 1118 antiquam
1162 1049 1310 1103 illam
1342 1049 1666 1119 dignitatem
1710 1048 1919 1112 redeat,
1966 1046 2070 1101 nisi
2117 1062 2216 1116 per

2314 1044 2572 1115 άπαρχῆς
2599 1040 2660 1098 εὖ
2689 1044 2834 1114 μάλα
2857 1044 3042 1121 φησὶν,
3067 1043 3206 1114 πλὴν
3231 1044 3312 1096 ὅτι
3334 1042 3421 1095 διὰ
3444 1045 3597 1113 μόνου
3620 1049 3832 1120 Χριστοῦ,

626 1143 911 1199 Christum
940 1140 1118 1196 solum
1144 1181 1159 1205 ,
1192 1140 1425 1211 abjectis
1464 1140 1573 1194 illis
1613 1140 1884 1210 legalibus
1924 1139 2209 1193 institutis.

2314 1136 2695 1205 καταλήξαντα
2726 1134 2837 1187 τῶν
2867 1134 3006 1187 ἐθῶν
3031 1133 3137 1187 τῶν
3163 1133 3305 1187 κατὰ
3334 1133 3516 1203 νόμον.
3549 1137 3832 1208 Γέγραπται,

629 1231 818 1300 Itaque
847 1230 1115 1299 scriptum
1144 1239 1260 1284 est:
1299 1249 1316 1280 ι
1353 1228 1492 1295 Quia
1510 1229 1709 1284 diebus
1734 1229 1924 1283 multis
1942 1228 2216 1283 scdebunt

2312 1226 2368 1279 δὲ
2397 1222 2489 1280 αὖ·
2525 1244 2543 1277 ι
2578 1227 2725 1280 Διότι
2750 1225 2965 1297 ἡμέρας
2996 1225 3197 1288 πολλάς
3226 1224 3535 1279 καθίσονται
3559 1228 3604 1279 οἱ
3630 1232 3721 1283 υἱοὶ
3756 1235 3834 1287 Ἱσ.

629 1319 729 1374 ﬁlii
766 1317 931 1374 Israel
962 1319 1082 1373 sine
1104 1335 1250 1391 rege,
1288 1321 1408 1375 sine
1442 1320 1712 1390 principe,
1754 1319 1875 1373 sine
1919 1318 2211 1385 sacriﬁcio,

2319 1319 2474 1391 ραὴλ,
2505 1320 2604 1372 οὐκ
2637 1319 2787 1382 ὄντος
2831 1318 3217 1390 θυσιαστηρίου
3238 1358 3253 1382 ,
3286 1318 3409 1371 οὐδὲ
3457 1319 3722 1390 ἱερατείας.
3744 1328 3835 1381 οὐδὲ

630 1412 751 1467 sine
777 1412 955 1477 altari,
980 1412 1097 1467 sine
1131 1412 1457 1476 sacerdotio,
1490 1411 1610 1465 sine
1634 1410 2171 1465 manifestationibus
2198 1428 2210 1463 :

2313 1411 2513 1483 δήλων⁸
2540 1414 2635 1466 καλ⁸
2663 1412 2802 1483 μετὰ
2828 1411 3002 1464 ταῦτα
3028 1410 3447 1483 ἐπιστρέφουσιν
3469 1412 3516 1463 οἱ
3539 1413 3638 1465 υἱοὶ
3665 1414 3837 1489 Ἰσραὴλ

632 1513 689 1557 et
718 1511 841 1573 post
868 1504 984 1557 hzec
1011 1510 1358 1558 revertentur
1381 1502 1477 1555 ﬁlii
1506 1502 1694 1565 Israel,
1722 1508 1777 1555 et
1810 1510 2057 1570 quaerent
2109 1502 2216 1556 Do-

2314 1503 2408 1555 καὶ
2431 1502 2823 1573 ἐπιζητήσουσι
2850 1502 3055 1572 Κύριον
3079 1502 3171 1554 τὸν
3198 1502 3333 1555 Θεὸν
3367 1502 3565 1567 αὐτῶν,
3597 1504 3679 1556 καὶ
3709 1507 3837 1560 mea

633 1596 847 1649 minum
875 1596 1046 1650 Deum
1074 1611 1259 1659 suum,
1293 1594 1536 1649 etDavid
1566 1610 1750 1664 regem
1783 1609 1970 1659 suum,
2008 1602 2063 1648 ct
2102 1602 2216 1647 stu-

2312 1594 2404 1646 τδν
2442 1593 2663 1663 βασιλέα
2696 1592 2899 1659 αὐτῶν,
2942 1594 3036 1646 καὶ
3065 1594 3423 1665 ἐκστήσονται
3450 1595 3540 1646 ἐπὶ
3571 1595 3642 1665 τῷ
3666 1597 3836 1667 Κυρίῳ,

633 1688 845 1758 pebunt
870 1687 925 1740 in
956 1686 1187 1741 Domino
1219 1695 1275 1740 et
1331 1686 1387 1739 in
1421 1685 1582 1739 bonis
1608 1686 1748 1754 ejus,
1807 1684 1863 1739 in
1910 1684 2214 1738 novissimo

2314 1685 2410 1735 καὶ
2435 1682 2528 1736 ἐπὶ
2561 1684 2675 1746 τοῖς
2714 1682 2940 1750 ἀγαθοῖς
2971 1681 3135 1736 αὐτοῦ
3167 1683 3253 1735 ἐπ’
3286 1684 3531 1753 ἐσχάτων
3554 1680 3738 1738 τούτων
3756 1688 3838 1739 τῶν

634 1778 725 1832 die
761 1778 825 1831 ⁷⁸.
880 1797 899 1829 ι
940 1776 1077 1832 Cum
1101 1778 1248 1831 enim
1288 1777 1577 1846 plenitudo
1609 1776 1853 1845 gentium
1894 1777 2209 1842 intraverit,

2315 1774 2557 1845 ἡμερῶν.
2591 1794 2610 1825 ι
2646 1775 2815 1829 Ὅταν
2850 1774 2957 1847 γὰρ
3001 1775 3062 1827 τὸ
3102 1775 3376 1846 πλήρωμα
3422 1776 3531 1828 τῶν
3563 1776 3714 1830 ἐθνῶν
3752 1782 3839 1833 εἱσ-

634 1876 769 1923 tunc
790 1868 972 1922 omnis
1003 1868 1165 1921 Israel
1196 1867 1532 1933 salvabitur;
1562 1867 1658 1921 sed
1694 1867 1747 1920 in
1765 1866 1987 1921 Christo
2008 1875 2209 1930 tamen,

2246 1877 2287 1931 Β
2319 1867 2483 1939 έλθῃ,
2535 1867 2657 1920 τότε
2701 1869 2809 1932 πᾶς
2869 1866 3087 1939 Ἰσραὴλ
3135 1867 3462 1937 σωθήσεται’
3495 1868 3629 1939 πλὴν
3669 1871 3717 1921 ἐν
3740 1872 3842 1941 Χρι-

633 1958 728 2027 qui
774 1960 1076 2029 appellatus
1109 1968 1193 2013 est
1231 1959 1425 2023 David,
1481 1958 1628 2029 quod
1668 1976 1735 2013 ex
1787 1960 1997 2014 semine
2040 1962 2113 2015 sit
2161 1970 2217 2016 et

2321 1959 2451 2029 στῷ·
2494 1960 2911 2030 κατωνόμασται
2959 1959 3015 2011 δὲ
3047 1959 3214 2012 Δαϐἱδ
3247 1959 3335 2013 διὰ
3379 1959 3441 2011 τὺ
3485 1960 3546 2011 ἐκ
3584 1962 3842 2032 σπέρματος

634 2050 780 2103 tribu
813 2050 1004 2104 David.
1036 2049 1170 2105 Esse
1223 2051 1353 2106 item
1403 2051 1521 2121 ipsa
1547 2067 1767 2120 quoque
1798 2068 1865 2105 cx
1894 2052 2013 2122 lege
2043 2052 2217 2106 sacri-

2319 2046 2584 2105 εἶναικαὶ
2626 2053 2690 2104 ἐκ
2722 2051 2894 2123 φυλῆς
2939 2050 3032 2105 τοῦ
3072 2051 3255 2106 Δαόίδ.
3312 2050 3766 2123 Ἀναιρεθήσεσθαι
3803 2054 3844 2107 δὲ

634 2142 755 2197 ﬁcia
782 2143 1042 2208 tollenda,
1078 2144 1363 2197 conﬁrmat
1403 2159 1502 2213 per
1528 2144 1754 2202 Joelem.
1785 2144 2010 2199 dicens:
2060 2165 2077 2195 (
2110 2146 2217 2199 Ac-

2323 2145 2418 2198 καὶ
2440 2144 2608 2208 αὐτάς
2628 2144 2727 2208 τὰς
2748 2144 2890 2197 κατὰ
2919 2142 3082 2214 νόμον
3110 2142 3299 2206 Θυσίας
3324 2142 3679 2197 διεϐεϐαιοῦτο
3700 2146 3844 2213 σαφῶς

634 2234 917 2305 cingimini
949 2243 1005 2289 et
1038 2235 1299 2305 plangite,
1342 2236 1690 2300 sacerdotes;
1715 2235 2087 2289 lamentamini
2124 2235 2218 2305 qui

2321 2233 2409 2286 διὰ
2448 2232 2599 2304 ἰωὴλ
2627 2233 2802 2301 λέγων
2834 2250 2848 2264 ’
2901 2252 2919 2284 ι
2960 2231 3346 2304 Περιζὼσασθε
3400 2234 3498 2287 καὶ
3547 2233 3778 2287 κόπτεσθε
3810 2238 3846 2286 οἱ

634 2324 961 2379 ministratis
986 2324 1146 2379 altari
1184 2324 1438 2391 Domini;
1475 2324 1851 2393 ingredimini,
1902 2325 2136 2379 dormite
2166 2325 2221 2379 in

2326 2326 2525 2396 ἱερεῖς,
2599 2325 2847 2396 θρηνεῖτε
2876 2326 2926 2378 οἱ
2991 2324 3436 2396 λειτουργοῦντες
3498 2325 3844 2398 θυσιαστηρίῳ,

638 2415 832 2479 saccis,
857 2415 1236 2471 ministrantes
1261 2416 1409 2481 Deo;
1446 2416 1577 2484 quia
1611 2415 1814 2470 defecit
1846 2416 1915 2470 de
1942 2416 2106 2470 domo
2122 2415 2221 2469 Dei

2323 2416 2631 2482 εἱσέλθετε,
2689 2416 2976 2469 ὑπνώσατε
3036 2416 3094 2469 ἐν
3166 2418 3392 2480 σάκκοις
3460 2415 3850 2490 λειτουργοῦντες

636 2505 804 2559 vestri
853 2505 1183 2560 sacriﬁcium
1242 2514 1298 2560 et
1340 2505 1535 2559 libatio
1581 2507 1648 2558 ".
1696 2524 1715 2556 ι
1758 2507 1827 2560 Et
1879 2507 2077 2561 iterum
2124 2523 2224 2577 per

2324 2508 2464 2579 Θεᾷν
2505 2508 2589 2562 ὅτι
2620 2508 2921 2579 ἁπέσχικεν
2956 2507 3015 2576 ἐξ
3063 2508 3212 2562 οἱκου
3242 2508 3377 2562 Θεοῦ
3416 2508 3572 2578 ὑμῶν
3616 2509 3757 2564 θυσία
3778 2512 3850 2564 καὶ

636 2595 891 2650 eumdem
917 2597 1273 2667 prophetam:
1308 2614 1326 2647 ι
1354 2595 1644 2651 Sublatum
1680 2604 1766 2651 est
1802 2597 2131 2651 sacriﬁcium
2167 2606 2224 2652 et

2327 2600 2551 2671 σπονδή.
2574 2619 2592 2651 ι
2617 2601 2728 2655 Καὶ
2749 2600 2909 2655 πάλιν
2934 2602 3005 2654 δι’
3028 2600 3196 2654 αὐτοῦ
3215 2600 3309 2654 τοῦ
3337 2603 3639 2673 προφήτου·
3664 2622 3681 2654 ι
3700 2602 3852 2675 Ἐξῆρε

636 2686 829 2741 libatio
879 2687 949 2742 de
998 2688 1162 2741 domo
1214 2687 1467 2753 Domini;
1515 2688 1720 2756 lugete,
1758 2688 2089 2752 sacerdotes,
2121 2688 2224 2742 mi-

2324 2681 2415 2747 ’ἕαι
2454 2693 2615 2747 θυσία
2658 2695 2751 2747 καὶ
2793 2693 2992 2765 σπονδὴ
3030 2692 3089 2758 ἐξ
3118 2693 3268 2746 οἴκου
3304 2694 3537 2766 Κυρίου·
3579 2694 3792 2748 πενθεῖτε
3815 2699 3850 2749 οἱ

637 2778 799 2833 nistri
829 2779 1049 2833 Domini
1079 2780 1144 2832 ⁷⁷.
1186 2798 1203 2829 ι
1236 2778 1319 2833 Ad
1354 2779 1476 2833 haec
1500 2779 1681 2849 ipsum
1712 2795 1933 2850 quoque
1964 2780 2223 2834 taberna-

2326 2788 2491 2856 ἱερεῖς
2523 2785 2964 2857 λειτουργοῦντες
3009 2785 3088 2856 τῷ
3129 2785 3526 2857 θυσιαστηρίῳ.
3575 2806 3593 2839 ι
3628 2788 3727 2840 Καὶ
3751 2790 3855 2860 πρός

638 2870 825 2923 culum
856 2868 971 2923 fore
992 2876 1054 2922 ut
1081 2884 1111 2923 e
1139 2869 1324 2924 medio
1350 2871 1661 2935 tolleretur,
1708 2870 1987 2940 pollicitus
2024 2879 2107 2925 est
2136 2871 2224 2925 his

2325 2894 2391 2947 γε
2435 2877 2499 2947 δὴ
2530 2876 2769 2941 τούτοις,
2798 2876 2893 2930 καὶ
2922 2874 3091 2947 αὐτὴν
3133 2877 3196 2928 ἐκ
3238 2877 3402 2947 μέσου
3444 2878 3747 2948 γενήσεσθαι
3782 2879 3855 2950 τὴν

638 2960 858 3015 verbis:
891 2981 908 3011 ι
938 2961 1007 3015 Et
1022 2961 1148 3025 erit,
1172 2962 1218 3015 si
1246 2961 1598 3031 multiplicati
1622 2962 1859 3026 fueritis,
1891 2970 1947 3016 et
1978 2962 2219 3017 creveri-

2332 2970 2538 3042 σκηνὴν
2566 2970 2899 3039 ὑπισχνεῖτο,
2923 2968 3117 3037 λέγων’
3148 2986 3165 3019 ι
3201 2968 3310 3022 Καὶ
3340 2967 3517 3032 ἐσται,
3550 2968 3640 3021 ἐὰν
3668 2969 3858 3038 πληθυνο

642 3051 713 3107 tis
741 3068 907 3123 super
966 3061 1191 3116 terram,
1240 3052 1375 3106 dicit
1418 3052 1704 3118 Dominus,
1754 3054 1809 3107 in
1867 3053 2065 3107 diebus
2090 3053 2219 3117 illis,

2331 3063 2460 3133 θῆτε
2483 3100 2498 3126 ,
2543 3061 2638 3115 κα)⁸
2676 3059 2947 3131 αὐξηθῆτε
2979 3060 3071 3111 ἐπὶ
3103 3059 3201 3130 τῆς
3244 3060 3368 3129 γῆς,
3398 3060 3549 3129 λέγει
3583 3061 3787 3132 Κύριος,
3816 3063 3858 3113 ἑν

639 3159 751 3200 non
768 3144 954 3199 dicent
976 3144 1151 3198 ultra:
1182 3143 1323 3198 Arca
1349 3146 1664 3199 testamenti
1693 3145 1867 3199 sancti
1916 3144 2081 3199 Israel
2112 3160 2223 3199 non

2261 3212 2292 3223 η
2326 3156 2446 3217 ταῖς
2483 3152 2721 3223 ἡμέραις
2752 3150 2989 3214 ἐκείναις
3019 3150 3118 3202 οὐκ
3141 3149 3359 3220 ἐροῦσιν
3388 3150 3494 3215 ἔτι,
3528 3150 3752 3215 Κιὸωτδς
3775 3152 3859 3205 δια-

640 3237 905 3293 ascendet
931 3237 985 3291 in
1012 3252 1127 3301 cor,
1163 3252 1341 3306 neque
1376 3237 1775 3301 nominabitur,
1811 3252 1993 3307 neque
2030 3237 2222 3290 visita-

2262 3212 2295 3270 δ
2329 3212 2763 3315 θήκης-’Κυρίου
2815 3212 2981 3309 ἁγίου*
3030 3212 3246 3311 Ἱσραῆλ
3287 3240 3387 3293 οὐκ
3444 3212 3755 3312 ἀναϐήσεται
3791 3242 3860 3293 ἐπι

642 3326 813 3391 bitur,
853 3343 1034 3398 neque
1060 3328 1155 3383 ﬁet
1188 3330 1328 3383 ultra
1356 3330 1421 3383 ⁷⁸.
1462 3349 1479 3379 ι
1517 3329 1747 3384 Sublato
1789 3344 2027 3399 namque
2062 3328 2224 3399 peni-

2329 3336 2577 3407 καρδίαν,
2608 3334 2730 3388 οὐδὲ
2774 3332 3231 3403 όνομασθήσεται,
3263 3332 3384 3385 ούδέ
3429 3332 3861 3402 ἐπισκεφθήσεται,

644 3426 732 3473 tus
748 3418 928 3489 typico
958 3428 1296 3488 cruentoque
1324 3419 1613 3484 sacriﬁcio,
1632 3420 2033 3485 necessarium,
2054 3435 2226 3490 prope

2328 3428 2423 3483 καὶ
2454 3428 2514 3481 ού
2540 3426 2899 3497 ποιηθήσεται
2930 3423 3031 3478 ἐτι.
3078 3442 3096 3475 ι
3150 3424 3665 3497 Ἀνατετραμμένης
3689 3424 3783 3494 γάρ
3802 3426 3860 3487 εἱς

646 3508 901 3573 dixerim,
930 3509 1052 3573 fuit,
1084 3510 1252 3566 etiam
1284 3511 1463 3580 ipsum
1502 3511 1619 3565 tolli
1648 3510 1716 3565 de
1756 3510 1941 3565 medio
1968 3512 2228 3566 taberna-

2328 3521 2389 3574 τὸ
2418 3519 2678 3580 παντελὲς
2716 3517 2814 3587 τῆς
2850 3517 2907 3568 ἐν
2948 3514 3141 3578 τύποις
3173 3513 3253 3567 ἐτι
3293 3516 3387 3568 καὶ
3420 3514 3491 3567 δι’
3523 3515 3752 3586 αἱμάτων
3788 3514 3862 3566 θυ-

646 3600 831 3653 culum
854 3616 868 3665 ;
900 3601 1103 3670 quippe
1121 3616 1246 3655 cum
1278 3602 1465 3655 verius
1506 3602 1642 3656 illud
1668 3617 1736 3657 ex
1756 3602 1991 3657 adverso
2018 3603 2228 3657 excita-

2331 3592 2473 3673 σίας,
2507 3607 2722 3678 ἀνάγκη
2754 3623 2871 3669 πως
2898 3600 2988 3677 ἦν,
3019 3605 3114 3657 καὶ
3142 3603 3313 3675 αὐτὴν
3348 3605 3411 3658 ἐκ
3448 3605 3616 3675 μέσου
3642 3604 3862 3658 ποιεῖσθαι

648 3700 765 3745 tum
826 3701 993 3757 esset,
1052 3691 1109 3746 id
1160 3702 1264 3757 est,
1322 3693 1591 3757 Ecclesia,
1629 3693 1698 3747 de
1765 3709 1873 3764 qua
1932 3694 2047 3764 ipse
2082 3693 2229 3749 idem

2330 3701 2430 3771 τὴν
2462 3697 2686 3768 σκηνὴν,
2722 3695 2817 3749 an:
2854 3695 2919 3766 δὴ
2954 3695 3052 3765 τῆς
3100 3693 3473 3767 ἀληθεστέρας
3506 3694 3864 3767 άντεγηγερμέ-

648 3782 903 3837 Christus
917 3785 1012 3847 ait,
1040 3802 1057 3833 ι
1081 3784 1181 3839 llic
1210 3784 1491 3849 habitabo,
1517 3786 1778 3854 quoniam
1802 3786 1939 3856 elegi
1958 3802 2080 3841 eam
2099 3787 2177 3840 τ’.
2204 3805 2222 3836 ι

2331 3809 2430 3861 νης
2448 3834 2463 3857 ,
2486 3790 2630 3844 τοῦτ’
2664 3789 2779 3841 ἐστι
2797 3828 2811 3852 ,
2840 3788 2939 3858 τῆς
2982 3786 3328 3857 Ἐκκλησίας,
3363 3787 3507 3859 ὑπὲρ
3536 3784 3604 3860 ἦς
3631 3790 3715 3840 καὶ
3740 3786 3866 3847 αὐτὸς

647 3872 767 3927 Jam
807 3889 938 3927 vero
968 3874 1175 3928 cultum
1209 3875 1364 3929 illum
1411 3876 1814 3930 immutandum
1853 3877 2043 3942 fuisse,
2068 3885 2123 3931 et
2176 3877 2232 3931 in

2333 3884 2439 3953 ἐφη
2463 3880 2717 3953 Χριστός·
2756 3898 2775 3931 ι
2808 3873 2935 3930 ’Ὧδε
2966 3879 3295 3948 κατοικήσω,
3329 3878 3413 3931 ὃτι
3450 3878 3772 3951 ᾑρετισάμην
3794 3876 3866 3929 αὑ-

650 3966 935 4021 meliorem
963 3966 1193 4021 formam
1241 3967 1776 4031 transferendum,in
1809 3984 1955 4032 eum,
1986 3969 2230 4037 inquam,

2332 3971 2454 4042 τήν.
2496 3989 2514 4021 ι
2544 3968 2652 4022 Καὶ
2689 3969 2771 4021 ὅτι
2800 3968 3185 4039 μεταχωρήσει
3218 3967 3310 4020 καὶ
3351 3970 3742 4040 μεταστήσεται
3765 3968 3869 4039 πρὸς

650 4057 881 4119 cultum,
935 4057 1029 4126 qui
1082 4056 1139 4110 in
1197 4056 1416 4112 Christo
1444 4057 1756 4123 exhibetur,
1806 4074 1869 4113 ac
1906 4075 2080 4113 novus
2125 4066 2231 4123 est,

2333 4062 2395 4114 τὸ
2425 4062 2646 4131 ἄμεινον
2676 4060 2775 4129 τῆς
2808 4057 3062 4129 λατρείας
3094 4060 3123 4111 ό
3158 4058 3355 4128 τρόπος
3394 4059 3537 4129 πρὸς
3560 4058 3656 4129 τὴν
3684 4060 3735 4111 ἐν
3762 4058 3868 4127 Χριο

653 4148 1007 4220 perspicuum
1056 4148 1150 4203 ﬁet
1179 4149 1248 4203 iis
1276 4148 1609 4219 verbisjquze
1638 4148 1710 4204 de
1732 4150 1844 4203 Deo
1873 4150 2092 4219 scripsit
2119 4150 2233 4204 Ma-

2339 4151 2448 4222 στῷ
2473 4152 2565 4204 καὶ
2592 4150 2739 4211 νέαν,
2766 4150 2935 4218 σαφὲς
2958 4148 3024 4202 ἂν
3050 4148 3281 4217 γένοιτο,
3302 4148 3608 4220 γράφοντος
3630 4152 3751 4220 ἡμῖν
3772 4149 3871 4219 περὶ

652 4242 881 4304 lacbias,
944 4260 962 4292 ι
1020 4242 1088 4296 Ει
1131 4241 1389 4313 purgabit
1430 4240 1571 4296 ﬁlios
1621 4241 1776 4307 Levi,
1812 4251 1869 4297 et
1910 4242 2102 4297 fundet
2140 4257 2235 4297 eos

2338 4242 2474 4297 Θεοῦ
2500 4242 2593 4295 τοῦ
2614 4241 2921 4312 Μαλαχίου’
2952 4258 2971 4293 ι
3011 4241 3123 4294 Καὶ
3144 4238 3400 4312 καθαριεῖ
3428 4243 3558 4304 τοὺς
3591 4243 3727 4303 υἱοὺς
3750 4238 3868 4302 Λευῖ,

652 4334 804 4387 velut
840 4349 1037 4387 aurum
1078 4342 1135 4388 et
1174 4334 1325 4388 velut
1362 4342 1649 4404 argentum
1691 4350 1704 4386 :
1734 4340 1789 4389 et
1808 4341 1968 4389 erunt
2002 4334 2235 4388 Domino

2337 4336 2433 4390 καὶ
2462 4336 2578 4405 χεεῖ
2604 4335 2691 4387 ἐπ’
2723 4333 2918 4396 αὐτοὺς
2948 4331 3139 4402 ὥσπερ
3165 4332 3226 4386 τὸ
3249 4332 3495 4403 χρυσίον,
3525 4333 3619 4386 καὶ
3644 4332 3715 4394 ὡς
3738 4328 3872 4401 ἀργύ-

653 4423 950 4477 oﬂ‘erentes
990 4422 1320 4477 sacriﬁcium
1367 4422 1423 4477 in
1469 4422 1721 4493 justitia,
1752 4430 1810 4477 et
1850 4422 2087 4492 placebit
2123 4424 2236 4478 Deo

2340 4444 2473 4501 ριον·
2497 4428 2592 4481 καὶ
2628 4425 2842 4480 έσονται
2889 4424 2967 4495 τῷ
3005 4424 3193 4495 Κυρίῳ
3230 4425 3601 4496 προσάγοντες
3635 4424 3804 4476 θυσίαν
3830 4422 3872 4473 ἐν

655 4514 983 4569 sacriﬁcium
1006 4516 1165 4579 Iuda,
1196 4525 1251 4569 et
1280 4516 1604 4579 Jerusalem,
1630 4515 1776 4569 sicut
1801 4515 1920 4569 dies
1942 4516 2145 4579 saeculi,
2177 4524 2233 4570 et

2277 4543 2309 4597 ο
2336 4518 2674 4588 δικαιοσύνῃ,
2706 4517 2802 4570 καὶ
2846 4515 3032 4587 άρέσει
3077 4514 3155 4585 τῷ
3182 4513 3301 4585 Θεῷ
3331 4516 3364 4586 ή
3399 4514 3563 4568 θυσία
3603 4514 3778 4578 Ἰούδα,
3803 4512 3875 4565 καὶ

656 4606 801 4659 sicut
824 4606 952 4658 anni
990 4606 1203 4675 priores
1226 4607 1293 4659 ⁸⁸.
1336 4626 1353 4656 ι
1384 4606 1649 4677 Intelligis
1685 4606 1855 4676 igitur
1878 4606 2235 4675 quemadmo-

2351 4609 2728 4681 Ἰερουσαλὴμ,
2755 4606 2939 4671 καθὼς
2962 4608 2995 4678 ή
3024 4606 3209 4679 ἡμέρα
3233 4604 3328 4659 τοῦ
3361 4606 3580 4672 αἰῶνος,
3613 4608 3702 4659 καὶ
3727 4602 3875 4665 καθὼς

657 4695 790 4749 dum
844 4696 1015 4750 veluti
1067 4711 1264 4749 novam
1313 4697 1709 4766 propemodum
1774 4697 2117 4751 recusionem
2169 4712 2233 4751 ac

2337 4700 2406 4755 τὰ
2435 4700 2531 4770 ἐτη
2560 4699 2629 4752 τὰ
2656 4698 2984 4770 ἔμπροσθεν.
3024 4716 3042 4750 ι
3079 4695 3273 4767 Συνίης
3297 4694 3362 4767 δὴ
3382 4692 3498 4761 οὖν,
3528 4697 3608 4750 ὅτι
3640 4694 3877 4765 μονονουχὶ

658 4788 1103 4843 reformationem
1127 4788 1420 4844 sacerdotii
1450 4789 1610 4844 simul
1638 4796 1803 4859 atque
1836 4788 2233 4843 sacriﬁciorum

2342 4791 2772 4864 μεταχάλκευσίν
2804 4807 2926 4845 τινα
2966 4789 3061 4842 καὶ
3111 4788 3470 4861 ἀναπλασμόν
3525 4788 3806 4863 ἱερωσύνης
3830 4800 3876 4835 τε

657 4879 897 4935 futuram
928 4879 1101 4934 dicit?

2340 4881 2459 4951 ἅμα
2486 4881 2579 4934 καὶ
2600 4878 2801 4933 θυσιῶν
2832 4877 3050 4932 ἔσεσθαί
3080 4894 3244 4948 φησις

733 4972 932 5027 PALL.
972 4972 1249 5043 Intelligo.

2411 4973 2620 5026 IIAAA.
2647 4971 2900 5042 Συνίημι.

726 5062 883 5118 CYR.
919 5064 1028 5135 ϐο
1050 5064 1164 5118 Hoc
1189 5063 1337 5118 enim
1362 5061 1613 5125 verbum,
1642 5061 1841 5132 fundet,
1872 5069 1946 5124 et,
1973 5062 2237 5131 purgabit,

2409 5065 2577 5118 ΚΥΡ.
2613 5064 2686 5117 Τὸ
2729 5064 2838 5135 γάρ
2875 5080 2978 5125 τοι,
3015 5062 3145 5132 χεεῖ
3182 5063 3275 5116 καὶ
3303 5063 3635 5132 καθαρίσει,
3669 5062 3878 5131 καθάπερ

658 5158 816 5229 quasi
848 5157 915 5213 de
937 5173 1071 5212 auro
1095 5164 1261 5227 atque
1288 5155 1514 5210 auriﬁce
1545 5154 1775 5217 dictum,
1805 5169 1986 5208 nonne
2008 5154 2075 5207 ad
2100 5154 2242 5209 hanc

2340 5154 2434 5208 ἐπὶ
2470 5153 2673 5226 χρυσοῦ
2701 5171 2762 5206 τε
2788 5153 2883 5206 καὶ
2914 5152 3257 5224 χρυσουργοῦ
3303 5153 3649 5225 λελεγμένον,
3674 5150 3755 5225 ἆρ’
3785 5152 3880 5221 οὐχὶ

661 5264 763 5303 nos
777 5250 1219 5321 ointelligcntiam
1265 5250 1422 5304 ducit
1442 5249 1466 5303 ?

2343 5248 2479 5319 πρὸς
2508 5246 2667 5299 τοῦτο
2695 5246 2914 5299 ἐννοιῶν
2940 5245 3089 5317 ἡμᾶς
3120 5244 3260 5300 ἱέναι
3292 5244 3546 5315 βούλεται
3571 5262 3584 5313 ;

733 5340 927 5395 PALI...
951 5342 1179 5399 Maxime
1206 5360 1355 5398 vero.

2419 5340 2627 5394 ΠΑΛΛ.
2668 5340 2818 5393 Πάνυ
2851 5337 2948 5409 μὲν
2972 5334 3084 5391 οῦν.

730 5432 887 5488 CYR.
927 5433 1091 5515 Atqui
1125 5435 1464 5489 incamatum
1502 5433 1741 5488 Verbum
1776 5429 2044 5502 ejusmodi
2074 5428 2237 5500 quid-

2418 5426 2585 5479 ΚΥΡ.
2612 5427 2734 5479 Ὅτι
2763 5426 2871 5498 γάρ
2916 5426 3109 5497 ἔμελλε
3138 5426 3344 5498 νοητῶς
3375 5426 3617 5479 τοιοῦτόν
3641 5442 3692 5479 τι
3718 5438 3885 5494 κατορ-

663 5524 809 5594 piam
844 5513 1167 5578 eﬁ‘ecturum
1191 5541 1310 5580 esse
1326 5524 1677 5581 conﬁrmavit
1712 5526 1858 5579 Deus
1880 5522 2061 5585 Pater,
2110 5536 2238 5575 cum

2347 5516 2495 5582 θοῦν,
2520 5519 2943 5590 ὲνανθρωπήσας
2962 5521 2991 5572 ό
3018 5519 3209 5588 Λόγος,
3237 5519 3728 5591 πεπληροφόρηκεν
3749 5513 3886 5568 εἰπὼν

663 5617 837 5671 dixit:
879 5635 895 5666 ι
934 5617 1003 5671 Et
1026 5616 1208 5671 statim
1237 5618 1425 5674 veniet
1451 5618 1519 5672 ad
1549 5616 1812 5686 templum
1834 5630 1995 5669 suum
2047 5612 2235 5667 Domi-

2346 5613 2375 5663 ό
2398 5611 2527 5675 Θεὸς
2554 5613 2645 5665 καὶ
2667 5612 2879 5682 Πατὴρ,
2905 5612 2987 5665 ὅτι
3020 5629 3038 5661 ι
3083 5612 3371 5684 Ἐξαίφνης
3397 5614 3519 5684 ἣξει
3553 5612 3632 5675 εἱς
3668 5611 3752 5663 τὸν
3787 5604 3888 5663 ναὸν

730 5788 769 5826 ⁵⁸
796 5792 956 5860 Osee,
992 5812 1069 5859 ut,
1094 5796 1125 5849 4
1155 5811 1270 5865 seq.
1338 5797 1384 5828 ⁷⁸
1409 5797 1545 5851 Joel.
1568 5812 1606 5858 ι,
1638 5796 1719 5849 1⁸5.
1796 5796 1839 5825 τ’
1873 5791 2034 5854 lbid.,
2066 5790 2117 5843 9.
2198 5788 2246 5819 ⁷⁸
2269 5788 2328 5843 .lc

2200 5788 2246 5819 ⁷⁸
2269 5788 2382 5843 .lcr.
2421 5803 2498 5849 Ill,
2534 5787 2613 5843 l6.
2693 5787 2736 5819 τ’
2765 5788 2908 5843 Psal.
2941 5804 3119 5855 cxxxr,
3160 5790 3247 5847 Η.
3290 5793 3335 5825 ⁸ο
3375 5792 3605 5848 Malacb.
3646 5806 3724 5850 nt.
3751 5789 3798 5847 ὅ.
