4076 6492
193 386 288 447 229
917 374 1006 431 DE
1039 370 1488 429 ADORATIONE
1514 370 1587 427 1N
1629 368 1901 427 SPIRITU
1938 369 2027 425 ET
2060 369 2431 427 \‘ERITATE.
2471 370 2601 427 LIB.
2647 355 2726 426 ll.
3354 370 3457 429 230

195 504 347 563 αὐτοῦ
372 500 592 572 Κύριος,
627 498 686 551 6v
717 496 876 567 ὑμεῖς
911 495 1149 563 ζητεῖτε,
1184 492 1279 546 καὶ¹
1322 494 1351 545 6
1388 492 1619 559 ἄγγελος
1661 491 1760 560 τῆς

1873 500 2045 557 nator,
2090 507 2256 561 quem
2288 507 2387 547 vos
2425 492 2693 562 quaeritis,
2737 497 2796 547 et
2828 489 3071 563 Angelus
3115 491 3456 558 testamenti,

196 596 462 665 διαθήκης,
490 590 552 644 ὃν
595 588 755 659 ὑμεῖς
785 585 990 639 θέλετε.
1042 584 1173 636 Ἰδοὺ
1203 582 1446 654 ἔρχεται,
1471 580 1620 649 λέγει
1650 578 1764 632 Κύ-

1873 598 2033 653 quem
2062 598 2158 638 vos
2184 584 2376 639 vultis.
2404 584 2546 638 Ecce
2570 582 2744 647 venit,
2779 581 2916 636 dicit
2953 580 3223 635 Dominus
3273 581 3457 636 omni-

199 703 301 760 ριος
327 680 741 753 παντοκράτωρ·
769 677 867 730 καὶ
898 675 982 739 τίς
1012 675 1276 745 ὑπομενεῖ
1305 673 1518 744 ἡμέραν
1554 671 1761 725 εἰσόδου

1873 685 2083 746 potens,
2116 685 2172 731 et
2199 677 2325 746 quis
2352 677 2655 732 sustinebit
2685 675 2832 731 diem
2878 674 3159 747 ingressus
3180 674 3338 744 ejus?
3360 680 3454 731 au:

197 774 382 839 αὺτοῦ;
428 773 462 843 ἢ
504 771 591 834 τίς
632 769 1001 837 ύποστήσεται
1049 767 1108 820 ὲν
1146 768 1214 837 τῇ
1268 763 1507 834 ὀπτασίᾳ
1556 761 1763 826 abs-05;

1873 766 1995 836 quis
2027 766 2298 822 subsistet
2328 767 2384 821 in
2414 767 2628 823 visione
2644 768 2802 838 ejus?
2830 767 2961 837 quia
3005 770 3123 836 ipse
3150 766 3449 836 ingreditur

197 867 318 921 διότι
348 864 508 927 αὐτὸς
551 858 934 931 εἰσπορεύεται
961 857 1035 921 ὡς
1100 857 1212 928 πῦρ
1250 855 1640 927 χωνευτηρίου,
1670 854 1766 906 καὶ

1873 858 2028 927 quasi
2052 859 2195 929 ignis
2223 858 2556 923 conﬂatorii,
2603 868 2661 915 et
2712 859 2867 930 quasi
2899 859 3073 913 herba
3128 860 3452 927 lavantium,

197 958 263 1022 ὡς
311 956 416 1007 πόα
477 954 806 1006 πλυνόντων.
860 951 973 1004 Kal
1036 948 1310 1002 καθιείται
1359 946 1612 1017 χωνεύων
1672 945 1768 999 καὶ

1873 956 1922 1003 et
1961 949 2180 1004 sedebit
2214 949 2463 1005 conﬂans
2493 959 2551 1006 et
2576 950 2885 1005 einundans
2908 951 3054 1006 sicut
3081 962 3371 1021 argentum
3400 961 3454 1009 et

198 1053 490 1117 καθαριζων
527 1039 618 1110 ὡς’
648 1046 712 1099 τὸ
756 1046 1023 1116 ἀργύριον
1056 1088 1071 1108 ,
1121 1046 1218 1097 καὶ
1263 1043 1339 1103 ὼς
1382 1043 1444 1095 τὸ
1492 1042 1714 1113 χρυσίον
1742 1060 1761 1093 ι

1873 1056 2064 1095 aurum
2107 1041 2173 1095 ".
2211 1061 2230 1093 ι
2266 1041 2681 1097 lnnovationem
2721 1058 2851 1113 ergo
2901 1043 3453 1115 reformationemquc

197 1141 550 1213 Κόινουργίαν
581 1135 674 1192 οὖν
706 1138 817 1208 ἄρα
835 1136 929 1189 καὶ
963 1134 1324 1204 ἀναπλασμόν
1337 1135 1434 1203 τῆς
1463 1132 1764 1203 ἱερωσύνης

1873 1133 2161 1187 sacerdotii
2196 1132 2436 1187 futuram
2469 1133 2626 1197 dicit,
2655 1143 2822 1203 atque
2858 1134 3031 1203 ipsam
3061 1146 3210 1190 certe
3238 1136 3455 1191 colendi

198 1237 397 1288 ἔσεσθαι
431 1246 596 1302 φησιν
616 1246 631 1260 °
667 1232 762 1282 καὶ
790 1229 881 1282 τόν
920 1245 984 1297 γε
1016 1228 1118 1297 τῆς
1150 1224 1493 1297 λειτουργίας
1540 1224 1762 1294 τρόπον,

1873 1222 2120 1289 formam,
2168 1239 2280 1278 non
2323 1224 2474 1279 aliud
2537 1224 2824 1294 quidpiam
2876 1224 2994 1280 fore
3035 1226 3243 1281 indicat
3290 1243 3457 1297 quam

196 1328 280 1395 οὐχ
309 1324 498 1395 ἕτερον
521 1340 574 1375 τι
617 1320 1004 1392 παραδεικνὺς,
1049 1317 1188 1388 πλὴν
1215 1318 1318 1383 ὅτι,
1347 1318 1500 1369 τουτὶ
1529 1315 1765 1381 Χριστοῦ

198 1416 501 1485 μυστήριον.
543 1412 688 1480 Ἔφη
746 1410 911 1463 πάλιν
956 1409 1045 1461 διὰ
1083 1406 1268 1476 φωνῆς
1331 1404 1594 1475 Ἰεζεκιὴλ
1637 1404 1767 1476 περὶ

192 1507 286 1558 τῶν
317 1503 578 1574 ίερῶσθαι
629 1500 1085 1571 κεκληρωμένων·
1144 1516 1161 1548 ι
1215 1492 1373 1551 ὐῦτοι
1429 1495 1767 1568 προσάξουσι

193 1600 311 1669 πρὸς
332 1597 398 1666 μὲ
419 1595 516 1648 τοῦ
540 1595 871 1664 λειτουργεῖν
898 1608 1007 1661 μοι,
1041 1590 1135 1643 καὶ
1161 1592 1446 1661 στήσονται
1470 1590 1574 1661 πρὸ
1599 1605 1768 1659 προσ-

191 1689 322 1739 ώπου
372 1703 477 1755 μου
507 1684 602 1738 τοῦ
655 1682 988 1754 προσφέρειν
1037 1697 1128 1750 μοι
1187 1678 1412 1742 θυσίαν,
1464 1680 1630 1751 στέαρ
1671 1680 1768 1734 καὶ

191 1774 335 1846 αἷμα,
380 1776 536 1843 λέγει
570 1772 774 1846 Κύριος
801 1775 831 1827 6
862 1771 1014 1834 Θεός.
1067 1765 1229 1824 Οὗτοι
1267 1770 1666 1823 εἰσελεύσονται
1688 1773 1768 1833 είς

1868 1330 2109 1384 praesens
2135 1314 2338 1371 Christi
2370 1316 2713 1387 mysterium.
2750 1317 2963 1372 Rursus
2984 1334 3081 1388 per
3104 1319 3455 1375 Ezechielem

1869 1405 2010 1460 dixit
2031 1407 2099 1463 de
2138 1408 2207 1462 iis
2265 1408 2360 1477 qui
2401 1408 2563 1463 electi
2599 1416 2777 1473 erant,
2813 1419 2873 1463 ut
2914 1410 3225 1465 sacerdotio
3260 1412 3458 1482 funge-

1868 1507 2062 1554 rentur
2092 1518 2104 1552 :
2137 1519 2155 1550 ‹
2178 1500 2271 1554 lsti
2295 1501 2561 1555 accedent
2588 1501 2657 1555 ad
2685 1517 2793 1567 me,
2828 1510 2889 1557 ut
2934 1503 3248 1559 ministrent
3280 1504 3455 1571 mihi;

1868 1595 1925 1643 et
1957 1589 2182 1644 stabunt
2212 1598 2339 1645 ante
2370 1590 2566 1647 [aciem
2588 1608 2787 1657 meam,
2815 1602 2877 1647 ut
2905 1594 3140 1649 oil‘erant
3181 1595 3315 1649 mihi
3356 1596 3458 1651 ho-

1869 1677 2050 1743 stiam,
2100 1679 2318 1749 adipem
2376 1687 2433 1734 et
2470 1681 2815 1751 sanguinem,
2846 1681 2981 1736 dicit
3008 1683 3273 1739 Dominus
3292 1684 3459 1740 Deus.

1868 1770 1964 1824 Isti
1996 1770 2376 1841 ingredientur
2411 1773 2464 1826 in
2495 1782 2681 1827 sancta
2716 1790 2858 1839 mea,
2886 1783 2943 1829 et
2976 1776 3065 1829 isti
3096 1776 3360 1832 accedent
3387 1777 3459 1832 ad

191 1870 251 1921 τὰ
276 1868 406 1936 ἅγιά
440 1883 563 1938 μου,
596 1867 689 1919 καὶ
713 1860 861 1918 οὗτοι
886 1861 1340 1935 προσελεύσονταί
1367 1879 1457 1932 μοι
1499 1863 1636 1934 πρὸς
1667 1862 1767 1933 τὴν

1873 1876 2116 1917 mensam
2138 1879 2336 1928 meam,
2372 1872 2433 1917 ut
2461 1864 2777 1920 ministrent
2802 1865 2868 1919 ⁸⁸.
2900 1886 2918 1917 ›
2956 1867 3188 1937 Adipem
3220 1884 3384 1937 porro
3401 1876 3461 1923 et

191 1958 455 2028 τράπεζάν
487 1973 615 2027 μου,
636 1953 729 2013 τοῦ
754 1954 1086 2024 λειτουργεῖν
1119 1971 1232 2024 μοι.
1275 1972 1294 2006 ο
1330 1953 1441 2007 Kal
1473 1954 1637 2022 στέαρ
1671 1952 1769 2008 καὶ

190 2048 314 2116 αἷμα
340 2051 442 2103 καὶ.
474 2048 573 2112 τὰς
608 2046 702 2100 ἐπὶ
727 2047 796 2118 τῇ
830 2043 1083 2117 τραπέζῃ
1111 2044 1458 2114 λειτουργίας
1478 2084 1494 2109 ,
1525 2041 1614 2116 ἆρ’
1644 2046 1770 2117 οὐχὶ

191 2146 331 2211 φαῖεν
354 2142 425 2195 ἂν
455 2141 707 2204 εἰκότως,
729 2138 792 2192 sb
819 2136 1059 2210 Χριστοῦ
1107 2136 1407 2208 μυστήριον
1430 2154 1445 2202 ;

251 2235 458 2287 ﬂAAA.
496 2228 571 2286 Εὖ
601 2231 802 2299 λέγεις.

250 2325 411 2379 ΚΥΡ.
461 2321 878 2393 Ἀριδηλότατον
914 2320 973 2373 δὲ
1008 2320 1100 2374 καὶ
1144 2319 1307 2374 αὑτὸν
1345 2323 1478 2392 ἡμῖν
1513 2320 1608 2374 τὸν
1639 2338 1768 2376 και-

192 2417 290 2485 ρον,
305 2414 435 2468 καθ’
456 2414 517 2467 ὃν
544 2415 577 2475 ἡ
604 2414 821 2466 πάντων
837 2412 932 2465 ἐπὶ
949 2411 1011 2465 τὸ
1031 2411 1255 2482 ἄμεινον
1277 2412 1429 2465 ἔσται
1455 2413 1768 2485 μεταδρομὴ

188 2508 277 2577 τῆς
322 2505 689 2576 καινουργίας
730 2506 759 2557 6
799 2504 1038 2574 τρόπος,
1082 2504 1256 2557 ὲποίει
1313 2503 1488 2573 λέγων
1538 2508 1568 2560 6
1610 2506 1767 2569 Θεόςο

193 2611 211 2644 ι
239 2593 339 2646 Kal
364 2592 525 2645 ἔσται
547 2591 657 2645 άπὸ
683 2592 783 2661 τῆς
804 2590 1016 2662 ἡμέρας
1043 2591 1143 2662 τῆς
1166 2592 1361 2664 ὀγδόης
1382 2594 1479 2647 καὶ
1506 2594 1771 2649 ἐπέκεινα

190 2686 500 2755 ποιήσουσιν
532 2684 581 2735 οἱ
624 2684 790 2755 ἱερεῖς
826 2682 921 2735 ἐπὶ
950 2681 1012 2735 τὺ
1037 2682 1423 2755 θυσιαστήριον
1450 2685 1518 2739 τὰ
1545 2685 1770 2739 ὁλοκαυ-

188 2770 405 2840 τὼματα
460 2769 646 2839 ὑμῶν,
689 2770 894 2824 καὶτὰ
962 2769 1059 2823 τοῦ
1112 2771 1382 2842 σωτηρίου
1436 2774 1622 2844 ὑμῶν,
1675 2775 1770 2828 καὶ

188 2862 546 2933 προσδέξομαι
583 2863 758 2933 ὑμᾶς,
788 2861 938 2931 λέγει
974 2861 1201 2933 Κύριος.
1241 2884 1260 2916 ι
1310 2866 1557 2939 Ἦμέραν
1590 2867 1770 2939 δὲτὴν

186 2954 362 3026 ὀγᾶἑην
406 2955 501 3009 τὸν
532 2955 633 3025 τῆς
663 2953 759 3007 τοῦ
791 2954 1045 3026 Σωτῆρος
1077 2956 1236 3027 ἡμῶν
1274 2958 1625 3022 ἀναστάσεως
1653 2960 1771 3012 bvo-

190 3047 337 3116 μάζει
369 3045 592 3117 καιρόν·
617 3045 740 3099 καθ’
770 3044 830 3100 ὃν
853 3046 922 3100 τὰ
952 3045 1411 3118 ὁλοκαυτώματα,
1431 3048 1575 3101 τοῦτ’
1601 3048 1768 3115 ἐστιν,

188 3140 218 3207 ἡ
257 3138 442 3191 τελεία
492 3138 590 3190 καὶ
641 3137 940 3209 ὁλοσχερὴς
999 3138 1080 3201 εἰς
1125 3137 1257 3191 Θεὸν
1316 3139 1615 3211 ἀφιέρωσις
1661 3140 1769 3192 τῶν

189 3231 649 3292 πεπιστευκότων,
674 3228 842 3296 δεκτὴ
869 3227 949 3299 τῷ
978 3226 1119 3299 Θεῷ,
1151 3229 1246 3282 καὶ
1273 3229 1580 3301 δωροφορία
1608 3247 1770 3283 πνευ-

192 3322 407 3391 ματική.
457 3320 570 3373 Kal.
621 3318 780 3372 τοῦτο
830 3318 1073 3372 διδάσκει
1124 3320 1353 3391 γράφων
1402 3322 1430 3374 6
1484 3320 1770 3386 θεσπέσιος

191 3413 412 3476 Παῦλοςο
450 3430 468 3463 ι
501 3414 580 3464 Δι’
606 3410 771 3464 αὑτοῦ
795 3406 888 3464 οὖν
919 3412 1266 3484 άναφέρομεν
1289 3412 1480 3466 θυσίαν
1508 3414 1770 3480 αἰνέσεως

189 3503 471 3569 διαπαντὸς
503 3504 582 3575 τῷ
616 3503 754 3575 Θεῷ·
787 3502 934 3557 τοῦτ’
964 3502 1081 3558 ἔστι
1102 3546 1117 3571 ,
1146 3505 1362 3577 καρπὸν
1386 3506 1610 3577 χειλέων
1641 3509 1771 3579 ὁμο-

192 3594 482 3665 λογούντων
508 3597 588 3667 τῷ
610 3597 837 3668 ὀνόματι
866 3596 1055 3652 αὐτοῦ.
1100 3617 1118 3648 ι
1154 3599 1268 3653 Καὶ
1296 3598 1476 3653 πάλιν·
1514 3618 1535 3653 ι
1574 3602 1687 3670 Τῆς
1712 3602 1770 3654 δὲ

193 3687 428 3751 εὐποιίας
458 3688 558 3742 καὶ
579 3687 865 3750 κοινωνίας
901 3686 977 3758 μὴ
997 3686 1449 3758 ὲπιλανθάνηοθε.
1479 3689 1773 3754 Τοιαύταις

194 3781 288 3849 γὰρ
328 3780 545 3842 θυσίαις
589 3780 966 3847 εὐαρεστεῖται
1004 3781 1033 3831 6
1064 3777 1218 3841 Θεός.
1268 3797 1286 3829 ι
1326 3779 1544 3850 Καρπο)⁸
1581 3781 1689 3851 γὰρ
1721 3782 1770 3833 οῖ

194 3871 316 3942 πρὸς
351 3871 515 3942 ἡμῶν
544 3870 622 3940 τῷ
668 3870 788 3940 Θεῷ
837 3869 947 3922 τῶν
986 3872 1046 3923 ὲν
1077 3870 1256 3923 πίστει
1307 3870 1767 3940 δεδικαιωμένων,

193 3963 323 4026 τίνες
354 3964 422 4017 ἂν
446 3958 561 4015 εἷεν
590 3961 770 4031 ἕτεροι
790 4002 807 4025 ,
840 3958 980 4030 πλὴν
1013 3959 1096 4012 ὅτι
1125 3958 1403 4027 δοξολογία
1452 3960 1640 4031 μακρά
1680 3961 1772 4013 καὶ

194 4056 470 4127 διηνεκήςς
508 4055 621 4108 Καὶ
644 4052 795 4124 θῦμα
818 4053 883 4107 τὸ
905 4050 1297 4124 καθαρώτατον
1335 4053 1435 4123 τῆς
1467 4053 1770 4125 ἀμωμήτου

195 4149 349 4219 ζωῆς,
380 4152 415 4220 ἠ
450 4145 847 4217 άπαράὸλητος
877 4145 1095 4199 εὐωδία.

259 4243 462 4296 ΠΔΛΛ.
508 4238 814 4307 Παγκάλως
842 4239 975 4309 ἡμῖν
1004 4239 1032 4290 ὁ
1057 4237 1213 4307 λόγος
1246 4237 1377 4310 ἔχει,
1411 4240 1507 4294 καὶ
1540 4240 1768 4310 ἀληθὲς,

196 4334 270 4387 ὅτι
295 4333 602 4388 δικαιοῦταί
633 4349 718 4395 τις
759 4332 962 4402 ἥκιστα
995 4332 1091 4401 μὲν
1124 4333 1181 4384 ὲν
1214 4332 1382 4403 νόμῳ,
1425 4332 1516 4386 διὰ
1540 4333 1774 4399 πίστεως

198 4423 248 4477 δὲ
277 4427 473 4494 μᾶλλον
518 4424 620 4494 τῆς
649 4426 707 4477 ὲν
735 4423 976 4494 Χριστῷ,
1008 4425 1102 4477 καὶ
1133 4425 1518 4495 μυσταγωγίας
1543 4426 1771 4495 εὐαγγε-

1870 1955 2213 2025 sanguinem,
2243 1964 2301 2010 et
2331 1957 2423 2011 illa
2464 1973 2668 2012 mensae
2695 1958 3001 2013 ministeria
3033 1974 3145 2013 non
3171 1961 3291 2030 jure
3315 1960 3461 2031 opti-

1868 2063 1960 2102 mo
1990 2048 2241 2103 dicemus
2266 2064 2387 2103 esse
2420 2048 2556 2103 illud
2580 2048 2785 2104 Christi
2811 2050 3169 2121 mysterium?

1870 2233 1889 2283 ε,
1941 2222 2141 2277 PALL.
2170 2222 2341 2278 Recte
2372 2222 2532 2278 dicis.

1941 2313 2098 2369 CYR.
2141 2314 2286 2381 Quin
2338 2315 2519 2385 ipsum
2586 2330 2808 2385 quoque
2861 2322 3079 2388 tempus
3125 2334 3235 2388 quo
3275 2335 3460 2374 rerum

1870 2406 2117 2459 omnium
2142 2405 2197 2459 in
2225 2406 2509 2460 meliorem
2532 2414 2737 2460 statum
2774 2423 3049 2473 recursus,
3078 2417 3133 2464 et
3171 2410 3262 2465 ille
3297 2411 3463 2465 inno-

1868 2497 2107 2551 vationis
2128 2497 2324 2551 modus
2344 2507 2489 2551 esset
2516 2496 2758 2562 futurus,
2796 2499 3146 2568 perspicuum
3178 2501 3338 2555 nobis
3360 2502 3461 2555 ad-

1870 2588 2096 2642 modum
2168 2588 2320 2651 fecit,
2368 2605 2493 2643 cum
2546 2589 2687 2644 dixit
2716 2591 2863 2645 Deus
2909 2609 2922 2643 :
2971 2610 2989 2642 ι
3034 2592 3103 2647 Et
3156 2593 3261 2647 erit
3298 2609 3329 2647 a
3371 2594 3461 2648 die

1871 2688 2083 2745 octava,
2114 2689 2170 2735 et
2202 2682 2341 2735 ultra
2377 2681 2580 2736 facient
2621 2684 2933 2737 sacerdotes
2964 2698 3131 2753 super
3159 2684 3330 2739 altare
3353 2685 3460 2739 ho-

1870 2773 2115 2828 locausta
2153 2781 2356 2835 vestra,
2394 2782 2451 2826 et
2491 2788 2613 2842 qua:
2648 2774 2842 2827 salutis
2879 2782 3076 2828 vestrae
3113 2789 3279 2829 causa
3320 2776 3463 2831 olfe-

1872 2870 2072 2916 runtur
2108 2879 2120 2914 :
2152 2870 2210 2916 et
2228 2862 2526 2931 suscipiam
2551 2878 2670 2927 vos,
2706 2864 2840 2917 dicit
2863 2864 3132 2919 Dominus
3159 2866 3223 2919 ³⁸³.
3261 2886 3279 2917 ι
3304 2866 3462 2922 Diem

1872 2962 2153 3019 octavum,
2191 2954 2493 3009 Salvatoris
2536 2956 2710 3009 nostri
2761 2959 3189 3013 resurrectionis
3242 2967 3464 3029 tempus

1872 3046 2129 3114 appellat,
2172 3062 2281 3115 quo
2303 3046 2644 3111 holocausta,
2684 3047 2737 3101 id
2761 3058 2845 3102 est
2875 3049 3462 3121 perfectaintegraque

1874 3138 2217 3192 credentium
2260 3130 2625 3203 consecratio,
2679 3141 2791 3194 Deo
2829 3141 3139 3211 gratissima
3174 3158 3238 3196 ac
3292 3144 3462 3212 spiri-

1875 3229 2045 3283 tualia
2072 3245 2301 3283 munera
2325 3230 2674 3295 offeruntur;
2710 3230 2874 3300 idque
2912 3230 3076 3285 docet
3108 3231 3304 3286 beatus
3319 3231 3462 3287 Pau-

1873 3319 1979 3382 lus,
2019 3334 2142 3373 cum
2196 3319 2392 3373 scribit
2438 3336 2450 3371 :
2509 3337 2526 3367 ι
2570 3319 2675 3373 Per
2724 3319 2901 3388 ipsum
2947 3321 3117 3391 igitur
3175 3306 3463 3378 oll‘erimus

1873 3411 2108 3466 hostiam
2140 3410 2320 3465 laudis
2344 3426 2561 3481 semper
2608 3412 2742 3476 Deo,
2776 3411 2828 3464 id
2859 3420 2982 3476 est,
3014 3412 3256 3467 fructum
3281 3412 3461 3467 labio-

1873 3520 1996 3559 rum
2027 3503 2408 3557 conﬁtentium
2427 3501 2637 3556 nomini
2656 3502 2777 3571 ejus
2823 3502 2900 3574 (l)
2934 3502 3000 3556 “.
3038 3522 3057 3553 ›
3111 3502 3180 3557 Et
3200 3502 3403 3558 iterum
3442 3518 3459 3558 :

1881 3615 1899 3646 ι
1936 3593 2319 3648 Beneﬁcentize
2352 3602 2534 3647 autem
2563 3600 2618 3645 et
2651 3592 3061 3647 communionis
3107 3592 3283 3648 nolite
3315 3592 3462 3647 obli-

1872 3687 2043 3751 visci;
2079 3686 2282 3756 talibus
2321 3685 2470 3741 enim
2509 3685 2706 3739 hostiis
2755 3694 3104 3754 promeretur
3151 3686 3297 3741 Deus
3329 3686 3396 3740 ⁸⁸.
3432 3704 3453 3739 ι

1874 3778 2106 3833 Fructus
2131 3777 2277 3832 enim
2307 3793 2339 3831 a
2368 3778 2548 3841 nobis,
2585 3779 2677 3848 qui
2701 3779 2755 3832 in
2792 3777 2898 3832 ﬁde
2928 3777 3212 3847 justiﬁcati
3247 3793 3460 3846 sumus,

1873 3870 2093 3939 quinam
2112 3869 2224 3924 Deo
2241 3869 2425 3923 oll‘erri
2462 3880 2692 3939 possunt
2721 3872 2813 3925 alii
2843 3887 3005 3941 quam
3024 3872 3129 3942 61
3151 3872 3272 3942 ejus
3292 3871 3462 3943 glori-

1873 3960 2055 4015 ﬁcatio
2081 3962 2229 4031 jugis
2254 3971 2419 4030 atque
2448 3965 2965 4032 perpetua?llostia
2997 3965 3130 4019 item
3164 3966 3464 4035 purissima

1873 4057 1977 4112 est,
2020 4049 2312 4105 laudabilis
2341 4051 2467 4105 vita:
2490 4052 2627 4106 odor
2654 4053 2911 4109 eximius.

1943 4243 2140 4298 PALL.
2172 4244 2439 4300 Praeclare
2474 4259 2532 4299 se
2566 4244 2735 4300 habet
2762 4245 2961 4311 oratio,
3000 4247 3461 4318 verissimumque

1874 4342 1959 4390 est
1996 4335 2222 4389 minime
2270 4350 2371 4404 per
2421 4337 2596 4405 legem
2631 4335 2922 4405 justiﬁcari
2969 4336 3321 4405 quempiam,
3364 4338 3462 4392 sed

1875 4428 2060 4497 potius
2091 4442 2191 4496 per
2206 4426 2371 4481 ﬁdem
2402 4427 2460 4481 in
2500 4427 2783 4482 Christum
2818 4437 2874 4482 et
2899 4429 3269 4499 evangelieam
3298 4428 3438 4483 disci

198 4515 363 4585 λικῆς.
405 4514 684 4584 Ἐθέλοιμι
725 4513 768 4566 δ’
807 4511 874 4566 ἂν
925 4514 1019 4565 καὶ
1062 4511 1129 4566 δι’
1165 4514 1413 4584 ἐναργῶν
1461 4515 1592 4584 ἡμῖν
1641 4515 1769 4569 ίέναι

1879 4518 2107 4587 pinam.
2160 4517 2432 4573 Caeterum
2476 4520 2644 4575 velim
2684 4520 3089 4589 expositionem
3130 4521 3275 4575 hanc
3313 4528 3464 4575 tuam

199 4607 649 4679 παραδειγμάτων
677 4604 777 4675 τὴν
791 4605 1106 4675 ·άφήγησιν,
1134 4604 1230 4660 καὶ
1259 4604 1321 4671 ἐξ
1340 4604 1519 4660 αὐτῶν
1564 4605 1769 4660 τούτων

204 4698 384 4768 μαθεῖν
406 4698 520 4753 τῶν
544 4696 709 4769 ἱερῶν
741 4696 1118 4767 Γραμμάτων.

264 4792 421 4845 ΚΥΡ.
462 4790 695 4855 Οὐκοῦν,
742 4782 789 4842 ὦ
846 4787 1092 4857 φιλότης,
1153 4783 1270 4860 εἶμι
1323 4789 1422 4859 μὲν
1466 4789 1577 4859 ἐγὼ
1636 4790 1773 4861 πρὸς

198 4883 349 4937 τοῦτο
387 4885 640 4954 ἑτοίμως,
685 4881 808 4935 ἐπεί
846 4897 925 4934 σοι
970 4880 1137 4934 δοκεῖ.
1174 4881 1246 4934 Σὺ
1278 4881 1335 4935 δὲ
1382 4881 1443 4953 δή
1482 4899 1573 4952 μοι
1609 4882 1772 4936 πάλιν

201 4973 284 5026 τόν
328 4974 525 5045 ἀκριϐῆ
572 4991 635 5027 τε
686 4974 782 5026 καὶ
831 4972 1203 5041 ἀπεεεσμένον
1252 4974 1336 5041 ἐφ’
1393 4974 1608 5045 ἑκάστῳ
1661 4975 1773 5028 τῶν

202 5064 562 5136 θεωρημάτων
596 5063 819 5129 ἐξέταζε
848 5063 994 5117 νοῦν.
1031 5064 1141 5116 Kal.
1181 5065 1235 5118 εῖ
1261 5064 1343 5118 σοί
1369 5083 1422 5119 τι
1447 5066 1662 5138 δόξαιμι
1698 5066 1772 5138 μὴ

202 5155 310 5209 λίαν
335 5157 505 5228 ὀρθῶς
526 5159 690 5219 νοεῖν,
723 5155 757 5224 ἢ
797 5154 1005 5223 λέγειν,
1039 5155 1315 5223 νηφαλίως
1347 5157 1648 5228 ὲπανόρθου
1680 5159 1775 5212 καὶ

205 5246 487 5317 μεθόρμιζε
512 5245 726 5315 σαφῶς,
764 5246 891 5308 τοὺς
919 5245 1028 5297 τῶν
1049 5246 1320 5298 τεκτόνων
1351 5246 1607 5316 ἀρίστους
1637 5250 1775 5301 ἀπο-

207 5338 543 5408 μιμούμενος,
569 5338 620 5392 οἱ
656 5335 877 5390 ἐπειδὰν
909 5336 1092 5406 ἐξήκοι
1126 5335 1220 5388 τοῦ
1254 5336 1586 5408 καθήκοντος
1610 5339 1772 5410 λόγου

266 5536 309 5566 ⁸¹
340 5538 558 5597 Halach.
600 5556 682 5606 ιιι,
721 5539 854 5605 2,5.
932 5539 977 5570 "
1021 5540 1225 5595 Ezech.
1268 5555 1410 5604 κων,
1448 5538 1534 5605 lii,
1574 5539 1660 5594 16.
1739 5539 1769 5571 α

1873 5541 2007 5598 :ech.
2033 5559 2181 5610 XLIII,
2212 5544 2303 5598 27.
2382 5545 2428 5578 “
2455 5544 2621 5601 Hebr.
2665 5563 2754 5612 xv,
2780 5545 2865 5603 15.

273 5680 344 5749 (ι)
372 5682 621 5737 Fructum
670 5681 942 5736 labiorum
982 5680 1213 5751 perinde
1252 5680 1511 5751 intelligit
1545 5681 1634 5735 hic
1664 5681 1770 5734 Pa-

205 5755 281 5800 ter
314 5766 373 5805 ac
411 5753 452 5806 si
482 5752 817 5807 oblationem
860 5752 1133 5822 labiorum
1169 5751 1401 5805 dixisset
1432 5751 1767 5822 Apostolus;

206 5832 309 5887 quo
335 5821 579 5892 loquendi
607 5838 761 5877 more
788 5839 930 5893 saepe
972 5820 1114 5875 LXX
1146 5831 1273 5875 sunt
1305 5823 1387 5876 usi
1427 5820 1550 5876 cum
1578 5822 1767 5876 dicunt

1876 4610 2143 4679 exemplis
2160 4609 2291 4664 item
2319 4611 2627 4681 perspicuis
2647 4611 2986 4679 conﬁrmari,
3017 4621 3183 4683 atque
3198 4629 3267 4669 ex
3291 4613 3466 4669 sacris

1878 4702 2101 4757 Litteris
2128 4703 2263 4758 mihi
2294 4703 2436 4758 idem
2465 4705 2685 4774 planum
2718 4704 2856 4759 ﬁeri.

1948 4792 2107 4848 CYR.
2136 4794 2307 4849 Venio
2343 4794 2510 4865 igitur
2544 4795 2662 4865 ipse
2694 4796 2762 4851 ad
2794 4797 2936 4852 hanc
2964 4805 3196 4868 partem,
3232 4797 3461 4862 Palladi,

1880 4884 2139 4949 libenter,
2172 4885 2300 4954 quia
2317 4885 2397 4941 sic
2423 4886 2521 4940 tibi
2553 4888 2791 4944 videtur.
2812 4872 2893 4942 Tu
2908 4905 3039 4943 vero
3067 4888 3201 4942 mihi
3219 4888 3462 4943 vicissim

1880 4978 2142 5034 subtilem
2173 4987 2230 5032 et
2257 4980 2556 5048 expolitum
2586 4981 2641 5035 in
2661 4997 2987 5051 unaquaque
3003 4980 3463 5049 contemplatione

1882 5084 2104 5125 sensum
2134 5070 2395 5140 exquiras
2428 5072 2594 5127 velim
2630 5090 2644 5126 :
2671 5088 2754 5136 ac,
2773 5072 2820 5127 si
2856 5071 2954 5125 tibi
2984 5071 3169 5126 minus
3196 5079 3344 5126 recte
3365 5082 3463 5126 aut

1880 5162 2086 5219 sentire
2106 5162 2356 5229 videbor,
2400 5174 2494 5219 aut
2528 5166 2732 5235 eloqui,
2773 5165 3076 5235 prudenter
3109 5164 3351 5237 corrigas
3405 5175 3463 5222 et

1880 5255 2141 5311 emendes
2158 5266 2368 5327 aperte,
2388 5256 2666 5313 labrorum
2683 5257 3262 5328 praestantissimorum
3278 5275 3464 5313 exem-

1880 5347 2008 5416 plo,
2046 5349 2180 5418 qui,
2214 5349 2391 5405 sicubi
2425 5364 2563 5420 opus
2600 5349 2748 5420 quod
2786 5350 2845 5404 in
2888 5349 3144 5405 manibus
3179 5350 3385 5407 habent
3427 5367 3461 5408 a

2947 5546 2995 5579 ⁸⁵
3023 5545 3186 5601 Hebr.
3222 5562 3341 5605 xm.
3370 5546 3458 5602 16.

1879 5683 2258 5805 ἔαρπὲφορίαν
2283 5691 2337 5738 et
2370 5687 2739 5756 καρποφορεῖν
2778 5701 2879 5757 pro
2900 5700 2967 5739 eo
2993 5683 3139 5754 quod
3165 5691 3249 5739 est
3269 5682 3461 5740 θυσίαν

1917 5771 2018 5805 vac
2060 5770 2193 5805 σειν.

1917 5770 2193 5807 ναεεοειν.
