4046 6546
603 416 700 474 τοι
1639 421 1693 475 S.
1734 419 2011 475 CYRILLI
2046 415 2518 473 ALEXANDRINI
2558 411 2873 470 ARCHIEP.
3743 427 3827 485 231

604 530 834 589 rationis
867 533 1109 601 artisque
1138 533 1459 602 praescripto
1474 531 1781 597 deﬂexerit,
1814 532 1868 585 id
1890 530 2181 587 artiﬁciose

2289 530 2351 583 τὸ
2396 531 2675 601 ἐν’χερσὶ,
2722 528 3219 601 μεταρυθμίζουσιν
3264 531 3531 602 εὐτέχνως
3572 534 3659 588 ἐπὶ
3693 538 3828 608 τὸὼς

606 623 1021 688 reconcinnant,
1062 630 1226 693 atque
1262 623 1328 677 ad
1358 624 1588 678 formam
1623 633 1887 678 revocant
1928 622 2187 694 quasillis

606 715 811 784 optima
836 714 1106 769 videatur.
1151 714 1373 769 Initium
1397 730 1527 770 vero
1565 715 1622 770 in
1673 717 1777 770 hac
1813 715 2187 786 disputatione

605 820 885 860 sumemus
914 822 943 859 a
963 821 1242 859 sacrorum
1278 806 1580 877 interprete
1606 807 1809 879 Moyse,
1829 810 1987 878 cujus
2007 808 2187 862 histo-

602 898 737 951 riam
756 897 849 953 ubi
872 897 1077 951 cursim
1110 898 1361 968 attigero,
1392 910 1508 954 tum
1527 915 1658 954 sane
1692 899 2019 954 conﬁrmare
2041 899 2189 953 nitar

601 997 764 1056 atque
792 988 1082 1043 ostendere
1128 989 1438 1059 perspicue,
1463 990 1602 1044 nihil
1638 991 1705 1045 ad
1747 990 2049 1060 perfectum
2085 990 2186 1044 ad-

601 1078 822 1134 duxisse
867 1081 1043 1151 legem
1068 1122 1081 1147 ,
1106 1096 1341 1152 eamque
1369 1097 1479 1135 non
1510 1097 1632 1137 esse
1667 1082 1735 1137 ad
1766 1083 1997 1137 salutem
2031 1082 2184 1149 satis,

599 1172 957 1242 omniumque
982 1174 1269 1229 hominum
1316 1184 1430 1229 tum
1461 1174 1886 1244 redemptorem,
1918 1183 2033 1228 tum
2076 1175 2187 1229 sal-

597 1272 843 1319 vatorem
871 1281 993 1320 esse
1020 1265 1325 1321 Christum.

667 1358 864 1412 PALL.
896 1358 1062 1428 Atqui
1103 1361 1183 1413 sic
1213 1360 1436 1424 habeto,
1459 1374 1571 1413 non
1593 1360 1925 1414 mediocrem
1964 1368 2018 1414 te
2072 1358 2187 1413 uti-

595 1448 808 1503 litatem
859 1450 1175 1515 allaturum,
1217 1451 1261 1504 si
1293 1451 1347 1503 in
1387 1451 1488 1506 hac
1528 1466 1747 1521 quoque
1781 1459 1933 1520 parte
1960 1457 2186 1504 cuncta-

598 1540 805 1595 tionem
876 1541 1113 1606 viceris;
1175 1543 1430 1611 quamvis
1493 1543 1641 1597 enim
1700 1541 2019 1595 diﬁicillima
2078 1541 2188 1594 sint

599 1648 665 1689 ea
724 1649 847 1704 qua:
884 1634 1241 1705 aggrederis,
1293 1634 1724 1703 diﬁicillimeque
1777 1632 2010 1703 spectari
2058 1647 2187 1701 pos-

597 1725 669 1779 sit
719 1740 908 1780 earum
973 1742 1154 1780 rerum
1201 1741 1338 1795 quas
1392 1726 1722 1795 inquirimus
1766 1725 2001 1789 veritas,
2034 1724 2188 1778 dives

597 1825 777 1871 tamen
803 1827 905 1880 est,
935 1818 1027 1887 qui
1053 1817 1255 1871 revelat
1292 1818 1455 1871 Deus.

2287 620 2489 692 ἄριστα
2511 619 2655 690 ἔχειν
2678 619 2888 675 δοκοῦν.
2908 621 3188 693 ’Δπαρχὴν
3207 621 3266 675 δὲ
3294 621 3484 694 ῶσπερ
3510 626 3627 680 τινὰ
3645 628 3739 683 τῶν
3764 636 3830 699 είς

2288 727 2354 780 γε
2383 712 2541 765 ταυτὶ
2571 712 2914 784 ποιησόμεθα
2956 712 3133 782 λόγων
3162 713 3253 768 τὸν
3290 715 3613 787 ἱεροφάντην
3638 721 3826 791 Meneta,

2288 802 2384 856 καὶ
2414 802 2513 874 τῆς
2541 806 2663 857 κατ’
2690 804 2856 858 αὐτὸν
2889 805 3130 875 ἱστορίας
3164 806 3531 879 ὲπιδρομάδην
3568 809 3827 884 ἁψάμενος,

2288 894 2655 966 πληροφορεῖν
2707 892 2767 951 εὖ
2813 897 2960 969 μάλα
3014 898 3383 969 πειράσομαι,
3418 901 3513 954 καὶ
3558 907 3830 973 καταδεῖξαι

2292 988 2480 1056 σαφῶς
2498 1026 2515 1053 ,
2556 989 2946 1044 τετελειωκότα
2973 991 3071 1063 μὲν
3096 992 3186 1044 τὸν
3211 992 3377 1062 νόμον
3406 994 3583 1060 οὐδὲν,
3613 997 3724 1052 οὔτε
3744 1002 3830 1071 μὴν

2287 1079 2617 1150 ἀποχρῶντα
2650 1080 2789 1153 πρὸς
2832 1083 3106 1153 σωτηρίαν
3126 1099 3140 1114 ο
3192 1082 3471 1157 λυτρωτὴν
3507 1086 3567 1140 δὲ
3598 1088 3696 1143 τῶν
3718 1092 3831 1149 ὅλων

2287 1171 2385 1225 καὶ
2420 1172 2642 1243 σωτῆρα
2674 1174 2929 1244 Χριστόν.

2360 1348 2572 1402 ΠΑΛΛ.
2616 1349 2691 1402 Οὐ
2730 1349 2961 1421 μετρίαν
3002 1348 3111 1402 ί¹σθι
3162 1366 3244 1403 τοι
3286 1350 3463 1415 διδοὺς
3512 1351 3611 1422 τὴν
3657 1353 3829 1427 ὄνησιν,

2287 1439 2446 1493 ὄκνου
2494 1442 2779 1512 κρείττονα
2830 1441 3026 1495 σαυτὸν
3077 1440 3179 1495 κᾶν
3223 1442 3398 1514 τούτῳ
3449 1442 3659 1508 δεικνύς
3680 1462 3691 1474 ⁸
3732 1449 3832 1503 δυσ-

2288 1529 2486 1597 έφικτα
2517 1530 2619 1600 μὲν
2664 1529 2775 1601 γὰρ
2818 1529 2887 1584 τὰ
2926 1532 2984 1583 ὲν
3023 1530 3181 1603 χερσὶ
3213 1531 3353 1596 λίαν,
3382 1534 3476 1587 καὶ
3501 1534 3833 1605 δυσκάτοπτος

2288 1619 2485 1690 κομιδῇ
2516 1619 2624 1672 τῶν
2664 1618 3011 1691 ζητουμένων
3059 1622 3092 1691 ἡ
3121 1622 3343 1689 γνῶσις,
3384 1623 3637 1689 πλούσιός
3666 1644 3722 1695 γε
3747 1631 3832 1701 μὴν

2287 1712 2316 1764 6
2351 1711 2706 1765 ὲκκαλύπτων
2727 1711 2880 1775 Θεός.

2359 1805 2526 1861 ΚΥΡ.
2569 1801 2645 1859 Εὖ
2672 1805 2871 1873 λέγεις,
2897 1806 2992 1859 καὶ
3012 1805 3075 1876 δή
3104 1822 3173 1875 με
3195 1808 3321 1860 κυσὶ
3343 1811 3463 1871 ταῖς
3482 1810 3833 1881 εὑρινωτάταις

665 1908 821 1964 CYR.
844 1877 1010 1965 Recte
1052 1910 1193 1964 dicis
1213 1926 1227 1975 ;
1247 1918 1303 1965 et
1326 1925 1412 1965 me
1428 1911 1539 1980 jam
1566 1925 1719 1978 mque
1749 1924 1811 1964 ac
1844 1906 2179 1979 sagacissimi

2291 1899 2349 1950 ὲν
2387 1898 2508 1967 ἴσῳ,
2538 1898 2658 1951 κατ’
2703 1896 2846 1967 ἴχνος
2880 1898 3018 1953 ἰέναι
3047 1899 3233 1954 λοιπὸν
3268 1900 3374 1954 τῶν
3402 1903 3461 1956 ἐν
3495 1877 3648 1972 βάθει
3682 1922 3733 1959 τε
3760 1877 3835 1961 καί

594 2017 761 2057 canes
802 2002 1064 2065 assolent,
1091 2002 1463 2073 pervestigare
1500 2002 1718 2055 abditos
1776 2000 1832 2054 in
1883 1999 2177 2070 profundo,

594 2092 1051 2162 obscurioresque
1079 2108 1295 2158 sensus,
1330 2101 1426 2147 tua
1455 2092 1649 2147 suadet
1681 2093 1878 2147 oratio.
1916 2092 2087 2162 Igitur
2124 2092 2177 2145 in

593 2182 815 2237 deserto
856 2184 1222 2239 Madianitieaa
1272 2184 1570 2253 provinciae
1600 2184 1943 2255 heatollloysi
1988 2199 2182 2254 greges

592 2274 777 2328 ovium
810 2275 1079 2345 pascenti,
1099 2291 1223 2330 eum
1250 2275 1354 2331 sub
1384 2276 1515 2346 ipsis
1540 2276 1820 2330 radicibus
1852 2286 1997 2330 esset
2020 2293 2180 2331 mou-

591 2364 665 2420 tis
720 2365 925 2430 Horeb,
977 2382 1119 2420 nova
1166 2366 1417 2437 quaedam
1453 2381 1564 2432 res,
1612 2374 1667 2420 et
1705 2366 1954 2420 miraculi
1993 2367 2176 2436 plena,

591 2457 707 2511 Deo
730 2456 987 2521 faciente,
1020 2465 1325 2511 monstrata
1358 2464 1481 2511 est:
1513 2476 1532 2507 ι
1556 2456 1822 2526 Apparuit
1849 2458 1997 2511 enim
2026 2457 2127 2521 illi,
2153 2451 2171 2508 ὁ

593 2548 793 2620 inquit,
838 2568 857 2600 ι
885 2550 1115 2619 angelus
1145 2549 1202 2602 in
1231 2548 1450 2603 ﬂamma
1476 2548 1619 2619 ignis
1657 2548 1725 2602 de
1756 2548 1915 2613 rubo,
1948 2558 2004 2604 et
2040 2550 2181 2603 vidit

592 2640 741 2711 quod
756 2640 928 2695 rubus
944 2641 1164 2695 arderet
1192 2640 1327 2711 igni,
1361 2648 1417 2694 et
1435 2655 1542 2693 non
1568 2640 2003 2695 combureretur.
2033 2641 2180 2695 Dixit

591 2740 777 2787 autem
822 2731 1034 2802 Moyses
1076 2748 1089 2784 :
1124 2730 1330 2786 Vadam
1379 2746 1442 2784 ac
1476 2730 1678 2785 videbo
1724 2730 1994 2785 visionem
2037 2731 2179 2786 hanc

592 2840 868 2896 magnam,
887 2840 987 2879 cur
1005 2840 1115 2877 non
1132 2824 1491 2878 comburatur
1521 2824 1697 2877 rubus
1724 2825 1790 2876 ⁸⁸.
1822 2844 1838 2875 ι
1866 2824 1961 2879 Est
1993 2832 2176 2879 autem

593 2916 767 2970 rubus
803 2930 915 2968 non
950 2914 1168 2971 exculta
1215 2914 1401 2978 arbor,
1454 2913 1549 2968 sed
1584 2915 1851 2969 silvestris
1903 2915 2072 2985 spiam
2116 2931 2178 2970 ac

592 3008 781 3079 stirpis
817 3016 1089 3061 montana:
1105 3022 1300 3077 genus,
1328 3006 1383 3060 in
1406 3022 1512 3077 qua
1537 3008 1860 3062 miraculum
1888 3008 2021 3062 illud
2047 3008 2177 3061 hor-

591 3098 735 3152 roris
760 3098 982 3168 plenum
1015 3096 1305 3159 edebatur,
1337 3096 1486 3166 quod
1515 3098 1760 3168 mysterii
1800 3098 2026 3168 ﬁguram
2078 3114 2176 3169 ap-

2283 1991 2668 2061 ἀφανεστὲρων
2700 1992 2940 2054 ἐννοιῶν,
2987 1992 3017 2043 6
3050 1990 3141 2055 σὸς
3170 1992 3481 2064 παραθήγει
3513 1994 3689 2063 λόγος.
3718 1998 3834 2052 Οὐκ-

2281 2081 2377 2135 οῦν
2420 2085 2478 2135 ὲν
2528 2084 2720 2153 ἐρήμῳ
2755 2082 2884 2137 ποτὲ
2935 2085 3002 2153 τῇ
3058 2083 3203 2137 κατά
3250 2083 3349 2154 τὴν
3382 2085 3717 2158 καλουμένην
3739 2090 3837 2144 Il:-

2280 2176 2432 2247 διὰμ,
2462 2176 2590 2229 ὀΐων
2619 2176 2819 2243 ἀγέλας
2847 2175 3285 2246 διαποιμαίνοντι
3309 2176 3388 2247 τῷ
3415 2179 3672 2249 μακαρίῳ
3692 2182 3833 2252 Μωσῇ

2282 2270 2420 2340 πρὸς
2442 2269 2633 2331 αὑταῖς
2651 2284 2710 2321 τε
2737 2270 2854 2332 ταῖς
2880 2269 3176 2339 ὑπωρείαις
3199 2267 3314 2321 δντι
3341 2266 3435 2320 τοῦ
3458 2268 3623 2340 ὅρους
3643 2270 3833 2342 Χωρὴϐ,

2281 2360 2472 2431 χρῆμά
2491 2378 2544 2413 τι
2570 2359 2717 2427 ξένον
2743 2360 2835 2413 καὶ
2862 2361 2965 2413 οὐκ
2994 2359 3343 2431 ἀθαύμαστον
3366 2359 3503 2414 Θεοῦ
3535 2361 3834 2433 πληροῦντας

2282 2453 2574 2507 ἐδείκνυτο.
2619 2470 2636 2504 ι
2675 2452 2853 2521 Ὠ·ρθη
2874 2452 2985 2522 γὰρ
3009 2452 3177 2522 αὐτῷ,
3220 2471 3240 2502 ι
3272 2451 3456 2522 φησὶν,
3486 2471 3505 2503 ι
3542 2454 3761 2521 ἄγγελος
3783 2457 3831 2508 ὲν

2282 2542 2454 2612 πυρὸς
2486 2541 2646 2613 φλογὶ⁵
2668 2544 2733 2595 ὲκ
2770 2542 2933 2612 βάτου
2951 2558 2967 2574 ·
3004 2544 3099 2596 καὶ
3124 2542 3271 2614 ἐώρα
3299 2544 3383 2597 ὅτι
3407 2546 3437 2598 6
3463 2542 3627 2613 βάτος
3657 2545 3837 2599 ἐκαίετο

2283 2636 2436 2708 πυρὶ,
2493 2636 2522 2687 6
2574 2634 2631 2687 δὲ
2679 2635 2838 2704 βάτος
2862 2634 2945 2703 ,οὐ
2979 2634 3318 2690 κατεκαίετο.
3358 2630 3496 2690 Eine
3540 2636 3603 2690 δὲ
3643 2638 3832 2707 MM?

2281 2724 2577 2797 Παρελθὼν
2625 2726 2827 2796 ὂψομαι
2869 2725 2933 2778 τὸ
2978 2727 3162 2798 ὅραμα
3207 2728 3271 2779 τὸ
3301 2727 3443 2797 μέγα
3468 2728 3653 2791 τοῦτο,
3688 2730 3760 2784 ὅτι
3786 2733 3835 2784 οὐ

2280 2818 2639 2872 κατακαίεται
2666 2821 2694 2871 6
2727 2818 2906 2887 βάτος.
2948 2836 2966 2869 ι
3004 2817 3172 2871 Ξύλον
3206 2818 3264 2871 δὲ
3299 2820 3421 2889 οὐχὶ
3443 2821 3557 2873 τῶν
3588 2822 3789 2893 ἡμέρων
3811 2824 3836 2875 6

2281 2911 2461 2981 βάτος,
2502 2910 2703 2982 ἀγρίας
2738 2911 2795 2964 δὲ
2827 2910 3026 2982 μᾶλλον
3079 2911 3320 2981 ἀκάνθης
3352 2908 3512 2977 εἶδος,
3548 2916 3643 2968 καὶ
3684 2915 3837 2986 ὀρεσί-

2278 3009 2479 3077 τρόφου
2532 3006 2709 3078 ῥίζης,
2760 3008 2845 3075 ἐφ’
2956 3005 3017 3058 τὸ
3056 3005 3283 3077 φρικτὸν
3320 3006 3628 3077 ἐπράττετο
3658 3007 3836 3078 θαῦμα,

2282 3097 2586 3170 μυστηρίου
2636 3096 2807 3150 τύπον
2839 3093 2898 3151 εὖ
2937 3097 3082 3168 μάλα
3132 3097 3394 3169 πληροῦν.
3436 3100 3703 3168 Ἀγγελος
3750 3103 3839 3168 γὰρ

592 3189 801 3244 tissime
833 3189 1079 3260 gerebat.
1120 3188 1363 3259 Angelus
1400 3188 1603 3258 quippe
1642 3189 1688 3242 is
1730 3198 1849 3243 erat
1893 3190 1987 3259 qui
2034 3189 2177 3259 ignis

2285 3187 2348 3262 ἦν
2373 3191 2449 3251 ὠς
2491 3192 2548 3244 ὲν
2592 3188 2723 3242 εἴδει
2759 3189 2930 3260 πυρὸς
2977 3190 3100 3243 ὅλον
3140 3189 3315 3245 διόλου
3368 3190 3836 3259 καταὸοσκόμενῠς.

591 3282 773 3354 specie
801 3290 976 3336 totum
1012 3279 1256 3349 undique
1276 3278 1695 3349 depascebatur,
1725 3282 1832 3351 62
1852 3282 2095 3350 nequein
2113 3298 2177 3336 ea

592 3378 778 3426 tamen
810 3372 981 3441 stirpe
1004 3370 1295 3439 vestigium
1342 3370 1483 3439 ignis
1506 3371 1678 3425 ullum
1716 3372 2068 3442 imprimebat
2089 3391 2101 3426 :
2121 3389 2185 3428 ac

593 3476 704 3513 non
734 3475 894 3514 secus
918 3474 1081 3528 quam
1114 3460 1159 3513 si
1185 3459 1411 3512 minime
1437 3459 1483 3512 is
1516 3458 1754 3523 adesset,
1796 3476 1864 3515 ne
1899 3462 2181 3517 minimam

593 3548 814 3619 quidem
833 3549 1030 3602 caloris
1046 3556 1255 3617 partem
1281 3547 1350 3600 ab
1372 3548 1494 3617 igne
1511 3548 1676 3601 arbor
1696 3549 1786 3602 illa
1829 3551 2180 3620 suscipiebat.

664 3639 866 3694 PALL.
898 3638 1042 3704 Quid
1076 3639 1245 3708 igitur
1265 3637 1403 3691 illud
1432 3640 1589 3692 erat?

667 3730 824 3785 CYR.
881 3730 1069 3785 lsraeli
1124 3729 1387 3784 nimirum
1438 3737 1693 3799 tanquam
1724 3730 1961 3786 silvestri
2001 3732 2182 3787 arbori

594 3838 660 3878 ac
688 3823 865 3878 dulcis
908 3823 1132 3894 iustitia:
1174 3823 1385 3877 fructus
1424 3824 1607 3877 nullos
1649 3824 1895 3888 habenti,
1937 3825 2083 3894 quod
2122 3826 2178 3879 in

591 3915 972 3989 Egyptiorum
1022 3916 1237 3986 legibus
1281 3916 1543 3982 aleretur,
1583 3919 1900 3988 angelorum
1944 3918 2182 3972 admini-

594 4011 860 4065 stratione
891 4009 1068 4063 danda
1098 4010 1185 4064 lex
1213 4017 1351 4072 erat,
1388 4025 1511 4078 qua:
1539 4009 1888 4063 illuminandi
1914 4010 2023 4063 vim
2056 4011 2182 4079 qui-

596 4104 721 4157 dem
746 4103 994 4166 haberet,
1021 4102 1066 4156 si
1099 4100 1466 4171 spiritualiter
1491 4100 1909 4170 intelligeretur,
1942 4110 1997 4155 et
2026 4117 2182 4155 men-

599 4196 669 4251 tis
722 4196 983 4251 tenebras
1032 4194 1302 4264 repellere
1345 4200 1531 4263 posset
1584 4192 1775 4262 (liabct
1835 4192 1983 4245 enim
2042 4192 2182 4262 ignis

594 4300 812 4353 natura,
854 4298 916 4343 ut
944 4286 1144 4342 efﬁciat
1183 4286 1237 4340 id
1262 4284 1542 4356 quoque),
1569 4286 1665 4339 sed
1698 4302 1764 4340 ea
1806 4293 1988 4340 tamen
2034 4285 2182 4340 acci-

596 4382 883 4453 pientibus
924 4378 1138 4433 inutilis
1165 4378 1291 4443 fuit,
1345 4378 1495 4431 nulla
1530 4376 1705 4447 ipsius
1735 4378 1929 4447 culpa;
1964 4392 2179 4441 verum,

597 4474 743 4544 quod
778 4473 838 4537 ii,
875 4472 1207 4541 quibuscum
1244 4469 1527 4539 agebatur,
1564 4469 1790 4523 minime
1822 4470 2007 4523 lumen
2044 4468 2180 4523 illud

2285 3282 2538 3353 αἴσθησιν
2587 3281 2645 3334 δὲ
2700 3280 2779 3351 τῷ
2830 3280 2972 3351 ξύλῳ
3019 3280 3291 3351 μηδεμίαν
3340 3280 3577 3345 ἐντιθεὶς
3625 3282 3719 3352 τῆς
3762 3282 3838 3334 τώ

2285 3373 2457 3445 πυρὸς
2484 3375 2568 3425 eve
2580 3373 2786 3443 ργείας,
2819 3374 2877 3425 ὲν
2911 3374 3013 3442 ἴσῳ
3039 3372 3097 3425 δὲ
3129 3371 3321 3444 ῶσπερ
3349 3375 3399 3426 εί
3426 3374 3521 3426 καὶ
3561 3375 3637 3445 μὴ
3664 3374 3838 3444 παρῆν,

2288 3463 2408 3535 μηδ’
2458 3464 2582 3516 ὅσον
2627 3464 2801 3516 εἰπεῖν
2848 3462 3151 3533 θερμασίας
3185 3478 3291 3516 που
3335 3462 3477 3533 τάχα
3526 3464 3634 3534 τῆς
3683 3464 3750 3527 ὡς
3792 3465 3842 3517 l2.

2285 3557 2456 3627 πυρὸς
2486 3555 2577 3609 τοῦ
2609 3555 2766 3622 ξύλου
2792 3554 3213 3626 μετεσχηκότος.

2358 3650 2566 3704 ΠΑΛΛ,
2610 3649 2675 3701 Τί
2704 3646 2798 3702 οὖν
2825 3648 2984 3702 τοῦτό
3013 3665 3111 3719 γε;

2355 3739 2519 3792 ΚΥΡ.
2550 3737 2703 3810 Ξύλῳ
2726 3739 2833 3810 γὰρ
2854 3739 3042 3811 ῶσπερ
3063 3739 3241 3811 ἀγρίῳ
3260 3742 3505 3810 γεγονότι
3522 3740 3605 3813 τῷ
3636 3741 3839 3813 Ἰσραὴλ,

2285 3832 2379 3884 καὶ
2408 3831 2656 3903 καρποὺς
2696 3830 2942 3902 ἡμέρους
2980 3830 3326 3902 δικαιοσύνης
3358 3832 3458 3885 οὐκ
3491 3832 3706 3904 ἔχοντι·
3752 3836 3843 3895 τοῖς

2284 3920 2394 3991 γὰρ
2443 3918 2756 3987 Αἰγυπτίων
2805 3920 3095 3991 ἐτρέφοντο
3158 3920 3375 3990 νόμοιςο
3425 3922 3457 3975 6
3499 3922 3572 3974 δι’
3623 3922 3843 3990 ἀγγέλων

2285 4010 2479 4081 ἔμελλε
2519 4009 2840 4079 δοθήσεσθαι
2888 4010 3072 4081 νόμος,
3126 4010 3382 4080 φωτίζειν
3424 4012 3524 4083 μὲν
3570 4013 3765 4075 ἱκανὸς,
3805 4014 3845 4063 εί

2285 4102 2416 4171 γοῦν
2439 4104 2612 4157 νοοῖτο
2635 4102 3041 4173 πνευματικῶς,
3063 4102 3157 4156 καὶ
3179 4102 3274 4155 τὸν
3297 4104 3379 4166 είς
3397 4103 3526 4156 νοῦν
3547 4103 3845 4174 ἀποπέμψαι

2288 4194 2498 4259 σκότον,
2528 4193 2777 4272 ἐνέργεια
2806 4194 2913 4265 γὰρ
2959 4192 3051 4246 καὶ
3078 4194 3174 4264 ἥδε
3220 4211 3281 4248 πε
3300 4194 3415 4260 ρδς,
3448 4195 3592 4267 πλὴν
3618 4198 3728 4259 τοῖς
3764 4195 3845 4248 λαο

2286 4286 2470 4341 δοῦσιν
2515 4287 2794 4358 ἀνόνητος,
2839 4288 2931 4341 καὶ
2984 4285 3102 4340 οῦτι
3151 4303 3255 4341 που
3284 4289 3503 4353 πάντως
3534 4290 3603 4343 δι’
3654 4289 3843 4351 ἑαυτὸν,

2285 4379 2401 4432 ἀλλ’
2434 4379 2557 4432 ἐπεί
2588 4396 2670 4432 τοι
2721 4380 2782 4432 τὸ
2803 4379 2920 4449 φῶς
2957 4381 3030 4451 μὴ
3068 4381 3148 4444 είς
3179 4381 3304 4435 νοῦν
3336 4382 3584 4452 ἐδέχοντο
3612 4385 3706 4437 καὶ
3731 4399 3846 4452 up-

2283 4472 2422 4535 δίαν,
2448 4473 2497 4524 oi
2530 4471 2666 4541 πρὸς
2689 4470 2783 4535 οὒς
2804 4473 2833 4523 6
2859 4471 3263 4540 λόγος,ξέξωθεν
3283 4473 3340 4526 δὲ
3361 4472 3554 4544 ὥσπερ
3582 4472 3845 4543 φυηισμοῦ

600 4566 654 4618 in
687 4564 929 4617 animum
952 4571 1115 4631 atque
1152 4560 1207 4614 in
1259 4576 1355 4616 cor
1384 4562 1737 4616 admitterent
1769 4578 1781 4613 :
1814 4576 1941 4614 nam
1966 4560 2178 4614 extrin-

2285 4563 2507 4635 δόκησιν
2537 4563 2598 4616 τὸ
2630 4562 2865 4633 γράμμα
2894 4562 3319 4633 πλουτήσαντες,
3345 4564 3481 4636 ὅπερ
3513 4566 3661 4635 ἔχειν
3690 4564 3850 4634 ἐνόμι-

600 4671 763 4710 secus
802 4669 926 4708 cum
976 4653 1175 4706 litterae
1231 4652 1430 4722 Opibus
1484 4653 1653 4706 veluti
1704 4652 1887 4720 specie
1940 4650 2179 4721 quadam

600 4747 828 4804 luminis
843 4744 1207 4807 abundarent,
1227 4744 1371 4813 quod
1395 4744 1595 4797 habere
1612 4758 1670 4797 se
1682 4743 1969 4812 putabant,
1988 4759 2181 4798 revera

599 4840 829 4895 minime
860 4836 1157 4891 habebant.
1191 4834 1346 4900 Quod
1390 4834 1558 4904 igitur
1587 4835 1732 4887 circa
1784 4835 1983 4888 rubum
2039 4834 2181 4905 ignis

598 4932 893 4987 videbatur
921 4927 1165 5000 quidem,
1197 4941 1380 4995 neque
1419 4934 1598 4980 tamen
1638 4926 1818 4980 arbori
1855 4926 1932 4981 illi
1956 4942 2180 4982 sensum

599 5025 798 5081 caloris
855 5022 1154 5084 inferebat,
1214 5019 1484 5090 ejusmodi
1534 5018 1820 5089 quidpiam
1868 5020 2179 5091 signiﬁcare

599 5117 836 5171 videtur.
864 5114 1058 5169 Fuisse
1100 5120 1286 5166 autem
1317 5110 1513 5169 inutile
1542 5109 1748 5165 Iudaeis
1800 5110 1934 5165 illud
1960 5127 2028 5166 ex
2061 5112 2181 5182 lege

598 5207 809 5271 lumen,
841 5206 1085 5261 declarat
1134 5203 1221 5257 his
1247 5202 1440 5257 verbis
1464 5202 1582 5272 ipse
1627 5200 1876 5257 Salvator
1909 5221 1922 5255 :
1959 5223 1977 5255 ι
2011 5203 2181 5260 Scru-

601 5298 793 5352 tamini
825 5297 1153 5366 Scripturas,
1191 5294 1322 5365 quia
1357 5308 1454 5347 vos
1480 5292 1686 5363 putatis
1748 5294 1803 5348 in
1842 5294 1977 5364 ipsis
2012 5297 2182 5353 vitam

602 5402 866 5445 .eternam
924 5388 1167 5453 habere;
1198 5394 1255 5441 et
1312 5386 1419 5442 illa
1453 5394 1582 5441 sunt
1636 5400 1759 5456 qua:
1801 5387 2181 5444 testimonium

2289 4656 2525 4721 ζον,οὐκ
2583 4651 2729 4725 εἶχον
2773 4655 3009 4727 ἀληθῶς.
3048 4655 3337 4727 Τοιγάρτοι
3380 4657 3510 4727 περὶ
3564 4658 3660 4712 τὸν
3710 4656 3849 4726 βάτον

2296 4749 2395 4819 μὲν
2422 4746 2653 4818 ὁρᾶσθαι
2682 4747 2743 4800 τὸ
2769 4747 2901 4819 πῦρ,
2937 4746 3014 4819 μὴ
3045 4746 3150 4819 μὴν
3175 4748 3256 4800 ἔτι
3290 4748 3384 4802 καὶ
3431 4747 3736 4819 θερμασίας
3779 4746 3851 4800 αἷ-

2290 4839 2480 4908 σθησιν
2510 4837 2710 4891 ἐνιέναι
2744 4837 2822 4907 τῷ
2861 4836 3022 4908 ξύλῳ,
3055 4837 3357 4908 παραδηλοῖ
3401 4855 3457 4891 τι
3508 4839 3752 4892 τοιοῦτον
3788 4837 3851 4899 ὥς

2288 4930 2353 4999 γέ
2380 4946 2470 5000 μοι
2488 4929 2787 4983 δοκεῑ.”οτι
2812 4928 2869 4981 δὲ
2891 4930 3146 4999 ἀνόνητον
3197 4930 3468 4995 Ἰουδαίοις
3498 4930 3564 4984 τὸ
3590 4933 3655 4985 ὲκ
3674 4929 3763 4984 τοῦ
3779 4929 3854 4982 νό-

2292 5041 2394 5097 μου
2440 5023 2631 5092 γέγονε
2682 5021 2817 5091 φῶς,
2860 5024 3113 5091 σαφηνιεί
3155 5021 3327 5091 λέγων
3361 5023 3526 5087 αὐτὸς
3571 5026 3605 5077 6
3645 5025 3849 5093 Σωτήρ·

2285 5133 2305 5167 ι
2356 5115 2640 5185 Ἑρευνᾶτε
2673 5112 2770 5173 τὰς
2796 5111 3017 5182 Γραφὰς
3041 5112 3124 5165 ὅτι
3163 5112 3321 5181 ὑμεῖς
3347 5113 3552 5167 δοκεῖτε
3593 5116 3655 5167 ὲν
3680 5112 3852 5173 αὐταῖς

2281 5206 2428 5279 ζωὴν
2471 5205 2687 5260 αἰώνιον
2722 5206 2895 5277 ἔχειν·
2925 5207 3019 5260 καὶ
3058 5206 3263 5260 ἐκεῖναί
3295 5208 3434 5261 είσιν
3466 5208 3525 5262 αί
3555 5205 3852 5279 μαρτυροῦ·

2285 5314 2375 5351 σαι
2416 5298 2548 5369 περὶ
2596 5297 2754 5369 ἐμοῦ.
2797 5298 2905 5352 Καὶ
2938 5298 3000 5351 οὐ
3034 5297 3219 5353 θέλετε
3262 5298 3439 5353 ἐλθεῖν
3485 5301 3625 5372 πρὸς
3662 5300 3751 5370 μὲ,
3781 5298 3855 5350 ἵνα

2280 5388 2430 5461 ζωὴν
2478 5389 2694 5443 αίὼνιον
2723 5389 2903 5461 ἔχητε.
2955 5409 2973 5442 ι
3010 5390 3121 5445 Καὶ
3163 5390 3282 5461 μεθ’
3312 5392 3477 5464 ἔτερα
3514 5391 3702 5449 πάλιν.
3737 5392 3855 5461 πρὸς

604 5481 902 5552 perhibent
938 5479 1006 5534 de
1054 5495 1141 5535 me
1175 5497 1187 5532 :
1221 5487 1408 5535 etnon
1430 5478 1597 5532 vultis
1642 5478 1830 5534 venire
1876 5479 1945 5534 ad
1980 5496 2089 5547 me,
2122 5492 2181 5536 ut

2292 5482 2419 5544 τοὺς
2446 5481 2557 5534 τῶν
2594 5481 2862 5535 Ἰουδαίων
2908 5481 3247 5553 καθηγητὰς,
3291 5484 3384 5537 καὶ
3432 5483 3568 5555 πρὸς
3605 5484 3781 5538 πάντα
3807 5481 3855 5534 6‘s

604 5574 773 5628 vitam
795 5580 1055 5627 :etcrnam
1089 5571 1338 5627 habeatis
1363 5571 1428 5623 ⁸⁷.
1455 5590 1473 5622 ι
1505 5570 1575 5625 Et
1607 5579 1732 5641 post
1773 5586 1969 5642 pauca,
1993 5589 2181 5630 rursus

2289 5571 2380 5624 τὸν
2430 5570 2586 5625 λαόν·
2636 5591 2655 5623 ι
2686 5573 2779 5643 Μὴ
2810 5572 3018 5628 δοκεῖτε
3046 5575 3128 5629 ὄτι
3174 5573 3287 5642 ἐγὼ
3325 5576 3694 5647 κατηγορήσω
3720 5572 3858 5641 ὑμῶν

605 5664 917 5720 Ξυόωοτιιιη
968 5662 1258 5734 magistros
1320 5660 1715 5733 perstringens,
1795 5678 1860 5718 ac
1913 5665 2179 5735 populum

2291 5665 2428 5737 πρὸς
2475 5664 2567 5717 τὸν
2614 5664 2864 5737 Πατέραο
2898 5665 3046 5721 ἔστιν
3090 5669 3119 5721 6
3172 5667 3494 5739 κατηγορῶν
3530 5668 3693 5740 ὑμῶν
3743 5667 3858 5720 Mm-

683 5841 729 5874 ³⁸
756 5842 925 5896 Exod.
971 5858 1047 5907 In,
1088 5841 1142 5907 ἓ,
1183 5844 1233 5897 5.
1310 5844 1356 5878 ³⁷
1391 5847 1547 5901 Joan.
1590 5868 1641 5911 v,
1674 5850 1761 5905 39.
