4076 6532
262 368 366 422 235

995 375 1085 430 DE
1122 375 1563 432 ADORATIONE
1604 374 1671 430 IN
1712 375 1980 431 SPIRITU
2017 377 2103 432 ET
2145 378 2524 433 VERITATE.
2568 380 2697 434 LIB.
2741 380 2805 434 II.

3404 383 3503 439 23‘

259 482 398 551 σῆς,
447 483 532 553 ἐφ’
588 484 648 540 δν
690 485 846 557 ὑμεῖς
897 488 1198 559 ἠλπίκατε·
1249 493 1299 545 εἰ
1354 494 1462 564 γὰρ
1493 493 1813 557 ἐπιστεύετε

1927 494 2252 549 universum
2287 516 2299 549 :
2334 515 2352 546 ‹
2387 495 2567 551 Nolite
2590 508 2802 567 putare,
2835 497 3036 569 inquit,
3064 498 3192 569 quia
3214 514 3312 569 ego
3343 514 3507 554 accu-

254 575 447 647 Μωσῇ,
494 576 812 633 ἐπιστεύετε
855 580 923 635 ἃν
956 582 1100 652 ἐμοί·
1137 584 1400 656 περὶγὰρ
1445 585 1580 655 ἐμοῦ
1622 585 1826 647 ἐκεῖνος

254 666 511 737 ἔγραψεν.
544 668 608 722 Εἰ
638 669 697 723 δὲ
739 673 851 735 τοῖς
895 673 1103 727 ἐκείνου
1155 677 1391 747 ῥήμασιν
1422 677 1483 730 οὐ
1519 674 1823 738 πιστεύετε,

255 758 370 822 πῶς
410 762 524 824 τοίς
555 761 708 843 ἐμοῖς
749 763 956 835 ῥήμασι
991 766 1348 834 πιστεύσετες
1400 785 1420 820 ι
1450 766 1515 822 Οί
1550 768 1658 839 γὰρ
1689 766 1826 830 ὅλως

252 853 349 921 τὴν
375 852 465 905 διά
499 852 669 922 νόμου
706 857 1042 926 στοιχείωσιν
1072 858 1425 928 ἀμαθέστατα
1451 858 1824 928 διωθούμενοι,

254 940 368 1005 πῶς
388 943 458 997 ἂν
479 943 806 1008 εἰσδέξαιντο
839 946 928 1001 διὰ
954 948 1213 1019 Χριστοῦ,
1242 948 1337 1002 τοῦ
1379 948 1596 1013 τελείως
1617 947 1823 1017 ἀγαθοῦ

249 1033 345 1104 τὴν
374 1035 581 1103 γνῶσιν
610 1039 964 1110 εἰσφέροντας
989 1040 1298 1111 Καιόμενον
1328 1041 1427 1111 μὲν
1455 1040 1685 1110 βλέπων,
1726 1058 1825 1094 κα-

249 1124 650 1197 ταφλεγόμενον
669 1128 727 1181 δὲ
756 1129 874 1200 οὐχὶ
893 1130 983 1182 τὸν
1004 1129 1185 1199 βάτον,
1217 1130 1331 1184 ἀλλ’
1359 1131 1480 1185 οὐδὲ
1505 1132 1721 1186 είκοντα
1744 1130 1824 1203 τῷ

252 1215 399 1284 πυρὶ,
428 1216 790 1288 κατετεθήπει
816 1217 1000 1271 λοιπὸν
1026 1218 1054 1271 6
1113 1219 1381 1289 μακάριος
1407 1220 1633 1291 Μωσῆς,
1661 1220 1714 1273 τί
1745 1221 1829 1274 ὃτι

248 1302 306 1354 οὑ
331 1304 691 1358 κατακαίεται
714 1307 743 1359 6
771 1305 952 1377 βάτος.
974 1309 1364 1379 Καταπλαγείη
1395 1309 1502 1381 γὰρ
1535 1310 1600 1364 ἄν
1623 1327 1706 1374 τις
1724 1312 1823 1382 τῆς

246 1394 479 1449 εἰσάπαν
509 1396 867 1468 ἀναισθησίας
895 1399 986 1451 τὸν
1029 1400 1267 1471 Ἰσραὴλ,
1298 1403 1348 1455 οί
1387 1401 1729 1473 συλλήπτορά
1760 1420 1820 1456 τε

244 1485 335 1537 καὶ
354 1486 582 1556 ἀρωγὸν
615 1488 707 1541 τὸν
734 1489 885 1559 παρά
922 1491 1057 1546 Θεοῦ
1090 1492 1372 1563 δεξάμενοι
1403 1493 1586 1563 νόμον,
1618 1494 1821 1549 καὶτὸν

241 1576 305 1629 δι’
345 1577 520 1631 αὑτοῦ
557 1580 836 1651 φωτισμὸν
889 1581 1312 1654 πλουτήσαντες,
1363 1579 1484 1638 εἶτα
1523 1585 1681 1653 λόγου
1717 1604 1821 1657 μη·

237 1667 382 1732 δενδς
423 1670 709 1736 ἀξιοῦντες
756 1672 818 1726 τὸ
859 1674 1071 1746 χρῆμα,
1122 1677 1259 1746 μήτε
1302 1677 1408 1748 μὴν
1453 1679 1533 1742 εἰς
1567 1677 1691 1731 νοῦν
1726 1681 1820 1733 καὶ

238 1758 471 1829 καρδίαν
507 1763 938 1836 εἰσοικισάμενοι
971 1767 1033 1819 τὸ
1067 1766 1241 1831 δοθὲν,
1279 1767 1609 1839 ἀνωφέλητοι
1646 1786 1819 1841 μεμε-

234 1852 468 1921 νιίλκαιῐι⁴
519 1854 713 1927 νεκρὸς
769 1855 879 1928 γὰρ
929 1856 1115 1928 ὥσπερ
1175 1859 1358 1922 αὐτοῖς
1424 1859 1649 1924 εἰκότως
1708 1860 1803 1914 καὶ

1930 595 2145 639 saturus
2160 600 2278 639 sum
2290 600 2387 640 vos
2402 587 2545 656 apud
2556 588 2770 643 Patrem
2788 606 2800 640 :
2818 596 2900 642 est
2912 588 3004 659 qui
3027 596 3245 643 accusat
3259 603 3353 645 vos
3364 589 3508 662 Moy-

1926 691 2035 741 ses,
2055 676 2109 730 in
2123 680 2537 747 quosperastis;
2559 680 2603 735 si
2635 680 2781 735 enim
2800 681 3098 737 crederetis
3109 681 3297 754 Moysi,
3318 683 3507 738 crede-

1927 766 2060 822 retis
2074 766 2298 824 forsitan
2321 778 2377 824 et
2395 770 2529 850 mihi
2545 788 2560 835 ;
2579 770 2647 825 de
2668 786 2755 825 me
2779 770 2925 825 enim
2948 770 3039 826 ille
3062 770 3301 842 scripsit.
3326 770 3383 827 Si
3409 787 3505 827 au-

1925 867 2036 915 tem
2072 858 2437 915 illiuslitteris
2464 877 2574 916 non
2600 861 2846 926 creditis,
2868 861 3144 931 quomodo
3163 862 3348 918 verbis
3364 864 3502 919 meis

1923 951 2162 1006 credetis
2186 950 2321 1003 ”?i
2380 950 2485 1018 Qui
2530 951 2679 1006 enim
2730 952 2951 1022 penitus
3006 952 3142 1022 legis
3190 952 3501 1009 rudimenta

1922 1042 2247 1098 stultissime
2273 1043 2598 1114 rejecerant,
2630 1043 2669 1098 ii
2700 1059 2936 1114 quanam
2996 1042 3209 1098 ratione
3243 1044 3501 1114 perfectae

1925 1132 2145 1188 virtutis
2199 1134 2592 1205 cognitionem,
2648 1134 2872 1190 Christo
2922 1134 3193 1199 tradente,
3248 1135 3499 1206 percipe-

1922 1221 2243 1278 rent?Cum
2278 1223 2445 1295 igitur
2494 1223 2689 1280 ardere
2734 1223 2957 1294 quidem
3015 1224 3213 1278 rubum
3261 1224 3496 1289 videret,

1923 1314 2150 1368 minime
2213 1322 2397 1369 tamen
2448 1314 2719 1373 comburi.
2775 1321 2939 1383 atque
2994 1313 3136 1369 adeo
3187 1327 3257 1367 ne
3301 1313 3498 1368 cedere

1922 1404 2146 1474 quidem
2186 1402 2439 1469 ﬂammis,
2503 1403 2787 1475 obstupuit
2838 1404 3035 1459 beatus
3079 1403 3308 1475 Moyses,
3341 1404 3495 1473 quid.

1922 1511 2049 1551 nam
2085 1506 2252 1562 esset,
2292 1496 2439 1567 quod
2488 1512 2599 1550 non
2659 1496 3078 1551 combureretur
3119 1494 3310 1549 rubus.
3359 1492 3492 1548 Nam

1921 1603 2197 1643 summum
2249 1589 2467 1644 Israelis
2529 1597 2809 1659 stuporem
2862 1586 3123 1642 admirari
3180 1586 3328 1650 licet,
3375 1585 3490 1655 qui,

1920 1694 2045 1734 cum
2078 1678 2367 1733 fautricem
2417 1677 2850 1748 adjutricemque
2889 1691 2920 1730 a
2978 1676 3092 1731 Deo
3125 1675 3301 1746 legem
3328 1688 3491 1729 acce-

1920 1770 2146 1839 pissent,
2196 1771 2423 1842 ejusque
2466 1769 2604 1840 legis
2651 1767 3016 1824 illustratione
3062 1766 3221 1821 ditati
3279 1775 3489 1827 essent,

1908 1875 2026 1915 rem
2059 1868 2264 1916 tantam
2311 1860 2463 1915 nullo
2502 1860 2626 1915 loco
2666 1859 3000 1923 habuerunt,
3067 1872 3250 1928 neque
3285 1857 3489 1912 donum

233 1943 626 2038 ἀπειιιυγμένος
663 1950 693 2002 6
720 1949 842 2015 νοῦς
863 1967 877 1980 ·
919 1952 1063 2006 εῐποι
1102 1952 1147 2006 δ’
1182 1953 1249 2007 ἀν
1281 1971 1365 2018 τις
1392 1954 1488 2008 καὶ
1518 1955 1605 2009 ἐπ’
1627 1956 1811 2020 αὐτοῖς

1916 1949 2022 2007 hoc
2054 1951 2112 2006 in
2164 1952 2366 2008 mentis
2392 1950 2687 2020 cordisque
2736 1949 3014 2005 domicilio
3046 1948 3487 2009 collocaverunt;

232 2034 459 2099 εἰκότως
482 2051 499 2066 θ
534 2038 600 2090 Τί
648 2040 729 2093 ὅτι
766 2041 827 2093 οὑ
868 2042 1224 2097 κατακαίεται
1252 2044 1282 2097 6
1313 2043 1509 2114 βάτος;
1537 2040 1573 2116 ἦ
1611 2044 1719 2117 γὰρ
1743 2043 1810 2100 ἂν

1917 2042 2102 2114 itaque
2138 2043 2344 2099 nullam
2378 2043 2671 2099 utilitatem
2703 2057 2770 2098 ex
2803 2057 2865 2096 ea
2889 2046 3296 2112 perceperunt:
3337 2052 3488 2093 mor-

230 2123 480 2190 ἐγένοντο
508 2125 631 2195 μεθ’
652 2127 811 2198 ἡμῶν
836 2128 916 2199 τῷ
942 2130 1214 2201 πνεύματι
1249 2129 1482 2196 ζέοντες.

1919 2143 2048 2189 tuus
2076 2135 2222 2189 enim
2253 2142 2338 2191 est
2362 2135 2506 2205 apud
2532 2135 2674 2198 illos,
2706 2132 2987 2197 nimirum,
3029 2138 3193 2202 atque
3220 2128 3490 2185 exanimis

230 2210 525 2282 Scriptura;
581 2228 775 2270 sensus
813 2234 826 2268 :
889 2231 1069 2287 neque
1130 2217 1368 2276 absurde
1426 2219 1496 2275 de
1548 2219 1655 2276 illis
1698 2220 1806 2277 dici
1843 2230 2045 2290 potest,
2088 2224 2481 2293 quod‘minime
2509 2222 2866 2279 comburatur
2917 2221 3122 2285 rubus;
3151 2215 3486 2291 63alioqui

230 2308 520 2365 nobiseum
554 2319 741 2364 essent
761 2310 959 2381 spiritu
983 2312 1279 2369 ferventes.

294 2402 511 2455 HAAA.
545 2397 621 2456 Εὖ
652 2402 809 2474 ἔφης.

290 2491 461 2546 ΚΥΡ.
516 2493 704 2547 Ἕοικε
748 2494 807 2547 δὲ
857 2496 952 2549 καὶ
1006 2496 1208 2569 ἑτέρων
1262 2500 1396 2570 ἡμῖν
1449 2499 1663 2555 ἐννοιῶν
1711 2504 1812 2556 οὑκ

225 2582 408 2654 ἀμαθῆ
456 2583 693 2657 θεωρίαν
722 2585 1043 2655 ὑποφαίνειν
1071 2588 1133 2642 τὸ
1163 2590 1373 2662 χρῆμα.
1405 2591 1670 2646 Μέλλουσι
1704 2593 1812 2663 γὰρ

224 2670 317 2742 ήδη
361 2673 484 2735 τοῖς
514 2670 576 2733 ἐξ
634 2673 852 2747 Ἰσραὴλ
897 2678 1002 2746 γῆς
1043 2677 1142 2747 τῆς
1187 2679 1499 2746 Αἰγυπτίων
1530 2681 1809 2750 ἀπαίρειν,

226 2760 313 2814 καὶ
342 2759 464 2815 οἷον
509 2761 724 2818 οὐδέπω
765 2764 859 2818 τὸν
894 2765 995 2837 τῆς
1039 2767 1361 2840 ἀνεθελήτου
1412 2768 1631 2842 θητείας
1672 2771 1805 2824 ἀπο-

226 2850 466 2904 σείεσθαι
494 2852 682 2921 ζυγὸν,
708 2853 881 2909 διάτοι
906 2856 1064 2911 τοῦτο
1098 2862 1216 2924 ταῖς
1244 2861 1336 2913 τοῦ
1364 2863 1687 2933 κρατοῦντος
1724 2863 1804 2918 ἔτι

223 2942 591 3013 προσκρούειν
643 2943 835 3015 ὀργαῖς
888 2949 1110 3018 σημεῖον
1141 2949 1312 3004 ἐδίδου
1341 2952 1473 3017 Θεὸς
1500 2955 1562 3007 τὸ
1592 2955 1684 3010 ἐπὶ
1710 2955 1802 3009 τοῦ

223 3031 381 3100 βάτου
409 3032 693 3105 δρώμενον
713 3052 727 3065 ’
756 3036 835 3089 ὅτι
862 3038 955 3090 καὶ
982 3039 1150 3093 αὑτοῦ
1174 3042 1345 3112 πυρὸς
1373 3043 1628 3114 ἀμείνους
1657 3045 1804 3099 ἔσονιο

1980 2408 2175 2465 PALL.
2203 2407 2420 2479 Optime
2454 2407 2687 2463 dictum.

1973 2500 2135 2569 CYR.
2176 2499 2406 2555 Videtur
2458 2508 2645 2556 autem
2690 2499 2922 2553 aliorum
2947 2511 3165 2568 quoque
3199 2512 3481 2575 sensuum,

1907 2608 2018 2648 non
2070 2593 2309 2663 ineptam
2365 2590 2783 2662 intelligentiam
2835 2589 2941 2644 hoc
2985 2588 3192 2644 factum
3252 2589 3484 2644 latenter

1908 2682 2197 2739 ostendere
2234 2698 2247 2735 :
2286 2680 2546 2735 Israelitis
2575 2679 2743 2743 enim,
2783 2693 2907 2733 cum
2949 2678 3060 2749 jam
3094 2692 3163 2732 ex
3196 2674 3481 2748 Egyptio-

1912 2788 2033 2827 rum
2057 2780 2201 2827 terra
2223 2769 2521 2842 profecturi
2549 2775 2754 2831 essent,
2793 2782 2857 2822 ac
2881 2768 3045 2837 paulo
3065 2772 3188 2837 post
3214 2766 3481 2837 abjecturi

1910 2871 2112 2919 coactae
2155 2861 2439 2917 servitutis
2478 2861 2693 2931 iugum,
2737 2872 2972 2928 cumque
3008 2857 3081 2912 ob
3104 2872 3225 2912 eam
3262 2870 3480 2911 causam

1909 2951 2154 3006 futurum
2190 2957 2335 3006 esset
2373 2957 2435 3003 ut
2478 2948 2588 3002 iras
2627 2946 2895 3017 principis
2930 2952 3375 3008 commoverent,
3424 2944 3481 2997 in

1908 3041 2067 3110 cujus
2099 3037 2281 3092 adhuc
2331 3038 2541 3090 ditione
2586 3044 2766 3099 erant,
2799 3032 3034 3105 prodigii
3056 3033 3185 3087 loco
3235 3030 3482 3087 ostendit

224 3138 303 3175 ται
333 3123 503 3186 πολὺ,
541 3124 637 3178 καὶ
670 3126 783 3189 τοῖς
810 3125 1015 3180 ἀδικεῖν
1071 3129 1342 3198 ἰσχύουσιν
1377 3132 1476 3203 οὑχ
1516 3133 1803 3206 ἀλώσιμοι,

1908 3131 2054 3185 Deus
2089 3127 2244 3192 illud,
2285 3126 2432 3198 quod
2456 3125 2722 3196 agebatur
2744 3124 2801 3178 in
2831 3123 2995 3186 rubo,
3041 3137 3152 3190 quo
3180 3120 3478 3190 portende-

225 3212 361 3266 κατά
379 3230 448 3282 γε
470 3213 555 3276 τὸ,
573 3209 745 3284 οἶμαι,
770 3214 1086 3287 θεοπρεπῶς
1105 3218 1392 3289 εἰρημένον
1409 3236 1424 3251 ο
1450 3239 1467 3273 ι
1496 3222 1587 3293 Μὴ
1614 3222 1803 3290 φοόοῦ,

223 3302 300 3356 ὅτι
330 3303 481 3374 μετά
524 3303 621 3358 σοῦ
645 3306 780 3375 εἰμι.
807 3304 943 3373 Φλὺξ
980 3306 1039 3361 ού
1075 3308 1408 3364 κατακαύσει
1453 3328 1535 3377 σε,
1568 3314 1804 3382 ποταμοὶ

221 3396 281 3450 οὐ
313 3395 702 3465 συγκλείσουσί
733 3415 816 3452 σε.
858 3418 879 3452 ι
1546 3403 1552 3412 ’

291 3670 507 3723 ΠΔΛΔ.
543 3669 764 3741 Εὑφυὴς
793 3673 821 3725 ι
849 3671 1025 3740 λόγος.

289 3760 455 3814 ΚΥΡ.
492 3759 704 3815 Οὐκοῦν
734 3761 989 3833 ὲτεθήπει
1023 3762 1122 3832 μὲν
1146 3755 1249 3816 ὧδε
1274 3762 1335 3816 τὸ
1364 3763 1544 3833 ὅραμα
1564 3762 1796 3831 Μωσῆς·

225 3849 313 3902 καὶ
342 3849 427 3921 δὴ
439 3850 540 3902 καὶ
567 3850 821 3922 προσέθει
851 3852 913 3905 τὸ
933 3850 1104 3923 ἀγχοῦ
1145 3850 1396 3921 γενέσθαι
1421 3851 1620 3907 ποθῶν.
1651 3871 1669 3903 ι
1713 3852 1799 3917 Ὠς

222 3938 278 3991 δὲ
317 3933 450 4003 εἶδε,
489 3940 646 4011 φησὶ,
682 3939 885 4012 Κύριος
915 3942 997 3996 ὅτι
1044 3928 1310 4014 προσάγει
1356 3942 1512 4006 ἰδεῖν,
1545 3941 1800 3995 ἐκάλεσεν

227 4029 381 4084 αὑτὸν
422 4032 489 4083 ὲκ
536 4031 632 4084 τοῦ
678 4030 863 4101 βάτου,
891 4032 1097 4102 λέγων·
1133 4030 1343 4103 Μωσῆ,
1392 4032 1585 4101 Μωσῆ.
1641 4032 1700 4084 '0
1740 4032 1798 4085 δὲ

229 4114 338 4171 εἷπε
356 4133 369 4144 ·
402 4120 470 4173 Τί
502 4121 647 4186 tam;
673 4121 767 4192 Μὴ
795 4121 1021 4194 ὲγγίσῃς
1048 4115 1170 4186 ὦδε,
1192 4121 1351 4174 λύσαι
1373 4122 1434 4174 τὸ
1462 4122 1711 4193 ὑπόδημα
1734 4123 1799 4174 ἐκ

228 4207 327 4261 τῶν
367 4209 553 4263 ποδῶν
585 4227 701 4273 σου,
732 4212 761 4264 6
792 4213 901 4281 γὰρ
925 4213 1109 4276 τόπος,
1144 4214 1202 4267 ὲν
1241 4206 1286 4281 ᾧ
1326 4213 1391 4267 σὺ
1420 4213 1677 4283 ἕστηκας.
1729 4214 1796 4285 Υῆ

229 4297 351 4364 ἁγία
377 4299 518 4353 ἐστί.
562 4318 582 4352 ι
615 4301 797 4371 Νόμου
828 4303 885 4356 δὲ
921 4302 1090 4366 τύπος
1127 4305 1258 4374 ἡμῖν
1284 4304 1312 4355 6
1344 4304 1611 4375 μακάριος
1646 4305 1796 4358 ἐσται

229 4388 421 4462 Μωσῆς
437 4408 451 4423 ο
484 4410 504 4443 ι
532 4392 738 4447 Μωσέα
760 4394 869 4466 γὰρ
892 4393 1072 4463 ἔχουσι
1099 4394 1190 4448 καὶ
1212 4394 1339 4458 τοὺς
1363 4394 1664 4467 προφήτας,
1696 4414 1714 4447 ι
1740 4396 1797 4448 ὲν

230 4480 598 4551 εὐαγγελικοῖς
628 4481 961 4553 θεσπίσμασί
985 4501 1148 4555 φησιν
1179 4486 1208 4538 6
1229 4486 1496 4556 μακάριος
1524 4487 1790 4558 Ἀϐραάμ.

230 4570 314 4641 Μή
338 4591 450 4637 πως
476 4572 741 4626 ἀπίθανόν
767 4589 847 4626 σοι
876 4573 937 4625 τὸ
959 4574 1113 4644 ῥῆμα
1136 4573 1317 4638 δοκεῖς

296 4746 499 4802 ΠΑΛΛ.
538 4749 613 4802 Οὐ
650 4750 749 4820 μὲν
780 4747 907 4804 οὖν’
938 4750 1103 4821 νόμου
1136 4751 1241 4821 γὰρ
1282 4753 1569 4821 πρόσωπον
1601 4756 1629 4806 6
1671 4755 1798 4807 Μω-

235 4850 345 4903 της.

300 4928 461 4982 ΚΥΡ.
496 4929 777 5001 Κέκληται
803 4932 991 4985 τοίνυν.
1011 4933 1040 4985 6
1087 4932 1321 5002 Ἰσραὴλ,
1352 4933 1445 4987 καὶ
1480 4934 1514 5003 ἡ
1538 4932 1680 4987 κατά
1710 4933 1798 4987 νό-

234 5034 330 5086 μον
364 5020 458 5073 καὶ
494 5021 600 5075 ὑπὸ
640 5023 804 5092 νόμον
845 5023 1034 5095 ἀγέλη.
1077 5042 1095 5075 ι
1132 5023 1338 5095 Κύριος
1372 5024 1504 5095 γὰρ,
1547 5041 1568 5075 ι
1615 5025 1800 5093 φησὶν,

241 5122 258 5153 ι
300 5107 327 5158 6
362 5106 490 5174 Θεὸς
531 5109 655 5178 τῶν,
679 5111 949 5185 Ἐϐραίων
994 5112 1361 5185 προκέκληται
1392 5113 1558 5183 ἡμᾶς.
1617 5128 1636 5163 ι
1686 5112 1796 5165 Καὶ

235 5191 497 5265 ὑπήκουσε
528 5198 629 5270 μὲν
646 5188 741 5270 ’τῷ
768 5200 1185 5275 καλοῦντιλθεῷ.
1224 5200 1366 5256 καθὰ
1392 5194 1486 5256 καί
1508 5202 1540 5254 6
1564 5200 1790 5270 Μωσῆς·

240 5300 259 5332 ‹
290 5284 464 5341 Πάντα
486 5290 597 5360 γάρ
620 5290 722 5344 ὅσα
750 5287 870 5345 εἷπε
898 5292 1102 5365 Κύριος
1124 5294 1152 5346 6
1180 5291 1332 5358 Θεὸς,
1356 5293 1674 5363 ποιήσομεν,
1700 5291 1795 5344 καὶ

238 5371 584 5448 ἀκουσόμεθα.
617 5399 639 5433 ι
675 5380 892 5456 Ἐπειδὴ
920 5382 978 5436 δὲ
1004 5383 1213 5454 καὶτῆς
1243 5380 1384 5439 κατά
1402 5384 1563 5453 νόμον
1589 5382 1791 5435 ὑποτα-

238 5463 333 5535 γῆς
358 5468 631 5547 ἡδύναμις
658 5472 758 5544 οὑχ
782 5474 939 5547 ἱκανὴ
962 5475 1097 5547 πρὸς
1130 5475 1393 5547 κάθαρσιν
1411 5515 1427 5541 ,
1453 5493 1473 5527 ‹
1510 5472 1795 5529 ’Δδύνατον

239 5560 343 5633 γὰρ
364 5559 497 5635 αἷμα
533 5569 753 5641 ταύρων
782 5572 876 5625 καὶ
916 5572 1131 5644 τράγων
1160 5571 1407 5645 ὑφαιρεῖν
1435 5569 1741 5649 ἁμαρτίας,
1768 5585 1787 5617 ³

243 5759 357 5800 :xrv
402 5749 452 5803 3.

543 5844 815 5903 ΡΑΤιιοι.
859 5841 973 5899 Gn.
1018 5840 1274 5900 LXVIII.

403 5680 624 5773 :Jean.
658 5703 712 5749 v,
740 5689 827 5743 45.
900 5688 943 5719 ”
967 5688 1254 5773 lsa.‘xuu,
1289 5688 1340 5742 5.
1417 5688 1463 5719 '°
1492 5684 1663 5741 Exod.
1698 5699 1754 5739 Ill
1806 5684 1840 5739 6
1870 5696 2020 5751 seqq-

1906 3229 2062 3275 retur
2093 3219 2218 3272 illos
2241 3218 2325 3272 vel
2356 3216 2481 3289 igne
2510 3215 2630 3287 ipso
2656 3215 2817 3285 longe
2876 3212 3187 3283 superiores
3235 3211 3476 3277 futuros,

1905 3323 2083 3379 neque
2104 3307 2174 3362 ab
2209 3307 2277 3362 iis
2316 3303 2724 3376 expugnandos,
2751 3301 2845 3373 qui
2884 3301 3087 3356 inferre
3121 3310 3345 3371 possent
3388 3301 3477 3356 in—

1898 3400 2123 3471 juriam,
2153 3399 2307 3469 juxta
2328 3395 2486 3460 illud,
2519 3394 2736 3465 Opinor,
2768 3392 2918 3464 quod
2964 3391 3229 3447 divinitus
3266 3390 3475 3446 dictum

1901 3500 1987 3547 est
2021 3508 2036 3544 :
2068 3509 2086 3541 σ
2139 3490 2218 3546 Ne
2246 3489 2461 3553 timeas,
2502 3486 2766 3558 quoniam
2825 3494 3007 3540 tecum
3045 3498 3167 3538 sum
3206 3499 3220 3536 :
3257 3482 3475 3537 ﬂamma

1902 3595 2015 3634 non
2034 3587 2228 3634 exuret
2252 3586 2325 3642 te,
2355 3576 2583 3631 ﬂumina
2607 3591 2717 3629 non
2747 3571 3069 3643 cooperient
3090 3579 3144 3626 te
3168 3571 3234 3624 ι’.
3271 3590 3289 3622 ι

1971 3664 2168 3720 PALL.
2206 3665 2490 3735 Ingeniosa
2517 3662 2811 3734 expositio.

1969 3753 2127 3808 CYR.
2151 3754 2338 3824 Itaque
2358 3752 2591 3826 Moyses,
2612 3753 2718 3808 hoc
2737 3749 3049 3822 Spectaculo
3077 3748 3365 3813 attonitus,
3389 3750 3475 3804 vi-

1901 3844 2065 3900 dendi
2111 3845 2294 3900 studio
2328 3844 2555 3915 propius
2587 3843 2883 3898 accurrit:
2929 3859 2948 3891 ι
2992 3839 3066 3897 Ut
3092 3848 3278 3895 autem
3336 3840 3476 3895 vidit

1898 3938 2182 4001 Dominus,
2219 3936 2415 4007 inquit,
2441 3934 2585 4006 quod
2624 3934 3017 4004 prepinquaret
3060 3930 3128 3985 ad
3145 3931 3470 3995 videndum,

1898 4026 2113 4083 vocavit
2155 4042 2283 4083 eum
2330 4026 2397 4081 de
2425 4025 2565 4080 rubo
2599 4025 2790 4079 dicens
2824 4041 2837 4076 :
2869 4022 3096 4093 Moyses.
3123 4021 3349 4092 Moyses.
3378 4022 3473 4078 Ille

1898 4126 2082 4173 autem
2110 4115 2395 4187 respondit
2426 4131 2439 4167 ι
2464 4113 2605 4180 Quid
2637 4112 2845 4168 est?At
2864 4110 2955 4165 ille
2979 4108 3147 4163 dixit:
3173 4109 3251 4164 Ne
3272 4125 3462 4179 appro-

1898 4206 2019 4278 pies
2049 4207 2158 4263 huc
2193 4207 2386 4262 :solve
2442 4204 2875 4261 calceamentum
2934 4201 3003 4257 de
3040 4201 3277 4271 pedibus
3324 4202 3468 4266 tuis;

1897 4299 2051 4353 locus
2104 4296 2274 4361 enim,
2319 4297 2376 4350 in
2422 4310 2532 4364 quo
2564 4302 2623 4348 tu
2650 4304 2782 4357 stas,
2830 4303 2976 4349 terra
3002 4301 3188 4350 sancta
3210 4303 3294 4348 est
3323 4294 3391 4347 '°.
3443 4314 3462 4345 ι

1898 4387 2059 4458 Legis
2110 4401 2274 4457 porro
2324 4384 2550 4455 ﬁguram
2630 4384 2828 4439 beatus
2877 4384 3091 4455 Moyses
3151 4382 3374 4438 tenebat
3450 4401 3467 4413 ·

1828 4449 1871 4503 θ
1908 4496 1925 4528 ι
1965 4449 2182 4548 Moysen
2230 4449 2431 4546 quippe
2467 4473 2672 4528 habent
2733 4488 2799 4528 ac
2825 4449 3119 4544 propbetas
3164 4476 3272 4539 ",3
3311 4474 3389 4528 ait
3412 4475 3466 4529 in

1898 4565 2227 4637 evangelicis
2272 4564 2511 4620 oraculis
2558 4562 2650 4619 ille
2697 4562 2894 4619 beatus
2934 4560 3228 4620 Abraham.
3259 4565 3341 4620 An
3368 4565 3467 4621 tibi

1899 4655 2004 4711 hoc
2042 4654 2248 4711 dictum
2292 4652 2652 4724 improbabile
2692 4653 2948 4709 videtur?
3556 4650 3557 4653 “

1966 4745 2163 4800 PALL.
2185 4743 2407 4800 Minime
2431 4759 2563 4800 vero
2598 4763 2611 4799 :
2638 4745 2775 4817 legis
2801 4746 2948 4801 enim
2971 4760 3261 4806 personam
3293 4755 3463 4810 susti-

1895 4846 1992 4894 net
2024 4837 2253 4909 Moyses.

1966 4926 2124 4984 CYR.
2157 4927 2395 4984 Vocatus
2430 4935 2515 4983 est
2553 4928 2722 5000 igitur
2751 4928 2938 4992 Israel,
2973 4938 3028 4983 et
3059 4931 3152 4986 ille
3202 4948 3332 5003 grex
3370 4939 3463 5003 qui
3528 4947 3532 4951 ‘

1897 5018 2199 5074 secundum
2234 5019 2409 5092 legem
2452 5020 2693 5083 vivebat,
2729 5029 2787 5075 et
2822 5020 2925 5075 sub
2962 5020 3081 5091 lege
3118 5032 3253 5078 erat.
3295 5043 3313 5074 ι
3354 5027 3461 5081 Do-

1896 5109 2081 5164 minus
2113 5109 2281 5173 enim,
2327 5128 2345 5159 ›
2379 5109 2577 5180 inquit,
2616 5128 2634 5159 ι
2668 5093 2813 5164 Deu's
2850 5108 3201 5165 Hebraeorum
3247 5116 3465 5169 vocavit

1894 5214 1999 5255 nos
2010 5200 2076 5252 ”.
2101 5218 2119 5251 ι
2137 5197 2315 5271 Atque
2324 5199 2545 5255 vocanti
2562 5198 2678 5254 Deo
2695 5197 2925 5253 audiens
2940 5196 3046 5253 fuit
3061 5200 3303 5270 quidem,
3321 5202 3464 5259 sicut

1896 5298 1953 5344 et
1988 5288 2198 5361 Moyses
2236 5306 2250 5342 :
2294 5308 2313 5341 ι
2363 5288 2554 5344 Omnia
2596 5289 2765 5353 enim,-
2807 5288 3082 5358 inquiunt,
3122 5305 3461 5365 quaecunque

1899 5380 2097 5435 dixerit
2114 5380 2277 5444 Deus,
2302 5378 2585 5444 faciemus,
2611 5386 2669 5434 et
2695 5380 2979 5436 audiemus
3004 5380 3070 5435 ’³.
3119 5401 3137 5433 ι
3182 5382 3310 5450 Sed,
3334 5385 3462 5456 quia

1896 5468 2087 5541 legalis
2099 5467 2427 5525 obedientia
2449 5476 2560 5524 nun
2574 5456 2639 5524 ea
2662 5469 2747 5525 vis
2760 5477 2900 5535 erat,
2938 5478 3002 5527 ut
3026 5471 3094 5527 ad
3117 5474 3459 5545 purgandum

1899 5561 2035 5618 satis
2052 5565 2201 5625 esset
2236 5577 2249 5611 :
2293 5558 2312 5611 ἀ
2352 5560 2695 5641 impossibile
2728 5552 2814 5618 est
2847 5562 2995 5618 enim
3027 5564 3291 5635 sanguine
3331 5572 3455 5620 tau-

2114 5674 2445 5739 "Lucxvr,
2501 5674 2589 5731 29.
2666 5676 2907 5762 ".Exod.
2940 5693 3018 5741 nr,
3050 5675 3133 5730 I8.
3214 5675 3270 5745 _“
3337 5675 3455 5734 bid.

3058 5836 3092 5893 3
