4046 6506
583 385 688 440 235

1610 368 1662 424 S.
1707 368 1978 434 CYRILLI
2019 361 2490 420 ALEXANDRINI
2535 359 2853 416 ARClllEP.

3729 345 3843 400 256

586 513 775 556 rorum
804 507 860 552 et
901 495 1179 550 hircorum
1208 489 1411 545 auferri
1453 494 1674 556 peccata
1697 486 1774 538 ’δε
1805 507 1820 537 ι
1848 485 1972 540 ideo
2007 484 2161 539 cohi-

2284 483 2511 554 ιῐργεται
2541 479 2746 548 Μωσῆς
2776 475 3095 546 πλησιάζειν
3131 471 3250 543 θεῷ
3270 486 3282 501 ·
3318 490 3335 522 ι
3369 468 3461 540 Μὴ
3485 463 3714 534 ὲγγίσῃς
3738 477 3846 536 γαρ

587 589 750 643 betur
785 586 993 656 Moyses
1020 598 1087 638 ne
1116 579 1338 635 accedat
1373 576 1439 630 ad
1465 576 1671 629 Deum:
1698 594 1714 624 ι
1739 574 1816 628 Ne
1848 573 2156 644 appropies,

591 683 790 751 inquit,
825 678 932 732 huc
964 677 1028 728 ’³.
1063 695 1079 725 ι
1126 672 1284 742 Legis
1311 669 1456 724 enim
1503 667 1715 722 viribus
1745 666 1961 737 egregia
1989 664 2162 719 virtus

591 772 728 828 adiri
755 785 862 824 non
891 774 1069 838 potest
1099 782 1112 817 :
1137 777 1314 831 neque
1352 761 1441 814 illa
1465 776 1531 815 ex
1571 758 1739 830 Moysi
1780 759 1897 828 lege
1942 753 2162 809 vivendi

591 863 730 918 ratio
759 875 878 915 eam
924 856 1238 911 facultatem
1267 851 1505 905 habebat
1534 855 1666 920 quae
1708 848 1841 903 satis
1870 845 2163 901 admodum

593 956 757 1010 esset,
780 954 838 1000 ut
868 945 1117 999 homines
1145 941 1211 996 ad
1235 943 1406 996 Deum
1433 939 1738 1011 perducere
1765 944 1971 1007 posset.
2008 936 2166 991 Chri-

594 1048 712 1094 stus
749 1035 896 1091 enim
941 1049 1044 1087 nos
1086 1033 1162 1086 illi
1198 1031 1424 1086 exhibet
1474 1045 1573 1098 per
1616 1026 2100 1083 sanetilicationem
2150 1043 2161 1076 :

594 1138 810 1186 sanctos
842 1127 1046 1197 quippe
1067 1140 1187 1180 esse
1237 1123 1395 1177 decet
1421 1136 1536 1183 eos,
1561 1121 1654 1190 qui
1681 1121 1794 1174 Deo
1823 1126 2014 1172 sancto
2037 1117 2167 1187 jun-

595 1221 756 1292 geudi
783 1228 946 1285 sunt;
983 1237 998 1269 ι
1040 1217 1225 1271 Sancti
1265 1215 1411 1268 enim
1449 1212 1636 1277 eritis,
1676 1212 1873 1281 inquit,
1910 1208 2166 1279 quoniam

597 1331 698 1388 ego
732 1320 954 1370 sanctus
992 1327 1111 1365 sum
1152 1311 1218 1362 ".
1258 1329 1275 1358 ι
1325 1307 1480 1374 Quod
1514 1314 1695 1360 autem
1742 1305 1832 1359 illa
1866 1302 2168 1358 secundum

597 1407 772 1477 legem
811 1403 1029 1459 vivendi
1062 1401 1254 1466 forma,
1312 1415 1419 1454 non
1467 1397 1690 1452 omnino
1734 1397 1910 1450 aliena
1951 1402 2095 1450 esset
2140 1411 2170 1448 a

601 1496 782 1567 culpa,
828 1503 953 1549 mox
989 1492 1227 1555 edocuit,
1270 1506 1393 1545 eum
1457 1488 1623 1543 dixit:
1685 1507 1703 1537 c
1751 1485 1910 1542 Solve
1957 1484 2170 1539 calcea-

602 1598 845 1643 mentum
863 1585 928 1641 de
947 1583 1306 1655 pedibustuis
1335 1580 1477 1653 :64
1509 1581 1661 1634 locus
1699 1579 1869 1641 enim,
1889 1578 1944 1631 in
1973 1593 2082 1647 quo
2113 1585 2169 1628 tu

601 1687 732 1742 stas,
771 1687 913 1732 terra
932 1685 1118 1731 sancta
1156 1683 1239 1729 est
1262 1676 1325 1726 ’⁷.
1358 1694 1375 1722 ι
1421 1671 1645 1726 Solvere
1690 1685 1926 1739 namque
1960 1669 2173 1722 calcea-

602 1782 848 1826 mentum
873 1769 939 1824 de
961 1765 1098 1840 pede
1133 1767 1293 1840 jussit
1328 1765 1549 1836 Moysen
1581 1765 1735 1818 illum
1771 1778 2056 1818 sacrorum
2088 1762 2172 1815 in-

2261 569 2385 641 ὧδε,
2431 595 2448 624 ι
2486 573 2670 645 φησίν.
2716 569 3031 640 ’Λπρὸσιτον
3067 566 3173 636 γὰρ
3204 564 3292 618 διὰ
3317 562 3482 632 νόμου
3510 559 3571 613 τὸ
3601 555 3851 645 ἀγαθόν’.

2267 668 2360 721 καὶ
2392 668 2488 737 τῆς
2514 644 2655 718 κατὰ
2690 661 2894 717 Μωσέα
2927 658 3202 721 πολιτείας
3234 657 3268 726 ἠ
3300 654 3527 723 δύναμις
3555 650 3654 718 οὐχ
3689 644 3845 714 ἱκανὴ

2264 760 2384 813 λίαν
2417 759 2496 821 εἷς
2532 774 2595 826 γε
2626 755 2686 808 τὸ
2722 752 3077 824 ἀποκομίζειν
3107 748 3364 804 δύνασθαι
3404 744 3481 816 τῷ
3521 742 3660 812 Θεῷ.
3700 740 3846 809 Παρ-

2270 852 2448 921 ίστησι
2485 849 2542 902 δὲ
2581 845 2728 916 αύτῷ
2766 845 2831 898 δι’
2871 841 3140 914 ἁγιασμοῦ
3176 837 3432 910 Χριστός.
3488 833 3706 902 ’Δγίους
3739 829 3846 900 γὰρ

2268 938 2407 996 εἶναι
2438 940 2639 1013 πρέπει
2675 939 2801 1000 τοὺς
2839 935 2918 1006 τῷ
2955 934 3096 1004 ἁγίῳ
3131 930 3250 1001 Θεῷ
3279 927 3570 982 κολλᾶσθαι
3611 921 3846 1013 σπουδα-

2270 1009 2498 1099 ζονταςλ
2540 1050 2558 1082 ι
2608 1031 2791 1098 Ἀγιοι
2826 1026 2935 1098 γὰρ
2967 1022 3178 1086 ἔσεσθε,
3219 1019 3404 1092 φησὶν,
3435 1018 3517 1072 ὅτι
3551 1013 3663 1083 ἐγὼ
3696 1009 3847 1080 ἆγιός

2271 1127 2406 1195 εἰμι.
2434 1143 2452 1173 ι
2478 1123 2600 1174 Ὅτι
2625 1119 2680 1172 δὲ
2711 1119 2812 1189 τῆς
2833 1114 2970 1170 κατὰ
2991 1114 3154 1184 νόμον
3179 1108 3452 1170 πολιτείας
3476 1107 3509 1158 ὁ
3753 1100 3849 1195 ob):

2271 1188 2569 1285 ἀμώμητος
2596 1188 2910 1270 παντελῶς,
2951 1204 3114 1266 εὐθὺς
3147 1199 3406 1264 ἐδίδαξεν,
3441 1194 3640 1251 εἰπών’
3684 1211 3703 1244 ι
3744 1188 3849 1285 Λύί

2274 1274 2363 1360 σαι
2387 1274 2447 1358 τὸ
2465 1274 2730 1372 ’ὑπόδημα
2752 1301 2815 1352 ὲκ
2841 1297 2950 1350 τῶν
2977 1295 3154 1349 ποδῶν
3181 1310 3276 1346 σου
3300 1307 3311 1319 ·
3337 1293 3365 1344 ὁ
3390 1288 3500 1359 γὰρ
3519 1286 3705 1348 τόπος,
3727 1285 3783 1336 ὲν
3809 1274 3851 1349 ᾧ

2279 1400 2342 1451 σὺ
2369 1398 2628 1466 ἕστηκας,
2653 1393 2723 1462 γῆ
2764 1391 2896 1459 ἁγία
2929 1387 3097 1440 ἐστίν.
3133 1405 3152 1437 ι
3197 1380 3479 1437 Ἀπολύειν
3499 1378 3608 1447 γὰρ
3636 1375 3700 1429 τὸ
3725 1372 3852 1466 ὑπό-

2274 1491 2336 1560 δη
2349 1506 2422 1559 μα
2459 1465 2792 1558 προστέταχε
2833 1480 2927 1534 τοῦ
2957 1479 3114 1542 ποδὸς
3145 1478 3233 1532 τὸν
3269 1474 3590 1547 ἱεροφάντην
3627 1465 3845 1530 Minoia,

2277 1581 2428 1635 οὔπω
2465 1577 2731 1646 καθαρὰν,
2765 1575 2886 1629 οὐδὲ
2909 1573 3016 1628 τῶν
3040 1572 3148 1626 ἀπὺ
3182 1569 3385 1640 φθορᾶς
3416 1566 3508 1620 καὶ
3533 1561 3849 1634 νεκρότητος,

2279 1673 2454 1743 ἔργων
2479 1669 2708 1723 εἰσάπαν
2737 1663 3182 1736 ἀπηλλαγμένην,
3216 1663 3315 1732 τῆς
3344 1657 3483 1712 κατά
3512 1654 3678 1724 νόμον
3710 1650 3850 1719 ζωῆς

2279 1768 2379 1837 τὴν
2420 1763 2641 1836 πορείαν
2680 1760 3033 1822 ἀποδεικνὺς,
3081 1755 3192 1809 ἀπὸ
3223 1753 3279 1807 δὲ
3322 1751 3420 1822 τῆς
3463 1746 3594 1818 παρ’
3627 1743 3850 1812 Ἕλλησι

603 1861 1312 1929 stitutoruminterpretem,
1353 1857 1648 1912 ostendens
1690 1855 1934 1910 nondum
1978 1869 2176 1924 purum

2284 1835 2567 1928 συνηθείας
2610 1856 2639 1906 ὁ
2680 1853 2820 1913 Θεῖος
2861 1852 2993 1921 ἡμῖν
3034 1845 3348 1900 ἐπαιδεύετο
3390 1839 3628 1909 Μωσῆς,
3661 1838 3745 1890 ὅτι
3778 1835 3848 1903 μὴ

601 1971 740 2019 esse,
769 1968 945 2024 neque
979 1951 1204 2006 omnino
1236 1965 1266 2003 a
1309 1947 1693 2016 corruptione,
1733 1961 1796 2000 ac
1828 1955 2175 2000 mortuorum

2284 1927 2432 2018 θέμις
2467 1944 2706 2014 ἐγγίζειν
2729 1942 2869 2012 Θεῷ,
2890 1942 2980 1994 τὸν
3003 1941 3061 1994 ὲν
3083 1937 3352 2006 λειψάνοις
3380 1935 3509 1987 ὄντα
3534 1927 3852 2000 νεκρύτητπ

602 2065 828 2119 operum
856 2045 1118 2116 qualitate
1141 2044 1397 2107 liberum,
1425 2014 1552 2096 vita:
1591 2040 1760 2105 illius,
1791 2055 1914 2110 qute
1959 2055 2025 2093 ex
2058 2039 2176 2108 lege

2284 2014 2371 2092 mi.
2404 2037 2626 2108 φθορᾶς.
2669 2036 2742 2088 Ού
2773 2035 2881 2103 γὰρ
2912 2032 3139 2101 ἐφοίτων
3167 2031 3224 2081 ἐν
3255 2027 3417 2099 ἱεροῖς
3444 2024 3514 2078 τά
3539 2023 3604 2075 ἐκ
3631 2014 3852 2072 τεθνεώ-

603 2139 923 2201 ducebatur,
963 2137 1235 2190 incessum
1271 2151 1282 2186 :
1326 2133 1381 2187 in
1423 2149 1533 2202 quo
1554 2138 1736 2186 autem
1771 2131 2020 2201 reliquis:
2053 2146 2179 2185 cor-

2284 2149 2384 2185 των
2423 2129 2576 2194 ζώων
2611 2127 2935 2198 ὑποδήματα
2969 2125 3082 2185 τοῖς
3124 2120 3278 2173 ποσὶν
3316 2115 3646 2185 ἐνδυόμενοι.
3683 2108 3852 2164 Molv-

606 2232 876 2304 ruptionis
899 2247 961 2285 ac
996 2226 1347 2283 mortalitatis
1380 2225 1570 2288 insint,
1616 2239 1742 2276 eum
1772 2223 1925 2277 nefas
1956 2238 2077 2276 esse
2111 2221 2177 2276 ad

2284 2222 2418 2293 σμοῦ
2454 2221 2512 2275 δὲ
2550 2219 2749 2290 τρόπος
2781 2220 2892 2279 τοῖς
2926 2215 3148 2268 ἐκείνων
3175 2211 3358 2281 νόμοις
3383 2209 3444 2261 τὸ
3468 2205 3660 2277 χρῆμα
3695 2200 3854 2272 ἐγρά-

604 2327 777 2382 Deum
806 2323 1087 2385 accedere,
1125 2320 1178 2375 id
1211 2337 1241 2374 a
1261 2321 1548 2391 gentilium
1607 2317 2007 2374 consuetudine
2039 2315 2179 2370 divi-

2284 2291 2428 2381 φετο.
2470 2311 2814 2382 Νεκρότητος
2851 2307 2909 2360 δὲ
2943 2307 3035 2358 καὶ
3064 2303 3269 2375 φθορᾶς
3299 2301 3393 2355 καὶ
3433 2299 3542 2352 τῶν
3582 2297 3664 2358 είς
3705 2291 3856 2391 τοῦτο

603 2433 712 2472 nus
761 2417 851 2470 ille
882 2416 1092 2485 Moyses
1127 2376 1414 2467 didicerat.
1459 2411 1648 2482 Neque
1695 2409 1842 2465 enim
1891 2409 1929 2462 ii
1974 2407 2180 2476 templa

2287 2376 2527 2474 ἧκόντων
2557 2376 2893 2473 ἀπαθαρσίας
2927 2396 3194 2450 ἀπέλυσεν
3226 2394 3372 2464 ἡμᾶς
3399 2390 3496 2459 οὐχ
3533 2390 3562 2442 ὁ
3592 2387 3752 2454 νόμος
3772 2423 3786 2447 ,
3812 2376 3857 2436 ὦ

608 2509 852 2571 adibant,
879 2505 1045 2575 pedes
1067 2503 1243 2557 induti
1267 2503 1466 2557 calceis
1481 2502 1913 2557 exanimatorum
1931 2500 2180 2554 animan-

2285 2497 2385 2548 τᾶν
2403 2534 2419 2558 ,
2447 2493 2566 2547 οὐδὲ
2593 2491 2785 2562 πορεία
2818 2490 2962 2561 ζωῆς
3005 2487 3104 2557 τῆς
3132 2485 3274 2540 κατὰ
3298 2484 3359 2536 τὸ
3383 2481 3619 2554 γράμμα
3648 2477 3710 2530 τὸ
3733 2475 3857 2530 Μω-

605 2598 748 2652 tium
790 2595 932 2666 pelle
968 2591 1266 2657 confectis;
1302 2589 1356 2644 id
1398 2589 1545 2645 enim
1586 2605 1776 2643 eorum
1811 2588 2020 2659 legibus
2039 2589 2182 2643 inter

2290 2587 2498 2648 σαῖκὸν,
2525 2585 2708 2648 πίστις
2729 2584 2785 2637 δὲ
2814 2582 3012 2653 μᾶλλον
3038 2583 3070 2650 ὴ
3099 2580 3156 2631 ὲν
3182 2575 3426 2648 Χριστῷ,
3454 2574 3552 2627 καὶ
3587 2570 3688 2640 τῆς
3711 2568 3860 2666 5131::-

609 2683 971 2742 immunditiaa
1009 2697 1210 2753 genera
1239 2679 1644 2735 recensebatur.
1684 2679 1847 2748 Atqui
1872 2694 1972 2732 nos
1994 2694 2022 2732 a
2041 2694 2182 2733 mor—

2289 2678 2512 2749 γελικῆς
2558 2676 2832 2738 πολιτείας
2879 2677 2911 2744 ὴ
2963 2670 3270 2739 τελειοτάτη
3318 2666 3606 2737 κάθαρσις.
3659 2659 3728 2713 Ἦ
3765 2656 3860 2707 ούκ

610 2778 838 2842 talitate,
878 2784 1041 2845 atque
1078 2772 1451 2842 corruptione,
1486 2781 1541 2825 et
1565 2770 1777 2825 ueteris
1801 2785 1922 2840 qua:
1951 2770 2018 2824 ad
2045 2771 2182 2825 hanc

2290 2772 2489 2844 ἀληθὲς
2522 2772 2551 2824 ὅ
2583 2787 2724 2840 φημι
2740 2785 2754 2834 ;

611 2871 983 2943 impuritatem
1048 2867 1346 2940 pertinent,
1391 2881 1501 2920 non
1556 2867 1664 2929 lex,
1709 2865 1936 2929 Palladi,
1980 2882 2089 2919 non
2129 2866 2254 2921 vitae
2289 2843 2415 2922 eum
2473 2866 2608 2937 legis
2663 2863 2912 2919 Mosaicae
2974 2861 3155 2914 littera
3223 2850 3576 2924 congruentis
3640 2843 3861 2914 vestigia

609 2963 1014 3028 liberaverunt;
1055 2960 1150 3016 sed
1189 2958 1323 3014 ﬁdes
1376 2959 1430 3012 in
1470 2956 1710 3020 Christo,
1748 2966 1802 3010 et
1859 2958 2184 3027 evangelicae
2221 2959 2344 3012 Viue
2363 2956 2760 3028 perfectissima
2779 2952 3049 3023 purgatio.
3092 2950 3246 3004 Anne
3265 2959 3458 3000 censes
3503 2953 3695 2996 verum
3746 2950 3861 2990 esse

612 3057 757 3128 quod
789 3055 952 3125 dicoL?

684 3150 880 3207 PALL.
915 3147 1158 3215 Quidni?

2362 3146 2570 3200 [IAAA.
2592 3141 2715 3206 Πῶς
2745 3140 2853 3213 γὰρ
2884 3138 2978 3203 οὓς

679 3243 836 3300 CYR.
864 3241 1035 3312 Igitur
1069 3239 1268 3295 calceis
1301 3239 1512 3309 positis,
1559 3249 1939 3294 occurrentem
1963 3241 2099 3309 jam,
2127 3255 2182 3294 ac

2362 3239 2527 3294 ΚΥΡ.
2557 3234 2912 3289 Ἀπολύσαντι
2936 3229 2992 3284 δὲ
3015 3228 3076 3282 τδ
3097 3226 3348 3297 ὑπόδημα
3366 3222 3460 3277 τοῦ
3487 3221 3668 3284 ποδὸς,
3692 3234 3865 3290 προσ⁶

610 3335 840 3408 prOpius
865 3309 1217 3387 accedentem
1246 3328 1517 3384 allocutus
1542 3339 1627 3384 est
1653 3329 1799 3383 Deus
1828 3346 1840 3380 :
1877 3348 1895 3378 ι
1934 3329 2048 3400 Ego
2068 3344 2182 3382 sum

2293 3331 2466 3387 θέοντί
2505 3328 2568 3398 γέ
2591 3345 2650 3382 τε
2671 3325 2880 3390 λοιπὸν,
2925 3321 3019 3376 καὶ
3047 3318 3217 3390 ἀγχοῦ
3244 3315 3509 3386 γεγονότι,
3530 3309 3866 3408 προσεφώνει

610 3399 758 3483 Deus
788 3424 961 3496 patris
1003 3421 1104 3486 tui,
1135 3422 1280 3475 Deus
1318 3420 1590 3474 Abraham
1611 3461 1626 3485 ,
1660 3429 1716 3475 et
1750 3421 1896 3476 Deus
1930 3421 2112 3485 Isaae,
2136 3431 2182 3476 el

2292 3427 2455 3488 Θεόςο
2509 3442 2528 3474 ι
2570 3419 2711 3488 Ἐγώ
2772 3419 2886 3488 εἰμι
2931 3416 2960 3467 ὁ
3011 3413 3140 3471 Θεὸς
3187 3410 3284 3464 τοῦ
3332 3406 3536 3478 πατρὸς
3583 3421 3696 3469 σου,
3739 3399 3869 3463 Θεὸς

613 3519 760 3573 Deus
783 3514 971 3572 Jacob.
1008 3511 1222 3568 Avertit
1259 3519 1442 3565 autem
1468 3510 1676 3582 Moyses
1709 3511 1940 3575 vultum,
1976 3513 2187 3582 inquit;

613 3608 910 3664 verebatur
938 3602 1090 3658 enim
1114 3609 1306 3657 contra
1330 3602 1482 3656 illum
1513 3602 1758 3671 aspicere
1788 3601 1854 3656 ".
1885 3623 1903 3654 ι
1940 3604 2192 3658 Exanimi

615 3710 854 3767 namque
889 3709 1052 3749 sensu
1085 3690 1368 3762 deposito,’
1388 3707 1448 3746 ae
1474 3692 1642 3746 veluti
1674 3692 1878 3747 mundo
1910 3693 2192 3763 liberoque

614 3788 756 3860 pede
773 3803 870 3859 per
895 3785 1222 3842 Christianae
1248 3783 1679 3839 conversationis
1720 3783 1862 3839 viam
1903 3784 2191 3840 ambulan-

615 3889 701 3935 tes
749 3874 1309 3949 apprOpinquabimus
1343 3874 1487 3939 Deo,
1530 3889 1640 3928 non
1693 3875 1940 3930 locorum
1995 3876 2190 3946 spatio,

615 3972 711 4027 sed
744 3970 1034 4026 aﬂ‘ectione
1082 3968 1386 4038 spirituali;
1443 3967 1648 4022 etenim
1702 3983 1791 4022 res
1825 3968 1992 4039 Moysi
2028 3977 2192 4038 gesta:

599 4063 803 4134 ﬁgura:
839 4068 1084 4116 erantet
1122 4059 1348 4114 umbrae.
1394 4059 1471 4114 Ita
1514 4059 1734 4113 demum
1779 4075 2004 4113 summa:
2048 4060 2194 4114 illius

595 4157 881 4213 doctrina:
922 4153 1088 4209 verba
1129 4153 1486 4217 lucrabimur,
1535 4163 1591 4207 et
1643 4153 1738 4207 Dei
1795 4153 2078 4208 scientiam
2136 4154 2191 4207 in

599 4249 776 4305 .nobis
808 4245 938 4317 ipsis
963 4243 1303 4325 colligemus,
1347 4243 1509 4298 Patre
1548 4243 1811 4298 nimirum
1868 4243 2192 4299 ostendente

615 4355 675 4395 se
721 4338 883 4394 nobis
925 4337 981 4391 in
1009 4335 1158 4394 Filio
1212 4352 1224 4386 :
1265 4333 1578 4388 videbimus
1619 4336 1768 4390 enim
1821 4335 1996 4400 illum,
2035 4335 2193 4405 longe

615 4427 969 4500 praestantius
994 4439 1156 4495 quam
1187 4425 1446 4494 antiquus
1470 4423 1561 4480 ille
1583 4426 1837 4495 populus,
1858 4433 1920 4478 ut
1949 4425 2005 4480 in
2022 4424 2191 4495 Moysi

2305 3512 2591 3584 Ἀϐραὰμ,
2639 3510 2735 3563 καὶ
2763 3507 2896 3570 Θεὸς
2940 3503 3144 3565 Ἰσαὰκ.
3177 3501 3273 3557 καὶ
3306 3500 3437 3562 Θεὸς
3482 3495 3701 3551 Ἰακώϐ.
3751 3495 3869 3546 Ἀπ-

2297 3604 2525 3675 έστρεψε
2548 3602 2605 3656 δὲ
2629 3599 2831 3670 Μωσῆς
2854 3597 2915 3651 τὸ
2942 3597 3235 3667 πρόσωπον
3259 3589 3448 3654 αὐτοῦ,
3474 3589 3637 3660 φησίν
3656 3604 3670 3616 ο
3697 3585 3867 3657 ηὐλα-

2295 3699 2439 3751 6εῖτο
2475 3695 2582 3766 γὰρ
2611 3688 2983 3762 κατεμὸλέψαι
3011 3685 3238 3742 ἐνώπιον
3268 3682 3363 3737 τοῦ
3387 3681 3542 3736 Θεοῦ.
3581 3700 3600 3732 ι
3643 3676 3866 3732 Ἀποθέ-

2295 3807 2445 3860 μενοι
2471 3786 2580 3858 γὰρ
2614 3784 2864 3856 φρόνημα
2893 3779 2954 3832 τὸ
2991 3776 3201 3848 νεκρὸν,
3232 3775 3325 3829 καὶ
3361 3773 3522 3827 οἱονεὶ
3553 3768 3780 3840 καθαρῷ
3807 3784 3867 3821 τε

2293 3859 2386 3934 παὶ
2423 3875 2689 3946 ἐλευθέρῳ
2715 3872 2834 3926 ποδὶ
2859 3872 2955 3941 τῆς
2981 3872 3038 3923 ὲν
3067 3865 3290 3940 Χριστῷ
3326 3863 3602 3926 πολιτείας
3629 3859 3866 3916 διαστεί-

2293 3988 2476 4042 χοντες
2503 3970 2600 4039 τὴν
2630 3966 2747 4019 ὁδὸν
2773 4004 2788 4029 ,
2819 3960 3052 4030 ἐσόμεθα
3089 3959 3186 4028 μὲν
3224 3957 3393 4028 ἀγχοῦ
3427 3954 3506 4026 τῷ
3547 3953 3689 4024 Θεῷ,
3729 3952 3869 4006 κατὰ

2295 4063 2479 4134 σχέσιν
2517 4059 2575 4113 δὲ
2607 4054 2845 4128 δηλονότι
2871 4052 2969 4124 τὴν
3009 4049 3382 4119 πνευματικὴν
3403 4089 3417 4110 ,
3450 4047 3544 4100 καὶ
3573 4045 3692 4114 ούχὶ
3728 4044 3870 4097 κατά

2293 4173 2354 4226 γε
2385 4155 2484 4227 τὴν
2507 4153 2564 4205 ὲν
2590 4152 2740 4220 τόπῳ
2763 4148 3062 4201 διάστασιν.
3086 4142 3257 4196 Τύποι
3282 4141 3390 4209 γὰρ
3413 4141 3595 4192 ἐκεῖνα
3616 4139 3710 4190 καὶ
3741 4134 3867 4188 σκιὰ

2293 4247 2361 4300 τὰ
2388 4244 2653 4307 Μωσέως,
2688 4239 2831 4293 οὓτω
2858 4255 2917 4290 τε
2953 4236 3136 4289 λοιπὸν
3170 4233 3295 4295 τοὺς
3325 4229 3454 4300 περὶ
3479 4229 3582 4298 τῆς
3613 4230 3725 4283 ἄνω
3767 4245 3867 4297 μυ-

2295 4337 2601 4407 σταγωγίας
2655 4329 3168 4397 καταπλουτήσομεν
3219 4325 3432 4393 λόγους,
3490 4321 3585 4375 καὶ
3632 4319 3730 4390 τὴν
3779 4318 3866 4372 τοῦ

2297 4428 2432 4484 Θεοῦ
2459 4427 2659 4496 γνῶσιν
2691 4426 2748 4477 ὲν
2773 4423 2983 4484 ἑαυτοῖς
3016 4417 3357 4487 συλλέξομεν,
3391 4413 3585 4468 ἑαυτὸν
3609 4414 3744 4482 ἡμῖν
3776 4411 3868 4479 ἐμ-

616 4533 850 4588 persona
887 4517 1027 4572 vidit
1058 4534 1070 4569 :
1096 4516 1144 4570 is
1165 4515 1327 4571 .enim
1342 4516 1554 4570 vultum
1581 4516 1778 4571 avertit
1803 4531 1999 4582 suum;
2036 4531 2182 4570 vere-

2300 4488 2612 4589 φανίζόντος
2631 4517 2686 4568 ὲν
2718 4512 2834 4582 Tit?)
2861 4510 2955 4564 τοῦ
2989 4509 3220 4579 Πατρός.
3260 4505 3532 4575 Ὀψόμεθα
3553 4503 3661 4574 γάρ
3686 4501 3866 4562 αὐτὸν.

619 4613 781 4667 batur
818 4611 963 4664 enim
999 4609 1240 4678 aspicere
1286 4617 1474 4664 contra
1520 4609 1831 4664 Dominum.
1879 4608 1997 4675 Quo
2052 4608 2196 4663 facto

606 4701 958 4774 signiﬁcatur
989 4701 1192 4757 mentis
1219 4714 1408 4754 eorum
1447 4698 1760 4764 inﬁrmitas,
1779 4700 1873 4769 qui
1902 4701 2004 4754 sub
2032 4700 2198 4754 disci-

621 4794 771 4863 plina
801 4791 935 4862 legis
958 4789 1408 4853 instituebantur,
1430 4804 1551 4858 quaz
1578 4790 1980 4858 quodammodo
2018 4791 2195 4860 respi-

621 4899 747 4940 cere
766 4883 938 4939 Deum
971 4897 1082 4936 non
1104 4890 1309 4950 posset,
1333 4877 1526 4951 neque
1540 4881 1687 4936 illius
1715 4883 1918 4936 intueri
1935 4883 2185 4954 gloriam,

618 4978 772 5048 juxta
807 4973 962 5039 illud,
988 4972 1138 5043 quod
1162 4973 1218 5026 in
1236 4972 1466 5028 Psalmis
1481 4973 1730 5027 canitur:
1767 4992 1785 5023 ι
1807 4972 2185 5029 Obscurentur

623 5068 769 5124 oculi
813 5082 1028 5130 eorum,
1074 5081 1143 5120 ne
1185 5064 1408 5119 videant
1447 5066 1492 5096 9’
1538 5083 1550 5117 :
1595 5084 1612 5116 ι
1649 5074 1706 5120 et
1734 5065 1888 5129 illud,
1931 5066 2078 5134 quod
2105 5075 2190 5120 est

623 5159 768 5230 apud
800 5158 1130 5229 prophetam
1154 5173 1167 5209 :
1197 5174 1218 5209 ι
1238 5155 1380 5210 Ecce
1400 5155 1638 5226 populus
1667 5154 1868 5210 stultus
1885 5163 1940 5209 et
1962 5169 2189 5209 excors:

625 5250 771 5306 oculi
799 5258 926 5304 sunt
963 5249 1064 5312 eis,
1101 5257 1158 5304 et
1181 5260 1294 5303 non
1327 5247 1580 5303 vident‘.
1615 5266 1636 5300 ι
1666 5247 1778 5302 Nos
1815 5262 1967 5307 vero,
2002 5246 2094 5314 qui
2124 5245 2194 5300 ad

628 5340 920 5395 ineﬂ'abilis
962 5339 1107 5394 illius
1160 5349 1373 5395 natura:
1417 5338 1659 5394 rationes
1693 5351 1865 5408 puros
1915 5335 2195 5391 illumina-

628 5441 820 5500 tosque
851 5429 1053 5484 mentis
1082 5429 1272 5486 oculos
1301 5430 1588 5502 adjicimus
1606 5469 1621 5495 ,
1663 5430 2014 5500 conspicuam
2049 5428 2194 5483 illam

629 5520 685 5575 in
718 5519 875 5585 Filio,
916 5521 1012 5575 Dei
1046 5529 1102 5575 et
1134 5521 1312 5577 Patris
1352 5521 1582 5578 formam
1626 5521 2078 5592 contemplamur.
2118 5521 2197 5575 Ac

625 5611 831 5671 Judaais
854 5611 1075 5682 quidem
1099 5611 1193 5680 qui
1223 5613 1434 5669 Patrem
1460 5629 1517 5669 se
1558 5613 1762 5680 vidisse
1794 5613 2192 5675 existimarent,

697 5722 745 5753 "
776 5720 936 5774 Hebr.
973 5735 1024 5782 ιι,
1057 5720 1107 5772 4.
1185 5722 1232 5753 ’⁵
1268 5723 1437 5776 Exod.
1472 5740 1548 5788 ιιι,
1585 5725 1636 5778 5.
1715 5725 1760 5757 ’⁸
1789 5724 1963 5779 Levit.
2006 5739 2065 5789 ιι,
2102 5725 2157 5768 Α.

704 5794 719 5824 ³
753 5791 953 5850 Jerenl.
987 5807 1035 5851 γ,
1078 5789 1168 5845 2!.

2299 4613 2394 4666 καὶ
2416 4608 2759 4680 ἀσυγκρίτως
2780 4606 3022 4676 ἄμεινον,
3049 4602 3081 4672 ἢ
3110 4603 3138 4653 ὁ
3159 4600 3326 4653 πάλαι
3346 4597 3494 4662 λαὸς,
3511 4597 3585 4661 ὡς
3615 4597 3670 4649 ἐν
3699 4610 3867 4663 προσ·

2297 4701 2432 4771 ώπῳ
2471 4698 2732 4759 Μωσέως.
2774 4695 2834 4748 '0
2867 4693 2964 4764 μὲν
3014 4691 3122 4760 γὰρ
3153 4688 3460 4760 ἀπέστρεψε
3493 4686 3556 4740 τὸ
3582 4685 3870 4756 πρόσωπον

2297 4791 2484 4848 αὐτοῦ·
2508 4787 2797 4860 ηὑλαϐεῖτο
2818 4784 2927 4855 γὰρ
2953 4779 3325 4850 κατεμὸλέψαι
3340 4778 3568 4831 ἐνώπιον
3597 4776 3687 4830 τοῦ
3713 4773 3867 4829 8:05-

2297 4886 2373 4939 Δι’
2394 4878 2455 4937 οὗ
2487 4880 2806 4951 σημαίνεται
2836 4875 2946 4929 τῶν
2974 4876 3030 4928 ὲν
3057 4874 3205 4944 νόμῳ
3237 4867 3790 4938 παιδαγωγουμένων,
3813 4865 3872 4918 τὸ

2297 4977 2397 5046 τῆς
2433 4973 2671 5033 διανοίας
2701 4967 2945 5030 ἀσθενὲς,
2981 4966 3082 5018 οὐκ
3117 4961 3488 5034 ἀναμενούσης
3521 4961 3721 5031 τρόπον
3754 4955 3872 5010 τινὰ

2300 5065 2437 5135 πρὸς
2468 5061 2600 5114 Θεὸν
2620 5098 2634 5121 ,
2673 5056 2795 5109 οὔτε
2829 5055 2935 5127 μὴν
2974 5055 3090 5117 οἵας
3121 5071 3179 5105 τε
3211 5051 3337 5104 ίδεῖν
3361 5050 3460 5120 τὴν
3501 5048 3658 5113 δόξαν
3685 5047 3869 5112 αὐτοῦ,

2304 5155 2445 5211 κατὰ
2475 5169 2538 5220 γε
2561 5151 2620 5203 τὸ
2646 5151 2703 5202 ὲν
2724 5147 2974 5217 Ψαλμοῖς
3001 5144 3360 5216 ὑμνούμενον·
3385 5159 3403 5192 ι
3423 5138 3874 5208 Σκοτισθήτωσαν

2269 5281 2271 5284 ι
2301 5249 2348 5300 οἱ
2373 5243 2640 5314 ὀφθαλμοὶ
2662 5237 2842 5294 αὐτῶν
2860 5235 2955 5290 τοῦ
2985 5236 3059 5307 μὴ
3082 5234 3318 5306 βλέπειν,
3353 5252 3372 5284 ι
3403 5233 3567 5303 ἦγουν
3593 5231 3788 5292 ἐκεῖνο,
3821 5231 3882 5282 sb

2309 5356 2327 5388 ι
2361 5334 2487 5389 Ἰδοὺ
2508 5331 2632 5394 λαὸς
2661 5327 2841 5401 μωρὸς
2861 5327 2956 5380 καὶ
2979 5322 3255 5396 ἀκάρδιος·
3275 5321 3544 5392 ὀφθαλμοὶ
3561 5320 3764 5385 αὐτοῖς,
3789 5321 3882 5371 καὶ

2245 5455 2258 5471 ι
2300 5428 2360 5481 ού
2387 5425 2690 5499 βλέπουσιν.
2729 5437 2747 5470 ι
2792 5419 2983 5489 Ἡμεῖς
3007 5415 3064 5469 δὲ
3096 5417 3206 5477 τοῖς
3237 5414 3365 5486 περὶ
3390 5413 3489 5485 τῆς
3514 5412 3754 5484 ἀρρήτου
3781 5410 3878 5475 φύο

2303 5533 2439 5581 σεως
2465 5512 2779 5588 προσιέντες
2805 5509 3005 5578 λόγοις,
3032 5505 3291 5576 καθαροῖς
3325 5503 3419 5556 καὶ
3448 5499 3880 5571 πεφωτισμένως

2301 5610 2563 5680 δμμασιν,
2599 5605 2658 5658 ὲν
2687 5601 2802 5672 Υίῷ
2830 5597 3128 5670 διαπρέπον
3157 5595 3218 5650 τὸ
3245 5594 3338 5649 τοῦ
3379 5592 3512 5646 Θεοῦ
3546 5595 3642 5646 καὶ
3666 5590 3878 5660 Πατρὸς

2251 5722 2293 5754 ’⁷
2327 5719 2500 5773 Exod.
2539 5733 2617 5783 ιιι,
2645 5716 2696 5770 5.
2777 5711 2825 5744 ’⁸
2873 5709 2987 5762 bid.
3050 5723 3129 5772 ιιι,
3192 5707 3244 5762 6.
3321 5706 3369 5740 ”
3389 5703 3529 5759 Psal.
3562 5719 3721 5760 mm
3779 5699 3870 5761 24.
