4076 6508
165 431 252 486 237

871 424 959 479 DE
995 422 1441 479 ADORATIONE
1483 423 1549 476 1N
1592 420 1861 476 SPIRITU
1905 420 1992 475 ET
2030 420 2401 476 VERITATE.
2446 420 2573 474 LIB.
2625 421 2689 472 ll.

3285 422 3391 479 253

162 540 516 612 καταθεώμεθα
554 540 768 602 κάλλος.
821 540 931 591 Ιζαί⁵
976 540 1242 609 οἰομένοις
1286 539 1383 609 μὲν
1428 538 1701 601 Ἰουδαίοις

1820 538 2079 607 sapienter
2095 548 2224 592 esta
2240 536 2458 592 Christo
2473 536 2678 590 dictum
2706 554 2719 588 :
2749 534 2857 606 σε
2894 558 2910 586 ι
2947 536 3133 604 Neque
3153 537 3391 604 speciem

156 640 223 690 ὅτι
251 633 513 687 τεθέανται
539 630 629 683 τὸν
663 629 905 699 Πατέρα,
943 630 1123 698 σοφῶς
1149 630 1362 698 ἐλέγετο
1392 629 1541 701 παρὰ
1569 630 1701 699 Χρι-

158 725 235 779 to;
252 743 263 755 ·
289 743 306 775 ι
333 722 464 775 Οὔτε
497 719 634 785 εἶδος
658 720 823 774 αὑτοῦ
853 721 1155 791 ἑωράκατε,
1181 722 1303 775 οὒτε
1328 721 1508 793 φωνὴν
1536 720 1699 774 αὐτοῦ

1810 629 1981 696 ipsius
2011 630 2248 693 vidistis,
2288 645 2467 697 neque
2497 644 2688 682 vocem
2731 628 2852 697 ejus
2883 628 3119 682 audistis
3152 629 3191 681 ’.
3230 647 3245 677 ι
3283 627 3389 683 Sed

1806 721 2107 775 sciscitanti
2146 721 2398 790 Philippo
2421 761 2435 786 ,
2468 736 2532 774 ac
2571 720 2763 774 rudius
2798 719 3041 789 quidem,
3088 735 3253 788 quam
3296 736 3393 789 par

154 811 415 882 ἀκηκόατε.
447 829 464 861 ι
498 807 948 862 Φιλοπευστοῦντι
978 808 1033 862 δὲ
1063 809 1139 879 τῷ
1166 809 1419 879 Φιλίππῳ
1446 810 1586 874 λίαν,
1611 810 1703 862 καὶ

1820 822 1945 877 ποι,
1978 813 2075 867 sed
2107 820 2290 865 tamen
2310 811 2558 865 discendi
2584 810 2766 865 studio
2800 812 3014 881 roganti
3038 826 3101 863 ac
3124 809 3335 864 dicenti
3378 852 3389 861 .

158 906 430 975 παχύτερον
459 902 559 972 μὲν
593 901 627 972 ῆ
664 900 849 971 ἐχρῆν,
880 901 944 953 ἐκ
978 901 1330 971 φιλομαθείας
1362 902 1405 954 δ’
1434 897 1525 955 οὖν
1556 902 1704 971 ὅμως

155 996 369 1065 ἐρομένῳ
410 994 502 1045 καὶ
542 992 787 1061 λέγοντι·
822 1011 839 1043 ι
876 991 1083 1063 Κύριε,
1118 993 1288 1057 δεῖξον
1311 995 1439 1064 ἡμῖν
1468 994 1558 1047 τὸν
1593 994 1706 1045 Πα-

156 1085 287 1154 τέρα,
314 1085 403 1137 καὶ
436 1085 596 1155 ἀρκεῖ
628 1084 781 1153 ἡμῖν,
816 1102 835 1135 ι
870 1084 1203 1154 ἀπεκρίνατο
1231 1086 1484 1156 Χριστόςο
1516 1103 1533 1136 ι
1568 1086 1706 1138 Τοσ-

152 1176 283 1230 οῦτον
321 1176 505 1246 χρόνον
561 1175 677 1245 μεθ’
712 1174 865 1244 ὑμῶν
893 1176 1028 1245 εἰμι,
1068 1177 1164 1229 κα.)⁹
1202 1176 1302 1229 οὐκ
1331 1176 1575 1243 ἔγνωκάς
1617 1191 1704 1245 με,

154 1267 392 1329 Φίλιππες
436 1266 495 1319 '0
533 1265 794 1335 ἑωρακὼς
833 1268 953 1337 ἐμὲ,
989 1266 1200 1337 ἑώρακε
1228 1268 1318 1320 τὸν
1352 1268 1590 1339 Πατέρα.
1632 1267 1707 1320 Ού

157 1355 401 1418 πιστεύεις
429 1356 511 1409 ὅτι
539 1356 650 1423 ἐγὼ
677 1358 735 1409 ὲν
770 1356 846 1426 τῷ
875 1358 1069 1427 Πατρὶ,
1101 1358 1194 1410 καὶ
1225 1359 1253 1410 ὁ
1282 1357 1469 1428 Πατὴρ
1497 1359 1554 1409 ὲν
1585 1356 1708 1427 ἐμοί

154 1448 308 1509 larua;
330 1466 347 1497 ι
382 1447 506 1498 ’Ότι
538 1446 594 1498 δέ
627 1447 774 1499 ἐστιν
804 1447 904 1499 οὐκ
932 1446 1190 1517 εύσθενὴς
1218 1450 1387 1516 ἄγαν,
1430 1449 1551 1501 οὔτε
1605 1454 1711 1519 μὴν

155 1537 287 1606 ἱκανὴ
320 1536 451 1606 πρὸς
495 1535 632 1589 Θεοῦ
684 1536 992 1601 κατάδειξιν
1022 1538 1223 1609 ἀκριϐῆ
1256 1540 1349 1591 καὶ
1391 1539 1709 1610 ἀμώμητον,

153 1626 278 1697 ηδιὰ
307 1627 400 1695 τῆς
432 1626 577 1679 κατὰ
604 1627 766 1697 νόμον
793 1628 1012 1698 ἐντολῆς
1047 1629 1248 1699 θεωρία
1286 1646 1344 1682 τε
1372 1631 1469 1683 καὶ
1498 1632 1716 1684 παίδευ-

156 1734 240 1779 σις,
281 1718 351 1779 ὡς
378 1720 433 1769 ὲν
460 1720 595 1788 σκιᾷ
620 1720 718 1771 καὶ
749 1719 1031 1789 αἰνίγματι
1066 1721 1158 1771 καὶ
1180 1719 1267 1773 διὰ
1294 1723 1412 1773 ταῖν
1447 1722 1589 1775 δυοῖν
1620 1722 1713 1774 τοῦ

153 1808 309 1860 Λάϐαν
337 1808 586 1878 ὀψόμεθα
633 1809 971 1879 θυγατέροιν.
1015 1810 1323 1882 Γέγραπται
1353 1812 1481 1883 γάρ,
1510 1813 1591 1864 ὅτι
1624 1810 1715 1881 Τῷ

1814 926 1830 957 ‹
1856 906 2104 967 Domine,
2127 903 2355 958 ostende
2390 902 2551 956 nobis
2566 903 2805 967 Patrem,
2838 900 3282 956 etsuﬁicitnouis
3302 901 3344 964 ³,
3374 920 3389 949 ι

1810 994 2097 1065 respondit
2156 994 2409 1049 Christus
2449 1011 2459 1043 :
2508 1013 2524 1042 ι
2572 992 2745 1046 Tanto
2810 1005 3057 1062 tempore
3108 993 3396 1046 vobiscum

1808 1103 1951 1150 sum,
1980 1095 2036 1141 et
2062 1102 2170 1139 non
2200 1085 2498 1154 cognovisti
2537 1100 2643 1147 nte,
2674 1084 2939 1153 Philippe.
2976 1085 3077 1149 Qui
3108 1084 3247 1138 vidit
3284 1100 3395 1140 me.

1808 1178 1946 1231 vidit
1975 1188 2031 1231 et
2057 1178 2295 1231 Patrem.
2329 1176 2448 1229 Non
2470 1176 2671 1238 credis,
2701 1176 2827 1244 quia
2850 1191 2949 1245 ego
2980 1176 3033 1229 in
3086 1176 3271 1238 Patre,
3331 1186 3389 1229 rt

1810 1268 1972 1322 Pater
2001 1268 2056 1322 in
2090 1282 2176 1321 me
2209 1275 2293 1322 est
2319 1267 2379 1319 ⁸⁸3
2406 1286 2424 1317 ι
2462 1266 2580 1320 Non
2604 1282 2725 1320 esse
2759 1275 2941 1320 autem
2970 1266 3261 1320 admodum
3300 1266 3394 1319 ﬁr-

1811 1376 1975 1424 mam,
2023 1376 2091 1413 ne
2132 1369 2311 1428 aptam
2352 1357 2574 1427 quidem
2619 1358 2752 1411 satis
2798 1356 2867 1410 ad
2917 1358 3088 1410 Deum
3140 1366 3396 1411 accurate

1812 1452 2277 1522 perspiciendum,
2316 1451 2462 1504 illam
2491 1449 2731 1503 mandati
2750 1450 2937 1518 legalis
2964 1450 3382 1518 contemplatio-

1814 1560 1940 1598 nem
2003 1554 2165 1613 atque
2207 1543 2571 1611 disciplinam,
2625 1551 2685 1596 ut
2728 1558 2848 1611 qua:
2886 1540 2941 1594 in
3001 1541 3192 1594 umbra
3232 1541 3304 1594 sit
3340 1550 3396 1593 et

1814 1630 2121 1699 aenigmate,
2170 1629 2225 1683 in
2256 1630 2364 1682 illis
2416 1644 2637 1698 quoque
2701 1629 2916 1683 duabus
2954 1629 3138 1682 Laban
3182 1628 3396 1683 ﬁliabus

1817 1721 2003 1775 videre
2042 1722 2189 1775 licet.
2240 1720 2515 1790 Scriptum
2556 1729 2641 1774 est
2680 1721 2849 1783 enim,
2884 1720 3011 1774 huic
3046 1721 3231 1775 Laban
3256 1720 3394 1774 duas

1817 1809 1984 1865 fuisse
2013 1810 2185 1873 ﬁlias;
2217 1821 2347 1864 natu
2375 1811 2565 1880 majori
2584 1811 2712 1873 Liae,
2750 1811 2945 1864 minori
2975 1811 3198 1864 Racheli
3220 1811 3390 1864 fuisse

152 1901 197 1952 δὲ
232 1901 406 1955 Λάϐαν
469 1898 615 1972 ἦσαν
667 1902 761 1955 δύο
806 1900 1136 1973 Θυγατέρες,
1186 1903 1355 1971 ὄνομα
1396 1907 1462 1975 τῇ
1511 1904 1713 1974 μείζονι

1820 1919 2036 1957 nomen.
2065 1902 2170 1956 Sed
2211 1902 2363 1956 Liam
2386 1904 2575 1957 oculos
2594 1902 2923 1956 inﬁrmiores
2947 1902 3229 1962 habuisse,
3281 1902 3392 1956 lia-

152 1994 298 2057 Λεία,
327 1994 417 2046 καὶ
443 1994 620 2063 ϐνομα
648 1996 713 2064 τῇ
759 1994 924 2064 ἑτέρᾳ
976 1993 1199 2062 Ῥαχὴλ.
1246 1996 1309 2045 Ui
1350 1994 1405 2046 δὲ
1447 1995 1713 2067 ὀφθαλμοὶ

154 2085 292 2147 Λείας
309 2084 582 2149 ἀσθενεῖς,
619 2083 818 2155 Ῥαχὴλ
838 2084 893 2136 δὲ
914 2080 981 2154 ἦν
1004 2084 1142 2154 καλὴ
1167 2083 1243 2153 τῷ
1266 2084 1395 2137 εῖδει
1422 2088 1515 2138 καὶ
1539 2086 1715 2157 ὡραία

153 2180 205 2247 τῆ
242 2178 352 2247 ﬂat
399 2178 650 2247 σφόδρα·
688 2177 781 2230 καὶ
829 2178 1151 2247 προσέκειτο
1194 2178 1292 2247 μὲν
1343 2181 1406 2248 τῇ
1453 2179 1652 2250 Ῥαχὴλ
1688 2180 1717 2232 ὁ

154 2270 466 2339 πατριάρχης
510 2268 730 2331 Ἰακὼϐ,
755 2270 992 2339 ἠγάγετο
1011 2269 1067 2322 δὲ
1089 2271 1194 2339 πρὸ
1216 2270 1385 2339 αὐτῆς
1406 2272 1505 2342 τὴν
1530 2272 1714 2325 Λείαν.

155 2361 528 2431 Μετοιχομένου
561 2361 626 2430 δὴ
661 2356 755 2415 οὖν
798 2364 878 2424 εἰς
909 2362 971 2413 τὸ
1019 2360 1219 2431 ἀληθὲς
1267 2360 1359 2413 τοῦ
1402 2362 1607 2430 τύπου,
1660 2362 1718 2414 τὸ

156 2453 360 2521 Χριστοῦ
394 2454 631 2522 κατόψει
672 2455 994 2524 μυστήριον.
1027 2453 1132 2506 Δύο
1176 2454 1285 2524 γὰρ
1314 2455 1452 2507 εἰσιν
1482 2456 1536 2505 αἱ
1584 2454 1718 2524 πρὸς

155 2545 426 2615 οἰκειότητα
456 2546 801 2615 κεκλημέναι
847 2544 944 2614 τὴν
970 2545 1344 2616 πνευματικὴν
1377 2545 1717 2616 ήρμοσμέναι

158 2652 204 2685 τε
232 2635 366 2706 αὐτῷ
395 2638 696 2703 γυναῖκες’
734 2634 1079 2706 πρεσϐυτέρα
1128 2634 1249 2704 μὲν,
1284 2646 1317 2704 η
1368 2636 1590 2705 πρώτη,
1626 2638 1719 2688 καὶ

155 2725 227 2777 διὰ
253 2725 486 2789 Μωσέως
535 2725 608 2787 ὡς
639 2725 696 2776 ὲν
731 2722 1004 2796 προσώπῳ
1036 2724 1134 2794 τῆς
1174 2724 1439 2777 Ἰουδαίων
1475 2742 1720 2793 συναγω-

156 2820 254 2885 γῆς.
296 2818 426 2887 πρὸς
455 2818 533 2887 ἢν
567 2817 785 2886 εἴρηται
818 2815 969 2884 παρὰ
1006 2814 1140 2867 Θεοῦ
1174 2814 1263 2868 διὰ
1287 2816 1469 2885 φωνῆς
1501 2833 1718 2888 προφη-

155 2905 260 2959 τῶν·
294 2925 311 2958 ι
355 2907 484 2961 Ἰδοὺ
521 2907 624 2959 οὐκ
642 2907 781 2960 εἰσὶν
805 2907 854 2959 οἰ
878 2905 1143 2976 ὀφθαλμοί
1175 2923 1288 2970 σου,
1319 2906 1493 2977 οὐδὲή
1525 2908 1719 2979 καρδία

162 3015 235 3050 σου
260 3000 411 3068 καλὴ,
447 2998 573 3052 ἀλλ’
610 2997 644 3069 ῆ
674 3000 754 3061 εἰς
791 2997 887 3068 τὴν
924 2997 1236 3062 πλεονεξίαν
1274 3015 1369 3051 σου
1410 3000 1503 3053 καὶ
1543 3000 1622 3063 εἰς
1651 2999 1721 3053 τὰ

162 3090 440 3160 ἀδικήματα
471 3108 569 3143 σου
594 3133 609 3156 ,
645 3090 739 3143 καὶ
766 3092 845 3155 εἰς
883 3090 1042 3159 φόνον
1070 3088 1164 3143 τοῦ
1196 3091 1389 3142 ποιεῖν.
1427 3108 1446 3141 ι
1482 3092 1721 3161 Δευτέρα

1817 1991 2028 2045 chelem
2076 1991 2354 2059 pnnstanti
2407 1990 2602 2053 forma,
2642 2006 2704 2044 ac
2750 1990 2929 2059 specie
2983 2006 3113 2044 sane
3165 2000 3393 2044 venusta

1816 2078 1983 2133 fuisse
2011 2098 2023 2131 :
2057 2079 2237 2147 itaque
2258 2079 2424 2133 Jacob
2473 2080 2859 2147 patriarcllam,
2880 2079 3126 2147 quamvis
3148 2079 3394 2133 deditum

1816 2170 1988 2225 amori
2032 2170 2306 2233 Rachelis,
2360 2169 2579 2223 duxisse
2638 2177 2818 2223 tamen
2884 2170 3069 2229 Liam,
3102 2177 3395 2237 antequam

1817 2262 2451 2332 venustiorijungeretur
2471 2262 2512 2313 ⁵.
2543 2260 2732 2330 Igitur,
2753 2260 2794 2313 si
2823 2259 2989 2329 ﬁgura
3019 2260 3087 2312 ad
3111 2260 3394 2312 veritatem

1821 2353 2193 2417 transferatur,
2216 2352 2417 2407 Christi
2445 2351 2757 2422 mysterium
2779 2350 3093 2419 perspicies.
3121 2349 3248 2403 Duze
3270 2358 3397 2403 sunt

1819 2443 1967 2496 enim
1994 2449 2199 2495 vocata:
2223 2441 2289 2495 ad
2322 2442 2635 2511 conjugium
2661 2440 2966 2509 spirituale,
2992 2439 3176 2508 illique
3192 2441 3397 2509 junetze

1820 2534 2114 2597 mulieres;
2152 2550 2215 2587 ac
2244 2534 2393 2602 prior
2423 2533 2513 2586 illa
2542 2540 2674 2585 natu
2704 2532 2874 2601 major
2895 2548 2989 2600 per
3012 2531 3251 2601 Moysen,
3276 2546 3398 2600 qua:

1821 2642 2111 2695 personam
2149 2626 2441 2696 Synagogae
2475 2624 2787 2679 Judreorum
2822 2623 3051 2686 ferebat,
3072 2623 3159 2677 cui
3188 2622 3397 2676 dictum

1820 2728 1903 2773 est
1936 2735 1965 2772 a
1989 2720 2097 2772 Deo
2126 2734 2221 2786 per
2245 2733 2407 2771 voces
2440 2716 2829 2785 prophetarum
2865 2733 2876 2767 :
2918 2734 2935 2764 ι
2970 2713 3109 2769 Ecce
3139 2730 3246 2767 non
3270 2720 3399 2777 sunt

1821 2811 1965 2865 oculi
2008 2810 2110 2873 tui,
2138 2824 2315 2878 neque
2343 2822 2439 2861 cor
2470 2816 2624 2861 tuum
2665 2806 2978 2875 pulchrum,
3015 2804 3122 2858 nisi
3161 2804 3229 2857 ad
3266 2819 3397 2857 ava-
3468 2808 3475 2817 ’

1822 2903 2025 2966 ritiam,
2066 2910 2123 2955 et
2148 2904 2215 2955 ad
2247 2898 2567 2968 iniquitates
2594 2905 2733 2960 tuas,
2778 2896 2921 2950 etad
2949 2894 3152 2949 caedem
3192 2894 3396 2948 facien-

1823 2991 1948 3046 dam
1990 2992 2028 3044 ⁸.
2059 3010 2098 3050 ,ι
2148 2990 2399 3044 Secundo
2446 2990 2568 3042 loco
2616 2986 2778 3040 ducta
2818 2994 2901 3039 est
2941 2985 3281 3047 adolescens,
3334 2998 3398 3036 ac

1824 3081 2107 3137 venustior
2154 3080 2244 3133 illa
2279 3094 2345 3132 ex
2379 3077 2635 3147 gentibus
2673 3076 2936 3135 Ecclesia,
2973 3075 3073 3127 'cui
3116 3074 3285 3127 David
3310 3074 3397 3127 di-

160 3180 206 3233 δί
228 3178 341 3251 ἧνὴ
386 3184 574 3246 νεᾶνις
610 3182 703 3234 καὶ
741 3181 1173 3253 ὲκπρεπεστέρα,
1221 3181 1361 3234 τοῦτ’
1391 3182 1556 3245 ἐστιν,
1600 3185 1633 3252 ἡ
1665 3182 1717 3248 ὲξ

1825 3172 2008 3226 cebat:
2047 3190 2064 3221 ι
2097 3168 2410 3233 Audi,ﬁlia,
2435 3178 2489 3221 et
2521 3166 2668 3230 vide,
2701 3175 2757 3219 et
2788 3164 2988 3218 inclina
3017 3178 3204 3216 aurem
3226 3170 3395 3225 tuam,

164 3233 303 3325 éﬁvdw
331 3233 654 3344 1Ex7.).r,c;iza,
678 3233 813 3342 προς
838 3233 949 3343 ῆνὸ
974 3233 1238 3341 θεῖοςέιφη
1263 3272 1442 3324 Δαϐίδ·
1477 3292 1494 3323 ι
1520 3233 1717 3325 ίνλέέουῖ

1830 3274 1886 3318 et
1912 3263 2240 3318 obliviscere
2279 3260 2543 3329 p0pulum
2574 3266 2726 3312 tuum
2764 3267 2821 3311 et
2852 3255 3073 3309 domum
3098 3253 3269 3322 patris
3290 3254 3394 3317 tui,

168 3381 254 3427 σον,
282 3365 536 3436 θύγατερ,
564 3367 660 3418 καὶ
686 3362 783 3429 ἴδε,
806 3364 899 3416 καὶ
926 3363 1101 3416 κλῖνον
1126 3363 1187 3416 τὸ
1215 3359 1305 3425 οῦς
1330 3380 1443 3425 σου,
1476 3364 1570 3417 καὶ
1597 3365 1717 3417 επι-

166 3455 298 3507 λάθον
324 3457 415 3510 τοῦ
454 3456 594 3510 λαοῦ
633 3473 747 3519 σου,
780 3457 873 3508 καὶ
902 3456 997 3508 τοῦ
1040 3454 1191 3508 οἴκου
1218 3454 1312 3507 τοῦ
1356 3456 1560 3525 πατρός
1587 3471 1678 3509 σου
1706 3472 1718 3485 ’

166 3548 228 3599 ιῖτι
252 3550 596 3619 ἐπεθύμησεν
626 3548 653 3599 ὁ
694 3546 957 3610 Βασιλεὺς
978 3546 1073 3599 τοῦ
1101 3546 1329 3609 κάλλους
1362 3563 1477 3602 σου.
1513 3567 1532 3600 ι
1566 3548 1722 3619 Εἰρη-

167 3654 236 3691 τιι
270 3640 319 3693 δέ
352 3658 451 3694 που
516 3641 660 3712 πρὸς
700 3640 867 3709 αὐτὴν
911 3639 1004 3693 καὶ
1041 3640 1121 3703 τὸ,
1166 3658 1183 3690 ι
1225 3640 1288 3695 υἱ
1323 3640 1589 3715 ὀφθαλμοί
1629 3658 1720 3694 σου

169 3735 480 3803 περιστερᾶς.
538 3752 558 3783 ι
611 3731 817 3802 Νοητὸν
866 3731 923 3783 δὲ
966 3732 1170 3802 δήπου
1209 3733 1303 3785 καὶ
1351 3732 1722 3802 ὑπερκόσμιον

171 3820 349 3888 ἀληθῶς
383 3826 481 3894 τῆς
526 3821 856 3891 Ἐκκλησίας
892 3822 953 3875 τὸ
990 3822 1203 3885 κάλλος.
1244 3823 1555 3893 Γέγραπται
1588 3822 1717 3893 γὰρ.

167 3912 231 3961 ὅτι
258 3932 273 3963 ι
300 3915 446 3967 Πᾶσα
471 3916 505 3985 ῆ
528 3912 663 3978 δόξα
688 3913 783 3983 τῆς
819 3913 1090 3985 θυγατρὸς
1118 3912 1212 3966 τοῦ
1250 3914 1531 3983 βασιλέως.
1574 3915 1723 3966 Ἐσε-

171 4002 273 4055 ϐών.
301 4024 317 4055 ι
342 4006 411 4057 Τὸ
428 4006 506 4071 δὲ,
550 4004 810 4066 Ἐσεϐὼν,
842 4004 1042 4058 ἔσωθεν
1078 4006 1227 4057 ἔστιν
1262 4005 1528 4076 Ἑϐραίων
1549 4009 1717 4076 φωνῇ·

169 4093 385 4163 σώματος
417 4099 517 4167 μὲν
542 4096 658 4165 γὰρ
692 4096 989 4164 ὀφθαλμοῖς
1025 4095 1123 4165 οὐχ
1153 4095 1449 4166 ἁλώσιμον,
1482 4096 1721 4167 καθαροῦ

168 4181 213 4234 δὲ
240 4186 318 4238 νοῦ
352 4188 687 4258 προσϐολαῖς
715 4186 1066 4241 εὐκάτοπτον.
1093 4188 1165 4239 Ἦ
1191 4188 1289 4257 οὐχ
1318 4181 1421 4241 ὦδε
1461 4188 1607 4258 ἔχει;

224 4276 409 4332 ΠΛΛΛ.
440 4280 599 4332 Πάνυ
637 4279 736 4348 μὲν
765 4272 878 4332 οῦν.

225 4367 367 4423 ΚΥΡ.
404 4370 623 4423 Οὐκοῦν
649 4370 710 4423 οὐ
744 4368 832 4422 διὰ
859 4370 959 4440 τῆς
994 4369 1134 4423 κατὰ
1157 4368 1320 4439 νόμον
1346 4370 1722 4439 παιδαγωγίας

168 4457 343 4511 κατίδοι
380 4476 458 4522 τις
503 4460 576 4513 ἄν
620 4458 681 4511 τὸ
709 4458 851 4511 θεῖόν
884 4475 943 4511 τε
985 4458 1077 4511 καὶ
1115 4458 1393 4529 ἀκήρατον
1422 4458 1635 4524 κάλλος,
1665 4462 1721 4512 ὲν

169 4545 354 4619 Χριστῷ
383 4551 436 4603 δὲ
475 4550 684 4620 μᾶλλον
712 4551 804 4603 καὶ
831 4552 942 4613 τοῖς
969 4548 1035 4602 δι’
1062 4548 1229 4603 αὐτοῦ
1259 4548 1643 4619 παιδεύμασιν.

226 4720 415 4777 una.
453 4723 707 4795 Ἀληθές.

224 4812 372 4869 ΚΥΡ.
416 4816 631 4879 Ἱκανὸς
654 4815 713 4867 δὲ
740 4815 875 4885 πρὸς
904 4814 1200 4885 λύτρωσιν,
1234 4808 1279 4867 ὦ
1314 4814 1597 4876 Παλλὰδιε,
1629 4816 1723 4869 καὶ

171 4903 281 4968 πρὸς
317 4922 377 4971 γε
419 4907 482 4959 τὸ
530 4905 796 4959 δύνασθαι
837 4904 1016 4975 χειρός
1054 4922 1114 4957 τε
1154 4905 1249 4957 καὶ
1290 4905 1600 4976 τυραννίδος
1637 4905 1725 4970 ὲξοι

171 4989 354 5047 ελέσθαι
376 4996 711 5068 διαϐολικῆς,
739 4998 856 5065 οὑχί
885 4998 1110 5066 Μωσῆς,
1140 4995 1172 5067 ῆ
1198 4995 1380 5065 νόμος,
1405 4996 1520 5048 ἀλλ’
1545 5000 1573 5049 ὁ
1594 4998 1724 5050 Μω-

171 5083 282 5147 σέως
318 5089 624 5159 Δεσπότης,
656 5088 796 5141 τοῦτ’
827 5087 939 5139 ἐστι
976 5086 1206 5157 Χριστὸς
1229 5126 1243 5147 ,
1284 5086 1377 5138 καὶ
1423 5087 1720 5157 μυστηρίου

172 5174 245 5225 τοῦ
276 5180 388 5230 κατ’
423 5180 590 5232 αὐτὸν
620 5181 653 5249 ἠ
680 5178 932 5247 δύναμις.
968 5178 1078 5231 Καὶ
1114 5176 1243 5245 γοῦν
1271 5176 1408 5230 Θεοῦ
1452 5178 1719 5245 λέγοντος·

174 5280 189 5311 ι
223 5265 354 5322 Ἰδὼν
379 5266 522 5323 εἶδον
544 5268 644 5339 τὴν
666 5270 909 5323 κάκωσιν
936 5267 1030 5322 τοῦ
1060 5266 1191 5321 λαοῦ
1228 5286 1329 5337 μου
1358 5270 1415 5320 ἐν
1440 5268 1723 5338 Αἰγύπτῳ,
1750 5318 1751 5321 η

172 5354 250 5405 καὶ
278 5360 369 5427 τῆς
406 5360 662 5430 κραυγῆς
706 5358 887 5413 αὐτῶν
931 5360 1147 5430 ἀκήκοα
1188 5358 1298 5412 ἀπὸ
1326 5359 1434 5410 τῶν
1474 5359 1731 5427 ὲργοδιω-

173 5442 294 5497 and»
310 5463 322 5475 ·
347 5442 461 5501 οἶδα
485 5449 599 5519 γὰρ
625 5448 816 5519 ὀδύνην
838 5448 1038 5513 αὐτῶν,
1061 5450 1151 5503 καὶ
1178 5448 1418 5519 κατέϐην
1448 5448 1728 5512 ἐξελέσθαι

173 5532 341 5599 αὐτοὺς
370 5541 432 5591 ὲκ
467 5539 653 5611 χειρὸς
681 5540 789 5593 τῶν
826 5540 1173 5608 Αἰγυπτίων,
1205 5540 1494 5608 ἐξαγαγεῖν
1533 5540 1729 5603 αὐτοὺς

173 5620 224 5674 ἐκ
246 5625 333 5696 τῆς
364 5630 465 5700 γῆς
500 5631 719 5702 ἐκείνης
753 5633 833 5695 εἰς
868 5634 971 5701 γῆν
1002 5631 1212 5702 ἀγαθὴν
1239 5633 1333 5684 καὶ
1370 5629 1569 5701 πολλὴν
1590 5671 1604 5695 ,
1650 5632 1730 5692 εἰς

233 5740 413 5813 ξιοοιι.
441 5764 496 5811 v,
529 5748 621 5801 37.
696 5746 716 5777 '
744 5746 901 5801 Joan.
940 5761 1049 5809 xxv,
1092 5746 1143 5800 8.
1220 5748 1241 5778 ι
1274 5746 1433 5813 lbid.,
1458 5748 1510 5802 9.
1588 5745 1765 5801 l'Gen.
1792 5759 1937 5807 nix,
1978 5742 2045 5797 16
2076 5757 2229 5810 seqq.

177 5806 196 5839 '
217 5807 356 5869 Cant.
386 5833 437 5881 ν,
472 5806 561 5871 i2.
640 5818 659 5849 '
689 5816 833 5872 Psal.
874 5831 1016 5883 xuv,
1039 5806 1134 5870 Ἠ.

1822 3354 1950 3424 quia
1966 3352 2279 3421 concupivit
2321 3350 2437 3403 Rex
2476 3347 2711 3418 speciem
2748 3354 2895 3398 tuam
2924 3346 2964 3396 ⁷.
2998 3362 3015 3392 )
3068 3342 3285 3396 Dictum
3312 3350 3399 3395 est

1822 3446 1873 3500 ei
1903 3444 2137 3515 quodam
2160 3443 2301 3505 loco,
2336 3441 2502 3494 etiam
2534 3439 2688 3500 illud,
2729 3458 2743 3487 ι
2788 3434 2945 3491 Oculi
2992 3432 3068 3487 tui
3113 3432 3256 3487 sicut
3299 3445 3395 3487 co—

1823 3537 2021 3591 lumbae
2057 3536 2096 3588 ⁸.
2156 3554 2173 3585 ι
2222 3534 2317 3587 Est
2373 3539 2558 3585 autem
2611 3528 2910 3598 spiritualis
2952 3524 3143 3595 procul
3192 3523 3395 3587 dubio,

1823 3638 1985 3698 atque
2055 3625 2297 3681 caelestis
2333 3637 2523 3677 revera
2579 3621 2672 3674 illa
2726 3618 2982 3672 Ecclesia:
3024 3613 3393 3685 pulchritudo.

1825 3720 2098 3789 Scriptum
2118 3728 2203 3771 est
2223 3716 2369 3770 enim
2414 3732 2427 3766 :
2480 3711 2697 3766 «Omnis
2736 3708 2907 3779 gloria
2938 3706 3061 3760 ﬁlia:
3087 3705 3229 3775 regis
3262 3704 3395 3758 Esc-

1824 3810 1997 3865 bon’.
2036 3828 2052 3859 ι
2090 3807 2203 3860 Hoc
2242 3814 2427 3859 autem
2458 3801 2711 3863 verbum,
2758 3798 2997 3861 Esebon,
3040 3795 3395 3849 Hebraeorum

1824 3902 2029 3971 lingua,
2090 3899 2399 3952 intrinsecus
2430 3892 2696 3964 signiﬁcat
2720 3910 2736 3957 ;
2765 3904 2942 3959 neque
2969 3888 3116 3942 enim
3154 3887 3241 3940 illa
3268 3899 3394 3956 spe-

1824 3994 1935 4048 cies
1965 3989 2214 4061 corporis
2271 3986 2446 4041 oculis
2478 3984 2797 4054 percipitur,
2840 3980 2935 4036 sed
2984 3992 3135 4047 pura:
3190 3974 3391 4031 mentis

1823 4084 1941 4138 acie
1969 4079 2327 4151 conspicitur.
2359 4076 2553 4130 Annon
2586 4075 2659 4128 ila
2688 4073 2811 4128 est?

1894 4256 2089 4313 PALL.
2127 4254 2355 4309 Maxime
2387 4267 2516 4305 vero

1892 4346 2047 4401 CYR.
2072 4345 2189 4398 Non
2210 4358 2341 4411 ergo
2366 4340 2655 4409 quisquam
2688 4354 2782 4406 per
2806 4339 2941 4409 legis
2971 4339 3397 4407 institutionem,
3438 4398 3441 4403 ,

1824 4438 2062 4491 divinam
2086 4436 2231 4489 illam
2249 4434 2728 4499 incorruptamque
2766 4429 3233 4498 pulchritudinem
3275 4446 3402 4500 per.

1823 4529 2003 4600 spicit,
2048 4526 2141 4583 scd
2191 4540 2285 4595 per
2324 4522 2603 4577 Christum
2661 4522 2860 4592 potius,
2916 4531 2970 4575 et
3012 4522 3130 4592 ejus
3152 4522 3399 4594 discipli-

1828 4636 1972 4675 nam.

1899 4710 2094 4766 PALL.
2121 4709 2233 4781 66
2255 4709 2455 4763 Verum
2488 4716 2589 4762 est.
3264 4757 3268 4761 ,

1896 4804 2053 4860 CYR.
2092 4803 2293 4858 Potens
2321 4810 2501 4856 autem
2534 4799 2601 4854 ad
2629 4813 2731 4854 nos
2760 4796 3113 4854 redimendos
3150 4799 3399 4873 eximen-

1831 4898 2037 4967 dosque
2089 4896 2157 4949 de
2214 4910 2377 4949 manu
2424 4892 2815 4960 dominatuque
2860 4889 3063 4943 diaboli
3107 4888 3228 4949 fuit,
3289 4902 3399 4942 non

1831 4990 2061 5060 Moyses,
2104 4993 2199 5041 aut
2252 4986 2363 5049 lex,
2426 4983 2524 5039 sed
2563 4981 2829 5038 Dominus
2875 4978 3078 5049 Moysi,
3125 4976 3395 5041 Christus,

1833 5080 2077 5149 inquam,
2114 5078 2340 5147 ejusque
2368 5074 2452 5129 vis
2497 5070 2847 5127 sacramenti.
2885 5068 3047 5123 Certe
3090 5082 3214 5121 eum
3253 5067 3399 5121 Deus

1830 5171 2037 5227 diceret
2072 5187 2085 5221 :
2114 5188 2131 5219 ι
2163 5168 2365 5222 Videas
2391 5165 2502 5219 vidi
2540 5162 2886 5218 aﬂlictionem
2920 5158 3106 5228 populi
3148 5157 3277 5221 mei,
3304 5158 3395 5227 qui

1828 5270 1913 5319 est
1945 5262 2001 5315 in
2026 5258 2281 5330 Egypto,
2313 5266 2370 5311 et
2396 5256 2694 5310 clamorem
2724 5265 2916 5305 eorum
2946 5248 3132 5304 audivi
3174 5256 3400 5318 propter

1826 5359 2109 5409 exactores
2150 5364 2419 5419 operum:
2472 5345 2588 5400 scio
2629 5341 2776 5397 enim
2806 5339 3051 5394 dolorem
3089 5353 3304 5403 eorum,
3340 5344 3397 5393 et

1792 5455 1796 5458 ’
1827 5441 2083 5499 descendi
2117 5449 2177 5495 ut
2203 5440 2430 5494 liberem
2461 5452 2556 5491 eos
2581 5450 2649 5489 ex
2685 5447 2852 5487 manu
2888 5430 3293 5502 Egyptiorum,
3338 5444 3397 5484 et

1828 5533 2057 5589 educam
2077 5547 2173 5587 eos
2200 5547 2267 5586 ex
2296 5539 2442 5585 terra
2470 5527 2578 5591 illa,
2602 5532 2660 5579 et
2679 5521 2935 5577 inducam
2961 5522 3085 5576 illos
3108 5520 3163 5575 in
3195 5530 3395 5575 terram

1828 5627 2027 5683 bonam
2074 5638 2131 5680 et
2174 5626 2423 5688 multam,
2466 5622 2522 5675 in
2562 5630 2762 5674 terram
2810 5625 3121 5671 manantem
3176 5615 3283 5669 mel
3338 5618 3398 5668 et

2306 5740 2326 5771 ⁸
2350 5740 2549 5793 Jerem.
2579 5750 2709 5799 XXII,
2742 5730 2827 5784 17.
2906 5732 2924 5762 ⁷
2959 5728 3099 5784 Psal.
3132 5744 3272 5792 mv,
3303 5725 3393 5783 H.
