4076 6512
712 432 819 487 239

1730 418 1785 473 S.
1827 418 2103 473 CYRILLI
2136 417 2605 475 ALEXANDRINI
2644 418 2959 474 ARCHIEP.

3860 424 3965 477 250

716 547 798 599 lac
830 544 895 610 ‘°;
931 564 947 594 ι
973 554 1205 609 cumque
1227 537 1293 591 iis
1321 534 1501 589 verbis
1524 531 1786 588 continuo
1803 532 2137 590 addidisset:
2184 552 2201 585 ι
2223 532 2288 586 Et

2409 533 2491 601 γῆν
2520 531 2749 602 ῥέουσαν
2786 530 2926 602 γάλα
2953 533 3045 587 καί
3077 532 3216 602 μέλι.
3261 552 3278 583 ›
3324 533 3433 587 Καὶ
3462 536 3843 607 προστιθέντος
3876 542 3965 592 εὐ-

716 655 863 696 nunc
898 651 1026 693 ecce
1059 636 1265 690 clamor
1294 631 1528 685 ﬁliorum
1571 628 1736 684 Israel
1783 628 1935 683 venit
1977 627 2044 682 ad
2075 641 2195 692 me;
2233 634 2289 681 et

714 732 827 802 ego’
848 728 962 783 vidi
1002 724 1349 781 aﬁIictionem
1391 737 1496 791 qua
1534 719 1771 791 Egyptii
1801 719 2118 789 opprimunt
2137 733 2233 772 eos
2271 734 2284 770 :

714 832 771 877 et
790 834 936 875 nunc
950 817 1093 877 veni,
1108 815 1317 869 mittam
1344 822 1393 866 te
1413 812 1477 867 ad
1501 811 1839 866 Pharaonem
1855 823 2036 879 regem
2052 806 2287 878 Egypti,

714 921 771 966 et
822 910 1024 965 educes
1076 906 1337 977 populum
1388 919 1593 966 meum,
1647 901 1788 956 ﬁlios
1829 900 1993 955 Israel
2036 915 2102 954 ex
2147 907 2291 954 terra

713 1001 933 1073 IEgypti
966 1001 1043 1052 “:
1080 1019 1097 1050 ι
1138 1004 1325 1068 aperte
1362 1011 1425 1049 ac
1463 995 1642 1065 palam
1691 991 2011 1049 reclamavit
2036 990 2245 1061 Moyses
2275 1008 2287 1042 ε

723 1111 741 1143 ι
785 1091 919 1159 Quis
961 1104 1081 1144 sum
1121 1102 1243 1158 ego,
1280 1094 1339 1139 ut
1374 1084 1568 1138 vadam
1629 1081 1699 1137 ad
1747 1082 2087 1137 Pharaonem
2110 1094 2291 1152 regem

714 1184 953 1256 Egypti,
984 1191 1039 1237 et
1079 1189 1141 1237 ut
1172 1180 1399 1236 educam
1444 1177 1589 1231 ﬁlios
1620 1175 1785 1231 Israel
1827 1190 1893 1229 ex
1932 1184 2078 1230 terra
2123 1172 2293 1245 Egy-

714 1275 793 1345 pti
823 1279 863 1307 ι’
893 1274 957 1327 ἲ»
987 1271 1127 1327 Num
1150 1270 1314 1342 igitur
1338 1282 1529 1338 parum
1559 1275 1644 1321 est
1680 1264 1906 1321 evidens
1935 1265 2053 1319 haec
2085 1264 2295 1334 ﬁgura?

716 1378 773 1421 et
817 1366 909 1420 hic
956 1360 1247 1419 recusandi
1297 1359 1494 1415 modus
1538 1373 1721 1413 nonne
1762 1357 1832 1411 ad
1874 1372 2002 1412 eum
2032 1356 2291 1419 refertur,

718 1458 811 1528 qui
841 1454 1067 1510 inﬁnitis
1081 1452 1332 1524 partibus
1361 1449 1610 1520 superior
1630 1458 1717 1503 est
1742 1456 1904 1517 atque
1930 1446 2294 1517 praestantior,

720 1550 776 1604 id
801 1555 905 1612 est,
946 1546 1013 1602 ad
1052 1543 1373 1601 Christum?
1407 1541 1625 1610 Alioqui
1678 1540 1784 1595 hoc
1831 1540 2009 1611 ipsum
2069 1538 2293 1593 dicere:

719 1642 854 1710 Quis
873 1640 1028 1696 sum?
1046 1639 1289 1708 ineptum
1313 1650 1443 1689 sane
1460 1642 1622 1688 esset.
1642 1632 1807 1702 Atqui
1826 1631 1983 1686 facile
2006 1628 2297 1685 admodum

718 1733 935 1797 fuisset,
978 1729 1212 1801 populos
1251 1727 1489 1796 eripere,
1528 1740 1590 1779 ac
1626 1724 1856 1779 salutem
1900 1722 2156 1793 gentibus
2200 1737 2297 1793 pa-

722 1838 865 1888 rere,
889 1821 959 1876 ad
988 1820 1408 1887 libertatemque
1432 1830 1712 1879 revocare,
1754 1814 1799 1869 si
1834 1814 1957 1885 eius
2001 1814 2166 1876 vires,
2202 1814 2295 1882 qui

726 1914 847 1968 illos
882 1912 936 1965 in
965 1910 1231 1965 servitute
1280 1907 1610 1963 constrictos
1643 1904 1888 1969 tenebat,
1931 1903 2164 1966 Satanae,
2208 1903 2289 1957 in.

714 2012 907 2074 quam,
938 2000 1137 2056 attritm
1174 2010 1337 2069 atque
1363 2006 1637 2054 enervatae
1660 1996 1915 2051 fuissent.

790 2093 986 2151 PALL.
1045 2091 1295 2147 Profecto
1352 2089 1673 2145 facillimum
1728 2106 1739 2140 :
1797 2094 1945 2142 recte
2003 2085 2150 2141 enim
2211 2084 2298 2139 di-

727 2204 821 2243 ’IS.

792 2277 950 2333 CYR.
994 2273 1175 2341 Quid?
1214 2286 1395 2326 nonne
1448 2271 1578 2325 hinc
1624 2284 1843 2340 quoque
1878 2282 2104 2340 prorsus
2144 2266 2301 2323 facile

720 2377 810 2422 est
864 2365 1087 2429 videre,
1145 2361 1390 2416 omnium
1442 2359 1728 2413 hominum
1784 2358 1978 2413 salutis
2023 2367 2301 2413 auctorem

726 2458 895 2512 fuisse
920 2454 1263 2527 unigenitum
1282 2451 1378 2505 Dei
1406 2450 1642 2505 Filium?
1683 2450 1856 2521 ipsius
1888 2449 2035 2504 enim
2074 2464 2176 2520 ope
2213 2464 2303 2503 re-

718 2549 935 2619 dempti
966 2562 1175 2609 sumus,
1205 2553 1391 2615 atque,
1420 2552 1484 2597 ut
1512 2543 1591 2598 ait
1617 2544 1885 2612 pr0pheta
1916 2560 1928 2594 :
1960 2561 1977 2592 ι
2008 2541 2126 2596 Non
2159 2541 2306 2612 lega-

726 2649 837 2704 tus,
910 2654 1020 2694 non
1078 2635 1304 2707 angelus
1337 2675 1352 2697 ,
1409 2632 1504 2688 sed
1579 2633 1695 2702 ipse
1751 2632 2016 2687 Dominus
2080 2630 2305 2685 salvavit

729 2744 831 2782 nos
851 2728 955 2780 ¹³.’›

800 2817 995 2873 PALL.
1015 2813 1335 2873 Undenam?
1361 2826 1567 2882 quaso.

798 2907 955 2964 CYR.
1004 2906 1150 2961 Deus
1203 2905 1351 2958 enim
1404 2901 1783 2956 universorum
1824 2897 2085 2969 praecepit
2139 2895 2307 2967 Moysi

729 2998 949 3054 disertis
968 2996 1171 3059 verbis,
1203 3002 1264 3047 ut
1290 2993 1409 3047 sine
1426 2989 1774 3044 cunctatione
1798 2994 2054 3057 pergeret
2083 2985 2151 3039 ad
2169 2986 2311 3041 ﬁlios

718 3087 919 3152 Israel,
951 3087 1126 3153 iisque
1143 3084 1322 3153 palam
1355 3081 1584 3144 diceret,
1622 3077 1770 3149 quod
1806 3076 2113 3147 adjutorem
2142 3084 2310 3146 atque

2390 623 2516 688 θύςο
2560 642 2579 676 ι
2633 625 2743 678 Καὶ
2776 624 2869 679 νῦν
2903 624 3011 678 ἰδοὺ
3057 625 3090 696 ἡ
3128 626 3346 696 κραυγὴ
3380 625 3488 679 τῶν
3540 627 3673 681 υίῶν
3730 630 3964 702 Ἰσραὴλ,

2390 716 2514 786 ἥκει
2541 714 2676 787 πρός
2709 733 2808 786 με·
2852 714 3004 784 κάγὼ
3035 716 3252 786 ἑώρακα
3286 717 3375 770 τὸν
3406 717 3673 790 θλιμμδν,
3706 721 3764 774 ὃν
3794 723 3846 774 οἰ
3873 724 3967 776 Δί-

2392 809 2608 876 γύπτιοι
2635 808 2904 862 θλίϐουσιν
2942 808 3164 874 αὐτούς’
3205 808 3296 863 καὶ
3337 809 3431 863 νῦν
3470 810 3651 883 δεῦρο,
3685 814 3968 868 ἀποστελῶ

2396 920 2454 955 σε
2498 902 2635 973 πρὸς
2665 899 2862 972 Φαραὼ
2900 900 3121 971 βασιλέα
3157 901 3435 970 Αἰγύπτου
3458 944 3473 968 ,
3513 905 3605 958 καὶ
3639 905 3849 970 ἐξάξεις
3879 908 3967 959 τὸν

2399 993 2526 1047 λαόν
2556 1011 2680 1063 μου,
2704 993 2827 1056 τοὺς
2843 994 2990 1056 υἱοὺς
3020 992 3256 1064 Ἰσραὴλ,
3287 994 3352 1046 ἐκ
3374 994 3476 1063 γῆς
3503 995 3843 1063 Δίγύπτουη
3876 1014 3970 1049 σα-

2396 1082 2511 1151 φῶς
2558 1082 2615 1137 δὲ
2656 1084 2751 1136 καὶ
2796 1082 3090 1154 διαρρήδην
3134 1082 3493 1156 ἀνεκεκράγει
3525 1085 3764 1155 Μωσῆς⁸
3806 1106 3824 1139 ι
3877 1087 3971 1150 Τίς

2395 1178 2508 1247 εἰμι
2544 1175 2683 1245 ἐγὼ,
2718 1176 2799 1230 ὅτι
2832 1175 3169 1247 πορεύσομαι
3200 1178 3334 1248 πρὸς
3375 1176 3571 1249 Φαραὼ
3617 1178 3841 1249 βασιλέα
3881 1181 3971 1232 Δί-

2395 1267 2622 1334 γύπτου,
2668 1267 2763 1321 καὶ
2808 1267 2889 1320 ὅτι
2930 1264 3105 1330 ἐξάξω
3148 1268 3273 1330 τοὺς
3315 1267 3463 1330 υἰούς
3512 1269 3729 1341 Ἰσραὴλ
3768 1270 3836 1322 ὲκ
3872 1260 3972 1339 γῆς

2397 1358 2673 1427 Αἰγύπτου
2694 1376 2708 1424 ;
2748 1375 2767 1410 ι
2795 1353 2924 1428 'Ap‘
2948 1353 3040 1411 οὖν
3063 1357 3164 1410 οὐκ
3185 1358 3422 1427 ἐναργὴς
3448 1361 3475 1412 6
3498 1358 3687 1423 τύπος,
3713 1361 3806 1413 καὶ
3830 1363 3857 1413 6
3879 1365 3972 1430 τῆς

2399 1452 2778 1521 παραιτήσεως
2806 1449 3005 1519 τρόπος
3031 1449 3149 1519 οὐχὶ
3178 1448 3276 1519 τὴν
3302 1449 3578 1521 ἀναφορὰν
3608 1452 3702 1504 ἐπὶ
3721 1451 3786 1504 τὸ
3810 1452 3975 1519 ἀσυγ-

2398 1542 2599 1613 κρίτως
2625 1540 2956 1614 ὐπερτεροῦν
2982 1542 3075 1594 καὶ
3096 1528 3487 1611 ὑπερκείμενον
3514 1541 3646 1612 ἔχει,
3668 1542 3816 1597 τοῦτ’
3838 1543 3972 1607 ἔστι,

2400 1634 2666 1705 Χριστόν;
2698 1633 2785 1697 Ὦς
2805 1633 2882 1697 τὸ,
2906 1652 2923 1683 ι
2948 1632 3044 1695 Τίς
3062 1634 3175 1704 εἰμι
3192 1632 3329 1702 ὲγώ;
3355 1652 3371 1683 ι
3397 1632 3573 1701 λέγειν
3601 1633 3941 1706 ἀνάρμοστον
3958 1651 3971 1664 ·

2402 1725 2623 1789 εὐπετὲς
2645 1724 2701 1778 δὲ
2725 1724 2840 1777 λίαν
2869 1724 2926 1775 τὸ
2963 1722 3235 1790 ἐξελέσθαι
3264 1724 3445 1787 λαοὺς,
3476 1723 3570 1778 καὶ
3596 1724 3794 1788 σώζειν
3822 1725 3973 1795 ἔθνη,

2404 1818 2497 1871 καὶ⁸
2519 1815 2872 1887 ἀποκομίζειν
2908 1816 2987 1879 εἰς
3013 1814 3326 1886 ἐλευθερίαν
3348 1856 3363 1875 .
3394 1815 3854 1889 συντετριμμένου
3887 1818 3977 1869 καὶ

2401 1903 2883 1976 ἀτονήσαντος,τοῦ
2906 1903 3041 1977 πρὸς
3062 1903 3303 1958 δουλείαν
3326 1905 3636 1975 συνέχοντος
3673 1907 3819 1960 τοῦτ’
3840 1907 3974 1971 ἔστι,

2401 1996 2493 2050 τοῦ
2526 1997 2759 2050 Σατανᾶ.

2469 2090 2678 2142 ΗΑΛΛ.
2714 2090 3148 2144 Εὐπετέστατον·
3183 2089 3320 2161 ἔφης
3351 2090 3460 2162 γὰρ
3498 2090 3671 2161 ὀρθῶς

2473 2267 2639 2322 ΚΥΡ.
2685 2267 2749 2320 Τί
2794 2266 2885 2331 δέ;
2921 2266 3039 2337 οὐχὶ
3085 2262 3379 2320 κάντεῦθεν
3428 2266 3551 2319 ἰδεῖν
3598 2265 3979 2340 ἀταλαίπωρον

2404 2359 2711 2425 παντελῶς,
2739 2360 2821 2413 ὃτι
2850 2360 2947 2430 τῆς
2984 2358 3240 2412 ἁπάντων
3274 2358 3545 2429 σωτηρίας
3592 2342 3860 2429 πρῦτανις
3894 2359 3981 2426 γέ-

2402 2470 2557 2522 γονεν
2590 2455 2619 2506 6
2660 2452 3007 2521 Μονογενής;
3048 2450 3116 2504 δι’
3149 2449 3314 2504 αὐτοῦ
3356 2450 3466 2520 γὰρ
3509 2447 3979 2520 ἑκλελυτρώμεθα,

2403 2541 2496 2594 καί
2526 2556 2690 2609 φησιν
2717 2542 2747 2592 6
2784 2539 3102 2610 προφήτης*
3144 2556 3161 2588 ι
3200 2537 3273 2591 Οὐ
3305 2538 3565 2609 πρέσϐυς,
3602 2539 3701 2592 οὐκ
3730 2539 3981 2609 ἄγγελος,

2405 2630 2519 2685 ἀλλ’
2553 2630 2715 2695 αὐτὸς
2752 2631 2780 2683 6
2818 2628 3023 2699 Κύριος
3053 2628 3255 2683 ἔσωσεν
3286 2630 3452 2701 ἡμᾶς.
3500 2648 3518 2681 ι

2478 2808 2683 2861 ΠᾹΛΛ.
2719 2805 2889 2859 Πόθεν
2920 2806 3086 2875 ἐφης;

2479 2899 2643 2952 ΚΥΡ.
2693 2899 2753 2950 '0
2787 2898 2884 2968 μὲν
2920 2898 3029 2967 γὰρ
3062 2897 3171 2950 τῶν
3196 2897 3334 2953 ὅλων
3359 2897 3488 2963 Θεὸς
3515 2900 3689 2973 Μωσῇ
3732 2903 3985 2958 κεκοίν-

2413 3010 2503 3045 κεν
2544 2990 2788 3061 ἐναργῶς
2809 3030 2823 3053 ,
2856 2990 3157 3044 ἀοκνότατα
3197 2989 3295 3060 μὲν
3347 2992 3481 3045 ἰέναι
3520 2993 3654 3064 πρὸς
3680 2997 3808 3059 τοὺς
3840 2998 3989 3060 uio-3;

2424 3081 2657 3153 Ἰσραὴλ,
2693 3083 2865 3134 εἰπεῖν
2894 3081 2950 3134 δὲ
2979 3080 3281 3148 ἀναφανδὸν
3316 3081 3393 3145 ὡς
3424 3082 3638 3152 ἀρωγὸν
3668 3086 3765 3139 καὶ
3795 3087 3988 3158 συλλή-

727 3187 1023 3251 patronum
1056 3174 1326 3229 haberent
1361 3173 1556 3235 Deum,
1598 3171 1692 3240 qui
1721 3169 1905 3224 omnia
1947 3175 2148 3239 potest,
2180 3183 2303 3224 eum

2412 3191 2584 3245 πτορα
2610 3172 2702 3225 τὸν
2748 3174 2924 3227 πάντα
2971 3172 3224 3243 ἰσχύοντα
3261 3174 3515 3239 λαϐόντες
3547 3175 3701 3240 Θεὸν,
3736 3180 3986 3250 ἀποφορο

732 3269 988 3325 facillime
1018 3266 1301 3321 servitutis
1327 3262 1591 3335 Egyptiaa
1627 3261 1935 3316 molestiam
1964 3260 2306 3326 levaturum;

733 3360 861 3415 illos
896 3359 1028 3413 item
1062 3356 1286 3411 domum
1321 3355 1502 3410 denuo
1535 3353 1842 3418 redituros;
1877 3362 1933 3407 et
1980 3353 2074 3407 ubi
2113 3351 2182 3407 ad
2211 3367 2309 3422 pa-

736 3458 883 3504 trum
906 3463 1134 3504 suorum
1172 3447 1481 3501 libertatem
1522 3444 1810 3506 redierint,
1850 3443 1966 3498 fore
2021 3452 2083 3497 ut
2107 3450 2310 3497 terram

738 3545 981 3593 sanctam
1022 3535 1358 3597 incolerent;
1406 3532 1592 3601 ibique
1640 3530 1814 3600 copiis
1868 3546 1931 3584 ac
1971 3529 2151 3593 bonis,
2190 3544 2311 3598 quae

741 3635 857 3704 ipse
903 3630 1355 3702 suppeditaturus
1400 3634 1582 3691 esset,
1630 3626 1934 3697 largissime
1975 3626 2307 3681 fruerentur.

738 3723 1041 3794 Respondit
1060 3729 1264 3786 autem,
1284 3720 1480 3789 inquit,
1509 3717 1737 3789 Moyses,
1766 3733 1830 3772 ac
1857 3717 1994 3772 dixit
2022 3736 2034 3770 :
2066 3736 2083 3768 ι
2123 3716 2179 3771 Si
2203 3732 2312 3771 non

734 3812 1081 3871 crediderint
1117 3811 1286 3875 mihi,
1327 3825 1505 3879 neque
1547 3809 1823 3864 audierint
1865 3824 2055 3864 vocem
2098 3823 2309 3870 meam;

732 3905 928 3961 dicent
983 3904 1151 3968 enim,
1195 3900 1342 3972 quod
1368 3901 1487 3956 Non
1522 3901 1772 3971 apparuit
1826 3901 1924 3955 tibi
1970 3901 2153 3966 Deus;
2180 3901 2310 3970 quid

740 3997 917 4053 dicam
947 3996 1014 4051 ad
1041 3996 1173 4050 eos?
1194 3996 1340 4049 Dixit
1374 4004 1554 4049 autem
1582 3994 1632 4047 ei
1674 3994 1939 4048 Dominus
1965 4012 1977 4046 :
2009 3991 2149 4059 Quid
2174 3993 2311 4049 illud

739 4096 825 4143 est
838 4085 983 4156 quod
1000 4084 1168 4139 habes
1191 4083 1243 4137 in
1262 4098 1423 4137 manu
1438 4084 1461 4135 ?
1478 4083 1571 4137 Ille
1599 4089 1779 4136 autem
1799 4082 1954 4144 dixit,
1977 4081 2084 4152 67
2114 4080 2273 4151 Virga
2296 4100 2309 4134 :

741 4183 799 4231 et
830 4176 967 4230 dixit
1004 4174 1251 4243 :Projice
1276 4188 1395 4227 eam
1418 4173 1475 4226 in
1536 4182 1758 4227 terram.
1817 4172 1883 4226 Et
1940 4172 2171 4241 projecit
2193 4188 2311 4227 eam

740 4268 799 4322 in
816 4277 1035 4331 terram,
1058 4275 1112 4321 et
1133 4266 1273 4320 facta
1290 4274 1375 4319 est
1397 4264 1622 4319 coluber
1640 4281 1653 4327 ;
1671 4272 1726 4317 et
1746 4263 1884 4332 fugit
1908 4264 2118 4334 Moyses
2141 4264 2210 4318 ab
2224 4280 2309 4319 eo.

738 4356 808 4413 Et
833 4356 971 4411 dixit
994 4356 1257 4410 Dominus
1282 4353 1349 4408 ad
1372 4352 1590 4424 Moysen
1611 4370 1622 4404 :
1640 4352 1883 4406 Extende
1902 4368 2123 4406 manum
2142 4361 2311 4417 tuam,

739 4456 796 4502 et
826 4446 1176 4517 apprehende
1222 4445 1471 4500 caudam.
1523 4442 1837 4497 Extendens
1877 4442 2044 4512 igitur
2092 4457 2311 4498 manum

2417 3266 2656 3320 τιοῦνται
2699 3264 2798 3335 μὲν
2845 3263 3080 3328 εὐκόλως
3118 3263 3219 3334 τῆς
3265 3266 3324 3319 ὲν
3354 3265 3613 3339 Αἰγύπτῳ
3651 3268 3904 3334 δουλείας
3936 3272 3990 3323 τὸ

2417 3354 2708 3425 δυσαχθὲς,
2736 3353 2919 3407 οἴκαδέ
2962 3370 3026 3422 γε
3079 3353 3186 3424 μὴν
3217 3355 3513 3427 ἀπαίρουσι
3550 3358 3739 3424 πάλιν,
3774 3360 3874 3413 καὶ
3919 3362 3991 3423 εἰς

2416 3446 2513 3517 τὴν
2555 3446 2660 3499 τῶν
2699 3445 2950 3517 πατέρων
2989 3445 3303 3517 ἐλευθερίαν
3354 3448 3812 3520 ἀναφοιτήσαντες
3836 3490 3855 3513 ,
3897 3454 3989 3522 τὴν

2420 3539 2581 3606 ἁγίαν
2606 3538 2888 3608 οἰκήσουσι
2912 3538 3016 3608 γῆν
3035 3554 3048 3568 ο
3080 3538 3197 3590 ὲκεῖ
3218 3554 3276 3590 τε
3305 3538 3573 3605 πλουσίως
3599 3543 3710 3605 τοῖς
3734 3545 3874 3614 παρ’
3902 3543 3992 3596 αὐ-

2417 3628 2512 3683 τοῦ
2567 3627 2945 3699 δοθησομένας
3004 3628 3488 3700 ὲνσπαταλήσωσιν
3549 3631 3791 3701 ἀγαθοῖς.
3868 3634 3992 3689 ’Δπο

2420 3718 2631 3790 εκρίθη,
2665 3719 2849 3788 φησὶν,
2877 3719 2905 3771 6
2937 3719 3142 3789 Μωσῆς
3177 3718 3271 3772 καὶ
3310 3716 3463 3773 εἶπεν
3486 3738 3498 3752 ·
3544 3740 3564 3773 ι
3616 3723 3742 3776 Ἐὰν
3781 3724 3861 3795 μὴ
3907 3742 3993 3778 πι-

2422 3808 2686 3864 στεύσωσί
2717 3826 2829 3878 μοι,
2862 3808 2993 3879 μηδὲ
3021 3809 3294 3863 ἀκούσωσι
3328 3828 3429 3882 μου
3453 3815 3552 3883 τῆς
3575 3813 3757 3885 φωνῆς
3783 3815 3993 3885 (ἐροῦσι

2420 3904 2549 3973 γὰρ.
2580 3903 2663 3955 ὅτι
2686 3902 2799 3955 Οὐκ
2833 3893 3012 3954 ὦπταί
3036 3917 3118 3953 σοι
3138 3903 3165 3954 6
3189 3900 3364 3970 Θεὸς),
3387 3902 3441 3955 τί
3465 3902 3575 3974 ἐρῶ
3600 3905 3735 3975 πρὸς
3759 3907 3988 3971 αὐτοῦςς

2420 3991 2553 4047 Εἷπε
2573 3991 2629 4045 δὲ
2654 3988 2803 4063 αὐτῷ
2831 3995 2859 4045 6
2888 3991 3111 4062 Κύριος·
3152 3991 3217 4044 Τί
3241 3992 3401 4046 τοῦτό
3436 3994 3552 4048 ἐστι
3588 3995 3646 4048 τὸ
3671 3996 3728 4049 ὲν
3756 3999 3823 4067 τῇ
3854 3998 3992 4069 χειρί

2423 4101 2549 4150 σου;
2583 4085 2640 4137 Ὀ
2670 4083 2725 4137 δὲ
2754 4080 2895 4146 εἷπε,
2925 4083 3166 4143 Ῥἀϐδος·
3195 4084 3288 4137 καὶ
3317 4078 3460 4137 εἷπε·
3492 4085 3675 4155 Ῥίψον
3700 4087 3880 4160 αὐτὴν
3906 4090 3992 4142 ἐπὶ

2419 4174 2517 4245 τὴν
2537 4174 2658 4245 γῆν.
2684 4176 2793 4227 Καὶ⁵
2823 4173 3043 4246 ἔρριψεν
3073 4174 3239 4244 αὐτὴν
3270 4176 3361 4228 ἐπὶ
3386 4175 3485 4246 τὴν
3510 4177 3631 4247 γῆν,
3660 4178 3757 4231 καὶ
3779 4180 3993 4249 ἐγένετο

2420 4265 2542 4334 ὄφις
2565 4282 2578 4296 ’
2601 4265 2695 4318 καὶ
2727 4265 2893 4334 ἔφυγε
2920 4266 3124 4333 Μωσῆς
3153 4265 3249 4341 ἀπῖ
3274 4266 3458 4320 αὐτοῦ.
3502 4268 3611 4321 Καὶ
3642 4264 3763 4322 εἷπε
3790 4270 3991 4341 Κύριος

2421 4357 2558 4427 πρὸς
2594 4356 2819 4426 Μωσῆψ
2852 4354 3100 4408 Ἔκτεινε
3143 4337 3249 4427 τῆν’
3272 4357 3429 4427 χεῖρά
3473 4374 3587 4422 σου,
3614 4360 3704 4412 καί
3733 4337 3994 4413 ἐπιλαδοῦ

2420 4447 2520 4516 τῆς
2551 4447 2770 4519 κέρκου.
2810 4446 2919 4499 Καὶ
2956 4447 3201 4509 ἐκτείνας
3235 4447 3332 4519 τὴν
3366 4450 3540 4520 χεῖρα,
3576 4450 3878 4505 ἐπελάσει-το
3900 4454 3995 4520 τῆς

741 4537 1104 4606 apprehendit
1146 4536 1397 4601 caudam,
1451 4542 1508 4590 et
1548 4533 1690 4588 facta
1729 4540 1814 4587 est
1849 4533 2002 4603 virga
2048 4532 2104 4586 in
2148 4549 2303 4589 manu

2418 4541 2638 4613 κέρκου,
2668 4541 2763 4594 καὶ
2786 4541 3001 4610 ἐγένετο
3025 4541 3215 4611 ῥάϐδος
3239 4543 3297 4596 ἐν
3331 4547 3397 4615 τῇ
3425 4547 3568 4617 χειρὶ
3595 4547 3785 4601 αὐτοῦ,
3832 4568 3851 4597 ι

741 4628 859 4697 ejus
903 4627 965 4679 ¹⁸.
995 4647 1011 4675 ι

811 4716 1004 4771 PALL.
1026 4716 1307 4770 lnsuetum
1329 4731 1479 4780 sane,
1522 4729 1836 4785 novumque
1855 4716 2200 4781 miraculum,
2221 4714 2323 4787 Cy-

744 4808 866 4863 rille
900 4825 913 4862 :
950 4807 1083 4879 quid
1113 4817 1294 4862 autem
1335 4806 1643 4878 signiﬁcare
1679 4807 1834 4872 velit,
1860 4808 2091 4873 dissere,
2124 4808 2169 4863 si
2200 4808 2319 4879 pla-

742 4907 851 4963 cet,
886 4897 1138 4974 acapite.

808 4988 965 5044 CYR.
1020 4986 1290 5058 Equidem
1327 4986 1612 5043 disseram.
1660 4987 1797 5043 Cum
1829 5004 1928 5057 per
1960 4987 2131 5043 multa
2174 4996 2316 5043 tem-

742 5269 1133 5329 sent,cumque
1153 5259 1528 5337 voluptatibus
1549 5260 1628 5314 illi
1656 5260 1864 5330 regioni
1892 5259 2128 5329 propriis
2162 5258 2317 5315 oble-

744 5357 1042 5412 ctarentur,
1080 5365 1191 5403 non
1215 5350 1500 5421 ignorabat
1548 5349 1780 5420 Moyses,
1833 5348 2116 5419 segniores
2146 5365 2209 5405 ea
2251 5350 2319 5405 de

743 5452 906 5491 causa
927 5435 1098 5491 factos
1124 5452 1267 5505 esse,
1293 5447 1458 5508 atque
1492 5436 1782 5508 ejusmodi,
1813 5444 2043 5505 ut.a:gre
2072 5435 2139 5490 ad
2171 5451 2321 5491 com-

745 5526 1026 5599 ponendos
1062 5543 1242 5585 mores
1289 5528 1501 5585 traduci
1533 5535 1759 5598 possent
1792 5525 1949 5581 :fore
2000 5534 2182 5581 autem
2231 5543 2320 5582 sa-

747 5620 957 5678 pienter
985 5620 1231 5691 putabat,
1275 5630 1335 5676 ut
1378 5635 1605 5691 operum
1623 5618 1796 5689 .labor
1853 5617 2204 5687 compelleret
2252 5617 2321 5673 ad

2488 4715 2694 4768 ΠΔΛΛ.
2752 4715 2838 4777 Ὠς
2867 4713 3103 4779 ἐξαίσιον
3151 4716 3249 4786 μὲν
3273 4717 3335 4770 τὸ
3367 4716 3573 4789 θαῦμα,
3608 4713 3653 4772 ὦ
3680 4722 3805 4773 τᾶν.
3842 4721 3919 4773 Τὸ
3943 4720 3996 4772 δὲ

2416 4804 2469 4859 τί
2508 4804 2574 4859 ἂν
2608 4803 2848 4873 βούλοιτο
2879 4804 3234 4876 καταδηλοῦν,
3265 4808 3439 4880 φράζε
3467 4809 3533 4881 δὴ
3567 4811 3731 4865 πάλιν
3766 4813 3955 4875 αὐτός.

2478 4981 2641 5034 ΚΥΡ.
2690 4980 2833 5049 Ἐγὼ
2875 4982 3098 5053 φράσω·
3124 4984 3386 5058 Μακροὺς
3415 4988 3730 5057 Αἰγυπτίοις
3763 4990 4003 5044 συνδιαι-

740 5095 873 5151 pora
896 5079 1041 5134 inter
1088 5077 1375 5149 [Egyptios
1429 5078 1630 5133 versati
1682 5088 1867 5134 essent
1915 5078 2210 5143 Israelitaa,
2261 5089 2303 5133 e1

2421 5070 2653 5140 τώμενοι
2700 5071 2927 5142 χρόνους
2963 5074 3013 5125 οἰ
3060 5073 3119 5140 ἐξ
3174 5076 3425 5148 Ἰσραὴλ,
3455 5078 3550 5131 καὶ
3586 5081 3667 5143 εἰς
3709 5082 3821 5133 πᾶν
3861 5075 4002 5143 εἶδος

740 5170 952 5224 nullum
990 5178 1137 5224 esset
1169 5170 1381 5239 peccati
1422 5162 1602 5240 genus
1638 5170 1691 5223 in
1726 5169 1872 5238 quod
1908 5168 2045 5239 lapsi
2087 5183 2198 5223 non
2224 5183 2303 5224 es-

2422 5162 2698 5233 ἀμαρτίας
2743 5162 3146 5233 ὼλισθηκότες,
3198 5167 3294 5220 καὶ
3324 5171 3553 5240 τρυφαῖς
3586 5169 3838 5240 ἡδόμενοι
3880 5173 4001 5233 ταῖς

2418 5253 2749 5324 ἐπιχωρίοις,
2773 5252 2988 5323 βραδεῖς
3010 5253 3110 5325 μὲν
3127 5255 3209 5308 ὅτι
3236 5256 3330 5310 καὶ
3351 5257 3850 5328 δυσμετακόμιστοι
3877 5259 4002 5314 λίαν

2420 5344 2631 5398 ἔσονται
2670 5344 2808 5414 πρὸς
2852 5344 3149 5415 εὐκοσμίαν
3172 5386 3187 5410 ,
3226 5348 3329 5401 οὐκ
3373 5349 3639 5419 ἠγνόησεν
3665 5349 3694 5401 ὁ
3742 5350 3961 5419 Μωσῆς
3984 5368 3997 5381 .

2422 5436 2718 5507 συνωθήσει
2756 5437 2813 5491 δὲ
2850 5438 2931 5490 ὅτι
2961 5438 3099 5509 πρὸς
3131 5436 3440 5493 εὐπείθειαν
3469 5438 3578 5493 τῶν
3608 5439 3786 5512 ἔργων
3828 5442 3862 5494 6
3903 5439 4000 5493 ’πό⁴

2422 5544 2511 5591 νος
2562 5528 2660 5598 οὐχ
2693 5528 2915 5591 ἑκόντας
2949 5529 3168 5593 αὐτοὺς,
3219 5531 3267 5582 εἰ
3306 5529 3819 5601 θαυματουργοῦντα
3874 5530 3999 5584 θεά-

2426 5633 2643 5681 σαιντο,
2675 5617 2855 5687 σοφῶς
2902 5618 3271 5689 ὑπελάμϐανε.
3310 5619 3512 5691 Χρῆμα
3543 5621 3642 5692 μὲν
3675 5620 3804 5694 -γὰρ
3868 5620 3997 5689 ἀλη-

818 5810 859 5839 ¹⁰
897 5808 1067 5863 Exod.
1102 5824 1180 5870 ιιι,
1210 5809 1239 5861 7
1264 5822 1416 5877 seqq.
1521 5808 1562 5839 ¹¹
1593 5804 1755 5880 Ihid.,
1799 5805 1852 5859 9.
1958 5807 2000 5839 "
2035 5804 2197 5867 lbid.,
2232 5804 2289 5857 Η

2409 5801 2442 5834 η
2471 5803 2574 5859 Isa.
2603 5820 2753 5870 um,
2779 5804 2830 5859 9.
2913 5806 2954 5839 “
2975 5804 3149 5861 Exod.
3184 5822 3253 5861 Iv.
3287 5806 3319 5860 9
3349 5820 3499 5876 seqq.

4013 584 4027 627 ί
