4046 6498
136 406 216 484 ;n
818 403 905 458 ne
944 405 1389 483 ADORATIONE
1424 412 1492 468 tN
1531 412 1799 472 suam:
1841 417 1930 471 ET
1974 417 2341 473 VERlTATE.
2383 418 2510 473 LIB.
2552 420 2615 474 n;

3225 426 3359 482 242‘

138 520 221 582 θῶς
260 511 595 617 δυσεξίτητον·
626 515 787 587 ἡδονὴ
809 556 824 582 ,
882 519 976 572 καὶ
1028 521 1216 575 παθῶν
1249 524 1507 597 ἁγριότης
1539 526 1630 580 τῶε

1752 530 2169 601 obsequendum
2188 533 2272 587 vel
2299 533 2521 597 invitos,
2543 534 2587 587 si
2609 533 2786 603 ipsum
2812 533 3155 590 admirabilia
3178 552 3327 607 quaa-
3391 586 3405 603 λ,

136 614 180 663 ὲν
218 608 331 677 ἡμῖν
380 605 475 660 οὐκ
544 605 784 677 εὐχερῶς
834 609 1232 668 τιθασσεύεται.
1293 615 1538 687 Ὶδρῶτος
1591 618 1648 671 δὲ

136 696 498 760 καταθλίϐοντος
548 699 644 751 καὶ
707 699 883 753 πόνων
933 702 1333 777 ἐπηρτημένων
1352 746 1367 772 ,
1419 708 1648 764 ἀναπεί·

135 806 248 845 σειεν
298 788 360 842 ἂν
387 788 615 853 εὐκόλως
653 791 745 843 καὶ
788 792 893 845 τῶν
937 794 1166 864 ἡδίστων
1225 798 1584 872 ὑπερφρονεῖν
1620 804 1649 855 ὁ

133 876 439 935 ἀπαλλάττειν
464 879 905 950 ὑπισχνούμενος·
939 878 1094 953 οἶμαι
1128 884 1182 938 δὲ
1219 887 1301 939 ὃτι
1335 890 1429 941 καὶ
1457 892 1484 942 ὁ
1519 907 1648 944 παν-

132 972 203 1034 τὸς
223 968 405 1038 ἀγαθοῦ
440 969 533 1039 τὴν
564 970 767 1042 εῐδησιν
802 970 950 1042 ἔχων,
980 974 1132 1041 Θεὸς,
1159 975 1434 1031 δύσοιστόν
1462 995 1521 1032 τε
1552 981 1647 1033 καὶ

131 1060 325 1129 δυσαλγῆ
371 1058 483 1111 τότε
528 1058 593 1130 δὴ
666 1059 900 1131 μάλιστα
967 1066 1078 1126 τοῖς
1149 1062 1215 1130 ἐξ
1286 1067 1500 1139 Ἰσραὴλ
1547 1070 1644 1138 τὴν

131 1151 215 1205 τῶν
250 1150 534 1219 Αἰγυπτίων
571 1152 795 1221 ὲπηφίει
830 1154 1143 1221 πλεονεξίαν
1172 1158 1643 1229 οίκονομικὼτατά

132 1261 177 1298 τε
196 1244 311 1310 λίαν,
338 1242 408 1306 ὡς
433 1242 496 1296 ἂν
523 1239 632 1297 εἷεν
655 1243 867 1299 εὔκολοι
910 1248 1046 1318 πρὸς
1074 1248 1413 1321 ἀποδρομὴν,
1444 1251 1539 1303 καὶ
1568 1252 1643 1322 μὴ

130 1336 222 1398 ταῖς
250 1334 544 1404 συντρόφοις
571 1334 789 1405 ἡδοναῖς
834 1338 1143 1408 ἐνδούμενοι
1163 1377 1178 1401 ,
1207 1338 1431 1411 σκληροί
1461 1357 1521 1393 τε
1554 1341 1646 1409 γέ-

130 1441 265 1479 νοιντο
291 1424 374 1476 καὶ
390 1423 688 1491 δυσάγωγοι
719 1427 940 1498 κομιδῇ,
982 1429 1076 1481 καὶ
1107 1430 1207 1499 τὴν
1232 1428 1324 1482 τοῦ
1354 1431 1645 1497 καλοῦντος

127 1515 189 1577 είς
206 1512 482 1585 ἐλευθερίαν
501 1512 861 1584 ἀτιμάζοντες
880 1516 1058 1587 χάριν,
1089 1517 1391 1575 ἐθελούσιον
1411 1524 1646 1575 ποιοῖντο

127 1606 203 1675 τὴν
228 1605 277 1656 ὲν
292 1602 535 1675 Αἰγύπτῳ
566 1603 805 1676 θητείαν,
834 1608 895 1660 τὸ
922 1609 1231 1679 παραυτίκα
1253 1611 1502 1683 τερπνὸν,
1536 1611 1646 1665 ὀλί-

125 1710 210 1761 γων
242 1691 340 1745 ἔσθ’
377 1693 459 1746 ὅτε
502 1695 899 1767 προτάττοντες
946 1699 1145 1758 πόνων.
1192 1701 1407 1755 Μᾶλλον
1444 1703 1501 1757 δὲ
1549 1706 1644 1758 καὶ

124 1781 266 1835 αὐτῶν
292 1784 342 1835 ἐν
372 1782 615 1854 ἀμείνοσι
649 1788 1127 1860 καταλογιζόμενοι
1154 1791 1263 1846 τῶν
1294 1792 1444 1864 παρά
1477 1793 1637 1855 Θεοῦ,

1751 622 1879 678 dam
1906 640 2073 694 opera
2101 624 2313 681 efﬁcere
2343 625 2625 691 viderent;
2652 634 2737 681 est
2765 626 2915 681 enim
2951 628 3200 700 voluptas
3237 628 3326 683 in-

1752 713 1920 769 ﬁxum
1942 715 2163 785 penitus
2200 716 2426 783 malum,
2454 726 2510 771 et
2542 714 2804 772 vitiorum
2843 727 3154 773 nostrorum
3191 719 3326 774 feri‘

1752 811 1836 857 tas
1858 802 2078 859 difﬁcile
2122 807 2496 860 mansuescit:
2527 814 2602 871 at,
2646 807 2693 861 si
2727 806 2898 862 sudor
2939 807 3231 878 deprimat,
3264 824 3328 863 ac
3358 840 3359 843 η

1749 894 1969 949 labores
1996 895 2236 965 impositi
2261 897 2390 959 sint,
2419 906 2535 951 tum
2560 913 2688 952 vero
2714 898 2780 963 is,
2822 899 2915 969 qui
2958 915 3016 953 se
3059 899 3323 955 liberatu-

1750 1001 1871 1039 rum
1907 986 1975 1040 ab
2006 986 2073 1040 iis
2103 987 2463 1043 incommodis
2504 989 2813 1058 pollicetur,
2860 990 3016 1045 facile
3037 1006 3326 1060 persuase-

1750 1077 1841 1141 rit,
1872 1076 2018 1147 ipsas
2059 1094 2279 1148 quoque
2314 1094 2556 1134 summas
2599 1080 2906 1150 voluptates
2949 1092 3349 1137 contemnere,

1748 1166 1891 1233 Quin
1911 1167 2076 1222 etiam
2101 1178 2233 1238 puto
2257 1170 2451 1236 Deum,
2474 1171 2566 1241 qui
2592 1171 2857 1226 bonorum
2878 1171 3121 1225 omnium
3142 1172 3322 1227 scien-

1750 1258 1880 1312 tiam
1910 1268 2080 1323 tenet,
2112 1260 2517 1330 sapientissimo
2554 1261 2784 1315 consilio
2820 1261 3081 1315 [Sraelitis
3125 1277 3191 1315 eo
3229 1276 3349 1329 ρος--

1748 1346 2022 1401 tissimum
2086 1356 2332 1418 tempore
2375 1349 2701 1413 molestam,
2756 1365 2819 1403 ac
2863 1364 2972 1403 non
3042 1348 3323 1404 ferendam

1747 1436 2125 1510 Egyptiorum
2163 1439 2445 1495 hominum
2472 1440 2735 1496 saevitiam
2773 1440 3064 1495 immisisse
3098 1449 3159 1495 ut
3187 1422 3346 1509 faci-'_

1745 1527 1828 1583 les
1854 1538 2039 1584 essent
2063 1529 2130 1585 ad
2164 1529 2379 1602 fugam,
2428 1546 2606 1600 neque
2637 1529 3038 1585 consuetudine
3066 1531 3319 1600 voluptao

1747 1627 1865 1673 tum
1903 1620 2093 1685 illecti,
2149 1623 2453 1691 pertinaces
2497 1638 2560 1676 ac
2599 1620 2845 1676 difficiles
2890 1620 3184 1676 admodum
3221 1621 3319 1677 fic-

1746 1718 1888 1776 rent,
1941 1719 2104 1781 atque
2138 1712 2303 1777 illius,
2342 1713 2436 1782 qui
2470 1712 2538 1768 ad
2578 1712 2883 1767 libertatem
2922 1721 3163 1776 vocaret,
3195 1726 3321 1782 gra-

1747 1801 1879 1856 tiam
1910 1800 2393 1871 parvipendentes,
2445 1798 2659 1873 Egypti
2684 1799 3004 1854 servitutem
3043 1806 3236 1868 sponte
3257 1813 3322 1851 ac

123 1871 196 1926 καὶ
222 1871 335 1941 γοῦν
356 1872 723 1944 ἀσμενέστατα
764 1878 864 1949 τῆς
887 1879 994 1933 τῶν
1021 1882 1187 1936 πάλαι
1224 1885 1630 1957 τετυραννευκό-

1746 1891 1984 1947 libenter
2022 1891 2482 1961 amplexarentur,
2528 1871 2651 1944 cum
2696 1890 2843 1943 illam
2868 1885 3153 1959 praesentis
3184 1892 3339 1939 tem-7

124 1980 205 2015 των
230 1963 513 2029 πλεονεξίας
539 1968 905 2035 ὲκδεδυκότες,
929 1972 1276 2045 αὐλιζόμενοι
1299 1993 1357 2030 τε
1384 1977 1522 2032 κατὰ
1542 1977 1641 2049 τὴν

121 2051 302 2124 ίρημον,
323 2054 410 2108 καὶ
428 2055 495 2110 τὰ
514 2057 724 2113 ἄνωθέν
748 2078 806 2114 τε
836 2061 929 2115 καλ⁵
958 2062 1019 2128 ἐξ
1046 2063 1276 2135 ούρανοῦ
1310 2066 1636 2138 σιτούμενοι,

120 2145 194 2214 τὴν
210 2144 289 2198 τοῦ
313 2145 477 2216 μάννα
511 2150 779 2221 χορηγίαν
810 2153 972 2226 φημὶ,
1005 2153 1106 2225 τῆς
1135 2155 1194 2208 ὲν
1220 2156 1481 2229 Δίγύπτῳ
1509 2176 1640 2230 τρυ-

120 2232 199 2303 φῆς
248 2234 334 2287 ούκ
401 2235 667 2309 ἀδακρυτὶ
747 2243 1201 2314 μνημονεύουσιν.
1291 2248 1640 2304 Ἐκτεθνάναι

121 2323 295 2392 μᾶλλον,
330 2326 400 2391 ὡς
421 2322 490 2400 ἦν
534 2328 601 2401 δή
644 2349 748 2385 που
789 2334 939 2405 παρά
977 2334 1112 2391 πολὺ
1156 2338 1404 2407 κρεῖττόν
1444 2356 1505 2393 τε
1537 2341 1633 2395 καὶ

117 2415 291 2484 ἄμεινον
310 2418 499 2484 αὐτοῖς,
524 2423 649 2486 ταῖς
670 2422 728 2475 ὲν
754 2423 1014 2498 Αἰγύπτῳ
1041 2428 1339 2499 τραπέζαις
1366 2430 1636 2485 ὲνσπατα-

117 2507 296 2572 λῶντας,
323 2509 398 2563 ἔτι
434 2512 849 2585 διατεινόμενοι,
898 2518 992 2571 καὶ
1023 2519 1399 2591 μειρακιωδῶς
1442 2522 1637 2576 ἀνακε-

117 2595 357 2663 κραγότεςο
390 2618 409 2651 ι
440 2601 674 2671 Ὄφελον
702 2605 1045 2678 ἀπεθάνομεν
1073 2610 1370 2681 πληγέντες
1396 2611 1500 2664 ὑπὸ
1523 2613 1636 2665 Ku-

115 2685 202 2753 ρίου
228 2688 276 2739 ὲν
302 2689 579 2763 Αἰγύπτῳ,
612 2694 744 2750 ὅταν
776 2696 1108 2769 ὲκαθίσαμεν
1136 2700 1359 2755 ἐπὶτῶν
1384 2702 1629 2771 λεϐήτων

112 2776 194 2830 τῶν
217 2781 372 2850 κρεῶν
400 2786 492 2837 καὶ
522 2785 788 2857 ἡσθίομεν
811 2790 1009 2861 ἄρτους
1030 2792 1110 2855 εἰς
1129 2792 1465 2864 πλησμονήν.
1502 2813 1519 2845 ι

1739 1981 1889 2052 poris
1922 1980 2349 2037 oblectationem
2378 1980 2591 2051 exiguis
2614 1993 3009 2047 nonnunquam
3033 1975 3318 2030 laboribus

1739 2072 2115 2136 anteferrent,
2163 2072 2274 2126 imo
2310 2087 2443 2126 vero
2481 2070 2646 2125 etiam
2688 2069 2821 2139 ipsis
2865 2068 2961 2122 Dei
3006 2066 3290 2121 beneficiis

1739 2161 2141 2241 exoptatiorem
2183 2160 2578 2215 existimarent.
2611 2144 2797 2228 Itaque
2834 2158 2964 2212 licet
2991 2159 3102 2228 jam
3132 2156 3325 2210 liben-

1741 2252 1949 2307 tissime
1972 2268 2040 2306 ex
2058 2252 2149 2305 illa
2174 2251 2463 2320 iniquitate
2488 2259 2734 2305 veterum
2761 2248 3106 2303 dominorum
3129 2261 3313 2301 emer-

1742 2340 1964 2406 sissent,
1984 2349 2040 2394 et
2074 2340 2131 2396 in
2159 2355 2347 2395 eremo
2380 2339 2503 2394 fixis
2539 2338 2795 2394 tentoriis
2840 2344 3211 2398 morarentur,
3258 2342 3314 2389 et

1739 2446 1980 2501 superno
2003 2431 2328 2501 coalitusque
2352 2430 2478 2485 dato
2507 2430 2632 2485 cibo
2668 2437 3045 2492 vescerentur,
3090 2440 3318 2489 manna,

1736 2518 1979 2589 inquam,
2028 2519 2143 2584 illo,
2180 2520 2325 2590 quod
2358 2520 2578 2590 COpiose
2614 2519 2979 2591 praebebatur,
3034 2518 3182 2571 illam
3227 2526 3310 2571 ta-

1735 2627 1861 2667 men
1884 2611 1941 2666 in
1962 2610 2195 2683 Egypto
2215 2612 2549 2682 voluptatem
2580 2626 2690 2665 non
2721 2610 2840 2665 sine
2875 2609 3127 2680 lacrymis
3158 2622 3311 2662 com-

1735 2710 2062 2767 memorant,
2116 2702 2328 2757 scilicet
2378 2710 2673 2771 querentes
2732 2700 2906 2754 multo
2958 2700 3063 2754 sibi
3114 2697 3317 2753 melius

1735 2794 1923 2861 fuisse,
1952 2794 1997 2849 si
2027 2803 2140 2848 tum
2164 2802 2348 2849 essent
2386 2793 2611 2858 mortui,
2647 2808 2772 2847 cum
2801 2793 2859 2846 in
2890 2790 3107 2863 Egypti
3152 2806 3311 2845 men-

111 2884 167 2924 διε
214 2870 624 2932 luxuriarentur.
666 2880 853 2951 itaque
895 2898 1107 2937 summa
1168 2886 1517 2941 contentione
1554 2900 1708 2940 more
1745 2901 2041 2954 puerorum
2080 2885 2559 2941 vociferabantur:
2592 2903 2610 2936 ι
2649 2885 2866 2941 Utinam
2915 2885 3115 2939 mortui
3159 2901 3323 2941 esse--

110 2974 203 3014 mus
226 2966 452 3031 percussi
499 2983 529 3021 a
580 2967 811 3025 Domino
862 2972 917 3027 in
954 2972 1206 3045 Egypto,
1238 2976 1458 3044 quando
1520 2974 1850 3030 sedebamus
1874 2990 2043 3046 super
2064 2976 2200 3029 ollas
2242 2975 2513 3038 carnium,
2550 2983 2607 3029 et
2669 2972 3092 3029 comedebamus
3110 2986 3329 3042 panem.

108 3054 150 3108 in
169 3057 419 3117 saturitate
442 3061 514 3115 "i
557 3080 576 3113 ι

91 3151 95 3156 ’
159 3172 337 3227 ΠΑΛΛ.
363 3169 433 3228 Εὖ
462 3174 669 3245 λέγεις.

159 3281 294 3337 ΚΥΡ.
326 3282 531 3340 Οὐκοῦν
558 3284 638 3350 ὡς
664 3287 935 3357 ἀναγκαία
959 3307 1042 3353 τις
1074 3288 1255 3343 ἔσοιτο
1279 3290 1416 3362 πρὸς
1444 3290 1628 3344 εύπεί-

112 3366 225 3424 θειαν
269 3371 450 3437 αὐτοῖς
492 3376 525 3445 ἡ
585 3374 1033 3447 θαυματουργία,
1082 3377 1287 3448 Μωσῆς
1337 3378 1626 3448 ἠπίστατο.

110 3458 344 3533 Τοιγάρτοι
372 3466 563 3535 φησιν·
594 3486 614 3519 ι
657 3468 785 3522 Ἐἀν
814 3468 887 3540 μὴ
911 3470 1273 3524 είσακούσωσί
1301 3487 1402 3541 μου
1424 3469 1628 3542 (ἐροῦσι

110 3547 291 3618 rimis;
306 3553 412 3607 Οὐκ
440 3549 623 3608 ὦπταί
649 3558 775 3610 σοιό
798 3556 975 3627 Θεὸς),
996 3557 1048 3611 τί
1064 3558 1176 3628 ὲρῶ
1190 3558 1324 3629 πρὸς
1346 3557 1576 3625 αύτούς;
1603 3579 1621 3611 ι

116 3636 160 3691 ’0
178 3640 223 3693 δέ
246 3658 301 3710 γε
322 3644 425 3699 τῶν
448 3645 589 3701 ὅλων
618 3646 750 3709 Θεὸς
785 3648 1072 3720 μελέτησιν
1098 3648 1288 3721 ὥσπερ
1306 3650 1429 3705 τινὰ
1454 3654 1626 3705 ποιεῖ-

110 3724 203 3781 σθαι
228 3729 281 3783 τὺ
309 3730 485 3805 θαῦμα
513 3736 860 3807 παραχρῆμα
906 3736 1268 3792 διεκελεύετο·
1301 3740 1629 3810 προαναπεί-

109 3815 205 3882 θων,
242 3816 399 3892 οἶμαι,
432 3828 501 3897 τῇ
536 3825 709 3898 πείρᾳ
745 3827 837 3881 τὸν
880 3828 1226 3900 λειτουργὸν,
1259 3830 1341 3883 ὅτι
1373 3830 1467 3884 καὶ
1514 3832 1627 3894 τοῖς

107 3904 244 4005 ἄλλοις
282 3912 444 4005 diruet
486 3915 745 4005 καθάπερ
789 3918 938 3989 αὐτῷ
986 3919 1124 3991 πρὸς
1158 3918 1382 3988 ἔνδειξιν
1423 3921 1624 3993 ἀκριϐῆ

104 3998 175 4046 τοῦ
200 3998 469 4071 κεκλῆσθαι
520 4004 679 4075 παρά
717 4006 876 4069 Θεοῦ,
904 4006 1124 4077 διαρκὲς
1150 4006 1303 4061 ἔσται
1326 4007 1389 4061 τὸ
1413 4008 1625 4079 δρώμε-

106 4101 201 4138 νον·
238 4090 323 4143 καλ⁵
364 4093 603 4163 ἁρμόσαι
638 4094 748 4167 γάρ
795 4097 860 4150 ἂν
907 4097 1005 4169 οὑχ
1049 4097 1219 4170 ἑτέρῳ
1247 4099 1307 4152 τὸ
1359 4099 1619 4171 μεθιστᾷν

104 4173 315 4235 δύνασθαι
343 4184 447 4237 τῶν
472 4185 647 4241 ὄντων
670 4188 769 4251 τάς
800 4187 995 4257 φύσεις
1025 4189 1162 4260 πρὸς
1185 4191 1323 4261 ὅπερ
1347 4191 1413 4245 ἂν
1449 4190 1625 4246 ἕλοιτο

102 4268 244 4337 τυχὸν,
274 4273 402 4345 πλὴν
436 4276 519 4331 δτι
565 4279 665 4331 καὶ
706 4279 851 4349 μόνῳ
887 4279 965 4351 τῷ
1014 4282 1230 4335 πάντων
1271 4282 1622 4354 Δημιουργῷ,

102 4359 289 4428 μήνυσιν
311 4365 364 4419 δὲ
398 4367 591 4441 ὥσπερ
620 4373 720 4441 τῆς
746 4371 836 4426 διὰ
872 4370 1112 4444 Χριστοῦ
1139 4374 1414 4447 σωτηρίας
1444 4376 1624 4444 αἰνιγ-

103 4453 715 4550 μξιτιυδῶςᾼτὺπαράδοξον
746 4458 805 4516 εὖ
835 4463 980 4533 μάλα
1004 4464 1194 4527 τιθείς.
1214 4465 1483 4535 Ὀψόμεθα
1511 4467 1622 4537 γὰρ

97 4541 173 4609 τῆς
199 4541 250 4597 ὲν
277 4547 418 4620 αύτῷ
449 4551 801 4623 ἀνθρωπείας
834 4554 1050 4621 φύσεως
1073 4555 1164 4609 τὸν
1191 4557 1271 4621 εἰς
1303 4556 1363 4609 τὸ
1395 4557 1622 4627 ἀρχαῖον

98 4628 418 4719 ᾲναπλασμδν,
449 4643 545 4697 καὶ
589 4643 691 4716 τὴν
720 4646 884 4700 οἱονεὶ
926 4647 1372 4719 μεταμόρφωσιν,
1413 4648 1513 4719 τὴν
1539 4650 1621 4711 εἰς

97 4718 201 4812 δτεερ
223 4722 353 4798 ἦμεν
387 4734 445 4787 ὲν
484 4735 681 4808 Ἀδὰμ,
718 4737 882 4802 εὐθὺς
910 4740 991 4803 είς
1020 4718 1081 4793 τδ
1111 4718 1248 4793 εἶναι
1277 4718 1618 4812 παρενηνεγ-

102 4809 235 4915 μίνοι,
256 4816 404 4892 δόξης
424 4840 484 4876 τε
522 4823 679 4880 οὔπω
718 4826 815 4896 τῆς
859 4826 1063 4881 ἀνωθεν
1092 4829 1189 4882 καὶ
1222 4809 1496 4899 ἁγιασμοῧ
1529 4846 1617 4900 τη·

97 4914 303 4972 τωμενοι.

1650 3182 1695 3243 c
1796 3175 1991 3231 PALL.
2022 3174 2135 3246 68
2156 3173 2322 3228 Recte
2355 3171 2513 3225 dicis.

1797 3288 1957 3343 CYR.
1975 3286 2095 3341 Non
2122 3293 2242 3341 erat
2274 3284 2442 3357 igitur
2468 3283 2676 3355 Moyses
2697 3284 2940 3353 ignarus,
2974 3280 3121 3335 illam
3145 3278 3309 3333 mira-

1729 3378 1978 3434 culorum
1999 3374 2465 3446 perpetrationem
2495 3371 2863 3428 necessariam
2912 3369 3049 3433 fore,
3090 3383 3196 3438 qua
3236 3366 3301 3422 il-

1730 3470 1909 3525 lorum
1938 3466 2110 3522 animi
2152 3466 2221 3521 ad
2253 3465 2471 3521 facilius
2515 3460 3008 3534 obtemperandum
3061 3458 3303 3514 adduce-

1730 3574 1918 3615 rentur
1955 3577 1968 3613 :
2009 3559 2194 3628 itaque
2224 3557 2343 3612 ait:
2385 3576 2403 3607 ι
2444 3555 2502 3611 Si
2529 3570 2640 3609 non
2665 3553 2950 3608 audierint
2972 3549 3309 3616 me;dicent

1728 3650 1874 3706 enim
1913 3648 2073 3702 :Non
2129 3646 2382 3717 apparuit
2434 3645 2536 3700 tibi
2587 3644 2772 3710 Deus;
2812 3639 2947 3713 quid
3001 3640 3179 3695 dicam
3236 3638 3304 3692 ad

1729 3758 1826 3798 eos
1846 3742 1931 3795 “?
1957 3760 1975 3793 ι
2006 3739 2113 3795 Sed
2136 3739 2520 3793 universorum
2548 3732 3028 3790 Deusmiraculum
3048 3729 3185 3784 illud
3213 3745 3327 3786 τοι»

1729 3835 1813 3889 lut
1868 3830 2278 3888 exercitationis
2325 3827 2608 3899 cujusdam
2650 3826 2772 3881 loco
2812 3824 2992 3879 facere
3045 3820 3307 3877 continuo

1721 3924 1905 3996 jussit,
1927 3938 1990 3978 ea
2021 3921 2090 3977 de
2125 3936 2308 3985 causa,
2329 3919 2435 3974 nisi
2456 3919 2633 3983 fallor,
2666 3925 2726 3972 ut
2755 3916 2908 3985 prius
2930 3913 3321 3984 experimento

1725 4014 1846 4084 ipso
1880 4013 2139 4084 probaret
2163 4026 2263 4066 suo
2289 4008 2509 4071 cultori,
2536 4016 2597 4062 ut
2617 4006 2763 4077 apud
2788 4020 2868 4069 se,
2898 4004 2978 4059 sic
3007 4000 3151 4072 apud
3180 4017 3300 4055 om-

1726 4120 1831 4160 nes
1856 4105 2013 4169 alios,
2036 4118 2153 4157 rem
2177 4102 2326 4156 illam
2349 4108 2555 4171 gestam
2586 4098 2719 4151 satis
2744 4093 3051 4166 argumenti
3078 4091 3300 4146 habitu-

1727 4211 1865 4259 ram,
1883 4210 1993 4264 quo
2021 4208 2079 4248 se
2109 4208 2137 4246 a
2169 4192 2282 4245 Deo
2300 4198 2551 4244 vocatum
2575 4186 2743 4241 fuisse
2772 4182 3078 4240 certissime
3111 4188 3305 4236 osten-

1725 4287 1986 4353 deretur;
2024 4299 2202 4354 neque
2232 4282 2381 4336 enim
2417 4279 2484 4334 ad
2524 4279 2757 4333 alterum
2793 4273 3126 4346 quempiam,
3158 4288 3297 4341 pra:-

1727 4386 1973 4448 terquam
1990 4375 2057 4430 ad
2086 4389 2256 4428 unum
2277 4380 2599 4427 cunctarum
2642 4382 2831 4422 rerum
2868 4364 3132 4435 Opificem
3172 4378 3301 4432 per-

1728 4468 1925 4531 tinere,
1959 4480 2119 4537 posse
2138 4478 2320 4518 rerum
2345 4471 2617 4523 naturam,
2662 4459 2719 4512 in
2745 4471 2911 4527 quam
2947 4454 3080 4509 velit
3108 4454 3293 4517 aliam,

1724 4561 2035 4615 immutare.
2065 4555 2239 4611 Simul
2264 4555 2427 4609 etiam
2458 4551 2689 4622 ﬁgurare
2727 4565 2844 4604 rem
2876 4548 3024 4601 illam
3061 4543 3300 4599 admira-

1726 4648 1894 4703 bilem
1921 4662 2019 4718 pro
2042 4644 2245 4699 indicio
2276 4658 2397 4698 esse
2426 4641 2600 4695 voluit
2637 4636 2830 4694 salutis
2856 4636 3026 4699 illius,
3059 4648 3180 4704 qua:
3202 4647 3299 4703 per

1723 4739 2003 4795 Christum
2032 4734 2320 4791 tribuenda
2350 4733 2509 4789 nobis
2541 4738 2696 4787 erat:
2728 4730 2784 4784 in
2808 4744 2874 4783 eo
2899 4727 3046 4782 enim
3076 4722 3301 4795 perspi-

1723 4829 1932 4883 ciemus
1986 4822 2451 4896 quemadmodum
2490 4820 2743 4874 humanae
2793 4824 3004 4869 natura:
3046 4808 3295 4880 quaedam

1722 4920 1793 4973 sit
1815 4918 1871 4973 in
1895 4917 2184 4987 antiquum
2228 4924 2425 4970 statum
2464 4912 2605 4967 facta
2634 4906 2969 4968 reformatio,
3019 4918 3082 4957 ac
3123 4898 3309 4953 velutiz

97 4996 445 5069 imMﬂguratio
489 5006 549 5061 in
573 5023 695 5063 eam
732 5009 1132 5075 conditionem,
1173 5027 1279 5082 qua
1325 5028 1543 5069 eramus
1578 5015 1634 5068 in
1672 5012 1868 5076 Adam,
1928 5026 2054 5067 cum
2099 5010 2337 5080 primum
2361 5023 2393 5062 a
2448 5007 2560 5061 Deo
2603 5001 2815 5059 conditi
2850 4998 3085 5058 fuimus,
3123 4991 3309 5063 gloria,

94 5097 349 5155 Supernaet
367 5098 658 5175 sanctitate
690 5102 936 5157 nondum
962 5103 1187 5158 amissa.

148 5197 323 5257 llAAA.
353 5206 475 5271 Πῶς
499 5207 669 5279 ἔφηςς
700 5210 1026 5283 ἀσυμφανὴς
1058 5211 1166 5283 γάρ
1194 5214 1224 5268 ὁ
1251 5212 1429 5281 λόγος·

145 5396 280 5454 ΚΥΡ.
324 5401 385 5456 ’Π
432 5405 631 5477 ῥάϐδος
695 5408 814 5479 ἢτοι
854 5411 915 5463 τὸ
959 5409 1237 5481 σκῆπτρον
1290 5411 1444 5481 ἡμῖν,
1492 5411 1615 5483 οὐχὶ

90 5485 322 5559 βλσιλείας
342 5496 613 5569 σύμϐολον
638 5502 723 5573 εῑη
751 5502 838 5569 ἂν,
872 5498 919 5557 ὦ
957 5503 1255 5570 Παλλάδιε;

146 5580 324 5640 "AM.
358 5589 505 5644 Πάνυ
543 5590 644 5663 μὲν
690 5588 802 5659 οὖν,
862 5595 1070 5648 ὲπείτοι
1119 5598 1211 5649 καὶ
1245 5596 1429 5668 ὅρκιον
1482 5596 1615 5650 αὐτὸ

147 5763 182 5794 ’³
205 5765 356 5827 Exod.
388 5790 494 5840 ιη,
536 5775 594 5829 '5.
695 5776 737 5808 "
767 5776 941 5833 Exod.
976 5794 1058 5847 tv,
1095 5780 1115 5833 l

1795 5211 1993 5266 PALL.
2025 5209 2272 5277 Quonam
2296 5206 2500 5261 modo?
2535 5198 2839 5259 obseuriori
2878 5196 3025 5251 enim
3063 5208 3124 5249 es
3165 5208 3290 5248 ora-

1725 5303 1871 5358 tione
1897 5317 2049 5356 usus.

1793 5415 1951 5471 CYR.
1995 5414 2157 5486 Virga
2220 5412 2311 5467 illa
2332 5452 2347 5475 ,
2380 5407 2609 5472 Palladi,
2643 5420 2739 5461 seu
2770 5411 3070 5472 sceptrum,
3106 5414 3303 5453 nonne-

1724 5506 1875 5576 rcgni
1903 5505 2113 5575 insigne
2142 5502 2347 5558 fuerit?

1792 5595 1990 5651 PALL.
2022 5595 2283 5660 Maxime;
2304 5606 2426 5646 nam
2447 5605 2545 5660 per
2570 5587 2703 5642 illud
2738 5587 2920 5658 iurare
2951 5582 3143 5638 solitos
3169 5595 3299 5636 esse-
