4076 6510
627 458 735 514 εὶίῦ

1660 442 1714 498 S.
1756 437 2031 497 CYRILLI
2068 408 2535 491 ALEXANDRINI
2574 407 2896 486 ARCHIEP.

3779 407 3890 468 εει
3925 445 3942 464 .

627 581 846 628 veteres
903 560 1217 631 nonnullos,
1270 564 1424 618 aiunt
1457 560 1494 614 ii
1529 558 1731 629 quibus
1764 556 2079 613 Graecorum
2125 565 2213 607 res

2340 545 2650 616 πεποιῆσθαί
2680 560 2810 615 φασι
2835 539 2945 594 τῶν
2969 533 3341 608 ἀρχαιοτέρων
3373 528 3544 596 τινας,
3579 526 3629 580 οί
3661 523 3732 581 τὰ
3769 525 3888 582 Ἐλ-

631 675 811 740 gestas
835 662 1094 718 laudibus
1126 657 1316 712 tollere
1343 653 1586 710 studium
1625 650 1729 705 fuit
1760 648 1858 722 (l).

703 755 860 812 CYR.
890 752 1032 820 Quid
1070 746 1315 804 deinde?
1342 760 1526 799 nonne
1561 741 1801 812 paradisi
1841 737 2066 808 stirpem
2091 747 2212 790 esse

635 846 843 909 fateris,
876 858 1018 913 quae,
1052 847 1346 908 antequam
1385 833 1714 897 crederetur,
1757 831 1812 884 in
1833 828 2010 885 hortis
2030 826 2211 897 pullu-

634 932 834 987 laverit
852 931 876 984 ’ί

705 1021 905 1077 PALL.
937 1021 1158 1075 Fateor.

707 1110 864 1166 CYR.
895 1110 1069 1179 Perge
1092 1121 1260 1170 nunc,
1311 1112 1475 1173 atque
1502 1101 1747 1157 animum
1782 1098 1926 1153 refer
1967 1096 2033 1151 ad
2066 1103 2216 1150 vete-

636 1219 752 1260 rem
777 1203 933 1256 illum
964 1199 1156 1263 Adam,
1180 1199 1236 1251 in
1266 1210 1442 1266 eoque
1467 1201 1726 1261 tanquam
1755 1189 1914 1244 initio
1941 1204 2005 1243 ac
2033 1187 2215 1242 radice

637 1296 855 1369 generis
881 1293 1076 1356 nostri,
1106 1290 1421 1344 universam
1462 1286 1750 1342 hominum
1785 1279 2075 1337 considera
2124 1295 2218 1332 na-

637 1398 822 1443 turam
857 1383 1087 1439 :adhaec
1126 1379 1260 1435 illud
1304 1394 1524 1449 quoque
1560 1377 1758 1447 cogita,
1807 1374 1961 1428 illum
2015 1371 2216 1425 factum

639 1479 809 1533 fuisse
847 1475 915 1531 ad
944 1474 1235 1545 imaginem
1261 1469 1577 1526 Conditoris
1606 1475 1770 1536 atque
1805 1464 2133 1535 perfectum,
2159 1468 2219 1515 ut

640 1569 874 1626 terrenis
911 1567 1078 1621 rebus
1107 1565 1423 1634 imperaret,
1461 1560 1736 1627 fuisseque
1760 1558 1813 1610 in
1839 1555 1936 1610 Dei
1967 1553 2221 1608 manibus

2312 641 2489 711 λήνων
2516 637 2704 708 ὑμνεῖν
2729 631 3003 694 εἰωθότες.

2380 731 2544 786 ΚΥΡ.
2582 729 2647 782 Τί
2681 729 2775 792 δέ;
2822 726 2943 796 οὐχὶ
2995 720 3321 793 παραδείσου
3370 716 3535 784 φυτὸν
3567 709 3707 768 εἶναι
3753 711 3888 784 φῄς,

2313 823 2408 877 καὶ
2440 819 2809 893 πρεσϐύτερον
2841 816 2942 886 τῆς
2984 811 3158 883 τομῆς
3178 851 3191 874 ,
3221 808 3282 861 τὸ
3314 807 3508 876 κήποις
3541 801 3892 874 ὲκτεθηλέναι

2312 914 2496 984 λαχεῖν
2517 929 2533 978 ;

2386 1001 2595 1056 nam.
2627 999 2794 1069 Φημί.

2386 1093 2552 1146 ΚΥΡ.
2591 1091 2695 1144 Ἴθι
2736 1089 2800 1158 δὴ
2842 1083 2935 1142 οῦν
2971 1089 3090 1150 ταῖς
3127 1085 3353 1147 ἐννοίαις
3405 1085 3498 1139 ἐπὶ
3535 1083 3628 1137 τὸν
3663 1083 3897 1153 ἀρχαῖον

2316 1188 2524 1241 ἐκεῖνον
2577 1183 2776 1252 Ἀδάμ·
2805 1182 2898 1234 καί
2927 1182 2984 1232 ὲν
3017 1180 3241 1249 ἀπαρχῇ
3274 1176 3367 1229 καὶ
3401 1172 3528 1245 ῥίζῃ
3557 1172 3650 1225 τοῦ
3703 1171 3898 1240 γένους

2318 1280 2448 1350 ὃλην
2463 1277 2651 1347 ὥσπερ
2684 1277 2741 1328 ἐν
2771 1272 2947 1343 ἑαυτῷ
2977 1267 3334 1338 καταλογίζου
3359 1266 3456 1338 τὴν
3477 1265 3895 1335 ἀνθρωπότητα.

2319 1370 2429 1425 Καὶ
2464 1369 2600 1441 πρός
2644 1384 2709 1436 γε
2745 1364 2904 1418 τοῦτο
2947 1361 3181 1425 διανοοῦ,
3214 1363 3296 1414 ὅτι
3325 1358 3588 1429 πεποίητο
3628 1357 3728 1426 μὲν
3775 1355 3898 1408 κατ’

2321 1463 2506 1517 είκόνα
2534 1459 2628 1514 τοῦ
2664 1458 2951 1520 κτίσαντος
2973 1495 2989 1520 ,
3020 1456 3276 1508 ἐτέτακτο
3319 1453 3376 1505 δὲ
3424 1450 3614 1521 ἄρχειν
3648 1448 3754 1501 τῶν
3803 1447 3897 1500 ἐπὶ

2321 1555 2450 1626 γῆς,
2476 1555 2570 1608 καὶ
2590 1549 2656 1624 ῆν
2673 1551 2862 1621 ὥσπερ
2891 1549 2950 1601 ὲν
2971 1548 3114 1620 χειρὶ
3137 1543 3295 1610 Θεοῦ,
3322 1543 3409 1597 διὰ
3431 1543 3528 1613 τῆς
3545 1528 3604 1594 ἐν
3637 1539 3900 1611 ἁγιασμῷ

639 1677 708 1718 eo
737 1661 876 1731 ipso,
907 1657 1052 1728 quod
1073 1657 1129 1709 in
1163 1631 1453 1710 sanctitate
1485 1650 1705 1706 vivebat
1737 1658 1794 1702 et
1821 1643 2221 1717 quodammodo

2340 1645 2492 1715 ζωῆς,
2526 1644 2620 1698 καὶ
2673 1641 2952 1712 μονονουχὶ
2983 1637 3310 1710 παραδείσου
3361 1636 3528 1705 φυτὸν
3572 1631 3797 1694 εὐανθές
3839 1647 3900 1684 τε

640 1751 878 1825 paradisi
909 1764 1131 1821 germen
1148 1745 1618 1806 ﬂorentissimum,
1646 1741 1809 1796 simul
1829 1748 1884 1794 et
1910 1737 2221 1810 generosis-

2340 1739 2417 1791 (αἱ
2434 1734 2842 1804 εὐγενέστατον.
2859 1729 3077 1801 Ἐπειδὴ
3103 1730 3160 1782 δὲ
3185 1731 3304 1792 ταῖς
3331 1728 3423 1780 τοῦ
3450 1727 3626 1796 ὄφεως
3653 1725 3901 1796 πικρίαις

643 1816 865 1901 simum.
897 1816 1004 1899 Dbi
1034 1854 1168 1895 vero
1199 1835 1474 1907 serpentis
1509 1833 1634 1889 felle
1672 1833 1937 1902 deceptus
1979 1830 2048 1883 ab
2075 1828 2220 1882 anti-

2340 1826 2793 1900 πεφενακισμένος
2817 1864 2832 1889 ,
2866 1820 3248 1894 παρεκομίσθη
3293 1820 3400 1873 τῶν
3448 1821 3506 1871 ὲν
3545 1819 3777 1888 ἀρχαῖς,
3809 1816 3904 1869 καὶ

643 1953 754 2009 quo
792 1942 941 1991 statu
973 1932 1246 1987 abductus
1266 1897 1370 1994 est,
1405 1936 1462 1984 et
1484 1926 1657 1982 divini
1693 1897 1937 1978 mandati
1972 1929 2224 1976 contem-

2340 1897 2426 1993 τῆς
2453 1919 2601 1983 θείας
2621 1897 2896 1988 ἀλογήσας
2926 1914 3144 1982 ἐντολῆς
3177 1913 3534 1981 κατεφωρᾶτο
3555 1909 3760 1971 λοιπὸν,
3781 1907 3904 1960 τότε

640 2024 1197 2100 ptor'deprebensus,
1226 2029 1341 2074 tum
1372 2032 1503 2071 vero
1529 2032 1560 2069 a
1590 2016 1696 2070 situ
1731 2028 1795 2067 ac
1826 2011 2008 2066 radice
2039 2010 2220 2080 priore

2340 2014 2416 2085 δὴ,
2457 2013 2579 2066 τότε
2622 2009 2914 2088 θέσεὼςτε
2950 2007 3045 2061 καὶ
3085 2005 3239 2076 ῥίζης
3263 2004 3361 2074 τῆς
3389 2001 3613 2074 πρώτης
3645 1997 3907 2053 ἀποσπώ-

641 2121 911 2184 divulsus,
945 2133 1014 2174 ex
1027 2117 1146 2188 ejus
1167 2128 1352 2176 manu,
1383 2127 1415 2165 a
1442 2125 1552 2179 quo
1582 2109 1636 2161 in
1671 2105 1954 2161 sanctitate
1983 2101 2226 2155 contine-

642 2213 826 2275 batur,
861 2209 1049 2278 lapsus
1062 2214 1167 2268 est,
1200 2213 1257 2259 et
1278 2203 1334 2256 in
1352 2210 1575 2263 terram,
1595 2199 1700 2252 hoc
1716 2208 1820 2260 est,
1849 2195 1918 2249 ab
1942 2194 2030 2248 illa
2045 2195 2223 2246 virtu-

647 2304 727 2359 tis
751 2300 1090 2358 sublimitate
1119 2295 1348 2359 decidit,
1382 2303 1438 2348 et
1457 2307 1700 2361 eousque
1723 2288 1955 2359 reptavit
1977 2285 2224 2341 imbecil-

643 2394 736 2449 lus
766 2400 823 2447 et
850 2391 1136 2460 languens,
1170 2397 1232 2442 ut
1279 2383 1521 2441 carnalia
1567 2396 1759 2451 sapere
1811 2378 1997 2441 vellet,
2028 2384 2082 2431 et
2117 2377 2226 2447 iam

647 2495 866 2537 summa
890 2477 1138 2547 nequitia
1169 2475 1468 2537 laboraret,
1503 2486 1606 2526 nec
1628 2469 1738 2540 69
1766 2465 2105 2536 meoiudicio
2132 2463 2230 2518 ali-

648 2571 783 2642 quid
829 2586 860 2626 a
892 2577 1149 2639 serpente
1181 2567 1432 2622 distaret.
1488 2564 1566 2618 lta
1619 2576 1787 2632 regno
1830 2568 1886 2613 et
1931 2574 1994 2612 ea
2033 2556 2226 2627 gloria,

651 2678 816 2734 quam
857 2678 892 2719 a
918 2660 1192 2732 principio
1234 2664 1504 2720 tenuerat,
1552 2653 1817 2724 spoliatus
1853 2658 1957 2713 est,
1999 2649 2164 2703 etiam
2199 2663 2228 2702 e

648 2748 907 2828 paradiso
936 2769 1000 2808 ac
1031 2750 1244 2806 deliciis
1281 2750 1510 2820 eiectus.
1541 2747 1624 2800 An
1653 2760 1783 2799 vero
1815 2758 1926 2796 non
1972 2741 2027 2795 id
2071 2742 2230 2796 nobis

649 2845 848 2902 beatus
881 2844 1092 2915 Moyses
1122 2840 1260 2894 dixit
1279 2839 1302 2892 ?

721 2933 1090 2994 PALL.Dixit
1129 2932 1219 2986 ille
1259 2929 1502 3001 quidem.

719 3025 880 3081 (ΠΒ.
901 3025 1018 3079 Jam
1031 3037 1162 3076 vero
1187 3021 1490 3090 legislator,
1527 3031 1652 3071 cum
1679 3015 1748 3069 ad
1778 3029 1898 3068 eam
1929 3011 2230 3083 nequitiam

651 3132 781 3174 eum
809 3115 1141 3187 perductum
1185 3111 1423 3175 videret,
1459 3108 1662 3178 refugit
1701 3105 2129 3176 quodammodo,
2176 3113 2234 3158 et

650 3210 868 3274 vitium,
899 3205 1044 3277 quod
1079 3204 1136 3257 in
1158 3202 1437 3266 eoinerat,
1463 3200 1874 3264 detestabatur;
1913 3197 2050 3269 fugit
2074 3212 2231 3251 nam-

652 3316 760 3372 que
787 3306 1042 3368 serpente
1070 3297 1284 3366 Moyses
1311 3293 1524 3362 abieeto
1553 3309 1565 3344 :
1595 3291 1861 3359 scriptum
1890 3297 2073 3343 autem
2102 3287 2236 3358 legi-

651 3406 777 3446 mus
805 3407 818 3443 :
858 3408 875 3441 ι
902 3388 1136 3444 Sanctus
1164 3385 1404 3456 Spiritus
1434 3381 1716 3452 sapientiae
1749 3380 1920 3451 fugiet
1948 3380 2159 3443 dolum,
2182 3388 2239 3434 et

652 3478 969 3544 auferetse
1021 3491 1053 3531 a
1106 3472 1534 3545 cogitationibus
1577 3487 1702 3541 qua:
1747 3479 1875 3526 sunt
1920 3471 2038 3524 sine
2080 3470 2240 3525 intel-

654 3571 808 3626 lectu
828 3571 892 3624 ".
929 3589 947 3620 ι
979 3568 1170 3638 Neque
1199 3567 1346 3621 enim
1391 3564 1689 3619 convenire
1720 3578 1964 3633 unquam
1996 3562 2140 3615 inter
2182 3578 2240 3617 se

655 3670 887 3734 possunt
907 3660 1266 3716 sanctiﬁcatio
1297 3666 1352 3714 et
1374 3658 1744 3722 immunditia,
1779 3657 1874 3711 lux
1899 3665 1954 3712 ct
1977 3657 2237 3722 tenebrae,

654 3755 870 3828 iustitia
894 3761 950 3810 et
983 3754 1274 3824 iniustitia.

665 3873 670 3877 -
729 3845 926 3902 PALL.
957 3845 1035 3899 lta
1056 3853 1159 3899 est.

655 3960 659 3963 π
729 3935 888 3994 CYR.
916 3935 1072 4002 Quod
1115 3935 1282 4006 igitur
1311 3935 1378 3989 de
1408 3950 1572 4004 manu
1615 3934 1780 4006 Moysi
1821 3937 1971 4006 virga
2019 3936 2238 4000 cecidit,

659 4027 891 4083 fortasse
934 4025 1067 4080 illud
1109 4023 1400 4096 significet,
1435 4025 1714 4079 hominem
1749 4026 1904 4080 illum
1943 4025 2147 4080 factum
2173 4026 2241 4079 ad

659 4117 956 4188 imaginem
994 4117 1111 4183 Dei,
1138 4118 1308 4172 fuisse
1348 4117 1416 4170 ab
1444 4116 1602 4170 initio
1629 4117 1867 4186 paradisi
1899 4118 2162 4187 plantam,
2189 4125 2243 4173 et

659 4211 718 4266 in
767 4210 859 4264 illa
894 4211 1042 4280 regni
1061 4211 1233 4281 gloria
1260 4227 1323 4264 ac
1339 4210 1435 4264 Dei
1464 4225 1629 4263 manu
1662 4211 2244 4278 positum;eumdem-

660 4316 767 4369 que
799 4299 1012 4369 lapsum
1042 4301 1097 4354 in
1143 4310 1362 4364 terram,
1404 4316 1532 4370 quia
1579 4301 1837 4354 maluerit
1868 4303 2106 4355 carnalia
2155 4317 2244 4356 sa-

659 4406 811 4460 pere,
844 4400 899 4444 et
927 4399 1150 4461 propter
1183 4407 1453 4446 summam
1497 4391 1877 4457 acerbitatem,
1932 4393 2246 4448 Divinitatis
2285 4381 2288 4414 ³

663 4485 837 4554 ipsius
861 4485 1036 4539 oculis
1059 4485 1231 4538 instar
1253 4484 1527 4554 serpentis
1557 4483 1745 4536 fuisse.
1778 4483 1883 4538 Sed
1914 4493 2244 4554 prazceptum

2334 2121 2521 2176 μενος,
2556 2103 2653 2172 τῆς
2700 2100 2795 2155 τοῦ
2838 2099 3152 2170 συνέχοντος
3195 2099 3275 2160 είς
3325 2094 3593 2166 ἀγιασμδν
3627 2093 3904 2148 ἀπώλισθε

2332 2195 2534 2268 χειρὸς,
2580 2194 2673 2248 καὶ
2716 2192 3151 2246 καταπέπτωκεν
3193 2191 3273 2253 είς
3306 2191 3429 2260 γῆν,
3467 2186 3606 2240 τοῦτ’
3637 2186 3811 2250 ἐστιν,
3845 2188 3908 2239 ὲκ

2332 2284 2440 2338 τῶν
2486 2284 2583 2354 τῆς
2636 2283 2838 2355 ἀρετῆς
2887 2279 3230 2352 ὐψωμὰτων,
3281 2279 3377 2332 καὶ
3431 2276 3909 2347 καταπεφοίτηκεν

2333 2373 2580 2444 ἀδρανῶς
2609 2373 2686 2435 είς
2709 2370 2770 2425 τὸ
2799 2374 3014 2443 φρονεῖν
3043 2369 3258 2423 ἑλέσθαι
3280 2367 3350 2422 τὰ
3376 2368 3634 2439 σαρκικὰ,
3672 2367 3911 2438 ἄκρατον

2334 2465 2435 2536 ῆδη
2466 2481 2571 2517 που
2605 2465 2839 2533 νοσήσας
2869 2463 2968 2534 τὴν
2991 2461 3282 2532 πονηρίαν,
3313 2458 3408 2513 καὶ
3430 2455 3911 2528 δφεως,οἷμαι,δι-

2335 2555 2572 2625 ενεγκὼν
2598 2555 2769 2610 οὐδέν.
2789 2552 3194 2624 Ἀπεγυμνοῦτο
3230 2551 3287 2604 δὲ
3320 2551 3462 2603 οὕτω
3497 2549 3781 2619 βασιλείας
3821 2550 3913 2602 καὶ

2335 2650 2493 2721 δόξης
2516 2649 2614 2719 τῆς
2642 2649 2698 2701 ὲν
2724 2649 2919 2719 ἀρχαῖς
2939 2688 2954 2712 ,
2992 2645 3331 2716 ἑξεπέμπετό
3353 2661 3413 2696 τε
3442 2643 3771 2714 παραδείσου
3817 2643 3913 2697 καὶ

2335 2741 2569 2812 τρυφῆς.
2615 2741 2685 2792 Ἢ
2726 2739 2834 2810 γὰρ
2864 2739 2983 2809 οὐχί
3010 2739 3168 2792 ταυτὶ
3211 2735 3348 2809 πρὸς
3382 2737 3528 2807 ἡμᾶς
3572 2737 3601 2788 ὁ
3628 2733 3772 2797 θεῖος
3811 2733 3914 2805 ἔφη

2336 2833 2571 2902 Μωσῆςς

2410 2927 2618 2980 ΠΑΛΛ.
2665 2927 2809 2996 Ἔφη
2843 2925 2951 2997 γὰρ
2975 2922 3088 2978 οὖν.

2409 3017 2573 3071 ΚΥΡ.
2609 3015 2968 3086 Κατηγμένον
2996 3015 3052 3067 δὲ
3084 3012 3184 3083 ἤδη
3221 3010 3357 3082 πρὸς
3390 3009 3548 3064 τοῦτο
3582 3008 3918 3080 φαυλότητος

2337 3108 2366 3159 ὁ
2409 3105 2707 3176 νομοθέτης
2762 3104 2922 3176 ὁρῶν,
2963 3103 3174 3174 ἀπέδρα
3209 3101 3409 3174 τρόπον
3464 3099 3618 3165 τινὰ,
3673 3100 3769 3153 καὶ
3816 3099 3916 3168 τὴν

2339 3197 2564 3251 ἐνοῦσαν
2583 3195 2730 3267 αὐτῷ
2756 3197 3016 3266 πονηρίαν
3047 3193 3503 3264 κατεμυσὰττετο.
3539 3192 3788 3260 Πὲφευγε
3808 3191 3919 3260 γὰρ

2339 3289 2368 3340 ὁ
2395 3289 2622 3358 Μωσῆς,
2645 3287 2736 3341 τὸν
2759 3288 2882 3356 ὅφιν
2904 3287 3084 3356 ἀφείς.
3118 3286 3428 3355 Γέγραπται
3454 3282 3533 3347 δὲ,
3565 3285 3648 3336 ὃτι
3675 3302 3694 3334 ι
3725 3283 3918 3350 ’Ἂγιον

2339 3381 2565 3451 Πνεῦμα
2593 3379 2780 3449 σοφίας
2825 3379 3080 3448 φεύξεται
3109 3378 3280 3440 δόλον,
3307 3377 3401 3430 καὶ
3417 3376 3780 3445 ἀναστήσεται
3810 3375 3925 3427 ἀπὸ

2341 3472 2619 3544 λογισμῶν
2677 3470 2972 3525 ἀσυνέτων.
3037 3489 3056 3522 ι
3126 3468 3443 3538 Ἀσύμϐατα
3498 3466 3608 3537 γὰρ
3667 3465 3921 3536 ἀλλήλοις

2342 3565 2617 3637 ἁγιασμὸς
2646 3564 2740 3618 καὶ
2760 3561 3092 3633 ἀκαθαρσία,
3130 3559 3246 3630 φῶς
3277 3576 3335 3612 τε
3359 3558 3455 3611 καὶ
3479 3557 3688 3620 σκότος,
3717 3556 3925 3609 δικαιο-

2343 3657 2475 3712 σύνη
2509 3655 2605 3709 καὶ
2635 3654 2841 3708 ἀδικία.

2416 3840 2623 3895 nam.
2661 3839 2904 3918 Ἀληθές.

2414 3933 2578 3986 ΚΥΡ.
2618 3931 2690 3984 Τὸ
2715 3931 2894 3984 τοίνυν
2927 3931 3200 3984 ἀποπέσαι
3229 3927 3409 3998 χειρὸς
3435 3927 3534 3994 τῆς
3557 3924 3801 3988 Μωσέως
3823 3923 3929 3995 τὴν

2347 4024 2560 4095 ῥάϐδον,
2601 4023 3039 4092 κατασημήνειεν
3084 4021 3168 4086 ἂν,
3208 4021 3284 4083 ὼς
3327 4019 3394 4089 ἦν
3424 4021 3480 4072 ὲν
3513 4019 3706 4088 ἀρχαῖς
3740 4017 3770 4068 ὐ
3799 4015 3930 4068 κατ’

2346 4115 2530 4168 εἰκόνα
2559 4113 2657 4185 τὴν
2687 4115 2833 4166 θείαν
2858 4111 3224 4182 πεποιημένος
3247 4109 3574 4180 παραδείσου
3615 4107 3801 4176 φυτὸν,
3827 4106 3924 4160 καὶ

2346 4209 2406 4260 ἐν
2437 4206 2561 4277 δόξῃ
2619 4206 2929 4276 βασιλείας,
2970 4205 3062 4258 καὶ
3117 4206 3174 4258 ὲν
3211 4203 3353 4274 χειρὶ
3399 4202 3492 4256 τοῦ
3530 4199 3878 4273 Δημιουργοῦ
3907 4215 3922 4230 ο

2347 4299 2650 4354 κατώλισθε
2693 4298 2748 4351 δὲ
2781 4300 2859 4361 εἰς
2896 4298 3020 4367 γῆν,
3055 4294 3143 4349 διὰ
3186 4295 3280 4349 τοῦ
3323 4295 3538 4366 φρονεῖν
3596 4290 3812 4345 ἑλέσθαι
3855 4289 3926 4342 τά

2350 4390 2606 4462 σαρκικὰ,
2659 4389 2752 4441 καὶ
2779 4387 2874 4441 διὰ
2911 4389 3009 4457 τῆς
3059 4389 3139 4450 είς
3172 4386 3340 4458 ἀκρον
3366 4383 3608 4455 ἡκούσης
3651 4381 3914 4454 πικρίας,

2348 4483 2469 4552 ὄφις
2507 4478 2573 4552 ἦν
2621 4479 2807 4550 ὥσπερ
2863 4496 2946 4541 τις
2993 4479 3106 4542 τοῖς
3147 4479 3246 4547 τῆς
3299 4476 3554 4546 θεότητος
3602 4473 3924 4543 ὀφθαλμοῖς.

663 4583 750 4629 est
777 4575 966 4645 Moysi,
997 4584 1057 4626 ut
1084 4591 1305 4628 manum
1336 4574 1675 4639 extenderet,
1715 4575 2054 4645 caudamque
2098 4577 2236 4631 illius

2362 4577 2498 4630 Ἀλλ’
2534 4572 2811 4627 ἐκελεύετο
2835 4570 3040 4641 Μωσῆς
3071 4572 3307 4624 ἐκτεῖναι
3345 4569 3443 4634 τὴν
3463 4565 3641 4638 χεῖρα,
3675 4566 3770 4617 καὶ
3807 4567 3930 4616 ἐπι-

665 4661 1130 4731 apprehenderet;
1165 4678 1273 4730 quo
1306 4662 1472 4725 facto,
1515 4662 1836 4717 immutatus
1871 4664 2134 4719 continuo
2163 4673 2248 4720 est

664 4752 724 4806 in
759 4752 1046 4824 pristinam
1089 4753 1339 4817 formam,
1384 4753 1456 4808 ita
1490 4762 1549 4808 ut
1583 4771 1688 4808 non
1724 4756 1958 4826 amplius
1998 4773 2244 4828 serpens,

664 4845 761 4900 sed
792 4845 945 4915 virga
970 4861 1161 4900 rursus
1190 4855 1354 4908 esset,
1388 4856 1442 4900 et
1480 4848 1716 4917 paradisi
1742 4865 1982 4922 germen.
2015 4851 2117 4907 Ubi
2149 4851 2249 4922 igi-

664 4945 757 4989 tur
787 4933 994 5004 placuit
1029 4935 1140 4989 Deo
1169 4951 1231 4991 ac
1261 4935 1407 4990 Patri
1435 4937 1620 4990 omnia
1658 4937 1961 4993 instaurare
1996 4939 2050 4992 in
2081 4938 2245 4993 Chri-

665 5035 770 5089 sto,
816 5035 979 5096 atque
1004 5026 1057 5080 id
1083 5025 1228 5096 quod
1261 5026 1462 5080 factum
1505 5036 1644 5093 erat,
1678 5029 1732 5083 in
1772 5031 2010 5100 priorem
2041 5038 2242 5084 statum

665 5118 986 5181 reformare,
1016 5117 1165 5172 misit
1197 5134 1226 5172 e
1257 5120 1396 5174 caalo
1423 5120 1583 5175 nobis
1604 5120 2240 5192 Unigenitum,manum,

669 5209 916 5277 inquam,
957 5209 1102 5262 illam
1143 5225 1297 5264 suam
1337 5210 1604 5276 dextram,
1653 5212 1801 5266 illam
1866 5213 2247 5268 universorum

669 5299 923 5368 opiﬁcem
962 5317 1024 5354 ae
1052 5317 1180 5356 vere
1203 5304 1496 5359 salutarem
1517 5347 1532 5371 ,
1561 5307 1715 5377 iuxta
1741 5306 1877 5360 illud
1909 5324 1921 5358 :
1957 5327 1974 5357 ι
2014 5307 2248 5361 Dextera

671 5391 887 5445 Domini
942 5391 1069 5447 fecit
1117 5395 1398 5461 virtutem,
1451 5397 1671 5454 dextera
1721 5400 1935 5454 Domini
1993 5400 2250 5455 exaltavit

675 5498 762 5536 me
787 5483 846 5535 ιθ.
878 5502 894 5533 ι
917 5482 1072 5537 Tune
1099 5484 1304 5555 itaque,
1339 5497 1488 5554 tunc,
1520 5489 1763 5560 inquam,
1784 5493 2057 5559 iacentem
2095 5493 2248 5546 humi

769 5641 812 5674 ¹⁷
845 5641 970 5711 Sap.
1005 5659 1041 5706 ι,
1078 5644 1128 5697 5.
1209 5646 1251 5677 ’⁸
1276 5647 1414 5702 Psal.
1451 5662 1609 5711 cxvn,
1645 5648 1727 5701 16.

679 5752 848 5877 dog;
875 5753 1113 5874 {mndit’
1174 5766 1233 5810 ut
1285 5765 1451 5826 pulo,
1502 5758 1568 5812 ad
1618 5758 1823 5813 locum-
1854 5757 2074 5812 Homeri
2123 5756 2255 5809 Ilia-

699 5895 847 5948 AJJ'
887 5895 954 5950 ἐκ
985 5897 1072 5951 τοὶ
1103 5893 1261 5965 ἐρέω,
1293 5897 1387 5950 καί
1419 5897 1515 5949 ἐπὶ
1540 5898 1728 5967 μέγαν
1764 5900 1946 5968 ὅρκον
1979 5897 2251 5966 ὀμοῦμαι,

2350 4667 2610 4744 λαϐέσθαι
2657 4667 2755 4737 τῆς
2800 4665 2999 4737 κέρκου
3026 4682 3038 4696 ·
3084 4662 3447 4716 ἀνεπλάττετο
3493 4659 3549 4712 δὲ
3595 4657 3731 4729 πρὸς
3763 4656 3822 4708 τὸ
3871 4656 3929 4707 ἐν

2353 4761 2548 4830 ἀρχαῖς
2581 4757 2759 4820 εὐθύς.
2803 4755 2913 4810 Καὶ
2953 4755 3077 4824 ὃφις
3121 4754 3219 4824 μὲν
3252 4750 3320 4823 ἦν
3370 4751 3593 4815 οὐκέτι,
3646 4745 3838 4817 ῥάϐδος
3873 4745 3930 4796 δὲ

2350 4851 2513 4904 πάλιν
2534 4891 2547 4913 ,
2577 4848 2670 4901 καὶ
2701 4846 3027 4917 παραδείσου
3081 4844 3270 4913 φυτόν.
3303 4844 3431 4895 Ὅτε
3477 4841 3532 4894 δὲ
3572 4838 3868 4907 εὐδόκησεν
3904 4839 3932 4887 ό

2351 4942 2483 5004 Θεὸς
2538 4941 2630 4992 καὶ
2672 4938 2862 5008 Πατὴρ
2905 4932 3484 5004 ἀνακεφαλαιώσασθαι
3535 4931 3602 4984 τὰ
3645 4929 3818 4982 πάντα
3874 4930 3935 4979 ὲν

2355 5031 2432 5098 τῷ
2461 5030 2680 5101 Χριστῷ
2701 5071 2714 5094 ,
2741 5030 2834 5083 καὶ
2851 5028 3137 5081 ἀνακτίσαι
3158 5027 3216 5079 τὸ
3245 5023 3464 5093 ποιηθὲν
3485 5025 3563 5086 εἷς
3579 5021 3638 5074 τδ
3653 5019 3932 5089 ἀπαρκῆεν

2356 5122 2672 5177 ἀπέστειλεν
2685 5124 2812 5192 ἡμῖν
2823 5120 2880 5185 ἐξ
2895 5120 2953 5172 οὐ
2964 5117 3121 5190 ρανοῦ
3138 5118 3227 5171 τὸν
3242 5115 3541 5186 Μονογενῆ,
3556 5113 3652 5184 τὴν
3667 5113 3820 5182 χεῖρα
3832 5110 3937 5178 τὴν

2355 5215 2556 5283 δεξιὰν,
2594 5215 2692 5283 τὴν
2719 5214 2826 5266 τῶν
2855 5212 2988 5265 ὅλων
3022 5212 3243 5282 ἐργάτιν
3277 5209 3371 5263 καὶ
3401 5207 3666 5276 σώτειραν
3692 5203 3934 5271 ἀληθῶς,

2357 5305 2500 5360 κατά
2531 5320 2594 5372 γε
2631 5303 2713 5369 τὸ,
2757 5319 2774 5352 ι
2810 5300 2969 5365 Δεξιὰ
3002 5299 3206 5371 Κυρίου
3239 5299 3460 5368 ἐποίησε
3501 5295 3750 5357 δύναμιν,
3783 5290 3938 5355 δεξιὰ

2358 5397 2562 5468 Κυρίου
2593 5395 2777 5465 ῦψωσέ
2820 5412 2940 5464 με.»
2975 5391 3108 5446 Τότε
3135 5391 3221 5461 δὴ,
3247 5389 3369 5443 τότε
3392 5389 3494 5458 τῆς
3524 5389 3582 5440 έν
3624 5389 3695 5457 γῇ
3746 5382 3938 5451 κειμέ-

2361 5507 2458 5561 νης
2513 5487 2930 5559 ἁνθρωπόττπτος
2984 5482 3274 5553 ἐπελάϐετο
3367 5482 3460 5536 καὶ
3512 5477 3736 5550 πικρίας
3785 5472 3940 5542 ἡμᾶς

2356 5753 2492 5819 Ναί,
2516 5753 2595 5822 (ιὰ
2617 5755 2747 5808 τόδε
2779 5753 3117 5824 σκῆπτρον,
3138 5752 3203 5806 τὸ
3219 5751 3334 5824 μὲν
3353 5753 3500 5807 οὔτε
3510 5767 3571 5803 τε.
3601 5748 3808 5837 φιξξέα
3827 5743 3936 5797 καὶ

2479 5815 2525 5822 η
2890 5815 2900 5824 ’
2983 5815 3001 5823 ’
3104 5815 3115 5822 ’
3219 5815 3235 5824 ’
3603 5815 3850 5878 πόζους

2356 5896 2689 5964 micaque.
3565 5949 3568 5954 .
