4046 6486
196 421 292 478 ηδ

922 433 1009 490 DE
1047 436 1490 497 ADORATIONE
1528 441 1594 497 IN
1637 441 1907 499 SPIRlTU
1949 445 2036 500 ET
2077 445 2448 516 V'ERITATE.
2489 447 2618 502 LIB.
2661 449 2724 502 Π.

3327 448 3439 504 246

121 585 126 592 .
196 539 492 637 ἀπαλλάξας
534 542 974 637 θηριοπρεποῦς,
1010 555 1108 626 τῆς
1155 559 1214 612 ἐν
1239 560 1535 631 φαυλότητί
1560 579 1618 616 τε
1653 562 1731 615 κα¹

1850 572 2099 620 naturam
2148 566 2387 621 hominis
2436 565 2833 637 apprehendit;
2883 580 3119 636 cumque
3183 580 3309 619 nos-
3345 565 3438 621 [ιι--

194 632 492 704 ἁμαρτίαις,
522 634 816 708 ἀνεκόμισέ
844 658 904 695 τε
932 643 1002 697 δι’
1028 647 1298 719 ἀγιασμοῦ
1330 651 1470 721 πρὸς
1501 651 1746 721 βασιλίδα

188 724 360 794 τιμὴν,
404 724 500 779 καὶ
535 727 851 805 ἡμερότητα
880 733 978 805 τὴν
1005 737 1086 800 είς
1122 740 1346 812 ἀρετήν.
1395 741 1744 814 Ἐνδιαίτημα

188 817 239 870 δὲ
264 817 322 907 τὸ
356 817 576 907 ἀρχαῖον
604 825 716 888 τοῖς
745 829 1059 884 πιστεύουσι
1101 832 1275 898 διδοὺς
1308 836 1367 890 ἐν
1396 837 1617 907 ἀπαρχῇ
1650 837 1744 889 καὶ

189 903 375 998 πρώτῳ
402 906 480 980 τῷ
515 920 1019 989 συγκεκρεμαμένῳ
1051 920 1242 994 λῃστῇ·
1284 943 1305 977 ι
1367 903 1743 998 nimiam

187 995 320 1141 δλῖτω
342 1015 446 1067 σοι,
481 1001 636 1073 φησὶ,
673 1005 911 1078 σήμερον
942 1014 1059 1080 μετ’
1090 1015 1224 1082 ἐμοῦ
1249 1014 1348 1088 ἐστι
1376 995 1539 1089 ἐνήτῷ
1562 995 1741 1088 παρα-

241 1104 356 1141 ισω.
401 1109 420 1141 ι

241 1104 356 1160 ισῳ.
401 1109 420 1141 ι

248 1378 448 1434 ΠΑΛΛ.
485 1383 783 1456 Πεποίηται
815 1385 913 1456 μὲν
940 1387 1016 1450 ὡς
1045 1389 1244 1460 ἄριστά
1276 1409 1338 1460 γε
1370 1396 1502 1464 ἡμῖν
1529 1399 1626 1451 καὶ
1655 1400 1740 1470 6p-

179 1469 274 1533 θῶς
355 1471 529 1563 λόγος.
555 1476 702 1548 Πλὴν
735 1481 910 1534 ἐκεῖνο
931 1483 1157 1553 φράσον,
1191 1485 1308 1540 ἀνθ’
1336 1488 1458 1541 ὅτου
1494 1489 1592 1560 τῆς
1614 1469 1740 1563 κέρ-

177 1577 265 1678 κου
307 1560 568 1620 λαϐέσθαι
619 1568 866 1637 κελεύει,
919 1574 1011 1626 καὶ
1059 1576 1180 1646 οὐχὶ
1233 1579 1333 1648 τῆς
1396 1560 1735 1654 κεφαλῆςξῆ

176 1669 362 1721 μεσων.

235 1819 392 1917 ΙξΥΡ.
429 1816 566 1917 Ὧδε
615 1830 743 1902 γὰρ,
777 1827 822 1886 ὦ
851 1836 1092 1908 φιλότης,
1123 1841 1521 1913 ἐκπράττεσθαι
1542 1844 1734 1917 ἐχρῆν·

1851 657 1950 711 rali
1983 659 2259 727 nequitia,
2294 668 2757 728 peccatorumque
2794 673 3005 713 veneno
3043 658 3303 721 exuisset,
3333 673 3440 727 per
3471 727 3474 732 .

1849 749 2341 805 sanctiﬁcationem
2394 751 2462 806 ad
2503 750 2770 806 honorem
2824 749 2980 804 illum
3019 748 3252 819 regium,
3277 757 3332 803 et
3359 749 3426 802 ad
3473 737 3477 742 ’

1847 840 2066 895 virtutis
2093 841 2573 896 mansuetudinem
2593 839 2842 906 reduxit;
2869 839 3116 909 illudque
3141 848 3303 894 vetus
3323 839 3426 894 do-

1846 933 2109 988 micilium
2160 933 2517 989 credentibus
2579 933 2632 987 in
2671 948 2738 988 eo
2781 932 2993 987 latrone
3022 973 3036 997 ,
3092 932 3188 1002 qui
3233 946 3426 986 eorum

1844 1029 2105 1090 tanquam
2136 1021 2396 1092 primitiae
2415 1020 2660 1090 quaedam
2697 1036 2759 1075 ac
2795 1020 3047 1091 princeps
3092 1019 3214 1083 fuit,
3268 1029 3325 1073 et
3355 1019 3430 1072 si-

1846 1113 1957 1167 mul
1983 1128 2168 1168 secum
2204 1123 2290 1168 est
2325 1112 2638 1177 crucifixus,
2668 1111 2927 1167 restituit.
2966 1131 2982 1162 ι
3007 1111 3176 1165 Amen
3199 1151 3213 1175 ,
3242 1126 3423 1174 amen,

1843 1203 2117 1273 inquiens,
2170 1204 2296 1260 dico
2343 1205 2465 1269 tibi,
2493 1204 2656 1259 hodie
2701 1218 2916 1258 mecum
2959 1202 3069 1257 eris
3113 1200 3169 1261 in
3207 1201 3424 1271 paradi-

1845 1309 1910 1348 so
1933 1295 1996 1348 ¹⁹.
2032 1314 2050 1344 ι

1913 1385 2107 1441 PALL.
2137 1386 2352 1457 Optime
2392 1403 2522 1442 sane
2545 1387 2705 1441 nobis
2742 1401 2806 1440 ac
2827 1386 3134 1440 rectissime
3169 1386 3286 1440 hare
3311 1385 3432 1440 dis-

1840 1474 2049 1543 putatio
2085 1476 2330 1529 confecta
2357 1483 2459 1529 est.
2504 1475 2642 1529 Illud
2682 1474 2816 1527 mihi
2853 1484 3034 1528 tamen
3065 1473 3303 1544 explices
3324 1489 3430 1529 ve--

1840 1561 1934 1616 lim
1960 1604 1974 1626 ,
2009 1581 2128 1634 qua:
2171 1580 2332 1618 causa
2376 1564 2562 1628 fuerit,
2600 1579 2697 1618 cur
2750 1563 2979 1617 caudam
3019 1564 3202 1632 potius
3231 1577 3428 1634 appre"

1840 1653 2005 1708 hendi
2044 1655 2290 1725 jusserit,
2319 1672 2480 1725 quam
2524 1662 2707 1724 caput,
2751 1662 2844 1708 aut
2888 1653 3123 1708 mediam
3171 1656 3442 1724 corporis.

1837 1753 2069 1813 partem.

1910 1837 2066 1893 CYR.
2095 1838 2186 1894 Sic
2211 1839 2382 1903 enim,
2424 1839 2650 1904 Palladi,
2696 1839 2811 1894 ﬁeri
2859 1853 3076 1908 aequum
3113 1845 3268 1904 erat;
3295 1852 3422 1892 nam

171 1911 363 2010 ἐπείτοι
409 1915 470 2010 1:6
501 1920 700 1990 κέρκου
734 1923 1022 1992 λαϐέσθαι,
1061 1932 1154 1984 καὶ
1189 1911 1306 2004 οὗχὶ
1360 1935 1539 2004 μέσων
1572 1911 1730 2010 κε-

1839 1930 1940 1984 hoc
1965 1931 2164 2000 ipsum,
2214 1930 2444 1985 caudam
2485 1929 2920 2000 apprehendere,
2963 1943 3074 1983 non
3101 1927 3281 1983 media
3326 1936 3424 1984 aut

172 2001 353 2075 φαλῆς,
385 2007 466 2078 τῷ
501 2015 780 2085 μυστηρίῳ
809 2019 1096 2091 χρήσιμον.

233 2093 439 2150 ΠΑΛΛ.
475 2097 604 2152 Τίνα
627 2101 824 2172 τρόπον
849 2121 862 2169 ;

229 2187 574 2284 ΚΥΡ.-ᾏρχὴ
600 2196 698 2265 μὲν
719 2187 826 2272 Ϋὰρ
851 2200 1038 2274 ὥσπερ
1061 2208 1260 2270 παντὸς
1281 2208 1470 2282 ζὼουή
1497 2214 1725 2284 κεφαλὴ.

168 2276 351 2372 κέρκος
384 2281 445 2335 δὲ
471 2285 661 2354 πέρας.
683 2289 821 2360 Φέρε
839 2290 902 2361 δὴ
930 2288 1023 2345 οὖν
1051 2295 1127 2360 ὡς
1148 2295 1229 2350 ἐτι
1247 2298 1406 2362 ζῶον,
1424 2276 1484 2354 16
1507 2276 1728 2372 σύμπαν

168 2370 294 2465 ἡμῖν.
324 2373 754 2465 του-ἀνθρώπου
802 2383 958 2452 γένος
1004 2388 1448 2458 καταλογιζέσθω
1492 2370 1632 2465 προς
1667 2396 1730 2449 τὸ

168 2461 716 2554 παρόνζῈτπλάόετο
746 2473 923 2527 τοίνυν
951 2476 1052 2546 τῆς
1079 2478 1279 2550 κέρκου
1304 2461 1557 2554 Χριστὸς,
1582 2485 1728 2538 τοῦτ’

169 2547 290 2646 ἔστι,
308 2551 420 2607 τῶν
439 2556 497 2608 ἐν
517 2558 765 2628 ἐσχάτοις
796 2565 889 2617 καὶ
905 2566 1228 2623 τελευταίων
1244 2587 1256 2599 ’
1281 2574 1725 2646 καταπεφοίτηκε

168 2639 266 2737 γάρ
307 2643 366 2737 ἐν
409 2646 662 2737 ἐσχάτοις
709 2652 801 2705 τοῦ
841 2654 1036 2720 αἰῶνος
1091 2662 1322 2730 καιροῖς.
1364 2639 1728 2737 Ἀλλίῶσπερ

166 2731 212 2825 εί
248 2731 477 2825 καὶ-τῆς
540 2737 737 2808 κέρκου
779 2743 982 2814 Μωσῆς
1031 2747 1368 2814 ἐπελάσετο,
1429 2753 1521 2805 καὶ
1566 2731 1726 2825 μέχρι

162 2819 317 2914 αὑτῆς
342 2823 529 2880 ἀνέθει
557 2829 654 2898 τῆς
678 2832 917 2904 κεφαλῆς
947 2835 976 2887 6
1006 2839 1393 2912 μεταπλασμὸς
1423 2819 1724 2914 (μετεστοι-

161 2911 362 3004 χειοῦτο
390 2916 505 2988 γὰρ
529 2918 835 2992 ὁλοκλήρως
857 2927 936 2988 είς
972 2927 1164 2997 ῥάϐδον
1192 2931 1219 2982 6
1247 2911 1392 3004 ὄφις)
1421 2911 1607 2989 ἠκατὰ
1637 2937 1726 2990 τὸν

163 3002 267 3055 ἴσον
301 3008 517 3060 τουτονὶ
545 3010 764 3080 τρόπον,
798 3015 903 3068 κᾶν
935 3019 1106 3072 είτῶν
1129 3002 1722 3092 ἐσχάτωνὼιτελάϐετο

159 3091 412 3188 Χριστὸς,
448 3099 564 3152 ἀλλ’
592 3103 672 3165 είς
713 3106 821 3157 πᾶν
856 3106 1030 3178 διήκει
1068 3111 1128 3162 τὸ
1159 3091 1336 3180 γένος,
1384 3116 1477 3168 καὶ
1531 3116 1726 3188 μέχρις

159 3185 316 3278 αὐτῆς
337 3189 651 3257 ἀφικνεῖται
671 3196 772 3266 τῆς
799 3199 1060 3272 κεφαλῆς,
1080 3203 1223 3256 τοῦτ’
1248 3204 1272 3256 ἓ
1281 3222 1384 3267 στι,
1406 3207 1498 3259 τοῦ
1528 3207 1721 3278 Ἀδὰμ,

159 3252 294 3343 ήδιά
323 3252 552 3350 χάριτος
585 3252 1502 3366 ἀναμόρφωισιςί
1751 3252 1793 3308 c

158 3365 302 3460 τοῦτο
338 3370 581 3460 Χριστὸς
610 3374 845 3431 ἀπέθανε
877 3381 969 3433 καὶ
1002 3382 1202 3454 ἀνέστη
1228 3424 1244 3448 ,
1276 3386 1364 3440 ἵνα
1393 3365 1485 3440 καὶ
1514 3388 1723 3460 νεκρῶν

160 3459 246 3549 καὶ
283 3459 508 3526 ζώντων
540 3467 819 3541 κυριεύσῃ.
869 3471 1077 3526 Οὐκοῦν
1117 3479 1231 3539 τοῖς
1264 3477 1510 3547 ἐσχάτοις
1548 3459 1644 3533 καὶ
1689 3481 1722 3549 ἡ

160 3545 258 3599 τῶν
291 3550 350 3602 ἐν
379 3552 588 3622 ἀρχαῖς
616 3558 1076 3630 συγκατορθοῦται
1099 3545 1384 3634 λύτρωσι

223 3639 433 3694 ΠΑΛΛ.
468 3643 696 3707 Πιθανὸς
727 3646 757 3698 6
777 3646 932 3715 λόγος
960 3649 1078 3702 ἐστί
1107 3667 1164 3704 τε
1187 3655 1344 3723 ἡμῖν,
1376 3654 1470 3707 καὶ
1494 3655 1592 3708 οὐκ
1617 3656 1724 3710 ἀπὸ

162 3727 350 3781 σκοποῦ
382 3730 456 3783 τὸ
476 3731 744 3804 διήγημα.

223 3817 380 3873 ΚΥΡ.
418 3818 797 3893 Ἐδραιότατον
842 3824 936 3884 οὖν
958 3832 1094 3901 πρὸς
1117 3834 1212 3901 τὴν
1242 3836 1332 3887 ἐπὶ
1352 3835 1486 3906 τῷδε
1522 3839 1723 3906 πίστιν,

160 3908 243 3959 καὶ
280 3909 403 3964 δυσὶ
445 3912 737 3984 δυνάμεσιν
780 3919 946 3973 αὐτὸν
986 3922 1204 3995 ἐτέραις
1249 3925 1488 3978 ἐποιεῖτο
1537 3927 1728 3998 θεοση-

163 3999 348 4066 μείαις.
382 4002 702 4074 Γέγραπται
725 4007 832 4081 γὰρ
861 4010 1044 4078 εὐθύςο
1086 4033 1104 4064 ι
1143 4009 1275 4067 Εῐπε
1313 4015 1421 4088 γὰρ
1444 4017 1592 4087 αὐτῷ
1620 4018 1728 4070 Κύ-

162 4105 266 4156 ριος
288 4093 456 4146 πάλιν
482 4113 496 4124 ·
527 4095 817 4167 Είσένεγκε
856 4101 956 4173 τὴν
994 4105 1152 4176 χεῖρά
1193 4123 1284 4159 σου
1307 4108 1386 4171 είς
1415 4109 1504 4161 τὸν
1531 4108 1729 4162 κόλπον

160 4195 265 4232 σου.
317 4185 432 4237 Kal.
477 4188 766 4258 εἰσήνεγκε
797 4193 896 4264 τὴν
926 4197 1082 4266 χεῖρα
1119 4197 1306 4260 αὐτοῦ,
1358 4199 1452 4252 κα⁹ι
1501 4199 1730 4271 ἐγενήθη

156 4272 187 4339 ἡ
223 4273 337 4343 χεὶρ
389 4277 560 4330 αὐτοῦ
607 4279 861 4351 λεπρῶσα
913 4285 989 4348 ὡς
1027 4286 1179 4357 χιών.
1219 4290 1330 4342 Καὶ
1367 4285 1485 4343 εἶπε
1540 4292 1729 4346 πάλιν·

156 4363 446 4436 Είσένεγκε
479 4369 581 4440 τὴν
620 4375 777 4444 χεῖρά
808 4392 902 4428 σου
952 4379 1031 4440 είς
1079 4378 1171 4431 τὸν
1211 4380 1410 4436 κόλπον
1455 4399 1571 4437 σου.
1622 4384 1734 4436 Καὶ

154 4453 433 4524 εἰσήνεγκε
468 4461 568 4530 τὴν
621 4463 780 4530 χεῖρα
837 4465 998 4518 αὑτοῦ
1051 4470 1130 4532 εἰς
1175 4469 1266 4523 τὸν
1295 4472 1494 4526 κόλπον
1548 4473 1734 4542 αὑτοῦ,

154 4544 240 4596 καὶ
264 4546 532 4618 ἐξήνεγκε
565 4550 660 4621 τὴν

158 4636 244 4687 καὶ.
279 4638 446 4692 πάλιν
475 4641 892 4716 ἀποκατεστάθη
947 4648 1025 4709 είς
1068 4648 1165 4719 τὴν
1195 4650 1361 4720 χρόαν
1388 4654 1488 4724 τῆς
1513 4654 1716 4723 σαρκὸς

157 4725 333 4781 αὑτοῦ.
374 4748 394 4782 ι
438 4730 719 4806 Ἀθρειδὴ
740 4729 932 4798 οὖνὼς
979 4737 1095 4791 ἔστι
1135 4739 1465 4810 θεοπρεπὲς,
1505 4744 1729 4799 καὶτῶν

153 4814 283 4906 ἀγαν
299 4819 551 4888 ἡκόντων
575 4823 656 4884 είς
695 4823 756 4877 τὸ
779 4824 1153 4894 θαυμάζεσθαι
1183 4831 1415 4900 πρέπειν
1442 4833 1504 4886 τὸ
1532 4851 1728 4906 κατορ-

155 4903 409 4978 θοὺμενον
428 4951 446 4976 ,
480 4912 762 4967 συνωδῖνον
794 4915 852 4968 δὲ
899 4916 1088 4988 ὥσπερ
1119 4918 1196 4988 τῷ
1226 4919 1426 4993 πρώτῳ
1451 4920 1546 4975 τοῦ
1589 4903 1730 4978 κατὰ

154 4997 382 5066 Χριστὸν
417 5004 720 5074 μυστηρίου
746 5007 846 5077 τὴν
873 5008 1123 5079 δήλωσιν.

220 5090 434 5148 ΠΑΛΛ.
470 5093 678 5149 Οὐκοῦν
705 5099 986 5167 διασάφει·
1014 5101 1234 5172 συνίημι
1268 5103 1374 5176 γὰρ
1404 5103 1519 5158 οὔτι
1551 5123 1655 5158 πω.

220 5277 389 5330 ΚΥΡ.
424 5280 638 5350 Σαρκὸς
688 5283 790 5354 μὲν
835 5286 866 5355 ἡ
899 5287 1076 5355 λέπρα
1127 5297 1290 5352 πάθος
1315 5332 1326 5355 ,
1356 5305 1577 5360 αμεινον
1611 5292 1666 5344 δὲ
1703 5291 1735 5361 ἢ

154 5367 290 5452 κατά
326 5368 580 5442 ἰατροὺς,
614 5373 708 5426 καὶ
745 5378 866 5438 ταῖς
895 5377 1024 5447 παρ’
1049 5377 1272 5431 ἐκείνων
1298 5379 1611 5450 ἐμπειρίαις
1632 5380 1730 5450 οὐχ

153 5457 450 5532 ἁλώσιμον.
496 5462 732 5534 Ἀνιερὺς
755 5467 811 5519 δὲ
833 5467 924 5520 καὶ
947 5469 1253 5540 ἀκάθαρτος
1287 5471 1315 5520 6
1340 5470 1558 5540 λεπρὸς,
1585 5472 1730 5526 κατά

153 5566 212 5615 γε
241 5551 341 5623 τὴν
380 5551 556 5607 πάλαι
597 5555 685 5609 διὰ
717 5558 961 5622 Μωσέως
990 5560 1226 5632 ἐντολὴν,
1255 5561 1645 5633 ἀπηχθημένος
1673 5563 1730 5617 δὲ

153 5638 270 5697 λίαν
295 5645 396 5698 καὶ
443 5645 599 5718 παρὰ
619 5649 732 5712 τοῖς
758 5649 827 5701 τά
864 5649 1130 5722 Ἑλλήνων
1153 5651 1382 5722 τιμῶσιν
1412 5651 1527 5724 ἔθη.
1575 5653 1731 5725 Ἡμι-

225 5827 266 5858 "
297 5826 438 5882 Luc.
472 5844 620 5895 xxiii,
653 5831 737 5886 6'5.
843 5835 886 5864 ”
919 5835 1074 5890 Rom.
1110 5853 1213 5903 XM,
1252 5839 1303 5891 9.

1830 2030 2012 2090 caput,
2045 2021 2307 2092 mysterio
2330 2031 2758 2078 consentaneum
2782 2028 2919 2075 erat.

1857 2131 1860 2134 ·
1900 2111 2096 2166 PALL.
2127 2111 2414 2178 Quomodo
2457 2113 2718 2168 tandem?

1898 2204 2054 2258 (ΝΒ.
2078 2202 2215 2268 Quia
2239 2211 2407 2274 caput
2431 2206 2581 2259 velut
2622 2206 2839 2260 initium
2865 2206 2974 2276 ⁷ο
3015 2206 3289 2276 quoddam
3335 2213 3420 2260 est

1831 2297 1998 2350 totius
2025 2295 2342 2362 animantis,
2365 2305 2426 2350 ut
2448 2295 2622 2350 cauda
2647 2296 2789 2351 ﬁnis.
2815 2297 2924 2368 Age
2969 2297 3157 2367 igitur,
3199 2297 3420 2351 univer-

1832 2399 1951 2439 sum
1994 2401 2166 2455 genus
2213 2385 2525 2450 hominum,
2573 2393 2634 2439 ut
2675 2401 2846 2439 unum
2897 2385 3095 2439 animal
3150 2385 3418 2439 hactenus

1829 2471 2134 2541 cogitemus
2182 2491 2194 2525 :
2239 2472 2606 2542 apprehendit
2650 2471 2820 2543 igitur
2862 2473 3092 2528 caudam
3129 2473 3416 2536 Christus,

1829 2562 1882 2617 id
1936 2572 2040 2627 est,
2092 2572 2366 2619 extremas
2416 2574 2601 2635 partes
2640 2573 2806 2636 atque
2853 2567 3112 2633 ultimas;
3152 2566 3418 2622 extremis

1827 2651 2029 2724 quippe
2051 2655 2379 2710 sarculorum
2407 2655 2747 2725 temporibus
2789 2655 3033 2712 advenit.
3083 2657 3310 2720 Verum,
3358 2662 3420 2710 ut

1828 2744 2039 2816 Moyses
2095 2747 2349 2815 quamvis
2404 2747 2632 2801 caudam
2694 2747 3186 2816 apprehendisset,
3234 2755 3419 2801 tamen

1828 2853 2002 2908 usque
2036 2838 2103 2892 ad
2126 2839 2307 2908 ipsum
2332 2853 2551 2909 quoque
2577 2845 2739 2908 caput
2762 2839 2855 2892 illa
2881 2838 3205 2893 reformatio
3228 2855 3420 2894 recur-

1828 2927 1901 2982 rit
1932 2928 2035 2999 (est
2057 2929 2204 2983 enim
2237 2937 2386 2984 totus
2413 2929 2502 2984 ille
2550 2942 2778 2999 serpens
2807 2931 2861 2984 in
2907 2929 3117 3000 virgam
3158 2929 3415 2983 immuta-

1829 3021 1962 3092 tus),
1990 3022 2057 3076 ad
2085 3020 2341 3076 eumdem
2374 3021 2620 3084 modum,
2647 3021 2836 3075 ultima
2863 3020 2991 3074 licet
3035 3019 3414 3088 apprehende-

1830 3111 1904 3165 rit
1931 3111 2202 3173 Christus,
2231 3117 2474 3165 attamen
2502 3109 2558 3162 in
2598 3109 2923 3163 universum
2957 3123 3129 3178 genus
3152 3109 3412 3177 pertinet,

1828 3207 1884 3253 et
1905 3199 1972 3252 ad
1998 3207 2164 3269 caput
2198 3198 2379 3268 ipsum
2434 3213 2631 3268 usque,
2676 3197 2731 3250 id
2774 3205 2879 3259 est,
2930 3196 3124 3261 Adam,
3171 3196 3263 3250 illa
3315 3212 3416 3266 per

1828 3292 2054 3362 gratiam
2100 3290 2417 3346 reformatio
2458 3290 2736 3362 pertingit.
2787 3288 3061 3358 Scriptum
3113 3296 3199 3343 est
3241 3289 3410 3352 enim,

1830 3383 1954 3438 ideo
1977 3383 2259 3438 Christum
2291 3398 2411 3438 esse
2437 3391 2712 3436 mortuum
2753 3389 2810 3436 et
2853 3381 3136 3444 revixisse,
3177 3387 3241 3434 ut
3274 3381 3415 3435 vivis

1828 3490 1893 3528 ac
1936 3473 2173 3528 mortuis
2219 3473 2539 3528 dominetur
2558 3472 2603 3503 '°
2630 3489 2642 3524 :
2672 3471 2838 3542 igitur
2886 3470 2942 3524 in
2988 3469 3249 3524 extremis
3295 3471 3414 3539 ipsa

1829 3583 2048 3637 quoque
2068 3565 2468 3637 principiorum
2496 3565 2659 3619 simul
2691 3571 2775 3617 est
2807 3561 3050 3632 perfecta
3083 3561 3410 3632 redemptio.

1899 3657 2097 3713 PALL.
2122 3656 2435 3712 Probabilis
2480 3671 2611 3710 sane
2654 3655 2853 3719 oratio,
2891 3669 2993 3708 nec
3036 3654 3104 3708 ab
3145 3669 3233 3720 eo,
3263 3653 3414 3725 quod

1829 3748 2240 3820 proposuimus,
2269 3748 2446 3802 aliena
2473 3747 2735 3801 narratio.

1901 3861 2056 3916 CYR.
2072 3859 2152 3914 Ad
2178 3859 2234 3914 id
2263 3875 2394 3914 vero
2417 3858 2750 3914 credendum
2773 3861 2934 3914 etiam
2959 3859 3174 3914 duobus
3195 3858 3315 3913 aliis
3329 3858 3415 3912 di-

1833 3949 1974 4004 vinas
1994 3949 2215 4004 virtutis
2246 3949 2414 4019 signis
2439 3947 2592 4002 illum
2618 3951 2850 4004 maxime
2877 3948 3240 4004 conﬁrmavit.
3267 3947 3414 4002 Seri-

1834 4047 1990 4107 ptum
2015 4044 2100 4091 est
2121 4037 2268 4091 enim
2294 4037 2585 4107 deinceps:
2615 4057 2630 4087 ‹
2655 4038 2723 4092 Et
2745 4037 2884 4091 dixit
2906 4037 2984 4091 illi
3006 4036 3268 4090 Dominus
3299 4053 3419 4089 rur-

1835 4141 1958 4180 sum
1987 4144 2000 4179 :
2029 4125 2179 4180 Mitte
2219 4141 2440 4179 manum
2477 4133 2624 4179 tuam
2663 4125 2718 4180 in
2751 4126 2931 4180 sinum
2966 4135 3139 4182 tuum.
3170 4127 3238 4181 Et
3266 4128 3417 4182 misit

1839 4233 2060 4272 manum
2079 4233 2232 4272 suam
2262 4216 2316 4270 in
2333 4217 2512 4271 sinum
2538 4233 2716 4272 suum.
2736 4218 2802 4270 Et
2824 4218 2960 4272 dixit
2987 4237 2998 4271 :
3026 4219 3178 4274 Educ
3194 4235 3414 4274 manum

1849 4317 1998 4362 tuam
2021 4324 2084 4362 ex
2115 4307 2238 4361 sinu
2270 4317 2382 4362 tuo.
2410 4307 2477 4361 Et
2500 4305 2690 4362 eduxit
2729 4306 2871 4360 illam
2909 4324 2977 4362 ex
3018 4309 3140 4364 sinu
3186 4324 3314 4372 suo,
3360 4319 3427 4365 et-

1842 4399 1983 4453 facta
1998 4407 2081 4454 est
2096 4414 2290 4452 manus
2305 4400 2423 4469 ejus
2439 4399 2651 4468 leprosa
2670 4398 2807 4452 sicut
2823 4399 2935 4452 nix.
2951 4401 3018 4454 Et
3034 4400 3173 4455 dixit
3193 4417 3411 4456 rursus:

1843 4490 1994 4544 Mitte
2023 4505 2247 4543 manum
2270 4498 2417 4544 tuam
2447 4489 2500 4542 in
2526 4490 2708 4544 sinum
2733 4499 2907 4544 tuum.
2939 4491 3172 4546 Etmisit
3191 4509 3413 4547 manum

692 4555 848 4624 χετρα
877 4557 1042 4610 αὑτοῦ
1075 4560 1140 4611 ἐκ
1177 4561 1272 4614 τοῦ
1309 4562 1509 4616 κόλπου
1535 4565 1697 4618 αὑτοῦ
1717 4584 1728 4600 ·

1844 4597 1995 4636 suam
2021 4581 2074 4634 in
2092 4581 2271 4633 sinum
2289 4595 2444 4633 suum
2466 4623 2480 4645 ,
2507 4589 2562 4634 et
2580 4579 2766 4634 eduxit
2785 4597 3002 4636 manum
3023 4597 3174 4636 suam
3200 4582 3266 4636 de
3290 4583 3414 4637 sinu

1836 4685 1956 4734 suo,
1975 4677 2030 4724 et
2055 4684 2244 4722 rursus
2262 4669 2512 4723 restituta
2536 4677 2619 4723 est
2643 4669 2695 4722 in
2718 4671 2955 4725 colorem
2971 4673 3152 4726 carnis
3167 4688 3276 4726 suae
3295 4674 3336 4704 ¹¹
3363 4693 3406 4726 ,ι

1834 4760 1971 4816 Ἦ(ὶο
2015 4760 2180 4831 igitur
2207 4776 2369 4830 quam
2398 4758 2451 4812 id
2499 4758 2702 4814 factum
2728 4761 2839 4827 Deo
2864 4762 3184 4826 conveniat,
3223 4778 3415 4831 quam-

1835 4868 1941 4922 que
1967 4853 2037 4906 sit
2063 4851 2426 4905 admiratione
2454 4851 2703 4921 dignum,
2735 4861 2897 4921 atque
2939 4869 3045 4906 una
3068 4869 3191 4907 cum
3213 4868 3279 4907 eo
3307 4855 3411 4907 mi-

1832 4945 2019 4998 raculo
2056 4943 2202 5012 quod
2245 4943 2495 5012 proxime
2531 4943 2891 5008 narravimus,
2922 4944 3125 5000 Christi
3167 4946 3413 5016 mysterii

1834 5028 2288 5099 signiﬁcationem
2314 5029 2717 5099 quodammodo
2741 5031 3044 5084 contineat.

1903 5113 2098 5168 PALL.
2123 5115 2263 5186 Ergo
2282 5115 2413 5170 illud
2435 5119 2679 5188 explica;
2727 5118 2863 5173 nihil
2904 5117 3054 5172 enim
3081 5118 3210 5174 dum
3252 5121 3413 5176 intel-

1831 5203 1962 5274 ligo.

1904 5293 2059 5348 CYR.
2079 5293 2272 5349 Carnis
2291 5305 2374 5350 est
2395 5299 2618 5352 morbus
2639 5300 2808 5368 lepra,
2836 5300 2988 5370 isque
3010 5301 3226 5371 gravior
3243 5319 3404 5372 quam

1837 5384 2193 5439 utamedieis
2230 5387 2281 5440 ei
2320 5389 2564 5442 succurri
2605 5389 2796 5458 possit,
2840 5399 2933 5444 aut
2956 5391 3172 5447 illorum
3197 5410 3297 5447 usu
3321 5403 3405 5447 at-

1835 5489 1941 5544 que
1977 5473 2172 5543 peritia
2193 5476 2494 5546 expugnari
2528 5494 2627 5532 :ac
2647 5480 2896 5549 Ieprosus
2936 5480 3049 5550 ipse
3073 5483 3334 5552 profanus
3352 5492 3408 5537 et

1834 5565 2081 5634 impurus
2117 5574 2220 5631 est,
2259 5582 2327 5622 ex
2355 5569 2576 5638 antiqua
2611 5571 2702 5625 illa
2728 5572 2892 5644 Moysi
2915 5574 3051 5644 lege,
3077 5589 3291 5629 necnon
3338 5575 3406 5628 iis

1835 5674 2051 5729 quoque
2089 5660 2486 5730 odiosissimus,
2527 5665 2617 5736 qui
2658 5667 2942 5736 gentilium
2981 5682 3159 5723 mores
3197 5668 3405 5740 magni:-

1402 5842 1440 5871 "
1474 5840 1642 5895 Exod.
1689 5859 1762 5908 μ’,
1797 5843 1826 5898 6
1861 5858 2012 5912 seqq.
