4046 6528
619 454 723 513 Ξίτ

1646 450 1704 507 S.
1745 448 2018 507 CYBILLI
2058 449 2530 507 ALEXANDRINI
2559 452 2876 511 ARCHIEP.

3757 449 3851 505 ῑιε

618 572 906 645 pendunt:
946 571 1041 643 qui
1060 570 1208 628 enim
1244 584 1312 625 eo
1329 569 1543 625 laborat
1576 568 1788 633 morbo,
1811 568 2199 624 semimortuus

2303 568 2431 641 θνὴς
2464 571 2572 642 γὰρ
2592 571 2713 642 ιἤδη
2755 588 2872 635 πως
2898 574 2927 625 ό
2957 586 3114 624 τουτο
3153 566 3364 634 παθὼν,
3402 566 3655 639 βδελυρὸς
3676 565 3733 621 δι
3762 567 3848 621 καὶ

620 661 1026 733 quodammodo
1045 671 1129 716 est
1154 678 1166 714 :
1190 668 1247 714 at
1268 674 1402 715 vero
1420 657 1785 714 aversandum
1807 659 2197 728 impurumque

622 763 708 809 est
726 753 928 807 mortui
949 752 1202 806 cadaver.
1243 750 1431 820 Itaque
1467 765 1661 805 curare
1696 764 1858 819 posse
1896 749 2194 819 leprosum,

623 854 881 911 tanquam
902 840 1164 895 eximium
1184 840 1467 909 quiddam,
1506 838 1726 910 etquod
1765 848 2076 893 nostrarum
2110 837 2196 891 vi-

624 932 766 986 rium
787 930 1009 986 modum
1044 931 1203 1001 longe
1238 938 1482 1000 superet,
1520 929 1623 984 soli
1642 927 1843 983 divina:
1861 936 2090 991 naturae,
2111 935 2195 980 at-

623 1037 730 1092 que
748 1022 952 1076 efﬁcaci
974 1022 1301 1076 attributum
1323 1030 1426 1076 est.
1466 1020 1703 1091 Ideoque
1738 1018 1797 1073 in
1835 1017 2198 1073 admiratione

625 1110 927 1166 habebatur
945 1110 1218 1178 Christus,
1239 1112 1334 1182 qui
1354 1128 1478 1167 cum
1497 1118 1765 1181 potestate
1787 1110 2005 1180 leproso
2023 1108 2197 1163 incla-

626 1202 798 1256 mavit
822 1220 834 1255 :
867 1221 884 1252 ι
911 1203 1066 1269 Volo,
1089 1203 1355 1259 mundare
1376 1205 1442 1256 ”.
1472 1223 1490 1254 ι
1517 1202 1617 1257 Illa
1632 1216 1869 1271 namque
1901 1216 2035 1266 vox,
2058 1215 2195 1255 cun-

626 1299 840 1349 ctarum
878 1293 1063 1364 opifex
1091 1310 1295 1361 rerum,
1319 1310 1440 1364 quae
1478 1295 1624 1364 ipsos
1662 1294 1827 1349 etiam
1864 1307 1896 1348 e
1932 1293 2200 1362 sepulcris

626 1382 833 1438 excitat
865 1392 1134 1448 mortuos,
1181 1386 1283 1454 71
1324 1392 1379 1439 et
1417 1392 1591 1438 morte
1629 1392 1714 1439 est
1748 1392 1805 1438 et
1845 1382 2199 1452 corruptione

629 1475 1001 1545 praestantior,
1021 1475 1127 1531 hoc
1164 1477 1221 1530 in
1257 1492 1323 1531 eo
1344 1476 1565 1530 homine
1588 1474 1913 1529 miraculum
1948 1473 2197 1544 perfecit.

627 1562 800 1619 Iussit
836 1564 1024 1635 igitur,
1048 1574 1110 1619 ut
1144 1580 1365 1619 manum
1400 1565 1455 1618 in
1494 1565 1676 1619 sinum
1712 1563 1962 1627 abderet,
2000 1562 2200 1618 deinde

627 1660 927 1709 extractam
944 1670 975 1710 e
996 1656 1208 1711 latebra
1226 1657 1401 1721 sinus,
1417 1658 1530 1727 jam
1551 1664 1719 1710 totam
1755 1655 1904 1725 lepra
1942 1654 2200 1709 infectam

628 1745 977 1813 ostenderet;
998 1746 1181 1802 denuo
1199 1755 1383 1801 autem
1420 1762 1544 1801 cum
1566 1747 1623 1800 in
1659 1744 1843 1801 sinum
1878 1744 2197 1810 abdidisset,

630 1836 779 1892 illico
797 1838 866 1892 ab
884 1838 938 1892 vi
958 1838 1134 1893 morbi
1157 1838 1284 1893 inde
1303 1837 1533 1893 liberam
1553 1837 1811 1909 protulit;
1834 1847 1896 1893 ut
1934 1853 2002 1892 ex
2038 1852 2104 1891 ea
2141 1852 2200 1892 re

2300 663 2606 737 ἀκάθαρτος
2632 667 2661 718 ό
2681 663 2891 735 νεκρός.
2942 662 3205 734 Ἀνῆπται
3225 660 3290 733 δὴ
3327 654 3422 716 οὖν
3448 660 3525 725 ὡς
3548 658 3809 729 ὑπερφυὲς
3834 698 3847 724 ,

2298 758 2391 812 καὶ
2419 757 2528 812 τῶν
2556 756 2679 812 καθ’
2706 758 2853 828 ἡμᾶς
2875 755 3134 810 ἐπέκεινα
3158 754 3397 825 μέτρων,
3429 752 3491 806 τὸ
3523 749 3845 822 θεραπεῦσαι

2297 849 2556 905 δύνασθαι
2580 850 2801 922 λεπρδν,
2830 850 2864 918 ἢ
2901 850 3037 921 μόνῃ
3057 851 3123 919 τῇ
3145 847 3267 916 θείᾳ
3288 845 3383 900 καὶ
3415 844 3684 915 ἀφράστῳ
3705 840 3847 909 φύσει

2298 955 2357 993 τε
2380 939 2474 993 καὶ
2513 938 2784 1012 ἐνεργείᾳ.
2818 936 3108 1008 Τοιγάρτοι
3142 937 3236 989 καὶ
3264 930 3606 1004 ἐθαυμάζετο
3635 930 3855 999 Χριστὸς

2298 1032 2375 1103 τῷ
2406 1030 2801 1103 λελεπρωμένῳ
2835 1031 2951 1101 μετ’
2984 1028 3230 1096 ἐξουσίας
3268 1024 3590 1096 ἐπιφωνῶν·
3630 1042 3648 1075 ι
3694 1021 3855 1084 Θέλω,

2299 1121 2677 1193 καθαρίσθητι.
2710 1140 2729 1173 ι
2754 1121 2908 1191 Φωνὴ
2934 1119 3044 1190 γάρ
3061 1122 3094 1190 ὴ
3122 1115 3479 1186 παντουργδς,
3504 1116 3539 1184 ἡ
3555 1113 3653 1167 καὶ⁸
3671 1113 3859 1173 αὐτοὺς

2298 1215 2362 1265 ἐκ
2395 1209 2689 1283 μνημάτων
2716 1209 3033 1263 διανιστᾶσα
3066 1208 3191 1270 τοὺς
3217 1207 3473 1276 νεκροὺς,
3501 1204 3597 1257 καὶ
3639 1200 3857 1254 θανάτου

2299 1303 2546 1371 κρεῖττον
2592 1299 2687 1352 καὶ
2716 1297 2956 1368 φθορᾶς,
2999 1296 3059 1348 τὸ
3098 1295 3185 1348 ἐπ’
3221 1293 3414 1363 ἐκείνῳ
3446 1290 3632 1361 θαῦμα
3662 1288 3856 1358 πεπλή-

2301 1408 2468 1464 ρωκε.
2498 1390 2838 1464 Προστέταχε
2864 1386 3153 1457 τοιγαροῦν
3179 1384 3447 1456 ἐγκρύψαι
3467 1380 3547 1453 τῷ
3565 1380 3749 1448 κόλπῳ
3767 1378 3857 1449 τὴν

2300 1485 2456 1557 χεῖρα
2474 1522 2488 1546 ,
2516 1480 2635 1535 εἶτα
2663 1478 3024 1551 γυμνώσαντα
3050 1477 3152 1546 τῆς
3179 1474 3276 1529 τοῦ
3304 1472 3508 1527 κόλπου
3538 1469 3851 1542 περιϐολῆς,

2298 1574 2426 1644 ὃλην
2465 1573 2532 1626 δι’
2580 1572 2702 1625 ὅλου
2733 1567 3024 1640 λεπρῶσαν
3061 1565 3231 1636 αὐτὴν
3276 1562 3545 1627 ἐπιδεῖξαι
3570 1600 3586 1625 ,
3621 1560 3778 1613 πᾶλιν
3806 1557 3859 1611 δὲ

2302 1664 2652 1736 ἐγκρύψαντα
2686 1660 2766 1732 τῷ
2805 1660 2990 1729 κόλπῳ
3014 1657 3076 1711 τὸ
3100 1656 3371 1728 δεύτερον,
3402 1652 3497 1707 τοῦ
3529 1649 3858 1721 συμϐεϐηκό-

2300 1772 2391 1817 τος
2414 1751 2837 1824 ἀπηλλαγμένην
2868 1747 3278 1804 καταδείκνυσιν
3306 1742 3498 1807 εὐθύς·
3530 1741 3608 1804 ὡς
3642 1739 3710 1794 ἂν
3744 1755 3857 1792 συνο

2304 1848 2412 1897 εἶεν
2450 1841 2697 1897 ἐντεῦθεν
2744 1842 2794 1893 οἱ
2841 1838 2901 1906 ἐξ
2946 1836 3196 1909 Ἰσραὴλ,
3237 1834 3314 1898 ὡς
3350 1833 3578 1905 ἀρρήτῳ
3622 1831 3730 1883 τινὶ
3778 1828 3861 1881 καὶ

630 1926 999 1998 intelligerent
1032 1929 1288 1984 Israelita:
1311 1969 1326 1995 ,
1367 1929 1522 1985 illum
1574 1928 1839 1983 ineffabili
1877 1927 2111 1998 quadam
2145 1935 2201 1982 et

2304 1934 2564 2005 ἀφράστῳ
2601 1932 2828 2001 δυνάμει
2871 1928 3156 2001 μονονουχὶ
3183 1921 3688 1997 τεθωρακισμένος,
3734 1936 3860 1990 προ-

630 2015 983 2073 inenarrabili
1002 2018 1056 2073 vi
1077 2019 1473 2089 propemodum
1510 2027 1803 2083 armatum,
1844 2033 2036 2073 eorum
2071 2032 2202 2087 pro-

628 2117 988 2178 pugnatorem
1005 2108 1252 2163 futurum
1272 2125 1412 2175 esse,
1436 2110 1532 2180 qui
1547 2109 1737 2164 violati
1757 2118 1942 2164 essent
1977 2108 2199 2179 injuria,

628 2207 705 2261 et,
724 2209 915 2255 contra
925 2198 1026 2265 fas,
1046 2199 1421 2272 Egyptiorum
1434 2200 1621 2270 iniquo
1631 2199 1933 2255 dominatui
1950 2197 2201 2269 subjecti.

629 2293 808 2360 Atque
843 2291 961 2346 haec
979 2292 1202 2362 quidem
1239 2295 1400 2355 ratio,
1438 2291 1690 2361 quamvis
1726 2290 1781 2345 in
1817 2298 2074 2360 promptu
2111 2289 2201 2354 sit,

630 2386 716 2433 est
733 2388 916 2434 tamen
937 2379 1185 2435 historiae
1201 2387 1527 2451 opportuna.
1549 2379 1688 2434 Illud
1709 2386 1892 2434 autem
1910 2393 2019 2433 non
2057 2377 2126 2432 ab
2145 2390 2205 2431 re

632 2468 751 2524 fore
770 2480 925 2540 puto,
947 2470 991 2524 si
1012 2470 1272 2526 subtilius
1288 2472 1554 2542 propositi
1589 2472 1695 2528 loci
1733 2484 1956 2526 sensum
1976 2470 2204 2525 scrutati

632 2559 921 2627 fuerimus,
943 2570 1105 2631 atque
1122 2560 1550 2631 inquisierimus,
1570 2560 1767 2631 ecquid
1788 2559 2036 2623 illudsit,
2056 2559 2203 2629 quod

637 2650 693 2705 in
730 2651 855 2706 sinu
892 2668 1113 2707 manum
1149 2651 1382 2717 abdidit,
1423 2652 1556 2723 quid
1592 2654 1781 2716 etiam,
1820 2651 1966 2722 quod
2005 2651 2205 2707 educta

637 2756 761 2797 cum
780 2742 992 2808 fuisset,
1012 2744 1248 2815 graviter
1266 2744 1415 2815 lepra
1446 2759 1695 2815 reSpersa
1714 2755 1799 2799 est
1822 2763 1833 2797 :
1859 2743 2050 2799 adhaec
2068 2758 2203 2814 pur-

634 2832 869 2903 gationis
887 2833 1109 2889 modum
1144 2835 1470 2906 investigare
1507 2841 1759 2904 oportet;
1801 2850 1927 2889 nam
1969 2834 2064 2888 ubi
2087 2849 2207 2889 ma-

636 2939 768 2978 num
788 2923 844 2977 in
882 2925 1063 2980 sinum
1087 2926 1258 2990 misit,
1281 2925 1349 2979 ab
1366 2940 1434 2980 eo
1453 2924 1647 2980 morbo
1683 2925 1916 2979 liberam
1940 2924 2203 2980 reddidit.

703 3014 899 3069 PALL.
921 3016 1091 3072 Recte
1119 3016 1223 3071 ais.
1248 3016 1437 3087 Neque
1466 3016 1613 3070 enim
1642 3031 1835 3085 parum
1866 3031 1970 3070 nos
1994 3015 2209 3086 juverit

635 3102 753 3158 haec
777 3103 991 3175 singula
1019 3105 1335 3175 exquirere.

704 3190 863 3248 ΟΥΕ.
897 3193 1071 3265 Igitur
1097 3210 1218 3249 mea
1264 3195 1489 3265 quidem
1543 3194 1818 3250 sententia
1844 3209 1934 3249 res
1963 3202 2074 3248 tam
2102 3194 2203 3249 ad-

635 3280 885 3337 miranda
940 3282 1252 3353 huiusmodi
1297 3283 1561 3353 quiddam
1608 3291 1867 3354 tanquam
1898 3281 1956 3337 in
2006 3284 2204 3339 umbra

632 3373 944 3445 signiﬁcare
967 3375 1207 3430 videtur.
1237 3374 1487 3441 Quandiu
1510 3391 1745 3445 namque
1770 3376 1935 3431 homo
1965 3376 2034 3431 ad
2064 3376 2205 3431 ima-

636 3464 820 3535 ginem
858 3466 955 3521 Dei
986 3466 1238 3523 conditus
1269 3465 1664 3537 propemodum
1708 3466 1766 3520 in
1813 3466 1937 3520 sinu
1974 3466 2073 3523 Dei
2099 3482 2205 3521 nu-

638 3556 929 3622 triebatur,
953 3557 1190 3612 necdum
1217 3564 1551 3627 praeceptum
1600 3557 1705 3612 sibi
1735 3572 1768 3612 a
1803 3558 1917 3613 Deo
1943 3557 2207 3614 traditum

637 3647 1072 3713 conculcaverat,
1123 3648 1470 3719 providentia
1510 3656 1568 3703 et
1618 3663 1808 3713 amore
1839 3664 1969 3720 erga
2017 3664 2075 3704 se
2108 3650 2207 3705 Dei

643 3747 843 3803 tectus,
879 3754 1052 3810 purus
1080 3748 1245 3809 atque
1268 3748 1491 3795 sanctus
1518 3748 1575 3795 et
1607 3739 1805 3795 mortis
1835 3740 2060 3811 ignarus
2081 3755 2209 3810 per-

636 3830 929 3885 manebat:
958 3830 1051 3885 ubi
1098 3839 1283 3885 autem
1307 3831 1403 3886 Dei
1426 3829 1685 3902 praesidio
1750 3840 1917 3902 atque
1960 3830 2207 3887 amicitia

636 3919 897 3983 excessit,
948 3920 1097 3990 quod
1128 3920 1184 3975 in
1240 3920 1373 3975 vitia
1407 3920 1704 3992 proclivior
1758 3935 1878 3976 esse
1928 3920 2210 3991 coepisset,

637 4018 755 4065 tum
783 4026 917 4065 vero
944 4010 1212 4082 profanus
1266 4019 1432 4081 atque
1479 4011 1868 4077 exsccrandus,
1898 4018 1956 4066 et
2008 4013 2213 4067 mortis

637 4102 953 4173 impuritate
1014 4104 1270 4159 laborans
1328 4102 1614 4158 manifeste
1663 4102 2037 4174 deprehensus
2089 4112 2199 4158 est.

637 4190 744 4246 Sed
766 4206 889 4246 cum
922 4208 1113 4247 rursus
1154 4207 1254 4247 nos
1283 4192 1396 4263 ipse
1413 4193 1557 4248 Deus
1584 4208 1647 4247 ac
1683 4193 1847 4247 Pater
1875 4193 2205 4264 suscepisset

635 4285 691 4337 in
711 4282 951 4348 Christo,
1003 4292 1060 4338 et
1091 4283 1290 4339 divinae
1318 4284 1507 4354 gratiae
1549 4284 1801 4355 praesidio
1826 4266 2209 4340 circumtei'iis-

633 4383 738 4439 set,
779 4390 843 4432 ac
875 4383 1139 4445 tanquam
1186 4374 1243 4429 in
1288 4376 1413 4430 sinu
1466 4390 1565 4447 per
1612 4374 1925 4446 adoptionis
1994 4374 2200 4429 donum

634 4464 963 4543 contineret,
1014 4465 1163 4522 illico
1185 4482 1294 4521 una
1343 4481 1471 4521 cum
1521 4466 1932 4538 impuritatibus
1994 4475 2202 4521 morta-

2306 2026 2564 2097 στήσεται
2588 2025 2694 2079 τῶν
2715 2022 3078 2095 ἠδικημένων,
3100 2017 3194 2073 καὶ
3213 2019 3335 2080 ταῖς
3356 2014 3668 2083 Αἰγυπτίων
3687 2011 3864 2065 πλεον-

2303 2118 2471 2185 εξίαις
2497 2116 2725 2180 ἀνοσίως
2762 2112 3205 2183 ὑπεζευγμένων.
3236 2109 3349 2163 Καὶ
3381 2107 3537 2176 λόγος
3579 2105 3679 2175 μὲν
3721 2097 3867 2169 οὖτρς

2303 2211 2363 2263 ού
2399 2209 2567 2280 βαθὺς
2591 2245 2607 2273 ,
2644 2209 2708 2277 τῇ
2740 2206 2796 2259 δέ
2829 2204 3042 2275 ἱστορίᾳ
3068 2203 3359 2273 χρήσιμος.
3391 2197 3607 2268 Χρῆναι
3633 2195 3694 2248 δὲ
3720 2189 3866 2263 οἶμαι

2302 2300 2401 2371 τὴν
2438 2298 2533 2353 τοῦ
2574 2296 2933 2369 προκειμένου
2969 2293 3209 2347 διάνοιαν
3237 2287 3694 2351 ἐκδασανίζοντας
3719 2283 3867 2353 ἀκρι-

2306 2391 2437 2455 6ῶς,
2475 2392 2650 2444 ἐκεῖνο
2691 2389 2895 2458 ζητεῖν,
2925 2385 2978 2438 τί
3010 2383 3108 2455 μὲν
3150 2381 3216 2436 ἂν
3261 2380 3346 2449 εῐη
3376 2379 3438 2433 τὸ
3478 2378 3537 2431 ἐν
3570 2375 3650 2446 τῷ
3690 2373 3869 2443 κόλπῳ

2308 2480 2616 2553 συγκρύψαι
2654 2480 2753 2550 τὴν
2795 2481 2954 2549 χεῖρα
2976 2492 2989 2505 ο
3026 2474 3077 2528 τί
3120 2473 3176 2526 δέ
3211 2471 3273 2525 τὸ
3323 2470 3429 2538 ἔξω
3476 2463 3867 2537 γεγενημένην,

2309 2570 2785 2645 καταλεπροῦσθαι
2836 2566 3054 2630 δεινῶς·
3101 2565 3195 2618 καὶ
3236 2562 3372 2633 πρὸς
3409 2558 3623 2621 τούτοις
3664 2555 3746 2608 ἐτι
3785 2553 3868 2608 τδν

2303 2666 2403 2737 τῆς
2430 2662 2749 2734 καθάρσεως
2764 2660 2983 2733 τρόπον.
3020 2657 3214 2721 Ἐνιεὶς
3236 2653 3346 2725 γάρ
3372 2651 3438 2724 δὴ
3457 2650 3536 2723 τῷ
3569 2648 3756 2719 κόλπῳ
3777 2646 3867 2717 τὴν

2306 2759 2483 2829 χεῖρα,
2519 2754 2611 2809 τοῦ
2645 2753 2849 2817 πάθους
2878 2749 3237 2822 ἀπήλλαττεν.
3667 2747 3670 2749 λ

2378 3024 2586 3077 ΠΑΛΛ.
2622 3015 2694 3073 Εὖ
2725 3018 2929 3087 λέγεις.
2985 3011 3226 3083 Ὀνὴσειε
3272 3008 3382 3078 γὰρ
3410 3007 3476 3063 ἂν
3523 3003 3585 3059 ού
3637 3001 3872 3075 μετρίως

2307 3118 2455 3189 ἡμᾶς
2487 3116 2521 3185 ἠ
2551 3113 2634 3182 ἐφ’
2671 3110 2885 3178 ἑκάστῳ
2914 3106 3167 3177 βάσανος.
3242 3117 3252 3125 “

2379 3183 2541 3259 ΚΥΡ.
2573 3199 2783 3258 Οὐκοῦν
2805 3199 2928 3270 ἐμοί
2969 3214 3033 3266 γε
3067 3195 3215 3249 δοκεῖ
3254 3190 3493 3246 τοιοῦτόν
3529 3206 3584 3241 τι
3636 3183 3871 3257 παραδηο

2306 3297 2431 3352 λοῦν
2457 3297 2531 3360 ὡς
2569 3297 2626 3348 ἐν
2657 3294 2787 3364 σκιᾷ
2831 3292 2891 3345 τὸ
2920 3287 3239 3360 παράδοξον.
3278 3285 3426 3346 Ἕως
3468 3281 3569 3352 μὲν
3608 3278 3721 3349 γὰρ
3756 3272 3820 3346 ἦν
3845 3277 3872 3327 ὁ

2307 3388 2428 3441 κατ’
2464 3385 2648 3439 εἰκόνα
2676 3383 2776 3453 τὴν
2798 3380 2949 3434 θείαν
2983 3376 3349 3447 πεποιημένος
3375 3372 3662 3444 ἄνθρωπος
3692 3384 3870 3439 μονον-

2304 3478 2426 3549 ουχὶ
2452 3474 2835 3548 τιθηνούμενος
2871 3474 2930 3526 ἐν
2962 3469 3149 3540 κόλπῳ
3176 3466 3332 3531 Θεοῦ,
3379 3465 3475 3519 καὶ
3504 3462 3605 3534 τὴν
3634 3459 3872 3549 δοθεῖσαν

2304 3545 2458 3620 οὔπω
2474 3545 2723 3635 πατήσας
2739 3561 2977 3632 ἐντολὴν,
2995 3558 3167 3631 φειδοῖ
3177 3556 3268 3611 καὶ
3281 3555 3471 3627 ἀγάπῃ
3483 3555 3549 3625 τῇ
3569 3552 3700 3621 παρ’
3716 3545 3877 3604 αὐτοῦ

2304 3652 2807 3727 κατημφιεσμένὸς,
2848 3648 3089 3722 καθαρὸς
3132 3648 3225 3702 καὶ
3260 3642 3611 3717 ἡγιασμένος,
3644 3641 3741 3693 καὶ
3781 3636 3872 3707 τὴν

2304 3748 2393 3803 διὰ
2420 3746 2652 3801 θανάτου
2673 3744 2941 3816 νέκρωσιν
2974 3742 3074 3796 ούκ
3103 3738 3257 3802 εἰδὼς
3274 3735 3497 3790 διετέλει
3519 3750 3532 3764 ο
3578 3730 3798 3799 Ἐπειδὴ
3820 3728 3875 3781 δὲ

2305 3839 2405 3907 τῆς
2438 3835 2545 3890 ὑπὸ
2567 3834 2686 3906 Θεῷ
2712 3834 2921 3903 σκέπης
2946 3849 3007 3887 τε
3041 3831 3136 3885 καὶ
3156 3828 3337 3899 φιλίας
3366 3824 3635 3895 ἐκϐέϐηκε
3668 3821 3757 3875 διὰ
3772 3818 3873 3871 τῶν

2305 3932 2385 3994 είς
2408 3930 2470 3983 τὸ
2500 3927 2704 3999 φαῦλον
2735 3924 3150 3996 ἀπονευμάτων,
3176 3919 3388 3991 ἀνίερός
3407 3934 3467 3970 τε
3492 3916 3585 3970 καὶ
3605 3912 3875 3986 βδελυρὸς,

2306 4023 2401 4077 καὶ
2424 4021 2522 4093 τὴν
2547 4020 2643 4075 τοῦ
2675 4019 2909 4074 θανάτου
2950 4017 3185 4087 νοσήσας
3219 4010 3581 4083 ἀκαθαρσίαν,
3630 4004 3871 4078 ἐναργῶς

2304 4114 2583 4185 ἠλέγχετο.
2632 4108 3023 4180 Είσδεξαμένου
3067 4106 3125 4161 δὲ
3166 4104 3327 4159 πάλιν
3366 4102 3512 4174 ἡμᾶς
3563 4100 3621 4153 ἐν
3661 4094 3873 4168 Χριστῷ

2303 4201 2401 4256 τού
2429 4200 2562 4255 Θεοῦ
2596 4200 2692 4255 καὶ
2728 4198 2941 4270 [ἰατρὸς
2970 4196 3065 4252 καὶ
3092 4198 3159 4267 τῇ
3193 4193 3313 4265 θείᾳ
3334 4192 3517 4264 χάριτι
3550 4186 3869 4260 περιϐεϐλη-

2306 4296 2483 4359 κότος,
2509 4293 2604 4348 κεῖ.)⁸
2623 4292 2784 4348 οἱονεί
2801 4308 2903 4344 που
2926 4290 2985 4343 ἐν
3004 4289 3225 4351 κόλποις
3252 4287 3465 4357 ἔχοντος
3484 4283 3571 4336 διὰ
3586 4282 3687 4352 τῆς
3702 4278 3868 4333 υἱοθε-

2307 4387 2447 4451 σίας,
2470 4384 2604 4457 όμοῦ
2630 4386 2751 4448 ταῖς
2774 4380 3140 4453 ἀκαθαρσίαις
3170 4379 3265 4432 καὶ
3295 4376 3392 4448 τὴν
3422 4376 3487 4429 ἐκ
3514 4376 3615 4445 τῆς
3646 4370 3867 4444 ἀρχαίας

2305 4478 2444 4549 ἀρᾶς
2483 4473 2850 4536 ἀποϐαλόντες
2889 4470 3178 4541 νέκρωσιν,
3220 4467 3300 4530 εἰς
3330 4465 3390 4517 τὸ
3433 4465 3491 4517 ἐν
3517 4462 3713 4533 ἀρχαῖς
3755 4460 3869 4512 ἀνα·

635 4554 790 4610 litate
823 4571 1043 4625 quoque
1082 4557 1289 4612 veteris
1317 4558 1465 4613 illius
1515 4557 1918 4613 maledictionis
1961 4558 2195 4629 abjccta,

2310 4568 2648 4640 θρώσκομεν.
2675 4564 2991 4636 Γέγραπται
3011 4560 3119 4632 γὰρ
3141 4560 3268 4631 περὶ
3291 4556 3391 4626 τῆς
3410 4554 3654 4618 Μωσέως
3672 4550 3866 4656 χειρδς,

635 4644 704 4699 ad
733 4645 1013 4715 antiquam
1041 4644 1191 4699 illam
1218 4647 1609 4713 conditionem,
1643 4648 1697 4701 in
1732 4664 1840 4719 qua
1865 4663 1897 4703 a
1926 4648 2200 4719 principio

2307 4662 2389 4716 ὅτι
2420 4680 2439 4713 ι
2461 4654 2899 4727 ’Δποκατεστάθη
2916 4657 2995 4718 είς
3012 4653 3110 4725 τὴν
3126 4651 3291 4723 χρόαν
3317 4648 3414 4718 τῆς
3438 4647 3637 4719 σαρκὸς
3658 4641 3832 4699 αὑτοῦ.
3846 4659 3863 4690 ι

635 4738 861 4802 fuimus,
889 4738 1095 4793 reversi
1113 4754 1321 4794 sumus.
1350 4739 1625 4809 Scriptum
1647 4750 1732 4793 est
1761 4740 1963 4810 quippe
1984 4739 2051 4795 de
2079 4756 2200 4795 ma-

634 4845 709 4884 nu
741 4829 908 4900 Moysi
936 4848 948 4882 :
993 4849 1011 4880 ‹
1035 4829 1305 4883 Restituta
1321 4836 1403 4883 est
1426 4828 1494 4883 ad
1511 4830 1748 4884 colorem
1776 4830 1956 4885 carnis
1971 4830 2199 4885 suae".i

702 4918 899 4977 PALL.
935 4920 1350 4992 Elegantissime
1376 4920 1601 4975 dictum.

701 5012 864 5068 CYR.
909 5012 1029 5069 Iam
1067 5028 1204 5067 vero
1264 5012 1485 5067 tertium
1522 5011 1656 5067 illud
1702 5012 1756 5067 in
1787 5026 1853 5068 ea
1890 5027 1949 5067 re
1982 5012 2197 5083 signum

630 5104 1077 5161 manifestissime
1095 5112 1259 5177 atque
1286 5102 1626 5175 apertissime
1650 5100 1854 5158 Christi
1880 5102 2199 5174 mysterium

579 5210 583 5214 ‘
632 5211 766 5253 voce
788 5211 928 5266 pene
952 5196 1193 5251 declarat
1218 5213 1237 5250 :
1253 5196 1334 5251 sic
1347 5194 1497 5249 enim
1514 5195 1657 5249 Deus
1679 5207 1869 5248 rursus
1884 5201 1969 5247 est
1982 5193 2199 5264 Moysen

634 5286 904 5343 allocutus
936 5306 951 5342 :
980 5308 997 5340 ι
1028 5288 1085 5345 Si
1142 5304 1276 5344 vero
1327 5303 1438 5342 non
1470 5286 1813 5342 crediderint
1853 5286 1976 5349 tibi,
2017 5301 2199 5356 neque

634 5366 915 5432 audierint
947 5395 1138 5436 vocem
1173 5379 1314 5451 signi
1351 5379 1574 5450 prioris,
1601 5377 1825 5433 credent
1851 5377 1951 5432 tibi
1980 5393 2077 5447 per
2102 5393 2202 5432 vo-

634 5483 754 5523 cem
782 5468 923 5540 signi
986 5471 1265 5541 sequentis
1299 5472 1367 5525 ¹⁸.
1392 5490 1411 5522 ι
1450 5470 1510 5525 Id
1566 5477 1749 5525 autem
1804 5468 2064 5538 quidnam
2110 5470 2201 5534 sit,

638 5556 900 5624 declarat,
948 5560 1177 5616 dicens:
1243 5581 1259 5613 ι
1289 5561 1538 5631 Eritque,
1590 5560 1637 5615 si
1689 5575 1798 5615 non
1865 5559 2204 5615 crediderint

631 5646 805 5719 signis
842 5650 1061 5709 duobus
1092 5652 1199 5718 his,
1246 5666 1426 5723 neque
1481 5649 1759 5705 audierint
1792 5665 1978 5704 vocem
2033 5660 2201 5719 tuam,

705 5834 752 5865 "
780 5833 969 5890 Matth.
1002 5847 1112 5896 vui,
1141 5830 1190 5883 5.
1270 5830 1315 5860 ’³
1346 5828 1516 5883 Exod.
1550 5844 1620 5891 tv,
1655 5828 1707 5881 7.
1783 5831 1825 5861 ’³
1853 5828 1988 5884 Ibid.
2017 5829 2064 5884 8.

2376 4927 2586 4982 ΠΑΑΛ,
2630 4923 2977 4979 ’Δστειότατα
3007 4920 3162 4991 ἔφης.

2376 5017 2542 5072 ΚΥΡ.
2574 5015 2647 5070 Τδ
2681 5015 2739 5070 δέ
2766 4994 2945 5087 τρίτον
2975 5013 3104 5085 ἡμῖν
3149 5010 3242 5066 ἐπὶ
3274 5008 3715 5079 τούτῳκσημείον,
3746 5004 3858 5074 ἀρι-

2305 5108 2577 5179 δηλότατα
2606 5108 2702 5161 καὶ
2730 5105 3036 5175 ἀναφανδὸν
3068 5103 3129 5157 τὸ
3157 5098 3394 5171 Χριστοῦ
3426 5099 3528 5171 βοᾷ
3560 5098 3854 5170 μυστήριον.

2310 5201 2455 5272 Ἔφη
2481 5198 2591 5268 γὰρ
2629 5197 2726 5251 ὡδὶ
2760 5197 2920 5251 πάλιν
2974 5196 3110 5267 πρὸς
3143 5194 3345 5250 Μωσέα
3369 5192 3500 5255 Θεός
3522 5208 3538 5224 -
3564 5210 3599 5240 ι
3648 5190 3767 5242 Ἐὰν
3810 5186 3857 5238 δὲ

2305 5293 2380 5365 μὴ
2413 5292 2744 5348 πιστεύσωσί
2770 5309 2877 5359 σοι,
2905 5290 3040 5361 μηδὲ
3065 5287 3424 5342 είσακούσωσι
3450 5285 3551 5356 τῆς
3575 5283 3751 5355 φωνῆς
3772 5277 3853 5330 τοῦ

2305 5383 2535 5454 σημείου
2555 5380 2649 5435 τοῦ
2681 5381 2922 5452 πρώτου,
2950 5377 3298 5434 πιστεύσουσί
3335 5395 3416 5430 σοι
3443 5376 3543 5445 τῆς
3572 5372 3747 5445 φωνῆς
3773 5365 3855 5420 τοῦ

2305 5473 2534 5544 σημείου
2567 5472 2662 5526 τοῦ
2692 5472 2966 5545 δευτέρου.
3001 5490 3020 5522 ι
3059 5470 3167 5525 Καὶ
3195 5469 3259 5541 δὴ
3281 5469 3332 5523 τί
3355 5468 3512 5522 τοῦτό
3540 5468 3673 5527 ἐστι,
3694 5458 3859 5517 διεσάο

2303 5581 2411 5634 φει,
2437 5563 2609 5633 λέγων
2630 5578 2643 5593 ⁸
2671 5582 2689 5614 ι
2730 5562 2841 5617 Καὶ
2866 5562 3017 5615 ἔσται
3042 5560 3135 5614 ὲάν
3160 5560 3237 5632 μὴ
3263 5558 3596 5613 πιστεύσωσι
3616 5556 3724 5618 τοῖς
3751 5547 3861 5604 δυσὶ

2305 5655 2553 5727 σημείοις
2586 5654 2815 5720 τούτοις.
2850 5654 2986 5726 μηδέ
3022 5652 3382 5709 είσακούσωσι
3418 5651 3521 5723 τῆς
3553 5648 3731 5722 φωνῆς
3754 5656 3861 5706 σου,
