4046 6522
220 440 314 497 949

932 428 1023 488 DE
1054 428 1498 487 ADORATIONE
1535 428 1605 485 IN
1652 427 1923 485 SPIRITU
1950 428 2040 483 ET
2080 425 2448 485 V'ERITATE.
2490 426 2621 482 LIB.
2650 425 2715 480 ιι.

3334 422 3439 476 250

220 558 349 629 λήψῃ
378 556 484 611 ἀπὸ
500 555 593 610 τοῦ
609 552 803 616 ὓδατος
824 550 921 607 τοῦ
946 549 1216 622 ποταμοῦ,
1243 549 1339 603 καὶ
1353 551 1571 621 ὲκχεετς
1596 550 1691 604 ἐπὶ
1709 549 1768 604 τὸ

1875 548 2063 619 capies
2079 562 2275 619 aquam
2308 546 2571 612 ﬁuminis,
2598 546 2704 616 72
2729 558 2959 615 eamque
2993 543 3192 599 tundes
3225 542 3282 596 in
3325 542 3439 596 ari-

224 642 390 716 ξηρδν,
419 641 511 694 καὶ
544 638 698 693 ἔσται
722 640 785 693 τὸ
816 638 985 709 ὕδωρ,
1016 639 1044 692 0
1067 639 1162 693 ἐὰν
1197 639 1369 711 λάσης
1411 640 1519 693 ἀπὸ
1547 639 1641 693 τοῦ
1668 655 1766 694 πο-

220 731 401 805 ταμοῦ,
445 726 583 801 αἷμα
632 731 725 783 ἐπὶ
765 729 859 784 τοῦ
904 729 1090 802 ξηροῦ.
1127 749 1145 781 ι
1182 731 1503 785 Τελευταῖον
1528 730 1640 802 γὰρ
1687 730 1765 802 τῷ

224 826 393 893 κόσμῳ
424 822 647 892 σημεῖον
674 823 703 875 0
727 820 967 892 Χριστοῦ
1001 822 1192 890 γέγονε
1219 820 1471 885 θάνατος,
1496 821 1644 892 καὶὴ
1677 821 1766 874 διὰ

222 912 304 967 τοῦ
334 910 518 973 ὕδατός
542 926 603 961 τε
644 908 740 963 καὶ
771 908 1004 979 αἵματος
1032 907 1320 979 κάθαρσις,
1366 910 1763 981 προσκειμένου

225 1002 445 1075 δηλονότι
488 1000 583 1054 καὶ
605 999 699 1054 τοῦ
752 999 908 1068 ἁγίου
945 998 1217 1070 σώματος,
1252 998 1283 1052 0
1321 999 1410 1054 διὰ
1451 1000 1553 1070 τῆς
1593 1001 1765 1071 ξηρᾶς

225 1092 555 1164 σημαίνεται·
590 1092 672 1144 ὅτι
717 1091 773 1144 δὲ
802 1089 947 1161 ὕδωρ
991 1091 1086 1143 καὶ
1115 1087 1254 1160 αἷμα
1282 1091 1381 1161 τῆς
1424 1090 1587 1159 άγίας
1635 1092 1767 1161 ἡμῖν

224 1182 417 1253 ἐξεδόθη
469 1180 727 1253 πλευρᾶς,
768 1181 1110 1253 διανυγείσης
1170 1184 1239 1253 τῇ
1290 1181 1481 1253 λόγχῃ,
1535 1184 1768 1253 παρήσω

223 1275 403 1344 λέγειν,
442 1273 533 1327 διὰ
564 1275 625 1328 τὸ
663 1275 829 1328 πᾶσιν
857 1268 998 1327 εἶναι
1028 1275 1477 1346 γνωριμώτατον.
1511 1274 1660 1346 Πλὴν
1686 1276 1768 1328 ὅτι

226 1368 430 1438 σημεῖον
464 1366 493 1419 0
517 1364 610 1418 τοῦ
643 1366 892 1437 Σωτῆρος
920 1364 1236 1438 ὠνόμασται
1271 1365 1517 1431 θάνατος,
1550 1366 1767 1436 ἀναμά-

224 1455 294 1510 θοι
312 1471 391 1519 τις
420 1454 483 1509 ἂν
511 1454 609 1508 καὶ
650 1453 808 1508 τοῦτο
840 1455 1029 1524 σαφῶς
1081 1455 1140 1522 ἐξ
1185 1457 1343 1528 ἱερῶν
1374 1457 1723 1527 Γραμμάτων
1746 1472 1761 1487 ·

222 1546 476 1617 Φαρισαίοι
509 1545 611 1615 μὲν
656 1544 766 1616 γὰρ
794 1545 845 1598 oi
871 1545 1188 1617 πάντολμοι,
1219 1545 1399 1601 καίτοι
1438 1545 1647 1599 πολλῶν
1666 1546 1767 1617 ήδη

222 1635 755 1710 προκατωρθωμένων
782 1635 1096 1707 θαυμάτων,
1113 1637 1189 1701 ὡς
1212 1638 1428 1702 ούδενδς
1457 1638 1766 1707 γεγονότος,

220 1725 496 1798 προσίεσαν
544 1725 793 1794 λέγοντες
820 1726 900 1797 τῷ
924 1727 1181 1798 Χριστῷρ·
1225 1744 1245 1779 ι
1267 1727 1587 1791 Διδάσκαλε,
1612 1746 1631 1779 ›
1668 1744 1771 1797 φα·-

222 1820 313 1883 civ,
346 1838 364 1871 ι
389 1817 613 1889 θέλομεν
655 1818 764 1871 άπὸ
808 1817 903 1872 σοῦ
947 1820 1174 1888 σημεῖον
1215 1818 1365 1873 ίδεῖν.
1394 1839 1413 1873 ι
1465 1819 1521 1874 '0
1549 1819 1607 1873 δὲ
1634 1819 1770 1890 πρὸς

219 1909 427 1975 αὐτούς’
484 1929 503 1963 ι
563 1910 730 1964 Γενεὰ
796 1908 1010 1981 πονηρά
1070 1910 1165 1963 καὶ
1229 1910 1478 1981 μοιχαλὶς
1546 1913 1770 1982 σημεῖον
1803 1899 1842 1953 Β

219 2001 462 2072 ἐπιζητεῖ,
506 2003 605 2056 καὶ
638 2004 865 2072 σημεῖον
900 2002 961 2055 ού
987 2000 1274 2072 δοθήσεται
1303 2003 1463 2074 αὐτῇ,
1522 2005 1572 2057 εί
1608 2002 1684 2075 μὴ
1711 2003 1771 2056 τὸ

220 2098 423 2167 σημεῖον
461 2093 621 2155 Ἰωνᾶ
644 2093 742 2147 τοῦ
770 2093 1072 2165 προφήτου.
1103 2093 1313 2165 Ὥσπερ
1337 2094 1446 2166 γὰρ
1478 2090 1549 2165 ἣν
1585 2095 1770 2160 Ἰωνᾶς

217 2190 267 2241 ὲν
291 2190 352 2259 τῇ
385 2185 566 2257 κοιλίᾳ
612 2185 707 2239 τοῦ
770 2185 968 2257 κήτους
1015 2186 1163 2256 τρεῖς
1214 2183 1427 2256 ἡμέρας
1480 2186 1575 2239 καὶ
1620 2186 1768 2257 τρεῖς

216 2277 414 2341 νύκτας,
438 2275 615 2340 οὕτως
649 2275 805 2329 ἔσται
850 2275 944 2329 καὶ
969 2275 999 2327 0
1031 2274 1161 2338 Υἱὸς
1183 2275 1277 2329 τοῦ
1303 2274 1592 2346 ἀνθρώπου
1617 2279 1675 2330 ὲν
1700 2278 1767 2348 τῇ

217 2368 393 2440 καρδία
426 2367 536 2437 τῆς
561 2368 670 2437 γῆς
700 2369 849 2439 τρεῖς
889 2365 1105 2438 ἡμέρας
1156 2366 1251 2420 καὶ
1296 2369 1444 2439 τρεῖς
1485 2367 1706 2431 νύκτας,
1743 2389 1763 2420 ο

216 2458 408 2513 υύκοῦν
442 2458 641 2530 πρώτη
677 2458 777 2528 μὲν
825 2456 1109 2528 ἀντίληψις
1146 2458 1281 2527 ἡμῖν
1312 2457 1372 2509 ὲν
1411 2457 1653 2529 Χριστῷ,
1682 2457 1771 2512 διὰ

216 2552 363 2623 νόμου
392 2550 487 2604 τοῦ
543 2550 685 2604 κατά
724 2547 955 2603 Μωσέαθ
990 2566 1010 2600 ι
1042 2546 1228 2617 Νόμον
1270 2547 1379 2620 γὰρ
1409 2551 1488 2612 είς
1519 2547 1769 2619 βοήθειαν

214 2645 411 2706 δέδωκε,
473 2661 492 2694 ι
537 2643 675 2695 κατὰ
729 2639 827 2712 τήν
856 2638 949 2693 τοῦ
978 2640 1260 2711 προφήτου
1296 2640 1499 2710 φωνήν.
1545 2638 1772 2693 Ἐπελά-

216 2734 326 2788 σετο
350 2733 404 2787 δὲ
438 2733 536 2804 τῆ..
564 2731 769 2803 κέρκου
799 2730 1030 2801 Μωσῆς.
1062 2730 1305 2802 Δευτέρα
1332 2730 1389 2784 δὲ
1421 2728 1688 2800 κάθαρσις
1712 2731 1769 2782 ὲν

214 2824 414 2896 Χριστῷ
451 2823 516 2894 δή
548 2822 711 2877 πάλιν
739 2821 827 2876 διὰ
870 2822 1165 2893 προφητῶν
1195 2821 1388 2890 ἁγίων,
1419 2820 1515 2874 καὶ
1550 2819 1641 2873 διὰ
1672 2820 1770 2890 τῆς

224 2914 452 2967 Ἰωάννου
479 2911 670 2982 φωνῆς
694 2913 791 2964 καὶ
815 2912 1141 2982 ἀποστολῆς.
1170 2913 1234 2965 Οί
1257 2912 1355 2982 μὲν
1374 2910 1484 2981 γάρ
1507 2910 1765 2979 ἔφασκον’

218 3024 235 3057 ι
272 3004 563 3068 Λούσασθε,
604 3002 838 3075 καθαροὶ
866 3003 1127 3071 γένεσθε·
1167 3022 1188 3055 ι
1227 3005 1257 3057 0
1283 3004 1338 3057 δὲ
1371 3006 1450 3066 είς
1484 3002 1768 3073 βάπτισμα

218 3096 488 3168 μετανοίας
523 3096 733 3151 ἐκάλει.
771 3094 963 3167 Τρίτον
993 3096 1051 3149 δὲ
1083 3098 1330 3167 σημεῖον,
1360 3095 1389 3148 ὃ
1415 3096 1510 3149 καὶ
1538 3094 1767 3164 ἔσχατον

1870 639 2017 705 dam,
2049 648 2106 695 et
2128 640 2237 694 erit
2273 654 2437 709 aqua,
2474 652 2642 708 quam
2666 635 2948 706 acceperis
2972 651 3003 690 a
3027 634 3273 699 ﬂumine,
3310 648 3440 688 san-

1867 734 1989 804 guis
2013 746 2184 802 super
2210 730 2421 786 aridam
2446 731 2521 783 ".
2552 729 2822 787 Ultimum
2849 742 3085 798 namque
3133 726 3340 782 mundo
3360 725 3439 780 si-

1868 839 2035 895 gnum
2058 822 2261 879 Christi
2291 837 2442 877 mors
2486 822 2615 886 fuit,
2645 831 2703 876 et
2732 820 2825 875 illa
2853 834 2953 889 per
2995 834 3192 889 aquam
3228 827 3287 873 et
3311 815 3439 872 san-

1869 918 2091 988 guinem
2114 915 2348 979 ablutio,
2390 914 2651 986 adjuncto
2706 913 2970 967 nimirum
3025 910 3195 965 etiam
3253 915 3442 964 sancto

1870 1021 2120 1076 corpore,
2144 1006 2292 1077 quod
2336 1022 2435 1076 per
2480 1006 2688 1060 aridam
2740 1002 3119 1075 signiﬁcatur:
3169 1000 3443 1056 eﬁluxisse

1871 1105 2054 1153 autem
2077 1098 2237 1153 nobis
2265 1113 2463 1167 aquam
2487 1105 2544 1152 et
2610 1096 2929 1166 sanguinem
2955 1110 3024 1149 ex
3070 1094 3164 1148 illo
3206 1090 3440 1147 sanctis-

1871 1190 2012 1245 simo
2039 1190 2206 1244 latere
2231 1190 2422 1244 lancea
2458 1188 2727 1259 perfosso,
2755 1188 2833 1242 nil
2856 1186 3054 1241 attinet
3081 1185 3288 1249 dicere,
3316 1197 3442 1237 cum

1869 1280 2128 1336 omnibus
2168 1280 2241 1334 sit
2290 1279 2664 1334 notissimum.
2714 1278 2867 1333 Illam
2925 1292 3088 1347 porro
3146 1273 3445 1330 Salvatoris

1869 1373 2044 1430 nostri
2074 1380 2305 1429 mortem
2342 1372 2559 1443 signum
2596 1371 2923 1441 appellatam
2971 1368 3160 1431 fuisse,
3205 1366 3259 1421 id
3302 1381 3445 1436 quo-

1869 1479 1977 1533 que
2002 1478 2070 1517 ex
2089 1463 2261 1518 sacris
2287 1461 2512 1517 Litteris
2547 1461 2729 1531 quivis
2766 1468 2954 1529 aperte
3003 1458 3305 1529 intelligere
3342 1471 3445 1527 po-

1872 1561 2016 1619 test;
2053 1553 2404 1609 audacissimi
2430 1552 2579 1607 enim
2604 1551 2684 1606 illi
2716 1550 2999 1614 Pharisaei,
3023 1547 3275 1619 quamvis
3305 1548 3446 1602 mul-

1871 1654 1927 1700 ta
1946 1644 2103 1715 prius
2125 1644 2274 1698 edita
2297 1652 2485 1699 essent
2512 1642 2800 1707 miracula,
2840 1650 3024 1696 tamen
3048 1640 3206 1710 quasi
3232 1639 3445 1694 nullum

1871 1734 2052 1789 adhuc
2100 1734 2355 1789 effectum
2404 1733 2620 1796 fuisset,
2654 1732 2745 1787 his
2789 1732 2979 1787 verbis
3018 1728 3301 1785 Christum
3348 1745 3444 1800 ag-

1871 1825 2044 1895 gressi
2072 1832 2239 1879 sunt:
2278 1824 2582 1894 «Magister,
2614 1821 2893 1893 inquiunt,
2929 1822 3185 1876 volumus
3212 1836 3243 1874 a
3274 1828 3328 1874 te
3365 1819 3443 1874 si-

1870 1929 2039 1985 gnum
2090 1914 2277 1969 videre
2311 1915 2377 1967 ¹⁶.
2404 1933 2421 1965 ι
2472 1914 2569 1968 llle
2630 1929 2761 1969 vero
2795 1922 2993 1969 contra
3031 1930 3044 1966 :
3096 1930 3114 1964 ι
3148 1910 3445 1967 Ceneratio

1871 2020 2038 2077 prava
2052 2014 2214 2075 atque
2243 2004 2491 2059 adultera
2522 2004 2739 2075 signum
2765 2005 2986 2075 quaerit,
3015 2014 3072 2059 et
3100 2004 3319 2074 signum
3333 2017 3447 2057 non

1871 2096 2094 2152 dabitur
2106 2098 2179 2161 ei,
2211 2097 2317 2151 nisi
2340 2096 2555 2167 signum
2580 2097 2732 2152 Iona:
2762 2096 3064 2167 prophetae.
3093 2095 3249 2152 Sicut
3296 2094 3445 2150 enim

1872 2188 1977 2243 l‘uit
2012 2187 2178 2243 Jonas
2209 2187 2266 2242 in
2302 2195 2493 2243 ventre
2540 2187 2649 2243 ceti
2676 2187 2887 2252 ,trihus
2922 2188 3118 2242 diebus
3163 2202 3228 2241 ac
3269 2186 3446 2241 tribus

1871 2278 2148 2343 noctibus,
2193 2277 2275 2333 sic
2330 2278 2439 2333 erit
2470 2277 2642 2333 Filius
2679 2278 2921 2333 hominis
2968 2279 3026 2332 in
3079 2277 3244 2333 corde
3288 2285 3448 2332 terrae

1872 2370 2050 2425 tribus
2097 2369 2296 2424 diebus
2348 2376 2408 2424 et
2440 2370 2618 2424 tribus
2665 2369 2924 2425 noctibus
2966 2370 3033 2423 ⁸⁷.
3063 2369 3276 2440 ﬂgitur
3330 2368 3446 2438 pri-

1869 2477 2022 2517 mum
2050 2461 2321 2516 auxilium
2360 2462 2418 2515 in
2447 2460 2671 2516 Christo
2692 2459 2855 2515 nobis
2898 2458 3191 2530 praebitum
3238 2469 3325 2513 est
3350 2473 3448 2528 per

1870 2552 2049 2623 legem
2080 2551 2284 2623 Moysi:
2318 2550 2556 2621 «Legem
2604 2565 2841 2620 namque
2873 2549 2932 2604 in
2978 2549 3313 2621 adjutorium
3346 2548 3446 2603 de-

1866 2644 1953 2700 dit
1977 2644 2046 2708 ",
2076 2663 2094 2695 ι
2121 2645 2275 2714 juxta
2328 2643 2612 2713 prophetae
2647 2656 2861 2697 vocem.
2914 2640 3021 2696 Sed
3058 2640 3289 2695 caudam
3345 2655 3447 2709 ap-

1867 2736 2168 2807 prehendit
2203 2735 2433 2806 Moyses.
2478 2733 2736 2790 Secunda
2784 2747 2952 2803 porro
3004 2731 3219 2786 ablutio
3254 2745 3453 2785 rursus

1870 2828 1927 2882 in
1952 2828 2174 2884 Christo
2195 2843 2294 2897 per
2331 2827 2633 2897 prophetas
2679 2833 2919 2889 sanctos,
2968 2840 3032 2879 ac
3068 2839 3168 2893 per
3220 2822 3451 2879 Joannis

1866 2934 2058 2974 vocem
2089 2930 2253 2988 atque
2308 2918 2627 2973 missionem
2662 2916 2867 2971 tributa
2906 2924 3008 2971 est.
3050 2915 3134 2969 llli
3182 2914 3330 2969 enim
3366 2912 3452 2968 di-

1868 3010 2104 3066 cebant:
2141 3028 2159 3059 ι
2197 3007 2505 3071 Lavamini,
2541 3006 2735 3062 mundi
2766 3013 2945 3062 estote
2972 3005 3055 3070 ";
3087 3024 3104 3056 ι
3144 3004 3234 3060 hic
3263 3014 3449 3058 autem

1870 3101 1939 3155 ad
1963 3100 2299 3170 baptismum
2334 3099 2680 3169 pcnnitentite
2708 3098 2962 3153 vocabat.
2994 3096 3245 3151 Tertium
3285 3095 3448 3149 deni-

214 3186 335 3243 εἷναί
352 3204 531 3256 φασιν,
548 3190 579 3242 0
594 3188 833 3259 Χριστοῦ
852 3187 1102 3251 θάνατος,
1115 3189 1201 3255 ἐφ’
1214 3180 1258 3254 ᾧ
1276 3188 1370 3240 καὶ
1384 3186 1567 3250 πίστις
1585 3204 1597 3216 ·
1609 3205 1628 3237 ι
1639 3185 1697 3238 Ἐ
1708 3188 1767 3239 iw

1869 3209 1977 3264 que
1990 3193 2229 3264 signum,
2269 3192 2417 3262 quod
2444 3190 2588 3245 idem
2623 3190 2984 3246 novissimum
3014 3203 3135 3244 esse
3165 3188 3260 3252 ait,
3284 3186 3452 3243 Chri-

214 3280 308 3352 γάρ
337 3280 410 3351 μή
444 3278 779 3333 πιστεύσωσί
816 3294 919 3345 σοι,
946 3297 964 3329 ι
990 3277 1143 3348 φησὶ,
1182 3298 1201 3329 ι
1228 3277 1361 3348 μηδὲ
1405 3276 1764 3330 είσακούσωσι

213 3371 299 3441 τῆς
332 3371 510 3441 φωνῆς
530 3369 630 3423 τοῦ
655 3369 881 3439 σημείου
914 3368 1008 3422 τοῦ
1051 3366 1292 3439 πρώτου,
1322 3366 1674 3421 πιστεύσουσι
1698 3369 1766 3437 τῇ

214 3466 346 3535 φωνῇ
363 3462 454 3517 τοῦ
480 3461 713 3533 σημείου
726 3459 821 3514 τοῦ
842 3458 1149 3530 δευτέρου.»
1184 3459 1347 3530 Ὀρᾷς
1369 3448 1451 3511 ὅτι
1467 3457 1566 3528 τήν
1586 3456 1767 3511 πίστιν

214 3554 578 3625 ἀκολουθήσειν
606 3547 666 3607 εὖ
688 3552 830 3622 μάλα
855 3553 1042 3622 φησὶν,
1066 3550 1186 3620 ούχὶ
1211 3550 1288 3620 τῷ
1311 3552 1510 3622 πρώτῳ
1534 3547 1765 3620 σημείῳ,

213 3646 340 3700 τοῦτ’
368 3645 535 3712 ἐστιν,
563 3644 627 3698 οὺ
649 3641 1017 3715 τῇὰντιλήψει
1042 3645 1107 3713 τῇ
1139 3643 1282 3695 κατὰ
1303 3642 1484 3710 νόμον,
1511 3638 1634 3694 οὔτε
1661 3640 1767 3711 μὴν

213 3740 271 3809 τῇ
295 3736 380 3791 διὰ
408 3740 580 3808 μέσου
619 3733 907 3807 καθάρσει,
938 3732 1085 3787 τοῦτ’
1103 3733 1242 3801 ἔστι,
1272 3735 1337 3804 τῇ
1357 3732 1442 3787 διὰ
1473 3730 1766 3805 προφητῶν

213 3829 383 3897 ἁγίων,
410 3829 504 3883 καὶ
538 3827 790 3882 Ἰωάννου
814 3825 1000 3896 τυχὸν,
1031 3826 1165 3897 μόνῃ
1187 3826 1245 3880 δὲ
1272 3829 1337 3897 τῇ
1369 3828 1518 3896 φωνῇ
1546 3824 1640 3878 τοῦ
1665 3841 1765 3894 ση-

216 3921 350 3989 μείου
393 3919 488 3973 τοῦ
546 3919 801 3989 ἐσχάτου.
871 3918 946 3971 Οὐ
995 3916 1104 3989 γὰρ
1155 3917 1369 3986 ἄφωνον
1412 3917 1475 3970 τὸ
1527 3916 1765 3987 Χριστοῦ

217 4013 517 4084 μυστήριον,
547 4010 782 4066 καλεῖδὲ
814 4010 1139 4082 σύμπαντας
1169 4009 1295 4073 τοὺς
1321 4008 1427 4063 άνά
1458 4010 1641 4063 πᾶσαν
1669 4009 1767 4078 τὴν

213 4102 301 4173 γῆν
333 4102 518 4175 ὑψηλῷ
560 4103 658 4157 καὶ
687 4101 994 4174 διαπρυσίῳ
1059 4101 1377 4173 κηρύγματι
1410 4100 1546 4171 πρὸς
1572 4100 1672 4171 τὴν
1699 4101 1765 4153 δι’

215 4192 384 4257 ὕδατός
424 4211 482 4247 τε
525 4194 626 4247 καὶ
668 4192 902 4262 αἵματος
953 4192 1237 4261 κάθαρσιν,
1271 4192 1363 4245 καὶ
1413 4191 1518 4262 μὴν
1556 4192 1650 4245 καὶ
1686 4192 1767 4254 είς

206 4283 515 4355 ,ζωοποίησιν
541 4282 644 4353 τὴν
676 4282 818 4336 κατὰ
852 4282 1151 4354 μετάληψιν
1188 4282 1288 4352 τῆς
1329 4282 1491 4351 ἁγίας
1540 4282 1760 4355 σαρκός.

223 4372 491 4444 Ὑπηρέτει
546 4369 837 4442 τοιγαροῦν
888 4373 919 4424 0
963 4372 1127 4441 νόμος
1186 4373 1298 4434 τοῖς
1348 4370 1479 4442 περὶ
1525 4370 1763 4443 Χριστοῦ

215 4462 669 4532 προαγγέλμασιν,
704 4458 867 4523 αὐτὸς
888 4459 946 4512 δέ
978 4460 1125 4513 ἑστιν
1151 4460 1212 4512 ού
1237 4458 1356 4513 λίαν
1384 4460 1565 4523 ίκανδς
1594 4462 1673 4524 είς
1704 4459 1767 4514 τὸ

1867 3286 1936 3339 sti
1971 3300 2119 3339 mors
2139 3283 2281 3349 fuit;
2322 3298 2432 3352 quo
2459 3282 2608 3347 dato,
2657 3282 2796 3338 ﬁdes
2839 3289 2926 3337 est
2971 3281 3301 3337 subsecuta:
3346 3299 3364 3330 ι
3389 3279 3449 3334 Si

1865 3374 2013 3428 enim
2040 3388 2152 3427 non
2176 3370 2528 3426 crediderint
2570 3371 2695 3435 tibi,
2725 3370 2927 3441 inquit,
2964 3384 3143 3438 neque
3164 3367 3448 3423 audierint

1866 3478 2058 3518 vocem
2096 3461 2238 3532 signi
2299 3461 2524 3532 prioris,
2559 3461 2787 3517 credent
2836 3460 2961 3516 voci
3020 3458 3163 3530 signi
3208 3473 3448 3529 sequen-

1868 3552 1939 3607 tis
1967 3552 2033 3606 ³⁸.
2057 3571 2076 3603 ι
2102 3550 2270 3606 Vides
2291 3558 2355 3605 ut
2376 3549 2542 3606 ﬁdem
2569 3557 2760 3620 aperte
2796 3549 2873 3604 ait
2889 3555 3313 3604 consecuturam
3336 3560 3448 3601 non

1866 3645 2050 3713 primo
2079 3641 2236 3713 signo
2271 3641 2443 3706 edito,
2472 3641 2529 3696 id
2560 3650 2665 3705 est,
2699 3656 2810 3696 non
2848 3639 3117 3696 continuo
3159 3648 3285 3710 post
3312 3638 3457 3709 legis

1866 3732 2359 3803 auxilium,.neque
2406 3740 2531 3801 post
2582 3730 2819 3786 mediam
2850 3730 3215 3795 ablutionem,
3252 3729 3309 3784 id
3362 3738 3450 3784 est

1865 3842 1986 3882 eam
2033 3841 2141 3896 qua
2191 3819 2715 3896 prophe'tés‘sancti,
2742 3831 2801 3890 et
2824 3822 3067 3878 Joannes
3114 3820 3451 3885 abluerunt;

1867 3922 1963 3975 sed
1996 3921 2172 3974 solum
2205 3927 2548 3987 postvocem
2578 3916 2718 3987 signi
2737 3896 3042 3987 postremi.-
3074 3928 3257 3990 neque
3299 3912 3448 3967 enim

1866 4024 2000 4063 voce
2044 4016 2195 4063 caret
2231 4008 2412 4078 ipsum
2461 4006 2671 4063 Christi
2733 4015 3140 4061 sacramentum
3187 4007 3262 4071 ³¹;
3336 4002 3455 4058 imo

1867 4116 1997 4155 vero
2046 4100 2339 4155 universos
2376 4106 2537 4153 vocat
2581 4114 2683 4168 per
2739 4104 2917 4151 totum
2963 4096 3177 4160 orbem,
3233 4094 3448 4150 excelsa

1865 4192 2102 4262 quadam
2124 4192 2549 4261 vehementique
2582 4188 2997 4259 praedicatione,
3033 4187 3101 4242 ad
3123 4202 3279 4257 aqua:
3314 4202 3444 4241 san-

1865 4284 2156 4355 guinisque
2184 4286 2483 4347 lavacrum,
2507 4289 2565 4336 et
2595 4281 2823 4351 quidem
2864 4281 3031 4336 etiam
3078 4280 3147 4335 ad
3198 4278 3445 4334 viviﬁca-

1866 4374 2109 4437 tionem,
2183 4387 2347 4443 quam
2391 4379 2596 4426 sancta:
2648 4370 2833 4425 carnis
2879 4368 3030 4423 illius
3096 4366 3447 4450 participatio

1864 4471 2108 4536 praestat.
2144 4464 2256 4518 Lex
2285 4477 2417 4533 ergo
2469 4460 2754 4517 Christum
2798 4458 3238 4530 praanuntiando,
3275 4456 3444 4511 mini-

213 4552 489 4617 ἀνασώζειν
522 4550 785 4606 δύνασθαί
817 4567 985 4614 τινας.
1005 4550 1356 4623 Παραδείξειε
1386 4551 1443 4605 δ’
1471 4550 1557 4617 ἂν,
1584 4547 1759 4623 οῐμαι,

1866 4555 2097 4610 sterium
2130 4552 2415 4609 exhibuit:
2446 4551 2502 4605 in
2538 4567 2604 4607 ea
2638 4560 2823 4605 tamen
2853 4566 2970 4605 non
3021 4549 3153 4604 satis
3191 4546 3444 4619 fpraesidii

212 4646 282 4707 τὶς
308 4646 395 4698 καὶ
440 4643 603 4698 τοῦτο
659 4641 846 4712 σαφῶς
889 4642 1254 4713 ὁμολογοῦντα
1304 4641 1506 4696 Μωσέα
1558 4644 1652 4696 καὶ
1677 4642 1764 4696 διὰ

211 4736 297 4806 τῆς
339 4736 710 4809 προκειμένης
747 4734 1087 4807 συγγραφῆς.
1127 4734 1320 4788 Καίτοι
1359 4734 1465 4805 γὰρ
1516 4734 1764 4804 λέγοντος

213 4837 293 4891 τοῦ
312 4838 460 4902 Θεοῦ,
488 4840 573 4893 ὅτι
603 4838 837 4907 Ἐσομαι
880 4835 1019 4906 μετὰ
1052 4834 1170 4899 σοῦ,
1191 4834 1683 4905 προαναπείθοντος
1706 4835 1762 4888 δὲ

213 4938 653 5011 θαυματουργίαις
679 4937 858 5000 αὑτὸν,
883 4936 1132 5007 ἐλιπάρει
1160 4936 1354 5005 λέγων’
1382 4956 1400 4988 ι
1438 4936 1629 5007 Κύριε,
1651 4937 1750 5006 οὐχ

215 5040 377 5105 ίκανός
401 5043 517 5113 εἶμι
558 5039 664 5111 πρὸ
690 5042 789 5110 τῆς
814 5038 959 5110 χθὲς.
989 5037 1110 5091 οὐδὲ
1145 5039 1249 5110 πρὸ
1276 5040 1376 5110 τῆς
1412 5039 1605 5110 τρίτης
1626 5040 1763 5110 ήμέ-

214 5154 320 5208 ρας,
360 5138 477 5192 οὐδὲ
515 5139 609 5208 ἀφ’
641 5129 703 5191 οὗ
760 5137 910 5209 ήρξω
957 5136 1137 5190 λαλεῖν
1181 5136 1256 5205 τῷ
1303 5137 1594 5209 θεράποντί
1644 5157 1761 5193 σου.

224 5240 555 5310 ’ἰσχνόφωνος
594 5240 685 5294 καὶ
728 5238 1141 5310 βραδύγλωσσος
1191 5238 1302 5306 ἐγώ
1340 5240 1478 5309 ειμι.
1532 5236 1665 5291 Εἶπε
1703 5240 1760 5292 δὲ

212 5339 396 5410 Κύριος
413 5341 551 5413 πρὸς
572 5339 777 5410 Μωσῆν
799 5356 813 5370 ο
834 5339 929 5403 Τίς
955 5338 1123 5392 ἔδωκε
1149 5338 1325 5409 στόμα
1352 5338 1644 5411 ἀνθρώπῳ,
1664 5340 1760 5394 καὶ
1792 5350 1799 5355 ’

210 5438 284 5502 τίς
318 5440 536 5511 ἐποίησε
563 5440 844 5508 δύσκωφον
874 5439 968 5493 καὶ
993 5438 1208 5509 κωφόν,
1242 5439 1507 5511 βλέποντα
1541 5442 1636 5496 καὶ
1666 5460 1762 5496 τυ·
1780 5472 1796 5489 ς

212 5538 359 5609 φλόν;
384 5541 482 5594 οὐκ
506 5539 617 5608 ἑγὼ
644 5539 848 5610 Κύριος
866 5541 895 5592 0
922 5538 1084 5605 Θεός;
1118 5539 1230 5594 Καὶ
1257 5539 1352 5594 νῦν
1380 5542 1638 5612 πορεύου,
1668 5543 1762 5598 καὶ

212 5636 312 5702 ὶγὼ
326 5640 517 5706 ἁνοίξω
551 5639 611 5693 τὸ
644 5640 817 5709 στόμα
852 5654 968 5703 σου,
1002 5638 1096 5692 καὶ
1124 5638 1445 5710 συμϐιϐάσω
1478 5656 1538 5694 σε
1559 5640 1595 5695 ἃ
1629 5642 1759 5712 μέλ-

213 5734 309 5800 λεις
355 5737 607 5807 λαλῆσαι.
669 5739 776 5792 Καὶ
842 5733 964 5792 εἶπε
1011 5738 1242 5808 Μωσῆς’
1284 5738 1505 5809 Δέομαι,
1562 5739 1755 5810 Κύριε,

214 5867 239 5899 η
277 5834 315 5864 ’⁸
343 5833 504 5888 Exod.
527 5834 666 5900 m9.
736 5835 780 5867 "
813 5834 1002 5889 Matth.
1038 5850 1130 5901 xu,
1167 5832 1252 5888 38.
1326 5836 1368 5868 "
1402 5835 1673 5901 lbid.,39,
1710 5836 1791 5891 50.

1862 4646 1969 4718 73
1993 4654 2080 4701 est
2123 4645 2190 4700 ad
2234 4644 2470 4699 salutem
2513 4643 2794 4714 aliquibus
2840 4642 3235 4708 tribuendam;
3273 4641 3444 4712 idque

1861 4745 2052 4808 aperte
2108 4736 2329 4808 Moysen
2388 4735 2660 4801 conﬁteri,
2727 4734 2889 4791 facile
2947 4734 3132 4805 quivis
3192 4732 3446 4789 ostendat

1863 4831 2030 4885 etiam
2065 4845 2134 4884 ex
2178 4828 2479 4899 propositae
2516 4829 2818 4900 Scriptura:
2837 4828 2993 4883 loco:
3022 4824 3277 4897 quamvis
3293 4824 3442 4879 enim

1863 4920 2098 4976 dixisset
2162 4921 2327 4983 Deus,
2393 4935 2453 4975 se
2512 4936 2638 4976 cum
2697 4918 3063 4981 eofuturum,
3089 4916 3251 4986 idque
3289 4913 3443 4984 prius

1863 5008 2029 5064 editis
2076 5008 2358 5064 miraculis
2407 5009 2459 5063 ei
2512 5008 2791 5072 suaderet,
2848 5006 2945 5061 ille
2984 5014 3166 5060 tamen
3216 5002 3442 5073 rogabat

1861 5118 1991 5158 eum
2019 5101 2244 5156 dicens:
2288 5119 2306 5153 ι
2330 5100 2579 5165 Domine,
2617 5116 2727 5156 non
2773 5115 2895 5155 sum
2919 5106 3081 5169 aptus
3102 5105 3237 5167 ante
3292 5093 3438 5158 heri,

1861 5210 2040 5265 neque
2087 5202 2215 5248 ante
2256 5193 2475 5247 tertiam
2517 5193 2687 5255 diem,
2732 5205 2914 5261 neque
2966 5205 3031 5243 ex
3066 5203 3176 5257 quo
3220 5184 3440 5255 ccepisti

1860 5285 2011 5355 loqui
2034 5300 2197 5339 servo
2225 5292 2360 5339 tuo:
2402 5283 2592 5354 gracili
2623 5297 2781 5346 voce,
2814 5289 2873 5336 et
2908 5280 3063 5335 tarda
3108 5278 3293 5349 lingua
3337 5292 3440 5347 ego

1861 5391 2005 5430 sum.
2031 5376 2179 5431 Dixit
2225 5385 2414 5431 autem
2460 5373 2749 5437 Dominus,
2777 5371 2981 5442 inquit,
3010 5371 3079 5425 ad
3104 5385 3267 5425 eum:
3304 5367 3442 5435 Quis

1859 5467 2101 5523 deditos
2124 5466 2358 5531 homini,
2405 5475 2462 5520 et
2506 5463 2633 5534 quis
2668 5463 2803 5519 fecit
2842 5471 3057 5517 mutum
3095 5469 3153 5516 et
3184 5458 3439 5522 surdum,

1862 5557 2141 5612 videntem
2206 5565 2263 5611 et
2322 5570 2567 5619 caseum;
2614 5568 2797 5608 nonne
2831 5568 2933 5623 ego
2965 5550 3229 5608 Dominus
3254 5546 3441 5602 Deus?

1864 5649 1932 5702 Et
1973 5662 2120 5703 nunc
2178 5647 2340 5711 vade,
2386 5657 2444 5702 et
2518 5660 2621 5716 ego
2701 5644 2944 5715 aperiam
3000 5658 3063 5698 os
3141 5650 3331 5701 tuum,
3384 5646 3441 5690 et

1866 5743 2130 5799 instruam
2184 5756 2258 5808 te,
2319 5758 2442 5815 qua:
2496 5741 2667 5796 debes
2714 5739 2903 5811 loqui;
2955 5747 3013 5792 et
3066 5735 3144 5791 ait
3196 5733 3441 5804 Moyses:

1862 5840 2023 5911 ".lsa.
2052 5856 2123 5893 rx.
2170 5844 2213 5873 ’³
2240 5839 2353 5895 bid.
2387 5855 2421 5902 ι,
2452 5838 2535 5894 l6.
2580 5838 2623 5868 ³⁸
2648 5835 2817 5891 Exod.
2848 5851 2920 5899 tv,
2945 5832 2995 5886 8.
3075 5830 3113 5861 ³¹
3142 5823 3450 5886 Prov.lx,5-
