4046 6500
576 806 591 906 1

609 394 705 447 231

1741 394 2015 449 CYRILLI
2055 392 2525 447 ALEXANDRINI
2565 389 2885 447 ARCHIEP.

3772 382 3880 439 232

610 510 859 563 Obsecro
888 549 902 573 ,
959 510 1226 574 Domine,
1282 510 1421 580 elige
1468 507 1635 561 alium
1701 516 1979 577 potentem
2026 522 2176 576 quem

2298 508 2641 579 προχείρισαι
2693 506 2852 560 ἀλλον
2883 502 3201 573 δυνάμενον,
3244 500 3303 555 ὃν
3354 498 3696 563 ἀποστελεῖς.
3724 518 3744 551 ι
3796 498 3873 552 οὐ

613 599 799 655 mittes
832 601 895 653 ".
923 620 941 650 ι
986 601 1174 670 Neque
1216 601 1363 655 enim
1403 600 1489 654 lex
1530 598 1827 653 admodum
1854 607 2051 668 potens
2082 608 2186 663 est,

612 706 791 760 neque
834 691 966 745 satis
1016 692 1162 746 valet
1225 689 1296 745 ad
1344 690 1665 744 universum
1716 690 1904 743 orbem
1967 704 2187 744 conser-

611 782 873 846 vandum,
896 790 1058 851 atque
1082 782 1363 836 hominem
1385 798 1454 836 ex
1489 781 1697 835 diaboli
1722 780 2011 835 dominatu
2048 781 2188 835 libe-

612 875 866 929 randum.
892 875 1004 929 Nec
1054 890 1187 929 vero
1228 875 1519 946 ignorabat
1556 874 1767 946 Moyses
1792 916 1806 938 ,
1844 890 1902 928 se
1960 873 2187 927 tardilo-

611 974 868 1034 quentem
901 981 1042 1029 esse,
1072 976 1129 1021 et
1156 967 1347 1038 gracili
1395 982 1552 1029 voce,
1581 982 1648 1020 ex
1694 982 1760 1021 eo
1781 966 2015 1020 maxime
2049 974 2189 1019 tem-

610 1072 764 1124 pore,
797 1072 906 1126 quo
928 1072 1055 1112 cum
1082 1073 1150 1112 eo
1186 1058 1338 1128 loqui
1375 1058 1635 1127 cmpisset
1664 1058 1830 1120 Deus,
1857 1057 2021 1125 eique
2048 1072 2187 1125 prte-

609 1149 815 1218 cipere,
852 1160 911 1205 ut
936 1152 1004 1205 de
1034 1168 1092 1206 se
1117 1167 1430 1206 sermonem
1491 1151 1754 1216 haberet;
1792 1150 1870 1203 ait
1914 1163 2184 1218 namque:

614 1259 634 1290 ι
665 1240 757 1295 Sic
810 1242 963 1297 dices
1024 1243 1153 1298 ﬁliis
1210 1244 1375 1298 lsrael
1402 1262 1413 1295 :
1453 1244 1565 1313 Ego
1620 1259 1740 1297 sum
1772 1241 1867 1311 qui
1895 1256 2016 1295 sum
2043 1259 2055 1293 :
2086 1241 2190 1295 hoc

610 1331 745 1386 mihi
770 1349 971 1387 nomen
1005 1334 1068 1387 ⁸³.
1091 1354 1108 1384 ι
1140 1333 1404 1388 Tardiore
1437 1334 1642 1387 etenim
1672 1333 1856 1403 lingua
1876 1334 1964 1386 lex
2006 1332 2187 1401 loqui-

611 1431 722 1488 tur,
778 1441 945 1493 quam
989 1436 1051 1480 ut
1083 1427 1217 1481 satis
1249 1442 1508 1496 expresse
1540 1426 1609 1481 de
1633 1441 1722 1491 eo,
1757 1427 1853 1495 qui
1881 1433 1986 1489 est,
2020 1426 2189 1479 verba

610 1517 811 1583 faciat;
849 1534 1031 1589 neque
1093 1526 1181 1573 est
1236 1518 1529 1589 ejusmodi,
1576 1524 1637 1571 ut
1675 1515 2003 1571 venerandae
2041 1516 2189 1570 illius

612 1607 1016 1678 iueﬂ‘abilisque
1078 1618 1292 1664 naturae
1375 1609 1668 1681 mysteria,
1730 1624 1853 1678 quae
1894 1609 1949 1663 in
2001 1616 2190 1662 sancta

612 1699 884 1755 Trinitate
929 1700 1193 1755 adoratur
1215 1709 1271 1755 et
1298 1700 1518 1761 colitur,
1562 1700 1840 1769 explicare
1870 1706 1927 1753 et
1970 1698 2186 1752 tradere

610 1800 799 1861 queat.
833 1792 914 1846 Ad
952 1793 1066 1847 haac
1094 1792 1286 1861 gracili
1306 1799 1392 1845 est
1441 1790 1768 1860 infirmaque
1790 1807 1944 1852 voce,
1994 1789 2087 1844 vix
2129 1798 2189 1843 ut

608 1898 735 1937 cum
774 1883 904 1937 solis
926 1883 1188 1938 lsraelitis
1210 1883 1449 1952 colloqui
1470 1883 1667 1953 possit,
1691 1898 1753 1936 ac
1774 1897 1874 1951 per
1895 1882 2100 1937 Iudaee
2125 1882 2186 1935 li-

607 1986 706 2025 nes
746 1980 956 2025 tantum
996 1971 1311 2036 exauditur,
1346 1986 1472 2025 cum
1511 1973 1633 2026 aliae
1666 1980 1860 2041 gentes
1893 1988 2088 2026 omnes
2114 1988 2183 2027 ne

606 2064 772 2119 fando
818 2064 1044 2135 quidem
1096 2081 1294 2121 sonum
1347 2067 1471 2137 ejus
1510 2064 1923 2135 praedicationis
1955 2066 2186 2120 auribus

603 2160 938 2229 acceperint.
984 2158 1124 2213 Cum
1148 2159 1335 2229 itaque
1366 2158 1695 2229 praevideret
1734 2157 1931 2213 beatus
1973 2158 2185 2230 Moyses

601 2263 753 2312 eum,
803 2249 897 2318 qui
939 2249 1146 2318 Optime
1202 2258 1389 2319 posset
1443 2265 1766 2319 expressum
1815 2259 1981 2320 atque
2013 2266 2182 2321 expo—

601 2339 762 2395 litum
785 2340 853 2395 de
868 2341 981 2396 Deo
1009 2357 1319 2397 sermonem
1347 2341 1665 2396 auditorum
1688 2342 1915 2396 auribus
1932 2342 2179 2407 fundere,

601 2440 659 2485 et
694 2432 955 2486 universo
987 2432 1110 2485 orbi
1145 2432 1306 2487 facile
1320 2432 1644 2502 prazdicare,
1672 2432 1726 2486 id
1751 2433 2177 2499 est,Christum,

610 2542 627 2573 ‹
658 2522 923 2587 Obsecro,
991 2524 1242 2587 Domine,
1277 2543 1294 2574 ι
1354 2523 1557 2593 inquit,
1623 2543 1640 2574 ‹
1682 2524 1825 2596 elige
1875 2531 2177 2595 potentem,

600 2630 763 2683 quem
796 2614 981 2669 mittes
1015 2615 1080 2667 ³⁵.
1108 2635 1125 2665 ι
1162 2614 1418 2671 Christus
1453 2615 1603 2669 enim
1645 2624 1729 2670 est
1771 2617 1865 2670 ille
1908 2632 2037 2671 vere
2079 2632 2178 2686 po-

602 2718 743 2771 tens,
780 2724 943 2778 quem
982 2709 1099 2763 suis
1145 2710 1489 2779 temporibus
1529 2726 1595 2763 ex
1626 2711 1972 2780 beneplacito
1999 2712 2095 2765 Dei
2116 2727 2179 2767 ac

598 2799 779 2854 Patris
812 2800 866 2854 in
900 2816 1021 2855 eam
1049 2816 1165 2855 rem
1185 2801 1503 2871 eligendum
1530 2802 1670 2865 fore,
1698 2818 1798 2872 per
1836 2804 2012 2872 legem
2035 2818 2178 2872 quo-

598 2908 705 2961 que
737 2894 1061 2962 praedictum
1096 2894 1219 2949 fuit.
1253 2896 1349 2949 llla
1379 2904 1563 2949 autem
1603 2904 1728 2966 post
1765 2898 1862 2951 Dei
1900 2897 2176 2965 pollicita-

598 2984 826 3048 tionem,
855 2986 1267 3055 multorumque
1297 2986 1577 3055 signorum
1604 2988 2000 3051 ostensionem,
2025 2989 2175 3059 Moy-

595 3072 641 3127 si
672 3075 964 3141 recusatio,
990 3092 1100 3129 non
1124 3076 1362 3129 absurde
1388 3077 1557 3131 fuerit
1591 3079 1903 3131 cunctantis
1934 3079 2172 3144 lsraelis,

594 3165 868 3236 simulque
940 3167 1045 3221 sub
1097 3165 1303 3221 Christi
1354 3168 1587 3237 imperio
1639 3167 1844 3222 divinis
1893 3170 2174 3239 evangeli-

592 3257 783 3327 cisque
832 3257 1160 3312 ministeriis
1203 3257 1427 3329 defungi
1466 3267 1522 3311 et
1582 3258 1966 3328 obtemperare
2011 3264 2173 3312 recu-

591 3350 785 3414 santis,
805 3350 899 3419 qui
938 3357 1063 3419 post
1104 3349 1539 3405 innumerabiles
1572 3350 1793 3405 habitos
1831 3351 1899 3404 de
1922 3350 2029 3406 fide
2060 3367 2178 3405 ser-

591 3454 804 3505 mones,
833 3441 1242 3511 multorumque
1277 3442 1559 3512 signorum
1583 3441 1979 3506 ostensionem,
2011 3443 2174 3496 audi-

593 3540 711 3586 tum
764 3542 945 3587 tamen
997 3533 1150 3587 illum
1187 3549 1407 3604 gravem
1446 3540 1611 3601 atque
1656 3531 1874 3586 tardum
1927 3532 2176 3601 pertina-

593 3622 733 3676 citer
782 3628 1118 3687 tenuerunt,
1163 3633 1329 3693 atque
1393 3623 1665 3678 increduli
1721 3634 2171 3693 permanserunt.

593 3710 704 3782 74
737 3712 806 3765 Ει
836 3712 924 3766 bis
970 3712 1194 3781 quidem
1245 3713 1458 3781 Moyses
1504 3712 1817 3766 recusavit:
1858 3711 1969 3767 duo
2025 3713 2175 3767 enim

593 3812 839 3873 tempora
871 3802 1202 3868 inciderunt,
1237 3804 1291 3858 in
1322 3804 1525 3873 quibus
1558 3803 1858 3859 effrenatus
1891 3812 1947 3858 et
1977 3813 2176 3859 contu-

591 3910 717 3950 max
740 3895 911 3951 fuerit
944 3897 1131 3961 Israel,
1176 3897 1280 3951 sub
1319 3895 1502 3967 Moyse
1543 3904 1600 3950 et
1632 3896 1820 3960 Josue,
1861 3912 1927 3951 ac
1961 3896 2174 3951 Iudici-

589 3987 717 4053 bus,
770 3997 828 4044 et
866 3998 1244 4059 consequente
1300 3988 1565 4059 deinceps
1601 3996 1868 4058 tempore,
1904 4005 2015 4058 quo
2043 4005 2174 4058 pro-

588 4080 771 4149 pheta:
803 4079 1049 4144 fuerunt,
1102 4096 1165 4134 ac
1196 4080 1457 4144 Joannes,
1510 4079 1605 4148 qui
1641 4078 1748 4133 fuit
1802 4081 1956 4134 velut
1992 4080 2049 4133 in
2086 4080 2173 4133 in-

588 4173 828 4227 terstitio
857 4172 1071 4241 positus
1089 4173 1460 4240 apostolorum
1485 4186 1549 4225 ac
1580 4170 2014 4240 prophetarum;
2048 4170 2174 4225 ﬁnis

585 4262 792 4332 quippe
819 4261 925 4315 fuit
958 4262 1266 4331 prephetici
1310 4260 1577 4325 muneris,
1634 4260 1889 4328 idemque
1945 4259 2168 4313 initium

585 4369 653 4410 ac
689 4354 862 4409 veluti
883 4353 1144 4423 primitiae
1163 4352 1476 4422 splendoris
1495 4351 1805 4421 apostolici.
1853 4350 1959 4404 Sed
2002 4350 2171 4422 Moysi

586 4446 862 4502 recusatio
885 4446 954 4500 ad
1001 4446 1137 4500 iram
1185 4446 1503 4514 provocavit
1553 4446 1748 4509 Deum,
1802 4444 2044 4513 denique
2083 4460 2173 4499 res

2224 1856 2260 1908 Β

2205 3212 2248 3271 C

2290 597 2398 668 γὰρ
2423 599 2681 669 εὐσθενὴς
2705 599 2733 650 6
2765 598 2949 667 νόμος,
2980 594 3103 648 οὐδὲ
3130 591 3497 664 ἀποχρώντως
3528 590 3670 663 ἔχων
3699 592 3778 653 είς
3816 590 3875 644 τὸ

2291 693 2473 745 πᾶσαν
2511 690 2769 744 δύνασθαι
2801 688 3065 742 διασῶσαι
3104 687 3204 758 τὴν
3230 689 3357 756 γῆν,
3386 686 3483 739 καὶ
3511 684 3613 755 τῆς
3639 683 3735 736 τοῦ
3763 684 3876 737 δια-

2290 785 2448 838 ϐόλου
2460 802 2521 835 τυ
2531 782 2772 852 ραννίδος
2783 779 3063 844 ἐξελέσθαι
3074 779 3163 831 τὸν
3181 778 3277 832 ἀνθ
3289 794 3490 850 ρωπον.
3510 776 3875 846 Οῦκὴγνόηκε

2290 878 2345 930 δὲ
2382 878 2410 928 6
2443 875 2673 944 Μωσῆς,
2714 873 2790 937 ὡς
2825 871 3243 943 βραδύγλωσσός
3284 886 3345 921 τε
3389 870 3478 922 καὶ
3518 869 3871 938 ἰσχνόφωνος,

2291 967 2598 1038 ἀρξαμένου
2629 965 2863 1037 μάλιστα
2877 962 3222 1031 διαλέγεσθαι
3250 962 3387 1034 πρὸς
3410 962 3571 1015 αὐτὸν
3591 961 3687 1015 τοῦ
3715 961 3871 1025 Θεοῦ,

2290 1061 2385 1113 καὶ
2432 1059 2625 1127 λόγους
2668 1056 2940 1111 ποιεῖσθαι
3000 1057 3130 1127 περὶ
3191 1054 3356 1109 αὐτοῦ
3410 1054 3869 1124 προστάττοντος·

2296 1168 2314 1199 ‹
2336 1147 2519 1211 Οῦτως
2543 1166 2561 1197 ι
2602 1146 2731 1217 γὰρ,
2752 1145 2938 1217 φησὶν,
2976 1163 2993 1196 ‹
3018 1145 3163 1216 ἐρεῖς
3180 1146 3294 1206 τοῖς
3316 1144 3451 1206 υίοῖς
3469 1143 3713 1215 Ἰσραήλ·
3732 1142 3873 1209 Ἐγώ

2290 1240 2402 1308 εἰμι
2428 1240 2456 1290 6
2480 1235 2573 1291 ὧν.
2608 1236 2778 1290 Τοῦτό
2810 1253 2910 1306 μου
2939 1236 3055 1289 ἐστὶ
3078 1234 3140 1287 τὸ
3165 1234 3392 1304 ὄνομα.»
3445 1232 3873 1304 Βραδόγλωσσος

2289 1329 2396 1400 γὰρ
2440 1332 2468 1383 6
2497 1329 2680 1401 νόμος,
2714 1328 2850 1399 πρὸς
2890 1328 2951 1381 τὸ
3004 1326 3296 1398 διαρθροῦν
3339 1322 3399 1380 εὖ
3436 1326 3582 1397 μάλα
3614 1327 3709 1379 τὸν
3747 1327 3872 1389 περὶ

2289 1423 2381 1478 τοῦ
2414 1423 2565 1487 ὄντος
2634 1423 2789 1491 λόγον
2810 1439 2825 1452 ο
2862 1420 2985 1474 οὒτε
3041 1421 3147 1491 μὴν
3195 1416 3306 1483 οἶός
3374 1437 3435 1473 τε
3492 1423 3872 1490 μυσταγωγεῖν

2290 1516 2427 1586 πρὸς
2454 1515 2553 1586 τὴν
2581 1516 2638 1568 ἐν
2666 1516 2799 1586 ἁγίᾳ
2821 1513 3011 1585 Τριάδι
3041 1511 3523 1584 προσκυνουμένην
3548 1513 3757 1583 σεπτὴν
3783 1514 3870 1566 καὶ

2289 1605 2526 1677 ἄρρητον
2561 1606 2743 1676 φύσιν.
2801 1605 3150 1675 ’ἰσχνόφωνος
3189 1605 3248 1657 δὲ
3290 1605 3427 1676 πρὸς
3464 1603 3648 1669 τοῦτο,
3695 1606 3872 1675 μόνοις

2290 1717 2348 1752 τε
2383 1700 2477 1753 καὶ
2507 1700 2659 1770 μόλις
2698 1701 2811 1762 τοῖς
2846 1697 2906 1762 ἐξ
2943 1697 3164 1768 Ἰσραὴλ
3200 1697 3524 1768 προσλαλεῖν
3550 1698 3867 1767 δυνάμενος,

2290 1792 2622 1862 ἀκουόμενός
2650 1809 2709 1844 τε
2733 1789 2875 1845 κατά
2904 1788 3070 1860 μόνην
3101 1789 3199 1859 τὴν
3234 1788 3518 1852 Ἰουδαίαν,
3563 1790 3745 1842 καίτοι
3770 1789 3868 1843 τῶν

2291 1883 2465 1937 ἄλλων
2490 1883 2744 1936 ἁπάντων
2769 1880 2939 1935 ὲθνῶν
2966 1880 3108 1943 οὐδὲ,
3137 1881 3260 1932 ὅσον
3286 1882 3483 1945 εἰπεῖν,
3506 1881 3588 1944 είς
3613 1876 3711 1944 οῦς
3729 1880 3867 1933 ὲλόνο

2290 1992 2399 2028 των
2433 1975 2494 2028 τὸ
2522 1976 2804 2047 κήρυγμα.
2852 1974 3144 2046 Τοιγάρτοι
3174 1974 3569 2045 προγινώσκων
3598 1976 3628 2027 6
3676 1974 3862 2028 θεσπέ-

2293 2082 2407 2129 σιος
2426 2066 2653 2137 Μωσῆς,
2688 2065 2779 2118 τὸν
2800 2065 3038 2137 διαρκῶς
3066 2065 3262 2138 ἔχοντα
3289 2066 3424 2136 πρὸς
3449 2068 3509 2120 τὸ
3535 2067 3768 2137 ἀκριϐὲς
3784 2069 3867 2121 καὶ

2289 2156 2661 2227 ἀπεξεσμένον
2697 2162 2812 2222 τοῖς
2843 2159 3216 2229 ἀκροωμένοις
3243 2160 3543 2229 ἐμποιῆσαι
3575 2159 3737 2227 λόγον
3783 2160 3865 2213 τὸν

2291 2250 2419 2319 περὶ
2466 2248 2627 2311 Θεοῦ,
2672 2251 2767 2304 καὶ
2808 2251 2888 2314 εἰς
2917 2250 2979 2303 τὸ
3015 2250 3163 2320 πάσῃ
3195 2250 3395 2321 ῥᾳδίως
3440 2249 3775 2322 διακηρύξαι
3802 2255 3863 2323 τῇ

2288 2342 2380 2409 γῇ,
2426 2338 2568 2392 τοῦτ’
2599 2339 2712 2394 ἐστι
2769 2342 3042 2411 Χριστόν
3091 2362 3110 2394 ‹
3155 2343 3377 2414 Δέομαι,
3424 2343 3629 2414 Κύριε,
3657 2363 3676 2395 ι
3718 2347 3861 2414 φησὶ,

2295 2452 2312 2482 ι
2344 2434 2691 2503 προχείρισαι
2715 2433 2872 2486 ἄλλον
2900 2434 3218 2505 δυνάμενον,
3237 2434 3296 2488 ὃν
3314 2435 3653 2499 ἀποστελεῖς.
3688 2454 3707 2487 ι
3737 2437 3863 2506 Χρι-

2288 2522 2410 2587 στὸς
2437 2524 2545 2595 γάρ
2567 2526 2714 2577 ἐστιν
2731 2527 2759 2577 6
2788 2524 3085 2594 δυνάμενος
3113 2525 3348 2595 ἀληθῶς
3381 2528 3475 2581 καὶ
3491 2529 3575 2580 ὅτι
3593 2526 3739 2581 κατά
3762 2545 3865 2581 και.

2289 2616 2417 2686 ροὺς
2442 2618 2561 2669 κατ’
2588 2616 2840 2671 εὐδοκίαν
2862 2616 2996 2670 Θεοῦ
3022 2618 3117 2670 καὶ
3154 2619 3390 2689 Πατρὸς,
3425 2621 3504 2682 είς
3540 2618 3704 2673 τοῦτο
3737 2638 3860 2691 προ-

2285 2706 2715 2777 χειρισθήσεται,
2749 2708 2845 2761 καὶ
2883 2706 2974 2761 διὰ
3005 2707 3169 2779 νόμου
3204 2708 3568 2779 προήγγελτο.
3608 2710 3676 2762 Ἡ
3711 2709 3768 2761 δέ
3804 2726 3860 2777 γε

2284 2800 2531 2861 Μωσέως
2555 2799 2911 2870 παραίτησις,
2949 2800 3043 2855 καὶ
3077 2799 3217 2870 μετά
3240 2800 3389 2853 θείαν
3416 2800 3739 2870 ὑπόσχεσιν,
3778 2803 3863 2854 καὶ

2290 2890 2426 2960 μετά
2454 2890 2667 2943 πολλῶν
2702 2892 2947 2962 σημείων
2978 2892 3260 2955 ἐπίδειξιν,
3288 2891 3458 2954 τύπος
3493 2892 3559 2945 ἂν
3590 2890 3703 2961 εἴη,
3746 2909 3865 2945 κατ-

2282 2982 2569 3046 οκνοῦντός
2602 3000 2663 3035 τε
2703 2983 2821 3052 ἀμα
2858 2984 2954 3037 καὶ
3002 2983 3448 3053 παραιτουμένου
3483 2984 3581 3037 τοῦ
3628 2986 3859 3055 Ἰσραὴλ,

2282 3074 2380 3144 τὴν
2404 3073 2507 3127 ὑπὸ
2520 3072 2757 3145 Χριστοῦ
2772 3074 2924 3128 θείαν
2939 3092 2993 3127 τε
3012 3076 3105 3128 κα)⁸
3125 3074 3487 3146 εὐαγγελικὴν
3506 3074 3861 3147 λειτουργίαν,

2283 3166 2377 3217 καὶ
2409 3166 2674 3236 ὑπακοὴν,
2708 3166 2758 3219 οἳ
2788 3166 2926 3236 μετὰ
2962 3167 3188 3237 μυρίους
3231 3168 3390 3230 ὅσους
3426 3168 3555 3232 τοὺς
3592 3169 3725 3238 περ)⁵
3779 3170 3860 3221 πί-

2280 3272 2447 3319 στεως
2476 3257 2666 3325 λόγους
2692 3258 2787 3310 καὶ
2813 3258 3208 3329 τερατουργίας
3229 3259 3506 3324 ἐπίδειξιν,
3529 3262 3862 3331 τετηρήκασι

2278 3347 2339 3399 τὸ
2362 3346 2650 3417 δυσήκοον,
2678 3349 2774 3402 καὶ
2801 3350 3176 3419 μεμενήκασιν
3200 3352 3468 3415 ἀπειθεῖς.
3491 3352 3604 3405 Καὶ
3625 3354 3779 3424 διττὴ
3801 3371 3859 3421 γε

2279 3441 2313 3510 ἡ
2351 3440 2597 3503 Μωσέως
2647 3441 3003 3512 παραίτησις.
3050 3442 3156 3495 Δύο
3205 3443 3314 3514 γὰρ
3362 3445 3544 3515 χρόνοι
3600 3447 3725 3501 καθ’
3773 3446 3860 3511 οὓς

2280 3530 2493 3601 ὲξήνιος
2526 3534 2619 3585 καὶ
2646 3533 2966 3601 δυσάγωγος
2986 3529 3054 3604 ἦν
3078 3535 3107 3586 6
3148 3536 3367 3606 Ἰσραήλ
3389 3552 3401 3564 ·
3424 3536 3515 3590 διὰ
3535 3538 3783 3602 Μωσέως
3800 3555 3856 3592 τε

2278 3624 2373 3676 καὶ
2434 3622 2628 3694 Ἰησοῦ,
2680 3624 2776 3677 καὶ
2824 3625 3080 3694 Κριτῶν,
3124 3625 3221 3678 καὶ
3275 3629 3392 3693 μετ’
3425 3628 3634 3681 ἐκεῖνον
3682 3629 3855 3693 εὐθὺς,

2278 3714 2399 3767 καθ’
2422 3715 2480 3768 ὃν
2503 3715 2761 3782 γεγόνασι
2793 3718 3089 3786 προφῆται,
3122 3716 3217 3769 καὶ
3247 3717 3526 3789 Ἰωάννης,
3550 3721 3578 3772 ὁ
3610 3719 3857 3790 καθάπερ

2278 3804 2336 3856 ἐν
2366 3803 2671 3874 μεταιχμίῳ
2708 3804 2957 3873 κείμενος
2982 3804 3298 3860 ἀποστόλων
3319 3824 3381 3860 τε
3418 3809 3510 3861 καὶ
3543 3809 3852 3879 προφητῶν.

2278 3894 2460 3963 Πέρας
2501 3895 2601 3963 μὲν
2635 3894 2744 3966 γὰρ
2771 3890 2839 3965 ἦν
2866 3898 3213 3967 προφητικῆς
3240 3898 3608 3969 λειτουργίας,
3640 3901 3853 3971 ἀπαρχὴ

2277 3985 2330 4037 δὲ
2352 3985 2541 4057 ὥσπερ
2568 3986 2952 4058 λαμπρότητος
2968 3989 3350 4059 ἀποστολικῆς.
3392 3992 3531 4043 Ἀλλ’
3564 3994 3596 4061 ἡ
3624 3994 3856 4057 Μωσέως

2279 4075 2610 4146 παραίτησις
2636 4076 2773 4147 πρὸς
2800 4076 2972 4147 όργὰς
3002 4077 3182 4131 ὲκάλει
3214 4077 3367 4131 Θεόν.
3406 4079 3516 4133 Καὶ
3552 4079 3776 4151 μεθίστη
3802 4082 3852 4133 τὸ

2279 4167 2469 4237 χρῆμα
2509 4166 2694 4219 λοιπὸν
2742 4169 2823 4230 εἰς
2868 4168 3061 4237 ἑτέραν
3107 4168 3297 4240 ὥσπερ
3334 4171 3669 4241 οἰκονομίαν,
3700 4172 3763 4225 δι’
3792 4168 3851 4243 ἧς

2276 4257 2651 4322 ἀνασώζεσθαι
2676 4259 2813 4330 χρῆν
2842 4260 2966 4324 τοὺς
3000 4263 3120 4323 ταῖς
3161 4261 3269 4314 τῶν
3295 4261 3614 4329 Αίγυπτίων
3661 4264 3841 4317 πλεον·

2275 4349 2448 4413 εξίαις
2490 4351 2963 4422 κατηχθημένους.
3009 4371 3027 4404 ι
3074 4353 3187 4405 Καὶ
3217 4354 3489 4425 θυμωθεὶς
3527 4355 3735 4426 Κύριος
3766 4356 3847 4408 ἐπὶ

2275 4441 2505 4510 Μωσῆν,
2558 4438 2743 4495 εἶπεν·
2783 4445 2897 4497 Οὐκ
2940 4444 3047 4498 ἰδοὺ
3092 4444 3303 4516 Ἀαρὼν
3353 4448 3381 4499 6
3425 4447 3655 4517 ἀδελφός
3708 4449 3845 4501 σουό

587 4536 657 4591 ad
686 4537 849 4590 aliam
873 4537 1300 4607 dispensationis
1331 4537 1601 4591 rationem
1634 4537 1891 4590 translata
1926 4544 2029 4599 est,
2059 4551 2171 4606 qua

2282 4533 2540 4602 Λευῖτης;
2591 4534 2923 4605 Ἐπίσταμαι
2961 4537 3044 4590 ὅτι
3087 4537 3266 4591 λαλῶν
3306 4538 3527 4608 λαλήσει
3558 4541 3721 4604 αὑτός
3751 4558 3840 4603 σοι,

587 4628 843 4683 servandi
867 4638 1042 4692 erant,
1077 4629 1169 4697 qui
1192 4628 1574 4698 Egyptiorum
1626 4629 1919 4697 iniquitate
1942 4642 2167 4697 preme-

585 4720 811 4775 bantur.
864 4740 881 4770 ‹
912 4720 980 4773 Et
1040 4719 1214 4773 iratus
1247 4719 1514 4772 Dominus
1573 4719 1629 4771 in
1680 4719 1923 4789 Moysen,
1985 4718 2163 4773 dixit:

583 4815 777 4871 Nonne
803 4830 932 4868 ecce
974 4812 1143 4867 frater
1172 4820 1299 4866 tuus
1347 4812 1531 4865 Aaron
1580 4811 1813 4865 Levita?
1854 4811 1970 4865 scio
2014 4810 2162 4880 quod

582 4907 814 4979 loquens
842 4907 1104 4977 loquetur
1134 4906 1250 4975 ipse
1286 4904 1415 4959 tibi:
1457 4911 1514 4957 et
1551 4919 1677 4957 ecce
1708 4904 1823 4973 ipse
1848 4904 2168 4975 egredietur

580 4996 639 5051 in
675 5012 967 5052 occursum
1009 4996 1132 5060 tibi,
1154 5003 1210 5049 et
1236 4994 1432 5048 videns
1470 5000 1541 5058 te,
1566 4994 1840 5047 Iretabitur
1866 4995 1919 5047 in
1942 5010 2001 5048 se
2023 4994 2161 5065 ipso:

579 5096 637 5141 et
660 5088 812 5145 dices
841 5088 909 5143 ad
938 5104 1088 5153 eum,
1108 5096 1166 5143 et
1194 5088 1354 5141 dabis
1380 5087 1547 5141 verba
1578 5101 1698 5139 mea
1737 5086 1792 5139 in
1828 5101 1891 5139 os
1917 5088 2070 5156 ejus;
2110 5096 2167 5141 et

580 5194 681 5250 ego
709 5180 951 5248 aperiam
973 5195 1035 5233 os
1064 5186 1330 5242 tuum,.et
1360 5193 1423 5232 os
1451 5179 1591 5247 ejus,
1633 5184 1689 5229 et
1740 5176 2008 5230 iustruam
2039 5193 2158 5239 vos,

581 5285 704 5339 qum
736 5269 987 5334 facietis;
1025 5280 1081 5325 et
1110 5271 1230 5340 ipse
1268 5271 1529 5339 loquetur
1557 5268 1624 5322 ad
1651 5269 2013 5337 populum,et
2045 5269 2160 5338 ipse

580 5360 863 5427 eritltuum
883 5378 964 5424 os,
985 5369 1041 5414 tu
1066 5377 1195 5416 vero
1215 5362 1292 5415 illi
1309 5363 1423 5416 eris
1448 5362 1503 5414 in
1531 5360 1600 5414 iis
1627 5375 1747 5429 quze
1763 5360 1830 5413 ad
1848 5361 2018 5414 Deum
2038 5360 2103 5412 ⁸⁵.
2134 5379 2150 5411 ι

578 5452 717 5505 Cum
780 5453 947 5521 enim]
976 5454 1061 5507 lex
1109 5454 1449 5518 offendisset,
1494 5462 1553 5507 ut
1603 5452 1843 5515 infirma,
1893 5460 1952 5505 et
1991 5452 2161 5506 Israe-

581 5541 693 5597 lilae
722 5558 920 5612 parere
950 5542 1191 5609 nollent;
1222 5543 1469 5613 adjectus
1490 5551 1575 5597 est
1600 5542 1877 5608 Christus,
1915 5543 2007 5597 ille
2032 5557 2161 5596 vere

586 5633 798 5699 Levita,
827 5650 1171 5706 magnusque
1222 5636 1568 5691 sacerdotum
1624 5636 1903 5706 princeps,
1943 5635 2036 5690 ille
2066 5635 2160 5703 qui

660 5815 703 5849 ³³
729 5814 929 5888 ἕλοιμί
954 5833 1024 5872 iv.
1066 5815 1248 5870 10-15.

2269 4624 2364 4677 καὶ
2397 4624 2503 4677 ἰδοὺ
2536 4626 2695 4689 αὐτὸς
2730 4626 3072 4692 ἐξελεύσεται
3104 4631 3185 4691 είς
3220 4632 3545 4700 συνάντησίν
3598 4649 3712 4685 σοι·
3759 4631 3843 4685 καὶ

2273 4716 2395 4770 ίδών
2436 4734 2493 4769 σε
2527 4719 2825 4789 χαρήσεται
2864 4721 2921 4772 ὲν
2962 4719 3158 4790 ἐαυτῷ,
3184 4722 3281 4774 καὶ⁵
3310 4722 3455 4791 ἐρεῖς
3481 4723 3620 4793 πρὸς
3653 4724 3804 4776 αὐτόν
3825 4740 3840 4754 ·

2271 4808 2367 4863 καὶ
2390 4808 2581 4873 δώσεις
2603 4810 2671 4863 τὰ
2703 4811 2926 4881 ῥήματά
2960 4829 3060 4882 μου
3110 4814 3191 4875 εἰς
3218 4813 3280 4866 τὸ
3311 4813 3489 4882 στόμα
3519 4814 3689 4868 αὐτοῦ
3711 4832 3725 4845 ·
3756 4814 3839 4868 καὶ

2270 4902 2382 4970 ἐγὼ
2416 4902 2616 4968 ὰνοίξω
2645 4902 2707 4955 τὸ
2747 4904 2921 4974 στόμα
2949 4921 3065 4970 σου,
3111 4905 3206 4957 καὶ
3240 4904 3300 4957 τὸ
3330 4906 3504 4975 στόμα
3538 4906 3723 4971 αὐτοῦ,
3755 4907 3837 4959 καὶ.

2276 4993 2599 5064 συμϐιϐἀσω
2641 4994 2785 5063 ὑμᾶς
2825 4994 2861 5049 ἃ.
2892 4999 3165 5067 ποιήσετε,
3191 4997 3287 5049 καὶ
3314 4996 3475 5060 αὑτός
3508 5014 3591 5049 σοι
3622 4997 3833 5067 προσλα-

2272 5087 2428 5158 λήσει
2471 5088 2607 5157 πρὸς
2645 5087 2736 5140 τὸν
2770 5087 2897 5140 λαόν
2921 5107 2935 5119 ·
2969 5088 3063 5142 καὶ
3096 5089 3258 5152 αὐτὸς
3301 5088 3453 5142 ἔσται
3496 5107 3591 5142 σου
3638 5090 3795 5158 στόμα
3816 5103 3828 5115 ·

2274 5178 2336 5231 σὺ
2363 5178 2418 5230 δὲ
2449 5176 2597 5247 αὐτῷ
2622 5177 2721 5249 ἔσῃ
2739 5178 2807 5231 τὰ
2837 5180 2974 5247 πρὸς
2998 5180 3088 5231 τὸν
3112 5179 3266 5231 Θεόν.
3294 5198 3312 5231 ι
3338 5179 3828 5250 Προσκεκρουκότος

2268 5272 2378 5341 γὰρ
2405 5269 2593 5341 ὥσπερ
2642 5270 2907 5340 ἀδρανοῦς
2959 5269 3055 5323 τοῦ
3103 5270 3291 5340 νόμου,
3333 5270 3425 5323 καὶ
3473 5264 3829 5341 ἠπειθηκότων

2268 5363 2405 5429 ἄγαν
2456 5361 2563 5414 τῶν
2591 5362 2651 5426 ἐξ
2689 5363 2927 5433 Ἰσραὴλ,
2967 5364 3265 5435 προσετέθη
3300 5365 3553 5433 Χριστὸς,
3587 5364 3616 5415 ὁ
3645 5363 3830 5432 ἀληθὴς

2269 5452 2521 5523 Λευῖτης,
2553 5452 2581 5502 6
2612 5453 2785 5522 μέγας
2814 5454 3126 5525 ἀρχιερεὺς,
3148 5457 3175 5508 6
3198 5457 3312 5515 τοῖς
3339 5454 3445 5507 ὑπὸ
3475 5455 3640 5525 νόμον
3665 5469 3829 5508 συντε-

2268 5544 2561 5614 ταγμένος,
2587 5544 2664 5607 ὡς
2692 5544 2922 5614 ἁδελφὸς
2977 5545 3068 5599 διὰ
3104 5544 3165 5599 τὸ
3209 5544 3572 5617 ἀνθρώπινον,
3602 5549 3631 5601 6
3674 5546 3828 5615 Μωσῇ

2275 5634 2373 5701 μὲν
2398 5634 2637 5703 λαλήσας
2679 5634 2755 5699 ὡς
2787 5636 2944 5703 Θεὸς,
2974 5637 3447 5709 συμσιὸαζόμενος
3475 5639 3535 5694 δὲ
3578 5638 3725 5712 παρὰ
3746 5635 3830 5692 τοῦ

1326 5817 1367 5847 ³³
1420 5815 1599 5871 Exod.
1636 5817 1829 5882 111,“.
1913 5816 1957 5847 ³⁵
2016 5832 2086 5879 rv,
2142 5813 2223 5869 l0.
2307 5814 2544 5886 “glbidq
2601 5815 2679 5873 l4.
