4046 6494
243 421 333 478 253

950 419 1038 474 DE
1076 416 1517 475 ADORATIONE
1556 417 1624 473 IN
1663 417 1934 476 SPIRITU
1970 419 2057 475 ET
2098 419 2478 477 VERITATE.
2518 421 2647 476 LIB.
2682 423 2748 477 ll.

3356 422 3459 477 ΞΜ

242 535 433 607 Πατρὸς
458 529 599 586 κατά
646 548 710 600 γε
740 531 807 586 τὸ
833 531 1020 604 σχῆμα
1064 533 1124 586 τὸ
1167 533 1524 604 προφητικὸν,
1579 535 1627 586 εἰ
1683 534 1776 588 καὶ

1888 538 1967 602 iis,
2001 539 2095 609 qui
2126 539 2228 594 sub
2263 540 2382 609 lege
2427 547 2605 603 erant,
2652 538 2956 592 associatus
3009 544 3093 592 est
3147 543 3208 592 ut
3252 537 3454 603 frater,

241 627 340 682 ἔστι
370 621 588 692 Κύριοςο
629 639 647 672 ι
685 623 978 693 Προφήτην
1009 622 1119 693 γὰρ
1156 622 1443 693 ἀναστήσω
1489 623 1673 687 αὐτοῖς
1718 626 1782 676 ἐκ

238 719 332 774 τῶν
363 713 595 783 ἀδελφῶν
624 714 833 768 αὐτῶνθ
861 715 956 768 καὶ
992 714 1142 785 θήσω
1169 715 1296 778 τοὺς
1332 715 1522 782 λόγους
1563 731 1662 784 μου
1701 715 1782 778 εἰς

236 810 290 864 τὺ
315 806 474 876 στόμα
500 803 664 858 αὑτοῦ
687 819 702 833 °
731 804 826 856 καὶ
849 803 1070 873 λαλήσει
1099 804 1282 870 αὐτοῖς
1304 802 1446 856 κατὰ
1480 803 1656 857 πάντα
1683 803 1782 856 ὅσα

238 901 294 956 ἂν
337 895 644 966 ἐντείλωμαι
689 895 897 956 αὐτοῖς.
953 912 972 946 ι
1035 893 1278 961 Ἔφασκε
1325 893 1382 946 δὲ
1429 894 1524 947 καὶ
1567 893 1729 957 αὐτὸς
1753 895 1781 946 6

236 989 472 1063 Χριστόςο
509 1005 527 1038 ι
575 987 695 1040 Ἀπ’
740 983 981 1056 ἐμαυτοῦ
1029 985 1088 1038 οὐ
1125 983 1302 1037 λαλῶ·
1349 983 1465 1038 ἀλλ’
1507 988 1535 1038 6
1559 985 1782 1054 πέμψας

237 1097 294 1150 με
319 1075 512 1146 Πατὴρ,
540 1074 703 1139 αὐτός
733 1092 822 1147 μοι
851 1073 1070 1144 ἐντολὴν
1091 1074 1315 1137 δέδωκε,
1339 1075 1392 1127 τί
1415 1075 1576 1136 εἴπω,
1607 1075 1702 1127 καὶ
1728 1075 1780 1127 τί

236 1166 452 1236 λαλήσω.
495 1182 514 1215 ι
553 1162 788 1234 Χριστὸς
817 1162 925 1233 ἄρα
969 1162 1360 1232 προσεφώνησε
1388 1162 1467 1233 τῷ
1510 1162 1644 1233 λαῷ,
1687 1163 1780 1217 καὶ

233 1257 389 1326 Μωσῇ
428 1253 524 1323 μὲν
547 1252 754 1321 γίνεται
786 1253 961 1323 στόμα
985 1252 1357 1323 διερμηνεύων
1382 1253 1513 1324 ἡμῖν
1541 1269 1783 1322 πνευμα-

233 1347 381 1410 τικῶς
407 1345 496 1398 τὸν
521 1344 704 1415 νόμον,
729 1344 935 1413 Μωσῆς
953 1345 1009 1397 δὲ
1035 1343 1182 1415 αὐτῷ
1204 1344 1365 1397 πάλιν
1380 1343 1447 1397 τὰ
1467 1343 1602 1414 πρὸς
1624 1343 1776 1398 Θεόν.

231 1441 368 1492 Δοκεῖ
410 1436 516 1508 γάρ
533 1453 632 1489 που
681 1432 820 1488 εἶναι
859 1435 978 1506 Θεῷ
1020 1436 1448 1506 προσεχέστερος
1479 1437 1507 1488 6
1551 1435 1776 1504 Μωσῆς,

232 1529 413 1584 ὲπείτοι
443 1526 664 1595 γέγονεν
696 1529 800 1581 ὑπὸ
826 1529 989 1598 νόμον
1021 1531 1049 1581 6
1084 1527 1450 1599 Ἐμμανουὴλ,
1481 1527 1573 1580 καὶ
1601 1526 1670 1579 τὰ
1692 1527 1781 1581 διὰ

227 1619 309 1672 τοό
345 1617 615 1683 πανσόφου
649 1619 892 1682 Μωσέως
946 1621 1134 1690 τηρεῖν
1165 1618 1532 1688 ἐπηγγέλλετο
1563 1617 1736 1685 λέγων
1760 1632 1777 1646 °

233 1731 250 1764 ι
270 1711 352 1781 Μὴ
376 1710 630 1780 νομίσητε
651 1711 733 1764 ὅτι
753 1705 916 1781 ἦλθον
951 1709 1252 1763 καταλῦσαι
1276 1709 1366 1762 τὸν
1389 1709 1569 1779 νόμον,
1595 1710 1628 1779 ἢ
1653 1709 1777 1771 τοὺς

227 1803 512 1871 προφήταςο
546 1801 646 1854 οὐκ
691 1797 854 1871 ἦλθον
879 1798 1201 1862 καταλῦσαι,
1237 1799 1374 1853 ἀλλὰ
1409 1799 1713 1870 πληρῶσαι.
1752 1818 1770 1850 ι

1887 637 2111 699 propter
2141 631 2574 694 humanitatem;
2608 629 2699 682 ille
2725 629 2817 698 qui
2846 644 2972 683 cum
3008 629 3189 700 Moyse
3235 629 3458 699 quidem

1887 721 2218 790 loquebatur
2241 729 2300 775 ut
2332 721 2497 784 Deus,
2535 736 2564 774 a
2588 720 2749 774 Patre
2779 727 2962 773 autem
3004 719 3365 785 edocebatur,
3389 735 3460 774 ex

1887 810 2208 878 prophetica
2233 825 2487 879 persona,
2526 825 2689 879 quam
2725 810 2968 873 tenebat,
2995 810 3124 864 licet
3161 810 3306 864 idem
3349 811 3457 864 Do-

1888 899 2068 954 minus
2095 909 2277 955 esset:
2323 901 2685 971 cProphetam
2715 901 2900 971 fenim,
2946 902 3149 971 inquit,
3205 902 3458 956 excitabo

1889 991 1998 1045 illis
2025 1008 2091 1045 ex
2122 991 2386 1046 fratribus
2408 1007 2622 1054 eorum,
2657 999 2712 1046 et
2747 1008 2944 1062 ponam
2973 994 3138 1047 verba
3160 1007 3280 1046 mea
3311 994 3364 1046 in
3398 1009 3460 1047 os

1887 1082 2027 1151 ejus,
2082 1089 2140 1135 et
2175 1082 2432 1150 loquetur
2485 1080 2553 1134 ad
2587 1097 2683 1136 eos
2709 1082 2860 1152 juxta
2911 1082 3096 1135 omnia
3147 1097 3268 1151 qua:
3300 1096 3458 1134 man-

1886 1173 2089 1227 davero
2121 1172 2197 1226 illi
2231 1173 2292 1226 ".
2319 1194 2335 1223 ι
2374 1173 2495 1243 lpse
2520 1189 2739 1243 quoque
2773 1172 3027 1228 Christus
3059 1173 3316 1228 dicebat:
3351 1192 3368 1222 ι
3415 1171 3461 1226 Α

1887 1280 1974 1318 me
2003 1266 2120 1334 ipso
2152 1280 2261 1318 non
2296 1265 2512 1334 loquor,
2546 1266 2639 1319 sed
2679 1265 2772 1334 qui
2811 1265 2962 1320 misit
3006 1281 3114 1328 me,
3148 1265 3331 1327 Pater,
3368 1263 3462 1317 ille

1886 1355 2020 1408 mihi
2037 1355 2348 1410 mandatum
2371 1354 2542 1418 dedit,
2561 1355 2692 1424 quid
2710 1355 2906 1418 dicam,
2925 1363 2982 1410 et
2997 1355 3128 1424 quid
3144 1355 3340 1424 loquar
3358 1353 3420 1406 ³⁷.
3436 1373 3452 1404 ι

1884 1445 2134 1502 Christus
2177 1463 2306 1518 ergo
2366 1448 2628 1517 populum
2670 1457 2753 1501 cst
2804 1447 3115 1509 allocutus,
3180 1462 3243 1500 ac
3292 1445 3460 1516 Moysi

1885 1535 2108 1606 quidem
2132 1535 2294 1599 litos,
2327 1552 2451 1591 cum
2492 1536 2859 1606 spiritualiter
2880 1536 3041 1590 nobis
3073 1536 3247 1605 legem
3285 1535 3460 1587 inter-

1885 1635 2161 1697 pretatur:
2189 1627 2400 1699 Moyses
2447 1628 2526 1681 illi
2559 1643 2755 1682 rursus
2783 1628 2838 1680 in
2876 1627 2962 1690 iis,
3001 1643 3123 1696 quae
3151 1626 3219 1680 ad
3241 1627 3415 1680 Deum
3443 1643 3470 1698 :1

1887 1717 2106 1771 videtur
2131 1719 2278 1771 enim
2308 1717 2712 1786 quodammodo
2746 1719 2858 1770 Deo
2889 1717 3123 1772 vicinior
3151 1730 3271 1770 esse
3308 1715 3459 1784 Moy-

1885 1825 1993 1872 ses,
2017 1809 2460 1879 quandoquidem
2493 1808 2636 1862 idem
2663 1807 2984 1861 Emmanuel
3016 1806 3118 1860 sub
3145 1806 3263 1875 lege
3285 1803 3461 1859 factus

225 1893 584 1961 Μυσταγωγὸς
617 1891 708 1946 οὖν
736 1893 843 1964 ἄρα
870 1892 1046 1963 σαφὴς
1072 1895 1098 1946 ό
1128 1891 1384 1963 Χριστὸς,
1415 1893 1482 1945 τὰ
1513 1891 1606 1944 τοῦ
1657 1891 1787 1962 βρα-

1888 1907 1972 1952 est
2001 1899 2065 1964 ³⁸,
2106 1907 2162 1952 et
2204 1915 2324 1968 qua:
2369 1913 2468 1967 per
2513 1898 2734 1968 Moysen
2797 1896 3200 1966 sapientissime
3253 1895 3458 1949 sancita

224 1984 519 2054 δυγλὼσσου
565 1985 730 2055 νόμου
775 1985 910 2056 πρὸς
959 1984 1266 2056 τρανότητα
1309 1983 1636 2054 μετατιθεὶς,
1690 1982 1784 2036 καὶ

223 2077 308 2147 τὴν
351 2076 442 2130 τοῦ
491 2076 822 2147 γράμματος
883 2077 1239 2147 ίσχνοφωνίαν
1285 2077 1366 2140 εἰς
1415 2076 1784 2147 εὐηχεστάτην

223 2165 393 2238 ὥσπερ
440 2166 830 2236 μεταπλάττων
877 2167 1154 2238 ἐξήγησιν.
1197 2168 1571 2237 Πνευματικὸς
1618 2166 1728 2236 γὰρ
1755 2168 1783 2218 6

223 2257 369 2328 νόμος
391 2259 447 2309 ὲν
473 2256 718 2327 Χριστῷ,
748 2258 840 2310 καὶ
861 2257 1064 2326 ἀδελφὰ
1085 2260 1197 2321 τοῖς
1222 2257 1389 2315 πάλαι
1417 2258 1484 2310 τὰ
1517 2258 1581 2311 δι’
1615 2256 1780 2310 αὑτοῦ

221 2349 555 2418 κηρύγματα·
587 2350 831 2412 Μωσέως
860 2350 964 2419 γὰρ
993 2345 1061 2420 ἦν
1090 2349 1317 2418 ἀδελφὸς
1340 2350 1368 2401 ὁ
1407 2348 1638 2419 ’Λαρών.

1880 1996 2061 2053 erant,
2100 2005 2322 2043 servare
2357 2005 2415 2043 se
2453 1989 2836 2058 profitebatur,
2873 2003 2998 2042 cum
3033 1987 3280 2041 diceret:
3327 1985 3460 2040 «Νο-

1878 2079 1976 2133 lite
2010 2087 2204 2149 putare
2239 2079 2386 2148 quod
2415 2080 2660 2134 venerim
2703 2079 2914 2133 solvere
2952 2079 3126 2148 legem
3181 2086 3276 2131 aut
3329 2092 3460 2146 pro-

1879 2169 2096 2239 phetas;
2135 2185 2244 2223 non
2279 2168 2405 2223 veni
2439 2169 2677 2231 solvere,
2720 2168 2816 2222 sed
2857 2169 3159 2237 adimplere
3195 2168 3259 2220 ³⁸.
3289 2186 3306 2218 ›
3364 2167 3461 2220 Est

1879 2257 2046 2328 igitur
2075 2257 2332 2312 Christus
2383 2257 2544 2327 plane
2581 2257 2972 2328 mysteriorum
3031 2257 3326 2326 interpres,
3362 2254 3458 2324 qui

1880 2349 2054 2418 legem
2097 2347 2325 2402 tardiori
2375 2348 2562 2418 lingua
2596 2347 2912 2416 loquentem
2943 2347 3009 2400 ad
3042 2348 3330 2401 clariorem
3374 2360 3464 2400 so-

217 2456 334 2494 num
385 2440 701 2503 transferat,
735 2441 1186 2510 gracilioremque
1226 2440 1433 2494 litterae
1484 2454 1674 2494 vocem
1743 2438 1807 2492 ad
1851 2439 2358 2508 interpretationem
2385 2439 2544 2509 longe
2571 2439 3007 2493 resonantiorem
3041 2439 3212 2492 veluti
3281 2437 3456 2492 refor-

219 2531 400 2586 mando
432 2540 756 2586 commutet.
791 2532 896 2602 75
929 2531 1242 2606 Spiritualis
1273 2540 1358 2585 est
1390 2531 1540 2585 enim
1585 2531 1676 2584 lex
1712 2530 1766 2583 in
1804 2529 2056 2595 Christo;
2126 2530 2246 2599 ejus
2284 2545 2504 2600 quoque
2538 2530 2857 2599 praedicatio
2881 2530 2958 2584 illi
2987 2539 3069 2584 est
3107 2529 3282 2584 veteri
3337 2545 3464 2583 Iier-

216 2629 396 2690 aimilis
426 2629 498 2695 ι⁰;
542 2629 711 2700 Moysi
736 2644 972 2698 namque
989 2626 1162 2682 frater
1193 2637 1279 2682 est
1307 2627 1508 2681 Aaron.

281 2721 478 2773 ΠΑΛΛ.
529 2721 788 2790 Ἀδρανὴς
817 2707 999 2774 οὖν’τό
1031 2737 1094 2790 γε
1133 2721 1213 2784 εἰς
1250 2721 1443 2775 ἑαυτὸν
1470 2718 1603 2792 ἧκον
1631 2721 1659 2773 6
1692 2719 1779 2772 νό-

218 2825 322 2882 μος⁶
353 2811 672 2865 τετελείωκε
697 2813 805 2884 γὰρ
831 2812 1002 2866 οὐδέν.

275 2903 658 2966 ΚΥΡ.Οὖτως,
688 2905 847 2973 φημὶ,
879 2904 972 2956 καὶ
997 2903 1057 2956 τό
1085 2921 1149 2971 γε
1177 2904 1252 2967 ὡς
1282 2903 1655 2975 μικροπρεπὲς
1684 2901 1783 2970 τῆς

218 2996 326 3046 κατ’
355 2994 514 3048 αὐτὸν
542 2995 819 3057 πολιτείας
859 2994 1199 3066 καταθρήσαι
1227 3013 1310 3055 τις
1342 2994 1405 3048 ἂν
1436 2995 1528 3046 καὶ
1559 2993 1647 3045 διὰ
1674 2990 1782 3044 τῶν

217 3083 416 3154 ἑφεξῆς.
462 3085 780 3157 Γέγραπται
818 3087 946 3157 γὰρ,
991 3087 1070 3138 ὅτι
1106 3103 1126 3136 ι
1176 3084 1476 3156 Ἐπορεύθὴ
1535 3082 1776 3151 Μωσῆς,

217 3173 300 3226 καὶ
327 3174 637 3246 ἀπέστρεψε
668 3175 804 3246 πρὸς
846 3176 1013 3245 Ἰοθὸρ
1052 3175 1144 3228 τὸν
1173 3175 1420 3246 γαμϐρὸν
1455 3172 1615 3228 αὑτοῦ
1637 3211 1650 3236 ,
1688 3171 1781 3223 καὶ

217 3261 355 3319 εἶπεν
381 3265 561 3337 αὐτῷ’
605 3265 960 3337 Πορεύονομαι⁹
994 3257 1088 3318 καὶ
1119 3264 1448 3333 ἁποοτρέψω
1486 3262 1630 3344 πρὸξ
1653 3260 1779 3322 τοὺς

1955 2716 2151 2770 PALL.
2177 2716 2392 2770 lnﬁrma
2425 2715 2592 2785 igitur
2620 2721 2705 2768 est
2735 2713 2818 2766 lex
2857 2713 2972 2781 ipsa
3017 2725 3117 2780 per
3155 2723 3213 2763 se
3257 2728 3268 2761 :
3322 2707 3463 2764 nihil

1885 2809 2033 2863 enim
2077 2808 2143 2861 ad
2180 2806 2487 2876 perfectum
2525 2805 2773 2860 adduxit.

1954 2899 2111 2953 CYR.
2142 2897 2394 2960 Maxime,
2431 2898 2683 2965 inquam;
2717 2892 2864 2962 quod
2895 2899 3078 2946 autem
3116 2889 3350 2945 obscura
3378 2896 3464 2942 at-

1887 3005 1994 3058 que
2025 2988 2252 3042 humilis
2279 2988 2445 3041 fuerit
2483 2987 2574 3040 illa
2604 3001 2672 3039 ex
2710 2986 2831 3055 ejus
2868 2985 3187 3053 praescripto
3231 2995 3460 3034 conver-

1886 3083 2048 3145 satio,
2106 3098 2174 3136 ex
2233 3081 2323 3144 iis,
2373 3095 2495 3148 qua:
2546 3084 2874 3145 sequuntur,
2930 3075 3232 3143 intelligere
3279 3070 3460 3144 quivis

1883 3173 2074 3241 possit.
2094 3171 2370 3240 Scriptum
2381 3177 2465 3223 est
2479 3169 2628 3223 enim
2647 3186 2660 3221 :
2684 3188 2701 3218 ι
2719 3167 2869 3221 Abiit
2891 3166 3120 3236 Moyses,
3139 3172 3194 3218 et
3208 3175 3460 3217 reversus

1883 3267 1967 3314 est
1988 3259 2055 3313 ad
2071 3260 2262 3315 Jethro
2287 3273 2540 3313 socerum
2566 3273 2748 3319 suum,
2777 3263 2833 3309 et
2860 3253 3000 3308 dixit
3021 3252 3133 3306 illi:
3159 3251 3254 3304 Ibo
3278 3258 3334 3304 et
3363 3264 3457 3303 re-

217 3357 462 3429 ἀδελφούς
506 3376 611 3429 μου
643 3358 770 3421 τοὺς
820 3360 888 3410 ἐν’
927 3356 1215 3428 Αἰγύπτῳ·
1251 3355 1343 3408 καὶ
1377 3354 1578 3424 ὂψομαι
1608 3341 1655 3404 εί
1700 3350 1780 3404 ἔτι

1888 3357 2064 3404 vertar
2102 3348 2170 3402 ad
2209 3348 2405 3402 fratres
2466 3361 2636 3410 meos,
2698 3345 2792 3414 qui
2845 3351 2973 3399 sunt
3019 3343 3072 3396 in
3105 3341 3371 3411 Egypto;
3405 3347 3465 3394 et
3542 3353 3554 3360 ‘

226 3447 366 3511 ζῶσι.
399 3449 509 3502 Καὶ
544 3445 702 3502 εἶπεν
742 3449 770 3501 6
812 3447 979 3518 Ἰοθὺρ
1013 3447 1088 3517 τῷ
1136 3448 1306 3517 Μωσῇ
1329 3461 1340 3472 ·
1381 3442 1576 3508 Βάδιζε
1609 3442 1785 3511 ὑγιαί-

221 3557 334 3594 νων.
366 3540 521 3596 Μετὰ
563 3540 623 3593 δὲ
650 3539 750 3603 τὰς
784 3541 994 3611 ἡμέρας
1031 3539 1129 3602 τὰς
1164 3539 1363 3598 πολλὰς
1394 3536 1635 3598 ὲκείνας,
1670 3538 1786 3587 ὲτε-

220 3632 465 3704 λεύτησεν
489 3633 519 3685 6
543 3631 800 3702 βασιλεὺς
826 3631 1116 3700 Αἰγύπτου·
1147 3630 1264 3683 εἶπε
1286 3630 1342 3683 δὲ
1369 3631 1396 3681 6
1418 3627 1621 3699 Κύριος
1650 3625 1787 3694 πρὸς

223 3725 380 3796 Μωσῆ
428 3726 487 3777 ὲν
539 3724 788 3795 Μαδιάμο
836 3723 1060 3789 Βάὂιζε,
1112 3722 1312 3778 ἄπελθε
1361 3723 1439 3785 εἰς
1467 3721 1736 3788 Αἴγυπτον
1767 3736 1781 3750 ·

222 3812 500 3882 τεθνήκασι
516 3813 631 3883 γὰρ
650 3816 700 3867 οἱ
723 3814 919 3876 πάντες
936 3817 982 3867 oi
1003 3814 1286 3885 ζητοῦντες
1306 3813 1402 3884 τὴν
1426 3811 1603 3884 ψυχήν
1623 3830 1734 3865 σου.
1763 3831 1780 3862 ι

231 3903 530 3956 Ἀναλαῦὼν
570 3903 630 3956 δὲ
679 3905 884 3974 Μωσῆς
915 3904 1012 3974 τὴν
1049 3907 1279 3973 γυναῖκα
1332 3905 1425 3958 καὶ
1462 3906 1530 3958 τὰ
1579 3905 1784 3968 παιδία,

219 3991 532 4045 ἀνεϐίϐασεν
567 3993 710 4048 αὐτὰ
752 3995 843 4046 ἐπὶ
892 3994 960 4048 τὰ
996 3994 1281 4064 ὑποζύγια,
1317 3994 1410 4048 καὶ
1449 3993 1819 4066 ἀπέστρεψενο

221 4085 292 4145 είς
318 4086 614 4152 Αἴγυπτον.

283 4178 485 4231 ΠΑΛΛ.
531 4175 646 4229 Καὶ
676 4176 728 4229 τί
762 4177 818 4228 ἐν
844 4175 1082 4241 τούτοιςς
1125 4178 1184 4230 οὐ
1222 4178 1330 4248 γὰρ
1359 4177 1467 4248 ἔχω
1502 4180 1661 4242 νοεῖν,
1696 4177 1789 4229 καὶ

221 4254 430 4334 φράσαι,
447 4262 632 4338 ὲφόἷς
657 4266 881 4330 εἰκότως
895 4268 992 4339 τὴν
1013 4267 1153 4320 κατὰ
1175 4267 1336 4337 νόμον
1358 4266 1501 4339 ζωὴν
1524 4266 1750 4338 ἐπαιτιῴ
1773 4284 1786 4298 ⁸

221 4355 278 4408 τό
299 4376 379 4422 τις
409 4360 495 4414 ἄν.
751 4393 757 4401 -

289 4450 450 4504 ΚΥΡ.
503 4450 702 4504 Καίτοι
765 4451 1024 4522 πλείστης
1077 4453 1208 4525 ὅσης
1253 4454 1312 4507 τὸ
1341 4455 1530 4525 χρῆμα
1573 4457 1792 4526 μομφῆς

219 4539 701 4613 ἐκμεμεστωμένον
747 4543 951 4596 κατίδοι
990 4560 1074 4608 τις
1119 4545 1208 4610 ἂν,
1255 4540 1300 4599 ὦ
1332 4545 1625 4611 Παλλάδιε,
1671 4549 1792 4608 ταῖς

218 4632 317 4684 τῶν
356 4634 743 4705 προκειμένων
777 4635 1006 4698 ἐννοίαις
1042 4636 1327 4707 προϐαλὼν
1357 4636 1783 4706 ὀξυωπέστερον·

1885 3440 2083 3494 videbo
2111 3439 2158 3494 si
2186 3439 2369 3493 adhuc
2401 3438 2608 3492 vivant.
2630 3438 2698 3491 Et
2729 3435 2868 3490 dixit
2895 3434 3090 3490 Jethro
3113 3433 3284 3503 Moysi
3309 3450 3323 3484 :
3356 3430 3466 3486 Va-

1885 3532 1953 3586 de
1985 3547 2191 3600 sospes.
2229 3530 2357 3583 Post
2410 3529 2530 3584 dies
2564 3538 2752 3582 autem
2785 3527 2988 3580 multos
3033 3525 3157 3578 illos
3213 3530 3468 3576 mortuus

1885 3631 1969 3680 est
2015 3639 2109 3676 rex
2151 3621 2368 3692 Egypti
2400 3639 2413 3674 :
2456 3621 2598 3674 dixit
2629 3626 2815 3674 autem
2847 3617 3115 3672 Dominus
3151 3615 3217 3670 ad
3247 3615 3466 3685 Moysen

1889 3715 1943 3768 in
1965 3713 2213 3767 Madian:
2243 3712 2411 3776 Vade,
2445 3710 2797 3781 proficiscere
2829 3708 2883 3762 in
2907 3706 3196 3778 Egyptum
3225 3723 3240 3771 ;
3267 3704 3468 3759 mortui

1887 3814 2015 3860 sunt
2040 3806 2185 3859 enim
2212 3820 2404 3858 omnes
2434 3804 2527 3873 qui
2564 3803 2882 3873 quaerebant
2905 3801 3140 3854 animam
3179 3807 3326 3852 tuam
3350 3798 3415 3850 “.
3441 3814 3460 3847 ι

1882 3897 2020 3951 Cum
2076 3897 2245 3966 igitur
2301 3896 2608 3964 accepisset
2677 3894 2890 3964 Moyses
2960 3907 3190 3946 uxorem
3270 3905 3334 3944 ac
3387 3889 3461 3943 li-

1890 3988 2076 4050 beros,
2113 3987 2375 4056 imposuit
2399 4001 2496 4039 eos
2539 4001 2706 4054 super
2758 3983 3086 4054 subjugalia,
3114 3991 3168 4036 et
3205 3994 3466 4036 reversus

1888 4086 1974 4131 est
1995 4078 2048 4130 in
2081 4075 2393 4146 Egyptum.

1960 4167 2156 4222 PALL.
2181 4166 2453 4232 Quorsum
2472 4163 2587 4218 haec
2617 4162 2933 4232 pertinent?
2959 4176 3070 4216 non
3109 4159 3255 4214 enim
3300 4159 3469 4214 intel-

1891 4261 2036 4330 ligo;
2071 4268 2166 4312 aut
2232 4256 2444 4326 explica
2500 4270 2610 4324 quo
2641 4255 3010 4323 nominejure
3056 4251 3266 4321 culpari
3295 4249 3469 4320 posit

1892 4353 1983 4406 illa
2011 4349 2229 4404 vivendi
2264 4349 2423 4411 ratio,
2464 4363 2530 4402 ex
2563 4347 2683 4416 lege
2711 4345 3010 4412 instituta,
3309 4407 3312 4410 ἠ

1962 4440 2120 4495 CYR.
2149 4439 2337 4508 Atqui,
2365 4436 2598 4499 Palladi,
2649 4435 2904 4504 plurimis
2946 4431 3241 4488 accusandi
3287 4430 3472 4486 causis

1892 4546 2011 4585 eam
2046 4545 2168 4584 esse
2197 4529 2476 4593 refertam,
2510 4527 2691 4597 quivis
2724 4526 2945 4589 viderit,
2977 4527 3022 4580 si
3057 4523 3468 4594 propositorum

1892 4622 2188 4675 verborum
2224 4619 2551 4672 sententiam
2579 4616 2796 4672 acutius
2819 4615 3119 4685 inspexerit
3147 4631 3160 4666 :
3197 4628 3322 4668 nam
3352 4611 3463 4666 ele-

217 4722 287 4787 ὡς
337 4726 861 4797 προκεχειρισμένος
917 4727 996 4790 είς
1063 4727 1364 4798 ἀποστολὴν
1417 4728 1446 4779 ό
1506 4727 1788 4792 θεσπέσιος

1894 4721 2016 4767 ctus
2053 4711 2119 4765 ad
2143 4712 2283 4765 hanc
2307 4710 2635 4780 legationem
2658 4708 2888 4779 Moyses,
2931 4723 3041 4760 non
3072 4703 3140 4759 ad
3169 4719 3289 4758 eam
3317 4709 3470 4756 recto

219 4816 434 4886 Μωσῆς,
467 4817 572 4870 οὐκ
602 4818 926 4889 εὐθυδρομεῖ
956 4817 1090 4888 πρὸς
1113 4817 1272 4871 τοῦτο
1293 4817 1361 4871 τὰ
1392 4819 1447 4871 ἐν
1475 4817 1662 4888 κόσμῳ
1697 4835 1789 4887 με·

219 4907 343 4974 θεὶς,
377 4909 664 4981 μερίζεται
712 4910 767 4963 δὲ
807 4911 900 4964 καὶ
935 4913 1012 4974 εἰς
1061 4911 1315 4980 φροντίδα
1359 4911 1649 4982 σαρκικὴν,
1695 4909 1790 4962 καὶ

217 5000 320 5061 τοῖς
380 5001 524 5054 κατὰ
568 5001 724 5068 γένος
772 5000 1255 5071 προανακοινοῶαι
1300 5001 1398 5072 τὴν
1459 5001 1786 5071 ἀποδημίαν.

218 5089 319 5142 Καὶ
349 5091 408 5144 οὐ
438 5092 707 5162 πρότερον
737 5093 911 5159 ἐξέθει
958 5094 1056 5163 τῆς
1089 5091 1437 5162 Μαδιηναίων
1458 5131 1473 5156 ,
1513 5094 1561 5144 εί
1595 5091 1668 5162 μὴ
1707 5109 1791 5143 τε-

219 5179 413 5235 θνεῶτα
440 5183 631 5237 λοιπὸν
658 5184 749 5238 τὸν
787 5185 884 5254 τῆς
922 5185 1232 5253 Αἰγυπτίων
1286 5182 1563 5253 ἐμάνθανε
1594 5181 1792 5248 τύραν-

219 5285 335 5321 νον·
381 5273 579 5326 ἐδεδίει
608 5275 715 5346 γὰρ
750 5275 1001 5329 τεθνάναι
1031 5276 1170 5328 λίαν.
1217 5275 1436 5345 Ἐπειδὴ
1474 5273 1666 5328 δὲτῶν
1703 5275 1793 5326 ἐπὶ

218 5359 415 5424 τούτοις
434 5362 709 5434 δειμάτων
731 5365 1046 5436 ἀπήλλακτο
1067 5367 1499 5437 προηγγελκότος
1524 5363 1671 5435 αὐτῷ
1697 5365 1790 5418 τοῦ

221 5445 363 5536 Θεοῦ,
393 5453 516 5506 τότε
556 5453 623 5524 δὴ
657 5455 807 5525 μόλις
844 5457 1124 5510 ἀναλαϐὼν
1165 5457 1262 5528 τὴν
1313 5460 1548 5525 γυναῖκα
1593 5457 1685 5510 καὶ
1724 5456 1793 5519 τὰ

185 5559 188 5567 ·
221 5541 417 5607 παιδία,
459 5547 709 5599 κάτεισιν
743 5550 822 5613 είς
845 5547 943 5620 τὴν
966 5549 1296 5618 Αἰγυπτίων,
1325 5550 1702 5619 ἁποπεραίνων
1728 5549 1794 5602 τὰ

224 5634 687 5704 προστεταγμένα.
713 5635 894 5701 Τύπος
914 5637 958 5690 δ’
981 5635 1048 5690 ἂν
1070 5637 1154 5708 εἴη
1175 5637 1330 5690 ταυτὶ
1351 5635 1449 5706 τῆς
1470 5634 1609 5687 κατὰ
1634 5633 1792 5703 νόμον

291 5742 332 5774 ³⁸
355 5745 524 5817 Deut.
570 5767 716 5817 xvm,
752 5752 834 5806 18.
914 5753 955 5785 ³⁷
986 5753 1139 5808 Joan.
1177 5768 1268 5816 xu,
1299 5752 1381 5806 l9.
1462 5750 1505 5782 ³⁸
1533 5751 1690 5805 Rom.
1724 5763 1834 5810 VIII.
1865 5746 1936 5816 7-.

172 5870 174 5872 ,
230 5810 310 5878 l8,
349 5814 438 5870 ιν,

1895 4821 2062 4860 cursu
2095 4804 2289 4868 tendit,
2325 4803 2490 4858 rebus
2529 4801 2822 4855 mundanis
2863 4798 3120 4869 abjectis;
3148 4795 3472 4850 distrahitur

1897 4904 2082 4951 autem
2117 4897 2282 4950 etiam
2314 4896 2367 4948 in
2398 4908 2562 4949 curas
2614 4892 2883 4954 carnales,
2916 4905 2979 4943 ac
3009 4889 3166 4958 prius
3218 4901 3343 4940 cum
3379 4899 3472 4938 co-

1896 4989 2075 5060 gnatis
2106 4988 2173 5041 de
2205 4986 2543 5057 perfectione
2587 4998 2688 5038 sua
2721 4980 3127 5043 communicat,
3161 4992 3265 5032 nec
3314 4975 3471 5045 prius

1896 5079 2133 5135 excessit
2186 5094 2215 5133 e
2261 5065 2679 5132 Madianitarum
2729 5071 2968 5141 regione,
3017 5082 3181 5138 quam
3229 5065 3472 5120 audisset

1898 5180 2175 5227 mortuum
2207 5183 2326 5224 esse
2377 5166 2752 5238 [Egyptiorum
2808 5172 3101 5232 tyrannum
3135 5176 3147 5210 :
3189 5157 3472 5210 metuebat

1899 5265 2049 5320 enim
2067 5261 2363 5316 admodum
2389 5274 2457 5313 ne
2481 5251 3048 5316 oceideretur.At,ubi
3070 5247 3470 5304 histerroribus

1900 5365 2006 5419 est,
2038 5357 2150 5409 Deo
2185 5353 2494 5412 nuntiante,
2521 5349 2806 5409 liberatus,
2834 5354 2948 5399 tum
2970 5358 3101 5398 vero
3125 5341 3212 5396 vix
3228 5339 3466 5402 tandem,

1899 5454 2124 5517 accepta
2158 5460 2328 5498 uxore
2358 5458 2420 5496 ac
2446 5439 2658 5501 liberis,
2691 5434 2975 5490 descendit
3003 5434 3060 5488 in
3087 5431 3466 5503 Egyptiorum

1902 5539 2057 5601 ﬁnes,
2085 5552 2148 5591 ac
2176 5535 2271 5590 Dei
2297 5534 2447 5605 jussa
2501 5527 2838 5596 exsequitur.
2875 5525 3000 5595 llrec
3020 5539 3150 5577 vero
3193 5520 3374 5576 omnia
3401 5517 3466 5571 fi-

1901 5645 2047 5700 gura}
2081 5634 2209 5681 sunt
2240 5625 2386 5687 vitaz,
2447 5619 2748 5677 secundum
2785 5616 2972 5686 legem
3017 5611 3298 5675 institute,
3347 5623 3468 5678 qua

1994 5741 2250 5794 "Matth.
2287 5757 2342 5800 γ,
2377 5738 2458 5792 l7.
2532 5711 2768 5789 ιοηέιπ.
2817 5746 2909 5793 νυ,
2954 5727 3037 5782 ιιι.
3117 5721 3464 5799 “Exod-IV.
