4076 6500
565 370 671 428 255

1586 375 1643 431 S.
1682 374 1958 437 CYRILLI
1995 375 2468 432 ALEXANDRINI
2508 375 2826 447 ARCHIEP.

3722 380 3825 436 επ

566 488 743 541 divisa
786 487 1191 557 quodammodo
1228 495 1331 551 est,
1385 495 1439 540 et
1477 488 1532 542 in
1589 498 1880 561 utramque
1928 502 2124 561 partem

2242 490 2406 560 ζωῆς,
2441 491 3071 562 μεμερισμένηςτρόπον
3098 493 3239 559 τινὰ,
3270 494 3361 548 καὶ
3396 495 3481 547 ἐπ’
3507 493 3675 565 ἄμφω
3703 494 3825 565 βλε-

566 586 799 648 spectat,
833 577 902 633 ad
935 577 1169 644 divinas,
1207 578 1452 648 inquam,
1487 595 1576 636 res
1608 589 1666 635 et
1702 581 2002 648 humanas;
2036 600 2137 638 ue-

563 683 672 738 que
694 677 779 724 est
803 670 950 724 enim
981 686 1012 724 a
1046 668 1194 725 curis
1248 670 1484 724 terrenis
1506 686 1573 725 ac
1601 671 1898 728 mundanis
1942 672 2134 737 libera,

565 774 742 829 neque
761 760 909 814 omni
943 775 1011 813 ex
1037 768 1192 829 parte
1216 774 1389 814 sacra.
1431 760 1595 831 Atqui
1640 764 1955 835 evangelica
2002 781 2135 820 con-

563 851 803 905 versatio
832 850 982 905 nullo
1021 850 1184 905 modo
1216 866 1443 921 prorsus
1470 853 1526 907 in
1547 869 1611 908 ea
1640 870 1763 924 qua:
1791 855 1975 909 carnis
2011 865 2139 910 sunt

564 938 865 1003 dividitur,
921 947 1017 993 aut
1075 939 1479 995 mundanorum
1538 943 1881 1013 negotiorum
1946 960 2135 1011 curas;

562 1031 696 1101 quin
725 1031 909 1101 potius
934 1046 1047 1095 eos,
1073 1031 1168 1102 qui
1194 1032 1297 1087 sub
1320 1031 1529 1087 Christi
1561 1033 1774 1090 ditione
1811 1044 1960 1100 sunt,
1994 1045 2138 1091 totos

561 1122 786 1178 omnino
820 1124 951 1188 Deo,
987 1124 1160 1179 veluti
1187 1134 1475 1181 consecrat
1512 1135 1675 1197 atque
1702 1126 1958 1182 dedicat:
1997 1126 2139 1194 «Qui

561 1213 708 1267 enim
742 1224 871 1269 sunt
903 1214 1033 1269 Jesu
1065 1214 1292 1281 Christi,
1337 1217 1537 1286 inquit,
1567 1233 1790 1272 carnem
1821 1235 1975 1274 suam
2014 1236 2141 1274 cru-

561 1303 853 1359 ciﬁxerunt
890 1321 1015 1360 cum
1050 1306 1199 1361 vitiis
1224 1316 1281 1361 et
1313 1309 1779 1378 concupiscentiis
1820 1310 1884 1363 “.
1909 1332 1926 1361 ι
1950 1311 2138 1381 Itaque

561 1395 671 1466 76
699 1396 1007 1466 discipulus
1034 1398 1277 1469 quidam,
1309 1414 1435 1454 cum
1460 1400 1727 1456 accedens
1751 1402 2137 1458 diceretChri-

560 1496 646 1542 sto
676 1506 689 1542 :
728 1507 746 1539 ι
774 1489 1048 1561 Magister,
1075 1491 1333 1561 permitte
1380 1492 1515 1547 mihi
1550 1493 1704 1562 prius
1742 1493 1844 1559 ire,
1878 1502 1935 1549 et
1976 1510 2138 1565 sepe-

561 1577 665 1634 lire
693 1588 901 1649 patrem
956 1598 1140 1637 meum
1171 1582 1236 1648 ⁸³,
1267 1603 1284 1634 ι
1331 1599 1502 1639 sacra:
1528 1586 1678 1641 omni
1724 1603 1792 1641 ex
1829 1595 1983 1657 parte
2015 1589 2139 1644 vita:

562 1667 827 1723 rationem
856 1667 1070 1735 didicit,
1101 1686 1225 1726 cum
1256 1672 1404 1727 illico
1434 1674 1678 1730 audivit:
1711 1694 1728 1726 ι
1758 1673 2000 1745 Sequere
2027 1694 2134 1745 me;

560 1763 617 1809 et
665 1756 884 1812 dimitte
931 1769 1180 1815 mortuos
1236 1762 1472 1831 sepelire
1532 1772 1781 1819 mortuos
1841 1781 1969 1822 suos
2020 1768 2129 1822 ⁸⁸.»

2240 579 2470 647 πούσης,
2502 580 2637 650 πρός
2666 597 2725 633 τε
2752 580 2821 634 τὰ
2849 579 2968 634 θεῖά
2997 598 3136 651 φημι
3164 583 3259 635 καὶ
3288 582 3623 655 ἀνθρώπινα.
3665 580 3823 638 Ἔστι

2238 674 2346 743 γὰρ
2390 671 2453 742 δὴ
2501 670 2778 743 φροντίδος
2818 673 2916 725 οὐκ
2963 672 3220 743 ἐλευθέρα
3253 673 3484 742 γεώδους
3515 692 3574 729 τε
3614 677 3707 729 καὶ
3737 694 3829 730 κο-

2240 764 2462 832 σμικῆς,
2492 762 2615 816 οὔτε
2677 764 2782 833 μὴν
2812 763 3044 817 είσὰπαν
3087 764 3226 833 ἱερὰ.
3261 766 3435 820 καίτοι
3473 766 3569 836 τῆς
3600 767 3828 835 εὐαγγε-

2235 855 2392 925 λικῆς
2418 855 2693 918 πολιτείας
2727 855 2827 908 οὐκ
2854 855 3082 926 ἐχούσης
3104 856 3238 919 ὅλως
3267 858 3326 910 τὸ
3349 859 3666 929 μερίζεσθαι
3688 860 3826 929 πρὸς

2240 944 2308 998 τὰ
2336 946 2559 1017 σαρκὸς,
2592 946 2760 1016 ἧγουν
2786 945 2921 1017 πρὸς
2954 946 3022 999 τὰ
3050 948 3106 999 ἐν
3137 948 3326 1017 κόσμῳ
3362 950 3684 1019 πράγματα,
3709 950 3828 1003 ὁλο-

2237 1033 2452 1104 τρόπως
2493 1033 2579 1097 δὲ,
2636 1032 2825 1103 ὥσπερ
2877 1033 3212 1105 ἁφιερούσης
3268 1035 3343 1105 τῷ
3391 1036 3510 1107 Θεῷ
3545 1039 3669 1101 τοὺς
3722 1039 3827 1094 ὑπὸ

2237 1123 2457 1195 Χριστῷ
2506 1124 2816 1194 γεγονότας.
2850 1144 2869 1177 ι
2906 1126 2968 1178 Ol
3011 1126 3119 1196 γὰρ
3146 1125 3238 1178 τοῦ
3283 1127 3457 1196 Ἰησοῦ
3500 1128 3774 1200 Χριστοῦ,
3799 1148 3818 1180 ι

2238 1216 2392 1286 φησι,
2417 1235 2435 1267 ι
2466 1213 2563 1286 τὴν
2591 1215 2765 1285 σάρκα
2786 1216 3135 1288 ἐσταύρωσαν
3162 1219 3257 1271 σὺν
3281 1222 3392 1281 τοῖς
3424 1219 3708 1290 παθήμασι
3730 1222 3825 1274 καὶ

2236 1309 2356 1368 ταῖς
2391 1306 2725 1376 ἐπιθυμίαις.
2753 1326 2772 1358 ι
2800 1308 2907 1361 Kal.
2927 1306 3057 1375 γοῦν
3097 1308 3283 1381 ἐπειδή
3314 1327 3397 1373 τις
3428 1309 3535 1363 τῶν
3565 1310 3824 1380 μαθητῶν

2239 1393 2550 1466 προσελθὼν
2578 1394 2783 1465 ἔφασκε
2822 1395 2900 1466 τῷ
2926 1398 3169 1469 Χριστῷο
3210 1416 3229 1449 ι
3255 1399 3574 1462 Διδάσκαλε,
3604 1401 3825 1471 ἐπίτρε-

2235 1485 2336 1554 ψόν
2362 1501 2453 1555 μοι
2474 1485 2687 1556 πρῶτον
2712 1484 2964 1540 ἀπελθεῖν
2987 1488 3079 1541 καὶ
3105 1486 3270 1557 θάψαι
3299 1489 3391 1541 τὸν
3418 1489 3631 1561 πατέρα
3655 1508 3817 1561 μουί

2238 1576 2334 1645 τὴν
2368 1576 2517 1646 ἱερὰν
2567 1576 2873 1647 όλοτρόπως
2925 1577 3232 1633 ὲδιδάσκετο
3265 1579 3561 1642 πολιτείαν,
3594 1580 3813 1634 ἀκούων

2238 1665 2420 1730 εύθύςο
2452 1685 2470 1718 ι
2506 1665 2812 1719 Ἀκολούθει
2844 1684 2955 1738 μοι,
2978 1668 3071 1720 καὶ
3096 1668 3231 1736 ἄφες
3253 1668 3379 1727 τοὺς
3401 1670 3626 1741 νεκροὺς
3647 1669 3818 1740 θάψαι

2237 1758 2361 1820 τοὺς
2388 1757 2594 1811 ἑαυτῶν
2620 1757 2866 1830 νεκρούς.
2912 1778 2929 1811 ι
2976 1759 3181 1831 Γράφει
3215 1758 3271 1812 δέ
3304 1775 3415 1812 τισι
3442 1761 3534 1812 καὶ
3564 1761 3592 1813 6
3618 1759 3817 1815 θεσπέ⁴

559 1846 703 1914 Quin
748 1849 914 1903 etiam
973 1852 1165 1906 scribit
1205 1852 1274 1905 ad
1340 1853 1607 1922 quosdam
1657 1855 2000 1912 admirabilis
2048 1859 2124 1914 vir

2236 1864 2345 1910 σιος
2376 1847 2612 1911 Παῦλος·
2650 1867 2667 1899 ι
2695 1848 2824 1902 ’Ὀτε
2860 1847 3158 1918 ηὐδόκησεν
3201 1850 3228 1901 6
3270 1847 3401 1912 Θεὸς
3460 1849 3819 1920 ἀποκαλύψαι

560 1936 797 1992 Paulus:
839 1958 857 1989 ι
889 1938 1027 1995 Cum
1052 1942 1261 2012 placuit
1288 1943 1399 1999 Deo
1438 1946 1679 2001 revelare
1731 1947 1932 2003 Filium
1973 1966 2135 2005 suum

560 2028 616 2083 in
649 2046 757 2095 me,
788 2038 849 2086 ut
882 2034 1314 2105 evangelizarem
1355 2036 1511 2091 illum
1555 2037 1612 2092 in
1642 2039 1919 2110 gentibus,
1953 2043 2133 2097 conti-

559 2135 671 2175 nuo
702 2138 815 2176 non
841 2125 1151 2180 consultavi
1185 2142 1313 2181 cum
1351 2143 1515 2184 carne
1535 2132 1879 2201 etsanguine
1914 2132 1979 2187 ⁸⁸.
2004 2155 2020 2184 ι
2066 2135 2136 2190 At

557 2227 623 2266 ea
654 2212 865 2285 Moyses
898 2215 1125 2272 adhibet
1149 2216 1207 2271 in
1238 2219 1568 2286 consilium;
1609 2220 1787 2276 divisa
1824 2223 1973 2277 enim
2023 2234 2129 2291 est,

559 2315 621 2360 ut
657 2305 791 2370 dixi,
820 2306 915 2361 illa
965 2322 1032 2361 ex
1059 2308 1178 2378 lege
1233 2308 1453 2364 vivendi
1494 2310 1655 2374 ratio,
1694 2313 1867 2367 metui
1914 2328 2134 2386 quoque

557 2397 750 2453 mortis
774 2397 1028 2453 obnoxia.
1087 2398 1339 2454 Timehat
1381 2416 1617 2471 namque
1642 2402 1853 2475 Moyses
1900 2405 2131 2462 descen-

556 2485 688 2543 dere
722 2487 777 2542 in
813 2486 1130 2559 Egyptum,
1181 2490 1375 2546 mortis
1405 2492 1715 2560 periculum
1760 2495 2055 2567 refugiens.
2082 2498 2132 2553 ls

556 2587 739 2633 autem
769 2586 951 2634 metus
984 2579 1039 2634 in
1067 2580 1290 2636 Christo
1323 2590 1621 2638 evacuatus
1663 2593 1767 2640 est.
1797 2585 1965 2656 quue
1992 2587 2133 2642 Pau-

556 2669 642 2724 lus
686 2670 832 2726 idem
871 2671 1161 2728 conﬁrmat
1191 2683 1306 2728 tum
1337 2675 1406 2730 de
1446 2674 1684 2742 Christo,
1716 2685 1831 2732 tum
1869 2679 2036 2734 etiam
2060 2680 2129 2736 de

554 2758 717 2813 nobis
744 2760 994 2829 loquens,
1036 2781 1053 2812 ι
1084 2761 1221 2829 Quia
1267 2764 1416 2818 enim
1472 2767 1629 2835 pueri
1680 2770 2127 2826 communicave-

555 2858 685 2904 runt
738 2851 891 2906 carni
936 2860 992 2907 et
1020 2854 1294 2924 sanguini,
1338 2862 1394 2910 et
1442 2856 1558 2927 ipse
1604 2858 1861 2915 similiter
1898 2863 2127 2930 partici-

554 2941 701 3010 pavit
729 2942 959 3007 eisdem,
994 2954 1056 2997 ut
1092 2960 1189 3015 per
1223 2955 1457 3002 mortem
1486 2947 1801 3005 destrueret
1832 2967 1980 3016 eum,
2031 2954 2126 3022 qui

552 3031 788 3088 habebat
814 3034 1009 3089 mortis
1042 3034 1359 3106 imperium,
1392 3036 1448 3091 id
1477 3046 1583 3102 est,
1633 3039 1935 3107 diabolum,
1970 3051 2027 3097 et
2056 3043 2125 3097 li-

552 3123 900 3190 berareteos,
920 3126 1015 3197 qui
1046 3127 1241 3183 timore
1273 3129 1467 3185 mortis
1498 3145 1597 3200 per
1628 3138 1795 3187 totam
1813 3133 1983 3188 vitam
2020 3134 2124 3190 ob-

2242 1938 2332 1991 τὸν
2353 1937 2478 1991 Υίδν
2516 1937 2678 1992 αὑτοῦ
2713 1940 2770 1991 ὲν
2808 1939 2952 2010 ἐμοὶ,
2990 1939 3078 1993 ἵνα
3107 1939 3542 2010 εὐαγγελίζωμαι
3572 1942 3733 1995 αὐτὸν
3759 1944 3823 1997 ἑν

2238 2030 2350 2090 τοῖς
2375 2026 2604 2090 ἔθνεσιν,
2640 2027 2841 2091 εὐθέως
2873 2028 2933 2080 οὐ
2976 2027 3389 2099 προσανεθέμην
3415 2030 3579 2100 σαρκὶ
3608 2030 3702 2082 καὶ
3730 2031 3819 2083 αἶ-

2240 2135 2391 2186 ματι.
2427 2137 2445 2171 ι
2479 2118 2937 2189 Προσανατίθεται
2966 2118 3023 2172 δὲ
3053 2120 3276 2189 Μωσῆς.
3314 2118 3651 2191 Μεμέρισται
3680 2121 3813 2192 γὰρ,

2234 2208 2308 2273 ὡς
2338 2208 2492 2279 ἔφην,
2531 2212 2564 2281 ἡ
2609 2210 2751 2263 κατὰ
2785 2210 2947 2280 νόμον
2980 2211 3127 2280 ζωὴ,
3162 2213 3335 2264 κεῖται
3369 2211 3425 2265 δὲ
3478 2212 3557 2266 ἔτι
3587 2213 3681 2266 καὶ
3712 2214 3819 2266 ὑπὸ

2232 2300 2323 2352 τὸν
2351 2299 2444 2352 τοῦ
2475 2300 2702 2355 θανάτου
2734 2300 2917 2370 φόϐον.
2972 2301 3188 2354 Ἐδεδίει
3223 2302 3333 2373 γὰρ
3357 2304 3385 2355 6
3410 2303 3611 2374 Μωσῆς
3645 2318 3815 2358 κατι·

2233 2391 2438 2444 ϐαίνειν
2482 2391 2561 2455 είς
2601 2391 2898 2459 Αἴγυπτον,
2950 2391 3009 2445 τὸ
3058 2392 3307 2446 τεθνάναι
3362 2392 3814 2464 παραιτούμενος.

2233 2481 2587 2552 Κατήργηται
2621 2481 2678 2533 δὲ
2710 2482 2804 2535 καὶ
2837 2480 2993 2534 τοῦτο
3028 2484 3086 2535 ὲν
3133 2480 3375 2553 Χριστῷ.
3406 2483 3513 2536 Καὶ
3548 2483 3818 2537 πιστώσε-

2232 2588 2321 2623 ται
2347 2571 2521 2640 λέγων
2541 2573 2568 2625 ὁ
2591 2572 2734 2643 ἱερὸς
2762 2572 2972 2635 Παῦλος
3006 2572 3133 2644 περί
3159 2590 3217 2625 τε
3244 2573 3479 2644 Χριστοῦ
3515 2574 3604 2627 καὶ
3631 2575 3813 2645 ἡμῶν·

2236 2679 2255 2712 ι
2298 2661 2516 2733 Ἐπειδὴ
2559 2663 2668 2733 γὰρ
2712 2662 2781 2716 τὰ
2815 2662 3001 2718 παιδία
3050 2661 3411 2734 κεκοινώνηκε
3460 2664 3661 2736 σαρκὸς
3711 2666 3816 2719 καὶ

2229 2752 2479 2821 αἵματος,
2506 2753 2599 2805 καὶ
2622 2752 2783 2817 αὐτὸς
2804 2753 3195 2825 παραπλησίως
3221 2754 3448 2825 μετέσχε
3473 2756 3581 2808 τῶν
3604 2756 3810 2811 αὐτῶν·

2230 2850 2317 2903 ἵνα
2345 2849 2432 2903 διὰ
2455 2849 2551 2903 τοῦ
2577 2848 2807 2903 θανάτου
2836 2854 3162 2922 καταργήσῃ
3186 2849 3276 2903 τὸν
3308 2850 3367 2903 τὸ
3396 2850 3593 2922 κράτος
3622 2851 3815 2921 ἔχοντα

2227 2940 2320 2993 τοῦ
2357 2942 2608 3005 θανάτου,
2635 2941 2779 2994 τοῦτ’
2805 2939 2943 3013 ἐστι,
2975 2940 3064 2994 τὸν
3106 2941 3369 3006 διάϐολον,
3407 2942 3499 2996 καὶ
3526 2944 3816 3017 ἀπαλλάξῃ

2226 3030 2468 3094 τούτους,
2498 3032 2611 3085 ὅσοι
2636 3031 2783 3102 φόϐῳ
2800 3031 3026 3085 θανάτου
3048 3031 3136 3086 διὰ
3166 3033 3365 3097 παντὸς
3384 3032 3477 3086 τοῦ
3498 3033 3598 3105 ζῇν
3629 3034 3813 3107 ἔνοχοι

2225 3117 2366 3192 ἦσαν
2398 3122 2656 3185 δουλείας.
2691 3142 2710 3175 ι
2754 3124 3044 3193 Τοιγάρτοι
3104 3126 3198 3178 καὶ
3238 3126 3400 3179 αὑτοῦ
3432 3125 3522 3179 τοῦ
3558 3127 3812 3183 τεθνάναι

551 3215 698 3270 noxii
744 3225 903 3271 erant
938 3195 1195 3273 servituti
1246 3219 1312 3272 ⁸⁸.
1338 3239 1356 3270 ι
1398 3220 1587 3291 Itaque
1645 3221 1909 3278 adversus
1949 3225 2124 3295 ipsam

2232 3214 2434 3280 λοιπὸν,
2467 3216 2495 3267 6
2521 3213 2628 3267 τῶν
2653 3215 2824 3283 ἁγίων
2847 3216 3310 3289 καταθρασύνεται
3339 3219 3481 3283 νοῦς.
3521 3220 3663 3292 Ἔφη
3701 3222 3815 3292 γὰρ

549 3321 767 3377 quoque
804 3319 1038 3363 mortem
1072 3316 1388 3365 sanctorum
1425 3311 1671 3366 virorum
1699 3312 1916 3369 animus
1950 3314 2124 3369 auda-

548 3407 668 3455 cter
704 3398 959 3471 insurgit.
988 3400 1080 3455 Ait
1099 3401 1245 3456 enim
1273 3403 1477 3458 Paulus
1498 3419 1744 3458 rursum:
1773 3405 1932 3459 «Mihi
1965 3422 2123 3462 nam-

548 3504 655 3559 que
703 3492 888 3546 vivere
935 3490 1187 3546 Christus
1219 3500 1324 3555 est,
1381 3502 1438 3548 et
1486 3494 1623 3548 mori
1658 3495 1874 3549 lucrum
1899 3496 1965 3550 ⁸⁷.
1996 3515 2014 3548 ι
2054 3497 2123 3551 Ει

550 3581 778 3636 iterum:
813 3601 831 3632 ι
853 3580 988 3648 Quis
1015 3598 1117 3638 nos
1152 3585 1433 3653 separabit
1490 3600 1519 3638 a
1561 3585 1826 3640 charitate
1875 3585 2121 3642 Christi?

550 3669 881 3736 Tribulatio,
899 3686 969 3724 an
990 3670 1261 3741 angustia,
1289 3685 1356 3724 an
1377 3672 1707 3740 persecutio,
1737 3686 1807 3726 an
1832 3670 2022 3739 fames,
2051 3690 2121 3730 an

548 3762 787 3829 nuditas,
816 3780 886 3819 an
907 3764 1237 3835 periculum,
1268 3781 1340 3819 an
1380 3764 1594 3835 gladius
1625 3765 1706 3819 δεῖ
1731 3786 1749 3818 ι
1791 3765 1993 3826 Teneri
2018 3781 2119 3821 au-

547 3862 659 3908 tem
711 3862 861 3910 metu
888 3855 1085 3911 mortis
1116 3856 1308 3922 vitam,
1342 3872 1463 3927 quae
1495 3873 1564 3912 ex
1602 3857 1745 3927 legis
1778 3858 1969 3929 regula
2012 3857 2117 3912 du-

547 3954 723 4010 catur;
775 3954 1075 4017 contraque
1124 3947 1319 4001 mortis
1362 3946 1633 4002 devitasse
1698 3947 1928 4017 laqueos
1975 3947 2118 4003 hanc

546 4034 733 4104 gloria:
764 4035 980 4105 plenam
1011 4035 1068 4089 in
1110 4034 1332 4091 Christo
1382 4036 1876 4099 conversationem,
1907 4035 1963 4089 id
1981 4052 2118 4105 quo—

545 4138 653 4192 que
674 4122 898 4194 planum
929 4122 991 4179 ﬁt
1036 4139 1104 4178 ex
1151 4138 1236 4188 eo,
1268 4123 1418 4193 quod
1457 4138 1611 4178 sacra
1660 4122 1947 4193 Scriptura
1996 4124 2113 4178 cla-

546 4223 677 4281 mat,
718 4230 973 4287 regnasse
1002 4223 1239 4270 mortem
1263 4216 1331 4270 ab
1370 4214 1543 4270 Adam
1570 4229 1745 4284 usque
1769 4214 1837 4270 ad
1867 4214 2108 4287 Moysen.

2233 3303 2394 3357 πάλιν
2415 3303 2445 3356 6
2486 3302 2714 3367 Παῦλοςο
2748 3322 2767 3357 ι
2815 3305 2969 3377 Ἐμοὶ
2999 3308 3106 3378 γὰρ
3132 3308 3193 3360 τὸ
3217 3308 3315 3379 ζῇν
3340 3310 3595 3381 Χριστος,
3630 3314 3725 3365 καὶ
3750 3313 3814 3366 τὸ

2229 3393 2520 3448 ἀποθανεῖν
2552 3394 2759 3465 κέρδος.
2797 3415 2815 3447 ι
2862 3397 2970 3450 Καὶ
2996 3397 3178 3450 πάλιν·
3229 3417 3247 3449 ι
3280 3399 3375 3464 Τίς
3404 3402 3550 3472 ἡμᾶς
3581 3404 3811 3475 χωρίσει

2228 3485 2335 3537 ἀπὸ
2373 3485 2473 3556 τῆς
2504 3485 2725 3557 ἀγάπης
2747 3486 2840 3541 τοῦ
2874 3488 3143 3560 Χριστοῦ;
3180 3489 3359 3560 θλίψις
3389 3493 3421 3563 ἢ
3452 3498 3804 3564 στενοχωρία,

2227 3575 2261 3645 ἢ
2301 3576 2571 3648 διωγμὸς,
2603 3578 2635 3648 ἢ
2669 3577 2853 3649 λιμὸς,
2885 3579 2917 3651 ἢ
2947 3581 3241 3652 γυμνότης,
3277 3582 3309 3652 ἢ
3341 3583 3601 3649 κίνδυνος,
3632 3586 3665 3655 ἢ
3697 3588 3806 3656 μά-

2228 3686 2425 3741 χαιρα;
2458 3689 2476 3722 ι
2506 3670 2628 3724 ’Ὁτι
2660 3670 2716 3723 δὲ
2755 3675 2866 3737 τοῖς
2888 3672 2984 3726 τοῦ
3024 3673 3253 3728 θανάτου
3281 3673 3528 3746 δείμασιν
3558 3678 3806 3749 ἐνέχεται

2228 3761 2328 3828 μὲν
2353 3761 2385 3830 ἡ
2413 3759 2554 3814 κατὰ
2577 3761 2737 3833 νόμον
2764 3761 2897 3834 ζωὴ,
2926 3762 3111 3834 διέδρα
3131 3764 3187 3817 δὲ
3207 3763 3362 3818 τοῦτο
3385 3767 3483 3837 τῆς
3504 3768 3563 3820 ὲν
3583 3768 3813 3840 Χριστῷ

2230 3849 2503 3915 πολιτείας
2533 3852 2593 3905 τὸ
2623 3851 2914 3925 καύχημα,
2942 3856 3109 3922 σαφὲς
3136 3855 3201 3909 ἂν
3226 3856 3456 3925 γένοιτο,
3489 3858 3806 3929 βεϐασιλευ-

2229 3939 2381 3993 κέναι
2430 3940 2521 3993 τὸν
2552 3940 2780 3995 θάνατον
2819 3943 2926 3996 ἀπὸ
2968 3943 3138 4009 Ἀδὰμ
3184 3945 3278 3999 καὶ
3321 3947 3483 4018 μέχρι
3524 3949 3805 4015 Μωσέως,

2227 4032 2370 4103 ἱεροῦ
2404 4033 2630 4104 βοῶντος
2664 4035 3013 4105 Γράμματος.
3062 4035 3198 4089 Ἀλλ’
3245 4039 3272 4091 6
3313 4042 3663 4112 καταργήσας
3708 4043 3804 4096 τὸν

2222 4123 2468 4189 θάνατον,
2524 4126 2617 4178 καὶ
2668 4128 2768 4197 τῆς
2815 4126 3019 4198 φθορᾶς
3070 4130 3401 4194 κατασείσας
3444 4134 3505 4186 τὸ
3560 4134 3805 4205 κράτος,

2220 4213 2506 4279 ἀνασώσας
2526 4234 2586 4269 τε
2613 4217 2746 4287 ὁμοῦ
2776 4221 2886 4282 τοῖς
2913 4219 3227 4274 πιστεύουσι
3255 4223 3346 4275 καὶ
3376 4224 3500 4288 τοὺς
3523 4224 3627 4278 ὑπὸ
3648 4228 3801 4298 νόμῳ

543 4304 679 4373 Quis
720 4322 854 4362 vero
887 4306 1031 4360 alius
1048 4305 1321 4362 destruxit
1351 4314 1605 4369 mortem,
1625 4314 1719 4359 aut
1742 4305 2114 4375 corruptionis

2228 4305 2736 4376 παιδαγωγηθέντας
2770 4309 2934 4375 ποτὲ,
2970 4311 3054 4374 τίς
3093 4310 3158 4364 ἂν
3189 4313 3274 4382 εῐη
3307 4312 3512 4384 ἔτερος,
3549 4315 3688 4387 πλὴν
3717 4318 3802 4370 ὅτι

545 4395 834 4466 imperium
865 4394 1086 4466 dejeeit,
1117 4396 1462 4466 servavitque
1489 4410 1599 4449 non
1621 4394 1910 4450 credentes
1924 4395 2108 4459 modo,

2228 4394 2313 4448 καὶ
2356 4395 2514 4466 μόνος
2553 4396 2580 4448 6
2619 4396 2822 4466 Κύριος
2866 4399 3024 4468 ἡμῶν
3070 4399 3274 4471 Ἰησοῦς
3307 4402 3335 4452 6
3363 4403 3625 4473 Χριστός;
3668 4424 3685 4455 ι
3721 4407 3797 4459 Οὐ

542 4485 639 4542 sed
665 4502 761 4542 eos
802 4502 1041 4557 quoque,
1089 4487 1185 4556 qui
1217 4487 1319 4541 sub
1362 4486 1499 4557 legis
1543 4486 1838 4557 disciplina
1871 4487 2110 4544 instituti

2228 4484 2324 4555 γὰρ
2348 4484 2605 4555 πρέσϐυς,
2632 4486 2730 4539 οὐκ
2760 4487 3009 4555 ἄγγελος,
3036 4488 3148 4541 ἀλλ’
3184 4490 3345 4554 αὐτὸς
3372 4493 3400 4545 6
3429 4490 3631 4563 Κύριος
3663 4494 3799 4548 ἔσω⁹

542 4578 785 4643 fuerant,
846 4578 955 4631 nisi
1006 4579 1157 4633 solus
1209 4579 1474 4633 Dominus
1508 4588 1697 4635 noster
1733 4580 1895 4636 Jesus
1948 4580 2109 4636 Chri-

2228 4550 2307 4631 τεν
2337 4550 2562 4641 αῦτοῦς,
2606 4596 2623 4629 ι
2662 4550 3003 4649 προφητικὸν.
3044 4579 3148 4650 ἔφη
3188 4550 3798 4653 χρησνμῴδημα.ν⁹Ιδοις

541 4676 660 4723 stus
678 4666 722 4699 “
747 4667 771 4720 ?
808 4686 825 4719 ι
848 4667 966 4722 Non
990 4668 1138 4723 enim
1175 4667 1406 4739 legatus,
1444 4684 1553 4723 non
1583 4671 1827 4740 angelus,
1859 4670 1955 4725 sed
1993 4672 2108 4742 ipse

2228 4669 2258 4721 5‘
2289 4669 2355 4723 ἂν
2388 4670 2481 4723 καὶ
2516 4668 2662 4738 μάλα
2693 4669 2873 4739 σαφῶς
2902 4671 2961 4723 τὸ
2992 4672 3083 4723 ἐπὶ
3136 4670 3270 4741 τῷδε
3309 4675 3602 4744 μυστήριον
3634 4673 3709 4738 ὡς
3738 4677 3802 4728 ὲν

541 4758 804 4815 Dominus
824 4760 1056 4814 salvavit
1076 4774 1171 4815 eos
1186 4760 1255 4826 '°,
1278 4779 1295 4810 ι
1328 4761 1649 4831 prophetico
1673 4778 1935 4834 responso
1968 4780 2108 4834 pra:-

2228 4760 2368 4831 ιύπῳ
2412 4760 2571 4814 πάλιν
2613 4762 2725 4824 τοῖς
2776 4761 3145 4832 συμϐεϐηκόσι
3190 4760 3267 4833 τῷ
3309 4763 3563 4835 μακαρίῳ
3595 4766 3794 4836 Μωσῇ.

540 4851 745 4907 dictum
775 4859 879 4907 est.
906 4851 1058 4907 Licet
1086 4860 1270 4907 autem
1326 4852 1425 4908 tibi
1452 4854 1785 4924 perspicere,
1833 4872 2012 4926 neque
2052 4856 2107 4911 id

540 4942 795 5010 obscure,
836 4943 999 5017 hujus
1026 4944 1106 4999 rei
1133 4944 1456 5016 mysterium
1483 4945 1636 5000 velut
1668 4946 1725 5001 in
1771 4946 1939 5019 ﬁgura
1970 4964 2109 5019 qua-

540 5034 666 5090 dam
696 5034 753 5090 in
812 5034 879 5091 iis
906 5034 1093 5100 rebus,
1145 5051 1266 5105 quae
1295 5035 1459 5090 beato
1490 5035 1661 5107 Μογῇ
1716 5038 2067 5109 contigerunt
2094 5059 2106 5094 :

533 5125 644 5196 jam
669 5126 816 5181 enim
846 5126 1213 5195 proﬁciscenti
1244 5142 1312 5181 ex
1340 5126 1761 5183 Madianitarum
1798 5129 2024 5193 ﬁnibus,
2048 5147 2111 5187 ac

536 5217 853 5285 properanti
894 5217 949 5271 in
990 5217 1302 5290 Egyptum,
1366 5218 1505 5273 dixit
1560 5219 1748 5275 Deus:
1800 5239 1818 5270 ι
1853 5222 1991 5275 Dum
2021 5221 2108 5275 in-

535 5307 784 5377 grederis
829 5324 894 5362 ac
931 5310 1222 5365 reverteris
1260 5310 1315 5363 in
1346 5309 1658 5382 Egyptum,
1697 5311 1824 5366 vide
1854 5312 2100 5382 prodigia

534 5394 740 5451 omnia.
770 5411 893 5465 qua:
919 5396 1044 5451 dedi
1073 5399 1129 5453 in
1167 5400 1422 5455 manibus
1452 5400 1585 5466 tuis,
1615 5400 1786 5455 facies
1824 5416 1889 5455 ea
1914 5416 2100 5456 coram

534 5484 816 5541 Pharaone
837 5484 901 5540 ³¹.
927 5504 945 5537 ι
992 5487 1096 5557 77
1124 5487 1192 5542 ἓν..
1213 5488 1540 5558 quibusdam
1577 5486 1952 5557 interpositis:
1985 5508 2002 5535 ι
2034 5488 2102 5543 Ει

533 5576 755 5643 accidit,
802 5577 1006 5649 inquit,
1039 5578 1094 5633 in
1130 5579 1348 5644 itinere,
1403 5580 1459 5635 in
1501 5579 1810 5635 diversorio
1856 5581 2102 5637 occurrit

607 5691 651 5720 δ’
680 5690 851 5765 Calat.
892 5709 944 5758 v,
975 5693 1063 5749 ει.
1128 5694 1189 5765 f’
1221 5695 1408 5752 Matth.
1451 5713 1564 5765 vin,
1594 5696 1684 5752 2i.
1767 5698 1813 5731 “
1855 5699 2100 5755 lbid.22.
2179 5700 2224 5733 "
2253 5699 2428 5757 Galat.
2464 5716 2502 5762 ι,
2546 5700 2627 5753 16.

2228 4852 2582 4922 Ἐξοιχομένῳ
2609 4851 2716 4923 γὰρ
2752 4852 2850 4923 ἤδη
2881 4853 2980 4922 τῆς
3008 4853 3377 4923 Μαδιηναίων,
3416 4854 3795 4909 διασπεύδοντί

2206 4957 2265 4996 τε
2299 4939 2483 4993 λοιπὸν
2510 4943 2588 5003 είς
2616 4940 2915 5009 Αἴγυπτον,
2945 4941 3049 5013 ἔφη
3074 4942 3225 5006 Θεός·
3264 4963 3284 4995 ι
3322 4944 3793 5016 Είσπορευομένου

2209 5050 2303 5086 σου
2330 5035 2424 5086 καὶ
2454 5033 2886 5104 ἀποστρέφοντος
2911 5036 2991 5097 είς
3023 5034 3318 5103 Αἴγυπτον,
3355 5037 3454 5106 ὅρα
3486 5036 3557 5089 τὰ
3584 5037 3794 5108 τέρατα

2209 5125 2408 5190 πάντα,
2454 5124 2490 5178 ἃ
2523 5124 2730 5178 δέδωκα
2765 5127 2822 5178 ὲν
2865 5128 2984 5189 ταῖς
3029 5126 3184 5198 χερσί
3219 5142 3335 5192 σου,
3370 5128 3615 5197 ποιήσεις
3650 5128 3794 5180 αύτὰ

2208 5217 2448 5271 ἐναντίον
2476 5216 2694 5289 Φαραώ.
2734 5237 2752 5270 ι
2800 5218 2909 5271 Kal.
2952 5218 3072 5287 μεθ’
3108 5220 3289 5289 ἐτεραο
3348 5237 3366 5269 ι
3402 5219 3506 5272 Ka‘t
3531 5219 3785 5287 ἐγένετο,

2211 5308 2394 5378 φησὶν,
2448 5309 2505 5361 ἐν
2543 5310 2610 5379 τῇ
2645 5307 2782 5378 ὁδῷ,
2831 5309 2890 5361 ὲν
2934 5307 3012 5378 τῷ
3055 5308 3399 5378 καταλύματι
3460 5311 3788 5380 συνήντησεν

2209 5398 2359 5470 αὐτῷ
2384 5399 2610 5468 ἄγγελος
2638 5399 2845 5472 Κυρίου
2864 5439 2878 5463 ,
2916 5401 3011 5453 καὶ
3041 5400 3222 5473 ἐζήτει
3252 5400 3413 5454 αὑτὸν
3441 5401 3783 5475 ἀποκτεῖναι·

2209 5491 2304 5543 καὶ
2330 5490 2567 5544 λαϐοῦσα
2596 5490 2870 5562 Σεπφώρα
2900 5491 3101 5563 ψῆφον,
3151 5491 3445 5564 περιέτεμε
3484 5491 3580 5563 τὴν
3612 5493 3781 5564 ἀκρο-

2208 5581 2434 5635 ϐυστίαν
2466 5581 2559 5635 τοῦ
2603 5580 2718 5635 υίοῦ
2743 5581 2963 5653 ,αὐτῆς,
2997 5583 3093 5637 καὶ
3135 5582 3441 5655 προσέπεσε
3480 5582 3615 5653 πρὸς
3656 5583 3781 5644 τοὺς

2706 5699 2935 5771 δ⁶ᾼ11ο1π.
2971 5701 3190 5769 vnn“,
3234 5702 3318 5757 15.
3400 5702 3445 5734 ⁸⁷
3475 5699 3710 5771 Philipp.
3734 5712 3780 5763 ι,

538 5759 627 5814 21.
706 5759 749 5792 ⁸⁸
779 5762 934 5818 Rom.
970 5779 1081 5831 vm,
1126 5764 1211 5820 35.
1291 5765 1333 5798 ⁸³
1380 5759 1489 5821 bid:
1552 5759 1720 5831 v.12.
1799 5770 1845 5801 ⁸⁸
1886 5771 1985 5825 lsa.
2030 5788 2175 5831 Lxm.
2206 5772 2259 5827 9.
2338 5772 2380 5803 "
2429 5759 2597 5826 Eiod.
2635 5785 2709 5836 Iv,
2737 5769 2825 5825 21.
