  <div class='ocr_page' id='page_1' title='image "/cluster/home/n/w/nwhite01/storage/ocr_20150623/68/hvd.32044019207851/136.png"; bbox 0 0 4046 6518; ppageno 0'>
   <div class='ocr_carea' id='block_1_1' title="bbox 272 437 361 492">
    <p class='ocr_par' dir='ltr' id='par_1_1' title="bbox 272 437 361 492">
     <span class='ocr_line' id='line_1_1' title="bbox 272 437 361 492; baseline 0 0"><span class='ocrx_word' id='word_1_1' title='bbox 272 437 361 492; x_wconf 67' lang='lat'><strong>257</strong></span> 
     </span>
    </p>
   </div>
   <div class='ocr_carea' id='block_1_2' title="bbox 999 431 2784 491">
    <p class='ocr_par' dir='ltr' id='par_1_2' title="bbox 999 431 2784 491">
     <span class='ocr_line' id='line_1_2' title="bbox 999 431 2784 491; baseline -0.001 -2"><span class='ocrx_word' id='word_1_2' title='bbox 999 434 1088 489; x_wconf 86' lang='lat' dir='ltr'><strong>DE</strong></span> <span class='ocrx_word' id='word_1_3' title='bbox 1124 431 1568 489; x_wconf 78' lang='lat' dir='ltr'><strong>ADORATIONE</strong></span> <span class='ocrx_word' id='word_1_4' title='bbox 1605 432 1673 488; x_wconf 79' lang='lat' dir='ltr'><strong>IN</strong></span> <span class='ocrx_word' id='word_1_5' title='bbox 1713 431 1981 489; x_wconf 80' lang='lat' dir='ltr'><strong>SPlRlTU</strong></span> <span class='ocrx_word' id='word_1_6' title='bbox 2017 434 2110 489; x_wconf 76' lang='lat' dir='ltr'><strong>ET</strong></span> <span class='ocrx_word' id='word_1_7' title='bbox 2148 435 2511 491; x_wconf 79' lang='lat' dir='ltr'><strong>VERITATE.</strong></span> <span class='ocrx_word' id='word_1_8' title='bbox 2553 436 2680 491; x_wconf 81' lang='lat' dir='ltr'><strong>LIB.</strong></span> <span class='ocrx_word' id='word_1_9' title='bbox 2719 436 2784 491; x_wconf 87' lang='lat' dir='ltr'><strong>ll.</strong></span> 
     </span>
    </p>
   </div>
   <div class='ocr_carea' id='block_1_3' title="bbox 3395 401 3583 492">
    <p class='ocr_par' dir='ltr' id='par_1_3' title="bbox 3395 401 3583 492">
     <span class='ocr_line' id='line_1_3' title="bbox 3395 401 3583 492; baseline 0 0"><span class='ocrx_word' id='word_1_10' title='bbox 3395 401 3583 492; x_wconf 51' lang='grc' dir='ltr'><strong>ρξε’</strong></span> 
     </span>
    </p>
   </div>
   <div class='ocr_carea' id='block_1_4' title="bbox 272 529 1845 623">
    <p class='ocr_par' dir='ltr' id='par_1_4' title="bbox 272 529 1830 621">
     <span class='ocr_line' id='line_1_4' title="bbox 272 529 1830 621; baseline 0 -18"><span class='ocrx_word' id='word_1_11' title='bbox 272 549 421 612; x_wconf 77' lang='grc' dir='ltr'>πόδας</span> <span class='ocrx_word' id='word_1_12' title='bbox 456 546 659 614; x_wconf 75' lang='grc' dir='ltr'>αὐτοῦ,</span> <span class='ocrx_word' id='word_1_13' title='bbox 703 529 807 602; x_wconf 55' lang='grc' dir='ltr'>’καὶ</span> <span class='ocrx_word' id='word_1_14' title='bbox 849 536 1025 603; x_wconf 77' lang='grc' dir='ltr'>εἶπεν·</span> <span class='ocrx_word' id='word_1_15' title='bbox 1081 551 1249 621; x_wconf 84' lang='grc' dir='ltr'>Ἐστη</span> <span class='ocrx_word' id='word_1_16' title='bbox 1292 551 1353 603; x_wconf 78' lang='grc' dir='ltr'>τὸ</span> <span class='ocrx_word' id='word_1_17' title='bbox 1399 544 1538 621; x_wconf 71' lang='grc' dir='ltr'>αἷμα</span> <span class='ocrx_word' id='word_1_18' title='bbox 1588 550 1689 616; x_wconf 79' lang='grc' dir='ltr'><strong>τῆς</strong></span> <span class='ocrx_word' id='word_1_19' title='bbox 1733 567 1830 603; x_wconf 85' lang='grc' dir='ltr'>πε-</span> 
     </span>
    </p>
   </div>
   <div class='ocr_carea' id='block_1_5' title="bbox 1946 529 3496 623">
    <p class='ocr_par' dir='ltr' id='par_1_5' title="bbox 1946 550 3496 623">
     <span class='ocr_line' id='line_1_5' title="bbox 1946 550 3496 623; baseline 0.002 -19"><span class='ocrx_word' id='word_1_20' title='bbox 1946 551 2013 605; x_wconf 84' lang='lat' dir='ltr'><strong>illi</strong></span> <span class='ocrx_word' id='word_1_21' title='bbox 2044 552 2268 622; x_wconf 82' lang='lat' dir='ltr'><strong>angelus</strong></span> <span class='ocrx_word' id='word_1_22' title='bbox 2322 553 2561 617; x_wconf 85' lang='lat' dir='ltr'><strong>Domini,</strong></span> <span class='ocrx_word' id='word_1_23' title='bbox 2600 564 2655 608; x_wconf 87' lang='lat' dir='ltr'><strong>et</strong></span> <span class='ocrx_word' id='word_1_24' title='bbox 2706 554 2985 623; x_wconf 73' lang='lat' dir='ltr'><strong>quzerehat</strong></span> <span class='ocrx_word' id='word_1_25' title='bbox 3042 550 3292 607; x_wconf 89' lang='lat' dir='ltr'><strong>occidere</strong></span> <span class='ocrx_word' id='word_1_26' title='bbox 3329 566 3496 617; x_wconf 86' lang='lat' dir='ltr'><strong>eum;</strong></span> 
     </span>
    </p>
   </div>
   <div class='ocr_carea' id='block_1_6' title="bbox 277 636 1831 713">
    <p class='ocr_par' dir='ltr' id='par_1_6' title="bbox 277 636 1831 713">
     <span class='ocr_line' id='line_1_6' title="bbox 277 636 1831 713; baseline 0.001 -20"><span class='ocrx_word' id='word_1_27' title='bbox 277 638 485 713; x_wconf 82' lang='grc' dir='ltr'>ριτομῆς</span> <span class='ocrx_word' id='word_1_28' title='bbox 532 639 628 693; x_wconf 76' lang='grc' dir='ltr'><strong>τοῦ</strong></span> <span class='ocrx_word' id='word_1_29' title='bbox 672 639 883 693; x_wconf 80' lang='grc' dir='ltr'>παιδίου</span> <span class='ocrx_word' id='word_1_30' title='bbox 928 657 1055 710; x_wconf 88' lang='grc' dir='ltr'>μου.</span> <span class='ocrx_word' id='word_1_31' title='bbox 1096 658 1116 693; x_wconf 73' lang='grc' dir='ltr'><strong>ι</strong></span> <span class='ocrx_word' id='word_1_32' title='bbox 1147 636 1295 713; x_wconf 70' lang='grc' dir='ltr'><strong>’Λρά</strong></span> <span class='ocrx_word' id='word_1_33' title='bbox 1322 648 1408 695; x_wconf 77' lang='grc' dir='ltr'>’σοι</span> <span class='ocrx_word' id='word_1_34' title='bbox 1443 641 1654 712; x_wconf 80' lang='grc' dir='ltr'>μακροῦ</span> <span class='ocrx_word' id='word_1_35' title='bbox 1694 640 1831 712; x_wconf 77' lang='grc' dir='ltr'>πρὸς</span> 
     </span>
    </p>
   </div>
   <div class='ocr_carea' id='block_1_7' title="bbox 274 732 1828 806">
    <p class='ocr_par' dir='ltr' id='par_1_7' title="bbox 274 732 1828 806">
     <span class='ocr_line' id='line_1_7' title="bbox 274 732 1828 806; baseline -0.001 -18"><span class='ocrx_word' id='word_1_36' title='bbox 274 735 552 804; x_wconf 79' lang='grc' dir='ltr'><strong>σαφήνειαν</strong></span> <span class='ocrx_word' id='word_1_37' title='bbox 579 732 759 804; x_wconf 79' lang='grc' dir='ltr'>δεήσει</span> <span class='ocrx_word' id='word_1_38' title='bbox 780 732 974 799; x_wconf 72' lang='grc' dir='ltr'>λόγους</span> <span class='ocrx_word' id='word_1_39' title='bbox 1000 733 1166 803; x_wconf 67' lang='grc' dir='ltr'>ἤγουν</span> <span class='ocrx_word' id='word_1_40' title='bbox 1194 734 1421 806; x_wconf 73' lang='grc' dir='ltr'>ἐναργὲς</span> <span class='ocrx_word' id='word_1_41' title='bbox 1451 734 1511 787; x_wconf 79' lang='grc' dir='ltr'>τὸ</span> <span class='ocrx_word' id='word_1_42' title='bbox 1535 733 1828 805; x_wconf 83' lang='grc' dir='ltr'>θεώρημα;</span> 
     </span>
    </p>
   </div>
   <div class='ocr_carea' id='block_1_8' title="bbox 1937 643 3497 715">
    <p class='ocr_par' dir='ltr' id='par_1_8' title="bbox 1937 643 3497 715">
     <span class='ocr_line' id='line_1_8' title="bbox 1937 643 3497 715; baseline -0.001 -17"><span class='ocrx_word' id='word_1_43' title='bbox 1937 659 2059 698; x_wconf 89' lang='lat' dir='ltr'><strong>cum</strong></span> <span class='ocrx_word' id='word_1_44' title='bbox 2094 654 2275 698; x_wconf 89' lang='lat' dir='ltr'><strong>autem</strong></span> <span class='ocrx_word' id='word_1_45' title='bbox 2315 644 2914 715; x_wconf 87' lang='lat' dir='ltr'><strong>accepissetSepphora</strong></span> <span class='ocrx_word' id='word_1_46' title='bbox 2946 643 3239 707; x_wconf 87' lang='lat' dir='ltr'><strong>calculum,</strong></span> <span class='ocrx_word' id='word_1_47' title='bbox 3262 645 3497 698; x_wconf 90' lang='lat' dir='ltr'><strong>circum-</strong></span> 
     </span>
    </p>
   </div>
   <div class='ocr_carea' id='block_1_9' title="bbox 1937 732 3498 805">
    <p class='ocr_par' dir='ltr' id='par_1_9' title="bbox 1937 732 3498 805">
     <span class='ocr_line' id='line_1_9' title="bbox 1937 732 3498 805; baseline 0.001 -18"><span class='ocrx_word' id='word_1_48' title='bbox 1937 732 2071 787; x_wconf 91' lang='lat' dir='ltr'><strong>cidit</strong></span> <span class='ocrx_word' id='word_1_49' title='bbox 2103 735 2429 805; x_wconf 79' lang='lat' dir='ltr'><strong>praeputium</strong></span> <span class='ocrx_word' id='word_1_50' title='bbox 2457 734 2556 790; x_wconf 89' lang='lat' dir='ltr'><strong>ﬁlii</strong></span> <span class='ocrx_word' id='word_1_51' title='bbox 2588 737 2696 799; x_wconf 91' lang='lat' dir='ltr'><strong>sui,</strong></span> <span class='ocrx_word' id='word_1_52' title='bbox 2727 743 2784 789; x_wconf 91' lang='lat' dir='ltr'><strong>et</strong></span> <span class='ocrx_word' id='word_1_53' title='bbox 2807 734 3045 805; x_wconf 79' lang='lat' dir='ltr'><strong>procidit</strong></span> <span class='ocrx_word' id='word_1_54' title='bbox 3072 734 3140 789; x_wconf 89' lang='lat' dir='ltr'><strong>ad</strong></span> <span class='ocrx_word' id='word_1_55' title='bbox 3170 733 3338 804; x_wconf 84' lang='lat' dir='ltr'><strong>pedes</strong></span> <span class='ocrx_word' id='word_1_56' title='bbox 3358 736 3498 805; x_wconf 88' lang='lat' dir='ltr'><strong>ejus,</strong></span> 
     </span>
    </p>
   </div>
   <div class='ocr_carea' id='block_1_10' title="bbox 275 823 3498 899">
    <p class='ocr_par' dir='ltr' id='par_1_10' title="bbox 275 823 3498 899">
     <span class='ocr_line' id='line_1_10' title="bbox 275 823 3498 899; baseline 0 -18"><span class='ocrx_word' id='word_1_57' title='bbox 275 836 325 881; x_wconf 84' lang='lat' dir='ltr'><strong>et</strong></span> <span class='ocrx_word' id='word_1_58' title='bbox 349 825 521 879; x_wconf 85' lang='lat' dir='ltr'><strong>dixit:</strong></span> <span class='ocrx_word' id='word_1_59' title='bbox 551 823 716 880; x_wconf 90' lang='lat' dir='ltr'><strong>Stetit</strong></span> <span class='ocrx_word' id='word_1_60' title='bbox 746 824 969 895; x_wconf 81' lang='lat' dir='ltr'><strong>sanguis</strong></span> <span class='ocrx_word' id='word_1_61' title='bbox 996 825 1435 881; x_wconf 89' lang='lat' dir='ltr'><strong>circumcisionis</strong></span> <span class='ocrx_word' id='word_1_62' title='bbox 1450 825 1673 880; x_wconf 91' lang='lat' dir='ltr'><strong>ﬁliimei</strong></span> <span class='ocrx_word' id='word_1_63' title='bbox 1710 843 1723 878; x_wconf 92' lang='lat'><strong>:</strong></span> <span class='ocrx_word' id='word_1_64' title='bbox 1753 835 1810 880; x_wconf 92' lang='lat' dir='ltr'><strong>et</strong></span> <span class='ocrx_word' id='word_1_65' title='bbox 1844 823 2183 880; x_wconf 89' lang='lat' dir='ltr'><strong>discessitab</strong></span> <span class='ocrx_word' id='word_1_66' title='bbox 2220 842 2308 893; x_wconf 90' lang='lat' dir='ltr'><strong>eo,</strong></span> <span class='ocrx_word' id='word_1_67' title='bbox 2339 827 2466 897; x_wconf 86' lang='lat' dir='ltr'><strong>quia</strong></span> <span class='ocrx_word' id='word_1_68' title='bbox 2492 828 2665 881; x_wconf 82' lang='lat' dir='ltr'><strong>dixit:</strong></span> <span class='ocrx_word' id='word_1_69' title='bbox 2698 827 2859 883; x_wconf 86' lang='lat' dir='ltr'><strong>Stetit</strong></span> <span class='ocrx_word' id='word_1_70' title='bbox 2878 828 3099 899; x_wconf 81' lang='lat' dir='ltr'><strong>sanguis</strong></span> <span class='ocrx_word' id='word_1_71' title='bbox 3119 827 3498 883; x_wconf 88' lang='lat' dir='ltr'><strong>circumcisio-</strong></span> 
     </span>
    </p>
   </div>
   <div class='ocr_carea' id='block_1_11' title="bbox 273 914 3501 989">
    <p class='ocr_par' dir='ltr' id='par_1_11' title="bbox 273 914 3501 989">
     <span class='ocr_line' id='line_1_11' title="bbox 273 914 3501 989; baseline 0 -18"><span class='ocrx_word' id='word_1_72' title='bbox 273 918 347 971; x_wconf 90' lang='lat' dir='ltr'><strong>nis</strong></span> <span class='ocrx_word' id='word_1_73' title='bbox 386 914 483 969; x_wconf 87' lang='lat' dir='ltr'><strong>ﬁlii</strong></span> <span class='ocrx_word' id='word_1_74' title='bbox 507 916 615 971; x_wconf 87' lang='lat' dir='ltr'><strong>mei</strong></span> <span class='ocrx_word' id='word_1_75' title='bbox 649 917 717 967; x_wconf 83' lang='grc'><strong>⁸¹.</strong></span> <span class='ocrx_word' id='word_1_76' title='bbox 748 933 765 966; x_wconf 78' lang='grc' dir='ltr'><strong>ι</strong></span> <span class='ocrx_word' id='word_1_77' title='bbox 797 916 993 972; x_wconf 88' lang='lat' dir='ltr'><strong>Utrum</strong></span> <span class='ocrx_word' id='word_1_78' title='bbox 1039 917 1206 988; x_wconf 79' lang='lat' dir='ltr'><strong>igitur</strong></span> <span class='ocrx_word' id='word_1_79' title='bbox 1257 917 1356 972; x_wconf 89' lang='lat' dir='ltr'><strong>tibi</strong></span> <span class='ocrx_word' id='word_1_80' title='bbox 1395 917 1627 989; x_wconf 84' lang='lat' dir='ltr'><strong>longiori</strong></span> <span class='ocrx_word' id='word_1_81' title='bbox 1681 931 1822 986; x_wconf 90' lang='lat' dir='ltr'><strong>opus</strong></span> <span class='ocrx_word' id='word_1_82' title='bbox 1885 919 1976 970; x_wconf 88' lang='lat' dir='ltr'><strong>est</strong></span> <span class='ocrx_word' id='word_1_83' title='bbox 2036 917 2283 972; x_wconf 89' lang='lat' dir='ltr'><strong>oratione</strong></span> <span class='ocrx_word' id='word_1_84' title='bbox 2339 919 2406 972; x_wconf 89' lang='lat' dir='ltr'><strong>ad</strong></span> <span class='ocrx_word' id='word_1_85' title='bbox 2445 918 2871 988; x_wconf 86' lang='lat' dir='ltr'><strong>explicandum?</strong></span> <span class='ocrx_word' id='word_1_86' title='bbox 2915 932 2984 971; x_wconf 86' lang='lat' dir='ltr'><strong>an</strong></span> <span class='ocrx_word' id='word_1_87' title='bbox 3038 917 3361 988; x_wconf 86' lang='lat' dir='ltr'><strong>perspicuus</strong></span> <span class='ocrx_word' id='word_1_88' title='bbox 3415 925 3501 972; x_wconf 87' lang='lat' dir='ltr'><strong>est</strong></span> 
     </span>
    </p>
   </div>
   <div class='ocr_carea' id='block_1_12' title="bbox 273 1009 1418 1081">
    <p class='ocr_par' dir='ltr' id='par_1_12' title="bbox 273 1009 1418 1081">
     <span class='ocr_line' id='line_1_12' title="bbox 273 1009 1418 1081; baseline 0.001 -18"><span class='ocrx_word' id='word_1_89' title='bbox 273 1017 413 1070; x_wconf 82' lang='lat' dir='ltr'><strong>locus</strong></span> <span class='ocrx_word' id='word_1_90' title='bbox 446 1009 515 1063; x_wconf 88' lang='lat' dir='ltr'><strong>ad</strong></span> <span class='ocrx_word' id='word_1_91' title='bbox 547 1010 1026 1080; x_wconf 84' lang='lat' dir='ltr'><strong>contemplandum</strong></span> <span class='ocrx_word' id='word_1_92' title='bbox 1056 1011 1418 1081; x_wconf 86' lang='lat' dir='ltr'><strong>propositus?</strong></span> 
     </span>
    </p>
   </div>
   <div class='ocr_carea' id='block_1_13' title="bbox 338 1094 1832 1170">
    <p class='ocr_par' dir='ltr' id='par_1_13' title="bbox 338 1094 1832 1170">
     <span class='ocr_line' id='line_1_13' title="bbox 338 1094 1832 1170; baseline 0 -20"><span class='ocrx_word' id='word_1_93' title='bbox 338 1098 536 1151; x_wconf 78' lang='lat' dir='ltr'><strong>llAAA.</strong></span> <span class='ocrx_word' id='word_1_94' title='bbox 560 1097 635 1150; x_wconf 78' lang='grc' dir='ltr'><strong>Οὐ</strong></span> <span class='ocrx_word' id='word_1_95' title='bbox 659 1098 757 1167; x_wconf 77' lang='grc' dir='ltr'>μὲν</span> <span class='ocrx_word' id='word_1_96' title='bbox 777 1094 870 1151; x_wconf 76' lang='grc' dir='ltr'><strong>οὖν</strong></span> <span class='ocrx_word' id='word_1_97' title='bbox 888 1114 901 1129; x_wconf 75' lang='grc' dir='ltr'><strong>ο</strong></span> <span class='ocrx_word' id='word_1_98' title='bbox 930 1098 1152 1168; x_wconf 80' lang='grc' dir='ltr'><strong>συνίημι</strong></span> <span class='ocrx_word' id='word_1_99' title='bbox 1176 1099 1287 1169; x_wconf 89' lang='grc' dir='ltr'><strong>γάρ</strong></span> <span class='ocrx_word' id='word_1_100' title='bbox 1310 1097 1557 1170; x_wconf 80' lang='grc' dir='ltr'><strong>οὐδαμῶς</strong></span> <span class='ocrx_word' id='word_1_101' title='bbox 1574 1098 1603 1151; x_wconf 84' lang='grc' dir='ltr'><strong>δ</strong></span> <span class='ocrx_word' id='word_1_102' title='bbox 1622 1098 1675 1151; x_wconf 88' lang='grc' dir='ltr'><strong>τί</strong></span> <span class='ocrx_word' id='word_1_103' title='bbox 1702 1097 1832 1150; x_wconf 85' lang='grc' dir='ltr'>ποτέ</span> 
     </span>
    </p>
   </div>
   <div class='ocr_carea' id='block_1_14' title="bbox 276 1186 1831 1259">
    <p class='ocr_par' dir='ltr' id='par_1_14' title="bbox 276 1186 1831 1259">
     <span class='ocr_line' id='line_1_14' title="bbox 276 1186 1831 1259; baseline -0.001 -18"><span class='ocrx_word' id='word_1_104' title='bbox 276 1190 379 1241; x_wconf 69' lang='grc' dir='ltr'>ἐστι</span> <span class='ocrx_word' id='word_1_105' title='bbox 412 1187 473 1241; x_wconf 78' lang='grc' dir='ltr'>τὸ</span> <span class='ocrx_word' id='word_1_106' title='bbox 516 1186 590 1250; x_wconf 86' lang='grc' dir='ltr'><strong>ὡς</strong></span> <span class='ocrx_word' id='word_1_107' title='bbox 640 1187 698 1239; x_wconf 81' lang='grc' dir='ltr'>ὲν</span> <span class='ocrx_word' id='word_1_108' title='bbox 736 1189 864 1259; x_wconf 80' lang='grc' dir='ltr'>σκιᾷ</span> <span class='ocrx_word' id='word_1_109' title='bbox 907 1186 985 1258; x_wconf 75' lang='grc' dir='ltr'>τῷ</span> <span class='ocrx_word' id='word_1_110' title='bbox 1039 1187 1406 1259; x_wconf 71' lang='grc' dir='ltr'>ωμὸεσηκότι</span> <span class='ocrx_word' id='word_1_111' title='bbox 1478 1187 1831 1242; x_wconf 78' lang='grc' dir='ltr'>καταδεικνύ-</span> 
     </span>
    </p>
   </div>
   <div class='ocr_carea' id='block_1_15' title="bbox 275 1295 441 1352">
    <p class='ocr_par' dir='ltr' id='par_1_15' title="bbox 275 1295 441 1352">
     <span class='ocr_line' id='line_1_15' title="bbox 275 1295 441 1352; baseline -0.006 -20"><span class='ocrx_word' id='word_1_112' title='bbox 275 1295 441 1352; x_wconf 81' lang='grc' dir='ltr'>μενον.</span> 
     </span>
    </p>
   </div>
   <div class='ocr_carea' id='block_1_16' title="bbox 332 1363 1830 1441">
    <p class='ocr_par' dir='ltr' id='par_1_16' title="bbox 332 1363 1830 1441">
     <span class='ocr_line' id='line_1_16' title="bbox 332 1363 1830 1441; baseline -0.001 -16"><span class='ocrx_word' id='word_1_113' title='bbox 332 1371 493 1426; x_wconf 77' lang='grc' dir='ltr'><strong>ΚΥΡ.</strong></span> <span class='ocrx_word' id='word_1_114' title='bbox 522 1370 597 1425; x_wconf 80' lang='grc' dir='ltr'><strong>Οὐ</strong></span> <span class='ocrx_word' id='word_1_115' title='bbox 624 1369 732 1441; x_wconf 81' lang='grc' dir='ltr'><strong>γὰρ</strong></span> <span class='ocrx_word' id='word_1_116' title='bbox 752 1412 767 1437; x_wconf 92' lang='grc'><strong>,</strong></span> <span class='ocrx_word' id='word_1_117' title='bbox 800 1363 847 1425; x_wconf 80' lang='grc' dir='ltr'>ὧ</span> <span class='ocrx_word' id='word_1_118' title='bbox 892 1369 1142 1441; x_wconf 79' lang='grc' dir='ltr'><strong>φιλότης,</strong></span> <span class='ocrx_word' id='word_1_119' title='bbox 1181 1369 1381 1441; x_wconf 81' lang='grc' dir='ltr'>ἀληθὲς</span> <span class='ocrx_word' id='word_1_120' title='bbox 1406 1365 1546 1424; x_wconf 74' lang='grc' dir='ltr'>εἶναι</span> <span class='ocrx_word' id='word_1_121' title='bbox 1578 1371 1685 1441; x_wconf 76' lang='grc' dir='ltr'>φῂς</span> <span class='ocrx_word' id='word_1_122' title='bbox 1703 1409 1719 1435; x_wconf 91' lang='grc'><strong>,</strong></span> <span class='ocrx_word' id='word_1_123' title='bbox 1748 1371 1830 1424; x_wconf 80' lang='grc' dir='ltr'><strong>ὅτι</strong></span> 
     </span>
    </p>
   </div>
   <div class='ocr_carea' id='block_1_17' title="bbox 270 1460 1831 1534">
    <p class='ocr_par' dir='ltr' id='par_1_17' title="bbox 270 1460 1831 1534">
     <span class='ocr_line' id='line_1_17' title="bbox 270 1460 1831 1534; baseline -0.001 -17"><span class='ocrx_word' id='word_1_124' title='bbox 270 1462 490 1517; x_wconf 78' lang='grc' dir='ltr'>θανάτου</span> <span class='ocrx_word' id='word_1_125' title='bbox 530 1461 757 1532; x_wconf 78' lang='grc' dir='ltr'><strong>κάτοχος</strong></span> <span class='ocrx_word' id='word_1_126' title='bbox 790 1462 824 1533; x_wconf 77' lang='grc' dir='ltr'>ἡ</span> <span class='ocrx_word' id='word_1_127' title='bbox 853 1460 1141 1532; x_wconf 77' lang='grc' dir='ltr'>ἀνθρώπου</span> <span class='ocrx_word' id='word_1_128' title='bbox 1172 1462 1334 1531; x_wconf 79' lang='grc' dir='ltr'>φύσις</span> <span class='ocrx_word' id='word_1_129' title='bbox 1366 1463 1431 1515; x_wconf 81' lang='grc' dir='ltr'>ὲκ</span> <span class='ocrx_word' id='word_1_130' title='bbox 1468 1464 1569 1534; x_wconf 78' lang='grc' dir='ltr'>τῆς</span> <span class='ocrx_word' id='word_1_131' title='bbox 1600 1462 1831 1533; x_wconf 76' lang='grc' dir='ltr'><strong>ἀρχαίας</strong></span> 
     </span>
    </p>
   </div>
   <div class='ocr_carea' id='block_1_18' title="bbox 270 1550 1832 1624">
    <p class='ocr_par' dir='ltr' id='par_1_18' title="bbox 270 1550 1832 1624">
     <span class='ocr_line' id='line_1_18' title="bbox 270 1550 1832 1624; baseline -0.001 -18"><span class='ocrx_word' id='word_1_132' title='bbox 270 1553 473 1623; x_wconf 71' lang='grc' dir='ltr'>ἐκείνης</span> <span class='ocrx_word' id='word_1_133' title='bbox 500 1553 721 1621; x_wconf 85' lang='grc' dir='ltr'>γέγονεν</span> <span class='ocrx_word' id='word_1_134' title='bbox 751 1550 928 1622; x_wconf 75' lang='grc' dir='ltr'>ἀρᾶςς</span> <span class='ocrx_word' id='word_1_135' title='bbox 978 1551 1191 1623; x_wconf 76' lang='grc' dir='ltr'>εἴρηται</span> <span class='ocrx_word' id='word_1_136' title='bbox 1220 1552 1329 1623; x_wconf 84' lang='grc' dir='ltr'>γὰρ</span> <span class='ocrx_word' id='word_1_137' title='bbox 1360 1552 1497 1624; x_wconf 81' lang='grc' dir='ltr'>πρὸς</span> <span class='ocrx_word' id='word_1_138' title='bbox 1540 1554 1722 1623; x_wconf 80' lang='grc' dir='ltr'>ἡμᾶς,</span> <span class='ocrx_word' id='word_1_139' title='bbox 1757 1553 1832 1615; x_wconf 76' lang='grc' dir='ltr'><strong>ὡς</strong></span> 
     </span>
    </p>
   </div>
   <div class='ocr_carea' id='block_1_19' title="bbox 270 1641 1835 1716">
    <p class='ocr_par' dir='ltr' id='par_1_19' title="bbox 270 1641 1835 1716">
     <span class='ocr_line' id='line_1_19' title="bbox 270 1641 1835 1716; baseline 0 -19"><span class='ocrx_word' id='word_1_140' title='bbox 270 1646 322 1697; x_wconf 81' lang='grc' dir='ltr'>ὲν</span> <span class='ocrx_word' id='word_1_141' title='bbox 354 1645 577 1716; x_wconf 81' lang='grc' dir='ltr'>ἀπαρχῇ</span> <span class='ocrx_word' id='word_1_142' title='bbox 633 1641 726 1696; x_wconf 81' lang='grc' dir='ltr'><strong>τοῦ</strong></span> <span class='ocrx_word' id='word_1_143' title='bbox 772 1642 964 1711; x_wconf 85' lang='grc' dir='ltr'>γένους</span> <span class='ocrx_word' id='word_1_144' title='bbox 1021 1643 1117 1697; x_wconf 73' lang='grc' dir='ltr'>καὶ</span> <span class='ocrx_word' id='word_1_145' title='bbox 1175 1642 1299 1714; x_wconf 74' lang='grc' dir='ltr'>ῥίζῃ</span> <span class='ocrx_word' id='word_1_146' title='bbox 1336 1646 1404 1715; x_wconf 81' lang='grc' dir='ltr'><strong>τῇ</strong></span> <span class='ocrx_word' id='word_1_147' title='bbox 1454 1644 1715 1699; x_wconf 84' lang='grc' dir='ltr'><strong>ἀνωτάτω</strong></span> <span class='ocrx_word' id='word_1_148' title='bbox 1756 1642 1835 1714; x_wconf 85' lang='grc' dir='ltr'>τῷ</span> 
     </span>
    </p>
   </div>
   <div class='ocr_carea' id='block_1_20' title="bbox 280 1727 1471 1805">
    <p class='ocr_par' dir='ltr' id='par_1_20' title="bbox 280 1727 1471 1805">
     <span class='ocr_line' id='line_1_20' title="bbox 280 1727 1471 1805; baseline 0.001 -17"><span class='ocrx_word' id='word_1_149' title='bbox 280 1734 463 1805; x_wconf 80' lang='grc' dir='ltr'>Ἀδάμ·</span> <span class='ocrx_word' id='word_1_150' title='bbox 501 1752 521 1785; x_wconf 75' lang='grc' dir='ltr'><strong>ι</strong></span> <span class='ocrx_word' id='word_1_151' title='bbox 555 1734 629 1805; x_wconf 86' lang='grc' dir='ltr'><strong>Γῆ</strong></span> <span class='ocrx_word' id='word_1_152' title='bbox 657 1727 727 1799; x_wconf 75' lang='grc' dir='ltr'><strong>εἴ,</strong></span> <span class='ocrx_word' id='word_1_153' title='bbox 758 1734 852 1786; x_wconf 58' lang='grc' dir='ltr'><strong>καὶ⁸</strong></span> <span class='ocrx_word' id='word_1_154' title='bbox 872 1735 952 1797; x_wconf 87' lang='grc' dir='ltr'><strong>είς</strong></span> <span class='ocrx_word' id='word_1_155' title='bbox 978 1733 1081 1803; x_wconf 84' lang='grc' dir='ltr'>γῆν</span> <span class='ocrx_word' id='word_1_156' title='bbox 1112 1734 1406 1805; x_wconf 57' lang='lat' dir='ltr'><strong>emtam.</strong></span> <span class='ocrx_word' id='word_1_157' title='bbox 1451 1754 1471 1788; x_wconf 74' lang='grc' dir='ltr'><strong>ι</strong></span> 
     </span>
    </p>
   </div>
   <div class='ocr_carea' id='block_1_21' title="bbox 334 1906 995 1982">
    <p class='ocr_par' dir='ltr' id='par_1_21' title="bbox 334 1906 995 1982">
     <span class='ocr_line' id='line_1_21' title="bbox 334 1906 995 1982; baseline -0.002 -16"><span class='ocrx_word' id='word_1_158' title='bbox 334 1912 541 1967; x_wconf 71' lang='grc' dir='ltr'><strong>ΠΑΔΔ.</strong></span> <span class='ocrx_word' id='word_1_159' title='bbox 574 1910 721 1965; x_wconf 82' lang='grc' dir='ltr'>Πάνυ</span> <span class='ocrx_word' id='word_1_160' title='bbox 755 1910 853 1982; x_wconf 77' lang='grc' dir='ltr'>μὲν</span> <span class='ocrx_word' id='word_1_161' title='bbox 881 1906 995 1966; x_wconf 79' lang='grc' dir='ltr'>οὖν.</span> 
     </span>
    </p>
   </div>
   <div class='ocr_carea' id='block_1_22' title="bbox 324 1999 1835 2076">
    <p class='ocr_par' dir='ltr' id='par_1_22' title="bbox 324 1999 1835 2076">
     <span class='ocr_line' id='line_1_22' title="bbox 324 1999 1835 2076; baseline 0.001 -21"><span class='ocrx_word' id='word_1_162' title='bbox 324 2000 508 2057; x_wconf 79' lang='grc' dir='ltr'><strong>ΚΥΡ.</strong></span> <span class='ocrx_word' id='word_1_163' title='bbox 551 1999 760 2055; x_wconf 76' lang='grc' dir='ltr'>Οὐκοῦν</span> <span class='ocrx_word' id='word_1_164' title='bbox 807 2001 1105 2072; x_wconf 76' lang='grc' dir='ltr'><strong>ἐπειδήπερ</strong></span> <span class='ocrx_word' id='word_1_165' title='bbox 1135 2001 1233 2073; x_wconf 73' lang='grc' dir='ltr'><strong>τὴν</strong></span> <span class='ocrx_word' id='word_1_166' title='bbox 1273 2002 1365 2056; x_wconf 81' lang='grc' dir='ltr'>τοῦ</span> <span class='ocrx_word' id='word_1_167' title='bbox 1409 2002 1599 2072; x_wconf 81' lang='grc' dir='ltr'>γένους</span> <span class='ocrx_word' id='word_1_168' title='bbox 1642 2003 1835 2076; x_wconf 83' lang='grc' dir='ltr'>ἀρχὴν,</span> 
     </span>
    </p>
   </div>
   <div class='ocr_carea' id='block_1_23' title="bbox 265 2091 1838 2165">
    <p class='ocr_par' dir='ltr' id='par_1_23' title="bbox 265 2091 1838 2165">
     <span class='ocr_line' id='line_1_23' title="bbox 265 2091 1838 2165; baseline 0.001 -19"><span class='ocrx_word' id='word_1_169' title='bbox 265 2094 350 2148; x_wconf 72' lang='grc' dir='ltr'><strong>τὸν</strong></span> <span class='ocrx_word' id='word_1_170' title='bbox 382 2096 452 2146; x_wconf 79' lang='grc' dir='ltr'>ὲκ</span> <span class='ocrx_word' id='word_1_171' title='bbox 479 2093 581 2163; x_wconf 84' lang='grc' dir='ltr'>τῆς</span> <span class='ocrx_word' id='word_1_172' title='bbox 606 2093 881 2165; x_wconf 81' lang='grc' dir='ltr'>ἁμαρτίας</span> <span class='ocrx_word' id='word_1_173' title='bbox 910 2091 1257 2164; x_wconf 75' lang='grc' dir='ltr'>συμϐέϐηκεν</span> <span class='ocrx_word' id='word_1_174' title='bbox 1281 2093 1631 2165; x_wconf 79' lang='grc' dir='ltr'>ἀρῤωστῆσαι</span> <span class='ocrx_word' id='word_1_175' title='bbox 1674 2094 1838 2149; x_wconf 85' lang='grc' dir='ltr'>θάνα-</span> 
     </span>
    </p>
   </div>
   <div class='ocr_carea' id='block_1_24' title="bbox 266 2182 1837 2256">
    <p class='ocr_par' dir='ltr' id='par_1_24' title="bbox 266 2182 1837 2256">
     <span class='ocr_line' id='line_1_24' title="bbox 266 2182 1837 2256; baseline 0.002 -20"><span class='ocrx_word' id='word_1_176' title='bbox 266 2201 371 2246; x_wconf 85' lang='grc' dir='ltr'>τον,</span> <span class='ocrx_word' id='word_1_177' title='bbox 401 2182 720 2251; x_wconf 78' lang='grc' dir='ltr'>ἀναγκαίως</span> <span class='ocrx_word' id='word_1_178' title='bbox 752 2183 848 2236; x_wconf 78' lang='grc' dir='ltr'>καὶ</span> <span class='ocrx_word' id='word_1_179' title='bbox 868 2184 948 2246; x_wconf 88' lang='grc' dir='ltr'><strong>εἰς</strong></span> <span class='ocrx_word' id='word_1_180' title='bbox 972 2184 1118 2254; x_wconf 78' lang='grc' dir='ltr'>ἡμᾶς</span> <span class='ocrx_word' id='word_1_181' title='bbox 1155 2182 1350 2247; x_wconf 78' lang='grc' dir='ltr'>αὐτοὺς</span> <span class='ocrx_word' id='word_1_182' title='bbox 1368 2184 1431 2237; x_wconf 82' lang='grc' dir='ltr'>τὸ</span> <span class='ocrx_word' id='word_1_183' title='bbox 1454 2185 1639 2256; x_wconf 83' lang='grc' dir='ltr'>χρῆμα</span> <span class='ocrx_word' id='word_1_184' title='bbox 1662 2184 1837 2256; x_wconf 76' lang='grc' dir='ltr'>διέόη,</span> 
     </span>
    </p>
   </div>
   <div class='ocr_carea' id='block_1_25' title="bbox 269 2271 1837 2347">
    <p class='ocr_par' dir='ltr' id='par_1_25' title="bbox 269 2271 1837 2347">
     <span class='ocr_line' id='line_1_25' title="bbox 269 2271 1837 2347; baseline 0.004 -21"><span class='ocrx_word' id='word_1_185' title='bbox 269 2274 357 2326; x_wconf 84' lang='grc' dir='ltr'>καὶ</span> <span class='ocrx_word' id='word_1_186' title='bbox 383 2271 528 2343; x_wconf 77' lang='grc' dir='ltr'>ὁμοῦ</span> <span class='ocrx_word' id='word_1_187' title='bbox 560 2275 625 2343; x_wconf 82' lang='grc' dir='ltr'><strong>τῇ</strong></span> <span class='ocrx_word' id='word_1_188' title='bbox 651 2272 778 2347; x_wconf 77' lang='grc' dir='ltr'><strong>ῥίζῃ</strong></span> <span class='ocrx_word' id='word_1_189' title='bbox 810 2273 901 2326; x_wconf 60' lang='grc' dir='ltr'><strong>κα)⁸</strong></span> <span class='ocrx_word' id='word_1_190' title='bbox 918 2274 987 2326; x_wconf 78' lang='grc' dir='ltr'>τὰ</span> <span class='ocrx_word' id='word_1_191' title='bbox 1020 2274 1079 2341; x_wconf 74' lang='grc' dir='ltr'><strong>ἐξ</strong></span> <span class='ocrx_word' id='word_1_192' title='bbox 1100 2273 1268 2345; x_wconf 83' lang='grc' dir='ltr'>αὐτῆς</span> <span class='ocrx_word' id='word_1_193' title='bbox 1289 2274 1584 2329; x_wconf 85' lang='grc' dir='ltr'>ἀναθέοντα</span> <span class='ocrx_word' id='word_1_194' title='bbox 1613 2294 1837 2332; x_wconf 84' lang='grc' dir='ltr'>κατενε-</span> 
     </span>
    </p>
   </div>
   <div class='ocr_carea' id='block_1_26' title="bbox 269 2363 1837 2437">
    <p class='ocr_par' dir='ltr' id='par_1_26' title="bbox 269 2363 1837 2437">
     <span class='ocr_line' id='line_1_26' title="bbox 269 2363 1837 2437; baseline 0.003 -21"><span class='ocrx_word' id='word_1_195' title='bbox 269 2364 406 2435; x_wconf 82' lang='grc' dir='ltr'>μήθη</span> <span class='ocrx_word' id='word_1_196' title='bbox 434 2364 597 2433; x_wconf 80' lang='grc' dir='ltr'>φυτά.</span> <span class='ocrx_word' id='word_1_197' title='bbox 625 2364 869 2435; x_wconf 73' lang='grc' dir='ltr'>Φθαρτοῦ</span> <span class='ocrx_word' id='word_1_198' title='bbox 886 2364 995 2436; x_wconf 84' lang='grc' dir='ltr'>γὰρ</span> <span class='ocrx_word' id='word_1_199' title='bbox 1020 2363 1270 2436; x_wconf 83' lang='grc' dir='ltr'>σώματος</span> <span class='ocrx_word' id='word_1_200' title='bbox 1293 2365 1527 2437; x_wconf 81' lang='grc' dir='ltr'>φθαρτὸς</span> <span class='ocrx_word' id='word_1_201' title='bbox 1548 2368 1577 2420; x_wconf 89' lang='lat'><strong>6</strong></span> <span class='ocrx_word' id='word_1_202' title='bbox 1602 2366 1837 2436; x_wconf 83' lang='grc' dir='ltr'>καρπός.</span> 
     </span>
    </p>
   </div>
   <div class='ocr_carea' id='block_1_27' title="bbox 264 2452 1839 2527">
    <p class='ocr_par' dir='ltr' id='par_1_27' title="bbox 264 2452 1839 2527">
     <span class='ocr_line' id='line_1_27' title="bbox 264 2452 1839 2527; baseline 0.003 -21"><span class='ocrx_word' id='word_1_203' title='bbox 264 2452 417 2506; x_wconf 79' lang='grc' dir='ltr'><strong>Οὕτω</strong></span> <span class='ocrx_word' id='word_1_204' title='bbox 456 2452 807 2523; x_wconf 78' lang='grc' dir='ltr'>βεδασίλευκε</span> <span class='ocrx_word' id='word_1_205' title='bbox 837 2453 981 2507; x_wconf 80' lang='grc' dir='ltr'><strong>κατά</strong></span> <span class='ocrx_word' id='word_1_206' title='bbox 1015 2453 1229 2508; x_wconf 82' lang='grc' dir='ltr'>πάντων</span> <span class='ocrx_word' id='word_1_207' title='bbox 1257 2456 1287 2507; x_wconf 98' lang='lat'><strong>6</strong></span> <span class='ocrx_word' id='word_1_208' title='bbox 1323 2453 1552 2519; x_wconf 85' lang='grc' dir='ltr'>θάνατος</span> <span class='ocrx_word' id='word_1_209' title='bbox 1572 2497 1586 2521; x_wconf 92' lang='grc'><strong>,</strong></span> <span class='ocrx_word' id='word_1_210' title='bbox 1616 2456 1713 2510; x_wconf 76' lang='grc' dir='ltr'>καὶ</span> <span class='ocrx_word' id='word_1_211' title='bbox 1742 2456 1839 2527; x_wconf 87' lang='grc' dir='ltr'>μέ-</span> 
     </span>
    </p>
   </div>
   <div class='ocr_carea' id='block_1_28' title="bbox 264 2542 1845 2618">
    <p class='ocr_par' dir='ltr' id='par_1_28' title="bbox 264 2542 1845 2618">
     <span class='ocr_line' id='line_1_28' title="bbox 264 2542 1845 2618; baseline 0.004 -22"><span class='ocrx_word' id='word_1_212' title='bbox 264 2561 384 2615; x_wconf 83' lang='grc' dir='ltr'>χρις</span> <span class='ocrx_word' id='word_1_213' title='bbox 407 2542 581 2597; x_wconf 78' lang='grc' dir='ltr'>αὐτοῦ</span> <span class='ocrx_word' id='word_1_214' title='bbox 612 2544 874 2608; x_wconf 85' lang='grc' dir='ltr'>Μωσέως,</span> <span class='ocrx_word' id='word_1_215' title='bbox 896 2544 1040 2598; x_wconf 81' lang='grc' dir='ltr'>τοῦτ’</span> <span class='ocrx_word' id='word_1_216' title='bbox 1069 2544 1206 2612; x_wconf 71' lang='grc' dir='ltr'>ἔστι,</span> <span class='ocrx_word' id='word_1_217' title='bbox 1230 2544 1339 2599; x_wconf 85' lang='grc' dir='ltr'><strong>τῶν</strong></span> <span class='ocrx_word' id='word_1_218' title='bbox 1370 2547 1512 2600; x_wconf 82' lang='grc' dir='ltr'><strong>κατά</strong></span> <span class='ocrx_word' id='word_1_219' title='bbox 1536 2547 1699 2618; x_wconf 89' lang='grc' dir='ltr'>νόμον</span> <span class='ocrx_word' id='word_1_220' title='bbox 1724 2565 1845 2602; x_wconf 67' lang='grc' dir='ltr'>καις</span> 
     </span>
    </p>
   </div>
   <div class='ocr_carea' id='block_1_29' title="bbox 266 2629 1843 2712">
    <p class='ocr_par' dir='ltr' id='par_1_29' title="bbox 266 2629 1843 2712">
     <span class='ocr_line' id='line_1_29' title="bbox 266 2629 1843 2712; baseline 0.004 -25"><span class='ocrx_word' id='word_1_221' title='bbox 266 2634 393 2705; x_wconf 86' lang='grc' dir='ltr'><strong>ρῶν.</strong></span> <span class='ocrx_word' id='word_1_222' title='bbox 418 2633 607 2697; x_wconf 76' lang='grc' dir='ltr'>Τόπος</span> <span class='ocrx_word' id='word_1_223' title='bbox 629 2629 723 2688; x_wconf 81' lang='grc' dir='ltr'>οὖν</span> <span class='ocrx_word' id='word_1_224' title='bbox 747 2636 855 2706; x_wconf 78' lang='grc' dir='ltr'>ἄρα</span> <span class='ocrx_word' id='word_1_225' title='bbox 892 2636 1072 2706; x_wconf 82' lang='grc' dir='ltr'>σαφής</span> <span class='ocrx_word' id='word_1_226' title='bbox 1099 2652 1159 2689; x_wconf 89' lang='grc' dir='ltr'><strong>τε</strong></span> <span class='ocrx_word' id='word_1_227' title='bbox 1186 2637 1279 2690; x_wconf 75' lang='grc' dir='ltr'>καὶ</span> <span class='ocrx_word' id='word_1_228' title='bbox 1305 2638 1539 2708; x_wconf 71' lang='grc' dir='ltr'>ἐναργὴς</span> <span class='ocrx_word' id='word_1_229' title='bbox 1562 2638 1655 2691; x_wconf 77' lang='grc' dir='ltr'>τοῦ</span> <span class='ocrx_word' id='word_1_230' title='bbox 1683 2640 1843 2712; x_wconf 84' lang='grc' dir='ltr'>μέχρι</span> 
     </span>
    </p>
   </div>
   <div class='ocr_carea' id='block_1_30' title="bbox 264 2724 1845 2803">
    <p class='ocr_par' dir='ltr' id='par_1_30' title="bbox 264 2724 1845 2803">
     <span class='ocr_line' id='line_1_30' title="bbox 264 2724 1845 2803; baseline 0.004 -26"><span class='ocrx_word' id='word_1_231' title='bbox 264 2724 511 2789; x_wconf 73' lang='grc' dir='ltr'>Μωσέως</span> <span class='ocrx_word' id='word_1_232' title='bbox 538 2724 751 2795; x_wconf 75' lang='grc' dir='ltr'>ἰσχύσαι</span> <span class='ocrx_word' id='word_1_233' title='bbox 783 2726 874 2780; x_wconf 86' lang='grc' dir='ltr'>τὸν</span> <span class='ocrx_word' id='word_1_234' title='bbox 910 2725 1161 2795; x_wconf 81' lang='grc' dir='ltr'>θάνατον,</span> <span class='ocrx_word' id='word_1_235' title='bbox 1196 2728 1290 2781; x_wconf 80' lang='grc' dir='ltr'>καὶ</span> <span class='ocrx_word' id='word_1_236' title='bbox 1324 2728 1645 2783; x_wconf 83' lang='grc' dir='ltr'>ὑποκεῖσθαι</span> <span class='ocrx_word' id='word_1_237' title='bbox 1671 2730 1845 2803; x_wconf 76' lang='grc' dir='ltr'>φθορᾷ</span> 
     </span>
    </p>
   </div>
   <div class='ocr_carea' id='block_1_31' title="bbox 263 2815 1847 2892">
    <p class='ocr_par' dir='ltr' id='par_1_31' title="bbox 263 2815 1847 2892">
     <span class='ocr_line' id='line_1_31' title="bbox 263 2815 1847 2892; baseline 0.004 -22"><span class='ocrx_word' id='word_1_238' title='bbox 263 2817 332 2871; x_wconf 80' lang='grc' dir='ltr'>τὰ</span> <span class='ocrx_word' id='word_1_239' title='bbox 356 2815 675 2889; x_wconf 81' lang='grc' dir='ltr'>ἀνθρώπινα</span> <span class='ocrx_word' id='word_1_240' title='bbox 699 2856 715 2881; x_wconf 94' lang='grc'><strong>,</strong></span> <span class='ocrx_word' id='word_1_241' title='bbox 754 2816 815 2870; x_wconf 81' lang='grc' dir='ltr'>τὸ</span> <span class='ocrx_word' id='word_1_242' title='bbox 855 2818 1141 2887; x_wconf 84' lang='grc' dir='ltr'>ἀγγελικὺν</span> <span class='ocrx_word' id='word_1_243' title='bbox 1183 2820 1487 2892; x_wconf 75' lang='grc' dir='ltr'>ἐγχείρημα</span> <span class='ocrx_word' id='word_1_244' title='bbox 1530 2822 1671 2875; x_wconf 88' lang='grc' dir='ltr'><strong>κατά</strong></span> <span class='ocrx_word' id='word_1_245' title='bbox 1719 2824 1847 2877; x_wconf 87' lang='grc' dir='ltr'><strong>Μω-</strong></span> 
     </span>
    </p>
   </div>
   <div class='ocr_carea' id='block_1_32' title="bbox 267 2908 1849 2984">
    <p class='ocr_par' dir='ltr' id='par_1_32' title="bbox 267 2908 1849 2984">
     <span class='ocr_line' id='line_1_32' title="bbox 267 2908 1849 2984; baseline 0.005 -22"><span class='ocrx_word' id='word_1_246' title='bbox 267 2909 402 2973; x_wconf 84' lang='grc' dir='ltr'>σέως</span> <span class='ocrx_word' id='word_1_247' title='bbox 421 2910 570 2963; x_wconf 85' lang='grc' dir='ltr'>τότε.</span> <span class='ocrx_word' id='word_1_248' title='bbox 597 2908 741 2981; x_wconf 81' lang='grc' dir='ltr'>Πλὴν</span> <span class='ocrx_word' id='word_1_249' title='bbox 756 2908 1020 2962; x_wconf 83' lang='grc' dir='ltr'>ἐδυσώπει</span> <span class='ocrx_word' id='word_1_250' title='bbox 1032 2911 1124 2963; x_wconf 79' lang='grc' dir='ltr'>τὸν</span> <span class='ocrx_word' id='word_1_251' title='bbox 1140 2910 1508 2983; x_wconf 83' lang='grc' dir='ltr'>ὀλοθρεύοντα,</span> <span class='ocrx_word' id='word_1_252' title='bbox 1532 2915 1627 2968; x_wconf 75' lang='grc' dir='ltr'>καὶ</span> <span class='ocrx_word' id='word_1_253' title='bbox 1645 2915 1849 2984; x_wconf 89' lang='grc' dir='ltr'>ἀφίστα</span> 
     </span>
    </p>
   </div>
   <div class='ocr_carea' id='block_1_33' title="bbox 263 2998 1845 3077">
    <p class='ocr_par' dir='ltr' id='par_1_33' title="bbox 263 2998 1845 3077">
     <span class='ocr_line' id='line_1_33' title="bbox 263 2998 1845 3077; baseline 0.004 -24"><span class='ocrx_word' id='word_1_254' title='bbox 263 2999 534 3064; x_wconf 77' lang='grc' dir='ltr'>Μωσέως,</span> <span class='ocrx_word' id='word_1_255' title='bbox 566 3002 599 3069; x_wconf 81' lang='grc' dir='ltr'>ἠ</span> <span class='ocrx_word' id='word_1_256' title='bbox 628 2998 871 3063; x_wconf 82' lang='grc' dir='ltr'>σύνοικός</span> <span class='ocrx_word' id='word_1_257' title='bbox 897 3017 957 3053; x_wconf 86' lang='grc' dir='ltr'><strong>τε</strong></span> <span class='ocrx_word' id='word_1_258' title='bbox 978 3002 1074 3054; x_wconf 80' lang='grc' dir='ltr'>καὶ</span> <span class='ocrx_word' id='word_1_259' title='bbox 1106 3004 1519 3075; x_wconf 83' lang='grc' dir='ltr'>συνηρμοσμένη</span> <span class='ocrx_word' id='word_1_260' title='bbox 1552 3005 1845 3077; x_wconf 83' lang='grc' dir='ltr'>Σεπφὼρα,</span> 
     </span>
    </p>
   </div>
   <div class='ocr_carea' id='block_1_34' title="bbox 2009 1093 3498 1168">
    <p class='ocr_par' dir='ltr' id='par_1_34' title="bbox 2009 1093 3498 1168">
     <span class='ocr_line' id='line_1_34' title="bbox 2009 1093 3498 1168; baseline 0.001 -19"><span class='ocrx_word' id='word_1_261' title='bbox 2009 1093 2206 1149; x_wconf 80' lang='lat' dir='ltr'><strong>PALL.</strong></span> <span class='ocrx_word' id='word_1_262' title='bbox 2240 1094 2457 1149; x_wconf 82' lang='lat' dir='ltr'><strong>Minime</strong></span> <span class='ocrx_word' id='word_1_263' title='bbox 2516 1095 2773 1165; x_wconf 83' lang='lat' dir='ltr'><strong>quidem:</strong></span> <span class='ocrx_word' id='word_1_264' title='bbox 2817 1110 2996 1165; x_wconf 90' lang='lat' dir='ltr'><strong>neque</strong></span> <span class='ocrx_word' id='word_1_265' title='bbox 3052 1094 3201 1149; x_wconf 89' lang='lat' dir='ltr'><strong>enim</strong></span> <span class='ocrx_word' id='word_1_266' title='bbox 3234 1093 3498 1168; x_wconf 85' lang='lat' dir='ltr'><strong>intelligo,</strong></span> 
     </span>
    </p>
   </div>
   <div class='ocr_carea' id='block_1_35' title="bbox 1938 1183 3511 1256">
    <p class='ocr_par' dir='ltr' id='par_1_35' title="bbox 1938 1183 3511 1256">
     <span class='ocr_line' id='line_1_35' title="bbox 1938 1183 3511 1256; baseline 0.002 -18"><span class='ocrx_word' id='word_1_267' title='bbox 1938 1184 2201 1254; x_wconf 89' lang='lat' dir='ltr'><strong>quidnam</strong></span> <span class='ocrx_word' id='word_1_268' title='bbox 2252 1184 2389 1241; x_wconf 91' lang='lat' dir='ltr'><strong>illud</strong></span> <span class='ocrx_word' id='word_1_269' title='bbox 2447 1185 2540 1250; x_wconf 88' lang='lat' dir='ltr'><strong>sit,</strong></span> <span class='ocrx_word' id='word_1_270' title='bbox 2573 1186 2719 1255; x_wconf 91' lang='lat' dir='ltr'><strong>quod</strong></span> <span class='ocrx_word' id='word_1_271' title='bbox 2774 1187 2928 1241; x_wconf 89' lang='lat' dir='ltr'><strong>velut</strong></span> <span class='ocrx_word' id='word_1_272' title='bbox 2975 1201 3075 1256; x_wconf 89' lang='lat' dir='ltr'><strong>per</strong></span> <span class='ocrx_word' id='word_1_273' title='bbox 3104 1183 3355 1239; x_wconf 88' lang='lat' dir='ltr'><strong>umbram</strong></span> <span class='ocrx_word' id='word_1_274' title='bbox 3394 1186 3511 1241; x_wconf 68' lang='lat' dir='ltr'><strong>hoc</strong></span> 
     </span>
    </p>
   </div>
   <div class='ocr_carea' id='block_1_36' title="bbox 1937 1273 2474 1346">
    <p class='ocr_par' dir='ltr' id='par_1_36' title="bbox 1937 1273 2474 1346">
     <span class='ocr_line' id='line_1_36' title="bbox 1937 1273 2474 1346; baseline 0.002 -18"><span class='ocrx_word' id='word_1_275' title='bbox 1937 1273 2084 1329; x_wconf 80' lang='lat' dir='ltr'><strong>facto</strong></span> <span class='ocrx_word' id='word_1_276' title='bbox 2110 1274 2474 1346; x_wconf 76' lang='lat' dir='ltr'><strong>significetur.</strong></span> 
     </span>
    </p>
   </div>
   <div class='ocr_carea' id='block_1_37' title="bbox 2006 1363 3502 1433">
    <p class='ocr_par' dir='ltr' id='par_1_37' title="bbox 2006 1363 3502 1433">
     <span class='ocr_line' id='line_1_37' title="bbox 2006 1363 3502 1433; baseline 0.004 -16"><span class='ocrx_word' id='word_1_277' title='bbox 2006 1363 2164 1418; x_wconf 83' lang='lat' dir='ltr'><strong>CYR.</strong></span> <span class='ocrx_word' id='word_1_278' title='bbox 2199 1365 2411 1429; x_wconf 87' lang='lat' dir='ltr'><strong>Nonne,</strong></span> <span class='ocrx_word' id='word_1_279' title='bbox 2445 1364 2672 1431; x_wconf 88' lang='lat' dir='ltr'><strong>Palladi,</strong></span> <span class='ocrx_word' id='word_1_280' title='bbox 2697 1381 2888 1421; x_wconf 91' lang='lat' dir='ltr'><strong>verum</strong></span> <span class='ocrx_word' id='word_1_281' title='bbox 2918 1381 3038 1421; x_wconf 90' lang='lat' dir='ltr'><strong>esse</strong></span> <span class='ocrx_word' id='word_1_282' title='bbox 3077 1366 3176 1433; x_wconf 87' lang='lat' dir='ltr'><strong>ais,</strong></span> <span class='ocrx_word' id='word_1_283' title='bbox 3208 1366 3373 1422; x_wconf 88' lang='lat' dir='ltr'><strong>morti</strong></span> <span class='ocrx_word' id='word_1_284' title='bbox 3401 1366 3502 1422; x_wconf 70' lang='grc' dir='ltr'>οδ·-</span> 
     </span>
    </p>
   </div>
   <div class='ocr_carea' id='block_1_38' title="bbox 1939 1455 3504 1517">
    <p class='ocr_par' dir='ltr' id='par_1_38' title="bbox 1939 1455 3504 1517">
     <span class='ocr_line' id='line_1_38' title="bbox 1939 1455 3504 1517; baseline 0.004 -9"><span class='ocrx_word' id='word_1_285' title='bbox 1939 1455 2155 1509; x_wconf 83' lang='lat' dir='ltr'><strong>noxiam</strong></span> <span class='ocrx_word' id='word_1_286' title='bbox 2180 1455 2376 1511; x_wconf 81' lang='lat' dir='ltr'><strong>l&#39;actam</strong></span> <span class='ocrx_word' id='word_1_287' title='bbox 2429 1471 2551 1510; x_wconf 89' lang='lat' dir='ltr'><strong>esse</strong></span> <span class='ocrx_word' id='word_1_288' title='bbox 2584 1455 2868 1511; x_wconf 87' lang='lat' dir='ltr'><strong>hominum</strong></span> <span class='ocrx_word' id='word_1_289' title='bbox 2919 1466 3173 1517; x_wconf 88' lang='lat' dir='ltr'><strong>naturam</strong></span> <span class='ocrx_word' id='word_1_290' title='bbox 3230 1473 3298 1513; x_wconf 85' lang='lat' dir='ltr'><strong>ex</strong></span> <span class='ocrx_word' id='word_1_291' title='bbox 3333 1458 3504 1514; x_wconf 89' lang='lat' dir='ltr'><strong>male-</strong></span> 
     </span>
    </p>
   </div>
   <div class='ocr_carea' id='block_1_39' title="bbox 1938 1545 3503 1617">
    <p class='ocr_par' dir='ltr' id='par_1_39' title="bbox 1938 1545 3503 1617">
     <span class='ocr_line' id='line_1_39' title="bbox 1938 1545 3503 1617; baseline 0.003 -18"><span class='ocrx_word' id='word_1_292' title='bbox 1938 1545 2085 1600; x_wconf 91' lang='lat' dir='ltr'><strong>dicto</strong></span> <span class='ocrx_word' id='word_1_293' title='bbox 2117 1546 2438 1601; x_wconf 86' lang='lat' dir='ltr'><strong>illo.veteri?</strong></span> <span class='ocrx_word' id='word_1_294' title='bbox 2468 1547 2677 1601; x_wconf 86' lang='lat' dir='ltr'><strong>dictum</strong></span> <span class='ocrx_word' id='word_1_295' title='bbox 2710 1562 2946 1617; x_wconf 88' lang='lat' dir='ltr'><strong>namque</strong></span> <span class='ocrx_word' id='word_1_296' title='bbox 2980 1546 3246 1603; x_wconf 89' lang='lat' dir='ltr'><strong>adversus</strong></span> <span class='ocrx_word' id='word_1_297' title='bbox 3273 1563 3374 1603; x_wconf 89' lang='lat' dir='ltr'><strong>nos</strong></span> <span class='ocrx_word' id='word_1_298' title='bbox 3397 1557 3503 1614; x_wconf 90' lang='lat' dir='ltr'><strong>est,</strong></span> 
     </span>
    </p>
   </div>
   <div class='ocr_carea' id='block_1_40' title="bbox 1938 1637 3505 1711">
    <p class='ocr_par' dir='ltr' id='par_1_40' title="bbox 1938 1637 3505 1711">
     <span class='ocr_line' id='line_1_40' title="bbox 1938 1637 3505 1711; baseline 0.001 -19"><span class='ocrx_word' id='word_1_299' title='bbox 1938 1637 2085 1708; x_wconf 89' lang='lat' dir='ltr'><strong>quod</strong></span> <span class='ocrx_word' id='word_1_300' title='bbox 2113 1647 2197 1692; x_wconf 89' lang='lat' dir='ltr'><strong>est</strong></span> <span class='ocrx_word' id='word_1_301' title='bbox 2227 1639 2330 1709; x_wconf 90' lang='lat' dir='ltr'><strong>ipsi</strong></span> <span class='ocrx_word' id='word_1_302' title='bbox 2362 1638 2558 1703; x_wconf 83' lang='lat' dir='ltr'><strong>Adam,</strong></span> <span class='ocrx_word' id='word_1_303' title='bbox 2590 1638 2762 1692; x_wconf 89' lang='lat' dir='ltr'><strong>veluti</strong></span> <span class='ocrx_word' id='word_1_304' title='bbox 2792 1638 3053 1708; x_wconf 90' lang='lat' dir='ltr'><strong>primitiis</strong></span> <span class='ocrx_word' id='word_1_305' title='bbox 3072 1638 3246 1693; x_wconf 90' lang='lat' dir='ltr'><strong>nostri</strong></span> <span class='ocrx_word' id='word_1_306' title='bbox 3269 1641 3505 1711; x_wconf 87' lang='lat' dir='ltr'><strong>generis,</strong></span> 
     </span>
    </p>
   </div>
   <div class='ocr_carea' id='block_1_41' title="bbox 1871 1726 3505 1797">
    <p class='ocr_par' dir='ltr' id='par_1_41' title="bbox 1871 1726 3505 1797">
     <span class='ocr_line' id='line_1_41' title="bbox 1871 1726 3505 1797; baseline 0 -16"><span class='ocrx_word' id='word_1_307' title='bbox 1871 1727 1912 1781; x_wconf 88' lang='grc' dir='ltr'><strong>Β</strong></span> <span class='ocrx_word' id='word_1_308' title='bbox 1942 1736 1999 1781; x_wconf 90' lang='lat' dir='ltr'><strong>et</strong></span> <span class='ocrx_word' id='word_1_309' title='bbox 2029 1742 2296 1797; x_wconf 64' lang='lat' dir='ltr'><strong>suprema:</strong></span> <span class='ocrx_word' id='word_1_310' title='bbox 2331 1726 2506 1781; x_wconf 87' lang='lat' dir='ltr'><strong>radici</strong></span> <span class='ocrx_word' id='word_1_311' title='bbox 2542 1726 2782 1793; x_wconf 88' lang='lat' dir='ltr'><strong>dictum;</strong></span> <span class='ocrx_word' id='word_1_312' title='bbox 2824 1746 2841 1777; x_wconf 76' lang='grc' dir='ltr'><strong>ι</strong></span> <span class='ocrx_word' id='word_1_313' title='bbox 2871 1726 3039 1783; x_wconf 86' lang='lat' dir='ltr'><strong>Terra</strong></span> <span class='ocrx_word' id='word_1_314' title='bbox 3067 1741 3148 1791; x_wconf 90' lang='lat' dir='ltr'><strong>es,</strong></span> <span class='ocrx_word' id='word_1_315' title='bbox 3184 1738 3241 1782; x_wconf 90' lang='lat' dir='ltr'><strong>et</strong></span> <span class='ocrx_word' id='word_1_316' title='bbox 3302 1728 3359 1781; x_wconf 91' lang='lat' dir='ltr'><strong>in</strong></span> <span class='ocrx_word' id='word_1_317' title='bbox 3389 1736 3505 1783; x_wconf 90' lang='lat' dir='ltr'><strong>ter-</strong></span> 
     </span>
    </p>
   </div>
   <div class='ocr_carea' id='block_1_42' title="bbox 1939 1817 2327 1872">
    <p class='ocr_par' dir='ltr' id='par_1_42' title="bbox 1939 1817 2327 1872">
     <span class='ocr_line' id='line_1_42' title="bbox 1939 1817 2327 1872; baseline -0.008 -1"><span class='ocrx_word' id='word_1_318' title='bbox 1939 1832 2054 1872; x_wconf 90' lang='lat' dir='ltr'><strong>ram</strong></span> <span class='ocrx_word' id='word_1_319' title='bbox 2083 1817 2190 1871; x_wconf 85' lang='lat' dir='ltr'><strong>ibis</strong></span> <span class='ocrx_word' id='word_1_320' title='bbox 2217 1818 2283 1870; x_wconf 85' lang='grc'><strong>⁸³.</strong></span> <span class='ocrx_word' id='word_1_321' title='bbox 2310 1836 2327 1867; x_wconf 76' lang='grc' dir='ltr'><strong>ι</strong></span> 
     </span>
    </p>
   </div>
   <div class='ocr_carea' id='block_1_43' title="bbox 2007 1908 2641 1965">
    <p class='ocr_par' dir='ltr' id='par_1_43' title="bbox 2007 1908 2641 1965">
     <span class='ocr_line' id='line_1_43' title="bbox 2007 1908 2641 1965; baseline -0.002 -2"><span class='ocrx_word' id='word_1_322' title='bbox 2007 1908 2206 1963; x_wconf 84' lang='lat' dir='ltr'><strong>PALL.</strong></span> <span class='ocrx_word' id='word_1_323' title='bbox 2236 1908 2468 1964; x_wconf 80' lang='lat' dir='ltr'><strong>Maxime</strong></span> <span class='ocrx_word' id='word_1_324' title='bbox 2489 1925 2641 1965; x_wconf 87' lang='lat' dir='ltr'><strong>vero.</strong></span> 
     </span>
    </p>
   </div>
   <div class='ocr_carea' id='block_1_44' title="bbox 2007 2000 3511 2073">
    <p class='ocr_par' dir='ltr' id='par_1_44' title="bbox 2007 2000 3511 2073">
     <span class='ocr_line' id='line_1_44' title="bbox 2007 2000 3511 2073; baseline -0.001 -16"><span class='ocrx_word' id='word_1_325' title='bbox 2007 2000 2165 2057; x_wconf 79' lang='lat' dir='ltr'><strong>CYR.</strong></span> <span class='ocrx_word' id='word_1_326' title='bbox 2212 2000 2349 2056; x_wconf 83' lang='lat' dir='ltr'><strong>Cum</strong></span> <span class='ocrx_word' id='word_1_327' title='bbox 2407 2001 2575 2072; x_wconf 87' lang='lat' dir='ltr'><strong>igitur</strong></span> <span class='ocrx_word' id='word_1_328' title='bbox 2622 2001 2916 2067; x_wconf 76' lang='lat' dir='ltr'><strong>evenisset,</strong></span> <span class='ocrx_word' id='word_1_329' title='bbox 2958 2008 3020 2055; x_wconf 92' lang='lat' dir='ltr'><strong>ut</strong></span> <span class='ocrx_word' id='word_1_330' title='bbox 3068 2001 3244 2071; x_wconf 91' lang='lat' dir='ltr'><strong>ipsum</strong></span> <span class='ocrx_word' id='word_1_331' title='bbox 3294 2001 3511 2073; x_wconf 87' lang='lat' dir='ltr'><strong>generis</strong></span> 
     </span>
    </p>
   </div>
   <div class='ocr_carea' id='block_1_45' title="bbox 1939 2092 3507 2162">
    <p class='ocr_par' dir='ltr' id='par_1_45' title="bbox 1939 2092 3507 2162">
     <span class='ocr_line' id='line_1_45' title="bbox 1939 2092 3507 2162; baseline 0 -17"><span class='ocrx_word' id='word_1_332' title='bbox 1939 2092 2112 2147; x_wconf 87' lang='lat' dir='ltr'><strong>nostri</strong></span> <span class='ocrx_word' id='word_1_333' title='bbox 2157 2092 2375 2147; x_wconf 90' lang='lat' dir='ltr'><strong>initium</strong></span> <span class='ocrx_word' id='word_1_334' title='bbox 2404 2092 2590 2158; x_wconf 89' lang='lat' dir='ltr'><strong>morti,</strong></span> <span class='ocrx_word' id='word_1_335' title='bbox 2639 2107 2859 2162; x_wconf 64' lang='lat' dir='ltr'><strong>quaee:</strong></span> <span class='ocrx_word' id='word_1_336' title='bbox 2909 2100 3134 2162; x_wconf 87' lang='lat' dir='ltr'><strong>peccato</strong></span> <span class='ocrx_word' id='word_1_337' title='bbox 3184 2092 3507 2157; x_wconf 75' lang='lat' dir='ltr'><strong>exstiterat,</strong></span> 
     </span>
    </p>
   </div>
   <div class='ocr_carea' id='block_1_46' title="bbox 1939 2179 3510 2252">
    <p class='ocr_par' dir='ltr' id='par_1_46' title="bbox 1939 2179 3510 2252">
     <span class='ocr_line' id='line_1_46' title="bbox 1939 2179 3510 2252; baseline 0 -17"><span class='ocrx_word' id='word_1_338' title='bbox 1939 2181 2247 2252; x_wconf 87' lang='lat' dir='ltr'><strong>subjectum</strong></span> <span class='ocrx_word' id='word_1_339' title='bbox 2287 2190 2459 2245; x_wconf 89' lang='lat' dir='ltr'><strong>esset,</strong></span> <span class='ocrx_word' id='word_1_340' title='bbox 2505 2179 2819 2236; x_wconf 88' lang='lat' dir='ltr'><strong>necessario</strong></span> <span class='ocrx_word' id='word_1_341' title='bbox 2875 2180 2929 2235; x_wconf 91' lang='lat' dir='ltr'><strong>in</strong></span> <span class='ocrx_word' id='word_1_342' title='bbox 2964 2196 3066 2236; x_wconf 91' lang='lat' dir='ltr'><strong>nos</strong></span> <span class='ocrx_word' id='word_1_343' title='bbox 3108 2182 3255 2252; x_wconf 91' lang='lat' dir='ltr'><strong>ipsos</strong></span> <span class='ocrx_word' id='word_1_344' title='bbox 3291 2196 3510 2252; x_wconf 86' lang='lat' dir='ltr'><strong>quoque</strong></span> 
     </span>
    </p>
   </div>
   <div class='ocr_carea' id='block_1_47' title="bbox 1940 2271 3510 2344">
    <p class='ocr_par' dir='ltr' id='par_1_47' title="bbox 1940 2271 3510 2344">
     <span class='ocr_line' id='line_1_47' title="bbox 1940 2271 3510 2344; baseline -0.001 -17"><span class='ocrx_word' id='word_1_345' title='bbox 1940 2273 2046 2327; x_wconf 92' lang='lat' dir='ltr'><strong>hoc</strong></span> <span class='ocrx_word' id='word_1_346' title='bbox 2095 2273 2298 2327; x_wconf 88' lang='lat' dir='ltr'><strong>malum</strong></span> <span class='ocrx_word' id='word_1_347' title='bbox 2334 2273 2709 2344; x_wconf 89' lang='lat' dir='ltr'><strong>pertransivit,</strong></span> <span class='ocrx_word' id='word_1_348' title='bbox 2754 2280 2811 2328; x_wconf 89' lang='lat' dir='ltr'><strong>et</strong></span> <span class='ocrx_word' id='word_1_349' title='bbox 2842 2287 2951 2328; x_wconf 89' lang='lat' dir='ltr'><strong>una</strong></span> <span class='ocrx_word' id='word_1_350' title='bbox 3004 2287 3129 2327; x_wconf 90' lang='lat' dir='ltr'><strong>cum</strong></span> <span class='ocrx_word' id='word_1_351' title='bbox 3168 2271 3352 2326; x_wconf 87' lang='lat' dir='ltr'><strong>radice</strong></span> <span class='ocrx_word' id='word_1_352' title='bbox 3385 2288 3510 2343; x_wconf 85' lang='lat' dir='ltr'><strong>ger-</strong></span> 
     </span>
    </p>
   </div>
   <div class='ocr_carea' id='block_1_48' title="bbox 1941 2368 3508 2439">
    <p class='ocr_par' dir='ltr' id='par_1_48' title="bbox 1941 2368 3508 2439">
     <span class='ocr_line' id='line_1_48' title="bbox 1941 2368 3508 2439; baseline 0 -16"><span class='ocrx_word' id='word_1_353' title='bbox 1941 2368 2090 2423; x_wconf 88' lang='lat' dir='ltr'><strong>mina</strong></span> <span class='ocrx_word' id='word_1_354' title='bbox 2127 2383 2347 2439; x_wconf 89' lang='lat' dir='ltr'><strong>quoque</strong></span> <span class='ocrx_word' id='word_1_355' title='bbox 2395 2383 2463 2422; x_wconf 85' lang='lat' dir='ltr'><strong>ex</strong></span> <span class='ocrx_word' id='word_1_356' title='bbox 2508 2368 2602 2422; x_wconf 92' lang='lat' dir='ltr'><strong>illa</strong></span> <span class='ocrx_word' id='word_1_357' title='bbox 2660 2368 2990 2438; x_wconf 90' lang='lat' dir='ltr'><strong>prodeuntia</strong></span> <span class='ocrx_word' id='word_1_358' title='bbox 3041 2368 3330 2437; x_wconf 91' lang='lat' dir='ltr'><strong>depastum</strong></span> <span class='ocrx_word' id='word_1_359' title='bbox 3387 2379 3508 2433; x_wconf 92' lang='lat' dir='ltr'><strong>est;</strong></span> 
     </span>
    </p>
   </div>
   <div class='ocr_carea' id='block_1_49' title="bbox 1942 2456 3511 2528">
    <p class='ocr_par' dir='ltr' id='par_1_49' title="bbox 1942 2456 3511 2528">
     <span class='ocr_line' id='line_1_49' title="bbox 1942 2456 3511 2528; baseline 0 -16"><span class='ocrx_word' id='word_1_360' title='bbox 1942 2472 2068 2512; x_wconf 93' lang='lat' dir='ltr'><strong>nam</strong></span> <span class='ocrx_word' id='word_1_361' title='bbox 2098 2457 2476 2528; x_wconf 87' lang='lat' dir='ltr'><strong>corruptibilis</strong></span> <span class='ocrx_word' id='word_1_362' title='bbox 2505 2458 2756 2528; x_wconf 88' lang='lat' dir='ltr'><strong>corporis</strong></span> <span class='ocrx_word' id='word_1_363' title='bbox 2811 2456 3024 2512; x_wconf 80' lang='lat' dir='ltr'><strong>fructus</strong></span> <span class='ocrx_word' id='word_1_364' title='bbox 3052 2457 3217 2512; x_wconf 89' lang='lat' dir='ltr'><strong>etiam</strong></span> <span class='ocrx_word' id='word_1_365' title='bbox 3239 2458 3511 2528; x_wconf 88' lang='lat' dir='ltr'><strong>corrupti-</strong></span> 
     </span>
    </p>
   </div>
   <div class='ocr_carea' id='block_1_50' title="bbox 1944 2548 3516 2621">
    <p class='ocr_par' dir='ltr' id='par_1_50' title="bbox 1944 2548 3516 2621">
     <span class='ocr_line' id='line_1_50' title="bbox 1944 2548 3516 2621; baseline 0.001 -19"><span class='ocrx_word' id='word_1_366' title='bbox 1944 2548 2073 2604; x_wconf 86' lang='lat' dir='ltr'><strong>bilis</strong></span> <span class='ocrx_word' id='word_1_367' title='bbox 2105 2550 2198 2611; x_wconf 90' lang='lat' dir='ltr'><strong>sit,</strong></span> <span class='ocrx_word' id='word_1_368' title='bbox 2234 2565 2463 2604; x_wconf 90' lang='lat' dir='ltr'><strong>necesse</strong></span> <span class='ocrx_word' id='word_1_369' title='bbox 2521 2558 2640 2615; x_wconf 89' lang='lat' dir='ltr'><strong>est;</strong></span> <span class='ocrx_word' id='word_1_370' title='bbox 2689 2549 2762 2603; x_wconf 85' lang='lat' dir='ltr'><strong>ita</strong></span> <span class='ocrx_word' id='word_1_371' title='bbox 2827 2568 2844 2598; x_wconf 81' lang='grc' dir='ltr'><strong>ι</strong></span> <span class='ocrx_word' id='word_1_372' title='bbox 2870 2548 3122 2619; x_wconf 80' lang='lat' dir='ltr'><strong>regnavit</strong></span> <span class='ocrx_word' id='word_1_373' title='bbox 3156 2564 3302 2604; x_wconf 89' lang='lat' dir='ltr'><strong>mors</strong></span> <span class='ocrx_word' id='word_1_374' title='bbox 3350 2564 3516 2621; x_wconf 89' lang='lat' dir='ltr'><strong>super</strong></span> 
     </span>
    </p>
   </div>
   <div class='ocr_carea' id='block_1_51' title="bbox 1945 2640 3514 2712">
    <p class='ocr_par' dir='ltr' id='par_1_51' title="bbox 1945 2640 3514 2712">
     <span class='ocr_line' id='line_1_51' title="bbox 1945 2640 3514 2712; baseline 0.001 -17"><span class='ocrx_word' id='word_1_375' title='bbox 1945 2655 2155 2707; x_wconf 90' lang='lat' dir='ltr'><strong>omnes,</strong></span> <span class='ocrx_word' id='word_1_376' title='bbox 2200 2641 2267 2696; x_wconf 89' lang='lat' dir='ltr'><strong>ad</strong></span> <span class='ocrx_word' id='word_1_377' title='bbox 2310 2641 2488 2712; x_wconf 91' lang='lat' dir='ltr'><strong>ipsum</strong></span> <span class='ocrx_word' id='word_1_378' title='bbox 2538 2657 2714 2711; x_wconf 89' lang='lat' dir='ltr'><strong>usque</strong></span> <span class='ocrx_word' id='word_1_379' title='bbox 2770 2642 3013 2711; x_wconf 82' lang='lat' dir='ltr'><strong>Moysen,</strong></span> <span class='ocrx_word' id='word_1_380' title='bbox 3040 2660 3057 2692; x_wconf 72' lang='grc' dir='ltr'><strong>ι</strong></span> <span class='ocrx_word' id='word_1_381' title='bbox 3102 2640 3158 2694; x_wconf 90' lang='lat' dir='ltr'><strong>id</strong></span> <span class='ocrx_word' id='word_1_382' title='bbox 3203 2650 3309 2705; x_wconf 92' lang='lat' dir='ltr'><strong>est,</strong></span> <span class='ocrx_word' id='word_1_383' title='bbox 3342 2657 3514 2712; x_wconf 90' lang='lat' dir='ltr'><strong>usque</strong></span> 
     </span>
    </p>
   </div>
   <div class='ocr_carea' id='block_1_52' title="bbox 1945 2730 3514 2804">
    <p class='ocr_par' dir='ltr' id='par_1_52' title="bbox 1945 2730 3514 2804">
     <span class='ocr_line' id='line_1_52' title="bbox 1945 2730 3514 2804; baseline 0.001 -18"><span class='ocrx_word' id='word_1_384' title='bbox 1945 2733 2013 2788; x_wconf 89' lang='lat' dir='ltr'><strong>ad</strong></span> <span class='ocrx_word' id='word_1_385' title='bbox 2041 2733 2159 2802; x_wconf 87' lang='lat' dir='ltr'><strong>ipsa</strong></span> <span class='ocrx_word' id='word_1_386' title='bbox 2187 2733 2325 2804; x_wconf 88' lang='lat' dir='ltr'><strong>legis</strong></span> <span class='ocrx_word' id='word_1_387' title='bbox 2360 2739 2606 2803; x_wconf 90' lang='lat' dir='ltr'><strong>tempora</strong></span> <span class='ocrx_word' id='word_1_388' title='bbox 2631 2733 2699 2786; x_wconf 79' lang='lat'><strong>“.</strong></span> <span class='ocrx_word' id='word_1_389' title='bbox 2751 2732 2977 2787; x_wconf 86' lang='lat' dir='ltr'><strong>Mortem</strong></span> <span class='ocrx_word' id='word_1_390' title='bbox 3006 2732 3172 2802; x_wconf 89' lang='lat' dir='ltr'><strong>igitur</strong></span> <span class='ocrx_word' id='word_1_391' title='bbox 3228 2745 3403 2801; x_wconf 89' lang='lat' dir='ltr'><strong>usque</strong></span> <span class='ocrx_word' id='word_1_392' title='bbox 3446 2730 3514 2787; x_wconf 91' lang='lat' dir='ltr'><strong>ad</strong></span> 
     </span>
    </p>
   </div>
   <div class='ocr_carea' id='block_1_53' title="bbox 1946 2820 3512 2896">
    <p class='ocr_par' dir='ltr' id='par_1_53' title="bbox 1946 2820 3512 2896">
     <span class='ocr_line' id='line_1_53' title="bbox 1946 2820 3512 2896; baseline -0.003 -17"><span class='ocrx_word' id='word_1_393' title='bbox 1946 2824 2168 2896; x_wconf 83' lang='lat' dir='ltr'><strong>Moysen</strong></span> <span class='ocrx_word' id='word_1_394' title='bbox 2196 2826 2346 2879; x_wconf 89' lang='lat' dir='ltr'><strong>vires</strong></span> <span class='ocrx_word' id='word_1_395' title='bbox 2372 2824 2656 2886; x_wconf 86' lang='lat' dir='ltr'><strong>habuisse,</strong></span> <span class='ocrx_word' id='word_1_396' title='bbox 2699 2838 2764 2878; x_wconf 86' lang='lat' dir='ltr'><strong>ac</strong></span> <span class='ocrx_word' id='word_1_397' title='bbox 2815 2838 2904 2877; x_wconf 90' lang='lat' dir='ltr'><strong>res</strong></span> <span class='ocrx_word' id='word_1_398' title='bbox 2934 2823 3205 2877; x_wconf 90' lang='lat' dir='ltr'><strong>humanas</strong></span> <span class='ocrx_word' id='word_1_399' title='bbox 3233 2820 3401 2876; x_wconf 82' lang='lat' dir='ltr'><strong>fuisse</strong></span> <span class='ocrx_word' id='word_1_400' title='bbox 3425 2821 3512 2876; x_wconf 85' lang='lat' dir='ltr'><strong>in-</strong></span> 
     </span>
    </p>
   </div>
   <div class='ocr_carea' id='block_1_54' title="bbox 1948 2912 3515 2986">
    <p class='ocr_par' dir='ltr' id='par_1_54' title="bbox 1948 2912 3515 2986">
     <span class='ocr_line' id='line_1_54' title="bbox 1948 2912 3515 2986; baseline -0.001 -17"><span class='ocrx_word' id='word_1_401' title='bbox 1948 2915 2136 2969; x_wconf 90' lang='lat' dir='ltr'><strong>teritui</strong></span> <span class='ocrx_word' id='word_1_402' title='bbox 2167 2915 2462 2986; x_wconf 78' lang='lat' dir='ltr'><strong>subjectus,</strong></span> <span class='ocrx_word' id='word_1_403' title='bbox 2495 2915 2585 2969; x_wconf 91' lang='lat' dir='ltr'><strong>ille</strong></span> <span class='ocrx_word' id='word_1_404' title='bbox 2635 2914 2815 2985; x_wconf 85' lang='lat' dir='ltr'><strong>angeli</strong></span> <span class='ocrx_word' id='word_1_405' title='bbox 2843 2922 2975 2968; x_wconf 89' lang='lat' dir='ltr'><strong>tunc</strong></span> <span class='ocrx_word' id='word_1_406' title='bbox 3003 2913 3266 2968; x_wconf 88' lang='lat' dir='ltr'><strong>adversus</strong></span> <span class='ocrx_word' id='word_1_407' title='bbox 3296 2912 3515 2985; x_wconf 80' lang='lat' dir='ltr'><strong>Moysen</strong></span> 
     </span>
    </p>
   </div>
   <div class='ocr_carea' id='block_1_55' title="bbox 1950 3004 3514 3077">
    <p class='ocr_par' dir='ltr' id='par_1_55' title="bbox 1950 3004 3514 3077">
     <span class='ocr_line' id='line_1_55' title="bbox 1950 3004 3514 3077; baseline 0.001 -18"><span class='ocrx_word' id='word_1_408' title='bbox 1950 3013 2181 3061; x_wconf 89' lang='lat' dir='ltr'><strong>conatus</strong></span> <span class='ocrx_word' id='word_1_409' title='bbox 2220 3006 2390 3076; x_wconf 87' lang='lat' dir='ltr'><strong>ﬁgura</strong></span> <span class='ocrx_word' id='word_1_410' title='bbox 2437 3006 2664 3061; x_wconf 84' lang='lat' dir='ltr'><strong>evidens</strong></span> <span class='ocrx_word' id='word_1_411' title='bbox 2720 3021 2786 3060; x_wconf 92' lang='lat' dir='ltr'><strong>ac</strong></span> <span class='ocrx_word' id='word_1_412' title='bbox 2835 3004 3124 3077; x_wconf 87' lang='lat' dir='ltr'><strong>perspicua</strong></span> <span class='ocrx_word' id='word_1_413' title='bbox 3164 3004 3289 3059; x_wconf 84' lang='lat' dir='ltr'><strong>fuit.</strong></span> <span class='ocrx_word' id='word_1_414' title='bbox 3342 3004 3514 3060; x_wconf 57' lang='lat' dir='ltr'><strong>Cate-</strong></span> 
     </span>
    </p>
   </div>
   <div class='ocr_carea' id='block_1_56' title="bbox 260 3068 1845 3167">
    <p class='ocr_par' dir='ltr' id='par_1_56' title="bbox 260 3068 1845 3167">
     <span class='ocr_line' id='line_1_56' title="bbox 260 3068 1845 3167; baseline 0.001 -20"><span class='ocrx_word' id='word_1_415' title='bbox 260 3095 428 3166; x_wconf 70' lang='grc' dir='ltr'>ψήφῳ</span> <span class='ocrx_word' id='word_1_416' title='bbox 461 3095 528 3148; x_wconf 80' lang='grc' dir='ltr'>τὸ</span> <span class='ocrx_word' id='word_1_417' title='bbox 558 3068 755 3150; x_wconf 83' lang='grc' dir='ltr'>οίκείον</span> <span class='ocrx_word' id='word_1_418' title='bbox 793 3092 1159 3166; x_wconf 83' lang='grc' dir='ltr'>περιτεμοῦσα</span> <span class='ocrx_word' id='word_1_419' title='bbox 1194 3068 1437 3159; x_wconf 73' lang='grc' dir='ltr'>παίδίον,</span> <span class='ocrx_word' id='word_1_420' title='bbox 1476 3068 1845 3167; x_wconf 63' lang='grc' dir='ltr'>ἐκλιπαροδσά</span> 
     </span>
    </p>
   </div>
   <div class='ocr_carea' id='block_1_57' title="bbox 1946 3068 3517 3167">
    <p class='ocr_par' dir='ltr' id='par_1_57' title="bbox 1949 3093 3517 3165">
     <span class='ocr_line' id='line_1_57' title="bbox 1949 3093 3517 3165; baseline 0.001 -17"><span class='ocrx_word' id='word_1_421' title='bbox 1949 3110 2070 3148; x_wconf 86' lang='lat' dir='ltr'><strong>rum</strong></span> <span class='ocrx_word' id='word_1_422' title='bbox 2096 3094 2431 3165; x_wconf 88' lang='lat' dir='ltr'><strong>compescuit</strong></span> <span class='ocrx_word' id='word_1_423' title='bbox 2482 3094 2963 3149; x_wconf 85' lang='lat' dir='ltr'><strong>exterminatorcm</strong></span> <span class='ocrx_word' id='word_1_424' title='bbox 2988 3135 3002 3159; x_wconf 95' lang='lat'><strong>,</strong></span> <span class='ocrx_word' id='word_1_425' title='bbox 3038 3102 3095 3149; x_wconf 91' lang='lat' dir='ltr'><strong>et</strong></span> <span class='ocrx_word' id='word_1_426' title='bbox 3141 3110 3171 3148; x_wconf 92' lang='lat' dir='ltr'><strong>a</strong></span> <span class='ocrx_word' id='word_1_427' title='bbox 3200 3094 3383 3160; x_wconf 74' lang='lat' dir='ltr'><strong>Moyse</strong></span> <span class='ocrx_word' id='word_1_428' title='bbox 3417 3093 3517 3149; x_wconf 87' lang='lat' dir='ltr'><strong>de-</strong></span> 
     </span>
    </p>
   </div>
   <div class='ocr_carea' id='block_1_58' title="bbox 262 3182 1847 3257">
    <p class='ocr_par' dir='ltr' id='par_1_58' title="bbox 262 3182 1847 3257">
     <span class='ocr_line' id='line_1_58' title="bbox 262 3182 1847 3257; baseline 0.002 -20"><span class='ocrx_word' id='word_1_429' title='bbox 262 3202 324 3237; x_wconf 82' lang='grc' dir='ltr'><strong>τε</strong></span> <span class='ocrx_word' id='word_1_430' title='bbox 364 3186 464 3238; x_wconf 72' lang='grc' dir='ltr'>καὶ</span> <span class='ocrx_word' id='word_1_431' title='bbox 497 3184 755 3254; x_wconf 78' lang='grc' dir='ltr'>λέγουσα’</span> <span class='ocrx_word' id='word_1_432' title='bbox 792 3203 812 3237; x_wconf 79' lang='grc' dir='ltr'><strong>ι</strong></span> <span class='ocrx_word' id='word_1_433' title='bbox 850 3185 1020 3255; x_wconf 83' lang='grc' dir='ltr'>Ἔστη</span> <span class='ocrx_word' id='word_1_434' title='bbox 1049 3184 1110 3237; x_wconf 83' lang='grc' dir='ltr'>τὸ</span> <span class='ocrx_word' id='word_1_435' title='bbox 1144 3182 1283 3255; x_wconf 77' lang='grc' dir='ltr'>αἷμα</span> <span class='ocrx_word' id='word_1_436' title='bbox 1302 3185 1402 3255; x_wconf 78' lang='grc' dir='ltr'>τῆς</span> <span class='ocrx_word' id='word_1_437' title='bbox 1428 3187 1728 3257; x_wconf 82' lang='grc' dir='ltr'>περιτομῆς</span> <span class='ocrx_word' id='word_1_438' title='bbox 1755 3186 1847 3240; x_wconf 83' lang='grc' dir='ltr'>τοῦ</span> 
     </span>
    </p>
   </div>
   <div class='ocr_carea' id='block_1_59' title="bbox 261 3269 1849 3348">
    <p class='ocr_par' dir='ltr' id='par_1_59' title="bbox 261 3269 1849 3348">
     <span class='ocr_line' id='line_1_59' title="bbox 261 3269 1849 3348; baseline 0 -21"><span class='ocrx_word' id='word_1_439' title='bbox 261 3274 478 3329; x_wconf 80' lang='grc' dir='ltr'>παιδίου</span> <span class='ocrx_word' id='word_1_440' title='bbox 526 3292 646 3344; x_wconf 85' lang='grc' dir='ltr'>μου.</span> <span class='ocrx_word' id='word_1_441' title='bbox 686 3291 705 3325; x_wconf 72' lang='grc' dir='ltr'><strong>ι</strong></span> <span class='ocrx_word' id='word_1_442' title='bbox 740 3274 910 3344; x_wconf 84' lang='grc' dir='ltr'>Ἐστη</span> <span class='ocrx_word' id='word_1_443' title='bbox 941 3273 1000 3326; x_wconf 82' lang='grc' dir='ltr'>δὲ</span> <span class='ocrx_word' id='word_1_444' title='bbox 1027 3273 1090 3326; x_wconf 78' lang='grc' dir='ltr'>τὸ</span> <span class='ocrx_word' id='word_1_445' title='bbox 1117 3269 1276 3344; x_wconf 77' lang='grc' dir='ltr'>αἷμα,</span> <span class='ocrx_word' id='word_1_446' title='bbox 1309 3275 1493 3344; x_wconf 71' lang='grc' dir='ltr'>φησὶν,</span> <span class='ocrx_word' id='word_1_447' title='bbox 1528 3274 1626 3345; x_wconf 81' lang='grc' dir='ltr'><strong>οὐχ</strong></span> <span class='ocrx_word' id='word_1_448' title='bbox 1645 3275 1721 3339; x_wconf 85' lang='grc' dir='ltr'>ὡς</span> <span class='ocrx_word' id='word_1_449' title='bbox 1749 3278 1849 3348; x_wconf 80' lang='grc' dir='ltr'>τῆς</span> 
     </span>
    </p>
   </div>
   <div class='ocr_carea' id='block_1_60' title="bbox 260 3363 1846 3439">
    <p class='ocr_par' dir='ltr' id='par_1_60' title="bbox 260 3363 1846 3439">
     <span class='ocr_line' id='line_1_60' title="bbox 260 3363 1846 3439; baseline 0.002 -21"><span class='ocrx_word' id='word_1_450' title='bbox 260 3366 354 3419; x_wconf 76' lang='grc' dir='ltr'>τοῦ</span> <span class='ocrx_word' id='word_1_451' title='bbox 374 3366 616 3436; x_wconf 76' lang='grc' dir='ltr'>αἵματος</span> <span class='ocrx_word' id='word_1_452' title='bbox 638 3363 842 3435; x_wconf 79' lang='grc' dir='ltr'>ῥύσεως</span> <span class='ocrx_word' id='word_1_453' title='bbox 865 3365 1325 3436; x_wconf 82' lang='grc' dir='ltr'>ἀποπαυσαμένης</span> <span class='ocrx_word' id='word_1_454' title='bbox 1343 3381 1356 3396; x_wconf 79' lang='grc' dir='ltr'><strong>ο</strong></span> <span class='ocrx_word' id='word_1_455' title='bbox 1381 3365 1500 3418; x_wconf 79' lang='grc' dir='ltr'>οὐδὲ</span> <span class='ocrx_word' id='word_1_456' title='bbox 1521 3366 1650 3439; x_wconf 77' lang='grc' dir='ltr'>γὰρ,</span> <span class='ocrx_word' id='word_1_457' title='bbox 1672 3364 1846 3438; x_wconf 69' lang='grc' dir='ltr'>οἶμαι.</span> 
     </span>
    </p>
   </div>
   <div class='ocr_carea' id='block_1_61' title="bbox 258 3451 1851 3529">
    <p class='ocr_par' dir='ltr' id='par_1_61' title="bbox 258 3451 1851 3529">
     <span class='ocr_line' id='line_1_61' title="bbox 258 3451 1851 3529; baseline 0.001 -21"><span class='ocrx_word' id='word_1_458' title='bbox 258 3455 423 3508; x_wconf 80' lang='grc' dir='ltr'>τοῦτο</span> <span class='ocrx_word' id='word_1_459' title='bbox 456 3452 684 3525; x_wconf 76' lang='grc' dir='ltr'>μεθίστη</span> <span class='ocrx_word' id='word_1_460' title='bbox 712 3452 843 3506; x_wconf 73' lang='grc' dir='ltr'>ποτὲ</span> <span class='ocrx_word' id='word_1_461' title='bbox 898 3451 991 3506; x_wconf 80' lang='grc' dir='ltr'>τοῦ</span> <span class='ocrx_word' id='word_1_462' title='bbox 1030 3455 1207 3524; x_wconf 78' lang='grc' dir='ltr'>φονᾷν</span> <span class='ocrx_word' id='word_1_463' title='bbox 1226 3453 1431 3508; x_wconf 72' lang='grc' dir='ltr'>ἐθέλειν</span> <span class='ocrx_word' id='word_1_464' title='bbox 1465 3456 1557 3509; x_wconf 79' lang='grc' dir='ltr'>τὸν</span> <span class='ocrx_word' id='word_1_465' title='bbox 1602 3457 1851 3529; x_wconf 81' lang='grc' dir='ltr'>ὀλοθρευ-</span> 
     </span>
    </p>
   </div>
   <div class='ocr_carea' id='block_1_62' title="bbox 259 3547 1853 3620">
    <p class='ocr_par' dir='ltr' id='par_1_62' title="bbox 259 3547 1853 3620">
     <span class='ocr_line' id='line_1_62' title="bbox 259 3547 1853 3620; baseline 0.001 -20"><span class='ocrx_word' id='word_1_466' title='bbox 259 3549 380 3620; x_wconf 81' lang='grc' dir='ltr'>τὴν,</span> <span class='ocrx_word' id='word_1_467' title='bbox 412 3548 539 3603; x_wconf 76' lang='grc' dir='ltr'>ἀλλ’</span> <span class='ocrx_word' id='word_1_468' title='bbox 565 3548 828 3601; x_wconf 86' lang='grc' dir='ltr'>οίονείπου</span> <span class='ocrx_word' id='word_1_469' title='bbox 864 3547 1015 3617; x_wconf 79' lang='grc' dir='ltr'>ἔλεγε</span> <span class='ocrx_word' id='word_1_470' title='bbox 1039 3564 1055 3580; x_wconf 86' lang='grc'><strong>·</strong></span> <span class='ocrx_word' id='word_1_471' title='bbox 1086 3548 1404 3619; x_wconf 81' lang='grc' dir='ltr'>Πέπρακται</span> <span class='ocrx_word' id='word_1_472' title='bbox 1435 3548 1527 3602; x_wconf 82' lang='grc' dir='ltr'>καὶ</span> <span class='ocrx_word' id='word_1_473' title='bbox 1561 3548 1853 3619; x_wconf 78' lang='grc' dir='ltr'>πεπλήρω-</span> 
     </span>
    </p>
   </div>
   <div class='ocr_carea' id='block_1_63' title="bbox 257 3638 1849 3712">
    <p class='ocr_par' dir='ltr' id='par_1_63' title="bbox 257 3638 1849 3712">
     <span class='ocr_line' id='line_1_63' title="bbox 257 3638 1849 3712; baseline -0.001 -18"><span class='ocrx_word' id='word_1_474' title='bbox 257 3656 351 3694; x_wconf 79' lang='grc' dir='ltr'><strong>ται</strong></span> <span class='ocrx_word' id='word_1_475' title='bbox 383 3639 451 3693; x_wconf 79' lang='grc' dir='ltr'>τὸ</span> <span class='ocrx_word' id='word_1_476' title='bbox 481 3639 676 3693; x_wconf 75' lang='grc' dir='ltr'>δοκοῦν</span> <span class='ocrx_word' id='word_1_477' title='bbox 700 3638 778 3711; x_wconf 80' lang='grc' dir='ltr'>τῷ</span> <span class='ocrx_word' id='word_1_478' title='bbox 806 3638 945 3710; x_wconf 83' lang='grc' dir='ltr'>Θεῷ,</span> <span class='ocrx_word' id='word_1_479' title='bbox 992 3638 1138 3693; x_wconf 79' lang='grc' dir='ltr'>τοῦτ’</span> <span class='ocrx_word' id='word_1_480' title='bbox 1172 3640 1340 3707; x_wconf 71' lang='grc' dir='ltr'>ἔστιν,</span> <span class='ocrx_word' id='word_1_481' title='bbox 1385 3642 1418 3712; x_wconf 86' lang='grc' dir='ltr'><strong>ή</strong></span> <span class='ocrx_word' id='word_1_482' title='bbox 1452 3641 1720 3712; x_wconf 83' lang='grc' dir='ltr'>περιτομὴ</span> <span class='ocrx_word' id='word_1_483' title='bbox 1756 3638 1849 3693; x_wconf 81' lang='grc' dir='ltr'><strong>τοῦ</strong></span> 
     </span>
    </p>
   </div>
   <div class='ocr_carea' id='block_1_64' title="bbox 260 3730 1850 3803">
    <p class='ocr_par' dir='ltr' id='par_1_64' title="bbox 260 3730 1850 3803">
     <span class='ocr_line' id='line_1_64' title="bbox 260 3730 1850 3803; baseline 0.002 -21"><span class='ocrx_word' id='word_1_484' title='bbox 260 3730 507 3783; x_wconf 73' lang='grc' dir='ltr'>παιδίουο</span> <span class='ocrx_word' id='word_1_485' title='bbox 550 3730 738 3799; x_wconf 81' lang='grc' dir='ltr'>ὥσπερ</span> <span class='ocrx_word' id='word_1_486' title='bbox 777 3732 843 3785; x_wconf 86' lang='grc' dir='ltr'>ἂν</span> <span class='ocrx_word' id='word_1_487' title='bbox 880 3732 934 3784; x_wconf 83' lang='grc' dir='ltr'><strong>εί</strong></span> <span class='ocrx_word' id='word_1_488' title='bbox 960 3746 1043 3794; x_wconf 90' lang='grc' dir='ltr'><strong>τις</strong></span> <span class='ocrx_word' id='word_1_489' title='bbox 1087 3731 1236 3801; x_wconf 80' lang='grc' dir='ltr'>λέγοι</span> <span class='ocrx_word' id='word_1_490' title='bbox 1289 3731 1547 3803; x_wconf 67' lang='grc' dir='ltr'>τυχόνθὈ</span> <span class='ocrx_word' id='word_1_491' title='bbox 1575 3732 1725 3786; x_wconf 80' lang='grc' dir='ltr'>τοῦδε</span> <span class='ocrx_word' id='word_1_492' title='bbox 1757 3731 1850 3786; x_wconf 79' lang='grc' dir='ltr'><strong>τοῦ</strong></span> 
     </span>
    </p>
   </div>
   <div class='ocr_carea' id='block_1_65' title="bbox 256 3818 1853 3892">
    <p class='ocr_par' dir='ltr' id='par_1_65' title="bbox 256 3818 1853 3892">
     <span class='ocr_line' id='line_1_65' title="bbox 256 3818 1853 3892; baseline 0.003 -21"><span class='ocrx_word' id='word_1_493' title='bbox 256 3819 601 3891; x_wconf 82' lang='grc' dir='ltr'>πράγματος</span> <span class='ocrx_word' id='word_1_494' title='bbox 654 3818 783 3889; x_wconf 70' lang='grc' dir='ltr'>ἔστη</span> <span class='ocrx_word' id='word_1_495' title='bbox 815 3818 1002 3886; x_wconf 82' lang='grc' dir='ltr'>τύπος,</span> <span class='ocrx_word' id='word_1_496' title='bbox 1034 3819 1223 3891; x_wconf 73' lang='grc' dir='ltr'>ἧγουν,</span> <span class='ocrx_word' id='word_1_497' title='bbox 1253 3822 1422 3892; x_wconf 74' lang='grc' dir='ltr'>Ἔπη</span> <span class='ocrx_word' id='word_1_498' title='bbox 1454 3820 1616 3892; x_wconf 78' lang='grc' dir='ltr'>τυχὸν</span> <span class='ocrx_word' id='word_1_499' title='bbox 1646 3820 1675 3875; x_wconf 89' lang='grc' dir='ltr'>ὁ</span> <span class='ocrx_word' id='word_1_500' title='bbox 1717 3821 1853 3892; x_wconf 79' lang='grc' dir='ltr'>πρὸς</span> 
     </span>
    </p>
   </div>
   <div class='ocr_carea' id='block_1_66' title="bbox 255 3908 1853 3982">
    <p class='ocr_par' dir='ltr' id='par_1_66' title="bbox 255 3908 1853 3982">
     <span class='ocr_line' id='line_1_66' title="bbox 255 3908 1853 3982; baseline 0.003 -20"><span class='ocrx_word' id='word_1_501' title='bbox 255 3909 377 3962; x_wconf 84' lang='grc' dir='ltr'>τόδε</span> <span class='ocrx_word' id='word_1_502' title='bbox 410 3909 599 3977; x_wconf 84' lang='grc' dir='ltr'>λόγος.</span> <span class='ocrx_word' id='word_1_503' title='bbox 634 3909 779 3961; x_wconf 80' lang='grc' dir='ltr'>Ἀντὶ</span> <span class='ocrx_word' id='word_1_504' title='bbox 827 3908 923 3962; x_wconf 81' lang='grc' dir='ltr'>τοῦ</span> <span class='ocrx_word' id='word_1_505' title='bbox 941 3948 956 3974; x_wconf 96' lang='grc'><strong>,</strong></span> <span class='ocrx_word' id='word_1_506' title='bbox 997 3909 1142 3982; x_wconf 80' lang='grc' dir='ltr'>Πρὸς</span> <span class='ocrx_word' id='word_1_507' title='bbox 1179 3910 1351 3981; x_wconf 84' lang='grc' dir='ltr'>πέρας</span> <span class='ocrx_word' id='word_1_508' title='bbox 1375 3910 1500 3981; x_wconf 71' lang='grc' dir='ltr'>ἥκει</span> <span class='ocrx_word' id='word_1_509' title='bbox 1544 3910 1638 3965; x_wconf 77' lang='grc' dir='ltr'>καὶ</span> <span class='ocrx_word' id='word_1_510' title='bbox 1664 3910 1853 3982; x_wconf 57' lang='lat'><strong>(1866.9.-</strong></span> 
     </span>
    </p>
   </div>
   <div class='ocr_carea' id='block_1_67' title="bbox 255 4015 410 4055">
    <p class='ocr_par' dir='ltr' id='par_1_67' title="bbox 255 4015 410 4055">
     <span class='ocr_line' id='line_1_67' title="bbox 255 4015 410 4055; baseline 0.006 -1"><span class='ocrx_word' id='word_1_511' title='bbox 255 4015 410 4055; x_wconf 82' lang='grc' dir='ltr'>κται.</span> 
     </span>
    </p>
   </div>
   <div class='ocr_carea' id='block_1_68' title="bbox 328 4271 1851 4345">
    <p class='ocr_par' dir='ltr' id='par_1_68' title="bbox 328 4271 1851 4345">
     <span class='ocr_line' id='line_1_68' title="bbox 328 4271 1851 4345; baseline 0.001 -17"><span class='ocrx_word' id='word_1_512' title='bbox 328 4275 559 4329; x_wconf 76' lang='grc' dir='ltr'><strong>ΠΑΔΔ.</strong></span> <span class='ocrx_word' id='word_1_513' title='bbox 591 4274 724 4327; x_wconf 85' lang='grc' dir='ltr'>Εἶτα</span> <span class='ocrx_word' id='word_1_514' title='bbox 755 4271 839 4336; x_wconf 87' lang='grc' dir='ltr'><strong>τίς</strong></span> <span class='ocrx_word' id='word_1_515' title='bbox 872 4272 1009 4343; x_wconf 78' lang='grc' dir='ltr'>πρὸς</span> <span class='ocrx_word' id='word_1_516' title='bbox 1046 4272 1204 4343; x_wconf 84' lang='grc' dir='ltr'>ἡμῶν</span> <span class='ocrx_word' id='word_1_517' title='bbox 1248 4273 1283 4343; x_wconf 81' lang='grc' dir='ltr'><strong>ἡ</strong></span> <span class='ocrx_word' id='word_1_518' title='bbox 1328 4272 1598 4343; x_wconf 83' lang='grc' dir='ltr'>Σιπφώρα</span> <span class='ocrx_word' id='word_1_519' title='bbox 1648 4279 1851 4345; x_wconf 80' lang='grc' dir='ltr'>νοοῖτο;</span> 
     </span>
    </p>
   </div>
   <div class='ocr_carea' id='block_1_69' title="bbox 1947 3186 3516 3257">
    <p class='ocr_par' dir='ltr' id='par_1_69' title="bbox 1947 3186 3516 3257">
     <span class='ocr_line' id='line_1_69' title="bbox 1947 3186 3516 3257; baseline 0.001 -16"><span class='ocrx_word' id='word_1_520' title='bbox 1947 3188 2087 3257; x_wconf 91' lang='lat' dir='ltr'><strong>pulit</strong></span> <span class='ocrx_word' id='word_1_521' title='bbox 2136 3203 2275 3241; x_wconf 82' lang='lat' dir='ltr'><strong>uxor</strong></span> <span class='ocrx_word' id='word_1_522' title='bbox 2310 3186 2610 3256; x_wconf 87' lang='lat' dir='ltr'><strong>Sepphora,</strong></span> <span class='ocrx_word' id='word_1_523' title='bbox 2662 3201 2789 3240; x_wconf 92' lang='lat' dir='ltr'><strong>cum</strong></span> <span class='ocrx_word' id='word_1_524' title='bbox 2820 3201 2980 3240; x_wconf 90' lang='lat' dir='ltr'><strong>suum</strong></span> <span class='ocrx_word' id='word_1_525' title='bbox 3022 3186 3137 3256; x_wconf 86' lang='lat' dir='ltr'><strong>ipsa</strong></span> <span class='ocrx_word' id='word_1_526' title='bbox 3185 3186 3358 3241; x_wconf 86' lang='lat' dir='ltr'><strong>ﬁlium</strong></span> <span class='ocrx_word' id='word_1_527' title='bbox 3402 3187 3516 3242; x_wconf 89' lang='lat' dir='ltr'><strong>cal-</strong></span> 
     </span>
    </p>
   </div>
   <div class='ocr_carea' id='block_1_70' title="bbox 1948 3275 3513 3345">
    <p class='ocr_par' dir='ltr' id='par_1_70' title="bbox 1948 3275 3513 3345">
     <span class='ocr_line' id='line_1_70' title="bbox 1948 3275 3513 3345; baseline -0.003 -13"><span class='ocrx_word' id='word_1_528' title='bbox 1948 3277 2072 3332; x_wconf 85' lang='lat' dir='ltr'><strong>culo</strong></span> <span class='ocrx_word' id='word_1_529' title='bbox 2147 3275 2603 3339; x_wconf 91' lang='lat' dir='ltr'><strong>circumcidisset,</strong></span> <span class='ocrx_word' id='word_1_530' title='bbox 2677 3284 2839 3344; x_wconf 89' lang='lat' dir='ltr'><strong>atque</strong></span> <span class='ocrx_word' id='word_1_531' title='bbox 2890 3275 3207 3345; x_wconf 88' lang='lat' dir='ltr'><strong>supplicans</strong></span> <span class='ocrx_word' id='word_1_532' title='bbox 3270 3275 3513 3332; x_wconf 77' lang='lat' dir='ltr'><strong>diceret:</strong></span> 
     </span>
    </p>
   </div>
   <div class='ocr_carea' id='block_1_71' title="bbox 1957 3364 3516 3436">
    <p class='ocr_par' dir='ltr' id='par_1_71' title="bbox 1957 3364 3516 3436">
     <span class='ocr_line' id='line_1_71' title="bbox 1957 3364 3516 3436; baseline 0.002 -18"><span class='ocrx_word' id='word_1_533' title='bbox 1957 3386 1975 3418; x_wconf 83' lang='grc' dir='ltr'><strong>ι</strong></span> <span class='ocrx_word' id='word_1_534' title='bbox 2009 3366 2173 3422; x_wconf 85' lang='lat' dir='ltr'><strong>Stetit</strong></span> <span class='ocrx_word' id='word_1_535' title='bbox 2209 3366 2433 3436; x_wconf 90' lang='lat' dir='ltr'><strong>sanguis</strong></span> <span class='ocrx_word' id='word_1_536' title='bbox 2488 3364 2927 3421; x_wconf 89' lang='lat' dir='ltr'><strong>circumcisionis</strong></span> <span class='ocrx_word' id='word_1_537' title='bbox 2969 3364 3065 3418; x_wconf 91' lang='lat' dir='ltr'><strong>ﬁlii</strong></span> <span class='ocrx_word' id='word_1_538' title='bbox 3102 3366 3210 3419; x_wconf 91' lang='lat' dir='ltr'><strong>mei</strong></span> <span class='ocrx_word' id='word_1_539' title='bbox 3246 3366 3314 3419; x_wconf 83' lang='grc'><strong>⁸⁸.</strong></span> <span class='ocrx_word' id='word_1_540' title='bbox 3341 3385 3357 3417; x_wconf 76' lang='grc' dir='ltr'><strong>ι</strong></span> <span class='ocrx_word' id='word_1_541' title='bbox 3393 3366 3516 3421; x_wconf 85' lang='lat' dir='ltr'><strong>Ste-</strong></span> 
     </span>
    </p>
   </div>
   <div class='ocr_carea' id='block_1_72' title="bbox 1950 3456 3519 3527">
    <p class='ocr_par' dir='ltr' id='par_1_72' title="bbox 1950 3456 3519 3527">
     <span class='ocr_line' id='line_1_72' title="bbox 1950 3456 3519 3527; baseline 0 -16"><span class='ocrx_word' id='word_1_542' title='bbox 1950 3457 2017 3512; x_wconf 91' lang='lat' dir='ltr'><strong>tit</strong></span> <span class='ocrx_word' id='word_1_543' title='bbox 2045 3467 2228 3512; x_wconf 88' lang='lat' dir='ltr'><strong>autem</strong></span> <span class='ocrx_word' id='word_1_544' title='bbox 2249 3457 2492 3527; x_wconf 89' lang='lat' dir='ltr'><strong>sanguis,</strong></span> <span class='ocrx_word' id='word_1_545' title='bbox 2518 3472 2627 3512; x_wconf 89' lang='lat' dir='ltr'><strong>non</strong></span> <span class='ocrx_word' id='word_1_546' title='bbox 2660 3472 2728 3512; x_wconf 92' lang='lat' dir='ltr'><strong>eo</strong></span> <span class='ocrx_word' id='word_1_547' title='bbox 2766 3472 2931 3512; x_wconf 91' lang='lat' dir='ltr'><strong>sensu</strong></span> <span class='ocrx_word' id='word_1_548' title='bbox 2957 3456 3114 3521; x_wconf 82' lang='lat' dir='ltr'><strong>dixit,</strong></span> <span class='ocrx_word' id='word_1_549' title='bbox 3148 3457 3302 3527; x_wconf 86' lang='lat' dir='ltr'><strong>quasi</strong></span> <span class='ocrx_word' id='word_1_550' title='bbox 3349 3456 3519 3512; x_wconf 80' lang='lat' dir='ltr'><strong>fluere</strong></span> 
     </span>
    </p>
   </div>
   <div class='ocr_carea' id='block_1_73' title="bbox 1951 3548 3519 3619">
    <p class='ocr_par' dir='ltr' id='par_1_73' title="bbox 1951 3548 3519 3619">
     <span class='ocr_line' id='line_1_73' title="bbox 1951 3548 3519 3619; baseline 0.001 -17"><span class='ocrx_word' id='word_1_551' title='bbox 1951 3549 2171 3619; x_wconf 89' lang='lat' dir='ltr'><strong>sanguis</strong></span> <span class='ocrx_word' id='word_1_552' title='bbox 2212 3548 2496 3614; x_wconf 85' lang='lat' dir='ltr'><strong>desiisset;</strong></span> <span class='ocrx_word' id='word_1_553' title='bbox 2535 3563 2714 3618; x_wconf 88' lang='lat' dir='ltr'><strong>neque</strong></span> <span class='ocrx_word' id='word_1_554' title='bbox 2746 3548 2895 3603; x_wconf 91' lang='lat' dir='ltr'><strong>enim</strong></span> <span class='ocrx_word' id='word_1_555' title='bbox 2949 3548 3025 3612; x_wconf 91' lang='lat' dir='ltr'><strong>id,</strong></span> <span class='ocrx_word' id='word_1_556' title='bbox 3067 3548 3284 3618; x_wconf 84' lang='lat' dir='ltr'><strong>Opinor,</strong></span> <span class='ocrx_word' id='word_1_557' title='bbox 3336 3556 3519 3603; x_wconf 79' lang='lat' dir='ltr'><strong>exter-</strong></span> 
     </span>
    </p>
   </div>
   <div class='ocr_carea' id='block_1_74' title="bbox 1952 3638 3517 3693">
    <p class='ocr_par' dir='ltr' id='par_1_74' title="bbox 1952 3638 3517 3693">
     <span class='ocr_line' id='line_1_74' title="bbox 1952 3638 3517 3693; baseline -0.001 -1"><span class='ocrx_word' id='word_1_558' title='bbox 1952 3639 2277 3693; x_wconf 88' lang='lat' dir='ltr'><strong>minatorem</strong></span> <span class='ocrx_word' id='word_1_559' title='bbox 2307 3653 2338 3693; x_wconf 91' lang='lat' dir='ltr'><strong>a</strong></span> <span class='ocrx_word' id='word_1_560' title='bbox 2372 3639 2656 3693; x_wconf 82' lang='lat' dir='ltr'><strong>voluntate</strong></span> <span class='ocrx_word' id='word_1_561' title='bbox 2687 3638 2851 3693; x_wconf 66' lang='lat' dir='ltr'><strong>caedis</strong></span> <span class='ocrx_word' id='word_1_562' title='bbox 2880 3638 3146 3693; x_wconf 70' lang='lat' dir='ltr'><strong>faciendae</strong></span> <span class='ocrx_word' id='word_1_563' title='bbox 3168 3638 3517 3693; x_wconf 77' lang='lat' dir='ltr'><strong>retraxisset:</strong></span> 
     </span>
    </p>
   </div>
   <div class='ocr_carea' id='block_1_75' title="bbox 1953 3726 3587 3803">
    <p class='ocr_par' dir='ltr' id='par_1_75' title="bbox 1953 3726 3587 3803">
     <span class='ocr_line' id='line_1_75' title="bbox 1953 3726 3587 3803; baseline 0 -21"><span class='ocrx_word' id='word_1_564' title='bbox 1953 3726 2049 3782; x_wconf 88' lang='lat' dir='ltr'><strong>sed</strong></span> <span class='ocrx_word' id='word_1_565' title='bbox 2077 3741 2218 3796; x_wconf 89' lang='lat' dir='ltr'><strong>pene</strong></span> <span class='ocrx_word' id='word_1_566' title='bbox 2247 3727 2351 3781; x_wconf 88' lang='lat' dir='ltr'><strong>hoc</strong></span> <span class='ocrx_word' id='word_1_567' title='bbox 2377 3726 2555 3780; x_wconf 81' lang='lat' dir='ltr'><strong>dixit:</strong></span> <span class='ocrx_word' id='word_1_568' title='bbox 2589 3726 2899 3782; x_wconf 84' lang='lat' dir='ltr'><strong>Perfectum</strong></span> <span class='ocrx_word' id='word_1_569' title='bbox 2941 3733 3025 3781; x_wconf 89' lang='lat' dir='ltr'><strong>est</strong></span> <span class='ocrx_word' id='word_1_570' title='bbox 3064 3735 3227 3796; x_wconf 88' lang='lat' dir='ltr'><strong>atque</strong></span> <span class='ocrx_word' id='word_1_571' title='bbox 3278 3727 3522 3798; x_wconf 85' lang='lat' dir='ltr'><strong>comple-</strong></span> <span class='ocrx_word' id='word_1_572' title='bbox 3568 3783 3587 3803; x_wconf 44' lang='grc' dir='ltr'>δ</span> 
     </span>
    </p>
   </div>
   <div class='ocr_carea' id='block_1_76' title="bbox 1954 3816 3520 3887">
    <p class='ocr_par' dir='ltr' id='par_1_76' title="bbox 1954 3816 3520 3887">
     <span class='ocr_line' id='line_1_76' title="bbox 1954 3816 3520 3887; baseline 0.001 -16"><span class='ocrx_word' id='word_1_573' title='bbox 1954 3825 2091 3883; x_wconf 90' lang='lat' dir='ltr'><strong>tum,</strong></span> <span class='ocrx_word' id='word_1_574' title='bbox 2118 3817 2262 3887; x_wconf 87' lang='lat' dir='ltr'><strong>quod</strong></span> <span class='ocrx_word' id='word_1_575' title='bbox 2294 3819 2406 3872; x_wconf 89' lang='lat' dir='ltr'><strong>Deo</strong></span> <span class='ocrx_word' id='word_1_576' title='bbox 2438 3818 2618 3872; x_wconf 90' lang='lat' dir='ltr'><strong>visum</strong></span> <span class='ocrx_word' id='word_1_577' title='bbox 2649 3827 2765 3883; x_wconf 90' lang='lat' dir='ltr'><strong>est;</strong></span> <span class='ocrx_word' id='word_1_578' title='bbox 2800 3818 2854 3872; x_wconf 92' lang='lat' dir='ltr'><strong>id</strong></span> <span class='ocrx_word' id='word_1_579' title='bbox 2903 3825 3085 3872; x_wconf 90' lang='lat' dir='ltr'><strong>autem</strong></span> <span class='ocrx_word' id='word_1_580' title='bbox 3126 3825 3244 3873; x_wconf 88' lang='lat' dir='ltr'><strong>erat</strong></span> <span class='ocrx_word' id='word_1_581' title='bbox 3282 3816 3380 3872; x_wconf 92' lang='lat' dir='ltr'><strong>ﬁlii</strong></span> <span class='ocrx_word' id='word_1_582' title='bbox 3412 3819 3520 3872; x_wconf 88' lang='lat' dir='ltr'><strong>mei</strong></span> 
     </span>
    </p>
   </div>
   <div class='ocr_carea' id='block_1_77' title="bbox 1954 3908 3525 3980">
    <p class='ocr_par' dir='ltr' id='par_1_77' title="bbox 1954 3908 3525 3980">
     <span class='ocr_line' id='line_1_77' title="bbox 1954 3908 3525 3980; baseline -0.001 -16"><span class='ocrx_word' id='word_1_583' title='bbox 1954 3909 2297 3965; x_wconf 89' lang='lat' dir='ltr'><strong>circumcisio</strong></span> <span class='ocrx_word' id='word_1_584' title='bbox 2321 3926 2335 3975; x_wconf 91' lang='lat'><strong>;</strong></span> <span class='ocrx_word' id='word_1_585' title='bbox 2366 3918 2426 3963; x_wconf 91' lang='lat' dir='ltr'><strong>ut</strong></span> <span class='ocrx_word' id='word_1_586' title='bbox 2451 3910 2495 3964; x_wconf 92' lang='lat' dir='ltr'><strong>si</strong></span> <span class='ocrx_word' id='word_1_587' title='bbox 2522 3910 2666 3979; x_wconf 90' lang='lat' dir='ltr'><strong>quis,</strong></span> <span class='ocrx_word' id='word_1_588' title='bbox 2688 3909 2841 3964; x_wconf 89' lang='lat' dir='ltr'><strong>verbi</strong></span> <span class='ocrx_word' id='word_1_589' title='bbox 2867 3910 3057 3980; x_wconf 87' lang='lat' dir='ltr'><strong>gratia,</strong></span> <span class='ocrx_word' id='word_1_590' title='bbox 3085 3909 3292 3964; x_wconf 85' lang='lat' dir='ltr'><strong>diceret</strong></span> <span class='ocrx_word' id='word_1_591' title='bbox 3318 3908 3525 3980; x_wconf 78' lang='lat' dir='ltr'><strong>:Hujus</strong></span> 
     </span>
    </p>
   </div>
   <div class='ocr_carea' id='block_1_78' title="bbox 1954 3998 3523 4070">
    <p class='ocr_par' dir='ltr' id='par_1_78' title="bbox 1954 3998 3523 4070">
     <span class='ocr_line' id='line_1_78' title="bbox 1954 3998 3523 4070; baseline 0 -17"><span class='ocrx_word' id='word_1_592' title='bbox 1954 3999 2034 4054; x_wconf 90' lang='lat' dir='ltr'><strong>rei</strong></span> <span class='ocrx_word' id='word_1_593' title='bbox 2063 3998 2237 4070; x_wconf 88' lang='lat' dir='ltr'><strong>ﬁgura</strong></span> <span class='ocrx_word' id='word_1_594' title='bbox 2263 4000 2451 4065; x_wconf 85' lang='lat' dir='ltr'><strong>stetit;</strong></span> <span class='ocrx_word' id='word_1_595' title='bbox 2503 4008 2600 4054; x_wconf 90' lang='lat' dir='ltr'><strong>aut</strong></span> <span class='ocrx_word' id='word_1_596' title='bbox 2629 4007 2778 4054; x_wconf 90' lang='lat' dir='ltr'><strong>certe</strong></span> <span class='ocrx_word' id='word_1_597' title='bbox 2805 4017 2817 4051; x_wconf 89' lang='lat'><strong>:</strong></span> <span class='ocrx_word' id='word_1_598' title='bbox 2846 3999 3018 4069; x_wconf 82' lang='lat' dir='ltr'><strong>Hujus</strong></span> <span class='ocrx_word' id='word_1_599' title='bbox 3054 3999 3166 4062; x_wconf 88' lang='lat' dir='ltr'><strong>rei,</strong></span> <span class='ocrx_word' id='word_1_600' title='bbox 3213 3998 3365 4053; x_wconf 81' lang='lat' dir='ltr'><strong>verbi</strong></span> <span class='ocrx_word' id='word_1_601' title='bbox 3397 4014 3523 4069; x_wconf 83' lang='lat' dir='ltr'><strong>gra-</strong></span> 
     </span>
    </p>
   </div>
   <div class='ocr_carea' id='block_1_79' title="bbox 1954 4089 3503 4161">
    <p class='ocr_par' dir='ltr' id='par_1_79' title="bbox 1954 4089 3503 4161">
     <span class='ocr_line' id='line_1_79' title="bbox 1954 4089 3503 4161; baseline -0.001 -16"><span class='ocrx_word' id='word_1_602' title='bbox 1954 4091 2051 4154; x_wconf 90' lang='lat' dir='ltr'><strong>tia,</strong></span> <span class='ocrx_word' id='word_1_603' title='bbox 2081 4091 2222 4145; x_wconf 87' lang='lat' dir='ltr'><strong>ratio</strong></span> <span class='ocrx_word' id='word_1_604' title='bbox 2248 4092 2437 4157; x_wconf 89' lang='lat' dir='ltr'><strong>stetit;</strong></span> <span class='ocrx_word' id='word_1_605' title='bbox 2465 4091 2610 4161; x_wconf 84' lang='lat' dir='ltr'><strong>quod</strong></span> <span class='ocrx_word' id='word_1_606' title='bbox 2639 4090 2783 4145; x_wconf 90' lang='lat' dir='ltr'><strong>idem</strong></span> <span class='ocrx_word' id='word_1_607' title='bbox 2806 4091 2970 4156; x_wconf 84' lang='lat' dir='ltr'><strong>valet,</strong></span> <span class='ocrx_word' id='word_1_608' title='bbox 2995 4105 3057 4145; x_wconf 91' lang='lat' dir='ltr'><strong>ac</strong></span> <span class='ocrx_word' id='word_1_609' title='bbox 3103 4091 3149 4145; x_wconf 91' lang='lat' dir='ltr'><strong>si</strong></span> <span class='ocrx_word' id='word_1_610' title='bbox 3184 4089 3461 4145; x_wconf 86' lang='lat' dir='ltr'><strong>diceretur</strong></span> <span class='ocrx_word' id='word_1_611' title='bbox 3489 4109 3503 4143; x_wconf 87' lang='lat'><strong>:</strong></span> 
     </span>
    </p>
   </div>
   <div class='ocr_carea' id='block_1_80' title="bbox 1956 4180 3289 4252">
    <p class='ocr_par' dir='ltr' id='par_1_80' title="bbox 1956 4180 3289 4252">
     <span class='ocr_line' id='line_1_80' title="bbox 1956 4180 3289 4252; baseline -0.001 -17"><span class='ocrx_word' id='word_1_612' title='bbox 1956 4181 2038 4235; x_wconf 81' lang='lat' dir='ltr'><strong>Ad</strong></span> <span class='ocrx_word' id='word_1_613' title='bbox 2069 4180 2233 4237; x_wconf 87' lang='lat' dir='ltr'><strong>ﬁnem</strong></span> <span class='ocrx_word' id='word_1_614' title='bbox 2257 4182 2529 4252; x_wconf 81' lang='lat' dir='ltr'><strong>pervenit,</strong></span> <span class='ocrx_word' id='word_1_615' title='bbox 2562 4196 2628 4236; x_wconf 89' lang='lat' dir='ltr'><strong>ac</strong></span> <span class='ocrx_word' id='word_1_616' title='bbox 2656 4180 3033 4236; x_wconf 87' lang='lat' dir='ltr'><strong>demonstrata</strong></span> <span class='ocrx_word' id='word_1_617' title='bbox 3064 4196 3153 4235; x_wconf 90' lang='lat' dir='ltr'><strong>res</strong></span> <span class='ocrx_word' id='word_1_618' title='bbox 3183 4189 3289 4235; x_wconf 87' lang='lat' dir='ltr'><strong>est.</strong></span> 
     </span>
    </p>
   </div>
   <div class='ocr_carea' id='block_1_81' title="bbox 2023 4272 3521 4343">
    <p class='ocr_par' dir='ltr' id='par_1_81' title="bbox 2023 4272 3521 4343">
     <span class='ocr_line' id='line_1_81' title="bbox 2023 4272 3521 4343; baseline 0.001 -17"><span class='ocrx_word' id='word_1_619' title='bbox 2023 4272 2220 4327; x_wconf 82' lang='lat' dir='ltr'><strong>PALL.</strong></span> <span class='ocrx_word' id='word_1_620' title='bbox 2259 4272 2532 4328; x_wconf 69' lang='lat' dir='ltr'><strong>Caeterum</strong></span> <span class='ocrx_word' id='word_1_621' title='bbox 2587 4272 2718 4342; x_wconf 91' lang='lat' dir='ltr'><strong>quid</strong></span> <span class='ocrx_word' id='word_1_622' title='bbox 2771 4272 3074 4343; x_wconf 85' lang='lat' dir='ltr'><strong>intelligere</strong></span> <span class='ocrx_word' id='word_1_623' title='bbox 3113 4288 3409 4342; x_wconf 89' lang='lat' dir='ltr'><strong>possumus</strong></span> <span class='ocrx_word' id='word_1_624' title='bbox 3445 4274 3521 4328; x_wconf 88' lang='lat' dir='ltr'><strong>si-</strong></span> 
     </span>
    </p>
   </div>
   <div class='ocr_carea' id='block_1_82' title="bbox 258 4360 1845 4446">
    <p class='ocr_par' dir='ltr' id='par_1_82' title="bbox 258 4360 1845 4439">
     <span class='ocr_line' id='line_1_82' title="bbox 258 4360 1845 4439; baseline 0.011 -36"><span class='ocrx_word' id='word_1_625' title='bbox 258 4363 315 4416; x_wconf 77' lang='grc' dir='ltr'>τι</span> <span class='ocrx_word' id='word_1_626' title='bbox 345 4364 408 4418; x_wconf 63' lang='grc' dir='ltr'><strong>δὲ</strong></span> <span class='ocrx_word' id='word_1_627' title='bbox 437 4365 474 4434; x_wconf 71' lang='grc' dir='ltr'>ἡ</span> <span class='ocrx_word' id='word_1_628' title='bbox 508 4363 712 4433; x_wconf 77' lang='grc' dir='ltr'>ψῆφος,</span> <span class='ocrx_word' id='word_1_629' title='bbox 742 4361 837 4415; x_wconf 73' lang='grc' dir='ltr'>καὶ</span> <span class='ocrx_word' id='word_1_630' title='bbox 872 4363 905 4432; x_wconf 81' lang='grc' dir='ltr'><strong>ή</strong></span> <span class='ocrx_word' id='word_1_631' title='bbox 944 4361 1012 4414; x_wconf 84' lang='grc' dir='ltr'><strong>δι’</strong></span> <span class='ocrx_word' id='word_1_632' title='bbox 1041 4360 1210 4430; x_wconf 79' lang='grc' dir='ltr'>αὐτῆς</span> <span class='ocrx_word' id='word_1_633' title='bbox 1252 4362 1518 4433; x_wconf 85' lang='grc' dir='ltr'>γενομένη</span> <span class='ocrx_word' id='word_1_634' title='bbox 1545 4371 1845 4439; x_wconf 84' lang='grc' dir='ltr'>περιτομή;</span> 
     </span>
    </p>
   </div>
   <div class='ocr_carea' id='block_1_83' title="bbox 1946 4360 3525 4446">
    <p class='ocr_par' dir='ltr' id='par_1_83' title="bbox 1957 4362 3525 4434">
     <span class='ocr_line' id='line_1_83' title="bbox 1957 4362 3525 4434; baseline 0.001 -17"><span class='ocrx_word' id='word_1_635' title='bbox 1957 4362 2218 4433; x_wconf 89' lang='lat' dir='ltr'><strong>gniﬁcare</strong></span> <span class='ocrx_word' id='word_1_636' title='bbox 2246 4363 2587 4434; x_wconf 90' lang='lat' dir='ltr'><strong>Sepphoram</strong></span> <span class='ocrx_word' id='word_1_637' title='bbox 2608 4363 2633 4416; x_wconf 88' lang='lat'><strong>?</strong></span> <span class='ocrx_word' id='word_1_638' title='bbox 2652 4362 2785 4433; x_wconf 90' lang='lat' dir='ltr'><strong>quid</strong></span> <span class='ocrx_word' id='word_1_639' title='bbox 2836 4363 2966 4416; x_wconf 92' lang='lat' dir='ltr'><strong>item</strong></span> <span class='ocrx_word' id='word_1_640' title='bbox 2995 4363 3290 4426; x_wconf 89' lang='lat' dir='ltr'><strong>calculum,</strong></span> <span class='ocrx_word' id='word_1_641' title='bbox 3308 4378 3372 4418; x_wconf 90' lang='lat' dir='ltr'><strong>ac</strong></span> <span class='ocrx_word' id='word_1_642' title='bbox 3412 4364 3525 4419; x_wconf 85' lang='lat' dir='ltr'><strong>cir-</strong></span> 
     </span>
    </p>
   </div>
   <div class='ocr_carea' id='block_1_84' title="bbox 250 4451 1845 4532">
    <p class='ocr_par' dir='ltr' id='par_1_84' title="bbox 250 4451 1845 4532">
     <span class='ocr_line' id='line_1_84' title="bbox 250 4451 1845 4532; baseline 0.003 -23"><span class='ocrx_word' id='word_1_643' title='bbox 250 4456 650 4525; x_wconf 83' lang='grc' dir='ltr'>δεδυσώπηται</span> <span class='ocrx_word' id='word_1_644' title='bbox 689 4454 748 4507; x_wconf 84' lang='grc' dir='ltr'>δὲ</span> <span class='ocrx_word' id='word_1_645' title='bbox 783 4454 932 4515; x_wconf 81' lang='grc' dir='ltr'>ὅπως</span> <span class='ocrx_word' id='word_1_646' title='bbox 974 4453 1003 4505; x_wconf 89' lang='lat'><strong>6</strong></span> <span class='ocrx_word' id='word_1_647' title='bbox 1042 4451 1185 4515; x_wconf 84' lang='grc' dir='ltr'>θεῖος</span> <span class='ocrx_word' id='word_1_648' title='bbox 1232 4452 1458 4521; x_wconf 75' lang='grc' dir='ltr'>ἄγγελος</span> <span class='ocrx_word' id='word_1_649' title='bbox 1481 4492 1497 4519; x_wconf 93' lang='grc'><strong>,</strong></span> <span class='ocrx_word' id='word_1_650' title='bbox 1541 4456 1636 4508; x_wconf 74' lang='grc' dir='ltr'>καὶ</span> <span class='ocrx_word' id='word_1_651' title='bbox 1679 4458 1845 4532; x_wconf 69' lang='grc' dir='ltr'>διέδρα</span> 
     </span>
    </p>
   </div>
   <div class='ocr_carea' id='block_1_85' title="bbox 1946 4451 3528 4532">
    <p class='ocr_par' dir='ltr' id='par_1_85' title="bbox 1957 4453 3528 4526">
     <span class='ocr_line' id='line_1_85' title="bbox 1957 4453 3528 4526; baseline 0 -17"><span class='ocrx_word' id='word_1_652' title='bbox 1957 4455 2346 4509; x_wconf 89' lang='lat' dir='ltr'><strong>cumcisionem</strong></span> <span class='ocrx_word' id='word_1_653' title='bbox 2399 4456 2609 4510; x_wconf 86' lang='lat' dir='ltr'><strong>calculo</strong></span> <span class='ocrx_word' id='word_1_654' title='bbox 2639 4453 2874 4509; x_wconf 83' lang='lat' dir='ltr'><strong>factam?</strong></span> <span class='ocrx_word' id='word_1_655' title='bbox 2900 4454 3359 4522; x_wconf 89' lang='lat' dir='ltr'><strong>quemadmodum</strong></span> <span class='ocrx_word' id='word_1_656' title='bbox 3399 4471 3528 4526; x_wconf 90' lang='lat' dir='ltr'><strong>por-</strong></span> 
     </span>
    </p>
   </div>
   <div class='ocr_carea' id='block_1_86' title="bbox 251 4543 1858 4619">
    <p class='ocr_par' dir='ltr' id='par_1_86' title="bbox 251 4543 1858 4619">
     <span class='ocr_line' id='line_1_86' title="bbox 251 4543 1858 4619; baseline 0.004 -19"><span class='ocrx_word' id='word_1_657' title='bbox 251 4547 477 4619; x_wconf 74' lang='grc' dir='ltr'>Μωσῆς</span> <span class='ocrx_word' id='word_1_658' title='bbox 506 4546 601 4598; x_wconf 84' lang='grc' dir='ltr'>τὸν</span> <span class='ocrx_word' id='word_1_659' title='bbox 637 4544 1015 4615; x_wconf 78' lang='grc' dir='ltr'>ἐπηρτημένον</span> <span class='ocrx_word' id='word_1_660' title='bbox 1047 4543 1193 4613; x_wconf 81' lang='grc' dir='ltr'>αὐτῷ</span> <span class='ocrx_word' id='word_1_661' title='bbox 1234 4544 1329 4596; x_wconf 79' lang='grc' dir='ltr'><strong>καὶ</strong></span> <span class='ocrx_word' id='word_1_662' title='bbox 1374 4544 1722 4617; x_wconf 85' lang='grc' dir='ltr'>ὀφειλόμενον</span> <span class='ocrx_word' id='word_1_663' title='bbox 1763 4552 1858 4606; x_wconf 86' lang='grc' dir='ltr'><strong>θά-</strong></span> 
     </span>
    </p>
   </div>
   <div class='ocr_carea' id='block_1_87' title="bbox 252 4636 1261 4708">
    <p class='ocr_par' dir='ltr' id='par_1_87' title="bbox 252 4636 1261 4708">
     <span class='ocr_line' id='line_1_87' title="bbox 252 4636 1261 4708; baseline -0.004 -16"><span class='ocrx_word' id='word_1_664' title='bbox 252 4655 445 4704; x_wconf 83' lang='grc' dir='ltr'>νατον,</span> <span class='ocrx_word' id='word_1_665' title='bbox 484 4636 704 4691; x_wconf 83' lang='grc' dir='ltr'>παιδίου</span> <span class='ocrx_word' id='word_1_666' title='bbox 736 4636 1207 4708; x_wconf 84' lang='grc' dir='ltr'>περιτετμημένου</span> <span class='ocrx_word' id='word_1_667' title='bbox 1245 4652 1261 4700; x_wconf 89' lang='lat'><strong>;</strong></span> 
     </span>
    </p>
   </div>
   <div class='ocr_carea' id='block_1_88' title="bbox 322 4832 1854 4908">
    <p class='ocr_par' dir='ltr' id='par_1_88' title="bbox 322 4832 1854 4908">
     <span class='ocr_line' id='line_1_88' title="bbox 322 4832 1854 4908; baseline 0.002 -20"><span class='ocrx_word' id='word_1_668' title='bbox 322 4835 510 4888; x_wconf 76' lang='grc' dir='ltr'><strong>ΚΥΡ.</strong></span> <span class='ocrx_word' id='word_1_669' title='bbox 561 4833 801 4903; x_wconf 72' lang='grc' dir='ltr'>Ἀσαφὴς</span> <span class='ocrx_word' id='word_1_670' title='bbox 854 4834 883 4885; x_wconf 91' lang='lat'><strong>6</strong></span> <span class='ocrx_word' id='word_1_671' title='bbox 934 4832 1093 4901; x_wconf 82' lang='grc' dir='ltr'>λόγος</span> <span class='ocrx_word' id='word_1_672' title='bbox 1117 4872 1132 4896; x_wconf 90' lang='grc'><strong>,</strong></span> <span class='ocrx_word' id='word_1_673' title='bbox 1167 4832 1259 4886; x_wconf 71' lang='grc' dir='ltr'><strong>καὶ</strong></span> <span class='ocrx_word' id='word_1_674' title='bbox 1289 4833 1608 4902; x_wconf 81' lang='grc' dir='ltr'>δυσέφικτος</span> <span class='ocrx_word' id='word_1_675' title='bbox 1639 4836 1854 4908; x_wconf 82' lang='grc' dir='ltr'>ἀληθῶς</span> 
     </span>
    </p>
   </div>
   <div class='ocr_carea' id='block_1_89' title="bbox 245 4922 1855 4997">
    <p class='ocr_par' dir='ltr' id='par_1_89' title="bbox 245 4922 1855 4997">
     <span class='ocr_line' id='line_1_89' title="bbox 245 4922 1855 4997; baseline -0.001 -16"><span class='ocrx_word' id='word_1_676' title='bbox 245 4926 363 4980; x_wconf 85' lang='grc' dir='ltr'><strong>τῶν</strong></span> <span class='ocrx_word' id='word_1_677' title='bbox 396 4925 758 4997; x_wconf 79' lang='grc' dir='ltr'>ζητουμένων</span> <span class='ocrx_word' id='word_1_678' title='bbox 786 4925 816 4976; x_wconf 87' lang='lat'><strong>6</strong></span> <span class='ocrx_word' id='word_1_679' title='bbox 847 4922 991 4985; x_wconf 62' lang='grc' dir='ltr'>νοῦς</span> <span class='ocrx_word' id='word_1_680' title='bbox 1023 4922 1143 4993; x_wconf 86' lang='grc' dir='ltr'><strong>Θεῷ</strong></span> <span class='ocrx_word' id='word_1_681' title='bbox 1171 4924 1228 4975; x_wconf 79' lang='grc' dir='ltr'>δὲ</span> <span class='ocrx_word' id='word_1_682' title='bbox 1261 4923 1517 4989; x_wconf 85' lang='grc' dir='ltr'>πίσυνος,</span> <span class='ocrx_word' id='word_1_683' title='bbox 1544 4924 1619 4989; x_wconf 81' lang='grc' dir='ltr'>ὡς</span> <span class='ocrx_word' id='word_1_684' title='bbox 1656 4926 1721 4980; x_wconf 85' lang='grc' dir='ltr'>ἂν</span> <span class='ocrx_word' id='word_1_685' title='bbox 1744 4923 1855 4991; x_wconf 73' lang='grc' dir='ltr'>οἶός</span> 
     </span>
    </p>
   </div>
   <div class='ocr_carea' id='block_1_90' title="bbox 245 5011 1853 5085">
    <p class='ocr_par' dir='ltr' id='par_1_90' title="bbox 245 5011 1853 5085">
     <span class='ocr_line' id='line_1_90' title="bbox 245 5011 1853 5085; baseline 0 -15"><span class='ocrx_word' id='word_1_686' title='bbox 245 5034 309 5070; x_wconf 79' lang='grc' dir='ltr'><strong>τε</strong></span> <span class='ocrx_word' id='word_1_687' title='bbox 369 5011 446 5080; x_wconf 80' lang='grc' dir='ltr'>ὣ,</span> <span class='ocrx_word' id='word_1_688' title='bbox 482 5015 652 5068; x_wconf 85' lang='grc' dir='ltr'>πάλιν</span> <span class='ocrx_word' id='word_1_689' title='bbox 688 5012 816 5084; x_wconf 71' lang='grc' dir='ltr'><strong>ἐρῶ.</strong></span> <span class='ocrx_word' id='word_1_690' title='bbox 858 5013 923 5066; x_wconf 85' lang='grc' dir='ltr'><strong><em>Ἥ</em></strong></span> <span class='ocrx_word' id='word_1_691' title='bbox 971 5013 1264 5083; x_wconf 82' lang='grc' dir='ltr'>Σεπφώρα,</span> <span class='ocrx_word' id='word_1_692' title='bbox 1301 5013 1546 5085; x_wconf 82' lang='grc' dir='ltr'>θυγάτηρ</span> <span class='ocrx_word' id='word_1_693' title='bbox 1584 5012 1718 5069; x_wconf 78' lang='grc' dir='ltr'>οὖσα</span> <span class='ocrx_word' id='word_1_694' title='bbox 1759 5016 1853 5070; x_wconf 77' lang='grc' dir='ltr'><strong>τοῦ</strong></span> 
     </span>
    </p>
   </div>
   <div class='ocr_carea' id='block_1_91' title="bbox 246 5097 1857 5179">
    <p class='ocr_par' dir='ltr' id='par_1_91' title="bbox 246 5097 1857 5179">
     <span class='ocr_line' id='line_1_91' title="bbox 246 5097 1857 5179; baseline 0.002 -23"><span class='ocrx_word' id='word_1_695' title='bbox 246 5108 458 5179; x_wconf 70' lang='grc' dir='ltr'>ἱερέως</span> <span class='ocrx_word' id='word_1_696' title='bbox 500 5105 602 5158; x_wconf 81' lang='grc' dir='ltr'><strong>τοῦ</strong></span> <span class='ocrx_word' id='word_1_697' title='bbox 656 5103 887 5174; x_wconf 84' lang='grc' dir='ltr'>Μαδιάμ</span> <span class='ocrx_word' id='word_1_698' title='bbox 919 5104 1082 5175; x_wconf 83' lang='grc' dir='ltr'>(ἀνὴρ</span> <span class='ocrx_word' id='word_1_699' title='bbox 1121 5104 1177 5156; x_wconf 83' lang='grc' dir='ltr'>δὲ</span> <span class='ocrx_word' id='word_1_700' title='bbox 1215 5097 1367 5167; x_wconf 73' lang='grc' dir='ltr'>οὗτος</span> <span class='ocrx_word' id='word_1_701' title='bbox 1399 5104 1689 5176; x_wconf 82' lang='grc' dir='ltr'>ἀλλογενὴς</span> <span class='ocrx_word' id='word_1_702' title='bbox 1710 5145 1726 5170; x_wconf 94' lang='grc'><strong>,</strong></span> <span class='ocrx_word' id='word_1_703' title='bbox 1760 5107 1857 5160; x_wconf 72' lang='grc' dir='ltr'>καὶ</span> 
     </span>
    </p>
   </div>
   <div class='ocr_carea' id='block_1_92' title="bbox 242 5196 1856 5270">
    <p class='ocr_par' dir='ltr' id='par_1_92' title="bbox 242 5196 1856 5270">
     <span class='ocr_line' id='line_1_92' title="bbox 242 5196 1856 5270; baseline 0.001 -18"><span class='ocrx_word' id='word_1_704' title='bbox 242 5203 352 5253; x_wconf 75' lang='grc' dir='ltr'><strong>οὐκ</strong></span> <span class='ocrx_word' id='word_1_705' title='bbox 394 5200 464 5265; x_wconf 75' lang='grc' dir='ltr'>ἐξ</span> <span class='ocrx_word' id='word_1_706' title='bbox 502 5199 736 5268; x_wconf 76' lang='grc' dir='ltr'>αἵματος</span> <span class='ocrx_word' id='word_1_707' title='bbox 777 5196 1035 5267; x_wconf 82' lang='grc' dir='ltr'>Ἰσραὴλ),</span> <span class='ocrx_word' id='word_1_708' title='bbox 1070 5198 1239 5249; x_wconf 76' lang='grc' dir='ltr'>τύπον</span> <span class='ocrx_word' id='word_1_709' title='bbox 1269 5197 1401 5267; x_wconf 79' lang='grc' dir='ltr'>ἡμῖν</span> <span class='ocrx_word' id='word_1_710' title='bbox 1446 5198 1541 5251; x_wconf 75' lang='grc' dir='ltr'>καὶ</span> <span class='ocrx_word' id='word_1_711' title='bbox 1568 5198 1856 5270; x_wconf 84' lang='grc' dir='ltr'>πρόσωπον</span> 
     </span>
    </p>
   </div>
   <div class='ocr_carea' id='block_1_93' title="bbox 239 5288 1855 5363">
    <p class='ocr_par' dir='ltr' id='par_1_93' title="bbox 239 5288 1855 5363">
     <span class='ocr_line' id='line_1_93' title="bbox 239 5288 1855 5363; baseline 0.001 -20"><span class='ocrx_word' id='word_1_712' title='bbox 239 5292 351 5361; x_wconf 82' lang='grc' dir='ltr'>τῆς</span> <span class='ocrx_word' id='word_1_713' title='bbox 409 5290 479 5356; x_wconf 75' lang='grc' dir='ltr'><strong>ἐξ</strong></span> <span class='ocrx_word' id='word_1_714' title='bbox 534 5288 702 5342; x_wconf 76' lang='grc' dir='ltr'>ἐθνῶν</span> <span class='ocrx_word' id='word_1_715' title='bbox 761 5288 1088 5357; x_wconf 85' lang='grc' dir='ltr'>Ἐκκλησίας</span> <span class='ocrx_word' id='word_1_716' title='bbox 1133 5288 1460 5360; x_wconf 81' lang='grc' dir='ltr'>ἀποπληροῖ,</span> <span class='ocrx_word' id='word_1_717' title='bbox 1514 5290 1855 5363; x_wconf 84' lang='grc' dir='ltr'>κεκλημένης</span> 
     </span>
    </p>
   </div>
   <div class='ocr_carea' id='block_1_94' title="bbox 239 5377 1852 5453">
    <p class='ocr_par' dir='ltr' id='par_1_94' title="bbox 239 5377 1852 5453">
     <span class='ocr_line' id='line_1_94' title="bbox 239 5377 1852 5453; baseline 0.001 -19"><span class='ocrx_word' id='word_1_718' title='bbox 239 5383 390 5453; x_wconf 81' lang='grc' dir='ltr'>πρὸς</span> <span class='ocrx_word' id='word_1_719' title='bbox 438 5379 588 5433; x_wconf 79' lang='grc' dir='ltr'>Θεὸν</span> <span class='ocrx_word' id='word_1_720' title='bbox 616 5379 692 5442; x_wconf 84' lang='grc' dir='ltr'>ὡς</span> <span class='ocrx_word' id='word_1_721' title='bbox 735 5379 799 5431; x_wconf 82' lang='grc' dir='ltr'>ὲκ</span> <span class='ocrx_word' id='word_1_722' title='bbox 835 5377 1090 5448; x_wconf 87' lang='grc' dir='ltr'>λατρείας</span> <span class='ocrx_word' id='word_1_723' title='bbox 1126 5382 1417 5450; x_wconf 79' lang='grc' dir='ltr'>κοσμικῆς.</span> <span class='ocrx_word' id='word_1_724' title='bbox 1468 5380 1698 5452; x_wconf 82' lang='grc' dir='ltr'>Εῐρηται</span> <span class='ocrx_word' id='word_1_725' title='bbox 1744 5381 1852 5453; x_wconf 88' lang='grc' dir='ltr'><strong>γάρ</strong></span> 
     </span>
    </p>
   </div>
   <div class='ocr_carea' id='block_1_95' title="bbox 239 5471 1851 5545">
    <p class='ocr_par' dir='ltr' id='par_1_95' title="bbox 239 5471 1851 5545">
     <span class='ocr_line' id='line_1_95' title="bbox 239 5471 1851 5545; baseline 0 -18"><span class='ocrx_word' id='word_1_726' title='bbox 239 5492 355 5527; x_wconf 83' lang='grc' dir='ltr'><strong>που</strong></span> <span class='ocrx_word' id='word_1_727' title='bbox 385 5473 549 5545; x_wconf 75' lang='grc' dir='ltr'>πρὸς</span> <span class='ocrx_word' id='word_1_728' title='bbox 597 5472 767 5543; x_wconf 83' lang='grc' dir='ltr'>αὐτὴν</span> <span class='ocrx_word' id='word_1_729' title='bbox 794 5471 884 5525; x_wconf 80' lang='grc' dir='ltr'>διὰ</span> <span class='ocrx_word' id='word_1_730' title='bbox 914 5473 1097 5543; x_wconf 85' lang='grc' dir='ltr'>φωνῆς</span> <span class='ocrx_word' id='word_1_731' title='bbox 1124 5472 1217 5525; x_wconf 77' lang='grc' dir='ltr'><strong>τοῦ</strong></span> <span class='ocrx_word' id='word_1_732' title='bbox 1268 5471 1457 5525; x_wconf 76' lang='grc' dir='ltr'>Δαϐίδο</span> <span class='ocrx_word' id='word_1_733' title='bbox 1495 5491 1514 5523; x_wconf 81' lang='grc' dir='ltr'><strong>ι</strong></span> <span class='ocrx_word' id='word_1_734' title='bbox 1565 5475 1851 5537; x_wconf 82' lang='grc' dir='ltr'>Ἀκουσον,</span> 
     </span>
    </p>
   </div>
   <div class='ocr_carea' id='block_1_96' title="bbox 239 5559 1849 5636">
    <p class='ocr_par' dir='ltr' id='par_1_96' title="bbox 239 5559 1849 5636">
     <span class='ocr_line' id='line_1_96' title="bbox 239 5559 1849 5636; baseline -0.002 -15"><span class='ocrx_word' id='word_1_735' title='bbox 239 5566 534 5636; x_wconf 76' lang='grc' dir='ltr'>θύγατερ,</span> <span class='ocrx_word' id='word_1_736' title='bbox 564 5563 656 5616; x_wconf 68' lang='grc' dir='ltr'>καὶ</span> <span class='ocrx_word' id='word_1_737' title='bbox 686 5563 762 5616; x_wconf 87' lang='grc' dir='ltr'>ῐδε</span> <span class='ocrx_word' id='word_1_738' title='bbox 788 5604 803 5628; x_wconf 94' lang='grc'><strong>,</strong></span> <span class='ocrx_word' id='word_1_739' title='bbox 839 5563 936 5616; x_wconf 76' lang='grc' dir='ltr'>καὶ</span> <span class='ocrx_word' id='word_1_740' title='bbox 965 5564 1144 5617; x_wconf 85' lang='grc' dir='ltr'>κλῖνον</span> <span class='ocrx_word' id='word_1_741' title='bbox 1172 5563 1233 5616; x_wconf 79' lang='grc' dir='ltr'>τὸ</span> <span class='ocrx_word' id='word_1_742' title='bbox 1260 5559 1353 5628; x_wconf 78' lang='grc' dir='ltr'>οὖς</span> <span class='ocrx_word' id='word_1_743' title='bbox 1388 5582 1502 5628; x_wconf 89' lang='grc' dir='ltr'>σου,</span> <span class='ocrx_word' id='word_1_744' title='bbox 1538 5565 1634 5618; x_wconf 75' lang='grc' dir='ltr'>καὶ</span> <span class='ocrx_word' id='word_1_745' title='bbox 1661 5565 1849 5619; x_wconf 79' lang='grc' dir='ltr'>ἐπιλά-</span> 
     </span>
    </p>
   </div>
   <div class='ocr_carea' id='block_1_97' title="bbox 239 5651 1848 5726">
    <p class='ocr_par' dir='ltr' id='par_1_97' title="bbox 239 5651 1848 5726">
     <span class='ocr_line' id='line_1_97' title="bbox 239 5651 1848 5726; baseline 0 -19"><span class='ocrx_word' id='word_1_746' title='bbox 239 5658 341 5711; x_wconf 80' lang='grc' dir='ltr'><strong>θου</strong></span> <span class='ocrx_word' id='word_1_747' title='bbox 371 5656 481 5710; x_wconf 75' lang='grc' dir='ltr'>τοῦ</span> <span class='ocrx_word' id='word_1_748' title='bbox 540 5651 673 5707; x_wconf 78' lang='grc' dir='ltr'>λαοῦ</span> <span class='ocrx_word' id='word_1_749' title='bbox 704 5669 827 5719; x_wconf 86' lang='grc' dir='ltr'>σου,</span> <span class='ocrx_word' id='word_1_750' title='bbox 871 5652 964 5707; x_wconf 76' lang='grc' dir='ltr'>καὶ</span> <span class='ocrx_word' id='word_1_751' title='bbox 1000 5654 1096 5707; x_wconf 78' lang='grc' dir='ltr'>τοῦ</span> <span class='ocrx_word' id='word_1_752' title='bbox 1144 5655 1294 5709; x_wconf 73' lang='grc' dir='ltr'>οἴκου</span> <span class='ocrx_word' id='word_1_753' title='bbox 1329 5654 1425 5708; x_wconf 78' lang='grc' dir='ltr'><strong>τοῦ</strong></span> <span class='ocrx_word' id='word_1_754' title='bbox 1476 5655 1683 5726; x_wconf 82' lang='grc' dir='ltr'>πατρός</span> <span class='ocrx_word' id='word_1_755' title='bbox 1725 5672 1848 5721; x_wconf 92' lang='grc' dir='ltr'>σου,</span> 
     </span>
    </p>
   </div>
   <div class='ocr_carea' id='block_1_98' title="bbox 319 5838 1470 5911">
    <p class='ocr_par' dir='ltr' id='par_1_98' title="bbox 319 5838 1470 5911">
     <span class='ocr_line' id='line_1_98' title="bbox 319 5838 1470 5911; baseline -0.005 -13"><span class='ocrx_word' id='word_1_756' title='bbox 319 5845 372 5877; x_wconf 75' lang='grc'><strong><em>⁸⁹</em></strong></span> <span class='ocrx_word' id='word_1_757' title='bbox 405 5838 602 5898; x_wconf 78' lang='lat' dir='ltr'><strong>Exod.</strong></span> <span class='ocrx_word' id='word_1_758' title='bbox 626 5856 697 5905; x_wconf 81' lang='grc' dir='ltr'><strong>ιν,</strong></span> <span class='ocrx_word' id='word_1_759' title='bbox 718 5840 787 5896; x_wconf 66' lang='grc'><strong>24</strong></span> <span class='ocrx_word' id='word_1_760' title='bbox 810 5856 961 5911; x_wconf 89' lang='lat' dir='ltr'><strong>seqq.</strong></span> <span class='ocrx_word' id='word_1_761' title='bbox 1044 5840 1087 5872; x_wconf 85' lang='grc'><strong>⁸³</strong></span> <span class='ocrx_word' id='word_1_762' title='bbox 1112 5841 1245 5895; x_wconf 77' lang='lat' dir='ltr'><strong>Gen.</strong></span> <span class='ocrx_word' id='word_1_763' title='bbox 1281 5856 1357 5901; x_wconf 82' lang='grc' dir='ltr'>ιιι,</span> <span class='ocrx_word' id='word_1_764' title='bbox 1388 5839 1470 5893; x_wconf 83' lang='grc'><strong>19.</strong></span> 
     </span>
    </p>
   </div>
   <div class='ocr_carea' id='block_1_99' title="bbox 1954 4544 3526 4618">
    <p class='ocr_par' dir='ltr' id='par_1_99' title="bbox 1954 4544 3526 4618">
     <span class='ocr_line' id='line_1_99' title="bbox 1954 4544 3526 4618; baseline 0.003 -19"><span class='ocrx_word' id='word_1_765' title='bbox 1954 4561 2018 4599; x_wconf 91' lang='lat' dir='ltr'><strong>ro</strong></span> <span class='ocrx_word' id='word_1_766' title='bbox 2042 4546 2319 4601; x_wconf 89' lang='lat' dir='ltr'><strong>cohibitus</strong></span> <span class='ocrx_word' id='word_1_767' title='bbox 2363 4556 2449 4601; x_wconf 90' lang='lat' dir='ltr'><strong>est</strong></span> <span class='ocrx_word' id='word_1_768' title='bbox 2505 4546 2727 4601; x_wconf 90' lang='lat' dir='ltr'><strong>divinus</strong></span> <span class='ocrx_word' id='word_1_769' title='bbox 2780 4544 3026 4616; x_wconf 89' lang='lat' dir='ltr'><strong>angelus,</strong></span> <span class='ocrx_word' id='word_1_770' title='bbox 3060 4555 3123 4600; x_wconf 93' lang='lat' dir='ltr'><strong>ut</strong></span> <span class='ocrx_word' id='word_1_771' title='bbox 3149 4545 3380 4618; x_wconf 84' lang='lat' dir='ltr'><strong>Moyses,</strong></span> <span class='ocrx_word' id='word_1_772' title='bbox 3413 4545 3526 4603; x_wconf 83' lang='lat' dir='ltr'><strong>ﬁlio</strong></span> 
     </span>
    </p>
   </div>
   <div class='ocr_carea' id='block_1_100' title="bbox 1950 4632 3525 4699">
    <p class='ocr_par' dir='ltr' id='par_1_100' title="bbox 1950 4632 3525 4699">
     <span class='ocr_line' id='line_1_100' title="bbox 1950 4632 3525 4699; baseline 0.002 -12"><span class='ocrx_word' id='word_1_773' title='bbox 1950 4632 2299 4699; x_wconf 88' lang='lat' dir='ltr'><strong>circumciso,</strong></span> <span class='ocrx_word' id='word_1_774' title='bbox 2355 4634 2735 4691; x_wconf 89' lang='lat' dir='ltr'><strong>imminentem</strong></span> <span class='ocrx_word' id='word_1_775' title='bbox 2782 4634 2887 4689; x_wconf 89' lang='lat' dir='ltr'><strong>sibi</strong></span> <span class='ocrx_word' id='word_1_776' title='bbox 2924 4643 3158 4690; x_wconf 89' lang='lat' dir='ltr'><strong>mortem</strong></span> <span class='ocrx_word' id='word_1_777' title='bbox 3187 4649 3251 4690; x_wconf 89' lang='lat' dir='ltr'><strong>ac</strong></span> <span class='ocrx_word' id='word_1_778' title='bbox 3284 4633 3525 4691; x_wconf 90' lang='lat' dir='ltr'><strong>debitam</strong></span> 
     </span>
    </p>
   </div>
   <div class='ocr_carea' id='block_1_101' title="bbox 1953 4724 2257 4781">
    <p class='ocr_par' dir='ltr' id='par_1_101' title="bbox 1953 4724 2257 4781">
     <span class='ocr_line' id='line_1_101' title="bbox 1953 4724 2257 4781; baseline 0 -2"><span class='ocrx_word' id='word_1_779' title='bbox 1953 4724 2214 4781; x_wconf 88' lang='lat' dir='ltr'><strong>evaderet</strong></span> <span class='ocrx_word' id='word_1_780' title='bbox 2232 4727 2257 4779; x_wconf 86' lang='lat'><strong>?</strong></span> 
     </span>
    </p>
   </div>
   <div class='ocr_carea' id='block_1_102' title="bbox 2028 4838 3527 4910">
    <p class='ocr_par' dir='ltr' id='par_1_102' title="bbox 2028 4838 3527 4910">
     <span class='ocr_line' id='line_1_102' title="bbox 2028 4838 3527 4910; baseline -0.001 -16"><span class='ocrx_word' id='word_1_781' title='bbox 2028 4839 2139 4910; x_wconf 76' lang='lat'><strong>78</strong></span> <span class='ocrx_word' id='word_1_782' title='bbox 2164 4838 2321 4894; x_wconf 83' lang='lat' dir='ltr'><strong>CYR.</strong></span> <span class='ocrx_word' id='word_1_783' title='bbox 2355 4838 2636 4894; x_wconf 86' lang='lat' dir='ltr'><strong>Obscurus</strong></span> <span class='ocrx_word' id='word_1_784' title='bbox 2666 4849 2751 4894; x_wconf 91' lang='lat' dir='ltr'><strong>est</strong></span> <span class='ocrx_word' id='word_1_785' title='bbox 2777 4854 2908 4894; x_wconf 88' lang='lat' dir='ltr'><strong>sane</strong></span> <span class='ocrx_word' id='word_1_786' title='bbox 2936 4839 3113 4903; x_wconf 90' lang='lat' dir='ltr'><strong>locus,</strong></span> <span class='ocrx_word' id='word_1_787' title='bbox 3138 4854 3241 4893; x_wconf 91' lang='lat' dir='ltr'><strong>nec</strong></span> <span class='ocrx_word' id='word_1_788' title='bbox 3264 4838 3422 4895; x_wconf 82' lang='lat' dir='ltr'><strong>facile</strong></span> <span class='ocrx_word' id='word_1_789' title='bbox 3457 4838 3527 4894; x_wconf 90' lang='lat' dir='ltr'><strong>ad</strong></span> 
     </span>
    </p>
   </div>
   <div class='ocr_carea' id='block_1_103' title="bbox 1956 4928 3526 5000">
    <p class='ocr_par' dir='ltr' id='par_1_103' title="bbox 1956 4928 3526 5000">
     <span class='ocr_line' id='line_1_103' title="bbox 1956 4928 3526 5000; baseline 0 -18"><span class='ocrx_word' id='word_1_790' title='bbox 1956 4930 2360 4999; x_wconf 88' lang='lat' dir='ltr'><strong>propositarum</strong></span> <span class='ocrx_word' id='word_1_791' title='bbox 2389 4929 2755 5000; x_wconf 81' lang='lat' dir='ltr'><strong>quaestionum</strong></span> <span class='ocrx_word' id='word_1_792' title='bbox 2802 4929 3220 5000; x_wconf 87' lang='lat' dir='ltr'><strong>intelligentiam</strong></span> <span class='ocrx_word' id='word_1_793' title='bbox 3251 4928 3526 4998; x_wconf 86' lang='lat' dir='ltr'><strong>perveniri</strong></span> 
     </span>
    </p>
   </div>
   <div class='ocr_carea' id='block_1_104' title="bbox 1958 5019 3525 5089">
    <p class='ocr_par' dir='ltr' id='par_1_104' title="bbox 1958 5019 3525 5089">
     <span class='ocr_line' id='line_1_104' title="bbox 1958 5019 3525 5089; baseline 0.001 -17"><span class='ocrx_word' id='word_1_794' title='bbox 1958 5025 2169 5088; x_wconf 88' lang='lat' dir='ltr'><strong>potest:</strong></span> <span class='ocrx_word' id='word_1_795' title='bbox 2200 5028 2404 5085; x_wconf 91' lang='lat' dir='ltr'><strong>tamen,</strong></span> <span class='ocrx_word' id='word_1_796' title='bbox 2426 5019 2548 5075; x_wconf 91' lang='lat' dir='ltr'><strong>.Deo</strong></span> <span class='ocrx_word' id='word_1_797' title='bbox 2570 5020 2762 5084; x_wconf 85' lang='lat' dir='ltr'><strong>fretus,</strong></span> <span class='ocrx_word' id='word_1_798' title='bbox 2797 5020 2973 5075; x_wconf 90' lang='lat' dir='ltr'><strong>dicam</strong></span> <span class='ocrx_word' id='word_1_799' title='bbox 3008 5033 3201 5073; x_wconf 85' lang='lat' dir='ltr'><strong>rursus</strong></span> <span class='ocrx_word' id='word_1_800' title='bbox 3220 5025 3281 5073; x_wconf 90' lang='lat' dir='ltr'><strong>ut</strong></span> <span class='ocrx_word' id='word_1_801' title='bbox 3312 5027 3525 5089; x_wconf 88' lang='lat' dir='ltr'><strong>potero.</strong></span> 
     </span>
    </p>
   </div>
   <div class='ocr_carea' id='block_1_105' title="bbox 1959 5108 3527 5180">
    <p class='ocr_par' dir='ltr' id='par_1_105' title="bbox 1959 5108 3527 5180">
     <span class='ocr_line' id='line_1_105' title="bbox 1959 5108 3527 5180; baseline 0.001 -18"><span class='ocrx_word' id='word_1_802' title='bbox 1959 5108 2260 5180; x_wconf 82' lang='lat' dir='ltr'><strong>Sepphora,</strong></span> <span class='ocrx_word' id='word_1_803' title='bbox 2287 5110 2395 5166; x_wconf 89' lang='lat' dir='ltr'><strong>ﬁlia</strong></span> <span class='ocrx_word' id='word_1_804' title='bbox 2418 5111 2718 5167; x_wconf 90' lang='lat' dir='ltr'><strong>sacerdotis</strong></span> <span class='ocrx_word' id='word_1_805' title='bbox 2758 5111 2970 5165; x_wconf 86' lang='lat' dir='ltr'><strong>Madian</strong></span> <span class='ocrx_word' id='word_1_806' title='bbox 2995 5108 3065 5180; x_wconf 88' lang='lat' dir='ltr'><strong>(is</strong></span> <span class='ocrx_word' id='word_1_807' title='bbox 3104 5118 3287 5163; x_wconf 91' lang='lat' dir='ltr'><strong>autem</strong></span> <span class='ocrx_word' id='word_1_808' title='bbox 3330 5110 3527 5165; x_wconf 84' lang='lat' dir='ltr'><strong>alieni-</strong></span> 
     </span>
    </p>
   </div>
   <div class='ocr_carea' id='block_1_106' title="bbox 1957 5199 3528 5274">
    <p class='ocr_par' dir='ltr' id='par_1_106' title="bbox 1957 5199 3528 5274">
     <span class='ocr_line' id='line_1_106' title="bbox 1957 5199 3528 5274; baseline 0 -19"><span class='ocrx_word' id='word_1_809' title='bbox 1957 5216 2093 5271; x_wconf 88' lang='lat' dir='ltr'><strong>gena</strong></span> <span class='ocrx_word' id='word_1_810' title='bbox 2140 5210 2280 5267; x_wconf 86' lang='lat' dir='ltr'><strong>erat,</strong></span> <span class='ocrx_word' id='word_1_811' title='bbox 2312 5219 2490 5274; x_wconf 89' lang='lat' dir='ltr'><strong>neque</strong></span> <span class='ocrx_word' id='word_1_812' title='bbox 2546 5203 2614 5257; x_wconf 90' lang='lat' dir='ltr'><strong>ad</strong></span> <span class='ocrx_word' id='word_1_813' title='bbox 2671 5201 2888 5256; x_wconf 90' lang='lat' dir='ltr'><strong>lsraelis</strong></span> <span class='ocrx_word' id='word_1_814' title='bbox 2920 5199 3239 5269; x_wconf 86' lang='lat' dir='ltr'><strong>sanguinem</strong></span> <span class='ocrx_word' id='word_1_815' title='bbox 3279 5200 3528 5269; x_wconf 89' lang='lat' dir='ltr'><strong>pertine-</strong></span> 
     </span>
    </p>
   </div>
   <div class='ocr_carea' id='block_1_107' title="bbox 1958 5288 3526 5361">
    <p class='ocr_par' dir='ltr' id='par_1_107' title="bbox 1958 5288 3526 5361">
     <span class='ocr_line' id='line_1_107' title="bbox 1958 5288 3526 5361; baseline 0.001 -18"><span class='ocrx_word' id='word_1_816' title='bbox 1958 5288 2097 5359; x_wconf 90' lang='lat' dir='ltr'><strong>bat),</strong></span> <span class='ocrx_word' id='word_1_817' title='bbox 2124 5289 2352 5360; x_wconf 84' lang='lat' dir='ltr'><strong>ﬁguram</strong></span> <span class='ocrx_word' id='word_1_818' title='bbox 2384 5306 2447 5345; x_wconf 90' lang='lat' dir='ltr'><strong>ac</strong></span> <span class='ocrx_word' id='word_1_819' title='bbox 2471 5305 2759 5361; x_wconf 90' lang='lat' dir='ltr'><strong>personam</strong></span> <span class='ocrx_word' id='word_1_820' title='bbox 2790 5288 3047 5343; x_wconf 70' lang='lat' dir='ltr'><strong>Ecclesiae</strong></span> <span class='ocrx_word' id='word_1_821' title='bbox 3066 5304 3130 5343; x_wconf 84' lang='lat' dir='ltr'><strong>ex</strong></span> <span class='ocrx_word' id='word_1_822' title='bbox 3160 5288 3416 5358; x_wconf 85' lang='lat' dir='ltr'><strong>gentibus</strong></span> <span class='ocrx_word' id='word_1_823' title='bbox 3443 5297 3526 5344; x_wconf 85' lang='lat' dir='ltr'><strong>te-</strong></span> 
     </span>
    </p>
   </div>
   <div class='ocr_carea' id='block_1_108' title="bbox 1956 5377 3529 5449">
    <p class='ocr_par' dir='ltr' id='par_1_108' title="bbox 1956 5377 3529 5449">
     <span class='ocr_line' id='line_1_108' title="bbox 1956 5377 3529 5449; baseline 0 -16"><span class='ocrx_word' id='word_1_824' title='bbox 1956 5388 2069 5443; x_wconf 91' lang='lat' dir='ltr'><strong>net,</strong></span> <span class='ocrx_word' id='word_1_825' title='bbox 2094 5396 2215 5449; x_wconf 70' lang='lat' dir='ltr'><strong>qua:</strong></span> <span class='ocrx_word' id='word_1_826' title='bbox 2241 5380 2308 5435; x_wconf 91' lang='lat' dir='ltr'><strong>ad</strong></span> <span class='ocrx_word' id='word_1_827' title='bbox 2354 5382 2526 5435; x_wconf 92' lang='lat' dir='ltr'><strong>Deum</strong></span> <span class='ocrx_word' id='word_1_828' title='bbox 2553 5398 2620 5435; x_wconf 84' lang='lat' dir='ltr'><strong>ex</strong></span> <span class='ocrx_word' id='word_1_829' title='bbox 2666 5378 2855 5433; x_wconf 91' lang='lat' dir='ltr'><strong>mundi</strong></span> <span class='ocrx_word' id='word_1_830' title='bbox 2914 5378 3078 5449; x_wconf 89' lang='lat' dir='ltr'><strong>hujus</strong></span> <span class='ocrx_word' id='word_1_831' title='bbox 3134 5377 3288 5432; x_wconf 91' lang='lat' dir='ltr'><strong>cultu</strong></span> <span class='ocrx_word' id='word_1_832' title='bbox 3336 5386 3529 5433; x_wconf 80' lang='lat' dir='ltr'><strong>vocata</strong></span> 
     </span>
    </p>
   </div>
   <div class='ocr_carea' id='block_1_109' title="bbox 1957 5469 3525 5543">
    <p class='ocr_par' dir='ltr' id='par_1_109' title="bbox 1957 5469 3525 5543">
     <span class='ocr_line' id='line_1_109' title="bbox 1957 5469 3525 5543; baseline -0.001 -18"><span class='ocrx_word' id='word_1_833' title='bbox 1957 5482 2076 5538; x_wconf 88' lang='lat' dir='ltr'><strong>est;</strong></span> <span class='ocrx_word' id='word_1_834' title='bbox 2106 5473 2312 5527; x_wconf 89' lang='lat' dir='ltr'><strong>dictum</strong></span> <span class='ocrx_word' id='word_1_835' title='bbox 2332 5472 2533 5543; x_wconf 89' lang='lat' dir='ltr'><strong>quippe</strong></span> <span class='ocrx_word' id='word_1_836' title='bbox 2571 5479 2655 5526; x_wconf 91' lang='lat' dir='ltr'><strong>est</strong></span> <span class='ocrx_word' id='word_1_837' title='bbox 2676 5470 2744 5525; x_wconf 91' lang='lat' dir='ltr'><strong>ad</strong></span> <span class='ocrx_word' id='word_1_838' title='bbox 2778 5469 2921 5525; x_wconf 91' lang='lat' dir='ltr'><strong>illam</strong></span> <span class='ocrx_word' id='word_1_839' title='bbox 2950 5485 3049 5541; x_wconf 88' lang='lat' dir='ltr'><strong>per</strong></span> <span class='ocrx_word' id='word_1_840' title='bbox 3077 5484 3269 5525; x_wconf 89' lang='lat' dir='ltr'><strong>vocem</strong></span> <span class='ocrx_word' id='word_1_841' title='bbox 3316 5469 3525 5524; x_wconf 89' lang='lat' dir='ltr'><strong>David:</strong></span> 
     </span>
    </p>
   </div>
   <div class='ocr_carea' id='block_1_110' title="bbox 1966 5561 3529 5631">
    <p class='ocr_par' dir='ltr' id='par_1_110' title="bbox 1966 5561 3529 5631">
     <span class='ocr_line' id='line_1_110' title="bbox 1966 5561 3529 5631; baseline -0.001 -15"><span class='ocrx_word' id='word_1_842' title='bbox 1966 5584 1983 5615; x_wconf 81' lang='grc'><strong>‹</strong></span> <span class='ocrx_word' id='word_1_843' title='bbox 2013 5565 2172 5630; x_wconf 85' lang='lat' dir='ltr'><strong>Audi,</strong></span> <span class='ocrx_word' id='word_1_844' title='bbox 2191 5564 2320 5631; x_wconf 89' lang='lat' dir='ltr'><strong>ﬁlia,</strong></span> <span class='ocrx_word' id='word_1_845' title='bbox 2348 5572 2403 5621; x_wconf 91' lang='lat' dir='ltr'><strong>ct</strong></span> <span class='ocrx_word' id='word_1_846' title='bbox 2423 5564 2568 5628; x_wconf 89' lang='lat' dir='ltr'><strong>vide,</strong></span> <span class='ocrx_word' id='word_1_847' title='bbox 2600 5572 2655 5618; x_wconf 91' lang='lat' dir='ltr'><strong>et</strong></span> <span class='ocrx_word' id='word_1_848' title='bbox 2681 5563 2878 5619; x_wconf 89' lang='lat' dir='ltr'><strong>inclina</strong></span> <span class='ocrx_word' id='word_1_849' title='bbox 2904 5577 3090 5619; x_wconf 89' lang='lat' dir='ltr'><strong>aurem</strong></span> <span class='ocrx_word' id='word_1_850' title='bbox 3118 5571 3364 5627; x_wconf 89' lang='lat' dir='ltr'><strong>tuam,et</strong></span> <span class='ocrx_word' id='word_1_851' title='bbox 3386 5561 3529 5616; x_wconf 89' lang='lat' dir='ltr'><strong>obli-</strong></span> 
     </span>
    </p>
   </div>
   <div class='ocr_carea' id='block_1_111' title="bbox 1957 5653 3528 5733">
    <p class='ocr_par' dir='ltr' id='par_1_111' title="bbox 1957 5653 3528 5733">
     <span class='ocr_line' id='line_1_111' title="bbox 1957 5653 3528 5733; baseline -0.001 -24"><span class='ocrx_word' id='word_1_852' title='bbox 1957 5656 2168 5711; x_wconf 87' lang='lat' dir='ltr'><strong>viscere</strong></span> <span class='ocrx_word' id='word_1_853' title='bbox 2213 5658 2474 5727; x_wconf 88' lang='lat' dir='ltr'><strong>p0pulum</strong></span> <span class='ocrx_word' id='word_1_854' title='bbox 2521 5664 2678 5710; x_wconf 91' lang='lat' dir='ltr'><strong>tuum</strong></span> <span class='ocrx_word' id='word_1_855' title='bbox 2700 5666 2755 5711; x_wconf 91' lang='lat' dir='ltr'><strong>et</strong></span> <span class='ocrx_word' id='word_1_856' title='bbox 2800 5655 3029 5727; x_wconf 10' lang='lat' dir='ltr'><strong>domum,</strong></span> <span class='ocrx_word' id='word_1_857' title='bbox 3050 5654 3220 5724; x_wconf 91' lang='lat' dir='ltr'><strong>patris</strong></span> <span class='ocrx_word' id='word_1_858' title='bbox 3250 5653 3327 5708; x_wconf 90' lang='lat' dir='ltr'><strong>tui</strong></span> <span class='ocrx_word' id='word_1_859' title='bbox 3356 5671 3373 5733; x_wconf 67' lang='grc' dir='ltr'>ξ</span> <span class='ocrx_word' id='word_1_860' title='bbox 3402 5654 3528 5723; x_wconf 85' lang='lat' dir='ltr'><strong>quia</strong></span> 
     </span>
    </p>
   </div>
   <div class='ocr_carea' id='block_1_112' title="bbox 1588 5832 2612 5902">
    <p class='ocr_par' dir='ltr' id='par_1_112' title="bbox 1588 5832 2612 5902">
     <span class='ocr_line' id='line_1_112' title="bbox 1588 5832 2612 5902; baseline -0.006 -10"><span class='ocrx_word' id='word_1_861' title='bbox 1588 5837 1629 5871; x_wconf 56' lang='grc' dir='ltr'><strong>’ν</strong></span> <span class='ocrx_word' id='word_1_862' title='bbox 1660 5836 1817 5892; x_wconf 84' lang='lat' dir='ltr'><strong>Rom.</strong></span> <span class='ocrx_word' id='word_1_863' title='bbox 1867 5852 1919 5902; x_wconf 89' lang='lat' dir='ltr'><strong>v,</strong></span> <span class='ocrx_word' id='word_1_864' title='bbox 1962 5836 2047 5890; x_wconf 75' lang='grc'><strong>14.</strong></span> <span class='ocrx_word' id='word_1_865' title='bbox 2128 5836 2171 5866; x_wconf 81' lang='grc'>⁸⁸</span> <span class='ocrx_word' id='word_1_866' title='bbox 2202 5834 2371 5888; x_wconf 83' lang='lat' dir='ltr'><strong>Exod.</strong></span> <span class='ocrx_word' id='word_1_867' title='bbox 2405 5850 2456 5888; x_wconf 79' lang='lat' dir='ltr'><strong>tv</strong></span> <span class='ocrx_word' id='word_1_868' title='bbox 2525 5832 2612 5886; x_wconf 74' lang='lat'><strong>26.</strong></span> 
     </span>
    </p>
   </div>
  </div>
