4076 6498
589 390 697 447 259

1638 384 1692 436 S.
1733 382 2006 437 CYRllJJ
2040 383 2510 439 ALEXANDRINI
2544 383 2859 439 ARClllEP.

3670 378 3843 434 .260

592 512 912 583 concupivit
952 512 1065 565 Rex
1106 510 1363 563 decorem
1407 514 1561 561 tuum
1596 524 1608 559 :
1646 507 1903 576 quoniam
1942 507 2055 576 ipse
2083 516 2166 560 est

2284 510 2349 561 ἑτι
2374 506 2715 577 ἐπεθύμησεν
2736 508 2762 557 6
2786 504 3042 567 Βασιλεὺς
3068 503 3156 557 τοῦ
3183 504 3409 567 κάλλους
3434 518 3549 566 σου,
3577 501 3661 553 ὅτι
3685 499 3845 564 αὐτός

593 605 863 661 Dominus
894 611 1021 657 tuus
1062 602 1129 654 ⁸⁸,
1152 621 1167 652 ι
1199 602 1400 655 Vocata
1451 599 1617 669 igitur
1649 614 1711 652 ea
1750 604 1853 661 est,
1923 599 2052 651 dum
2084 614 2171 651 se-

594 701 859 762 queretur
886 693 1083 761 legem,
1120 706 1182 743 ac
1213 699 1471 758 tanquam
1508 704 1633 741 cum
1674 688 1853 758 Moyse
1885 688 2173 758 paedagogo

596 781 1174 849 matrimoniojuneta,
1233 780 1327 848 qui
1366 779 1572 848 optime
1604 778 1670 833 ad
1718 780 1923 833 Christi
1971 787 2173 849 myste—

602 873 748 925 rium
782 872 1033 941 perducit
1077 872 1140 922 ⁸⁷.
1187 871 1282 923 Est
1332 871 1483 923 enim
1530 870 1617 923 lex
1654 872 1913 940 magister
1953 870 2172 940 quidam

597 960 1003 1022 elementarius,
1036 959 1130 1028 qui
1159 959 1412 1029 perducit
1445 960 1512 1013 ad
1536 960 1689 1013 initia
1712 975 2023 1014 sermonum
2054 960 2173 1023 Dei,

597 1066 661 1104 ac
686 1066 783 1120 per
819 1051 1108 1121 aenigmata
1154 1060 1211 1104 et
1244 1051 1472 1105 umbras
1503 1051 1837 1121 cognitionis
1884 1052 2022 1120 ejus,
2067 1065 2174 1118 qua

540 1136 541 1139 “
596 1142 805 1198 Christi
840 1144 1164 1214 mysterium
1202 1144 1527 1213 percipitur;
1554 1145 1723 1197 veluti
1755 1143 1962 1197 semina
2022 1159 2174 1212 quae-

599 1236 725 1291 dam
785 1234 842 1288 in
899 1234 1060 1287 nobis
1118 1234 1332 1287 inserit.
1370 1235 1557 1302 Itaque
1603 1234 1825 1296 Judaeis,
1863 1233 1956 1302 qui
1996 1234 2172 1302 ipsum

598 1343 818 1399 quoque
843 1327 1063 1399 Moysen
1097 1326 1526 1380 sacratissimum
1580 1326 1916 1395 abjecerant,
1960 1324 2176 1379 dicebat

598 1420 884 1475 Christus:
929 1438 947 1470 ι
977 1418 1060 1472 An
1116 1418 1341 1487 putatis,
1374 1418 1518 1487 quod
1555 1433 1654 1486 ego
1689 1425 2049 1471 accusaturus
2072 1418 2173 1471 sim

600 1525 700 1564 vos
741 1509 884 1578 apud
910 1508 1176 1562 Patrem?
1220 1515 1304 1562 est
1338 1509 1431 1576 qui
1460 1516 1683 1561 accuset
1720 1522 1836 1569 vos,
1864 1507 2092 1577 Moyses,
2119 1507 2175 1559 in

602 1616 767 1671 quem
792 1616 890 1654 vos
925 1599 1179 1669 speratis.
1213 1597 1268 1651 Si
1304 1599 1450 1652 enim
1499 1598 1799 1653 crederetis
1825 1598 2017 1668 Moysi,
2048 1612 2173 1651 erc-

611 1686 820 1741 deretis
848 1687 1037 1755 utique
1063 1690 1119 1739 et
1143 1685 1300 1749 mihi,
1327 1687 1393 1739 de
1418 1701 1503 1740 me
1528 1687 1673 1740 enim
1699 1688 1789 1740 ille
1817 1687 2120 1756 scripsit".
2148 1706 2165 1738 ι

602 1778 746 1848 Ergo
771 1793 895 1831 cum
924 1778 1207 1847 Sepphora
1239 1777 1496 1830 Ecclesia:
1517 1778 1637 1830 loco
1677 1792 1743 1829 ex
1774 1778 2029 1847 gentibus
2057 1778 2171 1831 col-

2276 601 2421 651 ὲστιν
2453 601 2481 651 6
2511 597 2710 668 Κύριός
2756 614 2869 649 σου.
2910 614 2928 646 ι
2971 595 3247 666 Κέκληται
3274 595 3450 649 τοίνυν
3479 590 3845 647 ἀκολουθοῦσα

2273 689 2351 759 τῷ
2400 688 2566 758 νόμῳ,
2619 688 2711 740 καὶ
2766 685 3045 756 μονονουχὶ
3092 684 3511 755 συνηρμοσμένη
3558 684 3735 752 Μωσῇ
3768 680 3845 749 τῷ

2276 780 2608 848 παιδαγωγῷ
2631 820 2644 843 ,
2677 780 2770 831 καὶ
2802 778 3127 848 ἀποφέροντι
3155 776 3331 838 καλῶς
3362 775 3496 847 πρὸς
3526 775 3585 828 τὸ
3608 773 3847 844 Χριστοῦ

2278 874 2592 942 μυστήριον.
2635 872 2989 940 Στοιχειωτὴς
3032 870 3139 940 γὰρ
3180 872 3208 923 6
3237 870 3428 938 νόμος,
3460 867 3553 920 καὶ
3587 865 3848 934 ἀναφέρει

2284 966 2382 1035 μὲν
2415 967 2494 1028 εἰς
2522 964 2694 1035 ἀρχὰς
2724 965 2830 1015 τῶν
2861 963 3055 1030 λογίων
3086 961 3181 1014 τοῦ
3215 960 3372 1024 Θεοῦ,
3407 955 3768 1031 σπερματίζει
3791 955 3849 1007 δὲ

2276 1057 2465 1125 ὥσπερ
2494 1056 2551 1109 ὲν
2606 1057 2737 1125 ἡμῖν
2772 1054 2837 1106 δι’
2886 1054 3219 1124 αἰνιγμάτων
3256 1053 3348 1104 καὶ
3381 1052 3537 1113 σκιᾶς
3583 1048 3677 1102 τοῦ
3709 1048 3852 1100 κατά

2275 1147 2507 1218 Χριστὸν
2541 1146 2835 1215 μυστηρίου
2870 1145 2968 1216 τὴν
2996 1144 3215 1212 γνῶσιν.
3263 1143 3372 1196 Καὶ
3406 1142 3534 1211 γοῦν
3572 1140 3850 1202 Ἰουδαίοις

2275 1240 2509 1308 ἔφασκεν
2540 1242 2567 1291 6
2609 1239 2859 1309 Χριστὸς,
2900 1239 2990 1292 καὶ
3025 1238 3185 1291 αὑτὸν
3220 1234 3730 1306 ὴθετηκόσιΜωσέα
3759 1232 3851 1284 τδν

2278 1333 2320 1383 ie
2332 1330 2587 1402 ρώτατον·
2601 1351 2618 1381 ι
2643 1332 2712 1383 Ἦ
2730 1330 2933 1383 δοκεῖτε
2950 1331 3031 1382 ὅτι
3047 1328 3155 1396 ἐγὼ
3171 1327 3531 1398 κατηγορήσω
3545 1323 3696 1394 ὑμῶν
3716 1323 3851 1392 πρὸς

2276 1425 2364 1477 τὸν
2396 1423 2653 1493 Πατέρα;
2696 1422 2883 1476 Ἔστιν
2923 1422 2951 1473 6
2982 1421 3300 1492 κατηγορῶν
3332 1418 3482 1488 ὑμῶν
3510 1417 3738 1485 Μωσῆς,
3770 1416 3851 1474 εἰς

2274 1511 2333 1563 ὃν
2369 1512 2525 1581 ὑμεῖς
2569 1511 2856 1579 ὴλπίκατε.
2902 1511 2964 1562 Εἰ
2998 1509 3105 1580 γὰρ
3137 1507 3447 1562 ἐπιστεύετε
3480 1506 3649 1573 Μωσῇ
3677 1543 3693 1565 ,
3729 1504 3851 1555 ἑπι-

2282 1603 2496 1655 στεύετε
2515 1603 2580 1656 ἂν
2606 1603 2727 1671 ὲμοί
2745 1620 2757 1631 ·
2780 1602 2905 1672 περὶ
2926 1601 3032 1671 γὰρ
3053 1600 3186 1671 ἐμοῦ
3215 1601 3421 1672 ἐκεῖνος
3445 1595 3669 1666 ἔγραψε.
3696 1613 3713 1643 ι
3738 1596 3853 1646 Πα-

2280 1693 2627 1764 ραδεχθείσης
2646 1691 2931 1762 τοιγαροῦν
2960 1692 3094 1762 πρὸς
3120 1689 3277 1761 ἡμῶν
3308 1688 3405 1757 τῆς
3432 1685 3734 1755 Σεπφώρςις
3774 1685 3858 1745 εἰς

2280 1784 2570 1853 πρόσωπον
2594 1784 2691 1852 τῆς
2722 1783 2780 1846 ἑξ
2809 1781 2977 1834 ἐθνῶν
3012 1780 3362 1850 Ἐκκλησίας,
3397 1778 3547 1831 ἔσται
3585 1794 3689 1829 που
3718 1776 3855 1828 πάν-

606 1867 764 1923 lectaa
810 1868 1110 1937 accipiatur
1144 1885 1172 1921 a
1208 1867 1384 1929 nobis,
1423 1868 1609 1937 procul
1638 1868 1826 1930 dubio,
1870 1869 1962 1937 qui
1988 1876 2071 1921 est
2105 1884 2173 1921 ex

2284 1894 2379 1939 τως
2413 1876 2473 1927 τὸ
2513 1874 2570 1940 ἐξ
2628 1875 2796 1944 αὐτῆς
2828 1874 3036 1927 παιδίον
3071 1874 3150 1935 είς
3191 1871 3357 1925 τύπον
3388 1868 3482 1922 τοῦ
3517 1867 3636 1921 νέου
3696 1864 3856 1927 λαοῦ,

603 1974 668 2014 ea
718 1959 884 2025 ﬁlius,
935 1960 1257 2014 reccntioris
1284 1958 1469 2028 populi
1517 1959 1744 2029 ﬁguram
1790 1959 2032 2022 tenebit;
2077 1972 2143 2011 co

604 2051 751 2120 quod
775 2050 944 2113 illam,
997 2066 1160 2121 quam
1205 2049 1433 2119 spiritus
1459 2048 1621 2113 efﬁcit
1648 2050 1703 2103 in
1740 2048 1962 2102 Christo
1991 2048 2175 2117 pueri-

607 2143 759 2205 tiam,
790 2149 953 2210 atque
982 2142 1035 2195 in
1061 2143 1232 2196 Deum
1268 2140 1741 2210 regenerationem
1770 2140 2059 2193 credentes
2081 2155 2173 2194 ac-

605 2233 873 2302 ceperint,
898 2247 1036 2302 quos
1071 2232 1237 2285 etiam
1260 2231 1546 2301 pepulum,
1596 2230 1689 2299 qui
1738 2229 2033 2291 creabitur,
2078 2243 2176 2296 ap-

605 2323 771 2391 pellat
815 2321 1051 2389 quodam
1086 2321 1207 2373 loco
1266 2320 1436 2374 David
1480 2322 1544 2373 ‘9.
1590 2321 1641 2374 Is
1689 2318 1853 2388 igitur
1898 2334 2073 2386 nuper
2122 2318 2176 2370 in

604 2406 828 2469 Christo
855 2413 1072 2482 genitus
1108 2426 1265 2479 puer,
1296 2412 1591 2474 recentior,
1622 2412 1865 2479 inquam,
1897 2426 1995 2478 per
2017 2409 2175 2461 [idem

606 2505 863 2575 populus,
890 2519 987 2573 per
1011 2503 1489 2563 circumcisionem
1518 2503 1573 2556 in
1598 2503 1792 2571 spiritu
1823 2510 2057 2555 mortem
2088 2515 2179 2553 co-

606 2596 806 2649 hibet:
856 2602 940 2648 cst
982 2595 1128 2650 enim
1169 2596 1413 2649 calculus
1434 2602 1646 2648 natura:
1667 2594 1812 2647 illius
1856 2591 2179 2646 ﬁrmissima:

609 2694 739 2737 nota
768 2701 781 2748 ;
811 2685 931 2753 ejus
952 2684 1101 2738 enim
1136 2685 1308 2738 robur
1333 2694 1495 2753 atque
1520 2684 1766 2738 soliditas
1798 2700 1896 2753 per
1918 2683 2175 2752 lapidem,

606 2774 777 2844 utqui
799 2775 971 2829 durus
994 2776 1287 2829 admodum
1313 2777 1403 2839 sit,
1429 2776 1785 2845 signiﬁcatur.
1806 2777 1991 2844 Itaque
2016 2776 2179 2829 etiam

603 2863 764 2921 Jesus
790 2865 958 2929 Nave,
1005 2881 1128 2918 cum
1155 2866 1489 2920 lsraelitieas
1513 2867 1703 2935 c0pias
1730 2882 1827 2936 per
1874 2867 2171 2921 Jordanem

609 2956 933 3025 trajecissct,
960 2956 1211 3026 gladiolis
1249 2973 1345 3012 eos
1372 2957 1604 3025 lapideis
1640 2958 2007 3021 circumcidit,
2033 2958 2182 3012 vidc-

606 3043 738 3098 licet
760 3041 907 3097 illam
936 3044 992 3097 in
1016 3044 1236 3098 Christo
1263 3060 1360 3114 per
1416 3044 1669 3113 spiritum
1710 3045 2181 3099 circumcisionem

2276 1969 2374 2038 τὴν
2420 1970 2476 2020 ὲν
2525 1967 2745 2038 Χριστῷ
2795 1966 2883 2019 διὰ
2949 1968 3254 2034 πνεύματος
3301 1962 3596 2034 νηπιότητα
3633 1959 3730 2012 καὶ
3774 1959 3858 2020 εἰς

2276 2060 2406 2111 Θεὸν
2430 2060 2781 2127 ἀναγέννησιν
2810 2056 3116 2127 δεξαμένων
3136 2055 3243 2108 τῶν
3270 2051 3731 2114 πεπιστευκότων,
3759 2048 3859 2110 οὓς

2278 2152 2371 2203 καὶ
2391 2150 2517 2203 λαὸν
2548 2149 2861 2219 κτιςόμενον
2891 2148 2992 2218 ἔφη
3024 2165 3125 2200 που
3170 2146 3351 2201 Δαϐίδ.
3386 2145 3457 2198 Τὸ
3486 2143 3662 2196 τοίνυν
3698 2143 3858 2210 ἀρτι-

2278 2243 2430 2312 γενὲς
2465 2243 2521 2294 ὲν
2546 2240 2766 2313 Χριστῷ
2798 2240 3025 2304 παιδίον,
3057 2239 3198 2292 τοῦτ’
3245 2237 3412 2300 ἔστιν,
3447 2238 3475 2289 ό
3502 2235 3619 2297 νέος
3659 2250 3721 2285 τε
3759 2233 3860 2284 καὶ

2276 2333 2365 2385 διὰ
2404 2332 2639 2393 πίστεως
2670 2329 2794 2393 λαὸς
2829 2328 3126 2400 περιτομῆς
3164 2327 3401 2379 δυσωπεῖ
3428 2323 3672 2377 θάνατον.
3706 2320 3859 2390 Σύμ-

2278 2422 2431 2477 ϐολον
2464 2421 2571 2493 γὰρ
2596 2424 2629 2491 ἡ
2652 2421 2829 2492 ψῆφος
2854 2423 2954 2493 τῆς
2996 2420 3271 2491 ἀῤῥήκτου
3302 2417 3535 2487 φύσεως,
3571 2411 3640 2486 ἧς
3663 2413 3726 2467 τὸ
3765 2414 3864 2465 εὐ-

2281 2514 2466 2577 σθενές
2510 2531 2568 2566 τε
2616 2515 2710 2566 κα)⁸
2761 2514 3060 2584 ἄθραυστον
3107 2512 3182 2574 ὡς
3231 2513 3285 2563 ὲν
3332 2508 3545 2579 σκληρᾷ
3598 2509 3666 2577 τῇ
3722 2503 3864 2575 λίθῳ

2282 2607 2624 2678 σημαίνεται.
2662 2607 2771 2659 Καὶ
2809 2605 2940 2674 γοῦν
2984 2604 3186 2675 Ἰησοῦς
3223 2606 3250 2656 ὁ
3286 2601 3380 2655 τοῦ
3414 2601 3567 2671 Ναυῆ
3602 2597 3862 2653 διαϐισά-

2282 2718 2379 2763 σας
2407 2702 2496 2753 τὸν
2520 2700 2792 2771 Ἰορδάνην
2824 2700 2949 2761 τοὺς
2975 2698 3032 2762 ἐξ
3072 2695 3303 2765 Ἰσραὴλ,
3333 2692 3627 2764 μαχαίραις
3655 2693 3864 2754 αὐτοὺς

2282 2791 2572 2863 περιέτεμε
2616 2790 2916 2860 πετρίναις,
2953 2787 3051 2858 τὴν
3094 2789 3152 2840 έν
3183 2786 3401 2857 Χριστῷ
3427 2783 3514 2838 διὰ
3545 2782 3866 2852 πνεύματος

2283 2880 2583 2952 περιτομὴν
2620 2879 3039 2950 προανατυπῶν.
3074 2877 3254 2947 Πέτρα
3281 2876 3391 2946 γὰρ
3431 2876 3460 2927 ό
3501 2874 3761 2944 Χριστὸς,
3800 2872 3863 2925 ὃν

2282 2973 2356 3035 ὡς
2384 2975 2438 3027 ἐν
2466 2970 2620 3041 τύπῳ
2646 2970 2919 3042 προδηλοῖ,
2945 2969 3192 3038 καθάπερ
3219 2968 3354 3036 έφην
3374 2965 3593 3037 ἀρτίως,
3616 2964 3714 3018 καὶ
3732 2966 3771 3035 ἠ
3804 2965 3869 3016 τὸ

2283 3044 2586 3133 Σεπφῶρας
2622 3062 2829 3114 παιδίον
2860 3059 3227 3132 περιτεμοῦσα
3246 3058 3444 3127 ψῆφος.
3468 3058 3594 3109 Ὅτε
3629 3056 3723 3108 καὶ
3764 3057 3870 3108 ἀπο

612 3134 1001 3204 prmﬁgurabat
1030 3153 1042 3187 :
1073 3144 1225 3203 petra
1257 3136 1402 3189 enim
1432 3135 1703 3201 Christus,
1727 3151 1889 3205 quem
1923 3144 2180 3205 tanquam

2286 3154 2413 3222 ἐδρα
2447 3151 2693 3217 Θάνατος,
2722 3152 2815 3204 καὶ
2848 3151 2947 3219 τῆς
2978 3152 3036 3202 ὲν
3064 3148 3283 3219 Χριστῷ
3309 3146 3609 3217 περιτομῆς
3636 3163 3871 3215 τετιμηο

607 3200 663 3277 in
689 3200 880 3292 ﬁgura,
910 3230 968 3275 ut
1005 3200 1167 3275 modo
1194 3222 1327 3285 dixi,
1378 3223 1468 3276 illc
1513 3200 2180 3292 quoque-calculusprm-
2208 3200 2249 3258 θ

608 3320 785 3377 notat,
812 3326 923 3382 quo
964 3311 1263 3381 Sepphorm
1285 3320 1369 3366 est
1402 3312 1546 3366 ﬁlius
1588 3314 1949 3367 circumcisus
1974 3314 2037 3364 θο.
2065 3311 2181 3377 Quo

612 3412 859 3472 tempore
894 3403 1058 3456 etiam
1084 3417 1231 3457 mors
1268 3404 1499 3473 aufugit,
1535 3414 1697 3472 atque
1722 3420 1750 3457 a
1776 3404 1955 3473 Moyse
1980 3404 2183 3457 disces—

609 3494 679 3547 sit
703 3495 769 3555 is,
800 3494 893 3562 qui
942 3493 1099 3547 illum
1144 3494 1425 3563 quaerebat
1455 3494 1730 3558 occidere,
1776 3494 1924 3563 quod
1956 3494 2105 3548 illius
2128 3494 2180 3546 in

538 3572 541 3573 ⁷
608 3582 833 3637 Christo
872 3583 1320 3638 circumcisionis
1366 3584 1689 3654 mysterium
1730 3584 2070 3650 honorarct;
2129 3585 2180 3637 in

607 3691 719 3745 quo
744 3691 832 3729 res
856 3675 972 3744 ipsa
996 3685 1146 3745 gesta
1172 3675 1402 3745 ﬁgurate
1442 3676 1603 3731 nobis
1645 3677 1989 3731 subclamare
2032 3676 2185 3731 vide-

610 3775 741 3830 tur,-
773 3781 883 3821 non
919 3767 988 3819 ab
1020 3766 1087 3821 iis
1135 3766 1321 3831 modo,
1366 3768 1463 3836 qui
1508 3767 1713 3823 Christi
1765 3769 2211 3825 circumcisione.

608 3859 815 3929 dignati
842 3867 989 3936 sunt,
1012 3859 1303 3913 recessisse
1329 3867 1593 3926 mortem;
1620 3861 1727 3929 79
1748 3862 1842 3916 sed
1868 3862 1998 3930 ipsis
2020 3862 2182 3915 etiam

608 3952 858 4022 patribus
902 3966 1023 4005 eam
1074 3965 1229 4014 rem,
1277 3950 1505 4009 Christi.
1551 3952 1794 4021 inquam,
1841 3953 2179 4022 mysterium,

608 4041 814 4096 auxilio
838 4040 1025 4096 fuisse.
1075 4041 1312 4096 Utenim
1338 4057 1529 4096 omnes
1554 4042 1609 4095 in
1647 4041 1819 4096 Adam
1864 4044 2067 4097 mortui
2088 4059 2181 4097 su-

608 4132 775 4197 mus,‘
798 4132 879 4186 sic
934 4132 989 4186 in
1030 4147 1223 4187 omnes
1247 4147 1468 4202 quoque
1494 4132 1584 4185 illa
1606 4148 1705 4202 per
1734 4132 2013 4188 Christum
2059 4150 2183 4204 gra—

609 4223 687 4278 tia
709 4222 884 4277 fertur
911 4238 972 4277 ac
1000 4223 1269 4277 funditur.
1298 4224 1425 4278 ldeo
1449 4239 1686 4292 namque
1720 4232 1970 4279 mortuus
1992 4234 2096 4289 est,
2128 4233 2185 4278 ut
2216 4276 2219 4279 .

608 4322 666 4369 et
686 4314 922 4367 mortuis
943 4322 999 4367 et
1026 4313 1167 4367 vivis
1191 4300 1592 4367 dominaretur.
1620 4314 1763 4383 Ergo
1790 4315 1885 4369 illo
1908 4314 2028 4385 ipso
2052 4323 2185 4369 tem-

610 4420 762 4475 pore,
792 4406 1106 4476 quojunior
1132 4407 1367 4475 populus
1390 4406 1825 4471 circumciditur,
1848 4408 2011 4462 simul
2044 4425 2182 4478 quo-

2285 3241 2394 3304 κὼς
2420 3240 2480 3294 τὸ
2512 3241 2806 3310 μυστήριον
2835 3238 3238 3307 ἀποπεφοίτηκε
3264 3236 3355 3288 τοῦ
3383 3235 3623 3297 Μωσέως
3653 3237 3681 3287 ὁ
3718 3235 3870 3287 ἀπο.

2283 3335 2489 3386 κτεῖναι
2518 3331 2718 3402 ζητῶν,
2741 3329 3151 3401 αἰνιγματωδῶς
3180 3330 3311 3399 ἡμῖν
3331 3325 3744 3394 ὑποφωνοῦντος
3770 3324 3869 3379 τοῦ

2285 3423 2634 3494 πράγματος,
2685 3421 2760 3484 ὡς
2816 3422 2876 3474 οὑ
2930 3421 3086 3490 μόνον
3129 3420 3236 3471 τῶν
3284 3417 3597 3487 ἠξιωμένων
3650 3417 3755 3487 τῆς
3814 3419 3873 3470 ἐν

2283 3514 2503 3588 Χριστῷ
2540 3513 2843 3585 περιτομῆς
2864 3513 3073 3580 ἀπέστη
3118 3511 3365 3576 θάνατος,
3394 3510 3528 3563 ἀλλὰ
3550 3511 3644 3563 καὶ
3676 3511 3873 3574 αὐτοῖς

2284 3608 2343 3659 τὸ
2368 3607 2575 3677 χρῆμα,
2610 3604 2754 3674 φημὶ
2777 3604 2833 3656 δὲ
2860 3603 2924 3672 δὴ
2946 3603 3009 3655 τὸ
3042 3602 3276 3671 Χριστοῦ
3304 3602 3625 3672 μυστήριον,
3671 3598 3874 3669 $860+,-

2285 3698 2418 3768 θηκε
2441 3698 2554 3759 τοῖς
2588 3694 2876 3763 πατράσιν.
2910 3694 3121 3763 Ὥσπερ
3148 3694 3257 3764 γὰρ
3286 3692 3484 3755 πάντες
3516 3689 3873 3760 ἀπεθάνομεν

2285 3792 2342 3843 ὲν
2380 3788 2571 3856 Ἀδὰμ,
2597 3786 2738 3839 οὕτω
2759 3784 2853 3838 καὶ
2874 3786 2951 3847 εἰς
2973 3784 3181 3847 πάντας
3205 3786 3237 3854 ὴ
3260 3784 3346 3837 διὰ
3367 3780 3604 3853 Χριστοῦ
3634 3781 3874 3850 φέρεται

2286 3882 2465 3951 χάρις.
2513 3879 2770 3932 Ἀπέθανε
2804 3878 2913 3949 γὰρ
2943 3879 3031 3932 διὰ
3069 3877 3244 3939 τοῦτο,
3280 3878 3364 3929 ἵνα
3394 3875 3488 3928 καὶ
3521 3873 3738 3944 νεκρῶν
3777 3874 3873 3928 καὶ

2286 3972 2500 4035 ζώντων
2522 3970 2805 4041 κυριεύσῃ.
2834 3968 3042 4023 Οὐκοῦν
3069 3970 3127 4023 ὲν
3150 3966 3324 4038 καιρῷ
3345 3966 3442 4037 τῆς
3463 3953 3557 4017 τοῦ
3587 3965 3712 4018 νέου
3733 3965 3873 4018 λαοῦ

2287 4062 2587 4134 περιτομῆς
2614 4063 2707 4114 καὶ
2745 4063 2778 4131 ἡ
2808 4061 2914 4114 τῶν
2945 4059 3194 4129 πατέρων
3237 4055 3689 4127 συγκατωρθοῦτο
3728 4058 3871 4127 ζωή.

2286 4153 2427 4208 Ζῶσι
2458 4153 2568 4223 γὰρ
2596 4152 2715 4222 Θεῷ
2739 4192 2752 4215 ,
2806 4152 2991 4222 ζήσειν
3032 4151 3335 4221 μέλλοντεςο
3374 4148 3526 4201 τουτὶ
3572 4148 3686 4217 γὰρ
3713 4150 3875 4218 mva

2286 4244 2379 4298 καὶ
2412 4244 2554 4314 ἱερὸς
2598 4244 2699 4313 ἔφη
2748 4244 2922 4311 λόγος.
2960 4241 3167 4312 Καιρδς
3207 4240 3265 4292 δὲ
3314 4240 3614 4311 περιτομῆς
3662 4239 3770 4309 τῆς
3814 4242 3874 4293 ὲν

2288 4333 2556 4403 πνεύματι
2576 4333 2871 4403 νοουμένης
2894 4335 2927 4401 ἡ
2948 4331 3182 4402 Χριστοῦ
3207 4330 3496 4401 παρουσία,
3520 4330 3596 4392 ὡς
3614 4330 3874 4392 Μωσέως

2291 4425 2387 4495 μὲν
2410 4423 2675 4494 πρεσϐύτε
2686 4441 2795 4495 ρος,
2817 4424 2891 4487 ὼς
2911 4422 3063 4485 Θεὸς,
3086 4422 3333 4493 δεύτερος
3350 4420 3407 4473 δὲ
3421 4422 3515 4474 καὶ
3538 4424 3653 4490 μετ’
3678 4421 3874 4483 αὐτὸν,

611 4511 717 4565 que
730 4497 980 4566 patribus
999 4497 1104 4552 vita
1126 4499 1644 4567 prmstaturNivunt
1663 4500 1809 4555 enim
1832 4501 1943 4555 Deo
1961 4517 2048 4565 eo,
2067 4502 2180 4571 ipso

2288 4516 2421 4569 καθὸ
2455 4518 2696 4585 πέφηνεν
2735 4514 3015 4585 ἄνθρωπος
3046 4515 3122 4575 εἰς
3155 4511 3427 4565 διακονίαν
3458 4509 3554 4582 τὴν
3587 4511 3673 4579 ἐφ’
3709 4512 3873 4581 ἡμῖν.

611 4586 758 4656 quod
783 4588 981 4642 victuri
1011 4597 1137 4642 sunt
1164 4607 1174 4640 :
1211 4589 1265 4643 id
1288 4591 1435 4644 enim
1493 4592 1666 4646 sacris
1690 4592 1868 4646 Libris
1889 4602 1973 4647 est
1994 4593 2183 4662 prodi-

615 4684 731 4731 tum
781 4678 848 4730 ⁶¹.
896 4677 1214 4747 Spiritualis
1267 4696 1435 4749 porro
1477 4682 1917 4737 circumcisionis
1971 4692 2186 4752 tempus

612 4765 819 4822 Christi
844 4767 1114 4824 adventus
1137 4778 1253 4825 est:
1281 4772 1397 4842 qui,
1424 4775 1675 4844 quamvis
1703 4775 1884 4847 Moyse
1934 4776 2005 4830 sit
2047 4777 2186 4831 anti-

612 4861 793 4929 quior,
823 4869 884 4915 ut
911 4862 1085 4927 Deus;
1116 4863 1259 4917 idem
1319 4872 1499 4919 tamen
1552 4867 1828 4935 posterior
1872 4875 1978 4933 est,
2009 4883 2075 4923 ex
2119 4884 2186 4923 eo

612 4950 758 5019 quod
783 4951 947 5006 homo
970 4954 1224 5022 apparuit
1247 4953 1446 5009 missus
1489 4955 1556 5010 ad
1602 4957 1967 5013 ministerium
2001 4968 2184 5015 nostra

613 5059 775 5099 causa
826 5054 1161 5115 susceptum.
1218 5045 1390 5101 Velim
1443 5063 1678 5118 namque
1741 5051 2181 5119 animadvertas,

544 5138 547 5139 ⁷
612 5134 832 5207 Moysen
881 5136 1037 5207 prius
1072 5138 1306 5193 electum
1348 5155 1377 5193 a
1420 5140 1532 5195 Deo
1583 5139 1773 5203 fuisse,
1816 5153 2005 5212 postea
2051 5160 2185 5199 vero

546 5226 547 5229 “
612 5223 797 5279 Aaron
832 5227 1149 5297 adiunctum
1178 5246 1190 5281 :
1241 5230 1297 5281 in
1321 5244 1431 5298 quo
1461 5228 1553 5282 ille
1600 5229 1990 5301 praaﬁguravit,
2022 5232 2183 5289 Chri-

616 5313 685 5369 sti
741 5314 1166 5374 declarationem
1235 5320 1507 5392 legatione
1555 5337 1619 5377 ac
1668 5324 1976 5379 ministerio
2020 5326 2185 5397 Moysi

617 5414 862 5476 tempore
885 5409 1246 5477 posteriorem
1278 5411 1475 5479 fuisse;
1504 5413 1596 5482 qui
1623 5414 1848 5483 aequalis
1869 5422 1987 5469 erat
2017 5417 2185 5489 Moysi

616 5506 841 5568 propter
885 5498 1301 5567 humanitatem,
1356 5504 1449 5559 scd
1475 5504 1621 5573 quod
1656 5512 1771 5559 erat
1811 5504 1922 5560 Deo
1964 5518 2187 5577 parente

548 5586 549 5589 “
616 5592 853 5661 genitus,
902 5593 1084 5648 divina
1134 5599 1521 5669 przestantique
1564 5598 1884 5653 excellentia
1925 5602 2181 5670 pollebat.

688 5707 735 5737 ⁸⁸
763 5707 903 5762 Psal.
942 5724 1081 5773 xuv,
1126 5710 1212 5773 Η,
1250 5710 1334 5764 12.

1453 5712 1495 5743 ⁸⁷
1531 5711 1695 5765 Hebr.
1736 5728 1787 5773 ν,
1821 5714 2047 5781 passim.

621 5776 663 5807 ⁶¹
683 5776 889 5831 οΜίηῑιι.
941 5795 1070 5843 xx",
1111 5780 1197 5832 24.

2295 4608 2573 4677 Ἐπιτήρει
2606 4606 2734 4677 γὰρ.
2769 4606 2851 4658 ὅτι
2892 4601 3297 4675 προεχειρίζετο
3331 4604 3497 4665 Θεδς,
3525 4602 3736 4656 Μωσέα
3773 4602 3877 4672 μὲν

2286 4695 2522 4766 πρῶτον,
2542 4692 2658 4749 εἶτα
2685 4693 2887 4765 συνῆψε
2912 4694 3003 4747 τὸν
3039 4691 3269 4763 Ἀαρὼν,
3302 4692 3404 4762 τῆς
3434 4690 3678 4752 Μωσέως
3732 4693 3881 4744 ἀποο

2287 4787 2479 4857 στολῆς
2509 4804 2568 4841 τε
2586 4788 2678 4839 καὶ
2696 4786 2967 4848 διακονίας
2994 4783 3251 4854 δευτέραν
3278 4786 3336 4837 ὲν
3359 4783 3535 4853 χρόνῳ
3557 4796 3878 4852 προανατυ-

2286 4875 2403 4929 πῶν
2426 4875 2523 4947 τὴν
2552 4875 2817 4939 ἀνάδειξιν
2856 4874 2950 4927 τοῦ
2974 4872 3230 4945 Χριστοῦ,
3261 4873 3319 4936 ὃς
3346 4868 3413 4943 ῆν
3435 4873 3492 4925 ἐν
3522 4870 3731 4941 ἰσότητι
3772 4871 3881 4941 μὲν

2291 4971 2357 5039 τῇ
2390 4968 2524 5039 πρὸς
2564 4968 2764 5021 Μωσέα
2794 4966 2884 5019 διὰ
2928 4966 2989 5018 τὸ
3028 4964 3389 5036 ἀνθρώπινον,
3435 4964 3492 5017 ὲν
3534 4963 3784 5033 ὑπεροχῇ
3818 4962 3878 5016 δὲ

2296 5057 2418 5127 θείᾳ
2448 5057 2542 5110 καὶ
2568 5056 2882 5125 ἀσυγκρίτῳ
2903 5054 2991 5108 διὰ
3013 5054 3072 5107 τὸ
3102 5055 3168 5108 ὲκ
3190 5053 3325 5108 Θεοῦ
3354 5052 3713 5123 γεγεννῆσθαι
3751 5054 3877 5107 Πα-

2294 5151 2443 5218 τρός.
2479 5149 2636 5219 Πάρα
2678 5147 2734 5199 δέ
2772 5164 2854 5200 σοι
2896 5148 2991 5200 καὶ
3022 5146 3181 5200 τοῦτο
3223 5146 3348 5201 ἰδεῖν
3379 5145 3439 5211 ἐξ
3474 5145 3671 5212 αὐτῶν,
3707 5146 3879 5216 εἴπερ

2294 5242 2454 5305 ἕλοιο,
2474 5240 2579 5294 τῶν
2601 5240 2760 5311 ιερῶν
2778 5240 3142 5310 Γραμμάτων.
3170 5257 3186 5288 ι
3210 5239 3498 5305 Ἐποίησαν
3520 5256 3537 5287 ι
3564 5238 3692 5307 γὰρ,
3709 5239 3877 5309 φησὶ,

2302 5355 2320 5385 ί
2350 5335 2552 5404 Μωσῆς
2575 5335 2665 5387 καὶ
2698 5332 2927 5405 Ἀαρὼν,
2951 5332 3199 5402 καθάπερ
3223 5332 3523 5386 ἐνετείλατο
3546 5331 3731 5394 αὐτοῖς
3762 5332 3883 5385 K6-

2303 5440 2435 5493 ριος,
2467 5423 2636 5487 οὕτως
2661 5424 2942 5493 ἐποίησανο
2968 5423 3170 5487 Μωσῆς
3192 5422 3248 5475 δὲ
3266 5418 3333 5494 ἦν
3355 5421 3488 5474 ἑτῶν
3513 5421 3879 5490 ὀγδοήκοντα,

2307 5515 2514 5586 Ἀαρὼν
2529 5515 2585 5567 δὲ
2604 5516 2631 5567 6
2653 5514 2878 5582 ἀδελφὸς
2901 5513 3065 5566 αὑτοῦ
3086 5512 3412 5582 ὀγδοήκοντα
3429 5510 3594 5581 τριῶν
3614 5504 3681 5579 ἦν
3705 5510 3883 5576 ἐτῶν,

2294 5607 2454 5677 ἡνίκα
2482 5607 2749 5677 ἐλάλησαν
2779 5606 2916 5675 πρὸς
2944 5605 3160 5675 Φαραώ.
3196 5623 3213 5655 ι
3251 5603 3491 5665 Ἀκούεις
3520 5603 3667 5665 ὅπως
3699 5602 3881 5670 ἄμφω

2164 5718 2390 5774 "Joan.
2426 5738 2478 5785 ν,
2513 5721 2601 5783 l5,
2634 5720 2721 5775 ὧδε
2801 5719 2847 5751 ⁸³
2880 5719 3022 5773 Psal.
3063 5734 3150 5774 cu.
3232 5720 3275 5751 °°
3322 5718 3487 5774 Iosue
3535 5734 3587 5783 τ,
3632 5732 3874 5787 passam.
