4076 6524
233 376 311 434 261
953 374 1041 430 DE
1080 376 1520 435 ADORATIONE
1558 379 1625 435 IN
1668 379 1938 439 SPIRITU
1979 384 2065 438 ΕΤ
2105 384 2477 442 VERITATE.
2521 386 2646 440 LIB.
2690 386 2755 440 ll.
3369 392 3481 450 265i

232 491 315 561 μὲν
351 488 523 559 ἤστην
566 488 623 543 ἒν
652 487 749 559 ίσῳ
782 488 923 542 κατά
961 508 1023 557 γε
1043 492 1118 553 ,τὸ
1148 492 1304 561 ἥκειν
1329 494 1407 555 είς
1438 493 1778 563 ὀγδοηκοστδε

1898 497 2048 551 Licet
2070 507 2252 553 autem
2273 516 2338 553 ex
2360 499 2493 569 ipsis
2518 516 2737 569 quoque
2764 499 2936 555 sacris
2959 500 3182 555 Litteris
3206 500 3321 557 hmc
3347 519 3479 572 ρετ-ι

226 584 357 647 ἔτος,
388 584 437 635 εί
483 584 579 637 καὶ
622 584 737 653 μετ’
770 585 933 636 αὐτὸν
973 586 1052 647 εἰς
1089 585 1398 651 διακονίαν;
1430 585 1583 639 Οὕτω
1630 587 1722 639 καὶ
1762 590 1778 640 ἑ

1895 590 2129 659 Spiccre,
2158 591 2202 645 si
2263 592 2419 646 velis.
2459 612 2475 642 ι
2510 593 2783 654 Fecerunt
2809 593 2979 657 enim,
3034 593 3233 663 inquit,
3262 594 3485 667 Moysen

224 678 457 746 Χριστός.
497 678 638 739 Ἰσος
672 676 769 746 μὲν
799 676 942 729 κατά
977 695 1029 730 τι
1063 677 1140 747 τῷ
1162 679 1356 749 Μωσῇ,
1378 678 1466 731 διὰ
1489 678 1551 731 τὸ
1574 678 1778 749 ἀνθρώ-

1892 687 1950 733 et
1974 681 2175 743 Aaron,
2212 682 2354 735 sicut
2380 692 2716 751 praeceperat
2764 683 2846 738 eis
2881 684 3164 747 Dominus,
3216 686 3295 739 sic
3323 686 3460 741 fece-

226 785 381 831 πινον,
416 768 513 820 καὶ
549 767 803 838 δεύτερος
834 770 913 830 είς
948 768 1282 838 οἰκονομίαν,
1316 768 1710 840 ὑπερκείμενος
1734 769 1778 822 δὲ

1895 778 2043 824 runt.
2066 771 2277 842 Moyses
2314 781 2498 827 autem
2521 783 2640 827 erat
2670 790 2938 829 annorum
2966 776 3263 845 octoginta,
3289 776 3461 831 Aaron

224 860 301 913 καί
330 859 821 929 ὑπερανεστηκὼς,
873 860 949 924 ὼς
994 862 1052 913 ἐν
1076 860 1301 931 Θεότητί
1340 879 1398 913 τε
1427 860 1520 913 καὶ
1561 861 1689 933 δόξῃ
1723 863 1778 931 τῇ

1894 878 2028 916 vero
2074 863 2243 917 frater
2292 865 2414 933 ejus
2473 866 2749 934 octoginta
2795 867 2961 920 trium
3012 883 3283 923 annorum
3325 876 3469 933 erat,

225 951 345 1005 κατὰ
367 951 465 1022 τὴν
490 952 654 1021 ἁγίαν
681 954 904 1022 Τριάδα.

1896 954 2115 1024 quando
2166 955 2336 1009 locuti
2392 965 2519 1010 sunt
2564 957 2631 1009 ad
2678 958 3014 1013 Pharaonem
3060 960 3123 1011 “.
3155 979 3172 1010 ι
3227 960 3470 1015 Audisne

222 1046 691 1116 quemadmodum,
738 1062 802 1101 ex
854 1063 922 1101 eo
968 1047 1191 1116 quidem
1258 1048 1405 1118 quod
1449 1048 1516 1102 ad
1582 1046 1975 1118 octogesimum
2025 1062 2227 1099 annum
2281 1057 2671 1115 pervenerunt,
2741 1050 2902 1103 ambo
2941 1052 3178 1120 aequales
3241 1051 3466 1120 fuerint,

221 1138 301 1193 sed
324 1138 509 1192 Aaron
537 1154 769 1193 numero
816 1140 1078 1194 trinitatis
1124 1141 1386 1195 excellat?
1439 1156 1569 1211 ergo
1612 1140 1793 1211 Moyse
1837 1139 2135 1207 antiquior,
2206 1139 2309 1192 etsi
2362 1140 2417 1192 in
2451 1140 2763 1195 ministerio
2814 1144 3087 1210 posterior
3142 1144 3326 1199 fuerit.
3378 1144 3469 1200 Sic

217 1240 267 1285 et
287 1230 539 1287 Christus
561 1233 786 1302 aqualis
808 1242 893 1287 est
916 1233 1151 1303 quadam
1185 1250 1252 1287 ex
1297 1241 1451 1303 parte
1482 1233 1645 1304 Moysi
1696 1248 1792 1302 per
1856 1230 2277 1293 humanitatem,
2339 1247 2403 1285 ac
2456 1232 2864 1303 dispensatione
2908 1236 3217 1303 posterior;
3253 1236 3346 1290 sed
3389 1236 3469 1290 ei-

218 1325 324 1382 dem
353 1336 563 1391 tamen,
598 1328 743 1396 quod
774 1328 850 1381 ad'
903 1328 1172 1383 Deitatem
1213 1345 1276 1383 ac
1303 1338 1504 1385 sancta:
1548 1327 1832 1383 Trinitatis
1869 1327 2095 1397 gloriam
2149 1327 2410 1396 pertinet,
2448 1328 2606 1397 longe
2662 1329 3002 1398 prmponitur
3043 1340 3099 1385 et
3139 1332 3464 1385 antefertur.

274 1421 480 1476 IIAAA.
537 1423 624 1487 Ὠς
663 1424 839 1495 σαφής
870 1441 929 1476 τε
960 1424 1052 1476 καὶ
1095 1426 1330 1495 ἐναργὴς
1358 1428 1386 1478 ὁ
1414 1425 1590 1494 λόγος.

272 1518 433 1571 ΚΥΡ.
493 1518 560 1569 Τί
603 1516 693 1583 δέ;
747 1516 866 1588 οὐχὶ
937 1518 1160 1571 κάκεῖνο
1204 1518 1340 1588 πρὸς
1379 1518 1584 1583 τούτοις
1636 1518 1784 1584 ἄξιον

220 1609 337 1662 ἰδεῖν
352 1624 367 1671 ;

272 1700 478 1752 ΠΔΛΛ.
522 1700 598 1751 Τδ
628 1703 780 1754 ποῖον
800 1717 813 1765 ;

266 1791 434 1845 ΚΥΡ.
476 1791 553 1844 Οὐ
590 1792 781 1863 γάρτοι
818 1792 917 1883 τῆς
972 1793 1080 1883 τῷν
1113 1792 1421 1883 Αἰγυπτίων
1451 1793 1783 1883 ἐκδεδραμη-
1813 1830 1856 1883 Β

209 1898 322 1934 κασι
348 1882 458 1952 γῆς
489 1883 537 1935 οἱ
565 1881 623 1945 ἐξ
679 1882 899 1953 ισραήλ.
944 1882 1083 1936 Ἀλλ’
1123 1883 1231 1935 οὐδ’
1262 1882 1328 1937 ἂν
1354 1883 1497 1937 οὕτω
1526 1886 1622 1953 τὴν
1654 1882 1779 1935 δυσ-

209 1973 331 2042 αχθῆ
384 1990 445 2025 τε
517 1974 612 2026 καὶ
658 1974 1141 2044 κατεστυγημένην
1201 1975 1387 2037 αὐτοῖς
1443 1974 1781 2027 ἀπελύσαντο

204 2063 461 2127 δουλείαν,
489 2063 689 2134 μᾶλλον
720 2064 798 2128 δὲ,
834 2064 942 2117 οὐδ’
975 2063 1205 2127 ἂν,ὃλως
1236 2062 1527 2135 διέδρασαν,
1550 2064 1640 2117 τὸν
1668 2066 1779 2128 τοῖς

205 2156 254 2207 ἑν
282 2154 547 2226 Αίγύπτῳ
586 2156 949 2227 πρωτοτόκοις
990 2155 1347 2227 ὲπιῤῥιιρὲντα
1398 2154 1645 2218 θάνατον,
1690 2153 1778 2206 καὶ

202 2248 287 2318 τὴν
314 2248 715 2316 δυσδιάφυκτον
757 2252 913 2319 χεῖρα
936 2247 1027 2300 τοῦ
1058 2245 1397 2318 ὀλοθρευτοῦ,
1431 2248 1479 2297 εί
1509 2247 1583 2317 μὴ
1614 2264 1779 2299 κατα-

204 2338 459 2402 θύσαντες
494 2339 586 2392 «tv
616 2339 785 2409 ἀμνὸν
819 2341 898 2403 είς
932 2339 1102 2392 τύπον
1128 2330 1365 2409 Χριστοῦ
1405 2337 1500 2390 τοῦ
1533 2338 1777 2408 αἴροντος

202 2432 287 2495 τὰς
324 2431 612 2503 ἁμαρτίας
656 2430 751 2484 τοῦ
789 2431 1013 2501 κόσμου.
1048 2431 1306 2503 Ἔχρισαν
1342 2428 1439 2499 μὲν
1476 2426 1554 2499 τῷ
1586 2430 1775 2497 αἵματι

200 2522 285 2584 τὰς
318 2522 509 2592 φλιὰς,
557 2521 697 2575 κατὰ
740 2521 829 2574 τὸν
864 2520 1015 2590 σφίσι
1062 2520 1149 2573 διὰ
1199 2521 1441 2585 Μωσέως
1491 2518 1776 2589 ὁρισθέντα

202 2613 351 2682 νόμον
374 2626 394 2642 ·
424 2611 488 2665 τὸ
519 2612 574 2665 δὲ
602 2610 837 2681 Χριστοῦ
876 2612 1172 2681 μυστήριον
1200 2610 1359 2663 ὅπλον
1385 2609 1571 2683 ὥσπερ
1602 2626 1652 2661 τι
1682 2607 1776 2662 καὶ

199 2703 559 2772 ἀνατείχισμα
587 2701 687 2771 τῆς
738 2701 947 2755 ἑαυτῶν
996 2700 1273 2754 ἐποιοῦντο
1296 2700 1492 2771 ψυχῆς.
1540 2698 1777 2772 Λυ[κ]τι-

195 2795 278 2848 xcv
305 2796 422 2866 γὰρ
457 2795 691 2848 θανάτου
751 2796 1038 2864 φάρμακον
1065 2795 1093 2846 ὁ
1119 2792 1357 2865 Χριστοῦ
1401 2793 1646 2857 θάνατος,
1682 2794 1775 2846 καὶ

194 2888 393 2959 φθορᾶς
431 2889 689 2957 ἀμείνους
722 2890 770 2940 οἱ
800 2887 897 2957 τῆς
931 2887 1198 2958 μυστικῆς
1229 2886 1475 2954 εὐλογίας
1535 2885 1771 2957 μέτοχοι,

191 2980 321 3033 κατά
362 2997 435 3049 γε
467 2980 547 3043 τὸ,
589 2998 605 3029 ι
662 2980 852 3051 Ἀμὴν,
893 2980 1041 3051 ἀμὴν
1088 2979 1231 3046 λέγω
1282 2979 1440 3049 ὑμῖν·
1473 2981 1501 3031 ὁ
1546 2979 1772 3051 τρώγων

194 3088 284 3141 μου
316 3073 423 3144 τὴν
474 3074 676 3142 σάρκα,
718 3074 811 3127 καὶ
846 3074 1014 3127 πίνων
1046 3090 1147 3143 μου
1188 3071 1249 3125 τὸ
1277 3066 1437 3143 αἷμα,
1484 3070 1595 3141 ἔχει
1628 3071 1772 3142 ζωὴν

189 3163 425 3219 αἰώνιον.
468 3184 486 3215 ι
520 3165 956 3235 Κατεδηδοκότες
983 3165 1041 3217 δὲ
1069 3164 1159 3217 τὸν
1188 3163 1380 3233 ἀμνὸν,
1414 3164 1612 3233 ἄρτους
1636 3162 1768 3225 ἀξύ·
1798 3179 1842 3236 C

190 3275 311 3325 μους
338 3257 541 3328 ἢσθιον
570 3259 655 3310 ἐπ’
673 3258 840 3328 αὐτῷ,
871 3258 977 3310 τῶν
1000 3255 1365 3325 εὐαγγελικῶν
1382 3255 1767 3327 παιδευμάτων

185 3350 251 3414 ὡς
267 3352 321 3404 ἐν
346 3351 459 3414 agt
469 3368 555 3421 μῳ
569 3367 629 3402 τε
652 3350 743 3403 καὶ
766 3348 1128 3420 καθαρωτάτη
1150 3350 1321 3421 τροφῇ
1342 3346 1774 3419 παραδηλοῦντος

183 3443 268 3495 τοῦ
298 3445 485 3497 τύπου
542 3442 640 3513 τὴν
678 3442 1023 3512 ἀστειότητα,
1060 3440 1198 3512 πλὴν
1252 3440 1517 3510 ἐσομένην
1554 3439 1654 3493 ούκ
1681 3440 1774 3492 ἁν-

187 3535 389 3606 ιδρωτὶ,
428 3536 524 3589 καὶ
551 3534 777 3605 πικρίας
806 3533 931 3604 δίχα
965 3534 1064 3602 τῆς
1093 3534 1233 3588 κατὰ
1265 3532 1362 3595 τὰς
1393 3532 1617 3601 θλίψεις.
1652 3534 1773 3586 Τοι-

186 3632 369 3703 γάρτοι
414 3630 676 3702 πικρίδας
726 3628 1103 3683 συνεσθίεσθαι
1146 3630 1255 3690 τοίς
1294 3628 1481 3697 ἄρτοις
1520 3629 1633 3690 τοῖς
1672 3627 1771 3681 ούκ

188 3720 586 3794 ἐζυμωμένοις,
611 3721 708 3791 τὴν
724 3721 912 3775 ἄδολον
934 3721 1029 3774 καὶ
1050 3719 1444 3790 καθαρωτάτην
1479 3721 1535 3772 ὲν
1551 3719 1771 3791 Χριστῷ

188 3814 319 3883 ζωὴν
348 3816 411 3869 οὐ
442 3813 574 3884 δίχα
623 3811 848 3883 πικρίας
889 3809 1153 3881 ἐσομένην
1179 3809 1450 3877 ὑποδηλοί
1488 3811 1771 3863 Συνεισκο-

186 3908 396 3975 μισ-τέον
443 3904 739 3975 τοιγαροῦν
777 3904 1087 3972 ἀναγκαίως
1119 3906 1240 3967 ταῖς
1280 3902 1510 3973 ἀζύμοις
1541 3906 1769 3973 τροφαῖς

183 4000 272 4069 τὴν
297 3998 553 4069 πικρίδα.
587 4016 606 4047 ι
629 3997 838 4056 Πάντες
860 3996 970 4066 γὰρ
990 3996 1041 4049 οί
1072 3994 1317 4057 θέλοντες
1345 3994 1443 4064 ζῇν
1472 3997 1530 4047 ὲν
1548 3992 1768 4064 Χριστῷ

181 4089 594 4161 διωχθήσονται,
651 4108 671 4140 ι
719 4089 906 4156 φησίν.
942 4086 1089 4156 Πλὴν
1138 4086 1252 4153 οἵγε
1280 4084 1439 4138 τοῦτο
1473 4084 1763 4148 παθόντες,

184 4182 462 4248 μακάριοι.
510 4181 931 4250 Συμπάσχοντες
979 4178 1088 4249 γὰρ
1132 4177 1225 4231 καὶ
1255 4176 1761 4247 συμὸασιλεύσουσι,

180 4273 314 4326 κατὰ
355 4274 422 4327 τὸ
477 4272 890 4343 γεγραμμένον.
940 4271 1032 4340 Μὴ
1069 4269 1331 4338 ὲξοίχεταί
1378 4288 1469 4323 ποι
1516 4269 1650 4339 πρὸς
1705 4269 1765 4321 τὸ

176 4364 407 4428 ἀκαλλὲς
428 4368 461 4419 ὀ
488 4365 649 4431 λόγος
675 4382 689 4427 ;

244 4605 451 4659 ΠᾹΛΛ.
500 4604 787 4676 Οὐδαμῶς.

1961 1421 2163 1475 PALL.
2192 1421 2395 1491 Aperta
2424 1438 2552 1477 sane
2584 1439 2648 1476 ac
2684 1425 2974 1493 perspicua
3010 1426 3299 1495 expositio.

1957 1513 2112 1568 CYR.
2144 1513 2329 1580 Quid?
2388 1530 2570 1568 nonne
2619 1515 2750 1568 illud
2801 1525 3067 1585 praeterea
3112 1518 3335 1588 dignum
3381 1526 3468 1573 cst

1885 1606 2031 1678 quo.d
2057 1607 2523 1659 animadvertatur
2547 1606 2570 1658 ?

1956 1694 2151 1747 PALL.
2188 1693 2459 1759 Quidnam
2489 1693 2631 1747 istud
2668 1694 2795 1747 est?

1953 1784 2111 1840 CYR.
2144 1786 2265 1839 Non
2289 1787 2435 1839 enim
2462 1794 2588 1840 ante
2616 1803 2681 1839 ex
2733 1786 3110 1858 {Egyptiorum
3164 1788 3328 1842 terris
3366 1804 3465 1842 ex.

1884 1876 2177 1931 cessissent
2230 1878 2509 1940 lsraelitae,
2560 1894 2738 1948 neque
2786 1879 3110 1934 servitutem
3158 1895 3189 1933 a
3240 1895 3299 1934 se
3326 1881 3468 1934 adeo

1883 1970 2170 2023 molestam
2199 1980 2364 2039 atque
2413 1970 2661 2025 odiosam
2713 1973 3106 2037 excussissem,
3160 1972 3463 2042 quinetiam

1882 2062 2087 2116 illatam
2137 2061 2530 2138 {Egyptiorum'
2564 2064 2943 2133 primogenitis
2996 2074 3249 2129 mortem,
3296 2074 3463 2135 atque

1882 2151 2257 2208 inevitabilem
2322 2154 2469 2207 illam
2518 2155 2967 2209 exterminatoris
3040 2171 3264 2209 manum
3312 2156 3463 2210 haud

1881 2242 2220 2313 effugissent,
2250 2244 2353 2297 nisi
2383 2246 2536 2314 prius
2572 2261 2772 2315 agnum
2820 2245 3196 2301 immolassent
3220 2246 3276 2299 in
3298 2245 3462 2300 Chriv

1882 2335 1949 2387 sti
1974 2334 2223 2404 figuram,
2244 2335 2337 2404 qui
2366 2337 2505 2390 tollit
2530 2344 2753 2406 peccata
2786 2337 2998 2392 mundi.
3024 2338 3309 2393 Unxerant
3330 2353 3463 2407 ergo

1882 2423 1956 2477 illi
1982 2423 2203 2493 quidem
2230 2435 2417 2494 postes
2443 2427 2729 2496 sanguine,
2759 2436 2817 2481 ut
2839 2428 2927 2481 lex
2973 2442 3002 2480 a
3050 2426 3231 2497 Moyse
3253 2427 3462 2481 sancita

1877 2512 2134 2584 iubebat,
2168 2514 2263 2568 sed
2286 2514 2491 2569 Christi
2520 2517 2784 2587 mysterio
2810 2532 2941 2571 suos
2964 2508 3176 2571 animos
3202 2526 3462 2586 tanquam

1879 2612 2035 2658 scuto
2054 2605 2291 2673 quodam
2324 2615 2488 2677 atque
2522 2608 2665 2661 vallo
2709 2610 3043 2663 munierant.
3093 2609 3206 2679 80
3251 2608 3459 2664 Christi

1877 2711 2113 2766 namque
2130 2712 2277 2751 mors
2300 2699 2572 2753 medicina
2616 2709 2699 2753 est
2744 2700 2812 2753 ad
2855 2709 3090 2755 mortem
3137 2698 3459 2756 solvendam

1876 2791 2085 2854 valens,
2128 2800 2183 2845 et
2234 2794 2325 2861 qui
2379 2793 2622 2862 mystica:
2688 2792 3098 2847 benedictionis
3156 2794 3460 2863 participes

1877 2879 2035 2944 ﬁunt,
2065 2880 2101 2934 ii
2127 2891 2253 2935 sunt
2281 2883 2474 2936 mortis
2496 2891 2661 2952 atque
2693 2883 2952 2937 interitus
2975 2884 3238 2947 victores,
3277 2892 3338 2937 ut
3362 2884 3454 2937 illa

1876 2972 2040 3027 verba
2082 2981 2354 3027 testantur
2399 2992 2409 3025 ;
2466 2993 2482 3023 ι
2516 2973 2709 3037 Amen,
2766 2990 2925 3029 amen
2966 2975 3091 3029 dico
3143 2975 3322 3039 vobis,
3363 2975 3457 3044 qui

1876 3063 2169 3117 mandueat
2197 3080 2375 3117 meam
2400 3080 2621 3118 carnem
2647 3075 2703 3118 et
2728 3064 2870 3118 bibit
2895 3081 3078 3119 meum
3106 3065 3453 3135 sanguinem,

1875 3152 2040 3206 habet
2086 3152 2256 3207 vitam
2294 3162 2553 3208 :etcrnam
2599 3153 2663 3206 “.
2706 3174 2724 3203 »
2762 3154 3004 3208 Edentcs
3046 3170 3180 3208 vero
3232 3169 3455 3225 agnum,

1873 3258 2042 3311 panes
2068 3259 2305 3314 azymos,
2331 3243 2400 3297 ad
2419 3259 2544 3298 eum
2569 3244 2751 3297 cibum
2778 3243 3073 3298 adhibebat
3100 3263 3111 3297 :
3140 3260 3261 3314 quae
3285 3244 3458 3315 ﬁgura

1877 3346 1975 3399 per
2010 3348 2259 3404 azymum
2286 3350 2592 3405 purumque
2617 3335 2799 3389 cibum
2827 3335 3264 3405 evangelicarum
3288 3335 3457 3390 disci-

1872 3423 2147 3491 plinarum
2171 3426 2501 3496 elegantiam
2551 3428 2936 3497 significabat;
2988 3427 3083 3482 sed
3136 3428 3211 3483 ita
3244 3438 3452 3493 tamen,

1874 3520 1933 3566 nt
1952 3528 2071 3567 eam
2098 3531 2207 3569 non
2232 3515 2437 3586 absque
2456 3516 2654 3570 sudore
2682 3525 2843 3586 atque
2862 3533 3242 3586 pressurarum
3255 3519 3458 3572 amari-

1874 3605 2063 3660 tudine
2086 3606 2325 3661 futuram
2345 3624 2463 3663 esse
2480 3608 2853 3679 prteﬁguraret
2870 3628 2881 3661 :
2900 3625 3023 3663 nam
3046 3610 3250 3665 amaris
3264 3609 3455 3666 herbis

1870 3697 2031 3752 simul
2061 3715 2188 3753 cum
2242 3699 2649 3755 infermentatis
2679 3700 2915 3770 panibus
2945 3700 3092 3756 vesci
3142 3701 3248 3758 hoc
3277 3702 3455 3757 laten-

1874 3796 1959 3842 ter
1984 3789 2278 3859 significat,
2333 3792 2483 3846 illam
2534 3793 2965 3848 sincerissimam
2993 3804 3156 3865 atque
3180 3796 3455 3867 purgatis-

1869 3879 2064 3934 simam
2117 3880 2173 3934 in
2233 3880 2456 3937 Christo
2494 3883 2663 3938 vitam
2692 3900 2799 3939 non
2827 3902 2988 3955 posse
3037 3887 3155 3941 sine
3186 3888 3450 3942 amaritu-

1868 3969 1995 4025 dine
2028 3969 2179 4025 duci.
2206 3972 2349 4044 Ergo
2373 3974 2440 4028 ad
2466 3990 2685 4046 azymos
2704 3976 2858 4031 cibos
2899 3978 3209 4033 amaritudo
3232 3995 3450 4051 quoque

1866 4072 1950 4116 est
1974 4065 2288 4119 necessario
2312 4065 2659 4137 adjungenda
2689 4086 2701 4119 :
2753 4088 2769 4117 ε
2797 4067 2999 4124 Omnes
3036 4069 3182 4124 enim
3222 4071 3314 4141 qui
3349 4086 3448 4125 vo-

1867 4153 1988 4206 lunt
2014 4154 2102 4223 pie
2138 4155 2323 4209 vivere
2372 4157 2426 4209 in
2461 4156 2704 4222 Christo,
2746 4161 3184 4227 persecutionem
3234 4161 3449 4231 patien-

1865 4253 1955 4297 tur
1977 4245 2041 4309 ⁸³,
2080 4267 2095 4295 ι
2134 4245 2330 4315 inquit.
2362 4246 2467 4301 Sed
2495 4257 2698 4312 tamen,
2750 4250 3069 4320 quicunque
3119 4251 3172 4304 id
3201 4251 3447 4321 perpessi

1866 4334 2092 4398 fuerint,
2130 4336 2276 4391 beati
2317 4346 2487 4391 sunt:
2536 4354 2661 4391 nam
2708 4339 2871 4393 simul
2926 4340 3202 4410 patiendo,
3247 4357 3446 4397 conse-

1865 4436 2106 4497 quentur
2123 4428 2291 4482 etiam
2318 4438 2379 4483 ut
2407 4430 2569 4484 simul
2598 4440 2851 4501 regnent,
2881 4443 2944 4486 ut
2965 4433 3232 4502 scriptum
3263 4441 3348 4487 est
3372 4434 3439 4489 ⁸⁸.

1865 4518 2003 4573 Num
2030 4521 2197 4590 igitur
2220 4522 2396 4575 oratio
2422 4537 2451 4575 a
2478 4521 2681 4578 decoro
2704 4522 2955 4582 deviasse
2984 4525 3082 4581 tibi
3110 4526 3375 4582 videtur?

1941 4611 2137 4667 PALL.
2175 4613 2397 4669 Minime
2421 4631 2571 4671 vero.

238 4761 283 4790 “
318 4760 498 4814 Exod.
542 4777 636 4823 vn,
677 4760 728 4824 6,
758 4761 809 4813 7.
890 4760 934 4790 ⁸³
961 4759 1117 4815 Joan.
1152 4775 1224 4825 vt,
1259 4760 1344 4815 55.
1428 4760 1472 4792 “
1500 4761 1562 4816 ll.
1611 4762 1751 4817 Tim.

1896 4764 1981 4819 12.
2061 4768 2105 4802 ⁸³
2143 4767 2297 4821 Rom.
2337 4786 2448 4835 vm,
2484 4771 2567 4828 18.
