4076 6552
683 415 798 475 9.63

1679 407 1736 461 ε.
1778 404 2055 461 GYRlLLl
2096 372 2567 462 Aisxaunnm
2606 404 2921 461 ARCHIEP.
3811 399 3905 458 ac:

709 562 3863 592 ww“

1266 777 1659 904 ΠΕΡΙ
1758 774 2097 900 ΤΗΣ
2180 772 2385 897 ΕΝ
2481 764 3355 901 ΠΝΕΥΜΑΤΙ

1931 1010 2126 1096 ΚΑΙ
2196 1002 2686 1095 ᾹΛΗΘΕΙΑ

1091 1230 2308 1351 ΠΡΟΣΚΥΝΗΣΕΩΣ
2417 1229 2695 1343 ΚΑΙ
2804 1223 3538 1344 ΛΑΤΡΕΙΑΣ

1807 1469 2244 1559 ΛΟΓΟΣ
2334 1471 2837 1557 ΤΡΙΤΟΣ.

848 1844 1024 1957 DE
1109 1840 2031 1957 ADORATIONE
2116 1838 2297 1949 ET
2388 1833 2867 1949 CULTU
2964 1832 3105 1945 IN
3197 1830 3766 1945 SPlRlTU

1853 2101 2017 2204 ET
2108 2096 2761 2205 VERITATE

1802 2347 2164 2425 LIBER
2255 2339 2835 2422 TERTIUS.

676 2678 802 2759 δι’
834 2678 1080 2759 Martem,
1123 2694 1241 2759 qua:
1282 2693 1346 2733 ea:
1388 2687 1600 2759 peccato
1647 2686 2041 2759 consecutam,
2092 2687 2250 2759 atque

2355 2677 2477 2730 Ὅτι
2498 2675 2815 2759 άμτὶκςινρν
2851 2671 3296 2759 atumem
3321 2668 3717 2759 eaeeae
3746 2665 3920 2759 ςειιῖφς

746 2749 944 2804 diaboli
971 2749 1326 2821 tyrannidem,
1360 2749 1548 2804 evitari
1576 2749 1918 2821 nuqllofmodo
1962 2764 2111 2821 posse
2146 2749 2248 2821 nisi

747 2835 841 2889 per
866 2818 1337 2887 sanctiﬁcationem
1364 2835 1490 2889 qur:
1526 2834 1605 2889 ex,
1629 2819 1834 2889 Christo
1878 2818 1993 2883 est;
2050 2818 2248 2887 iustiﬁ-

744 2887 1106 2959 cationemque
1140 2904 1244 2942 non
1273 2890 1327 2943 in
1355 2887 1488 2959 lege,
1516 2888 1607 2942 sed
1634 2890 1690 2942 in
1717 2887 1925 2943 Christo
1946 2904 2077 2942 esse.

746 2999 865 3055 1am
886 3013 1019 3053 vero
1039 3013 1163 3052 cum
1187 2997 1454 3068 ejusmodi
1483 2990 1813 3051 sacriﬁcium
1836 2995 2094 3050 Israelita:
2122 3009 2250 3064 per-

675 3090 1194 3158 iecissent.cumque
1210 3095 1473 3157 praeterea
1492 3087 1852 3158 primogenita
1872 3084 2249 3157 Egyptiorum

673 3181 989 3252 periissem,
1024 3179 1437 3249 depulissetque
1484 3186 1745 3249 tanquam
1793 3177 1849 3232 in
1896 3176 2067 3247 ﬁgura
2093 3175 2253 3230 Chri-

673 3282 842 3327 stusa
878 3270 1236 3325 sanctiﬁcatis
1280 3268 1792 3334 exterminatorem,
1842 3276 1959 3323 tum
2008 3269 2251 3337 denique

672 3367 765 3421 vix
813 3365 1163 3420 dominorum
1225 3364 1387 3419 terris
1431 3371 1826 3429 excesserunt;
1880 3375 2113 3431 cumque
2182 3359 2251 3414 ad

673 3456 995 3527 promissam
1026 3456 1131 3510 sibi
1157 3455 1433 3525 regionem
1469 3461 1849 3525 properarent,
1875 3453 1943 3508 ad
1989 3468 2108 3508 eam
2140 3467 2251 3506 non

675 3554 826 3599 recto
848 3560 1038 3607 cursu,
1074 3545 1170 3598 sed
1193 3543 1427 3598 ﬂexibus
1451 3544 1507 3597 in
1539 3552 1829 3613 utramque
1852 3543 1962 3614 82
1985 3550 2194 3613 partem
2220 3556 2251 3595 a

674 3645 826 3692 recto
859 3637 1056 3692 itinere
1081 3636 1316 3691 diversis
1338 3636 1592 3706 perducti
1621 3645 1768 3690 sunt.
1815 3635 1908 3691 Sic
1931 3635 2075 3690 enim
2110 3634 2250 3688 scri—

674 3738 831 3800 ptum
854 3737 939 3783 est
961 3742 1214 3781 rursum:
1250 3746 1267 3777 ι
1290 3726 1505 3782 Utvero
1531 3727 1715 3782 emisit
1736 3726 1946 3781 Pharao
1967 3725 2250 3797 populum,

675 3833 785 3872 non
810 3816 1037 3872 deduxit
1068 3830 1165 3871 eos
1190 3815 1333 3870 Deus
1354 3829 1453 3884 per
1475 3814 1619 3869 viam
1649 3814 2076 3876 Philistaeorum,
2123 3813 2253 3883 quia

677 3924 847 3982 prope
874 3915 1011 3964 erat.
1027 3906 1338 3962 Dixitenim
1360 3907 1508 3962 Deus
1547 3923 1559 3960 τ
1590 3904 1669 3960 Ne
1694 3905 1837 3960 forte
1863 3905 2126 3974 poeniteat
2148 3920 2250 3976 po-

2423 2736 2552 2810 tor:
2583 2736 2681 2799 κᾶὶ
2713 2745 2827 2814 τὴν
2870 2736 2978 2814 ’τρῦ
3015 2736 3299 2797 διαὸὅλου
3337 2736 3716 2814 alacri-8:54:13
3747 2740 3804 2814 εἰ
3837 2736 3918 2814 μὴ

2419 2815 2493 2869 δι’
2516 2807 2812 2884 ἁγιασμοῦ
2830 2812 2938 2868 τοῦ
2964 2814 3114 2884 κατὰ
3143 2812 3401 2884 Χρισζόν
3417 2825 3432 2839 ο
3459 2810 3557 2884 καὶ
3597 2807 3687 2861 ὅτι
3717 2809 3833 2861 οὐκ
3858 2808 3923 2861 ἐι·

2419 2832 2491 2869 σι·
2516 2832 2812 2937 αγιασέιου
2830 2832 2938 2868 του
2964 2832 3114 2867 κατα
3143 2832 3401 2879 Αριστον
3417 2832 3432 2839 -
3459 2832 3555 2887 και

2418 2886 2580 2955 νόμῳ
2617 2886 2655 2953 ἡ
2727 2884 3014 2948 ικαίωσις,
3041 2882 3177 2937 ἀλλ’
3211 2880 3281 2933 ἐν
3306 2881 3555 2947 Χριστῳ.

2420 2994 2627 3048 Οὐκοῦν
2673 2993 2969 3064 ἐπειδήπερ
3012 2994 3110 3062 τῆς
3159 2990 3348 3054 θυσίας
3377 2990 3406 3043 ὁ
3459 2986 3658 3061 τρόπος
3717 2989 3832 3051 τοῖς
3868 2986 3924 3053 ἐξ

2370 3086 2583 3158 Ἰσραὴλ
2611 3081 2669 3140 εὖ
2701 3085 2847 3157 μάλα
2871 3085 3258 3157 διεπεραίνετο,
3292 3082 3475 3137 καὶτὰ
3504 3081 3604 3151 μὲν
3627 3081 3734 3139 τῶν
3757 3083 3922 3151 Alya-

2352 3178 2523 3231 πτίων
2552 3177 2870 3248 πρωτότοκα
2914 3175 3153 3229 διολώλει
3203 3176 3408 3241 λοιπὸν,
3441 3176 3699 3231 ἀπεσόϐει
3733 3174 3794 3227 δὲ
3822 3174 3924 3226 τῶν

2351 3269 2696 3341 ὴγιασμένων
2736 3269 2813 3333 ὡς
2848 3270 2908 3322 ὲν
2957 3269 3114 3341 τύπῳ
3168 3263 3403 3340 Χριστὸς
3442 3268 3533 3322 τὸν
3580 3265 3923 3336 ὀλοθρευτὴν,

2349 3361 2471 3415 τότε
2503 3360 2568 3427 δὴ
2619 3359 2772 3430 μόλις
2802 3358 2905 3429 τῆς
2950 3358 3058 3412 τῶν
3100 3358 3449 3430 κρατούντων
3487 3357 3767 3419 ἐκθέοντες
3801 3354 3925 3423 γῆς,

2353 3452 2615 3525 καὶπρὸς
2656 3451 2755 3523 τὴν
2800 3450 3218 3523 ἐπηγγελμένην
3258 3451 3441 3514 αὐτοῖς
3487 3447 3783 3519 ἀφικέσθαι
3818 3448 3929 3501 δια-

2357 3544 2693 3609 σπεύδοντες,
2724 3545 2823 3598 οὐκ
2850 3543 3267 3615 εὐθυδρομοῦσιν
3302 3544 3382 3606 είς
3427 3541 3618 3614 αὐτὴν,
3647 3556 3928 3611 περιαγωο

2359 3640 2485 3707 γαῖς
2507 3638 2565 3692 δὲ
2592 3637 2784 3707 ὥσπερ
2808 3637 2928 3699 ταῖς
2956 3636 3049 3688 ἐπὶ
3098 3629 3301 3706 θάτερα
3327 3634 3425 3705 τῆς
3477 3632 3689 3696 εὐθείας
3723 3634 3930 3685 ἀπεκο-

2356 3730 2589 3802 μίζοντο.
2623 3728 2827 3798 Γράφει
2868 3727 2964 3798 μὲν
2986 3727 3096 3798 γὰρ
3124 3719 3227 3780 ὦδε
3259 3724 3457 3779 πάλιν·
3496 3743 3515 3776 ι
3557 3724 3645 3787 Ὠς
3674 3723 3735 3777 δὲ
3763 3722 3929 3789 tam.

2352 3821 2557 3875 έστειλε
2583 3816 2782 3891 Φαραὼ
2802 3819 2893 3872 τὸν
2907 3818 3058 3884 λαὸν,
3084 3818 3185 3888 οὐχ
3209 3816 3491 3886 ὡδήγησεν
3514 3814 3714 3876 αὐτοὺς
3741 3815 3773 3866 ὁ
3797 3812 3933 3875 Θεδς

2352 3913 2471 3968 ὁδὸν
2498 3914 2603 3983 γῆς
2623 3912 2949 3981 Φιλιστιεὶμ,
2977 3913 3060 3965 ἕντι
3091 3910 3258 3979 ἐγγὺς
3280 3906 3366 3980 ἢν.
3391 3904 3527 3961 Eius
3553 3906 3664 3977 γὰρ
3698 3908 3729 3959 ὁ
3756 3904 3890 3966 Θεός
3912 3918 3926 3931 ’

677 4002 888 4072 pulum,
943 4001 990 4055 si
1041 3999 1241 4054 viderit
1266 3998 1495 4063 bellum,
1550 4005 1607 4052 et
1632 4005 1943 4053 revertatur
1987 3996 2042 4051 in
2085 3994 2250 4068 Egy-

2354 4005 2578 4075 Μήποτε
2638 4004 2989 4076 μεταμελήσῃ
3036 4001 3113 4073 τῷ
3149 4000 3266 4071 λαῷ
3311 3999 3471 4053 ίδόντι
3520 3998 3781 4068 πόλεμον,
3835 3995 3932 4048 καὶ

678 4102 852 4164 ptum.
876 4093 947 4147 Et
974 4090 1341 4147 circumduxit
1361 4091 1507 4145 Deus
1522 4090 1784 4161 populum
1809 4105 1968 4143 suum
1991 4105 2088 4159 per
2106 4089 2249 4143 viam

678 4199 799 4253 quae
832 4182 985 4236 ducit
1015 4181 1070 4235 in
1098 4181 1379 4237 desertum
1400 4180 1467 4235 ad
1493 4196 1644 4235 mare
1679 4181 1928 4235 Rubrum
1954 4179 2017 4233 “.
2053 4198 2069 4230 ι

748 4275 948 4332 PALL.
979 4274 1121 4341 Quid
1167 4275 1389 4330 tandem
1447 4274 1504 4329 in
1543 4289 1609 4329 ea
1640 4289 1859 4345 quoque
1907 4289 1964 4327 re
2007 4272 2252 4344 mysterii

678 4365 850 4422 latet?

750 4456 907 4512 CYR.
934 4455 1343 4525 Exquirendum
1392 4456 1446 4510 id
1477 4463 1584 4520 est,
1640 4456 1687 4510 si
1724 4457 1796 4511 ita
1842 4454 2080 4510 videtur.
2131 4454 2253 4509 Scis

679 4545 850 4609 enim,
887 4560 1013 4598 cum
1040 4546 1148 4599 illis
1172 4546 1226 4599 in
1264 4556 1521 4615 promptu
1547 4556 1693 4602 esset
1717 4547 1802 4600 via
1832 4562 1931 4616 per
1975 4561 2137 4616 quam
2168 4561 2254 4600 re-

680 4643 773 4691 cta
799 4636 857 4689 in
907 4636 1089 4689 locum
1135 4637 1471 4701 tenderetur,
1534 4652 1598 4692 ac
1644 4639 1837 4692 liceret
1861 4638 2014 4692 brevi
2055 4637 2252 4691 itinere

683 4728 797 4781 cito
827 4726 1119 4796 pervenire
1159 4725 1349 4796 (prope
1374 4728 1523 4782 enim
1544 4737 1662 4783 erat
1691 4735 1839 4782 terra
1863 4728 2052 4799 procul
2084 4726 2253 4782 dubio

685 4813 1121 4885 promissionis),
1146 4830 1245 4885 per
1282 4816 1508 4870 alteram
1557 4832 1653 4871 eos
1699 4817 1921 4873 duxisse
1943 4818 2107 4881 viam,
2132 4832 2254 4887 quae

684 4905 849 4975 longo
880 4904 1120 4959 circuitu
1169 4904 1562 4973 conﬁceretur;
1614 4908 1761 4977 quod
1806 4907 1899 4963 ille
1930 4916 2253 4963 cunctorum

683 4994 884 5065 Opifex
917 4995 1138 5050 illorum
1167 4996 1411 5050 animum
1434 4997 1501 5051 ad
1546 4997 1964 5054 desciscendum
2016 4998 2251 5064 facilem,

682 5096 743 5141 et
763 5088 832 5143 ad
860 5097 1068 5143 metum
1095 5088 1329 5143 nimium
1359 5088 1655 5159 proclivem
1683 5091 1843 5161 longe
1888 5099 2014 5146 ante
2064 5092 2251 5162 provi-

685 5179 879 5235 disset.

755 5267 951 5322 PALL.
981 5268 1141 5323 Nulla
1164 5269 1333 5340 magis
1354 5269 1642 5340 perspicua
1673 5280 1757 5325 est
1789 5272 1985 5325 oratio.

2353 4096 2674 4169 ἀποστρέψῃ
2698 4098 2777 4160 είς
2801 4096 3094 4163 Αἴγυπτον.
3120 4092 3231 4147 Καὶ
3253 4091 3562 4146 ὲκύκλωσεν
3582 4092 3611 4144 ὁ
3638 4090 3773 4154 Θεὸς
3802 4088 3930 4141 λαὸν

2352 4186 2516 4240 αὑτοῦ
2541 4186 2657 4240 ὁδὸν
2671 4187 2769 4257 τὴν
2787 4188 2866 4248 είς
2881 4185 3082 4256 ἔρημον
3095 4185 3173 4247 είς
3188 4183 3288 4254 τὴν
3311 4182 3573 4253 Ἐρυθρὰν
3596 4180 3893 4235 θάλασσαν.
3908 4196 3926 4228 ι

2423 4278 2631 4332 ΙῘΔΔΛ.
2664 4275 2730 4330 Τί
2755 4276 2819 4348 δὴ
2852 4276 2958 4348 ἄρα
2980 4277 3084 4331 κάν
3111 4272 3287 4345 τούτῳ
3314 4274 3376 4328 τὸ
3403 4272 3787 4327 κεκρυμμένον
3806 4286 3821 4299 ·

2423 4458 2585 4513 ΚΥΡ.
2638 4457 3108 4523 Ἐκὸασανιστέον,
3161 4460 3208 4512 εἰ
3245 4457 3409 4512 δοκεῖ,
3464 4455 3629 4518 Σύνες
3681 4456 3787 4525 γὰρ
3842 4454 3929 4504 ὅτι

2352 4548 2764 4621 παρακειμένης
2787 4548 2907 4601 ὁδοῦ
2937 4549 3039 4619 τῆς
3073 4549 3158 4601 ἐπ’
3180 4548 3393 4610 εὐθείας
3426 4546 3630 4608 αὐτοῖς,
3666 4548 3761 4598 καὶ
3786 4544 3931 4613 βρα-

2352 4640 2722 4712 χυποροῦντας
2754 4640 2873 4705 ἐξὸν
2922 4639 3212 4709 ἀφικέσθαι
3252 4639 3530 4710 συντόμως
3561 4637 3786 4707 (Ἐγγὺς
3816 4635 3933 4703 γάρ

2351 4730 2440 4806 ἦν,
2473 4734 2627 4804 φησι,
2660 4734 2760 4804 τῆς
2782 4734 3110 4804 ἐπαγγελίας
3133 4735 3166 4803 ἠ
3196 4733 3314 4803 γῆ),
3341 4733 3498 4803 δῆλον
3533 4731 3616 4785 ὅτι
3641 4731 3707 4784 δι’
3736 4728 3935 4799 ἑτέρας

2353 4824 2549 4887 αὐτοὺς
2581 4824 2903 4894 ἀπεκόμιζε,
2936 4825 3032 4896 τῆς
3072 4826 3130 4877 ὲν
3154 4823 3337 4894 κύκλῳ
3378 4822 3595 4895 μακρῷ,
3623 4822 3683 4875 τὸ
3707 4822 3936 4889 ἕτοιμον

2354 4915 2434 4978 είς
2461 4913 2777 4977 ἀπόστασιν,
2809 4916 2904 4967 καὶ
2933 4915 2995 4967 τδ
3027 4914 3269 4985 ἀσχέτως
3306 4914 3387 4967 ἔτι
3422 4910 3813 4971 κατανενενκδς
3850 4910 3937 4970 είς

2352 5003 2554 5060 δειλίαν
2576 5005 2684 5057 τῶν
2705 5006 2871 5060 πάλαι
2892 5003 3251 5077 προεγνωκὼς
3271 5006 3300 5057 ὁ
3322 5004 3537 5057 πάντων
3560 4998 3937 5072 Δημιουργός.

2425 5270 2632 5324 ΠΑΛΛ.
2676 5270 2840 5324 Οὐδέν
2865 5288 2918 5324 τι
2946 5270 3142 5341 μᾶλλόν
3172 5271 3289 5324 ἔστι
3322 5268 3494 5340 σαφὴς
3516 5270 3545 5322 6
3571 5267 3741 5339 λόγος.

752 5354 911 5409 CYR.
966 5354 1047 5409 Ad
1105 5357 1446 5426 spiritualem
1496 5358 1667 5428 igitur
1731 5358 2250 5428 contemplationem

2424 5362 2588 5417 ΚΥΡ.
2641 5362 2803 5415 ’ἰτέον
2826 5362 2889 5432 δὴ
2914 5358 3007 5416 οὖν
3031 5363 3122 5416 ἐπὶ
3149 5362 3379 5434 θεωρίαν
3401 5360 3500 5431 τὴν
3528 5357 3943 5430 πνευματικὴν,

683 5446 1078 5501 transeundum
1101 5456 1203 5501 est.
1231 5447 1333 5513 Qui
1380 5466 1411 5503 a
1449 5449 1726 5504 mundana
1752 5450 1863 5505 vita
1888 5449 2249 5505 daemoniaco-

678 5550 788 5605 que
815 5533 1123 5600 dominatu,
1157 5543 1415 5607 tanquam
1447 5554 1512 5593 ex
1533 5537 1783 5610 Egyptia
1824 5539 2048 5610 regione
2093 5554 2248 5594 rece—

678 5625 839 5690 dunt,
864 5639 961 5680 eos
987 5633 1138 5680 recta
1190 5626 1484 5699 brevisque
1525 5631 1751 5685 omnino
1782 5630 1868 5685 via
1898 5631 2151 5701 perducit
2176 5633 2245 5687 ad

746 5803 793 5835 ⁴⁸
820 5803 969 5857 Exod
1025 5820 1131 5869 xxx,
1168 5806 1220 5857 ι.

2356 5455 2480 5517 τοὺς
2499 5454 2607 5507 ἀπὸ
2625 5453 2769 5525 ζωῆς
2790 5454 3057 5525 κοσμικῆς
3077 5454 3171 5508 καὶ
3187 5452 3568 5523 δαιμονιώδους
3589 5448 3943 5515 πλεονεξίας.

2355 5543 2544 5615 ὥσπερ
2569 5544 2712 5608 τινὸς
2731 5545 2834 5616 γῆς
2860 5544 3171 5613 Αίγυπτίων
3206 5544 3560 5615 ἀπαίροντας,
3586 5543 3700 5606 ὁδὸς
3733 5540 3948 5593 εὐθεῖα

2354 5634 2447 5687 καὶ
2475 5634 2630 5705 ὀλίγη
2659 5634 2936 5700 παντελῶς
2960 5634 3227 5705 ἀποφέρει
3246 5635 3382 5711 πρὸς
3401 5632 3687 5704 ἁγιασμδν,
3712 5630 3820 5683 καὶ
3857 5633 3949 5693 εἰς
