4076 6492
185 377 283 432 263

903 373 991 428 DE
1032 372 1475 430 ADORATIONE
1512 374 1578 428 ΙΝ
1614 371 1885 431 SPIRITU
1928 374 2013 428 ET
2052 373 2424 429 \‘ERITATE.
2465 372 2591 426 LIB.
2637 372 2722 426 Ill.

3325 369 3432 427 206

184 489 360 543 ἐλπίδα
404 487 502 558 τὴν
546 488 699 560 παρὰ
726 489 870 560 Θεῷ,
918 492 1100 556 πίστις
1144 494 1177 563 ﬂ
1224 493 1282 545 ὲν
1316 492 1555 564 Χριστῷ,
1589 494 1681 545 καὶ
1723 494 1756 561 ἡ

1867 491 2372 555 sanctiﬁcationem,
2432 505 2698 560 spemque
2730 504 2853 543 eam
2885 502 3049 557 quam
3082 487 3135 541 in
3182 486 3294 541 Deo
3345 504 3435 541 re-

182 583 293 634 κατ⁹
324 580 485 633 αὐτὸν
524 579 830 645 δικαίωσις,
874 584 1015 637 κατά
1046 601 1108 652 γε
1145 585 1208 637 τὸ
1253 584 1357 637 ὐπὸ
1404 584 1496 637 τοῦ
1545 584 1754 638 Παύλου

191 672 358 742 σοφῶς
402 673 726 744 εἰρημένον·
779 692 799 725 ι
847 674 1044 744 Ἐγγύς
1088 693 1183 729 σου
1214 677 1273 729 τὸ
1308 675 1462 747 ῥῆμά
1502 678 1651 731 ἐστιν
1697 678 1757 729 ὲν

190 763 262 833 τῷ
284 764 512 833 στόματί
546 781 663 827 σου,
692 764 787 818 καὶ
816 766 872 817 ἐν
896 768 961 836 τῇ
993 765 1189 838 καρδίᾳ
1228 784 1344 830 σου,
1369 767 1513 820 τοῦτ’
1552 766 1669 820 ἐστι
1696 767 1758 820 τὸ

181 855 325 926 ῥῆμα
347 855 446 925 τῆς
472 856 709 920 πίστεως
726 855 756 907 ὃ
790 856 1138 929 κηρύσσομεν
1157 898 1172 923 ,
1193 859 1274 912 ὅτι
1295 858 1388 912 ἐὰν
1413 858 1757 929 ὁμολογήσῃς

178 948 233 999 ὲν
262 945 338 1016 τῷ
369 946 600 1017 στόματί
632 964 725 1002 σου
763 949 846 1002 ὅτι
874 948 1076 1021 Κύριος
1123 951 1354 1021 Ἰησοῦς,
1389 952 1485 1006 καὶ
1534 950 1757 1005 πιστεύ-

184 1053 272 1108 σῃς
303 1039 362 1089 ὲν
395 1040 462 1109 τῇ
493 1038 690 1109 καρδίᾳ
734 1056 829 1093 σου
865 1040 948 1093 ὃτι
978 1042 1008 1094 ὐ
1050 1040 1184 1106 Θεὸς
1226 1042 1388 1095 αὐτὸν
1429 1044 1648 1113 ήγειρεν
1692 1044 1756 1095 ὲκ

179 1129 401 1200 νεκρῶν,
429 1129 654 1203 σωθήσῃ
677 1146 691 1161 ·
721 1131 919 1202 καρδία
956 1130 1066 1205 γὰρ
1094 1132 1406 1187 πιστεύεται
1448 1135 1528 1196 είς
1552 1134 1758 1187 δικαιο-

181 1222 334 1291 σύνην
356 1241 373 1257 ο
437 1223 667 1294 στόματι
728 1224 787 1278 δὲ
841 1224 1185 1295 ὁμολογεῖται
1252 1227 1333 1290 είς
1388 1225 1685 1297 σωτηρίαν.
1729 1245 1750 1279 ο

179 1314 388 1385 Ταύτην
415 1310 508 1369 οὖν
531 1316 638 1385 ἄρα
666 1316 766 1386 τὴν
795 1315 967 1379 οὕτως
992 1316 1163 1387 ἀγχοῦ
1193 1318 1288 1371 καὶ
1319 1317 1756 1388 συνεσταλμένην

175 1406 288 1459 ΰδὸν
333 1406 668 1477 διαστείχειν
681 1407 783 1460 οὐκ
811 1407 964 1477 ἠφίει
994 1408 1122 1472 τούς
1147 1408 1315 1462 πάλαι
1351 1408 1513 1473 Θεόςο
1545 1410 1756 1464 ἐπενόει

175 1497 227 1549 δὲ
248 1496 442 1566 ὥσπερ
478 1498 603 1553 τινὰ
643 1497 841 1552 κύκλον
874 1499 973 1569 τὴν
1006 1501 1092 1552 ἐπ’
1126 1500 1341 1564 εὐθείας
1385 1503 1486 1555 οὐκ
1532 1502 1754 1574 ἔχοντα,

176 1590 257 1640 τὸν
284 1591 344 1642 ἐν
379 1589 776 1660 τίεριστροιραίς
824 1589 998 1657 λόγων
1040 1592 1135 1644 καὶ
1174 1593 1231 1644 ὲν
1279 1592 1565 1664 αἰνίγμασι
1594 1595 1757 1664 νόμον

180 1680 529 1751 μακροτέραν
561 1681 752 1750 ἔχοντα
781 1682 875 1735 καὶ
905 1680 1006 1735 οὐκ
1038 1683 1419 1755 ἀταλαίπωρον
1454 1684 1554 1757 τὴν
1594 1686 1758 1739 παιδ-

178 1772 439 1839 αγωγὶαν,
473 1771 540 1825 ἶν’
584 1772 776 1844 ὥσπερ
802 1772 925 1827 τινὰ
958 1773 1245 1845 μελέτησιν
1270 1776 1380 1829 τῶν
1412 1777 1758 1848 τελειοτέρων

1859 585 2093 653 positam
2118 584 2409 647 habemus,
2441 582 2600 646 fides,
2626 582 2874 651 inquam,
2912 580 2963 634 in
2984 579 3229 643 Christo,
3256 589 3311 633 et
3344 580 3435 634 illa

1853 674 1912 728 in
1937 675 2131 729 eodem
2151 673 2491 743 justifieatio,
2514 681 2575 725 ut
2604 671 2879 741 sapienter
2910 678 2995 724 est
3025 685 3056 723 a
3086 670 3245 723 beato
3269 669 3438 723 Pauio

1855 766 2103 821 dictum:
2144 787 2160 817 ι
2196 768 2370 835 Prope
2394 774 2446 820 te
2478 773 2564 819 est
2612 764 2847 818 verbum
2872 762 2977 816 hoc
3013 762 3070 816 in
3117 778 3211 816 ore
3256 772 3350 816 tuo
3382 772 3438 813 et

1853 858 1911 912 in
1931 858 2098 913 corde
2123 865 2237 922 tuo,
2273 857 2380 911 hoc
2401 864 2505 920 est,
2529 855 2760 909 verbum
2794 853 2945 917 fidei,
2991 854 3139 922 quod
3170 852 3435 922 praedica-

1855 966 1977 1005 mus
2020 968 2032 1002 :
2067 950 2350 1020 quoniam.
2378 949 2424 1001 si
2458 946 2775 1001 conﬁtearis
2815 946 2869 999 in
2895 960 2989 999 ore
3014 954 3110 998 tuo
3146 944 3292 1014 quod
3335 944 3440 997 Do—

1855 1041 2041 1094 minus
2078 1040 2260 1103 Jesus,
2302 1046 2359 1092 et
2385 1036 2689 1091 credideris
2718 1036 2775 1089 in
2813 1035 2980 1090 corde
3007 1042 3101 1090 tuo
3126 1034 3440 1105 quod‘Deus

1853 1133 2034 1203 ipsum
2069 1129 2356 1185 suscitavit
2381 1144 2411 1181 a
2443 1127 2698 1190 mortuis,
2726 1127 2909 1181 salvus
2928 1127 3077 1181 eris:
3104 1125 3269 1180 corde
3289 1126 3439 1179 enim

1856 1224 2103 1279 creditur
2141 1222 2209 1275 ad
2244 1220 2541 1292 justitiam,
2583 1234 2683 1273 ore
2726 1226 2915 1274 autem
2954 1217 3226 1273 confessio
3273 1217 3334 1271 fit
3370 1217 3440 1272 ad

1855 1317 2088 1371 salutem
2125 1314 2210 1367 ευ.
2242 1336 2258 1364 ι
2310 1315 2413 1368 Per
2458 1313 2600 1367 hanc
2645 1312 2816 1382 igitur
2856 1310 2996 1365 adeo
3030 1310 3268 1364 vicinam
3309 1310 3439 1364 bre-

1856 1424 2091 1479 vemque
2124 1408 2270 1461 viam
2293 1406 2579 1461 ambulare
2612 1405 2874 1473 antiquos
2900 1403 3027 1457 illos
3050 1402 3305 1457 homines
3329 1416 3441 1456 non

1856 1502 2109 1573 permisit
2142 1500 2308 1564 Deus,
2343 1500 2441 1555 sed
2487 1500 2641 1554 velut
2684 1496 2978 1553 circuitum
3021 1495 3315 1565 quemdam
3348 1511 3442 1549 cx-

1857 1595 2138 1665 cogitavit,
2166 1603 2378 1649 rectum
2398 1594 2504 1648 iter
2529 1591 2753 1646 minime
2786 1590 3100 1652 habentem,
3137 1588 3331 1658 legem,
3354 1588 3440 1642 in-

1858 1702 2044 1756 quam,
2099 1699 2222 1755 quae
2264 1699 2367 1754 per
2412 1682 2681 1738 orationis
2724 1680 3007 1735 anfractus
3052 1687 3107 1734 et
3150 1679 3441 1748 aenigmata

1858 1781 2164 1853 longiorem
2213 1780 2445 1835 haberet
2490 1778 3019 1845 laboriosioremque
3064 1773 3438 1843 disciplinam,

177 1864 240 1916 τὰ
270 1866 330 1917 ὲν
385 1867 570 1929 σκιαῖς
606 1865 855 1935 ιχοντες,
895 1868 991 1920 καὶ
1028 1867 1536 1939 προκατηχούμενοι
1565 1870 1626 1923 τὸ
1656 1888 1757 1940 μυ·-

1867 1882 1919 1929 ut
1944 1874 2033 1939 iis,
2067 1888 2190 1944 quae
2234 1873 2597 1927 tradebantur
2640 1871 2695 1925 in
2737 1868 2969 1932 umbris,
3020 1868 3171 1921 velut
3213 1865 3444 1920 medita-

180 1956 423 2027 στήριον,
460 1955 541 2027 μὴ
576 1959 693 2020 τοῖς
722 1956 976 2028 τυχοῦσιν
1005 1958 1191 2023 ἁπλῶς
1223 1962 1613 2013 καταπτοοῖντο
1645 1961 1757 2014 δεί-

179 2067 367 2118 μασιν,
414 2052 499 2112 είς
534 2052 853 2124 ἁποδρομὴν
891 2053 987 2105 καὶ
1032 2052 1332 2106 ἀπόστασιν
1358 2054 1458 2124 τὴν
1492 2054 1599 2108 ἀπὺ
1624 2056 1759 2125 Χρι·

178 2141 323 2207 ατοῦ,
364 2143 923 2213 προγεγυμνασμένοι
971 2143 1028 2197 δὲ
1062 2142 1254 2215 ὥσπερ
1296 2144 1395 2198 καὶ
1445 2145 1758 2215 ἀναμανθά-

177 2252 351 2298 νοντες
390 2235 456 2288 τὸ
486 2234 703 2305 ἀληθῶς
730 2234 994 2304 ὠφελοῦν,
1023 2236 1356 2308 ἑτοιμότεροι
1400 2238 1501 2309 μὲν
1528 2237 1595 2293 ἂν
1647 2235 1757 2291 εἷεν

178 2326 305 2397 πρὸς
351 2325 458 2396 τὴν
504 2327 606 2398 τῆς
651 2326 908 2398 ἀληθείας
948 2328 1133 2397 ἔφεσίν
1170 2346 1232 2382 τε
1284 2331 1378 2384 καὶ
1428 2331 1755 2403 προθυμίαν,

180 2418 585 2489 ἐρηρεισμένην
605 2418 663 2472 δὲ
685 2420 779 2472 καὶ
821 2418 1330 2492 ἅμαῖκατάσειστον
1351 2422 1526 2493 ἔχοιεν
1547 2423 1647 2494 τὴν
1678 2425 1759 2487 είς

176 2508 301 2560 θεὸν
322 2508 633 2578 ἀγάπησιν.
671 2510 771 2564 Διὰ
805 2512 1022 2582 μακρᾶς
1057 2508 1150 2566 οὐν
1173 2510 1362 2581 ὥσπερ
1414 2514 1511 2567 καὶ
1539 2514 1640 2567 οὐκ
1670 2514 1761 2567 εὐ-

177 2598 321 2662 θείας
341 2599 493 2662 ὁδοῦ,
508 2600 610 2670 τῆς
624 2601 767 2655 κατὰ
786 2603 846 2656 τὸ
866 2602 1099 2674 γράμμα
1120 2602 1392 2675 λατρείας,
1417 2604 1763 2673 παιδαγωγὸς

177 2687 237 2755 ἦν
277 2694 310 2744 ό
371 2691 560 2761 νόμος,
601 2692 837 2764 Χριστὸς
879 2694 937 2748 δὲ
973 2695 1071 2766 οὐχ
1116 2695 1275 2748 οὕτω.
1324 2695 1614 2767 Ιιαρέδειξε
1653 2696 1761 2768 γὰρ

177 2784 302 2851 ἡμῖν
367 2782 471 2852 τὴν
522 2785 602 2846 εἰς
637 2783 768 2838 εὐθύ
797 2786 892 2839 καὶ
937 2786 1130 2857 ἀγχοῦ,
1176 2787 1322 2841 τοῦτ’
1362 2788 1500 2853 εστι,
1535 2790 1633 2860 τὴν
1673 2789 1763 2843 διὰ

180 2874 437 2937 πίστεως,
482 2876 903 2946 μεταχαλκεύων
954 2880 1034 2941 είς
1078 2878 1389 2949 εὐτολμίαν,
1438 2881 1534 2935 καὶ
1578 2883 1660 2945 είς
1701 2883 1764 2936 τὸ

177 2966 374 3038 κρῆναι
430 2966 620 3020 λοιπὸν
665 2969 1115 3041 κατανδρίζεσθαι
1167 2970 1275 3023 τῶν
1315 2971 1759 3043 ἀνθεστηκότων

178 3057 482 3127 τληπαθεῖν
503 3059 560 3112 δὲ
588 3059 669 3111 ὅτι
694 3057 927 3129 μάλιστα
956 3059 1129 3128 φιλεῖν
1153 3060 1296 3132 ὑπέρ
1322 3078 1381 3114 τε
1411 3061 1503 3114 τοῦ
1531 3062 1760 3130 ἀγαθοῦ,

180 3150 271 3204 καὶ
282 3149 523 3215 ταὶςτοῦ
542 3149 790 3205 διαὸόλου
814 3150 1168 3223 μεθοδ[ε]ίαις
1185 3152 1569 3223 ἀντιφέρεσθαι
1590 3171 1764 3223 γεννι-

180 3240 308 3305 κῶς,
372 3240 556 3294 ἐκεῖνό
609 3257 711 3295 που
760 3241 899 3312 τάχα
950 3242 1011 3295 τὸ
1058 3244 1116 3295 ἐν
1166 3244 1423 3316 προφήτῃ
1477 3243 1757 3313 λέγονταςο

182 3350 203 3384 ι
246 3333 383 3387 ’1δού
417 3332 626 3404 Κύριος
653 3332 837 3403 βοηθεί
876 3351 985 3404 μοι,
1016 3333 1100 3398 τίς
1123 3334 1360 3388 κακώσει
1398 3352 1500 3406 με;
1544 3355 1562 3386 ι
1601 3336 1675 3390 Τὸ
1705 3338 1763 3391 δὲ

180 3423 240 3494 δὴ
268 3425 375 3495 τὴν
423 3422 601 3487 οὕτως
642 3426 777 3495 ἡμῖν
825 3425 1152 3493 ἁξιάγαστον
1181 3425 1473 3496 εὐτολμίαν
1506 3428 1768 3495 ἐμποιοῦν

182 3517 262 3586 εἴη
293 3517 363 3588 δή
407 3533 515 3569 που
554 3516 773 3571 πάντων
826 3516 890 3571 ἂν
935 3518 1123 3589 ἕτερον
1166 3516 1339 3581 οὐδὲν,
1377 3519 1527 3589 παρὰ
1568 3518 1672 3590 τὴν
1709 3520 1769 3585 ἐξ

185 3608 351 3676 ὕψους
378 3606 637 3679 δύναμιν,
665 3607 808 3662 τοῦτ’
839 3608 982 3672 ἔστι,
1018 3608 1117 3680 τὴν
1138 3609 1232 3662 τοῦ
1266 3608 1423 3677 ἁγίου
1453 3609 1769 3680 Πνεῦματος

188 3699 406 3769 μέθεξίν
431 3716 494 3753 τε
528 3699 625 3753 καὶ
655 3699 961 3753 κοινωνίαν.

1857 1969 2008 2023 tione
2041 1966 2277 2037 quadam
2310 1980 2500 2020 rerum
2525 1961 2914 2034 perfectiorum
2938 1967 3179 2021 utentes,
3204 1972 3269 2011 ac
3288 1957 3443 2026 prius

1858 2055 2108 2129 mysterii
2143 2054 2475 2109 rudimentis
2508 2050 2729 2115 imbuti,
2766 2064 2878 2103 non
2907 2057 3113 2103 temere
3152 2045 3444 2116 quibusvis

1858 2126 2168 2204 terroribus
2190 2146 2575 2208 turbarentur,
2600 2152 2656 2197 et
2680 2159 2709 2197 a
2731 2142 2954 2198 Christo
2978 2140 3254 2194 resilirent
3276 2126 3442 2208 atque

1857 2244 2247 2303 desciscerent,
2271 2240 2365 2295 sed
2384 2240 2533 2294 velut
2554 2237 2949 2293 exercitatione
2975 2234 3209 2304 quadam
3235 2233 3443 2288 instru-

1858 2338 1954 2399 cti,
1994 2350 2119 2391 cum
2153 2334 2481 2389 didicissent
2505 2346 2669 2401 quam
2706 2329 2862 2383 utilis
2907 2335 3053 2382 esset
3082 2326 3323 2389 veritas,‘
3342 2341 3444 2394 pa-

1861 2422 2094 2476 ratiores
2126 2421 2195 2476 ad
2234 2418 2619 2491 ex'p'etendam,
2650 2417 3011 2485 alacriterque
3056 2414 3443 2484 capessendam

1860 2514 2149 2569 veritatem
2198 2513 2604 2576 redderentur,
2646 2510 3051 2576 dilectioneque
3104 2520 3233 2575 erga
3271 2506 3445 2560 Deum

1859 2614 2045 2661 essent
2068 2604 2223 2659 firma
2254 2611 2310 2659 et
2333 2604 2579 2658 immota.
2618 2601 2731 2655 Lex
2756 2600 2923 2672 igitur
2947 2598 3279 2669 paedagogus
3302 2604 3443 2659 erat,

1859 2701 1968 2771 83
2004 2699 2097 2769 qui
2147 2698 2320 2753 veluti
2360 2711 2460 2768 per
2506 2694 2815 2765 longiorem
2850 2705 2919 2746 ac
2967 2690 3269 2745 ﬂexuosam
3296 2689 3447 2742 viam

1861 2794 2110 2853 duceret,
2139 2808 2238 2863 per
2277 2792 2453 2855 illum,
2492 2791 2740 2859 inquam,
2764 2788 2994 2849 cultum,
3022 2784 3115 2853 qui
3142 2782 3446 2838 secundum

1862 2885 2099 2940 litteram
2125 2883 2511 2938 exhibebatur.
2538 2880 2608 2936 At
2655 2895 2765 2934 non
2816 2879 2947 2931 item
2996 2875 3273 2931 Christus.
3312 2873 3449 2927 Nam

1865 2984 1980 3029 tum
2007 2974 2228 3029 brevem
2258 2974 2421 3028 nobis
2443 2968 2904 3027 commonstravit
2927 2966 3095 3030 viam,
3138 2966 3309 3026 illam,
3360 2964 3448 3017 in-

1863 3080 2051 3134 quam,
2080 3080 2181 3135 per
2210 3064 2372 3119 fidem
2399 3081 2414 3129 ;
2454 3063 2704 3130 adeoque
2734 3059 3004 3113 audentes
3030 3072 3131 3110 nos
3187 3055 3446 3118 reddidit,

1866 3165 1927 3209 ut
1981 3171 2092 3211 non
2150 3155 2469 3210 dubitemus
2517 3155 2629 3224 jam
2683 3151 2950 3205 adversus
3003 3157 3067 3203 ea
3117 3163 3242 3217 qua:
3290 3146 3451 3200 nobis

1867 3247 2244 3310 ohluctantur,
2313 3246 2540 3300 fortiter
2586 3244 2885 3305 dimicare,
2935 3242 3345 3311 optandumque
3394 3242 3451 3295 in

1870 3339 2069 3407 primis
2118 3338 2498 3393 existimemus
2558 3351 2661 3406 pro
2706 3336 2823 3405 ipso
2853 3335 2999 3388 bono
3042 3333 3323 3403 quidpiam
3363 3342 3452 3387 to-

1868 3430 2066 3493 lerare,
2092 3444 2158 3483 ac
2190 3429 2396 3483 diaboli
2426 3428 2709 3483 insidiosis
2731 3426 3054 3481 occursibus
3094 3425 3311 3480 fortiter
3354 3425 3455 3477 ob-

1868 3521 2085 3583 sistere,
2113 3519 2250 3574 illud
2277 3536 2308 3574 e
2352 3520 2622 3590 propheta
2669 3519 2724 3571 in
2749 3532 2844 3572 ore
2896 3518 3162 3572 habentes
3211 3534 3222 3569 :
3265 3535 3282 3566 ‹
3312 3517 3453 3571 Ecce

1870 3612 2017 3667 Deus
2040 3613 2263 3683 adjuvat
2295 3626 2421 3677 me;
2468 3611 2594 3681 quis
2625 3609 2829 3679 adliget
2869 3623 2957 3663 me
2988 3608 3076 3660 "1'
3103 3628 3119 3658 ι
3158 3606 3315 3674 Quod
3351 3622 3452 3660 au-

1873 3712 1981 3759 tem
2009 3706 2063 3759 in
2088 3705 2249 3760 nobis
2278 3704 2418 3759 adeo
2441 3704 2616 3757 miros
2634 3702 2804 3757 animi
2828 3717 2997 3756 ausus
3014 3700 3201 3762 efiicit,
3223 3700 3277 3753 id
3305 3706 3454 3753 certe

190 3809 296 3849 non
352 3793 509 3848 aliud
573 3792 806 3848 omnino
856 3800 962 3857 est,
1014 3807 1179 3863 quam
1237 3792 1333 3848 illa
1379 3809 1446 3851 ex
1494 3793 1608 3851 alto
1646 3795 1843 3859 virtus,
1885 3796 1940 3850 id
1980 3805 2086 3858 est,
2137 3797 2311 3851 sancti
2358 3796 2601 3866 Spiritus
2666 3794 3018 3865 participatio
3070 3801 3234 3863 atque
3300 3807 3453 3846 com-

189 3906 393 3946 animo.

258 3983 469 4037 ﬂAAA.
514 3961 1023 4068 Δ,ξῖυνίημιὸιφῂᾳ
1076 3981 1167 4034 καί
1227 3997 1286 4034 σε
1333 3981 1434 4051 τῆς
1493 3981 1775 4052 ἀγχινοίας

191 4073 419 4143 ἄγαμαι.
522 4070 527 4074 ’
560 4074 565 4077 ’

258 4165 422 4218 ΚΥΡ.
467 4165 581 4218 Καὶ
603 4163 696 4218 τόν
724 4180 789 4232 γε
818 4163 918 4234 τῆς
950 4162 1053 4233 διὰ,
1079 4161 1315 4236 Χριστοῦ
1349 4165 1621 4236 σωτηρίας
1650 4181 1774 4217 και-

194 4257 287 4325 ρὸν
362 4255 811 4327 κατασημήνειεν
867 4255 934 4310 ἂν
980 4254 1140 4319 εὐθὺς
1187 4256 1249 4309 τὸ
1304 4255 1769 4327 παρεζευγμένον.

1951 3979 2148 4035 PALL.
2178 3977 2431 4048 Intelligo
2459 3976 2607 4047 quod
2642 3975 2801 4039 dicis,
2827 3991 2892 4031 ac
2917 3984 3065 4029 tuam
3093 3974 3251 4029 istam
3280 3975 3455 4029 soler-

1878 4073 2008 4125 tiam
2035 4072 2301 4128 admiror.

1944 4165 2103 4222 (ΝΒ.
2152 4165 2330 4237 Atque
2374 4166 2554 4236 ipsum
2577 4179 2797 4234 quoque
2829 4162 3020 4216 salutis
3057 4176 3155 4231 per
3172 4160 3453 4217 Christum

1876 4257 2187 4312 tribuenda)
2209 4266 2446 4327 tempus,
2478 4266 2541 4310 ut
2600 4263 2755 4325 puto,
2803 4253 3168 4324 signiﬁcatur,
3216 4267 3285 4308 eo
3338 4252 3456 4322 ipso

198 4367 218 4400 ι
252 4350 483 4421 Πέμπτῃ
508 4349 638 4419 γὰρ,
677 4348 829 4418 φησὶ.
858 4348 1022 4419 γενεᾷ
1038 4346 1311 4418 ἀνέδησαν
1337 4349 1387 4401 ol
1418 4349 1523 4403 uiol.
1555 4346 1764 4419 Ἰσραὴλ

1879 4351 2031 4422 quod
2068 4350 2330 4419 deinceps
2374 4349 2692 4418 adiunctum
2725 4354 2808 4399 est
2846 4362 2859 4395 :
2902 4363 2919 4393 ι
2949 4343 3153 4408 Quinta
3197 4359 3454 4413 namque,

197 4442 261 4493 ὲκ
284 4440 384 4510 γῆς
408 4439 715 4507 Αἰγύπτου.
744 4457 765 4490 ι
802 4439 1285 4511 Ἐκλελυτρὼμεθα
1303 4439 1411 4512 γὰρ
1434 4442 1496 4494 ὲκ
1511 4440 1773 4506 δουλείας,

196 4533 290 4585 καὶ
324 4533 433 4603 μὴν
474 4531 570 4584 καὶ
634 4530 811 4584 πόνων
850 4530 958 4584 τῶν
985 4534 1043 4585 εν
1074 4532 1304 4595 είκαίοις
1348 4535 1774 4604 περισπασμοϊς,

198 4625 291 4677 καὶ
313 4622 694 4693 ταλαιπωρίας
727 4622 829 4692 τῆς
871 4623 1001 4693 περὶ
1028 4623 1133 4695 γῆν
1173 4640 1233 4676 τε
1273 4623 1366 4677 καὶ
1392 4623 1522 4694 χοῦν
1565 4624 1778 4695 (συνίης

196 4717 257 4769 δὲ
284 4718 313 4769 ὃ
336 4715 533 4785 φημι),
568 4714 713 4768 κατὰ
735 4714 833 4785 τὴν
865 4714 1227 4787 εὐαγγελικὴν
1254 4716 1590 4787 παραϐολὴν,
1609 4717 1687 4779 ὡς
1719 4718 1777 4770 ὲν

201 4809 422 4878 πέμπτῃ
477 4807 663 4876 γενεᾷ,
714 4805 795 4877 τῷ
840 4806 1076 4877 πέμπτῳ
1124 4806 1323 4877 καιρῷ.
1366 4823 1383 4857 ι
1435 4806 1627 4877 Ὀμοία
1670 4808 1777 4878 γάρ

201 4903 350 4953 εστιν
372 4901 405 4971 ἡ
433 4898 682 4969 βασιλεία
702 4898 812 4953 τῶν
830 4898 1076 4971 οὐρανῶν
1102 4898 1373 4971 ἀνθρώπῳ
1406 4900 1777 4972 οἰκοδεσπότῃ,

197 4994 350 5054 ὅστις
393 4990 616 5061 ἐξῆλθεν
666 4991 785 5062 ἃμα
830 4990 977 5062 πρωῒ
1012 4990 1386 5060 μισθώσασθαι
1423 4992 1660 5064 ἐργάτας
1700 4995 1778 5057 είς

196 5084 301 5135 τὸν
328 5080 618 5152 ἀμπελῶνα
660 5080 849 5136 αὐτοῦ.
887 5100 907 5133 ι
940 5080 1102 5135 Τουτὶ
1126 5080 1183 5134 δὲ
1214 5081 1308 5134 καὶ
1337 5081 1466 5153 περὶ
1486 5081 1585 5153 τὴν
1613 5081 1779 5152 ῐκτην

201 5192 267 5227 τε
295 5177 386 5229 καὶ
413 5176 513 5245 τὴν
552 5174 752 5246 ἐνάτην
794 5174 898 5247 ἔφη
931 5174 1098 5246 δρᾷψ
1158 5192 1178 5224 ι
1216 5174 1352 5243 Περὶ
1391 5173 1447 5227 δὲ
1493 5177 1593 5243 τὴν
1640 5175 1780 5228 ὲνδευ

204 5268 394 5340 κᾶτην,
424 5264 587 5341 εὗρεν
614 5268 809 5331 ἄλλους
836 5266 1062 5338 ἀργοὺς,
1098 5265 1201 5337 ἔφη
1242 5283 1303 5319 τε
1335 5266 1471 5333 πρὸς
1501 5265 1743 5331 ἐκείνους
1761 5283 1776 5297 ⁸

207 5359 275 5411 Τί
314 5361 575 5433 ἑστήκατε
605 5353 709 5416 ὧδε
750 5359 882 5429 ὃλην
914 5357 1016 5430 τὴν
1045 5358 1257 5428 ἡμέραν
1286 5356 1474 5428 ἀργοί;
1516 5357 1778 5426 ὑπάγετε.

210 5450 303 5502 καὶ
327 5450 478 5521 ὑμεῖς
500 5450 800 5524 ἐργάζεσθε
825 5451 910 5513 είς
936 5449 1029 5503 τὸν
1055 5448 1355 5519 ἀμπελῶνὰ
1387 5466 1507 5519 μου.
1546 5466 1565 5500 ι
1584 5450 1781 5521 λἈθρει

210 5542 277 5612 δὴ
302 5540 409 5610 οὖν,
452 5544 530 5608 ὡς
577 5546 635 5598 ἑν
673 5543 902 5615 πέμπτῃ
952 5542 1117 5611 γενεᾷ
1158 5541 1543 5612 πεμπομένους
1583 5543 1663 5606 είς
1691 5542 1781 5596 τὸν

223 5635 504 5702 ἀμπελῶνα
550 5636 678 5699 τοὺς
724 5634 1086 5697 τελευταίους,
1138 5634 1232 5687 καὶ
1291 5636 1349 5687 ἐν
1414 5637 1625 5706 καιροῖς
1669 5636 1782 5698 τοῖς

294 5818 349 5847 ⁸⁸⁸
383 5820 536 5875 Rom.
572 5835 627 5882 x,
676 5817 831 5873 8-10.
905 5817 951 5849 "
994 5817 1097 5873 lsa.
1142 5831 1190 5877 ι..
1227 5818 1277 5871 7.
1357 5816 1421 5849 ⁶⁷“
1457 5817 1628 5873 Exod.
1665 5833 1753 5870 xm

1945 5816 1991 5847 ⁸⁸
2020 5818 2208 5875 Matth.
2242 5835 2331 5885 xx,
2366 5819 2385 5871 Ι
2430 5833 2582 5888 seqq.

518 5912 795 5972 Ρλτιιοι.
844 5909 960 5970 Gn.
1006 5908 1245 5968 LXVIII

1880 4442 1979 4505 ait,
2021 4440 2376 4512 generatione
2436 4436 2807 4493 ascenderunt
2853 4434 2949 4488 filii
2982 4433 3145 4490 Israel
3193 4434 3260 4488 de
3312 4444 3459 4490 terra

1881 4531 2099 4603 Egypti
2124 4532 2207 4583 ⁶⁷⁹.
2244 4549 2261 4581 ι
2302 4530 2549 4600 Namque
2574 4544 2605 4582 a
2645 4526 2912 4583 servitute
2957 4535 3122 4597 atque
3154 4525 3456 4593 laboribus,

1885 4621 2091 4691 quibus
2113 4619 2315 4675 frustra
2356 4619 2514 4674 vanis
2533 4619 2589 4674 in
2623 4617 2791 4674 rebus
2816 4616 3240 4680 distiuebamur,
3261 4630 3463 4671 aerum-

1884 4713 1971 4768 nis
1993 4713 2160 4768 etiam
2196 4728 2336 4782 quas
2369 4712 2426 4767 in
2464 4722 2625 4767 terra:
2650 4726 2715 4766 ac
2747 4710 2994 4782 pulveris
3025 4708 3287 4780 operibus
3320 4709 3460 4765 tole-

1886 4805 2143 4860 rabamus
2166 4804 2331 4875 (nosti
2356 4804 2505 4859 enim
2534 4803 2681 4874 quod
2702 4802 2873 4873 dico),
2901 4800 3091 4873 quinta
3115 4798 3463 4855 successione

1887 4905 2221 4968 temporum,
2251 4907 2314 4951 ut
2347 4906 2430 4952 est
2460 4897 2515 4951 in
2542 4896 2855 4966 evangelica
2884 4894 2976 4948 illa
3004 4891 3281 4963 parabola,
3304 4889 3462 4960 quasi

1884 4994 2080 5065 quinta
2102 4992 2338 5063 quadam
2371 4988 2726 5061 generatione
2753 4985 3021 5055 redempti
3073 4996 3281 5038 sumus.
3326 4999 3345 5032 ι
3374 4980 3463 5035 Si-

1887 5086 2016 5140 mi‘le
2041 5094 2126 5140 est
2148 5084 2295 5139 enim
2319 5097 2547 5152 regnum
2595 5080 2861 5136 caelorum
2906 5074 3115 5131 homini
3160 5072 3464 5145 patrifami-

1888 5176 2013 5242 lias,
2047 5176 2142 5248 qui
2170 5175 2307 5230 exiit
2336 5173 2515 5244 primo
2537 5187 2695 5227 mane
2751 5169 3063 5224 conducere
3094 5165 3375 5236 operarios
3406 5164 3463 5219 in

1887 5270 2103 5325 vineam
2125 5283 2281 5323 suam
2309 5266 2373 5320 “.
2403 5285 2421 5317 ι
2450 5264 2607 5332 Quod
2640 5263 2784 5318 idem
2811 5261 2955 5315 circa
2980 5258 3198 5313 tertiam
3221 5272 3462 5329 quoque,

1889 5367 2099 5416 sextam
2126 5372 2189 5413 ac
2216 5372 2415 5412 nonam
2462 5356 2654 5410 horam
2686 5351 2882 5409 fecisse
2908 5353 3006 5408 ait.
3055 5371 3074 5404 ι
3095 5351 3254 5407 Circa
3289 5351 3464 5407 unde-

1889 5451 2088 5506 cimam
2120 5464 2251 5504 vero
2286 5448 2497 5503 invenit
2520 5446 2657 5501 alios
2678 5443 2906 5509 otiosos,
2957 5445 3142 5514 aitque
3175 5444 3242 5500 ad
3294 5442 3418 5498 illos
3446 5458 3462 5495 :

1889 5542 2029 5609 Quid
2070 5540 2227 5596 statis
2261 5547 2372 5595 tota
2421 5539 2509 5593 die
2542 5538 2623 5593 sic
2652 5536 2864 5592 otiosi?
2893 5537 2967 5592 ite
3006 5543 3063 5592 et
3090 5549 3187 5591 vos
3238 5534 3305 5589 ad
3330 5549 3464 5605 ope-

1891 5636 2122 5691 randum
2159 5634 2213 5687 in
2252 5632 2468 5687 vineam
2517 5645 2694 5685 meam
2715 5630 2781 5682 ".
2815 5648 2831 5678 ι
2866 5628 3112 5699 Intelligo
3149 5628 3316 5699 igitur
3365 5626 3465 5679 hos

2682 5821 2724 5850 "
2758 5818 2895 5875 Ibid.
2912 5862 2923 5882 ,
2956 5820 3014 5961 ὃὁ
