4046 6498
561 376 671 433 ξιιπ
1598 368 1655 423 S.
1695 364 1970 422 CYRILLI
2010 364 2478 421 ALEXANDRINI
2516 362 2829 420 ARCIIIEP.
3719 360 3823 415 958

566 503 842 547 extremos
874 489 928 543 in
965 487 1178 542 vineam
1219 485 1362 539 mitti
1392 482 1583 554 quinta
1611 480 2018 553 quodammodo
2045 496 2140 553 ge-

2255 482 2492 553 ὲσχάτοις
2512 522 2528 547 ,
2571 481 2659 535 ὅτε
2698 481 2918 549 γέγονεν
2950 477 3234 549 ἄνθρωπος
3278 478 3307 531 6
3360 473 3691 549 Μονογενὴς.
3728 479 3823 533 καὶ

569 582 875 643 iteratione,
910 578 1091 642 idest,
1140 575 1453 630 novissimis
1495 574 1855 644 temporibus,
1898 588 2024 627 cum
2057 572 2148 627 ille

2255 577 2345 647 τὴν
2377 575 2516 646 ὑπὲρ
2552 574 2652 645 τῆς
2683 572 2939 627 ἁπάντων
2984 569 3128 643 ζωῆς
3154 572 3540 643 ὐπομεμένηκε
3583 571 3819 641 σφαγήν.

561 673 898 746 ~.Unigenitus
936 670 1114 725 factus
1143 668 1307 722 homo
1331 676 1437 731 est,
1476 682 1541 721 ac
1595 682 1786 721 necem
1834 681 1936 735 pro
1976 665 2151 720 salute

2255 665 2537 735 Τοιγάρτοι
2580 666 2675 719 καὶ⁸
2712 666 2741 717 ὸ
2774 664 3022 727 Μωσέως
3046 662 3304 717 διετύπου
3331 662 3516 734 νόμος,
3546 662 3819 734 λαμϐάνει

568 765 814 819 omnium
842 761 1088 833 pertulit.
1138 759 1331 827 Itaque
1371 757 1539 828 Moysi
1588 772 1809 827 quoque
1852 758 1971 827 lege
2007 772 2147 826 prae-

570 858 834 926 scriptum
881 862 1001 907 erat
1032 861 1094 906 ut
1137 865 1313 921 agnus
1352 849 1698 919 acciperetur
1724 849 1947 919 quidem
1998 848 2149 902 deci—

568 966 659 1004 mo
690 946 849 1018 primi
870 943 1076 999 mensis
1089 941 1199 1005 die,
1215 940 1559 995 occideretur
1577 948 1758 993 autem
1778 939 1846 993 ad
1863 953 2147 1008 vesperam

566 1040 813 1112 ejusdem
870 1033 1077 1089 mensis
1107 1030 1545 1102 quartodecimo,
1580 1039 1641 1085 ut
1676 1030 1841 1084 simul
1888 1039 1944 1085 et
1990 1030 2151 1099 quin-

569 1142 683 1187 tum
707 1128 867 1183 nobis
894 1134 1111 1194 tempus
1138 1122 1229 1178 die
1253 1123 1469 1191 quinto,
1509 1128 1566 1176 et
1594 1122 1649 1175 in
1683 1120 1791 1175 fine
1816 1121 2001 1175 saeculi
2034 1119 2151 1175 Sal-

566 1222 778 1279 vatoris
826 1218 999 1273 nostri
1049 1216 1225 1271 caedes
1275 1214 1461 1269 futura
1491 1228 1587 1284 per
1609 1229 1892 1283 vesperam
1937 1212 2148 1284 signifi-

566 1331 629 1369 ca
636 1324 809 1369 retur.

638 1404 839 1460 PALL.
870 1401 1044 1457 Omne
1067 1400 1254 1470 igitur,
1282 1407 1344 1452 ut
1397 1405 1829 1452 consentaneum
1854 1402 1959 1458 est,
2002 1392 2145 1447 divi-

566 1498 720 1554 nitus
741 1496 1021 1567 inspirata:
1074 1491 1375 1562 Scriptura:
1430 1488 1772 1559 propositum
1820 1487 1888 1542 ad
1939 1485 2146 1541 Christi

570 1584 895 1655 mysterium
933 1588 1143 1650 spectat
1176 1580 1276 1632 “"2

634 1672 793 1729 ΟΥΕ.
827 1671 905 1725 Ita
930 1685 1193 1741 prorsus:
1223 1668 1349 1724 finis
1370 1684 1604 1739 namque
1638 1668 1775 1739 legis
1812 1683 1874 1722 ac
1902 1666 2145 1738 prophe-

2249 757 2373 811 σθαι
2405 759 2504 828 μὲν
2537 759 2626 811 τὸν
2652 758 2822 829 ἀμνὸν
2852 756 2961 811 ἀπὸ
2993 756 3225 826 δεκάτης
3252 755 3349 809 τοῦ
3377 755 3595 828 πρώτου
3630 756 3820 828 μηνὸς,

2249 851 2548 920 σφάζεσθαι
2581 850 2637 903 δὲ
2668 850 2798 923 πρὸς
2827 851 3064 921 ἑσπέραν
3094 850 3193 920 τῆς
3222 852 3823 922 τεσσαρεσκαιδεκάτης

2245 943 2339 997 τοῦ
2382 942 2545 996 αὐτοῦ
2589 943 2777 1013 μηνὸς,
2816 942 2882 994 ἵν’
2924 945 2981 996 ἐν
3013 942 3197 1013 ταύτῷ
3223 944 3318 996 καὶ
3342 944 3372 995 ὁ
3403 943 3651 1013 πέμπτος
3690 944 3823 1012 ἡμῖν

2247 1037 2457 1109 καιρὸς,
2485 1038 2561 1101 ὡς
2606 1038 2664 1091 ἐν
2702 1037 2885 1108 ἡμέρᾳ
2915 1038 2979 1106 τῇ
3012 1037 3257 1110 πέμπτῃ.
3288 1037 3382 1090 καὶ
3420 1039 3530 1101 τοῖς
3555 1037 3649 1090 ἐπὶ
3676 1036 3821 1089 τέλει

2245 1128 2339 1181 τοῦ
2373 1128 2587 1194 αἰῶνος,
2622 1129 2722 1199 τὴν
2762 1127 2858 1181 τοῦ
2904 1128 3154 1200 Σωτῆρος
3199 1128 3452 1196 γενέσθαι
3492 1126 3709 1198 σφαγὴν
3734 1127 3822 1180 διὰ

2245 1222 2361 1289 τοῦ,
2381 1222 2517 1294 πρὸς
2543 1224 2802 1295 ἑσπέραν,
2831 1222 3185 1293 σημαίνηται.

2320 1403 2530 1458 ΠΑΛΛ.
2556 1403 2735 1466 Ἅπας
2758 1395 2873 1466 οὖν,
2897 1399 2971 1464 ὡς
2989 1399 3155 1464 ἔοικε,
3176 1400 3275 1470 τῆς
3296 1397 3656 1453 θεοπνεύστου
3682 1398 3826 1469 Γραο

2246 1496 2352 1567 φῆς
2374 1496 2403 1548 ὁ
2425 1494 2624 1558 σκοπὸς
2656 1496 2736 1555 εἰς
2759 1492 2820 1546 τὸ
2855 1491 3092 1565 Χριστοῦ
3120 1490 3309 1562 βλέπει
3335 1493 3634 1562 μυστήριον
3663 1509 3679 1556 ;

2316 1674 2480 1728 ΚΥΡ.
2522 1670 2842 1728 Παντάπασι
2894 1671 2992 1742 μὲν
3036 1667 3157 1725 οὖν·
3191 1671 3344 1734 τέλος
3379 1670 3487 1741 γὰρ
3514 1670 3680 1741 νόμου
3729 1671 3831 1723 καὶ

571 1775 753 1820 tarum
782 1762 1038 1818 Christus
1062 1780 1074 1814 :
1106 1782 1123 1812 ι
1152 1761 1340 1832 Neque
1370 1762 1516 1816 enim
1542 1770 1625 1816 est
1648 1776 1847 1816 nomen
1872 1760 1976 1815 sub
2004 1759 2146 1814 ctelo

2255 1766 2544 1841 προφητῶν
2574 1768 2603 1820 ὁ
2632 1765 2896 1837 Χριστός*
2936 1783 2955 1817 ι
2999 1762 3154 1818 Ἐπεὶ
3184 1762 3319 1834 μηδέ
3348 1764 3492 1816 ἐστιν
3525 1763 3696 1833 δνομα
3719 1764 3833 1815 ὑπὸ

569 1859 759 1912 datum
817 1854 1158 1919 hominibus,
1193 1852 1306 1924 84
1334 1853 1390 1907 in
1413 1868 1524 1922 quo
1555 1860 1807 1922 oporteat
1837 1867 1939 1907 nos
1965 1851 2146 1905 salvos

2255 1838 2335 1913 τον
2376 1858 2605 1929 οὐρανὸν
2648 1856 2710 1909 τὸ
2754 1855 3034 1927 δεδόμενον
3082 1857 3140 1909 ἐν
3188 1853 3527 1926 ἀνθρώποις,
3563 1856 3622 1907 ἐν
3741 1856 3833 1909 δεῖ

570 1948 691 2003 lieri
724 1946 806 1999 "z
838 1964 857 1995 ι
897 1944 977 1998 sic
1019 1944 1168 1997 enim
1202 1942 1341 1997 dixit
1363 1942 1457 1996 ille
1489 1941 1793 1996 Salvatoris
1834 1941 2008 1996 nostri
2053 1940 2141 1995 di-

569 2037 849 2109 scipulus;
882 2036 1042 2106 cujus
1072 2034 1150 2089 rei
1172 2033 1428 2105 probatio
1466 2033 1521 2086 in
1557 2042 1814 2103 promptu
1860 2042 1965 2099 est,
2001 2032 2046 2088 si
2072 2033 2143 2087 ad

568 2148 634 2186 ea
654 2145 774 2202 qua:
798 2137 1106 2199 sequuntur
1139 2126 1554 2197 aspexerimus:
1589 2146 1605 2176 ι
1634 2125 1903 2192 Profecti,
1942 2126 2140 2196 inquit,

571 2223 665 2277 lilii
695 2221 862 2276 Israel
897 2236 964 2275 ex
994 2218 1220 2284 Socotb,
1253 2218 1619 2273 castrametati
1658 2225 1787 2272 sunt
1822 2218 1878 2271 in
1920 2216 2141 2286 Othom,

571 2329 743 2386 prope
783 2314 1105 2379 desertum;
1135 2312 1282 2367 Deus
1306 2320 1491 2365 autem
1536 2308 1768 2379 praeibat
1810 2309 1937 2374 illis,
1970 2309 2144 2362 inter-

571 2407 669 2462 diu
704 2407 931 2477 quidem
984 2406 1041 2460 in
1083 2404 1342 2460 columna
1380 2403 1565 2468 nubis,
1609 2410 1671 2456 ut
1709 2402 2025 2457 ostenderet
2064 2402 2146 2457 eis

573 2499 757 2566 viam;
781 2498 849 2554 de
872 2504 1032 2553 nocte
1044 2506 1235 2551 autem
1255 2496 1312 2550 in
1337 2495 1591 2551 columna
1617 2494 1790 2565 ignis:
1814 2511 1924 2549 non
1946 2494 2147 2550 defecit

573 2593 828 2648 columna
855 2589 1022 2648 nubis
1045 2604 1151 2659 per
1186 2588 1355 2653 diem,
1383 2603 1563 2658 neque
1601 2589 1857 2643 columna
1887 2587 2027 2657 ignis
2048 2602 2147 2657 per

574 2691 791 2739 noctem
820 2695 1004 2737 coram
1031 2679 1181 2734 omni
1210 2678 1412 2749 populo
1452 2679 1520 2729 ".
1551 2696 1568 2727 ι
1602 2676 1767 2732 Vides
1792 2685 1851 2731 ut
1882 2676 2148 2732 lsraelitis

573 2779 684 2849 jam
736 2790 805 2829 ex
858 2770 1236 2842 (Egyptiorum
1282 2770 1503 2840 regione
1552 2768 1812 2839 profectis
1843 2768 2039 2823 ducem
2089 2783 2147 2824 se

575 2864 889 2939 praestiterit
913 2864 1058 2917 Deus
1088 2861 1145 2916 in
1169 2861 1424 2916 columna
1468 2861 1637 2914 nubis
1670 2867 1727 2913 et
1761 2860 1941 2931 ignis;
1966 2861 2145 2914 utrin-

574 2974 682 3029 que
726 2964 909 3013 autem
930 2954 1184 3011 Christus
1221 2952 1737 3023 repraesentabatur.

644 3048 843 3106 PALL.
870 3047 990 3115 Quo
1030 3046 1251 3102 tandem
1283 3044 1482 3100 modo?

2250 1952 2485 2022 σωθῆναι
2514 1951 2680 2023 ἡμᾶς.
2710 1970 2728 2002 ι
2768 1951 2912 2019 Ἔφη
2939 1949 3046 2019 γὰρ
3073 1946 3175 2002 ὧδε
3200 1946 3294 2001 τοῦ
3321 1948 3571 2017 Σωτῆρος
3595 1950 3625 2002 ὁ
3646 1949 3830 2019 μαθη-

2246 2044 2364 2116 τὴς,
2394 2044 2489 2098 καὶ
2512 2044 2709 2111 γείτων
2739 2043 2772 2112 ἡ
2804 2041 2987 2107 δεῖξις,
3022 2042 3070 2094 εί
3090 2043 3204 2104 τοῖς
3230 2039 3429 2109 ἐφεξῆς
3470 2042 3835 2111 προσϐάλλοι-

2249 2154 2371 2208 μεν.
2403 2156 2422 2188 ι
2464 2134 2809 2205 Ἐξάραντες,
2830 2132 3019 2203 φησὶν,
3040 2136 3088 2186 οἱ
3114 2132 3219 2186 υἱοὶ
3251 2131 3466 2203 Ἰσραὴλ
3485 2133 3549 2185 ἐκ
3578 2131 3827 2201 Σοκχὼθ,

2245 2227 2742 2300 ἐστρατοπέδευσαν
2780 2227 2841 2278 ἐν
2889 2224 3074 2296 ὀθὼμ
3108 2223 3260 2296 παρὰ
3290 2224 3388 2296 τὴν
3438 2223 3670 2295 ἔρημον·
3711 2226 3739 2277 ὁ
3766 2223 3832 2276 δὲ

2244 2322 2376 2384 Θεὸς
2414 2322 2599 2390 ἡγεῖτο
2631 2317 2831 2381 αὐτῶν,
2858 2315 3069 2388 ἡμέρας
3102 2316 3199 2385 μὲν
3243 2317 3303 2369 ἐν
3353 2315 3531 2385 στόλῳ
3571 2315 3829 2384 νεφέλης.

2245 2413 2416 2477 δεῖξαι
2446 2411 2630 2473 αὐτοῖς
2666 2407 2764 2480 τὴν
2784 2407 2922 2473 ὁδὸν,
2956 2406 3053 2478 τὴν
3076 2407 3133 2460 δὲ
3150 2406 3320 2461 νύκτα
3349 2408 3407 2460 ἐν
3426 2406 3603 2478 στόλῳ
3630 2407 3832 2477 πυρός’

2245 2506 2346 2559 οὐκ
2395 2502 2640 2567 ἐξέλιπεν
2682 2503 2710 2555 ὁ
2752 2499 2941 2563 στόλος
2990 2498 3084 2551 τοῦ
3127 2497 3300 2569 πυρὸς
3354 2496 3549 2560 νυκτὸς
3582 2498 3835 2551 ἐναντίον

2247 2595 2449 2659 παντὸς
2480 2593 2575 2648 τοῦ
2616 2591 2768 2647 λαοῦ.
2808 2610 2828 2644 ι
2868 2591 3032 2663 Ὁρᾷς
3062 2591 3211 2654 ὅπως
3246 2590 3351 2661 τῆς
3375 2590 3485 2643 τῶν
3510 2590 3836 2659 Αἰγυπτίων

2248 2691 2352 2759 γῆς
2378 2685 2852 2756 ἐκπεφοιτηκότων
2876 2682 2983 2737 τῶν
3005 2683 3065 2749 ἐξ
3100 2682 3315 2755 Ἰσραὴλ
3341 2683 3635 2754 καθηγεῖτο
3690 2682 3836 2747 Θεὸς

2249 2782 2306 2836 ἐν
2337 2779 2514 2850 στόλῳ
2552 2777 2783 2848 νεφέλης
2805 2776 2898 2830 καὶ
2927 2774 3092 2846 πυρός
3115 2791 3130 2841 ;
3161 2775 3431 2846 ἐγράφετο
3451 2775 3509 2829 δὲ
3528 2776 3597 2830 δι’
3621 2777 3839 2847 ἀμφοῖν

2247 2875 2278 2927 ὁ
2306 2871 2560 2943 Χριστός.

2326 3052 2535 3107 ΠΔΛΛ.
2576 3048 2709 3103 Τίνα
2729 3045 2957 3119 τρόπον;

643 3140 801 3199 (l'i’R.
828 3138 1070 3192 Primum
1114 3134 1358 3205 quidem,
1407 3135 1536 3204 quia
1565 3135 1821 3191 columna
1865 3146 1924 3191 et
1959 3135 2146 3189 ﬁrma-

2325 3145 2489 3199 ΚΥΡ.
2531 3140 2753 3212 Πρῶτον
2787 3139 2909 3210 μὲν,
2942 3138 3023 3191 ὅτι
3063 3137 3255 3201 στόλος
3289 3136 3385 3191 καὶ
3421 3137 3701 3209 ἑδραίωμα
3726 3137 3845 3207 τῆς

576 3238 822 3287 mentum
845 3227 1097 3282 veritatis
1127 3234 1231 3291 est,
1255 3224 1452 3280 deinde
1476 3225 1621 3295 quod
1645 3226 1799 3280 nullo
1823 3226 1986 3281 modo
2014 3240 2148 3280 con-

576 3322 691 3379 cuti
721 3335 788 3375 ac
814 3317 1111 3375 disturbari
1146 3323 1348 3387 potest,
1383 3333 1415 3371 a
1439 3326 1585 3372 terra
1617 3333 1837 3373 sursum
1870 3318 2148 3385 attollens;

577 3430 705 3471 nam
738 3413 795 3468 in
816 3410 1037 3466 Christo
1080 3409 1347 3465 desiimus
1390 3424 1513 3480 qua:
1553 3411 1737 3464 carnis
1781 3418 1909 3463 sunt
1936 3424 2149 3479 sapere,

579 3521 645 3561 ac
688 3520 786 3575 per
830 3512 1050 3557 terrena
1102 3502 1339 3557 volutari
1380 3503 1519 3556 mala
1563 3519 1576 3554 :
1611 3517 1676 3556 ac
1716 3502 1885 3556 veluti
1932 3516 2152 3556 sursum

581 3600 701 3671 ejus
731 3611 835 3666 ope
872 3594 1141 3660 tollimur,
1186 3609 1313 3649 cum
1352 3609 1417 3648 ea
1442 3609 1565 3663 quae
1606 3609 1824 3649 sursum
1852 3601 1981 3648 sunt
2006 3596 2153 3664 sapi-

581 3691 783 3762 pimus,
808 3697 864 3742 et
889 3688 944 3742 in
970 3671 1111 3743 c'aalo
1151 3701 1437 3742 versamur
1473 3705 1487 3741 :
1523 3689 1789 3757 scriptum
1832 3698 1916 3743 est
1965 3689 2150 3743 enim:

590 3803 607 3833 ι
632 3783 727 3837 Dei
772 3780 941 3835 fortes
972 3795 1005 3833 a
1033 3788 1181 3832 terra
1221 3778 1579 3834 vehementer
1632 3780 1833 3835 elevati
1859 3790 1989 3836 sunt
2019 3783 2085 3834 τί.
2126 3800 2144 3833 ι

582 3874 730 3929 Dixit
751 3872 917 3927 etiam
941 3881 1092 3925 certe
1131 3868 1385 3925 Christus
1417 3871 1663 3942 ejusdem
1716 3872 1888 3927 David
1926 3888 2060 3928 voce
2084 3873 2153 3928 de

584 3975 733 4019 terra
759 3972 815 4017 et
842 3962 910 4016 de
942 3961 1148 4015 sani-tis
1172 3961 1474 4030 apostolis:
1511 3982 1526 4012 ι
1547 3962 1661 4032 Ego
1688 3962 1899 4017 firmavi
1941 3964 2153 4018 colum-

582 4071 683 4110 nas
704 4056 825 4126 ejus
855 4053 921 4107 τ’.
953 4072 970 4102 ι
1004 4051 1232 4106 Firmati
1280 4053 1483 4123 quippe
1515 4064 1644 4108 sunt
1688 4055 1922 4126 apostoli
1955 4056 2153 4122 sancti,

584 4146 677 4216 qui
711 4158 878 4215 supra
923 4151 1126 4197 terram
1178 4142 1444 4208 eminent,
1484 4158 1610 4198 cum
1657 4148 1863 4200 virtute
1909 4163 1978 4201 ex
2021 4148 2152 4213 alto,

584 4238 760 4309 gratia
803 4250 999 4306 nempe
1048 4241 1177 4287 sunt
1238 4237 1409 4291 sancti
1445 4235 1685 4306 Spiritus
1728 4238 1927 4293 induti.
1986 4239 2157 4296 Iidem

582 4337 740 4382 erant
762 4326 926 4381 etiam
977 4326 1263 4391 columnae,
1310 4341 1377 4380 eo
1408 4326 1528 4396 ipso
1574 4326 1719 4395 quod
1768 4327 1988 4383 Christo
2021 4344 2156 4384 con-

586 4421 790 4473 l'omes
820 4426 1001 4482 erant,
1029 4418 1193 4489 eique
1221 4417 1429 4472 similes
1451 4432 1551 4487 per
1575 4418 1806 4488 gratiam
1828 4420 2003 4475 sancti
2037 4420 2159 4491 Spi-

2253 3237 2510 3309 ἀληθείας
2535 3235 2682 3288 ἐστὶν
2719 3230 3115 3285 ἀκατάσειστόν
3138 3247 3199 3283 τι
3227 3229 3322 3283 καὶ
3350 3229 3660 3300 ἄθραυστον
3692 3247 3845 3283 παν-

2251 3331 2443 3394 τελῶς,
2496 3327 2591 3380 καὶ
2643 3324 2849 3396 ἀνέχων
2894 3324 2995 3394 τῆς
3041 3323 3143 3392 γῆς
3187 3322 3345 3392 ὑψοῦ.
3404 3322 3845 3392 ’Λπηλλαγμεθα

2252 3424 2362 3495 γὰρ
2404 3423 2462 3475 ἐν
2506 3417 2729 3492 Χριστῷ
2788 3414 2883 3468 τοῦ
2937 3417 3155 3485 φρονεῖν
3206 3414 3277 3467 τὰ
3317 3414 3539 3485 σαρκὸς,
3576 3414 3671 3466 καὶ
3712 3418 3845 3477 τοίς

2252 3513 2512 3582 ἐπιγείοις
2554 3506 2984 3579 ἐγκαλινδεκθαι
3010 3508 3222 3568 κακοῖς·
3254 3504 3520 3576 αἱρόμεθα
3544 3505 3601 3558 δέ
3642 3504 3845 3576 ὥσπερ

2254 3603 2390 3675 ὑψοῦ
2416 3603 2482 3656 δι’
2513 3598 2699 3662 αὑτοῦ,
2745 3599 2859 3652 ἀνω
2885 3595 3227 3667 φρονοῦντες,
3263 3597 3358 3647 καὶ
3387 3597 3445 3647 ἐν
3488 3593 3703 3664 οὐρανῷ
3737 3610 3846 3647 πο·

2253 3694 2603 3764 λιτευόμενοι.
2634 3689 2948 3760 Γέγραπται
2973 3686 3115 3755 γὰρ,
3152 3687 3234 3739 ὅτι
3273 3705 3291 3735 ι
3329 3684 3436 3738 Τοῦ
3467 3684 3603 3738 Θεοῦ
3627 3686 3678 3737 oi.
3704 3702 3845 3755 κραο

2256 3784 2445 3857 τα[ι]οὶ
2465 3782 2562 3852 τῆς
2589 3780 2693 3851 γῆς
2716 3778 2919 3848 σφόδρα
2940 3775 3465 3848 ἐπήρθησαν.ι”Εφη
3491 3777 3549 3829 δέ
3570 3793 3674 3829 που
3698 3778 3843 3846 Χρι-

2259 3876 2383 3939 στὸς
2414 3875 2505 3927 καὶ
2538 3873 2627 3927 διὰ
2665 3870 2849 3940 φωνῆς
2874 3868 2970 3921 τοῦ
3011 3868 3176 3922 Δαὸὶδ
3213 3868 3339 3939 περί
3364 3886 3423 3920 τε
3460 3868 3561 3937 τῆς
3586 3870 3691 3938 γῆς
3744 3869 3845 3921 καὶ

2254 3968 2363 4023 τῶν
2411 3965 2582 4035 ἁγίων
2619 3961 2934 4018 ἀποστόλων
2954 3976 2969 3991 θ
3005 3980 3023 4011 ι
3070 3959 3211 4029 Ἐγὼ
3230 3962 3541 4031 ἐστερέωσα
3566 3963 3689 4024 τοὺς
3719 3963 3843 4014 στό-

2254 4060 2379 4122 λους
2399 4056 2589 4125 αὐτῆς.
2619 4074 2637 4106 ι
2676 4051 3116 4124 Ἐστερεώθησαν
3145 4055 3253 4123 γὰρ
3288 4053 3338 4105 οἱ
3366 4052 3466 4121 τὴν
3487 4052 3592 4122 γῆν
3617 4053 3844 4123 ἀνέχον.

2255 4167 2346 4214 τες
2372 4149 2517 4216 ἅγιοι
2546 4144 2785 4217 μαθηταὶ
2823 4143 2920 4214 τὴν
2968 4143 3028 4207 ἐξ
3054 4142 3219 4212 Meo;
3242 4142 3493 4213 δύναμιν,
3521 4142 3665 4199 τοῦτ’
3695 4144 3839 4213 ἐστι,

2255 4241 2353 4313 ⁸τὴν
2396 4241 2483 4294 διὰ
2510 4237 2602 4293 τοῦ
2640 4237 2796 4306 ἁγίου
2853 4234 3167 4305 Πνεύματος
3209 4236 3369 4307 χάριν
3399 4238 3841 4309 ἀμφιασάμενοι.

2257 4332 2445 4387 Στύλοι
2467 4330 2523 4383 δὲ
2543 4325 2683 4401 ἦσαν
2706 4328 2882 4391 αὐτοὶ,
2911 4327 3051 4381 κατά
3071 4329 3423 4397 συμμορφίαν
3456 4330 3559 4400 τὴν
3580 4330 3662 4393 ὡς
3699 4332 3842 4401 πρὸς

2258 4421 2510 4495 Χριστὸν,
2546 4419 2640 4474 καὶ
2666 4417 2785 4472 καθ’
2827 4418 3083 4487 ὁμοίωσιν
3114 4418 3213 4488 τὴν
3253 4419 3311 4470 ἐν
3338 4417 3524 4487 χάριτι
3547 4418 3637 4473 διὰ
3664 4419 3842 4473 Πνεύο

588 4512 745 4564 ritus.
780 4508 871 4563 Sic
895 4509 1064 4579 igitur
1086 4509 1296 4579 accipe,
1330 4524 1443 4563 non
1486 4509 1593 4564 alia
1637 4509 1705 4565 de
1736 4526 1921 4575 causa,
1956 4520 2152 4582 praeter

2268 4528 2456 4586 ματος.
2498 4507 2813 4581 Ἐκδέξῃίδὴ
2846 4503 2939 4561 οὖν
2965 4507 3065 4576 οὐχ
3105 4507 3291 4579 ἐτέρου
3316 4525 3410 4561 του
3449 4509 3645 4579 χάριν,
3686 4510 3719 4580 ἢ
3761 4504 3843 4563 ὧν

588 4614 683 4654 eas
713 4613 850 4667 quas
908 4597 1072 4651 modo
1122 4596 1395 4663 diximus,
1457 4601 1767 4654 columnam
1828 4602 2159 4671 appellatum

602 4705 725 4744 esse
758 4688 1037 4743 Christum
1062 4706 1077 4753 ;
1102 4688 1410 4744 deducebat
1434 4698 1617 4744 autem
1663 4692 1905 4747 interdiu
1936 4694 2161 4763 quidem

591 4782 649 4835 in
688 4781 941 4836 columna
964 4779 1147 4844 nubis,
1179 4778 1247 4834 de
1271 4789 1429 4834 nocte
1462 4796 1611 4845 vero,
1638 4781 1834 4852 inquit,
1870 4784 1927 4838 in
1949 4785 2160 4839 colum-

592 4891 661 4930 na
709 4874 885 4946 ignis,
933 4880 995 4926 ut
1025 4881 1360 4927 monstraret
1400 4873 1509 4927 illis
1558 4873 1699 4927 viam
1726 4875 1804 4928 ’δε
1845 4891 1907 4929 ac
1946 4887 2162 4932 noctem

592 4967 814 5039 quidem
840 4965 1116 5036 appellare
1148 4962 1431 5035 Scriptura
1457 4965 1741 5019 consuevit
1772 4974 1989 5036 tempus
2030 4968 2165 5024 illud

593 5066 720 5113 ante
746 5056 1049 5111 Salvatoris
1074 5053 1394 5119 adventum,
1419 5069 1550 5125 quo,
1579 5055 1764 5110 adhuc
1809 5057 2007 5112 Satana
2063 5060 2166 5113 do-

596 5150 863 5213 minante,
908 5148 947 5201 ii
978 5147 1070 5217 qui
1105 5156 1220 5201 tum
1252 5146 1307 5200 in
1355 5148 1516 5202 terris
1557 5158 1736 5212 erant,
1786 5149 2082 5219 impietatis
2113 5163 2170 5207 et

596 5240 916 5311 ignorantia:
948 5238 1195 5293 tenebris
1220 5237 1566 5292 tenebantur.
1592 5238 1661 5292 At
1702 5248 1892 5293 contra
1922 5240 2031 5295 diei
2063 5256 2166 5296 no-

598 5331 747 5389 mine
774 5338 989 5400 tempus
1032 5329 1169 5384 illud
1218 5330 1478 5399 appellat,
1534 5345 1643 5400 quo
1699 5330 1946 5385 Salvator
1976 5343 2165 5388 noster

597 5419 856 5475 advenit:
883 5433 991 5486 quo
1015 5426 1257 5487 tempore
1285 5434 1476 5473 sumus
1499 5418 1814 5485 illuminati,
1837 5436 1960 5474 cum
1982 5422 2166 5491 splen-

601 5513 789 5565 dorem
817 5509 970 5563 illum
996 5523 1140 5563 verte
1185 5509 1281 5563 Dei
1317 5511 1648 5582 cognitionis
1705 5521 1889 5567 mente
1919 5514 2169 5584 suscepi-

602 5619 762 5659 mus:
794 5600 1060 5669 illumque
1077 5600 1302 5670 justitiaa
1330 5604 1500 5657 solem
1527 5604 1710 5659 cordis
1753 5606 1928 5660 oculis
1984 5607 2165 5677 intuee

684 5722 749 5752 ’ν
800 5719 842 5773 11
884 5717 1023 5771 Tim.
1062 5732 1141 5780 ιιι,
1170 5717 1255 5771 I6.

605 5789 835 5848 "Exod.
867 5804 981 5851 xm,
1004 5787 1093 5840 21.
1122 5787 1208 5839 22.

1366 5722 1410 5754 ⁷⁸
1439 5722 1558 5777 Act.
1594 5740 1664 5788 tv,
1702 5723 1786 5777 l2.
1864 5724 1905 5755 τι
1942 5723 2115 5777 Exod.
2166 5740 2281 5790 xm,
2325 5724 2413 5789 20,
2459 5724 2548 5779 2|.

2265 4605 2471 4676 ἔφαμεν
2505 4602 2728 4673 ἀρτίως.
2773 4599 2965 4653 στόλον
3016 4601 3146 4669 ἡμῖν
3202 4598 3519 4669 ὠνομάσθαι
3567 4602 3843 4672 Χριστόν·

2266 4696 2555 4767 καθηγεῖτό
2581 4709 2645 4761 γε
2675 4691 2780 4762 μὴν
2814 4690 3026 4760 ἡμέρας
3056 4688 3154 4759 μὲν
3179 4687 3366 4759 οὔσης,
3392 4692 3452 4743 ἐν
3477 4692 3659 4764 στόλῳ
3682 4694 3847 4761 νεφέο

2265 4790 2399 4861 λης,
2427 4786 2525 4857 τὴν
2574 4785 2631 4838 δὲ
2660 4783 2856 4848 νύκτα,
2891 4782 3078 4852 φησὶν,
3111 4783 3171 4835 ἐν
3205 4780 3382 4852 στόλῳ
3415 4785 3612 4855 πυρὸς,
3665 4786 3843 4849 δεῖξαι

2266 4882 2446 4941 αὐτοῖς
2477 4878 2575 4946 τὴν
2607 4874 2747 4930 ὀδόν.
2782 4872 2971 4926 Νύκτα
3002 4872 3100 4942 μὲν
3144 4873 3430 4941 ὀνομάζειν
3470 4874 3593 4938 ἔθος
3622 4877 3684 4945 τῇ
3713 4875 3847 4945 θείᾳ

2264 4973 2478 5041 Γραφῇ,
2510 4968 2600 5020 τὸν
2645 4966 2751 5036 πρὸ
2796 4964 2894 5034 τῆς
2925 4964 3220 5035 ἐπιδημίας
3250 4967 3459 5037 καιρὸν,
3498 4966 3621 5020 καθ’
3664 4968 3721 5019 ὃν
3755 4968 3846 5020 ἐτι

2262 5061 2646 5133 τυραννοῦντος
2697 5057 2790 5112 τοῦ
2834 5058 3065 5123 Σατανᾶ,
3122 5058 3448 5129 κατεκράτει
3479 5060 3591 5113 τῶν
3616 5061 3707 5114 ἐπὶ⁸
3733 5062 3848 5130 τῆς

2264 5155 2367 5225 γῆς
2391 5154 2487 5223 τῆς
2519 5150 2791 5218 ἀγνωσίας
2823 5150 2851 5201 ὁ
2891 5147 3079 5211 σκότος
3103 5166 3119 5181 ο
3149 5150 3358 5221 ἡμέραν
3387 5151 3446 5204 δὲ
3494 5148 3587 5211 αὖ.
3613 5153 3707 5222 τῆς
3734 5152 3847 5205 τοῦ

2270 5241 2519 5312 Σωτῆρος
2544 5238 2700 5310 ἡμῶν
2728 5237 3022 5308 ἐπιδημίας
3048 5238 3138 5291 τὸν
3170 5240 3380 5309 χρόνον,
3407 5241 3532 5294 καθ’
3565 5241 3624 5295 ὃν
3653 5257 3849 5308 mpm-

2269 5331 2533 5403 τίσμεθα,
2576 5330 2674 5393 τὰς
2710 5332 2809 5400 τῆς
2846 5328 3077 5399 ἀληθοῦς
3127 5328 3454 5397 θεογνωσίας
3503 5332 3673 5400 αὐγὰς
3714 5332 3851 5385 εἰσ-

2270 5422 2549 5493 δεξάμενοι
2574 5421 2717 5476 κατὰ
2754 5419 2898 5485 νοῦν,
2929 5420 3024 5474 καὶ
3055 5420 3146 5474 τὸν
3177 5422 3274 5492 τῆς
3299 5422 3641 5496 δικαιοσύνης
3681 5424 3853 5494 ἥλιον

2270 5516 2383 5577 τοῖς
2409 5513 2509 5582 τῆς
2537 5511 2761 5585 καρδίας
2788 5511 2996 5582 ὄμμασι
3028 5511 3344 5581 βλέποντες·
3375 5515 3466 5567 καὶ
3499 5517 3855 5587 μαρτυρήσει

2274 5607 2445 5676 λέγων
2473 5607 2502 5659 ὁ
2527 5606 2737 5667 Παῦλος
2770 5605 2897 5675 περὶ
2924 5603 3015 5657 τοῦ
3040 5604 3233 5675 χρόνου
3258 5606 3353 5659 τοῦ
3388 5607 3494 5677 πρὸ
3521 5608 3616 5677 τῆς
3644 5609 3856 5679 ἐπειδη-

2643 5724 2687 5755 τ’
2752 5721 2893 5776 Psal.
2949 5737 3087 5785 xtvt,
3129 5721 3212 5775 I0.
3330 5723 3376 5755 ⁷³
3406 5723 3542 5778 Psal.
3571 5737 3751 5787 txxtv,
3785 5723 3857 5782 4.
