4046 6498
223 507 331 580 μίας
375 496 465 551 καὶ
491 494 588 550 τοῦ
626 495 744 549 κατ’
774 493 975 565 αὐτήν·
1009 514 1028 547 ι
1069 494 1135 548 Ἠ
1160 493 1256 558 νὺξ
1288 492 1611 566 προέκοψεν,
1644 494 1677 563 ἠ
1708 491 1766 545 δὲ
1796 502 1840 557 Α

220 596 374 669 ἡμέρα
396 589 621 659 ἢγγικεν
641 602 657 617 ⁹
688 583 1020 656 ἀποθώμεθα
1039 580 1132 638 οὖν
1149 586 1217 639 τὰ
1236 584 1376 656 ἔργα
1395 583 1490 637 τοῦ
1514 584 1757 647 σκότους,

221 686 300 743 καὶ
340 677 679 748 ἐνδυσώμεθα
717 676 788 730 τὰ
829 675 972 729 ὅπλα
999 675 1095 729 τοῦ
1139 676 1339 745 φωτὸς,
1387 675 1463 741 ὡς
1490 676 1549 729 ἐν
1579 675 1763 747 ἡμέρᾳ

220 771 537 846 ιὺδχημόνως
566 768 1053 840 περιπατήσωμεν.
1089 784 1109 817 ι
1145 765 1455 837 Νοουμένου
1476 764 1763 836 τοιγαροῦν

220 870 288 932 αις
326 862 486 917 νύκτα
522 859 615 913 τοῦ
656 858 824 913 πάλαι
862 856 1081 929 καιροῦ,
1114 857 1194 919 είς
1240 854 1452 926 ἡμέραν
1484 853 1541 907 δὲ
1576 850 1643 908 αὖ
1669 853 1764 907 τοῦ

221 957 321 1014 καθ’
354 954 410 1008 όν
453 952 675 1020 γέγονεν
707 950 992 1020 ἄνθρωπος
1045 950 1074 1001 ό
1095 946 1425 1016 Μονογενὴς,
1454 945 1634 1015 φαμὲν
1682 944 1766 998 ὅτι

220 1048 479 1121 προηγεῖτο
508 1043 607 1115 μὲν
648 1042 758 1096 τῶν
786 1041 846 1107 ἐξ
883 1039 1100 1112 Ἰσραὴλ
1129 1041 1186 1093 ὲν
1219 1036 1350 1091 εῖδει
1376 1037 1568 1108 πυρὸς,
1595 1036 1670 1099 ὡς
1692 1036 1753 1089 ὲν

219 1141 283 1211 τῷ
322 1134 690 1206 κατακρίνοντί
723 1151 785 1187 τε
826 1134 919 1186 καὶ
948 1129 1229 1195 κολάζοντι
1265 1128 1414 1198 νόμῳ
1459 1128 1754 1198 (κολάσεως

219 1232 306 1302 γὰρ
329 1228 542 1297 σημεῖον
569 1223 630 1277 τὸ
652 1223 786 1294 πῦρ)
805 1239 820 1252 ο
844 1220 1002 1292 ἡμῶν
1025 1220 1082 1275 δὲ
1103 1221 1158 1273 ὲν
1181 1218 1311 1273 εἴδει
1336 1216 1583 1287 νεφέλης,
1600 1217 1676 1280 ὡς
1698 1219 1756 1271 ἐν

216 1320 346 1388 τύπῳ
380 1314 473 1367 τοῦ
520 1312 673 1380 ἁγίου
724 1310 1096 1381 βαπτίσματος
1149 1308 1242 1362 καὶ
1289 1310 1390 1378 τῆς
1432 1306 1499 1360 δι’
1564 1306 1754 1371 ὓδατος

219 1407 479 1480 σωτηρίας.
515 1405 586 1458 Ἢ
604 1404 702 1474 ούχ
722 1402 865 1473 ὕδωρ
886 1403 921 1473 ἡ
952 1400 1147 1471 νεφέλη
1166 1411 1185 1466 ζ

926 368 1014 435 DE
1056 378 1494 435 ADORATIONE
1534 379 1600 434 IN
1641 378 1910 437 SPIRITU
1954 381 2042 436 ΕΤ
2081 381 2447 439 VERITATE.
2475 381 2602 439 L'IB.
2646 385 2734 440 III.

3339 393 3441 450 270

1869 493 2203 563 murgquod
2257 493 2462 550 Paulus
2516 504 2770 561 testatur,
2813 497 2905 553 ubi
2959 499 3026 554 de
3050 508 3293 574 tempore
3329 516 3440 559 tum

1871 584 2017 654 quod
2064 592 2193 639 ante
2231 585 2562 651 adventum,
2602 595 2718 643 tum
2762 592 2908 660 quod
2951 591 3006 647 in
3043 592 3163 663 ipso
3206 596 3440 652 adventu

1875 675 1998 740 fuit,
2023 676 2307 746 loquitur:
2341 696 2359 728 ι
2386 677 2503 733 Nox
2530 684 2833 748 praecessit,
2857 683 2975 738 dies
3028 696 3212 740 autem
3244 698 3444 758 appro-

1870 767 2187 837 pinquavit:
2216 768 2539 839 abjiciamus
2587 787 2722 843 ergo
2776 788 2945 842 opera
2991 777 3361 843 tenebrarum,
3390 789 3446 835 et

1870 859 2168 915 iuduamur
2190 876 2344 916 arma
2368 862 2509 917 lucis
2530 901 2544 925 ,
2586 863 2668 919 sic
2690 873 2754 919 ut
2780 865 2836 918 in
2863 866 2952 921 die
2996 867 3225 931 honeste
3254 872 3447 926 ambu-

1869 949 2131 1004 lemus".
2171 972 2189 1002 ι
2224 950 2432 1020 Itaque,
2461 967 2588 1007 cum
2610 963 2826 1025 tempus
2851 957 2983 1013 illud
3010 965 3171 1015 vetus
3203 961 3259 1015 in
3286 972 3445 1019 nocte

1853 1039 2225 1111 ponatur,85
2242 1057 2540 1112 rursusque
2563 1042 2699 1098 illud
2712 1044 2970 1112 alterum,
2990 1065 3099 1118 quo
3124 1051 3217 1105 Dei
3241 1052 3444 1123 Unige—

1855 1130 2005 1185 nitus
2026 1140 2112 1187 est
2142 1132 2308 1188 homo
2336 1133 2532 1199 factus,
2554 1135 2610 1189 in
2634 1135 2724 1191 die
2766 1148 3108 1207 numeretur,
3152 1144 3447 1198 asserimus

1854 1221 2006 1277 illum
2020 1224 2280 1279 Israelitis
2304 1225 2526 1294 quidem
2543 1226 2684 1297 ignis
2699 1228 2882 1298 Specie
2903 1240 3158 1301 tanquam
3184 1236 3444 1290 condem-

1854 1320 2021 1368 nante
2042 1330 2107 1370 ac
2127 1316 2388 1385 puniente
2406 1317 2525 1387 lege
2542 1318 2650 1387 (est
2663 1320 2807 1373 enim
2830 1321 2971 1391 ignis
2993 1310 3167 1392 prernat
3185 1326 3443 1398 signum);

1855 1402 2018 1457 nobis
2040 1419 2171 1459 vero
2196 1404 2360 1459 nubis
2387 1406 2570 1475 specie
2588 1414 2847 1476 tanquam
2873 1410 2927 1463 in
2950 1411 3121 1481 ﬁgura
3142 1417 3315 1469 sancti
3346 1417 3445 1470 ba-

215 1500 484 1575 ptismatis,
513 1484 816 1567 salutisque
856 1495 1006 1551 illius
1041 1510 1204 1565 quam
1229 1508 1326 1565 per
1365 1509 1559 1563 aquam
1603 1484 2015 1565 consequimur,
2050 1513 2108 1553 se
2133 1499 2329 1555 ducem
2352 1502 2668 1572 praebuisse.
2694 1503 2775 1557 An
2818 1505 2993 1560 nubes
3023 1520 3133 1562 non
3165 1522 3303 1578 aqua
3329 1514 3447 1565 est?

274 1595 466 1649 ΠΔΛΛ.
498 1591 625 1653 Πῶς
646 1591 755 1661 γάρ
784 1589 879 1655 οῦς

271 1686 419 1742 ΚΥΡ.
464 1682 970 1753 Ἐκπεφοιτηκότων
1001 1681 1059 1736 δὲ
1084 1681 1183 1752 τῆς
1210 1680 1523 1748 Αἰγυπτίων
1559 1678 1667 1733 τῶν
1698 1679 1760 1742 ἐξ

1935 1592 2137 1647 PALL.
2180 1594 2382 1661 Quidni
2408 1598 2431 1648 ?

1933 1682 2091 1736 (ΝΒ.
2145 1684 2409 1741 Israelitis
2449 1686 2617 1757 igitur
2662 1705 2728 1743 ex
2784 1690 3157 1763 .Egyptiorum
3228 1697 3447 1766 regione

223 1777 430 1849 Ἰσραὴλ,
464 1775 753 1829 ἀνεκαίετο
782 1773 919 1845 πρὸς
948 1772 1117 1844 ὀργὰς
1148 1772 1178 1824 ό
1206 1771 1376 1825 πάλαί
1403 1770 1763 1837 πλεονεκτῶν,

1870 1772 2148 1842 profectis,
2182 1791 2445 1833 accensus
2473 1790 2558 1836 est
2594 1781 2673 1836 ira
2716 1791 2877 1838 vetus
2918 1784 3007 1839 ille
3055 1785 3446 1843 dominationis

211 1870 333 1924 τοῦτ’
355 1867 497 1921 ἔστιν
515 1870 552 1920 ό
568 1864 791 1937 Φαραὼ,
812 1865 905 1919 καὶ
926 1862 1144 1919 διώκειν
1167 1863 1460 1934 ἐπεχείρει.
1486 1881 1503 1914 ι
1542 1861 1770 1928 Ἔζευξε

212 1962 305 2032 γάρ
327 1979 370 2025 ι,
397 1959 564 2029 φησὶ,
598 1976 618 2009 ι
642 1957 711 2009 τὰ
740 1958 960 2027 ἅρματα
993 1954 1158 2009 αὑτοῦ
1184 1955 1280 2009 καὶ
1309 1955 1487 2009 πάντα
1514 1954 1607 2009 τὸν
1640 1954 1771 2008 λαὸν

213 2048 587 2115 συναπενέγκαι
600 2046 717 2118 μεθ’
730 2044 947 2109 ἑαυτοῦ,
968 2046 1063 2100 καὶ
1081 2044 1260 2101 λαόὼν
1270 2045 1531 2111 ἑξακόσια
1547 2046 1615 2118 ἂρ
1624 2062 1771 2116 ματα

210 2139 452 2201 ὲιλεκτὰ,
486 2138 582 2190 καὶ
615 2138 796 2190 πᾶσαν
821 2136 921 2206 τὴν
953 2135 1117 2190 ἵππον
1152 2136 1263 2190 τῶν
1289 2135 1634 2205 Αἰγυπτίων,
1668 2134 1767 2190 καὶ

209 2229 476 2302 τριστάτας
530 2229 623 2282 ἐπὶ
665 2228 904 2283 πάντων.
970 2246 989 2280 ι
1034 2229 1143 2282 Καὶ
1194 2228 1315 2297 μεθ’
1365 2228 1530 2298 ἕτερα
1581 2227 1763 2283 πάλινσ

213 2342 231 2375 ι
272 2320 685 2390 ’Δναόλέψαντες
722 2320 781 2373 δὲ
822 2321 871 2373 oi
912 2319 1019 2373 υἱοὶ
1062 2318 1279 2391 Ἰσραὴλ
1319 2321 1430 2384 τοῖς
1463 2317 1766 2389 ὀφθαλμοῖς

207 2414 405 2486 ὁρῶσιν,
425 2414 525 2468 καί⁹
547 2413 660 2467 ἰδοὺ
680 2413 729 2466 οἰ
753 2410 1037 2481 Αἰγύπτιοι
1066 2410 1565 2479 ἐστρατοπέδευσαν
1591 2409 1764 2464 ὀπίσω

206 2506 384 2567 αὐτῶν,
412 2504 530 2557 καὶ
569 2501 916 2573 εφοϐήθησαν
955 2502 1182 2572 σφόδρα.
1246 2502 1570 2571 ’Δνεὸόησαν
1605 2500 1662 2554 δὲ
1711 2501 1762 2554 oi

207 2598 298 2650 υἱοὶ
335 2595 548 2668 Ἰσραὴλ
577 2594 713 2667 πρὸς
740 2593 963 2665 Κύριον,
1000 2594 1094 2647 καὶ
1121 2593 1485 2665 κατεφέροντο
1513 2593 1609 2648 τοῦ
1640 2595 1764 2648 Μω-

213 2691 338 2753 σέως
383 2688 688 2758 ἀναφανδὸν
732 2685 1001 2755 λέγοντες
1060 2685 1217 2755 Παρὰ
1266 2685 1327 2739 τὸ
1376 2684 1450 2757 μὴ
1497 2685 1763 2756 ὑπάρχειν

207 2783 448 2853 μνήματα
474 2782 557 2845 ὲν,
571 2784 644 2852 γῇ
676 2778 954 2850 Αἰγύπτῳ,
986 2778 1254 2849 ἐξήγαγες
1282 2779 1429 2848 ἡμᾶς
1454 2777 1760 2831 θανατῶσαι

202 2876 255 2928 ὲν
293 2877 353 2945 τῇ
386 2875 623 2945 ἱρήμῳς
661 2873 715 2926 τί
761 2872 920 2927 τοῦτο
987 2872 1251 2941 ἐποίησας
1293 2872 1423 2941 ἡμῖν
1476 2867 1758 2937 ἐξαγαγὼν

204 2967 336 3037 ἡμᾶς
380 2967 440 3031 ἐξ
483 2965 803 3034 Δίγύπτους
869 2966 944 3018 Οὐ
971 2962 1126 3018 τοῦτο
1155 2959 1225 3034 ῆν
1243 2963 1307 3016 τὸ
1333 2962 1483 3033 ῥῆμα
1507 2962 1535 3013 δ
1563 2960 1757 3031 ἐλαλή-

200 3074 357 3126 σαμεν
387 3056 533 3127 πρὸς
576 3056 636 3109 σὲ
668 3057 726 3109 ὲν
757 3055 1047 3124 Αἰγύπτῳ,
1077 3052 1360 3152 λέγοντες
1400 3051 1579 3152 Rupe;
1783 3094 1826 3152 C

201 3150 335 3211 ὅπως
353 3147 736 3219 ϐουλεύσωμεν
785 3145 1136 3214 Αἰγυπτίοιςς
1175 3144 1439 3214 κρεῖσσον
1472 3142 1580 3213 γὰρ
1611 3143 1758 3212 ἡμᾶς

196 3239 451 3293 δουλεύειν
511 3238 856 3305 Αἰγυπτίοις,
911 3236 945 3307 ἢ
1003 3234 1295 3289 ἀποθανεῖν
1334 3235 1391 3286 ἐν
1438 3235 1506 3303 τῇ
1569 3232 1760 3303 ἐρήμῳ

198 3331 376 3402 ταύτῃ.
414 3350 434 3383 ι
464 3329 619 3402 Πρὸς
645 3328 715 3382 τὰ
739 3327 922 3381 τοιάδε
968 3325 1195 3395 Μωσῆς
1232 3342 1251 3377 ι
1288 3322 1571 3395 Θαρσεῖτε,
1603 3324 1756 3393 φησὶ,

199 3424 345 3491 στῆτε
376 3422 472 3476 καὶ
499 3421 670 3490 ὁρᾶτε
688 3419 787 3489 τὴν
818 3414 1090 3487 σωτηρίαν
1116 3414 1216 3487 τὴν
1246 3415 1398 3486 παρὰ
1426 3412 1520 3467 τοῦ
1553 3414 1759 3485 Κυρίου

194 3513 257 3581 ἢν
284 3512 497 3582 ποιήσει
537 3510 671 3579 ἡμῖν
696 3509 957 3577 σήμερον.
998 3505 1094 3559 "Ov
1124 3503 1323 3575 τρόπον
1348 3502 1455 3574 γὰρ
1482 3503 1762 3575 ἑωράκατε

196 3603 515 3672 Αἰγυπτίους
542 3601 804 3671 σήμερον,
838 3597 898 3649 οῦ
922 3594 1296 3667 προσθήσεσθε
1320 3594 1401 3646 ἔτι
1422 3593 1549 3647 ἰδεῖν
1569 3594 1763 3655 αὐτοὺς

198 3696 269 3759 εἰς
293 3695 381 3748 τὸν
411 3694 591 3749 αἰῶνα
618 3691 827 3762 χρόνον.
853 3689 1056 3760 Κύριος
1085 3687 1380 3759 πολεμήσει
1412 3686 1552 3757 ὑπὲρ
1585 3687 1762 3758 ἡμῶν,

198 3791 283 3844 καὶ
307 3790 464 3859 ὑμεῖς
490 3786 767 3855 σιγήσετε.
793 3778 929 3835 Εἷπε
958 3780 1017 3834 δὲ
1049 3780 1249 3852 Κύριος
1281 3777 1417 3849 πρὸς
1440 3778 1667 3848 Μωσῆν·
1700 3778 1765 3830 Τί

198 3879 314 3950 βοᾷς
338 3879 481 3950 πρός
512 3892 624 3945 με;
666 3874 898 3943 λάλησον
929 3874 1041 3935 τοῖς
1065 3872 1203 3935 υἱοῖς
1244 3868 1482 3941 Ἰσραὴλ,
1507 3869 1601 3923 καὶ
1634 3871 1759 3923 ἀνα-

195 3969 562 4036 ζευξάτωσαν·
608 3964 703 4019 καὶ
731 3964 795 4018 σὺ
824 3962 1030 4033 ἐπαρον
1058 3960 1156 4032 τὴν
1184 3959 1377 4032 ῥάϐδον
1409 3976 1529 4021 σου,
1556 3960 1650 4014 καὶ
1683 3960 1770 4013 ἐκ·

194 4078 354 4114 τεινον
374 4060 475 4130 τὴν
495 4057 665 4130 χεῖρά
691 4073 784 4110 σου
827 4055 923 4108 ἐπὶ
947 4053 1045 4123 τὴν
1078 4053 1379 4114 θάλασσαν,
1414 4053 1508 4106 καὶ
1536 4049 1769 4122 ξήρανον

193 4153 371 4224 αὐτήν.
408 4153 524 4206 Καὶ
567 4146 960 4203 εἰσελθέτωσαν
984 4146 1035 4199 ol
1060 4145 1167 4197 υἱοὶ
1204 4143 1419 4215 Ἰσραὴλ
1468 4143 1549 4206 εἰς
1606 4142 1769 4213 μέσον

192 4244 280 4313 τῆς
306 4244 589 4313 θαλάσσης
624 4243 765 4294 κατά
788 4238 850 4292 τὸ
892 4236 1074 4308 ξηρόν.
1111 4254 1131 4287 δ
1160 4235 1272 4289 Καὶ
1303 4235 1395 4287 τόν
1424 4251 1488 4302 γε
1527 4236 1626 4303 τῆς
1646 4234 1769 4285 ἐπι-

192 4334 405 4404 κουρίας
425 4331 637 4403 τρόπον
665 4326 897 4398 φανερὸν
920 4324 1093 4378 ἐποίει
1138 4322 1296 4387 Θεόςο
1328 4341 1346 4374 ι
1387 4321 1578 4392 Ἐξῆρε
1611 4320 1716 4392 γὰρ
1742 4320 1773 4372 ό

1873 1873 2190 1934 usurpator,
2225 1866 2457 1933 Pharao,
2499 1870 2741 1941 inquam,
2768 1888 2973 1944 eosque
3003 1876 3219 1947 insequi
3252 1879 3444 1932 molie-

1874 1954 2057 2009 batur.
2086 1977 2102 2006 ι
2128 1957 2316 2013 Iunxit
2339 1959 2507 2025 enim,
2540 1982 2555 2010 ι
2578 1963 2775 2032 inquit,
2804 1985 2820 2014 ι
2845 1967 3055 2021 Ph'arao
3075 1984 3270 2024 currus
3293 1985 3443 2037 suos,

1868 2057 1925 2102 et
1949 2065 2166 2105 omnem
2202 2053 2464 2122 populum
2503 2070 2663 2111 suum
2701 2061 2996 2130 assumpsit
3042 2076 3249 2126 secum,
3274 2074 3330 2117 et
3350 2079 3447 2119 ac—

1866 2139 2016 2208 cepit
2073 2149 2363 2198 sexcentos
2413 2151 2611 2200 cu‘rrus
2666 2147 2890 2212 electos,
2919 2156 2977 2203 et
3018 2164 3235 2205 omnem
3288 2153 3447 2222 equi-

1867 2236 2039 2284 tatum
2078 2230 2475 2302 Egyptiorum,
2510 2245 2566 2290 et
2598 2236 2766 2293 duces
2806 2253 2972 2309 super
3002 2255 3193 2296 omnes
3214 2243 3294 2309 7‘;
3328 2262 3346 2293 ι
3390 2250 3450 2298 et

1864 2326 1990 2387 post
2027 2319 2133 2374 alia
2168 2336 2398 2377 rursus:
2439 2342 2457 2374 ι
2498 2324 2878 2395 Respicientes
2922 2337 3105 2384 autem
3143 2329 3239 2384 ﬁlii
3279 2332 3447 2388 Israel

1864 2410 2038 2465 oculis
2061 2412 2270 2478 vident,
2291 2424 2349 2469 et
2361 2429 2490 2470 ecce
2506 2415 2746 2488 Egyptii
2764 2422 3135 2476 castramelati
3157 2434 3312 2478 erant
3326 2434 3451 2493 post

1864 2501 2051 2571 ipsos,
2100 2514 2160 2560 et
2214 2507 2519 2563 timuerunt
2576 2510 2756 2565 valde.
2802 2511 2872 2566 Et
2921 2513 3299 2570 clamaverunt
3349 2517 3447 2571 ﬁlii

1862 2587 2025 2644 Israel
2049 2591 2120 2645 ad
2150 2592 2465 2659 Dominum,
2484 2603 2541 2650 et
2566 2596 2923 2668 insurgebant
2945 2600 3001 2654 in
3024 2601 3240 2673 Moysen
3270 2604 3448 2674 palam

1861 2678 2107 2735 dicentes
2127 2681 2255 2751 quia
2281 2697 2392 2737 non
2411 2694 2567 2739 erant
2594 2687 2845 2755 sepulcra
2881 2687 2935 2741 in
2965 2688 3221 2760 Egypto,
3253 2691 3452 2745 eduxi‘

1860 2769 1931 2822 sti
1969 2786 2087 2835 nos,
2135 2780 2198 2827 ut
2240 2772 2585 2831 interﬁceres
2610 2776 2665 2831 in
2696 2778 2947 2833 deserto?
2979 2779 3091 2834 Cur
3126 2781 3231 2836 hoe
3270 2781 3449 2838 fecisti

1859 2862 2019 2917 nobis
2036 2903 2050 2926 ,
2075 2864 2315 2921 educens
2339 2881 2440 2921 nos
2463 2882 2531 2922 ex
2554 2867 2826 2939 ZEgypto?
2860 2871 3052 2927 Nonne
3092 2873 3194 2928 iste
3225 2882 3309 2928 est
3336 2890 3452 2931 ser-

1859 2967 1949 3005 mo
1986 2969 2148 3023 quem
2200 2956 2561 3027 loquebamur
2596 2960 2664 3013 ad
2693 2967 2745 3014 te
2785 2960 2840 3015 in
2875 2960 3127 3033 Egypto,
3162 2964 3448 3021 dicentes:

1860 3043 2074 3099 Recede
2123 3061 2153 3100 a
2206 3048 2385 3113 nobis,
2433 3056 2494 3102 ut
2543 3050 2848 3105 serviamus
2909 3051 3218 3124 Egyptiis?
3282 3056 3452 3109 Multo

1858 3135 2006 3188 enim
2038 3138 2234 3192 melius
2283 3148 2405 3194 erat
2429 3140 2640 3194 servire
2677 3140 2781 3205 eis,
2842 3158 3009 3213 quam
3057 3145 3200 3198 mori
3263 3145 3317 3199 in
3348 3146 3451 3201 hac

1857 3226 2156 3283 solitudine
2180 3229 2245 3281 τ’.
2273 3247 2291 3280 ι
2316 3228 2399 3284 Ad
2444 3230 2561 3285 haec
2583 3247 2717 3286 vero
2745 3232 2957 3304 Moyses
2985 3252 2998 3287 :
3034 3254 3050 3286 ι
3082 3235 3232 3290 Βοηο
3267 3239 3452 3291 animo

1857 3325 2063 3381 estote,
2100 3318 2310 3386 inquit;
2337 3327 2499 3385 state,
2545 3329 2601 3377 et
2630 3322 2814 3378 videte
2843 3326 3074 3381 salutem
3111 3343 3232 3398 qua:
3272 3345 3303 3382 a
3338 3330 3447 3383 Do-

1859 3408 2009 3463 mino
2028 3410 2156 3475 erit,
2206 3426 2371 3480 quam
2406 3412 2570 3468 faciet
2606 3415 2765 3471 vobis
2792 3416 2984 3483 hodie,
3028 3432 3138 3473 non
3178 3419 3449 3489 adjicietis

1862 3500 2005 3555 ultra
2040 3500 2233 3557 videre
2264 3501 2417 3573 ipsos
2453 3503 2509 3558 in
2556 3506 2838 3561 saeculum.
2882 3508 3149 3564 Dominus
3188 3510 3453 3580 pugnabit

1862 3607 1965 3661 pro
2011 3592 2192 3656 nobis,
2239 3602 2297 3648 et
2341 3610 2441 3649 vos
2482 3596 2757 3651 tacebitis.
2801 3598 2949 3652 Dixit
2973 3606 3155 3653 autem
3187 3600 3455 3654 Dominus

1865 3685 1933 3739 ad
1973 3685 2193 3755 Moysen
2231 3703 2242 3736 :
2277 3685 2393 3741 Cur
2414 3688 2616 3743 clamas
2652 3687 2718 3743 ad
2752 3689 2880 3744 me?
2912 3688 3160 3760 Loquere
3197 3692 3323 3746 ﬁliis
3367 3692 3448 3747 Is-

1867 3776 2001 3841 rael,
2038 3784 2096 3830 et
2138 3776 2596 3845 proﬁciscantur;
2636 3788 2693 3834 et
2720 3789 2778 3835 tu
2814 3782 2968 3837 eleva
3013 3783 3220 3854 virgam
3273 3793 3451 3848 tuam,

1865 3877 1923 3923 et
1964 3867 2199 3923 extende
2228 3884 2450 3924 manum
2480 3880 2628 3926 tuam
2676 3873 2744 3927 ad
2777 3888 2948 3937 mare,
2988 3883 3045 3929 et
3087 3875 3233 3930 sicca
3277 3876 3410 3931 illud
3434 3918 3448 3937 ,

1869 3968 1927 4013 et
1972 3959 2353 4031 ingrediantur
2406 3961 2502 4017 ﬁlii
2549 3963 2716 4019 Israel
2756 3963 2811 4018 in
2857 3964 3098 4020 medium
3155 3967 3321 4021 maris
3355 3984 3455 4037 per

1869 4050 2166 4110 siccum".
2198 4071 2218 4103 ι
2252 4053 2433 4123 Atque
2482 4054 2672 4109 auxilii
2725 4055 2948 4110 modum
2979 4056 3333 4127 perspicuum
3373 4059 3454 4114 fe—

1872 4141 1948 4195 eit
1977 4142 2167 4199 Deus:
2206 4161 2226 4194 ι
2272 4143 2507 4200 Sustulit
2550 4159 2631 4208 se,
2678 4164 2697 4197 ι
2732 4144 2945 4216 inquit,
2990 4167 3009 4197 ι
3060 4151 3286 4219 angelus
3341 4152 3454 4205 Do-

1874 4234 2051 4299 mini,
2115 4234 2210 4305 qui
2272 4236 2619 4305 pmcedebat
2691 4247 2869 4292 castra
2938 4238 3178 4295 ﬁliorum
3242 4242 3408 4297 Israel
3436 4285 3453 4303 .

1875 4332 1931 4379 et
1950 4324 2228 4396 profectus
2257 4334 2344 4381 est
2384 4334 2684 4381 retrorsum
2720 4343 2733 4379 :
2771 4327 2996 4383 sustulit
3038 4328 3202 4384 etiam
3249 4332 3308 4384 se
3359 4346 3455 4385 co—

191 4420 407 4492 ἇγγελός
434 4422 536 4477 τοῦ
559 4420 699 4475 Θεοῦ
729 4422 758 4474 ό
785 4418 1257 4490 προπορευόμενος
1280 4415 1380 4482 τῆς
1414 4413 1766 4486 παρεμϐολῆς

1873 4416 2059 4471 lumna
2091 4415 2257 4472 nubis
2294 4433 2327 4473 a
2366 4417 2503 4473 facie
2548 4433 2765 4483 eorum,
2804 4428 2860 4475 et
2907 4420 3062 4475 stetit
3095 4431 3219 4492 post
3253 4436 3367 4484 eos,
3400 4431 3457 4477 et

191 4518 289 4571 τῶν
328 4517 462 4571 υίῶν
517 4513 759 4584 Ἰσραὴλ,
799 4510 895 4566 καὶ
944 4508 1213 4581 ἐπορεύθη
1260 4509 1324 4561 ὲκ
1369 4508 1478 4561 τῶν
1526 4506 1769 4559 ὄπισθεν’

188 4608 339 4679 ἰξῆρε
374 4608 434 4661 δὲ
493 4607 597 4660 καὶ
639 4608 669 4659 ό
697 4603 886 4667 στύλος
950 4602 1050 4672 τῆς
1085 4599 1315 4671 νεφέλης
1340 4598 1449 4653 ἀπὸ
1485 4596 1777 4670 προσώπου

187 4700 380 4761 αὐτῶν,
418 4700 517 4752 καὶ
557 4697 691 4768 iam;
724 4698 788 4750 ὲκ
815 4692 926 4747 τῶν
949 4692 1127 4747 ὀπίσω
1151 4690 1331 4746 αὐτῶν
1352 4707 1366 4722 ·
1401 4690 1498 4743 καὶ
1533 4688 1780 4761 εἰσῆλθεν

186 4793 282 4846 ἀνά
334 4792 507 4863 μέσον
572 4790 674 4860 τῆς
735 4784 1085 4859 ωρεμὸὠῆς
1139 4782 1246 4836 τῶν
1293 4782 1628 4849 Αἰγυπτίων,
1682 4777 1779 4833 καὶ

186 4884 279 4936 ἀνὰ
337 4883 509 4953 μέσον
575 4877 933 4951 παρεμϐολῆς
1002 4874 1241 4947 Ἰσραὴλ,
1307 4875 1401 4926 καὶ
1466 4871 1633 4942 ἔστη,
1684 4871 1779 4924 καὶ

184 4975 394 5041 ἐγένετο
426 4974 630 5031 σκότος
654 4972 749 5026 καὶ
771 4970 991 5039 γνόφος.
1019 4967 1132 5022 Καὶ
1156 4964 1372 5037 διῆλθεν
1392 4966 1426 5034 ἡ
1457 4962 1575 5027 νὺξ,
1598 4964 1692 5018 καὶ
1716 4963 1779 5017 οὐ

185 5065 471 5137 συνέμιξαν
492 5064 753 5133 ἀλλήλοις
778 5061 908 5131 ὅλην
932 5058 1030 5131 τὴν
1057 5056 1249 5112 νύκτα.
1282 5075 1302 5109 ι
1361 5056 1472 5111 Καὶ
1504 5055 1661 5109 ταυτί
1681 5055 1781 5125 μὲν

1882 4505 2126 4577 ingressa
2153 4516 2240 4560 est
2288 4506 2433 4562 inter
2465 4517 2646 4563 castra
2682 4508 3061 4582 Egyptiorum
3101 4521 3160 4568 et
3196 4513 3341 4569 inter
3368 4528 3458 4568 οε-

1882 4605 1995 4652 stra
2022 4596 2210 4661 Israel,
2242 4607 2301 4653 et
2329 4599 2501 4664 stetit,
2528 4609 2586 4655 et
2604 4599 2746 4656 facta
2769 4609 2855 4657 est
2892 4603 3067 4673 caligo
3093 4612 3150 4659 et
3193 4604 3453 4667 tenebrae,

1883 4695 1941 4741 et
1964 4688 2228 4758 praeteriit
2258 4704 2386 4749 nox,
2412 4698 2472 4744 et
2498 4704 2610 4744 non
2632 4692 2905 4749 commisti
2927 4702 3054 4745 sunt
3084 4692 3316 4748 invicem
3345 4702 3456 4749 tota

1884 4786 2047 4833 nocte
2062 4778 2126 4831 τ’.
2166 4797 2185 4829 ι
2221 4778 2397 4850 Atque
2441 4779 2559 4836 haec
2597 4780 2822 4853 quidem
2873 4791 3039 4853 geslaa
3088 4783 3167 4837 rei
3214 4785 3458 4841 narratio

1882 4871 2143 4927 contexit.
2196 4870 2388 4944 Operae
2433 4874 2669 4945 pretium
2723 4884 2908 4930 autem
2958 4876 3214 4934 existimo
3267 4892 3459 4934 rursus

1885 4961 2229 5018 subtiliorem
2276 4964 2475 5022 borum
2521 4968 2817 5025 verborum
2871 4984 3091 5025 sensum
3145 4969 3417 5042 inspicere
3438 5008 3455 5035 ,

1886 5053 2267 5126 acrioremque
2296 5058 2499 5115 mentis
2526 5061 2702 5117 aciem
2741 5061 2830 5116 his
2859 5061 3061 5115 litteris
3091 5060 3348 5131 adjicere.

182 5161 308 5228 ἡμῖν
341 5160 372 5211 ὁ
411 5157 517 5227 τῆς
579 5154 820 5224 ίστορίας
870 5148 1148 5218 ἐξυφαίνει
1200 5145 1379 5215 λόγος·
1420 5145 1617 5217 χρῆναι
1668 5144 1725 5198 δὲ
1770 5139 1925 5216 οἶμαι
1961 5143 2123 5199 πάλιν
2155 5147 2305 5217 ἡμᾶς
2335 5149 2433 5218 τὴν
2457 5149 2565 5203 τῶν
2590 5151 2873 5221 νοημάτων
2896 5150 3179 5219 ἀκρίϐειαν
3206 5151 3280 5218 Α)
3307 5152 3436 5204 ἰδεῖν

182 5246 371 5301 λεπτὸν
400 5246 646 5305 ἐνιέντες
676 5244 787 5304 τοῖς
815 5237 1222 5310 γεγραμμένοις
1246 5235 1340 5289 τὸν
1368 5234 1511 5289 νοῦν.

245 5338 457 5391 ΠΑΔΛ.
486 5330 647 5388 Πάνυ
678 5334 777 5403 μὲν
797 5327 913 5385 οὖν.

245 5429 407 5482 ΚΥΡ.
458 5425 775 5494 Ἐξαίρουσι
800 5419 1088 5492 τοιγαροῦν
1117 5420 1167 5472 oi.
1210 5418 1270 5483 ἐξ
1306 5418 1521 5489 Ἰσραὴλ
1560 5420 1640 5483 εἰς
1669 5419 1770 5490 τὴν

180 5521 331 5589 ἁγίαν
365 5517 702 5578 σπεύδοντες
729 5515 856 5584 γῆν,
883 5513 960 5574 ὡς
989 5514 1047 5564 ἐν
1078 5509 1253 5580 στύλῳ
1291 5509 1462 5579 πυρὸς
1493 5510 1588 5562 καὶ
1612 5512 1768 5579 νεφέ-

180 5606 270 5677 λης
313 5602 763 5675 ’προὸιὸάζοντός
792 5618 851 5655 τε
891 5601 985 5654 καὶ
1015 5598 1322 5669 ἡγουμένου
1355 5597 1513 5650 Θεοῦ.
1548 5599 1622 5651 Οὐ
1655 5600 1766 5670 γὰρ

181 5699 462 5765 {armabat
487 5695 644 5749 ἔστιν
671 5696 750 5758 εἰς
770 5692 867 5764 τὴν
895 5693 1008 5746 ἄνω
1026 5706 1083 5741 τε
1110 5691 1203 5742 καὶ
1230 5688 1389 5756 ἁγίαν
1416 5690 1763 5757 ἀφικνεῖσθαι

240 5817 284 5848 ’⁸
308 5817 471 5871 Rom.
506 5828 631 5874 xm,
671 5812 756 5877 I2,
810 5811 895 5865 13.
970 5809 1018 5840 "
1044 5804 1216 5864 Exod.
1257 5821 1365 5868 υτ,
1396 5805 1429 5860 ϐ
1458 5821 1610 5877 seqq.

242 5911 317 5977 (l)
351 5910 447 5966 Sic
483 5907 617 5964 cod.
646 5907 823 5961 Vatic.
858 5902 991 5959 Cod.
1026 5899 1238 5963 Sirleti,
1276 5897 1523 5969 καρδίαν.

1946 5329 2143 5387 PALL.
2175 5331 2255 5388 Ita
2278 5347 2507 5404 prorsus
2535 5348 2754 5389 censeo.

1944 5418 2104 5475 CYR.
2137 5420 2570 5478 Proﬁciscuntur
2599 5424 2770 5495 igitur
2799 5423 2895 5481 lilii
2930 5426 3092 5485 Israel
3115 5428 3183 5485 ad
3248 5439 3453 5491 terram

1873 5520 2116 5565 sanctam
2173 5522 2554 5582 properantes,
2608 5513 2723 5586 86
2768 5523 3027 5587 tanquam
3081 5519 3136 5575 in
3196 5523 3454 5580 columna

1870 5604 2012 5672 ignis
2042 5618 2106 5657 ac
2128 5604 2293 5659 nubis
2323 5604 2435 5662 Deo
2458 5616 2736 5676 praeeunte
2765 5615 2927 5678 atque
2952 5607 3189 5665 ducente
3214 5629 3228 5675 ;
3274 5629 3454 5684 neque

1868 5693 2016 5749 enim
2045 5695 2159 5750 ullo
2192 5695 2359 5751 modo
2393 5697 2525 5752 licet
2556 5697 2622 5754 ad
2650 5714 2944 5770 supernarr
3006 5701 3154 5756 illam
3206 5714 3452 5760 sanctam

1686 5808 1730 5839 ⁷⁷
1768 5807 1931 5873 Ibid,.
1968 5811 2151 5869 I0-I2.
2232 5815 2276 5847 ⁷⁸
2310 5814 2469 5877 Il:id.,
2524 5815 2703 5872 13-16.
2746 5816 2827 5866 1."
2868 5817 3030 5879 Ibid,
3064 5817 3150 5882 I9,
3186 5817 3275 5875 20.
