4046 6522
563 402 662 458 271

1586 399 1646 455 ε.
1684 394 1960 453 CYRILLl
1999 386 2468 449 ALEXANDRlNl
2508 382 2825 440 ARCHIEP.

3714 377 3824 433 272

557 536 668 590 que
698 518 975 574 civitatem
1005 518 1314 589 pervenire,
1342 517 1445 572 nisi
1470 516 1690 572 Christo
1727 516 1890 579 duce,
1919 513 2015 583 qui
2052 526 2142 566 sa-

2257 505 2434 565 πόλιν,
2473 503 2548 574 μὴ
2577 502 2697 571 οὐχὶ
2728 494 3143 568 καθηγουμένου
3176 491 3412 563 Χριστοῦ
3432 533 3447 556 ,
3486 492 3582 547 καὶ
3614 492 3821 565 ἐναργῆ

564 610 701 664 lutis
736 610 842 664 iter
871 609 1220 679 perspicuum
1253 607 1476 672 reddat;
1508 609 1563 661 in
1601 622 1698 661 eos
1731 614 1915 660 tamen
1943 603 2039 673 qui
2079 601 2133 655 id

2242 595 2601 657 καθιστάντος
2646 594 2745 662 τὴν
2792 590 2891 661 τῆς
2941 586 3216 657 σωτηρίας
3252 584 3391 638 666v.
3437 584 3563 648 Τοῖς
3598 598 3664 652 γε
3714 583 3825 655 μὴν

560 700 744 756 facere
780 676 1113 763 statuerunt,
1142 699 1385 754 fremunt
1402 698 1663 753 dentibus
1690 698 1896 759 hostes,
1938 695 2033 764 qui
2080 694 2135 747 in

2257 689 2395 743 :o-Ii'co
2422 688 2556 759 δρᾷν
2581 684 2882 757 ᾑρημένοις
2901 723 2917 748 ,
2948 679 3289 751 ἑπιτρίζουσι
3317 678 3417 748 μὲν
3441 678 3568 741 τοὺς
3600 676 3827 739 ὀδόντας

566 792 671 847 hoc
694 791 899 846 mundo
923 799 1246 854 versantur;
1278 789 1367 843 lex
1390 797 1579 842 contra
1599 787 1664 841 ad
1693 786 1909 841 fortiter
1934 784 2141 839 auden-

565 882 696 937 dum
723 882 995 944 hortatur,
1017 888 1182 949 atque
1214 880 1505 934 conﬁrmat
1543 886 1693 932 metu
1735 877 2035 947 perculsos,
2077 889 2141 928 ac

567 972 683 1027 fore
707 980 768 1026 ut
790 971 1233 1026 adversariorum
1262 972 1466 1026 cohors
1492 970 1672 1033 cadat,
1714 968 2001 1022 manifeste
2042 966 2139 1021 ad-

568 1062 789 1116 modum
812 1062 1085 1117 declarat:
1119 1077 1248 1116 nam
1277 1077 1345 1116 ex
1369 1076 1478 1130 quo
1499 1060 1736 1131 Egyptii
1754 1075 1785 1113 e
1804 1058 1983 1113 medio
2009 1056 2142 1110 sub-

565 1152 663 1208 lati
697 1161 848 1217 sunt,
901 1152 1007 1209 hoc
1036 1152 1230 1223 procul
1257 1152 1428 1206 dubio
1482 1150 1851 1221 signiﬁcatur;
1896 1163 1992 1203 eos
2042 1163 2143 1201 au-

569 1252 679 1297 tem
708 1242 805 1311 qui
846 1242 1170 1297 imminente
1200 1242 1345 1297 malo
1387 1240 1753 1303 terrebantur,
1790 1246 2048 1308 tanquam
2088 1238 2144 1292 in

569 1333 741 1403 ﬁgura
774 1348 968 1388 rursus
993 1334 1170 1389 sancti
1209 1331 1552 1403 baptismatis
1596 1330 1776 1384 salvos
1816 1328 1949 1384 fecit
1980 1330 2143 1384 Deus.

578 1442 595 1473 ι
624 1422 872 1491 Loquere
886 1422 1091 1487 enim,»
1117 1424 1215 1487 ait,
1249 1442 1267 1473 ι
1293 1419 1688 1484 ﬁliislsrael,et
1700 1417 2142 1489 proﬁciscantur:

568 1522 627 1569 et
657 1523 716 1569 tu
750 1515 882 1570 tolle
919 1515 1130 1585 virgam
1156 1522 1304 1568 tuam
1326 1553 1341 1576 ,
1372 1522 1429 1566 et
1465 1510 1699 1568 extende
1748 1525 1968 1564 manum
1999 1518 2148 1565 tuam

571 1617 737 1672 super
775 1616 925 1655 mare
949 1641 963 1666 ,
994 1610 1051 1655 et
1078 1600 1222 1655 sicca
1253 1600 1387 1653 illud
1412 1616 1427 1666 ;
1457 1609 1513 1654 et
1544 1598 1924 1670 ingrediantur
1950 1596 2045 1650 ﬁlii
2068 1597 2147 1651 ls-

574 1692 686 1745 rael
725 1690 781 1745 in
833 1690 1078 1745 medium
1126 1689 1372 1744 maris”.
1417 1709 1437 1740 ι
1498 1688 1678 1756 Quid?
1720 1703 1900 1743 nonne
1932 1686 2153 1741 divinus

575 1782 667 1837 ille
692 1783 894 1838 Paulus
916 1782 985 1837 de
1018 1780 1148 1837 ﬁliis
1176 1781 1343 1835 Israel
1373 1780 1587 1845 scribit,
1626 1794 1817 1835 omnes
1842 1780 1897 1833 in
1930 1778 2150 1850 Moysen

577 1871 883 1941 baptizatos
917 1870 1087 1926 fuisse
1115 1870 1173 1924 in
1201 1869 1349 1925 nube
1380 1878 1438 1925 et
1465 1869 1520 1924 in
1553 1870 1691 1924 mari
1712 1870 1796 1921 ⁸¹ἳ

646 2052 843 2107 PALL.
879 2052 1097 2106 Fateor.

644 2141 972 2213 CYR.'0pus
1000 2143 1166 2213 igitur
1182 2150 1288 2207 est,
1305 2141 1400 2211 qui
1424 2140 1579 2210 sequi
1602 2139 1881 2194 Christum
1902 2136 2153 2206 cupiunt,

575 2245 631 2290 et
665 2234 733 2289 ad
767 2250 1065 2304 supernam
1094 2235 1240 2289 illam
1271 2233 1548 2288 civitatem
1573 2238 1887 2301 prOperant,
1918 2245 2014 2285 eos
2047 2245 2156 2284 non

579 2328 637 2381 in
669 2327 787 2397 lege
816 2327 1115 2380 consistere
1146 2340 1327 2395 neque
1361 2322 1638 2377 mandatis
1665 2336 1787 2390 quae
1814 2337 1911 2390 per
1938 2321 2158 2390 Moysen

582 2419 708 2473 data
734 2426 865 2471 sunt
888 2417 1121 2471 ﬁrmiter
1161 2416 1450 2481 inhaerere,
1476 2426 1533 2471 et
1556 2416 1615 2469 in
1654 2414 1889 2478 umbris,
1937 2411 2157 2482 ﬁguris~

578 2525 687 2581 que
744 2506 989 2573 versari;
1048 2508 1140 2563 sed
1196 2508 1491 2578 proﬁcisci,
1541 2515 1597 2561 et
1640 2505 1749 2560 alio
1801 2504 2060 2566 transire,
2089 2502 2157 2557 ad

577 2613 831 2659 sanctum
868 2616 1065 2671 nempe
1096 2600 1365 2669 baptisma
1400 2617 1414 2652 :
1443 2598 1495 2653 id
1518 2598 1667 2653 enim
1698 2597 1877 2652 fecere
1925 2595 2005 2649 illi
2056 2595 2159 2649 ho-

580 2696 763 2751 mines
786 2695 882 2765 qui
910 2693 1043 2748 olim
1074 2706 1141 2745 ex
1183 2688 1280 2744 Dei
1315 2695 1591 2758 praecepto
1624 2700 1722 2756 per
1752 2684 1928 2739 undas
1953 2683 2161 2738 medias

580 2786 813 2857 ingressi
856 2793 1006 2849 sunt,
1046 2790 1122 2846 et,
1165 2791 1225 2836 ut
1249 2780 1452 2836 Paulus
1483 2779 1579 2843 ait,
1627 2778 1685 2831 in
1721 2777 1860 2831 mari
1915 2775 2158 2845 baptiza—

581 2876 820 2941 bantur;
855 2883 970 2928 tum
999 2871 1146 2927 enim
1184 2870 1421 2938 denique
1462 2869 1640 2939 ipsum
1665 2865 1761 2921 Dei
1787 2874 1843 2920 et
1874 2865 2159 2918 hominum

582 2964 942 3018 mediatorem
974 2961 1253 3017 Christum
1288 2959 1475 3014 Jesum
1508 2957 1812 3027 adjutorem
1857 2953 2157 3008 habebunt.

582 3055 820 3109 Verbum
849 3054 996 3108 enim
1020 3066 1146 3106 cum
1169 3059 1315 3105 esset
1343 3051 1506 3112 Deus,
1528 3064 1656 3103 caro
1683 3048 1889 3102 factum
1915 3054 2034 3107 est;
2065 3045 2160 3114 qui

582 3144 727 3198 idem
764 3144 871 3199 alia
897 3158 1115 3213 quoque
1140 3141 1349 3195 ratione
1390 3140 1657 3195 mediator
1684 3148 1789 3203 est,
1820 3137 2159 3209 gubernandi

582 3251 777 3307 nempe
805 3236 1038 3299 ratione,
1071 3242 1132 3289 ut
1157 3233 1251 3304 qui
1277 3233 1493 3288 medius
1519 3232 1773 3287 incedere
1814 3232 1985 3286 soleat
2017 3231 2161 3285 inter

582 3329 821 3384 cultores
843 3342 975 3382 suos
1007 3332 1065 3382 et
1105 3341 1296 3380 eorum
1334 3324 1713 3388 insectatores,
1751 3338 1856 3379 nec
1898 3322 2159 3394 congredi

583 3434 680 3475 eos
702 3420 847 3474 inter
867 3435 927 3474 se
944 3417 1319 3488 permittat,§et
1334 3416 1521 3471 hostes
1543 3415 1612 3469 ab
1630 3414 1945 3470 incursione
1968 3414 2158 3484 prohi-

582 3510 729 3566 beat.
763 3528 781 3559 ‹
818 3508 1055 3563 Sustulit
1074 3507 1221 3562 enim
1242 3522 1321 3573 se,
1357 3526 1374 3557 ι
1412 3506 1613 3576 inquit,
1651 3524 1669 3557 ι
1707 3506 1933 3577 angelus
1960 3504 2077 3568 Dei,
2104 3514 2159 3558 et

584 3600 838 3655 columna
864 3599 1048 3663 nubis,
1067 3606 1122 3654 et
1141 3598 1386 3669 ingressa
1410 3598 1660 3653 estinter
1680 3605 1857 3651 castra
1877 3597 2037 3651 Israel
2061 3615 2073 3650 :
2104 3605 2160 3650 et

586 3705 697 3744 non
732 3687 1007 3743 commisti
1047 3694 1175 3741 sunt
1209 3686 1353 3741 inter
1386 3700 1444 3740 se
1478 3691 1591 3738 tota
1622 3693 1783 3739 nocte
1801 3684 1866 3735 δ’.
1910 3703 1928 3734 ›
1978 3682 2037 3736 ln
2061 3698 2158 3736 an-

583 3781 706 3853 gelo
746 3788 931 3835 autem
954 3779 1158 3843 denuo,
1199 3786 1360 3847 atque
1387 3776 1445 3831 in
1487 3776 1742 3830 columna
1787 3775 1953 3830 nubis
1997 3773 2156 3828 Chri-

585 3881 703 3926 stus
728 3869 1095 3941 signiﬁcatur;
1135 3876 1361 3923 vocatur
1392 3866 1541 3921 enim
1570 3880 1773 3921 nomen
1796 3867 1937 3937 ejus,
1987 3885 2005 3916 ι
2038 3882 2157 3920 ma-

585 3963 676 4035 gni
701 3962 915 4017 consilii
943 3960 1183 4031 Angelus
1202 3960 1270 4012 ⁸³.
1299 3979 1317 4009 ι

656 4152 853 4210 PALL.
886 4154 1051 4223 Ergo,
1085 4151 1215 4206 dum
1256 4151 1510 4207 Christus
1533 4160 1619 4206 est
1649 4148 1877 4217 medius:
1900 4147 2157 4218 iuterjcc-

586 4255 695 4310 tus,
722 4260 835 4301 non
860 4259 1215 4300 conseremus
1246 4258 1441 4297 manus
1460 4257 1583 4298 cum
1610 4241 1677 4297 iis
1716 4241 1811 4312 qui
1841 4256 2156 4311 oppugnare

583 4353 684 4392 nos
708 4337 959 4408 cupiunt.

652 4428 814 4483 CYR.
853 4427 931 4482 lta
972 4442 1060 4482 res
1088 4434 1205 4490 est;
1256 4432 1403 4480 recte
1453 4422 1732 4492 intelligis.
1776 4419 1914 4477 illud
1974 4430 2156 4476 tamen

584 4519 785 4583 dicam,
821 4519 930 4589 87
965 4530 1196 4587 nequea
1224 4529 1344 4569 mea
1399 4514 1690 4578 sententia,
1734 4520 1797 4567 ut
1845 4511 2059 4583 opinor,
2110 4511 2159 4566 is

2239 779 2448 833 οἱκατὰ
2476 777 2626 830 τόνδε
2660 776 2753 829 τὸν
2784 773 2985 843 κόσμον
3013 770 3238 842 ἐχθροὶ,
3269 768 3579 839 παραθήγει
3615 785 3680 836 γε
3715 768 3830 836 μὴν

2241 872 2322 932 εἰς
2346 867 2633 937 εὐτολμίαν
2661 867 2690 918 6
2710 864 2875 935 νόμος
2935 862 3032 916 καὶ
3061 859 3474 931 παραθαρσύνει
3514 857 3834 928 πεφοϐημέ-

2243 979 2372 1025 νους
2395 976 2411 991 ⁸
2448 960 2543 1014 καὶ
2585 960 2668 1012 ὅτι
2697 959 2948 1011 πεσεῖται
2978 954 3088 1007 τῶν
3122 952 3383 1006 ἐναντίων
3417 951 3479 1004 τὸ
3521 954 3732 1020 στῖφος,
3760 946 3831 1003 εὖ

2248 1052 2391 1123 μάλα
2417 1049 2715 1120 καταδηλοῖ
2732 1065 2747 1078 ·
2772 1047 2835 1099 τὸ
2864 1046 2975 1116 γάρ
2997 1046 3064 1097 ὲκ
3094 1041 3271 1095 ποδῶν
3306 1039 3559 1108 γενέσθαι
3582 1040 3712 1103 τοὺς
3738 1040 3835 1092 Ai-

2244 1144 2504 1214 γυπτίους
2530 1140 2679 1195 τουτί
2705 1156 2808 1192 που
2840 1138 3060 1199 πάντως
3082 1137 3218 1205 ἡμῖν
3242 1132 3619 1186 ὑπαινίττεται
3649 1147 3665 1164 ο
3697 1132 3833 1193 τοῦς

2245 1235 2301 1287 δὲ
2321 1237 2376 1286 ὲν
2403 1220 2586 1301 φόϐοις
2606 1230 2766 1292 ὄντας
2792 1227 2888 1281 τοῦ
2912 1225 3129 1289 παθεῖν,
3153 1224 3231 1286 ὡς
3260 1225 3318 1276 ὲν
3347 1222 3505 1293 τύπῳ
3541 1222 3706 1276 πάλιν
3730 1220 3835 1275 τοῦ

2248 1326 2404 1394 ἁγίου
2436 1322 2805 1393 βαπτίσματος
2840 1316 3064 1381 διέσωζε
3117 1315 3274 1378 Θεός.
3302 1334 3321 1366 ι
3357 1314 3605 1384 Δάλησον
3633 1314 3765 1384 γὰρ,
3804 1330 3829 1363 ι

2248 1418 2402 1487 φησὶ,
2441 1433 2459 1464 ι
2500 1416 2613 1476 τοῖς
2643 1414 2775 1475 υἱοῖς
2822 1408 3055 1480 Ἰσραὴλ,
3085 1408 3183 1461 καὶ
3219 1404 3696 1471 ἀναζευξάτωσαν·
3732 1404 3836 1457 καὶ

2250 1509 2314 1561 σὺ
2346 1506 2547 1576 έπαρον
2576 1505 2675 1575 τὴν
2711 1501 2905 1573 ῥάϐδον
2934 1516 3052 1561 σου,
3099 1500 3194 1553 καὶ
3229 1498 3481 1551 ἔκτεινον
3522 1498 3625 1567 τὴν
3668 1495 3836 1567 χεῖρά

2251 1615 2343 1651 σου
2372 1598 2464 1652 ἐπὶ
2498 1596 2596 1668 τὴν
2632 1595 2925 1658 θάλασσαν,
2957 1594 3051 1646 καὶ
3078 1592 3311 1663 ξήρανον
3346 1591 3517 1659 αὑτήν
3543 1607 3557 1620 ·
3592 1591 3690 1643 καὶ
3718 1592 3838 1642 εισ-

2249 1691 2550 1745 ελθέτωσαν
2608 1690 2658 1741 οἱ
2709 1687 2819 1740 υἱοὶ
2874 1685 3093 1757 Ἰσραὴλ
3158 1685 3241 1748 είς
3287 1683 3449 1754 μέσον
3478 1683 3580 1749 τῆς
3622 1681 3836 1735 θαλάσ-

2254 1800 2372 1854 σης.
2434 1800 2454 1832 ι
2495 1782 2566 1834 Ἥ
2615 1780 2713 1851 οὐχ
2766 1780 2795 1831 6
2852 1778 3142 1840 Θεσπέσιος
3191 1776 3397 1847 γράφει
3432 1774 3643 1839 Παῦλος
3702 1774 3840 1846 περὶ

2253 1875 2361 1928 τῶν
2393 1873 2526 1928 υίῶν
2563 1871 2781 1943 Ἰσραὴλ
2802 1910 2819 1936 ,
2859 1870 2945 1923 ὅτι
2996 1870 3201 1933 πάντες
3231 1868 3315 1931 είς
3349 1868 3443 1920 τὸν
3489 1867 3667 1940 Μωσῆ
3702 1866 3835 1920 ἔϐα-

2187 1947 2227 2001 B
2258 1966 2559 2035 πτίσθησαν
2587 1969 2644 2020 ὲν
2688 1968 2753 2036 τῇ
2785 1962 2985 2033 νεφέλη
3017 1962 3113 2015 καὶ
3141 1953 3205 2013 ἒν
3228 1962 3294 2031 τῇ
3324 1959 3607 2031 θαλάσσῃὶ

2328 2056 2535 2111 ΠΑΛΛ.
2562 2056 2846 2127 Σύμφημι.

2328 2151 2493 2204 ΚΥΡ.
2543 2150 2662 2219 Χρὴ
2703 2146 2996 2218 τοιγαροῦν
3039 2145 3165 2207 τοὺς
3202 2142 3515 2198 ἀκολουθεῖν
3551 2140 3842 2202 ἐθέλοντας

2256 2241 2334 2311 τῷ
2365 2240 2605 2312 Χριστῷ,
2637 2240 2734 2294 καὶ
2756 2239 2893 2308 πρὸς
2925 2238 3023 2307 τὴν
3054 2237 3168 2291 ἄνω
3199 2236 3527 2298 σπεύδοντας
3555 2235 3731 2297 πόλιν,
3757 2233 3841 2303 μὴ

2257 2334 2504 2404 ὲνιζῆσαι
2540 2331 2619 2402 τῷ
2656 2332 2806 2401 νόμῳ
2832 2371 2847 2395 ,
2890 2329 3024 2401 μηδὲ
3050 2330 3172 2392 ταῖς
3207 2326 3296 2381 διὰ
3322 2327 3569 2389 Μωσέως
3594 2325 3842 2388 ἐντολαῖς

2257 2424 2649 2497 άμεταστάτως
2678 2421 3188 2491 ὲγκαταυλίζεσθαι,
3215 2420 3310 2475 καὶ
3332 2422 3513 2483 σκιαῖς
3532 2420 3630 2473 καὶ
3642 2419 3842 2481 τύποις

2257 2514 2681 2586 ἐμφιλοχωρείνο
2716 2513 3111 2582 ἀναζευγνύναι
3146 2513 3203 2567 δὲ
3236 2511 3436 2583 μᾶλλον
3464 2513 3561 2564 καῖ
3594 2528 3842 2581 μεταχωο

2262 2607 2372 2675 ρεῖν
2413 2605 2679 2676 ἑτέρωσε,
2716 2604 2858 2657 τοῦτ’
2886 2604 3056 2667 ἐστιν,
3101 2602 3195 2655 ἐπὶ
3240 2603 3301 2655 τὸ
3342 2601 3498 2670 ἅγιον
3530 2601 3840 2671 βάπτισμα.

2259 2697 2428 2750 Τοῦτο
2450 2695 2560 2768 γὰρ
2604 2696 2775 2768 ἔδρων
2807 2697 2856 2748 ot
2885 2695 3056 2749 πάλαι
3085 2694 3229 2748 κατὰ
3263 2694 3560 2766 πρόσταξιν
3586 2692 3722 2746 Θεοῦ
3748 2693 3842 2746 διὰ

2263 2787 2444 2857 μέσων
2475 2788 2658 2851 ’ἰόντες
2691 2786 2971 2856 κυμάτων,
3001 2785 3095 2839 καὶ
3128 2785 3203 2847 ὡς
3229 2785 3257 2837 6
3286 2783 3494 2845 Παῦλός
3540 2800 3727 2854 φησιν,
3784 2784 3844 2837 ἰν

2260 2878 2500 2949 θαλάσσῃ
2533 2877 2918 2947 βαπτιζόμενοι
2936 2894 2952 2906 ο
2982 2875 3107 2929 τότε
3134 2876 3245 2946 γάρ
3267 2875 3331 2946 δὴ
3355 2918 3370 2939 ,
3399 2876 3521 2928 τότε
3556 2876 3654 2929 καὶ
3682 2876 3844 2928 αὐτὸν

2259 2968 2466 3035 ἕξουσιν
2503 2970 2716 3040 ἀρωγὸν
2735 2968 2827 3023 τὸν
2855 2966 2991 3023 Θεοῦ
3018 2985 3079 3020 τε
3111 2969 3206 3021 καὶ
3235 2966 3539 3037 ἀνθρώπων
3572 2966 3801 3036 μεσίτην
3821 3006 3837 3029 ,

2260 3062 2491 3134 Χριστὸν
2531 3061 2759 3133 Ἰησοῦν.
2801 3060 2935 3123 Θεὸς
2961 3060 3070 3131 γὰρ
3096 3059 3171 3113 ὢν
3194 3061 3222 3112 6
3245 3059 3439 3127 Λόγος,
3462 3059 3655 3126 γέγονε
3683 3058 3842 3127 σάρξ

2260 3154 2354 3206 καὶ
2382 3153 2503 3207 καθ’
2530 3153 2720 3223 ἕτερον
2747 3152 2806 3206 δὲ
2842 3151 3066 3223 τρόπον,
3105 3151 3333 3221 μεσίτην
3368 3149 3730 3220 οἰκονομικῶς
3761 3150 3841 3212 ὼς

2261 3244 2349 3297 διὰ
2391 3243 2557 3314 μέσου
2590 3245 2791 3314 χωρεῖν
2822 3243 3054 3296 εἰωθότα
3089 3242 3200 3295 τῶν
3238 3258 3297 3294 τε
3335 3240 3643 3312 σεϐομένων
3682 3240 3843 3294 αὑτὸν

2266 3335 2361 3389 καὶ
2383 3335 2491 3389 τῶν
2513 3335 2818 3388 διωκόντων
2834 3335 3149 3398 αὐτοὺς,καί
3167 3333 3499 3404 συμμίσγειν
3518 3334 3620 3386 οὐκ
3639 3332 3840 3396 ἐῶντα,

2263 3427 2363 3489 τάς
2390 3443 2451 3479 τε
2473 3425 2581 3477 τῶν
2613 3425 2869 3479 ἐναντίων
2889 3424 3114 3495 ἐφόδους
3133 3424 3543 3478 άποκωλύοντα.
3582 3444 3605 3476 ι
3645 3424 3842 3494 Ἐξῆρσ

2265 3518 2391 3588 γὰρ,
2421 3535 2441 3565 ι
2473 3517 2661 3586 φησιν,
2695 3534 2714 3566 ι
2743 3516 2775 3567 ὁ
2796 3513 3026 3584 ἄγγελος
3046 3513 3141 3566 τοῦ
3170 3513 3327 3572 Θεοῦ.
3346 3513 3442 3566 καὶ
3462 3514 3492 3565 6
3532 3511 3727 3574 στύλος
3743 3512 3844 3582 τῆς

2265 3607 2493 3677 νεφέλης
2516 3644 2533 3671 ,
2576 3608 2674 3661 καὶ
2720 3606 2968 3676 εἰσῆλθεν
3016 3606 3118 3660 ἀνὰ
3154 3606 3319 3676 μέσον
3352 3605 3453 3676 τῆς
3487 3604 3841 3675 παρεμϐολῆς

2264 3693 2371 3746 τῶν
2399 3694 2729 3762 Αἰγυπτίων,
2757 3695 2851 3747 καὶ
2887 3693 2990 3747 ἀνὰ
3026 3694 3187 3764 μέσον
3216 3695 3317 3763 τῆς
3346 3694 3701 3765 παρεμϐολῆς
3739 3696 3840 3748 ἰσο

2267 3784 2425 3854 ραὴλ,
2455 3784 2550 3838 καὶ
2571 3785 2630 3837 οὐ
2674 3781 2969 3855 συνέμιξαν
2996 3784 3247 3855 ἀλλήλοις
3284 3783 3417 3855 ὃλην
3447 3784 3548 3855 τὴν
3576 3784 3768 3838 νύκτα.
3814 3802 3832 3835 ι

2277 3873 2364 3936 Ὠς
2392 3874 2450 3926 ὲν
2478 3873 2697 3944 ἀγγέλῳ
2724 3873 2782 3927 δὲ
2818 3873 2979 3929 πάλιν
3034 3874 3132 3926 καὶ
3155 3874 3233 3937 ὡς
3263 3874 3324 3926 ὲν
3355 3872 3531 3943 στύλῳ
3556 3872 3788 3943 νεφέλης
3810 3874 3839 3925 6

2264 3962 2499 4032 Χριστὸς
2528 3962 2875 4034 σημαίνεται.
2918 3963 3180 4017 Καλεῖται
3207 3963 3315 4035 γὰρ
3348 3963 3417 4017 τὸ
3447 3963 3622 4034 ὄνομα
3654 3964 3835 4027 αὑτοῦ,

2272 4074 2291 4106 ι
2316 4055 2558 4126 μεγάλης
2591 4054 2787 4127 βουλῆς
2816 4055 3096 4123 Ἄγγελος.
3124 4075 3141 4106 ι

2332 4148 2539 4200 ΠΑΛΛ.
2567 4146 3008 4211 Μεσολαϐοῦντος
3036 4147 3144 4219 ἄρα
3164 4147 3422 4219 Χριστοῦ,
3443 4152 3556 4213 τοῖς
3586 4150 3834 4219 πολεμεῖν

2264 4236 2538 4293 ἐθέλουσιν
2566 4239 2630 4293 οὐ
2662 4238 3004 4310 συμμίξομεν
3032 4257 3048 4305 ;

2334 4413 2629 4470 ΚΥΡ.Ὦδε
2650 4434 2747 4487 μεν
2766 4418 2879 4488 ἔχει
2891 4430 2949 4471 το
2964 4418 3170 4488 χρῆμα·
3194 4420 3333 4480 νοεῖς
3352 4419 3460 4489 γὰρ
3474 4420 3673 4489 ὀρθῶς.
3693 4424 3835 4491 Πλὴν

2264 4508 2436 4563 ἐκεῖνό
2466 4525 2630 4579 φημι,
2662 4510 2754 4563 καὶ
2781 4511 2881 4563 οὐκ
2912 4510 3021 4564 ἀπὸ
3066 4509 3291 4577 σκοποῦ,
3331 4511 3584 4585 καθάπερ
3605 4509 3833 4586 ἐγῷμαι,

585 4611 867 4666 aberrabit
887 4610 983 4681 qui
1011 4608 1229 4673 dixerit,
1253 4623 1373 4671 nos,
1399 4608 1445 4663 si
1485 4606 1727 4678 superati
1764 4622 1794 4660 a
1830 4606 2153 4678 voluptuosa

2263 4599 2324 4653 τὸ
2352 4600 2541 4655 δοκοῦν
2571 4603 2877 4673 οἰχήσεται·
2908 4603 3033 4671 ἄρτι
3076 4604 3176 4673 μὲν
3209 4604 3316 4675 γάρ
3347 4605 3449 4674 τῆς
3477 4606 3755 4677 φιληδόνου
3775 4625 3835 4661 τε

586 4701 972 4769 mundanaque
997 4700 1107 4754 vita
1131 4697 1411 4753 discedere
1436 4696 1864 4762 decreverimus,
1896 4713 1960 4752 ac
1999 4696 2153 4768 sequi

2265 4694 2358 4747 καὶ
2386 4695 2681 4765 ἐγκοσμίου
2708 4694 2856 4765 ζωῆς
2884 4695 3499 4768 ὰποφοιτᾷνῄρημένοι,
3523 4698 3753 4753 ἕπεσθαί
3773 4717 3835 4753 τε

583 4810 750 4865 quam
803 4792 1041 4849 maximo
1070 4792 1258 4848 studio
1314 4792 1411 4846 Dei
1467 4791 1613 4861 leges
1672 4790 2155 4857 constituerimus,

583 4885 830 4941 nondum
872 4892 1056 4939 tamen
1089 4881 1359 4937 fuerimus
1413 4880 1588 4935 sancti
1638 4879 1976 4950 baptismatis
2032 4895 2158 4951 gra-

584 4980 715 5032 tiam
742 4973 1047 5037 consecuti,
1077 4985 1422 5041 nequequam
1443 4970 1574 5025 satis
1602 4969 1772 5025 fortes
1806 4977 1899 5024 aut
1937 4977 2158 5039 paratos

583 5076 731 5120 certe
778 5065 846 5119 ad
893 5063 1170 5119 molestias
1217 5058 1525 5115 tolerandas
1573 5058 1708 5123 fore,
1737 5068 1795 5112 ct
1842 5058 2159 5113 subeundos

586 5172 684 5224 pro
739 5156 940 5208 virtute
990 5152 1227 5216 labores,
1275 5159 1438 5219 atque
1496 5148 1562 5203 ad
1611 5147 1879 5203 bellorum
1916 5148 2159 5217 pericula

586 5239 926 5309 perferenda.
950 5237 1423 5305 Quemadmodum
1458 5236 1603 5289 enim
1647 5244 1844 5290 tenene
1889 5237 2153 5290 arbuscu-

585 5336 648 5388 ιω
666 5332 1173 5387 vehementissimos
1201 5331 1332 5386 solis
1354 5330 1539 5386 radios
1560 5330 1702 5385 ferre
1744 5340 2029 5395 recusant,
2056 5345 2155 5384 ne-

585 5442 691 5496 quc
708 5440 901 5497 parum
920 5424 1187 5480 laedantur
1209 5424 1256 5479 si
1282 5432 1573 5479 ventorum
1598 5422 1918 5478 videntium
1950 5422 2157 5491 impetu

588 5517 926 5587 quatiantur,
958 5516 1188 5586 ideoque
1220 5532 1447 5586 prorsus
1483 5531 1622 5586 opus
1661 5514 1864 5569 habent
1882 5513 2161 5570 nonnullis

582 5626 648 5664 ex
674 5619 792 5663 arte
826 5608 1177 5679 adjumentis,
1208 5618 1373 5679 atque
1412 5607 1753 5663 munimento
1770 5611 1888 5676 :quo
1921 5604 2159 5660 circum-

584 5712 838 5782 legantur
877 5718 888 5753 :
919 5700 1020 5763 sic,
1056 5699 1272 5770 Opinor,
1315 5700 1483 5756 etiam
1527 5698 1767 5754 hominis
1805 5698 1986 5753 anima
2038 5712 2163 5768 qua:

2262 4786 2370 4839 δεῖν
2396 4788 2477 4840 ὅτι
2495 4787 2730 4858 μάλιστα
2755 4787 3199 4852 διεσπουδακότες
3216 4792 3329 4852 τοῖς
3349 4789 3443 4843 τοῦ
3466 4790 3605 4845 Θεοῦ
3631 4794 3835 4864 νόμοις,

2262 4878 2416 4934 οὔπω
2446 4897 2511 4949 γε
2548 4879 2653 4951 μὴν
2682 4880 2779 4951 τὴν
2813 4880 2901 4934 διὰ
2935 4881 3029 4934 τοῦ
3075 4882 3236 4951 ἁγίου
3268 4883 3647 4955 βαπτίσματος
3676 4903 3835 4940 κατα-

2263 4972 2663 5043 πλουτήσαντες
2685 4972 2867 5045 χάριν,
2900 4973 2960 5026 οὐ
2998 4972 3121 5026 λίαν
3142 4975 3315 5045 ἐσμὲν
3334 4976 3613 5041 εὐσθενεῖς
3630 5015 3645 5041 ,
3674 4980 3835 5049 ῆγουν

2264 5063 2560 5132 ὲπιτήδεωι
2583 5065 2720 5134 πρὸς
2740 5063 2806 5117 τὸ
2833 5066 3030 5135 χρῆναι
3047 5066 3376 5142 οῐςλητιιειιθεῖν,⁵
3390 5068 3487 5122 καὶ
3508 5069 3831 5139 ἀνασχέσθαι

2266 5153 2440 5207 πόνων
2472 5153 2579 5209 τῶν
2613 5155 2753 5226 ὑπὲρ
2778 5156 2985 5225 ἀρετῆς
3006 5195 3021 5221 ,
3060 5158 3157 5211 καὶ
3208 5158 3461 5229 πολέμων
3507 5163 3703 5231 πεῖραν
3743 5159 3831 5214 δύο

2264 5244 2454 5298 νασθαι
2474 5245 2789 5314 διενεγκεῖν.
2801 5248 3007 5317 ’Ὠσπερ
3028 5248 3085 5301 δὲ
3111 5248 3180 5301 τὰ
3209 5250 3471 5320 άρτιθαλῆ
3502 5251 3617 5304 τῶν
3634 5250 3831 5320 φυτῶν,

2262 5336 2362 5405 τῆς
2395 5338 2770 5407 ἀκμαιοτάτης
2815 5340 2912 5409 μὲν
2945 5339 3040 5393 τοῦ
3086 5341 3241 5411 ἡλίου
3280 5341 3441 5413 βολῆς
3486 5346 3827 5416 παραιτεῖται

2255 5427 2316 5479 τὸ
2349 5427 2565 5496 βλάϐος,
2589 5429 2857 5484 ἀδικοῖντο
2880 5430 2924 5483 δ’
2958 5431 3025 5485 ἂν
3055 5433 3118 5485 οὐ
3145 5432 3401 5503 μετρίως,
3433 5436 3483 5487 εἰ
3509 5437 3827 5505 πνευμάτων

2254 5519 2513 5587 ἐμϐολαῖς
2555 5521 2921 5591 άγριωτέραις
2972 5522 3475 5595 διακραδαίνοιντο,
3530 5526 3612 5581 δεῖ
3655 5526 3711 5580 δὲ
3754 5525 3827 5596 δὴ

2256 5609 2473 5673 πάντως
2506 5611 2691 5675 αὐτοῖς
2732 5612 2844 5665 τῶν
2882 5613 2945 5665 ὲκ
2978 5614 3174 5684 τέχνης
3216 5616 3692 5687 ἑπικουρημάτων,
3726 5615 3829 5665 καὶ

2256 5702 2355 5771 τῆς
2374 5703 2431 5755 ὲν
2456 5701 2640 5773 κύκλῳ
2662 5701 2957 5773 περιϐολῆς
2982 5721 2996 5735 ’
3025 5706 3164 5759 κατὰ
3185 5710 3277 5761 τὸν
3302 5708 3487 5773 αὐτὸν,
3509 5704 3673 5778 οἶμαι,
3702 5722 3825 5758 του-

656 5799 897 5853 εοίζιοά.
936 5797 1245 5863 xiv,l5-l6.
1313 5798 1355 5831 ⁸³
1392 5797 1573 5852 lCor.
1618 5813 1670 5862 ι,
1695 5796 1777 5849 2..
1826 5796 1870 5826 δ’
1901 5794 2077 5849 Exod.
2110 5812 2153 5850 χι

2263 5797 2354 5863 ΞΟ,
2404 5799 2496 5853 21.
2562 5800 2606 5832 ⁸³
2648 5799 2772 5853 lsai.
2809 5814 2882 5864 Ix,
2912 5802 2968 5873 6,
