4046 6530
213 418 297 478 973

911 414 1001 469 DE
1038 410 1479 468 ADORATIONE
1514 410 1581 467 IN
1619 410 1891 470 SPIRITU
1931 416 2019 472 ET
2054 419 2421 476 VERITA'I‘E.
2458 422 2585 477 LIB.
2630 422 2721 477 III.

3316 422 3425 477 278

212 532 303 590 τονὶ
335 527 524 600 τρόπον
570 524 719 596 καὶὴ
750 524 843 579 τοῦ
886 524 1172 598 ἀνθρώπου
1199 524 1366 597 ψυχὴ,
1401 524 1526 597 ἄρτι
1549 524 1652 595 τῆς
1680 528 1746 580 ἐκ

1861 546 2024 603 super
2059 551 2090 590 e
2118 538 2381 593 servitute
2404 539 2667 595 vitiorum
2691 519 3001 602 emerserat,
3029 538 3093 593 ad
3115 539 3425 593 meliorem-

213 622 365 680 παθῶν
383 619 621 681 δουλείας
640 618 996 689 ἐκτρέχουσα,
1025 620 1118 673 καὶ
1137 619 1272 688 πρὸς
1292 619 1361 673 τά
1381 618 1589 689 ἀμείνω
1617 619 1748 689 μεθ-

212 709 513 787 ορμιςομένη
541 753 556 776 ,
614 711 710 764 καὶ
747 710 825 781 τῷ
865 710 993 781 θείῳ
1023 710 1442 767 κατακολουθεῖν
1490 712 1751 767 ἐθέλουσα

212 808 350 875 νόμῳ,
371 801 733 872 τρυφερόνους
758 800 819 853 τέ
851 805 971 855 ἐστι
994 803 1089 855 καὶ
1112 802 1475 874 εὐαφεστέρα,
1502 803 1595 858 καὶ
1621 803 1753 857 ἀνα.

215 897 389 952 σοδοῖτο
419 893 675 956 εὐκόλως,
710 893 901 945 ἀνόπιν
932 892 1132 963 ἱδρῶτα
1168 894 1468 965 τεθεαμένη
1528 894 1623 948 καὶ
1659 912 1755 950 πο-

212 991 349 1058 λέμου
366 985 544 1055 νόμον,
574 983 848 1037 ἀσπαστὸν
868 983 923 1038 δὲ
945 986 1207 1055 ἡγήσεται
1233 986 1294 1039 τὸ
1318 988 1377 1040 ἐν
1396 981 1478 1049 οἷς
1506 981 1576 1056 ἦν
1623 1002 1754 1040 ποτε

212 1076 512 1148 διαγενέσθαι
548 1076 731 1131 πάλιν.
773 1077 881 1130 Καὶ
923 1076 1053 1145 γοῦν
1085 1079 1134 1129 οί
1177 1077 1238 1144 ἐξ
1278 1076 1496 1149 Ἰσραὴλ
1519 1077 1617 1148 τὴν
1644 1076 1754 1130 τῶν

211 1166 488 1238 Αἰγυπτίων
523 1167 842 1237 τεθεαμένοι
874 1168 1252 1239 παρασκευὴν,
1288 1167 1544 1240 καὶπρὸς
1586 1168 1755 1240 μόνην

212 1258 287 1313 τοῦ
311 1256 535 1326 πολέμου
568 1256 663 1328 τὴν
689 1256 819 1310 θέαν
846 1259 1231 1329 ἀπειρηκότες,
1257 1259 1554 1328 ἐπεφύοντο
1571 1259 1755 1329 λέγον-

210 1367 283 1413 τες
306 1347 374 1419 τῷ
397 1346 663 1418 θεσπεσίῳ
687 1349 883 1421 Μωσῇ·
926 1368 944 1401 ι
984 1350 1058 1403 Οὐ
1088 1350 1246 1404 τοῦτο
1281 1352 1431 1421 ῥῆμα
1453 1345 1522 1421 ἦν
1554 1350 1586 1404 ὃ
1629 1351 1755 1405 ἐλα-

210 1441 418 1512 λήσαμεν
441 1441 498 1492 ἐν
534 1438 794 1510 Αἰγύπτῳ
822 1443 955 1511 πρὸς
986 1442 1045 1494 σέ
1067 1441 1337 1510 λέγοντες,
1367 1442 1545 1514 Πάρες
1570 1445 1742 1514 ἡμᾶς.

207 1534 332 1596 ὅπως
376 1530 751 1602 δουλεῦσωμεν
793 1535 905 1596 τοῖς
947 1533 1302 1600 Αίγυπτίοιςς
1352 1537 1608 1606 κρεῖσσον
1646 1535 1756 1606 γάρ

209 1625 331 1697 ἡμᾶς
353 1623 617 1677 δουλεύειν
642 1624 962 1693 Αἰγυπτίοις
978 1664 993 1689 ,
1016 1626 1048 1696 ἢ
1068 1626 1360 1682 ἀποθανεῖν
1381 1628 1439 1681 ἐν
1468 1630 1534 1699 τῇ
1566 1628 1757 1699 ἐρήμῳ

205 1715 372 1788 ταύτῃ.
414 1735 431 1767 ι
482 1716 691 1769 Οὐκοῦν
723 1716 960 1789 ἀδρανὴς
995 1719 1076 1781 είς
1111 1717 1313 1789 μάχην,
1344 1718 1437 1773 καὶ
1466 1718 1605 1789 πρὸς
1631 1718 1755 1773 δου-

205 1807 331 1862 λείαν
366 1807 720 1877 ἐτοιμοτάτη,
765 1808 861 1862 καὶ
930 1809 1370 1880 εὐκαταπτόητος
1414 1809 1606 1881 κομιδῇ
1651 1810 1757 1881 πρὸ

204 1899 283 1953 τοῦ
305 1897 453 1967 ἁγίου
494 1898 866 1971 βαπτίσματος
902 1902 938 1971 η
965 1901 1058 1955 τοῦ
1096 1900 1384 1972 ἀνθρώπου
1411 1902 1587 1972 ψυχή·
1626 1902 1759 1956 είδέ

204 1992 258 2063 δὴ
276 1991 501 2061 τυχοῦσα
528 1993 627 2063 τῆς
644 1993 866 2063 χάριτος
887 1993 984 2064 τὴν
1014 1993 1075 2058 ἐξ
1096 1993 1265 2065 ὕψους
1290 1994 1521 2065 δύναμιν
1548 1996 1759 2066 ἀμφιά-

205 2098 335 2136 σαιτο
359 2122 375 2146 ,
428 2082 831 2138 εὐσθενέστατα
869 2082 969 2153 μὲν
1009 2085 1360 2155 ἀντεγκομιεῖ
1388 2088 1501 2149 τοῖς
1538 2085 1759 2139 διώκειν

203 2174 440 2238 ἐθέλουσι,
463 2175 563 2229 καὶ
586 2176 932 2246 διαμαχεῖται
952 2177 1237 2245 γενναίως,
1264 2179 1437 2249 ῥᾷστα
1468 2179 1514 2233 δ’
1549 2178 1616 2233 ἂν
1642 2178 1761 2232 δια-

203 2266 471 2335 κρούσαιτο
497 2266 601 2331 τὰς
624 2268 733 2322 τῶν
762 2268 1034 2339 πολεμίων
1059 2271 1490 2333 ἐπαναστάσεις,
1526 2286 1760 2342 στρατη-

201 2357 399 2426 γοῦντός
422 2377 483 2413 τε
513 2361 609 2414 καὶ
641 2360 1072 2432 προασπίζοντος
1095 2362 1353 2433 Χριστοῦ.
1385 2363 1759 2434 Περιεσόμεθα

200 2449 292 2520 γὰρ
319 2450 413 2522 οὐχ
445 2451 653 2523 ἐτέρως
675 2452 709 2523 ἢ
739 2453 885 2507 κατὰ
912 2452 1102 2506 τοῦτον
1129 2451 1290 2506 αὑτὸν
1318 2452 1410 2506 τὸν
1429 2453 1649 2522 τρόπον.

260 2541 455 2595 IIAAA.
500 2541 708 2595 Σκόπει
748 2543 813 2614 δὴ
857 2539 951 2596 οὖν
988 2542 1078 2596 διὰ
1106 2543 1278 2598 ποίων
1314 2545 1446 2614 ήμῖν
1473 2545 1568 2597 καὶ
1602 2544 1761 2597 τοῦτο

200 2625 561 2703 παραστήσεις
598 2634 1094 2705 παραδειγμάτων
1141 2635 1443 2707 ἀπορήσεις
1486 2635 1596 2707 γὰρ
1642 2633 1759 2689 οὔτι

196 2740 284 2777 που
291 2763 304 2777 ο

256 2818 408 2870 ΚΥΡ.
433 2816 541 2871 Διά
567 2818 833 2872 πλείστων
853 2820 952 2889 μὲν
980 2814 1073 2874 οὖν
1106 2820 1246 2874 ὅσων
1270 2818 1581 2884 καταδεῖξαι
1605 2820 1755 2890 ῥᾷον,

196 2908 320 2978 πλὴν
348 2909 455 2963 ἀπό
509 2925 578 2978 γε
608 2910 825 2980 πρώτου
847 2909 942 2964 τοῦ
976 2911 1247 2978 γείτονος,
1278 2912 1372 2965 καὶ⁸
1403 2912 1462 2978 ἐξ
1492 2905 1568 2964 ὧν
1597 2911 1760 2975 αὐτὸς

197 3003 460 3073 γέγραφεν
490 3005 526 3056 ὁ
553 3003 758 3074 Μωσῆς
782 3020 795 3032 ·
818 3005 867 3057 οί
892 3004 998 3074 γὰρ
1024 3004 1161 3074 πρὸς
1205 3005 1373 3076 μόνην
1400 3005 1761 3075 ἀπειρηκότες

191 3094 286 3146 τῶν
315 3094 635 3162 Αἰγυπτίων
680 3094 777 3165 τὴν
803 3093 954 3157 θέαν,
984 3094 1174 3165 ἐπειδὴ
1219 3095 1318 3166 τὴν
1365 3095 1632 3168 Ἐρυθρὰν
1678 3096 1758 3149 δι-

1850 641 1955 695 que
1979 626 2188 698 frugem
2230 630 2486 693 evaserit,
2517 647 2580 687 ac
2614 631 2711 685 Dei
2749 630 2923 701 legem
2965 630 3119 699 sequi
3166 630 3425 695 voluerit,

1850 720 2083 778 delicata
2104 723 2285 778 adhuc
2311 730 2368 778 et
2389 723 2607 778 mollior
2642 738 2766 778 cum
2792 723 2883 785 sit,
2913 723 3007 776 ubi
3045 722 3299 777 sudorem
3337 724 3427 776 vi-

1850 812 1995 868 derit
2039 813 2394 883 laboremque
2451 830 2665 885 pugnae,
2708 821 2859 869 metu
2901 814 3215 884 perterrita,
3268 813 3427 869 facile

1853 912 2004 976 terga
2042 915 2236 969 vertet,
2269 905 2619 977 optabileque
2654 906 2821 962 ducet
2841 920 2906 960 ea
2943 915 3190 977 repetere
3227 907 3281 960 in
3308 907 3429 976 qui-

1852 995 1957 1052 bus
1988 1005 2148 1052 antea
2181 998 2520 1052 versabatur.
2565 998 2753 1067 Itaque
2799 997 3080 1062 Israeliue,
3115 1012 3239 1051 cum
3266 996 3429 1069 Aigy-

1852 1084 2092 1156 ptiorum
2127 1097 2444 1157 apparatum
2472 1088 2762 1152 vidissent,
2790 1096 2953 1159 atque
2980 1089 3044 1145 ad
3072 1105 3266 1160 pugna:
3294 1106 3429 1145 con-

1852 1184 2100 1246 spectum
2127 1178 2392 1234 duntaxat
2423 1178 2636 1235 animos
2671 1179 3021 1250 abjecissent,
3050 1181 3426 1252 insurgebant.

1854 1267 2102 1326 dicentes
2122 1270 2339 1343 Moysi:
2390 1289 2410 1323 ι
2445 1271 2639 1327 Nonne
2689 1272 2794 1327 hoc
2843 1280 2963 1326 erat
3003 1272 3233 1327 verbum
3282 1273 3428 1343 quod

1854 1360 2025 1415 locuti
2048 1376 2237 1418 sumus
2257 1363 2325 1418 ad
2344 1371 2397 1419 te
2427 1363 2483 1419 in
2506 1363 2757 1435 Egypto,
2785 1363 3059 1418 dicentes:
3084 1363 3307 1419 Dimitte
3331 1380 3431 1419 nos

1859 1460 1923 1507 ut
1971 1454 2278 1510 serviamus
2301 1454 2608 1527 Egyptiis?
2632 1454 2830 1508 melius
2859 1454 3006 1508 enim
3038 1463 3158 1508 erat
3182 1469 3281 1509 nos
3314 1470 3430 1509 scr-

1854 1544 1972 1599 vire
1999 1543 2286 1615 Egyptiis,
2310 1561 2473 1615 quam
2502 1547 2644 1601 mori
2683 1548 2739 1601 in
2777 1548 2996 1602 deserto
3023 1546 3128 1601 hoc
3144 1546 3191 1577 ⁸³
3217 1586 3230 1599 .
3269 1564 3287 1597 ι
3328 1546 3431 1599 lm-

1854 1633 2014 1691 bellis
2034 1652 2166 1707 ergo
2186 1637 2254 1692 ad
2276 1654 2512 1709 pugnam
2532 1646 2696 1709 atque
2734 1639 2802 1693 ad
2832 1638 3185 1693 metuendum
3229 1638 3431 1709 procli-

1854 1727 1971 1791 vis,
2024 1738 2081 1784 et
2116 1729 2387 1798 ejusmodi
2439 1745 2562 1800 quae
2606 1729 2899 1785 admodum
2956 1728 3114 1784 facile
3163 1728 3429 1783 deterreri

1858 1819 2053 1888 possit,
2086 1820 2265 1874 anima
2294 1821 2535 1877 hominis
2570 1828 2653 1877 est
2684 1829 2811 1877 ante
2859 1837 3077 1876 sacrum
3124 1820 3428 1891 baptisma:

1860 1915 1937 1971 at,
1969 1909 2014 1962 si
2039 1910 2151 1979 jam
2182 1908 2326 1966 facta
2347 1912 2469 1982 ejus
2508 1913 2697 1982 gratim
2734 1927 2977 1982 compos,
3013 1911 3163 1967 illam
3209 1928 3275 1966 ex
3322 1912 3432 1965 alto

1858 1998 2119 2055 virtutem
2160 2000 2348 2057 induta
2373 2002 2561 2068 fuerit,
2597 2011 2713 2059 tum
2755 2020 2888 2059 vero
2928 2003 3225 2059 fortissime
3288 2002 3433 2057 obsi-

1856 2097 1966 2143 stet
1989 2092 2243 2161 persequi
2277 2094 2647 2162 cupientibus,
2682 2111 2746 2150 ac
2786 2104 3008 2150 strenue
3042 2095 3324 2165 pugnabit;
3356 2094 3434 2149 fa-

1857 2180 2063 2236 cillime
2086 2197 2305 2253 quoque
2337 2185 2601 2255 impetum
2630 2170 2872 2241 bostium
2905 2186 3182 2251 retundet,
3214 2184 3431 2240 Christo

1858 2279 1974 2326 tum
2011 2272 2171 2336 duce,
2213 2280 2329 2328 tum
2366 2284 2793 2347 propugnatore.
2834 2275 3023 2345 Neque
3071 2276 3218 2331 enim
3275 2276 3433 2331 aliter

1859 2370 2022 2433 quam
2052 2364 2155 2419 bac
2180 2381 2287 2420 una
2318 2366 2530 2421 ratione
2559 2367 2874 2438 superiores
2889 2369 3115 2423 erimus.

1929 2557 2127 2611 PALL.
2163 2558 2298 2613 Vide
2347 2559 2513 2629 igitur
2556 2559 2759 2629 quibus
2794 2560 2900 2616 hoc
2949 2561 3115 2615 etiam
3172 2562 3435 2631 exemplis

1859 2649 2285 2705 confirmaturus
2321 2651 2435 2717 sis;
2464 2668 2644 2723 neque
2682 2652 2829 2708 enim
2862 2668 3054 2707 eorum
3095 2653 3307 2724 copiam
3337 2654 3433 2708 tbi

1859 2737 2167 2793 defuturam
2198 2748 2352 2809 puto.
3212 2750 3213 2753 “

1926 2828 2086 2884 CYR.
2122 2828 2551 2901 Quamplurimis
2586 2831 2643 2888 id
2672 2831 2894 2904 quidem
2920 2834 3185 2905 exemplis
3213 2834 3438 2890 demon-

1859 2926 2035 2974 strare
2082 2920 2341 2989 perfacile
2389 2932 2506 2990 est;
2566 2932 2982 2989 verumtamen,
3019 2925 3257 2996 primum
3304 2925 3436 2980 illud

1859 3008 1985 3073 erit,
2021 3010 2167 3079 quod
2190 3020 2247 3065 et
2272 3012 2580 3081 proximum
2610 3019 2713 3078 est,
2754 3020 2811 3068 et
2842 3014 2957 3082 ipse
2987 3014 3197 3086 Moyses
3239 3013 3437 3068 litteris

1862 3098 2173 3153 mandavit:
2204 3100 2297 3171 qui
2330 3102 2479 3156 enim
2508 3102 2624 3157 solo
2666 3112 2889 3172 aspectu
2930 3104 3303 3175 Egyptiorum
3336 3102 3435 3159 de-

192 3186 377 3252 έὸησαν
430 3186 733 3251 θάλασσαν,
773 3189 866 3241 καὶ¹
913 3190 1004 3243 τὸν
1042 3188 1137 3242 τοῦ
1183 3188 1341 3256 ἁγίου
1390 3188 1759 3258 βαπτίσματος

1865 3189 2198 3258 sponderant
2246 3190 2477 3254 animos,
2524 3200 2715 3260 postea
2774 3207 2937 3261 quam
2991 3193 3239 3248 Rubrum
3285 3208 3435 3248 mare

188 3280 441 3350 ἐπλήρουν
472 3279 652 3333 τύπον
678 3280 1119 3352 (ἐϐαπτίσθησαν
1144 3281 1274 3353 γὰρ,
1303 3282 1489 3352 φησὶν,
1523 3284 1604 3344 είς
1632 3282 1761 3336 Μω-

190 3366 311 3426 σέα,
341 3368 605 3440 καθάπερ
650 3369 749 3422 καὶ
782 3369 812 3421 δ
850 3371 1013 3437 σοφὸς
1057 3370 1261 3441 γράφει
1308 3361 1550 3433 Παῦλος,
1596 3372 1655 3423 ἐν
1690 3373 1758 3442 τῇ

186 3458 364 3529 νεφέλῃ
392 3460 488 3512 καὶ
509 3460 577 3511 ἐν
597 3461 663 3529 τῇ
683 3460 966 3533 θαλάσσῃ),
1008 3462 1234 3533 μάχιμοί
1254 3480 1313 3517 τε
1346 3464 1443 3535 ἤδη
1477 3466 1570 3518 καὶ
1601 3464 1762 3518 δεινοὶ

186 3549 310 3619 πρὸς
337 3550 664 3605 ἀντίστασιν
693 3553 1065 3608 ἀνεδείκνυντο
1083 3558 1197 3619 τοῖς
1222 3556 1455 3627 ἐχθροῖς,
1485 3557 1626 3629 πλὴν
1676 3556 1763 3611 διὰ

183 3640 424 3710 Χριστοῦ.
458 3643 788 3714 Γέγραπται
820 3645 877 3698 δὲ
901 3644 1095 3708 οὕτως’
1147 3664 1166 3697 ι
1206 3642 1382 3700 *Ηλθε
1408 3649 1466 3702 δέ
1509 3647 1761 3720 Ἀμαλὴκ

188 3734 271 3785 καὶ
313 3734 580 3802 ἐπολέμει
639 3735 856 3807 Ἰσραὴλ
892 3737 951 3789 ἐν
994 3737 1234 3805 Ῥαφδίν.
1279 3734 1429 3794 Εἷπε.
1458 3740 1515 3792 δέ
1557 3740 1763 3810 Μωσῆς

185 3824 254 3894 τῷ
300 3826 511 3896 Ἰησοῦ·
552 3826 836 3894 Ἐπίλεξαι
871 3828 1083 3900 σεαυτῷ
1111 3829 1313 3900 ἄνδρας
1342 3830 1630 3895 δυνατοὺς.
1668 3833 1762 3885 καὶ

186 3919 404 3984 ἐξελθὼν
450 3921 773 3992 παράταξαι
819 3922 898 3994 τῷ
944 3923 1190 3995 Ἀμαλὴκ
1238 3922 1462 3996 αὔριονο
1509 3925 1604 3979 καὶ
1654 3925 1761 3979 ίδοῦ

185 4012 284 4079 ἐγὼ
315 4012 531 4083 ἕστηκα
557 4013 654 4065 ἐπὶ
676 4013 776 4083 τῆς
811 4013 1059 4084 κορυφῆς
1127 4014 1223 4068 τοῦ
1249 4014 1459 4085 βουνοῦ,
1488 4016 1638 4087 καὶὴ
1671 4018 1765 4086 ῥά-

185 4103 294 4167 ϐδος
316 4103 410 4157 τοῦ
441 4103 585 4158 Θεοῦ
613 4105 670 4158 ἐν
697 4107 763 4175 τῇ
794 4105 938 4176 χειρί
968 4122 1089 4175 μου.
1115 4107 1224 4160 Καὶ
1247 4107 1499 4177 ἐποίησεν
1539 4108 1764 4178 Ἰησοῦς,

185 4192 435 4264 καθάπερ
452 4192 615 4263 αὑτῷ
638 4188 759 4246 εἷπε
780 4193 1007 4264 Μωσῆς,
1033 4193 1127 4248 καὶ
1153 4193 1387 4259 ἐξελθὼν
1417 4197 1766 4267 παρετάξατο

183 4283 253 4351 τῷ
288 4285 541 4354 ’Δμαλήκ
562 4300 577 4315 ’
602 4283 698 4336 καὶ
728 4284 963 4352 Μωσῆς,
996 4284 1091 4337 καὶ
1140 4284 1371 4355 Ἀαρὼν,
1401 4287 1496 4340 καὶ
1523 4287 1625 4359 “np
1672 4288 1767 4340 ἀν-

184 4373 374 4443 έδησαν
391 4376 491 4428 ἐπὶ
514 4373 617 4445 τὴν
650 4373 888 4445 κορυφὴν
913 4373 1007 4426 τοῦ
1031 4373 1356 4444 βουνοῦ.Καὶ
1384 4377 1614 4445 ἐγίνετο,
1641 4378 1769 4431 ὅταν

1865 3279 2219 3348 trajecerunt,
2245 3294 2307 3333 ac
2333 3279 2508 3334 sancti
2544 3280 2887 3350 baptismatis
2923 3280 3151 3353 ﬁguram
3187 3282 3441 3354 expleve-

1862 3377 1992 3424 runt
2022 3369 2309 3440 (baptizati
2340 3385 2575 3439 namque
2600 3380 2727 3425 sunt
2763 3371 2819 3425 in
2843 3371 3083 3444 Moysen,
3126 3380 3189 3426 ut
3218 3373 3437 3444 sapien-

1863 3460 2071 3516 tissime
2091 3461 2282 3516 scribit
2308 3462 2508 3517 Paulus
2523 3462 2587 3526 3“,
2614 3462 2673 3516 in
2717 3463 2831 3533 88
2872 3464 3020 3519 nube
3060 3472 3116 3520 et
3157 3464 3214 3519 in
3251 3464 3435 3534 mari),

1864 3552 2033 3608 fortes
2059 3554 2169 3623 jam
2202 3568 2266 3608 ac
2299 3562 2556 3609 strenuos
2580 3569 2637 3608 se
2668 3554 2732 3608 ad
2775 3554 3140 3611 resistendum
3187 3555 3439 3612 hostibus

1865 3643 2250 3713 praebuerunt;
2303 3659 2413 3699 non
2460 3654 2643 3699 tamen
2687 3646 2807 3699 sine
2847 3644 3087 3703 Christo.
3135 3644 3227 3701 Sic
3288 3647 3435 3702 enim

1865 3736 2131 3805 scriptum
2157 3744 2239 3791 est
2263 3755 2278 3790 :
2320 3737 2510 3793 «Venit
2534 3746 2718 3793 autem
2749 3737 2991 3802 Amalec,
3013 3745 3070 3793 et
3091 3739 3438 3810 Oppugnabat

1864 3827 2028 3882 Israel
2052 3828 2107 3881 in
2138 3828 2452 3898 Raphidim.
2492 3829 2638 3884 Dixit
2671 3838 2853 3884 autem
2877 3829 3086 3902 Moyses
3105 3830 3298 3886 Josue:
3328 3830 3440 3886 Eli-

1865 3935 1930 3990 ge
1965 3920 2062 3974 tibi
2094 3920 2245 3975 viros
2270 3927 2543 3990 potentes,
2572 3927 2627 3974 et
2655 3936 2907 3992 egressus
2947 3921 3283 3992 congredere
3312 3937 3438 3975 cum

1865 4012 2085 4068 Amalec
2118 4028 2272 4078 cras;
2307 4020 2504 4068 etecce
2535 4028 2637 4083 ego
2665 4013 2822 4067 stabo
2859 4012 2913 4066 in
2939 4014 3141 4068 vertice
3173 4013 3349 4077 collis,
3383 4022 3441 4068 et

1865 4102 2014 4171 virga
2045 4102 2142 4157 Dei
2180 4100 2236 4156 in
2272 4117 2436 4156 manu
2460 4117 2600 4156 mea.
2640 4102 2709 4156 Et
2733 4101 2863 4157 fecit
2887 4102 3074 4168 Josue,
3114 4103 3256 4159 sicut
3301 4104 3441 4159 dixit

1867 4193 1919 4248 ei
1951 4194 2180 4264 Moyses,
2208 4201 2264 4247 et
2288 4194 2478 4248 exiens
2520 4208 2846 4263 congressus
2895 4201 2982 4248 est
3014 4210 3139 4249 cum
3182 4195 3435 4251 Amalec:

1868 4295 1924 4341 et
1955 4286 2164 4357 Moyses
2185 4294 2241 4341 et
2270 4285 2451 4340 Aaron
2473 4292 2529 4339 et
2559 4285 2675 4339 Hur
2699 4285 3065 4340 ascenderunt
3096 4286 3152 4341 in
3176 4286 3438 4342 verticem

1871 4376 2044 4432 collis.
2075 4377 2141 4431 Et
2171 4376 2375 4430 factum
2400 4383 2502 4439 est,
2535 4374 2754 4444 quando
2797 4375 3048 4430 elevabat
3086 4376 3297 4448 Moyses
3322 4394 3438 4434 ma-

137 4472 141 4486 ‘
183 4465 342 4536 ἐπῆρε
368 4466 588 4536 Μωσῆς
613 4465 713 4527 τὰς
736 4467 925 4535 χεῖρας
959 4465 1251 4537 κατίσχυεν
1286 4466 1522 4539 Ἰσραὴλ,
1556 4470 1683 4522 ὅταν
1711 4470 1760 4522 δὲ

1872 4483 1997 4532 nus,
2033 4467 2361 4538 praevalebat
2386 4466 2583 4531 Israel;
2630 4465 2850 4535 quando
2900 4474 3081 4519 autem
3128 4466 3442 4522 remittebat

181 4554 378 4625 καθῆκε
403 4555 509 4620 τὰς
544 4559 757 4627 χεῖρας,
787 4560 1078 4627 κατίσχυεν
1120 4556 1384 4637 Ἀμαλῄκ.
1413 4538 1476 4613 At
1500 4560 1555 4613 δὲ
1584 4563 1760 4631 χεῖρες

1870 4573 2084 4622 manus,
2127 4557 2461 4627 praevalebat
2506 4556 2746 4612 Amalec.
2802 4555 2992 4613 Manus
3034 4567 3218 4613 autem
3270 4559 3438 4631 Moysi

179 4647 345 4717 Μωσῆ
364 4647 618 4719 βαρεῖαι,
635 4649 726 4700 καὶ
748 4646 999 4711 λαϐόντες
1013 4646 1156 4700 λίθον
1181 4648 1457 4719 ἐπέθηκαν
1477 4649 1568 4701 ὑπ’
1584 4650 1765 4712 αὐτὸν,

181 4736 266 4789 καὶ
281 4738 525 4809 ἐκάθητο
537 4739 631 4792 ἐπ’
662 4738 845 4803 αὐτοῦ,
865 4740 959 4792 καὶ
990 4738 1220 4810 Ἀαρὼν,
1251 4740 1345 4793 καὶ
1368 4741 1466 4811 Ὣρ
1486 4740 1769 4811 ἐστήριζον

178 4830 267 4893 τὰς
308 4834 511 4903 χεῖρας
549 4832 719 4887 αὐτοῦ
739 4873 754 4895 ,
783 4831 1034 4887 ἐντεῦθεν
1066 4828 1178 4898 εἷς,
1230 4839 1323 4887 καὶ
1356 4834 1604 4889 ἐντεῦθεν
1648 4830 1729 4900 εἷς
1751 4853 1764 4866 ’

179 4922 266 4975 καὶ
291 4923 546 4993 ἐγίνοντο
594 4926 651 4977 ai
688 4928 874 4996 χεῖρες
901 4909 1070 4996 Μωσῇ
1105 4928 1495 4998 ἐστηριγμέναι
1538 4929 1641 4992 ἐως
1681 4929 1771 4982 δυο

178 5009 342 5086 σμῶν⁸
373 5016 540 5087 ἡλίου
570 5033 583 5046 ·
642 5018 735 5070 καὶ
775 5015 1038 5086 ἐτρέψατο
1088 5017 1293 5087 Ἰησοῦς
1328 5018 1418 5071 τὸν
1478 5019 1724 5091 Ἀμαλὴκ
1748 5060 1762 5083 ,

178 5106 263 5157 καὶ
300 5106 487 5160 πάντα
523 5104 625 5158 τὸν
666 5104 792 5157 λαὸν
821 5103 984 5158 αὑτοῦ
1032 5106 1090 5157 ἐν
1124 5104 1268 5175 φόνῳ
1304 5106 1595 5178 μαχαίρας.
1630 5103 1765 5160 Εῖπε

174 5198 227 5250 δὲ
258 5199 470 5270 Κύριος
500 5197 652 5269 πρὸς
676 5198 879 5267 Μωσῆν
902 5212 916 5226 ·
943 5196 1308 5267 Κατάγραψον
1342 5196 1501 5250 τοῦτο
1527 5200 1607 5261 είς
1632 5215 1765 5268 μνη-

180 5289 409 5357 μόσυνον
442 5292 507 5342 ἐν
544 5288 743 5359 βιϐλίῳ
765 5328 780 5352 ,
814 5289 909 5341 καὶ¹
947 5288 1036 5350 δὸς
1067 5289 1148 5351 είς
1174 5286 1245 5341 τά
1267 5282 1384 5341 ὦτα
1440 5288 1617 5360 Ἰησοῦ
1643 5332 1657 5356 ,
1685 5291 1766 5343 ὅτι

176 5380 367 5451 ἀλοιφῇ
392 5377 681 5447 ἐξαλείψω
720 5377 781 5431 τὸ
811 5376 1150 5447 μνημόσυνον
1184 5375 1429 5447 Ἀμαληκ
1450 5378 1512 5430 ἐκ
1532 5378 1634 5447 τῆς
1664 5378 1768 5431 ὑπὸ

178 5472 264 5525 τδν
306 5472 574 5544 οὐρανόν.
626 5471 735 5523 Καὶ
776 5468 1092 5539 ᾠκοδόμησε
1131 5469 1337 5539 Μωσῆς
1384 5468 1770 5540 θυσιαστήριον

176 5565 248 5634 τῷ
286 5567 487 5636 Κυρίῳ
507 5605 524 5629 ,
561 5562 666 5617 καὶ
698 5561 1023 5631 ἐπωνόμασε
1050 5560 1111 5613 τὸ
1146 5561 1314 5630 ὄνομα
1351 5560 1538 5625 αὐτοῦ,
1565 5561 1770 5633 Κύριος

180 5657 470 5726 καταφυγή
508 5671 648 5725 μου,
682 5654 762 5707 ὅτι
784 5655 842 5707 ἐν
870 5652 1012 5723 χειρὶ
1044 5652 1289 5723 κρυφαία
1309 5651 1535 5721 πολεμεῖ
1566 5652 1771 5723 Κύριος

178 5747 266 5799 ἐπὶ
307 5746 575 5819 ’Δμαλὴκ
614 5744 722 5797 ἀπὸ
743 5743 946 5813 γενεῶν
975 5746 1054 5806 εἰς
1084 5743 1295 5811 γενεάς.
1339 5762 1355 5795 ι

236 5861 281 5892 ⁸³
313 5860 496 5917 Exod.
531 5874 654 5924 xxv,
713 5858 795 5913 I2.
872 5858 915 5889 “
972 5855 1149 5912 ICor.
1198 5873 1251 5920 χ,
1287 5858 1338 5909 9..

1866 4663 2057 4719 graves
2077 4657 2264 4703 erant:
2298 4656 2354 4702 et
2386 4647 2721 4717 accipientes
2756 4647 3014 4719 lapidem,
3039 4660 3443 4720 supposuerunt

1866 4739 1970 4793 sub
1994 4754 2082 4802 eo,
2109 4746 2166 4793 et
2195 4739 2338 4793 sedit
2370 4753 2536 4808 super
2558 4754 2707 4803 eum,
2744 4747 2800 4795 et
2827 4739 3006 4795 Aaron
3049 4750 3106 4796 et
3153 4741 3271 4797 Ilur
3318 4756 3441 4799 sus-

1867 4830 2153 4885 tentabant
2184 4846 2378 4886 manus
2404 4833 2543 4901 ejus,
2576 4831 2705 4886 hinc
2731 4847 2894 4897 unus,
2922 4843 2978 4887 et
3012 4833 3143 4887 hinc
3180 4834 3346 4889 alter:
3386 4846 3444 4889 et

1867 4923 2094 4977 fuerunt
2118 4939 2309 4977 manus
2328 4923 2497 4994 Moysi
2525 4931 2843 4979 sustentatae
2864 4940 3037 4994 usque
3073 4923 3139 4979 ad
3188 4939 3439 4978 occasum

1872 5016 2031 5069 solis:
2061 5024 2116 5070 et
2149 5015 2354 5084 fugavit
2380 5015 2542 5070 Josue
2575 5013 2795 5069 Amalec
2832 5023 2887 5069 et
2931 5030 3145 5069 omnem
3180 5014 3439 5084 populum

1872 5105 1992 5174 ejus
2028 5104 2083 5158 in
2123 5102 2399 5157 occisione
2437 5101 2621 5172 gladii.
2672 5100 2818 5155 Dixit
2858 5106 3038 5154 autem
3074 5099 3337 5153 Dominus
3373 5098 3441 5152 ad

1876 5195 2095 5266 Moysen
2124 5212 2135 5247 :
2178 5192 2370 5248 Scribe
2396 5193 2500 5247 hoc
2523 5192 2590 5247 ad
2630 5190 2953 5246 memoriam
2994 5188 3229 5253 inlibro,
3265 5196 3323 5244 et
3350 5189 3444 5244 da-

1874 5287 1960 5342 bis
1994 5287 2049 5341 in
2077 5301 2236 5341 aures
2267 5286 2472 5351 Josue;
2522 5283 2780 5354 quoniam
2802 5280 3073 5335 deletione
3103 5280 3296 5335 delebo
3326 5297 3443 5336 me-

1867 5378 2097 5433 moriam
2122 5376 2342 5431 Amalec
2381 5376 2449 5431 de
2478 5376 2581 5430 sub
2611 5374 2768 5428 caalo.
2808 5372 2876 5427 Et
2910 5371 3200 5426 aedificavit
3236 5371 3446 5443 Moyses

1867 5470 2040 5523 altare
2067 5468 2318 5532 Domino,
2371 5475 2428 5522 et
2473 5465 2690 5521 vocavit
2737 5478 2937 5517 nomen
2998 5462 3135 5533 ejus,
3184 5461 3449 5517 Dominus

1874 5559 2145 5631 refugium
2189 5574 2370 5613 meum
2395 5575 2409 5624 ;
2437 5556 2695 5627 quoniam
2736 5554 2791 5608 in
2814 5569 2980 5609 manu
3004 5552 3217 5609 occulta
3247 5561 3449 5624 pugnat

1871 5651 2136 5707 Dominus
2158 5658 2349 5707 contra
2376 5650 2595 5705 Amalec
2625 5665 2655 5705 a
2696 5646 3140 5720 generationibus
3181 5644 3236 5699 in
3282 5658 3447 5715 gene-

1872 5744 2116 5799 rationes
2133 5744 2201 5796 ".
2236 5762 2253 5794 ι

1419 5857 1465 5888 ’³⁸
1503 5857 1675 5913 Exod.
1708 5875 1833 5925 xvn,
1860 5858 1986 5913 8-16
