4046 6502
580 369 684 401 (⁸9τέ

582 396 685 427 lati)

1634 389 1689 444 S.
1731 389 2005 445 CYRILLI
2039 388 2507 451 ALEXANDRINI
2544 397 2860 455 ARCHIEP.

3717 407 3817 471 276

656 491 851 546 PALL.
894 495 960 549 Et
993 498 1258 568 quisnam
1287 511 1371 557 est
1412 501 1577 576 hujus
1600 506 1884 576 scripturae
1921 511 2150 565 sensus?

2326 513 2531 567 ΠᾹΛΛ.
2575 516 2684 569 Καὶ
2720 516 2802 581 τίς
2848 517 2915 572 ἂν
2960 518 3165 586 γένοιτο
3213 520 3317 576 τῶν
3364 523 3759 596 γεγραμμένων
3788 528 3815 578 6

583 596 763 651 neque
789 586 938 640 enim
966 590 1099 644 satis
1129 588 1392 663 intelligo.

651 673 809 730 CYR.
833 676 1018 747 Atqui,
1047 689 1106 737 ut
1137 682 1352 752 opinor,
1388 684 1527 740 nihil
1555 687 1772 746 diﬂlcile
1800 701 1884 747 est
1916 692 2151 763 inspice~

584 781 645 820 re
670 768 1012 837 volentibus;
1040 788 1164 827 nam
1193 775 1239 831 si
1270 778 1472 848 cogitet
1510 783 1781 853 quispiam
1823 795 2150 856 pneceptum

582 872 702 913 esse
729 874 759 912 a
787 859 967 932 Moyse
1006 864 1191 929 Josue,
1231 868 1364 936 quid
1411 870 1561 929 aliud
1607 875 1869 945 suspicari
1929 877 2149 946 poterit,

582 962 745 1015 quam
770 948 905 1009 illud
929 954 1178 1019 omnino,
1206 959 1374 1027 quod,
1398 977 1523 1024 cum
1550 964 1788 1021 Verbum
1819 975 1963 1021 esset
1986 968 2148 1033 Deus,

581 1037 783 1097 factum
811 1050 895 1097 est
927 1045 1030 1098 sub
1056 1046 1194 1117 lege,
1228 1051 1375 1118 quod
1405 1052 1472 1106 ad
1500 1054 1856 1111 humanitatis
1903 1057 2151 1113 habitum

582 1129 837 1196 pertinet,
867 1147 931 1193 ac
962 1135 1243 1193 subditum
1280 1142 1515 1210 quodam
1548 1145 1712 1200 modo
1735 1147 1901 1218 Moysi
1931 1149 2153 1203 manda.

584 1219 685 1287 “5;
722 1221 886 1294 idque
935 1228 1186 1297 pluribus
1233 1235 1429 1301 modis,
1477 1252 1626 1292 nunc
1672 1239 2150 1297 circumcisionem

586 1311 872 1381 perferens
907 1334 1027 1374 eam
1077 1338 1198 1393 qua)
1242 1334 1327 1381 est
1371 1329 1672 1383 secundum
1726 1346 1966 1397 carnem,
2004 1348 2153 1389 nunc

584 1401 907 1466 didrachma
934 1411 1187 1479 solvens;
1218 1424 1480 1485 praeterea
1518 1434 1655 1487 cum.
1689 1420 1757 1475 iis
1788 1423 1883 1490 qui
1908 1422 2152 1494 sublege

582 1503 760 1557 erant,
781 1505 1045 1579 tanquam
1074 1504 1177 1558 sub
1214 1506 1332 1577 lege
1378 1518 1543 1573 esset,
1577 1524 1637 1573 se
1668 1526 2054 1577 annumerans,
2091 1523 2149 1567 et

583 1588 927 1675 apertissime
953 1592 1180 1653 dicens:
1224 1617 1241 1647 ε
1281 1598 1401 1654 Νοιι
1436 1602 1560 1655 veni
1582 1602 1792 1659 solvere
1830 1604 2025 1675 legem,
2056 1606 2151 1662 sed

582 1672 959 1749 adimplere”,
996 1703 1014 1734 ι
1062 1684 1282 1753 Verum,
1333 1690 1438 1753 etsi
1495 1690 1697 1757 factum
1739 1702 1824 1750 est
1875 1672 1979 1753 sub
2034 1696 2152 1765 lege

583 1776 807 1859 propter
840 1771 1134 1835 humanam
1195 1789 1467 1848 naturam,
1523 1794 1705 1841 tamen
1753 1796 1868 1843 tum
1929 1805 2147 1859 quoque

2251 604 2404 668 νοῦς;
2434 607 2652 679 συνίημι
2678 608 2785 683 γάρ
2817 611 2878 664 οὐ
2908 611 3131 682 σφόδρα.

2319 697 2482 751 ΚΥΡ.
2526 699 2635 752 Καὶ
2681 699 2807 772 μὴν,
2849 701 2926 766 ὡς
2962 697 3199 773 ἐγῷμαι,
3244 704 3478 775 χαλεπὸν
3521 705 3671 759 οὐδὲν
3707 708 3817 775 τοῖς

2250 785 2523 843 ἐθέλουσιν
2573 790 2737 844 ίδεϊνο
2781 797 3247 865 προσταττόμενον
3284 796 3393 868 γὰρ
3431 797 3535 851 ὑπὸ
3573 798 3817 860 Μωσέως

2251 881 2511 951 ἐννοήσας
2559 881 2786 952 Ἰησοῦν,
2822 886 2882 937 τί
2914 887 2979 940 ἂν
3018 888 3203 957 ἕτερον
3229 888 3566 958 ὑποτοπῆται
3600 905 3683 950 τις
3716 887 3813 949 ἂν,

2250 972 2284 1040 ἢ
2326 972 2500 1026 ἐκεῖνό
2533 991 2635 1027 που
2663 976 2897 1041 πάντως,
2928 978 3009 1031 ὅτι
3047 978 3179 1042 Θεὸς
3207 977 3283 1031 ὢν
3319 981 3348 1032 6
3377 980 3568 1048 Λόγος,
3599 978 3816 1046 γέγονεν

2249 1061 2352 1114 ὑπὸ
2380 1063 2567 1131 νόμον,
2592 1066 2734 1119 κατά
2758 1083 2820 1134 γε
2839 1068 2900 1120 τὸ
2922 1071 3019 1139 τῆς
3046 1069 3465 1142 ἀνθρωπότητος
3489 1074 3691 1141 σχῆμα,
3724 1070 3817 1121 καὶ

2250 1151 2525 1226 ὐπετάχθη
2570 1156 2769 1226 τρόπον
2832 1158 2951 1211 τινὰ
2998 1162 3119 1223 ταῖς
3159 1159 3248 1213 διὰ
3292 1162 3534 1231 Μωσέως
3578 1162 3819 1234 ἐντολαῖς

2251 1242 2395 1296 κατὰ
2433 1243 2727 1317 διαφόρους
2770 1248 3007 1319 τρόπους
3034 1292 3049 1311 ,
3104 1244 3205 1305 ὧδε
3248 1253 3347 1323 μὲν
3397 1254 3682 1323 ὑπομένων
3723 1254 3821 1325 τὴν

2250 1331 2392 1385 κατὰ
2427 1333 2605 1402 σάρκα
2654 1338 2977 1409 περιτομὴν,
3006 1332 3107 1393 ὧδε
3134 1339 3192 1393 δὲ
3222 1341 3291 1393 τὰ
3330 1340 3600 1412 δίδραχμα
3629 1341 3823 1406 τελῶν,

2253 1420 2349 1472 καὶ
2374 1424 2485 1485 τοῖς
2517 1423 2622 1476 ὑπὸ
2652 1425 2815 1496 νόμον
2848 1427 2923 1490 ὼς
2971 1428 3074 1481 ὑπὸ
3097 1428 3260 1499 νόμον
3294 1428 3823 1499 συγκαθιστάμενος,

2250 1508 2423 1577 λέγων
2451 1527 2511 1563 τε
2541 1512 2725 1582 σαφῶς
2747 1530 2761 1545 ·
2794 1532 2813 1565 ι
2846 1516 2961 1569 Οὐκ
2983 1512 3144 1587 ῆλθον
3185 1515 3484 1571 καταλῦσαι
3509 1519 3600 1571 τὸν
3635 1518 3821 1586 νόμον,

2251 1600 2389 1654 ἀλλὰ
2415 1602 2719 1673 πληρῶσαι.
2751 1624 2770 1656 ι
2814 1606 2953 1659 Ἀλλ’
2976 1608 3025 1660 εἰ
3054 1607 3147 1661 καὶ
3170 1607 3393 1677 γέγονεν
3422 1609 3527 1663 ὑπὸ
3547 1609 3711 1679 νόμον
3732 1607 3824 1660 διά

2252 1692 2311 1745 τὸ
2351 1693 2718 1765 ἀνθρώπινον,
2772 1698 2886 1751 ἀλλ’
2926 1694 2995 1769 ἦν
3034 1700 3126 1753 καὶ
3162 1699 3303 1752 οὕτω
3332 1699 3465 1763 Θεὰς
3489 1740 3503 1761 ,
3534 1699 3723 1769 Σωτήρ
3758 1715 3821 1751 τε

2252 1783 2346 1836 καὶ
2380 1784 2677 1856 Λυτρωτὴς
2712 1788 2910 1853 παντὸς
2934 1788 3028 1844 τοῦ
3064 1788 3216 1846 λαοῦ.
3263 1789 3681 1859 Ἑπιλεξάμενος
3709 1789 3823 1859 γὰρ

582 1854 727 1911 Deus
757 1868 893 1928 erat,
919 1865 1261 1940 salvatorque
1291 1888 1355 1927 ac
1400 1873 1713 1945 redemptor
1753 1878 1992 1934 universi
2046 1895 2146 1949 ρος

2251 1871 2310 1924 ἐκ
2348 1854 2546 1938 παντδς
2580 1854 2676 1927 ac
2708 1874 2839 1929 λαοῦ
2875 1878 3121 1948 Ἰσραὴλ,
3163 1880 3257 1932 και
3295 1880 3360 1932 ἐκ
3390 1854 3591 1941 παντὸς
3634 1854 3826 1941 tam};

582 1946 718 2014 puli.
746 1948 879 2004 Nam
912 1970 1037 2008 cum
1087 1972 1155 2011 ex
1198 1960 1456 2018 universo
1502 1967 1704 2036 populo
1739 1968 1926 2034 Israel,
1967 1977 2022 2023 et
2079 1984 2147 2023 ex

581 2036 729 2090 omni
761 2047 922 2108 gente
960 2042 1108 2099 viros
1162 2056 1411 2117 potentes
1451 2050 1723 2121 elegisset,
1772 2064 2008 2118 sanctos,
2061 2053 2148 2107 in-

579 2140 764 2193 quam,
796 2133 1088 2199 apostolos,
1118 2146 1173 2191 et
1198 2153 1292 2192 eos
1330 2140 1423 2209 qui
1459 2156 1553 2211 per
1579 2141 1742 2197 ﬁdem
1780 2143 1955 2197 vocati
2000 2152 2147 2207 sunt,

579 2213 692 2293 89
718 2218 920 2286 quibus
948 2231 1094 2279 recte
1133 2223 1241 2278 dici
1297 2228 1468 2296 possit
1502 2246 1515 2291 ;
1543 2247 1560 2279 ‹
1611 2229 1720 2284 Vos
1756 2238 1937 2284 autem
1980 2245 2151 2299 genus

580 2307 836 2374 electum,
871 2313 1051 2383 regale
1091 2302 1457 2383 sacerdOtium
1478 2360 1491 2383 ,
1518 2335 1651 2393 gens
1678 2330 1885 2385 sancta,
1915 2319 2151 2391 populus

580 2402 1038 2471 acquisitionis",
1070 2427 1087 2458 ι
1134 2424 1241 2463 una
1281 2426 1405 2465 cum
1426 2412 1514 2468 his
1548 2428 1875 2485 congressus
1902 2422 1986 2469 est
2024 2429 2149 2469 eum

582 2491 747 2562 hujus
785 2496 974 2550 mundi
1007 2499 1296 2572 principe;
1337 2503 1405 2559 de
1438 2520 1547 2574 quo
1579 2506 1656 2570 ait
1691 2506 1937 2565 omnium
1961 2506 2149 2573 Domi-

579 2596 686 2635 nus
726 2581 815 2637 ille
863 2585 979 2667 ipse
1020 2576 1113 2659 qui
1153 2592 1337 2659 omnia
1382 2594 1552 2655 vincit
1577 2612 1647 2653 ει
1683 2595 1842 2659 Nunc
1879 2596 2147 2666 judicium

579 2682 664 2727 est
690 2676 873 2731 saeculi
899 2677 1082 2748 hujus,
1107 2697 1254 2738 nunc
1279 2684 1533 2755 princeps
1575 2687 1768 2751 mundi
1790 2687 1950 2757 hujus
1968 2689 2153 2758 ejicies

579 2769 670 2817 tur
696 2763 842 2821 foras
861 2768 925 2821 ⁸⁸.
946 2788 963 2819 ι
1007 2770 1180 2826 Donat
1214 2773 1380 2829 etiam
1412 2790 1613 2841 corona
1641 2776 1863 2832 divinus
1884 2779 1968 2831 vir
1990 2778 2152 2846 Joan-

580 2870 678 2911 nes
706 2859 967 2927 praeclaro
996 2860 1087 2929 illo
1124 2879 1225 2918 suo
1252 2865 1510 2937 sull‘ragio
1538 2882 1633 2923 eos
1656 2867 1750 2937 qui
1776 2884 1901 2929 cum
1933 2868 2052 2938 ipso
2093 2877 2152 2929 et

578 2961 678 3027 per
710 2949 886 3019 ipsum
922 2952 1190 3019 vicerunt,
1238 2976 1256 3007 ε
1289 2955 1504 3022 Scribo,
1536 2978 1554 3009 ι
1590 2959 1844 3029 inquiens
1865 3000 1879 3025 ,
1921 2979 1940 3011 ι
1968 2961 2150 3031 vobis,l

578 3038 821 3106 iuvenes,
855 3044 999 3115 quod
1026 3046 1194 3109 fortes
1222 3047 1374 3115 estis,
1399 3058 1456 3104 et
1483 3050 1693 3113 vicistis
1719 3052 2012 3122 malignum
2026 3053 2097 3121 ⁸⁸.
2124 3071 2145 3108 ι.

578 3129 771 3197 Annon
794 3149 983 3197 verum
1008 3147 1092 3207 est
1119 3138 1265 3215 quod
1303 3139 1467 3208 dico?

648 3221 843 3277 PALL.
874 3226 1103 3293 Maxime
1136 3245 1288 3297 vero,

651 3314 806 3369 CYR.
839 3316 1090 3374 Crastino
1113 3330 1295 3378 autem
1317 3324 1405 3379 die
1429 3341 1553 3381 cum
1599 3328 1755 3384 hoste
1787 3327 2149 3400 congredien-

578 3405 710 3461 dum
736 3423 856 3462 esse
887 3409 1023 3466 dixit
1053 3413 1262 3484 Moyses
1279 3416 1323 3447 ⁹⁰
1349 3434 1361 3469 ε
1400 3433 1579 3487 neque
1602 3420 1747 3474 enim
1781 3422 1901 3492 ejus
1944 3431 2154 3490 tempo-

579 3496 731 3559 ribus
753 3498 957 3553 Christi
988 3504 1248 3571 praaclara
1273 3514 1422 3575 gesta
1456 3509 1826 3580 contigerunt,
1871 3510 1966 3564 sed
2011 3518 2154 3565 tem-

578 3601 711 3667 pore
739 3593 1096 3660 consequenti
1126 3607 1190 3647 ac
1215 3595 1485 3665 proximo,
1516 3597 1570 3651 id
1599 3606 1703 3663 est,
1751 3608 1876 3669 post
1910 3600 2151 3673 Moysen,

580 3688 741 3749 atque
781 3690 903 3755 post
946 3683 1122 3754 legem
1172 3686 1415 3756 perfecta
1460 3698 1609 3744 sunt.
1652 3690 1790 3760 Tum
1850 3693 1906 3747 in
1958 3693 2151 3748 collem

578 3771 891 3838 quemdam,
920 3788 983 3839 ac
1030 3776 1295 3836 verticem
1341 3780 1537 3837 tumuli
1583 3783 1866 3853 cujusdam
1908 3785 2156 3845 ascendit

580 3858 810 3931 Moyses,
841 3870 900 3917 ut
929 3860 1053 3915 inde
1084 3878 1320 3934 pugnam
1340 3873 1505 3936 atque
1538 3868 1712 3946 ipsius
1744 3871 1911 3927 Josue
1953 3872 2008 3927 in
2047 3890 2151 3944 pun

579 3951 793 4020 gnando
817 3952 993 4009 felicia
1022 3965 1169 4025 gesta
1195 3966 1484 4028 spectaret.
1519 3962 1737 4017 Attollit
1768 3965 1913 4019 enim
1940 3967 2152 4022 modice

578 4042 669 4097 illa
715 4056 933 4127 quoque
968 4045 1103 4116 legis
1141 4047 1451 4127 disciplina,
1486 4068 1661 4122 usque
1691 4070 1757 4109 eo
1791 4064 1849 4110 ut
1880 4057 2155 4127 possimus

578 4141 836 4204 tanquam
863 4135 1078 4193 eminus
1107 4139 1485 4213 imperatorias
1522 4143 1727 4207 Christi
1771 4147 2019 4206 actiones
2060 4165 2158 4214 as:

574 4225 775 4296 picere.
801 4226 1025 4293 Deinde,
1057 4231 1338 4287 attollente
1358 4248 1553 4289 manus
1573 4234 1771 4308 Moyse,
1808 4237 2001 4293 fortior
2033 4250 2153 4305 erat

574 4318 769 4387 Israel;
784 4320 1420 4394 remittente,languebat
1436 4334 1492 4380 et
1512 4326 2111 4393 invalescebatAmalec
2134 4349 2153 4397 ετ

574 4425 752 4480 neque
771 4412 916 4472 enim
935 4429 965 4469 a
980 4413 1402 4485 diabolo,neque
1416 4432 1449 4471 a
1461 4417 1654 4485 quovis
1669 4418 1935 4483 aliohoste
1954 4437 2149 4492 quam-

575 4501 659 4555 vis
690 4505 1033 4573 expugnandi
1064 4507 1420 4575 eupidissimo
1442 4508 1586 4571 vinci
1613 4510 1726 4565 ullo
1770 4513 1933 4567 modo
1971 4522 2153 4584 potest

2175 3269 2223 3332 C

2248 1960 2446 2032 ἄνδρας
2470 1964 2750 2031 δυνατοὺς,
2779 1968 2919 2037 φημὶ
2953 1968 3012 2021 δὲ
3043 1969 3108 2040 δὴ
3130 1969 3291 2023 πάλιν
3308 1971 3434 2034 τοὺς
3452 1971 3642 2039 ἁγίους
3678 1971 3824 2024 ἁπο-

2249 2055 2467 2119 στόλους
2520 2057 2616 2111 καὶ
2647 2060 2774 2123 τοὺς
2819 2059 2907 2113 διὰ
2954 2062 3186 2126 πίστεως
3219 2062 3607 2133 κεκλημένους,
3642 2057 3727 2124 οἷς
3750 2062 3828 2119 ἂν,

2247 2146 2457 2215 λέγοιτο
2478 2150 2678 2215 καλῶς·
2716 2170 2735 2203 ι
2786 2153 2972 2223 Ὑμεῖς
2994 2154 3050 2207 δὲ
3070 2155 3225 2223 γένος
3244 2156 3518 2217 ἐκλεκτὸν,
3547 2154 3697 2225 βασο
3709 2171 3827 2206 stos

2253 2239 2583 2311 ἱεράτευμα,
2625 2243 2779 2308 ἔθνος
2831 2246 3016 2315 ἅγιον,
3066 2246 3192 2309 λαὸς
3242 2247 3322 2309 είς
3378 2246 3744 2316 περιποίησιν.
3796 2266 3817 2297 ο

2251 2332 2603 2401 Παρετάξατο
2618 2336 2715 2389 σὺν
2736 2338 2919 2400 αὐτοῖς
2933 2337 3011 2407 τῷ
3024 2337 3244 2407 ἄρχοντι
3262 2336 3353 2391 τοῦ
3375 2336 3570 2399 αἰῶνος
3588 2337 3780 2389 τούτου
3802 2351 3821 2371 ·

2250 2424 2379 2495 περὶ
2406 2418 2467 2478 οὗ
2507 2443 2672 2497 φησιν
2719 2428 2749 2481 6
2788 2429 3008 2483 πάντων
3048 2429 3317 2496 δεσπότης
3338 2469 3352 2491 ,
3389 2427 3550 2491 αὐτὸς
3578 2429 3606 2480 6
3638 2426 3825 2479 πάντα

2250 2514 2413 2568 νικῶν
2447 2531 2461 2546 ·
2496 2536 2514 2567 ι
2550 2517 2664 2571 Νῦν
2708 2520 2892 2590 κρίσις
2923 2522 3040 2574 ἐστὶ
3066 2521 3162 2575 τοῦ
3200 2522 3395 2584 αἰῶνος
3420 2519 3633 2584 τούτου,
3663 2520 3759 2589 νῦν
3792 2521 3825 2573 ὁ

2250 2606 2432 2678 ἄρχων
2465 2608 2559 2662 τοῦ
2586 2611 2782 2676 αἰῶνος
2814 2611 3004 2667 τούτου
3036 2614 3434 2685 ἐκϐληθήσεται
3466 2613 3590 2678 ἔξω.
3639 2630 3658 2662 ι
3692 2612 3825 2664 Στε·

2250 2700 2409 2766 φανοῖ
2436 2698 2491 2751 δὲ
2507 2700 2673 2771 ψήφῳ
2701 2702 2927 2775 λαμπρᾷ
2956 2705 3050 2759 καὶ
3074 2706 3200 2769 τοὺς
3228 2707 3324 2758 σὺν
3358 2703 3507 2774 αὐτῷ
3532 2720 3594 2756 τε
3624 2704 3720 2755 καὶ
3749 2702 3825 2755 δι’

2250 2788 2413 2841 αὑτοῦ
2465 2793 2791 2861 νικήσαντας
2836 2796 2866 2847 6
2903 2794 3187 2858 θεσπέσιος
3230 2795 3502 2865 Ἰωάννης·
3548 2812 3570 2844 ι
3618 2793 3828 2864 Γράφω

2251 2879 2400 2950 ὑμῖν,
2432 2899 2450 2931 ι
2483 2883 2636 2951 φησὶ,
2675 2884 3003 2950 «νεανίσκοι,
3027 2886 3110 2939 ὅτι
3144 2884 3353 2956 ἰσχυροί
3384 2886 3527 2948 ἐστε,
3560 2884 3657 2937 καὶ⁵
3676 2900 3826 2937 νενι-

2250 2975 2458 3045 κήκατε
2478 2975 2570 3031 τὸν
2589 2976 2850 3059 Πονηρόν.
2893 2996 2911 3031 ι
2940 2978 3009 3035 Ἦ
3044 2977 3145 3039 οὐκ
3176 2975 3374 3057 ἀληθὲς
3397 2975 3427 3028 ὃ
3455 2991 3623 3046 φημι;

2323 3224 2530 3279 nam.
2571 3223 2681 3277 Καὶ
2715 3224 2878 3293 μάλα.

2322 3318 2487 3371 ΚΥΡ.
2539 3318 2649 3371 Καὶ
2697 3318 2778 3380 είς
2816 3314 3004 3386 αὔριον
3042 3314 3141 3383 μὲν
3174 3314 3274 3383 τὴν
3310 3312 3615 3384 παράταξιν
3643 3312 3832 3365 ἐπιτι-

2252 3408 2459 3463 λεῖσθαι
2495 3408 2605 3462 δεῖν
2641 3406 2745 3477 ἔφη
2778 3405 2981 3476 Μωσῆς
3001 3422 3013 3433 ’
3038 3405 3098 3457 οὐ
3138 3404 3244 3475 γάρ
3265 3405 3323 3456 ὲν
3368 3402 3546 3474 χρόνῳ
3590 3401 3668 3473 τῷ
3697 3402 3829 3455 κατ’

2252 3497 2411 3553 αὑτὸν
2456 3497 2527 3551 τὰ
2550 3494 2788 3569 Χριστοῦ
2813 3495 3022 3565 πέφηνε
3050 3491 3449 3564 κατορθώματα
3466 3508 3480 3523 ο
3508 3491 3832 3562 πέπρακται

2250 3588 2307 3641 δὲ
2351 3587 2552 3658 μᾶλλον
2586 3588 2645 3641 ὲν
2668 3585 2747 3656 τῷ
2784 3583 2913 3655 ἑξῆς
2945 3586 3036 3638 καὶ
3068 3583 3290 3652 γείτονι,
3330 3581 3474 3636 τοῦτ’
3509 3581 3648 3646 ἔστι,
3681 3583 3833 3636 κατὰ

2252 3678 2457 3733 Μωσέα
2500 3678 2597 3731 καὶ
2632 3676 2816 3746 νόμον.
2853 3670 2988 3729 Εἶτα
3019 3673 3155 3744 πρός
3182 3690 3305 3727 τινα
3350 3673 3537 3744 βουνὸν
3593 3673 3692 3726 καὶ
3732 3670 3834 3724 ἐπὶ

2252 3769 2499 3841 κορυφὴν
2526 3767 2701 3822 ἄνεισι
2728 3766 2965 3837 γηλόφου
2990 3765 3217 3835 Μωσῆς,
3257 3764 3332 3828 ὡς
3362 3763 3428 3817 ἂν
3448 3762 3668 3817 δύναιτο
3693 3780 3833 3816 κατ-ν

2252 3861 2440 3932 αθρείν
2490 3859 2590 3930 τὴν
2619 3858 2797 3929 μάχην
2822 3855 2917 3910 καὶ
2939 3855 3007 3909 τὰ
3028 3857 3085 3909 ὲν
3115 3855 3252 3925 αὐτῇ
3279 3853 3372 3907 τοῦ
3394 3853 3612 3907 πάντων
3649 3852 3831 3923 Ἰησοῦ

2252 3950 2669 4025 κατορθώματα.
2724 3947 3067 4012 Ἀναόιϐάζει
3117 3946 3227 4018 γὰρ
3276 3945 3607 4016 συμμέτρως
3656 3946 3755 3997 καὶ
3794 3945 3829 4013 ἠ

2252 4046 2394 4100 κατὰ
2424 4043 2588 4115 νόμον
2637 4040 2993 4113 μυσταγωγία
3042 4039 3177 4111 πρὸς
3226 4037 3287 4091 τὸ
3333 4037 3500 4090 οἱονεὶ
3551 4034 3831 4107 μακρόθεν

2251 4134 2513 4190 δύνασθαι
2536 4132 2776 4204 καθορᾷν
2808 4131 2877 4185 τὰ
2918 4128 3157 4201 Χριστοῦ
3206 4129 3664 4199 στρατηγήματα.
3718 4128 3831 4180 Καὶ

2251 4226 2622 4288 ἀνατείνοντος
2680 4225 2778 4295 μὲν
2833 4222 3079 4286 Μωσέως
3127 4222 3226 4285 τὰς
3274 4223 3482 4291 χεῖρας,
3533 4221 3833 4290 κατίσχυεν

2265 4317 2503 4389 Ἰσραήλε
2523 4315 2803 4381 καθιέντος
2820 4314 2898 4379 δὲ,
2915 4313 3257 4383 ῆσθένει,κ.αὶ
3275 4312 3535 4382 κατίσχυε
3552 4312 3609 4364 Ἀ
3620 4311 3825 4381 μαλήκ·

2252 4409 2526 4472 ἀνάλωτος
2556 4406 2664 4478 γὰρ
2685 4404 2833 4476 αὐτῷ
2844 4422 2904 4457 τε
2928 4404 3005 4475 τῷ
3028 4404 3055 4457 δ
3071 4404 3269 4476 ιαὸόλῳ
3297 4403 3391 4456 καὶ
3411 4404 3578 4457 παντὶ
3604 4401 3827 4470 γέγονεν

2252 4497 2455 4571 ἐχθρῷ,
2486 4498 2581 4551 καὶ
2605 4495 2909 4568 καταδῃοῦν
2948 4496 3187 4549 ἐθέλοντι
3218 4494 3450 4566 πικρῶς,
3478 4494 3604 4564 οὐχὶ
3629 4494 3689 4564 δή
3722 4509 3826 4545 που

577 4607 689 4645 non
732 4594 895 4648 modo
924 4596 1215 4659 universus
1244 4600 1430 4665 Israel,
1461 4603 1554 4658 sed
1583 4603 1899 4674 quicunque
1930 4604 2149 4665 Christo

2254 4592 2361 4653 πᾶς
2403 4588 2642 4665 Ἰσραὴλ,
2671 4588 2789 4642 ἀλλ’
2838 4589 2952 4642 ὅσοι
2983 4588 3080 4658 τὴν
3128 4588 3264 4657 πρὸς
3314 4586 3551 4657 Χριστὸν
3598 4585 3826 4655 τετιμη-

575 4684 888 4740 conformes
925 4702 1047 4743 esse
1084 4690 1401 4762 praeclarum
1435 4690 1744 4759 duxerunt,
1785 4695 1906 4765 ejus
1950 4709 2153 4765 oppro-

576 4775 757 4828 brium
768 4814 782 4838 ,
803 4774 858 4829 id
874 4785 977 4840 est,
996 4791 1217 4835 crucem
1238 4778 1385 4838 illius
1399 4782 1767 4847 venerandam
1784 4783 2111 4857 perferendo
2135 4802 2151 4853 ;

574 4881 769 4920 manus
784 4866 930 4920 enim
952 4866 1008 4920 in
1024 4881 1207 4931 aerem
1223 4877 1454 4923 extentae
1474 4871 1654 4925 crucis
1674 4872 1908 4941 speciem
1932 4888 2042 4929 non
2054 4875 2152 4930 ob.

572 4974 732 5013 scurc
766 4958 1105 5025 describunt,
1147 4958 1442 5024 Cteteruni,
1476 4962 1789 5033 quicunque
1834 4981 1942 5020 non
1988 4981 2153 5023 αοοοντ

573 5059 771 5117 perunt
801 5064 1043 5115 crucem,
1070 5050 1130 5113 ii,
1166 5049 1314 5120 quod
1361 5051 1467 5109 hoc
1498 5053 1823 5117 auxiliatore
1869 5066 2147 5126 carerent,

575 5141 814 5194 hostium
845 5139 1256 5195 incursionibus
1276 5148 1591 5222 patuerunt.
1617 5141 1772 5208 Quod
1804 5143 1987 5217 itaque
2028 5160 2147 5217 ma;

574 5246 678 5283 nus
698 5230 941 5284 extendit
979 5231 1208 5302 Moyses,
1236 5232 1417 5293 crucis
1453 5234 1690 5307 speciem
1734 5235 2048 5304 ostendens,
2091 5247 2148 5307 et

575 5319 795 5373 Amalec
852 5321 1165 5377 debilitatus
1208 5322 1390 5389 cadit,
1436 5309 1501 5379 ea
1564 5340 1671 5390 res,
1709 5334 1771 5380 ut
1802 5326 2016 5399 opinor,
2052 5342 2149 5391 eos

576 5426 801 5481 prorsus
833 5411 1101 5481 signiﬁcat
1135 5414 1229 5484 qui
1268 5431 1365 5485 per
1409 5415 1557 5483 illam
1590 5431 1810 5485 crucem
1874 5433 2145 5479 veneran-

576 5486 699 5567 dam
731 5499 985 5556 Satanam
1033 5503 1279 5567 vincunt,
1308 5515 1363 5560 et
1406 5507 1668 5567 adversus
1708 5508 1893 5579 hostes
1935 5508 2144 5566 invale-

576 5598 755 5644 scunt.
781 5590 851 5645 At
873 5604 1000 5645 cum
1025 5592 1276 5646 eumdem
1295 5609 1490 5649 manus
1519 5594 1889 5654 remittentem
1915 5610 2143 5666 aspexe-

578 5682 770 5747 rimus,
804 5689 967 5751 atquc
995 5679 1214 5737 Amalec
1245 5700 1434 5739 rursus
1461 5685 1906 5750 invalescentem,
1933 5701 2029 5740 eos
2053 5702 2145 5742 co-.

646 5797 690 5843 ει
742 5797 928 5856 Matth.
972 5814 1022 5855 γ,
1066 5794 1147 5853 l7.
1227 5797 1266 5826 ⁸⁷
1308 5798 1323 5851 l
1375 5798 1519 5852 Pctr.
1548 5816 1603 5863 ιι,
1646 5800 1698 5862 9.
1747 5799 1789 5828 ⁸⁸

1828 5800 1980 5859 Joan.
2030 5815 2119 5861 xu,
2171 5798 2257 5852 51.

2254 4698 2381 4735 κασι
2415 4679 2787 4752 συμμορφίαν,
2839 4678 2927 4735 διὰ
2970 4679 3063 4746 τοῦ
3113 4678 3337 4751 φορέσαι
3371 4678 3461 4731 τὸν
3521 4676 3827 4745 ὀνειδισμὸν

2251 4771 2437 4837 αὑτοῦ,
2492 4771 2640 4827 τοῦτ’
2669 4773 2803 4842 ἐστι,
2841 4771 2932 4823 τὸν
2964 4769 3145 4840 τίμιον
3179 4769 3440 4841 σταυρόν
3493 4772 3674 4840 χεῖρες
3714 4766 3828 4836 γὰρ

2252 4863 2526 4934 ἀποτάδην
2537 4865 2617 4927 είς
2645 4863 2785 4934 ἀέρα
2799 4860 3168 4932 δεικνύμεναι,
3186 4860 3247 4919 τὸ
3274 4859 3367 4913 τοῦ
3390 4858 3623 4931 σταυροῦ
3641 4856 3828 4927 σχῆμα

2250 4954 2551 5027 γράφουσιν
2576 4951 2841 5025 ἐναργῶς.
2881 4952 3034 5021 Ὅσοι
3056 4968 3118 5020 γε
3145 4950 3250 5028 μὴν
3278 4951 3341 5020 οῦ
3362 4951 3706 5022 προσηκαντο
3728 4948 3826 4999 τὸν

2256 5046 2511 5118 σταυρὸν,
2539 5044 2940 5115 εὐκατάδρομοι
2997 5045 3263 5115 γεγόνασι
3299 5044 3414 5105 τοῖς
3455 5041 3689 5113 ἐχθροῖς,
3719 5040 3826 5091 οὐκ

2253 5136 2470 5209 ἔχοντες
2504 5136 2597 5191 τὸν
2627 5137 2934 5207 ἐπαρωγόν.
2979 5137 3150 5203 Ὅταν
3196 5131 3290 5201 οὖν
3325 5136 3458 5205 ἡμῖν
3483 5133 3695 5203 ἐκτείνει
3719 5130 3825 5193 τὰς

2253 5231 2442 5302 χεῖρας
2484 5228 2710 5297 Μωσῆς,
2762 5228 2822 5280 τὸ
2877 5225 2972 5281 τοῦ
3021 5226 3254 5298 σταυροῦ
3304 5226 3491 5296 σχῆμα
3544 5222 3824 5295 δεικνύων,

2256 5321 2442 5374 πίπτει
2490 5319 2546 5389 δὲ
2583 5320 2855 5390 ἀτονήσας
2895 5319 2924 5372 6
2962 5318 3227 5390 Ἀμαλὴκ,
3265 5318 3520 5388 σημαίνει
3555 5332 3658 5368 που
3685 5313 3825 5379 πᾲνξ

2252 5429 2359 5481 τως
2390 5411 2452 5464 τὸ
2486 5410 2670 5481 σχῆμα
2696 5413 2827 5481 ἡμῖν
2865 5411 2992 5473 τοὺς
3036 5408 3124 5463 διὰ
3151 5408 3244 5462 τοῦ
3272 5408 3456 5481 τιμίου
3486 5401 3709 5476 σταυροῦ
3736 5418 3822 5465 νιν

2253 5502 2467 5563 κώντας
2493 5500 2583 5554 τὸν
2612 5501 2877 5570 Σατανᾶν,
2906 5500 3001 5553 καὶ
3035 5500 3427 5570 κατισχύοντας
3454 5498 3563 5552 τῶν
3588 5493 3807 5566 ὲχθριῖινι

2254 5593 2422 5648 Ὅταν
2446 5592 2503 5646 δὲ
2533 5590 2789 5657 καθιέντα
2828 5591 2924 5654 τὰς
2952 5592 3140 5661 χεῖρας
3183 5590 3488 5660 βλέπωμεν,
3532 5582 3645 5655 εἶτα
3678 5601 3806 5652 κατι

2253 5684 2505 5756 ισχύοντα
2528 5683 2618 5735 τὸν
2652 5683 2921 5753 Ἀμαλὴκ,
2952 5684 3077 5747 τοὺς
3113 5681 3218 5735 ὑπὸ
3239 5681 3316 5753 τῷ
3336 5680 3564 5749 διαϐόλῳ
3596 5691 3810 5755 farivu-

2364 5800 2405 5829 39
2456 5797 2659 5852 Iliun.
2706 5812 2759 5851 ιι.
2804 5796 2883 5849 Η.
2955 5798 2997 5825 ‘-'°
3036 5796 3205 5851 Exod.
3251 5812 3377 5859 xm,
3410 5796 3463 5860 9,
3502 5794 3576 5846 10.
