4076 6496
232 382 337 440 277

987 386 1075 442 DE
1114 388 1553 449 ADORATIONE
1587 394 1654 450 IN
1691 393 1961 453 SPIRITU
2001 397 2090 454 ET
2132 398 2497 456 VERITATE.
2543 402 2667 457 LIB.
2708 401 2797 457 ΙΙΙ.

3386 408 3492 463 278

236 502 437 570 μένους
466 501 563 554 καὶ
596 502 985 571 νενικημένους
1022 505 1373 578 ἑννοήσομεν,
1400 510 1488 564 διὰ
1512 511 1574 565 τὸ
1608 512 1683 583 μὴ
1711 513 1797 567 δείε

1921 515 2217 585 gitahimus
2256 520 2372 587 qui,
2404 520 2550 590 quod
2581 537 2800 575 crucem
2835 523 3077 592 accipere
3108 525 3427 591 noluissent,
3461 547 3490 585 a

231 590 447 644 ἐθέλειν
476 591 861 662 προσήκασθαι
891 593 985 646 τὸν
1016 597 1268 667 σταυρὸν,
1296 593 1379 664 οἷς
1405 602 1500 655 καὶ
1525 604 1553 654 ὁ
1585 604 1819 676 Χριστὸς

231 682 579 752 προσεφώνει
609 683 816 752 λέγων’
848 706 868 737 ι
918 686 1111 759 Ἀμὴν,
1149 691 1296 761 ἀμὴν
1347 692 1489 763 λέγω
1527 696 1676 766 ὑμῖν,
1722 700 1818 755 ὲάν

232 775 307 845 μὴ
338 776 698 846 πιστεύσητε,
720 778 802 831 ὅτι
820 778 932 846 ἐγώ
963 780 1101 849 εἰμι,
1132 783 1189 835 ὲν
1204 786 1324 848 ταῖς
1343 786 1641 858 ἁμαρτίαις
1662 791 1817 860 ὑμῶν

227 866 617 921 ἀποθανεῖσθε.
676 887 695 920 ι
733 869 967 941 Βαρείας
1012 872 1070 926 δὲ
1115 871 1256 927 εἷναί
1290 894 1420 947 φησι
1476 880 1577 943 τὰς
1627 884 1816 953 χεῖρας

226 962 503 1025 Μωσέως,
538 962 632 1015 καὶ
669 962 821 1033 μόλις
870 964 1260 1036 ἐπαιρομένας,
1309 970 1557 1043 ὀκνηρῶς
1590 990 1649 1027 τε
1695 974 1814 1029 λίαν

223 1054 638 1123 ὲκτεινομένας,
676 1058 757 1119 είς
799 1055 863 1109 τὸ
890 1057 1205 1123 καταδεῖξαι
1230 1060 1342 1114 δεῖν
1367 1064 1427 1116 τὸ
1453 1064 1548 1118 τοῦ
1579 1067 1811 1139 σταυροῦ

223 1146 408 1216 τίμιον
442 1148 650 1217 σχῆμα,
675 1148 852 1202 έκεῖνο
875 1143 1029 1219 οῖμαί
1060 1168 1162 1204 που
1186 1153 1361 1225 δηλῶν
1378 1158 1810 1228 αἰνιγματωδῶς,

220 1235 297 1299 ὡς
327 1237 394 1289 οὐ
454 1237 578 1289 λίαν
639 1237 858 1308 ἕτοιμος
901 1234 970 1309 ἦν
1033 1241 1115 1304 είς
1156 1243 1218 1296 τὸ
1258 1246 1655 1317 παραδέχεσθαι
1711 1249 1812 1322 τὴν

222 1328 414 1382 πίστιν
447 1332 478 1383 ὀ
523 1329 759 1401 Ἰσραὴλ,
786 1331 1153 1390 δυσοκνότατά
1177 1354 1236 1391 τε
1269 1341 1364 1392 καὶ
1397 1340 1550 1411 μόλις
1577 1343 1810 1415 ἐρχόμε-

220 1432 309 1480 νος
336 1419 426 1481 είς
470 1418 537 1471 τὸ
565 1418 743 1472 θέλειν
775 1421 1068 1477 ἀναλαϐεῖν
1094 1425 1186 1480 τὸν
1224 1428 1524 1501 ὀνειδισμὸν
1550 1433 1645 1487 τοῦ
1672 1436 1808 1507 Χρι-

220 1509 350 1561 στοῦ
372 1527 388 1540 ’
427 1510 734 1567 σκάνδαλον
761 1512 872 1585 γὰρ
908 1515 1181 1582 Ἰουδαίοις
1211 1519 1300 1575 διά
1327 1538 1409 1574 τοι
1441 1522 1599 1578 τοῦτο
1632 1527 1808 1592 καλῶς

217 1597 486 1667 ὀνομάζει
510 1599 605 1654 τὸν
634 1602 882 1674 σταυρὸν
907 1605 1002 1658 καὶ
1022 1607 1052 1659 ὀ
1075 1606 1362 1674 θεσπέσιος
1382 1612 1614 1678 Παῦλος.
1646 1635 1665 1667 ι
1696 1618 1807 1671 Καὶ

216 1687 503 1755 λαϐόντες,
530 1710 548 1741 ι
574 1691 731 1762 φησὶ,
777 1713 796 1744 ι
828 1692 994 1760 λίθον,
1032 1697 1312 1769 ὑπέθηκαν
1366 1702 1459 1756 ὑπ’
1499 1705 1682 1771 αὑτὸν,
1713 1709 1807 1762 καὶ

1920 606 2139 663 diabolo
2182 612 2422 678 superati
2464 620 2519 665 ct
2561 602 2691 665 victi
2732 621 2879 676 sunt,
2915 628 3054 682 quos
3112 616 3493 687 alloquebatur

1917 700 2083 755 etiam
2121 700 2391 765 Christus,
2417 719 2540 757 cum
2563 704 2808 759 diceret:
2856 725 2872 755 ι
2930 706 3121 772 Amen,
3171 726 3327 766 amen
3367 714 3491 769 dico

1915 791 2092 856 vobis,
2123 793 2229 847 nisi
2263 794 2611 850 credideritis
2649 797 2795 865 quod
2837 812 2938 867 ego
2965 814 3105 863 sum,
3150 801 3205 855 in
3254 804 3491 872 peccatis

1915 882 2113 937 vestris
2137 883 2529 938 moriemini".
2566 905 2583 935 ι
2622 887 2791 941 Porro
2823 904 3015 957 graves
3053 891 3129 945 ait
3168 908 3287 948 esse
3321 893 3489 967 Moysi

1914 989 2130 1039 manus,
2158 987 2321 1046 atque
2352 992 2493 1046 aegre
2535 978 2796 1045 sublatas,
2830 991 3156 1052 gravateque
3197 984 3488 1041 admodum

1913 1064 1983 1119 ad
2021 1066 2339 1135 prmelaram
2384 1067 2565 1121 crucis
2604 1069 2843 1137 speciem
2873 1072 3267 1128 ostendendam
3296 1084 3488 1131 exten-

1914 1156 2147 1227 tas,9o
2184 1158 2338 1223 illud,
2373 1167 2431 1212 ut
2482 1159 2695 1228 opinor,
2746 1160 2973 1231 ﬁgurate
3019 1164 3350 1234 signiﬁcans,
3378 1182 3487 1221 non

1912 1248 2044 1303 satis
2072 1258 2320 1319 paratum
2357 1250 2527 1305 fuisse
2568 1250 2731 1306 Israel
2774 1252 2839 1306 ad
2889 1251 3049 1308 ﬁdem
3092 1255 3485 1325 accipiendam,

1911 1352 1974 1393 ac
2002 1353 2111 1393 non
2140 1339 2258 1395 sine
2287 1340 2657 1404 cunctatione,
2685 1342 2885 1412 vixque
2919 1344 2985 1397 ad
3030 1344 3235 1400 Christi
3287 1362 3489 1416 oppro-

1915 1430 2099 1485 brium
2130 1432 2538 1502 suscipiendum
2575 1433 2925 1489 descendisse
2950 1452 2964 1501 ;
2994 1436 3065 1490 ob
3094 1452 3325 1507 eamque
3353 1454 3487 1493 cau-

1908 1538 2024 1577 sam
2048 1531 2197 1578 recte
2227 1522 2421 1579 beatus
2444 1524 2645 1579 Paulus
2668 1540 2888 1581 crucem
2919 1527 3233 1582 scandalum
3267 1529 3484 1586 Judaao-

1908 1627 2032 1667 rum
2069 1614 2324 1683 appellat.
2358 1633 2375 1665 ι
2408 1614 2476 1669 Ει
2514 1615 2867 1685 accipientes,
2903 1636 2920 1666 ι
2963 1617 3162 1687 inquit,
3205 1638 3222 1669 ι
3251 1619 3484 1689 lapidem

1906 1713 2313 1774 supposuerunt
2341 1706 2444 1759 sub
2474 1706 2612 1776 ipso,
2640 1716 2697 1761 et
2728 1707 2871 1762 sedit
2896 1723 3063 1779 super
3096 1724 3223 1764 eum
3249 1728 3261 1764 :
3305 1711 3485 1767 Aaron

216 1781 461 1852 ἐκάθητο
489 1783 758 1838 ὲπ“αὐτοῦ
774 1825 789 1850 ,
808 1786 901 1840 καὶ
931 1788 1141 1860 Ἀαρὼν
1163 1792 1258 1845 καὶ
1282 1794 1383 1864 “Op
1401 1795 1687 1868 ἐστήριξαν
1705 1798 1797 1863 τάς

1904 1804 1960 1851 ει
1989 1798 2104 1852 Hur
2133 1799 2513 1854 sustentabant
2538 1815 2733 1855 manus
2753 1801 2891 1871 ejus,
2928 1816 3072 1858 unus
3103 1801 3250 1868 hinc,
3291 1796 3346 1859 et
3403 1806 3482 1859 al—

213 1876 413 1944 χείρας
438 1874 629 1939 αὐτοῦ,
658 1873 905 1931 ἐντεῦθεν
927 1875 1028 1945 εἷς,
1059 1883 1153 1936 καὶ
1174 1884 1423 1940 ἐντεῦθεν
1454 1882 1555 1953 εἷς.
1594 1909 1613 1942 ›
1645 1892 1797 1957 Λίθος

1898 1896 1992 1943 ter
2020 1889 2233 1944 hinc".
2273 1910 2290 1941 ι
2326 1890 2489 1961 Lapis
2512 1898 2693 1946 autem
2725 1870 3018 1961 pretiosus,
3054 1895 3281 1960 electus,
3309 1910 3483 1967 angu-

211 1965 267 2019 δὲ
284 1967 498 2036 τίμιος,
525 1966 799 2035 ἐκλεκτὸς,
816 1972 1229 2043 ἀκρογωνιαίος,
1258 1976 1475 2049 ἔντιμος
1499 1984 1527 2035 ὀ
1544 1983 1801 2054 Χριστὸς,

210 2058 297 2125 ἐφ’
326 2052 377 2126 ᾧ
428 2061 527 2113 καὶ
557 2061 957 2133 ἀναπαυόμενοι
999 2064 1173 2137 (δηλοί
1202 2069 1313 2139 γάρ
1362 2072 1395 2141 ή
1442 2052 1674 2145 κάθησις
1703 2079 1803 2148 τὴν

209 2150 567 2223 ἀνάπαυσιν)
614 2154 664 2205 οἱ
707 2156 1102 2229 ἐπιεικέστεροι
1152 2159 1212 2214 δὲ
1268 2163 1363 2215 καὶ
1412 2164 1800 2241 εὐμαθέστεροι

208 2240 318 2291 τῶν
349 2241 416 2306 ἐξ
455 2242 698 2314 Ἰσραὴλ,
720 2245 782 2299 τὺ
811 2246 1008 2318 λῆμμα
1033 2251 1130 2321 τῆς
1158 2252 1380 2323 χάριτος
1417 2255 1517 2326 τῆς
1544 2259 1666 2309 κατ’
1708 2240 1800 2313 έκ-

208 2331 401 2403 λογὴν,
432 2334 668 2389 ἁπλοῦσι
695 2336 796 2401 τὰς
827 2342 1036 2410 χεῖρας,
1062 2342 1207 2396 τοῦτ’
1233 2343 1369 2408 ἔστι,
1414 2350 1799 2420 καταδέχονται

205 2424 297 2476 τὸν
334 2426 601 2497 σταυρὸν,
631 2428 976 2500 στηρίζοντος
1002 2434 1164 2486 οἱονεί
1188 2452 1291 2489 που
1325 2438 1418 2490 καὶ
1445 2440 1799 2511 διακρατοῦν-

203 2534 295 2581 τος
320 2519 533 2583 αὐτοὺς
572 2522 670 2575 καὶ
702 2523 838 2594 πρός
862 2540 925 2591 γε
944 2525 1106 2579 τοῦτο
1130 2529 1390 2598 Χριστοῦ,
1418 2532 1493 2595 ὡς
1518 2533 1576 2586 ἐν
1605 2533 1716 2605 Ὠρ
1738 2551 1797 2588 τε

204 2611 301 2662 καὶ
344 2610 564 2681 ’Δαρὼν
598 2615 947 2685 σημαίνεται,
981 2616 1269 2689 νοούμενος
1298 2622 1357 2673 ἐν
1394 2622 1575 2694 ταύτῷ
1604 2627 1797 2697 κριτὴς

204 2701 303 2754 καὶ
331 2702 655 2774 ἀρχιερεύς.
709 2706 810 2777 Ὠρ
851 2707 951 2777 μὲν
982 2708 1092 2780 γάρ
1125 2705 1195 2781 ἦν
1237 2712 1535 2779 ἀδέκαστος
1565 2718 1756 2789 κριτής
1777 2733 1793 2749 ⁶

218 2792 440 2863 Ἀαρὼν
468 2794 528 2847 δὲ
562 2797 875 2869 ἀρχιερεὺς,
908 2800 938 2852 ὀ
968 2801 1029 2852 τὸ
1052 2800 1251 2872 λῆμμα
1284 2804 1543 2876 συνέχων,
1589 2809 1650 2861 τὸ
1675 2810 1795 2863 κατ’

202 2885 444 2959 ἐκλογὴν
479 2887 705 2960 χάριτος
735 2889 846 2943 τῶν
878 2890 939 2957 ἐξ
979 2893 1216 2965 Ἰσραὴλ,
1265 2897 1403 2967 πρὸς
1432 2898 1528 2969 τὴν
1571 2900 1658 2955 διὰ
1709 2902 1798 2955 πί-

204 2994 379 3042 στεως
427 2980 729 3051 σωτηρίαν.
780 2983 946 3037 Τουτὶ
992 2986 1099 3057 γὰρ
1146 2982 1300 3058 οἶμαι
1346 2988 1540 3059 δηλοῦν
1598 2992 1663 3045 τὸ
1707 2993 1796 3047 διὰ

201 3072 391 3143 φωνῆς
426 3072 657 3126 Ἡσαΐου
694 3076 1047 3146 προφητικῶς
1084 3080 1409 3153 εἰρημένον*
1442 3104 1461 3135 ι
1500 3084 1610 3138 Καὶ
1640 3086 1690 3138 εἱ
1718 3088 1792 3158 μὴ

1903 1981 2055 2046 laris,
2087 1983 2349 2053 probatus
2365 1984 2431 2050 ”,
2462 1984 2716 2041 Christus
2752 1994 2855 2051 est,
2893 2002 3057 2057 super
3101 2003 3211 2057 quo
3259 1990 3482 2058 requie-

1902 2082 2119 2129 scentes
2152 2075 2361 2145 (sessio
2390 2091 2625 2146 namque
2663 2078 2967 2148 requietem
3013 2078 3358 2150 signiﬁcat),
3386 2080 3479 2150 qui

1900 2176 1969 2215 ex
2018 2162 2181 2219 Israel
2219 2166 2673 2237 obsequentiores
2719 2183 2783 2223 ac
2830 2169 3123 2225 dociliores
3171 2179 3318 2233 sunt,
3352 2170 3477 2233 illze,

1902 2255 2150 2326 inquam,
2182 2258 2427 2329 reliquiae
2458 2261 2645 2331 gratiae
2684 2277 2805 2331 qua:
2830 2261 3132 2316 secundum
3155 2261 3480 2317 eiectionem

1899 2357 2003 2413 est,
2037 2351 2351 2420 expandunt
2380 2369 2592 2417 manus,
2630 2353 2685 2407 id
2726 2361 2830 2419 est,
2872 2369 3093 2409 crucem
3148 2354 3477 2424 suscipiunt,

1897 2440 2117 2496 Christo
2168 2442 2294 2498 illos
2338 2444 2699 2500 conﬁrmante
2752 2454 2917 2515 atque
2982 2446 3333 2512 continente,
3384 2451 3477 2519 qui

1898 2547 1997 2602 per
2027 2532 2144 2587 Hur
2175 2542 2341 2604 atque
2382 2536 2563 2591 Aaron
2614 2536 2972 2607 significatur,
3015 2547 3072 2593 et
3102 2539 3271 2610 judex
3316 2539 3477 2595 simul

1896 2633 1954 2678 et
1990 2639 2238 2679 summus
2262 2626 2520 2681 sacerdos
2569 2628 2913 2699 intelligitur,
2950 2628 3067 2683 Hur
3095 2629 3365 2699 siquidem
3386 2633 3477 2702 ju-

1896 2712 2002 2769 dex
2037 2714 2425 2784 integerrimus
2453 2728 2610 2784 erat;
2639 2718 2822 2773 Aaron
2866 2729 3049 2774 autem
3094 2736 3342 2777 summus
3390 2739 3478 2777 sa-

1897 2805 2109 2860 cerdos.
2140 2806 2293 2861 Unus
2328 2808 2494 2878 igitur
2540 2818 2799 2880 tanquam
2850 2810 2907 2865 in
2948 2820 3182 2881 utroque
3226 2812 3480 2869 Christus

1894 2905 1999 2957 est,
2023 2896 2191 2967 judex
2218 2906 2273 2951 et
2306 2913 2557 2955 summus
2587 2902 2865 2969 sacerdos,
2903 2903 2998 2973 qui
3041 2905 3301 2973 reliquias
3334 2904 3477 2959 ﬁlio-

1896 3002 2017 3039 rum
2063 2987 2225 3041 Israel
2266 2988 2437 3044 factas
2478 3006 2577 3060 per
2622 2993 2948 3047 electionem
2988 2995 3195 3063 gratize,
3234 2996 3301 3049 ad
3354 3011 3473 3050 eam

1895 3094 2017 3148 quae
2038 3087 2122 3132 est
2160 3088 2237 3148 ex!
2260 3080 2365 3136 ﬁde
2396 3083 2629 3137 salutem
2674 3084 3009 3139 continebat.
3048 3085 3161 3140 Hoc
3207 3088 3356 3140 enim
3396 3090 3473 3141 si-

201 3164 412 3234 Κύριος
434 3164 666 3219 Σαϐαὼθ
684 3167 1187 3241 ὲγκατέλιπενήμῖν
1208 3172 1448 3245 σπέρμα,
1468 3176 1543 3239 ὼς
1585 3177 1792 3249 Σόδομα

1897 3168 2138 3240 gniﬁcari
2192 3179 2325 3240 puto
2373 3171 2557 3227 verbis
2603 3171 2713 3227 illis
2765 3188 2885 3242 quae
2930 3180 3028 3243 per
3074 3175 3225 3231 Isaia:
3282 3192 3472 3231 vocent

201 3257 270 3309 ἀν
306 3256 681 3329 ἐγενήθημεν,
713 3261 810 3314 καὶ
850 3260 926 3325 ὡς
950 3262 1208 3334 Γόμορρα
1241 3264 1306 3319 ἂν
1344 3267 1728 3339 ὡμοιώθημεν.
1766 3290 1797 3341 ι

1897 3261 2216 3330 prophetice
2242 3261 2387 3317 dicta
2413 3274 2575 3319 sunt:
2618 3285 2635 3315 ι
2676 3266 2745 3320 Ει
2775 3267 2883 3322 nisi
2926 3268 3191 3324 Dominus
3234 3270 3471 3326 Sabaoth

200 3350 570 3413 Πεπτωκότος
589 3352 879 3423 τοιγαροῦν
899 3353 993 3408 τοῦ
1014 3355 1431 3426 ἀνθεστηκότες,
1452 3361 1595 3431 φημὶ
1610 3361 1674 3433 δὴ
1699 3363 1793 3416 τοῦ

212 3443 469 3514 ’Δμαλήκ
493 3458 506 3471 ·
538 3463 557 3496 ι
596 3445 984 3518 Κατάγραψον,
1018 3468 1036 3498 ι
1072 3449 1259 3518 φησιν,
1296 3470 1313 3501 ι
1340 3452 1421 3514 είς
1453 3454 1794 3525 μνημόσυνον

197 3533 357 3588 τοῦτο
390 3536 481 3598 είς
529 3533 755 3605 βιϐλίον,
800 3538 895 3591 καὶ
947 3539 1036 3603 δὸς
1082 3540 1163 3603 είς
1205 3541 1274 3594 τὰ
1323 3535 1439 3595 ὦτα
1506 3544 1702 3616 Ἰησοῦ.
1768 3566 1787 3600 ι

204 3624 443 3693 Ἔμελλε
491 3625 601 3695 γὰρ
625 3625 715 3679 διὰ
747 3626 849 3697 τῆς
877 3628 985 3681 τῶν
1031 3627 1200 3696 ἁγίων
1224 3630 1630 3699 εὐαγγελιστῶν
1662 3651 1794 3703 συγ-

199 3717 429 3788 γραφῆς
490 3720 572 3781 είς
613 3719 971 3791 ἀτελεύτητον
1020 3721 1115 3773 καὶ
1167 3722 1386 3793 μακρὰν
1453 3725 1793 3781 ὲκτείνεσθαι

203 3807 430 3879 μνήμην
486 3808 556 3862 τὰ
586 3808 675 3862 διὰ
712 3811 948 3881 Χριστοῦ
976 3811 1400 3884 κατορθώματα.
1455 3816 1700 3872 Δίδοσθαί
1727 3836 1792 3889 γε

202 3898 305 3967 μὴν
352 3900 466 3970 ἔφη
511 3901 612 3971 τὴν
654 3904 979 3975 συγγραφὴν
1028 3906 1107 3967 είς
1150 3905 1219 3959 τὰ
1268 3898 1384 3961 ὦτα
1433 3908 1527 3961 τοῦ
1595 3910 1788 3981 Ἰησοῦ.

211 3991 503 4062 ’Δνάθημα
548 3994 658 4063 γὰρ
702 3993 893 4066 ῶσπερ
941 3995 1153 4050 ἔπαινοί
1194 4014 1254 4050 τε
1294 4000 1387 4053 καὶ
1433 3999 1686 4073 ἐγκώμια
1716 4003 1792 4076 τῷ

198 4081 426 4155 Χριστῷ
470 4084 542 4137 τά
583 4084 693 4138 τῶν
740 4086 911 4156 ἁγίων
967 4090 1392 4160 συγγράμματα.
1433 4095 1792 4160 Πεπτωκότος

199 4172 251 4224 δὲ
297 4174 406 4244 ήδη
442 4174 539 4227 καὶ
584 4177 938 4247 νενικημένου
982 4177 1074 4231 τοῦ
1118 4181 1384 4252 Ἀμαλὴκ,
1440 4183 1723 4256 ἀνίστησιν
1761 4187 1791 4241 ὁ

199 4265 404 4336 Μωσῆς
470 4264 858 4339 θυσιαστήριον
906 4269 984 4340 τῷ
1033 4270 1183 4342 Θεῷο
1216 4274 1558 4345 καταγράφει
1603 4276 1659 4330 δὲ
1699 4278 1790 4331 καὶ

200 4356 347 4426 αὐτῷ
380 4356 579 4427 ὄνομα,
617 4379 636 4411 ι
678 4361 881 4431 Κύριός
914 4379 1037 4431 μου,
1075 4367 1363 4437 καταφυγή
1391 4384 1514 4437 μου.
1549 4386 1567 4419 ι
1607 4370 1790 4435 Τόπος

200 4445 254 4497 δὲ
283 4446 352 4499 ἂν
375 4448 466 4517 εἴη
496 4448 591 4501 καὶ
620 4448 777 4503 τοῦτο
791 4451 1047 4522 Χριστοῦ.
1074 4453 1275 4524 Κύριος
1316 4456 1425 4528 γὰρ
1447 4460 1578 4529 ἡμῖν
1598 4461 1786 4529 γέγονε

1896 3354 2215 3424 reliquisset
2243 3354 2404 3409 nobis
2439 3371 2648 3420 semen,
2678 3364 2737 3411 ut
2767 3358 3001 3414 Sodoma
3050 3360 3367 3428 fuissemus,
3418 3373 3475 3420 et

1896 3446 2052 3513 quasi
2093 3445 2397 3501 Gomorrha
2443 3446 2649 3503 similes
2688 3448 2815 3503 facti
2868 3465 3115 3507 essemus
3149 3454 3215 3507 ".
3265 3474 3283 3505 ι
3332 3454 3471 3511 Cum

1896 3537 2063 3610 igitur
2085 3541 2131 3594 is
2154 3540 2249 3610 qui
2273 3540 2594 3606 obsistebat,
2631 3544 2870 3609 Amalec,
2897 3546 3140 3616 inquam,
3158 3550 3467 3615 cecidisset,

1903 3650 1922 3683 ι
1953 3631 2166 3697 Scribe,
2198 3653 2215 3683 ι
2256 3634 2455 3703 inquit,
2497 3653 2512 3683 ι
2545 3633 2651 3689 hoc
2690 3635 2756 3690 ad
2782 3638 3101 3692 memoriam
3141 3640 3196 3694 in
3220 3642 3383 3707 libro,
3416 3656 3472 3699 et

1894 3722 2050 3778 dabis
2080 3723 2135 3778 in
2166 3739 2328 3780 aures
2356 3724 2520 3781 Josue
2557 3725 2624 3779 ⁸⁵.
2659 3746 2675 3777 ι
2710 3728 2880 3783 Erant
2917 3730 3065 3785 enim
3092 3733 3353 3802 praeclara
3380 3735 3470 3791 illa

1892 3813 2097 3869 Christi
2155 3825 2305 3887 gesta
2369 3817 2642 3874 diuturnae
2686 3821 3145 3893 sempiternaeque
3193 3829 3473 3883 memoriae

1892 3914 2207 3961 sanctorum
2250 3908 2708 3979 evangelistarum
2754 3912 2972 3981 scriptis
3019 3916 3468 3973 commendanda.

1893 3994 2019 4049 Dari
2045 4011 2264 4067 quoque
2291 3998 2456 4069 jussit
2480 4000 2684 4070 scripta
2718 4001 2809 4057 illa
2833 4004 2888 4057 in
2910 4020 3073 4059 aures
3106 4005 3310 4062 Iosue:
3345 4009 3470 4065 illo-

1892 4102 2013 4140 rum
2035 4102 2271 4159 namque
2299 4099 2614 4145 sanctorum
2649 4092 2893 4148 virorum
2915 4107 3291 4163 monumenta,
3318 4100 3471 4157 velut

1892 4178 2093 4235 selecta
2112 4178 2255 4235 dona
2276 4180 2614 4250 qumdam,ac
2638 4190 2893 4253 tanquam
2918 4186 3107 4243 laudes
3122 4197 3177 4242 et
3196 4192 3473 4258 praeconia

1889 4267 2111 4324 Christo
2130 4270 2307 4326 dicata
2327 4279 2473 4326 sunt.
2517 4272 2807 4344 Proﬂigato
2844 4276 3010 4346 igitur
3045 4293 3110 4333 ac
3145 4280 3289 4334 victo
3307 4282 3469 4335 Ama—

1890 4359 1994 4423 lec,
2032 4360 2195 4431 erigit
2230 4360 2441 4432 Moyses
2474 4361 2646 4418 altare
2694 4364 2828 4429 Deo,
2868 4366 3055 4436 illique
3110 4368 3215 4424 hoc
3265 4386 3465 4426 nomen

1890 4449 2143 4521 imponit,
2159 4472 2177 4502 ι
2209 4453 2471 4507 Dominus
2492 4468 2667 4519 meus,
2692 4456 2959 4529 refugium
2982 4475 3163 4515 meum
3185 4462 3282 4515 ⁸⁸.»
3308 4462 3462 4529 Quod

201 4539 295 4591 ml.
318 4541 616 4611 καταφυγή
641 4556 655 4569 ·
683 4542 985 4614 νενικηκὼς
1013 4545 1121 4616 γὰρ
1146 4546 1238 4599 τὸν
1271 4548 1507 4620 ἄρχοντα
1535 4550 1628 4604 τοῦ
1656 4552 1786 4605 αίῶ-

1897 4540 2070 4611 ipsum
2090 4543 2255 4597 etiam
2277 4543 2477 4598 Christi
2523 4544 2751 4616 ﬁguram
2790 4550 3031 4619 praefert.
3064 4552 3116 4608 Is
3151 4553 3297 4609 enim
3355 4556 3463 4611 Do—

198 4647 287 4693 νος
315 4630 531 4696 τούτου,
581 4635 827 4704 πατήσας
859 4635 915 4687 δὲ
944 4636 1038 4689 τοῦ
1083 4637 1313 4692 θανάτου
1337 4640 1398 4693 τὸ
1438 4641 1659 4712 κράτος.
1692 4646 1785 4698 καὶ

199 4722 419 4786 ἀναθεὶς
455 4723 647 4777 ἑαυτὸν
678 4725 820 4797 ὑπὲρ
860 4727 1020 4798 ἡμῶν
1064 4729 1253 4801 ὥσπερ
1292 4731 1523 4804 ἄμωμον
1566 4737 1782 4805 ἱερεῖον,

199 4812 282 4875 εἰς
319 4814 499 4885 ὀσμὴν
540 4814 888 4886 εὐωδίαςοτῷ
935 4819 1055 4889 Θεῷ
1090 4821 1183 4874 καὶ
1228 4823 1423 4895 Πατρί.
1464 4824 1645 4891 Τόπος
1690 4825 1784 4882 οὖν

200 4904 308 4972 ἄρα
336 4904 601 4977 Χριστοῦ,
641 4907 702 4959 τὸ
735 4906 1137 4982 θυσιαστήριον.
1170 4905 1215 4980 ᾧ
1250 4915 1344 4968 καὶ
1370 4917 1581 4987 πρέπον
1612 4938 1669 4975 τε
1691 4923 1783 4975 καὶ

199 4996 393 5066 ἀληθὲς
428 4999 626 5069 ϐνομα,
664 5018 683 5051 ι
720 5000 923 5073 Κύριός
959 5020 1084 5073 μου,
1120 5009 1410 5079 καταφυγή
1444 5027 1565 5080 μου.
1605 5031 1623 5064 ι

268 5262 472 5318 ΠΔΛΛ.
508 5262 777 5334 Σύμφημι
798 5279 813 5296 ο
840 5266 980 5330 νοεῖς
1009 5265 1117 5338 γὰρ
1152 5266 1347 5340 ὀρθῶς.

268 5441 429 5495 ΚΥΡ.
486 5441 576 5495 Ἑν
609 5442 755 5512 χειρὶ
782 5442 837 5496 δὲ
863 5444 1105 5516 κρυφαία
1134 5447 1448 5518 πολεμήσας
1475 5449 1565 5503 τὸν
1586 5451 1773 5521 νοητὸν

215 5529 451 5603 Ἀμαλὴκ
503 5535 600 5585 καὶ
658 5532 962 5604 νενικηκὼς
1010 5536 1040 5587 ὀ
1088 5537 1342 5608 Χριστὸς,
1399 5541 1773 5613 κατεκράτησε

204 5619 303 5672 τῶν
343 5623 534 5690 ἐθνῶν,
590 5625 687 5678 καὶ
717 5624 1017 5696 διήρπασεν
1067 5627 1233 5681 αὐτοῦ
1277 5629 1346 5683 τά
1392 5631 1581 5702 σκεύη,
1635 5635 1776 5689 καθά

1884 4632 2068 4687 minus
2102 4641 2289 4689 noster
2341 4644 2426 4690 est
2481 4636 2678 4702 factus,
2734 4656 2798 4695 ac
2854 4642 3148 4715 refugium,
3188 4664 3311 4702 cum
3364 4648 3463 4704 de—

1884 4724 2102 4781 bellarit
2154 4727 2342 4781 mundi
2415 4728 2579 4799 hujus
2647 4733 2992 4804 principem,
3063 4739 3463 4811 calcaveritque

1883 4818 2076 4873 mortis
2102 4818 2413 4888 imperium,
2453 4836 2516 4876 ac
2554 4822 2796 4893 seipsum
2837 4827 3100 4883 obtulerit
3151 4845 3252 4901 pro
3304 4835 3463 4888 nobis

1882 4917 1945 4965 ut
1980 4909 2380 4965 immaculatam
2420 4912 2654 4968 hostiam
2694 4915 2750 4970 in
2785 4918 3008 4973 odorem
3045 4923 3330 4977 suavitatis
3349 4925 3461 4979 Deo

1880 5018 1943 5058 ac
1980 5001 2145 5055 Patri.
2186 5002 2311 5057 Fuit
2350 5003 2518 5074 igitur
2554 5006 2725 5062 altare
2757 5008 2888 5064 illud
2910 5010 3110 5065 Christi
3151 5012 3344 5084 ﬁgura,
3369 5018 3458 5071 cui

1878 5086 2080 5145 decens
2114 5105 2178 5146 ac
2214 5107 2407 5147 verum
2445 5109 2646 5150 nomen
2686 5105 2789 5161 est,
2832 5097 3095 5154 Dominus
3150 5117 3325 5168 meus,
3366 5122 3425 5159 re

1876 5180 2087 5253 fugiam
2126 5196 2332 5237 meum.

1945 5272 2143 5328 PALL.
2180 5272 2464 5329 Assentior
2510 5293 2522 5328 :
2563 5277 2767 5347 optime
2814 5295 3050 5352 namque
3095 5288 3299 5344 sentire
3378 5291 3457 5343 vi-

1875 5364 2045 5423 deris.

1945 5455 2103 5513 CYR.
2125 5457 2274 5513 Bello
2309 5459 2492 5530 itaque
2515 5469 2666 5531 gesto
2712 5461 2973 5520 adversus
2990 5465 3093 5537 91
3118 5471 3455 5539 spiritualem

1875 5549 2096 5604 Amalec
2112 5549 2168 5603 in
2199 5564 2362 5604 manu
2389 5550 2622 5617 occulta,
2662 5568 2837 5624 eoque
2876 5555 3041 5619 victo,
3078 5557 3335 5616 Christus
3352 5561 3453 5617 ob—

1878 5638 2045 5694 tinuit
2082 5646 2293 5710 gentes,
2332 5639 2609 5712 ligatoque
2647 5641 2797 5710 forti,
2840 5656 2901 5702 ut
2940 5648 3056 5721 ipse
3097 5649 3293 5723 inquit,
3334 5653 3455 5723 ejus

271 5738 668 5834 :inoatt..9\'ltl,
705 5741 792 5798 24.
890 5745 936 5776 ⁹¹
976 5744 1148 5801 Exod.
1192 5764 1318 5812 xvu,
1356 5748 1437 5803 I2.
1513 5752 1607 5807 "I
1645 5753 1787 5809 Pctr.
1836 5771 1895 5820 ιι,
1939 5756 2003 5823 7;
2038 5729 2475 5821 lsai.xxvm,.16.
2553 5761 2871 5831 "lsai.r,9.
2952 5767 3336 5834 "Exodavn,
3368 5768 3450 5831 Η.

207 5805 249 5835 ’⁸
278 5806 427 5871 lbid.,
482 5811 563 5866 I5.
