4046 6504
580 390 685 448 2")

1606 390 1661 446 S.
1701 389 1975 445 CYRILLI
2013 386 2483 443 ALEXANDRLVI
2520 384 2839 442 ABCHIEP.

3736 372 3844 429 ξω

580 519 711 560 vasa
746 503 1062 573 diripuit".
1090 502 1319 574 Gregem
1356 504 1524 567 enim,
1559 505 1654 573 qui
1691 504 1823 559 olim
1864 505 1970 560 sub
2014 504 2156 559 illius

2266 505 2637 575 φησινιαὺτὸς,
2685 501 2996 572 καταδήσας
3026 498 3115 551 τὸν
3161 497 3401 569 ἰσχυρόν.
3447 496 3561 566 Τὴν
3601 493 3715 562 γὰρ
3755 492 3846 545 ὑπ’

581 594 791 649 ditione
830 594 1029 658 fuerat,
1049 594 1299 663 gentiles,
1324 593 1566 661 inquam,
1591 609 1716 647 cum
1738 593 2017 649 veteribus
2042 609 2165 665 gre-

580 683 742 753 gibus
778 682 1079 753 conjunxit,
1118 682 1352 751 ideoque
1391 682 1609 739 dicebat
1647 700 1663 741 :7
1700 702 1716 733 ι
1762 684 1829 737 Ει
1866 684 2003 741 alias
2033 699 2164 738 oves

581 774 780 839 habeo,
821 791 943 844 qua:
981 790 1090 828 non
1126 782 1256 828 sunt
1292 791 1357 829 ex
1395 774 1499 828 hoc
1537 775 1707 829 ovili:
1747 783 1803 829 et
1840 774 1961 829 illas
2000 789 2163 843 opor-

582 874 659 919 tet
698 880 782 918 me
824 863 1097 918 adducere
1123 905 1135 928 ,
1173 872 1231 918 et
1270 880 1458 919 vocem
1500 881 1675 919 meam
1713 865 1960 929 audient,
1982 875 2037 919 et
2072 866 2163 920 [iet

582 970 752 1008 unum
774 955 937 1018 ovile,
977 971 1120 1009 unus
1150 964 1338 1025 pastor
1357 958 1420 1009 9“.
1452 975 1469 1007 ι
1514 958 1770 1012 Christus
1829 966 2012 1013 autem
2057 975 2162 1028 pax

576 1053 764 1099 nostra
820 1054 924 1110 est,
979 1046 1134 1115 juxta
1189 1046 1538 1117 Scripturas,
1596 1050 1691 1118 qui
1743 1049 1873 1103 fecit
1929 1057 2160 1118 utraque

580 1153 773 1202 unum,
827 1147 885 1192 et
936 1139 1183 1193 medium
1234 1140 1503 1209 parietem
1555 1140 1809 1195 maceria:
1861 1140 2044 1203 solvit,
2105 1150 2162 1196 et

578 1226 898 1283 inimicitias
943 1227 996 1282 in
1036 1244 1201 1283 carne
1256 1246 1376 1295 sua,
1432 1230 1606 1301 legem
1663 1230 2049 1285 mandatorum
2102 1230 2161 1285 in

578 1316 815 1372 decretis
861 1320 1232 1384 evacuavit”,
1272 1328 1439 1389 atque
1475 1320 1531 1377 in
1566 1336 1737 1374 unum
1800 1336 2004 1375 novum
2057 1320 2161 1374 hoq

578 1408 784 1463 minem
836 1420 954 1464 tum
988 1425 1085 1466 eos
1133 1411 1226 1480 qui
1271 1426 1340 1465 ex
1393 1411 1836 1476 circumcisione,
1892 1420 2009 1466 tum
2064 1411 2160 1481 qui

578 1506 733 1551 extra
770 1498 945 1569 legem
979 1508 1157 1564 erant,
1199 1500 1538 1563 conciliavit.
1574 1501 1695 1560 lam
1730 1517 1864 1557 vero
1903 1501 2158 1557 conside-

578 1604 669 1645 res
702 1590 904 1647 iterum
934 1590 1098 1646 velim
1129 1607 1384 1662 magnum
1403 1592 1509 1646 hoc
1524 1592 1893 1664 Lmysterium,
1916 1593 2074 1662 quasi
2102 1593 2159 1653 in

2267 597 2459 667 ἐκείνῳ
2502 596 2847 667 πράττουσαν
2901 591 3100 660 ἀγέλην
3138 589 3289 652 ποτὲ,
3336 590 3477 659 φημὶ
3523 588 3593 658 δὴ
3618 588 3751 651 τοὺς
3789 585 3849 648 ἐξ

2265 687 2453 753 ἐθνῶν,
2496 690 2607 750 τοῖς
2640 683 3019 756 ἀρχαιοτέροις
3054 680 3255 750 συνῆψε
3286 679 3587 749 ποιμνίοις·
3623 677 3847 746 τοιγάρ-

2263 796 2346 832 τοι
2395 779 2488 832 καὶ
2535 777 2775 846 ἔφασκεο
2820 795 2840 826 ι
2887 774 2998 829 Kal
3042 772 3175 827 ἄλλα
3220 771 3465 844 πρόϐατα
3508 771 3640 840 ἔχω,
3682 768 3719 822 ἃ
3748 770 3848 822 οὐκ

2264 869 2411 923 ἔστιν
2431 871 2494 922 ὲκ
2523 871 2621 939 τῆς
2655 868 2825 937 αὐλῆς
2852 866 3077 937 ταύτης,
3106 864 3337 919 κάκεῖνά
3370 881 3436 933 με
3473 863 3553 916 δεῖ
3594 864 3846 930 ἀγαγεῖν,

2263 960 2358 1011 καὶ
2402 958 2499 1028 τῆς
2540 957 2723 1026 φωνῆς
2772 973 2872 1026 μου
2902 955 3228 1009 άκοὺσουσι·
3276 952 3370 1006 καὶ
3407 953 3703 1021 γενήσεται
3748 948 3851 1020 μία

2264 1050 2488 1120 ποίμνη,
2519 1044 2599 1112 εἷς
2646 1049 2872 1118 ποιμήν.
2917 1066 2936 1098 ι
2982 1046 3217 1117 Χριστὸς
3260 1044 3320 1099 δέ
3376 1047 3525 1097 ἐστιν
3574 1044 3608 1113 ἡ
3651 1042 3844 1112 εἰρήνη

2264 1141 2442 1212 ἡμῶν,
2475 1140 2618 1195 κατὰ
2643 1139 2742 1203 τὰς
2764 1140 2802 1191 Γ
2807 1137 3006 1210 ραφὰς,
3038 1138 3067 1190 6
3091 1135 3325 1207 ποιήσας
3353 1136 3421 1188 τά
3439 1132 3733 1206 ἀμφότερα
3763 1132 3841 1198 ἒν,

2264 1234 2442 1287 καὶτὸ
2477 1234 2791 1303 μεσότοιχον
2820 1230 2916 1285 τοῦ
2956 1229 3213 1302 φραγμοῦ
3244 1229 3435 1292 λύσας,
3481 1229 3578 1282 καὶ
3613 1226 3715 1297 τὴν
3752 1225 3845 1295 εχ·

2263 1324 2399 1394 Θραν
2426 1326 2483 1377 ὲν
2523 1326 2592 1395 τῇ
2621 1323 2787 1392 σαρκὶ
2816 1321 3005 1386 αὑτοῦ,
3039 1320 3132 1374 τὸν
3171 1320 3336 1390 νόμον
3366 1319 3477 1373 τῶν
3503 1316 3739 1372 ἐντολῶν
3789 1318 3847 1370 ὲν

2260 1414 2492 1485 δόγμασι
2538 1414 2930 1485 καταργήσας,
2999 1412 3093 1466 καὶ
3130 1414 3209 1475 εἰς
3267 1410 3365 1466 ἕνα
3398 1410 3585 1463 καινὸν
3630 1407 3846 1479 ἀνθρω-

2264 1521 2363 1558 πον
2422 1504 2547 1568 τούς
2576 1521 2636 1557 τε
2682 1506 2747 1558 ἐκ
2778 1504 3079 1576 περιτομῆς
3107 1502 3202 1556 καὶ
3229 1502 3357 1564 τοὺς
3395 1500 3499 1565 ἕξω
3528 1503 3698 1570 νόμου
3726 1515 3850 1552 συν-

2261 1596 2519 1665 ενεγκώνη
2547 1596 2737 1668 ’Δθρει
2765 1595 2828 1666 δὴ
2858 1590 2954 1651 οὖν
2979 1594 3140 1649 πάλιν
3168 1593 3324 1647 τοῦτο
3347 1592 3488 1663 μέγα
3519 1592 3847 1661 μυστήριον,

578 1680 774 1735 umbra
808 1690 866 1736 et
897 1684 1214 1754 aenigmate,
1253 1683 1403 1758 quod
1444 1685 1512 1745 iis
1544 1700 1667 1755 quae
1703 1686 1867 1743 modo
1904 1702 1935 1745 a
1999 1686 2156 1743 nobis

2262 1692 2373 1753 τοῖς
2420 1688 2623 1759 ἀρτίως
2661 1691 2791 1760 ἡμῖν
2826 1688 3137 1760 εἰρημένοις
3182 1684 3651 1758 παρεζευγμένον,
3680 1683 3762 1746 ὡς
3790 1684 3848 1736 ἐν

578 1771 725 1826 dicta
754 1783 905 1837 sunt,
947 1772 1094 1834 illico
1128 1774 1451 1845 adjunctum
1491 1783 1600 1834 est.
1626 1794 1645 1826 ‹
1670 1774 1898 1829 Audivit
1934 1776 2105 1840 enim,
2132 1794 2151 1825 ι

2264 1779 2393 1847 σκιᾷ
2410 1778 2851 1848 καὶαίνίγμασιν.
2872 1796 2892 1828 ι
2920 1777 3158 1830 Ἤκουσε
3178 1773 3309 1845 γάρ,
3336 1794 3354 1825 ι
3382 1772 3609 1843 (manu
3655 1770 3843 1843 Ἰοθδρ,

578 1860 777 1931 inquit,
820 1882 837 1913 ι
862 1862 1054 1918 Jethro
1085 1844 1344 1919 sacerdos
1375 1863 1589 1918 Madian
1609 1880 1765 1919 socer
1788 1865 1957 1935 Moysi
1977 1864 2156 1919 omnia

2262 1869 2290 1920 6
2315 1844 2491 1937 ίερεὺς
2508 1844 2756 1937 Μαδιάμ,
2780 1867 2809 1918 ὁ
2832 1863 3080 1936 γαμϐρὸς
3094 1844 3291 1930 Μωσῆ,
3308 1861 3483 1915 πάντα
3503 1860 3604 1912 ὅσα
3620 1858 3845 1927 ἐποίησε

576 1968 918 2021 quaecunque
941 1953 1071 2008 fecit
1106 1954 1373 2008 Dominus
1397 1955 1583 2015 Israeli
1615 1971 1716 2010 suo
1742 1957 1982 2027 populo;
2022 1957 2161 2011 edus

573 2045 655 2097 ait
685 2045 831 2099 enim
872 2045 1138 2102 Dominus
1174 2046 1342 2101 Israel
1370 2062 1437 2101 ex
1460 2046 1713 2119 Egypto.
1733 2049 1958 2118 Accepit
1976 2056 2160 2103 autem

572 2133 767 2188 Jcthro
805 2150 964 2195 socer
990 2134 1160 2207 Moysi
1190 2136 1531 2207 Sepphoram
1569 2153 1794 2193 uxorem
1828 2138 2001 2209 Moysi
2039 2150 2162 2208 post

574 2222 952 2285 dimissionem
990 2226 1130 2297 ejus,
1171 2234 1226 2280 et
1254 2226 1394 2280 duos
1442 2225 1586 2287 ﬁlios
1630 2228 1787 2298 ejus;
1828 2244 2029 2283 nomen
2066 2221 2164 2283 uni

574 2316 822 2385 Gersam,
846 2320 1071 2375 dicens:
1100 2320 1325 2375 Advena
1362 2319 1439 2375 fui
1475 2322 1532 2376 in
1574 2332 1722 2377 terra
1759 2322 1956 2378 aliena:
1982 2332 2037 2377 et
2059 2340 2158 2377 no-

576 2426 703 2465 men
728 2412 955 2467 secundi
994 2414 1229 2479 Eliezer,
1259 2416 1450 2471 dicens
1474 2435 1485 2469 :
1509 2415 1656 2479 Deus
1674 2416 1823 2470 enim
1857 2415 2028 2484 patris
2051 2415 2158 2469 mei

575 2502 796 2573 adjutor
830 2520 1008 2570 meus,
1047 2516 1104 2561 et
1138 2507 1393 2563 liberavit
1444 2523 1532 2565 me
1580 2507 1647 2562 de
1696 2523 1863 2562 manu
1917 2508 2157 2563 Pharao—

576 2593 681 2649 nis.
708 2594 775 2657 Et
812 2598 963 2651 venit
997 2596 1187 2652 Jethro
1220 2613 1377 2654 socer
1415 2598 1605 2669 Moysi,
1644 2607 1702 2653 et
1739 2598 1836 2652 ﬁlii
1887 2608 1945 2655 et
1997 2615 2153 2663 uxor,

574 2687 643 2741 ad
682 2688 903 2759 Moysen
930 2688 986 2742 in
1008 2688 1313 2755 desertum,
1350 2690 1445 2744 ubi
1484 2678 1900 2746 castrametatus
1946 2699 2063 2746 erat
2100 2692 2154 2745 in

574 2791 817 2835 montem
841 2781 957 2835 Dei.
979 2782 1303 2837 Nuntiatum
1346 2792 1431 2839 est
1458 2791 1641 2839 autem
1661 2784 1828 2854 Moysi
1851 2799 1881 2837 a
1918 2782 2154 2837 dicenti-

575 2871 678 2926 bus
703 2891 713 2924 :
740 2873 879 2926 Ecce
903 2888 1061 2927 socer
1086 2881 1213 2927 tuus
1235 2873 1427 2930 Jethro
1445 2873 1596 2928 venit
1614 2873 1683 2928 ad
1704 2883 1778 2938 te,
1801 2882 1858 2927 et
1893 2888 2031 2926 uxor
2066 2881 2159 2926 tua

572 2962 758 3016 etduo
785 2962 883 3016 lilii
906 2964 983 3017 tui
1009 2978 1133 3017 cum
1164 2979 1250 3019 eo.
1292 2964 1560 3035 Egressus
1603 2973 1687 3017 est
1714 2971 1897 3019 autem
1946 2963 2155 3033 Moyses

573 3052 630 3107 in
665 3068 954 3109 occursum
996 3070 1188 3110 socero
1235 3070 1357 3119 suo,
1396 3064 1453 3109 et
1490 3055 1741 3117 adoravit
1777 3069 1926 3117 eum,
1967 3062 2023 3108 et
2060 3069 2152 3108 οε*

572 3144 789 3198 culatus
814 3161 961 3209 cum,
992 3154 1047 3200 et
1066 3146 1303 3215 mplexi
1342 3153 1470 3200 sunt
1490 3146 1747 3210 invicem,
1773 3155 1830 3200 et
1851 3145 2156 3200 introduxit

2264 1959 2466 2030 Κύριος
2506 1958 2724 2030 Ἰσραὴλ
2749 1957 2826 2029 τῷ
2848 1956 3042 2010 ἑαυτοῦ
3066 1954 3181 2025 λαῷ
3204 1971 3218 1986 ο
3244 1955 3479 2024 ἐξήγαγε
3506 1953 3618 2022 γὰρ
3643 1949 3847 2020 Κύριος

2261 2054 2352 2107 τὸν
2408 2052 2625 2125 Ἰσραὴλ
2671 2052 2730 2119 ἐξ
2771 2050 3070 2119 Αἰγύπτου.
3108 2046 3309 2101 Ἔλαϐε
3359 2046 3418 2099 δὲ
3471 2045 3567 2098 καὶ
3620 2043 3851 2113 Ἰοθὸρὰ

2262 2145 2513 2218 γαμϐρὸς
2533 2145 2776 2207 Μωσέως
2804 2140 3106 2213 Σεπφώραν
3128 2138 3225 2209 τὴν
3254 2140 3489 2207 γυναῖκα
3515 2137 3692 2204 Μωσῆ
3710 2134 3846 2205 μετὰ

2260 2239 2361 2310 τὴν
2388 2239 2580 2307 ἄφεσιν
2621 2236 2815 2305 αὐτῆς,
2841 2234 2937 2288 καὶ
2967 2234 3092 2295 τοὺς
3116 2231 3226 2284 δύο
3253 2228 3405 2292 υἱοὺς
3426 2227 3599 2297 αὐτῆς
3627 2241 3643 2256 °
3672 2225 3847 2295 ὄνομα

2260 2332 2339 2400 τῷ
2378 2332 2460 2385 ἐνὶ
2502 2330 2732 2402 Γερσάν,
2766 2328 2939 2396 λέγων
2958 2346 2975 2363 οη
3003 2326 3273 2399 Πάροικος
3302 2324 3450 2394 ήμην
3478 2323 3538 2375 ἐν
3566 2323 3642 2390 γῇ
3689 2318 3846 2374 ἁλλο-

2259 2423 2405 2494 τρία⁸
2430 2423 2525 2477 καὶ
2548 2423 2609 2476 τὸ
2627 2422 2797 2492 ὄνομα
2820 2420 2916 2475 τοῦ
2954 2419 3205 2493 δευτέρου
3241 2415 3506 2486 Ἑλιεζὲρ,
3534 2414 3744 2482 λέγων·
3789 2411 3849 2466 '0

2259 2517 2369 2586 γὰρ
2406 2514 2539 2578 Θεὸς
2585 2513 2678 2567 τοῦ
2710 2513 2917 2583 πατρός
2949 2528 3051 2581 μου
3088 2509 3279 2580 βοηθός
3320 2524 3444 2578 μου,
3480 2507 3578 2559 καὶ
3611 2504 3849 2569 ὲξείλετό

2263 2625 2329 2679 με
2357 2608 2421 2659 ὲκ
2452 2606 2634 2677 χειρὸς
2673 2602 2889 2679 φαραώ.
2942 2601 3052 2655 Καὶ
3090 2597 3254 2670 ἦλθεν
3296 2597 3463 2667 ἰοθδρ
3513 2598 3542 2649 ὁ
3590 2594 3846 2665 γαμϐρὸς

2258 2677 2456 2768 Μωσῆ,
2487 2699 2584 2751 καὶ
2612 2698 2663 2753 οἱ
2695 2677 2804 2749 υίοὶ
2832 2693 2926 2747 καὶ
2967 2694 3001 2763 ἠ
3047 2690 3206 2762 γυνὴ,
3242 2690 3377 2762 πρὸς
3404 2688 3613 2757 Μωσῆν
3644 2690 3730 2749 είς
3750 2686 3847 2754 τὴν

2258 2793 2481 2863 ἔρημον,
2502 2785 2562 2845 οὗ
2587 2788 2895 2860 παρέλαϐεν
2911 2786 3005 2841 ἐπὶ
3024 2786 3084 2839 τὸ
3098 2785 3223 2855 ὅρος
3239 2784 3332 2838 τοῦ
3352 2781 3516 2837 Θεοῦ.
3529 2781 3843 2850 Ἀνηγγέλη

2255 2884 2310 2938 δὲ
2343 2884 2514 2953 Μωσῇ
2549 2881 2803 2949 λέγοντες
2824 2895 2838 2910 ο
2886 2878 3016 2933 Ἰδοὺ
3046 2878 3075 2931 6
3102 2874 3353 2947 γαμϐρός
3383 2891 3474 2928 σου
3529 2871 3705 2942 Ίοθὸρ
3739 2888 3841 2927 m-

2258 2977 2538 3049 ραγίνεται
2574 2974 2712 3045 πρὸς
2746 2973 2828 3038 σὲ,
2862 2973 2955 3027 καὶ
2994 2974 3029 3044 ὴ
3056 2970 3195 3041 γυνὴ
3239 2968 3335 3023 κα).
3371 2968 3423 3021 oi
3449 2965 3543 3021 δύο
3597 2964 3709 3018 υἱοί
3752 2980 3843 3017 σου

2260 3070 2379 3140 μετ’
2420 3066 2610 3122 αὐτοῦ.
2662 3064 2883 3136 Ἐξῆλθε
2938 3064 2995 3117 δὲ
3032 3062 3238 3133 Μωσῆς
3290 3061 3371 3123 είς
3402 3058 3740 3128 συνάντησιν
3769 3054 3844 3124 τῷ

2258 3159 2495 3233 γαμϐρῷ
2524 3158 2692 3213 αὐτοῦ
2734 3157 2932 3228 Ἰοθὸρ,
2959 3156 3053 3209 καὶ
3091 3152 3501 3227 προσεκύνησεν
3531 3150 3709 3221 αὐτῷ,
3752 3151 3845 3203 καὶ

572 3248 696 3286 eum
719 3234 773 3288 in
796 3234 1233 3298 tabernaculum,
1256 3245 1311 3289 et
1330 3236 1576 3300 narravit
1592 3236 1804 3307 Moyses
1822 3250 2017 3291 socero
2055 3252 2156 3291 suo

2258 3251 2627 3335 κατεφίλησεν
2677 3250 2861 3311 αὑτὸν,
2910 3249 3006 3303 καὶ
3051 3247 3370 3317 ἠσπάσαντο
3406 3245 3701 3337 ἀλλήλους,
3752 3244 3843 3297 καὶ

570 3324 755 3378 omnia
789 3340 1139 3394 quaecunque.
1168 3325 1298 3379 fecit
1336 3325 1601 3381 Doininus
1638 3327 1912 3391 Pharaoni
1935 3326 2165 3399 etIEgya

570 3416 703 3486 ptiis
728 3425 951 3485 propter
989 3417 1179 3482 lsrael,
1217 3427 1273 3471 et
1303 3433 1524 3479 omnem
1559 3417 1803 3473 laborem
1823 3420 1920 3490 qui
1956 3419 2160 3475 accidit

571 3508 653 3561 eis
674 3511 729 3559 in
752 3492 858 3571 via,
883 3508 1103 3579 etquod
1127 3508 1275 3562 eruit
1294 3524 1390 3564 eos
1414 3508 1678 3564 Dominus
1704 3509 1772 3564 de
1809 3526 1973 3565 manu
2014 3511 2156 3567 Pha-

572 3598 778 3662 raonis,
799 3607 855 3653 et
894 3599 961 3653 de
998 3616 1165 3653 tnanu
1200 3600 1600 3672 Egyptiorum.
1640 3600 1938 3673 Obstupuit
1974 3614 2157 3661 autem

568 3684 761 3738 Jethro
782 3686 1236 3756 superjomnibus
1257 3689 1415 3743 bonis
1446 3706 1566 3759 qua:
1602 3689 1735 3745 fecit
1768 3692 1848 3749 eis
1867 3693 2154 3760 Dominus,

571 3775 718 3845 quod
747 3776 894 3829 eruit
913 3790 1009 3832 eos
1028 3778 1294 3832 Dominus
1311 3779 1379 3834 de
1400 3780 1972 3853 manungyptiorum,
1995 3793 2052 3840 et
2087 3786 2156 3841 de

570 3882 735 3920 manu
760 3867 1079 3924 Pharaonis.
1105 3871 1172 3925 Et
1195 3871 1331 3926 dixit
1355 3871 1549 3933 lethro
1575 3892 1595 3937 ες
1615 3874 1944 3932 Benedictus
1967 3878 2155 3934 Domi-

570 3978 694 4026 nus,
728 3966 983 4033 quoniam
1002 3965 1147 4020 eruit
1169 3969 1431 4047 populum
1447 3984 1607 4027 suum
1620 3969 1686 4024 de
1698 3986 1861 4025 manu
1872 3970 2154 4044 Egyptia-

569 4069 716 4119 rum,
737 4063 793 4108 et
814 4055 881 4110 de
900 4071 1067 4111 manu
1092 4057 1427 4115 Pharaonis:
1450 4077 1597 4127 nunc
1621 4064 1848 4133 cognovi
1870 4064 2018 4134 quod
2043 4080 2157 4119 ma-

566 4162 709 4217 gnus
728 4149 994 4205 Dominus
1018 4150 1126 4221 92
1157 4168 1322 4223 super
1352 4169 1545 4209 omnes
1576 4154 1732 4221 deos,
1780 4166 2004 4226 prapter
2050 4159 2156 4214 hoc

566 4241 715 4311 quod
770 4243 1008 4313 superbe
1043 4254 1276 4313 egerunt
1316 4246 1417 4299 eis.
1436 4246 1505 4300 Et
1536 4248 1748 4317 accepit
1768 4248 1963 4304 Jethro
1996 4266 2155 4305 socer

575 4334 741 4405 Moysi
779 4333 1093 4389 holocausta
1124 4346 1181 4390 et
1217 4337 1468 4391 victimas
1510 4337 1622 4392 Deo
1651 4356 1664 4390 :
1689 4339 1841 4393 venit
1881 4348 2064 4395 autem
2098 4350 2155 4396 et

563 4428 768 4489 Aaron,
789 4433 845 4480 et
865 4441 1058 4482 omnes
1097 4428 1343 4483 seniores
1356 4429 1523 4484 lsrael
1545 4430 1611 4485 ad
1633 4431 2035 4487 comedendum
2058 4450 2154 4504 pa-

2261 3348 2556 3417 εἰσήγαγεν
2588 3343 2789 3405 αὐτοὺς
2837 3342 2917 3404 είς
2960 3340 3060 3411 τὴν
3104 3340 3350 3411 σκηνήν’
3409 3338 3506 3392 καὶ
3540 3336 3846 3406 διηγήσατο

2259 3438 2466 3508 Μωσῆς
2490 3436 2571 3506 τῷ
2593 3432 2828 3506 γαμϐρῷ
2855 3432 3034 3486 πάντα
3060 3433 3160 3485 ὅσα
3194 3429 3448 3499 ἐποίησεν
3473 3430 3502 3481 6
3526 3428 3741 3499 Κύριος
3767 3426 3845 3496 τῷ

2259 3528 2461 3598 Φαραὼ
2504 3529 2598 3581 καὶ
2640 3529 2750 3590 τοῖς
2782 3526 3102 3594 Αἰγυπτίοις
3130 3524 3293 3577 ἕνεκα
3324 3520 3417 3575 τοῦ
3477 3519 3721 3591 Ἰσραὴλ,
3750 3520 3842 3572 καὶ

2262 3621 2440 3675 πάντα
2473 3619 2565 3673 τὸν
2599 3617 2799 3690 μόχθον
2836 3616 2930 3669 τὸν
2963 3617 3253 3686 γενόμενον
3300 3613 3486 3675 αὐτοῖς
3517 3612 3577 3664 ὲν
3604 3613 3675 3681 τῇ
3714 3608 3838 3679 ὁδῷ,

2258 3713 2353 3768 καὶ
2389 3713 2470 3766 ὅτι
2522 3710 2756 3777 ἐξείλετο
2800 3708 3001 3771 αὐτοὺς
3034 3707 3240 3778 Κύριος
3288 3706 3353 3758 ὲκ
3390 3702 3572 3775 χειρὸς
3613 3698 3839 3771 Φαραὼ,

2259 3805 2353 3859 καὶ
2384 3805 2449 3857 ἐκ
2492 3801 2675 3873 χειρὸς
2709 3799 2818 3854 τῶν
2861 3798 3193 3868 Αἰγυπτίων.
3239 3795 3462 3866 Ἐξέστη
3496 3793 3553 3848 δὲ
3598 3795 3627 3847 6
3673 3793 3841 3863 Ἷοθδρ

2259 3896 2350 3949 ἐπὶ
2392 3896 2528 3949 πᾶσι
2564 3894 2678 3956 τοῖς
2709 3890 2937 3960 ἀγαθοῖς
2976 3884 3058 3954 οἷς
3088 3888 3345 3959 ἐποίησεν
3376 3888 3577 3949 αὐτοὺς
3609 3885 3841 3958 Κύριος.

2255 3988 2336 4040 ὅτι
2375 3984 2611 4050 ἐξείλετο
2641 3983 2836 4045 αὐτοὺς
2867 3980 3071 4052 Κύριος
3102 3983 3165 4033 ὲκ
3185 3981 3368 4053 χειρὸς
3392 3978 3715 4047 Αἰγυπτίων
3748 3978 3838 4032 καὶ

2256 4079 2319 4130 ὲκ
2358 4075 2539 4147 χειρὸς
2557 4072 2776 4143 Φαραώ.
2808 4072 2918 4126 Kal
2949 4069 3101 4125 εἶπεν
3136 4070 3323 4140 ἰοθόρ·
3378 4068 3690 4140 Εὐλογητὸς
3722 4067 3835 4122 Κύ-

2258 4186 2391 4240 ριος,
2420 4169 2500 4220 ὅτι
2521 4166 2751 4230 ἐξείλετο
2769 4165 2862 4218 τὸν
2885 4162 3014 4216 λαὸν
3040 4162 3205 4216 αὑτοῦ
3237 4162 3301 4215 ἐκ
3325 4161 3506 4232 χειρὸς
3532 4160 3643 4213 τῶν
3674 4161 3837 4229 Δίγυ-

2256 4260 2446 4323 πτίων,
2472 4259 2566 4311 καὶ
2597 4259 2661 4310 ὲκ
2690 4255 2871 4327 χειρὸς
2899 4253 3127 4325 Φαραώ.
3161 4251 3277 4306 Νῦν
3309 4251 3511 4320 ἔγνων,
3543 4252 3627 4306 ὅτι
3660 4252 3837 4322 μέγας

2256 4351 2457 4418 Κύριος
2483 4346 2635 4417 παρὰ
2667 4346 2874 4408 πάντας
2901 4346 3027 4407 τοὺς
3061 4344 3236 4407 θεοὺς,
3268 4342 3455 4397 ἕνεκεν
3484 4343 3711 4407 τούτου,
3757 4343 3833 4397 ὅτι

2254 4440 2508 4493 ἐπέθεντο
2533 4439 2734 4502 αὐτοῖς.
2773 4438 2881 4490 Kal
2925 4436 3114 4490 ἔλαϐεν
3152 4435 3322 4505 Ἰοθὺρ
3365 4434 3617 4505 γαμϐρὸς
3663 4434 3831 4503 Μωσῆ

564 4532 691 4569 nem
709 4532 833 4571 cum
854 4532 1043 4572 socero
1067 4517 1233 4589 Moysi
1254 4534 1438 4574 coram
1460 4521 1591 4575 Deo.
1608 4522 1675 4575 Et
1697 4521 1899 4578 factum
1920 4532 2004 4578 est
2024 4533 2149 4595 post

2258 4530 2676 4601 Βλοκαυτώματα
2714 4531 2808 4585 καὶ
2840 4529 3028 4593 θυσίας
3067 4527 3147 4598 τῷ
3182 4526 3337 4598 Θεᾷν
3374 4527 3745 4599 παρεγένοντο
3780 4527 3837 4581 δί

565 4606 864 4660 crastinum
886 4609 1133 4662 consedit
1152 4609 1363 4680 Moyses
1383 4610 1448 4664 ad
1465 4612 1822 4681 judicandum
1844 4615 2107 4685 populum
2129 4634 2153 4685 ;Δ

2258 4622 2468 4694 Ἀαρὼν
2502 4622 2596 4675 καὶ
2621 4622 2820 4686 πάντες
2852 4622 2903 4674 οί
2935 4619 3301 4692 πρεσϐύτεροι
3361 4618 3582 4689 Ἰσραὴλ
3616 4636 3834 4689 συμφα-

564 4697 855 4752 assistebat
889 4708 1072 4753 autem
1104 4699 1281 4754 omnis
1298 4701 1533 4770 p0pulus
1553 4701 1719 4773 Moysi
1740 4720 1773 4757 a
1795 4720 1952 4760 mane
1975 4722 2150 4776 usque

2258 4716 2369 4782 γεῖνη
2391 4713 2555 4785 ἄρτον
2589 4712 2727 4783 μετὰ
2762 4714 2857 4765 τοῦ
2890 4710 3149 4781 γαμϐροῦ
3175 4710 3422 4773 Μωσέως
3456 4711 3705 4765 ἐναντίον
3739 4708 3830 4763 τοῦ

563 4788 629 4841 ad
653 4788 1185 4857 vesperum.Videns
1196 4797 1376 4844 autem
1397 4790 1587 4845 Jethro
1599 4792 1783 4847 omnia
1807 4810 2150 4867 quaecunque

2250 4801 2407 4856 Θεοῦ.
2459 4802 2569 4855 Kal.
2616 4800 2835 4869 ἐγένετο
2884 4800 3022 4869 μετά
3046 4799 3152 4870 τὴν.
3179 4798 3467 4870 ἐπαύριον,
3510 4799 3829 4853 συνεκάθισσ

563 4880 797 4935 faciebat
813 4880 1039 4950 populo,
1058 4880 1238 4949 inquit
1260 4899 1272 4934 :
1296 4879 1437 4947 Quid
1459 4881 1563 4936 hoc
1581 4890 1635 4935 tu
1657 4882 1791 4938 facis
1807 4886 2033 4956 populo?
2052 4904 2152 4941 cur

2258 4893 2452 4965 Μωσῆς
2475 4892 2680 4964 κρίνειν
2704 4892 2803 4958 τὸν,
2840 4891 2968 4945 λαόν
2987 4909 3001 4922 ·
3038 4892 3398 4962 παρειστήκει
3429 4892 3486 4945 δὲ
3510 4893 3540 4943 ὁ
3562 4891 3693 4954 λαὸς
3728 4893 3829 4956 πᾶς

538 4970 620 5039 itu
642 4972 801 5027 sedes
822 4974 991 5039 solus,
1013 4981 1069 5028 et
1087 4974 1266 5028 omnis
1285 4975 1520 5044 papulus
1540 4982 1679 5028 astat
1696 4976 1795 5029 tibi
1822 4991 1853 5029 a
1872 4991 2031 5030 mane
2050 4992 2153 5031 us-A

562 5080 667 5131 que
684 5064 750 5118 ad
773 5066 1103 5135 vesperum?
1132 5066 1199 5120 Et
1216 5064 1351 5120 dicit
1386 5066 1596 5137 Moyses
1632 5083 1827 5123 socero
1842 5085 1944 5129 suo
1970 5088 1982 5122 ε
2005 5070 2143 5137 Quia

563 5156 714 5208 venit
734 5155 801 5209 ad
824 5171 910 5211 me
928 5158 1166 5230 populus
1184 5172 1431 5226 quaarere
1448 5157 1716 5228 judicium
1737 5176 1775 5215 a
1790 5160 1924 5217 Deo.
1954 5160 2142 5228 Quan-

565 5244 635 5298 do
653 5246 799 5300 enim
818 5246 985 5302 fuerit
1003 5249 1083 5303 eis
1104 5250 1497 5313 controversia,
1537 5257 1593 5303 et
1629 5252 1883 5306 venerint
1923 5253 1991 5308 ad
2032 5270 2143 5318 me,

560 5336 748 5409 judico
794 5338 937 5393 inter
959 5339 1220 5410 singulos,
1241 5349 1295 5396 et
1315 5341 1486 5396 doceo
1508 5342 1631 5397 illos
1669 5344 1923 5400 mandata
1957 5346 2051 5401 Dei
2091 5358 2147 5403 et

563 5427 739 5497 legem
758 5427 1067 5497 ejus._Dixit
1086 5438 1269 5484 autem
1307 5444 1465 5485 socer
1500 5430 1669 5503 Moysi
1710 5432 1777 5487 ad
1817 5448 1983 5489 eum:
2024 5437 2143 5491 Non

565 5525 713 5573 recte
749 5516 886 5572 facis
924 5518 1151 5573 verbum
1206 5521 1349 5587 hoc;
1404 5522 1757 5592 corruptione
1803 5528 2155 5591 consumeris,

566 5608 898 5681 intolerabili
939 5618 995 5665 et
1025 5619 1104 5675 tu,
1139 5620 1198 5666 et
1229 5612 1408 5667 omnis
1429 5614 1663 5683 populus
1693 5613 1783 5669 hic
1806 5616 1899 5685 qui
1932 5626 2015 5672 est
2060 5627 2151 5673 te—

2253 4988 2423 5056 Μωσῇ
2471 4985 2577 5038 ἀπὸ
2629 4983 2868 5055 πρωῖθεν
2916 4983 3020 5046 ἕως
3066 4982 3327 5054 ἑσπέρας.
3379 4980 3524 5036 Ἰδὼν
3552 4982 3612 5036 δὲ
3667 4983 3828 5052 ’ῐοθὸρ

2255 5081 2432 5133 πάντα
2459 5078 2558 5130 ὅσα
2593 5075 2814 5147 ἐποίησε
2866 5075 2946 5146 τῷ
2988 5074 3120 5145 λαῷ,
3162 5074 3349 5155 λέγει’
3400 5075 3467 5127 Τί
3507 5074 3670 5128 τοῦτο
3701 5076 3730 5128 ὃ
3770 5075 3826 5128 σὺ

2253 5170 2427 5231 ποιεῖς
2446 5167 2523 5238 τῷ
2553 5166 2669 5236 λαῷ
2690 5183 2709 5232 ;η
2729 5164 2817 5219 διὰ
2843 5164 2897 5218 τί
2921 5166 2985 5219 σὺ
3007 5165 3244 5234 κάθησαι
3278 5166 3458 5236 μόνος,
3488 5166 3598 5229 πᾶς
3629 5164 3686 5217 δὲ
3711 5164 3825 5226 λαὸς

2252 5256 2565 5330 παρέστηκέ
2596 5273 2677 5309 σοι
2707 5255 2814 5309 ἀπὸ
2854 5255 2999 5327 πρωῒ
3026 5254 3132 5319 ἕως
3153 5254 3333 5326 δείλης
3356 5273 3371 5322 ;
3399 5255 3513 5309 Kal.
3530 5254 3684 5324 λέγει
3711 5255 3827 5309 Μω-

2253 5352 2350 5421 σῆς
2379 5349 2455 5419 τῷ
2487 5347 2723 5419 γαμϐρῷ
2745 5363 2759 5377 ο
2796 5348 2914 5401 Ὀτι
2948 5346 3312 5418 παραγίνεται
3347 5349 3376 5401 6
3405 5345 3535 5411 λαὸς
3581 5348 3719 5419 πρός
3760 5363 3822 5417 με

2250 5436 2548 5507 ὲκζητῆσαι
2591 5436 2770 5508 κρίσιν
2811 5435 2961 5506 παρὰ
3004 5435 3163 5491 Θεοῦ.
3221 5436 3393 5493 Ὅταν
3430 5437 3543 5509 γὰρ
3605 5437 3821 5508 γένηται

2250 5530 2433 5592 αὐτοῖς
2460 5526 2739 5595 ἀντιλογία
2762 5527 2855 5581 καὶ
2876 5526 3067 5581 ἔλθωσι
3102 5527 3238 5598 πρός
3273 5545 3362 5599 με,
3394 5528 3660 5600 διακρίνω
3698 5529 3819 5581 ’ἑκα-

2250 5638 2397 5685 στον,
2429 5620 2524 5674 καὶ
2559 5619 2883 5690 συμϐιϐάζω
2913 5621 3111 5687 αὐτοὺς
3155 5620 3226 5676 τὰ
3273 5622 3677 5693 προστάγματα
3730 5614 3817 5673 τοὸ

634 5791 679 5823 ’³
723 5792 1049 5860 Μειιιιςχιιι,
1091 5796 1178 5851 29.
1228 5798 1447 5855 "Joan.
1492 5801 1659 5865 v.16.
1739 5801 1783 5831 ’³
1834 5800 2020 5871 Ephcs
2097 5818 2138 5864 ι,
2176 5800 2265 5864 Μ,
