4046 6496
176 391 264 452 281
873 381 964 438 DE
999 380 1449 440 ADORATIONE
1483 381 1550 435 IN
1591 381 1865 441 SPIRITU
1898 385 1986 440 ET
2026 387 2396 446 VERITATE.
2443 390 2570 445 LIB.
2612 365 2701 446 Ill:

3295 393 3405 448 28?.

181 507 294 564 Θεοῦ
342 501 426 557 καὶ
450 501 535 553 τὶν
552 496 713 568 νόμον
742 497 927 554 αὐτοῦ.
963 495 1097 554 Eius
1118 502 1176 554 δὲ
1203 502 1232 556 ὁ
1257 500 1504 571 γαμδρδς
1533 501 1703 572 Μωτῆ

1813 520 1941 560 cum
1969 523 1981 558 :
2005 523 2168 577 grave
2205 508 2304 563 tibi
2339 509 2572 564 verbum
2599 509 2724 572 hoc,
2746 523 2853 563 non
2881 515 3090 579 poteris
3129 515 3188 562 tu
3223 511 3405 564 l'acere

181 600 295 672 πρὸς
329 593 478 649 αὐτόν
501 609 514 623 ·
553 592 665 646 Οὐκ
693 591 871 663 ὀρθῶς
915 594 978 646 σὺ
1010 596 1184 658 ποιεῖς
1223 594 1283 646 τὸ
1336 593 1486 664 ῥῆμα
1527 593 1704 659 τοῦτο,

177 694 224 747 οὐ
251 688 431 757 δυνήσῃ
461 685 523 738 σὺ
546 685 718 738 ποιεῖν
749 683 928 754 μόνος.
953 685 1068 738 Νῦν
1100 685 1157 738 δὲ
1189 685 1420 740 ἄκουσόν
1455 702 1578 756 μου.
1611 685 1707 738 καὶ

178 775 521 851 συμϐουλεύσω
553 790 656 837 σοι,
684 774 779 827 καὶ
819 773 972 828 ἔσται
1001 775 1030 826 ὁ
1057 773 1192 838 Θεὸς
1230 773 1370 845 μετὰ
1399 773 1514 827 σοῦ.
1547 772 1704 825 Γίυου

177 878 230 930 σὺ
249 873 320 944 τῷ
346 869 451 941 λαῷ
477 868 546 922 τὰ
575 869 712 938 πρὸς
739 868 830 922 τὸν
868 868 1023 931 Θεὸν,
1063 868 1159 922 καὶ
1185 867 1422 930 ἀνοίσεις
1461 867 1587 927 τοὺς
1620 865 1705 918 λό-

176 982 282 1035 γους
301 961 467 1016 αὐτῶν
498 959 635 1030 πρὸς
681 956 772 1013 τὸν
800 957 954 1021 Θεὸν,
988 958 1083 1012 καὶ
1125 958 1487 1029 διαμαρτύρει
1519 957 1704 1018 αὐτοῖς

173 1059 228 1110 τὰ
247 1051 615 1126 προστάγματα
638 1047 731 1101 τοῦ
775 1048 910 1101 Θεοῦ
946 1048 1041 1101 καὶ
1072 1048 1163 1102 τὸν
1199 1048 1364 1118 νόμον
1393 1046 1578 1112 αὑτοῦ,
1612 1045 1708 1099 καὶ

175 1146 398 1219 σημανεῖς
451 1142 634 1203 αὐτοῖς
674 1140 774 1204 τὰς
805 1139 983 1204 ὁδοὺς,
1009 1142 1066 1192 ὲν
1118 1135 1208 1203 αἷς
1240 1138 1599 1210 πορεύσονται
1643 1138 1699 1188 ἐν

173 1239 346 1300 αὐταῖς,
378 1235 468 1287 καὶ
527 1231 598 1286 τὰ
645 1231 783 1304 ἔργα
837 1229 874 1284 ἃ.
925 1231 1232 1302 ποιήσουσι.
1279 1232 1388 1284 Καὶ
1419 1231 1482 1284 σὺ
1527 1226 1708 1298 σαυτῷ

173 1328 334 1396 σκέψαι
357 1325 458 1380 ἀπὸ
483 1323 685 1387 παντὸς
709 1324 806 1377 τοῦ
827 1323 961 1378 λαοῦ
998 1323 1218 1394 ἄνδρας,
1242 1323 1398 1392 φησὶ,
1417 1322 1698 1384 δυνατοὺς,

1815 594 1985 650 solus.
2025 596 2185 651 Nunc
2205 596 2376 668 igitur
2391 597 2522 652 audi
2560 613 2670 662 me,
2693 606 2749 653 et
2789 596 3080 652 consilium
3116 596 3215 652 tibi
3237 595 3403 652 dabo.

1815 686 1948 741 Esto
1992 695 2050 741 tu
2098 687 2303 757 populo
2342 688 2398 742 in
2448 689 2536 754 iis,
2567 703 2690 760 qua:
2725 688 2794 743 ad
2847 690 3052 753 Deum,
3089 696 3147 743 et
3191 688 3403 744 referes

1813 793 2100 834 sermones
2129 794 2322 834 eorum
2345 780 2413 834 ad
2437 781 2632 845 Deum,
2655 789 2714 835 et
2743 779 3035 836 testiﬁcare
3076 780 3158 837 eis
3196 795 3407 852 praece-

1814 875 1908 937 pta
1943 866 2042 922 Dei
2079 876 2136 922 et
2161 868 2336 939 legem
2370 869 2512 940 ejus,
2532 877 2588 924 et
2618 869 2878 926 ostendes
2907 871 2989 925 eis
3035 871 3152 926 vias
3184 871 3241 926 in
3277 871 3404 942 qui-

1815 956 1922 1014 bus
1945 958 2232 1015 ambulent
2273 961 2330 1015 in
2364 961 2520 1031 ipsis,
2553 968 2612 1016 et
2649 977 2818 1032 opera
2850 976 2972 1032 qua:
2997 961 3219 1018 facient.
3249 963 3318 1018 Et
3345 973 3406 1020 tu

1815 1051 1916 1106 tibi
1951 1052 2180 1122 provide
2202 1054 2272 1108 ab
2304 1055 2455 1109 omni
2488 1055 2690 1126 populo
2719 1055 2891 1119 viros,
2915 1055 3114 1124 inquit,
3130 1065 3405 1126 potentes,

1813 1152 1870 1197 et
1884 1144 2217 1214 judicabant
2237 1148 2502 1220 populum
2519 1151 2558 1200 ι.
2586 1167 2604 1199 ι
2638 1148 2706 1202 Ει
2730 1147 3058 1217 quibusdam
3082 1149 3404 1220 interjectis,

1814 1234 2020 1290 iterum
2053 1254 2066 1290 :
2100 1255 2118 1288 ι
2152 1237 2380 1293 Audivit
2403 1246 2611 1304 autem,
2645 1258 2664 1290 ι
2699 1238 2897 1309 inquit,
2929 1258 2946 1290 ι
2978 1239 3188 1311 Moyses
3211 1255 3406 1296 vocem

1807 1326 1987 1381 soceri
2023 1329 2131 1394 sui,
2161 1338 2220 1385 et
2249 1329 2383 1386 fecit
2417 1345 2759 1401 quaecunque
2795 1331 3013 1387 dixerat
3033 1331 3139 1402 ipsi
3158 1335 3200 1385 ’.
3237 1350 3256 1383 ι

171 1424 244 1477 καὶ
275 1417 498 1490 κρινοῦσι
544 1415 636 1469 τὸν
676 1415 825 1471 λαόν.
881 1434 902 1467 ι
955 1415 1064 1468 Καὶ
1105 1412 1226 1484 μεθ’
1271 1413 1436 1484 ἕτερα
1490 1412 1652 1468 πάλιν
1676 1429 1693 1446 ⁶
1740 1434 1758 1466 ι
1802 1417 2048 1474 Ἤκουσε
2081 1421 2161 1487 δὲ,
2210 1441 2230 1476 ι
2267 1423 2426 1496 φησὶ,
2459 1441 2478 1474 ι
2529 1425 2734 1496 Μωσῆς
2765 1424 2864 1494 τῆς
2904 1422 3090 1494 φωνῆς
3129 1424 3227 1478 τοῦ
3254 1437 3406 1494 γαμ-

169 1515 274 1589 ϐροῦ
300 1513 477 1577 αὐτοῦ,
509 1511 604 1566 καὶ
626 1511 882 1581 ἐποίησεν
915 1511 1014 1563 ὅσα
1045 1508 1194 1580 αὐτῷ
1219 1505 1426 1563 εἶπεν.»

224 1629 409 1684 ΠᾹΛΔ.
445 1625 548 1679 Ἴθι
585 1625 648 1696 δή
689 1643 778 1697 μοι
813 1624 996 1692 πάλιν,
1029 1626 1124 1680 καὶ
1151 1625 1254 1680 ἀνὰ
1289 1623 1453 1697 μέρος
1499 1624 1705 1680 ἕκαστα

164 1719 413 1783 διαλαϐὼν,
445 1717 724 1786 διασὰφει.

222 1811 364 1865 ΚΥΡ.
395 1804 467 1860 Ἦ
501 1809 604 1861 οὐκ
636 1803 778 1862 εἶναι
809 1809 916 1879 φῂς
949 1807 1216 1879 ἀλλογενῆ
1240 1824 1298 1862 τε
1336 1809 1430 1864 καὶ
1453 1807 1512 1872 ἐξ
1541 1807 1708 1861 ἐθνῶν

1880 1626 2078 1684 PALL.
2139 1628 2311 1700 Perge
2364 1627 2531 1699 igitur
2583 1628 2718 1693 mihi
2775 1644 3004 1696 rursus,
3063 1637 3120 1685 et
3175 1629 3406 1702 singulis

1809 1720 2036 1777 seorsim
2068 1720 2382 1776 distributis
2404 1735 2503 1790 per
2528 1731 2711 1790 partes
2740 1721 2972 1791 explica.
3337 1725 3340 1728 λ

1880 1811 2038 1869 CYR.
2077 1812 2272 1867 Nonne
2304 1821 2552 1873 exterum
2583 1827 2704 1867 esse
2736 1812 2943 1877 lateris,
2967 1819 3022 1867 et
3054 1828 3118 1866 ex
3148 1813 3416 1892 gentibus

163 1905 236 1956 τὸν
274 1901 621 1969 Μαδιηναῖον;
676 1900 750 1954 Οὐ
797 1899 908 1971 γάρ
947 1917 1049 1953 που
1097 1897 1254 1970 ῥίζης
1299 1897 1402 1970 τῆς
1461 1898 1703 1971 Ἀϐραὰμ

1811 1904 2092 1960 hominem
2119 1904 2509 1960 Madianitam?
2545 1905 2735 1976 Neque
2757 1905 2906 1960 enim
2937 1915 3107 1960 estex
3129 1905 3403 1960 Abraham

162 1994 298 2061 ἐξέφυ
317 2007 328 2020 ·
350 1987 414 2062 ἦν
435 1990 489 2044 δὲ
512 1992 612 2044 καὶ
641 1991 846 2062 ἑτέρως
883 1993 927 2044 ίε
939 1991 1167 2064 ρουργός
1190 2008 1249 2044 τε
1278 1991 1374 2044 καὶ
1394 1989 1581 2062 λάτρις
1612 1991 1710 2060 τῆς

162 2087 259 2140 κατ’
282 2087 448 2138 ἐκεῖνο
482 2083 682 2156 καιροῦ
708 2084 1110 2156 νενομισμένης
1143 2084 1237 2137 ἐπὶ
1271 2084 1371 2155 τῆς
1397 2085 1501 2154 γῆς
1531 2083 1710 2136 ἐθελο-

163 2177 442 2251 θρησκείας.
499 2176 886 2246 Προσεκύνουν
949 2177 1048 2247 μὲν
1086 2176 1220 2248 γὰρ,
1275 2176 1352 2241 ὡς
1381 2176 1547 2239 πολὺς
1597 2176 1710 2247 ἔχει

160 2269 304 2337 λόγος,
341 2265 503 2338 ᾤοντό
537 2284 602 2320 τε
647 2267 802 2322 αὐτοὶ
859 2267 1001 2321 κατὰ
1049 2269 1190 2337 σφᾶς
1233 2267 1451 2331 αὐτοὺς,
1503 2267 1710 2339 ὑψίστῳ

161 2359 255 2429 Θεῷ
279 2360 520 2431 καθάπερ
549 2359 746 2430 ἀμέλει
788 2359 882 2412 καὶ
919 2359 1254 2430 Μελχισεδέκ
1280 2376 1294 2390 ο
1321 2358 1711 2432 προσεδέχοντο

162 2453 206 2505 δὲ
227 2452 540 2525 καὶέτέρους
567 2453 710 2524 τάχα
740 2469 842 2504 που
886 2451 1064 2515 θεοὺς,
1103 2450 1526 2522 ὲναριθμοῦντες
1557 2450 1710 2521 αὐτῷ

159 2546 212 2598 τὰ
235 2544 473 2616 ἐξαίρετα
508 2544 624 2598 τῶν
676 2548 1012 2612 κτισμάτων,
1062 2545 1168 2615 γῆν
1213 2561 1274 2598 τε
1319 2544 1414 2599 καὶ
1457 2544 1706 2615 οὐρανὸν,

159 2637 281 2707 ἥλιον
301 2637 388 2690 καὶ
411 2636 669 2708 σελήνην,
692 2637 787 2691 καὶ
808 2638 877 2691 τὰ
898 2637 1009 2690 τῶν
1047 2636 1266 2709 ἄστρων
1296 2636 1675 2708 ὲπισημότερα
1690 2651 1705 2666 ⁶

161 2724 235 2779 καὶ
260 2723 630 2797 πλημμέλημα
665 2724 766 2796 μὲν
790 2725 1014 2798 ἀρχαῖον
1038 2727 1071 2798 ἡ
1112 2725 1209 2779 ἐπὶ
1227 2724 1364 2797 τῷδε
1390 2724 1710 2796 καταφθορὰ

158 2818 233 2872 καὶ
250 2815 521 2888 πλάνησις,
547 2817 732 2888 διήκει
761 2816 819 2869 δὲ
852 2817 946 2871 καὶ
976 2818 1057 2880 είς
1089 2816 1247 2889 δεῦρο
1273 2818 1368 2871 xui.
1391 2817 1710 2888 παρατείνε-

157 2925 247 2962 ται.
273 2909 521 2979 Φρονοῦσι
565 2910 678 2980 γὰρ
709 2902 811 2962 ὦδε
843 2909 1288 2981 παραληροῦντες
1312 2909 1393 2963 ἐτι
1421 2910 1528 2964 τῶν
1557 2911 1614 2963 ὲν
1638 2912 1707 2982 τῇ

156 3000 345 3073 Φοινίκῃ
392 3001 485 3055 καί⁵
524 3000 865 3074 Παλαιστίνῃ
899 3001 1068 3064 τινὲς,
1117 2999 1167 3054 οἳ
1209 3001 1350 3069 σφᾶς
1382 3000 1481 3072 μὲν
1512 2999 1708 3063 αὐτοὺς

158 3092 394 3158 θεοσεϐεῖς
429 3093 814 3164 ὀνομάζουσιν,
840 3087 997 3163 οἷμον
1023 3093 1082 3146 δέ
1109 3110 1231 3146 τινα
1265 3092 1563 3164 θρησκείας
1590 3091 1708 3145 δια-

158 3183 393 3254 στείχουσι
420 3184 618 3255 μέσην,
652 3183 776 3238 οὕτε
801 3187 916 3247 τοῖς
949 3183 1223 3238 Ἰουδαίων
1252 3183 1398 3237 ἔθεσι
1422 3184 1702 3255 καθαρῶς,

1812 1997 1982 2067 stirpe
2028 1997 2350 2067 progenitus
2400 2015 2414 2050 :
2461 2005 2582 2052 erat
2635 1997 2799 2051 etiam
2857 1997 3061 2066 alioqui
3122 1997 3405 2066 religionis

1810 2090 1930 2160 ejus
1992 2103 2115 2159 quae
2162 2103 2262 2159 per
2305 2087 2499 2143 orbem
2546 2098 2823 2143 terrarum
2869 2098 2988 2143 erat
3035 2104 3102 2142 eo
3155 2096 3404 2158 tempore

1810 2184 2152 2255 pervulgata,
2185 2182 2444 2238 sacerdos
2473 2192 2528 2238 et
2557 2183 2756 2238 cultor.
2785 2183 3202 2238 Venerabantur
3231 2181 3402 2246 enim,

1809 2284 1871 2330 ut
1911 2285 1998 2331 est
2037 2277 2338 2330 multorum
2381 2289 2634 2330 sermone
2677 2275 3034 2340 celebratum,
3072 2282 3127 2328 et
3162 2275 3265 2344 ipsi
3305 2288 3406 2344 per

1810 2385 1869 2423 se
1909 2367 2199 2439 putabant,
2234 2367 2408 2421 Deum
2451 2366 2807 2430 altissimum,
2847 2375 2906 2420 ut
2949 2366 3113 2421 etiam
3160 2365 3406 2436 profecto

1810 2459 2250 2524 Melchisedech;
2302 2459 2441 2514 alios
2491 2474 2712 2530 quoque
2762 2459 2896 2514 deos
2947 2458 3310 2528 recipiebant,
3350 2468 3406 2512 et

1810 2554 1866 2610 in
1900 2554 2132 2626 deorum
2160 2569 2450 2610 numerum
2480 2569 2588 2608 una
2630 2569 2754 2608 cum
2796 2553 2890 2608 illo
2919 2551 3240 2608 referebant
3285 2550 3405 2606 exi-

1809 2646 1948 2701 mias
1998 2654 2298 2711 creaturas,
2337 2656 2540 2702 terram
2588 2645 2715 2700 dico
2767 2655 2823 2700 et
2876 2644 3098 2708 omium,
3135 2643 3304 2698 solem
3349 2652 3408 2697 et

1809 2739 2019 2803 lunam,
2053 2744 2110 2794 et
2143 2745 2290 2792 astra
2330 2737 2671 2809 insigniora;
2704 2745 2867 2807 atque
2900 2734 3171 2807 ejusmodi
3211 2734 3315 2789 hac
3348 2735 3404 2788 in

1809 2845 1869 2885 re
1909 2829 2059 2884 labes
2109 2838 2167 2883 et
2219 2843 2376 2883 error
2428 2837 2588 2883 vetus
2641 2827 2864 2898 quidem
2909 2825 3104 2880 vitium
3147 2823 3269 2888 fuit,
3306 2823 3402 2879 sed

1808 2920 1956 2992 quod
2007 2935 2179 2989 usque
2218 2919 2286 2974 ad
2322 2931 2510 2974 nostra
2560 2928 2806 2988 tempora
2863 2914 3199 2986 pervenerit,
3239 2923 3404 2984 atque

1807 3013 2130 3082 pervaserit.
2175 3012 2267 3068 Sic
2297 3013 2446 3066 enim
2480 3011 2660 3066 adhuc
2693 3008 2915 3079 quidam
2969 3007 3026 3061 in
3060 3006 3320 3063 Phcenice
3348 3013 3406 3061 et

1808 3104 2097 3160 Palaestina
2151 3102 2486 3174 desipientes
2536 3102 2804 3166 sentiunt,
2849 3100 2965 3170 qui,
3011 3115 3136 3167 cum
3187 3114 3243 3154 se
3298 3098 3402 3168 ipsi

1806 3197 2093 3268 religiosos
2129 3197 2425 3268 appellent,
2459 3196 2602 3250 viam
2634 3203 2814 3250 tamen
2860 3193 3098 3248 mediam
3125 3192 3408 3262 religionis

153 3273 253 3329 οὔτε
272 3277 376 3338 τοῖς
406 3275 678 3346 Ἑλλήνων
695 3273 1080 3346 προσκείμενοι
1103 3315 1119 3338 ,
1143 3275 1225 3338 είς
1246 3273 1414 3345 ἄμφω
1431 3274 1489 3327 δὲ
1513 3273 1701 3345 ὥσπερ

1811 3287 2210 3359 ingrediuntur,
2255 3301 2436 3356 neque
2494 3285 2807 3341 Judaiorum
2856 3283 3106 3338 moribus
3137 3283 3244 3353 93
3277 3297 3399 3336 om-

154 3365 606 3438 διαρριπτούμενοι
654 3366 752 3420 καὶ
809 3365 1230 3437 μεμερισμένοι.
1293 3364 1600 3435 Ἐλομένοις
1648 3365 1705 3420 δέ

154 3473 260 3511 ποτε
294 3461 402 3522 τοῖς
449 3461 507 3527 ἐξ
570 3459 791 3530 Ἰσραὴλ
834 3459 896 3511 τὸ
942 3452 1045 3512 ὧδε
1088 3460 1304 3530 φρονεῖν
1348 3459 1376 3511 ὁ
1419 3459 1705 3530 προφήτης

163 3549 321 3615 Ἠλίας
351 3552 593 3622 ἐπετίμα
632 3551 838 3619 λέγων·
883 3571 901 3602 ι
945 3552 1092 3614 Ἕως
1126 3551 1260 3604 πότε
1288 3549 1584 3621 χωλανεῖτε
1617 3550 1706 3604 ἐπ’

152 3642 455 3714 ἀμφοτέραις
491 3646 622 3707 ταῖς
648 3642 894 3712 ίγνῦαιςς
926 3642 959 3714 ἢ
993 3641 1161 3706 Βάαλ,
1195 3642 1365 3707 Βάαλ,
1393 3641 1427 3712 ἢ
1456 3641 1535 3713 τῷ
1561 3641 1701 3712 Θεῷ,

151 3732 293 3806 Θεῷ.)
316 3732 419 3790 Ἦν
446 3733 541 3792 οὖν
571 3737 685 3809 ἄρα
704 3737 800 3790 καὶ
828 3736 997 3807 ’ῐοθὸρ
1026 3735 1287 3790 τοιουτονί
1309 3753 1453 3801 τινα,
1476 3735 1615 3789 κατὰ
1643 3735 1706 3788 τὸ

153 3828 292 3898 είκδς,
319 3829 624 3900 θρησκείας
665 3827 870 3883 διέπων
909 3827 1132 3899 τρόπον.
1171 3828 1265 3890 ’ος
1289 3826 1520 3898 ἐπείπερ
1565 3825 1706 3895 ἔγνω

151 3921 204 3974 τὰ
241 3923 378 3994 παρὰ
430 3923 572 3976 Θεοῦ
634 3921 896 3993 γεγονότα
944 3921 1079 3991 πρὸς
1151 3920 1426 3992 σωτηρίαν
1477 3918 1585 3973 τῶν
1646 3918 1705 3984 ἐξ

159 4014 360 4086 Ἰσραὴλ,
396 4017 622 4079 σεπτοῖς
653 4015 748 4070 καὶ
795 4013 1147 4082 ἀξιαγὰστοις
1187 4013 1492 4083 διηγήμασι
1537 4029 1703 4065 κατα-

150 4105 468 4178 ηλοὺμενος,
497 4105 724 4180 πανοικί
745 4123 802 4160 τε
836 4107 932 4160 καὶ
970 4105 1234 4174 παγγενεὶ
1264 4103 1402 4176 πρὸς
1429 4104 1520 4157 τὸν
1563 4102 1704 4176 ἱερὸν

147 4197 425 4265 ἀφικνεῖται
456 4197 692 4254 Μωσέν
735 4195 795 4262 ὃς
829 4196 1062 4267 ἐπείπερ
1108 4190 1270 4259 εἶδεν,
1300 4193 1552 4265 ἀσμένως
1588 4198 1701 4248 είσ-

148 4290 336 4356 εδέξατό
356 4309 413 4346 τε
453 4293 552 4346 καὶ
601 4290 987 4361 είσκεκόμικεν
1011 4290 1092 4352 είς
1131 4287 1269 4342 ἰδίαν
1298 4288 1526 4359 σκηνήν.
1576 4287 1704 4357 Ἀφ-

145 4387 327 4452 ῃγεῖται
355 4386 410 4440 δὲ
454 4383 854 4456 ἀκριϐέστερον
881 4381 952 4436 τὰ
975 4381 1066 4436 διὰ
1109 4381 1210 4452 τῆς
1239 4381 1388 4444 θείας
1425 4380 1607 4452 ίσχύος
1641 4375 1699 4434 εὖ

147 4473 269 4543 μᾶλα
299 4477 725 4550 κατορθώματα.
757 4473 868 4529 Καὶ
898 4474 966 4528 τὰ
1012 4473 1212 4538 παντὸς
1247 4473 1505 4528 ἐπέκεινα
1541 4473 1700 4542 λόγου

142 4572 632 4640 τερατουργήματα.
683 4566 946 4621 Καλεῖται
975 4565 1087 4638 γὰρ
1119 4566 1199 4629 είς
1231 4565 1573 4636 μετάγνωσιν
1601 4564 1698 4636 τὴν

1809 3379 1964 3444 nino,
2000 3394 2180 3448 neque
2220 3377 2507 3449 gentilium
2548 3376 2774 3441 addicti,
2812 3375 2958 3430 inter
3003 3383 3266 3444 utrosque
3300 3389 3402 3428 au-

1811 3479 1921 3522 tem
1964 3466 2370 3538 quodammodo
2403 3465 2594 3537 jactati
2639 3474 2804 3536 atque
2845 3464 3089 3520 dissecti.
3125 3463 3405 3520 lsraelitas

1809 3569 1993 3614 autem
2020 3559 2173 3624 olim,
2200 3574 2326 3614 cum
2363 3558 2431 3614 ad
2460 3559 2720 3614 eumdem
2769 3557 2994 3613 modum
3046 3556 3252 3612 sentire
3288 3571 3403 3612 cm-

1808 3653 2059 3724 pissent,
2113 3651 2261 3706 Elias
2317 3651 2586 3723 pr0pheta
2647 3651 2960 3722 objurgavit
3015 3649 3103 3704 his
3163 3648 3400 3704 verbis:

1817 3763 1834 3796 ι
1875 3743 2175 3814 Quousque
2223 3743 2547 3799 claudicatis
2598 3743 2868 3798 ambobus
2916 3739 3263 3813 poplitibus?
3309 3749 3406 3794 aut

1807 3837 1958 3902 Baal,
2001 3837 2152 3904 Baal,
2182 3847 2279 3893 aut
2305 3837 2439 3903 Deo,
2468 3837 2582 3893 Deo
2613 3837 2653 3892 ⁸,
2685 3855 2704 3888 ι
2739 3835 3047 3891 Verisimile
3088 3833 3254 3904 igitur
3296 3840 3402 3894 est,

1807 3930 2002 3987 Jethro
2036 3946 2259 4002 quoque
2287 3929 2558 4001 ejusmodi
2598 3928 2837 3999 aliquam
2876 3933 3125 3981 secutum
3161 3938 3281 3979 esse
3310 3938 3402 3977 re-

1807 4021 2028 4094 ligionis
2065 4022 2318 4078 formam.
2365 4020 2493 4089 Qui,
2541 4027 2914 4090 posteaquam
2937 4016 3192 4089 cognovit
3223 4030 3344 4086 qua:
3369 4029 3402 4068 a

1805 4113 1919 4170 Deo
1942 4113 2188 4185 profecta
2210 4114 2448 4168 fuissent
2483 4111 2550 4167 ad
2582 4111 2815 4166 salutem
2843 4109 3110 4165 lsraelitis
3132 4117 3401 4179 praestan-

1807 4204 1954 4269 dam,
1990 4204 2298 4276 magniﬁcis
2331 4211 2496 4274 atque
2531 4200 2954 4257 admirabilibus
2994 4198 3406 4255 narrationibus

1806 4297 2046 4361 illectus,
2077 4311 2204 4350 cum
2234 4295 2399 4349 domo
2440 4301 2555 4348 tota
2608 4308 2673 4347 ac
2701 4307 2902 4363 genere
2934 4298 3049 4346 toto
3083 4289 3148 4345 ad
3178 4289 3404 4360 Moysen

1807 4386 1977 4440 venit.
2005 4385 2076 4449 Is,
2110 4401 2234 4440 cum
2255 4384 2496 4439 libenter
2521 4397 2648 4437 eum
2690 4381 3014 4451 aspexisset,
3046 4379 3284 4450 excepit,
3315 4381 3404 4434 in-

1805 4493 1913 4547 que
1959 4493 2118 4532 suum
2165 4475 2584 4532 tabernaculum
2633 4473 2871 4539 induxit,
2903 4473 3268 4543 exposuitque
3315 4487 3408 4528 ac-

1806 4567 2052 4622 curatius
2096 4567 2190 4620 illa
2227 4565 2427 4620 divina:
2464 4564 2694 4619 virtutis
2725 4563 2989 4634 praiclara
3025 4570 3196 4634 gesta,
3230 4562 3408 4617 admi-

143 4622 208 4719 ὼς
234 4622 362 4728 πρὸς
391 4622 533 4713 Θεὸν
588 4660 625 4730 ὴ
657 4657 768 4712 τῶν
797 4622 1425 4729 πλανωμένων-πληθὺς,
1459 4659 1602 4728 φημὶ

1811 4660 2082 4731 randaque
2112 4660 2274 4724 facta,
2303 4673 2425 4728 qum
2449 4657 2563 4711 vim
2599 4656 2874 4713 sermonis
2911 4671 3132 4712 omnem
3175 4671 3404 4727 supera-

143 4746 198 4800 τὰ
224 4748 362 4821 ἔθνη,
411 4753 468 4806 ὲν
497 4749 740 4824 πρώτοις
776 4750 876 4821 μὲν
907 4750 972 4803 ὲκ
1011 4750 1494 4823 παρακουσμάτων
1519 4742 1594 4807 ὧν
1631 4750 1698 4804 ἄν

1811 4763 1945 4810 rent.
2011 4753 2248 4809 Vocatur
2308 4750 2475 4822 igitur
2523 4767 2555 4805 a
2615 4750 2752 4806 falsa
2800 4749 3077 4806 sententia
3147 4748 3213 4804 ad
3283 4764 3406 4803 eam

143 4853 210 4900 τις
237 4844 430 4896 ποιοῖτο
459 4843 596 4913 περὶ
621 4841 781 4906 Θεοῦ,
829 4836 930 4895 εἷθ’
960 4840 1138 4906 οὕτως
1195 4841 1340 4896 αὐτὰ
1369 4841 1439 4895 δι’
1488 4839 1700 4895 ἑαυτῶν

1811 4862 1924 4918 quae
1979 4844 2047 4900 ad
2099 4844 2276 4899 Deum
2328 4843 2504 4910 ducit,
2547 4842 3095 4914 errantiumljturba,
3147 4840 3402 4911 gentiles.

142 4926 258 4997 πρὸς
295 4928 382 4982 τὸν
427 4929 577 4984 θεῖον
635 4929 826 4999 ὥσπερ
872 4927 1280 5000 αὐτομολοῦντα
1315 4929 1502 5001 νόμον,
1555 4929 1700 4984 τοῦτ’

1811 4940 2026 5008 inquam
2058 4955 2070 4990 :
2106 4951 2172 4990 ac
2212 4936 2457 5006 primum
2497 4934 2724 5006 quidem
2744 4949 2813 4989 ex
2851 4949 2919 4988 eo
2953 4931 3103 5003 quod
3147 4928 3403 4991 nonnihil

142 5019 257 5084 ἔστι,
287 5023 383 5094 τὴν
403 5023 494 5078 διὰ
517 5024 851 5096 γράμματος
883 5023 1028 5096 ίεροῦ
1053 5024 1378 5094 κατήχησιν.
1417 5024 1575 5076 Ὥστε
1604 5023 1701 5078 καὶ

1811 5029 1872 5084 de
1919 5029 2031 5082 Deo
2080 5027 2472 5090 inaudierunt,
2525 5024 2725 5080 deinde
2777 5024 2882 5094 ipsi
2937 5039 3037 5092 per
3086 5037 3144 5077 se
3205 5031 3404 5091 sponte

139 5113 206 5177 εἰς
239 5116 332 5188 τὴν
359 5117 590 5190 πρώτην
619 5119 892 5190 εἰστρέχει
924 5119 1151 5190 σκηνήν.
1181 5116 1560 5186 Είσαγωγικὸς
1589 5116 1699 5189 γὰρ

1811 5116 2214 5188 quodammodo
2238 5115 2306 5172 ad
2336 5116 2434 5171 Dei
2458 5115 2658 5187 legem,
2683 5113 2739 5168 id
2769 5123 2875 5179 est,
2903 5113 2971 5166 ad
2999 5109 3404 5167 institutionem

139 5203 350 5274 όνόμοςο
379 5205 501 5263 εῐτα
538 5213 653 5274 τοῖς
689 5211 1068 5284 ἀρχαιοτέροις
1107 5210 1458 5281 διηγήμασιν*
1489 5211 1696 5265 ἀναπε-

139 5299 399 5369 πεισμένα,
434 5305 748 5374 μεταχωρεῖ
774 5304 870 5357 καὶ
894 5306 974 5368 είς
996 5303 1058 5357 τὸ
1081 5305 1300 5376 φρονεῖν
1327 5303 1545 5356 ἑλέσθαι
1587 5302 1696 5356 λοι-

139 5385 242 5449 πδν,
264 5391 430 5462 ὁτιδὴ
456 5392 596 5456 Θεὸς
624 5389 707 5458 εἷς
730 5394 792 5449 τέ
831 5397 950 5449 ἐστι
995 5395 1091 5450 καὶ
1121 5395 1305 5466 μόνος,
1336 5395 1431 5448 καὶ
1459 5394 1567 5466 μὴν
1598 5395 1693 5448 καὶ

137 5476 203 5540 εἷς
224 5479 280 5532 τὸ
315 5485 514 5554 χρῆναι
543 5488 920 5558 καρποφορεῖν
957 5486 1129 5559 αὐτῷ.
1159 5487 1274 5556 Τὴν
1301 5487 1410 5560 γάρ
1439 5503 1522 5540 τοι
1561 5487 1694 5541 Μω-

138 5567 253 5632 σέως
277 5571 528 5644 διήγησιν
554 5575 810 5649 ἀκηκοὼς
831 5579 860 5632 ὁ
886 5579 1217 5650 Μαδιηναῖος
1234 5619 1248 5642 ,
1274 5578 1418 5632 ιΝῦν
1442 5578 1635 5647 ἔγνων,
1667 5598 1686 5631 ι

137 5660 302 5728 φησιν,
346 5664 426 5719 ὅτι
463 5665 642 5736 μέγας
676 5665 882 5740 Κύριος
904 5669 1058 5739 παρὰ
1091 5668 1300 5732 πάντας
1328 5667 1456 5731 τοὺς
1494 5666 1650 5732 θεούς
1677 5685 1692 5701 ·

1807 5225 2088 5266 sacrarum
2120 5208 2458 5264 Litterarum
2492 5213 2814 5262 accurrunt.
2854 5205 3044 5274 Itaque
3079 5213 3136 5259 et
3172 5203 3238 5259 ad
3282 5204 3400 5273 pri-

1805 5318 1954 5356 mum
1984 5299 2404 5356 tabernaculum
2431 5306 2767 5370 praperant;
2808 5294 3198 5351 introducendi
3235 5311 3396 5350 nam-

1802 5410 1908 5464 que
1931 5394 2040 5449 vim
2073 5394 2161 5449 lex
2190 5393 2358 5448 habet
2385 5409 2397 5446 :
2424 5391 2624 5447 deinde
2648 5387 3050 5444 vetustioribus
3077 5387 3185 5443 illis
3209 5403 3399 5443 narra-

1800 5487 2043 5542 tionibus
2077 5484 2349 5556 persuasi,
2388 5483 2446 5537 in
2483 5496 2604 5537 eam
2647 5479 2889 5549 denique
2927 5477 3262 5534 sententiam
3298 5493 3394 5534 νο-

1799 5576 1982 5641 niunt,
2030 5584 2091 5629 ut
2145 5573 2376 5630 credant
2438 5586 2610 5626 unum
2665 5584 2787 5625 esse
2843 5584 2909 5624 ac
2964 5568 3142 5624 solum
3194 5568 3396 5636 Deum,

1802 5669 1992 5739 illique
2045 5667 2357 5724 oblationes
2397 5662 2569 5719 dicari
2627 5671 2907 5734 oportere.
2954 5660 3121 5733 Moysi
3161 5673 3398 5730 namque

200 5836 403 5922 ‘E-xod.
440 5857 594 5906 xvm,
622 5841 766 5906 1-22..
835 5848 855 5878 ³
891 5843 1055 5910 Ibid,
1099 5841 1188 5900 ει.
1261 5843 1278 5875 ³
1335 5842 1404 5897 lll
1433 5843 1574 5915 Reg.
1622 5842 1884 5908 xvmﬁl.
