4046 6504
616 392 722 447 285

1647 381 1702 438 S.
1744 380 2014 436 CYBILIJ
2055 378 2520 437 ALEXANDBINI
2559 382 2875 440 ARCIIIEP.

3774 381 3879 437 286

619 507 933 563 narratione.
956 503 1163 565 audita,
1188 499 1508 555 Madianites
1540 496 1650 557 ille,
1685 515 1701 545 ι
1740 496 1915 557 Nune,
1952 516 1968 544 ι
1996 494 2198 563 inquit,

2311 497 2493 551 ἕνεκεν
2524 499 2733 557 τούτου.
2756 500 2837 552 ὅτι
2860 497 3116 551 ἐπέθεντο
3141 498 3342 561 αὐτοῖς.
3363 496 3475 550 Καὶ
3494 493 3689 549 ἔλαϐεν
3713 496 3880 567 Ἰοθὸρ

628 620 645 649 ι
672 598 901 669 cognovi
925 594 1071 665 quod
1099 608 1326 662 magnus
1348 588 1612 644 Dominus
1631 602 1796 642 super
1822 601 2013 641 omnes
2030 586 2197 650 deos;

621 699 911 760 propterea
947 684 1094 755 quod
1152 680 1391 750 superbe
1445 688 1681 749 egerunt
1720 686 1911 731 contra
1962 691 2077 730 eos.
2133 677 2203 731 Et

619 779 832 848 accepit
882 775 1070 831 Jethro
1116 787 1272 826 socer
1327 768 1495 839 Moysi
1549 767 1867 821 holocausta
1931 774 1988 819 ct
2042 763 2202 817 victi-

620 886 738 925 mas
775 870 885 923 Deo
906 867 945 921 ⁸.
993 885 1010 916 ι
1072 865 1167 919 Est
1203 877 1335 932 ergo
1372 859 1596 930 quidam
1642 857 2030 912 elementarius
2083 871 2200 909 ma-

619 961 806 1030 gister,
843 968 900 1013 et
952 957 1019 1011 ad
1075 954 1284 1025 primos
1334 952 1525 1007 aditus
1574 965 1719 1004 verae
1760 949 1828 1003 de
1863 948 1976 1001 Deo
2013 946 2201 1017 cogni-

622 1049 790 1104 tionis
814 1062 914 1101 nos
940 1044 1165 1101 adducit
1200 1043 1431 1113 Moyses,
1472 1039 1526 1094 id
1564 1048 1668 1102 est,
1711 1038 1801 1092 illa
1840 1036 2201 1091 vetustiorum

622 1138 951 1193 Litterarum
991 1149 1273 1190 sacrarum
1311 1131 1613 1187 catechesis
1645 1136 1702 1184 et
1739 1127 2094 1183 introductio.

698 1229 895 1286 PALL.
937 1229 1163 1285 Certum
1194 1233 1298 1281 est.

693 1323 855 1378 CYR.
916 1319 1198 1376 Perfectos
1237 1325 1420 1371 autem
1465 1312 1648 1369 reddit
1683 1309 1937 1367 Christus
1982 1322 2079 1363 eos
2107 1307 2202 1377 qui

627 1432 725 1485 per
761 1415 937 1483 legem
981 1410 1159 1466 levius
1196 1408 1392 1463 imbuti
1432 1415 1595 1471 sunt;
1640 1418 1766 1459 cum
1808 1410 1989 1457 autem
2029 1402 2203 1471 legem

626 1505 772 1567 dico,
814 1518 1007 1557 rursus
1054 1508 1443 1556 testamentum
1486 1505 1644 1551 vetus
1701 1493 1962 1563 intellige.
2019 1492 2204 1560 Itaque

625 1610 755 1665 erga
796 1593 984 1650 Jethro
1036 1592 1169 1647 solis
1216 1591 1284 1646 de
1329 1591 1440 1644 Deo
1488 1585 1900 1642 narrationibus
1941 1593 2028 1640 est
2074 1599 2206 1639 usus

624 1685 859 1757 Moyses,
886 1684 944 1740 in
981 1699 1213 1753 eamque
1242 1684 1351 1753 jam
1391 1681 1545 1735 illum
1576 1678 1904 1735 sententiam
1942 1676 2203 1741 traduxit,

626 1787 687 1838 ut
710 1777 932 1831 disertis
961 1775 1145 1830 verbis
1173 1774 1438 1845 fateretur
1465 1787 1574 1825 non
1603 1785 1723 1825 esse
1746 1771 1976 1824 alterum
2006 1769 2202 1834 Deum,

624 1866 721 1921 sed
751 1867 926 1921 solum
965 1881 1091 1920 eum
1140 1865 1230 1935 qui
1276 1879 1418 1918 unus
1455 1872 1510 1917 et
1547 1872 1777 1926 natura,
1806 1870 1863 1915 et
1900 1876 2026 1914 vere
2062 1860 2206 1915 Deus

624 1958 716 2012 sit.
759 1956 880 2012 Ilmc
911 1967 1095 2011 autem
1126 1956 1297 2025 prima
1338 1962 1422 2008 est
1462 1952 1981 2007 catechumenorum
2011 1948 2144 2004 ﬁdes
2175 1966 2207 2004 a

625 2048 925 2102 multorum
982 2047 1211 2102 deorum
1266 2045 1525 2115 opinione
1578 2042 1881 2106 discedere,
1926 2051 1982 2096 et
2036 2058 2208 2096 unum

622 2138 811 2199 illum,
866 2152 994 2191 vere
1039 2144 1094 2190 et
1140 2144 1334 2189 natura
1405 2134 1573 2187 Deum
1646 2132 1962 2203 amplexari.
2030 2133 2208 2188 Aaron

623 2243 753 2282 vero
788 2228 968 2296 ipsum
1011 2226 1204 2281 Jethro
1244 2240 1431 2279 mensa
1464 2224 1736 2295 dignatur,
1768 2232 1823 2277 et
1856 2223 1964 2296 95
1996 2224 2063 2277 ad
2110 2240 2206 2293 pa-

624 2332 748 2370 nem
763 2315 1037 2370 edendum
1061 2315 1272 2368 invitat.
1301 2334 1316 2363 ι
1345 2313 1687 2377 Venitenim,
1715 2333 1731 2363 ι
1760 2313 1955 2382 inquit,
1980 2313 2205 2377 «Aaron,

623 2415 681 2460 ct
723 2421 917 2460 omnes
960 2405 1206 2460 seniores
1250 2402 1415 2458 Israel
1457 2402 1524 2456 ad
1566 2401 1964 2457 comedendum
2012 2417 2207 2471 panem

624 2515 752 2553 cum
799 2512 993 2553 socero
1039 2496 1207 2567 Moysi
1242 2511 1424 2549 coram
1465 2495 1577 2549 Deo
1599 2494 1639 2545 ⁸.
1674 2512 1692 2543 ι
1744 2491 2017 2547 Perfectos
2059 2493 2207 2546 enim

624 2589 791 2645 eﬁicit
838 2605 938 2643 nos
978 2604 1116 2659 pane
1148 2587 1350 2641 viventi
1388 2586 1657 2647 Christus,
1699 2584 1882 2637 verior
1919 2582 2119 2647 Aaron,
2154 2591 2210 2638 et

628 2681 903 2755 perfectos
935 2679 1115 2734 reddit
1154 2695 1264 2733 non
1300 2678 1531 2749 gentiles
1573 2683 1805 2737 tantum,
1842 2674 1936 2729 sed
1979 2690 2074 2729 eos
2107 2691 2208 2745 po-

631 2773 741 2827 tius
786 2773 1103 2845 promiscue
1152 2771 1246 2840 qui
1287 2770 1354 2825 de
1401 2784 1599 2840 genere
1645 2767 1808 2821 Israel
1854 2766 2014 2821 electi
2058 2774 2207 2829 sunt,

629 2879 863 2933 quorum
924 2862 1152 2933 ﬁguram
1214 2868 1404 2914 tenent
1454 2858 1533 2912 illi
1593 2857 1857 2912 seniores.
1909 2857 2022 2911 Nec
2076 2871 2210 2909 vero

629 2970 850 3029 parvam
884 2952 1337 3025 signiﬁcationem
1387 2948 1835 3005 sanctiﬁcationis
1864 2962 1976 3018 pra:
2012 2962 2071 3002 se
2104 2946 2211 3002 fert

630 3046 788 3111 illud,
818 3044 963 3116 quod
1000 3054 1255 3115 tanquam
1288 3043 1343 3096 in
1370 3049 1663 3111 conspectu
1700 3038 1796 3094 Dei
1826 3052 2020 3108 panem
2051 3053 2208 3091 man-

629 3137 834 3193 ducare
875 3144 1143 3207 oporteat.
1190 3133 1332 3201 Quid
1369 3132 1515 3187 enim
1562 3131 1699 3185 adeo
1740 3129 1843 3183 sub
1880 3128 1975 3183 Dei
2010 3129 2207 3193 oculis,

629 3239 791 3303 atque
825 3237 1143 3297 conspectu,
1194 3239 1356 3294 quam
1396 3222 1622 3294 mystica
1670 3235 1877 3283 mensa,
1913 3228 1969 3273 et
2011 3219 2208 3286 hostia,
2240 3243 2283 3303 ο

629 3324 833 3399 quique
861 3322 981 3391 ejus
1011 3316 1304 3388 participes
1337 3314 1516 3368 ﬁunt?

709 3410 904 3468 PALL.
948 3410 1114 3463 Recte
1149 3407 1248 3461 ais.

704 3502 859 3557 CYR.
901 3501 1020 3556 Iam
1060 3512 1189 3552 vero
1221 3511 1342 3559 nos,
1376 3494 1471 3565 qui
1518 3493 1833 3563 perﬁcimur
1879 3492 1931 3546 in
1970 3491 2211 3556 Christo,

634 3593 702 3648 ad
754 3592 1072 3662 ampliorem
1126 3587 1449 3658 sapientiam
1479 3626 1493 3649 ,
1541 3600 1704 3655 quam
1755 3598 1875 3653 quae
1926 3598 2025 3653 per
2081 3582 2216 3653 legis

636 3684 1040 3741 institutionem
1103 3678 1518 3750 acquirebatur,
1574 3675 1890 3747 pervenire,
1951 3674 2006 3729 id
2068 3682 2217 3730 certe

636 3779 788 3832 nullo
817 3776 1002 3831 labore
1030 3773 1358 3835 videbimus,
1377 3770 1422 3827 si
1452 3770 1570 3841 ejus
1601 3769 1677 3823 rei
1710 3767 2051 3839 perspicuam
2079 3765 2215 3820 ima-

636 3870 816 3940 ginem
858 3866 1234 3936 acceperimus
1289 3863 1507 3934 Moysen
1561 3869 1617 3915 et
1663 3859 1855 3915 Jethro
1893 3877 1905 3911 :
1952 3879 1971 3909 ‹
2007 3858 2216 3929 Moyses

636 3973 870 4028 namque
891 3957 1137 4019 sedebat,
1164 3975 1180 4006 ι
1209 3954 1407 4023 inquit,
1447 3951 1772 4023 «judicans;
1798 3949 2009 4005 astabat
2034 3958 2217 4004 autem

638 4050 718 4105 illi
764 4049 1053 4104 universus
1106 4044 1342 4119 populus
1392 4060 1423 4097 a
1472 4058 1631 4096 mane
1679 4056 1852 4110 usque
1904 4040 1972 4095 ad
2018 4056 2215 4110 vespe-

640 4158 751 4197 ram
792 4143 830 4196 “.
872 4162 888 4192 ι
925 4140 1129 4196 Auctor
1166 4150 1347 4193 autem
1388 4144 1471 4190 est
1507 4135 1698 4190 Jethro
1738 4133 1887 4188 illius
1933 4136 2219 4187 sententia:

636 4248 799 4303 quam
850 4240 1073 4285 secutus
1111 4237 1194 4283 est
1227 4227 1437 4298 Moyses
1476 4243 1487 4277 :
1525 4232 1581 4279 et
1628 4239 1753 4277 cum
1796 4222 2058 4292 optimam
2095 4237 2216 4275 esse

637 4323 986 4393 intelligeret,
1016 4320 1298 4388 amplexus
1335 4324 1436 4371 est.
1468 4335 1486 4365 ‹
1509 4313 1733 4369 Audivit
1758 4312 1926 4375 enim,
1958 4330 1975 4362 ι
2016 4310 2213 4380 inquit,

644 4440 662 4466 ι
699 4414 907 4485 Moyses
931 4426 1119 4466 vocem
1141 4408 1315 4464 soceri
1360 4406 1466 4470 sui,
1491 4415 1547 4460 et
1576 4404 1707 4459 fecit
1732 4417 2074 4475 quaecunque
2111 4402 2216 4455 sibi

638 4505 776 4560 dixit
805 4505 847 4557 ⁷.
884 4524 900 4554 ι
948 4501 1089 4569 Quid
1129 4498 1319 4555 enim?
1364 4497 1459 4567 qui
1496 4496 1695 4552 melius
1730 4492 2024 4549 consilium
2062 4492 2213 4558 dare,

640 4600 1031 4667 melioremque
1082 4594 1408 4651 sententiam
1455 4593 1636 4649 dicere
1684 4592 1963 4663 potuerit,
2014 4591 2061 4644 is
2107 4606 2216 4645 non
2250 4571 2292 4626 Ῐ)

642 4704 1030 4760 usquequaque
1061 4686 1350 4757 prudentia
1383 4694 1641 4757 praestare
1673 4682 1947 4754 putandus
1974 4682 2099 4737 est?

713 4778 909 4834 PALL.
950 4774 1254 4831 Assentior.

706 4870 863 4927 CYR.
904 4868 1055 4922 Hanc
1089 4880 1222 4921 vero
1254 4880 1353 4934 per
1386 4862 1665 4918 Christum
1698 4861 2089 4931 perfectionem
2124 4859 2215 4914 illa

641 4964 776 5035 legis
809 4960 1154 5017 institutione
1186 4955 1621 5027 pra:stantiorem
1652 4970 1793 5019 esse,
1824 4954 2090 5023 longeque
2121 4967 2219 5006 ex—

641 5056 1035 5118 cellentiorem,
1068 5060 1130 5106 ut
1165 5065 1287 5121 qua:
1325 5048 1392 5103 ad
1431 5063 1550 5103 eam
1590 5061 1692 5100 nos
1733 5044 2097 5115 cognitionem
2135 5051 2219 5097 at-

642 5150 816 5213 tollat,
846 5161 968 5217 quae
997 5145 1068 5199 sit
1098 5144 1259 5213 longe
1289 5140 1579 5211 superior;
1617 5137 1672 5192 id
1714 5152 1846 5191 vero
1884 5136 2041 5191 facile
2088 5135 2219 5189 bea-

646 5240 889 5295 tissimus
933 5237 1133 5291 Paulus
1178 5231 1441 5295 ostendit,
1478 5230 1574 5300 qui
1624 5235 1847 5299 propter
1888 5227 2220 5281 eminentem

644 5330 926 5385 scientiam
954 5326 1178 5391 Christi,
1220 5334 1283 5379 ut
1319 5324 1434 5394 ipse
1478 5322 1595 5384 ait,
1622 5334 1814 5374 eorum
1847 5332 1969 5386 qua:
2008 5317 2061 5370 in
2102 5315 2223 5384 lege

643 5422 796 5476 lucra
836 5428 1014 5481 erant,
1058 5416 1421 5473 libentissime
1466 5414 1734 5484 iacturam
1786 5408 1935 5470 facit,
1980 5417 2037 5461 et
2082 5414 2222 5459 ster-

645 5529 773 5569 cora
829 5510 1151 5574 arbitratur,
1196 5517 1254 5563 ut
1300 5506 1582 5563 Christum
1619 5500 1994 5557 lucrifaciat“.
2044 5497 2221 5565 Atque

644 5602 907 5657 adversus
951 5615 1048 5656 eos
1090 5599 1344 5669 quidem,
1384 5597 1478 5667 qui
1524 5595 1638 5650 sola
1691 5608 1813 5664 qua:
1858 5607 1955 5661 per
2001 5589 2221 5660 Moysen

647 5696 845 5752 tradita
878 5703 1026 5758 sunt,
1051 5692 1231 5748 adhuc
1256 5707 1445 5761 magna
1476 5696 1766 5757 putarent;
1798 5683 2222 5756 perfectionem-

2302 589 2329 641 6
2376 590 2623 661 γαμϐρὸς
2681 591 2853 661 Μωσῆ
2914 588 3342 659 ὁλοκαυτώματα
3396 591 3494 642 καὶ
3539 586 3735 649 θυσίας
3804 589 3881 658 np

2304 682 2510 751 Κυρίῳ.
2573 703 2590 734 ι
2660 682 3021 754 Στειχειωτὴς
3057 677 3150 736 οὖν
3202 682 3330 752 ἄρα,
3380 680 3478 734 καὶ
3522 682 3605 744 είς
3658 678 3883 751 πρώτας

2304 770 2553 834 εἰσϐολὰς
2605 772 2753 841 ἡμᾶς
2796 771 2898 840 τῆς
2941 768 3178 841 ἀληθοῦς
3228 766 3558 836 θεογνωσίας
3611 763 3881 834 ἀποφέρει

2304 862 2527 932 Μωσῆς,
2557 862 2702 915 τοῦτ’
2729 861 2896 925 ἐστιν,
2922 864 2954 932 ὴ
2979 861 3067 915 διὰ
3085 860 3195 915 τῶν
3223 860 3592 932 ἀρχαιοτέρων
3613 856 3884 928 Γραμμὰ·

2304 972 2412 1007 των
2438 956 2741 1026 κατήχησις
2769 956 3134 1025 είσαγωγική.

2376 1199 2582 1251 IIAAA.
2620 1199 2879 1269 Ἀραρεν.

2378 1288 2539 1341 ΚΥΡ.
2574 1287 2783 1341 Τελειοί
2812 1287 2869 1340 δὲ
2898 1287 3134 1359 Χριστὸς
3154 1287 3279 1349 τοὺς
3304 1285 3393 1339 διὰ
3418 1285 3585 1354 νόμου
3615 1300 3885 1353 κατηχοῦ-

2309 1379 2521 1449 μένους.
2554 1378 2736 1448 Νόμον
2776 1378 2834 1431 δὲ
2874 1379 2921 1430 εί
2952 1377 3169 1448 λέγοιμι
3194 1376 3375 1441 πάλιν,
3414 1376 3685 1447 διαθήκην
3716 1375 3885 1428 ἐννόει

2303 1470 2403 1539 τὴν
2433 1470 2689 1523 παλαιάν.
2724 1469 2831 1523 Καὶ
2855 1468 2985 1537 γοῦν
3028 1468 3165 1538 πρὸς
3198 1468 3298 1539 μὲν
3341 1466 3435 1521 τδν
3479 1466 3650 1539 Ἰοθδρ
3704 1466 3885 1535 μόνοις

2306 1559 2503 1630 ἐχρῆτο
2531 1563 2641 1624 τοῖς
2669 1562 2794 1631 περὶ
2822 1560 2955 1614 Θεοῦ
2984 1562 3361 1633 διηγήμασινὸ
3390 1562 3596 1631 Μωσῆς
3617 1578 3632 1593 '
3657 1560 3885 1629 γνώμης

2304 1668 2363 1705 τε
2396 1653 2474 1716 εἰς
2504 1651 2661 1705 τοῦτο
2700 1652 2923 1723 μεθίστη
2949 1651 3153 1714 λοιπὸν,
3178 1653 3253 1716 ὡς
3285 1652 3579 1724 διαρρήδην
3602 1651 3885 1722 ὁμολογεῖν

2306 1744 2405 1795 οὐκ
2428 1739 2565 1796 εἶναι
2596 1742 2727 1796 Θεὸν
2760 1742 2965 1813 ἕτερον,
2996 1742 3135 1814 πλὴν
3159 1745 3238 1796 ὅτι
3286 1742 3446 1814 μόνος
3480 1745 3509 1797 6
3539 1739 3642 1808 εἷς,
3669 1744 3700 1795 6
3729 1740 3884 1811 φύσει

2236 1828 2282 1888 Β
2308 1832 2401 1886 καὶ
2429 1832 2663 1902 άληθῶς.
2699 1834 2887 1897 Πίστις
2913 1834 2969 1886 δὲ
2993 1832 3131 1903 αὕτη
3158 1834 3579 1904 κατηχουμένων
3599 1835 3633 1903 ή
3668 1831 3883 1903 πρώτη,

2310 1925 2370 1978 τὸ
2397 1924 2495 1995 τῆς
2525 1925 2788 1978 πολυθέου
2820 1926 2975 1996 δόξης
3004 1925 3438 1980 ἀπαλλάττεσθαί
3475 1942 3642 1996 φημι,
3672 1924 3775 1978 καὶ
3802 1925 3885 1978 τὸν

2308 2018 2522 2089 ἀληθῶς
2552 2018 2649 2073 ’ἐνα
2667 2037 2724 2073 τε
2748 2019 2842 2073 καὶ
2872 2020 3033 2088 φύσει
3055 2017 3451 2090 παραδέχεσθαι
3475 2017 3631 2071 Θεόν.
3674 2015 3886 2087 ’Δαριῖιν

2306 2107 2363 2160 δὲ
2414 2109 2505 2160 τὸν
2560 2106 2727 2177 Ἰοθὸρ
2764 2109 2857 2162 καλ⁸
2902 2108 3178 2179 τραπέζης
3227 2107 3403 2176 ἠξίου,
3447 2106 3540 2160 καὶ
3594 2107 3677 2169 είς
3723 2106 3886 2176 ἄρτου

2309 2195 2511 2267 βρῶσιν
2543 2196 2747 2252 ἐκάλει.
2789 2216 2807 2247 ‹
2831 2195 3214 2268 Παραγέγονε»
3250 2195 3381 2265 γὰρ,
3400 2195 3586 2265 φησιν,
3623 2212 3641 2245 ι
3674 2193 3887 2265 ’Δαρὼν

2310 2288 2403 2342 καὶ
2423 2288 2623 2351 πάντες
2646 2290 2696 2341 οἱ
2730 2288 3089 2360 πρεσϐύτεροι
3122 2286 3337 2357 Ἰσραήλ
3356 2327 3371 2351 ,
3392 2289 3710 2356 συμφαγεῖν
3729 2288 3887 2357 ἄρτον

2311 2380 2449 2453 μετὰ
2467 2380 2559 2434 τοῦ
2592 2379 2842 2452 γαμϐροῦ
2861 2381 3033 2450 Μωσῆ
3061 2378 3301 2432 ἐναντίον
3328 2375 3421 2431 τοῦ
3441 2377 3601 2433 Θεοῦ.
3636 2398 3653 2429 ι
3682 2377 3891 2430 τελειοτ

2306 2474 2415 2544 γὰρ
2450 2472 2595 2542 ἡμᾶς
2634 2472 2784 2541 ἄρτῳ
2817 2468 2895 2539 τῷ
2937 2469 3100 2532 ζῶντι
3140 2467 3395 2539 Χριστὸς,
3442 2470 3471 2522 6
3522 2468 3888 2540 ἀληθέστερος

2321 2562 2560 2634 Ἀαρών
2606 2563 2803 2616 τελειοῖ
2830 2562 2886 2615 δὲ
2919 2562 2979 2614 οι)
3012 2562 3172 2631 μόνον
3209 2562 3336 2622 τοῦς
3368 2562 3425 2627 ἐξ
3456 2559 3649 2623 ὲθνῶν,
3689 2561 3886 2631 ἀναμὶξ

2307 2657 2363 2710 δὲ
2397 2655 2596 2725 μᾶλλον
2647 2656 2772 2719 τοὺς
2805 2653 3212 2724 ἐξειλεγμένους
3252 2652 3312 2717 ἐξ
3360 2653 3595 2722 αἵματος
3650 2651 3885 2723 Ἰσραὴλ,

2309 2742 2384 2803 ὧν
2413 2747 2478 2801 ἂν
2506 2742 2614 2800 εἷεν
2648 2747 2816 2809 τύπος
2850 2748 2899 2799 oi
2943 2745 3326 2816 πρεσϐύτεροι.
3358 2745 3639 2814 Ἐμφασιν
3667 2743 3729 2796 δὲ
3760 2744 3889 2813 πρὸς

2311 2840 2583 2910 ἁγιασμδν
2614 2840 2675 2892 οὗ
2712 2838 2938 2910 μετρίαν
2972 2838 3085 2908 ἔχει
3133 2837 3195 2890 τὸ
3218 2836 3295 2901 ὡς
3348 2836 3580 2890 ἐνώπιον
3608 2835 3709 2888 τοῦ
3759 2835 3887 2889 Θεοῦ

2310 2933 2401 2986 τὸν
2422 2933 2584 3002 ἄρτον
2612 2930 2807 3002 χρῆναι
2839 2931 3052 2998 φαγεῖν.
3087 2929 3152 2981 Τί
3176 2928 3282 3001 γὰρ
3308 2928 3479 2991 οὕτως
3500 2929 3559 2981 ὲν
3580 2927 3705 2997 ὕψει
3733 2926 3887 2993 Θεοῦ,

2310 3025 2386 3089 ὡς
2418 3023 2653 3095 μυστικὴ
2678 3020 2949 3093 τράπεζα,
2988 3021 3083 3075 καὶ
3114 3020 3294 3085 θυσία,
3325 3022 3423 3074 καὶ
3449 3020 3500 3074 οί
3529 3018 3742 3091 ταύτης
3766 3018 3890 3092 μέτ-

2310 3132 2424 3186 οχοι
2444 3132 2459 3181 ;

2386 3402 2592 3457 ΠᾹΛΛ.
2626 3396 2701 3454 Εῦ
2726 3399 2926 3467 λέγεις.

2388 3495 2552 3547 ΚΥΡ.
2590 3492 2713 3546 ὐτι
2739 3491 2828 3545 διὰ
2876 3488 3113 3562 Χριστοῦ
3146 3484 3530 3557 τελειούμενοι,
3566 3487 3664 3540 καὶ
3710 3485 3815 3556 τῆς
3843 3490 3897 3540 ὲν

2316 3588 2466 3659 νόμῳ
2500 3584 2877 3653 παιδαγωγίας
2907 3582 3043 3654 πρὸς
3070 3581 3278 3653 ἀμείνω
3302 3578 3517 3633 σύνεσιν
3545 3578 3896 3650 ἀναθρώσκοο

2322 3697 2441 3750 μεν,
2476 3677 2707 3749 ἀπονητὶ
2735 3676 2791 3730 δὲ
2821 3672 3064 3746 ὀψόμεθα
3083 3672 3229 3743 σαφῆ
3250 3670 3345 3725 τοῦ
3364 3670 3692 3743 πράγματος
3714 3671 3898 3723 εἰκόνα

2316 3770 2613 3841 δεχόμενοι,
2649 3767 2852 3822 Μωσέα
2881 3784 2940 3821 τε
2981 3766 3074 3820 καὶ
3122 3764 3324 3835 Ἰοθόρο
3359 3780 3379 3815 ι
3411 3762 3618 3832 Μωσῆς
3664 3762 3767 3833 μὲν
3793 3761 3897 3831 γὰρ

2316 3863 2345 3916 6
2362 3861 2645 3924 θεσπέσιος
2671 3859 2906 3930 ἐκάθητο
2927 3858 3150 3930 κρίνων,
3176 3877 3194 3907 ι
3228 3853 3386 3927 φησί·
3413 3873 3433 3907 ι
3461 3853 3826 3924 παρειστήκει
3845 3850 3898 3902 δὲ

2318 3954 2468 4026 αὐτῷ
2494 3955 2601 4017 πᾶς
2625 3954 2652 4006 6
2680 3952 2808 4015 λαὸς
2848 3951 2954 4004 ἀπὸ
2986 3948 3131 4022 πρωῒ
3167 3950 3273 4013 ἕως
3298 3948 3556 4019 ἑσπέρας.
3596 3964 3614 3998 ι
3646 3945 3897 4015 Είσητεῖ-

2316 4066 2405 4101 ται
2434 4047 2490 4100 δὲ
2534 4045 2758 4116 γνώμην
2797 4042 2984 4113 Ἰοθδρ,
3015 4043 3081 4115 ἢν
3110 4042 3378 4113 τετίμηκε
3423 4040 3663 4108 Μωσῆς,
3700 4035 3900 4108 ἄριστὰ

2317 4160 2375 4195 τε
2401 4140 2544 4212 ἔχειν
2577 4135 2907 4208 ὲννενοηκὼς
2930 4135 3322 4208 προσεδέξατο·
3356 4153 3375 4185 ι
3415 4134 3657 4186 Ἤκουσε
3704 4130 3839 4201 γὰρ,
3874 4148 3891 4178 ι

2319 4234 2471 4305 φησι,
2504 4251 2521 4283 ι
2544 4231 2750 4301 Μωσῆς
2779 4229 2880 4299 τῆς
2902 4227 3083 4298 φωνῆς
3106 4226 3199 4280 τοῦ
3230 4224 3504 4296 γαμϐροῦ,
3526 4224 3621 4277 καὶ
3643 4224 3900 4293 ἐποίησεν

2317 4326 2418 4379 ὅσα
2446 4323 2594 4395 αύτῷ
2624 4317 2795 4376 εἶπεν.
2826 4340 2844 4372 ι
2874 4322 2945 4374 Ἦ
2962 4320 3071 4391 γὰρ
3099 4319 3222 4389 οῦχὶ
3251 4318 3429 4388 πάντη
3459 4333 3518 4369 τε
3552 4317 3649 4370 καὶ
3684 4315 3900 4375 πάντως

2318 4417 2347 4469 6
2386 4418 2485 4487 τὴν
2522 4415 2730 4485 ἀμείνω
2782 4413 2976 4483 βουλὴν
3014 4411 3109 4465 καὶ
3153 4409 3381 4481 γνώμην
3434 4403 3546 4470 οἷός
3594 4424 3657 4459 τε
3720 4406 3900 4473 λέγειν

2319 4511 2475 4565 νοοῖτ’
2499 4508 2564 4562 ἂν
2594 4507 2857 4578 ὑπάρχειν
2892 4504 2981 4557 καὶ
3004 4505 3061 4556 έν
3094 4500 3304 4555 συνέσει
3337 4497 3794 4571 προφερεστέρᾳς

2385 4755 2592 4811 ΠΑΛΛ.
2624 4753 2791 4825 Φημί.

2385 4849 2552 4902 ΚΥΡ.
2582 4848 2704 4900 ’Ὁτι
2735 4845 2793 4899 δὲ
2833 4843 3073 4916 ἀμείνων
3119 4841 3215 4896 καὶ
3255 4839 3513 4893 ἐπέκεινα
3548 4836 3685 4890 πολὺ
3713 4834 3818 4905 τῆς
3843 4835 3900 4887 ἐν

2315 4941 2464 5012 νόμῳ
2517 4938 2872 5008 κατηχήσεως
2929 4936 2964 5006 ἠ
3023 4933 3112 4988 διὰ
3156 4929 3393 5003 Χριστοῦ
3442 4928 3753 4988 τελείωσις,
3822 4927 3902 4987 είς

2322 5029 2523 5099 γνῶσιν
2551 5030 2585 5098 ή
2595 5028 2701 5098 μᾶς
2726 5024 3117 5095 ὑπερφέρουσα
3139 5020 3237 5092 τὴν
3270 5019 3619 5087 ἀωγκρὶτως
3642 5016 3901 5086 ὑπερκειο

2326 5121 2517 5192 μένην,
2550 5116 2839 5182 ὲκδείξειεν
2868 5113 2934 5169 ἂν
2978 5112 3216 5176 εὐκόλως
3260 5112 3289 5164 6
3324 5108 3615 5181 ἱερώτατος
3662 5105 3900 5167 Παῦλος.

2321 5214 2411 5268 διὰ
2451 5211 2512 5266 τὸ
2553 5209 2817 5281 ὑπερέχον
2865 5206 2965 5276 τῆς
3009 5202 3264 5273 γνώσεως
3320 5201 3415 5254 τοῦ
3464 5197 3721 5271 Χριστοῦ,
3755 5195 3905 5249 καθά

2325 5321 2490 5376 φησιν
2505 5301 2688 5364 αὐτὸς,
2719 5299 2786 5352 τὰ
2808 5299 2868 5351 ἐν
2900 5296 3050 5365 νόμῳ
3071 5292 3237 5363 κέρδη
3263 5288 3652 5362 προθυμότατα
3678 5285 3906 5356 ζημιού-

2328 5410 2505 5465 μενος,
2542 5388 2787 5445 σκύόαλά
2812 5403 2873 5439 τε
2913 5380 3053 5438 εἶναι
3080 5379 3337 5452 νομίζων,
3374 5380 3461 5432 ἵνα
3491 5377 3725 5449 Χριστὸν
3771 5390 3907 5442 κερο

2323 5463 2481 5557 δήσῃ.
2510 5484 2620 5538 Καὶ
2662 5480 2799 5552 πρὸς
2829 5478 2927 5549 μὲν
2960 5477 3087 5540 τοὺς
3136 5472 3272 5544 μόνα
3298 5469 3575 5541 τιμῶντας
3602 5465 3682 5519 ἔτι
3708 5463 3782 5517 τὰ
3815 5463 3907 5517 διὰ

2325 5554 2586 5639 Μωσέως,
2619 5575 2679 5627 οὐ
2727 5568 3118 5642 προσιεμένους
3149 5566 3207 5620 δὲ
3237 5564 3337 5635 τὴν
3383 5560 3475 5615 διὰ
3524 5554 3760 5630 Χριστοῦ
3812 5572 3907 5609 τε·

2324 5674 2561 5734 λείωσιν,
2595 5671 2624 5721 6
2651 5664 2936 5737 προφήτης
2967 5660 3205 5729 ἔφασκεν
3244 5652 3543 5727 Ἱερεμίας·
3579 5650 3698 5714 Πῶς
3718 5649 3905 5719 ὲρεῐτε

682 5815 703 5847 ⁵
743 5813 908 5868 Exod.
947 5828 1091 5875 mu,
1129 5808 1316 5873 ΙΙ,19..
1395 5808 1412 5838 ³
1447 5805 1605 5867 Ibid,
1647 5802 1722 5856 I2.
1801 5799 1821 5828 ‘
1853 5798 2015 5865 lbid.,
2050 5798 2133 5855 l5.
2213 5797 2232 5828 ⁷
2272 5793 2439 5858 Ibid.,
2478 5790 2567 5843 2-4.
2647 5785 2668 5818 ⁸
2730 5780 2967 5851 Philipp.
3020 5793 3099 5844 tu,
3136 5776 3187 5831 5.
