4076 6514
177 423 258 480 2ῗό
857 416 946 471 DE
985 415 1420 472 ADORATIO‘NE
1461 416 1528 470 IN
1568 413 1836 471 SPIRITU
1879 416 1966 470 ET
2007 417 2374 473 \‘ERITATE.
2416 417 2544 472 LIB.
2585 417 2673 471 Ill.

3270 408 3374 463 236

179 541 238 591 ὅτι
275 531 410 601 Sapo!
439 529 604 600 ἐσμεν
636 529 818 599 ἡμεῖς,
857 527 954 581 καὶ
984 528 1145 598 νόμος
1180 527 1386 598 Κυρίου
1418 528 1535 581 ἐστὶ
1570 527 1690 598 μεθ’

1810 543 1902 598 {ue
1957 544 2076 582 eam
2132 545 2252 598 qua:
2301 530 2604 599 acquiritur
2655 542 2756 597 per
2799 523 3006 580 Christi
3051 521 3381 583 doctrinam,

176 626 324 698 ἡμῶνς
358 623 441 683 Et;
468 622 644 691 μάτην
683 618 917 691 ἐγενήθη
967 621 1175 689 σχοῖνος
1199 619 1396 688 ψευδὴς
1429 619 1694 691 Γραμμα-

175 718 319 772 τιῦσιν
336 711 700 784 ’ᾐσχύνθησαν
717 711 893 779 σοφοὶ,
919 710 1265 782 ὲπτοήθησαν
1287 711 1382 764 καὶ
1411 710 1653 765 ἑάλωσαν
1674 728 1690 744 ο

175 809 302 876 σοφία
326 806 401 870 τίς
441 807 588 858 ἐστιν
618 808 676 857 tv
709 805 915 868 αὐτοῖς,
944 806 1026 857 ὅτι
1053 803 1145 856 τὸν
1180 803 1337 870 λόγον
1363 801 1571 874 Κυρίου
1595 805 1694 856 ἀπο

1802 619 2194 688 repudiarent;
2246 620 2463 674 dicebat
2517 619 2782 690 propheta
2837 616 3146 672 Jeremias:
3189 633 3206 664 ι
3237 612 3388 679 Quo-

1801 709 1964 764 modo
2013 711 2209 765 dicetis
2277 711 2422 781 quod
2475 712 2751 782 sapientes
2801 722 2992 763 sumus
3035 719 3157 770 nos,
3197 713 3254 759 et
3290 703 3390 758 Dei

1801 801 1888 854 lex
1935 801 2264 856 nobiscum?
2317 801 2519 856 frustra
2565 802 2741 856 factus
2782 808 2868 854 est
2908 799 3109 869 juncus
3154 794 3388 850 mendax

175 899 448 968 εδοκίμασιν
472 914 485 962 ;
514 916 532 948 ι
552 897 716 967 Ἡμῖν
737 896 794 949 δὲ
822 899 932 960 τοῖς
961 895 1053 948 τὸν
1078 898 1348 965 σωτήριον
1371 896 1469 947 οὐκ
1497 894 1692 948 ἀποδο-

1810 892 2046 959 Scribis;
2078 894 2290 948 confusi
2324 903 2453 948 sunt
2483 893 2780 963 sapientes,
2830 887 3110 962 perterriti
3155 895 3285 942 sunt
3329 893 3389 940 et

173 988 414 1059 κιμάςουσι
461 987 618 1054 λόγον
658 985 1020 1056 (προσιέμεθα
1062 985 1170 1057 γὰρ
1217 986 1469 1056 ἁσμένως
1505 985 1574 1038 τὰ
1607 983 1697 1038 διὰ

1810 985 1948 1054 capti
1979 994 2135 1050 sum;
2168 986 2433 1055 sapientia
2463 1000 2584 1055 quae
2607 993 2691 1040 est
2721 984 2777 1037 in
2810 981 2961 1052 ipsis,
2991 980 3117 1050 quia
3154 976 3386 1032 verbum

174 1078 362 1150 Χριστοῦ
384 1075 732 1149 κηρύγματα)
750 1077 976 1145 γέγονεν
1001 1076 1162 1139 αὐτὸς
1177 1076 1338 1144 σοφία
1360 1075 1510 1146 παρὰ
1538 1075 1694 1130 Θεοῦ.

1805 1077 2021 1131 Domini
2074 1078 2508 1148 reprobaverunt
2532 1078 2596 1130 ’ἲ
2625 1097 2642 1127 »
2694 1075 2865 1130 Nobis
2905 1087 3058 1135 vero,
3098 1070 3193 1140 qui
3235 1069 3387 1124 salu-

174 1165 677 1238 [Ῑεπλεονεκτήκαμεν
710 1163 804 1220 οὖν
837 1166 946 1237 ἄρα
996 1167 1089 1218 καὶ
1135 1165 1277 1219 κατά
1323 1165 1536 1218 σύνεσιν
1571 1165 1700 1228 τοὺς

1810 1175 1920 1222 tare
1963 1167 2190 1222 verbum
2234 1183 2342 1222 non
2387 1167 2746 1238 reprobamus
2778 1164 3038 1235 (libenter
3074 1162 3223 1215 enim
3267 1175 3387 1214 am-

174 1263 216 1314 tv
241 1259 382 1331 νόμῳ,
420 1260 512 1312 καὶ
547 1260 599 1312 ot
648 1261 760 1323 τοῖς
787 1257 930 1312 κατὰ
968 1259 1134 1329 νόμον
1175 1257 1511 1328 διηγήμασιν
1565 1272 1697 1309 κατ-

1799 1259 2090 1330 plectimur
2135 1259 2338 1315 Christi
2389 1256 2879 1330 praedicationem),
2921 1254 3097 1308 factus
3141 1261 3228 1307 est
3267 1252 3387 1321 ipse
3438 1274 3446 1280 -

172 1350 435 1421 ηχούμενοι,
472 1351 741 1419 φαγόντες
770 1350 860 1402 τὸν
882 1348 1043 1422 ἄρτον
1067 1347 1292 1403 ἐνώπιον
1323 1348 1419 1402 τοῦ
1449 1347 1607 1406 Θεοῦ,
1629 1346 1698 1400 τὰ

1810 1349 2069 1419 sapientia
2110 1365 2141 1404 a
2172 1350 2304 1405 Deo.
2349 1350 2423 1404 lis
2457 1348 2624 1420 igitur
2665 1346 2759 1417 qui
2789 1351 2919 1400 sunt
2955 1343 3012 1397 iu
3048 1342 3186 1412 lege,
3220 1339 3388 1395 etiam

170 1442 336 1512 ἀμείνω
361 1442 448 1495 καὶ
483 1441 664 1495 λαλεῖν
693 1443 785 1494 καὶ
821 1443 1038 1512 φρονεῖν
1083 1438 1517 1512 πεπαιδεύμεθα.
1551 1440 1696 1492 Γνω-

1801 1438 2107 1509 prudentiae
2146 1439 2371 1495 nomine
2415 1439 2729 1511 superiores
2771 1436 2879 1508 95
2915 1449 3108 1490 sumus
3146 1451 3161 1486 :
3201 1439 3258 1487 et
3293 1431 3388 1501 qui

173 1532 347 1602 μοδοτεῖ
367 1533 474 1604 γὰρ
520 1531 708 1604 ’1οθὺρ,
751 1533 845 1585 καὶ
878 1530 1136 1585 ἐπακούει
1163 1529 1390 1599 Μωσῆς.
1424 1529 1524 1598 Εῐη
1552 1529 1608 1581 δὲ
1632 1528 1697 1580 ἂν

1810 1531 1939 1602 legis
2015 1531 2365 1587 sermonibus
2421 1530 2742 1592 imbuimur,
2800 1535 3155 1600 posteaquam
3207 1535 3390 1577 come-

169 1624 349 1688 είκότως
379 1624 673 1695 πρόσωπον
723 1623 822 1694 μὲν
845 1622 1033 1694 ὥσπερ
1062 1622 1170 1676 τῶν
1205 1621 1264 1686 ἐξ
1290 1619 1459 1675 ἐθνῶν
1507 1619 1697 1691 ’1οθὺρ,

169 1714 333 1786 Μωσῆς
354 1716 406 1769 δὲ
424 1716 536 1768 τῶν
563 1714 704 1769 κατὰ
730 1715 913 1786 νόμον.

1805 1619 1987 1675 dimus
2019 1636 2216 1691 panem
2263 1621 2318 1676 in
2348 1629 2645 1692 conspectu
2687 1621 2804 1684 Dei,
2845 1618 3074 1672 meliora
3110 1625 3226 1669 tum
3257 1625 3387 1667 sen-

1807 1713 1933 1776 tire,
1973 1721 2088 1768 tum
2127 1714 2276 1784 loqui
2317 1715 2630 1770 didicimus.
2680 1713 2777 1768 Est
2813 1712 2961 1766 enim
3017 1718 3210 1764 auctor
3258 1719 3389 1760 sen-

169 1808 315 1862 tentia:
348 1807 555 1872 lethro,
601 1807 810 1880 Moyses
885 1808 1248 1876 obtemperat.
1297 1805 1412 1862 Nec
1443 1817 1580 1860 vero
1629 1801 1866 1858 absurde
1899 1804 2092 1861 Jethro
2170 1806 2392 1876 quidem
2456 1805 2739 1878 gentilium
2775 1816 3064 1873 personam
3130 1797 3387 1861 sustinet,

167 1906 338 1976 Moyses
369 1911 551 1957 autem
590 1916 781 1955 eorum
817 1899 914 1970 qui"
951 1907 1078 1954 sunt
1115 1915 1182 1953 ex
1219 1897 1355 1969 lege.

221 2021 400 2076 UAAA.
441 2015 650 2087 Ὀρθῶς
682 2015 843 2086 ἔφης.

218 2111 358 2172 ΚΥΡ.
393 2106 665 2176 Οὑκοῦνή
697 2105 785 2159 διὰ
832 2104 1069 2176 Χριστοῦ
1117 2101 1418 2165 τελείωσις,
1467 2100 1560 2155 καὶ
1592 2099 1701 2154 τῶν

1735 2016 1778 2072 Β
1877 2005 2074 2060 PALL.
2114 2005 2284 2060 Recte
2316 2003 2415 2058 ais.

1871 2092 2029 2148 CYR.
2061 2092 2203 2160 Ergo
2236 2090 2326 2144 illa
2357 2106 2478 2160 qua:
2529 2105 2628 2160 per
2659 2088 2938 2144 Christum
2967 2087 3229 2142 tribuitur
3256 2102 3388 2156 pcr—

168 2205 258 2264 xat‘
299 2201 446 2254 αὑτὸν
492 2197 812 2270 μυστηρίων
841 2198 874 2268 ἠ
909 2197 1158 2267 δύναμις,
1201 2196 1295 2249 καὶ
1327 2195 1521 2263 σοφοὺς
1553 2194 1701 2264 ἡμᾶς

1810 2181 1986 2248 lectio,
2030 2192 2086 2238 et
2118 2183 2237 2252 ejus
2273 2189 2742 2235 sacramentorum
2776 2179 2974 2242 virtus,
3007 2188 3122 2233 tum
3166 2178 3388 2249 sapien-

168 2294 394 2356 ἀποτελεῖ,
429 2268 526 2343 καὶ
553 2268 784 2342 θανάτου
813 2287 1128 2357 κρείττονας
1160 2285 1389 2357 ὁρᾶσθαι
1424 2286 1586 2348 ποιεῖ,
1610 2282 1702 2339 τὸν

1810 2285 1886 2332 tes
1917 2291 2017 2330 nos
2048 2274 2233 2334 eﬂicit,
2267 2283 2382 2326 tum
2430 2287 2562 2326 vero
2606 2279 2784 2325 morte
2832 2269 3089 2323 fortiores
3127 2268 3388 2333 ostendit,

168 2383 499 2453 κεκρυμμένον
526 2399 588 2436 τε
619 2382 714 2435 καὶ
737 2380 922 2451 νοητὸν
959 2379 1208 2450 Ἀμαλὴκ
1230 2377 1699 2448 καταστρέφουσα,

167 2474 280 2534 τοῦτ’
304 2473 428 2536 ἔστι,
463 2472 564 2528 τὸν
593 2472 861 2526 Σατανᾶν.
905 2471 1016 2524 Καὶ
1042 2469 1221 2542 ὀρθῶς
1248 2486 1312 2539 γε
1340 2469 1460 2522 λίαν
1488 2470 1517 2522 ὁ
1552 2467 1703 2522 Ψάλ-

169 2565 250 2624 λων
271 2567 491 2632 ἔσασκεν
514 2581 528 2595 ο
576 2583 594 2615 ι
636 2564 759 2615 Ὀτι
789 2564 847 2615 tv
881 2560 957 2633 τῷ
985 2561 1104 2632 Θεῷ
1127 2563 1425 2634 ποιήσομεν
1453 2561 1702 2628 δύναμιν,

1801 2367 2077 2423 occultum
2115 2365 2268 2419 illum
2315 2379 2376 2417 ac
2425 2361 2764 2432 spiritualem
2815 2360 3055 2424 Amalec,
3109 2358 3387 2424 Satanam,

1805 2457 2047 2526 inquam,
2087 2467 2427 2524 expugnans.
2472 2450 2541 2504 Et
2587 2457 2736 2503 recte
2779 2447 3072 2502 admodum
3111 2444 3199 2499 ille
3237 2445 3391 2499 Psal-

1805 2555 1888 2601 tes
1916 2545 2133 2600 aiebat:
2170 2562 2188 2595 ι
2227 2541 2494 2609 Quoniam
2541 2539 2597 2592 in
2639 2538 2752 2592 Deo
2790 2536 3056 2590 faciemus
3098 2535 3389 2600 virtutem;

169 2656 242 2708 καὶ
260 2625 400 2718 alito;
424 2653 775 2728 ὲξουδενὼσει
801 2625 1417 2723 τοὺς-θλίϐονταςνήμας.
1457 2671 1476 2703 ι
1519 2625 1705 2722 Ἦμῶν

1810 2645 1862 2693 et
1902 2637 2017 2707 ipse
2067 2635 2134 2689 ad
2180 2633 2415 2688 nihilum
2467 2630 2704 2685 deducet
2754 2626 3083 2681 tribulantes
3132 2640 3232 2679 nos
3259 2625 3323 2678 ".
3364 2641 3385 2675 ι

166 2747 210 2800 δὲ
236 2746 290 2819 δὴ
311 2714 430 2818 περὶ
456 2714 572 2799 τῶν
595 2747 653 2800 tv
682 2747 863 2799 πίστει
891 2714 1411 2817 λελαμπρυσ-μένων,
1442 2714 1706 2812 ἀνεφῶνει

1810 2727 1883 2782 De
1921 2725 2082 2782 nobis
2121 2727 2274 2788 item,
2307 2723 2401 2793 qui
2449 2721 2575 2775 fidei
2620 2717 2910 2790 splendore
2957 2732 3148 2771 sumus
3189 2714 3390 2779 ornati,

167 2837 298 2891 πάλιν
324 2839 393 2901 ὡς
423 2839 568 2909 πρὸς
593 2835 756 2897 αὐτόν
774 2854 788 2868 ·
819 2857 837 2888 ι
866 2823 988 2890 ’ὅτι
1014 2837 1274 2908 καύχημα
1302 2835 1400 2906 τῆς
1427 2835 1707 2904 δυνάμεως

1807 2817 2023 2873 dicebat
2053 2817 2120 2870 ad
2163 2816 2336 2870 Deum
2382 2828 2517 2868 voce
2555 2826 2820 2866 conversa
2860 2829 2874 2864 ε
2913 2829 2930 2859 ‹
2966 2808 3234 2875 Quoniam
3273 2805 3393 2876 glo-

167 2927 314 2981 αὑτῶν
347 2895 407 2982 oi:
451 2895 524 2990 ἐι.
546 2895 657 2980 -καὶ
692 2928 748 2980 tv
798 2923 874 3000 τῷ
915 2895 1154 2995 ὀνόματί
1169 2895 1260 2977 σου
1289 2895 1706 2992 ἀγαλλιάσονται

1810 2910 1890 2964 ria
1914 2907 2135 2964 virtutis
2163 2920 2354 2960 eorum
2389 2913 2449 2958 tu
2478 2918 2558 2968 es,
2585 2910 2642 2958 et
2676 2902 2733 2956 in
2764 2900 3005 2974 nomine.
3023 2906 3118 2952 tuo
3149 2895 3393 2961 exsulta-

168 3016 270 3088 ὃλην
299 3018 391 3089 τὴν
427 3017 674 3089 ἡμέραν.
705 3035 723 3068 ι
765 3013 1111 3087 Καυχώμεθα
1142 3012 1252 3084 γὰρ
1277 3013 1334 3065 tv
1361 3010 1581 3083 Χριστῷ
1604 3029 1708 3064 σωο

1807 3004 1948 3060 bunt
1987 3010 2099 3057 tota
2146 3000 2235 3056 die
2270 3000 2336 3053 ".
2376 3018 2394 3050 ι
2452 2996 2803 3052 Exsultamus
2843 2994 2990 3048 enim
3044 2991 3100 3046 in
3148 2988 3391 3053 Christo,

167 3081 367 3178 ζόμενοι,
516 3081 686 3160 αὐτὸν
711 3081 926 3176 ἔχοντες
952 3081 1115 3163 δ’πλον
1147 3081 1426 3166 εὐδοκίας,
1447 3081 1590 3154 κατὰ
1612 3100 1709 3163 τὰς

1810 3111 1932 3152 cum
1985 3093 2282 3156 salvamur,
2327 3097 2384 3145 et
2429 3089 2609 3159 ipsum
2655 3087 2953 3147 habemus,
3002 3091 3064 3137 ut
3112 3089 3198 3137 est
3248 3081 3394 3152 apud

168 3200 371 3270 Γῳφάς.
394 3199 606 3254 Τούτου
635 3199 691 3252 δὲ
715 3194 781 3251 αὖ
809 3197 978 3260 τύπος
1009 3198 1140 3266 ἡμῖν
1170 3193 1262 3248 xa‘t
1283 3192 1443 3248 είκὼν
1474 3193 1710 3263 ἐναργὴς

1810 3185 2121 3255 Scripturas
2162 3200 2175 3236 :
2215 3202 2232 3232 ι
2273 3182 2502 3237 Scotum
2543 3177 2702 3232 bonae
2737 3175 3040 3231 voluntatis
3065 3175 3129 3226 ".
3169 3192 3186 3224 ι
3225 3171 3398 3243 Cujus

167 3267 219 3342 ἄν
244 3267 432 3358 γένοιτο
467 3290 660 3352 πάλιν,
686 3289 746 3342 τὸ
780 3290 838 3341 tv
867 3287 946 3358 τῷ
993 3286 1135 3345 τέλει
1176 3285 1275 3358 τῆς
1304 3283 1561 3354 δευτέρας
1602 3283 1709 3335 τῶν

1810 3279 1891 3333 rei
1926 3275 2086 3330 nobis
2133 3274 2305 3344 figura
2355 3287 2476 3328 esse
2529 3285 2721 3325 rursus
2771 3274 2971 3338 potest,
3008 3276 3172 3336 atque
3218 3267 3396 3336 imago

167 3346 422 3437 Βασιλειῶν
443 3346 860 3456 γεγραμμένον·
888 3346 998 3454 ἕξει
1019 3381 1073 3433 δὲ
1099 3346 1270 3440 οὔτῶς
1291 3392 1305 3407 ο
1337 3397 1355 3428 ι
1383 3346 1493 3428 Kal
1507 3373 1708 3443 ἀνέστη

1810 3366 2132 3439 perspicua,
2181 3363 2328 3434 quod
2386 3363 2442 3416 in
2499 3369 2746 3416 extremo
2799 3358 3030 3414 secundi
3080 3359 3397 3428 Regnorum

165 3474 298 3527 Δαὸὶδ
331 3450 492 3546 πρωῒ,
528 3450 813 3540 Statio-{0;
839 3450 1045 3541 Κυρίου
1073 3467 1290 3538 ἐγένετο
1319 3464 1456 3535 πρὸς
1483 3461 1590 3516 Γὰδ
1617 3461 1710 3516 τὸν

1810 3457 1937 3516 libri
1965 3456 2228 3526 scriptum
2262 3464 2364 3520 est;
2395 3469 2459 3509 ea
2483 3453 2652 3508 verba
2689 3452 2771 3506 sic
2815 3450 3022 3506 habent
3055 3468 3068 3505 :
3114 3470 3132 3501 ι
3169 3450 3236 3505 Et
3268 3465 3397 3504 sur-

165 3537 412 3636 προφήτην
459 3566 563 3619 τὸν
604 3537 818 3638 ὁρῶντα
852 3537 988 3633 apo;
1030 3558 1226 3620 Δαϐὶδ.
1261 3557 1470 3627 λέγων·
1501 3551 1711 3624 Πορεύέ

1810 3548 1950 3603 rexit
1987 3546 2158 3602 David
2202 3561 2381 3608 mane,
2417 3553 2473 3597 et
2516 3558 2698 3599 sermo
2735 3541 2954 3596 Domini
2997 3540 3176 3596 factus
3206 3548 3290 3595 est
3329 3537 3399 3594 ad

166 3631 271 3728 es;
302 3631 387 3710 ᾆιαι
430 3631 674 3726 λάλησον
705 3654 839 3729 πρὸς
887 3631 1069 3714 Δασιδ,
1111 3650 1320 3718 λέγων’
1380 3645 1521 3702 Τάδε
1563 3643 1711 3711 λέγει

1810 3636 1922 3696 Gad
1965 3638 2309 3710 prophetam,
2343 3635 2619 3690 videntem
2657 3633 2850 3698 David,
2880 3631 3111 3688 dicens:
3144 3632 3269 3686 Haec
3307 3631 3398 3686 di--

165 3723 334 3822 Κύριος
352 3769 366 3783 ·
395 3752 544 3822 Τρία
569 3723 683 3818 ἐγὼ
707 3723 818 3820 ἐρῶ
842 3746 932 3801 ἐπὶ
966 3745 1046 3806 σὲ.
1080 3741 1292 3806 ἕκλεξαι
1317 3737 1528 3810 σεαυτῷ
1562 3736 1621 3791 tv
1653 3733 1711 3801 ἐξ

1810 3731 1887 3788 cit
1931 3731 2214 3797 Dominus,
2268 3729 2397 3785 Tria
2448 3745 2549 3800 ego
2595 3727 2771 3782 dicam
2823 3732 3015 3780 contra
3072 3733 3144 3788 te,
3189 3723 3396 3790 David;

169 3844 336 3910 αὐτῶν,
363 3847 453 3898 καὶ
480 3842 701 3911 ποιήσω
734 3855 836 3898 σοι.
865 3835 975 3896 Καὶ
1002 3834 1219 3904 είσῆλθε
1240 3831 1347 3885 Γὰδ
1369 3829 1504 3901 πρὸς
1531 3826 1711 3892 Δαόὶδ,

168 3937 241 3988 καὶ
256 3936 569 4006 ἀπήγγειλε,
607 3933 704 3986 καὶ
730 3927 885 3983 εἶπεν
912 3928 1081 3998 αὐτῷ·
1107 3923 1367 3988 ’Ἐκλεξαι
1395 3918 1604 3991 σεαυτῷ
1620 3933 1716 3988 γε-

168 4025 359 4096 νέσθαι,
387 4028 420 4099 ἢ
459 4027 595 4098 ἔλθῃ
649 4042 732 4077 σοι
763 4022 889 4093 τρία
922 4021 1016 4092 έτη
1049 4017 1206 4089 λιμὸς
1250 4018 1308 4068 tv
1340 4017 1406 4086 τῇ
1437 4015 1508 4085 γῆ
1539 4008 1712 4087 σου,ἢ

165 4122 288 4187 τρεῖς
313 4120 485 4190 μῆνας
530 4117 760 4188 φεύγειν
794 4132 853 4168 σε
883 4109 1192 4185 ἔμπροσθεν
1215 4109 1326 4162 τῶν
1358 4105 1567 4178 ἐχθρῶν
1596 4121 1712 4167 σου,

167 4212 244 4263 καὶ
259 4212 460 4266 ἔσονται
481 4208 850 4267 καταδιώκειν
875 4225 934 4260 σε
955 4224 969 4238 ’
1006 4206 1040 4278 ἢ
1062 4206 1210 4277 τρεῖς
1231 4201 1442 4274 ἡμέρας
1463 4195 1714 4270 γενέσθαι

165 4301 361 4357 θάνατον
395 4307 452 4358 ὲν
482 4307 553 4374 τῇ
609 4303 682 4373 γῇ
723 4318 839 4354 σου.
890 4298 1005 4352 Νῦν
1053 4292 1147 4350 οὖν
1189 4293 1357 4366 γνῶθι
1392 4290 1487 4346 καὶ
1534 4288 1612 4342 ῐδε
1663 4285 1715 4340 τί

165 4393 415 4464 ἀποκριθῶ
444 4394 522 4464 τῷ
545 4389 936 4446 ἀποστείλαντί
966 4406 1032 4459 με
1063 4387 1234 4459 ρἦα.
1272 4383 1382 4438 Καὶ
1410 4377 1531 4436 εἷπε
1555 4377 1717 4434 Δαὸὶδ

164 4485 277 4552 πρὸς
303 4487 406 4541 Γὰδ
430 4504 444 4516 ο
483 4483 663 4538 Στενὰ
703 4499 793 4552 μοι
831 4478 1094 4534 πάντοθεν
1142 4476 1344 4546 σφόδρα
1375 4472 1490 4526 ἐστὶ
1523 4469 1615 4525 καὶ⁸
1646 4467 1715 4523 τὰ

163 4575 285 4644 τρία·
323 4577 680 4649 ἐμπεσοῦμαι
710 4574 776 4645 δὴ
807 4575 886 4637 είς
930 4573 1118 4642 χεῖρας
1148 4567 1379 4638 Κυρίου,
1419 4565 1500 4617 ὅτι
1531 4560 1715 4616 πολλοὶ

1809 3822 1948 3896 elige
1978 3839 2148 3878 unum
2189 3837 2258 3877 ex
2290 3820 2444 3892 ipsis,
2479 3828 2537 3876 et
2570 3819 2765 3874 faciam
2810 3817 2931 3873 tibi.
2973 3816 3041 3872 Et
3085 3815 3240 3870 venit
3284 3813 3401 3869 Gad

1811 3916 1880 3972 ad
1929 3915 2120 3979 David,
2161 3921 2217 3970 et
2258 3913 2533 3969 nuntiavit
2571 3919 2626 3967 et
2674 3910 2812 3966 dixit
2856 3909 2929 3973 ei,
2971 3907 3161 3963 dicens
3196 3925 3208 3959 :
3250 3906 3400 3975 Elige

1811 4007 1915 4065 tibi
1961 4016 2022 4062 ut
2069 4005 2220 4071 ﬂant,
2255 4005 2340 4060 vel
2384 4015 2448 4060 ut
2495 4002 2721 4058 veniant
2768 4002 2868 4056 tibi
2911 4009 3026 4055 tres
3066 3999 3195 4054 anni
3240 3997 3404 4054 famis

1813 4111 1979 4166 super
2014 4102 2216 4149 terram
2267 4102 2454 4158 tuam;
2498 4091 2584 4145 vel
2627 4099 2740 4145 tres
2777 4104 2993 4145 menses
3031 4087 3206 4160 fugias
3242 4096 3300 4142 tu
3333 4086 3404 4142 de

1812 4187 1950 4243 facie
1985 4187 2334 4242 inimicorum
2372 4194 2614 4249 tuorum,
2641 4193 2699 4238 et
2736 4181 2840 4253 ipsi
2873 4189 3274 4254 persequantur
3303 4188 3356 4234 te
3384 4197 3401 4234 :

1812 4283 1898 4338 vel
1929 4289 1990 4336 ut
2023 4281 2117 4336 ﬁat
2147 4280 2326 4336 tribus
2361 4278 2558 4334 diebus
2599 4292 2750 4331 mors
2793 4275 2851 4329 in
2900 4283 3046 4329 terra
3090 4283 3204 4328 tua.
3247 4273 3406 4328 Nunc

1813 4372 1978 4444 igitur
2016 4369 2280 4436 delibera,
2322 4377 2378 4425 et
2423 4367 2548 4422 vide
2585 4364 2731 4437 quod
2769 4364 3001 4419 verbum
3045 4361 3404 4433 respondeam

1813 4465 1865 4520 ei
1921 4464 2016 4534 qui
2059 4462 2209 4517 mislt
2250 4476 2358 4515 me.
2402 4460 2471 4514 Et
2510 4458 2650 4512 dixit
2691 4456 2864 4511 David
2917 4455 2984 4509 ad
3037 4453 3152 4509 Gad
3190 4470 3203 4506 :
3238 4454 3403 4508 Arcta

1814 4569 1944 4612 sunt
1978 4555 2112 4610 mihi
2159 4553 2402 4622 undique
2441 4551 2597 4606 valde
2635 4551 2749 4605 hac
2782 4550 2884 4604 tria
2918 4567 2930 4602 :
2965 4547 3199 4602 incidam
3240 4546 3407 4618 igitur

229 4638 494 4740 οἰκτιρμοὶ
527 4638 701 4724 αύτοῦ
737 4638 971 4736 σφόδρῶ
1012 4638 1094 4726 εἰς
1117 4661 1173 4714 δὲ
1202 4661 1387 4732 χεῖρας
1410 4655 1711 4727 ἀνθρώπων

1815 4646 1870 4702 in
1925 4659 2119 4699 manus
2165 4642 2402 4705 Domini,
2439 4642 2568 4712 quia
2615 4640 2802 4698 multa:
2854 4638 3238 4694 miserationes
3284 4638 3405 4708 ejus

1856 4737 1966 4755 -,,9,
2042 4738 2087 4755 5-,
2137 4751 2328 4755 __--____
2367 4743 2544 4755 ---ΑΔ-Α
2578 4733 2860 4755 1.-..-2..--...
2903 4748 3012 4755 -Α-
3050 4730 3283 4755 ε-Αὲιιιι...
3338 4729 3402 4755 ει.

162 4752 211 4805 ῡῦ
241 4755 307 4827 μὴ
326 4759 575 4828 ἐμπέσω.
607 4757 719 4810 Ka‘t
743 4753 1024 4820 ἐξελέξατο
1047 4747 1225 4819 ἑαυτῷ
1253 4745 1416 4800 Δαὸὶδ
1437 4745 1528 4799 τὸν
1556 4744 1713 4799 θάνα-

161 4861 264 4898 τον’
295 4844 430 4920 ἦσαν
455 4849 515 4902 δὲ
554 4849 614 4901 αἱ
645 4847 848 4918 ἡμέραι
877 4839 1138 4915 θερισμοῦ
1176 4838 1388 4911 πυρῶν,
1412 4835 1509 4890 καὶ
1549 4834 1715 4889 ἔδωκε

161 4936 339 5005 Κύριος
371 4942 609 4994 θάνατον
653 4941 712 4993 tv
753 4936 973 5008 Ἰσραὴλ
1001 4933 1109 4988 ἀπὸ
1147 4929 1387 5004 πρωτθεν
1435 4929 1541 4992 ἕως
1567 4925 1716 4999 ὥρας

160 5025 358 5098 ἀρίστου
376 5048 391 5062 ·
428 5033 525 5086 καὶ
550 5030 758 5103 ἧρξατο
795 5030 828 5099 ὴ
854 5026 1082 5100 θραῦσις
1118 5025 1176 5077 tv
1209 5022 1288 5094 τῷ
1307 5019 1422 5092 λαῷ
1441 5059 1457 5084 ,
1487 5019 1582 5074 καὶ
1606 5020 1717 5072 ἀπ-

161 5117 325 5173 έθανεν
349 5123 413 5175 ὲκ
440 5122 538 5176 τοῦ
555 5121 686 5176 λαοῦ
704 5119 912 5192 Κυρίου
934 5117 1043 5172 ἀπὸ
1065 5115 1172 5169 Δὰν
1193 5115 1286 5168 καὶ
1297 5113 1402 5178 ἕως
1419 5108 1713 5184 Βερσαδεὲ,

159 5207 508 5282 ἑῦἂυμήκοντα
538 5212 778 5284 χιλιάδες
812 5209 1045 5282 ἀνδρῶν·
1075 5209 1172 5262 καὶ
1200 5205 1463 5273 ἐξέτεινεν
1485 5205 1515 5260 ὁ
1550 5203 1715 5274 ἄγγε-

157 5295 233 5361 λος
258 5302 346 5354 τοῦ
391 5303 530 5358 Θεοῦ
565 5303 664 5375 τὴν
692 5305 849 5374 χεῖρα
897 5299 1064 5356 αὐτοῦ
1111 5302 1189 5364 είς
1233 5295 1590 5370 Ἰερουσαλὴμ
1617 5293 1711 5350 τοῦ

155 5383 440 5462 διαφθεῖραι
492 5394 695 5465 αὑτήν·
728 5393 823 5447 καὶ
871 5389 1189 5464 παρεκλήθη
1241 5386 1444 5458 Κύριος
1495 5386 1586 5440 ἐπὶ
1643 5387 1708 5456 τῇ

157 5481 324 5549 κακίᾳ,
353 5483 452 5535 καὶ
498 5479 624 5536 εἷπε
656 5482 734 5554 τῷ
776 5481 993 5554 ἀγγέλῳ
1028 5480 1107 5552 τῷ
1142 5477 1508 5548 διαφθείροντι
1540 5476 1598 5529 tv
1635 5473 1714 5545 τῷ

155 5563 288 5637 λαίῖν
327 5569 564 5639 Ἱκανὸν,
601 5574 724 5638 ἄνες
763 5573 863 5645 τὴν
896 5572 1056 5644 χεῖρά
1096 5587 1212 5624 σου.
1270 5568 1380 5623 Καὶ
1410 5569 1440 5621 ὁ
1487 5564 1716 5634 ἄγγελος

155 5659 234 5716 W3.
265 5662 397 5716 Θεοῦ
433 5659 506 5736 ἦν
551 5665 721 5730 ἑστὼς
751 5665 881 5738 περὶ
926 5666 993 5736 τῇ
1020 5664 1134 5734 ἅλῳ
1171 5663 1333 5732 Ὀρνᾶ
1367 5659 1461 5714 τοῦ
1519 5658 1717 5712 Ἰεὸου-

219 5795 236 5824 ’
266 5794 368 5856 δεῖ.
407 5815 522 5862 vm,
575 5798 628 5866 8,
653 5800 704 5854 9.

823 5802 864 5833 "
919 5803 1057 5866 Psal.
1116 5819 1220 5867 ωτι,
1255 5800 1339 5867 Ητ
1409 5801 1445 5832 ¹¹
1490 5799 1900 5858 Psaltxxxvm,
1958 5794 2036 5857 l7,
2093 5793 2169 5845 l8.

1813 4737 2006 4802 nimis;
2040 4738 2095 4790 in
2136 4751 2332 4790 manus
2365 4743 2548 4789 autem
2578 4733 2864 4788 hominum
2903 4748 3016 4787 non
3050 4730 3306 4784 incidam.
3336 4729 3405 4786 Et

1813 4829 1979 4901 elegit
2017 4827 2120 4882 sibi
2160 4825 2329 4881 David
2372 4835 2606 4881 mortem
2641 4844 2654 4879 :
2687 4832 2844 4880 erant
2883 4833 3067 4878 autem
3101 4823 3220 4877 dies
3258 4837 3405 4877 mes-

1813 4921 1890 4980 sis
1937 4919 2128 4984 tritici,
2168 4925 2225 4973 et
2264 4917 2421 4974 dedit
2472 4917 2738 4972 Dominus
2785 4925 3017 4970 mortem
3069 4914 3123 4968 in
3168 4911 3331 4968 Israel
3373 4928 3405 4968 a

1813 5027 1976 5068 mane
2012 5025 2187 5080 usque
2221 5007 2289 5063 ad
2319 5008 2513 5062 horam
2553 5005 2769 5078 prandii
2804 5023 2817 5058 :
2851 5013 2907 5059 et
2944 5002 3111 5072 coepit
3146 5001 3305 5054 ruina
3349 4999 3405 5055 in

1821 5103 2044 5176 p0pnlo,
2068 5112 2124 5156 et
2152 5099 2356 5155 mortui
2387 5107 2516 5154 sunt
2541 5098 2610 5153 de
2633 5096 2837 5168 populo
2864 5111 2894 5149 a
2922 5095 3036 5148 Dan
3070 5106 3242 5162 usque
3271 5091 3404 5147 Ber-

1819 5195 1980 5250 sabee
2016 5192 2357 5264 septuaginta
2388 5190 2560 5244 millia
2597 5190 2840 5243 virorum
2871 5203 2884 5239 :
2916 5192 2973 5240 et
3012 5183 3259 5239 extendit
3302 5199 3404 5237 an-

1818 5287 1971 5359 gelus
2005 5287 2099 5340 Dei
2138 5299 2358 5340 manum
2397 5299 2550 5337 suam
2583 5282 2638 5336 in
2675 5279 2999 5343 Jerusalem,
3028 5284 3090 5332 ut
3117 5275 3403 5346 disperde-

1818 5384 1901 5433 ret
1930 5392 2050 5432 eam
2085 5393 2096 5428 :
2129 5384 2186 5431 et
2216 5375 2474 5428 misertus
2503 5379 2588 5426 est
2617 5369 2882 5425 Dominus
2912 5383 3079 5438 super
3109 5366 3401 5438 96malo,

1817 5479 1876 5525 et
1925 5469 2063 5524 dixit
2118 5466 2311 5538 angelo
2363 5461 2738 5532 corrumpenti
2796 5461 2848 5515 in
2898 5460 3100 5531 popqu
3142 5478 3154 5513 :
3193 5457 3405 5513 SulIieit

1819 5579 1998 5629 nunc;
2056 5561 2273 5616 remitte
2329 5572 2548 5612 manum
2595 5564 2762 5609 tuam.
2806 5553 2876 5609 Et
2913 5553 3140 5624 angelus
3186 5550 3402 5605 Domini

1823 5663 1941 5711 erat
1969 5664 2116 5709 stans
2141 5653 2292 5723 juxta
2335 5664 2517 5704 aream
2551 5646 2696 5702 Orna
2732 5645 2986 5703 Jebuszei.
3014 5646 3083 5702 Et
3122 5642 3260 5700 dixit
3295 5642 3400 5696 Da-

2251 5792 2289 5820 ”
2331 5789 2471 5846 Psal.
2500 5806 2552 5854 v,
2583 5787 2661 5842 12.

3269 5909 3322 5926 ‘IL.
