4046 6514
635 395 741 452 937

1644 396 1699 449 S.
1735 395 2007 450 CYllILLl
2048 395 2515 452 ALEXANDRINI
2546 397 2866 453 ARCHIEP.

3785 394 3883 450 288

636 512 727 566 vid
770 510 850 581 ad,
878 511 1188 575 Dominum,
1219 526 1342 564 cum
1385 509 1611 564 vidisset
1642 510 1756 579 ipse
1807 510 2056 580 angelum
2106 526 2207 564 cae-

2320 510 2492 563 σαίου.
2527 509 2638 562 Kal
2670 505 2791 562 εἷπε
2821 508 2985 562 Δαϐὶδ
3020 509 3153 579 πρὸς
3186 508 3408 581 Κύριον,
3443 508 3501 561 ὲν
3528 508 3607 580 τῷ
3640 508 3769 561 ίδείν
3792 510 3882 560 a5-

636 604 856 658 dentem
897 603 951 656 in
982 602 1204 672 populo,
1236 609 1291 657 et
1329 601 1465 655 dixit
1496 619 1508 654 :
1542 602 1683 656 Ecce
1718 617 1820 672 ego
1851 616 1970 656 sum
2007 610 2211 671 pastor;

635 708 736 765 ego
776 693 995 763 peccavi
1033 712 1044 745 :
1074 701 1130 747 et
1161 708 1260 763 ego
1297 700 1484 761 pastor
1524 692 1664 747 male
1701 691 1832 757 feci;
1865 702 1920 747 et
1957 692 2047 747 isti
2086 708 2216 747 oves

635 784 768 853 quid
796 784 1087 839 fecerunt?
1110 784 1229 838 Fiat
1258 800 1453 839 manus
1478 794 1566 839 tua
1599 792 1787 838 contra
1816 799 1901 838 me
1946 793 2002 838 et
2026 792 2216 838 contra

635 876 857 931 domum
896 877 1066 945 patris
1110 877 1238 931 mei.
1282 878 1353 932 Et
1378 878 1531 933 venit
1567 876 1680 932 Gad
1723 876 1790 931 ad
1825 876 1991 930 David
2030 876 2087 929 in
2125 875 2214 930 die

634 964 746 1029 illa,
779 974 834 1020 et
864 965 1001 1020 dixit
1046 966 1123 1020 illi
1171 985 1184 1020 :
1222 967 1487 1031 Ascende,
1531 976 1586 1022 et
1630 967 1901 1022 constitue
1947 967 2115 1021 altare
2157 966 2214 1020 in

633 1071 758 1110 area
784 1054 928 1111 Orna
956 1057 1213 1112 Jebusaei.
1246 1058 1314 1112 Et
1336 1058 1585 1113 ascendit
1612 1058 1779 1112 David
1806 1058 1957 1128 juxta
1984 1058 2213 1113 verbum

632 1146 748 1201 Gad
793 1150 1094 1218 prephetae,
1138 1151 1596 1219 quemadmodum
1646 1159 1981 1220 praeceperat
2016 1149 2067 1203 ei
2104 1150 2213 1203 Do-

632 1238 859 1293 minus:
894 1224 956 1294 οἶ
1002 1240 1288 1296 inclinavit
1339 1258 1396 1296 se
1444 1241 1609 1307 Orna,
1652 1250 1707 1297 et
1752 1241 1892 1296 vidit
1933 1257 2112 1312 regem
2158 1250 2215 1296 et

632 1340 822 1381 servos
852 1330 972 1398 ejus
1004 1338 1448 1398 pertranseuntes
1485 1347 1648 1402 supra
1682 1332 1860 1401 ipsum
1891 1349 1903 1384 :
1935 1339 1991 1385 et
2026 1346 2211 1401 egres-

633 1433 730 1473 sus
762 1428 844 1474 est
868 1419 1035 1484 Orna,
1066 1430 1122 1476 et
1150 1422 1396 1477 adoravit
1421 1439 1603 1494 regem
1633 1422 1687 1476 in
1716 1421 1907 1477 faciem
1935 1436 2089 1476 suam
2117 1436 2211 1475 su-

634 1524 735 1578 per
764 1519 983 1565 terram.
1014 1512 1082 1566 Et
1110 1512 1249 1568 dixit
1276 1512 1454 1568 Orna:
1480 1513 1594 1569 Cur
1610 1514 1760 1569 venit
1780 1513 2035 1568 dominus
2057 1527 2213 1567 meus

635 1615 731 1654 rex
773 1600 838 1655 ad
881 1617 1098 1656 servum
1132 1604 1328 1658 suum?
1365 1604 1433 1658 Et
1466 1604 1603 1658 dixit
1632 1603 1799 1658 David
1828 1622 1841 1657 :
1875 1604 1946 1660 Ut
1976 1618 2153 1658 emam
2180 1618 2212 1657 a

636 1700 689 1745 te
737 1707 939 1757 aream,
980 1703 1039 1748 ut
1074 1694 1338 1749 aediﬁcem
1393 1696 1562 1749 altare
1612 1695 1876 1760 Domino,
1932 1702 1988 1751 et
2036 1704 2212 1751 cesset

636 1783 795 1837 ruina
823 1801 853 1837 a
882 1787 1101 1855 populo.
1148 1787 1215 1841 Et
1244 1787 1381 1842 dixit
1421 1786 1566 1842 Orna
1615 1786 1681 1841 ad
1720 1787 1887 1841 David
1921 1806 1932 1839 :
1964 1786 2211 1857 Accipiat

2315 601 2406 654 τὸν
2444 601 2534 655 τὸν
2566 601 2793 670 ἄγγελον
2817 602 2907 653 τὸν
2938 601 3208 655 τύπτοντα
3234 602 3291 653 ἐν
3313 600 3392 670 τῷ
3422 600 3558 671 λαῷ,
3584 600 3681 653 καὶ
3699 596 3847 652 εἶπεν
3864 615 3879 630 ⁸

2327 692 2457 747 Ἰδοὺ
2484 692 2596 762 ἐγώ
2636 695 2750 763 εἰμι
2780 695 2809 746 6
2838 692 3061 763 ποιμὴν,
3096 691 3209 759 ἐγὼ
3240 693 3560 765 ἡμάρτηκα,
3598 690 3696 744 καὶ
3724 688 3834 759 ἐγὼ
3856 690 3885 742 6

2318 785 2522 854 ποιμὴν
2543 784 2919 854 ἐκακοποίησα
2935 800 2949 812 ·
2976 784 3071 837 καὶ
3095 777 3242 836 οὗτοι
3259 783 3327 836 τὰ
3354 782 3602 854 πρόϐατα
3620 781 3675 834 τί
3701 780 3885 849 ἐποίη-

2316 893 2447 942 σαν;
2476 876 2720 930 Γενέσθω
2748 876 2810 947 δὴ
2841 879 2875 947 ἡ
2898 876 3019 947 χείρ
3045 894 3139 929 σου
3168 877 3227 931 ἐν
3254 878 3397 947 ἐμοὶ,
3429 876 3524 929 καὶ
3554 877 3613 927 ἐν
3644 873 3724 944 τῷ
3754 874 3888 942 οίκῳ

2313 967 2407 1021 τοῦ
2441 968 2645 1039 πατρός
2691 986 2812 1039 μου.
2849 970 2959 1021 Καὶ
2994 965 3124 1039 ἦλθε
3177 968 3284 1021 Γὰδ
3326 968 3463 1038 πρὸς
3507 967 3670 1020 Δαόὶδ
3716 966 3774 1017 ἐν
3818 966 3884 1034 τῇ

2314 1054 2497 1126 ἡμέρᾳ
2521 1054 2723 1126 ἐκείνῃ,
2756 1056 2849 1109 καὶ
2873 1051 3025 1108 εἶπεν
3049 1055 3196 1125 αὐτῷ
3218 1073 3234 1089 ·
3270 1054 3548 1126 ’Δνάὸηθι.
3571 1056 3666 1109 καὶ
3689 1056 3887 1125 στῆσον

2314 1143 2389 1212 τῷ
2420 1143 2609 1214 Κυρίῳ
2634 1144 3016 1215 θυσιαστήριον
3039 1147 3096 1198 ἐν
3123 1148 3188 1216 τῇ
3220 1144 3331 1215 ἅλῳ
3367 1146 3530 1215 Ὀρνᾶ
3548 1144 3644 1197 τοῦ
3687 1144 3885 1198 Ίεὸουο

2316 1235 2487 1288 σαίου.
2526 1236 2636 1289 Kal
2671 1235 2839 1307 ἀνέϐη
2873 1236 3037 1290 Δαϐὶδ
3062 1235 3202 1291 κατὰ
3230 1237 3292 1289 τὸ
3322 1237 3472 1306 ῥῆμα
3501 1236 3609 1289 Γὰδ
3631 1235 3725 1289 τοῦ
3751 1252 3885 1307 προ-

2314 1327 2506 1398 φήτου,
2536 1327 2595 1379 ὃν
2616 1327 2814 1398 τρόπον
2836 1327 3137 1382 ἐνετείλατο
3165 1327 3312 1398 αύτῷ
3337 1328 3561 1398 Κύριος·
3588 1326 3681 1380 καὶ
3706 1326 3883 1379 διέκυ-

2310 1417 2410 1488 ψεν
2444 1419 2627 1489 Ὀρνᾶ,
2676 1419 2771 1473 καὶ
2821 1414 2931 1472 εἶδε
2965 1418 3057 1471 τὸν
3098 1418 3326 1489 βασιλέα
3372 1417 3468 1471 καὶ
3516 1417 3643 1479 τοὺς
3687 1415 3881 1477 παῖδας

2312 1508 2496 1573 αὐτοῦ,
2530 1510 3079 1581 παραπορευομένους
3095 1511 3282 1564 ἐπάνω
3302 1508 3466 1563 αὐτοῦ
3493 1524 3508 1539 ⁸
3544 1508 3637 1562 καὶ
3659 1506 3882 1575 ἐξῆλθεν

2324 1601 2504 1671 ὐρνᾶ,
2546 1602 2642 1654 καὶ
2683 1601 3059 1673 προσεκύνησε
3098 1601 3175 1672 τῷ
3224 1600 3430 1671 βασιλεί
3469 1599 3560 1651 ἐπὶ
3594 1597 3882 1669 πρόσωπον

2311 1694 2474 1747 αὑτοῦ
2517 1695 2609 1747 ἐπὶ
2640 1694 2736 1764 τὴν
2775 1696 2899 1764 γῆν.
2933 1696 3041 1747 Kal
3071 1690 3223 1748 εἶπεν
3258 1694 3441 1763 Ὀρνᾷσ
3469 1692 3534 1744 Τί
3559 1692 3641 1744 ὅτι
3667 1686 3833 1761 ἦλθεν
3854 1690 3883 1741 ό

2312 1784 2499 1856 κύριός
2528 1802 2627 1856 μου
2657 1786 2685 1838 6
2728 1784 2980 1855 βασιλεὺς
3010 1785 3147 1856 πρὸς
3191 1784 3282 1837 τὸν
3330 1783 3516 1837 δοῦλον
3558 1781 3747 1846 αὐτοῦς
3774 1782 3883 1833 Καὶ

632 1882 689 1927 et
722 1874 915 1929 oﬂ‘erat
954 1876 1208 1931 dominus
1252 1893 1407 1931 meus
1434 1894 1529 1931 rex
1553 1877 1785 1932 Domino
1828 1879 1974 1947 quod
1997 1878 2200 1932 bonum

2310 1870 2431 1929 εἷπε
2466 1876 2630 1928 Δαϐίδ
2654 1893 2667 1907 ο
2699 1875 3023 1945 Κτήσασθαι
3052 1873 3205 1947 παρὰ
3240 1873 3334 1927 σοῦ
3358 1874 3455 1945 τὴν
3482 1872 3596 1927 ἆλω
3620 1870 3714 1924 τοῦ
3740 1872 3883 1923 olxo-

632 1977 715 2020 est
762 1967 817 2021 in
855 1968 1030 2023 oculis
1072 1970 1186 2025 suis
1217 1989 1228 2023 ε
1260 1986 1386 2026 ecce
1425 1971 1578 2025 vituli
1627 1972 1682 2027 in
1721 1973 2122 2038 holocaustum,
2158 1981 2215 2027 et

631 2068 765 2115 rota:
804 2071 860 2115 ct
910 2061 1273 2118 instrumenta
1312 2064 1479 2119 boum
1524 2065 1577 2118 in
1624 2066 1788 2135 ligna.
1831 2064 2024 2120 Omnia
2062 2065 2216 2121 dedit

630 2150 774 2206 Orna
804 2154 935 2223 regi.
972 2155 1039 2207 Et
1066 2154 1205 2209 dixit
1235 2154 1379 2210 Orna
1413 2156 1479 2209 ad
1521 2171 1700 2226 regem
1733 2175 1744 2209 :
1776 2157 2040 2212 Dominus
2069 2158 2215 2212 Deus

633 2249 760 2297 tuus
787 2242 1075 2299 benedicat
1096 2246 1215 2299 tibi.
1258 2246 1326 2301 Et
1356 2247 1488 2301 dixit
1515 2263 1608 2301 rex
1632 2247 1699 2301 ad
1729 2245 1927 2302 Ornam
1957 2265 1969 2301 :
1998 2248 2213 2318 Nequa-

629 2350 826 2403 quam;
854 2336 949 2390 sed
976 2353 1166 2393 emens
1184 2353 1363 2392 emam
1392 2354 1422 2392 a
1453 2346 1502 2393 te
1527 2340 1723 2409 pretio,
1754 2349 1809 2394 et
1842 2356 1951 2394 non
1982 2340 2206 2396 offeram

630 2426 861 2480 Domino
906 2428 1016 2483 Deo
1084 2444 1208 2483 meo
1273 2430 1651 2485 holocaustum
1705 2432 1892 2501 gratis.
1953 2433 2021 2486 Et
2073 2432 2207 2487 emit

630 2514 799 2569 David
833 2531 1012 2571 aream
1040 2528 1096 2573 et
1124 2518 1290 2573 boves
1319 2530 1560 2589 argento,
1592 2521 1985 2592 quinquaginta
2021 2521 2202 2588 siclis;

626 2612 685 2657 et
712 2603 999 2660 aediﬁcavit
1058 2606 1133 2660 ibi
1168 2607 1336 2661 David
1377 2609 1545 2664 altare
1586 2610 1854 2674 Domino,
1905 2618 1961 2664 et
2008 2610 2209 2665 obtulit

628 2690 947 2748 holocausta
1002 2704 1058 2749 et
1110 2695 1353 2765 paciﬁca.
1405 2697 1473 2750 Et
1525 2698 1674 2751 auxit
1730 2696 1985 2751 Salomon
2037 2698 2208 2753 altare

628 2791 852 2853 postea,
907 2785 1035 2855 quia
1085 2786 1340 2857 exiguum
1395 2797 1512 2841 erat
1564 2789 1756 2857 prius;
1817 2794 1873 2843 et
1929 2788 2207 2844 exaudivit

628 2874 892 2929 Dominus
953 2884 1192 2942 terram,
1254 2887 1309 2932 et
1376 2878 1618 2933 cohibita
1675 2888 1759 2933 est
1824 2877 1981 2933 ruina
2042 2894 2209 2949 super

628 2966 792 3021 Israel
830 2968 892 3022 ”.
931 2987 950 3018 ι

2310 1964 2543 2036 δομῆσαι
2583 1967 2965 2038 θυσιαστήριον
3022 1966 3101 2036 τῷ
3152 1966 3362 2036 Κυρίῳ,
3418 1965 3513 2018 καὶ
3565 1961 3801 2032 συσχεθῇ
3849 1963 3881 2029 ἡ

2312 2056 2535 2127 θραῦσις
2569 2056 2848 2110 ἐπάνωθεν
2890 2058 2982 2110 τοῦ
3015 2056 3165 2112 λαοῦ.
3217 2059 3330 2111 Καὶ
3361 2053 3513 2109 εἶπεν
3553 2054 3721 2125 Ὀρνᾶ
3747 2052 3883 2123 πρὸς

2310 2148 2474 2202 Δαϐίδ
2491 2163 2504 2177 ’
2536 2148 2764 2202 Λαϐέτω
2782 2149 2874 2203 καὶ
2903 2148 3251 2218 ἀνενεγκάτω
3271 2153 3298 2202 6
3322 2148 3506 2219 κύριός
3536 2164 3638 2217 μου
3665 2148 3694 2199 6
3730 2145 3879 2216 βασι-

2310 2239 2433 2302 λεὺς
2456 2241 2533 2312 τῷ
2568 2242 2755 2313 Κυρίῳ
2798 2242 2859 2294 τὸ
2892 2240 3094 2310 ἀγαθὸν
3117 2244 3173 2295 ἐν
3207 2241 3505 2312 ὀφθαλμοῖς
3535 2238 3701 2293 αὑτοῦ
3722 2254 3735 2267 ·
3775 2238 3881 2291 ἰδοῦ

2310 2337 2357 2387 οἱ
2395 2334 2513 2405 βόες
2544 2336 2622 2397 είς
2648 2334 3024 2404 όλοκαύτωμα,
3064 2334 3157 2387 καὶ
3196 2334 3246 2386 οἱ
3277 2334 3460 2403 τροχοὶ
3483 2332 3577 2385 καὶ
3619 2331 3691 2384 τὰ
3719 2330 3882 2398 σκεύη

2311 2425 2420 2479 τῶν
2444 2424 2582 2495 βοῶν
2611 2427 2689 2488 εἰς
2723 2424 2873 2492 ξύλα.
2912 2426 2992 2479 Τὰ
3025 2426 3200 2480 πάντα
3239 2425 3437 2479 ἔδωκεν
3484 2424 3649 2494 Ὀρνᾶ
3675 2420 3755 2482 τῷ
3794 2420 3884 2490 βει-

2314 2518 2467 2570 σιλεῖ.
2501 2518 2611 2570 Kal
2641 2512 2792 2570 εἶπεν
2835 2519 2999 2588 Ὀρνᾶ
3049 2518 3184 2588 πρὸς
3213 2518 3302 2570 τὸν
3331 2515 3554 2587 βασιλέα
3573 2532 3587 2545 ⁶
3627 2514 3830 2585 Κύριος
3857 2512 3883 2563 δ

2312 2608 2441 2672 Θεός
2477 2626 2568 2662 σου
2602 2609 2891 2680 εὐλογήσαι
2920 2626 3000 2663 σε.
3048 2610 3157 2663 Kal
3196 2605 3349 2663 εἶπεν
3393 2611 3420 2662 6
3455 2607 3715 2679 βασιλεὺς
3752 2604 3879 2675 πρὸς

2325 2700 2536 2771 Ὀρνᾶνο
2568 2700 2726 2771 Οὑχί’
2760 2700 2898 2753 ἀλλὰ
2922 2700 3199 2771 κτώμενος
3226 2703 3498 2772 κτήσομαι
3522 2699 3676 2770 παρὰ
3702 2698 3795 2751 σοῦ
3829 2700 3882 2751 ἐν

2312 2788 2640 2860 ἁλλάγματι.
2678 2790 2786 2843 Kal
2811 2790 2911 2843 οὐκ
2940 2791 3139 2844 ἀνοίσω
3172 2791 3360 2862 Κυρίῳ
3388 2790 3464 2861 τῷ
3487 2788 3607 2861 Θεῷ
3639 2806 3745 2860 μου
3772 2788 3883 2842 ὀλο·

2313 2878 2580 2950 καύτωμα
2609 2880 2839 2951 δωρεάν.
2868 2881 2977 2935 Kal
3005 2882 3275 2952 ἐκτήσατο
3296 2880 3459 2933 Δασὶδ
3481 2880 3597 2934 ἅλω
3620 2879 3718 2931 καὶ
3762 2877 3882 2942 τοὺς

2312 2971 2440 3042 βόας
2486 2975 2544 3026 ἐν
2573 2974 2819 3045 ἀργυρίῳ
2854 2973 3052 3027 σίκλων
3091 2976 3448 3047 πεντήκοντα,
3483 2974 3579 3027 καὶ
3606 2971 3885 3044 ᾠκοδόμη-

628 3077 719 3114 σεν
747 3062 1038 3117 ἐκεῖΔαὸὶδ
1060 3062 1441 3134 θυσιαστήριον
1469 3063 1545 3135 τῷ
1562 3064 1769 3135 Κυρίῳ,
1795 3062 1887 3117 καὶ
1902 3064 2199 3136 ἀνήνεγκεν
2226 3066 2618 3132 ὁλοκαυτώσεις
2658 3069 2752 3123 καὶ
2772 3070 3076 3140 εἰρηνικάς.
3137 3070 3248 3124 Kal
3296 3067 3607 3140 προσέθηκε
3623 3063 3882 3137 Σαλομὼν

622 3154 705 3215 είς
732 3153 793 3206 τὸ
827 3154 1207 3225 θυσιαστήριον
1250 3157 1336 3209 ἐπ’
1384 3156 1648 3225 ἐσχάτων,
1677 3156 1757 3208 ὅτι
1803 3155 2002 3225 μικρὸν
2045 3152 2112 3226 ἦν
2144 3158 2200 3209 ἐν
2226 3157 2485 3229 πρώτοις.
2509 3161 2618 3213 Καὶ
2643 3162 2913 3230 ἐπήκουσε
2946 3160 3148 3231 Κύριος
3187 3165 3253 3232 τῇ
3275 3164 3368 3231 γῇ,
3427 3160 3522 3215 καὶ
3584 3158 3879 3229 συνεσχέθη

622 3246 658 3317 ἡ
690 3244 913 3315 θραῦσις
939 3246 1182 3299 ἐπάνωθε
1232 3247 1464 3317 Ἰσραήλ.

694 3339 890 3394 PALL.
931 3340 1192 3406 Quisnam
1224 3341 1281 3394 in
1319 3341 1406 3395 his
1437 3342 1620 3396 verbis
1661 3358 1855 3397 sensus
1895 3343 2072 3397 inesse
2102 3358 2207 3411 pu-

2381 3341 2586 3395 IIAAA.
2616 3340 2725 3395 Kal
2764 3340 2848 3404 τίς
2890 3342 2955 3394 ἂν
2985 3342 3069 3411 εῐη
3104 3341 3265 3395 πάλιν
3310 3342 3367 3395 ἓν
3404 3358 3469 3410 γε
3517 3342 3584 3412 δὴ
3624 3341 3880 3405 τούτοιςό

625 3431 824 3493 tandus
860 3431 981 3485 est?
1023 3447 1148 3485 nam
1178 3430 1415 3486 diﬁicilis
1445 3441 1529 3487 est
1560 3448 1689 3486 sane
1720 3432 1884 3505 hujus
1924 3432 2029 3487 loci
2072 3448 2205 3488 con-

626 3521 927 3591 templatio.

690 3612 847 3670 CYR.
888 3613 1132 3669 Diﬁicilis
1177 3615 1376 3683 plane,
1428 3630 1495 3669 ac
1556 3631 1747 3670 revera
1811 3615 2076 3685 ejusmodi
2148 3624 2209 3670 ut

622 3719 767 3775 :egre
807 3704 1016 3773 percipi
1056 3704 1243 3774 possit.
1281 3704 1486 3760 Tamen
1519 3704 1653 3760 illud
1687 3704 1887 3770 dicam,
1918 3707 2208 3776 proposita:

625 3794 921 3863 Scriptura:
967 3795 1294 3851 exteriorem
1324 3794 1479 3865 quasi
1509 3810 1727 3850 sensum
1773 3795 1828 3849 in
1864 3811 2035 3866 pauca
2072 3812 2205 3851 con-

624 3885 827 3950 ferens,
863 3894 919 3941 et
942 3885 1007 3940 ad
1040 3886 1355 3941 interiorem
1396 3886 1808 3957 intelligentiam
1850 3886 2203 3943 transferens.

622 3976 919 4033 Considera
967 3978 1153 4049 igitur,
1190 3977 1415 4043 Palladi,
1457 3987 1712 4048 tanquam
1762 3979 1815 4032 in
1861 3980 2085 4049 speculo
2142 3995 2207 4035 ac

624 4071 888 4125 tenuibus
928 4070 1260 4141 imaginibus
1290 4070 1492 4125 Christi
1535 4070 1874 4143 mysterium,
1905 4086 1971 4125 ac
2005 4080 2207 4127 nostra:

621 4162 1040 4236 gubernationis
1074 4163 1363 4217 rationem.

693 4256 890 4310 PALL.
921 4253 1137 4324 Optime
1162 4253 1215 4307 id
1237 4253 1352 4323 ipse
1366 4254 1672 4324 praestabis,
1707 4255 1820 4310 Deo
1846 4254 1953 4326 97
1976 4254 2205 4308 faculta-

621 4358 733 4405 tem
758 4347 1099 4418 intelligendi
1133 4354 1474 4416 suggerente.

686 4440 842 4495 CYR.
875 4440 1015 4494 Audi
1048 4440 1251 4508 itaque.
1282 4439 1399 4494 Jam
1432 4439 1577 4494 enim
1605 4439 1887 4510 ingrediar
1910 4439 1977 4493 ad
2002 4438 2199 4493 dicen-

617 4532 773 4588 dum.
796 4532 990 4584 Divina
1025 4530 1227 4585 factum
1266 4538 1350 4584 est
1380 4531 1483 4594 ira,
1514 4538 1575 4585 ut
1612 4546 1762 4585 mors
1797 4531 1893 4585 Dei
1938 4530 2203 4600 populum

622 4622 1031 4690 depasceretur,
1068 4631 1231 4690 atque
1261 4622 1327 4675 ad
1371 4622 1563 4676 horam
1606 4638 1781 4692 usque
1832 4623 2071 4693 prandii,
2106 4638 2203 4677 nco

2306 3433 2450 3502 νοῦς;
2484 3434 2559 3496 ὡς
2589 3433 2906 3503 δυσέφικτον
2941 3435 3134 3507 κομιδῇ
3163 3436 3223 3488 τὸ
3248 3435 3534 3507 θεώρημα.

2369 3614 2533 3667 ΚΥΡ.
2555 3612 2887 3681 Δυσέφικτον
2911 3612 3008 3683 μὲν
3030 3612 3499 3684 ὁμολογουμένως,
3525 3614 3621 3667 καὶ
3642 3612 3878 3667 δυσάλω-

2305 3721 2396 3758 τον
2427 3703 2660 3775 ἀληθῶς.
2690 3703 2834 3775 Πλὴν
2861 3705 3038 3757 ἐκεῖνό
3072 3721 3213 3775 φημι
3245 3704 3342 3777 τὴν
3374 3704 3469 3758 τοῦ
3517 3707 3876 3779 προκειμένου

2307 3797 2603 3867 περίνοιαν,
2643 3796 2718 3861 ὡς
2762 3798 2819 3851 ἐν
2852 3796 3054 3865 ὀλίγοις
3098 3793 3157 3852 εὖ
3202 3798 3346 3869 μάλα
3386 3798 3753 3867 συνενεγκὼν.
3794 3801 3879 3853 καὶ

2307 3888 2677 3960 περιστρέψας
2720 3891 2801 3953 είς
2832 3890 2977 3945 νοῦν.
3025 3890 3219 3963 Ἀθρει
3252 3892 3316 3964 δὴ
3345 3886 3458 3955 οὖν,
3500 3885 3548 3945 ὦ
3593 3890 3875 3951 Παλλάδιε.

2306 3980 2555 4052 καθάπερ
2586 3982 2642 4035 ἐν
2690 3982 2940 4052 ἐσόπτρῳ
2994 3982 3090 4035 καὶ
3129 3984 3187 4035 ἐν
3225 3983 3430 4053 ίσχναϊς
3464 3982 3791 4050 φαντασίαις
3820 3981 3877 4033 τὸ

2305 4070 2539 4140 Χριστοῦ
2576 4073 2897 4142 μυστήριον,
2945 4073 3041 4125 καὶ
3065 4072 3163 4143 τῆς
3192 4074 3276 4142 ἐφ’
3301 4073 3431 4143 ήμῖν
3457 4071 3772 4144 οἰκονομίας
3793 4073 3877 4124 τὸν

2302 4162 2524 4233 τρόπον.

2370 4255 2578 4308 ΠΑΛΛ.
2612 4253 2821 4309 Οὐκοῦν
2864 4254 3043 4325 δρῴης
3090 4256 3155 4311 ἂν
3203 4255 3363 4322 αὐτὸς
3414 4251 3545 4326 εὖγε
3597 4258 3769 4322 τουτὶ,
3817 4256 3875 4308 τὸ

2304 4343 2541 4398 συνιέναι
2569 4342 2830 4400 δύνασθαι
2864 4347 3225 4419 χορηγοῦντος
3259 4347 3416 4403 Θεοῦ.

2375 4438 2539 4492 ΚΥΡ.
2587 4439 2786 4491 ’Ἄκουε
2810 4438 2893 4509 δή.
2920 4439 3214 4511 Βαδιοῦμαι
3237 4442 3344 4513 γὰρ
3362 4441 3458 4512 ἤδη
3481 4442 3576 4495 ἐπὶ
3602 4442 3664 4495 τὸ
3688 4442 3872 4514 χρῆναι

2302 4527 2501 4596 λέγειν.
2539 4529 2632 4582 Ἐκ
2662 4528 2810 4592 θείας
2830 4530 2997 4600 ὀργῆς
3017 4531 3361 4604 κατενεμήθη
3384 4532 3613 4596 θάνατος
3634 4532 3730 4585 τὸν
3755 4531 3873 4612 λείη

2301 4620 2529 4688 Κυρίου,
2561 4621 2655 4674 καὶ
2688 4622 2880 4691 μέχρις
2910 4620 3059 4693 ὥρας
3091 4622 3338 4693 ἀρίστου,
3369 4623 3762 4687 διακωλύοντος
3789 4624 3875 4675 ού-

623 4710 771 4764 mine
802 4708 1153 4778 prohibente,
1209 4708 1569 4765 invalesceret
1610 4711 2022 4765 exterminator.
2060 4710 2197 4767 Cum

2309 4710 2469 4774 Βενὸς,
2531 4713 2749 4782 ἴσχυσεν
2801 4715 2829 4767 6
2879 4712 3236 4785 ὀλοθρευτής’
3292 4714 3554 4785 μέλλοντα
3596 4714 3656 4768 δὲ
3699 4716 3873 4777 αὐτοῖς

624 4818 757 4858 vero
798 4801 1019 4873 jamjam
1050 4800 1398 4856 immissurus
1420 4811 1564 4857 esset
1596 4818 1819 4857 manum
1844 4802 1900 4857 in
1940 4803 2203 4858 Hieroso—

620 4896 785 4969 lyma,
814 4894 1070 4965 prohibet
1100 4894 1252 4948 illum
1284 4896 1458 4961 Deus;
1484 4906 1776 4966 conspecto
1802 4906 1985 4953 autem
2011 4898 2203 4969 angelo

619 4989 951 5061 supplicavit
976 4988 1145 5042 David
1177 5004 1235 5043 se
1266 5004 1542 5058 peccasse,
1567 4989 1757 5045 dicens
1781 5009 1793 5043 :
1817 4990 2021 5046 rectius
2039 5006 2202 5061 porro

617 5098 742 5138 esse
790 5098 855 5137 ac
900 5082 1105 5152 justius
1129 5090 1401 5151 pastorem
1430 5097 1495 5137 ac
1522 5081 1717 5137 ducem
1747 5083 1933 5152 potius
1967 5091 2201 5139 mortem

620 5170 779 5227 obire
801 5186 963 5241 quam
998 5186 1148 5236 oves,
1184 5186 1307 5240 quae
1337 5171 1475 5225 nihil
1502 5181 1847 5241 peccassent:
1874 5172 1948 5227 ita
1971 5173 2084 5228 Deo
2110 5175 2200 5245 ju-

622 5262 809 5326 bente,
834 5262 997 5332 erigit
1039 5262 1208 5316 altare
1240 5262 1297 5315 in
1326 5278 1457 5317 area
1488 5261 1653 5327 Orna,
1684 5279 1848 5333 quam
1883 5264 2043 5319 simul
2072 5279 2198 5320 cum

625 5352 804 5407 bobus
864 5353 1250 5408 triturantibus
1301 5361 1511 5407 emerat
1570 5353 1719 5409 siclis
1781 5352 2196 5425 quinquaginta.

626 5442 823 5497 Postea
845 5456 976 5496 vero
999 5458 1157 5511 quam
1180 5442 1452 5498 exstruxit
1473 5443 1665 5508 altare,
1684 5443 1894 5498 hostias
1919 5460 2085 5514 super
2134 5460 2201 5499 eo

626 5533 951 5599 immolavit,
967 5534 1403 5590 holocautomata
1448 5535 1693 5606 inquam,
1722 5544 1776 5590 et
1798 5536 2057 5606 paciﬁca;
2080 5552 2201 5592 ces-

626 5627 770 5682 savit
788 5627 1146 5696 consequenti
1172 5635 1415 5698 tempore
1436 5628 1623 5693 ruina,
1652 5637 1709 5683 et
1733 5628 1819 5683 illa
1846 5628 1999 5699 prius
2025 5629 2203 5700 gravis

699 5803 739 5834 ”
768 5802 812 5857 ll
840 5802 968 5873 Reg.
1010 5818 1150 5869 xxiv,
1192 5803 1247 5857 ll
1301 5819 1473 5873 usque
1513 5802 1579 5859 ad
1618 5806 1800 5864 linem.

2299 4804 2589 4871 ἐπαφεῖναι
2640 4803 2739 4873 τὴν
2787 4806 2944 4876 χεῖρα
2987 4807 3099 4868 τοῖς
3163 4804 3575 4876 Ἱεροσολύμοις,
3628 4806 3871 4878 ἀπείργει

2298 4893 2458 4956 Θεόςο
2496 4892 2822 4964 τεθεαμένος
2848 4894 2904 4947 δὲ
2942 4894 3036 4947 τὸν
3079 4895 3328 4963 ἄγγελον,
3377 4893 3629 4967 ἐλιπάρει
3678 4895 3874 4965 Κύριον

2299 4986 2481 5050 Δαόὶδ,
2511 4984 2684 5054 λέγων
2731 4985 3257 5057 πεπλημμεληκέναι
3309 4987 3529 5040 ἑαυτόν
3561 4987 3778 5057 ἄμεινον
3810 4986 3873 5038 δὲ

2298 5076 2437 5133 εἶναι
2467 5081 2562 5133 καὶ
2584 5078 2920 5151 δικαιότερον
2942 5082 3033 5131 τὸν
3066 5080 3299 5150 ποιμένα
3324 5078 3416 5133 καὶ
3452 5077 3753 5151 ⁴ἡγούμενον
3782 5080 3873 5130 ἐκ·

2305 5168 2550 5223 τεθνάναι
2581 5166 2799 5238 μᾶλλον,
2835 5168 3001 5239 ἡγουν
3028 5168 3098 5220 τὰ
3124 5168 3391 5239 πρόϐατα,
3432 5169 3522 5222 διά
3550 5187 3634 5223 τοι
3653 5170 3713 5225 τὸ
3740 5166 3874 5222 είδὲο

2301 5276 2389 5313 ναι
2432 5257 2631 5329 μηδέν’
2681 5253 2799 5311 εἶτα
2844 5258 2980 5312 Θεοῦ
3025 5258 3401 5331 σημαίνοντος,
3447 5260 3650 5330 ἐγείρει
3690 5260 3870 5312 θυσια-

2304 5353 2524 5422 στήριον
2561 5354 2618 5405 ἐν
2660 5354 2727 5422 τῇ
2760 5351 2874 5422 ἅλῳ
2914 5351 3097 5424 ‘Upvi,
3129 5353 3194 5423 ἦν
3232 5354 3347 5425 ἅμα
3374 5355 3485 5417 τοῖς
3520 5353 3714 5406 ἀλοιῖισι
3742 5351 3868 5421 βου-

2303 5444 2388 5496 σὶν
2432 5441 2721 5514 ἐξεπρεατο
2773 5441 2971 5495 σίκλων
3019 5446 3372 5516 πεντήκοντα.
3436 5444 3658 5514 Ἐπειδὴ
3704 5443 3756 5496 δὲ
3804 5442 3874 5495 τὸ

2305 5534 2447 5588 θεῖον
2500 5529 2559 5587 εὖ
2613 5533 2757 5603 μάλα
2803 5533 3186 5606 θυσιαστήριον
3237 5534 3579 5606 ἀνεδείματο,
3630 5535 3722 5597 τὰς
3774 5534 3873 5584 ἐπ’

2306 5625 2453 5697 αὐτῷ
2486 5625 2677 5690 θυσίας
2725 5626 2916 5693 ἐτέλει,
2961 5627 3385 5698 ὁλοκαυτώματα
3422 5628 3516 5682 καὶ
3560 5624 3872 5699 εἰρηνικάςο
