4046 6504
175 375 260 432 289
815 364 903 421 DE
945 359 1389 418 ADORATIONE
1423 360 1488 415 ΙΝ
1531 358 1804 415 SPIBJTU
1845 360 1934 415 ET
1980 359 2346 416 VERITATE.
2380 362 2519 425 LIB.
2561 362 2649 419 Ill.
3282 370 3391 427 390

174 498 282 561 ἔστη
308 487 359 541 δὲ
398 483 529 545 οὕτω
570 482 755 538 λοιπὸν
803 485 838 554 ή
878 480 1128 554 θραῦσις,
1162 478 1257 532 καὶ
1285 480 1317 532 ὀ
1342 478 1509 533 πάλαι
1538 477 1708 541 δεινὸς
1735 486 1772 542 Α

1811 495 1962 535 mors
1986 480 2222 536 inhibita
2250 491 2353 537 est.
2379 481 2674 538 Adnotavit
2701 492 2884 540 autem
2919 484 3201 556 Scriptura
3235 502 3387 545 sacra

170 582 369 650 ἐνεκόπη
405 575 647 639 θάνατος.
692 574 1125 645 Ἐπεσημαίνετο
1163 571 1222 624 δὲ
1254 571 1316 623 τὸ
1358 570 1602 641 Γράμμα
1641 568 1703 621 τὸ

1804 574 1974 628 altare
2006 574 2141 629 illud
2180 590 2410 645 parvum
2452 575 2522 631 ab
2564 577 2721 631 initio
2753 576 2957 643 fuisse,
2999 588 3219 634 auctum
3251 597 3385 636 vero

172 675 308 748 ξερὸν,
340 670 413 723 ὅτι
440 666 611 738 βραχὺ
647 665 748 737 μὲν
780 660 849 737 ἦν
888 667 947 719 έν
977 665 1174 735 ἀρχαῖς
1202 662 1265 717 τὸ
1297 662 1698 733 θυσιαστήριον,

1803 673 1996 733 postea
2040 680 2070 719 a
2102 665 2413 721 Salomone.
2466 667 2736 723 Utrumne
2776 669 2943 739 igitur
2980 671 3037 725 in
3075 671 3163 727 his
3199 672 3387 728 verbis

170 759 438 837 προσέθηκέ
474 775 537 826 γε
589 757 697 829 μὴν
737 760 796 811 ὲν
822 756 1076 829 ἐσχάτοις
1130 754 1391 827 Σαλομὼν
1426 753 1593 825 αὐτῷ.
1630 753 1702 808 Ἢ

1802 768 1968 822 quam
2003 753 2327 809 brevissime
2364 757 2628 828 propositi
2673 758 2776 813 loci
2802 760 3131 816 exteriorem
3162 777 3382 818 sensum

171 858 253 911 οὐκ
282 848 407 906 εἶναι
428 850 534 919 φῂς
583 849 660 914 ὡς
685 847 743 903 ἐν
764 864 828 916 γε
856 847 1052 919 βραχεῖ
1071 847 1171 919 τὴν
1204 846 1300 900 τοῦ
1338 844 1702 917 προκειμένου

727 864 828 916 νγε
856 847 1052 919 βραχεῖ
1071 847 1171 919 τὴν
1204 846 1300 900 τοῦ
1338 844 1702 917 προκειμένου
1801 844 2078 900 contineri
2103 845 2325 901 fateris?

171 946 408 1017 mpivomv
428 943 487 994 ὲν
501 938 712 1005 τούτοις
731 957 747 1007 ;

225 1035 405 1091 ΠΔΔΔ.
443 1033 609 1103 Φημί·
636 1032 753 1097 πῶς
778 1031 823 1086 δ’
846 1032 912 1086 ἂν
935 1031 1147 1101 γένοιτο
1173 1029 1348 1102 σαφὴς
1374 1032 1403 1084 ὁ
1429 1030 1574 1097 νοῦς,
1598 1030 1698 1103 ήδη

1873 1022 2073 1078 PALL.
2103 1024 2320 1090 Fateor,
2364 1026 2461 1082 sed
2503 1028 2779 1097 quomodo
2821 1028 3019 1084 clarior
3061 1030 3179 1086 ﬁeri
3213 1032 3384 1102 possit

167 1129 424 1197 διατράνου.

1800 1112 1921 1182 ejus
1948 1112 2056 1168 loci
2092 1113 2424 1181 intellectus,
2460 1117 2571 1187 jam
2603 1116 2851 1187 explana.

223 1220 364 1276 ΚΥΡ.
399 1213 473 1271 Ἦ
526 1217 628 1272 οὐκ
684 1211 862 1282 οἶσθα,
901 1217 985 1270 ὅτι
1033 1215 1365 1271 κατιωιισθεν
1404 1215 1701 1288 ὁμολογου-

1869 1203 2026 1260 CYR.
2077 1205 2162 1260 An
2189 1207 2408 1277 ignoras
2448 1208 2690 1264 hominis
2728 1218 3016 1275 naturam,
3053 1212 3198 1282 quod
3241 1213 3383 1270 inter

169 1312 313 1383 μένως
340 1310 414 1372 εις
460 1306 689 1363 θάνατον
717 1308 814 1361 καὶ
848 1306 1053 1376 φθοράν
1082 1308 1115 1377 ή
1170 1304 1461 1377 ἀνθρώπου
1500 1305 1695 1375 φύσις,

1801 1312 1993 1353 omnes
2032 1301 2309 1366 convenit,
2338 1302 2396 1355 in
2423 1309 2655 1357 mortem
2689 1311 2853 1374 atque
2883 1303 3168 1361 interitum
3188 1348 3203 1373 ,
3233 1311 3380 1379 quod

166 1398 468 1470 καταθήξασα
512 1396 647 1469 πρὸς
677 1398 847 1469 ὀργὰς
889 1397 983 1450 τὸν
1020 1395 1385 1470 Δημιουργδν,
1426 1395 1504 1459 ὡς
1537 1397 1595 1448 ὲν
1629 1397 1697 1465 τῇ

1800 1405 1961 1445 suum
1982 1391 2233 1462 opiﬁcem
2254 1393 2322 1447 ad
2343 1393 2482 1449 iram
2496 1396 2897 1461 concitavisset,
2911 1397 2966 1451 in
2983 1397 3102 1468 ipso
3122 1408 3379 1470 tanquam

161 1489 319 1557 γένους
346 1486 497 1557 ήμῶν
544 1487 794 1558 ἀπαρχῇ,
849 1484 996 1539 τοῦτ’
1047 1486 1215 1552 ἔστιν,
1268 1485 1469 1556 Ἀδὰμ,
1515 1484 1575 1547 ὃς
1598 1484 1698 1554 τὴν

1800 1482 1976 1536 nostri
2020 1484 2242 1552 generis
2285 1484 2465 1549 initio,
2495 1486 2551 1540 id
2579 1495 2684 1551 est,
2714 1488 2769 1542 in
2803 1489 2976 1543 Adam
2996 1530 3010 1555 ,
3042 1492 3378 1563 pracipitem

161 1580 283 1632 Θείαν
305 1580 357 1632 ἐν
390 1578 584 1651 ἀρχαῖς
628 1578 895 1648 ήθέτησεν
926 1578 1166 1651 ἐντολὴν,
1200 1580 1408 1651 ἀκήκοε
1440 1580 1499 1633 δὲ
1530 1577 1694 1632 οὕτω⁹

1800 1572 2014 1627 ruisse?
2040 1572 2136 1643 qui
2177 1589 2301 1628 cum
2337 1574 2585 1630 divinum
2614 1577 2682 1631 ab
2712 1577 2871 1633 initio
2900 1581 3219 1636 mandatum
3245 1599 3379 1638 con-

164 1694 178 1723 ι
205 1672 267 1743 Γῆ
291 1667 354 1735 εἶ,
382 1669 475 1722 καὶ
500 1672 583 1733 είς
602 1671 706 1741 γῆν
733 1669 1010 1741 ἀπελεύσῃ
1033 1688 1049 1737 ;
1083 1690 1102 1723 ι

1800 1665 2129 1734 tempsisset,
2151 1666 2363 1721 audivit
2387 1685 2400 1719 :
2432 1686 2451 1718 ι
2477 1668 2644 1723 Terra
2668 1685 2747 1735 es,
2773 1678 2829 1725 et
2873 1670 2929 1726 in
2965 1681 3166 1726 terram
3196 1689 3378 1730 rever-

1802 1756 1933 1811 teris
1954 1757 2014 1810 “.
2052 1776 2069 1808 ι

213 1849 398 1904 ΠΔΛΔ.
436 1846 680 1918 Ἀληθές.
1058 1896 1063 1899 ,
1724 1836 1767 1893 Β

1058 1896 1063 1899 ,
1724 1836 1767 1893 Β
1869 1848 2064 1903 PALL.
2098 1849 2241 1904 Vera
2268 1848 2426 1904 dicis.

211 1940 353 1994 ΚΥΡ.
428 1938 563 1991 Ἀπὸ
628 1936 777 2008 πρωῒ
826 1935 1139 2009 τοιγαροῦν,
1206 1936 1351 1993 τοῦτ’
1398 1939 1563 2006 ἔστιν,
1625 1941 1691 1995 ὲκ

1864 1934 2020 1990 CYR.
2057 1936 2104 1990 A
2136 1952 2295 1992 mane
2319 1938 2505 2009 igitur,
2533 1939 2640 1996 hoc
2677 1951 2761 1996 est
2780 1982 2794 2007 ,
2817 1958 2848 1997 a
2871 1943 3069 2013 primis
3094 1946 3258 2017 hujus
3278 1963 3378 2004 sre-

154 2031 349 2104 πρὼτων
379 2029 471 2085 τοῦ
521 2029 790 2101 παρόντος
837 2028 1032 2093 αίῶνος
1073 2030 1308 2102 καιρῶν,
1342 2031 1691 2102 κατενεμήθη

1791 2026 1903 2082 culi
1936 2030 2274 2098 temporibus
2314 2047 2463 2087 mors
2500 2033 2724 2104 depasta
2764 2044 2850 2090 est
2882 2051 2979 2091 eos
3016 2039 3109 2107 qui
3145 2038 3200 2092 in
3237 2047 3379 2095 terra

153 2125 344 2186 Θάνατος
393 2122 520 2184 τοὺς
574 2122 666 2174 ἰπὶ
718 2121 818 2191 τῆς
862 2123 987 2191 γῆς,
1041 2121 1233 2193 μέχρις
1260 2122 1411 2193 ὥρας
1443 2124 1689 2194 ἀρίστου,

1790 2128 1984 2185 erant,
2011 2136 2185 2190 usque
2223 2123 2292 2176 ad
2323 2124 2516 2179 horam
2549 2127 2788 2195 prandii,
2831 2127 2937 2183 hoc
2969 2137 3072 2194 est,
3109 2146 3283 2200 usque
3307 2132 3375 2186 ad

153 2214 268 2269 τοῦτ’
279 2212 547 2277 ἑστιν,ἕως
559 2212 751 2283 καιρὸς
766 2212 1209 2284 τραπέζης.”οτε
1228 2214 1336 2286 γὰρ
1351 2217 1483 2286 ἡμῖν
1499 2216 1691 2285 ἀνέστη

1790 2226 1994 2266 mensae
2046 2220 2280 2283 tempus.
2333 2216 2437 2271 Ubi
2485 2217 2636 2271 enim
2689 2218 2913 2273 advenit
2966 2221 3128 2276 nobis
3177 2232 3379 2279 sanctae

150 2309 303 2379 καιρὸς
349 2307 442 2377 τῆς
490 2305 661 2374 ἁγίας
717 2304 1032 2377 τραπέζης,
1087 2304 1247 2375 δῆλον
1288 2305 1346 2359 δὲ
1378 2306 1459 2359 ὅτι
1500 2306 1602 2376 τῆς
1631 2307 1689 2358 έν

1789 2318 1993 2360 mensae
2033 2314 2267 2376 tempus,
2301 2308 2563 2364 nimirum
2602 2310 2753 2365 illius
2794 2311 2851 2365 in
2890 2312 3111 2368 Christo
3140 2329 3206 2370 ac
3262 2331 3379 2386 my-

150 2396 335 2469 Χριοτῷ
361 2397 451 2450 καὶ
484 2394 785 2467 μυστικῆς,
816 2395 901 2465 ἐφ’
1006 2395 1096 2449 τὸν
1124 2395 1288 2466 ἄρτον
1318 2395 1570 2466 ἐσθίομεν
1596 2395 1689 2450 τὸν

1791 2395 1962 2461 sticae,
1990 2396 2047 2451 in
2070 2413 2179 2467 qua
2207 2414 2350 2469 pane
2382 2401 2660 2456 vescimur
2686 2402 2780 2457 illo
2803 2403 3022 2459 caelitus
3054 2405 3181 2460 dato
3213 2414 3376 2477 atque

148 2491 192 2555 ἐξ
216 2487 423 2558 οὐρανοῦ
450 2488 551 2541 καὶ
582 2486 868 2552 ζωοποιὸν,
895 2488 925 2540 ὁ
966 2487 1132 2542 πάλαι
1169 2486 1339 2550 δεινὸς
1371 2488 1467 2541 καὶ
1494 2487 1688 2541 δυσάν-

1792 2486 1974 2551 vitali,
2016 2503 2138 2558 qua:
2185 2490 2339 2559 prius
2387 2492 2654 2548 terribilis
2709 2502 2846 2559 erat,
2902 2495 3104 2564 cuique
3153 2494 3376 2558 difﬁcile

147 2596 276 2651 τητος
318 2578 638 2651 κατηργήθη
665 2578 929 2642 θάνατος,
962 2578 1457 2649 παρακεκλημένου
1509 2578 1644 2632 Θεοῦ
1672 2595 1685 2609 ·

1792 2574 1988 2629 obsisti
2010 2586 2244 2646 poterat,
2269 2596 2417 2635 mors
2438 2583 2694 2647 cessavit,
2712 2584 2825 2639 Deo
2846 2585 2914 2639 ad
2937 2581 3374 2643 misericordiam

145 2672 219 2725 καὶ
256 2670 625 2743 δεδυσιὶηηται
676 2671 828 2743 μόλις
870 2674 900 2726 ὁ
950 2670 1297 2743 ὀλοθρευτὴς,
1351 2671 1409 2735 ὃς
1457 2672 1688 2744 ἐπείπερ

1790 2676 2083 2732 revocato,
2140 2685 2264 2725 cum
2310 2671 2402 2725 vix
2446 2672 2721 2729 inhibitus
2753 2683 2900 2730 esset
2938 2678 3370 2734 exterminatur:

145 2761 273 2832 ήθελε
297 2761 382 2816 καὶ
405 2765 525 2827 τοῖς
565 2762 666 2834 τὴν
701 2762 861 2832 ἁγίαν
889 2762 1100 2816 οἰκοῦσι
1133 2762 1309 2829 πόλιν,
1351 2762 1451 2833 τὴν
1490 2762 1689 2833 νοητὴν

1792 2756 1883 2827 qui
1915 2773 2040 2813 cum
2068 2762 2232 2816 vellet
2258 2762 2313 2816 in
2339 2778 2436 2817 eos
2463 2780 2684 2834 quoque
2713 2767 2808 2836 qui
2844 2767 2899 2821 in
2936 2779 3122 2824 sancta
3151 2770 3374 2827 civitate

153 2854 509 2927 Ἰερουσαλὴμ,
558 2856 661 2925 τὴν
709 2855 1127 2926 διαφθείρουσαν
1173 2855 1464 2925 ἐπαφεῖναι
1504 2857 1685 2927 χεῖρα,

1792 2848 2133 2916 habitarent,
2161 2852 2217 2907 in
2257 2853 2527 2923 spirituali
2562 2871 2760 2927 nempe
2790 2857 3117 2923 Jerusalem,
3147 2861 3372 2930 pestife-

142 2941 250 2999 θεοῦ
301 2946 832 3018 παρακεκλημένου,
893 2949 1013 3001 τότε
1074 2945 1142 3018 δὴ
1203 2946 1356 3017 μόλις
1410 2947 1684 3017 εἴργεται·

1789 2956 1904 2995 ram
1928 2941 2225 2998 immittere
2258 2960 2504 3010 manum,
2527 2946 2637 3001 Deo
2666 2946 2732 3001 ad
2755 2949 3191 3005 misericordiam
3209 2950 3370 3015 ﬂexo,

144 3056 157 3085 ι
193 3038 333 3101 Ἀνες
354 3037 460 3106 γὰρ
488 3036 617 3103 νῦν,
644 3057 665 3089 ι
696 3039 879 3109 φησιν,
920 3058 936 3089 ι
970 3038 1155 3091 ίκανόν
1184 3040 1352 3094 ἐστιν.
1377 3058 1398 3093 ι
1444 3039 1599 3108 Ἀγία
1628 3040 1689 3094 δὲ

1787 3033 1879 3087 vix
1907 3034 2124 3089 tandem
2143 3036 2454 3101 cohibetur,
2478 3056 2497 3087 ‹
2530 3037 2770 3095 Remitte
2786 3056 2953 3106 nunc,
2978 3061 2994 3092 ι
3023 3042 3258 3112 inquit,c
3291 3052 3374 3098 sat

140 3125 329 3198 nam;
361 3127 681 3199 Ἐκκλησία,
704 3123 773 3200 ἧς
791 3124 901 3181 εἷεν
924 3126 989 3182 ἂν
1006 3129 1290 3200 οἰκήτορες
1309 3128 1358 3182 οἱ
1376 3129 1463 3184 διὰ
1486 3130 1688 3195 ζῶντος
1712 3175 1738 3235 ί

1787 3133 1893 3180 est.
1926 3146 1944 3177 ι
1977 3127 2177 3181 Sancta
2208 3142 2375 3196 porro
2401 3127 2601 3182 civitas
2625 3129 2870 3185 Ecclesia
2903 3139 3006 3197 est,
3030 3134 3187 3203 cujus
3209 3135 3370 3189 habi-

138 3219 275 3288 ᾶρτου
315 3218 680 3288 τελειούμενοι
700 3218 837 3291 πρὸς
854 3220 1148 3290 ἁγιασμόνο
1171 3221 1283 3291 Τῆς
1308 3220 1453 3275 οὔτω
1481 3224 1687 3293 σεπτῆς
1715 3218 1736 3235 ι

1788 3226 1993 3273 tatores
2034 3234 2131 3273 eos
2174 3234 2296 3274 esse
2336 3228 2470 3289 puto
2508 3220 2601 3290 qui
2641 3237 2781 3291 pane
2827 3224 2921 3277 illo
2963 3225 3173 3280 viventi
3203 3228 3369 3297 perﬁ-

140 3310 214 3361 καὶ
233 3309 553 3380 ἀξιαγάστου
588 3311 799 3384 πόλειρς
830 3313 926 3365 καὶ
954 3312 983 3364 ὁ
1025 3312 1169 3377 θεῖος
1197 3313 1363 3367 Δαῦὶδ
1383 3313 1687 3386 διαμέμνη-

1787 3310 2013 3365 είιιιιιιιι·
2043 3310 2111 3364 ad
2142 3311 2652 3367 sanctiﬁcationem.
2680 3313 2856 3385 Hujus
2880 3316 3018 3370 adeo
3046 3326 3293 3388 augusta!
3315 3326 3373 3375 et

136 3416 210 3453 ται
225 3400 410 3469 λέγων·
442 3422 459 3454 ι
481 3402 865 3474 Δεδοξασμένα
888 3404 1124 3476 ἐλαλήθη
1146 3407 1275 3476 περὶ
1310 3404 1429 3471 σοῦ,
1466 3408 1498 3476 ή
1532 3407 1686 3471 πόλις

1787 3400 2128 3455 admirabilis
2154 3400 2394 3456 civitatis
2413 3403 2580 3458 etiam
2606 3403 2829 3459 divinus
2859 3405 2950 3460 ille
2976 3407 3145 3462 David
3179 3409 3373 3464 memi-

136 3491 213 3544 τοῦ
233 3492 374 3548 Θεοῦ.
407 3514 426 3547 ι
460 3495 777 3567 Κατῴκησε
806 3495 916 3567 γάρ
944 3498 1002 3549 ὲν
1024 3498 1156 3567 ἡμῖν
1194 3498 1452 3568 Χριστὸς,
1479 3499 1539 3561 ὃς
1569 3500 1685 3553 ἐστι

1787 3492 1890 3557 nit,
1942 3492 2133 3547 dicens
2173 3510 2185 3544 :
2237 3512 2255 3543 ι
2291 3492 2539 3550 Gloriosa
2583 3495 2726 3550 dicta
2780 3506 2910 3551 sunt
2947 3498 3017 3553 de
3070 3507 3143 3563 te,
3177 3500 3371 3555 civitas

135 3585 226 3656 ζωή
275 3588 364 3641 καὶ
403 3586 700 3651 ζωοποιός.
777 3589 1069 3660 Τοιγάρτοι
1121 3592 1216 3643 καὶ
1266 3592 1525 3645 ἀποσοϐεῖ
1553 3592 1686 3657 θεὸς

1786 3585 1887 3640 Dei
1908 3587 1970 3638 ’⁵.
1984 3604 2000 3633 ι
2024 3584 2301 3640 Habitavit
2316 3587 2461 3641 enim
2480 3588 2534 3641 in
2552 3587 2711 3642 nobis
2726 3587 2998 3654 Christus,
3017 3591 3110 3660 qui
3128 3591 3240 3645 vita
3260 3599 3365 3656 est,

134 3674 220 3729 τῶν
260 3677 610 3749 ήγιασμένων
659 3678 752 3733 τὸν
802 3680 1150 3753 ὀλοθρευτὴν,
1204 3683 1279 3746 ὡς
1309 3684 1492 3736 οὐκέτι
1527 3685 1684 3755 νικᾷν

1787 3684 1844 3731 ει
1864 3674 1979 3745 98
1994 3673 2161 3728 vitam
2184 3684 2405 3745 praestat
2425 3694 2437 3729 :
2462 3678 2822 3747 quamobrem
2846 3696 2875 3734 a
2895 3679 3248 3736 sanctiﬁcatis
3266 3681 3367 3736 de-

133 3767 377 3835 ὀφείλοντα
411 3771 561 3843 μετά
587 3770 689 3842 τὴν
734 3772 1005 3839 ἀνάδειξιν
1038 3774 1134 3827 τοῦ
1165 3776 1359 3846 καιροῦ
1391 3776 1495 3846 τῆς
1523 3776 1684 3845 ἁγίας

1787 3766 1943 3835 pellit
1958 3766 2103 3820 Deus
2131 3768 2647 3825 exterminatorem:
2677 3785 2855 3841 neque
2875 3774 3023 3826 enim
3047 3773 3269 3828 vincere
3286 3773 3366 3827 illi

134 3863 396 3934 τραπέζης,
444 3865 520 3935 ἣν
571 3864 601 3916 ὁ
632 3863 729 3920 τοῦ
781 3866 1005 3937 ἀρίστου
1051 3868 1239 3938 καιρὸς
1288 3868 1678 3923 ὑπαινίττεται.

1788 3858 2024 3927 amplius
2044 3858 2193 3923 licet,
2222 3869 2514 3930 postquam
2538 3870 2740 3917 sanctae
2764 3863 2911 3918 illius
2931 3880 3134 3931 mensae
3152 3874 3369 3938 tempus

145 3952 373 4018 Ἐξείλετο
418 3958 610 4011 τοίνυν
660 3958 810 4029 ἡμᾶς
843 3961 873 4012 ὁ
908 3958 1166 4031 Χριστὸς,
1197 3958 1273 4023 ὡς
1318 3961 1378 4014 ὲν
1408 3959 1683 4031 προσώπῳ

1787 3949 2028 4015 advenit,
2059 3966 2223 4020 quam
2267 3952 2483 4021 prandii
2527 3960 2743 4023 tempus
2792 3954 3029 4012 latenter
3073 3957 3364 4041 signiﬁcat.

134 4045 383 4117 νοούμενος
408 4048 505 4102 τοῦ
544 4048 729 4103 Δαϐίδ.
770 4049 985 4121 Ἐπειδὴ
1010 4050 1121 4121 γὰρ
1146 4050 1335 4105 ἐθεᾶτο
1362 4050 1684 4105 δαπανῶντα

1786 4038 2006 4109 Eripuit
2026 4056 2157 4111 ergo
2186 4056 2289 4097 nos
2308 4042 2580 4108 Christus,
2616 4044 2711 4115 qui
2736 4045 2793 4099 in
2826 4058 3057 4116 persona
3084 4038 3255 4103 David
3278 4050 3368 4105 in-

135 4134 206 4189 τὺν
246 4137 463 4194 θάνατον
493 4141 626 4204 τοὺς
656 4141 751 4193 ἐπὶ
782 4140 883 4211 τῆς
924 4141 1053 4211 γῆς,
1086 4141 1436 4214 παράκλητος
1459 4142 1685 4212 γέγονεν

1787 4129 2068 4200 telligitur.
2090 4131 2248 4197 Nam,
2285 4140 2641 4202 posteaquam
2664 4133 2807 4188 vidit
2836 4150 2932 4189 eos
2971 4135 3066 4205 qui
3116 4136 3173 4191 in
3224 4145 3367 4194 terra

134 4225 251 4298 ὑπὲρ
263 4228 409 4298 ήμῶν
435 4229 575 4301 πρὸς
590 4229 683 4283 τὸν
711 4230 956 4302 Πάτερα·
981 4230 1340 4302 προσεκόμιζε
1366 4232 1475 4304 γάρ
1493 4234 1683 4288 ἑαυτὸν

1786 4227 1943 4274 erant
1972 4236 2003 4275 a
2034 4228 2210 4276 morte
2238 4222 2507 4286 consumi,
2536 4223 2847 4292 paracletus
2874 4233 3038 4294 atque
3068 4226 3367 4282 advocatus

132 4314 247 4389 ὑπὲρ
292 4319 468 4390 ήμῶν,
516 4322 618 4374 καὶ
668 4319 942 4390 ὑπέθηκεν
974 4320 1117 4375 ἑκὼν
1142 4322 1223 4395 τῷ
1252 4321 1489 4393 θανάτῳ,
1528 4324 1683 4377 δεδυ-

1786 4320 1871 4366 est
1904 4328 2006 4381 pro
2046 4312 2211 4367 nobis
2242 4312 2311 4367 ad
2342 4313 2590 4379 Patrem;
2625 4314 2828 4368 obtulit
2847 4331 3083 4385 namque
3123 4318 3365 4387 seipsum

133 4406 324 4481 σώπηχέ
354 4429 413 4466 τε
449 4414 548 4468 τδν
585 4412 934 4485 ὀλοθρευτὴν,
980 4413 1176 4467 ἑαυτοῦ
1217 4414 1391 4483 λέγων
1422 4412 1561 4470 εἶναι
1584 4415 1681 4487 τὴν
1786 4418 1886 4471 pro
1911 4403 2091 4467 nobis,
2114 4413 2171 4458 ει
2190 4404 2354 4457 morti
2376 4412 2569 4473 sponte
2594 4405 2848 4475 subjecit,
2883 4406 3244 4476 cohibuitque
3266 4423 3364 4463 ex-

132 4499 404 4573 ἀμαρτίαν·
464 4506 567 4576 οὐχ
615 4506 699 4559 ὅτι
750 4505 1025 4576 πεποίηκε
1072 4506 1171 4578 τὴν
1221 4507 1519 4579 ἁμαρτίαν,
1565 4507 1730 4570 ἀλλί

1788 4494 2217 4559 terminatorem,
2238 4509 2396 4550 suum
2414 4511 2534 4551 esse
2552 4505 2835 4566 peccatum
2857 4497 3073 4565 dicens;
3092 4515 3202 4554 non
3216 4500 3364 4570 quod

128 4589 216 4653 ὅτι,
251 4594 388 4648 κατὰ
414 4594 518 4659 τὰς
556 4595 802 4666 Γμφάς,
853 4613 872 4647 ι
911 4596 1072 4661 αὐτὸς
1093 4596 1193 4661 τάς
1218 4597 1495 4668 ἁμαρτίας
1523 4598 1684 4668 ήμῶν

1776 4594 2063 4658 peccatum
2086 4588 2202 4657 ipse
2229 4588 2589 4655 commiserit,
2618 4590 2715 4644 sed
2735 4591 2904 4661 quod,
2929 4593 3083 4662 juxta
3114 4591 3365 4663 Scriptu-

130 4680 271 4749 ιίρει,
298 4684 391 4736 καὶ
433 4683 567 4756 περὶ
594 4683 753 4754 ἡμῶν
794 4684 1072 4748 όὸυνᾶται,
1117 4685 1212 4741 καὶ
1237 4687 1299 4741 ὲν
1323 4688 1435 4750 τοῖς
1459 4686 1682 4757 ἀνόμοις

1778 4695 1886 4744 ras,
1921 4698 1938 4729 ι
1976 4678 2091 4749 ipse
2112 4689 2333 4749 peccata
2365 4689 2552 4737 nostra
2577 4690 2776 4753 portat,
2800 4692 2977 4753 etepro
3008 4684 3170 4739 nobis
3192 4684 3361 4750 dolet,

128 4770 369 4846 ἐλογίσθη,
406 4795 429 4827 ι
462 4776 649 4831 καίτοι
686 4777 765 4847 μὴ
823 4777 980 4843 εἰδὼς
1035 4778 1343 4850 ἁμαρτίαν·
1403 4798 1422 4832 ι
1465 4780 1559 4835 καὶ⁸
1590 4779 1683 4848 γέ-

1776 4778 1835 4825 ει
1861 4771 2008 4826 inter
2048 4771 2345 4827 sceleratos
2374 4782 2661 4843 reputatus
2681 4782 2768 4830 est
2793 4776 2871 4840 ιθ,
2903 4795 2921 4826 ι
2956 4777 3207 4845 quamvis
3231 4791 3362 4847 pec-

130 4876 262 4927 γονιν
305 4866 447 4938 ὑπὲρ
486 4866 653 4939 ἡμῶν
699 4868 932 4941 κατάρα.
976 4888 995 4920 ι
1031 4869 1243 4940 Χρῆναι
1292 4868 1353 4925 δέ
1389 4886 1545 4940 φησι,
1588 4868 1681 4923 τὸν

1777 4871 1960 4917 catum
1985 4879 2094 4917 non
2127 4872 2332 4929 nosset,
2366 4884 2385 4915 ι
2413 4875 2468 4920 ει
2496 4866 2675 4923 factus
2697 4876 2782 4923 est
2811 4882 2911 4938 pro
2946 4867 3107 4923 nobis
3132 4869 3363 4923 maledi-

127 4955 333 5025 ποιμένα
365 4959 569 5030 μᾶλλον
607 4959 643 5031 ἡ
668 4960 740 5015 τὰ
769 4960 1022 5031 πρόόατα
1053 4961 1277 5017 παθεῖν’
1310 4960 1387 5025 ὼς
1418 4962 1527 5032 γὰρ
1556 4978 1678 5015 ποι-

1779 4956 2003 5009 ειιιιιι¹⁷.
2041 4976 2058 5005 ι
2098 4954 2331 5026 ιέΕιιιιὶιιε
2373 4966 2557 5014 autem
2594 4975 2715 5015 esse
2751 4960 2830 5014 ait
2855 4968 3129 5030 pastorem
3154 5000 3169 5025 ,
3197 4974 3363 5030 quam

129 5046 218 5127 μὴν
257 5051 454 5119 ἀγαθὸς
496 5053 602 5125 τὴν
648 5052 829 5124 ψυχὴν
876 5053 1042 5107 αὐτοῦ
1091 5053 1336 5108 τέθεικεν
1394 5054 1537 5125 ὑπὲρ
1570 5053 1679 5108 τῶν

1782 5063 1914 5102 oves
1950 5063 2141 5118 punias
2175 5049 2361 5105 luere:
2396 5067 2522 5106 nam
2580 5060 2641 5107 ut
2683 5053 2861 5108 bonus
2900 5058 3086 5123 pastor
3123 5051 3362 5106 animam

127 5141 401 5211 προϐάτων.
439 5140 579 5201 Εἶτα
609 5145 753 5200 κατά
791 5146 942 5200 θείαν
975 5146 1301 5219 ὑπόμνησιν,
1334 5148 1365 5202 ὁ
1395 5146 1681 5211 θεσπέσιος

1783 5155 1938 5195 suam
1991 5141 2175 5210 posuit
2218 5157 2318 5212 pro
2356 5143 2571 5199 ovibus.
2599 5144 2807 5199 Deinde
2842 5144 3030 5198 divino
3078 5141 3359 5200 admonitu

125 5226 282 5295 Δαϐὶδ,
311 5231 438 5286 ἕνθα
462 5233 558 5289 τὸν
578 5232 809 5303 ἄγγελον
830 5234 923 5289 τὸν
951 5233 1275 5307 ὀλοθρευτὴν
1295 5235 1681 5309 ἀπρακτοῦντα

1784 5232 1979 5288 beatus
2012 5230 2203 5296 David,
2244 5231 2335 5286 ubi
2355 5234 2607 5304 angelum
2636 5233 3115 5288 exterminatorem
3137 5248 3361 5289 cessan-

124 5317 210 5388 ἦδη
239 5322 327 5377 καὶ
358 5324 635 5397 ἑστηκότα
677 5325 932 5382 τεθέαται
1000 5323 1132 5398 (εἶδε
1181 5328 1290 5400 γὰρ
1325 5328 1486 5382 αὑτὸν
1529 5329 1681 5401 παρὰ

1781 5331 1893 5381 ιειιι
1910 5325 2021 5396 jam
2065 5332 2123 5378 et
2143 5332 2377 5378 stantem
2404 5324 2687 5394 conspexit
2711 5324 3029 5395 (viditenim
3052 5340 3176 5381 eum
3190 5342 3361 5397 prope

123 5410 206 5476 τὴν
231 5411 357 5478 ἅλω.
376 5418 588 5487 φησιν),
619 5420 737 5473 ἐκεῖ
753 5418 1021 5491 διαπήξας
1037 5418 1439 5492 θυσιαστήριον,
1455 5421 1681 5477 ὁλοκαυ-

1780 5431 1985 5481 aream,
2011 5415 2236 5486 inquit),
2260 5414 2335 5470 ibi
2371 5413 2477 5470 ﬁxo
2507 5414 2686 5480 altari,
2715 5415 3032 5472 holocausta
3055 5424 3112 5472 et
3132 5416 3360 5488 paciﬁca

124 5499 327 5571 πώματα
348 5506 444 5571 καὶ
461 5508 745 5579 εἰρηνικὰς
773 5508 995 5580 (θυσιῶν
1020 5507 1076 5561 δὲ
1104 5508 1213 5562 τῶν
1240 5509 1381 5565 κατά
1403 5510 1494 5564 τὸν
1519 5510 1681 5581 νόμον

1782 5506 2003 5578 (genera
2041 5514 2225 5560 autem
2249 5520 2312 5560 ca
2339 5514 2467 5559 sunt
2499 5519 2565 5559 ex
2585 5504 2722 5576 legis
2750 5506 3091 5577 prmscripto,
3114 5521 3178 5562 ac
3209 5505 3363 5561 modi

126 5591 223 5662 εἴδη
249 5614 303 5649 τε
333 5600 428 5653 καὶ
470 5601 665 5672 τρόποι
702 5600 880 5671 ταυτὶ)
914 5603 1262 5674 προσαγήοχε
1293 5601 1371 5673 τῷ
1405 5601 1541 5673 Θεῷ.
1573 5602 1683 5656 Καὶ

1782 5596 2132 5669 hostiarum),
2169 5597 2373 5652 obtulit
2426 5596 2558 5652 Deo.
2605 5596 2683 5653 Ac
2716 5613 2811 5668 per
2851 5611 3035 5651 aream
3093 5595 3361 5667 intelliges

124 5681 200 5737 διὰ
239 5689 329 5758 μὲν
365 5691 469 5762 τῆς
520 5693 632 5746 ἆλω
681 5694 892 5764 νοήσεις
941 5695 1039 5765 τὴν
1086 5694 1435 5766 Ἐκκλησίαν,
1484 5695 1562 5757 εἰς
1618 5694 1683 5764 ἣν

1784 5690 2113 5750 Ερειεεὶιιιιι,
2142 5689 2209 5742 ad
2256 5704 2417 5758 quam
2463 5705 2587 5745 cum
2636 5690 3003 5760 pervenisset,
3048 5687 3197 5742 stetit
3245 5696 3359 5741 tan-

192 5841 439 5902 “Cenes.
464 5864 549 5917 ιιι,
574 5851 652 5905 19.
734 5853 774 5885 "
814 5853 955 5909 Psal.
982 5868 1194 5918 LXXXVI,
1219 5853 1270 5906 5.
1349 5853 1389 5883 ¹⁶
1425 5853 1526 5907 ιλιι.
1555 5869 1662 5915 ιλιι,
1691 5851 1743 5907 4.

734 5853 774 5885 ⁸⁵
814 5853 955 5909 Psal.
982 5868 1194 5918 Lxxxvr,
1219 5853 1270 5906 5.
1349 5853 1389 5883 ¹⁶
1425 5853 1526 5907 La.
1555 5869 1662 5915 Lm,
1691 5851 1743 5907 4.
1878 5852 1915 5881 ’⁷
1940 5849 2113 5903 Calai.
2140 5866 2216 5912 ιιι,
2247 5848 2331 5901 13.
