4046 6504
637 355 737 411 291

1629 354 1685 408 S.
1730 350 2005 408 CYRILLI
2044 346 2515 405 ALEXANDRIM
2554 345 2871 408 AllClllEP.

3800 349 3899 406 292

641 466 790 530 dem,
815 474 873 521 et
896 464 1175 522 destructa
1199 480 1346 520 mors
1372 473 1486 531 est;
1508 474 1565 521 et
1586 464 1732 519 illam
1759 464 1911 534 prius
1932 463 2227 518 violentam

2331 465 2657 534 ἀφιγμένος,
2694 464 2825 536 ἔστη
2850 482 2911 519 τε
2936 464 3140 530 λοιπὸν,
3183 466 3276 519 καὶ
3299 462 3621 537 κατηργήθη
3654 463 3898 526 θάνατος.

639 564 698 612 et
717 556 1092 613 devastantem
1130 558 1313 614 omnia
1338 574 1559 613 manum
1590 556 1863 613 contraxit
1891 556 2223 610 extermina-

644 656 757 714 tor;
786 658 871 704 est
889 649 1036 704 enim
1068 650 1216 704 illius
1239 650 1381 710 vitae.
1404 665 1526 719 quae
1550 658 1740 718 suapte
1762 654 1959 701 natura
1982 646 2092 700 vita
2118 655 2222 708 est,

644 740 753 797 hoc
802 750 893 796 est
946 741 1149 796 Christi
1186 741 1403 796 domus.
1454 742 1651 796 Arcam
1690 757 1821 795 vero
1855 739 2092 794 dicimus
2120 739 2225 793 Ec-

641 833 862 888 clesiam
884 850 951 887 ex
973 833 1208 904 imagine
1231 834 1464 903 quadam
1488 843 1653 903 atque
1677 833 2059 896 similitudine,
2079 830 2225 901 quod

642 924 696 977 in
726 939 791 977 ea
834 924 1240 993 manipulorum
1274 925 1658 995 spicarumque
1690 940 1841 979 more
1870 924 2223 993 colliguntur,

640 1016 736 1083 qui
762 1031 796 1068 a
828 1016 1078 1069 saeculari
1113 1015 1226 1070 vita
1263 1026 1580 1069 sanctorum
1621 1029 1925 1069 messorum
1946 1054 1961 1077 ,
1985 1012 2092 1067 hoc
2118 1023 2223 1076 est,

640 1106 1014 1175 apostolorum
1083 1108 1652 1178 evangelistarumque
1696 1104 2083 1176 prmdicatione
2126 1104 2225 1159 de-

639 1208 944 1264 metuntur,
974 1209 1035 1253 ut
1056 1199 1112 1253 in
1143 1200 1265 1253 illas
1290 1215 1519 1269 superas
1544 1199 1695 1252 aulas
1714 1204 2149 1267 comportentur,
2172 1205 2227 1250 et

642 1300 905 1359 tanquam
938 1291 994 1344 in
1030 1292 1375 1347 Dominicum
1424 1292 1684 1346 horreum
1705 1333 1719 1354 ,
1752 1291 1809 1345 in
1836 1292 2117 1346 cmlestem
2157 1292 2225 1345 il-

642 1381 750 1436 lam
784 1382 1089 1437 Jerusalem
1124 1383 1293 1437 veluti
1343 1390 1632 1452 purgatum
1658 1383 1769 1453 jam
1810 1382 2052 1436 triticum
2084 1382 2225 1435 infe-

644 1483 859 1536 rantur,
928 1473 1195 1544 depositis
1254 1473 1544 1529 inutilibus
1586 1483 1641 1527 et
1693 1472 2048 1543 supervacuis
2115 1488 2226 1527 non

643 1563 809 1618 modo
826 1564 1156 1627 actionibus,
1181 1562 1277 1617 sed
1309 1563 1473 1617 etiam
1507 1564 1678 1618 animi
1704 1563 1977 1627 sensibus,
2004 1563 2096 1631 qui
2118 1563 2229 1616 vcl-

645 1666 707 1710 ut
744 1655 799 1709 in
847 1656 1081 1724 imagine
1113 1654 1347 1724 quadam
1389 1655 1669 1724 palearum
1702 1654 2103 1723 intelliguntur.
2139 1654 2228 1707 Di-

643 1757 792 1801 ctum
818 1754 903 1800 est
926 1755 1109 1800 autem
1134 1762 1163 1798 a
1186 1745 1406 1799 Christo
1431 1744 1636 1799 sanctis
1677 1743 1966 1813 apostolis:
1995 1763 2013 1793 ‹
2034 1743 2227 1797 Nonne

2325 557 2421 609 καὶ
2470 556 2570 627 τὴν
2601 557 2767 611 πάλαι
2814 557 2997 628 δεινήν
3021 574 3080 611 τε
3131 558 3228 611 καὶ
3267 558 3683 630 διαφθείρουσαν
3751 560 3904 629 χεῖρε

2327 649 2663 703 συνέστειλεν
2706 652 2736 702 ό
2778 649 3137 721 όλοθρευτής’
3169 644 3316 713 οἶκος
3343 650 3455 721 γάρ
3476 652 3595 703 εστι
3623 651 3723 719 τῆς
3768 651 3904 703 κατὰ

2325 740 2488 810 φύσιν
2525 742 2692 813 ζωῆς,
2728 742 2872 795 τοῦτ’
2918 742 3035 795 ἐστι
3066 741 3324 811 Χριστοῦ.
3367 741 3518 794 "Aloi
3546 740 3605 793 δὲ
3633 738 3780 793 εἷναί
3809 758 3906 807 φα-

2328 848 2427 899 μεν
2450 831 2527 895 ὼς
2555 830 2615 896 ἐξ
2640 831 2951 902 ὁμοιώσεως
2969 832 3061 884 καὶ
3088 830 3294 895 εἰκόνος
3317 831 3416 902 τὴν
3450 830 3807 899 Ἐκκλησίαν,
3825 830 3906 899 ἐφ’

2324 915 2359 993 ᾖ
2387 921 2745 991 δραγμάτων,
2784 922 2952 993 ἡγουν
2976 921 3287 993 ἀσταχύων,
3327 920 3729 993 συλλέγονταῂ]
3757 921 3907 989 δίκην

2324 1015 2373 1066 οί
2423 1013 2523 1083 τῆς
2559 1014 2668 1067 ἀπὸ
2708 1014 2917 1083 κόσμου
2957 1012 3105 1083 ζωῆς
3146 1012 3235 1066 διὰ
3270 1011 3367 1066 τοῦ
3406 1012 3563 1082 λόγου
3593 1013 3705 1064 τῶν
3743 1012 3909 1079 ἁγίων

2325 1108 2633 1177 κειρόμενοι
2676 1106 2963 1177 θεριστῶν,
2990 1105 3135 1159 τοῦτ’
3175 1105 3341 1169 ἔστιν,
3375 1105 3691 1159 ἀποστόλων
3723 1122 3786 1157 τε
3817 1104 3909 1158 καὶ

2324 1200 2745 1269 εὐαγγελιστῶν,
2794 1200 2884 1254 ἵνα
2933 1199 3029 1253 καὶ¹
3070 1200 3152 1262 εἰς
3186 1199 3285 1262 τὰς
3333 1198 3447 1253 ἄνω
3488 1196 3909 1267 συγκομισθεῖεν

2326 1293 2514 1357 αὐλάς,
2538 1294 2632 1347 καὶ
2660 1291 2913 1363 καθάπερ
2934 1294 3016 1355 είς
3034 1290 3321 1361 ἀποθήκην
3339 1288 3690 1359 δεσποτικὴν,
3709 1291 3793 1351 είς
3816 1287 3909 1357 τὴν

2326 1383 2645 1453 ἐπουράνιον
2692 1382 3071 1453 Ἰερουσαλὴμ,
3117 1377 3207 1434 οἷά
3245 1397 3329 1443 τις
3374 1382 3520 1443 σῖτος
3568 1379 3910 1449 είσφέροιντο

2326 1470 2587 1541 καθαρὸς,
2621 1471 2760 1524 κατὰ
2795 1470 2895 1541 τὴν
2933 1471 3043 1523 τῶν
3081 1468 3449 1542 ἁχρειοτέρων
3482 1471 3579 1522 καὶ
3639 1469 3909 1538 περιττῶν

2327 1561 2586 1615 ἀπόθεσιν
2622 1563 2964 1632 πραγμάτων
2993 1579 3054 1614 τε
3085 1562 3201 1632 ἅμα
3228 1561 3324 1615 καὶ
3357 1561 3748 1631 φρονημάτων,
3771 1561 3909 1631 άπερ

2327 1652 2403 1715 ὡς
2429 1654 2486 1705 ὲν
2507 1652 2636 1705 εῖδει
2655 1652 2763 1706 τῶν
2791 1652 3011 1723 ἀχύρων
3037 1655 3256 1706 νοεῖται.
3283 1651 3513 1723 Εἴρηται
3538 1652 3597 1705 δέ
3628 1668 3737 1704 που
3766 1652 3911 1722 παρὰ

2329 1742 2567 1815 Χριστοῦ
2600 1746 2712 1807 τοῖς
2737 1744 2912 1812 ἁγίοις
2943 1743 3286 1807 ἀποστόλοις·
3318 1762 3337 1793 ι
3375 1743 3509 1811 Οὐχὶ
3542 1742 3705 1812 ὑμεῖς
3730 1741 3909 1810 λέγετε

644 1850 741 1890 vos
785 1834 969 1889 dicitis
1008 1834 1154 1904 quod
1205 1835 1386 1889 adhuc
1446 1841 1682 1903 quatuor
1724 1848 1941 1888 menses
1988 1842 2138 1897 sunt,
2177 1841 2227 1887 et

2332 1836 2413 1887 ὅτι
2441 1835 2780 1906 τετράμηνός
2824 1835 2963 1898 ἐστι,
3002 1837 3097 1888 καὶ
3124 1838 3152 1889 ὁ
3189 1834 3447 1907 θερισμὸς
3477 1834 3736 1904 ἐρχεταις
3785 1834 3909 1888 Ἰδοὺ

639 1928 837 1985 messis
880 1928 1070 1983 venit?
1092 1928 1233 1983 Ecce
1257 1928 1383 1983 dico
1440 1926 1637 1981 vobis:
1664 1926 1865 1981 Levate
1915 1927 2104 1981 oculos
2132 1942 2229 1981 ve-

638 2031 805 2087 stros,
836 2031 893 2077 et
918 2021 1101 2076 videte
1124 2022 1397 2092 regiones,
1423 2020 1683 2090 quoniam
1716 2019 1854 2073 albae
1876 2028 2006 2072 sunt
2024 2019 2136 2088 jam
2161 2018 2229 2071 ad

638 2129 896 2170 messem.
924 2113 993 2168 Et
1013 2113 1107 2183 qui
1131 2113 1309 2177 metit,
1335 2111 1647 2167 mercedem
1671 2111 1892 2180 accipit,
1915 2120 1976 2164 et
1995 2125 2230 2181 congreo

637 2216 729 2277 gat
747 2206 984 2260 fructum
1006 2205 1061 2259 in
1092 2205 1258 2259 vitam
1276 2212 1535 2262 aeternam
1555 2203 1631 2269 ¹⁸;
1660 2222 1677 2254 ι
1696 2202 2231 2257 ειίιειυιιιειΜοεείε

638 2295 860 2367 quidem
883 2295 1075 2358 multa,
1098 2294 1337 2363 operarii
1363 2302 1546 2348 autem
1564 2292 1745 2363 pauci;
1767 2292 1879 2361 99
1894 2301 2079 2362 rogate
2100 2306 2230 2361 ergo

640 2386 925 2441 dominum
980 2384 1195 2449 messis,
1225 2392 1288 2438 ut
1337 2384 1521 2439 mittat
1551 2383 1832 2453 operarios
1878 2382 1936 2436 in
1991 2398 2228 2438 messem

641 2478 876 2533 suam".
909 2497 927 2528 ι
964 2476 1216 2542 Messem,
1256 2476 1475 2546 opinor,
1507 2475 1871 2546 spiritualem,
1912 2475 2225 2544 eorum,qui

641 2568 903 2623 credituri
941 2576 1130 2631 erant,
1161 2566 1572 2622 multitudinem
1620 2567 1961 2635 appellavit:
2008 2576 2228 2621 sanctos

642 2674 772 2714 vero
814 2673 1083 2713 messores
1149 2674 1248 2712 eos
1292 2658 1434 2713 dixit
1480 2658 1574 2727 qui
1613 2658 1863 2712 divinum
1900 2658 2129 2712 verbum
2172 2658 2225 2713 in

641 2758 825 2803 mente
862 2763 927 2802 ac
964 2748 1147 2818 lingua
1182 2748 1407 2812 habent,
1441 2768 1458 2798 ‹
1488 2748 1635 2817 quod
1667 2748 1854 2803 vivum
1890 2758 1994 2813 est,
2024 2758 2080 2804 et
2108 2748 2225 2804 clli-

640 2855 762 2903 cax,
796 2848 851 2893 et
890 2840 1287 2909 penetrabilius
1320 2838 1470 2893 omni
1507 2838 1689 2909 gladio
1717 2838 1980 2910 ancipiti,
2020 2849 2076 2895 et
2104 2857 2228 2911 per-

641 2930 802 3001 tingit
827 2946 1001 3000 usque
1030 2930 1098 2984 ad
1136 2930 1464 2986 divisionem
1490 2931 1685 2985 animm
1718 2947 1783 2986 ac
1806 2932 2053 3001 spiritus,
2079 2947 2226 2987 com-

639 3036 837 3092 pagum
875 3036 1098 3091 quoque
1154 3037 1219 3076 ac
1270 3019 1634 3075 medullarum
1670 3021 1735 3073 ".
1787 3041 1803 3070 ι
1849 3020 2005 3075 Areas
2059 3037 2225 3090 porro

638 3113 882 3176 nomine,
924 3113 1118 3167 beatus
1156 3126 1378 3182 quoque
1404 3111 1645 3181 Baptista
1675 3111 2001 3182 signiﬁcavit
2037 3112 2225 3167 Eccle-

637 3202 798 3266 siam,
821 3169 947 3257 cum
976 3201 1044 3256 de
1060 3169 1381 3256 Cliristo.sic
1404 3169 1593 3271 dis-it}:
1650 3220 1666 3251 ι
1697 3169 1810 3271 Euge
1834 3201 2059 3271 quidem
2080 3217 2221 3272 aqua
2250 3169 2291 3224 θ

638 3294 857 3365 baptizo
895 3308 1026 3359 vos;
1084 3294 1238 3349 venit
1274 3301 1458 3349 autem
1498 3293 1692 3349 fortior
1729 3310 1845 3359 me,
1897 3295 2056 3365 cujus
2108 3308 2221 3348 non

638 3402 760 3441 sum
799 3386 999 3457 dignus
1060 3386 1273 3440 solvere
1334 3384 1623 3455 corrigiam
1684 3387 2216 3442 calceamentorum:

640 3477 757 3548 ipse
795 3492 893 3532 vos
930 3477 1233 3546 baptizabit
1270 3477 1326 3530 in
1361 3476 1571 3545 Spiritu
1609 3484 1803 3531 sancto
1838 3485 1896 3531 et
1930 3478 2078 3548 igni:
2123 3494 2221 3532 cu-

636 3568 727 3638 jus
765 3568 1134 3623 ventilabrum
1164 3568 1220 3621 in
1250 3584 1415 3622 manu
1446 3584 1542 3622 sua
1565 3608 1580 3631 ,
1619 3576 1676 3622 et
1714 3568 2004 3624 mundabit
2039 3585 2224 3624 arcam

642 3674 819 3723 suam,
856 3667 914 3714 et
945 3659 1300 3729 congregabit
1341 3660 1587 3714 triticum
1634 3677 1793 3714 suum
1844 3660 1902 3715 in
1938 3661 2222 3725 horreum,

642 3752 827 3823 paleas
874 3759 1058 3805 autem
1119 3750 1408 3805 comburet
1457 3751 1569 3821 igni
1628 3751 2152 3822 incxstinguibili".
2200 3771 2218 3803 ι

643 3843 796 3899 Hanc
821 3843 986 3914 igitur
1023 3842 1362 3922 spiritualem
1396 3842 1948 3907 aream,Ecclesiam,
1978 3842 2223 3913 inquam,

642 3934 778 3990 emit
812 3933 1066 3990 Christus
1105 3934 1503 4006 quinquaginta
1558 3934 1745 3999 siclis,
1793 3934 1898 3989 hoc
1952 3943 2075 3999 est,
2116 3949 2228 3989 non

642 4024 841 4095 exiguo
907 4024 1086 4094 pretio
1133 4041 1147 4089 ;
1220 4041 1278 4080 se
1318 4025 1497 4095 ipsum
1538 4040 1775 4095 namque
1816 4024 1970 4080 dedit
2010 4041 2111 4096 pro
2138 4042 2224 4091 ea,

646 4116 703 4171 in
736 4132 911 4185 eaque
943 4116 1059 4170 ﬁxit
1085 4116 1294 4171 altare:
1336 4132 1573 4186 cumque
1607 4115 1752 4170 idem
1792 4127 1938 4172 esset
1974 4118 2231 4173 σοαπ-(108

649 4208 845 4279 (factus
871 4224 1107 4278 namque
1133 4217 1219 4263 est
1235 4207 1481 4278 pontifex
1509 4222 1759 4263 summus
1794 4208 1883 4279 ”),
1900 4207 2045 4263 idem
2065 4208 2230 4263 victi-

644 4317 755 4365 ma,
796 4317 855 4356 se.
882 4302 1059 4371 ipsum
1100 4301 1325 4365 obtulit,
1355 4308 1615 4371 tanquam
1644 4300 1700 4355 in
1738 4300 1921 4371 specie
1958 4316 2022 4355 ac
2058 4300 2231 4371 ﬁgura

643 4393 802 4448 vituli
828 4393 1161 4457 triturantis,
1185 4400 1242 4447 et
1263 4392 1440 4448 factus
1464 4401 1550 4447 est
1571 4392 1950 4447 holocaustum
1978 4400 2034 4446 et
2055 4393 2233 4448 hostia

2332 1927 2475 1995 λέγω
2508 1928 2676 1997 ὑμῖν*
2732 1926 3003 1999 Ἑπάρατε
3044 1928 3171 1991 τοὺς
3220 1926 3531 1996 ὀφθαλμοὺς
3584 1927 3768 1997 ὑμῶν,
3824 1929 3911 1980 καὶ

2332 2018 2598 2072 θεάσασθε
2626 2020 2726 2083 τὰς
2763 2019 2967 2091 χώρας,
3005 2021 3085 2073 ὅτι
3128 2019 3317 2072 λευκαί
3343 2021 3449 2071 είσι
3487 2019 3625 2090 πρὸς
3650 2019 3910 2091 θερισμὸν

2330 2110 2453 2181 ήδη.
2505 2110 2565 2163 ’0
2600 2109 2827 2182 θερίζων
2850 2110 3039 2181 μισθὸν
3075 2110 3363 2179 λαμϐάνει,
3403 2111 3499 2163 καὶ
3525 2110 3758 2178 συνάγει
3778 2128 3907 2182 καρι-

2331 2202 2432 2255 πὸν
2466 2204 2545 2266 είς
2580 2201 2726 2273 ζωὴν
2764 2201 3003 2257 αἰώνιον.
3035 2221 3053 2253 ι
3092 2203 3201 2256 Καὶ
3239 2202 3431 2257 πάλιν
3466 2222 3485 2254 ι
3530 2203 3588 2255 ’0
3632 2204 3738 2273 μὲν
3772 2203 3909 2276 θερι-

2332 2296 2468 2366 σμὸς
2504 2296 2691 2360 πολὺς,
2728 2297 2780 2349 οἱ
2817 2297 2876 2350 δὲ
2909 2295 3140 2369 ἐργάται
3171 2296 3361 2365 ὀλίγοι.
3411 2296 3655 2367 Δεήθητε
3687 2293 3783 2350 οὖν
3822 2297 3910 2351 τοῦ

2330 2387 2534 2461 Κυρίου
2556 2386 2650 2442 τοῦ
2668 2387 2951 2460 θερισμοῦ,
2973 2388 3060 2442 ἵνα
3081 2387 3287 2460 ὲκσάλῃ
3307 2388 3542 2459 ἐργάτας
3560 2391 3641 2453 είς
3655 2388 3911 2459 θερισμὸν

2328 2478 2516 2534 αὐτοῦ.
2577 2498 2596 2530 ι
2659 2480 2963 2551 Θερισμὸν,
3026 2475 3215 2551 οἴμαι,
3264 2480 3358 2534 τὸν
3409 2481 3601 2551 νοητὸν
3650 2482 3757 2552 τὴν
3810 2482 3909 2535 τῶν

2331 2568 2635 2639 μελλόντων
2680 2568 2958 2621 πιστεύειν
3007 2566 3290 2640 ὀνομάζων
3340 2567 3583 2640 πληθὺν,
3637 2571 3832 2639 ἁγίους
3858 2570 3909 2623 δδ

2328 2661 2581 2733 θεριστὰς
2632 2655 2772 2715 εἶναι
2822 2661 2996 2728 λέγων
3044 2663 3171 2725 τοὺς
3222 2664 3302 2727 είς
3352 2662 3478 2718 νοῦν
3517 2664 3614 2716 καὶ
3666 2662 3908 2731 γλῶτταν

2324 2752 2418 2806 τὸν
2451 2752 2596 2805 θεῖον
2630 2751 2853 2823 ἔχοντας
2873 2752 3053 2821 λόγον,
3080 2753 3137 2816 ὃς
3173 2756 3290 2809 ἐστι
3313 2754 3420 2817 ζῶν
3443 2770 3504 2806 τε
3529 2754 3626 2806 καὶ⁵
3654 2754 3907 2824 ἐναργὴς.

2327 2845 2422 2897 καί⁹
2461 2843 2776 2915 τομώτατος
2810 2844 2953 2916 ὑπὲρ
2988 2846 3168 2897 πᾶσαν
3197 2845 3473 2915 μάχαιραν
3501 2844 3782 2914 δίστομον,
3822 2842 3910 2896 καὶ

2324 2935 2695 3007 διικνούμενος
2714 2935 2842 3007 ἄχρι
2871 2934 3140 3006 μερισμοῦ
3169 2934 3345 3005 ψυχῆς
3370 2950 3430 2987 τε
3456 2933 3554 2989 καὶ
3582 2933 3907 3004 πνεύματος,

2325 3026 2519 3098 ἁρμῶν
2544 3043 2606 3079 τε
2636 3027 2733 3079 καὶ
2766 3025 3002 3096 μυελῶν.
3042 3043 3060 3075 ι
3101 3024 3355 3093 ὐνόματι
3392 3022 3449 3076 δὲ
3496 3022 3597 3091 τῆς
3645 3021 3765 3075 ἆλω
3824 3022 3909 3073 καὶ

2326 3118 2355 3169 ὁ
2393 3116 2666 3186 μακάριος
2714 3116 3026 3184 Βαπτιστὴς
3064 3113 3359 3183 κατεδήλου
3407 3112 3508 3183 τὴν
3563 3112 3907 3183 Ἐκκλησίαν,

2321 3210 2418 3262 ὡδί
2435 3225 2537 3262 που
2557 3208 2733 3276 λέγων
2751 3208 2881 3279 περὶ
2902 3205 3160 3278 Χριστοῦ·
3176 3225 3193 3256 ι
3216 3205 3358 3273 Ἐγὼ
3380 3203 3477 3275 μὲν
3498 3202 3653 3257 ὕδατι
3671 3202 3911 3273 βαπτίζω

2323 3304 2503 3375 ὑμᾶς,
2562 3302 2783 3373 ἔρχεται
2816 3300 2874 3354 δὲ
2910 3302 2939 3354 ὁ
2980 3297 3325 3369 ἰσχυρότερός
3358 3314 3495 3368 μου,
3541 3290 3605 3349 οὗ
3646 3296 3753 3350 οὐκ
3799 3294 3908 3364 εἰμὶ

2325 3396 2506 3457 ἱκανὸς
2552 3394 2709 3447 λῦσαι
2759 3393 2850 3445 τὸν
2905 3393 3103 3461 ἱμάντα
3142 3390 3251 3443 τῶν
3292 3389 3662 3459 ὑποδημάτων
3716 3387 3906 3441 αὐτοῦ·

2324 3487 2486 3550 αὐτὸς
2524 3487 2669 3557 ὑμᾶς
2722 3484 2974 3555 βαπτίσει
3011 3486 3069 3536 ὲν
3111 3483 3390 3554 Πνεύματι
3429 3483 3571 3550 ἁγίῳ
3613 3482 3712 3535 καὶ
3743 3481 3908 3552 πυρί·

2324 3573 2387 3633 οῦ
2415 3579 2477 3632 τὸ
2510 3578 2678 3632 πτύον
2714 3580 2771 3631 ὲν
2805 3581 2871 3648 τῇ
2906 3578 3051 3647 χειρὶ
3096 3574 3285 3637 αὐτοῦ,
3311 3575 3405 3628 καὶ
3436 3573 3794 3644 διακαθαριεῖ
3819 3571 3912 3641 τὴν

2328 3672 2508 3726 ἆλωνα
2549 3669 2740 3733 αὑτοῦ,
2788 3668 2883 3721 καὶ
2927 3665 3146 3731 συνάξει
3182 3664 3276 3719 τὸν
3319 3667 3466 3717 σῖτον
3496 3662 3666 3715 αὐτοῦ
3705 3664 3787 3725 είς
3819 3661 3912 3731 τὴν

2329 3763 2639 3835 ἀποθήκην.
2668 3762 2731 3816 τὸ
2755 3761 2812 3815 δὲ
2832 3762 3035 3831 ἄχυρον
3058 3756 3397 3813 κατακαύσει
3428 3756 3565 3826 πυρὶ
3585 3755 3857 3823 ἀσϐέστῳ.
3888 3772 3908 3805 ι

2329 3858 2547 3927 Ταύτην
2583 3852 2678 3909 οὖν
2709 3856 2818 3925 ἄρα
2848 3856 2947 3924 τὴν
2984 3852 3097 3907 ἁλω
3142 3851 3240 3922 τὴν
3273 3849 3491 3920 νοητὴν,
3536 3848 3687 3918 φημὶ
3726 3848 3792 3916 δὴ
3821 3848 3913 3918 τὴν

2344 3948 2693 4019 Ἐκκλησίαν,
2728 3945 3019 4017 ἐξεπρίατο
3052 3941 3288 4014 Χριστὸς
3322 3940 3662 4011 πεντήκοντα
3698 3938 3909 3998 σίκλων,

2330 4041 2471 4095 τοῦτ’
2510 4040 2679 4103 ἐστιν,
2725 4039 2827 4091 οὐκ
2875 4036 3128 4106 ἐλαφρῶν
3168 4031 3495 4105 τιμημάτων
3520 4047 3535 4059 '
3581 4030 3781 4083 ἑαυτὸν
3811 4028 3913 4100 γὰρ

2330 4134 2564 4188 δέδωκεν
2598 4132 2738 4201 ὑπὲρ
2780 4129 2976 4199 αὐτῆς,
3003 4128 3097 4181 καὶ
3135 4125 3333 4195 ἔπηξεν
3365 4126 3423 4176 ὲν
3450 4122 3591 4193 αὐτῇ
3626 4121 3694 4175 τὸ
3728 4122 3910 4174 θυσια-

2335 4227 2573 4296 στήριον·
2600 4222 2695 4277 καὶ
2717 4220 2944 4292 ἐπείπερ
2969 4217 3128 4280 αὑτός
3152 4217 3301 4269 ἔστιν
3334 4214 3363 4266 ὁ
3390 4214 3678 4296 ἱερουργὺς
3707 4212 3911 4281 (γέγονε

2333 4294 2451 4388 γὰρ
2489 4314 2831 4387 ἀρχιερεὺς),
2878 4312 2972 4365 καὶ
3023 4309 3185 4373 αὐτὸς
3235 4308 3300 4361 τὸ
3327 4306 3477 4376 θῦμα
3515 4294 3911 4378 προσεκόμισεν

2336 4410 2546 4473 ἑαυτὸν,
2584 4408 2661 4472 ὡς
2688 4408 2747 4459 ὲν
2780 4405 2910 4459 εῖδει
2941 4403 3039 4457 καὶ
3062 4401 3218 4472 τύπῳ
3247 4398 3340 4453 τοῦ
3382 4397 3658 4460 ἁλοιῖιντος
3695 4396 3909 4467 μόσχον,

647 4484 893 4554 paciﬁca.
937 4483 1163 4539 Solutus
1213 4493 1300 4539 est
1335 4484 1485 4539 enim
1526 4483 1616 4538 ille
1656 4484 1873 4539 medius
1910 4484 2094 4554 paries
2133 4500 2227 4554 per

2337 4502 2432 4557 καὶ
2459 4502 2685 4570 γέγονεν
2717 4496 3082 4568 ὁλοκαύτωμα
3123 4495 3219 4549 καὶ
3246 4492 3499 4566 είρηνικὴ
3534 4490 3721 4543 θυσία.
3753 4487 3913 4542 Allo-

645 4574 948 4639 Christum,
978 4586 1036 4631 et
1069 4576 1167 4645 qui
1219 4575 1349 4630 olim
1387 4576 1650 4646 disiuncti
1694 4592 1759 4631 ac
1796 4577 2062 4647 segregati
2100 4592 2228 4630 era-

648 4680 772 4718 mus
810 4664 1020 4735 peccati
1047 4665 1238 4735 culpa,
1279 4680 1378 4734 per
1406 4665 1585 4735 ipsum
1626 4674 1685 4721 et
1714 4667 1771 4720 in
1803 4666 1922 4736 ipso
1947 4682 2072 4721 cum
2114 4667 2227 4721 Deo

647 4761 704 4806 et
742 4753 901 4807 Patre
939 4753 1346 4824 conjungimur,
1371 4754 1617 4824 antiquis
1648 4755 1759 4810 illis
1798 4755 2103 4811 inimicitiis
2127 4772 2225 4812 ex-

646 4844 898 4900 stinctis:
932 4864 949 4896 ι
976 4844 1096 4915 lpse
1115 4853 1200 4899 est
1228 4846 1374 4901 enim
1396 4861 1499 4917 pax
1518 4856 1705 4901 nostra
1727 4846 1825 4913 “,i
1852 4856 1913 4902 ut
1930 4846 2229 4919 Scriptum

645 4947 937 4993 testantur.

715 5083 910 5139 PALL.
945 5085 1186 5141 Vitulum
1206 5084 1371 5156 igitur
1402 5085 1749 5141 triturantem
1780 5086 2111 5143 intellecturi
2140 5106 2234 5145 su-

647 5190 768 5228 mus
785 5174 1107 5231 Christum?
1140 5194 1379 5248 quonam
1409 5176 1463 5231 id
1491 5177 1654 5232 modo
1688 5178 1953 5233 tandem?

714 5262 869 5319 (ΝΒ.
889 5267 969 5320 An
994 5283 1144 5331 vero,
1161 5267 1388 5325 Palladi.
1406 5281 1514 5321 non
1534 5266 1832 5321 vitulorum
1857 5268 2233 5324 triturantium

2332 4609 2421 4645 ται
2465 4592 2574 4660 γάρ
2618 4590 2681 4644 τὸ
2724 4586 3056 4660 μεσολαϐοῦν
3104 4587 3163 4639 ὲν
3217 4582 3461 4655 Χριστῷ,
3510 4582 3610 4635 καὶ
3657 4582 3713 4635 οί
3752 4580 3913 4634 πάλαι

2333 4682 2681 4753 διεστηκότες
2712 4697 2773 4734 τε
2807 4681 2903 4734 καὶ
2945 4676 3324 4749 ἁφωρισμένοι
3375 4674 3465 4728 διὰ
3501 4672 3600 4744 τὴν
3644 4670 3915 4743 ἁμαρτίαν

2335 4773 2757 4847 συνεισδυόμεθα
2784 4773 2853 4827 δι’
2890 4771 3056 4825 αὐτοῦ
3085 4786 3147 4823 τε
3172 4769 3267 4823 καὶ
3297 4769 3356 4821 ὲν
3390 4764 3541 4836 αὐτῷ
3564 4764 3646 4835 τῷ
3675 4763 3791 4833 Θεῷ
3816 4763 3915 4816 καὶ

2336 4870 2535 4941 [lat-pl,
2580 4869 2680 4939 τὴν
2714 4864 2950 4938 ἀρχαίαν
2991 4862 3208 4931 ἐκείνην
3252 4856 3656 4918 καταλύσαντες
3694 4853 3911 4925 ἔχθραν.

2339 4962 2510 5025 Αὐτὸς
2539 4962 2647 5031 γάρ
2674 4960 2821 5013 ἔστιν
2854 4959 2889 5027 ἡ
2932 4956 3121 5027 εἰρήνη
3162 4952 3342 5025 ήμῶν,
3372 4950 3517 5004 κατὰ
3539 4949 3640 5011 τὰς
3670 4945 3911 5019 Γραφὰς.

2407 5056 2615 5109 ΠΑᾹᾹι
2656 5052 2872 5123 Μόσχον
2915 5046 3008 5102 οὖν
3054 5048 3165 5116 ἄρα
3221 5046 3485 5115 νοήσομεν
3532 5040 3629 5092 τὸν
3671 5037 3912 5092 ἀλοῶντα

2336 5149 2569 5222 Χριστόν
2590 5164 2604 5211 ;
2626 5142 2749 5199 τίνα
2778 5143 2979 5214 τρόπον
3010 5144 3146 5212 φής;

2404 5262 2571 5317 ΚΥΡ.
2629 5260 2705 5313 Ού
2748 5258 2891 5330 γὰρ,
2926 5251 2971 5311 ὦ
3014 5254 3268 5325 φιλότης,
3310 5251 3546 5322 μόσχους
3598 5248 3731 5318 ἡμῖν
3784 5244 3915 5304 τοὺς

648 5356 866 5410 nomine
896 5358 981 5411 lex
1015 5359 1181 5430 Moysi
1208 5358 1509 5428 discipulos
1545 5366 1763 5411 sanctos
1788 5360 2124 5428 appellavit?
2154 5360 2227 5417 sic

2331 5355 2604 5416 ἁλοῶντας
2629 5355 2657 5406 ό
2685 5350 2773 5405 διὰ
2804 5348 3047 5412 Μωσέως
3075 5346 3237 5417 νόμος
3264 5346 3392 5407 τοὺς
3434 5341 3625 5409 ἁγίους
3660 5338 3913 5430 ὠνόμασε

647 5446 793 5499 cnim
842 5463 941 5517 per
983 5428 1213 5520 aenigma
1260 5450 1430 5504 dixit:
1476 5468 1493 5500 ι
1536 5448 1657 5503 Non
1705 5449 1956 5520 alligabis
1996 5467 2057 5505 os
2105 5452 2227 5507 bovi

2335 5447 2615 5520 μαθητάς;
2659 5444 2761 5515 ἔφη
2805 5444 2912 5513 γὰρ
2961 5435 3410 5509 αἰνιγματωδῶς·
3473 5452 3491 5485 ι
3534 5432 3609 5486 Οὐ
3647 5428 3915 5520 φιμώσεις

649 5538 923 5592 trituranti
942 5541 1006 5593 ".
1045 5560 1061 5589 ι
1090 5518 1245 5606 Quod
1270 5542 1445 5611 ipsum
1469 5556 1595 5595 cum
1622 5518 2034 5597 evidentissime
2062 5543 2223 5598 intel-

2335 5518 2753 5614 βοῦννὰλοῶντα.
2800 5556 2818 5587 i
2853 5537 2919 5589 Ὃ
2940 5534 3005 5605 δὴ
3046 5532 3141 5585 καὶ
3169 5530 3313 5602 μάλα
3354 5526 3542 5595 σαφῶς
3580 5518 3916 5614 ὲννενοηκέυς

646 5626 869 5683 lexissct
918 5630 1111 5685 beatus
1142 5609 1361 5696 Paulus,
1420 5632 1495 5685 ait
1528 5649 1539 5684 τ
1591 5651 1608 5682 ι
1644 5631 1904 5702 Nunquid
1941 5633 2008 5688 de
2049 5635 2227 5692 bobus

2332 5609 2361 5687 δ
2388 5634 2659 5706 μακάριος
2693 5629 2904 5694 Παῦλος
2925 5644 2939 5659 ·
2982 5648 2999 5679 ι
3045 5626 3137 5696 Μὴ
3177 5621 3281 5677 τῶν
3299 5619 3440 5692 βοῶν
3470 5616 3621 5689 μέλει
3646 5614 3720 5683 τῷ
3754 5609 3914 5679 Θεῷς

720 5786 762 5815 ¹¹¹
780 5784 1029 5848 Joan.tv,
1051 5786 1139 5849 55,
1180 5786 1268 5840 56.
1347 5786 1807 5853 "lllattli.tx,37,
1844 5789 1928 5843 58.
2003 5794 2047 5823 ὀ
2086 5793 2227 5846 Hebr

650 5872 707 5912 ιι.
752 5854 835 5908 l-l.
908 5857 1126 5912 "Deut.
1156 5873 1277 5912 xxv.
1315 5856 1369 5910 4.

2335 5832 2348 5856 ,
2376 5790 2463 5845 12.
2513 5790 2555 5823 ’⁸
2578 5788 2711 5844 Luc.
2736 5802 2814 5851 ιιι,
2842 5785 2926 5847 lc,
2956 5783 3040 5836 Π.
3114 5780 3160 5810 ¹¹
3182 5775 3352 5832 Hebr.
3382 5784 3456 5833 vi,
3479 5766 3571 5821 20.
3634 5767 3676 5796 "
3697 5764 3908 5835 Ephcs.
