4046 6492
175 394 265 450 295
816 376 907 432 DE
945 367 1386 429 ADORATIONE
1424 366 1492 422 IN
1529 363 1797 421 SPIRITU
1842 363 1928 418 ET
1970 362 2337 418 VERITATE.
2378 363 2505 417 LIB.
2548 364 2634 418 111.

3280 363 3387 422 294

176 513 233 567 Ἦ
254 510 315 563 δι’
346 502 482 576 ἡμᾶς
501 498 719 561 πάντως
750 496 928 564 levet;
958 495 1034 546 At‘
1056 494 1204 563 ἡμᾶς
1224 490 1332 559 γὰρ
1353 487 1591 559 ἐγράφη,
1623 485 1702 576 ὅτι

1808 498 1939 537 cura
1982 490 2069 537 est
2103 481 2253 536 Deo?
2286 497 2355 535 an
2389 490 2612 551 propter
2642 495 2741 535 nos
2801 478 2991 549 utique
3035 468 3212 533 dicit?
3258 494 3390 549 pro-

172 599 344 672 ὀφείλει
363 575 441 647 ἐπ’
470 588 641 644 ἑλπίδι
661 589 690 641 ό
715 584 987 659 ἀροτριῶν
1004 582 1285 672 ἀροτριᾷν,
1307 579 1398 632 καὶ
1422 576 1595 672 ἀλοῑδν
1620 575 1708 672 tr.”

172 666 323 747 ἐλπίδι
341 684 427 739 τοῦ
454 680 716 753 μετέχειν.
748 696 767 729 ι
800 678 1007 746 Μόσχοι
1028 671 1338 744 τοιγαροῦν,
1373 670 1492 723 κατ’
1524 666 1708 719 εἰκόνα

173 778 249 832 τοῦ
272 772 489 844 πρώτου,
512 767 658 822 τοῦτ’
685 763 1100 836 ἕστι,Χριστοῦ,
1132 762 1227 816 καὶ
1254 762 1302 813 οί
1337 758 1593 831 μακάριοι
1613 772 1711 826 μα-

175 866 323 937 θηταί.
351 863 555 929 Μόσχος
595 858 651 911 δὲ
673 857 766 910 καὶ
788 855 990 926 ἑτέρως
1011 852 1261 922 ἀλωητὴς
1290 851 1318 902 ό
1351 849 1610 919 Χριστόςο
1639 844 1705 898 δι’

174 956 309 1012 αὐτοῦ
330 954 427 1024 γάρ
449 952 480 1021 ή
501 950 765 1021 κάθαρσις
784 949 876 1001 καὶ
891 949 925 1018 ἡ
954 946 1060 999 τῶν
1082 942 1351 1015 περιττῶν
1369 939 1706 1011 πραγμάτων

173 1048 414 1106 ἀπόθεσις,
460 1039 858 1112 περισπασμῶν
899 1038 961 1092 τέ
1030 1053 1175 1107 φημι
1238 1034 1335 1088 καὶ
1387 1032 1496 1084 τῶν
1566 1029 1708 1083 κατά

172 1141 245 1194 τὸν
268 1136 453 1205 κόσμον
473 1130 836 1203 φρονημάτων
868 1127 1168 1197 σαρκικῶν,
1205 1124 1240 1178 ἃ
1265 1125 1358 1179 καὶ
1379 1122 1573 1192 φλογός
1599 1122 1705 1173 είσι

172 1231 336 1306 τροφὴ,
363 1226 605 1296 καθάπερ
635 1225 727 1277 καλ⁸
753 1222 813 1275 τὸ
839 1223 939 1291 ἀχυ
949 1238 1059 1292 ρον.
1105 1217 1505 1290 Ἐγηγερμένου
1534 1214 1590 1268 δὲ
1612 1213 1705 1267 τοῦ

171 1319 535 1391 θυσιαστηρίου,
562 1319 646 1386 ἐφ’
667 1310 711 1384 ᾧ
739 1316 833 1368 καὶ
853 1311 1103 1385 εἰρηνικὴ
1124 1312 1215 1364 καὶ
1237 1309 1297 1363 τὺ
1323 1307 1703 1377 όλοκαύτωμα,

171 1418 351 1471 λέλυται
375 1413 433 1466 τὸ
468 1400 691 1465 λυποῦν·
726 1408 1000 1477 ἐπήκουσε
1024 1403 1133 1474 γὰρ
1164 1403 1364 1474 Κύριος
1396 1404 1463 1471 τῇ
1486 1402 1576 1470 γῇ,
1615 1399 1707 1453 καὶ

172 1505 429 1577 συνεσχέθη
469 1507 502 1573 ἡ
541 1501 786 1572 θραῦσις.
830 1497 1052 1552 Ἑαυτὸν
1076 1498 1180 1567 γὰρ
1207 1494 1349 1564 ὑπὲρ
1374 1492 1531 1563 ἡμῶν
1560 1494 1707 1562 ἱερα-

166 1600 418 1659 τεύσαντος
460 1594 555 1648 τοῦ
614 1593 885 1664 Χριστοῦ,
944 1587 1266 1660 κατηργηθη
1319 1586 1565 1650 θάνατος,
1612 1583 1707 1636 καὶ

166 1691 408 1762 ἀνετράπη
438 1684 635 1756 φθορὰ,
662 1683 879 1752 ἒτοιμον
914 1680 1016 1751 ἤδη
1038 1696 1155 1743 πως
1187 1680 1306 1736 ταῖς
1337 1676 1593 1730 ἁπάντων
1619 1674 1707 1727 εὑ-

165 1785 266 1853 χαῖς
316 1778 635 1848 ὑποσχόντος
679 1775 740 1829 τὸ
773 1772 867 1838 οὖς
895 1772 990 1827 τοῦ
1024 1773 1203 1827 πάντα
1244 1769 1515 1840 ἰσχύοντος
1544 1766 1702 1820 Θεοῖν

170 1874 304 1927 ιἝτι
330 1871 432 1942 γὰρ
459 1868 749 1930 λαλοῦντός
768 1883 883 1930 σου,
914 1864 1097 1935 φησιν,
1130 1862 1264 1935 ἐρᾶν
1290 1861 1355 1915 Τί
1385 1863 1567 1922 ὲστιν;
1597 1879 1615 1911 ι
1633 1860 1707 1912 Τδ

163 1966 209 2018 δέ
232 1982 286 2033 γε
320 1961 505 2033 μικρὸν
530 1955 669 2013 εἶναι
692 1959 751 2013 τὺ
776 1961 837 2011 ἐν
862 1958 1057 2029 ἀρχαῖς
1096 1954 1502 2025 θυσιαστήριον,
1538 1970 1706 2021 προσ-

161 2055 397 2110 τεθεισθαι
427 2052 482 2106 δὲ
509 2051 690 2121 λέγειν
718 2050 945 2121 ὕστερον
977 2048 1146 2118 αὐτῷ,
1175 2047 1275 2119 τὴν
1313 2046 1452 2099 κατά
1482 2046 1709 2115 καιροὺς

163 2147 392 2218 ἐσομένην
422 2143 520 2199 τοῦ
561 2141 891 2212 Εὑαγγελίου
942 2139 1225 2211 προκοπὴν
1268 2137 1438 2209 δηλοῖ,
1467 2137 1563 2189 καὶ
1598 2135 1707 2188 τῶν

160 2238 304 2308 ἁγίων
361 2235 696 2306 Ἐκκλησιῶν
757 2233 818 2287 τὸ
877 2230 1302 2302 συνεσταλμένον
1354 2230 1414 2282 ὲν
1474 2228 1667 2299 ἀρχαῖς
1690 2267 1705 2291 ,

163 2333 331 2394 πλάτος
355 2331 406 2384 δὲ
428 2329 623 2400 ὥσπερ
679 2328 772 2381 καὶ
797 2328 854 2381 ὲν
881 2328 994 2389 τοῖς
1022 2323 1240 2394 ἐφεξῆς.
1274 2320 1572 2393 Εὑρύνεται
1599 2320 1709 2390 γὰρ

160 2420 250 2479 οἷον
270 2425 348 2477 ἀεὶ
374 2423 441 2476 τά
467 2423 855 2493 θυσιαστήρια,
889 2418 1330 2491 προστιθεμένων
1370 2412 1708 2485 Ἐκκλησιῶν

159 2516 226 2568 ἀεί
241 2532 344 2579 πως
364 2518 477 2578 ταῖς
504 2514 754 2586 πρώταις
775 2512 860 2566 ἑτέ
869 2530 997 2584 ρων,
1030 2510 1126 2565 καὶ
1148 2511 1226 2573 είς
1248 2507 1456 2578 πληθὺν
1472 2508 1710 2577 ἀμέτρη·

158 2624 229 2660 τον
248 2607 630 2678 ὲκτεινομένων
658 2606 768 2658 τῶν
796 2604 960 2667 λαῶν,
983 2602 1034 2656 οἳ
1061 2601 1149 2655 διὰ
1170 2601 1272 2671 τῆς
1293 2602 1350 2652 ἐν
1371 2595 1593 2669 Χριστῷ
1612 2596 1705 2648 θυ-

160 2698 258 2761 σίας
280 2696 660 2769 λελύτρωνται,
698 2696 860 2751 αὑτὸν
888 2694 1103 2765 ἔχοντες
1130 2689 1411 2763 ίερουργδν
1439 2688 1532 2742 καὶ
1560 2686 1708 2758 θῦμα

158 2789 207 2843 τὸ
233 2791 390 2858 ἅγιον,
429 2788 525 2842 καλ⁸
563 2787 800 2860 εὔοσμον
833 2785 1209 2856 διακαθαῖρον,
1256 2782 1351 2836 καὶ
1381 2782 1457 2843 ὡς
1482 2779 1708 2848 ἀξιάτα-

159 2898 260 2935 στον
277 2882 676 2955 θυσιαστήριον,
705 2881 801 2936 καὶ
827 2880 903 2944 ὡς
928 2882 986 2933 ὲν
1013 2878 1143 2933 εῖδει
1170 2876 1270 2947 τῆς
1301 2874 1414 2929 ἆλω
1446 2872 1547 2943 τῆς
1582 2872 1706 2925 Ἐκ-

156 2975 352 3046 κλησίας
384 2976 437 3029 δε
445 2975 675 3045 σπότην.

211 3238 401 3292 ΠΑΔΔ.
456 3238 545 3303 Ὠς
578 3238 761 3307 σαφής
782 3237 930 3289 ἐστιν
957 3233 1051 3289 καὶ
1072 3232 1307 3305 ἐναργὴς
1332 3235 1361 3286 ό
1380 3231 1537 3301 λόγος
1559 3249 1575 3264 ο
1607 3245 1705 3283 πε-

153 3329 341 3400 ποίηται
374 3330 481 3401 γάρ
509 3329 801 3399 εὐτέχνως.

208 3502 356 3559 ΚΥΡ.
392 3505 463 3557 Ἢ
483 3504 597 3574 γὰρ
618 3504 737 3575 οὐχὶ
769 3504 871 3558 κᾶν
892 3505 1054 3568 αὐτὸς
1074 3504 1349 3567 ἐνδοιάσας
1371 3502 1541 3568 οὐδὲν,
1570 3502 1706 3574 ἔφης

149 3594 210 3657 ὡς
231 3595 337 3649 ἐστι
365 3596 609 3667 Χριστὸς
639 3598 675 3667 ἡ
705 3596 921 3649 πάντων
957 3594 1070 3666 ζωὴ
1101 3596 1193 3649 καὶ
1224 3595 1525 3665 λύτρωσις;

210 3687 396 3741 ΠΔΛΛ.
423 3688 599 3758 Φαίην
627 3686 714 3751 ἂν,
743 3686 967 3741 ίσθιτοι.
993 3688 1177 3759 Φρονῶ
1204 3687 1313 3760 γὰρ
1338 3688 1455 3742 ὡδί.

204 3779 353 3834 ΚΥΡ.
390 3778 487 3845 Εἷς
519 3782 635 3850 γὰρ
680 3779 821 3850 ὑπὲρ
860 3781 1079 3833 πάντων
1130 3779 1401 3833 ἀπέθανεν
1429 3781 1458 3833 ό
1487 3781 1703 3835 πάντων

150 3869 366 3933 ἀντάξιος
382 3886 397 3903 °
420 3871 517 3925 καὶ
534 3869 640 3941 τὴν
665 3868 801 3922 ίδίαν
821 3867 1003 3939 ψυχὴν
1052 3868 1409 3940 ἀντάλλαγμα
1427 3872 1527 3941 τῆς
1546 3871 1580 3942 ἡ
1588 3871 1703 3939 μῶν

149 3958 426 4030 ἐποιήσατο,
451 3960 553 4031 τὴν
582 3957 678 4013 τοῦ
710 3958 957 4014 διαϐόλου
986 3958 1316 4031 δυστροπίαν
1350 3960 1701 4026 ὲκδυσωπῶν,

149 4052 223 4102 καὶ
254 4051 408 4105 οίονεί
448 4070 569 4117 πως
623 4051 776 4115 ἱστὰς
812 4049 914 4121 τῆς
963 4050 1085 4106 καθ’
1132 4051 1290 4120 ἡμῶν
1334 4052 1703 4124 τυραννούσης

148 4142 389 4214 ἁμαρτίας
407 4145 508 4216 τὴν
550 4143 920 4216 κατάρρησιν,
949 4143 1044 4198 καὶ
1070 4142 1169 4215 τὴν
1198 4144 1291 4196 ἐπὶ
1313 4146 1424 4207 τοῖς
1448 4144 1702 4199 ἀπάντων

146 4234 452 4306 ἐγκλήμασιν
477 4233 829 4306 ἀθυρογλωττ
839 4232 944 4286 ίαν.

202 4408 389 4465 ΠΔΛΔ.
430 4408 570 4463 Τίνα
605 4407 712 4477 φῂς
735 4406 962 4477 τρόπον;

1808 584 1930 646 pter
1956 590 2056 629 nos
2083 576 2232 629 enim
2258 575 2521 643 scriptum
2555 581 2661 637 est,
2700 571 2968 638 Quoniam
3010 570 3174 626 debet
3201 572 3254 625 in
3293 587 3388 641 spe

1808 682 1970 721 arans
1990 682 2165 730 arare,
2184 675 2239 721 et
2260 666 2525 720 triturans
2548 665 2601 719 in
2627 680 2721 733 spe
2744 663 3108 733 participandi
3130 664 3196 717 ’³.
3217 662 3389 719 Vituli

1812 759 1997 828 itaque
2048 759 2115 812 ad
2152 758 2445 827 imaginem
2486 756 2636 810 illius
2679 756 2864 825 primi,
2906 755 2958 809 id
3009 764 3113 821 est,
3159 754 3387 821 Christi,

1808 848 1980 902 sancti
2022 863 2241 918 quoque
2279 847 2539 916 discipuli
2584 855 2733 901 sunt.
2787 846 2909 900 Alia
2955 847 3122 900 etiam
3176 848 3389 902 ratione

1806 939 2013 993 vitulus
2054 940 2320 993 triturans
2351 947 2437 993 est
2471 938 2755 993 Christus:
2791 953 2891 1008 per
2930 940 3110 1009 ipsum
3153 955 3391 1010 namque

1807 1029 2061 1100 purgatio
2091 1028 2170 1092 ﬁt,
2201 1037 2258 1083 et
2307 1043 2843 1098 supervacaneorum
2874 1044 3102 1099 operum
3124 1070 3139 1095 ,
3184 1031 3389 1084 distra-

1807 1121 2073 1182 ctionum,
2124 1121 2366 1190 inquam,
2419 1130 2475 1175 et
2519 1121 2922 1176 mundanorum
2976 1124 3390 1193 carnalinmque

1806 1225 2068 1265 sensuum
2092 1210 2388 1281 depositio,
2412 1225 2535 1281 quae
2559 1221 2688 1265 sunt
2714 1221 2776 1265 ut
2794 1213 2963 1281 palea:
2986 1228 3205 1283 quoque
3235 1215 3390 1269 llam-

1806 1318 2019 1357 marum
2041 1303 2320 1358 alimenta.
2340 1303 2588 1357 Excitato
2612 1312 2798 1358 autem
2835 1304 3021 1367 altari,
3053 1320 3219 1375 super
3242 1307 3389 1375 quod

1808 1408 1864 1455 et
1914 1399 2143 1469 paciﬁca
2176 1399 2420 1462 victima,
2452 1408 2509 1454 et
2555 1399 2940 1453 holocaustum
2992 1401 3390 1470 imponeretur,

1807 1493 2080 1547 sublatum
2106 1489 2190 1546 est
2215 1507 2459 1561 praesens
2495 1491 2627 1545 illud
2653 1492 2856 1545 malum
2887 1508 2899 1544 :
2932 1492 3090 1562 ιοο
3113 1493 3396 1548 exaudivit

1806 1598 2044 1651 namque
2086 1582 2351 1637 Dominus
2379 1588 2601 1646 terram,
2626 1588 2681 1635 et
2704 1581 2946 1635 cohibita
2969 1589 3051 1635 est
3073 1582 3393 1637 ruina.Nam

1806 1682 2158 1744 posteaquam
2182 1673 2421 1743 seipsum
2451 1689 2552 1743 pro
2573 1673 2736 1727 nobis
2759 1673 3089 1727 sacriﬁcavit
3116 1673 3392 1739 Christus,

1807 1765 2007 1819 abolita
2034 1780 2183 1819 mors
2213 1773 2317 1829 est,
2347 1764 2597 1819 sublatus
2619 1764 2898 1824 interitus,
2933 1779 3059 1819 cum
3098 1765 3244 1821 Deus
3271 1782 3392 1821 om-

1810 1858 2065 1927 nipotens
2091 1866 2312 1928 paratas
2342 1857 2452 1925 jam
2488 1856 2899 1927 quodammodo
2929 1858 3183 1912 omnium
3216 1858 3395 1913 bomi~

1810 1964 1942 2003 num
1964 1948 2229 2018 precibus
2246 1962 2407 2002 aures
2433 1946 2675 2017 praebeat
2698 1965 2711 2000 :
2739 1965 2757 1997 ι
2785 1946 2967 2001 adhuc
2988 1956 3039 2002 te
3058 1948 3338 2018 loquente,
3367 1969 3385 1999 ι

1811 2040 2010 2110 inquit,
2039 2059 2056 2091 ι
2086 2039 2287 2103 dicam,
2314 2038 2458 2105 Quid
2481 2047 2568 2093 est
2590 2038 2636 2070 "
2659 2039 2684 2091 ἲ
2719 2057 2737 2089 ι
2767 2038 2923 2105 Quod
2959 2047 3142 2095 autem
3182 2040 3392 2095 dictum

1809 2139 1913 2195 est,
1970 2130 2145 2183 altare
2196 2144 2424 2199 parvum
2471 2129 2695 2198 quidem
2738 2127 2808 2182 ab
2851 2129 3012 2183 initio
3048 2130 3250 2194 fuisse,
3294 2131 3389 2185 sed

1809 2228 2031 2276 auctum
2059 2235 2180 2275 esse
2220 2227 2430 2289 postea,
2467 2218 2709 2273 futuram
2736 2220 2853 2275 suis
2888 2218 3235 2289 temporibus
3261 2235 3391 2290 pro-

1810 2312 2150 2384 gressionem
2188 2310 2491 2380 Evangelii,
2549 2319 2605 2366 et
2654 2319 2964 2366 sanctarum
3020 2312 3393 2367 Ecclesiarum

1809 2403 1879 2458 ab
1924 2403 2084 2457 initio
2120 2402 2420 2473 angustias,
2469 2401 2785 2457 earumdem
2846 2404 3205 2473 consequenti
3254 2413 3395 2465 tem-

1808 2511 1944 2567 pore
1967 2497 2387 2567 amplitudinem
2416 2494 2708 2566 signiﬁcat.
2736 2496 3046 2550 Dilatantur
3073 2496 3221 2550 enim
3255 2513 3396 2567 quo-

1809 2590 2106 2645 dammodo
2124 2592 2179 2645 in
2201 2592 2321 2646 dies
2348 2591 2563 2655 altaria,
2587 2607 2712 2646 cum
2743 2606 2966 2662 semper
2994 2591 3116 2647 aliae
3134 2592 3398 2648 Ecclesiae

1807 2681 2087 2752 prioribus
2135 2682 2489 2752 adjiciuntur,
2541 2689 2706 2752 atque
2743 2682 2798 2736 in
2830 2683 3155 2737 immensam
3203 2684 3397 2738 multi-

1807 2771 2056 2826 tudinem
2105 2779 2436 2825 exerescunt
2460 2772 2681 2842 populi,
2720 2772 2814 2842 qui
2856 2789 2956 2843 per
2983 2772 3187 2828 Christi
3222 2774 3396 2828 sacri-

1807 2864 1993 2919 ﬁcium
2024 2864 2295 2934 redempti
2324 2873 2471 2929 sunt,
2495 2864 2805 2934 quibusque
2836 2864 2927 2919 ille
2966 2864 3109 2919 idem
3137 2866 3397 2921 sacerdos

1805 2962 1891 3010 est
1921 2962 1977 3008 et
2006 2954 2187 3008 hostia
2229 2963 2436 3018 sancta,
2458 2962 2516 3009 et
2539 2954 2811 3008 odorifcra
2844 2970 3104 3024 purgans,
3126 2963 3183 3010 ct
3218 2962 3280 3008 ut
3312 2955 3394 3009 al-

1806 3054 1922 3102 tare
1953 3046 2324 3111 sanctiﬁcans,
2360 3054 2413 3101 et
2445 3055 2505 3100 ut
2544 3046 2599 3100 in
2639 3062 2780 3101 areae
2803 3046 2984 3115 specie
3012 3047 3269 3102 Ecclesiae
3292 3047 3394 3102 do-

1807 3140 2010 3195 minus.

1877 3231 2075 3287 PALL.
2105 3230 2384 3285 Manifesta
2422 3245 2551 3285 sane
2575 3240 2631 3284 et
2665 3228 2895 3284 evidens
2935 3230 3236 3299 expositio:
3268 3246 3393 3284 nam

1808 3323 2102 3378 artificiose
2151 3321 2453 3391 composita
2480 3328 2582 3374 est.

1876 3412 2035 3468 CYR.
2066 3411 2210 3479 Quid
2263 3411 2433 3474 enim,
2470 3425 2654 3464 nonne
2702 3417 2762 3463 tu
2828 3409 2946 3480 ipse
2993 3426 3214 3480 quoque
3252 3410 3392 3465 nihil

1807 3512 2097 3559 cunctatus
2133 3501 2467 3557 conﬁtebere
2484 3501 2763 3557 Christum
2794 3516 2915 3556 esse
2950 3502 3197 3556 omnium
3221 3503 3389 3556 vitam

1807 3605 1971 3666 atque
2009 3593 2484 3663 redemptionem?

1869 3685 2065 3742 PALL.
2097 3685 2294 3740 Fateor
2325 3682 2622 3753 equidem;
2651 3683 2733 3737 sic
2756 3683 2904 3738 enim
2933 3684 3134 3739 sentio.

1875 3778 2032 3834 CYR.
2071 3778 2224 3833 Unus
2250 3778 2397 3832 enim
2438 3792 2541 3846 pro
2571 3772 2831 3831 omnibus
2866 3784 3119 3831 mortuus
3155 3786 3260 3841 est,
3291 3776 3385 3846 qui

1804 3886 1908 3941 pro
1923 3870 2197 3925 universis
2215 3869 2424 3940 justum
2451 3867 2690 3937 pretium
2717 3873 2858 3932 erat;
2888 3866 3201 3926 eunimam
3231 3882 3386 3921 suam

1805 3961 2266 4033 permutationem
2294 3976 2393 4031 pro
2415 3968 2603 4015 nostra
2625 3958 2778 4014 dedit
2803 3977 2816 4012 :
2842 3975 2952 4030 quo
2982 3958 3150 4024 facto,
3179 3959 3385 4015 diaboli

1803 4055 2220 4125 perversitatem
2241 4052 2604 4122 compescuit,
2626 4067 2689 4107 ac
2708 4052 2873 4106 modo
2896 4051 3133 4121 quodam
3147 4053 3383 4122 peccati,

1803 4149 1951 4221 quod
1992 4149 2153 4203 nobis
2186 4146 2598 4211 dominabatur,
2645 4143 3111 4211 criminationem,
3139 4156 3194 4201 et
3235 4147 3385 4202 illam

1802 4241 1860 4295 in
1910 4239 2158 4294 omnium
2194 4237 2483 4291 hominum
2518 4234 2698 4305 culpis
2751 4235 3077 4290 accusandis
3116 4236 3384 4292 cﬂ'renem

1800 4330 2041 4401 linguam
2074 4329 2343 4385 cohibuit.

1873 4421 2070 4476 PALL.
2105 4418 2431 4487 Quomodo?

204 4497 352 4553 ΚΥΡ.
404 4498 633 4568 Ἐπειδὴ
678 4497 788 4570 γὰρ
826 4496 1316 4567 βεϐασίλευκεςτῶν
1353 4498 1446 4552 ἐπὶ
1471 4498 1573 4570 τῆς
1597 4499 1699 4571 γῆς

1871 4512 2029 4568 CYR.
2070 4512 2227 4576 Nam,
2257 4525 2324 4565 ex
2347 4525 2456 4581 quo
2478 4509 2730 4579 regnavit
2754 4517 3041 4580 peccatum
3071 4526 3237 4581 super
3266 4527 3383 4567 om-

145 4589 171 4643 ἡ
192 4590 435 4661 ἁμαρτία,
482 4591 624 4645 πολὺ
667 4589 1086 4644 διανενευκότων
1130 4588 1225 4642 ἐπὶ
1267 4591 1335 4645 τὰ
1376 4592 1588 4664 πονηρά
1632 4594 1696 4648 ἐκ

144 4679 382 4750 νεότητος,
412 4681 561 4735 καθά
587 4680 921 4751 γέγραπται,
949 4680 1045 4735 καὶ
1067 4680 1342 4751 ἐπιμελῶς
1369 4682 1697 4756 ἐγκειμένης

141 4772 221 4842 τῆς
271 4774 520 4828 ἁπάντων
565 4774 795 4847 καρδίας
833 4773 927 4827 ἐπὶ
952 4773 1016 4827 τὸ
1046 4772 1241 4846 χρῆναι
1273 4775 1368 4828 καὶ
1408 4775 1696 4846 βούλεσθαι

143 4867 407 4937 κατορθοῦν
455 4869 625 4933 αὐτὰ,
666 4865 1039 4939 πεπτώκαμεν
1089 4866 1399 4937 ἀναγκαίως
1449 4871 1545 4923 καὶ
1588 4872 1696 4926 ὑπὸ

143 4956 345 5013 θανάτου
388 4961 569 5031 δίκην.
615 4960 802 5031 Νόμου
854 4959 1155 5030 γὰρ’θείου
1210 4960 1543 5032 παράσασις,
1598 4965 1694 5018 καὶ

142 5046 428 5120 θελημάτων
466 5052 728 5124 ἀθέτησις
759 5050 868 5105 τῶν
895 5051 1264 5117 Δεσποτικῶν,
1302 5053 1530 5108 θάνατον
1578 5056 1691 5127 ἔχει

138 5140 220 5211 τὴν
254 5142 422 5214 δίκην.
462 5144 937 5215 Κατεφθαρμένην
971 5143 1028 5197 δὲ
1076 5143 1217 5198 οὕτω
1260 5146 1358 5216 τὴν
1402 5147 1688 5219 ἀνθρώπου

140 5231 295 5299 φύσιν,
334 5235 638 5307 ὲπῴκτειρε
669 5236 767 5306 μὲν
795 5238 824 5289 ὁ
858 5235 1219 5307 Δημιουργδς,
1264 5235 1454 5305 γέγονε
1492 5238 1549 5292 δὲ
1590 5236 1690 5295 ἄν·

138 5320 325 5393 Θρωπος
351 5328 726 5399 όΜονογενὴς,
758 5329 853 5381 καὶ
879 5327 960 5398 τῷ
985 5327 1199 5399 θανάτῳ
1230 5329 1475 5398 φυσικῶς
1505 5334 1690 5403 ἐνεχό-

140 5428 275 5478 μενον
304 5418 586 5489 πεφόρηκε
627 5418 807 5490 σῶμα,
847 5419 940 5472 καὶ
977 5419 1350 5490 κεχρημάτικε
1392 5422 1548 5492 σάρξ,
1602 5425 1688 5480 ἵνα

137 5502 256 5575 ὑπὲρ
293 5509 448 5579 ἡμῶν
484 5509 725 5574 ἀνατλὰς
766 5509 858 5563 τὸν
887 5510 945 5576 ἐξ
977 5508 1250 5581 ἁμαρτίας
1282 5512 1414 5582 ἡμῖν
1445 5514 1687 5587 ὲπαρτη-

138 5592 274 5647 θέντα
304 5598 554 5667 θάνατον,
578 5603 899 5675 καταργήσῃ
932 5601 1029 5673 τὴν
1058 5602 1353 5673 ἁμαρτίαν,
1382 5605 1475 5657 καὶ
1504 5608 1687 5683 παύσῃ

203 5796 429 5855 "lCor.
458 5818 533 5867 ix,
565 5803 617 5867 9,
660 5806 739 5861 10.
822 5810 865 5842 "
904 5812 1164 5877 lsaiuxv,
1190 5813 1236 5867 Ι.
1311 5815 1353 5845 ’⁷
1378 5815 1579 5872 Cenes.
1604 5836 1677 5885 vi,
1702 5821 1733 5875 5

1802 4618 1901 4657 nes
1953 4603 2047 4672 qui
2086 4602 2144 4656 in
2185 4600 2349 4656 terris
2398 4606 2719 4665 versantur,
2762 4614 2888 4654 cum
2940 4601 3177 4655 maxime
3218 4603 3380 4673 proni

1801 4695 1913 4749 sint
1949 4692 2019 4748 ad
2056 4693 2197 4748 mala
2245 4692 2314 4747 ab
2351 4691 2719 4748 adolescentia
2746 4694 2813 4758 ³⁷,
2856 4702 2917 4747 ιιι
2967 4694 3232 4765 scriptum
3271 4704 3376 4762 est,

1799 4794 1883 4841 et-
1908 4786 2156 4842 omnium
2198 4785 2368 4841 corda
2412 4784 2704 4857 diligenter
2742 4785 3062 4841 incumbant
3106 4785 3173 4841 ad
3213 4786 3380 4857 perli-

1799 4877 1979 4933 ciendi
2000 4878 2359 4941 voluntatem,
2383 4875 2695 4931 necessario
2720 4876 2914 4931 mortis
2941 4892 3154 4947 poenam
3187 4876 3379 4930 incur-

1800 4969 1992 5023 rimus.
2032 4969 2191 5039 Legis
2213 4984 2450 5038 namque
2483 4967 2683 5023 divinae
2710 4968 3014 5031 violationi,
3048 4968 3376 5021 Dominicae-

1800 5076 1905 5131 que
1931 5061 2229 5114 voluntatis
2251 5060 2588 5131 contemptui
2612 5075 2769 5129 pmna
2792 5059 3086 5114 constituta
3102 5068 3185 5112 est
3208 5074 3373 5113 mors.

1799 5152 1907 5207 Sed
1931 5162 2239 5223 corruptam
2271 5153 2507 5208 hominis
2540 5162 2788 5207 naturam
2812 5160 3000 5207 auctor
3034 5151 3145 5221 ipse
3179 5152 3375 5207 miser-

1800 5252 1887 5298 tus
1913 5254 2024 5311 est;
2057 5245 2238 5314 itaque
2269 5245 2359 5301 ille
2376 5245 2701 5317 Unigenitus
2726 5245 2903 5299 factus
2933 5254 3017 5299 est
3045 5244 3230 5311 homo,
3256 5261 3378 5301 cor-

1791 5352 2000 5406 pusque
2042 5347 2238 5391 natura
2292 5338 2452 5391 morti
2502 5337 2797 5391 obnoxium
2850 5337 3101 5408 gestavit,
3138 5344 3195 5392 et
3245 5353 3376 5392 caro

1788 5428 1965 5484 factus
1988 5438 2091 5494 est,
2121 5438 2181 5483 ut
2212 5439 2386 5484 morte
2419 5431 2665 5493 tolerata,
2690 5446 2810 5500 qum
2840 5430 3046 5500 peccati
3079 5432 3234 5500 culpa
3269 5445 3374 5485 no-

1790 5520 1876 5575 bis
1896 5522 2007 5592 jam
2038 5523 2380 5589 imminebat,
2407 5522 2714 5579 destrueret
2734 5534 3038 5595 peceatum,
3062 5540 3123 5577 ac
3150 5523 3371 5578 domum

1791 5612 2003 5671 Satanae
2034 5618 2514 5674 criminationibus
2552 5618 2714 5675 ﬁnem
2770 5621 3071 5692 imponeret
3112 5639 3122 5673 :
3168 5620 3372 5691 quippe
