4076 6498
614 342 720 401 295

1599 342 1653 395 S.
1698 342 1975 399 CYRILLI
2016 342 2486 403 ALEXANDle
2526 348 2839 406 ARCIIIEP.

3767 353 3870 407 29.6

620 470 746 511 cum
767 456 825 510 in
850 452 971 525 ipso
994 454 1232 521 Christo,
1257 466 1623 527 peccatorum,
1655 458 1724 512 de
1752 460 1955 529 quibus
1977 477 2198 517 accusa-

2311 465 2482 518 ίοιπὺν
2504 464 2837 533 ἐγκαλοῦντα
2857 466 2946 517 τὸν
2970 466 3232 528 Σατανᾶν,
3252 463 3326 530 ὡς
3350 465 3702 519 ὲκτετικότων
3718 469 3751 538 ὴ
3759 470 3873 537 μῶν

620 548 823 612 bimur,
863 561 1053 616 poenas
1081 546 1506 613 exsolverimus;
1546 567 1563 599 ι
1611 549 1750 604 tollit
1791 552 1939 605 enim
1980 563 2199 622 peccata

621 648 827 701 nostra,
855 645 910 693 et
956 654 1054 707 pro
1094 639 1256 694 nobis
1297 639 1447 694 delet
1461 641 1505 672 ’⁸
1532 660 1555 692 »η
1594 642 1747 711 juxta
1784 644 2066 713 prophetae
2099 661 2199 699 vo-

621 724 761 785 cem.
778 728 934 797 101
952 730 1034 784 An
1050 744 1158 785 non
1178 731 1323 785 enim
1343 746 1445 787 nos
1464 732 1637 787 livore
1650 734 1771 807 ejus
1785 734 1960 790 sanati
1977 738 2200 791 sumus?

687 919 885 977 PALL.
926 920 1123 974 Verum
1167 920 1324 975 dicis.
1365 941 1383 971 ι
1418 923 1747 979 Vulneratus
1776 933 1861 981 est
1900 926 2046 981 enim
2076 943 2203 996 pro-

618 1022 743 1083 pter
779 1021 1003 1080 peccata
1051 1021 1272 1076 nostra,
1313 1021 1373 1068 et
1425 1014 1532 1069 l‘uit
1585 1015 1641 1068 in
1695 1016 1988 1072 alliictione
2050 1027 2107 1072 et
2145 1018 2201 1071 in

620 1103 773 1171 plaga
807 1100 871 1152 ³³.
910 1121 928 1149 ι

688 1191 846 1246 CYR.
888 1191 1177 1247 Sublatum
1227 1193 1393 1264 igitur
1434 1205 1520 1251 est
1559 1196 1627 1251 de
1664 1197 1849 1252 medio
1879 1207 2197 1267 peccatum,

620 1292 974 1353 posteaquam
1009 1297 1110 1354 pro
1142 1285 1303 1340 nobis
1338 1302 1534 1356 passus
1580 1296 1665 1342 est
1707 1287 1982 1354 Christus,
2022 1305 2200 1360 neque

622 1374 887 1443 posthac,
926 1375 1144 1445 opinor,
1191 1377 1463 1432 violenter
1500 1378 1764 1434 adversus
1818 1394 1915 1434 eos
1966 1381 2060 1451 qui
2103 1397 2202 1451 per

620 1465 902 1521 Christum
943 1465 1266 1522 sanctiﬁcati
1321 1475 1483 1533 sunt,
1527 1468 1924 1525 vociferabitur
1972 1489 1983 1523 :
2036 1472 2201 1541 idque

623 1556 974 1627 perspicuum
1020 1557 1181 1612 nobis
1211 1558 1375 1615 faciet
1415 1561 1683 1631 propheta
1725 1562 2014 1619 Zacharias
2052 1565 2202 1619 velut

622 1662 723 1717 per
752 1647 1021 1702 visionem
1048 1646 1269 1703 dicens:
1305 1650 1587 1705 «Etexivit
1606 1653 1850 1723 angelus,
1886 1654 1979 1723 qui
2006 1654 2201 1723 loque-

624 1740 786 1795 batur
823 1740 880 1795 in
913 1755 1020 1807 me,
1056 1749 1113 1796 et
1140 1741 1279 1796 dixit
1310 1743 1377 1797 ad
1408 1760 1495 1799 me
1538 1762 1550 1797 :
1598 1745 1828 1816 Respice
1865 1747 2040 1801 oculis
2068 1748 2196 1811 tuis,

2306 557 2363 608 ὲν
2391 555 2539 622 αὑτῷ
2585 556 2664 625 τῷ
2711 555 2930 626 Χριστῷ
2966 558 3072 609 τῶν
3101 558 3179 620 είς
3218 558 3489 629 ἁμαρτίαν
3537 559 3875 628 αἱτιαμὰτων

2306 648 2404 710 τάς
2435 648 2588 710 δίκας
2611 665 2622 677 ·
2656 668 2672 697 ι
2704 648 2849 718 αἴρει
2870 650 2976 718 γὰρ
3008 648 3163 718 ἡμῶν
3184 650 3283 712 τὰς
3308 651 3603 720 ἁμαρτίας,
3631 654 3724 705 καὶ
3749 654 3877 722 περὶ

2306 739 2462 810 ⁴ἡμῶν
2493 739 2766 804 ὁδυνᾶται,
2798 758 2816 791 ι
2863 741 3005 793 κατὰ
3038 740 3135 811 τὴν
3155 741 3247 793 τοῦ
3278 746 3556 814 προφήτου
3580 748 3785 816 φωνήν.
3809 747 3880 800 Ἰί

2306 826 2429 894 οὐχὶ
2455 824 2533 895 τῷ
2559 825 2786 895 μώλωπι
2821 825 2989 878 αὑτοῦ
3034 828 3192 897 ἡμεῖς
3218 827 3485 898 ίάθημενς

2376 917 2583 969 ΙΙΑΔΛ.
2638 914 2880 986 Ἀληθές.
2930 936 2947 969 ι
2993 918 3427 990 Ἐτραυματίσθη
3457 920 3567 989 γὰρ
3593 920 3734 992 ὑπὲρ
3773 922 3881 974 τῶν

2307 1007 2591 1078 ἁμαρτιῶν
2651 1007 2827 1078 ἡμῶν,
2884 1009 2977 1062 καὶ
3024 1009 3248 1078 γέγονεν
3302 1011 3365 1063 ὲν
3400 1008 3642 1063 κακώσει
3685 1011 3782 1063 καὶ
3827 1014 3881 1063 ὲν

2308 1098 2507 1170 πληγῇ.
2550 1117 2566 1149 ι

2377 1190 2537 1242 ΚΥΡ.
2578 1187 2809 1241 Λέλυται
2839 1187 3018 1241 τοίνυν
3052 1188 3084 1257 ἠ
3130 1188 3394 1260 ἁμαρτία,
3420 1186 3655 1257 Χριστοῦ
3678 1186 3881 1239 παθὸνο

2305 1297 2395 1343 τος
2419 1281 2558 1351 ὑπὲρ
2586 1283 2618 1350 ἡ
2628 1279 2768 1349 μῶν,
2796 1279 2891 1333 καὶ
2910 1280 3010 1332 οὐκ
3038 1280 3103 1333 ἂν
3126 1275 3279 1349 οἶμαι
3296 1281 3685 1348 καταδοήσειεν
3708 1279 3879 1346 ἀναγ-

2307 1370 2478 1431 καίως
2495 1369 2575 1421 ἔτι
2589 1369 2696 1422 τῶν
2717 1369 3060 1440 ἡγιασμένων
3080 1368 3165 1422 διὰ
3183 1368 3439 1439 Χριστοῦ,
3467 1369 3557 1422 καὶ
3574 1367 3735 1421 τοῦτο
3752 1372 3880 1439 ἡμῖν

2306 1459 2553 1522 διαδείξει
2584 1460 2768 1527 σαφῶς
2804 1461 2833 1511 6
2868 1460 3153 1530 προφήτης
3196 1458 3469 1529 Ζαχαρίας
3502 1458 3577 1523 ὡς
3604 1461 3662 1511 έν
3689 1459 3878 1529 (prius:

2307 1551 2507 1619 λέγων’
2544 1569 2560 1603 ι
2601 1551 2712 1605 Καὶ
2753 1550 2974 1619 ἐξῆλθεν
3018 1552 3047 1603 ὁ
3095 1549 3321 1617 ἄγγελος
3354 1549 3383 1601 6
3409 1547 3587 1601 λαλῶν
3637 1550 3694 1602 ἑν
3734 1549 3876 1620 ἐμοὶ,

2309 1647 2403 1698 καὶ
2448 1640 2567 1697 εἶπε
2602 1642 2735 1715 πρός
2769 1658 2871 1714 με’
2925 1641 3249 1711 Ἀνάὕλεψον
3287 1644 3397 1702 τοῖς
3428 1641 3725 1711 ὀφθαλμοῖς
3764 1659 3878 1700 σου.

2310 1738 2404 1790 καὶ
2436 1737 2512 1789 ίδε
2536 1736 2592 1789 τὸ
2624 1731 3258 1807 ἐκπορευόμενόνζτοῦτο.
3296 1735 3405 1787 Καὶ
3432 1729 3596 1800 εἶπας
3630 1735 3695 1787 Τί
3723 1737 3877 1801 ἐστις

622 1841 679 1887 ct
705 1832 830 1889 vide
860 1834 966 1890 hoc
990 1834 1139 1905 quod
1166 1836 1437 1905 procedit.
1485 1838 1555 1892 Et
1584 1837 1729 1894 dixi:
1752 1838 1895 1905 Quid
1918 1841 2053 1895 illud
2081 1841 2203 1896 est?

2311 1830 2399 1882 καὶ
2440 1823 2593 1881 εἷπευ
2629 1826 2799 1881 Τοῦτο
2821 1827 2884 1881 τὸ
2938 1827 3133 1899 μέτρον
3177 1826 3237 1880 τὸ
3281 1826 3732 1898 ἐκπορευόμενον.
3774 1825 3882 1880 Kal

622 1934 679 1980 et
710 1925 849 1981 dixit
883 1944 896 1980 :
923 1927 1049 1983 Hzec
1080 1936 1165 1983 est
1193 1943 1451 1983 mensura
1476 1944 1597 2000 quae
1625 1931 1893 1999 procedit.
1928 1932 1996 1987 Et
2028 1933 2198 1989 dixit:

624 2018 751 2073 llam
781 2027 866 2073 est
898 2018 1163 2088 iniquitas
1188 2033 1383 2073 eorum
1409 2019 1466 2073 in
1495 2021 1751 2075 universa
1787 2029 1953 2077 terra.
1982 2023 2051 2079 Et
2075 2039 2205 2079 ecce

624 2110 892 2164 talentum
922 2109 1139 2178 plumbi
1169 2110 1469 2174 elevatum,
1499 2118 1555 2165 et
1577 2126 1707 2167 ecce
1737 2128 1846 2167 una
1884 2115 2081 2169 mulier
2115 2131 2203 2170 se-

624 2198 791 2254 debat
809 2199 866 2253 in
886 2199 1070 2255 medio
1088 2215 1379 2265 mensurae,
1409 2209 1467 2255 et
1492 2202 1726 2271 proiecit
1741 2202 1977 2273 lapidem
1996 2205 2206 2274 plumbi

627 2291 685 2344 in
723 2305 787 2349 os
814 2292 935 2362 ejus
974 2308 987 2344 :
1028 2300 1086 2346 et
1113 2292 1288 2347 levavi
1318 2292 1508 2347 oculos
1556 2308 1727 2357 meos,
1751 2303 1809 2349 et
1838 2295 1973 2359 vidi,
1996 2304 2052 2351 et
2077 2311 2207 2351 ecce

628 2378 750 2433 dua:
769 2379 1033 2435 mulieres
1056 2380 1437 2449 procedentes,
1453 2390 1512 2437 et
1536 2383 1762 2452 spiritus
1777 2384 1831 2439 in
1865 2385 1970 2440 alis
1993 2401 2204 2452 earum,

626 2479 684 2526 et
709 2471 795 2525 hae
833 2471 1112 2525 habebant
1137 2472 1253 2526 alas
1277 2481 1340 2525 ut
1374 2473 1489 2529 alas
1521 2490 1755 2545 upupa),
1784 2479 2210 2534 etsustulerunt

628 2576 941 2617 mensuram
967 2561 1111 2616 inter
1155 2570 1358 2618 terram
1382 2573 1440 2619 et
1478 2565 1677 2620 cmlum
1717 2584 1730 2621 :
1770 2576 1827 2622 et
1854 2568 1967 2623 dixi
2004 2570 2073 2623 ad
2107 2586 2207 2624 an-

627 2652 809 2722 gelum
835 2652 930 2721 qui
958 2652 1288 2722 loquebatur
1330 2654 1387 2708 in
1418 2671 1506 2710 me
1541 2674 1554 2709 :
1579 2656 1699 2723 Quo
1729 2658 1811 2713 hae
1839 2658 2023 2714 ferunt
2051 2676 2209 2716 men-

628 2740 850 2793 suram?
881 2739 949 2793 Et
991 2739 1133 2795 dixit
1175 2740 1244 2795 ad
1285 2758 1372 2796 me
1416 2762 1429 2797 :
1470 2744 1540 2801 Ut
1575 2746 1848 2803 aadilicent
1885 2749 1936 2802 ei
1986 2749 2211 2804 domum

629 2830 684 2883 in
722 2840 865 2885 terra
891 2829 1206 2903 Babylonis,
1241 2841 1297 2887 et
1317 2844 1647 2905 praeparent,
1684 2845 1741 2891 et
1766 2838 2038 2894 collocent
2060 2839 2210 2894 illam

631 2920 706 2974 ibi
742 2921 798 2975 in
839 2922 1239 2993 praeparatione
1281 2925 1403 2996 ejus
1432 2926 1497 2980 '°.
1549 2946 1567 2978 ι
1620 2928 1782 2982 Visne
1818 2936 1878 2981 ut
1920 2945 2114 2985 rursus
2141 2930 2213 2985 de

628 3010 861 3081 singulis
884 3010 1257 3078 disseramus,
1295 3021 1372 3080 et,
1408 3024 1674 3086 quantum
1702 3018 1859 3073 nobis
1889 3020 2037 3083 licet,
2075 3036 2212 3076 con-

628 3103 977 3159 sideremus?

697 3193 896 3249 PALL.
922 3196 1155 3253 Maxime
1183 3213 1334 3253 vero.

699 3287 857 3343 CYR.
902 3288 1219 3343 Mensuram
1268 3290 1597 3360 quamdam,
1647 3309 1768 3363 qua:
1801 3294 1870 3347 ab
1906 3294 2211 3351 Jerusalem

629 3376 833 3441 exibat,
874 3377 1014 3432 vidit
1047 3380 1336 3449 propheta,
1374 3382 1696 3452 rogantique
1722 3384 1855 3452 quid
1889 3384 2021 3439 illud
2045 3394 2210 3449 esset,

632 3468 917 3536 respondit
951 3469 1213 3539 angelus:
1247 3490 1265 3521 ‹
1301 3470 1426 3525 Haec
1460 3480 1541 3526 est
1578 3473 1839 3543 iniquitas
1888 3474 2132 3544 ipsorum
2156 3476 2213 3530 in

635 3557 890 3613 universa
937 3567 1086 3614 terra
1111 3560 1152 3591 ⁸¹
1182 3577 1193 3612 :
1224 3580 1241 3611 ›
1278 3560 1432 3626 Quod
1470 3562 1704 3631 perinde
1743 3574 1833 3618 est
1876 3580 1941 3619 ac
1966 3564 2013 3619 si
2042 3564 2215 3620 dixis-

632 3658 738 3714 set,
764 3650 878 3705 llac
906 3666 1169 3707 mensura
1193 3652 1379 3707 omnia
1397 3654 1783 3723 appenduntur
1800 3664 2044 3726 peccata,
2063 3673 2215 3728 qua:-

632 3757 854 3813 cunque
890 3758 990 3811 per
1038 3744 1351 3801 universam
1396 3754 1599 3800 terram
1643 3747 1872 3819 singulis
1902 3750 2217 3821 quibusque

636 3835 982 3904 temporibus
1015 3843 1418 3911 penetrantur.
1462 3838 1564 3894 Ubi
1598 3839 1745 3893 enim
1790 3850 1977 3897 nostra
1996 3854 2219 3914 peccata

635 3943 812 3998 usque
854 3928 924 3983 ad
972 3928 1318 3983 manifestam
1350 3933 1704 3999 pervenerint
1749 3933 2215 4003 magnitudinem,

636 4027 752 4074 tum
774 4034 907 4093 vero
937 4019 1183 4075 olfensus
1202 4034 1394 4090 poenas
1419 4035 1449 4074 a
1474 4021 1635 4076 nobis
1666 4024 1865 4093 repetit
1887 4025 2003 4096 ipse
2037 4028 2218 4100 legum

636 4111 936 4167 conditor:
973 4110 1295 4180 frequenter
1340 4120 1522 4167 autem
1580 4114 1742 4168 insita
1775 4117 2012 4184 quadam
2060 4120 2218 4176 beni-

636 4218 691 4272 g'
734 4210 846 4257 tate
875 4202 1090 4265 tolerat,
1126 4210 1527 4274 peccantesque
1572 4207 1840 4273 sustinet;
1867 4224 2067 4280 neque,
2117 4228 2218 4266 an-

2305 1920 2491 1976 είπενο
2544 1921 2693 1993 Αὕτη
2735 1923 2768 1992 ἡ
2816 1920 2998 1975 ἀδικία
3026 1920 3203 1976 αὐτῶν
3246 1921 3304 1973 ὲν
3336 1920 3486 1990 πάσῃ
3526 1922 3591 1991 τῇ
3629 1921 3721 1991 γῇ.
3771 1919 3883 1973 Kal

2309 2015 2414 2069 ἰδοὺ
2467 2014 2726 2069 τάλαντον
2784 2012 3032 2085 μολίϐδου
3077 2012 3441 2085 ὲξαιρόμενον,
3499 2011 3590 2066 καὶ
3640 2010 3749 2065 ἰδοὺ
3785 2011 3881 2082 μία

2305 2105 2440 2176 γυνὴ
2469 2106 2701 2175 ἐκάθητο
2743 2106 2802 2158 ὲν
2843 2103 2991 2176 μέσῳ
3027 2104 3120 2159 τοῦ
3162 2103 3359 2175 μέτρου
3382 2120 3393 2132 ·
3429 2105 3524 2157 καὶ
3554 2103 3747 2175 έῤῥιψε
3788 2101 3881 2156 τὸν

2304 2198 2450 2250 λίθον
2479 2196 2571 2250 τοῦ
2605 2196 2852 2268 μολίϐδου
2877 2199 2957 2260 είς
2981 2196 3043 2249 τὸ
3069 2195 3244 2266 στόμα
3271 2194 3441 2264 αὐτῆς
3459 2213 3473 2226 ο
3500 2196 3592 2249 καὶ
3615 2191 3729 2267 ἦρα
3755 2198 3883 2259 τοὺς

2312 2289 2642 2361 ὀφθαλμοὺς,
2680 2289 2775 2342 καὶ
2806 2284 2942 2342 εἶδον
2968 2303 2982 2317 ⁸
3018 2288 3113 2340 καὶ
3143 2286 3251 2340 ίδοὺ
3299 2286 3391 2339 δύο
3422 2290 3676 2353 γυναῖκες
3718 2288 3885 2340 ὲκττο·

2309 2380 2615 2453 ρευόμεναι,
2648 2378 2743 2432 καὶ
2776 2376 2994 2448 πνεῦμα
3015 2378 3073 2429 ἐν
3102 2378 3220 2440 ταῖς
3258 2377 3719 2446 πτέρυξιν,αὺτῶν
3742 2395 3755 2408 ’
3790 2380 3884 2431 καί

2308 2464 2464 2524 αὗται
2517 2469 2662 2540 εἰχον
2719 2469 2996 2540 πτέρυγας
3042 2466 3116 2531 ὡς
3169 2467 3437 2539 πτέρυγες
3488 2468 3729 2532 ἔποπος.
3788 2470 3886 2522 καὶ

2307 2559 2566 2614 ἀνέλαϐον
2610 2560 2670 2611 τὸ
2726 2558 2925 2628 μέτρον
2975 2557 3078 2611 ἀνά
3115 2556 3277 2626 μέσον
3331 2558 3428 2629 τῆς
3482 2559 3601 2627 γῆς,
3642 2559 3738 2611 καὶ
3779 2558 3887 2613 ἀνὰ

2312 2652 2474 2723 μέσον
2505 2650 2597 2706 τοῦ
2625 2650 2875 2723 οὐρανοῦ.
2905 2649 3013 2705 Kal
3046 2645 3176 2704 εἶπα
3218 2650 3353 2721 πρδς
3393 2649 3480 2703 τὸν
3526 2649 3756 2717 ἄγγελον
3795 2651 3886 2703 τὸν

2310 2740 2570 2795 λαλοῦντα
2595 2744 2651 2796 ὲν
2680 2742 2803 2812 ἐμοί
2823 2759 2837 2772 ·
2866 2741 2973 2797 Ποῦ
3001 2733 3162 2796 αὗται
3194 2740 3530 2813 ἀποφέρουσι
3559 2741 3618 2793 τὸ
3650 2742 3887 2812 μέτρονς

2312 2833 2423 2887 Kal
2459 2830 2578 2886 εἷπε
2608 2832 2743 2905 πρός
2778 2849 2874 2902 με·
2924 2831 3290 2903 Οίκοδομῆσαι
3343 2831 3489 2903 αὐτῷ
3518 2831 3695 2885 οἰκίαν
3724 2834 3779 2884 ὲν
3815 2835 3888 2911 γῇ

2310 2926 2651 2990 Βαϐυλῶνος.
2699 2928 2791 2980 καὶ
2829 2926 3133 2997 ἑτοιμάσαι,
3168 2926 3262 2978 καὶ
3308 2925 3560 2995 θήσουσιν
3606 2926 3740 2978 αὐτὸ
3771 2927 3893 2978 ἐκεῖ

2312 3020 2403 3072 ἐπὶ
2431 3020 2530 3090 τὴν
2566 3019 2882 3090 ὲτοιμασίαν
2914 3018 3101 3072 αὐτοῦ.
3141 3038 3158 3069 ι
3184 3017 3373 3070 Βούλει
3418 3017 3664 3089 λέγωμεν
3706 3019 3775 3071 τα
3805 3020 3893 3086 ἐφ’
3974 3020 3981 3025 ’

2314 3112 2531 3182 ἑκάστῳ
2556 3112 2737 3176 πάλιν,
2777 3112 2870 3165 καὶ
2909 3110 3200 3181 θεωρῶμέν
3229 3112 3303 3174 ὡς
3334 3110 3443 3177 ένι;

2240 3185 2282 3241 C
2388 3205 2593 3256 HAAA.
2630 3204 2776 3256 Ιιάνυ
2808 3203 2904 3271 μὲν
2931 3198 3045 3257 οὖν.

2386 3294 2550 3347 ΚΥΡ.
2592 3293 2807 3365 Μέτρον
2846 3310 2899 3345 τι
2941 3293 3038 3363 τῆς
3098 3292 3456 3363 Ἰερουσαλὴμ
3498 3292 3756 3363 ὲκτρέχον
3803 3309 3896 3346 τε-

2321 3384 2508 3437 θέαται
2543 3382 2641 3451 μὲν
2671 3382 2699 3433 6
2726 3382 3033 3451 προφήτης,
3068 3382 3312 3452 ἐρομένῳ
3337 3382 3391 3434 δὲ
3425 3383 3452 3434 ὅ
3474 3383 3527 3433 τί
3572 3384 3687 3434 ποτ’
3721 3384 3894 3447 ἐστιν,

2317 3479 2345 3531 6
2382 3476 2614 3546 ἄγγελος
2644 3474 2747 3545 ἔφη
2770 3490 2783 3505 ο
2814 3493 2832 3525 ι
2868 3473 3017 3546 Αὕτη
3051 3475 3085 3545 ἡ
3120 3473 3302 3529 ἀδικία
3343 3475 3518 3528 αὐτῶν
3554 3476 3612 3527 ὲν
3643 3476 3799 3547 πάσῃ
3827 3479 3897 3546 τῇ

2317 3573 2408 3641 γῇ.
2450 3588 2467 3620 ι
2504 3570 2728 3639 Ὅμοιον
2767 3567 2845 3634 δὲ,
2872 3568 2948 3631 ὡς
2996 3569 3045 3621 εί
3086 3567 3237 3637 λέγοι
3274 3568 3458 3639 τυχόν·
3513 3568 3602 3621 Ἐν
3645 3568 3788 3639 τῷδε
3821 3569 3898 3637 τῷ

2323 3662 2504 3734 μέτρῳ
2537 3664 2816 3733 μετρεῖται
2847 3660 2957 3714 τῶν
2989 3660 3094 3714 ἀνὰ
3123 3662 3302 3715 πᾶσαν
3348 3660 3445 3731 τὴν
3488 3663 3591 3731 γῆν
3628 3662 3699 3714 τά
3752 3662 3899 3714 κατὰ

2321 3754 2546 3825 καιροὺς
2594 3751 3063 3822 πλημμελήματα.
3114 3752 3295 3823 Μέχρι
3334 3751 3445 3823 γὰρ
3482 3752 3546 3822 δὴ
3594 3752 3897 3823 ποσότητος

2322 3847 2562 3916 φανερᾶς
2586 3844 2828 3916 ἡκούσης
2848 3844 3003 3914 ἡμῶν
3030 3846 3127 3915 τῆς
3152 3843 3447 3915 ἁμαρτίας,
3468 3844 3664 3913 ὲπάγει
3684 3844 3749 3916 δὴ
3769 3846 3897 3899 τότε

2320 3939 2417 4002 τὰς
2459 3938 2614 4001 δίκας
2646 3936 3017 4007 λελυπημένος
3043 3937 3073 3989 6
3106 3935 3427 4007 νομοθέτης·
3460 3936 3815 4009 διακαρτερεί
3842 3940 3897 3991 δὲ

2323 4030 2583 4093 πολλάκις
2629 4028 2688 4097 ἐξ
2729 4029 2972 4098 ἐμφύτου
3017 4027 3441 4099 φιλανθρωπίας,
3495 4029 3590 4082 καὶ¹
3637 4029 3898 4100 πλημμε-

2320 4122 2555 4176 λούντων
2587 4122 2860 4192 ἀνέχεται,
2892 4122 2999 4192 πρὸ
3031 4121 3131 4191 τῆς
3172 4119 3615 4191 συμπληρώσεως
3649 4122 3751 4174 οὐκ
3784 4124 3899 4175 elc-

2322 4216 2467 4269 άπαν
2506 4211 2850 4281 ἀγανακτῶν.
2892 4212 3002 4265 Καὶ
3030 4210 3161 4279 γοῦν
3199 4210 3301 4282 ἔφη
3331 4209 3467 4280 πρὸς
3514 4209 3767 4280 Ἀϐραὰμ
3804 4212 3900 4264 τὸν

636 4304 857 4363 tequam
903 4293 975 4348 sit
1017 4294 1215 4350 modus
1267 4296 1593 4364 completus,
1640 4299 1949 4355 universam
1989 4302 2207 4359 effundit

2326 4307 2499 4377 ίερόν·
2553 4324 2570 4356 ι
2620 4303 2787 4358 Οὔπω
2828 4304 2934 4375 γὰρ
2979 4303 3473 4374 ἀναπεπλήρωνται
3518 4304 3576 4357 at
3627 4303 3900 4373 ἁμαρτίαι

639 4383 797 4438 iram.
822 4383 1009 4453 Itaque
1036 4384 1457 4440 dixitAbrahaa:
1500 4405 1517 4435 ι
1545 4386 1799 4442 Nondum
1826 4390 1974 4461 enim
1997 4390 2207 4463 impleta

2320 4399 2429 4451 τῶν
2467 4396 2809 4468 Ἀμορραίων
2862 4396 2966 4458 ἓως
3000 4393 3096 4448 τοῦ
3118 4394 3233 4449 νῦν.
3271 4414 3289 4447 ι
3333 4393 3476 4466 Πρὸς
3510 4394 3714 4460 δὲτοὺς
3734 4396 3898 4466 Φαρι-

640 4484 768 4529 sunt
798 4485 1019 4545 peccata
1053 4476 1497 4533 Amorrhaeorum
1530 4494 1703 4549 usque
1725 4481 1907 4537 adhuc
1928 4484 1992 4537 ³⁸.
2031 4504 2051 4536 ι
2078 4485 2207 4553 Pha-

2327 4492 2512 4555 σαίους
2541 4489 2786 4559 ἀσχέτως
2814 4488 3270 4559 ἐκλελυττηκότας
3298 4486 3404 4559 ἔφη
3442 4487 3698 4559 Χριστός·
3730 4508 3749 4540 ι
3788 4489 3898 4544 Καὶ

642 4567 815 4622 τίεαεὶε
851 4577 1058 4634 autem,
1086 4570 1464 4638 quietl'renate
1496 4571 1650 4626 illum
1679 4573 2061 4643 oll‘endissent,
2085 4579 2207 4634 dixil

2325 4585 2482 4653 ὑμεῖς
2525 4580 2851 4652 πληρώσατε
2881 4579 2943 4633 τὸ
2976 4579 3173 4651 μέτρον
3214 4578 3323 4634 τῶν
3362 4579 3612 4649 πατέρων
3657 4578 3838 4649 ὑμῶν.
3871 4596 3893 4629 ο

641 4657 930 4713 Christus:
974 4678 991 4710 ι
1036 4660 1104 4715 Εῑ
1132 4676 1231 4715 vos
1259 4662 1479 4732 implete
1515 4678 1833 4719 mensuram
1872 4677 2088 4737 patrum
2124 4685 2207 4725 ve-

2336 4672 2806 4746 Ἐκπορευομένου
2848 4669 3136 4742 τοιγαροῦν
3185 4669 3279 4724 τοῦ
3341 4670 3560 4742 μέτρου,
3616 4668 3897 4740 ἐξαίρεται

644 4760 885 4825 strorum
916 4751 981 4805 ³³,
1023 4771 1039 4802 ι
1077 4752 1415 4809 Procedente
1448 4754 1616 4825 igitur
1636 4771 1924 4825 mensura,
1954 4761 2207 4817 talentum

2327 4768 2423 4838 μὲν
2451 4765 2545 4821 τοῦ
2578 4764 2827 4835 μολίϐδου
2853 4765 2915 4821 τὸ
2950 4762 3233 4826 τάλαντον,
3252 4763 3507 4835 ερριπται
3528 4762 3587 4817 δὲ
3618 4764 3699 4825 είς
3731 4762 3901 4832 μέσον

644 4841 853 4914 plumbi
900 4842 1192 4907 attollitur,
1234 4842 1586 4916 injiciturque
1638 4847 1695 4901 in
1743 4849 1984 4906 medium
2026 4852 2207 4907 muliel

2323 4864 2357 4932 ὴ
2384 4861 2522 4929 γυνὴ
2567 4859 2851 4931 πληροῦσα
2887 4859 2947 4913 τὸ
2982 4858 3201 4930 μέτρον,
3242 4861 3279 4930 ἢ
3320 4859 3418 4915 καὶ
3451 4861 3510 4913 ἐν
3549 4858 3781 4927 στόματι
3821 4857 3900 4925 τῷ

644 4949 767 5003 qua:
809 4948 1122 4988 mensuram
1171 4931 1462 5002 impleret,
1498 4950 1620 5005 quae
1669 4937 1834 4992 etiam
1878 4954 1973 4994 ore
2008 4939 2207 5009 plumbi

2327 4931 2442 5023 ίδίῳ
2470 4951 2562 5005 τὸν
2610 4950 2706 5004 τοῦ
2751 4950 2998 5021 μολισδου
3033 4950 3185 5005 λίθον
3224 4951 3469 5021 ἐδέχετο·
3506 4946 3627 5004 εῑτά
3664 4967 3834 5021 φησιν
3870 4952 3900 5003 6

646 5025 881 5096 lapidem
899 5025 1147 5095 excepit;
1180 5023 1379 5080 deinde
1395 5026 1576 5099 inquit
1592 5028 1815 5085 divinus
1840 5031 1933 5087 ille
1960 5034 2187 5103 angelus
2206 5056 2207 5081 :

2325 5040 2611 5103 θεσπέσιος
2649 5038 2880 5108 ἄγγελος
2901 5057 2913 5071 ·
2946 5038 3094 5110 Αὕτη
3125 5042 3273 5093 ἐστὶν
3299 5042 3335 5110 ἡ
3364 5039 3581 5111 ἀνομία.

648 5118 773 5172 llaec
796 5125 881 5173 est
910 5115 1189 5187 iniquitas.

722 5206 879 5275 102
922 5205 1116 5261 PALL.
1148 5207 1268 5263 Non
1293 5218 1376 5265 est
1408 5210 1589 5266 adhuc
1619 5213 1750 5267 satis
1786 5214 2111 5284 perspicuus
2134 5216 2223 5271 hic

648 5297 942 5366 Scriptura:
972 5297 1142 5354 locus.

718 5385 874 5441 αγις.
918 5385 1025 5441 Sed
1061 5389 1165 5444 erit
1225 5392 1490 5462 profecto,
1528 5406 1691 5465 atque
1735 5395 1885 5451 haud
1925 5398 2006 5452 ita
2048 5400 2207 5460 multo

2393 5399 2556 5453 ΚΥΡ.
2619 5398 2828 5452 Οὐκοῦν
2887 5398 3062 5461 ἔσται,
3122 5399 3217 5453 καὶ
3248 5398 3350 5452 οὐκ
3398 5397 3480 5460 είς
3532 5393 3771 5466 μακράν.
3825 5392 3902 5447 Τδ

650 5487 810 5549 post:
841 5491 965 5530 nam
991 5478 1199 5547 plumbi
1235 5485 1501 5542 talentum
1528 5487 1644 5558 ipse
1675 5487 1931 5545 Christus
1962 5497 2066 5553 est,
2097 5489 2207 5560 opi-

2325 5489 2434 5561 γάρ
2460 5506 2545 5542 τοι
2574 5489 2668 5544 τοῦ
2701 5488 2950 5558 μολίϐδου
2978 5489 3237 5543 τάλαντον
3265 5485 3423 5550 αὐτὸς
3441 5484 3508 5539 ἂν
3529 5483 3616 5554 εἴη
3637 5482 3899 5555 Χριστὸς,

650 5584 771 5635 nor,
801 5568 895 5639 qui
955 5572 1224 5629 attollitur
1254 5576 1475 5645 quidem
1503 5619 1516 5643 ,
1562 5579 1614 5633 id
1659 5587 1761 5644 est,
1806 5580 2078 5635 exaltatur
2122 5595 2207 5650 pel

2326 5580 2386 5644 ὃς
2412 5579 2685 5653 ἐξαίρεται
2724 5581 2842 5651 μὲν,
2869 5579 3011 5633 τοῦτ’
3035 5578 3203 5644 ἐστιν,
3237 5573 3462 5647 ὑψοῦται
3484 5572 3571 5627 διὰ
3608 5572 3703 5625 τοῦ
3743 5588 3901 5624 atauo

2396 5222 2602 5275 ΠΑΛΛ.
2646 5220 2812 5274 Οὔπω
2836 5219 2958 5274 λίαν
2988 5219 3135 5273 ἔστιν
3164 5218 3399 5289 εναργὴς
3431 5220 3461 5271 6
3487 5217 3663 5285 λόγος.

720 5755 765 5786 ³⁸
790 5754 945 5810 Joan.
975 5773 1012 5823 ι,
1044 5757 1132 5813 29.
1212 5759 1256 5790 ”
1277 5759 1379 5819 lsa.
1419 5774 1531 5824 un,
1560 5760 1612 5814 5.
1672 5761 1717 5793 ⁸ο
1740 5760 1967 5815 Zachar.
1994 5777 2044 5827 v,
2068 5761 2222 5815 5-H.
2248 5761 2307 5835 f‘
2336 5761 2564 5818 Zachar.
2595 5779 2669 5829 vi,
2704 5764 2755 5818 5.
2815 5765 2857 5797 "
2883 5764 3080 5819 Cenes.
3102 5780 3191 5829 xv,
3216 5763 3300 5818 16.
3381 5762 3427 5855 ξδ
3446 5760 3639 5816 Matth.
3664 5773 3781 5822 xm,
3802 5755 3873 5809 35
