4076 6494
109 520 198 575 297

794 517 883 571 DE
920 516 1361 572 ADORATIONE
1398 516 1465 571 IN
1508 515 1776 571 SPIRITU
1817 516 1904 569 ΕΤ
1947 515 2311 570 V'ERITATE.
2346 515 2471 567 LIB.
2501 515 2589 569 Ill.

3224 515 3325 571 298

106 637 209 710 ροῦ,
236 634 330 687 καὶ
378 636 489 696 τοῖς
523 633 619 702 τῆς
668 632 919 705 θεότητος
964 633 1266 704 ἀξιώμασιν
1306 633 1498 704 ὁρᾶται
1537 632 1657 685 διαο

1768 646 2007 695 crucem,
2042 648 2105 686 ac
2136 630 2396 702 dignitate
2419 629 2722 684 divinitatis
2762 640 3038 700 spectatur
3064 632 3322 705 insignis:

108 729 322 799 πρεπής.
381 727 443 779 'U
464 725 572 796 γὰρ
596 725 727 789 θεὸς
767 726 930 780 αὐτὸν
967 726 1315 797 ύπερύψωσε.
1356 725 1450 778 καὶ
1480 722 1659 794 ἐχαρί-

106 837 217 874 σατο
252 817 617 888 αύτῷδνομαν
646 816 706 869 τὸ
745 816 883 888 ὑπὲρ
923 819 1030 870 πᾶν
1084 817 1273 888 δνομα.
1330 814 1662 869 Κατακλείει

106 913 154 966 δὲ
197 910 290 979 τῆς
332 909 608 980 ἁμαρτίας
649 907 713 960 τὸ
762 908 963 979 στόμα,
1018 908 1159 961 κατὰ
1204 908 1265 960 τὸ
1314 910 1370 961 ἐν
1413 905 1663 978 Ψαλμοῖς

108 999 446 1070 ὑμνούμενον
490 1017 509 1049 ι
553 998 661 1051 Kal
694 999 841 1051 πᾶσα
867 997 1066 1068 ἀνομία
1101 997 1447 1067 ὲμφράξειτὸ
1490 999 1665 1068 στόμα.

110 1094 255 1163 ιῦτῆς
275 1111 289 1122 °
320 1111 339 1143 ι
374 1090 637 1161 εἰρημένη
666 1089 947 1142 καταϐοῶν
969 1089 1075 1141 τῶν
1105 1078 1163 1153 ἒξ
1186 1088 1464 1151 ἀσθενείας
1487 1089 1661 1159 ήμαρ·

108 1183 351 1253 τηκότων,
382 1181 477 1233 καὶ
498 1182 554 1232 ἐν
586 1180 763 1231 πίστει
791 1179 1245 1247 δεδικαιωμένων.
1286 1197 1304 1227 ι
1340 1177 1471 1239 Θεὸς
1498 1177 1604 1246 γὰρ
1636 1178 1665 1228 6

106 1271 331 1335 δικαιῶν,
364 1272 449 1334 τίς
481 1272 510 1323 6
555 1270 935 1342 κατακρίνων;
988 1290 1007 1322 ι
1040 1271 1276 1342 Χριστοῦ
1310 1271 1366 1323 δὲ
1402 1271 1664 1334 παθόντος

108 1363 227 1434 ὑπὲρ
252 1363 433 1433 ἡμῶν,
480 1361 595 1425 πῶς
623 1358 690 1433 ἦν
734 1361 1025 1415 ἀκόλουθον
1054 1365 1147 1416 καὶ
1181 1364 1326 1433 ἡμᾶς
1360 1363 1555 1426 αὐτοὺς
1585 1363 1663 1415 ἔτι

107 1451 191 1514 τὰς
236 1452 378 1523 ὑπὲρ
433 1454 540 1504 τῶν
589 1452 736 1505 ἰδίων
791 1452 1276 1525 πλημμελημάτων
1338 1454 1665 1518 ἐξαιτεῖσθαι

106 1543 238 1607 δίκας
259 1561 274 1607 ;

164 1723 367 1777 IIAAA'.
434 1720 730 1790 Ὀρθὸτατα
782 1722 937 1793 ἔφης.
992 1722 1395 1794 Δεδικαιὼμεθα
1443 1722 1555 1795 γὰρ
1607 1726 1664 1777 ἐν

104 1814 330 1885 Χριστῷ,
379 1816 472 1867 καὶ
529 1814 624 1885 τὴν
670 1817 734 1867 ἐκ
784 1815 883 1885 τῆς
936 1816 1208 1886 ἁμαρτίας
1263 1816 1538 1887 καταϐοὴν
1602 1812 1661 1869 εὖ

104 1906 233 1975 μάλα
258 1904 716 1976 διεκρουσάμεθα.
739 1907 970 1959 Ἥδιστα
999 1907 1042 1959 δ’
1077 1906 1142 1959 ἂν
1171 1906 1505 1977 ἀναμάθοιμί
1538 1923 1661 1968 σου,

1766 724 1909 778 Deus
1934 723 2080 777 enim
2107 723 2262 777 illum
2318 738 2483 793 super
2525 722 2709 777 omnia
2738 724 2997 779 exaltavit
3024 735 3081 780 et
3099 726 3328 799 largitus

1764 820 1847 867 est
1902 812 1977 866 illi
2026 828 2243 876 nomen,
2288 812 2433 881 quod
2472 820 2556 866 est
2614 827 2779 882 super
2810 828 2971 867 omne
3022 830 3220 871 nomen
3259 817 3324 871 ".

1761 905 2010 959 Obstruit
2045 914 2228 959 autem
2268 918 2329 958 os
2366 904 2688 974 iniquitatis,
2722 905 2874 974 juxta
2923 905 3056 960 illud
3092 907 3237 976 quod
3272 908 3327 963 in

1776 997 2007 1051 Psalmis
2044 996 2292 1051 canitur:
2332 1015 2349 1046 ι
2380 996 2449 1050 Et
2469 997 2646 1050 omnis
2671 996 2930 1066 iniquitas
2964 998 3229 1067 oppilabit
3269 1014 3332 1053 os

1764 1104 1924 1142 suum
1950 1090 2026 1154 ³⁸,
2064 1109 2081 1139 ι
2117 1088 2263 1158 quod
2289 1103 2352 1142 ea
2401 1088 2757 1157 prohibeatur
2802 1088 3065 1144 adversus
3098 1106 3194 1145 eos
3223 1092 3333 1144 cla-

1764 1195 1912 1233 mare
1941 1179 2035 1249 qui
2077 1194 2144 1234 ex
2170 1178 2489 1233 inﬁrmitate
2522 1179 2892 1249 peccaverint,
2920 1186 2976 1233 et
2998 1178 3104 1234 ﬁde
3135 1180 3333 1251 justiﬁ-

1763 1270 1869 1323 cati
1916 1269 2045 1323 sint.
2102 1289 2119 1320 ι
2154 1270 2300 1323 Deus
2319 1268 2463 1323 enim
2486 1278 2570 1324 est
2595 1270 2705 1333 ille,
2744 1270 2840 1339 qui
2880 1270 3162 1340 justiﬁeat,
3207 1273 3332 1342 quis

1764 1369 1869 1423 est,
1910 1361 2004 1430 qui
2042 1359 2371 1414 condemnet
2390 1359 2472 1412 “?
2508 1378 2525 1409 ›
2559 1360 2746 1429 Itaque
2773 1376 2896 1414 cum
2922 1360 3175 1416 Christus
3206 1378 3332 1432 pas-

1765 1466 1859 1505 sus
1881 1451 1951 1505 sit
1972 1466 2071 1522 pro
2093 1451 2272 1515 nobis,
2306 1451 2580 1520 quomodo
2618 1466 2960 1521 consequens
2995 1462 3139 1507 esset
3168 1455 3331 1508 etiam

1762 1558 1793 1595 a
1828 1542 1989 1597 nobis
2035 1542 2169 1615 ipsis
2223 1542 2395 1612 repeti
2447 1551 2762 1597 nostrorum
2815 1553 3163 1613 peccatorum
3214 1561 3333 1616 pae-

1764 1630 1919 1687 nas?'

1836 1724 2031 1780 PALL.
2095 1723 2416 1780 Rectissime
2468 1725 2695 1780 dictum.
2757 1724 3048 1781 Justiﬁcati
3100 1741 3334 1797 namque

1766 1829 1955 1868 sumus
2006 1814 2062 1867 in
2115 1813 2353 1880 Christo,
2392 1825 2556 1885 atque
2582 1816 2876 1870 clamorem
2901 1816 3196 1873 adversum
3233 1834 3334 1872 nos

1766 1906 2307 1977 criminationemque
2351 1907 2558 1976 peccati
2611 1908 2929 1976 repulimus.
2988 1908 3333 1965 Iucundissi-

102 1998 176 2051 διὰ
209 2000 370 2053 ποίαν
392 1998 571 2051 αἰτίαν
603 1998 927 2069 σημαίνεται
958 2002 1055 2068 μὶν
1074 1997 1149 2061 ὡς
1177 1999 1234 2051 ἐν
1270 1998 1503 2069 μολίϐδῳ
1533 2000 1668 2070 Χρι-

1770 2012 1918 2049 mum
1948 2012 2079 2049 vero
2128 1996 2344 2061 feceris,
2398 1997 2443 2051 si
2487 1996 2741 2051 docueris
2789 2014 2951 2068 quam
2995 1999 3067 2053 ob
3114 2000 3371 2057 cansam‘

106 2090 228 2154 στὺς,
253 2091 333 2154 ὡς
362 2092 419 2142 ἐν
449 2090 724 2162 προσώπῳ
750 2092 805 2144 δὲ
832 2090 1086 2158 γυναικὸς
1111 2092 1143 2161 ἡ
1169 2090 1367 2161 ἀνομία
1397 2092 1665 2159 φαίνεται.

162 2281 317 2335 ΚΥΡ.
370 2282 480 2334 Kal
528 2282 635 2353 μὴν
677 2282 772 2336 καὶ⁵
814 2281 972 2335 τοῦτό
1006 2297 1068 2351 γε
1098 2281 1244 2333 ἔστιν
1270 2280 1490 2335 εὔκολον
1542 2280 1667 2334 ἰδεῖν

105 2372 194 2425 ἀπό
218 2390 276 2440 γε
303 2373 423 2425 τῶν
455 2372 618 2443 ίερῶν
650 2373 1031 2445 Γμμμάτωνο
1064 2370 1280 2435 πολλοῖς
1309 2372 1416 2441 γὰρ
1446 2368 1545 2443 ἤδη
1572 2372 1667 2425 καὶ

107 2459 281 2529 ἑτέροις
309 2461 556 2530 Χριστὸς
578 2462 993 2532 παρεικάζεται,
1025 2461 1112 2514 διὰ
1138 2462 1237 2532 τῆς
1264 2461 1371 2516 τῶν
1405 2478 1667 2533 σημαινο-

104 2553 257 2621 μένων
280 2553 597 2625 ποιότητος,
624 2553 732 2607 τῶν
763 2555 852 2607 ἐπ’
883 2545 1031 2623 αὐτῷ
1061 2552 1380 2622 νοουμένων.

159 2730 330 2784 ΠΑΛΛ
350 2772 367 2784 .
401 2728 527 2782 υἷον
559 2729 611 2783 τί
640 2731 746 2800 φής
766 2771 781 2795 ι

157 2824 309 2876 ΚΥΡ.
378 2823 606 2889 Γέγονεν
659 2824 791 2892 ἡμῖν
840 2823 1045 2894 κρηπὶς
1095 2822 1188 2879 καὶ
1238 2823 1526 2893 ἀσφάλεια,
1574 2822 1669 2874 καὶ

97 2914 384 2985 ἁκλόνητος
431 2912 740 2985 ὑποϐάθρα,
789 2915 886 2967 καὶ
926 2914 1179 2985 θεμέλιος
1207 2915 1492 2988 ἀρραγὴς·
1536 2912 1669 2965 ὠνόο

103 3023 281 3073 μασται
312 3007 377 3059 δὲ
413 3005 506 3058 διὰ
530 3004 687 3058 τοῦτο
710 3005 879 3070 λίθος.
908 3025 928 3058 ι
975 3009 1105 3061 Ἰδοὺ
1133 3009 1260 3080 γὰρ,
1295 3009 1445 3079 φησὶ,
1476 3008 1667 3079 τίθημι

103 3098 166 3157 είς
190 3097 253 3149 τὰ
293 3096 539 3166 θεμέλια
576 3094 715 3149 Σιὼν
742 3095 888 3149 λίθον
932 3098 1210 3166 ἐκλεκτὸν,
1254 3101 1665 3170 ἁκρογωνιαῖον,

103 3188 313 3258 ἔντιμον.
352 3190 475 3242 Καὶ
508 3189 537 3241 6
583 3187 855 3241 πιστεύων
897 3190 985 3242 ἐπ’
1021 3190 1192 3261 αὐτῷ.
1234 3193 1295 3245 ού
1349 3192 1424 3263 μὴ
1476 3206 1669 3246 καται-

103 3280 303 3351 σχυνθῇ.
335 3300 355 3333 ο
397 3278 563 3333 Ἔστι
593 3278 654 3333 δὲ
684 3279 847 3333 πάλιν
885 3282 1067 3345 αὐτὸς,
1099 3283 1158 3336 τὸ
1190 3282 1441 3355 λαμπρόν
1468 3301 1529 3336 τε
1572 3284 1667 3337 καὶ⁵
1694 3322 1738 3381 c

103 3372 414 3441 ἁξιὰγαστον
468 3372 570 3442 τῆς
628 3372 957 3441 Ἐκκλησίας
1004 3374 1312 3444 κειμήλιον,
1368 3376 1397 3427 6
1440 3372 1665 3436 πλοῦτος

103 3464 235 3531 ἡμιῖιν
264 3467 292 3517 6
317 3463 703 3533 πνευματικός
727 3478 742 3491 ⁸
774 3463 987 3534 εἴρηται
1008 3464 1063 3518 δὲ
1084 3465 1449 3537 μαργαρίτης.
1480 3464 1670 3535 Ὁμοία

101 3556 191 3626 γάρ
222 3557 357 3623 ἐστι,
404 3556 604 3625 φησιν,
638 3557 671 3626 ἡ
720 3554 964 3624 βασιλεία
1000 3557 1108 3609 τῶν
1157 3556 1670 3627 ούρανῶνέμπὸρῳ

104 3643 329 3714 ζητοῦντι
359 3646 575 3708 καλοὺς
622 3647 988 3717 μαργαρίτας.
1022 3646 1212 3717 Εὑρὼν
1236 3647 1291 3700 δέ
1323 3646 1419 3700 ἕνα
1453 3646 1671 3700 πολύτι-

102 3752 186 3802 μον
232 3738 591 3810 μαργαρίτην
636 3737 919 3802 ἀπελθὼν,
974 3738 1281 3809 ἐπίπρασκε
1338 3738 1515 3791 πάντα
1569 3739 1671 3793 ὅσα

102 3823 213 3895 εἶχε.
239 3832 330 3882 καὶ
360 3829 651 3898 ἠγόρασεν
678 3829 860 3884 αὐτόν.
898 3847 916 3879 ι
953 3829 1163 3900 Συνῆψε
1184 3829 1241 3882 δὲ
1264 3831 1411 3900 ἡμᾶς
1438 3830 1507 3883 δι’
1542 3830 1670 3883 ἐαυ-

104 3920 180 3973 τοῦ
219 3922 293 3993 τῷ
331 3918 466 3993 Θεῷ
506 3924 600 3975 καὶ
648 3921 842 3991 Πατρὶ,
888 3920 1200 3983 καταλύσας
1227 3920 1327 3990 τὴν
1380 3920 1580 3992 ἔχθραν
1610 3922 1669 3973 ἐν

102 4012 165 4081 τῷ
189 4015 395 4084 σώματι
437 4013 638 4077 αὑτοῦ,
692 4014 837 4067 καθὰ
878 4014 1215 4085 ’,γέγραπται⁹
1269 4016 1362 4067 καὶ
1401 4015 1531 4083 γοῦν
1562 4014 1665 4087 εφη

103 4105 218 4174 πρὸς
254 4106 341 4160 τὸν
377 4109 446 4159 ἐν
483 4106 737 4175 οὐρανοῖς
759 4104 977 4175 Πατέρα
1002 4105 1095 4157 καὶ
1129 4103 1281 4166 Θεὸν,
1309 4104 1571 4174 περὶτῶν
1610 4107 1669 4159 ἐν

98 4196 255 4251 πίστει
278 4202 345 4269 τῇ
382 4201 476 4260 εἰς
522 4196 683 4249 αὐτὸν
720 4196 1190 4267 δεδικαιωμένων·
1228 4214 1246 4245 ι
1299 4197 1498 4268 Πάτερ,
1530 4197 1669 4250 θέλω

100 4286 172 4338 ἶνα
200 4288 385 4359 ὥσπερ
414 4288 539 4354 ἐγὼ
580 4287 675 4340 καὶ
703 4288 768 4340 σὺ
798 4287 857 4339 ’ἐν
892 4289 1080 4357 ἐσμεν,
1119 4285 1262 4341 οὕτω
1293 4288 1387 4341 καὶ
1417 4289 1573 4341 αὐτοὶ⁸
1608 4290 1667 4341 ὲν

97 4379 211 4445 ἡμῖν
255 4380 311 4431 ἰν
353 4375 486 4433 ὦσι.
545 4397 593 4429 ιι
620 4378 900 4447 Κέκληται
945 4378 1113 4449 ταύτῃ
1164 4396 1246 4431 τοι
1294 4380 1667 4451 κασσιτέρινος

100 4467 249 4532 λίθος,
275 4469 743 4540 καςσιτέρῳγὰρ
773 4469 1030 4523 κολλᾶται
1055 4470 1124 4522 τὰ
1148 4468 1481 4540 κολλώμενα.
1521 4471 1665 4542 Ἔφη

94 4552 145 4603 δέ
170 4571 261 4607 που
295 4556 430 4619 Θεὸς
468 4554 568 4607 διὰ
597 4554 781 4623 φωνῆς
808 4554 1100 4622 Ζαχαρίου,
1129 4553 1218 4605 τὸν
1249 4553 1377 4606 ἴδιον
1410 4556 1539 4624 ἡμῖν
1569 4571 1668 4607 κα-

1771 2088 1979 2158 plumbi
2010 2087 2182 2160 ﬁgura
2214 2089 2551 2160 signiﬁcetur
2577 2089 2861 2157 Christus;
2891 2091 3137 2146 mulieris
3150 2101 3334 2149 autem

1767 2194 1999 2248 persona
2028 2181 2299 2235 indicetur
2340 2182 2618 2250 iniquitas.

1833 2270 1987 2325 CYR.
2024 2270 2188 2341 Atqui
2216 2270 2359 2326 haud
2386 2270 2601 2326 difﬁcile
2647 2282 2729 2327 est
2763 2273 2817 2327 id
2848 2290 2879 2329 e
2912 2274 3080 2329 sacris
3112 2276 3336 2332 Litteris

1767 2361 2114 2431 perspicere;
2168 2363 2359 2417 multis
2393 2363 2540 2417 enim
2604 2363 2834 2420 aliarum
2884 2382 3103 2437 quoque
3150 2386 3335 2425 rerum

1768 2452 2098 2523 imaginibus
2130 2442 2384 2510 Christus
2412 2455 2793 2521 adumbratur,
2836 2474 2961 2513 cum
2988 2474 3019 2513 ο
3059 2461 3334 2532 signiﬁca-

1770 2548 1944 2597 tarum
1990 2545 2252 2613 qualitate
2304 2561 2489 2600 rerum
2530 2549 2930 2618 proprietates,
2972 2566 3092 2621 qua:
3147 2552 3203 2607 in
3241 2554 3337 2608 illo

1768 2640 1915 2694 sunt,
1953 2633 2353 2703 intelligantur.

1837 2722 2032 2777 PALL.
2059 2725 2119 2779 Id
2146 2742 2277 2779 vero
2312 2726 2473 2795 quale
2504 2736 2589 2781 est
2617 2728 2761 2799 quod
2789 2730 2905 2785 ais?

1842 2813 1999 2869 CYR.
2037 2817 2233 2871 Factus
2265 2826 2347 2872 est
2378 2818 2537 2872 nobis
2561 2818 2708 2874 basis
2737 2822 2982 2890 quaedam
3012 2833 3069 2879 et
3087 2823 3334 2888 ﬁrmitas.

1767 2894 2144 2962 etimmobilis
2170 2908 2390 2978 gradus,
2418 2917 2470 2963 et
2514 2911 2744 2966 solidum
2781 2912 3194 2970 fundamentum
3232 2932 3337 2971 εει

1769 2997 1836 3051 de
1865 3014 2026 3053 causa
2060 3001 2361 3069 appellatus
2392 3010 2475 3055 est
2511 3001 2665 3071 lapis.
2704 3022 2721 3054 ι
2771 3004 2909 3059 Ecce
2932 3006 3101 3071 enim,
3138 3006 3335 3077 inquit,

1769 3104 1914 3159 pono
1943 3089 1999 3143 in
2040 3089 2395 3145 fundamenta
2427 3090 2558 3146 Sion
2600 3093 2831 3163 lapidem
2864 3095 3120 3162 electum,
3163 3112 3337 3168 angu-

1771 3181 1961 3245 larem,
1988 3182 2307 3250 pretiosum.’
2344 3168 2414 3236 Et
2439 3184 2533 3252 qui
2561 3185 2738 3239 credit
2764 3185 2819 3239 in
2850 3185 3049 3256 ipsum,
3067 3203 3177 3243 non
3198 3204 3335 3243 con-

1770 3272 2030 3327 fundetur
2050 3258 2114 3327 π.
2149 3294 2167 3324 ι
2203 3274 2298 3329 Est
2322 3290 2512 3329 rursus
2556 3275 2699 3330 idem
2725 3279 3018 3346 przeclarus
3037 3286 3203 3349 atque
3238 3278 3338 3333 ad-

1770 3364 2035 3419 mirabilis
2072 3365 2329 3421 Ecclesiae
2365 3366 2675 3431 thesaurus,
2722 3368 2925 3424 divitiae
2984 3369 3089 3425 illae
3139 3379 3340 3425 nostra:

1767 3456 2109 3525 spirituales;
2146 3457 2328 3527 itaque
2362 3458 2651 3528 margarita
2690 3466 2774 3513 est
2808 3460 3130 3529 appellatus.
3186 3480 3205 3513 ι
3251 3461 3338 3517 Si-

1769 3547 1897 3602 mile
1926 3548 2074 3602 enim
2105 3560 2208 3612 est,
2228 3549 2425 3619 inquit,
2454 3564 2679 3619 regnum
2714 3550 2976 3605 caelorum
3017 3554 3340 3623 negotiatori

1769 3641 2035 3708 quaerenti
2060 3640 2233 3695 bonas
2259 3642 2607 3711 margaritas;
2638 3641 2859 3696 inventa
2878 3650 3063 3697 autem
3098 3660 3203 3699 una
3220 3661 3343 3715 pre-

1771 3733 1907 3787 tiosa
1956 3730 2271 3804 margarita,
2341 3735 2536 3790 abiens
2594 3736 2842 3792 vendidit
2892 3738 3148 3794 universa
3220 3757 3343 3811 qua:

1769 3824 1981 3890 habuit,
2009 3835 2065 3881 et
2099 3828 2232 3881 emit
2262 3844 2381 3884 eam
2416 3828 2479 3883 ³⁸.
2516 3848 2533 3880 ι
2566 3827 2862 3900 Conjunxit
2907 3832 3074 3893 etiam
3106 3848 3209 3888 nos
3244 3848 3343 3903 per

1770 3930 1827 3969 se
1854 3916 1964 3970 Deo
1994 3925 2051 3971 et
2079 3917 2249 3981 Patri,
2276 3919 2470 3974 solutis
2506 3918 2807 3975 inimicitiis
2846 3920 2901 3975 in
2928 3936 3174 3991 corpore
3202 3937 3305 3977 suo
3324 3963 3340 3983 ,

1771 4016 1831 4060 ut
1853 4007 2116 4078 scriptum
2142 4018 2227 4063 est
2243 4010 2309 4075 '9;
2352 4010 2589 4080 ideoque
2605 4010 2676 4064 ad
2706 4011 2943 4077 Patrem,
2966 4013 3061 4082 qui
3098 4013 3153 4068 in
3188 4014 3345 4069 cretis

1768 4110 1871 4165 est,
1913 4117 1975 4155 ac
1996 4102 2168 4156 Deum
2194 4102 2262 4157 de
2296 4102 2363 4157 iis
2386 4106 2480 4173 qui
2503 4102 2784 4174 justiﬁcati
2805 4110 2962 4157 erant
3012 4118 3115 4173 per
3142 4103 3302 4159 ﬁdem
3323 4144 3338 4168 ,

1769 4209 1874 4263 qua
1907 4194 1961 4247 in
1990 4193 2166 4263 ipsum
2219 4194 2536 4259 credebant,
2571 4194 2709 4249 dixit
2741 4212 2756 4247 :
2802 4213 2821 4245 ‹
2859 4194 3041 4258 Pater,
3082 4194 3207 4249 volo
3246 4204 3334 4255 ιιι,

1768 4284 1912 4339 sicut
1939 4300 2039 4354 ego
2068 4293 2122 4339 et
2152 4295 2210 4340 tu
2246 4301 2416 4340 unum
2446 4300 2655 4349 sumus,
2675 4286 2750 4341 sit
2779 4285 2878 4356 ipsi
2902 4299 3121 4355 quoque
3158 4286 3214 4340 in
3235 4301 3335 4341 no-

1768 4376 1854 4431 bis
1886 4393 2055 4430 unum
2105 4377 2215 4432 sint
2244 4379 2313 4431 ⁸⁸.
2353 4398 2370 4429 ι
2424 4378 2535 4433 Hac
2562 4379 2772 4433 ratione
2814 4388 3037 4433 vocatus
3071 4387 3155 4432 est
3184 4379 3338 4449 103

1767 4467 1906 4537 lapis
1962 4478 2258 4530 stanneus,
2301 4469 2449 4537 quod
2492 4478 2687 4524 stanno
2734 4469 3177 4540 conglutinantur
3221 4486 3341 4540 quae

1769 4559 2195 4629 conglutinanda
2225 4568 2373 4613 sunt.
2406 4559 2553 4615 Dixit
2586 4568 2772 4616 autem
2808 4560 3051 4631 profecto
3077 4562 3221 4617 Deus
3242 4579 3341 4633 per

99 4644 408 4699 ταδεικνύων
444 4646 600 4708 Υἱὺν,
650 4644 726 4708 ὡς
774 4645 915 4698 κατὰ
964 4646 1191 4714 καιροὺς
1234 4644 1432 4714 ἥξοντα
1466 4663 1525 4699 τε
1572 4647 1665 4700 καὶ

1770 4663 1832 4703 os
1852 4649 2151 4711 Zachariae,
2191 4664 2316 4704 cum
2344 4649 2541 4704 Filium
2572 4666 2731 4705 suum
2754 4652 2915 4707 nobis
2940 4651 3343 4707 demonstraret

100 4737 519 4806 πορευσόμενον
557 4752 578 4784 ι
622 4734 733 4787 Kal
782 4735 1135 4806 χαρήσονται,
1187 4735 1280 4786 καὶ
1333 4734 1552 4803 ὄψονται
1580 4737 1672 4789 τὸν

98 4821 224 4875 λίθον
252 4826 343 4879 τὸν
386 4824 777 4895 κασσιτέρινον
804 4825 864 4876 ἐν
890 4824 1035 4893 χειρί¹
1079 4822 1402 4893 Ζοροϐάϐελ.
1443 4843 1460 4872 ι
1517 4824 1671 4878 Οὕτω

98 4918 365 4985 τοιγαροῦν
402 4916 649 4971 κάνθάδε
691 4916 953 4970 τάλαντον
992 4916 1243 4985 μολίϐδου
1295 4918 1459 4986 φησὶν
1489 4920 1668 4974 αὐτόν.

100 5003 193 5055 Kal
235 5008 318 5070 τίς
348 5010 377 5061 ὁ
412 5005 579 5060 τοῦδε
613 5005 790 5075 λόγος,
828 5005 939 5078 ἐρῶ
973 5005 1039 5076 δὴ
1086 5005 1267 5061 πάλιν.
1318 5008 1374 5060 ’0
1416 5008 1672 5078 ἀδόκιμος

96 5094 313 5168 ἄργυρος
341 5095 561 5169 ἀναμὶξ
604 5096 836 5167 μολίϐδῳ
865 5096 1187 5167 τηκόμενος,
1211 5093 1271 5151 εὖ
1298 5098 1449 5167 μάλα
1483 5099 1673 5154 διακα-

94 5182 339 5258 θαίρέται,
369 5190 455 5252 είς
486 5188 682 5241 ἑαυτὸν
732 5186 1071 5257 ἁρπάζοντος
1102 5186 1197 5241 τοῦ
1232 5188 1482 5260 μολίϐδου
1514 5208 1672 5259 φυσι-

94 5277 207 5345 κῶς,
236 5282 332 5336 τοῦ
370 5280 781 5352 συγκαιομένου
826 5280 921 5333 τὸν
966 5279 1165 5350 ῥύπον·
1202 5281 1443 5335 τοιοῦτόν
1481 5301 1531 5336 τι
1576 5286 1670 5336 καὶ

92 5372 161 5433 ti;
183 5375 326 5442 ἡμᾶς
366 5375 580 5438 αὐτοὺς
606 5373 892 5444 ἐπλήρωσε
931 5374 1184 5445 Χριστός.
1226 5373 1529 5444 Ἀδοκίμοις
1560 5375 1671 5445 γὰρ

91 5458 229 5519 οὖσιν
273 5468 486 5539 ἐμίχθη
528 5464 859 5537 σωματικῶς
885 5482 945 5518 τε
969 5464 1089 5535 ἅμα
1121 5465 1218 5518 καὶ
1256 5465 1665 5535 πνευματικῶς,

88 5551 217 5607 οὕτω
242 5573 303 5608 τε
348 5556 551 5609 λοιπὸν
591 5554 684 5608 τὸν
726 5557 783 5608 ἐν
826 5555 960 5625 ἡμῖν
989 5552 1255 5623 κατέτηξε
1291 5552 1480 5624 ῥύπον.
1515 5555 1668 5627 Ατρει

88 5647 184 5717 γὰρ
208 5650 366 5720 ἡμῶν
403 5647 514 5711 τὰς
556 5647 852 5720 ἁμαρτίας,
884 5646 952 5700 ἵν’
984 5648 1147 5718 ἡμεῖς
1182 5646 1250 5701 δι’
1289 5646 1450 5701 αὐτόν
1477 5663 1538 5699 τε
1574 5647 1671 5701 καὶ

86 5732 147 5789 δι’
174 5739 334 5795 αὐτοῦ
370 5738 615 5810 καθαροί
635 5755 693 5793 τε
716 5732 867 5809 ὦμεν
892 5738 988 5791 καὶ
1030 5738 1529 5810 λελαμπρυσμένοι.
1558 5740 1670 5793 Kal

1766 4739 2067 4809 aliquando
2106 4750 2396 4795 venturum
2444 4749 2610 4811 atque
2654 4742 2996 4807 adfuturum,
3037 4762 3055 4793 ι
3097 4744 3167 4797 Et
3192 4745 3342 4801 laeta-

1770 4830 1996 4893 buntur,
2025 4839 2083 4885 et
2112 4831 2380 4886 videbunt
2402 4832 2639 4903 lapidem
2667 4843 2958 4889 stanneum
2979 4835 3037 4889 in
3055 4849 3217 4887 manu
3236 4833 3342 4885 Zo-

1770 4923 1993 4978 robabel
2024 4924 2089 4978 “.
2138 4943 2157 4974 ι
2188 4923 2269 4977 Ad
2297 4924 2549 4979 eumdem
2596 4925 2818 4980 modum
2858 4926 3026 4996 igitur
3061 4926 3166 4979 hoc
3203 4938 3343 4992 quo-

1767 5030 1877 5083 que
1906 5015 2028 5069 loco
2058 5015 2269 5085 plumbi
2309 5016 2573 5070 talentum
2596 5016 2850 5071 eumdem
2882 5014 3219 5080 vocat.»Qu:e
3238 5030 3342 5068 au-

1770 5112 1882 5159 tem
1922 5106 2087 5176 hujus
2121 5106 2198 5161 rei
2239 5107 2310 5161 sit
2356 5108 2532 5171 ratio,
2572 5123 2764 5162 rursus
2809 5106 3005 5161 dicam.
3042 5106 3341 5175 Argentum

1773 5196 2066 5265 reprobum
2108 5197 2271 5251 simul
2311 5215 2435 5253 cum
2470 5198 2698 5268 plumbo
2738 5198 2782 5252 si
2836 5195 3097 5267 liqucﬁat,
3139 5196 3344 5266 Optime

1770 5296 2038 5358 purgatur
2072 5306 2089 5341 :
2132 5290 2274 5359 rapit
2310 5289 2456 5345 enim
2496 5289 2780 5359 plumbum
2832 5288 2899 5343 ad
2944 5303 3001 5342 se
3043 5296 3251 5343 natura:
3288 5290 3343 5344 vi

1772 5377 1936 5432 simul
1983 5380 2193 5434 excocti
2234 5379 2441 5435 metalli
2482 5378 2720 5434 sordes:
2767 5393 2877 5433 non
2919 5377 3186 5433 dissimile
3240 5377 3347 5433 fuit

1773 5468 1933 5535 illud,
1953 5471 2102 5541 quod
2127 5471 2381 5527 Christus
2404 5487 2529 5542 erga
2562 5486 2664 5526 nos
2695 5471 2844 5540 ipsos
2884 5470 3145 5542 implevit.
3176 5470 3346 5525 Nobis

1774 5560 1944 5625 enim,
1973 5576 2098 5616 cum
2124 5562 2339 5632 reprobi
2364 5576 2629 5625 essemus,
2650 5576 2761 5617 non
2787 5560 3144 5632 corporaliter
3160 5560 3343 5622 modo,

1776 5653 1873 5708 sed
1900 5655 2260 5725 spiritualiter
2301 5654 2570 5710 admistus
2602 5662 2725 5719 est;
2765 5653 2839 5709 ita
2864 5654 3114 5725 "denique
3156 5650 3348 5708 sordes

1776 5744 2144 5816 colliquet'ecit
2193 5761 2288 5801 eas
2323 5762 2445 5817 quat
2489 5746 2651 5803 nobis
2685 5746 2920 5804 inerant.
2951 5748 3003 5803 Is
3039 5746 3186 5802 enim
3208 5742 3350 5800 tollit

144 5850 445 5925 'ijilipp.
467 5850 609 5925 r1,9.
641 5851 732 5925 __"_
768 5850 917 5907 Psal.
966 5850 1185 5925 ενδ-42.
1240 5851 1309 5925 _'_‘
1326 5850 1486 5925 Rom.
1531 5867 1647 5925 rm,
1674 5852 1793 5925 A33,
1834 5856 1922 5913 3-5.
1991 5858 2036 5891 ³⁷
2073 5858 2177 5914 Isa.
2242 5873 2447 5923 xxvm,
2492 5857 2579 5913 l6.
2646 5858 2691 5891 ⁸⁸
2726 5858 2918 5915 Matth.
2969 5873 3086 5920 xm,
3121 5854 3210 5921 45,
3257 5853 3343 5910 λίϐα

88 5918 133 5952 ⁸⁸
148 5918 442 5992 Ephes.'t'r,
470 5921 567 5976 16.
639 5922 685 5954 '°
703 5921 862 5977 Joan.
882 5937 1014 5984 xvu,
1034 5921 1125 5976 24.

396 6012 683 6073 PATIOL.
730 6012 846 6073 Gn.
890 6012 1147 6072 LXVIII.

1209 5922 1251 5953 “
1272 5920 1502 5977 Zachar.
1530 5937 1602 5986 tv,
1630 5918 1703 5981 l0.

2875 6010 2946 6073 10
