4076 6502
681 469 783 522 999

1664 464 1725 527 S,
1767 462 2041 518 CYRllJJ
2081 466 2557 525 ALEXANDRINI
2594 469 2907 525 ARCHIEP.

3818 467 3917 523 300

683 590 906 654 peccata
938 588 1141 641 nostra,
1172 586 1229 630 ut
1260 592 1356 630 nos
1388 584 1607 647 pmpter
1639 577 1813 645 ipsum
1847 586 1901 629 ct
1941 592 2037 646 per
2070 576 2248 645 ipsum

2358 580 2480 645 γοῦν
2513 582 2541 632 6
2571 580 2855 650 προφήτης
2892 579 3155 650 Ἱερεμίας
3178 579 3303 642 τοὺς
3326 578 3432 632 τῶν
3474 578 3738 633 Ἰουδαίων
3759 579 3917 643 λαοὺς

682 673 805 745 puri
835 687 895 726 ac
920 668 1189 740 splendidi
1216 669 1403 721 simus.
1434 668 1501 722 Et
1527 676 1673 721 certe
1687 667 1954 736 propheta
1986 667 2251 721 Jeremias

682 762 751 815 de
805 758 1116 814 Judmorum
1164 756 1380 827 populis
1422 757 1515 826 qui
1565 757 1941 825 purgationem
1990 757 2249 826 repudia-

682 862 803 904 rcnt
840 864 959 902 eam
978 863 1095 917 quae
1116 864 1214 916 per
1235 847 1511 901 Christum
1538 846 1841 916 perﬁcitur,
1874 847 2249 915 conqueritur,

680 942 898 996 dicens:
942 938 1175 993 «Defecit
1198 939 1553 993 snﬁlatorium
1580 938 1648 991 ab
1676 937 1820 1007 igne,
1855 937 2053 991 defecit
2078 940 2255 1007 plum-

680 1031 831 1093 bum,
883 1028 1084 1083 frustra
1124 1030 1465 1099 argentarius
1512 1026 1733 1090 conﬁat,
1771 1028 2028 1096 nequitia:
2058 1045 2248 1083 eorum

677 1136 788 1176 non
827 1129 955 1175 sunt
994 1129 1230 1174 excocta:
1268 1138 1280 1174 :
1319 1129 1605 1190 argentum
1658 1119 2009 1189 reprobatum
2058 1128 2252 1174 vocate

678 1212 820 1275 illos,
840 1212 968 1281 quia
988 1211 1303 1280 reprobavit
1321 1211 1441 1264 illos
1463 1211 1727 1264 Dominus
1744 1211 1807 1263 ".
1824 1230 1840 1261 ι
1865 1210 2129 1280 lntclligis
2151 1210 2253 1281 igi-

679 1312 770 1356 tur
795 1318 903 1356 non
938 1302 1213 1371 ignorasse
1238 1299 1570 1370 Scripturam
1585 1301 1825 1354 divinam
1870 1302 2254 1372 purgationem

682 1395 891 1465 argenti
928 1393 1044 1448 sine
1066 1393 1287 1462 plumbo
1317 1391 1430 1446 ﬁeri
1461 1409 1569 1447 non
1597 1408 1773 1463 posse.
1799 1394 1959 1463 Ergo,
1980 1393 2107 1463 quia
2134 1410 2252 1457 nos,

683 1500 809 1540 cum
828 1486 1045 1555 reprobi
1065 1501 1332 1548 essemus,
1370 1501 1399 1538 a
1421 1484 1639 1539 Christo
1665 1486 1877 1555 purgati
1905 1501 2113 1549 sumus,
2135 1486 2256 1539 ideo

685 1576 774 1630 ille
809 1592 908 1646 per
936 1577 1237 1647 plumbum
1284 1576 1562 1647 ﬁguratur.
1608 1577 1870 1646 Idemque
1910 1577 2146 1631 obstruit
2194 1592 2256 1632 os

682 1667 1004 1737 iniquitatis,
1030 1684 1149 1737 quae
1166 1668 1344 1736 specie
1371 1667 1615 1721 mulieris
1638 1668 1911 1721 indicatur
1934 1686 1946 1720 :
1973 1676 2254 1722 estautem

682 1757 880 1811 mulier
908 1756 1243 1811 inﬁrmitatis
1274 1757 1437 1811 simul
1470 1765 1525 1810 et
1551 1757 1846 1827 voluptatis
1878 1769 2024 1812 nota.
2053 1758 2258 1828 Iniqui-

684 1857 764 1901 tas
808 1861 972 1916 porro
1023 1848 1203 1901 omnis
1244 1862 1342 1916 per
1387 1847 1503 1899 hmc
1558 1846 1668 1900 duo
1710 1848 2109 1913 committitur;
2152 1848 2255 1909 ubi

2352 672 2449 742 τὴν
2466 671 2552 725 διὰ
2582 670 2818 743 Χριστοῦ
2842 670 3104 741 κάθαρσιν
3125 672 3187 724 οὐ
3207 672 3617 743 προσιεμένους,
3638 674 3920 725 ἐποτνιᾶτο

2351 758 2523 827 λέγων
2545 777 2558 790 ·
2597 778 2614 812 ι
2657 760 2898 824 Ἑξέλιπε
2932 758 3181 831 φυσητὴρ
3213 760 3319 813 ἀπὺ
3354 761 3544 830 πυρὸς,
3580 760 3791 824 ἐξέλιπε
3830 762 3921 832 μό-

2352 851 2548 914 λιϐδος,
2579 853 2657 915 είς
2680 854 2834 905 κενδν
2857 852 3231 923 ἀργυροκόπος
3255 852 3641 923 ἀργυροκοπεῖ,
3674 855 3921 925 πονηρίαι

2354 941 2533 993 αὐτῶν
2562 940 2663 993 οὐκ
2712 941 2986 1010 ὲτάκησαν
3007 956 3019 968 ·
3072 937 3332 1010 ἀργύριον
3360 938 3922 1009 ἀποδεδοκιμασμένον

2353 1031 2620 1084 καλέσατε
2648 1033 2859 1094 αὑτοὺς,
2894 1032 2974 1083 ὅτι
3002 1028 3401 1099 ἀπεδοκίμασεν
3420 1028 3614 1091 αὐτοὺς
3635 1029 3856 1099 Κύριος.
3899 1049 3916 1079 ι

2355 1121 2547 1193 Συνίης
2568 1118 2659 1175 οὖν
2694 1124 2839 1185 ὅπως
2864 1122 2963 1173 οὐκ
2992 1121 3256 1191 ἠγνόηκεν
3286 1121 3319 1190 ἡ
3352 1119 3468 1172 θεία
3493 1120 3682 1191 Γραφὴ
3712 1120 3810 1191 τὴν
3838 1123 3919 1174 ἐπ’

2354 1213 2580 1284 ἀργύρῳ
2602 1212 2866 1281 κάθαρσιν
2893 1213 2953 1265 οὺ
2983 1212 3103 1282 δίχα
3124 1211 3372 1283 μολίϐδου
3408 1212 3736 1283 πράττεσθαι
3766 1213 3923 1267 δυνα·⁵

2359 1304 2545 1374 μένην.
2602 1303 2810 1356 Οὐκοῦν
2877 1304 3175 1374 ἐπειδήπερ
3221 1301 3511 1373 ἀδοκίμους
3564 1302 3722 1367 ὄντας
3777 1305 3921 1375 ἡμᾶς

2355 1392 2686 1464 ὲξεκάθηρεν
2718 1396 2746 1447 6
2791 1393 3043 1463 Χριστὸς,
3092 1391 3321 1463 μολίϐδῳ
3368 1393 3784 1464 παρεικάζεται,
3831 1397 3921 1449 καὶ

2355 1485 2515 1549 αὐτὸς
2554 1487 2853 1556 ἐμφράττει
2878 1484 2977 1554 τῆς
3011 1484 3280 1555 ἁμαρτίας
3310 1484 3369 1537 τὸ
3407 1485 3600 1556 στόμα,
3626 1489 3726 1558 τῆς
3755 1488 3830 1552 ὡς
3868 1493 3921 1542 ἐν

2356 1576 2484 1628 εῐδει
2524 1574 2802 1643 γυναικός.
2836 1573 2975 1644 Γυνὴ
3016 1572 3073 1626 δὲ
3107 1572 3375 1643 σύμϐολον
3402 1574 3682 1640 ἀσθενείας
3710 1594 3771 1629 τε
3808 1579 3923 1648 ἅμα

2357 1668 2451 1719 καὶ
2477 1666 2692 1738 ἡδονῆς,
2723 1664 2923 1734 ἀνομία
2955 1680 3015 1717 τε
3051 1666 3199 1717 πᾶσα
3227 1663 3313 1717 διὰ
3354 1664 3559 1718 τούτων
3601 1667 3918 1736 πράττεται.

2368 1758 2557 1828 Ἡδονῇ
2583 1757 2691 1827 γὰρ
2716 1758 2823 1809 τινὶ
2851 1758 2915 1827 τῇ
2938 1756 3017 1817 είς
3034 1754 3094 1807 τὸ
3114 1755 3292 1824 τυχὸν,
3318 1755 3351 1825 ἢ
3380 1756 3496 1808 τόδε
3514 1760 3923 1833 προκατεφθαρο

2362 1849 2520 1919 μένος
2569 1849 2597 1900 ὀ
2631 1846 2774 1911 νοῦς,
2820 1846 2964 1898 οὔτω
3013 1862 3073 1898 τε
3122 1846 3621 1918 ἀπονευρούμενος,
3670 1852 3796 1914 τοὺς
3845 1870 3918 1917 ε.,

681 1939 827 1992 enim
856 1938 1007 2008 prius
1033 1954 1187 1993 mens
1211 1940 1487 2009 voluptate
1516 1939 1720 2007 aliqua,
1746 1954 1908 2008 quam
1936 1955 2002 1993 ex
2029 1939 2131 1993 hac
2163 1949 2253 1993 aut

2358 1938 2559 2011 ἀρετὴν
2596 1937 2971 2009 ἀποφέροντας
3009 1937 3189 2004 ἀνίησι
3222 1938 3434 2003 πόνους,
3471 1940 3654 1995 πίπτει
3699 1942 3757 1996 δὲ
3788 1948 3921 2014 πρδς

681 2030 772 2084 illa
800 2046 857 2085 re
882 2031 1209 2101 perceperit,
1241 2040 1495 2100 corrupta
1512 2030 1697 2094 fuerit,
1735 2037 1848 2084 tum
1883 2040 2139 2085 enervata
2173 2031 2253 2085 la—

682 2118 844 2173 bores
875 2120 1262 2183 remittitillos,
1304 2120 1397 2190 qui
1440 2121 1506 2174 ad
1546 2120 1806 2174 virtutem
1848 2121 2050 2185 ferunt,
2097 2130 2153 2177 et
2188 2122 2255 2176 ad

682 2219 964 2278 peccatum
990 2210 1195 2264 labitur
1216 2210 1487 2263 humanus
1515 2210 1729 2263 animus
1755 2228 1767 2262 :
1811 2210 1994 2281 itaque
2009 2212 2255 2281 volupta-

683 2301 754 2352 tis
780 2302 963 2368 potius
996 2309 1268 2355 amatores
1304 2317 1467 2371 quam
1508 2302 1603 2356 Dei
1644 2302 1872 2371 quidam
1900 2301 2159 2356 dicuntur
2190 2303 2253 2355 ".

683 2390 995 2460 Alloquitur
1034 2392 1198 2445 etiam
1245 2392 1509 2461 propheta
1551 2407 1646 2446 eos
1705 2393 1797 2461 qui
1835 2408 1903 2447 ex
1944 2392 2257 2449 inﬁrmitate

678 2477 851 2530 animi
891 2479 1099 2547 peccati
1139 2494 1202 2533 ac
1236 2479 1446 2536 vitiosae
1488 2480 1868 2536 dissolutionis
1908 2483 2098 2536 morbo
2139 2484 2256 2538 lan-

678 2565 926 2633 guebant
954 2584 965 2617 :
1008 2586 1025 2617 ι
1066 2566 1484 2633 Confortamini,
1506 2585 1696 2623 manus
1728 2570 1987 2634 remissae,
2012 2579 2066 2625 et
2084 2587 2257 2642 genua

685 2655 953 2711 dissoluta
985 2658 1049 2712 “.
1087 2678 1104 2709 ι

756 2747 952 2801 PALL.
997 2748 1100 2803 Sed
1138 2749 1205 2805 de
1244 2750 1347 2805 hoc
1394 2752 1544 2805 satis.
1594 2751 1733 2806 Illud
1786 2768 1915 2807 vero
1968 2754 2258 2809 mulierum

685 2854 1034 2909 par,quzeso,
1087 2858 1207 2912 quaa
1246 2858 1555 2898 mensuram
1594 2852 1755 2915 atque
1810 2845 2153 2916 iniquitatem
2204 2846 2259 2901 in

685 2932 1039 3002 Babyloniam
1098 2934 1378 3004 regionem
1425 2934 1720 3000 deferunt,
1765 2936 1897 3006 quid
1956 2937 2061 2991 sibi
2106 2938 2261 2992 vui?

684 3022 884 3077 auidve
909 3022 1216 3093 signiﬁcat?

734 3115 909 3169 'CYR.
942 3115 1295 3170 Obstructum
1334 3125 1438 3180 est,
1484 3116 1708 3182 Palladi,
1748 3134 1846 3187 per
1880 3118 2162 3175 Christum
2196 3136 2259 3176 os

684 3209 1024 3279 iniquitatis;
1043 3209 1323 3279 iustiﬁcati
1355 3225 1591 3279 namque
1630 3210 1687 3263 in
1720 3210 1813 3264 illo
1842 3227 2052 3277 sumus,
2092 3220 2256 3283 atque

684 3303 754 3355 ab
788 3295 947 3372 Ῑοῆ.
986 3302 1133 3354 omni
1181 3301 1561 3355 criminatione
1608 3302 1852 3367 liberati,
1899 3304 2096 3374 illaque
2145 3306 2253 3359 ini-

685 3393 911 3461 quitatis
943 3391 1233 3445 adversum
1272 3408 1371 3446 nos
1408 3393 1682 3446 accusatio
1723 3395 2058 3462 conquievit.
2098 3397 2254 3453 Hunc

683 3480 831 3532 enim
870 3482 1038 3535 totius
1081 3481 1505 3550 dispensationis
1546 3498 1657 3537 sua:
1698 3483 1859 3537 ﬁnem
1912 3488 2251 3556 propositum

687 3571 878 3625 habuit
917 3571 983 3634 is,
1011 3573 1105 3640 qui
1139 3581 1360 3641 propter
1395 3588 1515 3637 nos,
1559 3574 1859 3629 secundum
1905 3591 2025 3640 nos,
2062 3588 2117 3632 et
2155 3594 2254 3648 pro

685 3662 846 3715 nobis
872 3670 1101 3715 mortem
1127 3663 1313 3725 subiit,
1328 3663 1622 3717 etsidenuo
1647 3666 1873 3730 revixit;
1907 3682 2084 3736 neque
2106 3669 2251 3722 enim

680 3753 769 3808 fas
791 3762 929 3817 erat,
970 3762 1032 3806 ut
1068 3752 1179 3807 vita
1224 3754 1385 3807 morti
1440 3756 1842 3812 succumberet.
1866 3756 1974 3812 Sed
2005 3760 2250 3813 nonnulli

686 3858 798 3897 non
824 3842 1179 3897 crediderunt
1194 3842 1395 3898 Christi
1421 3845 1749 3915 Evangelia;
1778 3848 2030 3918 ideoque,
2067 3866 2192 3904 cum
2222 3866 2253 3905 a

684 3944 915 4007 peccato
950 3935 1147 3991 redimi
1186 3938 1483 4003 noluerint,
1525 3940 1602 3994 nil
1627 3940 1847 4007 mirum,
1882 3942 1927 3996 si
1953 3944 2072 4013 ejus
2122 3961 2252 4014 pec-

684 4026 794 4081 cati
822 4027 1094 4082 sarcinam
1127 4028 1309 4084 denuo
1334 4028 1536 4095 ferunt,
1567 4047 1732 4101 quam
1755 4034 1869 4087 suis
1894 4034 1996 4104 ipsi
2019 4036 2250 4092 cervici-

685 4118 790 4172 bus
814 4117 1131 4175 inﬁrmitate
1168 4121 1416 4185 rationis,
1442 4132 1497 4177 et
1518 4122 1778 4192 languore
1796 4126 2016 4190 mentis,
2040 4136 2095 4181 et
2112 4128 2251 4181 mol-

684 4208 800 4262 litie
853 4209 1019 4263 animi
1086 4227 1276 4281 parum
1318 4213 1495 4267 virilis
1550 4213 1943 4282 imposuerunt.
1989 4216 2054 4269 Hi
2104 4217 2251 4271 omni

684 4298 875 4367 spiritu
921 4299 1171 4369 improbo
1215 4302 1698 4366 circumferuntur,
1760 4313 1815 4358 et
1858 4305 1926 4358 ad
1954 4320 2127 4360 'omne
2156 4322 2251 4377 ge-

682 4404 787 4443 nus
841 4391 1175 4460 impuritatis
1218 4392 1698 4447 vehementissime
1756 4395 2044 4463 compulsi,
2106 4413 2253 4451 sum-

683 4495 832 4532 mum
884 4480 1124 4534 studium
1199 4482 1362 4535 rebus
1417 4483 1629 4537 vitiosis
1681 4483 2021 4553 impendunt.
2076 4485 2251 4541 Studii

682 4584 846 4638 porro
863 4568 1071 4639 insigne
1093 4580 1221 4625 sunt
1236 4586 1445 4640 pennae,
1464 4586 1599 4641 quas
1612 4572 1775 4626 etiam
1790 4587 1911 4627 esse
1924 4572 1999 4627 ait
2022 4590 2217 4644 upupa:
2236 4593 2247 4627 :
2285 4613 2328 4668 υ

682 4674 853 4727 genus
894 4668 975 4713 est
1027 4671 1208 4718 autem
1264 4662 1318 4716 id
1376 4663 1620 4725 avicula},
1685 4679 1805 4732 qua:
1856 4679 2072 4734 semper
2108 4666 2251 4721 circa

671 4751 855 4805 .lutum
886 4754 1123 4820 pessime
1147 4753 1300 4807 olens
1330 4753 1495 4817 volat,
1517 4763 1679 4823 atque
1711 4771 1776 4809 ex
1803 4771 1960 4810 coeno
1988 4766 2043 4811 et
2071 4758 2249 4811 sordi—

672 4842 783 4898 bus
816 4850 1034 4910 pastum
1070 4842 1224 4911 petit.
1264 4840 1431 4909 Igitur
1476 4842 1786 4912 quicunque
1829 4858 1926 4897 sua
1972 4844 2151 4899 studia
2195 4846 2251 4899 in

680 4932 1048 5004 impunitatem
1106 4930 1415 4992 insumunt,
1470 4928 1526 4983 hi
1582 4931 1769 4998 procul
1828 4930 1998 4986 dubio
2045 4948 2253 5001 pennas

679 5041 874 5095 upupa:
897 5025 1018 5094 jure
1056 5022 1264 5091 optimo
1304 5020 1509 5074 habere
1546 5020 1763 5075 dicendi
1808 5031 1955 5076 sunt.
1999 5023 2249 5077 Muliebri

678 5118 843 5171 iidem
884 5114 1067 5184 specie
1112 5120 1243 5166 sunt
1281 5119 1337 5165 et
1371 5110 1668 5165 effeminati
1719 5128 1730 5163 :
1777 5109 2013 5180 denique
2057 5112 2248 5166 eadem

679 5206 849 5258 forma
881 5213 1008 5257 sunt
1066 5218 1172 5272 qua
1201 5216 1320 5256 esse
1369 5198 1572 5254 dicitur
1618 5200 1881 5269 iniquitas
1916 5215 2106 5254 eorum
2148 5201 2247 5254 do-

680 5294 845 5348 mina.
872 5294 940 5349 Ut
968 5293 1114 5347 enim
1150 5289 1458 5346 conformes
1480 5286 1698 5343 Christo
1719 5303 1817 5356 per
1858 5286 2246 5340 sanctiﬁcatio-

678 5400 802 5440 nem
829 5384 963 5437 ﬁunt
995 5384 1087 5453 qui
1116 5381 1220 5436 sub
1262 5381 1383 5451 ipso
1417 5387 1475 5435 et
1503 5394 1629 5433 eum
1662 5379 1781 5448 ipso
1829 5387 1957 5431 sunt
1995 5395 2006 5428 :
2042 5378 2121 5430 sic
2143 5377 2243 5430 ini-

678 5472 871 5547 quitati
913 5473 1219 5528 conformes
1267 5486 1332 5526 ac
1364 5470 1573 5525 similes
1632 5476 1761 5522 sunt
1803 5468 1899 5537 qui
1941 5467 2246 5536 iniquitatis

677 5566 942 5622 sarcinam
982 5564 1344 5626 sustulerunt,
1383 5562 1847 5629 institueruntque
1912 5560 2078 5613 vitam
2122 5575 2244 5613 cum

675 5657 938 5715 vitiorum
1001 5654 1316 5725 impuritate
1381 5654 1687 5708 traducere.
1749 5652 1806 5705 ιιι
1865 5650 2243 5722 Babylonicam

751 5852 801 5891 ι’
815 5854 926 5912 Jer.
947 5870 1019 5921 vt,
1048 5851 1137 5918 29,
1174 5852 1261 5908 30.
1332 5853 1379 5884 “
1400 5853 1445 5908 Η
1468 5852 1609 5907 Tim.
1649 5852 1783 5918 "1,2
1802 5867 1953 5924 seqq.

2360 2028 2631 2100 ἁμαρτίαν
2658 2030 2691 2095 ἡ
2718 2027 2812 2080 τοῦ
2844 2028 3129 2098 ἀνθρώπου
3156 2027 3299 2100 ψυχή
3319 2044 3333 2058 ο
3353 2030 3627 2101 τοιγάρτοι
3654 2032 3921 2103 φιλήδρνοι

2363 2117 2560 2189 μᾶλλον
2590 2118 2623 2188 ἢ
2654 2117 2887 2186 φιλόθεοι
2937 2117 3180 2184 λέγονταί
3213 2133 3377 2181 τινες.
3419 2119 3707 2188 Ἐπιφωνετ
3742 2121 3799 2174 δὲ
3834 2127 3922 2176 καὶ

2358 2210 2387 2260 6
2421 2209 2709 2279 προφήτης
2728 2209 2839 2271 τοῖς
2874 2207 2931 2273 ἐξ
2960 2205 3238 2269 ἀσθενείας
3270 2206 3505 2277 ψυχικῆς
3533 2212 3921 2283 κατηρῥωστη-

2360 2299 2479 2352 κόσι
2515 2298 2613 2369 τὴν
2637 2298 2928 2369 ἁμαρτίαν,
2953 2298 3046 2351 καὶ
3079 2296 3176 2367 τὴν
3202 2298 3282 2361 είς
3324 2297 3629 2369 φαυλότητα
3660 2302 3918 2372 πάρεσιν

2367 2408 2384 2439 ι
2432 2388 2709 2458 ’ἰσχύσατε
2737 2391 2916 2459 χεῖρες
2948 2386 3250 2457 ἀνειμέναι,
3284 2387 3378 2441 καὶ
3396 2387 3593 2457 γόνατα
3619 2391 3925 2463 παραλελυο

2364 2481 2518 2550 μένα.
2555 2501 2573 2532 ι

2430 2749 2638 2801 ΠΑΛΛ.
2688 2746 2825 2798 Ἀλλ’
2854 2738 2955 2799 ὧδε
2984 2745 3084 2814 μὲν
3114 2744 3252 2800 τόδε.
3294 2743 3533 2818 Ξυνωρίς
3554 2765 3634 2812 τε,
3665 2749 3789 2804 είπέ
3813 2769 3921 2823 μοι,

2359 2832 2653 2902 γυναικῶν,
2688 2833 2743 2888 αἳ
2776 2833 2837 2886 τὸ
2884 2833 3079 2903 μέτρον
3125 2833 3218 2886 καὶ⁵
3274 2835 3376 2906 τὴν
3420 2837 3648 2907 ἀνομίαν
3693 2840 3775 2902 είς
3827 2843 3923 2912 γῆν

2360 2925 2695 2996 ἀποφέρουσι
2718 2925 2817 2994 τὴν
2844 2923 3219 2990 Βαϐυλωνίων,
3246 2925 3299 2978 τί
3332 2926 3397 2980 ἂν
3431 2926 3670 2997 βούλοιτο
3690 2929 3885 3001 δηλοῦν
3907 2950 3919 2996 ;

2423 3102 2589 3157 ΚΥΡ.
2636 3102 3051 3173 Ἐμπέφρακται
3092 3101 3210 3173 μὲν,
3244 3096 3291 3155 ὦ
3310 3107 3547 3172 γενναῖε,
3570 3104 3673 3175 τῆς
3699 3107 3925 3179 ἀνομίας

2359 3193 2420 3248 τὸ
2451 3194 2623 3264 στόμα
2647 3194 2735 3247 διὰ
2780 3193 3013 3264 Χριστοῦ
3035 3211 3048 3224 ο
3083 3194 3472 3265 δεδικαιὼμεθα
3510 3199 3619 3270 γὰρ
3656 3200 3718 3251 ὲν
3758 3202 3923 3270 αὐτῷ.

2360 3285 2761 3355 ἀπηλλάγμεθα
2806 3303 2864 3338 τε
2906 3285 3105 3348 παντὸς
3137 3287 3475 3356 αίτιάματος,
3524 3289 3619 3342 καὶ
3651 3291 3923 3344 πέπαυται

2360 3378 2485 3433 καθ’
2532 3378 2689 3448 ἡμῶν
2715 3380 2747 3449 ἡ
2778 3379 2874 3448 τῆς
2916 3378 3145 3449 ἀνομίας
3187 3381 3548 3451 κατάρῤησις.
3585 3383 3782 3451 Γέγονε
3826 3388 3926 3456 γάρ

2360 3460 2516 3531 οὗτος
2546 3467 2644 3538 τῆς
2668 3469 2912 3539 είςήμᾶς
2938 3470 3247 3540 οἰκονομίας
3270 3473 3297 3525 6
3328 3474 3547 3537 σκοπὸς,
3571 3473 3647 3543 τῷ
3670 3475 3737 3528 δι’
3761 3477 3923 3546 ἡμᾶς,

2360 3557 2482 3610 καθ’
2508 3558 2677 3627 ἡμᾶς,
2713 3557 2807 3609 καὶ
2837 3557 2977 3627 ὑπὲρ
3002 3558 3178 3627 ἡμῶν,
3208 3561 3287 3622 είς
3312 3558 3557 3625 θάνατον,
3587 3564 3635 3614 εί
3678 3564 3774 3614 κιύ⁵
3810 3566 3929 3616 ἀνευ

2362 3646 2463 3699 ϐίω
2491 3646 2652 3700 πάλιν
2670 3664 2681 3677 ·
2708 3649 2768 3701 οὐ
2796 3648 2904 3719 γὰρ
2932 3648 3205 3719 ἐνεδέχετο
3230 3650 3330 3720 τὴν
3359 3649 3502 3721 ζωὴν
3537 3652 3811 3722 ἡττᾶσθαι
3841 3654 3927 3706 Θα-

2360 3738 2525 3808 νάτῳ.
2565 3737 2704 3791 Ἀλλ’
2732 3739 3035 3809 ὴπείθησάν
3058 3757 3199 3803 τινες
3225 3740 3303 3811 τῷ
3332 3742 3644 3814 Εὐαγγελίῳ
3670 3744 3766 3798 τοῦ
3802 3749 3927 3817 Χρι-

2361 3827 2511 3892 στοῦ,
2543 3830 2635 3881 καὶ
2659 3827 2755 3899 τὴν
2784 3830 2849 3881 ὲκ
2880 3829 2980 3898 τῆς
3008 3830 3280 3899 ἁμαρτίας
3312 3832 3374 3885 οὐ
3399 3836 3813 3905 προσηκάμενοι
3842 3838 3926 3889 λύ-

2357 3937 2581 3991 τρωσιν,
2622 3920 2981 3991 ἀχθοφοροῦσι
3006 3922 3168 3974 πάλιν
3196 3923 3385 3988 αὐτὴν,
3417 3926 3536 3990 ταῖς
3564 3928 3713 3995 σφῶν
3746 3932 3927 3983 αὐτᾶν

2358 4013 2765 4083 ὲπαρτὴσαντες
2782 4013 3046 4083 κεφαλαῖς
3066 4014 3154 4068 διά
3180 4016 3371 4086 φρενὸς
3399 4018 3703 4086 ἀσθένειαν,
3723 4025 3827 4077 καὶ
3842 4025 3927 4079 νοῦ

2362 4104 2635 4175 μαλακίαν
2685 4105 2780 4158 καὶ
2813 4106 3102 4177 ἀνανδρίαν
3132 4108 3331 4178 ψυχῆς.
3378 4106 3535 4165 Οὗτοι
3571 4116 3733 4169 παντὶ¹
3771 4120 3928 4171 πνεύ-

2362 4211 2492 4264 ματι
2530 4196 2918 4264 περιφέρονται
2960 4196 3202 4267 πονηρῷ,
3240 4199 3330 4249 καὶ
3378 4201 3458 4261 είς
3488 4203 3596 4254 πᾶν
3622 4200 3768 4269 εἶδος
3799 4209 3927 4261 ἀκα-

2360 4284 2588 4355 θαρσίας
2656 4284 2938 4355 βιαιότατα
3007 4287 3399 4358 συνωθούμενοι
3470 4294 3727 4364 πλείστην
3804 4301 3926 4370 ὅσην

2360 4374 2634 4428 ποιοῦνται
2658 4374 2756 4446 τὴν
2775 4377 2853 4439 είς
2876 4376 2942 4428 τὰ
2973 4377 3149 4445 φαῦλα
3172 4379 3430 4450 σπουδήν.
3468 4382 3709 4456 Σπουδῆς
3754 4390 3813 4442 δὲ
3840 4408 3927 4461 an-

2361 4466 2512 4534 μεῖον
2538 4465 2571 4533 ἡ
2603 4464 2827 4533 πτέρυξ,
2859 4466 2924 4535 ἣν
2954 4469 3047 4518 καὶ
3076 4465 3278 4531 ἔποπος
3314 4464 3457 4521 εἷναί
3489 4487 3673 4538 φησιν,
3699 4471 3848 4542 εἶδος
3874 4479 3924 4531 δὲ

2356 4555 2515 4608 τοῦτο
2548 4555 2850 4625 στρουθίου,
2879 4555 2945 4608 τὰ
2973 4555 3080 4608 τῶν
3113 4557 3394 4626 τελμάτων
3426 4560 3511 4612 ἀεὶ
3551 4562 3925 4622 δυσωδέστατα

2357 4647 2723 4717 περιθέοντος,
2764 4648 2857 4701 καὶ
2902 4649 2971 4701 τά
3017 4652 3079 4702 ὲκ
3130 4648 3389 4720 βορϐόρου
3437 4652 3529 4705 καὶ
3585 4656 3926 4730 ἀκαθαρσίας

2359 4738 2706 4806 συλλέγοντος
2735 4741 2813 4803 εἰς
2849 4742 3077 4810 τροφήν.
3096 4742 3250 4795 Ὅσοι
3276 4743 3563 4814 τοιγαροῦν
3597 4747 3695 4810 τὰς
3724 4752 3927 4803 ἑαυτῶν

2358 4831 2592 4894 σπουδὰς
2629 4830 2936 4884 δαπανῶσιν
2969 4835 3047 4895 είς
3096 4832 3390 4903 μολυσμὸν,
3420 4830 3564 4889 οὗτοι
3608 4839 3672 4907 δὴ
3712 4844 3927 4905 πάντως

2357 4922 2455 4984 τάς
2499 4922 2596 4992 μὲν
2627 4922 2905 4993 πτέρυγας
2930 4923 3132 4985 ἔποπος
3153 4924 3377 4987 εἰκότως
3406 4925 3470 4979 ἂν
3496 4926 3639 4995 ἔχειν
3662 4929 3923 4999 λέγοιντο.

2356 5013 2396 5063 Γ
2400 5012 2747 5076 υναικοειδεῖς
2804 5012 2859 5065 δὲ
2910 5014 3004 5065 καὶ
3063 5014 3237 5073 αὐτοὶ,
3283 5014 3378 5067 καὶ
3438 5016 3924 5092 ἐκτεθηλυμμένοι,

2358 5103 2673 5173 σύμμορφοί
2698 5120 2753 5156 τε
2782 5104 2965 5156 λοιπὸν
3010 5106 3073 5173 τῇ
3124 5105 3526 5180 τυραεθνευοὺσῃ
3575 5113 3722 5163 κατὰ
3786 5116 3929 5182 σφῶν

2355 5194 2621 5264 ἁμαρτίᾳ.
2658 5195 2863 5266 ’Ὀνπερ
2880 5194 2986 5265 γάρ
3013 5193 3231 5264 τρόπον,
3270 5195 3677 5270 σύμμορφοιτῷ
3706 5204 3929 5275 Χριστῷ

2354 5284 2421 5337 δι’
2446 5285 2717 5355 ἀγιασμοῦ
2750 5287 3033 5355 γεγόνασιν
3063 5288 3112 5339 oi
3138 5287 3229 5340 ὑπ’
3250 5287 3397 5355 αὺτῷ
3411 5304 3469 5340 τε
3503 5290 3597 5343 καὶ
3620 5294 3721 5346 σὺν
3751 5296 3900 5367 αὐτῷ
3919 5314 3930 5325 ·

2354 5375 2499 5430 οὕτω
2532 5378 2626 5431 καὶ
2655 5380 2720 5448 τῇ
2770 5378 2969 5449 ἀνομίᾳ
3000 5377 3312 5449 σύμμορφοί
3343 5396 3403 5433 τε
3448 5380 3543 5433 καὶ
3572 5384 3851 5451 ὁμοειδεῖς
3886 5391 3928 5440 οξ

2356 5470 2560 5541 ταύτην
2595 5469 3007 5541 ὲπηχθισμένοι,
3036 5471 3132 5523 καὶ⁸
3170 5472 3238 5541 τῇ
3287 5468 3585 5541 ἀκαθάρτῳ
3627 5476 3927 5549 φαυλότητι

2356 5562 2525 5633 συζῇν
2552 5561 2838 5634 ᾑρημένοι.
2890 5560 3251 5632 ’Δποφέρουσι
3285 5560 3342 5613 δὲ
3372 5560 3432 5614 τδ
3467 5562 3669 5635 μέτρον
3705 5569 3796 5632 εις
3829 5570 3927 5623 Ba-

2357 5649 2590 5717 ϐυλῶνα,
2623 5651 2715 5703 καὶ
2741 5643 2887 5703 οἶκον
2914 5648 3063 5719 αὐτῷ
3113 5646 3365 5720 ζητοῦσιν
3406 5648 3543 5716 ἐκεῖ,
3585 5654 3925 5728 αίνιγματω.

2030 5853 2074 5885 ⁸⁸
2109 5853 2210 5908 lsa.
2235 5869 2394 5921 Inv,
2436 5858 2486 5911 δ.
