4046 6536
220 456 312 508 501
604 502 611 507 .
920 454 1007 508 DE
1046 450 1485 507 ADORA'I‘IONE
1524 450 1590 505 IN
1634 448 1903 506 SPIIIITU
1949 452 2036 505 ET
2079 450 2451 506 VERITATE.
2497 451 2624 505 LIB.
2668 451 2753 505 IV.

3359 453 3462 509 302

219 570 341 631 δὼς,
368 564 521 638 οἴμαί
554 585 677 629 που,
703 566 795 619 καὶ
815 565 965 618 τοῦδε
1001 567 1377 637 σημαίνοντος.
1411 566 1485 630 ὡς
1516 569 1563 618 εί
1599 568 1672 636 μή
1708 584 1792 628 τις

1901 582 2060 634 porro
2099 569 2373 636 regionem
2398 583 2705 622 mensuram
2731 566 3000 630 deferunt,
3035 567 3216 637 ibique
3242 568 3464 627 domum

220 662 395 714 ἱλοιτο
422 659 489 712 τὰ
516 657 603 711 διὰ
640 657 899 728 Χριστοῦ,
929 659 1024 711 καὶ
1061 660 1160 727 τῆς
1200 656 1473 727 ἁμαρτίας
1518 657 1793 727 ἀγαπήσει

220 752 313 821 τὴν
346 749 639 819 ἔμφραξιν,
682 747 770 801 διὰ
802 749 863 801 τὸ
898 748 1032 818 πρὸς
1072 750 1237 818 μόνας
1270 747 1412 818 ἔχειν
1454 748 1794 821 ἀκαθαρσίας

218 842 275 896 τὸ
305 840 650 910 σπούδασμα,
692 839 1029 910 ἐξοιχήσεται
1074 840 1172 909 μὲν
1201 839 1302 908 τῆς
1333 839 1494 907 ἁγίας
1533 842 1795 913 Ἰερουσα·

218 934 347 1003 λὴμ,
378 932 523 985 τοῦτ’
554 932 692 993 ἐστι,
731 932 829 1001 τῆς
857 931 968 984 τῶν
1002 932 1363 1002 πρωτοτόκων
1381 932 1542 1001 ἁγίας
1568 934 1792 1005 μητρὸς,

221 1024 586 1086 καλλιπόλεως
635 1023 692 1076 δὲ
722 1024 820 1093 τῆς
853 1023 998 1076 ἄνω’
1044 1025 1327 1093 μονονουχὶ
1360 1025 1416 1077 δὲ
1458 1024 1794 1096 δυσφόρητον

220 1115 358 1185 ἔχων
380 1115 480 1183 τὴν
525 1112 798 1184 ἁμαρτίαν
844 1112 1084 1183 φορτίον,
1120 1115 1434 1184 συνοικήσει
1469 1116 1581 1176 τοῖς
1619 1113 1794 1166 Βαευ-

218 1206 453 1268 λωνίοις,
486 1204 630 1258 τοῦτ’
657 1203 796 1267 ἔστι,
818 1203 1009 1274 μερίδα
1033 1206 1127 1258 καὶ
1156 1205 1355 1277 κλῆρον
1378 1205 1489 1270 ἕξει
1525 1206 1661 1276 μετά
1689 1206 1796 1258 τῶν

219 1296 399 1349 ἀθέων
433 1294 857 1365 είδωλολατρῶν.
894 1296 982 1348 Ἐν
1004 1297 1102 1365 ίσῳ
1131 1296 1238 1367 γὰρ
1264 1300 1377 1359 τοῖς
1404 1296 1605 1359 ἀθέοις,
1626 1299 1673 1350 οἱ
1699 1297 1797 1369 τὴν

219 1387 309 1440 διὰ
339 1387 578 1457 Χριστοῦ
609 1387 877 1459 λύτρωσιν
906 1388 1294 1458 ἀτιμάσαντες.
1330 1390 1443 1441 Καὶ
1465 1390 1597 1458 γοῦν
1630 1392 1658 1443 ὀ
1686 1392 1798 1443 Σω-

216 1478 345 1547 τήρο
378 1497 397 1528 ‹
445 1477 568 1530 Ἐὰν
598 1479 912 1550 ἁμαρτήσῃ,
946 1480 1129 1548 φησὶν,
1152 1481 1181 1531 ὁ
1204 1480 1429 1549 ἁδελφός
1454 1498 1567 1545 σου,
1596 1480 1794 1550 ὕπαγε,

217 1568 441 1636 ἔλεγξον
463 1564 627 1622 αὐτὸν
664 1570 871 1640 μεταξύ
906 1588 997 1624 σου
1028 1573 1120 1625 καὶ
1147 1571 1312 1625 αὑτοῦ
1351 1572 1509 1642 μόνου
1533 1589 1548 1605 ·
1580 1574 1674 1627 ἐάν
1705 1590 1798 1627 σου

216 1661 454 1732 ἀκούσῃ,
486 1661 789 1731 ἐκέρδησας
838 1660 929 1713 τὸν
958 1661 1184 1730 ἀδελφόν
1213 1679 1329 1715 amr
1373 1662 1468 1716 ἐὰν
1498 1662 1554 1717 δὲ
1597 1665 1669 1734 μή
1705 1681 1798 1718 σου

215 1751 450 1823 ἀκούσῃ,
488 1752 773 1821 παράλαϐε
813 1752 951 1823 μετά
977 1752 1069 1805 σού
1095 1753 1247 1824 ἒναῆ
1285 1753 1397 1817 δύο,
1429 1754 1515 1807 ἵνα
1555 1755 1646 1807 ἐπὶ
1678 1757 1797 1810 στόο

232 1861 412 1913 ματος
440 1843 534 1897 δύο
564 1845 595 1915 ἢ
636 1844 805 1914 τριῶν
838 1845 1132 1915 μαρτύρων
1158 1847 1326 1917 σταθῇ
1370 1847 1478 1900 πᾶν
1510 1847 1680 1918 ῥῆμα·
1704 1847 1800 1903 MV

1895 655 1947 709 ei
1986 665 2239 724 quzerunt
2269 674 2280 708 :
2306 673 2428 725 qua:
2453 673 2560 721 res,
2587 658 2642 710 ni
2676 655 2851 720 fallor,
2894 656 2999 713 hoc
3024 657 3250 730 ﬁgurate
3293 663 3464 734 signi-

1896 742 2040 808 ﬁcat,
2087 744 2179 814 qui
2217 761 2281 799 ea
2334 745 2475 799 bona
2522 750 2814 817 respuerit,
2877 766 2998 822 quae
3052 765 3150 821 per
3186 750 3466 807 Christum

1895 844 2050 904 parta
2076 836 2237 890 nobis
2295 845 2454 903 sunt;
2499 838 2945 913 adamaveritque
2992 843 3422 898 obstructionem
3451 888 3465 912 ,

1895 941 2016 994 «pne
2048 942 2114 979 ex
2145 936 2369 996 peccato
2399 937 2503 991 est,
2554 932 2607 985 in
2678 948 2744 987 eo
2785 936 2932 1004 quod
2997 936 3239 990 studium
3307 953 3469 992 omne
3518 1006 3521 1009 γ

1898 1018 1951 1071 ἰη
1988 1018 2299 1087 impnritatc
2344 1022 2664 1078 collocatum
2721 1026 2904 1091 habet,
2958 1026 3075 1082 fore
3115 1036 3177 1083 ut
3218 1029 3266 1083 is
3313 1040 3471 1084 exeat
3510 1022 3513 1025 ⁷

1895 1123 1962 1161 ex
2019 1108 2239 1163 civitate
2296 1123 2483 1166 sancta
2540 1113 2865 1181 Jerusalem,
2923 1116 3027 1171 hoc
3093 1127 3195 1182 est,
3261 1133 3292 1172 e
3343 1134 3469 1173 san-

1897 1210 1984 1257 cta
2073 1202 2166 1256 illa
2230 1214 2460 1273 parente
2529 1208 3058 1279 primogenitorum,
3121 1227 3473 1283 supernaque

1897 1308 1963 1348 ac
2028 1294 2396 1364 pulcherrima
2473 1297 2695 1354 civitate
2728 1341 2743 1365 ,
2817 1317 2884 1355 ac
2953 1302 3196 1371 pondere
3262 1304 3471 1373 peccati

1897 1401 2037 1455 pene
2077 1402 2187 1441 non
2230 1387 2461 1443 ferendo
2516 1406 2759 1460 pressus,
2819 1409 2926 1447 una
2991 1409 3116 1447 cum
3162 1394 3471 1466 Babyloniis

1898 1477 2126 1542 habitet,
2191 1478 2247 1533 id
2305 1488 2420 1544 est,
2453 1490 2662 1550 partem
2738 1499 2802 1539 ac
2862 1494 3064 1539 sortem
3099 1502 3223 1540 cum
3288 1486 3472 1556 impiis

1898 1568 2173 1623 idolorum
2200 1568 2505 1623 cultoribus
2535 1570 2750 1624 habeat.
2801 1569 2903 1636 Qui
2931 1572 3078 1625 enim
3135 1570 3339 1626 Christi
3380 1588 3470 1626 re-

1898 1660 2265 1731 demptionem
2294 1669 2671 1726 contemnunt,
2696 1661 2730 1714 ii
2751 1662 2818 1715 ab
2851 1662 3033 1733 impiis
3056 1679 3166 1717 non
3189 1662 3468 1717 differunt.

1900 1753 2085 1821 Itaque
2107 1752 2406 1816 Salvator,¢
2430 1752 2485 1807 Si
2525 1754 2856 1823 peccaverit.
2897 1754 3096 1824 inquit,
3133 1754 3302 1809 frater
3325 1762 3470 1817 tuus,

1899 1842 2055 1905 vade,
2097 1857 2261 1912 argue
2300 1841 2455 1895 illum
2494 1844 2638 1896 inter
2676 1850 2728 1897 te
2778 1851 2832 1897 et
2857 1842 3035 1913 ipsum
3083 1843 3298 1908 solum;
3332 1842 3375 1896 si
3422 1851 3474 1897 te

230 1935 292 1987 δὲ
330 1936 426 1989 καὶ
451 1935 653 1989 τούτων
683 1936 1028 2008 παρακούσῃ,
1075 1938 1195 1990 εἰπὲ
1224 1940 1289 2009 τῇ
1342 1938 1670 2011 Ἐκκλησία·
1708 1940 1799 1995 ἐὰν

1905 1933 2177 1997 audierit,
2216 1933 2461 1987 lucratus
2519 1933 2633 1987 eris
2673 1932 2895 1987 fratrem
2950 1942 3144 1997 tuum;
3200 1933 3245 1987 si
3290 1942 3473 1987 autem

213 2025 271 2078 δὲ
302 2028 402 2079 καὶ
432 2027 531 2097 τῆς
576 2025 904 2095 Ἐκκλησίας
935 2028 1279 2100 παρακούσῃ,
1321 2028 1462 2082 ἔστω
1502 2047 1582 2083 σοι
1608 2030 1796 2105 ὥσπερ

1901 2044 2005 2082 non
2033 2027 2292 2091 audierit,
2323 2027 2525 2081 adhibe
2556 2035 2738 2081 tecum
2780 2043 2948 2081 unum
2990 2027 3078 2081 vel
3117 2026 3275 2090 duos,
3314 2035 3374 2080 ut
3417 2027 3473 2082 in

215 2120 244 2170 ὸ
273 2116 495 2181 ἐθνικὸς
525 2119 618 2171 καὶ
654 2120 682 2171 ὁ
724 2118 980 2189 τελώνης.
1025 2139 1043 2169 ι
1084 2120 1241 2174 Ἔστι
1270 2120 1449 2173 τοίνυν
1481 2122 1580 2174 οὐκ
1622 2124 1799 2191 ἀσυμ-

215 2210 413 2278 φανὲς,
449 2212 646 2282 μᾶλλον
676 2211 732 2264 δὲ
754 2211 842 2264 διὰ
874 2212 1052 2280 πάσης
1089 2214 1218 2283 ἡμῖν
1248 2212 1669 2285 μεμαρτύρηται
1697 2213 1797 2281 τῆς

215 2303 374 2367 Θείας
396 2305 642 2375 Γραφῆς,
669 2307 751 2360 ὅτι
774 2309 923 2362 πᾶσα
943 2307 1221 2370 δικαίωσις
1240 2306 1335 2360 καὶ
1360 2307 1508 2359 πᾶσα
1530 2304 1799 2378 λύτρωσις

214 2400 273 2448 ὲν
306 2396 555 2467 Χριστῷ.

1896 2135 1991 2174 ore
2021 2119 2255 2173 duorum
2287 2119 2372 2172 vel
2414 2119 2580 2172 trium
2620 2119 2838 2173 testium
2871 2124 2979 2173 stet
3008 2133 3170 2173 omne
3212 2118 3468 2172 verbum.

1899 2212 1953 2267 Si
1970 2220 2152 2266 autem
2189 2226 2367 2281 neque
2388 2210 2491 2264 hos
2520 2209 2673 2279 105
2688 2210 2945 2273 audierit,
2975 2209 3065 2264 dic
3096 2209 3385 2273 Ecclesiae;
3428 2212 3474 2265 si

1900 2312 2079 2357 autem
2093 2303 2257 2356 etiam
2276 2300 2575 2355 Ecclesiam
2592 2301 3000 2370 contempserit,
3017 2299 3088 2354 sit
3104 2299 3203 2353 tibi
3217 2308 3475 2369 tanquam

1897 2394 2150 2449 ethnicus
2182 2404 2238 2448 et
2276 2394 2602 2465 publicanus
2627 2395 2692 2449 ".
2722 2416 2739 2446 ι
2784 2396 2881 2450 Est
2921 2395 3087 2467 igitur
3110 2395 3335 2450 minime
3372 2395 3473 2449 ob-

210 2502 468 2551 scurum,
535 2498 697 2560 atque
750 2490 888 2545 adeo
925 2491 1093 2545 totius
1133 2490 1331 2544 divinae
1367 2489 1664 2559 Scriptura:
1709 2486 2021 2542 testimonio
2063 2484 2469 2551 confirmatum,
2503 2502 2721 2541 omnem
2757 2485 3209 2557 justiﬁeationem
3250 2494 3310 2542 et
3348 2485 3476 2541 red-

211 2584 557 2653 emptionem
578 2601 697 2641 esse
746 2586 801 2640 in
834 2585 1064 2641 Christo.

285 2675 501 2729 IIAAA.
536 2672 609 2728 Εὖ
647 2676 801 2745 ἔφης.

291 2848 347 2880 ⁸⁸
371 2847 577 2903 Matth.
616 2864 765 2913 xvm,
806 2849 993 2903 15-17.

1976 2671 2170 2725 PALL.
2203 2671 2371 2725 Recte
2400 2670 2601 2723 dixisti.

850 3201 1245 3331 ΠΕΡΙ
1318 3200 1659 3327 ΤΗΣ
1736 3199 1943 3325 ΕΝ
2024 3194 2901 3355 ΠΝΕΥΜΑΤΙ

1470 3462 1664 3545 ΚΑΙ
1734 3459 2272 3549 ΑΛΗΘΕΙΑΙ

658 3682 1873 3803 ΠΡΟΣΚΥΝΗΣΕΩΣ
1960 3683 2238 3794 ΚΑΙ
2328 3674 3067 3794 ΛΑΤΡΕΙΑΣ

1340 3904 1705 3992 ΛΟΓΟΣ
1780 3904 2370 3990 ΤΕΤΑΡΤΟΣ.

391 4266 575 4382 DE
661 4268 1583 4385 ADORATIONE
1681 4274 1863 4384 ET
1950 4271 2430 4389 CULTU
2521 4269 2664 4383 IN
2748 4270 3320 4386 SPIRITU

1416 4540 1580 4640 ET
1672 4534 2328 4645 VERITATE

1342 4783 1709 4862 LIBER
1797 4780 2381 4875 QUARTUS.

207 5109 372 5162 Ὀτι
384 5106 494 5181 τὸν
516 5107 891 5181 κεκᾼημένονξ
915 5107 1000 5181 είς
1021 5105 1336 5181 δικαίωσιν
1356 5105 1517 5181 παρὰ
1539 5107 1688 5181 Θεοῦ
1712 5106 1799 5181 καὶ

1918 5109 2079 5181 106
2129 5104 2228 5171 Qui
2287 5104 2354 5157 ad
2374 5176 2384 5181 Δ
2389 5103 2825 5181 justiﬁcationem
2858 5121 2890 5157 a
2945 5102 3053 5181 Deo
3078 5108 3288 5155 vocatus
3311 5103 3397 5165 sit,
3433 5110 3482 5155 et

289 5174 780 5246 λελυτρωμένον,
818 5175 983 5241 αὐτῷ
1020 5175 1491 5230 κατακολουθεῖν
1525 5176 1665 5246 χρὴ.
1702 5177 1802 5230 καὶ

291 5245 718 5317 παραιτεῖσθαι
752 5246 869 5317 μὲν
896 5247 1125 5317 τὸνᾲεις
1161 5245 1531 5314 φαυλότητα
1548 5248 1805 5317 palamne

292 5314 485 5386 σμὸν,
511 5314 617 5394 ζῇν
647 5316 716 5369 δὲ
734 5314 974 5386 μαλλον
993 5315 1333 5385 ἐπείγεσθαι
1358 5319 1679 5385 συννόμως
1704 5315 1803 5369 καὶ

287 5400 614 5451 rear-tch.

294 5474 586 5547 Σφαλερὸν
624 5478 722 5546 μὲν
758 5471 870 5543 οὖν,
909 5477 985 5540 ὡς
1014 5476 1209 5542 ἔοικεν,
1236 5468 1282 5529 ὦ
1327 5474 1614 5540 Παλλάδιε,
1645 5476 1813 5546 φαίην

193 5569 257 5622 δ’
298 5568 380 5621 ἂν
403 5567 484 5618 ὅτι
513 5567 606 5620 καὶ
642 5565 1067 5638 βδελυρώτατον,
1103 5567 1236 5620 είσω
1271 5583 1330 5619 τε
1357 5566 1535 5637 πάσης
1579 5565 1815 5636 βεϐηκὸς

195 5640 490 5721 ἀτοπίας,
522 5658 597 5728 μὴ
624 5658 687 5711 τὺ
706 5657 1156 5729 κατανδρίζεσθαι
1183 5658 1357 5727 φιλεῖν
1390 5657 1723 5727 φαυλότητός
1751 5676 1810 5711 τε

195 5749 330 5804 καὶ
370 5749 647 5820 ἁμαρτίας
669 5767 684 5783 ο
713 5750 1118 5822 θρυπτομένους
1141 5750 1199 5803 δὲ
1223 5748 1413 5821 ὥσπερ
1440 5752 1521 5814 εἰς
1547 5749 1813 5813 ἐκτύπους

194 5840 452 5912 ἡδονὰς,
491 5838 585 5893 καὶ
628 5839 994 5911 Οηλυπρεπεῖς
1033 5839 1306 5911 μαλακίας
1338 5839 1695 5909 ἐγκαθιέντας
1730 5840 1810 5909 τῷ

1985 5173 2302 5257 redemptus,
2336 5173 2585 5257 eime
2615 5191 2742 5257 esse.
2783 5173 3122 5257 sequentium,
3165 5181 3213 5224 et
3266 5187 3481 5224 excussa

1986 5242 2207 5302 mollitie
2238 5260 2355 5315 quae
2388 5245 2458 5298 ad
2494 5245 2678 5315 vitium
2711 5242 2871 5307 ducit,
2921 5242 2989 5294 ad
3022 5243 3166 5311 piam
3190 5251 3238 5294 et
3270 5257 3486 5310 genero-

1984 5337 2100 5374 sam
2136 5314 2297 5371 vitam
2327 5314 2645 5367 enitendum.

1988 5477 2363 5551 Periculosum
2406 5474 2626 5546 quidem
2658 5480 2762 5537 est,
2802 5471 3026 5535 Palladi,
3068 5471 3297 5525 nimium
3322 5479 3484 5540 atque

1916 5568 2106 5633 etiam,
2143 5568 2188 5621 si
2242 5566 2429 5621 dicere
2472 5566 2655 5629 liceat,
2695 5564 2987 5618 scelestum
3026 5562 3283 5625 maxime,
3334 5569 3389 5615 et
3428 5562 3481 5615 in

1918 5660 2111 5730 primis
2160 5658 2551 5718 facinorosum,
2596 5654 2741 5709 nolle
2781 5654 3042 5708 adversus
3081 5652 3382 5721 nequitiam
3423 5665 3487 5705 ac

1918 5761 2202 5821 peccatum
2240 5747 2455 5803 fortiter
2489 5763 2546 5802 se
2581 5761 2812 5818 gerere;
2843 5745 2961 5809 sed,
2995 5743 3179 5798 animo
3205 5743 3485 5799 indecoris

1920 5840 2290 5910 voluptatibus
2328 5846 2587 5895 enervata
2629 5848 2685 5895 et
2735 5838 2802 5893 ad
2834 5837 3159 5893 muliebrem
3194 5828 3483 5890 mouitiem
