4046 6562
561 512 667 566 307

1549 511 1604 567 S.
1647 512 1921 569 CYRILLI
1961 513 2429 570 ALEXANDRINI
2467 515 2784 571 AllClllEP.

3707 520 3807 576 508

562 627 769 684 coactis
799 627 1129 699 impositam,
1160 643 1261 699 pro
1293 626 1682 683 exercitatione
1713 628 2047 693 habuerunt,
2071 626 2138 681 ad

2257 627 2548 699 ὒφέληνται
2584 629 2799 699 μᾶλλον,
2835 630 2977 700 ήπερ
3004 628 3289 700 ἠδίκηνται
3319 630 3460 685 κατά
3496 630 3559 684 τὸ
3593 630 3810 702 ἀληθές.

561 720 832 776 tolerandi
861 719 1311 775 consuetudinem
1348 720 1763 789 acquirendam;
1810 720 1931 776 ideo
1962 720 2132 774 bene-

565 810 690 863 llcio
722 810 904 879 potius
937 824 1145 874 revera,
1174 824 1337 878 quam
1379 809 1488 863 ulla
1530 810 1728 880 injuria
1773 818 1901 864 sunt
1931 810 2133 864 affecti.

564 904 839 959 Metuebat
868 904 1012 957 enim
1058 903 1315 957 Hebraeos
1342 903 1573 967 Pharao,
1603 904 1727 959 “cum
1774 904 1894 958 illos
1928 904 2139 959 videret

566 996 621 1049 in
653 995 971 1050 immensam
997 996 1404 1051 multitudinem
1433 1012 1708 1061 crescere;
1748 1012 1980 1066 cumque
2021 1012 2137 1049 ma-

566 1088 811 1159 lignitate
835 1103 1046 1143 summa
1078 1097 1371 1143 conaretur
1401 1098 1608 1143 tantum
1637 1089 1785 1143 illius
1812 1090 1989 1159 gentis
2015 1104 2141 1158 pro-

566 1190 789 1234 ventum
821 1188 1004 1250 atque;
1032 1179 1432 1238 incrementum
1464 1181 1723 1235 cohibere
1755 1199 1767 1234 :
1802 1200 1817 1231 ι
1853 1180 2138 1250 Imposuit,

568 1272 769 1342 inquit,
812 1273 892 1327 eis
914 1272 1199 1342 prazfectos
1226 1289 1472 1343 operum,
1494 1281 1553 1327 ut
1576 1273 1875 1345 amigerent
1903 1290 1998 1329 eos
2016 1289 2144 1344 ope-

568 1366 724 1420 ribus
753 1366 799 1398 ⁸³
827 1383 839 1418 :
874 1385 891 1417 ι
923 1364 1031 1420 Sed
1066 1367 1172 1421 hoc
1199 1368 1318 1437 ejus
1344 1366 1631 1421 consilium
1654 1368 1957 1421 contrarios
1982 1382 2147 1421 even-

571 1468 661 1513 tus
695 1458 920 1523 habuit;
958 1474 1084 1512 nam
1117 1474 1180 1513 ea
1226 1459 1362 1528 ipsa,
1392 1474 1513 1527 qua:
1540 1458 1873 1513 inferebatur
1906 1460 2142 1524 vexatio,

571 1550 788 1605 occasio
814 1550 922 1604 illis
942 1550 1264 1605 incrementi
1291 1549 1424 1612 fuit,
1448 1565 1573 1604 cum
1593 1551 1738 1604 Deus
1759 1566 1877 1604 eam
1909 1567 2022 1605 rem
2049 1567 2147 1605 sua

572 1641 841 1711 sapientia
864 1641 1260 1705 moderaretur,
1278 1649 1333 1695 et
1360 1641 1658 1695 Pharaonis
1688 1642 1899 1696 astutiae
1918 1642 2147 1713 gratiam

573 1747 727 1787 suam
756 1741 1075 1802 opponeret.
1091 1731 1330 1799 «Quanto
1353 1747 1587 1801 namque
1607 1748 1702 1786 eos
1725 1733 2107 1797 bumiliabant,
2123 1752 2139 1783 ι

574 1825 774 1894 inquit,
815 1844 832 1874 ι
868 1832 1019 1879 tanto
1058 1826 1243 1894 plures
1280 1824 1484 1879 ﬁebant
1512 1834 1565 1879 et
1594 1826 2078 1880 invalescebant".
2125 1846 2141 1871 ι

573 1917 830 1984 Quamvis
849 1917 994 1972 enim
1016 1916 1398 1971 tribulationes
1415 1917 1613 1971 inferat
1630 1916 1876 1982 Satanas,
1892 1918 2151 1973 dentibus

574 2009 689 2063 suis
710 2010 761 2062 in
780 2017 1091 2063 sanctorum
1110 2024 1281 2077 genus
1299 2008 1555 2073 fremens;
1574 2016 1777 2078 etquos
1793 2009 1937 2063 Deus
1952 2021 2012 2064 ut
2027 2025 2149 2078 pro-

573 2101 723 2171 prios
757 2101 862 2155 sibi
883 2100 1196 2163 asseruerit,
1222 2100 1273 2153 in
1304 2115 1399 2155 eos
1443 2116 1659 2169 semper
1690 2101 1938 2170 egregios
1962 2102 2150 2156 obser-

575 2211 709 2249 vans
749 2194 942 2259 irruat,
976 2214 994 2245 ι
1024 2194 1175 2249 Esca:
1202 2210 1439 2263 namque
1474 2194 1625 2248 illius
1667 2195 1853 2248 electae
1884 2202 2060 2256 sunt,»
2106 2193 2151 2224 ⁸⁸

576 2286 788 2357 inquit:
812 2296 1015 2352 tamen,
1036 2287 1129 2357 qui
1152 2287 1209 2341 in
1236 2286 1616 2357 hujuscemodi
1638 2286 1805 2340 rebus
1833 2285 2057 2355 impigre
2078 2284 2155 2338 la-

576 2378 792 2441 borant,
811 2395 877 2433 eo
900 2380 1037 2449 ipso,
1052 2396 1160 2449 quo
1176 2388 1481 2444 tentantur,
1494 2395 1551 2434 se
1568 2378 1701 2448 ipsis
1718 2378 1971 2432 meliores
1996 2377 2151 2442 fiunt,

576 2483 781 2539 eosque
821 2470 1179 2524 certaminum
1213 2470 1498 2525 tolerantia
1536 2471 1725 2541 procul
1760 2469 1927 2523 dubio
1956 2469 2154 2524 clario-

580 2578 670 2618 res
700 2563 911 2627 reddit,
956 2564 1029 2617 ita
1056 2571 1115 2617 ut
1156 2579 1252 2632 per
1278 2579 1400 2632 qua:
1429 2562 1520 2617 ille
1554 2562 1816 2617 molestus
1844 2577 1964 2617 esse
1993 2569 2155 2631 atque

578 2670 776 2709 vexare
820 2656 1089 2726 cogitarit,
1121 2671 1219 2726 per
1250 2671 1314 2709 ea
1355 2654 1588 2709 maxime
1627 2653 1791 2708 etiam
1835 2652 2039 2707 invitus
2064 2654 2156 2724 ju—

581 2752 753 2809 vct,et
772 2761 870 2815 per
884 2760 1005 2815 quae
1026 2746 1149 2800 illos
1164 2745 1383 2800 vincere
1410 2745 1741 2815 putarit,per
1760 2744 1950 2798 eadem
1971 2743 2157 2798 valen-

580 2839 753 2893 tiores
795 2836 1007 2892 efIiciat.
1040 2837 1174 2893 Cum
1204 2853 1332 2893 vero
1360 2838 1572 2892 vafrum
1621 2838 1757 2892 illud
1788 2846 2157 2893 commentum

580 2930 792 2985 Pharao
817 2930 985 2984 alium
1019 2946 1181 2999 quam
1211 2939 1429 2999 putarat
1457 2929 1664 2984 exitum
1711 2928 1969 2984 habuisse
2001 2929 2158 2984 vide-

581 3030 686 3085 ret,
721 3022 862 3076 etin
897 3038 963 3076 eo
993 3023 1130 3092 ipso,
1172 3021 1318 3093 quod
1363 3022 1559 3077 laedere
1603 3037 1661 3077 se
1704 3022 1950 3093 putabat,
1995 3022 2158 3078 etiam

583 3111 791 3187 (avare,
815 3129 958 3177 sero,
980 3129 1042 3167 ac
1065 3112 1154 3167 vix
1182 3112 1399 3167 tandem
1423 3113 1626 3167 sentire
1654 3112 1928 3181 cmpisset,
1960 3112 2159 3167 immu-

584 3214 661 3263 tat
684 3205 832 3259 illico
858 3204 1152 3259 insidiandi
1184 3205 1472 3259 rationem.
1489 3204 1781 3260 Accersitis
1802 3220 2035 3274 namque
2060 3206 2163 3259 He-

582 3293 855 3349 braeorum
888 3295 1300 3359 obstetricibus,
1344 3314 1360 3345 ι
1392 3294 1529 3350 Cum
1576 3295 2005 3351 obstetricabitis
2050 3295 2159 3350 He-

584 3387 777 3453 braeas,
803 3387 999 3457 inquit,
1028 3395 1083 3442 et
1107 3395 1295 3458 partus
1317 3395 1532 3457 tempus
1554 3389 1855 3454 advenerit,
1891 3388 2161 3459 siquidem

585 3479 862 3539 masculus
902 3477 1088 3542 fuerit,
1124 3477 1415 3533 interficite
1446 3478 1635 3543 illum;
1672 3479 1830 3548 110
1858 3478 1942 3533 sin
1981 3490 2163 3534 autem

584 3569 809 3633 femina,
847 3582 1059 3625 servate
1088 3572 1257 3625 illam.
1281 3570 1609 3625 Timuerunt
1629 3582 1812 3626 autem
1839 3572 2164 3626 obstetrices

585 3661 758 3715 Deum
785 3702 799 3720 .
832 3670 888 3715 et
928 3677 1037 3715 non
1080 3660 1333 3715 fecerunt
1380 3660 1522 3715 sicut
1566 3669 1902 3731 prteceperat
1943 3661 2024 3715 eis
2070 3677 2165 3715 rex

586 3749 824 3822 Egypti,
859 3760 914 3805 ct
944 3751 1291 3805 vivilicabant
1324 3751 1595 3806 masculos
1631 3752 1696 3805 ⁸⁸.
1733 3771 1750 3802 ι
1786 3751 2033 3821 Cumque
2074 3751 2165 3805 illa

589 3845 853 3898 adversus
875 3843 1228 3898 Hebraeorum
1256 3858 1428 3912 genus
1464 3842 1734 3912 impietas,
1765 3850 2165 3912 cruentumque

588 3932 880 3987 consilium
926 3932 1142 3987 irritum
1182 3931 1471 3987 cecidisset
1505 3930 1702 4001 (neque
1729 3930 1874 3985 enim
1916 3932 2165 4001 permisit

588 4021 735 4076 Deus
771 4022 1096 4076 obstetrices
1141 4031 1349 4075 tantum
1398 4021 1577 4075 scelus
1606 4020 1995 4090 committere),
2031 4037 2163 4075 con-

589 4113 755 4167 vertit
778 4128 835 4168 se
851 4114 962 4183 jam
985 4113 1053 4167 ad
1083 4121 1324 4183 apertam
1350 4113 1460 4166 vim
1488 4121 1652 4182 atque
1685 4111 1960 4183 iniuriam,
1988 4128 2166 4181 nequc

590 4204 772 4260 adhuc
801 4205 942 4259 clam
962 4220 1160 4259 vexare
1189 4213 1497 4270 contentus,
1529 4212 1777 4275 apertum
1811 4204 2013 4258 bellum
2041 4220 2164 4258 sus-

589 4295 741 4366 cipit,
786 4311 1089 4365 necemque
1137 4295 1489 4349 inhumanam
1536 4296 1621 4360 iis,
1677 4295 1772 4365 qui
1812 4306 2167 4351 nascerentur

588 4387 854 4443 decernit.
887 4406 903 4437 ι
939 4388 1203 4458 Praecepit
1234 4388 1404 4452 enim,
1435 4387 1631 4457 inquit,
1656 4388 1867 4443 Pharao
1898 4388 2043 4443 omni
2064 4404 2164 4459 po-

588 4476 720 4548 pulo
741 4492 861 4540 suo,
894 4475 1085 4531 dicens
1123 4494 1133 4527 :
1176 4496 1192 4526 (
1219 4475 1391 4531 Omne
1426 4477 1751 4541 masculum,
1784 4477 1930 4547 quod
1977 4486 2166 4532 natum

589 4568 755 4622 fuerit
779 4568 1041 4629 Hebraeis,
1068 4568 1315 4638 projicite
1347 4568 1403 4622 in
1427 4566 1627 4623 flumen
1648 4585 1663 4635 ;
1688 4576 1745 4623 et
1765 4584 1983 4623 omnem
2012 4568 2166 4623 femi-

2252 718 2470 772 Ἐδεδίει
2500 722 2596 791 μὲν
2622 722 2729 792 γὰρ
2753 724 2779 775 ό
2805 721 3003 792 Φαραὼ
3029 724 3155 787 τοὺς
3189 722 3469 795 Ἐϐραίους
3502 724 3582 787 είς
3608 723 3811 795 πληθὺν

2239 808 2546 882 ἀμέτρητον
2594 813 2999 883 ὲκτεινομένους
3052 813 3228 884 δρῶν
3291 815 3703 885 κακουργότατα
3757 815 3813 870 δὲ

2241 898 2489 964 κολάζειν
2529 901 2816 972 ἐπιχειρῶν
2857 901 2956 974 τὴν
2990 903 3046 957 ἐν
3074 920 3136 971 γε
3172 904 3236 975 δὴ
3284 903 3460 975 τούτῳ
3506 904 3680 975 φορὰν
3724 906 3817 961 καὶ

2241 991 2499 1048 ἐπίδοσιν.
2531 1013 2549 1044 ι
2595 995 2920 1065 Ἐπὲστησεν
2943 996 3146 1059 αὐτοῖς,
3174 995 3357 1065 φησὶν,
3383 996 3681 1057 ἐπιστάτας
3710 996 3818 1051 τῶν

2243 1080 2440 1153 ἔργων,
2470 1083 2557 1137 ἴνα
2585 1084 2909 1140 κακώσωσιν
2930 1088 3125 1149 αὐτοὺς
3150 1088 3207 1140 ὲν
3232 1091 3342 1151 τοῖς
3368 1086 3569 1159 ἔργοις.
3609 1106 3627 1139 ι
3662 1090 3818 1158 Περι-

2243 1175 2499 1248 τρέπεται
2525 1176 2581 1231 δὲ
2612 1179 2793 1241 αὐτοῖς
2809 1179 2943 1249 πρὸς
2965 1179 3025 1231 τὸ
3054 1180 3289 1233 ἐναντίον
3310 1183 3343 1251 ἡ
3375 1181 3585 1249 σκέψις.
3618 1181 3683 1233 Ἠ
3714 1182 3821 1251 γὰρ

2244 1270 2650 1342 ἐπενηνεγμένη
2672 1271 2912 1335 κάκωσις
2944 1272 3214 1342 πρόφασις
3244 1272 3426 1335 αὐτοῖς
3449 1273 3549 1341 τῆς
3580 1273 3660 1335 είς
3686 1273 3821 1341 πλή-

2247 1360 2341 1413 θὺν
2369 1363 2658 1426 ἐπιδόσεως
2686 1359 2772 1433 ἦν,
2801 1362 2935 1416 Θεοῦ
2967 1364 3027 1417 τὸ
3060 1365 3247 1435 χρῆμα
3266 1365 3702 1435 οἰκονομοῦντος,
3733 1367 3823 1418 καὶ

2246 1454 2365 1515 ταῖς
2401 1451 2610 1506 ἐκείνου
2638 1453 3006 1524 ρᾳδιουργίαις
3034 1454 3133 1525 τὴν
3161 1456 3367 1508 οἰκείαν
3396 1454 3584 1527 ὥσπερ
3604 1455 3825 1522 ἀντεξά-

2248 1559 2433 1611 γοντος
2456 1542 2634 1614 χάριν.
2665 1563 2683 1595 ‹
2712 1542 2910 1598 Καθότι
2938 1547 3043 1617 γὰρ
3069 1545 3263 1610 αὐτοὺς
3297 1547 3636 1609 ὲταπείνουν,
3672 1546 3825 1615 φησι,

2247 1636 2485 1707 τοσούτῳ
2530 1634 2746 1699 πλείους
2786 1636 3026 1705 ἐγίνοντο
3073 1638 3166 1691 καὶ
3203 1638 3407 1708 ἴσχυον.
3468 1658 3486 1690 ι
3543 1639 3827 1709 Ἐπιφέρει

2252 1728 2352 1799 μὲν
2376 1726 2482 1799 γὰρ
2506 1726 2605 1789 τάς
2633 1727 2839 1798 θλίψεις
2870 1730 2897 1781 ὁ
2925 1730 3189 1793 Σατανᾶς,
3217 1731 3341 1793 τοὺς
3367 1729 3584 1793 ὀδόντας
3617 1729 3827 1800 ἐπιτρί-

2251 1819 2359 1883 ζων
2396 1823 2508 1883 τοῖς
2539 1820 2734 1889 ἁγίοις,
2764 1821 2857 1875 καὶ
2891 1813 3073 1893 ὦνπερ
3110 1822 3175 1876 ἂν
3204 1822 3279 1884 ὼς
3310 1822 3452 1876 ίδίων
3490 1825 3831 1893 μετεποιεῖτο

2252 1912 2404 1975 Θεὸς,
2440 1913 2649 1977 τούτοις
2692 1914 2778 1967 ἀεί
2819 1931 2935 1977 πως
2966 1913 3267 1984 ἀπολέγδην
3318 1914 3639 1983 ὲπιπηδῶν·
3685 1934 3705 1965 ι
3754 1914 3830 1967 T'z

2184 1984 2224 2037 Β
2253 2003 2361 2073 γὰρ
2389 2000 2654 2074 βρώματα
2679 2002 2863 2069 αὐτοῦ,
2900 2002 3153 2067 ὲκλεκτά,
3194 2022 3213 2055 ι
3246 2005 3409 2075 φησίν
3435 2020 3449 2033 ’
3486 2004 3603 2057 ἀλλ’
3644 2007 3695 2058 οἱ
3736 2022 3829 2058 πο·

2252 2096 2468 2159 νοῦντες
2498 2098 2556 2149 ὲν
2583 2094 2814 2159 τούτοις,
2842 2096 3020 2150 αὐτῶν
3053 2096 3311 2167 ἀμείνους
3337 2095 3549 2150 ἔσονται
3579 2097 3831 2167 πειραζόρ

2257 2205 2435 2260 μενον
2461 2188 2634 2242 καὶτὸ
2669 2188 2933 2258 καρτερὸν
2962 2189 3019 2240 ἐν
3045 2188 3250 2256 ἀγῶσιν
3280 2188 3571 2257 ἀποφαίνει
3602 2190 3669 2259 δὴ
3704 2190 3831 2243 πάνο

2253 2298 2361 2345 τως
2381 2281 2662 2334 εὐκλεεστέ
2674 2298 2817 2351 ρους,
2844 2282 2920 2344 ὥς
2950 2298 3008 2334 τε
3039 2280 3107 2334 δι’
3133 2273 3209 2335 ὧν
3234 2281 3299 2334 ἀν
3323 2283 3496 2335 νοοῖτο
3527 2282 3724 2334 λυπεῖν
3746 2282 3832 2334 καὶ

2257 2373 2482 2437 κακοῦν,
2516 2373 2604 2427 διὰ
2635 2372 2837 2426 τούτων
2870 2372 3104 2443 μάλιστα
3135 2373 3229 2426 καὶ
3266 2374 3365 2443 οὐχ
3404 2372 3566 2436 ἑκὼν,
3593 2373 3833 2443 ὀνήσειεν

2256 2466 2342 2532 ἂν,
2378 2468 2473 2521 καὶ
2512 2466 2581 2521 δι’
2617 2460 2691 2521 ὧν
2724 2468 2971 2539 αἱρήσειν
3010 2467 3334 2538 ὑπείληφεν,
3384 2466 3834 2538 εὐσθενεστέρους

2257 2561 2530 2614 ἀποτελεῖ.
2573 2560 2790 2632 Ἐπειδὴ
2825 2560 2883 2613 δὲ
2913 2560 2973 2614 τὸ
3013 2560 3319 2629 πανοῦργον
3349 2560 3596 2630 σόφισμα
3627 2560 3707 2627 τῷ
3734 2561 3832 2612 θαι

2262 2651 2375 2723 ραὼ
2419 2652 2555 2724 πρὸς
2605 2652 2865 2721 ἀδόκητον
2918 2650 3090 2722 πέρας
3125 2650 3452 2722 ἐκτελευτᾷ,
3510 2651 3608 2705 καὶ
3649 2650 3720 2703 δι’
3766 2644 3835 2703 ὧν

2261 2745 2484 2811 ἐκάκου,
2511 2745 2605 2799 καὶ
2636 2744 3007 2817 προσωφελᾶω
3031 2741 3119 2815 ἦν,
3148 2745 3245 2815 ὀψὲ
3275 2745 3370 2799 καλ⁸
3402 2745 3555 2815 μόλις
3584 2743 3836 2798 αἰσθάνε-

2259 2855 2373 2900 ται,
2421 2837 2516 2891 καλ⁸
2551 2837 2838 2909 μεθίστησι
2874 2838 3215 2909 παραχρῆμα
3260 2837 3360 2907 τῆς
3408 2836 3708 2907 ἐπιεουλῆς
3751 2836 3837 2888 τὸν

2260 2930 2489 3001 τρόπον’
2548 2929 3046 3001 μεταπεμψάμενος
3099 2928 3208 3001 γὰρ
3255 2929 3363 2981 τῶν
3419 2928 3693 2998 Ἐϐραίων
3743 2926 3838 2990 τὰς

2265 3022 2449 3092 μαίας,
2487 3038 2506 3073 ι
2534 3022 2703 3075 Ὅταν
2732 3019 2993 3093 μαιοῦσθε
3044 3023 3143 3084 τὰς
3195 3019 3471 3089 Ἐϐραίας,
3508 3020 3711 3088 φησιν,
3748 3020 3840 3071 καὶ

2263 3106 2364 3165 ὦσι
2397 3112 2533 3183 πρὸς
2560 3116 2621 3165 τὸ
2652 3113 2889 3175 τίκτειν,
2918 3112 3011 3166 ὲάν
3057 3112 3155 3182 μὲν
3194 3112 3358 3182 ἄρσεν
3391 3107 3446 3183 ᾖ,
3482 3111 3840 3164 ἀποκτείνατε

2265 3203 2415 3267 αὐτὸ,
2450 3204 2544 3257 ἐὰν
2574 3204 2631 3257 δὲ
2671 3203 2824 3273 θῆλυ,
2856 3204 3227 3275 περιποιεῖσθε
3259 3203 3409 3257 αὑτό.
3457 3223 3476 3255 ι
3528 3202 3838 3273 Ἐφοεήθη-

2190 3324 2232 3383 C
2269 3310 2366 3346 σαν
2408 3294 2464 3347 δὲ
2500 3295 2555 3347 αί
2586 3297 2744 3364 μαῖαι
2776 3295 2866 3349 τὸν
2900 3295 3054 3361 Θεὸν,
3090 3297 3183 3349 καὶ
3215 3296 3315 3347 οὐκ
3351 3295 3616 3363 ἐποίησαν
3656 3296 3844 3348 καθότι

2267 3385 2552 3451 συνέταξεν
2581 3388 2763 3450 αὐτοῖς
2805 3389 2832 3439 ὁ
2872 3387 3122 3457 βασιλεὺς
3158 3387 3435 3456 Αἰγύπτου
3468 3389 3563 3442 καὶ
3610 3387 3846 3455 ὲζωογόο

2266 3493 2387 3529 νουν
2414 3477 2484 3531 τὰ
2515 3478 2739 3550 ἄρσενα.
2780 3499 2799 3531 ι
2845 3479 3257 3551 Ἀπρακτούσης
3291 3480 3349 3533 δὲ
3382 3479 3532 3550 αὐτῷ
3565 3480 3667 3550 τῆς
3706 3481 3849 3533 κατά

2264 3570 2358 3623 τοῦ
2399 3570 2587 3639 γένους
2631 3572 2992 3642 ἀνοσιότητος,
3048 3571 3143 3624 καὶ
3186 3572 3469 3641 μιαιφόνου
3520 3570 3752 3640 βουλῆς,
3783 3570 3850 3622 οὗ

2265 3662 2373 3731 γὰρ
2400 3660 2548 3729 ἠφίει
2581 3660 2710 3724 Θεὸς
2741 3660 3020 3714 δυσσεϐεῖν
3052 3661 3151 3723 τάς
3185 3661 3371 3731 μαίας,
3419 3660 3632 3730 μέτεισι
3663 3660 3852 3711 λοιπὸν

2267 3752 2359 3805 ἐπὶ
2397 3751 2457 3804 τὸ
2484 3750 2756 3821 ὲκφάνδην
2784 3750 2989 3804 ἀδικεῖν
3009 3789 3023 3812 ,
3053 3751 3148 3804 καὶ
3176 3750 3477 3820 λεληθότως
3509 3749 3630 3818 μὲν,
3661 3748 3853 3801 οὐκέτι

2265 3845 2455 3897 λυπεῖν
2479 3843 2656 3913 ὴξίου,
2686 3842 2907 3912 γυμνῶς
2940 3843 2995 3895 δὲ
3026 3843 3129 3912 ήδη
3168 3860 3282 3904 πως
3318 3844 3553 3911 αἱρεῖται
3586 3841 3850 3909 πόλεμον,

2266 3935 2360 3987 καὶ
2392 3932 2617 3986 θάνατον
2648 3932 2831 4002 ἁπηνῆ
2872 3931 2978 3984 τῶν
3009 3933 3345 4003 τικτομένων
3379 3931 3853 4003 καταψηφίζεται.

2272 4043 2295 4075 ι
2330 4022 2593 4087 Συνέταξε
2622 4023 2749 4094 γὰρ,
2788 4024 2939 4092 φησὶ,
2969 4023 3167 4094 Φαραὼ
3210 4025 3373 4076 παντὶ
3405 4024 3481 4093 τῷ
3523 4024 3640 4095 λαῷ
3680 4023 3853 4077 αὐτοῦ

2265 4114 2436 4184 λέγων
2456 4132 2469 4145 ⁸
2498 4116 2612 4168 Πᾶν
2632 4114 2798 4187 ἄρσεν
2822 4115 2849 4168 ὃ
2877 4116 2970 4169 ὲάν
2997 4115 3166 4186 τεχθῇ
3187 4119 3298 4178 τοῖς
3333 4115 3627 4187 Ἑϐραίοις,
3654 4117 3734 4179 είς
3760 4117 3856 4168 τὸν

2267 4206 2509 4278 ποταμὸν
2541 4207 2757 4279 ῥίψατε,
2791 4208 2886 4261 καὶ
2914 4209 3023 4261 πᾶν
3058 4206 3218 4277 θῆλυ,
3252 4206 3569 4273 ζωογονεῖτε
3617 4206 3775 4261 αὑτό.
3831 4227 3852 4256 ι

2266 4297 2433 4350 Μέλει
2470 4298 2575 4368 γὰρ
2617 4298 2766 4368 αὺτῷ
2788 4297 2882 4351 τοῦ
2909 4297 3114 4368 θήλεως
3145 4296 3411 4367 οὐδαμῶς,
3447 4295 3861 4365 ἀφιλοπόλεμον

2268 4388 2373 4459 γὰρ
2395 4388 2585 4460 χρῆμα
2614 4390 2773 4460 γυνὴ,
2809 4391 2901 4443 καὶ
2929 4392 3028 4444 οὐκ
3053 4392 3263 4443 ἀστεῖον
3292 4391 3370 4453 είς
3405 4387 3621 4443 σύνεσιν
3642 4406 3655 4421 '
3688 4389 3860 4441 λυπεῖ

2266 4480 2322 4533 δὲ
2363 4483 2481 4533 κατ’
2510 4482 2679 4551 ἄμφω
2702 4481 2762 4534 τὸ
2803 4480 2990 4553 ἄρσεν,
3019 4481 3094 4545 ὼς
3130 4481 3292 4550 σοφόν
3314 4498 3376 4534 τε
3401 4482 3493 4533 καὶ
3524 4480 3863 4551 μαχιμώτα-

2268 4592 2378 4628 τον.
2413 4574 2621 4628 Οὺκοῦν
2649 4558 2865 4647 ἣδῖστόν
2906 4592 2970 4643 γε
3010 4575 3104 4628 καὶ
3147 4574 3483 4644 καταθύμιόν
3525 4575 3729 4644 κομιδῆ
3779 4572 3865 4642 τῷ

587 4673 717 4714 nam
752 4660 1024 4715 viviﬁcate
1054 4662 1119 4713 ³⁷.
1158 4680 1175 4710 ι
1202 4660 1390 4730 Neque
1425 4660 1570 4715 enim
1605 4658 1673 4713 de
1710 4660 2039 4715 feminarum
2072 4677 2156 4733 ge-

2274 4667 2540 4739 μιαιφόνῳ
2573 4667 2845 4739 δράκοντι,
2874 4668 3018 4738 φημὶ
3046 4667 3111 4739 δὴ
3137 4666 3216 4738 τῷ
3245 4668 3478 4738 Σατανᾷ,
3506 4666 3685 4737 ψυχῆς
3720 4667 3869 4737 φρό-

589 4766 721 4806 nere
752 4751 831 4806 illi
862 4768 995 4807 cura
1026 4760 1147 4807 erat
1174 4754 1317 4818 ulla;
1360 4753 1597 4809 imbellis
1624 4761 1709 4809 est
1739 4768 1974 4823 namque
2007 4769 2168 4809 sexus

589 4845 909 4909 muliebris,
944 4861 1047 4900 nec
1097 4844 1166 4900 ad
1214 4845 1558 4913 prudentiam
1597 4845 2065 4909 accommodatus;
2112 4845 2165 4900 in

590 4945 822 5008 utroque
856 4947 1041 4992 autem
1067 4936 1242 4992 virilis
1270 4938 1534 4992 molestus
1558 4945 1661 5003 est,
1691 4945 1750 4991 ut
1779 4938 1873 5007 qui
1920 4945 2035 4992 tum
2080 4952 2169 4991 sa-

587 5029 745 5099 piens
774 5029 862 5092 sit,
896 5040 1011 5084 tum
1041 5029 1207 5085 etiam
1238 5030 1306 5083 ad
1349 5030 1550 5083 bellum
1585 5030 1920 5099 aptissimus.
1959 5030 2168 5085 Iucun-

586 5120 846 5176 dissimus
868 5129 952 5177 est
983 5122 1147 5193 igitur
1176 5132 1339 5192 atque
1368 5122 1707 5192 gratissimus
1740 5133 1879 5177 tetro
1917 5122 1994 5177 illi
2034 5123 2164 5176 dra-

587 5209 733 5275 coni,
766 5211 978 5266 Satanze
1019 5212 1264 5283 inquam,
1295 5212 1579 5267 muliebris
1614 5214 1704 5269 ille
1743 5215 1911 5268 animi
1940 5230 2164 5278 sensus,

588 5301 934 5357 effeminatus
963 5313 1019 5358 et
1051 5304 1307 5370 imbellis,
1343 5305 1411 5359 ad
1429 5305 1544 5360 haec
1576 5306 1643 5360 ad
1671 5306 1991 5375 sapientiam
2023 5323 2165 5377 quo-

588 5405 695 5460 que
721 5407 915 5461 parum
945 5403 1102 5463 aptus
1130 5412 1142 5447 :
1178 5395 1399 5450 inimica
1442 5411 1607 5465 porro
1639 5405 1694 5451 et
1725 5396 1914 5451 odiosa
1960 5397 2051 5452 illa
2096 5399 2165 5453 ad

587 5480 967 5538 fortitudinem
995 5486 1265 5550 alacritas,
1299 5498 1355 5542 et
1389 5487 1553 5541 animi
1589 5488 1668 5541 vis
1696 5487 1953 5558 languore
1986 5500 2165 5544 metu-

587 5588 695 5643 que
720 5577 992 5646 superior,
1017 5593 1173 5633 mens
1197 5578 1325 5634 item
1356 5595 1565 5634 summa
1599 5580 1887 5650 prudentia
1916 5582 2163 5651 praedita.

588 5666 880 5738 Propterea
910 5670 1233 5726 muliebrem
1261 5687 1449 5726 sexum
1478 5672 1664 5726 vivum
1702 5681 1902 5737 servat,
1930 5683 1985 5729 et
2015 5676 2066 5729 in
2098 5692 2165 5731 eo

2270 4778 2419 4830 νημα
2444 4760 2903 4831 γυναικοπρεπὲς,
2933 4759 3403 4831 ἓκτεθηλυμμένον
3425 4777 3483 4812 τε
3513 4760 3607 4813 καὶ
3631 4760 3866 4813 ἄναλκι·

2272 4853 2363 4904 καὶ
2392 4851 2527 4923 πρός
2553 4867 2615 4919 γε
2640 4850 2812 4921 τούτῳ
2839 4849 3027 4904 νοσοῦν
3050 4850 3110 4903 τὸ
3129 4851 3211 4913 εἰς
3236 4849 3424 4917 σοφίαν
3448 4849 3870 4920 ἀνεπιτήδειον,

2271 4942 2463 5015 ἐχθρὸν
2491 4942 2547 4997 δὲ
2575 4943 2671 4995 καὶ
2712 4941 3191 5011 κατεστυγημένον
3219 4941 3280 4994 τὸ
3314 4940 3596 5013 πρόθυμον
3635 4942 3723 5003 είς
3768 4942 3875 4995 ἀν-

2270 5035 2472 5106 δρείαν,
2498 5034 2591 5088 καὶ
2617 5031 2962 5104 μαλακισμοῦ
2990 5032 3088 5101 μὲν
3111 5031 3351 5101 ἄμεινον,
3374 5030 3576 5095 δειλίας
3599 5031 3656 5084 δὲ
3681 5032 3876 5085 zabu-

2272 5124 2591 5196 περτεροῦν,
2649 5124 2744 5177 καὶ
2795 5123 2855 5176 τὸ
2905 5122 3044 5191 ἄγαν
3098 5122 3554 5194 ὲμφρονέστατον.
3608 5123 3713 5176 Διά
3779 5141 3874 5177 τοι

2271 5218 2446 5282 τοῦτο,
2482 5217 2738 5285 ζωογονεῖ
2769 5216 2866 5285 μὲν
2897 5214 2959 5268 τὸ
2987 5214 3144 5285 θῆλυ,
3185 5216 3278 5268 καὶ
3315 5212 3561 5283 ἐξίστησι
3587 5229 3713 5277 πως
3762 5215 3879 5286 τὴν

2271 5310 2357 5361 ἐπ’
2379 5306 2527 5379 αὐτῷ
2549 5306 2828 5377 μιαιφόνον
2851 5304 3041 5376 βουλήν
3062 5321 3120 5357 τε
3144 5306 3239 5358 καὶ
3262 5304 3475 5373 σκέψιν.
3504 5303 3721 5374 Εὕηθες
3749 5307 3879 5375 γὰρ

2268 5399 2419 5471 οἶμαι
2458 5400 2520 5453 τὸ
2565 5398 2835 5470 μάχεσθαι
2868 5398 3048 5468 ζητεῖν
3081 5398 3193 5458 τοῖς
3231 5396 3456 5449 αὐτόθεν
3489 5396 3879 5467 ὑπεστρωμέ-

2269 5511 2400 5557 νοις,
2422 5492 2631 5547 οἴκοθέν
2658 5508 2718 5545 τε
2747 5488 2962 5543 νοσοῦσι
2987 5488 3048 5541 τὸ
3076 5486 3405 5557 ὐπεζεῦχθαι
3432 5487 3607 5556 φιλεῖν
3624 5527 3639 5550 ,
3675 5504 3883 5541 κατα-

2270 5585 2451 5654 πνίγει
2481 5584 2538 5637 δὲ
2560 5583 2747 5654 ὥσπερ
2778 5580 2841 5634 τὸ
2872 5580 3037 5653 ἄρσεν
3063 5581 3182 5644 ταῖς
3209 5580 3317 5632 τῶν
3343 5577 3665 5649 πειρασμῶν
3704 5595 3887 5651 περι-

2272 5678 2523 5731 στάσεσιν
2546 5674 2621 5745 (l)
2653 5673 2834 5735 ὲνιείς.
2858 5672 3027 5726 Τοῦτό
3059 5690 3149 5742 μοι
3179 5672 3437 5725 δοκεῖκαὶ
3456 5672 3486 5726 ὸ
3518 5669 3660 5732 θεῖος
3684 5672 3887 5727 Δαδὶε

661 5817 707 5847 ⁸³
745 5816 977 5879 Exodi,
1023 5817 1108 5872 ll.
1179 5817 1225 5849 ³⁸
1246 5818 1381 5873 ibid.
1414 5819 1493 5872 19..
1556 5817 1888 5881 "llabae.l,
1936 5819 2028 5875 16.
2091 5822 2135 5852 ⁵⁸

2257 5819 2325 5875 id.
2351 5837 2387 5881 ι,
2414 5818 2496 5883 l6,
2528 5818 2606 5871 l7.
2680 5816 2884 5871 "ibid.
2907 5816 2977 5870 2%

664 5961 739 6026 (1)
768 5960 954 6019 Codex
978 5962 1186 6029 Sirleti,
1219 5962 1615 6034 περισπασμῶν
1641 5962 2047 6034 περιστάσεσιν,
2073 5964 2151 6017 dis

2257 5964 2475 6016 trionum
2502 5957 2788 6014 molestias.
