4046 6494
216 374 300 427 599
901 385 989 442 DE
1022 388 1462 447 ADORATIONE
1503 395 1566 448 IN
1609 396 1877 459 SPIRITU
1920 405 2006 460 ET
2046 407 2412 465 VERITATE.
2455 409 2583 466 LIB.
2625 412 2712 467 IV.

3311 417 3420 469 5ῒο
3463 435 3477 457 ι

217 489 539 562 ἁναμελῳδεῖν
568 492 656 544 καὶ
696 492 876 563 λέγειν
899 511 910 524 ·
950 516 969 549 ι
1009 499 1070 552 Εί
1111 503 1186 572 μὴ
1219 503 1300 556 ὅτι
1341 505 1544 575 Κύριος
1581 503 1650 580 ἦν
1686 512 1720 561 ἐπ

1844 519 1959 571 solo
1988 518 2212 589 deponit
2261 532 2542 579 cruentam
2590 524 2736 579 illam
2773 525 3216 582 deliberationem
3255 540 3430 601 atquo-

217 581 327 648 ἡμῖν
352 581 406 634 ἐν
442 581 514 652 τῷ
542 583 906 655 ἐπαναστῆναι
953 590 1271 662 ἀνθρώπους
1299 594 1384 664 ἐφ’
1427 599 1592 668 ἡμᾶς,
1633 601 1720 672 ἀρε

2059 581 2076 589 _
3076 581 3079 582 ν
3167 581 3214 582 η
3258 581 3416 601 οη--

1845 607 2154 662 consilium.
2189 609 2426 665 Stultum
2463 612 2610 666 enim
2651 621 2754 677 est,
2800 605 3014 684 opinor,
3048 631 3171 670 cum
3207 616 3273 672 iis
3312 634 3416 688 pu-
3470 627 3489 676 ἲ

215 669 391 761 ζῶντας
432 673 494 726 ἄν
539 677 791 732 κατέπιον
836 682 1020 751 ἡμᾶς·
1054 686 1112 736 ἐν
1156 685 1234 756 τῷ
1282 688 1597 761 ὀργισθῆναι
1647 669 1739 746 τὸν

213 758 356 829 θυμὸν
375 763 540 817 αὐτῶν
562 768 643 835 ἐφ’
671 771 838 839 ἡμᾶς,
865 773 972 842 ἄρα
1003 775 1064 827 τὸ
1094 777 1234 850 ὕδωρ
1261 778 1326 832 ἂν
1353 784 1738 838 κατεπόντισεν

212 851 362 919 ἡμᾶς·
404 855 697 930 χείμαρρον
731 859 942 932 διῆλθεν
976 867 1007 936 ἠ
1054 866 1198 939 ψυχὴ
1227 871 1403 941 ἡμῶν,
1453 891 1471 922 ι

1845 710 2009 765 gnare
2041 698 2200 763 velle,
2230 701 2324 768 qui
2351 701 2452 771 ipsi
2475 718 2572 772 per
2593 719 2650 757 se
2682 706 2938 774 prostrati
2969 715 3114 771 sunt,
3139 722 3200 761 ac
3226 715 3418 778 sponte

1844 786 1923 840 sic
1951 787 2151 852 atl'ecti,
2185 799 2245 844 ut
2276 791 2506 862 subjecti
2549 809 2670 848 esse
2713 795 2905 849 malint
2932 813 2944 848 :
2976 796 3206 851 suffocat
3235 805 3433 852 autem.

1842 876 2076 944 quodam
2103 879 2265 933 modo
2295 882 2618 947 masculum,
2644 899 2767 938 cum
2800 901 2927 940 eum
2963 886 3017 939 in
3055 889 3416 944 tentatiOnum
3458 926 3469 934 η

208 943 416 1010 pericula
448 948 681 1018 eonjicit.
722 952 835 1006 Hoc
880 954 1014 1010 mihi
1057 959 1274 1014 videtur
1314 964 1477 1017 etiam
1520 964 1740 1020 divinus
1777 967 1945 1021 David
1981 983 2197 1033 canere,
2233 986 2357 1024 eum
2392 971 2525 1025 dicit
2563 991 2575 1024 :
2614 994 2630 1024 ι
2670 973 2782 1028 Nisi
2817 977 2943 1044 quia
2972 973 3243 1032 Dominus
3301 988 3419 1033 erat

208 1036 251 1088 in
275 1036 432 1100 nobis,
457 1053 576 1091 cum
598 1054 952 1114 exsurgerent
980 1048 1232 1106 homines
1262 1052 1316 1106 in
1345 1070 1466 1118 nos,
1494 1055 1635 1111 forte
1681 1056 1837 1113 vivos
1881 1057 2243 1129 deglutissent
2304 1078 2434 1128 nos;
2493 1079 2616 1118 eum
2650 1064 2978 1122 irasceretur
3008 1068 3158 1131 [uror
3223 1085 3416 1129 eorum

204 1125 249 1180 in
286 1140 390 1187 nos,
427 1125 647 1182 forsitan
673 1145 816 1200 aqua
858 1133 1242 1193 absorbuisset.
1278 1155 1406 1206 nos;
1437 1151 1734 1197 torrentem
1770 1145 2126 1214 pertransivit
2151 1148 2330 1202 anima
2356 1159 2539 1204 nostra
2565 1151 2629 1203 ⁵⁸.
2659 1172 2686 1208 ,ι

258 1218 440 1272 ΠΑΛΛ.
478 1212 602 1271 Ὧδε
641 1219 772 1290 ἔχει.

257 1307 403 1398 ΚΥΡ.
435 1307 531 1398 ’ᾼθ
540 1325 622 1398 ρει
646 1309 709 1381 δὴ
736 1313 836 1383 τῆς
857 1315 1145 1387 ἐπιϐουλῆς
1167 1319 1256 1375 τὸν
1278 1321 1494 1393 τρόπον.
1519 1325 1738 1398 Πρῶτον

203 1399 282 1466 μὲν
307 1395 404 1466 γὰρ
431 1397 624 1462 αὐτοὺς
654 1401 867 1472 ἀγρίοις
901 1409 1219 1479 κατῃκίζετο
1244 1411 1443 1476 πόνοις,
1467 1415 1528 1465 τὸ
1559 1395 1632 1486 μὴ
1659 1417 1738 1479 είς

200 1488 378 1575 πληθὺν
415 1488 548 1542 ίέναι
576 1491 800 1563 πολλὴν.
830 1500 1245 1569 κακουργότατα
1274 1505 1644 1575 σοφιζόμενος,
1669 1507 1735 1560 δι’

195 1572 255 1630 ὧν
275 1578 412 1646 ἠξίου
440 1579 679 1647 κακοῢν;
711 1585 805 1637 καὶ
837 1584 1090 1657 λαθραῖον
1133 1586 1202 1661 ἦν
1240 1591 1321 1645 ἔτι
1351 1572 1420 1646 τὺ
1461 1572 1725 1668 ἀδίκημα,

194 1670 270 1722 καὶ
289 1670 342 1722 οὐ
385 1670 499 1723 λίαν
536 1673 785 1745 ἐμφανὴς
828 1678 857 1730 6
893 1676 986 1730 τοῦ
1022 1680 1284 1750 τυράννου
1325 1684 1546 1748 σκοπὸς,
1601 1688 1728 1739 ἀντ-

191 1759 383 1832 εφέρετο
397 1761 451 1814 δὲ
481 1762 728 1836 καθάπερ
753 1766 888 1836 ἔφην
911 1768 1130 1840 ἀρτίως,
1153 1773 1186 1842 ἡ
1208 1772 1301 1826 τοῦ
1325 1776 1727 1848 κατοικτείρον-

189 1867 263 1914 τος
301 1852 464 1923 χάρις.
513 1854 942 1927 Ταπεινούμενοι
988 1860 1074 1925 δέ,
1127 1862 1327 1931 μᾶλλον
1375 1867 1454 1929 είς
1500 1866 1728 1939 αὔξησιν

189 1941 338 2002 ίεσαν,
371 1943 536 2013 ἀλκῆς
577 1961 640 1997 τε
684 1947 778 2000 καὶ
813 1948 1069 2019 ἀριθμοῦ.
1109 1948 1240 2006 Εἶτα
1284 1954 1372 2008 διὰ
1416 1955 1584 2027 μέσου
1629 1960 1726 2022 τὰς

1908 1239 2106 1293 PALL.
2147 1239 2249 1295 Sic.
2266 1256 2334 1295 se.
2353 1258 2440 1297 res
2466 1243 2650 1299 habet.

1904 1329 2060 1385 CYR.
2091 1330 2224 1385 Vide
2249 1333 2360 1402 jam
2390 1350 2495 1404 qua
2521 1336 2841 1392 insidiarum
2873 1350 2987 1394 arte
3012 1342 3094 1395 sit‘
3111 1358 3261 1400 usus.
3291 1345 3413 1403 Pri-'-

1834 1435 1986 1473 mum
2033 1420 2252 1490 quidem
2309 1424 2466 1478 saevis
2512 1441 2606 1480 eos
2660 1428 2942 1485 laboribus
2997 1432 3301 1500 divexavit,
3356 1436 3451 1493 id3~

1833 1525 2000 1582 agens
2025 1512 2317 1567 vaferrimo
2352 1515 2444 1569 illo
2472 1527 2780 1574 commento
2800 1562 2833 1585 ,_
2854 1529 2929 1575 ut.
2959 1521 3068 1577 illis
3106 1527 3411 1585 vexationia

1833 1598 1938 1656 bus
1961 1618 2030 1657 ne
2054 1604 2270 1673 generis
2297 1607 2593 1663 multitudo
2615 1620 3025 1682 propagaretur.
3061 1612 3437 1673 Sed'occulta~

1832 1702 1952 1747 erat
1992 1694 2172 1749 adhuc
2219 1696 2446 1766 injuria,
2496 1715 2675 1769 neque
2709 1701 2998 1756 admodum
3039 1713 3286 1774 apertum
3321 1714 3411 1778 ty-

1832 1782 1988 1836 ranni
2021 1786 2382 1854 propositum,
2407 1790 2787 1859 opponebatur
2815 1801 2998 1846 autem
3028 1793 3126 1858 illi,
3155 1803 3216 1848 ut
3245 1796 3415 1853 modo

1830 1871 1964 1940 dixi,
1994 1875 2306 1933 miserantis
2347 1880 2539 1950 gratia.
2589 1880 2799 1951 Itaque,
2846 1899 2954 1953 quo
2989 1885 3162 1956 magis
3199 1885 3414 1957 afﬂige-

1831 1963 2051 2030 bantur,
2085 1983 2152 2022 eo
2194 1970 2364 2041 magis
2402 1986 2594 2026 eorum
2630 1979 2744 2027 tum
2785 1973 2951 2038 vires,
2988 1983 3104 2028 tum
3143 1991 3406 2034 numerus

189 2033 330 2101 μαίας
366 2038 479 2098 ταῖς
521 2035 791 2108 Ἐϐραίων
833 2041 1110 2107 γυναιξὶν,
1162 2043 1463 2109 ἐξοπλίζειν
1509 2047 1719 2116 ἤθελεν.

1824 2056 2144 2126 augebatur.
2178 2033 2324 2114 Inter
2347 2060 2464 2115 haec
2497 2061 2821 2117 obstetrices
2849 2063 3111 2119 adversus
3142 2067 3402 2122 mulieres

195 2123 310 2176 Ἀλλ’
332 2125 630 2180 οὐδὲτοῦτο
659 2133 880 2200 κρατεῖν
916 2132 1066 2200 ἠφίει
1105 2132 1256 2196 Θεός.
1301 2136 1628 2207 Ἐπιϐουλῆς
1668 2139 1722 2191 δὲ

185 2212 357 2274 λοιπὸν,
387 2215 459 2277 ὠς
485 2217 544 2268 ὲν
569 2217 742 2289 τρίτῳ
770 2237 829 2272 τε
873 2222 965 2274 καὶ
1007 2221 1301 2293 τελευταίῳ
1339 2227 1527 2297 τρόπῳ
1563 2230 1724 2282 παντὶ

182 2305 244 2374 τῷ
272 2305 376 2376 ἰδίῳ
413 2308 759 2383 προστέταχε
795 2312 908 2384 λαῴ
946 2315 1299 2385 καταπνίγειν
1327 2318 1386 2370 τὸ
1425 2319 1590 2390 ἄρσεν
1611 2360 1626 2381 .
1664 2322 1724 2374 τὸ

182 2393 444 2464 λεληθότως
492 2399 840 2456 πλεονεκτεῖν
886 2405 1069 2459 οὐκέτι
1119 2408 1572 2480 παραιτούμενος.
1617 2413 1722 2466 Οὑ-

183 2485 288 2538 κοῦν
319 2491 423 2553 τοῖς
445 2489 853 2562 ἀνδριζομένοις
873 2534 887 2557 ,
925 2496 1155 2567 πολεμεῖ
1192 2497 1291 2568 μὲν
1320 2500 1569 2570 ἀοράτως
1595 2502 1669 2575 (1)
1695 2507 1724 2558 6

177 2575 415 2642 Σατανᾶς,
460 2579 742 2651 συντίθησι
779 2582 834 2635 δὲ
862 2582 930 2635 τὰ
964 2584 1065 2655 τῆς
1108 2586 1428 2659 ἐπιϐουλῆς,
1458 2589 1531 2654 ὼς
1569 2589 1626 2644 ἐν
1659 2608 1722 2660 γε

177 2669 333 2738 τρόπῳ
369 2670 610 2741 τριπλῷο
642 2672 735 2725 καὶ
781 2674 1090 2744 ἀπάρχεται
1136 2677 1235 2746 μὲν
1277 2679 1374 2749 τῆς
1419 2681 1598 2751 μάχης
1632 2683 1721 2737 διά

178 2759 462 2831 κακούργων
519 2762 889 2832 σκεμμάτων,
943 2767 1043 2836 τὴν
1095 2769 1176 2830 είς
1229 2769 1427 2841 ἀρετὴν
1483 2771 1721 2828 ἐπίδοσιν

175 2848 474 2904 ἀποκωλύων
533 2851 632 2905 τοῦ
694 2852 813 2907 νοῦ’
883 2854 1236 2926 ἐντρύχεσθαι
1286 2861 1394 2930 γὰρ
1441 2859 1720 2930 ἀδοκήτοις

176 2939 548 3010 παρασκευάζει
598 2944 782 3006 πόνοις
815 2945 908 2997 καὶ
949 2946 1202 3016 σκληροῖς
1243 2948 1451 3016 ἀγῶσιν
1485 2950 1715 3020 ὁμιλεῖν.

183 3034 384 3087 Ἀδικεῖν
411 3035 467 3088 δὲ
514 3036 746 3106 ἰσχύσας
774 3036 862 3091 διὰ
896 3038 1099 3092 τούτων
1130 3039 1280 3094 οὐδὲν
1300 3078 1315 3104 ,
1348 3041 1720 3112 ἐπαμύνοντος

173 3124 246 3176 τοῦ
280 3125 424 3193 Θεοῦ,
453 3128 584 3190 τοὺς
632 3129 773 3181 κατά
818 3128 997 3181 πίστιν
1027 3131 1158 3200 ἡμῖν
1191 3131 1352 3196 ἰδίους
1393 3133 1488 3186 καὶ
1522 3149 1720 3187 ταυτο-

172 3215 318 3278 εθνεῑς
344 3216 672 3288 παροτρύνει
703 3217 984 3282 πολλάκις,
1015 3221 1110 3273 καὶ
1143 3220 1474 3292 καταθήγειν
1512 3223 1719 3293 ἐπιχειο

173 3310 242 3374 ρεῖ
268 3308 392 3378 πρὸς
423 3308 726 3379 ἀπέχθειάν.
766 3326 825 3362 τε
862 3311 955 3362 καὶ
996 3312 1196 3382 μάχην.
1228 3312 1337 3365 Καὶ
1379 3315 1718 3386 μαρτυρήσει

1826 2142 2175 2200 Hebraeorum
2215 2166 2428 2204 armare
2454 2152 2670 2206 volebat
2698 2171 2710 2205 :
2743 2168 2811 2206 ne
2845 2153 2947 2208 hoc
2975 2155 3194 2224 quidem
3220 2164 3280 2211 ut
3303 2173 3413 2212 van--

1825 2235 1963 2289 leret
1994 2238 2261 2306 permittit
2293 2241 2453 2296 Deus.
2487 2243 2638 2311 ιιι
2672 2244 2916 2314 Denique
2960 2246 3121 2300 tertio
3160 2247 3416 2315 quodam.

1824 2334 1879 2380 et
1911 2327 2104 2382 ultimo
2152 2330 2471 2384 insidiarum
2519 2348 2718 2404 genere
2764 2337 3017 2390 universo
3062 2352 3162 2391 suo
3196 2339 3422 2408 populo.

1825 2419 2134 2488 imperavit,
2180 2430 2240 2476 ut
2285 2425 2558 2479 masculos
2600 2425 2964 2502 suﬂomrent,
3009 2426 3270 2483 latentem
3313 2436 3416 2502 ty-~

1824 2511 2108 2565 rannidem
2135 2527 2242 2566 non
2270 2514 2502 2583 amplius
2521 2514 2892 2570 dissimulans.
2925 2517 3094 2587 Igitur
3118 2533 3243 2573 eum
3267 2519 3413 2574 viris

1823 2601 2058 2657 fortibus
2103 2603 2306 2660 bellum
2355 2607 2494 2676 gerit
2541 2608 2753 2663 occulte
2804 2607 3058 2671 Satanas,
3103 2618 3160 2663 et
3200 2610 3400 2680 triplici

1822 2689 1995 2745 forma
2025 2695 2304 2764 componit
2328 2696 2555 2750 insidias
2581 2715 2592 2749 :
2618 2712 2680 2750 ac
2703 2713 2894 2768 pugnae
2927 2699 3148 2768 quidem
3181 2700 3399 2760 initium

1821 2779 1970 2846 facit,
2001 2799 2125 2837 cum
2160 2785 2372 2840 callidis
2401 2787 2743 2842 consiliis‘ab
2773 2789 2955 2843 animo
2983 2790 3200 2844 virtutis
3223 2790 3401 2845 incre-

1822 2883 2064 2928 mentum
2092 2877 2287 2931 avertit
2316 2895 2327 2929 :
2354 2879 2464 2948 agit
2517 2879 2662 2932 enim
2699 2889 2758 2934 ut
2792 2881 3086 2950 inopinatis
3119 2882 3402 2938 laboribus

1821 2975 2136 3022 conteratur
2183 2977 2343 3038 atque
2389 2969 2444 3023 in
2479 2970 2789 3025 durissimis
2827 2981 3077 3025 versetur
3118 2972 3396 3028 aerumnis.

1820 3058 1890 3110 At
1921 3058 2015 3112 ubi
2053 3075 2152 3130 per
2184 3060 2301 3116 hac
2334 3061 2410 3114 nil
2439 3061 2683 3131 potuerit
2720 3061 2939 3126 laedere,
2975 3077 3133 3131 opem
3176 3062 3288 3116 Deo
3315 3061 3398 3116 fe-

1822 3155 1995 3210 rente,
2027 3163 2122 3201 eos
2149 3149 2244 3216 qui
2279 3147 2382 3203 fide
2413 3149 2572 3204 nobis
2601 3150 2815 3221 cognati
2879 3160 3007 3205 sunt
3043 3151 3411 3222 ejusdemque

1819 3238 1996 3303 gentis
2042 3235 2232 3290 incitat
2255 3252 2416 3306 saepe,
2445 3249 2607 3306 atque
2636 3239 2702 3292 ad
2733 3238 3037 3293 simultates
3066 3253 3129 3293 ac
3159 3254 3395 3310 pugnam

1819 3340 2086 3380 exacuere
2136 3327 2348 3381 nititur.
2396 3328 2452 3382 ld
2503 3338 2734 3384 testatur
2778 3330 2978 3384 Paulus
3025 3330 3135 3386 illis
3176 3331 3393 3387 verbis:

169 3397 314 3466 λέγων
339 3403 366 3454 6
393 3400 607 3465 Παῦλος
628 3419 642 3432 ’
685 3421 704 3477 ι
745 3402 1024 3466 Κινδύνοις
1054 3405 1112 3456 ἐν
1142 3402 1561 3475 ψευδαδέλφοις,
1603 3424 1719 3461 κιν-

1828 3433 1846 3465 ι
1873 3415 2210 3470 Periculisin
2228 3417 2378 3471 falsis
2399 3418 2680 3483 fratribus,
2698 3417 2958 3489 periculis
2975 3434 3042 3474 ex
3059 3435 3256 3490 genere
3277 3421 3341 3474 ".
3365 3437 3405 3471 ι.

168 3487 315 3552 δύνοις
345 3492 406 3543 ἐκ
438 3491 654 3558 γένους.
697 3511 716 3544 ι
756 3493 817 3545 El
842 3492 897 3545 δὲ
929 3492 998 3564 δὴ
1023 3495 1231 3563 γένοιτο
1261 3495 1355 3548 καὶ
1381 3495 1571 3549 τούτου
1603 3497 1718 3552 δια-

171 3587 396 3650 μαρτεῖν,
439 3585 532 3638 τὸν
585 3583 728 3636 θεῖον
769 3585 951 3648 αὐτοῖς
997 3584 1232 3649 ἐνιέντος
1262 3585 1426 3654 φόϐον
1472 3587 1566 3640 τοῦ
1607 3588 1716 3642 τῶν

169 3674 308 3740 ἁγίων
339 3678 760 3749 προεστηκότος,
779 3677 923 3731 καθά
949 3679 1044 3731 καὶ
1068 3679 1138 3732 τὰ
1170 3679 1334 3733 πάλαι
1355 3683 1476 3744 ταῖς
1503 3682 1713 3751 μαίαις·

166 3766 433 3835 ἀναφανδὸν
445 3769 657 3842 ἐγείρει
678 3770 1008 3834 λοιπὺνντοὺς
1025 3771 1320 3841 σφετέρους
1341 3773 1709 3842 ὑπασπιστὰς,

167 3863 230 3922 εἰς
262 3862 546 3933 ἀγριότητα
591 3863 686 3916 καὶ
730 3863 1060 3933 μιαιφονίαν.
1130 3864 1488 3937 Ἀνθεξόμεθα
1529 3867 1585 3920 δὲ
1619 3867 1714 3921 καὶ

166 3951 307 4015 οὕτως
326 3953 421 4024 τῆς
442 3955 523 4017 είς
548 3954 842 4025 εὐτολμίαν
864 3955 1104 4024 ἀγάπης,
1133 3957 1346 4027 καὶτῆς
1365 3959 1444 4021 εἰς
1463 3959 1713 4030 ἀνδρείαν

168 4044 373 4114 σπουδῆς
391 4084 406 4109 ,
437 4047 538 4099 οὐκ
562 4047 898 4116 ἠγνοηκότες
917 4087 932 4108 ,
962 4047 1045 4100 ὅτι
1077 4046 1138 4100 τὸ
1166 4048 1552 4120 άπηχθημένον
1585 4051 1713 4122 παρ’

166 4133 361 4207 ἐκείνῳ,
392 4136 511 4206 Θεῷ
551 4137 758 4208 τίμιον.
792 4138 1039 4193 Τέθειται
1067 4138 1176 4210 γὰρ
1213 4141 1270 4192 ἐν
1308 4141 1452 4211 λόγῳ
1476 4143 1571 4195 καὶ
1596 4159 1713 4211 φει-

164 4225 266 4288 δοῦς
287 4227 438 4296 ἀξιοῖ,
467 4228 531 4282 τὸ
559 4228 819 4298 ἀνωτέρω
853 4228 1218 4299 μαλακισμοῦ.

222 4315 408 4372 ΠΑΛΛ.
435 4319 725 4388 Πείθομαι.
755 4318 934 4390 Παρδν
953 4319 1010 4372 δὲ
1031 4317 1186 4390 οἶμαι
1216 4321 1310 4374 καὶ
1333 4321 1491 4376 τοῦτο
1525 4324 1708 4388 πάλιν,

166 4406 243 4457 καὶ
278 4408 331 4473 ἐξ
359 4409 527 4479 αὐτῆς
569 4410 704 4480 ἡμῖν
735 4409 837 4480 τῆς
861 4410 1022 4478 ἀγίας
1058 4409 1434 4466 καταθεᾶσθαι
1464 4414 1707 4486 Γραφῆς.

173 4496 437 4570 ’Δπόρησις
463 4502 578 4572 γὰρ
607 4500 846 4566 ἐννοιῶν,
875 4500 991 4555 οὔτι
1025 4519 1146 4556 που.

220 4675 366 4729 ΚΥΡ.
401 4678 617 4731 Οὐκοῦν
650 4677 785 4731 Θεοῦ
823 4677 1058 4742 διδόντος
1099 4678 1347 4749 λέγομεν,
1399 4682 1475 4744 ὼς
1510 4684 1568 4735 ἐν
1597 4687 1709 4748 τοῖς

1817 3504 2107 3571 Caeterum,
2136 3507 2179 3560 si
2211 3507 2325 3562 haec
2355 3525 2492 3563 vana
2526 3517 2690 3579 atque
2713 3509 2868 3565 irrita
2889 3509 3113 3574 fuerint,
3138 3511 3252 3566 Deo
3271 3525 3410 3566 san-

1816 3604 2029 3652 ctorum
2051 3608 2454 3669 propugnatore
2476 3600 2721 3655 divinum
2740 3601 2848 3657 illis
2864 3611 3070 3656 metum
3087 3603 3405 3674 injiciente,

1815 3694 1877 3740 ut
1901 3687 2030 3741 olim
2060 3687 2483 3755 obstetricibus;
2513 3698 2626 3745 tum
2650 3708 2783 3747 vero
2811 3701 2997 3762 aperte
3031 3707 3162 3748 suos
3190 3694 3398 3748 satelli~

1815 3782 1897 3830 tes
1923 3777 2124 3832 excitat
2161 3777 2228 3830 ad
2265 3779 2528 3834 stevitiam
2558 3791 2721 3850 atque
2761 3782 2985 3837 caedem.
3015 3781 3085 3836 At
3110 3797 3241 3836 vero
3276 3789 3392 3837 tum

1811 3881 2030 3936 quoque
2057 3883 2157 3922 nos
2177 3884 2417 3924 amorem
2443 3872 2598 3926 illum
2621 3873 2948 3928 confidentis
2971 3874 3160 3938 animi,
3186 3889 3251 3928 ac
3274 3873 3390 3927 for-

1813 3959 2065 4014 titudinis
2091 3961 2334 4015 studium
2357 3963 2739 4027 retinebimus,
2768 3980 2875 4018 non
2906 3964 3100 4034 ignari,
3133 3963 3278 4033 quod
3310 3963 3400 4018 illi-

1810 4051 1937 4106 odio
1960 4051 2052 4116 sit,
2091 4052 2145 4107 id
2170 4068 2292 4109 esse
2319 4055 2431 4110 Deo
2457 4055 2837 4110 eharissimum
2871 4074 2883 4108 :
2916 4071 3012 4110 eos
3046 4058 3248 4126 quippe
3283 4057 3387 4110 ali-

1809 4157 1920 4212 quo
1941 4159 2190 4207 numero,
2214 4153 2272 4199 et
2305 4162 2405 4200 sua
2435 4162 2566 4201 cura
2589 4147 2784 4217 dignos
2816 4147 3000 4209 habet,
3031 4147 3123 4219 qui
3158 4147 3384 4217 languo-

1811 4248 1924 4287 rem
1951 4249 2015 4287 ae
2045 4234 2330 4290 mollitiem
2359 4237 2528 4290 animi
2557 4237 2883 4305 superarint.

1880 4325 2075 4379 PALL.
2109 4326 2411 4383 Assentior.
2440 4329 2502 4382 In
2532 4335 2788 4398 promptu
2818 4333 2902 4382 est
2929 4335 3132 4388 autem,
3168 4333 3230 4380 ut
3259 4323 3385 4400 opi-

1807 4431 1928 4480 nor,
1965 4417 2018 4470 id
2051 4433 2269 4487 quoque
2296 4418 2457 4474 nobis
2485 4435 2549 4474 ex
2584 4419 2700 4488 ipsa
2745 4433 2897 4473 sacra
2933 4418 3215 4487 Scriptura
3255 4431 3396 4486 per--

1809 4506 2020 4575 spicere
2049 4525 2061 4560 :
2093 4523 2271 4577 neque
2298 4509 2444 4563 enim
2475 4509 2570 4564 tibi
2600 4509 2791 4564 deesse
2825 4517 3083 4580 poterunt
3115 4506 3406 4578 ejusmodi

1808 4601 2110 4655 sententiae.

1877 4690 2033 4747 CYR.
2063 4693 2251 4763 Igitur,
2294 4696 2405 4750 Deo
2450 4696 2716 4760 donante,
2754 4695 3002 4750 dicamus
3042 4693 3187 4763 quod
3233 4693 3408 4747 inet»

159 4765 359 4832 ἐπίκλην
413 4769 698 4841 Ἀριθμοῖς
724 4810 738 4832 ,
810 4768 1097 4824 Μωσαῖκδν
1169 4770 1228 4824 δὲ
1272 4770 1431 4825 τοῦτο
1481 4772 1701 4842 βιϐλίον·

1822 4783 1956 4838 libro
1984 4784 2236 4850 habetur,
2267 4788 2426 4857 cujus
2454 4788 2736 4858 inscriptio
2766 4797 2852 4842 est
2873 4787 3237 4841 Numerorum
3259 4793 3389 4848 ;~est

165 4874 182 4906 ι
226 4859 323 4913 Καὶ
374 4861 646 4934 ἐλάλησε,
700 4861 871 4931 φησὶ,
927 4861 1129 4932 Κύριος
1174 4861 1309 4934 πρὸς
1357 4864 1602 4933 Μωσῆν.
1649 4868 1707 4918 ἐν

159 4951 213 5019 τῇ
249 4951 433 5022 ἐρήμῳ
481 4952 639 5014 Σινά,
682 4953 739 5004 ἐν
763 4953 829 5022 τῇ
855 4954 1025 5022 σκηνῇ
1053 4950 1146 5004 τοῦ
1172 4955 1494 5024 μαρτυρίου,
1525 4956 1588 5011 ἐν
1611 4959 1714 5027 μιᾷ

157 5040 238 5092 τοῦ
271 5043 430 5112 μηνὸς
460 5041 560 5098 τοῖο
593 5043 847 5113 δευτέρου
881 5043 1053 5106 ἔτους.
1073 5043 1395 5109 ἐξελθόντων
1421 5047 1600 5100 αὐτῶν
1645 5051 1710 5101 ἐκ

157 5133 242 5202 γῆς
288 5135 590 5203 Αἰγύπτου,
631 5135 835 5204 λέγων’
870 5135 1078 5188 Λάϐετε
1106 5134 1282 5206 ἀρχὴν
1303 5135 1484 5207 πάσης
1510 5155 1707 5206 συγγε-

157 5224 284 5287 νείας
320 5228 448 5280 υἱῶν
471 5228 692 5299 Ἰσραὴλ
708 5267 722 5288 ,
749 5228 841 5281 καὶ
867 5228 1007 5281 κατά
1038 5229 1357 5295 συγγενείας
1372 5229 1550 5282 αὐτῶν
1569 5271 1585 5296 ,
1613 5233 1706 5284 καὶ

157 5317 258 5366 κατ’
286 5317 466 5383 οίκους
503 5321 748 5391 πατριῶν
780 5320 981 5384 αὐτῶν,
1017 5322 1158 5374 κατά
1183 5320 1414 5392 ἀριθμὸν
1436 5322 1495 5389 ἐξ
1515 5326 1712 5395 ὀνόμα-

155 5420 232 5467 τος
253 5408 445 5474 αὐτῶν,
474 5412 621 5464 κατὰ
653 5411 893 5482 κεφαλὴν
931 5412 1107 5465 αὐτῶν
1125 5430 1138 5443 ·
1177 5414 1284 5476 πᾶς
1311 5413 1604 5485 ἀρσηνάπὸ
1629 5419 1708 5471 εί-

156 5503 458 5567 κοσαεέτοῦς
474 5503 574 5558 καὶ
593 5503 909 5570 ἐπάνω,πᾶς
927 5507 955 5558 6
973 5505 1399 5576 ἐκπορευόμενος
1416 5510 1472 5560 ἐν
1487 5509 1710 5581 δυνάμει

109 5632 139 5703 Ῑ
219 5636 620 5705 "Psal.cxxm,
644 5643 757 5698 1-5.
827 5645 872 5675 ⁸ο
899 5643 942 5698 ll
976 5643 1099 5700 Cor.
1138 5646 1303 5710 3,26.

223 5773 294 5841 εἰ)
321 5776 408 5832 Sic
440 5779 567 5833 cod.
630 5780 796 5835 Yatic.
868 5782 987 5835 cod.
1043 5784 1250 5848 Sirlcti,
1307 5784 1614 5857 ἀραρότως.
1656 5799 1793 5858 (τρια.

1814 4883 1996 4928 autem
2042 4875 2088 4928 is
2116 4875 2284 4946 Moysi
2318 4876 2538 4932 libellus
2579 4895 2592 4931 :
2634 4897 2652 4928 ‹
2679 4877 2749 4932 Et
2790 4877 3005 4931 loeutus
3027 4883 3130 4937 est,
3184 4872 3381 4941 inquit.

1814 4962 2076 5019 Dominus
2114 4965 2180 5020 ad
2213 4965 2431 5036 Moysen
2454 4967 2509 5020 in
2537 4967 2754 5022 deserto
2778 4966 2926 5028 Sina,
2960 4964 3014 5018 in
3034 4960 3386 5016 tabernaculo

1814 5053 2132 5119 testimonii,
2160 5055 2216 5109 in
2242 5071 2349 5110 una
2386 5056 2609 5115 mensis.
2649 5055 2776 5109 anni
2817 5051 3064 5112 secundi,
3098 5058 3381 5119 postquam

1811 5145 2016 5214 egressi
2036 5154 2163 5200 sunt
2186 5146 2254 5201 de
2279 5155 2424 5202 terra
2448 5145 2685 5218 iEgypti,
2710 5145 2900 5199 dicens
2927 5161 2938 5195 :
2975 5139 3214 5209 Accipite
3236 5155 3383 5193 sum—
3406 5169 3410 5172 -

1817 5250 1960 5290 mam
1989 5238 2168 5292 omnis
2202 5239 2542 5308 cognationis
2574 5236 2808 5291 filiorum
2850 5233 3012 5288 Israel
3049 5247 3144 5302 per
3181 5245 3379 5301 cogna-

1816 5325 1992 5382 tiones
2017 5343 2163 5392 suas,
2207 5338 2265 5383 et
2293 5346 2391 5399 per
2432 5329 2624 5383 domos
2654 5325 2981 5380 familiarum
3013 5336 3256 5384 suarum,
3284 5336 3394 5390 per-

1815 5434 2102 5474 numerum
2144 5436 2209 5474 ex
2253 5420 2472 5474 nomine
2516 5420 2760 5488 ipsorum
2812 5431 2909 5486 per
2949 5414 3122 5484 capita
3153 5425 3380 5477 eorum;

1819 5530 1980 5570 omne
2025 5515 2382 5572 masculinum
2416 5530 2446 5568 a
2473 5513 2663 5585 viginti
2710 5511 2869 5566 annis
2901 5518 2955 5564 et
2984 5523 3168 5579 supra,
3198 5505 3396 5564 omnis
