4076 6498
642 349 751 408 311

1636 342 1691 400 S.
1733 341 2008 403 CYRILLI
2046 340 2516 401 ALEXANDRINI
2555 337 2872 395 ARCHIEP.

3786 328 3886 387 3i!

646 464 742 537 qui
775 459 1055 532 egreditur
1085 458 1143 513 in
1174 454 1414 512 exercitu
1440 453 1625 519 Israel,
1651 459 1936 506 numerate
1965 464 2061 505 eos
2093 465 2200 504 cun

2332 448 2576 520 Ἰσραὴλ,
2610 446 2982 518 ἐπισκέψασθε
3009 446 3203 511 αὐτοὺς
3241 446 3298 500 ὲν
3325 446 3553 516 δυνάμει
3592 442 3791 537 αὐτῶν,
3825 444 3888 537 σύ

644 550 889 607 exercitu
911 562 1100 602 eorum
1130 565 1140 600 :
1167 555 1223 601 tu
1252 552 1308 599 et
1330 545 1507 598 Aaron
1535 549 1822 596 numerate
1844 554 1941 595 eos
1964 540 2030 593 ⁸ο.
2068 558 2085 589 ι
2114 537 2216 604 Qui

646 622 815 714 igitur
840 654 957 694 mas
993 639 1083 703 sit,
1108 646 1178 699 et
1207 636 1271 692 ad
1299 650 1531 707 pugnam
1563 633 1899 703 aptissimus,
1930 640 1987 687 et
2014 631 2081 685 ad
2111 647 2215 701 pu-

647 733 913 788 bertatem
926 729 1257 801 pervenerit,
1272 728 1326 783 id
1341 735 1425 782 est
1448 728 1513 781 ad
1528 726 1838 780 ﬁrmitatem
1854 725 2214 795 spiritualem,

645 834 701 881 et
729 824 798 879 ad
836 804 1146 878 mensuram
1176 822 1350 875 aetatis
1372 818 1728 892 plenitudinis
1754 817 1978 883 Christi,
2007 832 2133 872 eum
2160 816 2215 872 in

645 914 1071 984 descriptionem
1100 912 1360 976 divinam,
1396 919 1453 966 et
1499 909 1553 964 in
1596 910 1798 965 librum
1841 908 1937 963 Dei
1982 908 2215 987 relatum

642 1023 762 1063 esse
788 1006 1136 1079 perspicuum
1166 1021 1283 1059 esse
1311 1003 1510 1074 poterit
1529 1002 1613 1057 vel
1640 1000 1871 1055 maxime
1894 1015 1961 1054 ex
1985 999 2072 1059 his
2093 1014 2217 1054 ver—

640 1098 726 1153 bis
762 1116 776 1151 :
805 1112 982 1167 neque
1016 1096 1164 1152 enim
1198 1096 1304 1151 alia
1340 1096 1407 1150 de
1437 1110 1599 1150 causa
1629 1100 1967 1157 numeratur,
2001 1101 2061 1146 ut
2092 1091 2212 1163 opi-

640 1206 763 1255 nor,
799 1191 1077 1245 masculus
1097 1230 1111 1253 ,
1136 1200 1192 1244 et
1217 1188 1539 1259 vigesimum
1560 1202 1765 1240 annum
1802 1185 1958 1255 112
1978 1192 2083 1239 aut
2115 1199 2211 1241 su-

640 1297 739 1351 pra
770 1290 951 1344 natus,
988 1296 1153 1352 quam
1187 1288 1248 1334 ut
1290 1295 1390 1333 nos
1436 1293 1653 1349 quoque
1697 1277 1799 1348 ipsi
1843 1276 2214 1347 intelligamus

638 1372 794 1443 rejici
826 1388 855 1426 a
883 1373 1016 1436 Deo,
1046 1382 1209 1442 atque
1244 1370 1559 1441 improbari,
1595 1370 1738 1439 quod
1775 1369 1991 1424 imbelle
2028 1369 2117 1434 sit,
2149 1384 2213 1424 ac

639 1478 804 1519 sensu
847 1465 1070 1520 minime
1111 1465 1374 1535 perfecto,
1418 1478 1652 1533 quorum
1697 1471 1991 1532 utrumque
2032 1462 2211 1516 inesse

638 1554 874 1609 dicimus
907 1555 995 1620 iis,
1027 1556 1122 1626 qui
1152 1555 1332 1610 adhuc
1360 1570 1489 1610 sane
1505 1554 1881 1610 adolescentes
1909 1562 2057 1619 sunt,
2084 1568 2213 1608 nec-

637 1645 767 1698 dum
799 1644 865 1698 ad
897 1645 1203 1716 pubertatis
1232 1660 1544 1699 mensuram
1574 1652 1945 1715 pervenerunt
1989 1661 2003 1695 :
2046 1658 2209 1714 quam

636 1735 857 1806 quidem
903 1752 1213 1793 mensuram
1258 1736 1441 1792 divina
1478 1737 1566 1791 lex
1607 1743 1664 1791 et
1700 1736 1853 1791 novit
1890 1744 1946 1791 et
1977 1734 2206 1801 desinit,

2322 541 2417 594 καὶ
2453 539 2665 611 ’Δαρὼν
2703 539 3072 609 ἐπισκέψασθε
3102 538 3318 601 αὐτούς.
3366 557 3383 588 ι
3425 538 3546 590 Ὅτι
3589 535 3687 606 μὲν
3719 530 3892 588 οὖντὸ

2321 631 2487 702 ἄρσεν
2516 633 2610 685 καὶ
2657 628 3062 703 μαχιμώτατον,
3098 631 3194 687 καὶ
3234 632 3314 693 είς
3349 630 3490 701 ἥϐην
3531 627 3888 698 ἀναϐεϐηκδς,

2318 723 2628 787 τουτέστιν,
2681 724 2762 787 είς
2814 722 3027 789 εὐεξίαν
3075 722 3173 793 τὴν
3231 718 3609 790 πνευματικὴν
3668 717 3763 771 καὶ
3814 719 3893 781 εἱς

2323 815 2521 884 μέτρον
2569 814 2787 885 ἡλικίας
2825 814 2917 868 τοῦ
2972 814 3336 885 πληρώματος
3386 812 3478 865 τοῦ
3524 811 3794 882 Χριστοῦ,
3835 812 3893 863 ὲν

2318 907 2612 977 ἀπογραφῇ
2662 910 2728 977 τῇ
2775 907 2926 978 θείᾳ,
2960 908 3054 960 καὶ
3085 908 3142 959 ὲν
3194 906 3383 977 βιϐλίῳ
3423 905 3677 959 τέτακται
3719 902 3890 967 Θεοῦ,

2309 995 2486 1062 ,σαφὲς
2516 995 2581 1050 ἂν
2605 995 2812 1063 γένοιτο
2842 997 2935 1049 καὶ
2956 996 3043 1048 διά
3072 995 3276 1048 τούτων
3299 991 3357 1047 εὖ
3391 994 3553 1064 μάλαο
3578 992 3890 1063 ἀριθμεῖται

2320 1086 2428 1158 γὰρ
2477 1088 2575 1159 οὐχ
2627 1088 2812 1156 ἐτέρου
2868 1106 2960 1141 του
3009 1087 3199 1159 χάριν,
3251 1086 3499 1157 καθάπερ
3550 1078 3784 1153 ἐγῷμαι,
3831 1082 3892 1135 τὸ

2316 1175 2481 1246 ἄρσεν
2502 1179 2558 1229 ἐν
2587 1176 2815 1247 εἰκοστῷ
2831 1194 2891 1230 τε
2925 1179 3016 1231 καὶ
3051 1178 3131 1230 ἔτι
3164 1177 3385 1245 γεγονὸς
3411 1174 3713 1245 ὲνιαυτῷ,ἢ
3749 1172 3889 1226 ὥστε

2315 1265 2573 1325 δύνασθαι
2603 1269 2743 1321 νοεῖν
2773 1269 2868 1321 καὶ
2906 1269 3054 1339 ἡμᾶς
3086 1267 3303 1329 αὐτοὺς,
3334 1266 3409 1328 ὡς
3455 1263 3761 1334 ἀπόϐλητον
3793 1262 3889 1333 μὲν

2314 1356 2410 1410 καὶ
2436 1356 2691 1427 ἀδόκιμον
2716 1358 2776 1411 τὸ
2818 1358 3012 1413 ἀναλκί
3046 1375 3104 1410 τε
3142 1358 3234 1410 καὶ
3257 1357 3444 1421 ἀτελὲς
3473 1356 3552 1417 είς
3584 1353 3825 1416 σύνεσιν,
3855 1352 3891 1406 ἀ

2312 1446 2376 1516 δὴ
2401 1447 2679 1518 προσεῖναί
2734 1464 2913 1518 φαμεν
2952 1450 3064 1511 τοῖς
3112 1448 3192 1500 ἐτι
3240 1447 3339 1517 μὲν
3379 1446 3517 1508 νέοις
3543 1444 3776 1514 κομιδῆ,
3801 1443 3890 1495 καὶ

2312 1536 2464 1591 οὔπω
2495 1539 2628 1610 πρὸς
2659 1539 2799 1610 ἥϐης
2828 1540 3020 1610 ἥκουσι
3058 1539 3276 1612 μέτρον,
3298 1541 3326 1593 ὅ
3352 1556 3457 1609 περ
3478 1540 3505 1591 ό
3536 1537 3675 1599 θεῖος
3699 1531 3809 1588 οἶδέ
3831 1550 3887 1586 τε

2312 1630 2407 1683 καὶ
2451 1631 2622 1701 ὁρίζει
2684 1631 2881 1701 νόμος,
2931 1632 3175 1697 τουτέστι
3232 1632 3293 1697 τὸ
3354 1631 3470 1697 ἔτος
3512 1630 3572 1683 τὸ
3621 1626 3885 1682 είκοστόν·

2310 1720 2489 1790 τίμιον
2522 1720 2577 1774 δὲ
2600 1720 2693 1774 καί
2716 1723 2774 1774 ὲν
2808 1721 3027 1793 ἀριθμῷ
3058 1724 3151 1777 καὶ
3192 1722 3533 1793 ἐγνωσμένον
3561 1721 3715 1792 παρὰ
3745 1720 3885 1792 Θεῷ,

636 1826 810 1895 iisque
831 1835 914 1881 est
932 1842 1109 1881 annus
1128 1828 1423 1903 vigesimus
1448 1846 1460 1880 :
1487 1828 1541 1881 in
1556 1826 1737 1898 pretio
1760 1835 1940 1881 autem
1966 1826 2011 1879 is
2029 1834 2132 1890 est,
2153 1834 2200 1879 et

2312 1812 2453 1866 κατά
2478 1829 2536 1865 τε
2560 1812 2768 1883 πληθὺν
2787 1853 2802 1876 ,
2827 1814 2921 1868 καὶ
2954 1814 3084 1885 γένη
3118 1816 3213 1868 καὶ
3243 1814 3513 1884 κεφαλάς,
3560 1815 3654 1867 καὶ
3692 1815 3887 1886 ὀνομα-

634 1912 949 1991 innumero
972 1915 1225 1980 habetur,
1258 1924 1314 1971 et
1342 1932 1374 1987 a
1394 1917 1509 1981 Deo
1533 1916 1880 1987 cognoscitur
1902 1931 2000 1985 per
2032 1931 2209 1985 p0pu-

631 2003 827 2060 lumet
857 2020 1049 2077 genus,
1084 2014 1139 2061 et
1164 2007 1361 2078 capita,
1400 2016 1453 2062 et
1488 2022 1710 2071 nomen,
1745 2007 1993 2077 quisquis
2025 2007 2209 2061 adulta

620 2098 735 2167 jam
760 2104 939 2165 aetate,
967 2106 1025 2153 et
1052 2100 1327 2154 masculus
1359 2109 1463 2157 est.
1494 2099 1708 2154 Sanctis
1746 2100 1892 2155 enim
1927 2099 2205 2170 apostolis,

627 2186 721 2256 qui
751 2187 1021 2258 ejusmodi
1049 2189 1195 2261 virili
1218 2198 1377 2244 aetate
1394 2191 1506 2260 jam
1532 2200 1734 2255 essent,
1765 2200 1821 2245 et
1846 2191 1901 2245 in
1931 2206 2049 2245 eam
2078 2207 2205 2261 per-

626 2278 907 2334 venissent
941 2280 1167 2337 rationis
1204 2297 1539 2346 mensuram,
1568 2282 1776 2343 dictum
1812 2298 1843 2335 a
1878 2280 2096 2336 Christo
2123 2290 2208 2336 est

627 2368 922 2439 aliquando
975 2371 1199 2441 quidem
1259 2391 1273 2425 :
1318 2392 1336 2423 (
1382 2373 1561 2429 Nolite
1615 2373 1853 2444 gaudere
1916 2374 2045 2443 quia
2094 2372 2205 2427 da:-

625 2460 809 2525 monia
839 2461 1206 2533 subjiciuntur
1239 2463 1422 2530 vobis;
1454 2464 1550 2518 sed
1580 2464 1763 2535 potius
1795 2465 2047 2535 gaudete,
2078 2467 2205 2537 quia

623 2549 848 2613 nomina
876 2559 1057 2615 vestra
1083 2552 1286 2623 scripta
1316 2562 1445 2617 sunt
1482 2552 1538 2608 in
1580 2554 1719 2609 caelo
1754 2556 1819 2608 δι.
1854 2574 1872 2605 ι
1898 2555 2204 2626 Aliquando

624 2656 852 2696 rursus:
881 2662 898 2692 ι
922 2642 1112 2698 Nonne
1137 2643 1247 2699 duo
1274 2660 1521 2715 passeres
1541 2661 1660 2700 asse
1677 2648 1955 2701 veneunt?
1984 2656 2040 2700 et
2062 2664 2203 2703 unus

623 2748 691 2787 ex
713 2732 820 2789 ilis
849 2750 957 2788 non
984 2735 1142 2789 cadet
1170 2751 1334 2805 super
1365 2745 1561 2793 terram
1594 2737 1714 2793 sine
1746 2736 1903 2793 Patre
1936 2753 2077 2801 meo,
2108 2738 2204 2808 qui

623 2830 708 2877 est
738 2822 793 2889 in
828 2824 1013 2879 caelis?
1042 2825 1218 2880 Vestri
1257 2835 1439 2882 autem
1467 2836 1523 2882 et
1553 2828 1735 2898 capilli
1779 2828 1974 2897 capitis
2006 2844 2202 2884 nume-

622 2916 727 2969 rati
756 2924 883 2970 sunt
907 2917 971 2970 θ’.
1006 2936 1023 2968 ι
1052 2918 1111 2973 In
1151 2934 1261 2988 quo
1287 2935 1412 2974 cum
1446 2919 1583 2974 dixit
1608 2928 1928 2975 numeratos
1960 2936 2079 2976 esse
2110 2936 2201 2976 ca—

622 3006 802 3077 pilos,
826 3008 1029 3065 diserte
1058 3009 1405 3081 significavit,
1433 3021 1493 3066 ut
1529 3012 1746 3083 opinor,
1768 3029 1930 3082 quam
1954 3013 2201 3084 diligenti

621 3113 751 3152 cura
796 3114 891 3155 eos
934 3111 1380 3171 prosequeretur.
1426 3103 1485 3158 In
1521 3103 1722 3158 librum
1760 3103 1925 3173 igitur
1953 3105 2069 3169 Dei,
2105 3106 2200 3174 qui

2315 1904 2420 1965 στί,
2456 1902 2516 1956 τὸ
2536 1906 2591 1957 ὲν
2626 1905 2829 1975 ἀκμαῖς
2858 1923 2917 1958 τε
2961 1908 3053 1958 καὶ
3088 1907 3275 1977 ἄρσεν.
3318 1904 3749 1976 Ἀνδριζομένοις
3780 1908 3888 1979 γάρ

2310 1994 2483 2060 οὕτω,
2530 1996 2623 2050 καὶ
2671 1997 2751 2059 είς
2801 1995 2958 2050 τοῦτο
3009 1998 3313 2068 προήκουσι
3362 1997 3600 2060 διανοίας
3658 1998 3883 2069 μέτρον,

2308 2096 2419 2155 τοῖς
2460 2094 2637 2162 ἁγίοις
2682 2095 3003 2159 ἀποστόλοις
3036 2096 3250 2168 εἴρηται
3299 2098 3386 2155 διὰ
3434 2099 3713 2169 Χριστοῦ,
3755 2100 3886 2153 ποτὶ

2313 2184 2443 2253 μὲν,
2478 2184 2580 2249 ὅτι,
2618 2204 2634 2235 ι
2669 2184 2757 2256 Μὴ
2790 2186 3010 2259 χαίρετε
3039 2189 3119 2241 ὅτι
3147 2188 3219 2242 τά
3246 2189 3494 2261 δαιμόνια
3520 2191 3885 2245 ὑποτάσσεται

2309 2276 2459 2345 ὑμῖν,
2486 2277 2705 2347 χαίρετε
2731 2276 2785 2330 δὲ
2818 2280 3017 2348 μᾶλλον
3042 2281 3121 2334 ὅτι
3145 2282 3212 2334 τὰ
3239 2282 3479 2352 ὀνόματα
3502 2282 3531 2335 ὑ
3539 2281 3655 2353 μῶν
3677 2283 3884 2355 γέγρα·

2308 2385 2437 2420 πται
2473 2369 2528 2419 ἐν
2567 2372 2680 2432 τοίς
2712 2370 2963 2442 οὐρανοῖς
2990 2387 3003 2400 ·
3036 2392 3054 2423 ι
3090 2374 3218 2426 ποτὲ
3260 2372 3316 2427 δὲ
3359 2374 3538 2428 πάλιν
3575 2395 3593 2426 ι
3631 2376 3767 2445 Οὐχὶ
3792 2376 3888 2429 δύο

2310 2459 2567 2528 στρουθία
2616 2460 2876 2532 ἀσσαρίου
2925 2462 3224 2526 πωλεῖται,
3258 2465 3351 2518 καὶ
3380 2464 3439 2517 ἓν
3488 2463 3548 2537 ἐξ
3593 2465 3774 2518 αὐτῶν
3822 2466 3884 2519 οὐ

2307 2552 2551 2609 πεσεῖται
2586 2552 2680 2604 ἐπὶ
2707 2551 2806 2622 τὴν
2835 2552 2969 2627 γῆν,
3004 2553 3130 2609 ἄνευ
3180 2553 3274 2606 τοῦ
3315 2554 3519 2626 πατρός
3565 2572 3665 2623 μου
3700 2553 3795 2607 τοῦ
3827 2557 3887 2607 ὲν

2306 2639 2590 2710 οὐρανοίς;
2633 2639 2817 2711 ’Υμῶν
2844 2640 2901 2696 δὲ
2928 2642 3023 2697 καὶ
3053 2644 3109 2697 αί
3140 2643 3326 2715 τρίχες
3358 2643 3459 2713 τῆς
3484 2642 3730 2712 κεφαλῆς
3763 2646 3886 2715 ὴριο

2307 2731 2582 2800 θμημέναι
2631 2731 2792 2789 εἰσίν.
2848 2750 2869 2786 ι
2919 2731 2994 2785 Τὸ
3044 2734 3271 2804 ἀκριϐὲς
3314 2731 3466 2804 οἶμαί
3505 2753 3606 2788 που
3647 2736 3748 2807 τῆς
3796 2738 3885 2790 ἐπ’

2305 2825 2489 2887 αὐτοῖς
2525 2824 2839 2896 φροντίδος,
2887 2824 2977 2878 τοῦ
3026 2826 3195 2890 αὐτὰς
3236 2828 3409 2880 είπεῖν
3449 2828 3886 2898 ἀπαριθμεῖσθαι

2304 2914 2401 2978 τὰς
2426 2914 2615 2989 τρίχας
2649 2915 3077 2985 καταδηλοῦντος
3106 2913 3165 2969 εὖ
3198 2916 3357 2988 μάλα.
3377 2917 3583 2971 Οὐκοῦν
3608 2921 3663 2971 ὲν
3692 2918 3887 2989 βιϐλίῳ

2303 3004 2437 3059 Θεοῦ
2474 3005 2536 3058 τὸ
2572 3008 2630 3059 ὲν
2674 3008 2880 3077 ἀκμαῖς
2916 3024 2975 3060 τε
3016 3009 3109 3060 καὶ
3140 3009 3327 3079 ἄρσεν.
3374 3008 3703 3079 Ἐπράττετο
3729 3010 3788 3062 δὲ
3819 3010 3889 3063 τά

2302 3098 2400 3168 τῆς
2427 3099 2784 3169 ἀπογραφῆς,
2843 3100 2932 3155 διά
2969 3118 3027 3153 τε
3074 3102 3317 3165 Μωσέως
3354 3102 3449 3154 καὶ
3495 3100 3745 3173 ’Δαρὼν,
3797 3104 3887 3157 ἵνα

620 3188 805 3245 adulta
836 3200 964 3247 sunt
994 3201 1173 3258 aetate,
1212 3210 1275 3248 ac
1316 3209 1494 3253 mares
1532 3192 1865 3249 referuntur.
1900 3195 1974 3249 Ea
2020 3205 2199 3250 autem

2305 3190 2373 3263 δι’
2419 3193 2641 3263 ἀμφοῖν,
2675 3192 2765 3246 τὸν
2813 3193 2909 3247 ἕνα
2951 3193 3159 3264 νοῶμεν
3194 3191 3450 3265 Χριστὸν,
3482 3195 3557 3258 ὡς
3594 3197 3650 3248 ὲν
3680 3197 3890 3267 Μωσῇ,

618 3298 818 3341 census
847 3283 1144 3355 descriptio
1186 3301 1285 3356 per
1330 3286 1555 3357 Moysen
1600 3295 1657 3342 et
1693 3288 1875 3343 Aaron
1919 3288 2102 3353 ﬁebat,
2142 3299 2202 3343 ut

618 3390 718 3444 per
756 3384 1049 3447 utrumque
1084 3394 1253 3433 unum
1296 3378 1661 3451 intelligamus
1697 3379 1998 3445 Christum,
2043 3390 2103 3436 ut
2142 3382 2201 3454 in

617 3467 799 3540 Moyse
844 3469 978 3541 legis
1008 3471 1371 3535 conditorem,
1400 3481 1461 3526 ut
1495 3472 1551 3526 in
1594 3473 1776 3528 Aaron
1804 3488 2081 3527 summum
2109 3489 2199 3528 sa-

619 3560 899 3616 cerdotem
933 3580 945 3614 :
974 3561 1152 3619 factus
1180 3572 1264 3618 est
1294 3565 1443 3619 enim
1482 3571 1673 3619 noster
1718 3564 1997 3635 legislator
2035 3564 2200 3629 simul

618 3660 677 3706 et
703 3662 926 3709 sanctus
966 3662 1021 3713 et
1069 3654 1334 3710 innocens
1379 3669 1627 3709 summus
1668 3656 1943 3722 sacerdos,
1974 3659 2200 3729 ejusque

619 3743 937 3799 mediatoris
972 3761 1139 3817 opera
1172 3761 1363 3802 eorum
1389 3746 1485 3817 qui
1507 3748 1653 3802 virili
1679 3758 1807 3803 sunt
1833 3758 1989 3804 aetate
2018 3757 2074 3803 et
2092 3750 2200 3804 vir-

617 3843 736 3892 tute
761 3852 875 3907 pra:
901 3838 1118 3894 caeteris
1143 3840 1460 3911 conspicua,
1487 3841 1542 3896 in
1572 3840 1777 3896 divinis
1795 3841 2198 3899 Librisdescri-

618 3927 769 3997 bitur
800 3945 1021 3987 census.
1061 3930 1209 4000 Quos
1238 3932 1619 4003 alloquebatur
1653 3934 1819 3999 etiam
1852 3934 2194 4005 sapientissi-

617 4038 739 4078 mus
782 4022 872 4079 ille
898 4024 1154 4091 Joannes,
1187 4042 1314 4082 cum
1349 4026 1562 4083 diceret
1586 4027 1629 4058 "
1672 4069 1686 4079 .
1720 4047 1739 4079 ι
1790 4026 1983 4083 Seribo
2014 4027 2191 4091 vobis,

609 4114 863 4184 juvenes,
906 4117 1035 4185 quia
1080 4116 1253 4179 fortes
1286 4118 1419 4175 estis
1454 4128 1511 4174 et
1544 4119 1754 4175 vicistis
1798 4120 2119 4191 malignum.
2167 4139 2185 4172 ι

615 4205 937 4278 Ilujusmodi
962 4218 1146 4265 autem
1168 4217 1297 4265 sunt
1314 4210 1350 4265 ii
1394 4210 1463 4267 de
1486 4212 1694 4282 quibus
1718 4212 1881 4267 modo
1911 4212 2187 4269 diximus:

620 4317 637 4347 ι
670 4296 861 4354 Omnis
890 4302 1165 4357 masculus
1208 4317 1241 4356 a
1272 4302 1465 4372 viginti
1509 4304 1668 4367 annis
1700 4312 1755 4369 et
1785 4319 1970 4374 supra,
2012 4304 2191 4367 omnis

609 4390 706 4459 qui
731 4392 1009 4462 egreditur
1034 4393 1089 4449 in
1120 4394 1367 4450 exercitu
1400 4395 1564 4455 lsrael
1596 4394 1663 4449 “.
1701 4416 1719 4447 ι
1753 4396 1849 4451 His
1889 4397 1958 4451 ab
1998 4412 2191 4459 eorum

609 4481 806 4552 cpiﬁee
837 4483 948 4538 Deo
976 4486 1272 4554 provideri,
1309 4502 1610 4558 eorumque
1641 4487 1718 4543 illi
1744 4504 1931 4544 curam
1959 4504 2099 4553 esse,
2129 4497 2189 4561 ut
2220 4523 2263 4578 Β

610 4573 705 4641 qui
750 4573 820 4627 sit
868 4576 1089 4631 virtutis
1128 4587 1360 4643 amator,
1402 4579 1567 4635 etiam
1613 4596 1710 4650 per
1738 4596 1800 4635 ea
1840 4596 1960 4650 qua:
1988 4595 2184 4638 conse-

609 4672 842 4732 quenter
872 4665 1075 4735 scripta
1104 4677 1251 4733 sunt,
1283 4672 1615 4740 perspicere,
1646 4671 1873 4738 Palladi,
1902 4672 2058 4731 facile
2082 4689 2184 4744 po-

608 4755 761 4810 teris.
788 4757 879 4813 Ait
899 4758 1046 4813 enim
1071 4759 1269 4815 iterum
1292 4762 1458 4834 Moysi
1484 4773 1540 4826 et
1566 4763 1764 4828 Aaron,
1797 4765 1941 4827 Deus
1993 4768 2183 4836 procul

607 4844 809 4910 dubio,
866 4866 885 4897 ‹
939 4848 1007 4903 Ει
1050 4848 1333 4905 vobiscum
1382 4861 1546 4917 erunt
1591 4852 1787 4923 singuli
1832 4870 1930 4924 per
1976 4855 2182 4917 tribum

606 4938 1035 5010 uniuscujusque
1098 4941 1393 5013 principis,
1460 4960 1559 5015 per
1608 4945 1801 5009 domos
1852 4946 2180 5004 familiarum

604 5039 766 5086 erunt
799 5049 811 5083 :
848 5040 905 5087 et
934 5032 1051 5089 hac
1077 5035 1300 5091 nomina
1332 5037 1578 5093 virorum
1598 5037 1693 5107 qui
1728 5038 1956 5097 stabunt
1990 5038 2178 5095 vobis-

606 5137 732 5177 cum
773 5124 863 5177 “:
919 5144 936 5176 ι
984 5142 1325 5199 unaquaque
1378 5130 1526 5203 enim
1580 5130 1757 5187 tribus
1789 5146 1937 5197 eum,
1984 5133 2079 5202 qui
2125 5142 2182 5188 et

607 5212 779 5284 gloria
804 5223 860 5270 et
884 5216 1087 5273 virtute
1126 5220 1399 5292 pugnandi
1440 5230 1668 5279 cazteros
1698 5222 1951 5287 anteiret,
1982 5223 2178 5280 ducem

607 5302 848 5359 instituit
875 5321 938 5362 ac
960 5320 1441 5379 propugnatorem,
1465 5318 1521 5367 et
1545 5312 1828 5368 sententia
1851 5312 2177 5384 principem.

604 5402 661 5451 et
698 5409 883 5449 rerum
916 5398 1276 5467 gerendarum
1308 5412 1587 5457 auctorem
1632 5419 1644 5454 :
1677 5418 1914 5473 quorum
1948 5402 2177 5474 ﬁguram

605 5485 903 5555 praeferunt
929 5490 1129 5561 angeli,
1153 5493 1247 5561 qui
1270 5494 1489 5549 selectis
1519 5494 1626 5550 illis
1652 5495 1806 5559 viris,
1835 5504 1890 5551 et
1916 5494 1972 5551 in
2032 5495 2177 5551 libro

604 5579 730 5635 vita:
745 5578 1037 5650 descriptis
1053 5581 1291 5651 pmfecti
1308 5594 1453 5640 sunt.
1474 5587 1515 5655 ι
1530 5587 1629 5657 13
1644 5585 1917 5656 Scriptum
1932 5594 2175 5642 estnam-

676 5758 718 5783 “
754 5757 915 5812 Num.
956 5759 1438 5829 1,1-5.“Luc.x,
1462 5766 1550 5820 ‘20.
1587 5768 1627 5798 ⁶²
1655 5766 1840 5821 Matth.
1874 5783 1924 5829 ι,
1955 5765 2041 5829 '29,
2068 5764 2152 5821 ὅθ.

2260 5764 2501 5819 “lJoan.
2544 5780 2613 5827 ιι,
2647 5763 2728 5817 15.
2808 5764 2847 5797 θ
2888 5762 3223 5825 Exodxxx,
3271 5760 3347 5814 Η.

2302 3284 2634 3356 νομοθέτην,
2676 3285 2751 3353 ὡς
2804 3289 2861 3340 ὲν
2908 3286 3152 3358 Ἀαρὼν,
3201 3289 3482 3359 ἀρχιερέα,
3532 3288 3731 3357 Γέγονε
3776 3291 3893 3362 γὰρ

2301 3376 2387 3448 ἐφ’
2422 3379 2568 3448 ἡμᾶς
2608 3378 2901 3448 νομοθέτης
2949 3396 3008 3432 τε
3040 3379 3188 3450 ἆμα,
3238 3380 3332 3433 καὶ
3360 3380 3506 3443 ὅσιος
3538 3380 3631 3434 καὶ
3674 3380 3890 3445 ἄκακος

2300 3471 2610 3541 ἀρχιερεὺς,
2643 3472 2738 3523 καὶ
2776 3471 2863 3524 διά
2891 3471 2989 3541 τῆς
3017 3470 3179 3525 αὐτοῦ
3208 3471 3484 3543 μεσιτείας
3503 3514 3517 3535 ,
3559 3472 3670 3526 τῶν
3701 3474 3889 3544 ἀνδρι-

2302 3560 2545 3631 ζομένων
2579 3562 2675 3615 καὶ
2708 3562 3166 3634 έκπρεπεστέρων
3224 3563 3303 3625 είς
3339 3562 3572 3634 ἀρετὴν,
3616 3564 3675 3617 ὲν
3708 3564 3890 3630 θείαις

2301 3651 2506 3724 βίϐλοις
2538 3656 2850 3727 ἀπογραφή.
2887 3655 3233 3727 Προσεφώνει
3263 3656 3320 3710 δὲ
3349 3657 3562 3723 τούτοις
3588 3658 3684 3712 καὶ
3720 3659 3891 3729 σοφὸς

2312 3746 2566 3817 Ἰωάννης
2593 3746 2783 3817 λέγων’
2816 3767 2836 3800 ε
2871 3748 3073 3819 Γράφω
3102 3749 3254 3819 ὐμίν,
3288 3750 3587 3815 νεανίσκοι,
3613 3751 3697 3805 ὅτι
3736 3754 3890 3822 ίσχυ-

2300 3838 2383 3908 ροί
2436 3839 2589 3903 ἔστε,
2625 3840 2720 3892 καὶ
2766 3838 3090 3909 νενικήκατε
3134 3840 3225 3893 τὸν
3272 3842 3529 3912 πονηρόν,
3591 3862 3611 3894 ι
3664 3843 3887 3897 Οὐκοῦν

2298 3926 2408 3983 εἷεν
2447 3928 2513 3984 ἂν
2540 3924 2723 3993 οὗτοι,
2764 3931 2889 4001 περὶ
2937 3923 3012 3984 ὧν
3058 3929 3267 4002 ἔφαμεν
3309 3932 3545 4003 ἀρτίως*
3578 3934 3662 3997 ὅτι
3698 3952 3717 3985 ‹
3766 3935 3890 3988 Πᾶν

2296 4021 2462 4093 ἄρσεν
2490 4022 2598 4077 ἀπὸ
2625 4020 2970 4086 είκοσαετοῦς
3027 4023 3120 4075 καὶ
3150 4022 3355 4089 ἐπάνω,
3385 4025 3494 4089 πᾶς
3517 4024 3546 4075 ὁ
3578 4025 3885 4095 ἐκπορευό-

2298 4131 2457 4184 μενος
2501 4116 2560 4167 έν
2601 4114 2828 4185 δυνάμει
2887 4114 3137 4187 Ἰσραήλ·
3178 4134 3198 4167 ι
3244 4114 3338 4180 οὓς
3374 4117 3458 4169 ὅτι
3503 4119 3743 4170 ποιεῖται
3793 4118 3885 4173 διὰ

2296 4204 2533 4273 φειδοῦς,
2558 4206 2652 4259 καὶ
2678 4204 2955 4278 φροντίδος
2976 4203 3138 4270 ἀξιοῖ,
3164 4204 3452 4276 φιλάρετος
3472 4204 3548 4259 ὢν
3570 4206 3598 4257 ό
3619 4206 3887 4279 δημιουρ-

2293 4298 2389 4367 γὸς
2409 4338 2425 4362 ,
2455 4298 2693 4363 κατίδοις
2714 4337 2728 4363 ,
2762 4289 2806 4351 ὦ
2841 4296 3139 4366 Παλλάδιε,
3168 4298 3260 4350 καὶ
3286 4298 3372 4351 διά
3397 4296 3506 4350 τῶν
3544 4296 3752 4367 ἑφεξῆς
3785 4316 3882 4366 γε·

2293 4388 2647 4459 γραμμένων.
2686 4388 2837 4459 Ἔφη
2873 4387 2983 4458 γὰρ
3024 4387 3186 4442 πάλιν
3214 4390 3325 4450 τοῖς
3366 4388 3511 4457 ἀμφὶ
3540 4388 3751 4441 Μωσέα
3787 4391 3886 4442 καὶ

2306 4479 2534 4551 Ἀαρὼν,
2561 4480 2717 4550 δῆλον
2742 4479 2797 4531 δὲ
2827 4482 2909 4532 ὃτι
2938 4478 3091 4547 Θεὸς,
3131 4500 3149 4532 ι
3189 4480 3298 4534 Καὶ
3332 4479 3448 4550 μεθ’
3472 4479 3626 4549 ὐμῶν
3652 4479 3885 4535 ἔσονται

2291 4571 2521 4633 ἕκαστος
2550 4570 2690 4623 κατὰ
2727 4569 2899 4641 φυλὴν
2934 4571 3167 4623 ἑκάστου
3198 4571 3490 4643 ἄρχοντος,
3534 4573 3655 4624 κατ’
3689 4574 3884 4639 οἴκους

2295 4662 2540 4734 πατριῶν
2559 4662 2795 4727 ἔσονται,
2820 4663 2913 4716 καὶ
2940 4662 3111 4721 ταῦτα
3144 4662 3214 4715 τὰ
3238 4663 3479 4732 ὀνόματα
3505 4661 3613 4717 τῶν
3636 4663 3880 4735 ἀνδρῶν,

2291 4756 2486 4818 οἵτινες
2562 4754 3003 4826 παραστήσονται
3059 4753 3178 4823 μεθ’
3231 4754 3408 4823 ὑμῶν.
3466 4773 3485 4805 ι
3538 4753 3685 4825 Φυλὴ
3766 4758 3885 4828 γάρ

2293 4848 2495 4918 ἑκάστη
2531 4847 2623 4901 τὸν
2658 4845 3039 4915 εὐκλεέστερον
3084 4847 3177 4899 καὶ
3218 4845 3604 4917 μαχιμώτατον
3641 4848 3878 4918 ὲφίστηυ

2297 4958 2382 4995 σιν
2421 4940 2696 5011 ἡγεμόνα,
2741 4938 2837 4995 καὶ
2878 4938 3288 5010 προασπιστὴν,
3322 4938 3416 4992 καὶ
3466 4937 3663 5009 βουλῆς
3706 4940 3881 5011 ὲξάρο

2288 5050 2470 5104 χοντα,
2505 5033 2601 5086 καὶ
2626 5031 2733 5087 τῶν
2757 5032 3049 5103 πρακτέων
3078 5032 3398 5103 είσηγητὴν,
3432 5024 3507 5085 ὧν
3540 5031 3604 5085 ἂν
3644 5028 3762 5087 εἷεν
3795 5036 3877 5098 εἰς

2287 5124 2479 5190 τύπον,
2500 5124 2552 5177 oi
2571 5125 2683 5187 τοῖς
2712 5122 3036 5185 ἀπολέκτοις
3079 5122 3173 5177 καὶ
3207 5124 3265 5176 ιν
3293 5121 3460 5192 βίϐλῳ
3499 5121 3647 5197 ζωῆς
3672 5126 3876 5194 κειμέ-

2288 5233 2434 5282 νοις,
2490 5214 2850 5286 ἐφεστηκότες
2903 5213 3148 5281 ἄγγελοι.
3207 5213 3522 5283 Γέγραπται
3568 5213 3681 5282 γὰρ
3739 5216 3879 5284 περὶ

2287 5308 2486 5371 παντὸς
2516 5306 2743 5362 δικαίου·
2794 5324 2812 5355 ι
2856 5306 3210 5376 Παρεμϐαλεῖ
3244 5303 3473 5373 ἄγγελος
3519 5302 3729 5376 Κυρίου
3769 5307 3874 5360 x5-

2286 5400 2399 5470 κλῳ
2429 5399 2537 5459 τῶν
2579 5396 2933 5469 φοϐουμένων
2959 5397 3151 5461 αὐτὸν,
3182 5395 3276 5457 καὶ
3315 5394 3537 5467 ῥύσεται
3579 5394 3811 5459 αὐτούς.
3848 5415 3871 5448 ›

2286 5494 2408 5546 Ὀτι
2440 5491 2497 5553 δὲ
2541 5489 2857 5558 ἀγγελικαῖς
2903 5487 3242 5558 ἐπικουρίαις
3270 5484 3688 5557 διασεσῴσμεθα
3721 5488 3875 5542 κατά

2286 5584 2534 5655 βούλησιν
2576 5580 2742 5653 Θεοῦ,
2790 5580 3125 5650 πανταχόθεν
3163 5578 3227 5633 ἂν
3259 5578 3467 5647 γένοιτο
3516 5578 3718 5645 σαφὲς,
3771 5580 3874 5633 καὶ

3429 5763 3471 5789 ⁸⁸
3496 5760 3655 5815 Sum.
3679 5773 3715 5815 ι,
3768 5757 3865 5818 18.
