4046 6498
215 387 301 442 5ίῦ

897 375 985 430 DE
1022 373 1461 429 ADORATIONE
1499 375 1565 430 IN
1606 374 1874 432 SPIRITU
1918 378 2004 432 ΕΤ
2047 379 2414 435 νιειιηΑτΕ.
2470 382 2602 436 LIB.
2646 383 2735 437 ιν.

3301 388 3406 445 δη

211 495 419 568 περιττὸν
452 508 597 562 οιμαι
634 490 906 559 συλλέγειν
935 493 1014 554 είς
1042 494 1103 543 τὺ
1140 491 1331 561 παρὸν,
1371 491 1467 554 τὰς
1498 491 1710 556 δείξειςο

1837 509 1923 562 [ue
1941 493 2008 549 de
2021 510 2352 565 unoquoque
2365 496 2512 567 justo
2544 496 2824 567 proboque
2841 496 2957 552 viro
2976 515 2992 550 :
3013 518 3029 549 ι
3052 498 3384 557 Castrameta
3404 537 3411 545 -

210 591 356 649 καίτοι
376 585 476 644 τοῖς
505 580 746 635 ἐθέλουσι
793 582 949 653 μετὸν
999 581 1093 634 καὶ
1136 582 1254 635 λίαν
1285 582 1519 647 εὐκόλως
1565 584 1722 653 εἴπερ

206 683 376 736 ἕλοιντο
395 672 545 727 τοῦτο
573 672 729 744 δρᾷν.

1818 587 1981 641 'bitur
2010 588 2235 659 angelus
2268 588 2484 643 Domini
2527 589 2581 643 in
2629 590 2862 643 circuitu
2902 590 3211 646 timentium
3256 609 3406 659 eum,

1831 690 1888 732 et
1914 680 2111 749 eripiet
2139 694 2235 735 eos
2278 680 2342 733 “.
2374 699 2401 730 κ»
2428 679 2585 745 Quod
2616 688 2799 734 autem
2837 681 3148 750 angelorum
3183 684 3407 749 auxilio,

209 774 271 827 sic
294 770 389 824 Deo
416 768 646 832 volente,
678 767 841 821 cincti
883 767 1073 832 simus,
1109 767 1455 823 manifestum
1491 770 1731 840 undique
1771 772 1887 827 fieri
1929 783 2128 844 potest,
2193 792 2258 830 ac
2325 790 2789 845 supervacaneum
2832 784 2964 844 puto
2999 776 3053 830 in
3074 788 3408 846 'prmscntent

206 865 355 919 locum
377 873 665 929 congerere
689 859 809 928 ejus
832 858 911 913 rei
937 858 1287 929 probationes
1308 902 1321 926 ,
1347 877 1471 917 cum
1500 865 1803 932 praesertim
1835 867 2148 923 volentibus
2200 867 2255 922 id
2284 866 2466 922 facere
2498 867 2555 920 in
2619 874 2874 936 promptu
2942 867 3031 931 sit,
3068 876 3123 922 et
3188 870 3407 939 quidem

207 955 441 1018 facillime,
476 954 521 1007 si
549 953 709 1008 modo
741 955 816 1009 ita
844 954 1208 1010 decreverint.

264 1048 445 1101 ΠΛΛΛ.
470 1045 677 1099 Οὐκοῦν
715 1046 789 1109 ὼς
824 1048 880 1099 ἐν
912 1044 1067 1116 τύπῳ
1106 1046 1185 1117 τῷ
1216 1047 1357 1101 κατὰ
1408 1048 1612 1103 Μωσέα
1636 1051 1730 1103 καὶ⁵

1901 1050 2095 1105 PALL.
2128 1051 2271 1121 Ergo
2307 1051 2359 1105 in
2384 1051 2561 1121 Iligura
2607 1051 2773 1121 Moysi
2800 1059 2855 1105 et
2899 1051 3224 1121 Aaronyper
3254 1052 3409 1108 Chri-

215 1139 388 1213 Ἀαρὼν
414 1136 495 1191 διὰ
526 1138 765 1209 Χριστοῦ
802 1139 997 1206 γένοιτ’
1028 1138 1093 1194 ἂν
1124 1138 1233 1193 τῶν
1260 1139 1658 1213 ἀνδριζομένων
1696 1145 1729 1214 ἡ

1837 1151 1976 1196 stum
2002 1140 2125 1195 fieri
2158 1151 2320 1210 putas
2347 1141 2768 1211 descriptionem
2819 1157 2883 1195 ac
2917 1156 3139 1196 censum
3163 1144 3407 1198 virorum

205 1229 478 1300 ἀπογραφή.

261 1324 401 1377 ΚΥΡ.
449 1321 605 1374 υῦτω
657 1322 819 1393 φημί·
867 1322 1132 1395 ἀποφέρει
1180 1322 1290 1397 γὰρ
1338 1326 1487 1395 ἡμᾶς
1531 1326 1611 1389 είς
1643 1327 1732 1380 τὸν

203 1418 278 1469 ἐπὶ
322 1414 443 1484 τῷδε
482 1412 639 1482 λόγον
658 1455 672 1480 ,
704 1415 805 1467 οὐκ
835 1414 1100 1470 ἀπίθανον
1126 1415 1247 1487 ἔχον
1284 1416 1381 1487 τὴν
1413 1418 1646 1472 ὑποψίαν
1672 1420 1734 1473 τὸ

202 1508 330 1581 παρὰ
353 1506 424 1578 τῷ
454 1505 711 1578 μακαρίῳ
740 1507 962 1579 Δανιὴλ.

259 1601 442 1655 [ΙΛΛΛ.
478 1600 552 1651 Τὸ
586 1602 737 1652 ποῖον
770 1599 820 1652 τί
855 1601 997 1670 (pix;

257 1692 399 1748 ΚΥΡ.
424 1691 687 1745 Τεθέαται
722 1693 820 1762 μὲν
840 1692 973 1765 γὰρ,
1004 1693 1080 1757 ὡς
1104 1696 1164 1747 ἐν
1190 1695 1378 1767 ἡλικίᾳ
1402 1698 1467 1767 τῇ
1498 1696 1734 1767 πρεσδυ-

199 1786 300 1852 τεκῇ
318 1782 398 1835 τὸν
432 1782 686 1853 Πατέρα,
722 1781 886 1854 λευκῇ
937 1784 1035 1854 μὲν
1076 1784 1239 1856 πολιᾷ
1268 1786 1732 1855 κατεστεμμένον,

194 1874 423 1945 ἐνδύμασι
482 1872 542 1925 δὲ
585 1876 695 1938 τοῖς
729 1876 789 1927 ἐν
840 1875 968 1928 εῖδει
1014 1876 1189 1945 χιόνος
1224 1877 1511 1947 ἐκπρεπῆ,
1543 1876 1647 1946 ἔφη
1679 1878 1736 1930 δὲ

199 1969 264 2020 ὅτι
291 1987 305 2017 ι
332 1965 432 2018 Καὶ
460 1963 637 2034 βίϐλοι
670 1964 1039 2035 ἠνεῴχθησαν,
1061 1969 1155 2021 καὶ
1177 1968 1458 2039 κριτήριον
1482 1969 1701 2022 ἐκάθισε
1718 2009 1733 2033 ,

197 2059 274 2109 καὶ
302 2053 447 2110 εἶδον.
478 2058 591 2109 Ka‘t
620 2056 727 2109 ίδοὺ
774 2057 911 2127 μετά
951 2056 1060 2111 τῶν
1093 2057 1331 2127 νεφελῶν
1374 2059 1469 2112 τοῦ
1508 2058 1734 2130 οὐρανοῦ

1832 1233 2097 1288 fortium?

1902 1325 2059 1380 ΟΥΕ.
2093 1325 2170 1379 Ita
2208 1341 2406 1380 censeo
2441 1342 2452 1379 :
2489 1325 2557 1380 ad
2587 1325 2727 1378 hanc
2756 1339 2991 1394 namque
3021 1325 3293 1394 eponendi
3317 1342 3406 1381 ra-

1835 1418 2037 1473 tionem
2073 1418 2218 1472 baud
2252 1418 2601 1488 improbabili
2648 1419 2962 1488 conjectura
3010 1432 3113 1471 nos
3157 1418 3408 1488 perducit

1834 1508 1968 1564 illud
1997 1508 2143 1579 quod
2174 1517 2258 1563 est
2289 1508 2433 1578 apud
2466 1508 2767 1563 Danielem.

1904 1600 2099 1653 PALL.
2131 1598 2413 1665 Quodnam
2447 1598 2581 1653 illud
2613 1600 2737 1653 est?

1900 1691 2061 1745 CYR.
2092 1691 2505 1761 Contemplatus
2534 1698 2619 1746 est
2646 1693 2794 1745 enim
2825 1691 2914 1745 ille
2952 1698 3207 1761 tanquam
3248 1692 3406 1747 senili

1832 1790 1992 1837 aetate
2022 1784 2271 1847 Patrem,
2306 1783 2534 1837 candida
2576 1784 2799 1839 cursarie
2840 1791 3154 1853 comptum,
3206 1784 3405 1838 vestitu

1834 1873 1976 1927 nivis
2014 1873 2184 1928 instar
2210 1873 2443 1928 candido
2487 1874 2755 1945 insignem
2779 1915 2792 1939 ,
2852 1873 3101 1944 dixitque
3134 1893 3147 1928 :
3189 1894 3205 1925 ι
3254 1875 3404 1929 Libri

1844 1966 2017 2034 aperti
2050 1976 2177 2021 sunt
2204 1968 2544 2037 etjudicium
2576 1968 2739 2031 sedit,
2775 1968 2982 2023 etvidi.
3005 1968 3073 2023 Et
3110 1984 3237 2023 ecce
3276 1985 3400 2023 cum

1836 2058 2078 2113 nubibus
2099 2059 2224 2113 εαξη
2262 2068 2322 2114 ut
2348 2060 2519 2114 Filius
2542 2060 2785 2114 hominis
2813 2059 3090 2124 veniebat,
3139 2068 3195 2114 et
3230 2076 3404 2129 usque

199 2149 259 2210 ὡς
285 2149 397 2212 Υἱὸς
431 2148 721 2219 ἀνθρώπου
757 2148 1070 2220 ἐρχόμενος,
1105 2151 1197 2203 καὶ
1224 2150 1339 2214 ἕως
1362 2150 1455 2202 τοῦ
1496 2150 1733 2205 Παλαιοῦ

1842 2149 1908 2203 ad
1932 2150 2229 2219 Antiquom
2259 2150 2477 2205 dierum
2518 2152 2792 2222 pervenit,
2851 2160 2908 2206 et
2957 2152 3010 2206 in
3051 2160 3404 2221 conspectum

196 2239 286 2293 τῶν
306 2239 521 2309 ἡμερῶν
550 2240 774 2309 ἔφθασε,
798 2242 893 2297 καὶ
916 2240 1155 2296 ἐνώπιον
1174 2242 1336 2296 αὑτοῦ
1369 2243 1731 2314 προσηνέχθηο

1828 2242 1953 2311 ejus
1971 2241 2269 2311 perductus
2286 2252 2390 2306 est,
2416 2249 2473 2296 et
2514 2242 2617 2311 ipsi
2669 2241 2831 2297 datus
2863 2252 2948 2297 est
2978 2241 3318 2312 principatus
3353 2250 3407 2296 et

197 2331 273 2383 καὶ
295 2330 429 2400 αὐτῷ
453 2329 611 2400 ἐδόθη
643 2332 676 2401 ή
706 2331 867 2403 ἁρχὴ,
897 2334 989 2386 καὶ
1015 2334 1049 2403 ἠ
1079 2334 1213 2404 τιμὴ
1236 2335 1331 2387 καὶ
1354 2334 1387 2404 ή
1412 2333 1681 2403 βασιλεία.
1702 2353 1728 2386 ο»

1837 2332 2029 2397 honor,
2050 2341 2107 2387 et
2143 2346 2369 2401 regnum
2387 2333 2451 2385 ⁸⁷.
2483 2352 2500 2383 ›
2536 2331 2670 2387 Cum
2691 2331 2836 2386 enim
2868 2332 2960 2387 ille
2991 2331 3311 2402 Unigenitus
3351 2331 3405 2386 in

198 2421 305 2475 Ὅτε
332 2421 434 2490 γὰρ
454 2423 517 2473 ὲν
545 2421 761 2492 εἴδειτῴ
786 2422 906 2475 καθ’
932 2424 1079 2492 ἡμᾶς
1096 2423 1318 2491 γέγανεν
1344 2426 1375 2476 ὁ
1403 2425 1732 2494 Μονογενὴςο

194 2514 294 2566 τότε
328 2513 417 2566 καὶ
459 2512 680 2583 βίὸλους
714 2512 949 2584 ἠνέῳξεν
976 2514 1012 2565 ὁ
1045 2514 1256 2585 Πατὴρ,
1291 2515 1385 2569 καὶ
1430 2515 1597 2585 ἀνῆκε
1637 2516 1736 2585 μὲν

193 2604 271 2658 τοῦ
297 2604 575 2675 κρίνεσθαι
601 2605 727 2668 τοὺς
760 2605 977 2674 ἐνόχους
1003 2606 1318 2676 ἁμαρτίαις
1343 2608 1513 2677 ἐφῆκε
1542 2607 1599 2660 δὲ
1626 2610 1735 2670 τοῖς

193 2694 572 2765 ἀνδριζομένοις
603 2694 663 2747 τὸ
702 2694 1076 2765 ἐγγράφεσθαί
1108 2711 1168 2748 τε
1210 2696 1303 2749 xa't
1332 2696 1735 2767 ἐναριθμεῖσθαι

193 2787 352 2840 λοιπὸν
382 2789 490 2851 τοῖς
530 2785 641 2843 ἄνω
666 2787 868 2857 χοροῖς.
901 2785 997 2839 καὶ
1029 2787 1087 2840 ἐν
1112 2787 1304 2858 μνήμῃ
1338 2785 1551 2840 κεῖσθαι
1579 2786 1733 2841 Θεοῦ.

202 2879 385 2935 Ἀκούω
422 2878 477 2932 δέ
522 2877 814 2948 ψάλλοντος
848 2876 942 2930 τοῦ
973 2877 1244 2949 μακαρίου
1276 2878 1442 2931 Δασὶδ
1469 2876 1599 2948 περὶ
1627 2875 1737 2929 τῶν

191 2972 256 3033 εἰς
299 2970 531 3042 Χριστὸν
587 2969 1085 3040 πεπαρῳνηκότων·
1138 2986 1160 3022 ι
1237 2969 1737 3039 Ἐξαλειφθήτωσαν

188 3064 243 3114 ὲκ
271 3061 440 3133 βίϐλου
469 3060 722 3126 ζώντων,
762 3060 856 3113 καὶ
900 3060 1042 3131 μετὰ
1080 3060 1305 3115 δικαίων
1344 3062 1406 3115 οὐ
1438 3063 1736 3132 γραφήτωο-

192 3173 291 3209 σαν.
327 3176 344 3208 ι
398 3154 728 3209 Πεπτώκασι
775 3154 873 3224 μὲν
922 3155 1033 3225 γὰρ
1066 3154 1126 3221 ἐξ
1177 3154 1435 3219 ἀσθενοῦς
1478 3155 1737 3225 λογισμοῦ

189 3249 267 3300 καὶ
291 3247 382 3318 τῆς
408 3250 487 3311 είς
526 3247 758 3318 Χριστὸν
794 3245 1065 3307 πολιτείας
1090 3245 1149 3309 ἐξ
1185 3246 1469 3317 ἀνανδρίας
1490 3248 1739 3316 ἡμαρτη-

190 3340 356 3404 κότες,
384 3342 431 3392 οἱ
460 3337 687 3410 χρηστῷ
717 3355 777 3391 τε
826 3337 917 3392 καὶ
969 3335 1336 3407 φιλανθρώπῳ
1378 3336 1602 3407 νεύματι
1646 3337 1737 3392 τοῦ

187 3431 303 3484 Θεοῦ
325 3433 417 3489 καὶ
458 3430 680 3501 [ἰατρὸς
710 3430 1148 3500 ἐκτετιμημένον
1179 3427 1476 3498 κέκληνται
1510 3429 1606 3498 μὲν
1631 3428 1739 3500 γὰρ

188 3522 255 3583 εἰς
276 3523 394 3589 τοὺς
427 3522 679 3592 γάμους,
714 3518 971 3591 μαλακῶς
1006 3518 1068 3572 δὲ
1103 3519 1199 3571 καὶ
1240 3518 1585 3589 παρειμὲνως
1626 3521 1739 3581 τοῖς
1765 3558 1807 3612 C

185 3615 340 3682 ἁγίοις
385 3613 861 3683 δειπνοκλήτορσιν
922 3609 1319 3682 ἀπεκρίναντο,
1378 3608 1653 3677 λέγοντεςο
1706 3610 1735 3660 ὁ

189 3707 301 3775 μὲν,
330 3707 406 3759 ὅτι
445 3706 622 3776 ἀγρὸν
664 3705 931 3776 ἠγόρασα·
966 3703 995 3755 ό
1035 3702 1124 3767 δὲ,
1153 3705 1234 3756 ὅτι
1263 3703 1498 3770 γυναῖκα
1531 3699 1732 3770 ἔγημα,

184 3800 266 3851 καὶ
288 3800 346 3852 οὐ
386 3798 631 3868 δύναμαι
660 3797 852 3850 ἐλθεῖν.
894 3794 1138 3858 Ἀκούεις
1169 3794 1435 3862 λεγόντων
1464 3793 1735 3863 πανταχῆ,

185 3889 256 3942 ὅτι
283 3890 353 3942 Οὐ
379 3889 640 3960 δύναμαι⁹
670 3888 792 3951 νοῦς
823 3886 934 3957 γὰρ
962 3887 993 3939 ὁ
1031 3885 1370 3957 ἀνθρώπινος
1400 3887 1482 3949 εἰς
1522 3884 1739 3957 φιληδο-

185 3982 289 4034 νίαν
332 3983 608 4053 κοσμικὴν
654 3978 1063 4043 ἀπονενευκὼς,
1101 3978 1336 4048 ἀδρανής
1383 3977 1442 4030 τέ
1481 3979 1596 4030 ἐστι
1646 3976 1739 4030 καὶ

187 4072 393 4136 ἄναλκις
441 4075 523 4137 εἰς
565 4073 630 4125 τὸ
668 4070 997 4143 ἐργάζεσθαι
1038 4070 1108 4123 τὰ
1146 4068 1238 4122 τοῦ
1284 4068 1441 4121 6:05-
1483 4068 1635 4121 ἔσται
1684 4067 1739 4120 δὲ

184 4158 322 4228 οὗτος
351 4166 447 4219 καὶ
492 4166 593 4235 τῆς
622 4162 870 4235 οὐρανίου
900 4163 994 4230 καὶ
1025 4160 1174 4224 θείας
1223 4162 1491 4231 ἀμέτοχος
1523 4160 1737 4231 ἑορτῆς.

244 4256 447 4309 ΠΛΛΛ.
492 4255 673 4310 Μόνον
712 4249 807 4307 οὖν
850 4253 955 4324 ἄρα
989 4252 1051 4305 τὸ
1089 4251 1297 4322 ηὸηκὸς
1344 4252 1440 4304 καὶ
1476 4251 1737 4321 ἀνδρεῖον,

184 4346 267 4398 καὶ
293 4346 502 4417 ἔμφρον
541 4345 642 4415 ἤδη
660 4362 805 4407 πως,
841 4347 897 4397 ὲν
926 4344 1217 4415 ἀπογραφῇ
1249 4341 1383 4395 Θεοῦ
1403 4383 1417 4406 ,
1450 4342 1543 4395 καὶ
1571 4341 1629 4393 ἐν
1660 4340 1739 4411 βί-

183 4437 283 4508 ϐλῳ
317 4436 571 4502 ζώντων,
613 4437 674 4489 τὸ
697 4436 753 4489 δὲ
784 4434 858 4507 μὴ
899 4433 1138 4487 τοιοῦτον
1175 4433 1320 4487 ἅπαν
1341 4474 1355 4497 ,
1379 4432 1638 4502 ἀδόκιμον
1703 4430 1735 4483 ἦ

181 4547 284 4593 πως
303 4548 318 4594 ;

242 4621 402 4674 ΚΥΡ.
457 4619 690 4691 Ἀκριδῆ
733 4618 826 4671 καὶ
859 4616 1226 4687 ἐγηγερμένον
1274 4615 1437 4678 ἐνιεὶς
1485 4614 1574 4667 τὸν
1615 4613 1739 4667 νοῦν

182 4713 283 4773 τοίς
314 4710 755 4781 Γεγραμμὲνοις,
790 4710 913 4777 είσῃ
935 4723 1018 4759 τοι
1046 4706 1109 4760 τὸ
1139 4704 1358 4776 ἀληθές.
1405 4705 1743 4773 Ἀπογραιρε-

176 4817 259 4852 ται
280 4802 386 4873 γὰρ
418 4803 547 4871 οὐχὶ
564 4800 627 4854 τὸ
652 4802 708 4853 ὲν
729 4800 841 4872 ἥϐῃ
868 4799 1045 4870 μόνον,
1077 4798 1171 4850 καί
1196 4799 1253 4849 ἐν
1275 4797 1384 4849 ἔτει
1409 4796 1487 4867 τῷ
1516 4794 1743 4865 εἰκοστῷ

1836 2433 2019 2478 nostra
2039 2424 2219 2493 specie
2234 2424 2406 2478 factus
2424 2432 2527 2487 est,
2544 2433 2679 2479 tunc
2709 2434 2765 2479 et
2784 2424 2955 2479 libros
2981 2423 3193 2494 aperuit
3226 2424 3405 2488 Pater,

1831 2523 1886 2569 et
1920 2514 1988 2568 ab
2009 2515 2423 2586 iisjudicandis.
2453 2516 2546 2585 qui
2571 2516 2650 2570 rei
2675 2526 3023 2585 peccatorum
3060 2527 3236 2581 erant,
3274 2532 3407 2571 con-

1832 2606 2045 2675 quievit
2084 2624 2097 2659 :
2138 2614 2459 2676 potestatem
2514 2623 2733 2677 quoque
2784 2608 2913 2663 fecit
2962 2608 3199 2663 fortibus
3242 2608 3400 2671 viris,

1834 2714 1945 2767 qua
1996 2698 2109 2751 illis
2141 2698 2336 2752 liceret
2388 2697 2649 2762 describi,
2686 2713 2748 2752 ac
2822 2698 3040 2767 superis
3075 2696 3185 2752 illis
3224 2697 3408 2752 choris

1835 2790 2207 2854 annumerari,
2232 2799 2287 2845 et
2321 2790 2417 2845 Dei
2446 2790 2710 2843 memoria
2729 2789 3023 2844 contineri.
3060 2788 3200 2843 Audi
3241 2789 3406 2844 etiam

1834 2879 2056 2934 beatum
2094 2880 2263 2934 David
2300 2882 2622 2950 psallentem
2662 2880 2730 2935 de
2776 2881 2864 2944 iis,
2914 2881 3007 2949 qui
3040 2880 3095 2935 in
3129 2880 3406 2936 Christum

1837 2972 2155 3028 debacchati
2194 2979 2324 3026 sunt
2365 2989 2377 3024 :
2422 2990 2439 3022 ‹
2479 2971 2776 3026 Deleantur
2812 2971 2881 3025 de
2922 2971 3065 3025 libro
3084 2970 3406 3034 viventium,

1832 3072 1895 3119 et
1931 3079 2052 3119 cum
2068 3064 2237 3133 justis
2271 3078 2383 3116 non
2420 3062 2730 3117 scribantur
2748 3062 2811 3114 ⁸⁸.
2842 3081 2860 3113 ι
2897 3061 3230 3116 Exciderunt
3262 3060 3407 3115 enim

1840 3156 2155 3211 inﬁrmitate
2188 3155 2438 3218 rationis,
2480 3161 2536 3208 et
2571 3168 2601 3207 a
2634 3153 2836 3208 Christi
2857 3152 3269 3208 conversatione
3296 3166 3410 3221 pra:

1840 3247 2052 3319 ignavia
2089 3255 2335 3301 extorres
2367 3243 2499 3300 facti
2552 3252 2699 3308 sunt,
2741 3259 2864 3298 cum
2921 3243 3114 3297 iisdem
3174 3242 3407 3313 benigna

1840 3340 2203 3409 clementique
2242 3338 2335 3393 Dei
2356 3345 2411 3392 et
2448 3337 2625 3392 Patris
2674 3336 2953 3390 voluntate
2985 3336 3161 3389 honor
3195 3334 3410 3389 delatus

1840 3443 2018 3490 esset:
2054 3432 2233 3488 vocati
2267 3446 2505 3501 namque
2541 3436 2671 3484 sunt
2688 3428 2755 3482 ad
2791 3427 3035 3499 nuptias,
3076 3426 3412 3497 negligenter

1841 3536 2023 3582 autem
2061 3526 2397 3594 remisseque
2436 3521 2645 3577 sanctis
2692 3518 3077 3573 invitatoribus
3116 3517 3412 3588 responde-

1841 3624 1992 3681 runt,
2024 3615 2289 3677 dicentes,
2328 3628 2474 3668 unus
2506 3611 2729 3682 quidem
2754 3651 2767 3675 ,
2812 3624 3002 3681 agrum
3034 3624 3093 3663 se
3123 3609 3408 3672 coemisse,

1842 3711 1980 3766 alter
2005 3724 2136 3763 vero
2184 3721 2410 3762 uxorem
2445 3704 2687 3767 duxisse,
2716 3717 2819 3756 nec
2857 3717 3014 3771 posse
3045 3702 3254 3755 venire.
3294 3699 3401 3754 Au-

1841 3798 1926 3853 dis
1955 3798 2158 3866 ubique
2190 3812 2285 3851 eos
2304 3795 2486 3849 dicere
2511 3811 2522 3846 :
2546 3793 2663 3847 Non
2710 3806 2929 3862 possum
2950 3791 2994 3823 "
3033 3790 3269 3844 :etenim
3304 3789 3408 3844 hu-

1839 3906 2036 3945 manus
2054 3890 2268 3944 animus
2305 3887 2371 3942 ad
2408 3884 2599 3940 mundi
2621 3885 2945 3954 .voluptates
2980 3896 3288 3953 propensus
3326 3880 3409 3935 in-

1843 3982 2031 4037 ﬁrmus
2068 3989 2151 4036 est
2198 3989 2251 4035 et
2310 3978 2584 4032 invalidus
2642 3976 2709 4030 ad
2767 3991 2831 4030 ea
2890 3973 3239 4044 exsequenda
3286 3989 3410 4044 qua:

1840 4076 1936 4129 Dei
1959 4082 2087 4129 sunt
2121 4091 2133 4126 :
2174 4073 2318 4127 idem
2345 4085 2510 4141 porro
2543 4070 2649 4125 erit
2680 4068 2851 4124 divini
2888 4066 3236 4137 ccelestisque
3276 4082 3410 4122 eon-

1840 4165 1973 4219 vivii
2012 4180 2229 4234 expers.

1910 4255 2107 4310 PALL.
2131 4254 2242 4308 Soli
2272 4253 2437 4323 igitur
2456 4250 2627 4305 adulti
2656 4260 2712 4305 et
2730 4250 2901 4305 fortes
2922 4250 3050 4311 viri,
3085 4257 3141 4301 et
3168 4247 3409 4317 pruden-

1844 4348 1919 4401 tia
1934 4348 2042 4417 jam
2062 4344 2261 4408 ornati,
2283 4344 2339 4396 in
2369 4342 2464 4396 Dei
2498 4341 2867 4410 descriptione
2905 4349 3223 4403 censentur,
3262 4345 3318 4392 et
3353 4338 3410 4391 in

1845 4438 1986 4491 libro
2002 4438 2145 4499 vitaz;
2167 4435 2367 4504 quique
2390 4432 2611 4485 minime
2631 4430 2898 4501 ejusmodi
2920 4436 3064 4493 sunt,
3100 4443 3291 4484 omnes
3312 4428 3413 4481 im-

1846 4528 2163 4599 probantur,
2184 4540 2252 4578 an
2276 4538 2435 4579 secus
2453 4524 2476 4575 ’ἒ

1921 4617 2081 4688 1ιά
2111 4616 2269 4671 CYR.
2322 4615 2379 4670 Si
2412 4623 2666 4668 accurate
2702 4612 3099 4683 vigilanterque
3132 4609 3200 4665 ad
3225 4606 3412 4678 Scrip-

1846 4710 2269 4766 turamanimum
2288 4706 2610 4769 intenderis,
2628 4705 2901 4775 intelliges
2914 4704 3157 4774 profecto
3176 4701 3304 4774 quid
3322 4717 3416 4755 ve-

1846 4818 1969 4858 rum
2002 4802 2091 4857 sit.
2113 4799 2450 4855 Describitur
2470 4812 2704 4865 namque
2736 4811 2843 4849 non
2868 4796 3042 4849 solum
3081 4793 3172 4863 qui
3194 4792 3415 4847 adultus

179 4893 396 4960 γεγονὺς
416 4934 430 4958 ,
462 4891 867 4964 προστέτακται
896 4890 953 4943 δὲ
1010 4890 1122 4952 ὅτι,
1158 4892 1266 4942 πᾶν
1304 4889 1494 4958 ἄρσεν,
1540 4890 1611 4943 Ἦ
1639 4890 1738 4942 οὐκ

1842 4903 1945 4958 est,
1960 4901 2119 4962 atque
2130 4906 2334 4944 annum
2346 4897 2508 4942 natus
2524 4887 2866 4957 vigesimum,
2880 4885 2974 4940 sed
2993 4884 3170 4938 onmis
3187 4882 3412 4937 masculi

177 4984 368 5046 ἐννοεῖς
398 4983 435 5036 ἃ
454 4982 604 5050 λέγω
620 4998 633 5011 ·

238 5160 443 5215 ΠΑΛΛ.
470 5161 725 5232 Συνίημι.

237 5259 399 5311 ΚΥΡ.
437 5260 685 5325 Οὐκοῦν,
725 5262 773 5313 εἰ
822 5261 918 5330 μὲν
946 5260 1044 5330 τῆς
1090 5262 1148 5313 ὲν
1182 5258 1404 5330 Χριστῷ
1448 5257 1742 5329 νοουμένης

172 5348 405 5419 ἀνδρίας,
438 5352 542 5405 καὶ
563 5354 591 5406 ὁ
608 5352 716 5405 τῶν
746 5353 1065 5423 ἐπιτηδείων
1088 5354 1167 5415 είς
1184 5351 1243 5403 τὸ
1265 5349 1521 5403 δύνασθαι
1546 5366 1743 5421 κατορ-

172 5439 291 5493 θοῦν
343 5437 403 5496 εὗ
464 5442 613 5514 μάλα
658 5443 758 5515 τὴν
802 5444 1005 5514 ἀρετὴν
1050 5443 1463 5514 περιεργάζοιτο
1508 5442 1738 5513 τρόπος,

175 5531 306 5584 ίδίαν
335 5533 526 5598 Ξξουσι
576 5534 676 5604 τὴν
719 5535 1078 5606 ἀπογραφὴν,
1113 5536 1162 5587 οἱ
1209 5534 1344 5604 πρὸς
1395 5534 1552 5587 τοῦτο
1581 5532 1740 5602 δόξης

173 5626 488 5691 ἐλάσαντες,
521 5629 596 5692 ὡς
619 5630 849 5699 ἀνδρεῖοί
875 5648 932 5681 τε
974 5629 1071 5699 ἤδη
1097 5629 1189 5680 καί
1221 5625 1615 5697 μαχιμώτατοι,
1645 5627 1736 5678 καὶ

241 5804 448 5859 “Psal.
485 5821 670 5868 XXXIII,
711 5807 759 5860 8.
841 5810 880 5838 ⁸⁷
916 5808 1100 5863 Daniel
1134 5824 1229 5861 vn.
1280 5808 1358 5873 t0,
1383 5809 1467 5867 l3,
1504 5808 1583 5863 li.

1662 5809 1703 5835 “
1747 5808 1883 5861 l‘sal.
1928 5806 2211 5872 t.\\ur,‘.’9.

1845 4986 2110 5055 imperata
2149 4989 2233 5036 est
2256 4978 2575 5049 descriptio.
2615 4978 2697 5031 An
2741 4986 2797 5030 tu
2834 4992 3022 5046 parum
3065 4974 3197 5043 quid
3234 4973 3411 5028 dicam

1844 5075 2108 5145 intelligis
2127 5074 2151 5127 ?

1914 5165 2110 5221 PALL.
2134 5162 2402 5234 Intelligo.

1914 5258 2069 5313 CYB.
2112 5256 2168 5311 Si
2207 5255 2374 5327 igitur
2407 5268 2531 5308 eum
2558 5249 2901 5307 fortitudinis
2952 5248 3213 5303 duntaxat
3267 5248 3413 5302 illius

1839 5365 1961 5421 quat
1981 5348 2035 5402 in
2051 5347 2271 5402 Christo
2292 5345 2638 5415 intelligitur,
2668 5353 2724 5397 et
2746 5357 2935 5397 eorum
2963 5342 3053 5411 qui
3086 5340 3264 5395 idonei
3285 5353 3413 5395 sunt

1840 5442 1907 5497 ad
1928 5456 2151 5495 munera
2188 5438 2413 5493 virtutis
2449 5434 2799 5505 exsequenda
2836 5433 3033 5489 modus
3068 5433 3407 5504 exquiritur.

1838 5550 1989 5589 suam
2018 5531 2537 5601 illidescriptionem
2572 5527 2817 5583 habituri
2856 5534 3003 5591 sunt,
3040 5526 3133 5597 qui
3171 5525 3237 5579 ad
3271 5524 3411 5579 hanc

1837 5627 2060 5693 gloriam
2082 5620 2657 5692 pervenerint,quippe
2677 5620 2769 5688 qui
2793 5619 2960 5674 fortes
2976 5620 3085 5689 jam
3109 5618 3237 5686 sint,
3261 5624 3314 5673 et
3335 5614 3407 5671 ad

2292 5808 2332 5835 αν
2366 5805 2499 5862 Lm'.
2547 5822 2652 5871 an,
2690 5804 2781 5857 ΞΟ.
