4046 6524
609 386 716 442 515

1605 387 1661 441 S.
1698 388 1970 444 CYl’tl-LLI
2011 390 2481 450 ALEXANDRINI
2519 396 2833 452 ARCHIEP.

3754 391 3854 453 316

612 515 849 571 pugnam
869 499 1283 570 promptissimi,
1327 507 1381 552 ct
1413 512 1630 552 sensum
1663 501 1930 568 puerilem
1969 517 2190 570 supera-

2296 508 2632 578 μειρακιώδη
2681 511 2939 580 φρόνησιν
2985 507 3442 578 ὑπερϐεϐηκότες,
3489 507 3612 578 οὐχὶ
3647 507 3859 578 ἑκάστῳ

613 591 745 656 rint,
768 590 1201 654 nonne,Palladi,
1223 588 1472 659 quisquis
1492 589 1665 642 nostri
1701 590 1894 646 similis
1921 591 2109 655 fuerit,
2131 593 2182 646 ei

610 697 830 752 quoque
854 681 1009 736 locus
1031 680 1228 750 aliquis
1246 679 1634 750 descriptionis
1652 689 1707 734 et
1727 683 1913 752 gloria:
1931 685 2187 754 proprius

611 789 676 827 ac
731 773 932 829 decens
979 773 1289 835 conveniet,
1352 772 1612 842 quicum
1658 782 1931 844 gestarum
1999 791 2184 830 rerum

612 864 906 936 Splendore
943 865 1293 933 coaequetur?

680 954 875 1010 PALL.
899 955 1112 1009 Fateor.

678 1046 836 1100 CYR.
864 1046 1052 1115 Neque
1078 1046 1226 1100 enim
1249 1046 1305 1099 in
1343 1056 1654 1101 sanctorum
1677 1046 2046 1115 apostolorum
2077 1062 2182 1099 nu-

612 1152 763 1192 mero
806 1153 1050 1208 unquam
1111 1139 1220 1193 erit
1258 1139 1353 1207 qui
1396 1139 1615 1193 illorum
1665 1139 1952 1193 dissimilis
1988 1139 2181 1205 fuerit;

611 1228 856 1294 minime,
880 1229 1121 1299 inquam.

684 1321 881 1375 PALL.
904 1321 984 1375 lta
1019 1330 1122 1376 est.

684 1411 842 1466 CYR.
881 1411 1069 1481 Neque
1107 1425 1238 1465 vero
1271 1408 1404 1464 illud
1437 1425 1628 1464 rursus
1665 1409 1982 1473 asserimus,
2021 1424 2183 1479 quem

2289 597 2398 649 τῶν
2438 599 2558 651 καθ’
2581 600 2726 669 ἡμᾶς
2771 599 3061 670 ἀρμόσειεν
3101 601 3204 663 ἂν,
3235 594 3283 653 ὦ
3328 600 3543 668 ἑταῖρε,
3581 598 3750 661 τόπος
3778 615 3859 662 τις

2291 687 2419 751 ῐδιός
2447 706 2508 742 τε
2552 691 2645 743 καὶ
2693 690 2917 761 πρέπων
2950 690 3278 760 ἀπογραφῆς
3316 689 3411 742 καὶ
3439 689 3617 758 δόξης,
3655 691 3722 758 τῇ
3754 689 3860 740 τῶν

2289 778 2581 849 δρωμένων
2617 781 2679 834 λσ
2690 782 2959 852 μπρότητι
2994 799 3057 833 συ
3066 797 3207 851 μμετ
3215 780 3310 851 ροΰ
3314 797 3473 850 μενος
3487 797 3506 844 ς

2365 960 2573 1012 nam.
2604 961 2768 1030 Φημί.

2361 1051 2524 1103 ΚΥΡ.
2557 1053 2631 1104 Οὐ
2664 1052 2771 1122 γὰρ
2801 1052 2858 1105 ἐν
2905 1070 2968 1122 γε
3009 1056 3123 1118 τοῖς
3167 1053 3341 1122 ἁγίοις
3373 1051 3695 1115 ἀποστόλοις
3719 1051 3749 1104 ὁ
3787 1048 3862 1121 μὴ

2291 1141 2410 1192 κατ’
2442 1141 2643 1204 αὐτοὺς
2663 1140 2812 1194 ἔσται
2844 1142 3026 1196 ποθέν·
3075 1142 3272 1198 πολλοῦ
3299 1160 3363 1212 γε
3391 1143 3484 1196 καὶ
3507 1142 3608 1196 δεῖ.

2357 1329 2566 1382 nam.
2620 1330 2860 1402 Ἀληθές.

2356 1421 2520 1475 ΚΥΡ.
2563 1421 2688 1475 Οὐδ’
2722 1420 2789 1477 αὖ
2820 1424 2994 1478 ἐκεῖνό
3031 1442 3231 1496 φαμεν,
3265 1425 3342 1489 ὠς
3384 1428 3495 1489 τοῖς
3527 1427 3674 1494 ἄγαν
3706 1426 3861 1481 ἐκλε-

614 1501 842 1570 gradum
872 1503 1107 1557 assecuti
1146 1509 1276 1556 sunt
1303 1501 1476 1555 sancti
1508 1501 1759 1556 homines
1781 1502 1838 1564 ii,
1879 1501 1974 1570 qui
1995 1501 2186 1555 multis

2295 1510 2726 1581 λαμπρυσμένοις
2771 1513 2835 1565 ἐκ
2870 1512 3178 1577 πολυειόοὖς
3210 1516 3431 1585 ἀρετῆς,
3457 1517 3552 1569 καὶ
3577 1516 3698 1585 βίου
3732 1533 3860 1571 κατ-

613 1594 879 1646 virtutum
903 1593 1196 1664 generibus
1218 1593 1466 1646 illustres
1491 1591 1785 1646 admodum
1834 1591 2041 1646 fuerint
2064 1633 2078 1658 ,
2121 1608 2185 1646 ac

2295 1599 2517 1670 5ρθωσιν
2580 1600 2678 1670 τὴν
2758 1603 3140 1674 ἐννομωτάτην
3211 1605 3612 1674 ἐπησκηκόσιν,
3689 1609 3719 1659 ὁ
3789 1606 3861 1676 μὴ

613 1687 832 1741 vivendi
875 1687 1141 1742 rationem
1164 1686 1268 1756 legi
1289 1686 1489 1740 divinae
1509 1685 1742 1739 maxime
1762 1691 2184 1740 consentaneam

2295 1687 2524 1753 τοιοῦτος
2555 1689 2963 1755 συντετάξεται,
2988 1692 3388 1764 κληρονομήσει
3418 1693 3476 1747 δέ
3504 1695 3609 1761 ὅτι,
3635 1693 3781 1749 κατὰ
3805 1694 3861 1748 τδ

613 1775 901 1838 coluerint,
922 1776 1171 1831 eumdem
1206 1775 1433 1846 gradum
1471 1782 1849 1828 assecuturum
1881 1787 2007 1828 eum
2045 1791 2184 1844 quo-

2287 1778 2415 1832 ῐδιον
2444 1779 2641 1850 μέτρον
2657 1819 2672 1845 ,
2690 1781 2789 1834 οὐκ
2815 1783 3154 1853 ἀσυμφανές.

611 1885 718 1938 que
751 1867 844 1937 qui
882 1868 1106 1927 minime
1145 1867 1412 1937 ejusmodi
1461 1867 1660 1932 fuerit;
1701 1867 1795 1922 sed
1833 1882 1953 1922 eam
1997 1875 2176 1923 tamen
2218 1870 2404 1941 gloriae
2425 1874 2736 1942 portionem
2756 1875 3093 1942 habiturum,
3116 1893 3238 1947 qua:
3278 1893 3391 1934 sua:
3443 1894 3724 1933 mensura:
3775 1895 3856 1934 re-

609 1960 895 2030 apondeat,
919 1975 1028 2012 non
1047 1967 1131 2014 est
1150 1961 1467 2014 obscurum.

681 2050 876 2103 PALL.
923 2050 1087 2104 Recte
1125 2049 1282 2104 dicis.

679 2141 838 2195 (ΠΒ.
869 2141 1042 2212 Igitur
1079 2142 1134 2195 in
1155 2158 1222 2195 co
1259 2141 1407 2212 quod
1445 2140 1722 2196 credimus
1757 2141 1812 2195 in
1852 2140 2186 2196 Salvatorem

611 2235 996 2290 universorum
1045 2251 1107 2290 ac
1147 2235 1591 2304 Redemptorem,
1631 2243 1687 2289 et
1721 2250 1819 2304 per
1855 2235 2187 2304 baptismum

613 2327 759 2382 ilam
791 2327 1009 2382 coalitus
1027 2342 1090 2381 ac
1120 2343 1359 2397 superne
1379 2326 1559 2381 datam
1583 2326 1960 2380 fortitudinem
1999 2341 2190 2382 conse-

614 2419 727 2474 cuti
789 2434 1032 2484 sumus;
1073 2418 1248 2472 induti
1313 2432 1550 2488 namque
1615 2433 1806 2472 sumus
1865 2418 2069 2472 virtute
2123 2433 2190 2472 ex

613 2509 726 2564 alto
758 2511 840 2575 ⁷ο,
884 2508 1131 2580 (Spiritu
1184 2509 1394 2564 scilicet
1440 2509 1610 2562 notati
1668 2516 1830 2578 atque
1884 2505 2185 2579 insigniti),

616 2610 844 2657 eatenus
866 2605 1020 2658 relati
1041 2620 1142 2659 nos
1157 2619 1374 2674 quoque
1409 2619 1601 2658 sumus
1621 2603 1676 2657 in
1719 2603 2080 2657 masculorum
2102 2617 2192 2657 or-

617 2693 800 2748 dinem
821 2711 884 2750 ae
905 2712 1215 2760 numerum,
1238 2705 1294 2751 et
1314 2696 1367 2749 in
1389 2696 1483 2750 Dei
1506 2695 1649 2749 libro
1683 2695 1960 2750 recensiti.
1983 2695 2079 2750 Est
2115 2703 2192 2749 ta-

617 2799 743 2839 men
765 2787 1025 2840 nonnulla
1046 2787 1135 2842 hic
1154 2802 1372 2856 quoque
1407 2785 1690 2841 distinctio
1714 2804 1726 2838 :
1751 2785 1913 2855 primi
1952 2800 2190 2854 namque

617 2875 1022 2946 quodammodo
1050 2877 1104 2932 in
1135 2878 1238 2932 hac
1287 2877 1656 2946 descriptione
1685 2876 1938 2932 collocati
1971 2885 2097 2932 sunt
2126 2892 2192 2932 ac

616 2966 864 3036 proxime
885 2966 952 3020 ad
973 2967 1144 3021 Deum
1189 2966 1464 3022 accedunt
1498 2967 1591 3036 qui
1616 2967 1941 3022 sacratiores
1972 2977 2099 3022 sunt
2129 2982 2193 3021 ac

615 3058 938 3112 sanctiores.
973 3057 1232 3123 Quamvis
1247 3058 1394 3113 enim
1417 3075 1527 3114 una
1548 3059 1620 3114 sit
1657 3059 1712 3112 in
1731 3057 2010 3113 Christum
2033 3057 2189 3124 ﬁdes,

615 3165 724 3204 non
751 3164 942 3204 omnes
963 3157 1140 3204 tamen
1167 3149 1354 3204 ﬁdeles
1373 3166 1532 3218 pares
1549 3158 1676 3204 sunt
1719 3165 1933 3204 morum
1971 3165 2035 3204 ac
2068 3149 2192 3204 vita

616 3251 846 3305 genere;
874 3237 970 3290 sed
993 3237 1086 3291 alii
1124 3237 1350 3306 quidem
1369 3237 1469 3302 sic,
1500 3239 1593 3292 alii
1629 3253 1759 3293 vero
1780 3239 1878 3302 sic,
1918 3246 1978 3292 ut
1999 3238 2193 3293 beatius

617 3328 818 3383 Paulus
837 3330 997 3384 ait“.
1037 3329 1208 3401 Igitur
1229 3331 1323 3400 qui
1356 3331 1482 3385 vita:
1512 3331 1774 3401 gravitate
1811 3331 2022 3386 caeteris
2051 3346 2191 3399 pra:-

2216 2061 2255 2112 B
2358 2053 2562 2106 ΠΑᾹΛ.
2617 2052 2821 2122 Ὀρθῶς
2852 2053 3005 2123 ἔφης.

2362 2144 2524 2197 ΚΥΡ.
2559 2142 2790 2206 Οὐκοῦν,
2829 2143 2963 2197 καθὸ
3009 2143 3449 2214 πεπιστεύκαμεν
3497 2145 3580 2208 είς
3627 2142 3726 2198 τδν
3759 2141 3863 2198 τῶν)

2289 2235 2427 2288 ὅλων
2461 2236 2691 2308 Σωτῆρα
2712 2237 2808 2291 καὶ
2848 2237 3162 2308 Δυτρωτὴν,
3194 2236 3290 2290 καὶ
3316 2235 3401 2288 διὰ
3423 2235 3514 2289 τοῦ
3550 2235 3862 2305 βαπτίσμα-

2289 2345 2380 2391 τος
2403 2328 2502 2399 τὴν
2544 2327 2603 2395 ἐξ
2641 2327 2872 2398 οὐρανοῦ
2916 2328 3012 2382 καὶ
3045 2327 3253 2382 ἀνωθεν
3281 2329 3434 2397 ἰσχὺν
3477 2325 3856 2396 πεπλουτήκα-

2290 2435 2389 2489 μεν
2416 2434 2428 2448 ’
2491 2418 2862 2489 ἐνεδυσάμεθα
2894 2419 3004 2490 γὰρ
3050 2421 3148 2490 τὴν
3191 2420 3248 2486 ἐξ
3286 2419 3456 2489 ﬁdem;
3523 2419 3772 2489 δύναμιν
3796 2419 3863 2489 τῷ

2291 2510 2464 2582 ἁγίῳ·
2507 2511 3039 2582 κατεσφραγισμένοι
3079 2511 3380 2584 Πνεύματι,
3439 2511 3744 2583 τεθείμεθα
3783 2513 3862 2566 καὶ

2293 2603 2455 2675 ἡμεῖς
2477 2603 2554 2667 ὡς
2581 2605 2639 2656 ἐν
2677 2604 2922 2673 ἀρσένων
2945 2603 3096 2668 τάξει
3117 2621 3178 2657 τε
3213 2605 3306 2658 καὶ
3334 2604 3498 2674 λόγῳ,
3523 2604 3626 2657 καὶ
3651 2604 3864 2657 κατελο-

2291 2696 2560 2767 γίσθημεν
2585 2696 2644 2748 ἐν
2687 2695 2852 2766 βίϐλῳ
2879 2696 3034 2750 Θεοῦ.
3070 2696 3214 2767 Πλὴν
3243 2696 3356 2749 ἐστι
3377 2714 3461 2760 τις
3496 2697 3739 2751 κάνθάδε
3767 2697 3864 2750 δια-

2293 2786 2453 2858 φορά.
2500 2785 2715 2857 Πρῶτοι
2756 2785 2866 2855 γὰρ
2889 2785 3078 2856 ῶσπερ
3108 2787 3163 2838 ἐν
3207 2786 3502 2857 ἀπογραφῇ
3522 2827 3537 2850 ,
3570 2787 3672 2840 καὶ
3703 2785 3862 2856 ἀγχοῦ

2292 2877 2427 2931 Θεοῦ
2475 2877 2676 2947 μᾶλλον
2721 2878 2769 2929 οἱ
2819 2875 3097 2947 ίερώτεροί
3146 2893 3204 2928 τε
3249 2877 3343 2930 καὶ
3388 2876 3706 2947 ἀγιώτεροι.
3761 2874 3863 2929 Μία

2297 2968 2396 3039 μὲν
2427 2970 2459 3039 ἡ
2495 2969 2674 3032 πίστις
2718 2970 2752 3039 ἡ
2804 2970 2884 3031 είς
2924 2968 3177 3039 Χριστόν·
3211 2967 3384 3038 πλὴν,
3411 2969 3508 3038 οὑχ
3537 2969 3784 3031 ἅπαντες
3816 2967 3865 3020 οε

2293 3062 2718 3125 πεπιστευκότες
2744 3062 2803 3114 ἐν
2846 3061 3017 3132 ὁμοίῳ
3049 3061 3142 3114 καὶ
3184 3062 3283 3130 ῐσῳ
3312 3060 3499 3132 τρόπῳ
3543 3061 3605 3113 τέ
3640 3061 3747 3112 εἰσι
3778 3075 3863 3111 και

2295 3153 2416 3226 βίῳ,
2441 3154 2554 3208 ἀλλ’
2588 3155 2637 3206 oi
2670 3155 2799 3224 μὲν,
2829 3152 3022 3218 οὔτως·
3051 3154 3100 3205 οἱ
3147 3152 3204 3206 δέ
3242 3152 3432 3216 οὕτως.
3465 3151 3610 3206 κατά
3647 3152 3748 3222 τὴν
3774 3149 3862 3203 τοῦ

2298 3245 2568 3317 μακαρίου
2601 3244 2812 3298 Παύλου
2839 3246 3040 3314 φωνήν.
3069 3243 3296 3307 Οὐκοῦν,
3319 3245 3368 3295 οί
3402 3243 3498 3313 μὲν
3525 3241 3644 3311 βίου
3678 3241 3863 3310 σεμνὸ-

2295 3354 2419 3407 τητι
2461 3335 2822 3407 προῦχοντες,
2866 3336 3154 3407 ἀγιώτεροι
3201 3335 3259 3388 δὲ
3301 3335 3388 3388 διὰ
3430 3333 3613 3398 τοῦτο,
3649 3333 3864 3404 πρώτην

617 3427 782 3482 stant,
823 3421 1056 3491 ideoque
1093 3427 1222 3476 sunt
1254 3422 1581 3486 sanctiores,
1624 3422 1862 3491 primum
1901 3421 1957 3476 in
1984 3420 2192 3476 descri-

2297 3405 2483 3498 ἔχουσι
2511 3405 2638 3498 τὴν
2671 3427 2826 3494 τάξιν
2881 3428 2939 3479 ἐν
2987 3405 3284 3498 ἀπογραφῇ
3335 3428 3401 3496 τῇ
3455 3425 3612 3496 θείᾳ,
3667 3424 3761 3478 καὶ
3807 3425 3864 3477 ἐν

619 3511 806 3579 ptione
827 3513 1012 3567 divina
1032 3529 1095 3569 ac
1131 3515 1230 3569 Dei
1270 3514 1644 3569 monumentis
1667 3515 1847 3568 locum
1876 3522 2098 3568 tenent:
2139 3522 2193 3566 at

2297 3520 2482 3589 μνήμῃ
2539 3516 2696 3571 Θεοῦ·
2734 3521 2783 3572 oi
2827 3516 2969 3570 δὲτὸ
3009 3518 3157 3587 μεῖον
3209 3515 3443 3586 ἔχοντες,
3477 3516 3537 3568 ἐν
3578 3511 3862 3584 ἁγιασμῷ,

621 3602 675 3656 in
697 3604 898 3672 quibus
923 3605 1104 3658 minor
1123 3615 1208 3660 est
1222 3605 1503 3670 sanctitas,
1523 3620 1590 3660 eo
1608 3606 1728 3674 ipso
1745 3606 1891 3675 quod
1911 3604 2193 3660 inferiores

2295 3609 2379 3662 διὰ
2405 3609 2466 3661 τὸ
2512 3610 2660 3678 μεῖον
2693 3609 2748 3662 ἐν
2779 3608 2970 3680 ἀρετῇ,
3005 3607 3246 3679 δεύτεροί
3281 3624 3382 3662 που
3423 3606 3648 3669 πάντως
3689 3606 3779 3660 καὶ
3809 3606 3865 3657 ἐν

619 3694 820 3749 virtute
842 3703 990 3759 sunt,
1013 3696 1315 3751 secundum
1334 3697 1524 3767 procul
1546 3695 1713 3751 dubio
1737 3698 1792 3751 in
1815 3696 2197 3767 descriptioni-

620 3787 724 3842 bus
744 3787 924 3842 locum
943 3787 1212 3843 obtinent.

692 3879 887 3934 PALL.
909 3879 1015 3935 Sed
1035 3895 1144 3949 qua
1165 3879 1374 3935 ratione
1401 3879 1522 3942 hoc
1548 3879 1682 3934 item
1728 3878 1884 3949 115
1924 3878 2038 3934 ﬁeri
2074 3893 2196 3948 per—

621 3973 874 4042 spicuum
895 3972 1110 4041 potest?

689 4064 845 4120 CYR.
875 4065 956 4119 Ab
980 4066 1097 4134 ipso
1120 4066 1380 4120 nimirum
1405 4064 1577 4136 ipsius
1596 4065 1892 4135 Scriptura:
1941 4064 2191 4119 testimo-

622 4158 753 4211 nio:
791 4159 1141 4226 nequeenim
1187 4158 1244 4212 id
1295 4165 1499 4213 temere
1555 4157 1826 4213 dicimus:
1886 4173 2008 4212 nam
2073 4167 2196 4226 post

624 4247 767 4300 illam
801 4247 1296 4312 enumerationem,
1355 4263 1463 4316 qua
1507 4247 1778 4302 masculos
1827 4254 1990 4315 atque
2033 4261 2192 4316 vege-

623 4340 779 4395 tioris
802 4340 979 4396 aetatis
1009 4339 1260 4396 homines
1291 4341 1588 4402 recensuit,
1631 4338 1855 4393 modum
1901 4339 2062 4394 nobis
2107 4341 2189 4394 al-

621 4438 799 4485 terum
842 4430 1230 4500 descriptionis
1287 4429 1491 4483 iterum
1535 4429 1841 4498 designavit
1885 4429 1977 4484 ille
2004 4445 2191 4484 rerum

622 4519 1004 4574 universarum
1028 4520 1193 4574 Deus.
1219 4518 1271 4573 ls
1297 4526 1480 4574 autem
1505 4518 1772 4588 ejusmodi
1793 4529 1880 4573 est
1910 4537 1922 4572 :
1964 4539 1982 4568 α
2015 4519 2085 4574 Et
2110 4521 2194 4573 lo-

624 4619 784 4666 cutus
805 4621 890 4665 est
915 4611 1180 4667 Dominus
1203 4611 1271 4667 ad
1305 4613 1524 4683 Moysen
1550 4610 1606 4665 in
1632 4611 1854 4665 deserto
1881 4611 2053 4674 Sinai,
2105 4612 2193 4666 di-

624 4716 753 4755 cens
782 4717 796 4754 :
825 4700 1067 4757 Numera
1113 4703 1254 4758 ﬁlios
1303 4703 1432 4757 Levi
1481 4718 1581 4772 per
1622 4701 1815 4756 domos
1863 4702 2192 4796 lamiliarum
2228 4742 2271 4796 υ

621 4803 866 4853 suarum,
897 4805 996 4860 per
1021 4792 1378 4861 cognationes
1421 4806 1567 4856 suas,
1594 4805 1691 4860 per
1716 4791 1982 4860 populos;
2029 4807 2192 4848 omne

621 4877 985 4933 masculinum
1005 4881 1072 4934 ab
1098 4897 1208 4933 uno
1233 4895 1416 4935 mense
1436 4889 1493 4935 et
1537 4896 1703 4950 supra
1722 4882 2045 4937 numerabis
2070 4898 2188 4938 eos.

623 4969 688 5022 lﬂt
713 4971 1031 5026 numeravit
1055 4987 1150 5023 eos
1177 4972 1388 5040 Moyses
1428 4978 1484 5026 et
1507 4970 1690 5026 Aaron
1724 4987 1821 5040 per
1880 4988 2066 5026 vocem
2090 4973 2197 5026 Do-

619 5059 776 5124 mini,
827 5061 1288 5131 quemadmodum
1334 5062 1589 5131 prazcepit
1633 5062 1714 5116 eis
1762 5062 2026 5116 Dominus
2067 5065 2132 5117 ⁷¹.
2167 5084 2183 5113 ι

620 5151 732 5206 llac
755 5151 1126 5221 descriptione
1182 5151 1320 5205 facta
1375 5168 1472 5220 per
1508 5155 1738 5222 populos
1774 5163 1832 5208 et
1876 5170 1974 5223 per
1999 5154 2192 5210 domos

621 5241 976 5307 familiarum,
1027 5251 1194 5299 totam
1258 5244 1523 5297 continuo
1567 5260 1833 5299 summam
1879 5244 2065 5309 infert,
2111 5244 2194 5298 di-

622 5347 785 5387 cens:
817 5352 835 5384 ι
858 5333 1047 5389 Omnis
1076 5335 1388 5390 numeratio
1419 5334 1657 5390 ﬁliorum
1699 5335 1854 5400 Levi,
1912 5351 2053 5404 quos
2084 5353 2192 5390 nu-

622 5425 854 5479 meravit
881 5425 1090 5498 Moyses
1137 5435 1192 5484 et
1220 5426 1402 5483 Aaron
1455 5443 1556 5496 per
1600 5442 1784 5482 vocem
1840 5426 2056 5481 Domini
2100 5443 2199 5497 per

624 5515 857 5585 populos
884 5532 1096 5581 eorum,
1119 5533 1278 5573 omne
1301 5517 1667 5573 masculinum
1691 5517 1758 5572 ab
1783 5532 1892 5570 uno
1920 5531 2108 5572 mense
2141 5525 2198 5571 et

625 5621 810 5678 supra,
835 5608 946 5663 duo
971 5617 1027 5663 et
1064 5610 1252 5680 viginti
1284 5611 1452 5666 millia
1484 5611 1570 5663 7".
1607 5630 1621 5659 δ
1661 5610 1755 5664 llis
1786 5609 1930 5665 illico
1953 5609 2198 5680 adjungit

703 5791 744 5820 ⁷⁸
773 5790 903 5844 Luc.
940 5806 1077 5848 :mv,
1117 5791 1200 5844 49.
1281 5792 1319 5822 τί
1358 5792 1520 5846 Ηῖυι.
1547 5808 1634 5866 vn,
1662 5793 1710 5845 7.

1793 5795 1833 5824 ⁷³
1867 5793 2024 5845 Num.
2053 5809 2089 5854 ι,
2134 5791 2183 5856 l,
2210 5790 2264 5844 2.

2295 3699 2668 3770 ἀπογραφαῖς.

2368 3877 2577 3930 ΠΑΛΛ.
2616 3875 2726 3930 Καὶ
2755 3875 2870 3937 πῶς
2909 3872 2976 3928 ἂν
3002 3873 3213 3943 γένοιτο
3243 3873 3337 3928 καὶ
3362 3872 3522 3927 τοῦτο
3552 3871 3764 3944 σαφές;

2366 4054 2529 4108 ΚΥΡ.
2575 4051 2709 4105 Ἀπὸ
2739 4067 2801 4119 γε
2832 4049 2939 4103 τῶν
2969 4046 3393 4119 Γεγραμμένων.
3425 4047 3582 4099 Ἐστι
3612 4045 3720 4118 γὰρ
3741 4046 3863 4115 ἡμῖν

2295 4148 2355 4202 οὐ
2386 4145 2626 4219 προαλὴς
2660 4146 2690 4198 ὁ
2717 4144 2873 4213 λόγος
2894 4161 2908 4175 ο
2948 4142 3085 4214 μετὰ
3117 4142 3226 4212 γάρ
3257 4159 3340 4195 τοι
3370 4142 3468 4210 τὴν
3494 4140 3862 4211 ἐπαρίθμησιν

2295 4239 2361 4310 ἢν
2395 4240 2488 4292 ἐπὶ
2510 4240 2622 4301 τοῖς
2657 4237 2851 4308 άρῤεσί
2884 4253 2943 4289 τε
2983 4235 3078 4289 καὶ
3117 4232 3505 4304 ἀκμαιοτάτοις
3537 4233 3859 4303 ἐποιήσατο.

2296 4328 2494 4399 τρόπον
2522 4328 2652 4398 ἡμῖν
2678 4325 2863 4395 ἕτερον
2888 4322 3214 4393 ἀπογραφῆς
3236 4319 3487 4374 διετύπου
3521 4319 3687 4372 πάλιν
3713 4321 3741 4371 ὁ
3765 4317 3862 4369 τῶν

2295 4422 2430 4474 ὅλων
2460 4419 2612 4483 Θεός.
2648 4421 2800 4488 Ἔχει
2827 4417 2882 4470 δέ
2905 4416 3099 4479 οὕτως·
3141 4433 3160 4464 ι
3210 4413 3468 4482 Ἐλάλησε
3503 4410 3712 4481 Κύριος
3737 4409 3861 4480 πρὸς

2298 4513 2502 4583 Μωσῆν
2547 4513 2604 4564 ἐν
2649 4513 2714 4581 τῇ
2749 4511 2943 4580 ἐρήμῳ
2967 4509 3096 4580 Σινᾷ
3126 4507 3319 4575 λέγων·
3365 4504 3698 4574 Ἐπίσκεψαι
3748 4503 3862 4564 τοὺς

2299 4605 2446 4667 υἱοὺς
2476 4602 2606 4656 Λευὶ
2639 4601 2758 4654 κατ’
2789 4600 2968 4663 οἴκους
2998 4599 3240 4668 πατριῶν
3271 4595 3470 4658 αὐτῶν,
3503 4593 3652 4648 κατά
3680 4608 3863 4663 συγγε-

2299 4691 2443 4755 νείας
2477 4689 2689 4754 αὐτῶν,
2737 4687 2878 4742 κατά
2909 4688 3132 4758 δήμους.
3170 4687 3285 4740 Πᾶν
3309 4683 3598 4754 ἀρσενικὸν
3626 4685 3735 4738 ἀπὺ
3766 4700 3861 4753 pr,-

2301 4783 2472 4835 νιαίου
2503 4781 2598 4836 καὶ
2627 4780 2812 4835 ἐπάνω
2854 4778 3125 4850 ἐπισκέψῃ
3152 4775 3368 4840 αὐτούς.
3391 4776 3502 4830 Καὶ
3528 4776 3864 4846 ἐπεσκέψατο

2301 4873 2498 4936 αὐτοὺς
2529 4873 2556 4924 ὁ
2582 4870 2785 4940 Μωσῆς
2831 4869 2926 4922 καὶ
2981 4867 3187 4938 ’Δαρὼν
3220 4866 3308 4920 διὰ
3339 4865 3524 4936 φωνῆς
3557 4865 3786 4937 Κυρίου,
3808 4865 3860 4916 ὃν

2299 4963 2496 5032 τρόπον
2522 4958 2807 5024 συνέταξεν
2826 4959 3007 5022 αὐτοῖς
3028 4957 3251 5028 Κύριος.
3282 4975 3300 5008 ι
3333 4955 3643 5026 Γενομένης
3661 4956 3718 5009 δὲ
3737 4955 3862 5010 οὕτω

2299 5054 2398 5124 τῆς
2433 5053 2761 5122 ἀπογραφῆς
2805 5049 2945 5104 κατὰ
2985 5049 3221 5121 δήμους,
3256 5049 3350 5102 καὶ
3384 5049 3507 5101 κατ’
3543 5049 3730 5111 οἴκους
3767 5063 3859 5099 πα-

2297 5150 2484 5221 τριῶν,
2516 5148 2634 5201 ὂλον
2664 5147 2826 5210 εὐθὺς
2861 5147 2952 5198 τὸν
2986 5143 3309 5214 ἐκλογισμὸν
3348 5141 3626 5213 ἐπιφέρει,
3659 5141 3820 5209 λέγων
3841 5157 3855 5169 ·

2302 5263 2320 5294 ι
2365 5243 2524 5294 Πᾶσα
2549 5243 2584 5310 ἡ
2613 5238 2898 5309 ἐπίσκεψις
2925 5237 3031 5292 τῶν
3064 5236 3195 5290 υἱῶν
3226 5234 3379 5299 Λευὶ,
3406 5233 3500 5297 οὓς
3529 5233 3858 5302 ἐπεσκέψατο

2296 5335 2502 5404 Μωσῆς
2537 5333 2630 5387 καὶ
2670 5330 2878 5404 Ἀαρὼν
2905 5329 2992 5383 διὰ
3021 5330 3206 5399 φωνῆς
3245 5327 3449 5398 Κυρίου
3485 5327 3630 5380 κατὰ
3668 5325 3856 5396 δήμους

2297 5425 2496 5488 αὐτῶν,
2533 5426 2640 5478 πᾶν
2669 5421 2952 5493 ἀρσενικὸν
2981 5421 3086 5475 άπὸ
3121 5419 3369 5490 μηνιαίου
3403 5419 3496 5470 καὶ
3525 5417 3731 5482 ἐπάνω,
3758 5413 3859 5468 δύω

2299 5517 2392 5571 καὶ
2416 5517 2587 5570 εἴκοσι
2609 5514 2859 5586 χιλιάδες.
2874 5532 2892 5564 ι
2913 5510 3369 5568 Ἐπισυνάπτειδέ
3392 5509 3749 5583 παραχρῆμα,
3772 5503 3856 5558 καί

2299 5625 2452 5680 φησιο
2512 5627 2530 5661 ι
2595 5607 2706 5662 Καὶ
2753 5603 2872 5660 εἷπε
2929 5605 3131 5676 Κύριος
3177 5605 3310 5677 πρὸς
3367 5604 3597 5676 Μωσῆν,
3649 5600 3855 5670 λέγων·

2303 5792 2402 5826 ι⁷¹·
2442 5789 2602 5848 Num.
2646 5805 2699 5842 Ill
2729 5829 2741 5852 ,
2781 5788 2853 5840 28
