4076 6528
189 424 284 479 517

918 415 1006 469 DE
1044 371 1493 471 ADORATIONE'
1517 415 1584 470 IN
1617 413 1883 471 srrmru
1926 416 2011 470 ar
2054 418 2420 475 vannus.
2462 420 2589 475 LIB.
2628 422 2712 475 IV.

3314 421 3419 477 518

199 535 514 604 Ἐπίσκεψαι
547 534 656 588 πᾶν
682 531 1025 603 πρωτότοκον
1052 532 1219 602 ἄρσεν
1246 530 1353 584 τῶν
1377 531 1508 584 υἱῶν
1540 530 1752 601 Ἰσραὴλ

1855 541 1912 588 et
1935 535 2036 588 ait:
2074 554 2090 585 ‹
2120 535 2187 589 Et
2208 536 2427 592 locutus
2456 545 2538 591 est
2561 535 2828 589 Dominus
2857 535 2923 589 ad
2949 535 3165 605 Moysen
3189 535 3412 590 dicens:

183 626 282 681 ἀπὸ
311 626 564 696 μηνιαίου
594 624 689 678 καὶ
721 622 904 676 ἐπάνω
928 662 942 685 ,
977 621 1071 675 καὶ
1102 621 1233 675 λάϐε
1262 621 1354 673 τὸν
1375 620 1611 692 ἀριθμὸν
1645 622 1745 673 αύ-

180 718 280 771 τῶν
308 717 366 781 ἐξ
398 717 665 787 ὀνόματος
694 757 708 781 ,
735 715 829 767 καὶ
860 714 1004 785 λήψῃ
1038 715 1163 777 τοὺς
1190 714 1422 777 Λευίτας
1461 713 1605 783 ἐμοὶ,
1640 711 1750 780 ὲγὼ

183 808 372 879 Κύριος
400 849 416 869 ,
450 809 575 860 ἀντὶ
628 808 846 861 πάντων
893 806 1001 858 τῶν
1046 806 1407 876 πρωτοτόκων
1453 805 1560 858 τῶν
1618 802 1750 855 υἱῶν

191 900 414 971 Ἰσραὴλ,
444 901 538 953 καὶ
567 900 635 952 τά
657 902 823 970 κτήνη
847 897 953 952 τῶν
976 898 1214 952 Λευιτῶν
1245 898 1366 950 ἀντὶ
1398 896 1616 950 πάντων
1642 894 1751 948 τῶν

182 995 534 1066 πρωτοτόκων
568 994 626 1045 ὲν
668 994 780 1054 τοῖς
805 991 1025 1060 κτήνεσι
1054 988 1162 1040 τῶν
1200 986 1325 1041 υίῶν
1374 987 1609 1059 Ἰσραήλ.
1643 986 1752 1039 Kal

183 1083 516 1153 ἐπεσκέψατο
563 1081 769 1151 Μωσῆς
794 1118 809 1141 ,
855 1080 915 1132 ὃν
961 1078 1161 1148 τρόπον
1210 1076 1511 1131 ἐνετείλατο
1549 1075 1750 1149 Κύριος

183 1176 317 1247 αύτῴ
350 1175 450 1229 καὶ
480 1175 701 1243 ἐγένετο
732 1173 910 1226 πάντα
939 1171 1008 1225 τὰ
1040 1169 1364 1242 πρωτότοκα
1392 1169 1459 1222 τὰ
1485 1167 1750 1240 ἀρσενικὰ

181 1268 306 1321 κατά
336 1267 573 1337 ἀριθμὸν
608 1263 667 1329 ἐξ
697 1264 960 1333 ὀνόματος
993 1263 1104 1316 ἀπὸ
1140 1262 1392 1333 μηνιαίου
1423 1262 1518 1314 καὶ
1544 1261 1748 1324 ἐπάνω,

181 1363 239 1414 ἐκ
271 1360 368 1429 τῆς
400 1356 745 1425 ἐπισκέψεως
778 1354 985 1417 αὐτῶν,
1024 1353 1116 1407 δύο
1161 1353 1255 1407 καὶ
1287 1352 1458 1405 εἰκοσι
1492 1353 1748 1423 χιλιάδες,

178 1454 314 1524 τρεῖς
346 1452 442 1504 καί¹
474 1449 851 1518 ἑϐδομήκοντα
897 1447 989 1499 καὶ
1034 1445 1317 1498 διακόσιοι.
1364 1446 1474 1498 Καὶ
1522 1443 1751 1515 ἐλάλησε

178 1544 373 1613 Κύριος
405 1541 540 1612 πρὸς
566 1539 792 1607 Μωσῆν,
820 1537 1019 1606 λέγων’
1054 1536 1199 1590 Λάὸε
1232 1538 1359 1600 τοὺς
1380 1536 1606 1599 Λευίτας
1633 1537 1752 1590 ἀντὶ

182 1631 389 1685 πάντων
426 1630 536 1682 τῶν
570 1629 930 1700 πρωτοτόκων
962 1626 1069 1678 τῶν
1102 1625 1234 1679 υίῶν
1281 1625 1519 1698 Ἰσραὴλ,
1561 1625 1655 1678 καὶ
1683 1625 1753 1678 τά

178 1726 341 1792 κτήνη
394 1722 505 1775 τῶν
552 1720 796 1774 Λευιτῶν
832 1717 954 1772 ἀντὶ
1001 1717 1107 1770 τῶν
1148 1717 1362 1788 κτηνῶν
1408 1716 1608 1781 αὐτῶν,
1660 1717 1753 1769 καὶ

176 1815 382 1868 ἔσονται
417 1813 542 1883 ἐμοὶ
565 1814 613 1864 οἱ
645 1813 902 1866 Λευῖται·
940 1806 1049 1876 ἐγὼ
1084 1808 1319 1878 Κύριος·
1356 1808 1466 1861 Καὶ
1488 1807 1554 1860 τὰ
1584 1807 1752 1880 λύτρα

175 1905 333 1973 τριῶν
372 1903 471 1957 καὶ
504 1902 881 1971 ἑϐδομήκοντα
915 1898 1007 1952 καὶ
1037 1898 1324 1952 διακοσίων
1353 1899 1401 1950 οἱ
1434 1896 1752 1961 πλεονάζον-
1783 1925 1824 1980 Β

174 2013 259 2059 τες
296 1994 452 2065 παρά
498 1994 625 2057 τοὺς
666 1991 897 2054 Λευίτας
944 1991 1051 2044 ἀπὸ
1096 1991 1205 2043 τῶν
1255 1990 1611 2061 πρωτοτόκων
1642 1987 1751 2041 τῶν

176 2088 297 2139 υἱῶν
332 2087 369 2139 ‘I
380 2084 555 2157 σραήλ
574 2101 586 2113 ⁸
621 2084 716 2137 καὶ
741 2084 884 2155 λήψῃ
918 2083 1079 2137 πέντε
1105 2083 1321 2145 σίκλους
1341 2083 1482 2136 κατὰ
1514 2081 1753 2150 κεφαλὰς

177 2177 311 2230 κατά
345 2176 410 2230 τὸ
462 2176 738 2247 δίδραχμα
770 2175 831 2227 τὸ
868 2175 1019 2243 ἀγιον
1043 2191 1055 2203 ο
1102 2173 1248 2245 λήψῃ
1299 2175 1503 2227 εἴκοσιν
1534 2172 1753 2235 ὀϐολοὺς

178 2267 261 2320 τοῦ
289 2267 480 2320 σίκλου
499 2306 514 2330 ,
540 2266 636 2320 καὶ
663 2265 855 2329 δώσεις
880 2264 939 2318 τὸ
970 2263 1231 2336 ἀργύριον
1274 2263 1480 2333 Ἀαρὼν
1520 2262 1614 2317 καὶ
1641 2266 1752 2326 τοῖς

178 2359 299 2420 υἱοῖς
338 2356 511 2411 αὐτοῦ
533 2398 549 2423 ,
595 2354 767 2427 λύτρα
797 2354 905 2408 τῶν
950 2355 1351 2418 πλεοναζόντων
1385 2355 1443 2408 ὲν
1479 2354 1682 2417 αὐτοῖς.
1726 2371 1745 2403 ι

187 2449 264 2513 Ὧς
297 2447 443 2518 βαθὺ
486 2447 547 2500 τὺ
578 2446 767 2517 χρῆμα
799 2446 892 2498 καὶ
920 2444 1260 2514 δυσέφικτον,
1301 2438 1346 2497 ὧ
1379 2443 1665 2507 Παλλάδιε,
1694 2442 1755 2497 τὸ

176 2539 502 2609 προσσαλεῖν
520 2536 803 2602 δύνασθαι,
832 2554 906 2607 φη
915 2536 974 2607 μὶ
997 2535 1060 2607 δὴ
1080 2537 1191 2600 τοῖς
1213 2528 1316 2589 ὧδε
1332 2534 1751 2605 διεσταλμένοις,

175 2631 382 2695 λεπτῶς
412 2648 475 2684 τε
506 2631 601 2683 καὶ
633 2628 895 2701 ἀκριϐῶς.

238 2808 451 2862 ΠΔΛΛ.
491 2802 564 2858 Εὖ
597 2805 795 2874 λέγεις·
840 2804 1018 2857 καθίει
1047 2804 1090 2858 δ’
1110 2799 1201 2858 οῦν
1229 2804 1376 2872 ὅμως
1404 2803 1490 2857 τὸν
1528 2801 1649 2855 νοῦν
1678 2804 1756 2867 εἰς

176 2899 433 2968 βάσανον,
470 2895 692 2970 Χριστῷ
720 2895 799 2966 τῷ
827 2895 1025 2960 παντὸς
1053 2894 1260 2964 ἀγαθοῦ
1291 2894 1475 2964 δοτῆρι
1514 2894 1751 2958 πίσυνος.

237 3075 409 3129 ΚΥΓ.
458 3073 625 3137 Σύνες
653 3073 737 3146 δὴ,
768 3075 849 3128 ὅτι
878 3075 937 3128 ὲν
969 3075 1263 3145 ἀπογραφῇ
1297 3076 1364 3146 τῇ
1398 3073 1612 3145 πρώτη,
1650 3076 1758 3127 πᾶν

177 3168 269 3236 μὲν
304 3162 384 3237 ἦν
416 3167 609 3237 ἄρσεν,
657 3168 751 3220 καὶ
780 3168 1085 3231 είκοσαετὲς
1128 3167 1187 3221 τὸ
1230 3166 1578 3239 ζητούμενον,
1607 3184 1761 3219 τουτ-

1850 625 2091 679 Numera
2132 642 2293 681 omne
2340 627 2766 697 primogenitum
2819 628 3122 680 masculum
3181 627 3415 682 ﬁliorum

1850 717 2013 772 Israel
2045 719 2114 773 ab
2143 735 2252 773 uno
2285 735 2473 775 mense
2499 729 2556 775 et
2584 736 2768 789 supra,
2803 731 2859 775 et
2899 722 3082 790 accipe
3125 737 3417 777 numerum

1850 822 2130 861 eorumex
2170 808 2412 873 nomine,
2446 819 2501 865 et
2556 812 2792 881 accipies
2854 811 3071 865 Levitas
3114 812 3250 865 mihi
3299 814 3419 883 (ego

1849 898 2133 969 Dominus)
2162 915 2262 968 pro
2282 901 2540 955 omnibus
2565 902 2943 972 primogenitis
2960 902 3196 955 ﬁliorum
3230 903 3415 965 Israel,

1849 995 1905 1040 et
1951 989 2200 1057 jumenta
2244 989 2559 1044 Levitarum
2599 1006 2699 1059 pro
2741 992 2998 1045 omnibus
3044 992 3420 1061 primogenitis

1844 1078 2219 1149 jumentorum
2246 1081 2482 1136 ﬁliorum
2506 1083 2690 1137 Israel.
2739 1083 2808 1137 Et
2838 1084 3148 1137 numeravit
3186 1084 3416 1154 Moyses,

1850 1171 2309 1238 quemadmodum
2342 1182 2674 1244 praeceperat
2696 1175 2747 1229 ei
2788 1176 3069 1238 Dominus,
3120 1190 3280 1229 omne
3304 1175 3418 1243 pri-

1850 1263 2186 1331 mogenitum
2212 1264 2269 1317 in
2329 1265 2459 1321 ﬁliis
2491 1266 2689 1332 Israel;
2730 1272 2786 1320 et
2808 1266 3035 1320 fuerunt
3064 1266 3249 1320 omnia
3308 1266 3421 1335 pri-

1850 1355 2125 1425 mogenita
2156 1358 2459 1412 masculina
2502 1359 2802 1413 secundum
2832 1374 3123 1412 numerum
3148 1374 3216 1413 ex
3238 1359 3418 1412 nomi-

1849 1460 1919 1498 ne
1970 1445 2039 1499 ab
2094 1462 2205 1501 uno
2280 1464 2467 1504 mense
2541 1456 2597 1503 et
2655 1465 2859 1518 supra,
2913 1465 2980 1504 ex
3040 1450 3419 1503 numeratione

1849 1551 2074 1599 eorum,
2136 1538 2327 1607 viginti
2384 1540 2496 1594 duo
2544 1540 2732 1604 millia,
2768 1550 2882 1596 tres
2937 1549 2992 1596 et
3051 1540 3416 1609 septuaginta,

1851 1632 1904 1677 et
1931 1625 2174 1679 ducenti.
2205 1628 2271 1680 Et
2294 1628 2513 1683 locutus
2550 1635 2635 1684 est
2665 1629 2931 1685 Dominus
2977 1630 3042 1684 ad
3096 1630 3316 1700 Moysen
3338 1628 3422 1684 di-

1851 1729 2019 1767 cens:
2054 1714 2253 1785 Accipe
2289 1717 2504 1773 Levitas
2531 1734 2629 1788 pro
2650 1721 2907 1774 omnibus
2946 1720 3330 1790 primogenitis
3355 1719 3421 1773 ﬁ-

1851 1805 2049 1859 liorum
2076 1807 2262 1873 Israel,
2294 1811 2609 1879 etjumenta
2649 1811 2964 1865 Levitarum
3015 1826 3115 1880 pro
3159 1811 3423 1882 jumentis

1850 1911 2075 1951 eorum:
2108 1909 2165 1954 et
2201 1908 2367 1955 erunt
2392 1901 2527 1956 mihi
2551 1902 2754 1959 Levita
2781 1905 2901 1974 (ego
2924 1903 3210 1974 Dominus)
3237 1910 3292 1957 et
3332 1918 3422 1957 re-

1853 1987 2198 2057 dcmptiones
2232 1991 2398 2046 trium
2443 1999 2501 2047 et
2550 1994 2893 2064 septuaginta
2926 2003 2982 2048 et
3032 1993 3418 2056 ducentorum,

1852 2081 1946 2149 qui
1970 2091 2268 2150 supersunt
2296 2100 2460 2153 supra
2511 2084 2729 2139 Levitas
2750 2084 2819 2139 de
2850 2083 3233 2155 primogenitis
3284 2081 3425 2136 ﬁlio-

1854 2189 1975 2227 rum
2019 2175 2220 2242 Israel;
2249 2184 2299 2229 et
2326 2176 2561 2246 accipies
2611 2177 2856 2247 quinque
2891 2177 3057 2232 siclos
3096 2192 3194 2246 per
3238 2181 3422 2244 caput,

1848 2267 2000 2336 juxta
2030 2266 2349 2322 didrachma
2383 2276 2632 2323 sanctum
2666 2287 2679 2321 :
2719 2269 2956 2338 accipies
2987 2269 3185 2338 viginti
3232 2267 3426 2323 obolos

1856 2376 1953 2430 per
1977 2362 2193 2427 siclum,
2224 2372 2282 2417 et
2304 2362 2461 2418 dabis
2505 2373 2791 2434 argentum
2820 2364 3000 2418 Aaron
3033 2373 3090 2419 et
3120 2364 3247 2420 ﬁliis
3282 2366 3424 2435 ejus,

1856 2450 2263 2520 redemptiones
2332 2466 2524 2506 eorum
2577 2455 2671 2521 qui
2724 2462 3021 2523 supersunt
3072 2454 3129 2507 in
3187 2453 3270 2509 eis
3313 2454 3419 2507 ⁷³.»

1855 2540 2026 2607 Quam
2062 2543 2287 2598 minime
2336 2544 2392 2597 in
2424 2552 2685 2614 promptu
2745 2552 2850 2610 est,
2883 2545 3111 2607 Palladi,
3154 2560 3429 2615 quamque

1857 2632 2096 2698 diﬂicile,
2128 2650 2217 2689 res
2242 2643 2349 2689 tam
2379 2637 2529 2690 tenui
2553 2637 2850 2706 subtilique
2884 2637 3205 2693 discrimine
3229 2638 3429 2692 distin-

1858 2734 1974 2781 ctas
2001 2742 2162 2796 posse
2199 2727 2399 2781 intueri
2421 2731 2433 2781 ι

1929 2816 2127 2871 PALL.
2156 2816 2321 2872 Recte
2347 2817 2485 2873 dicis
2512 2836 2525 2871 :
2560 2826 2740 2874 tamen
2763 2819 2937 2889 adjice
2974 2820 3235 2885 animum,
3278 2835 3431 2889 quae-

1860 2924 1941 2974 so,
1968 2908 2034 2964 ad
2071 2923 2165 2963 eas
2192 2924 2280 2963 res
2303 2909 2700 2978 exquirendas,
2730 2909 2952 2966 Christo
2994 2911 3267 2966 bonorum
3310 2926 3432 2966 om—

1859 3001 2010 3056 nium
2035 3001 2225 3056 datore
2254 3000 2446 3055 fretus.

1936 3092 2096 3162 116
2124 3091 2281 3146 ΟΥΕ.
2318 3090 2707 3147 Animadverte
2758 3092 2930 3163 igitur
2988 3110 3046 3147 In
3112 3091 3295 3162 priore
3338 3091 3436 3147 de-

1859 3181 2155 3250 scriptione
2181 3194 2292 3233 non
2318 3179 2426 3233 nisi
2452 3179 2776 3244 masculum,
2808 3188 2865 3234 et
2908 3180 3003 3248 qui
3041 3186 3190 3233 esset
3238 3177 3433 3248 viginti

176 3259 285 3311 ἐστι
327 3257 403 3310 τὸ
428 3257 641 3327 ἔμφρον
666 3275 727 3311 τε
761 3259 854 3312 καὶ
895 3257 1160 3329 ἀνδρεῖον,
1187 3258 1282 3312 καὶ
1320 3259 1377 3311 ὲν
1422 3258 1627 3327 ἀκμαῖς
1661 3256 1754 3309 τοῦ

1858 3287 2027 3325 annos
2081 3277 2262 3335 natus,
2318 3270 2563 3340 requiri,
2614 3270 2669 3324 id
2726 3278 2831 3335 est,
2889 3270 2984 3339 qui
3033 3278 3093 3324 et
3141 3268 3436 3339 prudentia

174 3349 430 3405 δύνασθαι
455 3350 772 3422 κατορθοῦν,
790 3350 826 3404 ἀ
852 3348 919 3404 ἂν
938 3349 1178 3420 βούλοιτο
1192 3349 1341 3413 Θεός.
1361 3348 1561 3419 Ἐχέτω
1573 3348 1626 3400 δὲ
1643 3348 1759 3411 ἀλις

176 3442 296 3510 ἡμῖν
314 3443 345 3494 ὁ
369 3456 447 3492 πε
458 3439 510 3511 pl
534 3439 685 3491 τοῦδε
712 3439 890 3507 λόγος.
923 3438 1220 3510 Πεποίηται
1246 3437 1377 3510 γὰρ,
1426 3438 1502 3501 ὡς
1548 3431 1758 3506 ἐγῷμαι

176 3532 287 3586 λίαν
318 3531 699 3603 ἀποχρώντως
747 3530 905 3601 ἔχων.
946 3532 1043 3583 Ἔν
1076 3548 1139 3599 γε
1175 3530 1422 3584 ταυταινὶ
1468 3532 1588 3584 ταῖν
1616 3530 1759 3583 δυοῖν

176 3626 554 3696 ἀπογραφαῖν,
591 3622 734 3677 ἀπαν
762 3623 860 3692 μὲν
890 3621 1056 3690 ἄρσεν
1085 3622 1144 3675 τὸ
1169 3625 1233 3675 ὲκ
1265 3622 1437 3692 φυλῆς
1466 3620 1617 3685 Λευῒ,
1640 3623 1760 3685 ταῖς

179 3718 339 3782 θείαις
366 3734 437 3769 τε
474 3716 569 3769 καὶ
597 3716 766 3786 ἱεραῖς
788 3714 1101 3768 ἐντάττεται
1128 3714 1351 3785 ψήφοις.
1395 3714 1526 3767 Ἀπό
1560 3730 1624 3782 γε
1660 3713 1762 3782 τῆς

180 3810 358 3881 ἑτέρας
402 3807 679 3879 πληθύος,
714 3806 895 3859 οὐκέτι
944 3807 1052 3859 πᾶν
1098 3806 1262 3876 ἄρσεν
1299 3805 1507 3869 ἀπλῶς,
1538 3804 1675 3858 ἀλλά
1702 3803 1763 3856 τὸ

182 3902 547 3972 πρωτότοκον,
565 3899 671 3953 ἀπὸ
689 3898 935 3968 μηνιαίου
956 3897 1012 3951 δὲ
1030 3896 1247 3967 σύμπαν
1261 3897 1352 3951 καὶ
1372 3898 1555 3951 ἐπάνω
1568 3897 1629 3951 τὸ
1642 3898 1763 3969 ἀρι-

183 3995 513 4065 θμούμενον.
544 3992 652 4044 Καὶ
666 3994 700 4060 ἡ
733 3990 829 4060 μὲν
844 3990 950 4043 τῶν
967 3990 1264 4043 Λευιτικῶν
1295 3990 1508 4061 βρεφῶν
1529 3989 1762 4061 ἀπαρίθ-

186 4101 362 4152 μησις,
403 4082 505 4134 δύο
535 4080 629 4132 καὶ
652 4080 824 4132 εἴκοσι
850 4080 1087 4150 χιλιάδες
1106 4096 1119 4109 ο
1141 4082 1173 4151 ἡ
1198 4080 1253 4133 δὲ
1269 4080 1377 4133 τῶν
1406 4079 1763 4150 πρωτοτόκων

182 4174 266 4227 δύο
304 4176 407 4227 καὶ⁵
458 4171 632 4225 εἴκοσι
666 4170 907 4240 χιλιάδες
946 4170 1042 4222 καὶ
1068 4173 1215 4241 τρεῖς
1254 4171 1349 4224 καὶ
1381 4170 1640 4224 διακόσιοι
1670 4170 1765 4223 καὶ

184 4264 580 4335 ἐΰδομήκοντα.
603 4256 738 4315 Εἶτα
763 4261 1007 4325 θεσπίζει
1036 4261 1190 4326 Θεὸς,
1220 4262 1341 4316 ἀντὶ
1360 4261 1467 4315 τῶν
1492 4262 1765 4334 πρωτοτό-

184 4372 285 4407 κων
306 4357 445 4417 rei);
465 4352 696 4415 Λευίτας
717 4351 1064 4405 ἀνατίθεσθαι
1093 4354 1221 4405 δεῖν.
1264 4352 1481 4424 Ἐπειδὴ
1509 4352 1565 4406 δὲ
1594 4353 1764 4422 ὑπερ-

183 4448 365 4519 τεροῦν
395 4447 522 4517 ἦτοι
551 4442 832 4508 πλεονάζοι
861 4443 1080 4515 ἀριθμῷ
1106 4444 1166 4497 τὸ
1199 4444 1487 4515 δημοτικὸν
1516 4444 1765 4516 εὑρίσκε-

182 4556 305 4599 ται,
339 4537 654 4599 διακοσίαις
707 4536 1082 4608 ἐϐδομήκοντα
1136 4535 1231 4589 καὶ
1280 4537 1426 4606 τρισὶ
1480 4536 1763 4606 κεφαλαῖς,

1859 3370 2002 3417 esset
2025 3369 2081 3416 et
2108 3360 2433 3415 fortitudine
2454 3360 2716 3429 praeditus
2748 3368 2804 3414 et
2826 3360 3043 3414 viribus
3083 3359 3317 3413 maxime
3354 3356 3437 3413 vi-

1860 3459 2013 3521 geret
2043 3451 2110 3506 ad
2137 3468 2202 3507 ea
2253 3450 2605 3521 exsequenda
2642 3466 2765 3519 qua:
2817 3451 2963 3505 Deus
3014 3450 3217 3504 vellet:
3250 3447 3347 3503 sed
3367 3447 3438 3504 de

1860 3542 1961 3597 hac
1992 3558 2050 3597 re
2087 3542 2381 3607 hactenus;
2423 3541 2557 3596 satis
2590 3540 2760 3605 enim,
2813 3547 2877 3594 ut
2909 3548 3063 3609 puto,
3096 3547 3180 3594 est
3216 3555 3246 3592 a
3278 3538 3440 3593 nobis

1858 3632 2088 3686 dictum.
2116 3632 2175 3686 In
2213 3632 2302 3687 his
2334 3645 2467 3684 vero
2501 3629 2719 3684 duabus
2764 3629 3234 3699 descriptionibus
3275 3642 3439 3683 omne

1860 3722 2080 3791 quidem
2109 3721 2472 3777 masculinum
2500 3738 2567 3777 ex
2595 3721 2743 3776 tribu
2773 3720 2904 3775 Levi
2928 3719 3135 3774 diviLis
3161 3716 3440 3787 sacrisque

1861 3811 2134 3882 suﬁ‘ragiis
2148 3812 2438 3867 asciscitur
2455 3830 2468 3866 :
2487 3812 2556 3866 ab
2581 3813 2756 3867 altera
2780 3826 2912 3867 vero
2934 3809 3310 3871 multitudine,
3328 3823 3439 3861 non

1860 3917 2020 3956 omne
2074 3902 2434 3957 masculinum
2462 3902 2797 3972 promiscue,
2830 3900 2926 3956 sed
2966 3899 3438 3970 primogenitum:

1863 3993 1997 4047 illud
2026 4002 2209 4048 tamen
2253 3994 2511 4048 omnibus
2542 4008 2836 4048 commune
2884 4001 2987 4055 est,
3042 3990 3190 4061 quod
3236 3990 3305 4044 ab
3331 4003 3443 4044 uno

1864 4100 2050 4139 mense
2075 4092 2131 4139 et
2147 4099 2312 4154 supra
2339 4082 2800 4138 recensentur.Ac
2824 4082 3194 4137 Levitieorum
3219 4080 3441 4150 quidem

1864 4190 2155 4246 puerorum
2171 4188 2378 4228 summa
2398 4172 2507 4227 duo
2533 4180 2590 4226 et
2615 4172 2807 4243 viginti
2832 4172 3004 4227 millia
3038 4170 3442 4241 complectitur;

1864 4276 1919 4321 at
1965 4265 2463 4336 primogenitorum
2515 4278 2728 4317 summa
2771 4262 2881 4316 duo
2925 4269 2981 4316 et
3028 4260 3223 4331 viginti
3273 4259 3445 4312 millia

1865 4368 1977 4413 tres
2005 4357 2231 4426 insuper
2254 4355 2597 4409 etducentos
2629 4353 2995 4423 septuaginta.
3047 4348 3253 4404 Deinde
3288 4349 3447 4419 jubet

1865 4451 2009 4503 Deus
2047 4448 2167 4501 loco
2194 4445 2687 4516 primogenitorum
2711 4442 2929 4498 Levitas
2952 4441 3055 4496 sibi
3110 4440 3302 4496 dicari.
3338 4440 3435 4494 Ve-

1868 4556 2011 4603 rum,
2048 4538 2177 4608 quia
2209 4536 2488 4606 popularis
2518 4551 2718 4589 census
2759 4548 2991 4589 numero
3034 4532 3284 4603 superior
3326 4546 3447 4586 esse

182 4630 541 4685 δεδικαίωκεν
580 4631 609 4681 ὁ
651 4628 966 4698 νομοθέτης,
1000 4628 1461 4700 προσκομίζεσθαι
1490 4629 1600 4683 δεῖν
1625 4629 1757 4699 ὑπὲρ

1871 4630 2270 4700 reperiebatur,
2309 4627 2701 4696 abundarequc
2758 4625 3032 4696 capitibus
3073 4623 3325 4679 ducentis
3364 4638 3448 4677 se-

184 4724 357 4777 αύτῶν
386 4722 462 4776 τὰ
479 4720 661 4792 λύτρα
682 4722 747 4791 τῇ
775 4719 915 4791 φυλῇ
932 4722 997 4791 τῇ
1020 4720 1297 4790 Λευιτικῇ,
1327 4720 1399 4782 ὡς
1423 4720 1487 4773 ἆν
1506 4720 1600 4773 καὶ
1622 4720 1757 4791 ὑπὲρ

1870 4722 2147 4792 ptuaginta
2168 4718 2698 4789 tribus,sanxitlegis
2719 4719 3056 4783 conditor,ut
3083 4718 3301 4772 illorum
3330 4715 3450 4772 vice

186 4818 356 4870 αὐτῶν
385 4816 630 4869 ποιοῖντο
658 4815 754 4876 τάς
791 4811 1130 4882 λειτουργίας
1150 4853 1163 4873 ,
1199 4813 1294 4865 καὶ
1321 4812 1640 4885 ἀναφέροιεν
1668 4813 1757 4878 τάς

1868 4815 2043 4884 pretia
2076 4812 2143 4867 ad
2175 4812 2377 4866 tribum
2410 4811 2707 4866 Leviticam
2736 4810 3106 4875 deferrentur,
3131 4820 3191 4864 ut
3213 4824 3312 4879 pro
3341 4808 3451 4862 illis

185 4908 484 4978 λατρείας,
561 4905 750 4976 μισθὸν
795 4903 983 4974 ῶσπερ
1034 4903 1155 4957 τινά
1203 4903 1301 4975 τὴν
1355 4906 1757 4975 ἁπερισπάστου

1868 4906 2050 4961 cultus
2082 4904 2297 4959 divinos
2331 4903 2677 4965 exbiberent,
2720 4911 2775 4957 et
2826 4901 3093 4956 sacriﬁcia
3145 4900 3448 4964 offerrent;

188 4999 548 5070 προσεδρείας
581 4996 788 5050 τουτονὶ
814 4996 1172 5066 κομιζόμενος
1205 4998 1332 5066 παρ’
1358 4996 1555 5049 αὐτῶν.
1582 4999 1649 5050 Ἦ
1667 4998 1757 5049 οὐκ

1869 5000 1970 5053 hac
2013 4998 2179 5053 veluti
2246 4996 2497 5051 mercede
2543 4995 2611 5050 ab
2660 4995 2767 5050 illis
2816 5002 3058 5063 accepta,
3091 5008 3199 5060 quo
3218 4991 3365 5043 nulla
3392 5006 3450 5042 re

186 5095 241 5145 ὲν
264 5092 481 5154 τούτοις
511 5091 616 5160 φὴς
638 5089 735 5159 τὴν
761 5090 867 5142 τῶν
901 5088 1276 5159 προκειμένων
1306 5090 1583 5161 περίνοιαν
1605 5108 1619 5155 ;

1856 5090 2055 5145 divulsi
2108 5089 2483 5158 distractique,
2535 5087 2752 5141 assidue
2796 5085 3046 5155 religioni
3088 5082 3448 5137 deservirem.

187 5189 267 5243 An
316 5187 556 5242 minime
604 5184 797 5239 fateris
853 5183 941 5239 his
1006 5184 1194 5238 verbis
1242 5183 1489 5238 breviter
1538 5184 1999 5254 comprehensum
2021 5201 2141 5241 esse
2164 5183 2456 5254 pr0positae
2478 5181 2775 5251 Scriptura:
2807 5179 3067 5233 sensum?

255 5285 472 5339 IIAAA.
501 5282 667 5353 Φημί.

1948 5282 2147 5339 PALL.
2170 5282 2392 5337 Fateor.

257 5375 426 5428 ΚΥΡ.
468 5371 680 5426 Οὐκοῦν
710 5375 886 5426 ὲκεῖνο
914 5372 1022 5444 ἐρῶ
1050 5390 1062 5403 ·
1096 5373 1189 5426 καί
1221 5390 1310 5444 μοι
1350 5372 1509 5427 πάλιν
1556 5376 1584 5428 ό
1612 5372 1757 5442 λόγος

1947 5372 2102 5429 CYR.
2135 5371 2273 5426 Illud
2319 5369 2487 5439 igitur
2531 5366 2663 5420 mihi
2714 5363 3010 5420 dicendum
3071 5361 3313 5426 videtur,
3351 5374 3452 5417 nec

193 5463 286 5515 οὐκ
313 5464 429 5516 ἀπὸ
459 5461 666 5515 σκοποῦ
702 5461 987 5531 βαδιεῖται,
1021 5462 1162 5515 κατά
1189 5479 1252 5531 γε
1280 5462 1340 5515 τὸ
1369 5462 1515 5527 εἰκὸς
1548 5463 1643 5517 καὶ
1672 5463 1757 5517 ού)

1878 5479 1997 5517 mea
2020 5461 2195 5517 oratio
2217 5477 2246 5514 a
2274 5458 2552 5530 proposita
2586 5472 2645 5510 re
2664 5456 2771 5511 erit
2786 5455 2984 5519 aliena,
3018 5463 3290 5524 quatenus
3313 5468 3449 5507 con-

192 5554 477 5617 ἀπιθάνως
517 5553 667 5623 ἔχον*
713 5555 810 5624 ἤτε
862 5554 960 5624 μὲν
990 5554 1099 5625 γὰρ
1146 5553 1362 5625 ἀνδρίας
1410 5571 1470 5606 τε
1509 5552 1645 5624 όμοῦ
1680 5555 1757 5607 κα¹

1877 5562 2139 5629 gruenter
2168 5562 2334 5622 atque
2361 5549 2724 5619 probabiliter
2770 5547 2878 5602 dici
2910 5548 3083 5618 possit
3111 5563 3123 5598 :
3166 5544 3258 5599 ubi
3298 5544 3445 5599 enim

194 5650 511 5719 φρονήσεως
541 5645 642 5715 τῆς
675 5647 731 5698 ἐν
763 5644 985 5716 Χριστῷ
1016 5646 1311 5718 νοουμένης
1341 5645 1648 5717 ἀνάμνησις
1681 5641 1757 5715 ἦντ

1880 5642 2226 5702 fortitudinis
2244 5640 2405 5694 simul
2428 5647 2483 5693 et
2506 5636 2830 5707 prudentia,
2871 5652 2992 5706 qua:
3026 5636 3079 5689 in
3101 5633 3320 5689 Christo
3356 5630 3443 5683 in-

195 5741 288 5792 καὶ
312 5740 389 5802 ὡς
413 5742 471 5792 ὲν
494 5739 650 5808 τύπῳ
687 5737 933 5809 ζήτησις,
983 5739 1334 5811 ἀπεγράφετο
1366 5739 1423 5793 τὸ
1456 5739 1642 5810 ἄρσεν,
1674 5740 1757 5792 ού)

1879 5737 2162 5806 telligitur,
2187 5731 2393 5787 mentio
2418 5728 2601 5791 ﬁebat,
2620 5737 2803 5798 atque,
2839 5737 2895 5780 ut
2920 5728 2972 5782 in
3000 5726 3190 5796 ﬁgura,
3223 5722 3450 5793 qumstio

196 5856 242 5885 "
265 5856 430 5912 Num.
466 5870 542 5913 Ill,
570 5852 634 5906 10
664 5868 812 5924 seqq.
