4046 6570
632 434 740 493 διο

1618 443 1674 499 5.
1715 445 1988 501 CYRILLI
2028 436 2494 502 ALEXANDRINI
2531 448 2846 505 ARCHIEP.

3794 450 3910 503 35.")

622 570 777 622 erat,
816 565 945 612 tum
1000 558 1414 615 describebatur
1458 563 1797 619 masculinus
1856 574 2066 628 sexus',
2113 566 2204 634 qui

2310 566 2486 638 ἀφανῆ
2527 567 2624 638 τὴν
2665 566 2758 620 τοῦ
2808 566 3057 639 σώματος
3109 567 3319 637 ἡλικίαν
3354 567 3497 638 ἕχον.
3560 556 3795 637 Ἐπειδὴ
3842 570 3905 622 δὲ

637 650 785 705 haud
809 650 1085 705 imbecilla
1106 659 1251 706 esset
1274 653 1522 722 corporis
1557 662 1739 710 astate.
1774 654 1881 711 Sed
1907 658 2035 725 quia
2067 673 2204 727 prae-

638 750 789 797 terea
821 757 962 812 opus
984 750 1103 797 erat
1127 742 1275 797 illam
1300 755 1520 814 quoque
1584 745 2033 816 descriptionem,
2085 763 2206 817 qua:

640 849 735 901 per
759 834 916 887 ﬁdem
941 843 996 889 et
1024 835 1347 889 charitatem
1373 836 1430 889 in
1455 836 1735 891 Christum
1770 837 1850 903 ﬁt,
1903 847 2089 908 aperte
2129 839 2205 893 si-

638 922 905 993 gniﬁcari,
940 924 1100 977 simul
1136 925 1539 995 comprehenso
1567 927 1661 981 illo
1689 928 2034 992 discrimine,
2056 922 2203 999 quod

636 1015 695 1068 in
721 1014 789 1068 iis
819 1015 913 1084 qui
963 1014 1199 1069 credunt
1244 1018 1593 1087 perspicitur,
1629 1034 1697 1074 ex
1747 1020 1949 1089 quibus
2002 1021 2093 1074 alii
2123 1022 2203 1075 εἰη

637 1107 750 1161 mul
801 1115 963 1177 atque
1010 1106 1172 1161 ﬁdem
1210 1117 1563 1178 acceperunt,
1612 1110 1782 1164 sacris
1831 1111 2093 1180 operibus
2141 1119 2203 1166 ac

636 1197 731 1253 Dei
762 1198 1044 1269 obsequiis
1084 1200 1427 1265 incumbunt,
1460 1201 1553 1255 alii
1586 1216 1644 1256 se
1670 1216 1781 1256 non
1822 1202 2064 1273 integros
2092 1204 2204 1258 Deo

634 1288 841 1356 dicant,
883 1293 979 1347 sed
1007 1293 1168 1347 divisi
1195 1301 1341 1357 sunt,
1357 1309 1433 1348 'ac
1456 1294 1538 1347 sui
1573 1302 1783 1363 partem
1832 1296 1998 1351 rebus
2040 1312 2207 1351 suaet:-

636 1381 849 1436 laribus
888 1383 1178 1448 tribuunt;
1223 1400 1286 1439 ea
1345 1385 1414 1439 de
1466 1401 1631 1439 causa
1656 1386 1778 1455 jure
1830 1388 2038 1456 optimo
2072 1388 2209 1459 legis

637 1474 890 1528 conditor
913 1491 1126 1530 sacrum
1154 1476 1288 1530 illud
1314 1477 1597 1531 hominum
1622 1478 1945 1543 discrimen,
1971 1480 2118 1549 quod
2152 1482 2207 1535 in

632 1581 841 1636 genere
876 1567 1119 1623 Levitico
1151 1578 1406 1639 tanquam
1436 1571 1501 1623 'in
1529 1570 1703 1641 ﬁgura
1753 1572 2097 1643 intelligitur,
2148 1584 2209 1628 ut

637 1659 797 1713 alteri
840 1660 1196 1725 anteferatur,
1224 1662 1423 1732 jussit;
1452 1662 1801 1732 primumque
1838 1664 2016 1717 locum
2045 1672 2105 1718 ut
2154 1664 2209 1718 in

630 1752 1004 1821 descriptione
1033 1761 1233 1818 teneat,
1258 1754 1680 1823 imperavit.Hac
1705 1754 1772 1809 de
1789 1769 1951 1810 causa
1971 1756 2208 1824 primum

640 1842 871 1897 Levitici
913 1846 1131 1913 generis
1160 1846 1493 1900 mentionem
1520 1845 1667 1900 fecit.
1711 1846 1973 1916 Sequitur
2001 1854 2206 1910 autem,

642 1933 832 2003 illique
862 1936 1120 2005 adjuncta
1150 1945 1235 1991 est
1286 1938 1653 1992 masculorum
1690 1954 1757 1993 ac
1816 1938 2211 2009 primogenito-
2247 1934 2286 1987 Β

636 2041 763 2079 rum
792 2027 1061 2081 recensio.
1104 2030 1259 2098 117
1290 2030 1506 2084 Etenim
1538 2030 1594 2084 in
1633 2031 1812 2100 pretio
1858 2030 2003 2099 apud
2034 2031 2209 2085 Deum

635 2126 721 2172 est
739 2118 872 2172 illud
906 2118 1191 2173 hominum
1223 2136 1414 2191 genus,
1453 2123 1598 2191 quod
1645 2131 1904 2193 tanquam
1937 2123 2209 2193 spirituali

630 2210 961 2268 fortitudine
989 2213 1299 2282 praeditum,
1330 2222 1385 2268 et
1413 2214 1658 2279 Christo,
1684 2216 1776 2284 qui
1824 2222 1908 2270 est
1932 2216 2208 2286 primoge—

636 2304 807 2369 nitus,
835 2304 1116 2359 conforme
1146 2314 1441 2375 spectatur.
1472 2306 1659 2375 Itaque
1685 2306 1875 2359 beatus
1918 2306 2119 2360 Paulus
2144 2307 2209 2360 ad

638 2397 928 2465 quosdam,
955 2397 1047 2467 qui
1076 2396 1450 2452 claudicarent
1471 2398 1616 2452 circa
1648 2397 1830 2463 ﬁdem,
1861 2402 1916 2452 et
1966 2399 2020 2452 in
2056 2398 2209 2470 frigi-

638 2489 737 2542 das
763 2489 1055 2558 opiniones
1101 2489 1400 2543 effeminati
1454 2497 1659 2553 essent,
1711 2490 1935 2544 scribit:
1983 2510 1999 2540 ‹
2032 2490 2210 2544 Filioli

639 2580 769 2644 mei,
796 2596 932 2649 quos
954 2581 1151 2634 iterum
1182 2581 1451 2651 parturio,
1500 2581 1682 2635 donec
1731 2580 2001 2635 formetur
2046 2580 2210 2636 Chri-

635 2682 755 2727 stus
792 2672 849 2726 in
870 2672 1129 2727 vobis"‘.
1155 2693 1173 2723 ι
1204 2673 1529 2727 Admittitur
1551 2688 1682 2742 ergo
1734 2672 1792 2725 in
1832 2673 1927 2725 Dei
1979 2673 2207 2738 librum,

637 2760 890 2831 quisquis
934 2761 1333 2832 primogenitus
1389 2762 1574 2826 fuerit,
1629 2770 1690 2816 ut
1737 2762 1831 2831 qui
1880 2762 1949 2816 sit
1990 2761 2211 2819 Christo

634 2850 937 2909 conformis
970 2868 982 2903 :
1030 2852 1305 2907 masculus
1339 2852 1469 2907 item
1519 2860 1574 2907 et
1608 2851 1900 2923 prudentia
1956 2860 2206 2908 ornatus.

636 2942 774 3000 Illud
798 2958 929 2998 vero
959 2943 1362 2999 animadvertas
1376 2944 1559 3007 velim,
1590 2944 1658 2998 ab
1700 2945 1827 2999 aliis
1857 2944 2081 3014 quidem
2109 2945 2210 2999 tri-

637 3036 839 3099 bubus,
880 3045 941 3091 ut
965 3036 1128 3091 modo
1162 3036 1298 3101 dixi,
1326 3052 1437 3090 non
1464 3052 1683 3091 omnem
1721 3036 2022 3091 masculum
2056 3036 2211 3089 nullo

633 3125 951 3181 discrimine
979 3125 1275 3189 recenseri,
1292 3126 1386 3180 sed
1410 3126 1587 3181 solum
1609 3127 2038 3196 primogenitum
2067 3145 2079 3179 :
2110 3143 2207 3181 ne-

634 3233 742 3286 que
794 3216 942 3271 enim
986 3232 1179 3273 omnes
1232 3217 1484 3272 homines
1523 3216 1629 3272 ﬁde
1682 3217 1925 3288 insignes
1955 3228 2102 3281 sunt,
2153 3228 2207 3273 et

2314 656 2448 727 πρὸς
2460 655 2669 720 τούτοις
2684 652 2861 729 ¹ἐχρῆν
2884 658 2983 711 καὶ
3006 656 3102 729 τὴν
3125 658 3199 722 ὡς
3219 659 3275 710 ὲν
3292 659 3471 711 πίστει
3499 676 3559 711 τε
3581 659 3672 711 καὶ
3693 658 3911 731 ἀγάπῃ

2311 748 2378 816 τῇ
2430 748 2510 811 εἰς
2544 748 2775 815 Χριστὸν
2807 748 3105 819 γενομένην
3139 749 3467 819 ἀπογραφὴν
3508 744 3567 801 εὖ
3602 749 3762 818 μάλα
3800 764 3909 800 κα-

2294 854 2446 910 ταση
2456 836 2758 909 μαίνεσθαι,
2775 840 3269 912 συμπεπλεγμένης
3281 841 3558 912 διαφορᾶς,
3570 842 3643 911 ἢν
3655 841 3738 903 ὡς
3758 839 3823 893 ἐν
3847 856 3904 908 γε

2300 938 2421 997 τοῖς
2475 936 2819 989 πιστεύουσιν
2853 936 2998 990 ἔστιν
3048 937 3193 991 ἰδεῖν.
3233 940 3294 990 Oi
3328 937 3424 1007 μὲν
3463 938 3591 1008 γὰρ,
3624 938 3776 1006 ὁμοῦ
3826 936 3910 1005 τῷ

2313 1025 2711 1109 παραδέχεσθαι
2739 1026 2836 1097 τὴν
2865 1028 3063 1090 πίστιν,
3093 1029 3185 1081 καὶ
3204 1028 3267 1080 ’τὸ
3294 1029 3352 1080 έν
3376 1029 3555 1098 ἔργοις
3591 1028 3774 1097 ἱερὸν,
3807 1029 3905 1079 καὶ

2309 1110 2407 1186 τὴν
2460 1116 2562 1169 ὑπὸ
2604 1116 2722 1187 Θεῷ
2767 1117 3008 1171 δουλείαν
3058 1118 3512 1189 ἐπιτηδεύουσιν·
3568 1120 3615 1172 οἱ
3674 1118 3744 1171 δὲ
3800 1119 3902 1187 οὐκ

2296 1207 2597 1278 ὁλόκληρον
2643 1208 2917 1262 ποιοῦνται
2968 1210 3066 1281 τὴν
3112 1210 3445 1280 ἀφιέρωσιν,
3490 1208 3903 1281 μεμερισμένοι

2312 1298 2447 1369 πρὸς
2479 1299 2547 1352 τὰ
2590 1294 2654 1353 ⁵ὲν
2692 1302 2890 1371 κόσμῳ
2917 1318 2930 1331 '
2961 1301 3134 1373 ταύτῃ
3160 1319 3255 1381 τοι
3275 1302 3497 1364 δικαίως
3530 1304 3557 1355 ὁ
3583 1300 3903 1370 νομοθέτης

2312 1389 2681 1460 προτιμᾶσθαι
2712 1389 2939 1460 θατέρου
2990 1392 3199 1444 κελεύει
3229 1392 3287 1445 τὸ
3326 1393 3489 1462 ἱερὸν,
3524 1394 3597 1455 ὡς
3645 1395 3704 1444 ὲν
3736 1394 3900 1461 τύπῳ

2310 1481 2599 1551 νοούμενον
2628 1481 2775 1551 γένει
2806 1482 2883 1552 τῷ
2910 1482 3212 1553 Λευιτικῷ·
3244 1484 3335 1536 καὶ
3364 1483 3452 1537 τὸν
3490 1484 3710 1553 πρῶτον
3746 1484 3900 1553 ἔχειν

2298 1574 2367 1626 νὲν
2400 1574 2714 1645 ἀπογραφῇ,
2749 1574 3082 1646 προστέταχε
3112 1575 3294 1627 τόπον.
3324 1574 3547 1646 Πρώτου
3578 1575 3646 1644 δὴ
3673 1572 3776 1627 οὖν
3810 1576 3899 1628 διᾶ

2310 1662 2466 1717 τοῦτο
2502 1660 2829 1734 μνημονεύει
2858 1663 2952 1716 τοῦ
2978 1658 3284 1727 Λευιτικοῦ,
3306 1652 3501 1717 ἕπεται
3531 1665 3587 1718 δὲ
3621 1665 3782 1733 αὐτῷ
3805 1667 3898 1717 καὶ

2313 1750 2678 1824 παρέζευκταί
2723 1772 2839 1817 πως
2864 1795 2879 1819 ,
2907 1754 2968 1807 τὸ
2996 1756 3158 1825 ἄρσεν
3185 1772 3244 1807 τε
3279 1756 3370 1807 καὶ
3414 1755 3473 1808 τὸ
3502 1757 3860 1825 πρωτότοκον
3880 1796 3893 1815 ,

2324 1841 2705 1915 Ἐκτετίμηται
2738 1845 2848 1917 γὰρ
2879 1845 3029 1917 παρὰ
3057 1845 3173 1917 Θεῷ
3200 1845 3339 1909 λίαν,
3375 1846 3433 1899 τὸ
3471 1846 3544 1909 ὡς
3578 1847 3637 1899 ἐν
3670 1846 3896 1916 ἀνδρεία

2306 1932 2379 2006 ’τῇ
2432 1932 2776 2009 πνευματικῇ
2828 1938 2922 1991 καὶ
2977 1940 3033 1991 έν
3082 1939 3409 2009 συμμορφίᾳ
3454 1938 3772 2009 νοούμενον⁹
3828 1941 3891 2009 τῇ

2308 2028 2453 2081 κατά
2486 2022 2738 2098 Χριστὸν,
2780 2020 2842 2092 ὃς
2864 2020 3375 2100 ¹ἐστι“πρωτότοκος.
3415 2016 3524 2084 Καὶ
3558 2029 3691 2098 γοῦν
3720 2033 3751 2083 ὁ
3779 2031 3898 2083 θεσο

2308 2117 2499 2179 πέσιος
2526 2113 2739 2181 Παῦλος
2767 2119 3068 2172 ἐπιστέλλει
3098 2120 3208 2173 τισὶ
3240 2120 3348 2173 τῶν
3387 2119 3729 2184 ὀκλαζόντων
3766 2123 3890 2192 περὶ

2309 2210 2411 2280 τὴν
2445 2209 2647 2275 πίστιν,
2673 2210 2763 2264 καὶ
2792 2204 2869 2275 είς
2892 2212 3101 2276 ἐννοίας
3125 2213 3335 2284 ψυχρὰς
3364 2200 3884 2285 ἐκτεθηλυμμένων⁸

2310 2320 2337 2353 1
2370 2297 2576 2355 ’Τεκνία
2624 2320 2747 2372 μου,
2794 2302 2884 2367 οὓς
2921 2304 3079 2357 πάλιν
3105 2304 3309 2370 ὠδίνω,
3339 2306 3495 2375 ἄχρις
3524 2300 3586 2359 οὗ
3628 2306 3887 2376 μορφωθῇ

2311 2388 2546 2468 Χριστὸς
2577 2396 2634 2447 ὲν
2663 2392 2808 2466 ὑμῖν.
2846 2416 2862 2447 ι
2891 2397 3087 2459 Δεκτὸς
3114 2382 3203 2451 οὖν
3225 2399 3331 2467 ἄρα
3350 2400 3445 2449 καὶ
3475 2400 3533 2450 έν
3564 2394 3737 2466 βίϐλῳ
3759 2396 3890 2448 Θεοῦ

2314 2489 2441 2549 πᾶς.
2467 2488 2494 2540 ὁ
2521 2486 2594 2549 ὡς
2611 2490 2668 2540 ὲν
2705 2487 2981 2559 μορφώσει
3009 2491 3075 2559 τῇ
3101 2489 3240 2542 κατὰ
3262 2487 3489 2560 Χριστὸν
3516 2488 3889 2558 πρωτότοκος,

2312 2579 2487 2649 ἄρσην
2508 2595 2567 2631 τε
2601 2580 2693 2632 καὶ
2722 2578 3178 2651 ὲμφρονέστάτος.
3222 2581 3500 2651 Ἐπιτηρει
3529 2579 3586 2632 δὲ
3610 2581 3694 2632 ὅτι
3726 2578 3888 2631 καθά-

2279 2684 2291 2694 ’
2314 2686 2418 2741 περ
2458 2669 2594 2740 ἔφην
2626 2670 2846 2740 ἀρτίως,
2886 2671 2994 2724 ἀπὸ
3027 2671 3126 2742 μὲν
3153 2670 3261 2724 τῶν
3302 2669 3662 2741 έτεροφύλων,
3692 2671 3753 2723 ού
3788 2672 3889 2722 πᾶν

2312 2762 2476 2833 ἄρσεν
2507 2764 2689 2828 ἁπλῶς
2719 2764 2901 2835 ὲναρίθ
2913 2781 3052 2834 μιον,
3084 2764 3218 2818 ἀλλὰ
3241 2765 3400 2834 μόνον
3430 2764 3492 2817 τὸ
3519 2764 3882 2835 πρωτότοκον·

2308 2852 2369 2905 ὀύ
2402 2852 2508 2924 γάρ
2537 2871 2619 2907 τοι
2657 2855 2764 2916 πᾶς
2797 2853 3082 2925 ἄνθρωπος
3128 2854 3184 2905 ἐν
3216 2854 3397 2906 πίστει
3426 2853 3768 2926 διαπρεπὴς,
3798 2855 3887 2907 καὶ

2312 2946 2369 2997 ἐν
2402 2946 2723 3016 συμμορφία
2762 2946 2829 3016 τῇ
2872 2945 3015 2998 κατὰ
3049 2946 3303 3017 Χριστὸν,
3343 2946 3528 3000 πολλοὶ
3578 2946 3691 3015 γὰρ
3721 2948 3771 2999 οἱ
3818 2948 3884 3016 μὴ

2312 3033 2729 3099 πιστεύσαντες,
2766 3034 3115 3106 ἀνάγραπτον
3149 3036 3205 3089 δὲ
3242 3037 3337 3089 καὶ
3368 3036 3423 3088 ὲν
3454 3036 3678 3106 ἀριθμῷ
3736 3038 3887 3107 μόνον

2310 3124 2425 3176 ἐστὶ
2439 3123 2496 3176 τὸ
2511 3124 2872 3192 πρωτότοκον,
2894 3123 2981 3177 διὰ
2997 3123 3084 3176 τὸν
3101 3125 3158 3176 ὲν
3176 3118 3307 3195 ἡμῖν
3326 3126 3694 3195 πρωτότοκον,
3719 3126 3810 3177 καὶ
3832 3129 3883 3178 ὲν

2312 3213 2527 3276 πολλοῖς
2550 3212 2819 3282 ἀδελφοῖς.
2847 3214 3026 3267 ’Ἄπαν
3048 3214 3106 3267 δὲ
3129 3214 3291 3285 ἄρσεν
3320 3213 3505 3278 ἁπλῶς
3531 3218 3625 3268 καὶ
3648 3204 3885 3286 ἀδιακρί-

634 3308 854 3363 Christo
885 3310 1233 3375 conformes;
1294 3316 1423 3363 sunt
1453 3310 1599 3363 enim
1624 3286 1877 3379 plerique
1918 3308 2201 3363 infideles:

2310 3323 2419 3370 τως
2451 3305 2507 3359 ἐν
2541 3322 2604 3374 γε
2632 3308 2744 3369 τοῖς
2777 3307 3082 3368 Λευιτικοῖς
3114 3307 3170 3358 ὲν
3197 3306 3489 3377 ἀπογραφῇ
3520 3306 3616 3360 καὶ
3656 3307 3717 3360 ὲν
3746 3308 3885 3359 Exlo-

635 3399 732 3453 sed
769 3399 859 3452 ille
916 3398 1253 3455 describitur
1304 3401 1482 3454 solum
1514 3406 1678 3470 atque
1724 3410 2070 3466 numeratur,
2114 3402 2206 3471 qui

636 3488 1038 3559 primogenitus
1060 3491 1247 3556 fuerit,
1274 3498 1498 3561 propter
1536 3506 1683 3555 eum,
1716 3492 1811 3560 qui
1856 3492 1911 3546 in
1959 3493 2120 3547 nobis
2154 3494 2210 3547 in

634 3578 931 3649 multisque
955 3580 1220 3636 fratribus
1240 3582 1646 3652 Primogenitus
1671 3588 1754 3637 est
1778 3583 1844 3636 7‘.
1899 3583 1965 3637 At
1997 3598 2126 3637 vero
2153 3585 2208 3638 in

638 3672 953 3725 Levitarum
1004 3688 1172 3728 censu
1216 3688 1379 3727 omne
1440 3675 1805 3729 masculinum
1859 3676 2207 3745 premiscue,

636 3761 789 3815 nullo
820 3762 1033 3816 delectu
1062 3764 1114 3817 in
1150 3764 1556 3834 descriptiones
1580 3764 1843 3829 refertur,
1872 3776 1927 3821 et
1951 3767 2008 3820 in
2058 3782 2212 3820 sum-

637 3866 782 3907 mam
825 3854 1133 3924 colligitur:
1162 3870 1311 3920 nam,
1363 3857 1509 3926 quod
1555 3868 1806 3912 sanctum
1834 3866 1938 3923 cst,
1970 3858 2025 3913 id
2063 3860 2211 3913 omni

636 3966 705 4004 ex
732 3959 888 4021 parte
931 3958 1015 4005 est
1062 3950 1177 4006 Deo
1202 3960 1514 4021 cognatum.
1541 3949 1623 4006 Ab
1647 3966 1758 4006 uno
1780 3964 1915 4006 vero
1940 3966 2127 4006 mense
2158 3958 2213 4005 et

636 4055 805 4111 supra
836 4041 1226 4096 describuntur
1270 4044 1542 4113 :ejusque
1594 4044 1672 4097 rei
1719 4054 1969 4114 quamam
2028 4040 2212 4097 afferri

636 4134 777 4189 ratio
802 4136 1019 4204 potest?
1046 4135 1123 4190 Ea
1150 4148 1367 4206 nempe,
1405 4134 1550 4207 quod
1574 4135 1664 4191 illa
1688 4136 1931 4191 ﬁdelium
1956 4138 2013 4190 in
2053 4135 2213 4191 Chri-

634 4232 720 4280 sto
744 4224 970 4280 infantia
997 4226 1223 4281 minime
1254 4243 1283 4281 a
1317 4227 1428 4282 Deo
1453 4228 1739 4297 rejicitur;
1791 4240 1915 4281 nam
1960 4228 2050 4281 illa
2079 4236 2210 4281 aeta-

635 4316 706 4369 tis
744 4317 1013 4387 exiguitas
1040 4318 1210 4373 veluti
1236 4326 1365 4373 nota
1404 4327 1487 4374 est
1536 4320 1683 4375 illius
1729 4320 1784 4373 in
1829 4318 2051 4374 Christo
2082 4319 2213 4373 sim-

632 4408 893 4478 plicitatis
918 4426 982 4465 ac
998 4411 1302 4481 spiritualis
1333 4410 1594 4466 infantiae.
1622 4411 1691 4467 Ut
1717 4411 1863 4465 enim
1890 4410 2211 4466 dicebamus

633 4509 888 4571 tanquam
915 4516 1126 4567 eorum,
1172 4504 1265 4572 qui
1300 4511 1485 4558 essent
1516 4503 1584 4557 ad
1623 4515 1858 4574 pugnam
1907 4502 2208 4573 promptis-

2311 3399 2530 3468 γισμοίς
2550 3412 2564 3426 ο
2600 3395 2721 3466 Θεῷ
2752 3396 2860 3467 γὰρ
2889 3398 3087 3449 οἰκεῖον
3119 3394 3426 3467 ὁλοκλήρως
3465 3396 3522 3449 τὸ
3555 3396 3737 3465 ἅγιον.
3771 3399 3881 3466 Mr,-

2312 3489 2455 3539 νιαία
2470 3486 2527 3538 δὲ
2560 3486 2653 3539 καί
2678 3485 2863 3539 ἐπάνω
2883 3484 2952 3538 τὰ
2981 3486 3431 3557 ἀπογραφόμενα·
3467 3488 3558 3539 καὶ
3586 3487 3672 3551 τίς
3768 3487 3885 3557 πρό-

2315 3588 2514 3648 euang;
2553 3578 2676 3631 Ὅτι
2697 3576 2804 3629 τῶν
2835 3578 3276 3630 πεπιστευκότων
3307 3576 3339 3646 ὴ
3368 3578 3425 3630 έν
3447 3576 3671 3649 Χριστῷ
3705 3579 3883 3648 νηπιό-

2314 3687 2439 3740 της,
2476 3670 2573 3722 οὐκ
2604 3668 2908 3740 ἀπόϐλητος
2948 3668 3100 3740 παρά
3128 3658 3266 3739 Θεῷ,
3308 3668 3577 3739 σύμϐολος
3616 3670 3678 3724 δὲ
3710 3671 3883 3741 ὥσπερ

2311 3763 2412 3833 τῆς
2449 3762 2750 3832 ἁπλότητος
2778 3760 2878 3831 τῆς
2909 3762 2967 3813 ὲν
2999 3761 3243 3833 Χριστῷ,
3274 3760 3366 3814 καὶ
3397 3762 3779 3833 πνευματικῆς
3802 3780 3882 3831 νη-

2316 3854 2586 3923 πιότητος,
2619 3854 2677 3906 τδ
2713 3854 2812 3922 τῆς
2849 3852 3063 3925 ἡλικίας
3086 3853 3277 3923 κομιδῆ
3307 3852 3500 3925 βραχύ.
3542 3854 3760 3924 Ὠσπερ
3787 3853 3883 3922 γὰρ

2314 3946 2573 4017 ἐλέγομεν
2617 3946 2691 4008 ὡς
2733 3947 2791 3998 ὲν
2837 3948 2948 4008 τοῖς
2998 3944 3409 4016 μαχιμωτάτοις
3434 3984 3449 4009 ,
3483 3945 3664 4009 καλῶς
3708 3963 3765 3997 τε
3798 3946 3879 3997 καὶ

2315 4038 2631 4111 ἀμωμήτως
2657 4038 2982 4109 γεγενῆσθαι
3020 4038 3117 4109 τὴν
3146 4038 3469 4109 ἀπογραφὴν
3500 4034 3609 4091 ἀπὸ
3644 4038 3880 4090 εἰκοσαε-

2314 4132 2439 4193 τοῦς
2466 4132 2560 4184 καὶ
2581 4131 2787 4194 ὲπάνω,
2820 4130 2961 4184 οὕτω
2986 4130 3184 4200 φαμὲν,
3220 4132 3303 4183 ὅτι
3331 4130 3430 4200 τῆς
3454 4130 3511 4182 ὲν
3540 4130 3767 4200 Χριστῷ
3793 4147 3876 4198 vr,-

2316 4223 2566 4293 πιότητος
2591 4262 2606 4285 ,
2646 4224 2871 4293 σημεῖον
2905 4223 2970 4275 ἂν
2999 4222 3206 4290 γένοιτο
3245 4222 3449 4291 σαφὲς,
3476 4223 3504 4274 ὁ
3538 4222 3603 4275 ὲκ
3636 4223 3877 4292 μηνιαίου

2314 4316 2522 4385 καιρός.
2552 4312 2827 4366 Τοιουτονὶ
2855 4313 2911 4366 δὲ
2929 4313 3024 4367 καὶ
3052 4314 3079 4366 ό
3110 4312 3321 4377 Παῦλός
3348 4329 3533 4384 φησιν’
3562 4332 3581 4365 ι
3622 4312 3874 4381 Ἀδελφοί,

2315 4405 2390 4476 μὴ
2412 4404 2602 4458 παιδία
2634 4402 2848 4472 γίνεσθε
2875 4406 2990 4466 ταῖς
3015 4404 3229 4475 φρεσὶν,
3254 4404 3391 4457 ἀλλά
3411 4396 3475 4475 τῇ
3501 4406 3674 4477 κακία⁵
3704 4405 3877 4476 νηπιά-

2314 4492 2461 4559 ζετεο
2500 4498 2616 4559 ταῖς
2641 4495 2697 4548 δὲ
2730 4495 2940 4565 φρεσὶν,
2968 4494 3162 4547 τέλειοι
3194 4492 3428 4563 γίνεσθε.
3464 4514 3481 4545 ι

632 4598 756 4652 simi
783 4606 929 4653 recte
960 4608 1120 4669 atque
1158 4600 1366 4655 ratione
1390 4600 1585 4655 factam
1614 4615 1733 4654 esse
1768 4598 2195 4669 descriptionem
2225 4611 2255 4650 a
2278 4591 2540 4663 vigesimo
2586 4592 2731 4645 anno
2780 4598 2836 4644 et
2868 4605 3051 4659 supra,
3108 4589 3188 4644 sic
3245 4588 3481 4645 dicimus
3518 4592 3654 4646 illud
3689 4591 3876 4648 mensis

635 4690 797 4745 unius
834 4700 1070 4762 tempus,
1116 4694 1263 4749 illius
1300 4695 1356 4748 in
1407 4694 1629 4749 Christo
1681 4690 1923 4749 infantim
1976 4694 2192 4763 signum
2227 4703 2348 4745 esse
2406 4685 2780 4756 perspicuum.
2812 4687 2941 4740 Tale
2999 4674 3259 4755 quiddam
3316 4690 3481 4744 etiam
3515 4690 3713 4746 beatus
3753 4691 3876 4744 Pau-

634 4779 719 4835 lus
744 4781 818 4836 ait
846 4802 858 4837 :
892 4784 1166 4848 «Fratres,
1198 4787 1365 4841 nolite
1398 4786 1554 4855 pueri
1598 4786 1736 4841 efﬁci
1784 4785 2060 4853 sensibus,
2098 4785 2193 4842 sed
2234 4780 2444 4838 malitia
2469 4780 2683 4851 parvuli
2717 4789 2915 4844 estote,
2950 4778 3206 4834 sensibus
3266 4790 3449 4838 autem
3516 4785 3748 4854 perfecti
3772 4786 3865 4837 ⁷⁸.»

706 4875 900 4930 PALL.
939 4876 1030 4932 Sic
1057 4878 1223 4949 igitur
1246 4878 1353 4932 erit
1378 4879 1540 4933 nobis
1584 4876 2027 4946 existimandum,
2077 4897 2208 4951 par—

2384 4870 2590 4927 IIAAA.
2626 4863 2933 4943 Οίησόμεθα
2974 4870 3037 4940 δὴ
3076 4866 3191 4935 οὖν,
3230 4871 3304 4935 ὼς
3335 4874 3751 4953 συμμεθέξομεν
3776 4876 3869 4935 τοῖς

634 4969 826 5041 ticipes
856 4987 956 5025 nos
979 4970 1195 5025 futuros
1216 4986 1407 5025 eorum
1447 4987 1567 5041 quae
1590 4974 1762 5026 sancti
1794 4974 1898 5029 viri
1918 4990 2018 5029 suo
2049 4976 2174 5045 quis
2199 5009 2207 5017 -

630 5079 735 5132 que
763 5063 1009 5133 periculo
1025 5062 1262 5119 feliciter
1285 5063 1574 5134 gesserint,
1614 5065 1668 5119 in
1688 5081 1755 5120 eo
1791 5066 1939 5137 quod
1964 5068 2115 5122 viros
2146 5084 2205 5122 sc

631 5154 1010 5221 praestiterint,
1063 5171 1389 5226 summoque
1436 5154 1621 5212 studio
1648 5158 1914 5221 curarint,
1980 5167 2041 5213 ut
2084 5158 2205 5213 lau-

630 5242 753 5295 dem
779 5245 978 5297 mereri
1005 5253 1248 5314 possent.

699 5330 855 5385 CYR.
892 5332 1121 5389 Maxime
1150 5350 1282 5389 vero
1322 5352 1334 5387 :
1372 5332 1623 5403 quamvis
1671 5333 1817 5387 enim
1868 5342 2057 5387 ret'era
2099 5334 2202 5403 ipsi

630 5422 832 5476 divinis
853 5424 1001 5493 pleni
1028 5433 1155 5479 sunt
1178 5425 1546 5489 charismatis,
1586 5424 1976 5493 laboribusque
2016 5438 2080 5479 ac
2110 5440 2203 5479 su-

631 5510 858 5566 doribus
880 5513 984 5567 hoc
1010 5513 1213 5568 donum
1252 5516 1618 5585 perceperint,
1652 5512 1973 5583 inﬁnitaque
2024 5524 2202 5569 certa-

633 5603 779 5657 mina
806 5605 1232 5674 pcrcurrerint;
1281 5613 1459 5661 tamen
1488 5606 1543 5659 in
1572 5620 1674 5660 nos
1707 5619 1926 5675 quoque
1967 5620 2035 5659 ex
2075 5605 2205 5660 cha-

635 5692 794 5749 ritate
832 5695 929 5749 Dei
966 5710 1062 5750 sua
1090 5696 1231 5751 dona
1268 5696 1585 5751 refundunt.
1630 5697 1816 5766 itaque
1841 5697 2033 5752 beatus
2059 5697 2205 5753 Pau-

702 5876 763 5916 ⁷³’
803 5876 974 5932 Galat.
1020 5894 1088 5941 ιγ,
1144 5879 1226 5931 19.
1308 5882 1349 5910 τί
1378 5880 1529 5932 Rom.
1592 5895 1703 5939 Vill,
1746 5879 1835 5932 ‘29.

2306 4956 2519 5034 ἁγίοις,
2582 4958 2766 5034 ὧνπερ
2810 4964 2875 5016 ἂν
2921 4963 3268 5027 αὐτοὶ,⁷ταῖς
3300 4980 3363 5032 γε
3412 4964 3475 5035 δὴ
3510 4966 3661 5035 σφῶν
3708 4964 3867 5019 αὐτῶν

2308 5056 2713 5130 κατορθώσειαν
2744 5055 2810 5110 ἂν
2844 5056 3135 5125 κεφαλαῖς,
3169 5056 3545 5128 ἀνδριζόμενοί
3574 5074 3635 5110 τε
3676 5060 3769 5111 καὶ
3793 5055 3866 5108 εύ-

2306 5151 2548 5222 δοκιμεῖν
2576 5150 2658 5202 ὅτι
2692 5147 2929 5217 μάλιστα
2956 5146 3422 5213 διεσπουδακότες.

2377 5327 2540 5383 ΚΥΡ.
2585 5326 2734 5380 Πάνυ
2791 5328 2889 5397 μὲν
2920 5322 3013 5380 οὖν
3035 5367 3049 5392 ,
3086 5326 3245 5399 εἴπερ
3274 5328 3409 5381 εἰσὶν
3440 5324 3655 5398 ἀληθῶς
3674 5367 3691 5389 ,
3730 5322 3864 5378 αὐτοὶ

2311 5419 2407 5490 μὲν
2430 5418 2588 5473 θείων
2612 5420 2905 5490 ἀνάμεστοι
2934 5420 3309 5492 χαρισμάτων,
3339 5418 3519 5481 πόνοις
3545 5418 3639 5470 καὶ
3666 5416 3864 5487 ἱδρῶσιν

2311 5498 2520 5575 ἑλόντες
2544 5512 2607 5564 τὸ
2639 5510 2830 5582 δῶρον,
2865 5511 2958 5565 καὶ
2990 5510 3075 5565 διὰ
3109 5511 3316 5582 μυρίων
3338 5513 3477 5565 ὅσων
3510 5508 3736 5578 ἀγώνων
3756 5505 3863 5561 ἐλά·

2316 5617 2538 5665 σαντες’
2579 5602 2961 5673 ἁναπιμπλᾶσι
2995 5601 3050 5655 δὲ
3088 5601 3181 5655 καὶ
3211 5601 3357 5672 ἡμᾶς
3397 5599 3506 5653 τῶν
3538 5599 3687 5670 σφίσι
3722 5597 3863 5651 δεδω-

2320 5695 2567 5767 ρημένων
2614 5693 2674 5761 ἐξ
2717 5696 2936 5766 ἀγάπης
2972 5695 3127 5751 Θεοῦ.
3180 5694 3289 5750 Καὶ
3340 5695 3470 5763 γοῦν
3518 5696 3547 5747 ὁ
3597 5694 3859 5751 θεσπέσιος

1944 5880 1987 5908 7⁵
2013 5878 2029 5932 l
2052 5876 2175 5933 Cor.
2206 5892 2315 5943 xn',
2337 5873 2423 5929 ‘20.
