4046 6492
93 397 207 458 321
530 409 534 411 Α
857 396 946 451 DE
986 393 1429 451 ADORATIONE
1469 393 1535 449 IN
1573 390 1843 450 SPIRITU
1886 391 1974 447 ET
2013 390 2389 449 \‘ERITATE.
2422 393 2549 449 un.
2576 393 2660 448 iv.
3266 392 3372 455 5.33

97 520 322 582 Παῦλος
342 516 685 589 προσεφώνει
708 517 820 570 τισὶ
843 515 953 569 τῶν
971 518 1415 572 πεπιστευκότων
1439 536 1450 548 ο
1480 534 1511 567 ι.
1542 516 1692 579 Ἐπι-

1795 514 1882 567 lus
1904 511 2191 583 quosdam,
2238 512 2332 581 qui
2355 511 2728 576 crediderant,
2755 511 3139 583 alloquebatur
3168 535 3180 569 :
3221 518 3372 575 «διιε-

95 612 264 666 τεοθῶ
290 611 423 684 γὰρ»
453 610 582 664 ίδεῖν
617 610 761 681 ὑμᾶς
802 609 890 663 ἵνα
935 627 988 662 τι
1027 608 1242 679 μεταδῶ
1284 609 1413 679 ὑμῖν
1444 608 1691 678 χάρισμα

1796 604 1982 659 sidero
2005 605 2153 659 enim
2175 604 2365 659 videre
2386 620 2506 668 vos,
2535 613 2597 659 ut
2647 603 2870 675 aliquod
2902 606 3060 661 vobis
3089 608 3374 680 impertiar

94 703 509 773 πνευματικόν.
548 720 567 754 ι
614 703 684 754 Ἦ
713 702 822 772 γὰρ
846 700 1019 770 ..οὐχὶ
1066 699 1243 764 ξένιον
1281 699 1552 770 οὐράνιον,
1597 698 1692 767 χά-

1795 698 2079 752 charisma
2129 696 2424 766 spirituale
2469 698 2535 750 ⁷⁶.
2597 716 2616 747 ι
2662 696 2744 751 An
2776 706 2833 751 tu
2908 700 3131 756 caeleste
3174 718 3390 759 munus

96 796 293 870 ρισμά
328 813 387 849 τε
416 793 785 865 πνευματικὸν
817 786 969 845 εἶναι
997 792 1124 862 φὴς,
1158 791 1258 861 τὴν
1302 789 1601 860 ἀμώμητόν
1634 804 1694 841 τε

1792 789 2176 859 charismaque
2223 788 2506 857 spirituale
2528 803 2649 843 esse
2677 804 2849 859 negas
2891 791 3040 845 illam
3072 794 3376 862 reprehen-

94 889 204 942 καὶ
228 887 448 957 ἀπλανῆ
475 888 604 959 περὶ
623 885 759 939 Θεοῦ
782 884 1003 953 γνῶσιν,
1027 884 1247 954 καὶ-τὴν
1269 882 1355 951 ἐφ’
1381 882 1554 936 ἅπασι
1582 884 1692 943 τοῖς

1795 881 1947 935 sione
2019 894 2319 949 erroreque
2361 888 2646 933 vacantem
2704 880 2773 935 de
2810 882 2923 935 Deo
2982 884 3370 953 cognitionem,

93 979 351 1050 ἀρίστοις
388 980 590 1049 εἴδησιν
610 977 812 1049 ἀκριδῆ
834 994 849 1042 ;

1796 971 2279 1040 certissimamque
2329 969 2397 1024 de
2458 969 2627 1027 rebus
2696 972 3166 1041 prmstantissimis
3216 977 3378 1047 118

1797 1064 1851 1117 iu
1861 1064 2080 1133 telligen
2088 1064 2216 1117 tiam
2230 1064 2257 1115 ,?

174 1157 394 1211 ΠΔΛΛ.
427 1156 555 1209 Ναί.
590 1154 763 1223 Εἴπερ
795 1154 911 1207 ἐστὶ
948 1152 1009 1206 τὸ
1041 1152 1229 1223 χρῆμα
1260 1150 1539 1216 ζιυοποιόν.
1574 1150 1696 1203 Τοι-

1862 1156 2060 1211 PALL.
2094 1157 2207 1210 lmo
2234 1156 2442 1211 fateor:
2472 1155 2743 1224 siquidem
2768 1166 2853 1213 est
2872 1172 2941 1211 ea
2972 1173 3061 1212 res
3084 1160 3209 1215 vitae
3238 1160 3374 1216 επε-

94 1250 300 1319 γάρτοι
324 1247 514 1317 σαφῶς
539 1246 787 1299 διειδέναι
817 1245 900 1307 τίς
928 1244 1025 1314 μὲν
1054 1242 1254 1312 δφύσει
1277 1244 1452 1295 τεκαὶ
1482 1241 1692 1312 ἀληθῶς

1803 1250 1965 1303 ctrix.
1993 1249 2210 1303 Etenim
2232 1264 2395 1304 nosse
2438 1249 2565 1319 quis
2595 1257 2792 1304 natura
2840 1265 2903 1303 ac
2957 1266 3147 1305 revera
3198 1252 3380 1308 sitre-

94 1341 213 1393 τῶν
231 1340 373 1393 ὅλων
395 1339 457 1410 δη
467 1338 741 1410 μιουργδς,
773 1337 866 1389 καὶ
886 1336 1039 1401 Θεὸς,
1068 1335 1194 1388 ποία
1218 1334 1272 1386 δὲ
1289 1333 1425 1405 ζωὴ,
1447 1336 1479 1403 ἡ
1498 1333 1692 1404 ἀρίστη

1798 1357 1919 1395 rum
1944 1342 2190 1395 omnium
2228 1340 2414 1411 opifex
2439 1356 2503 1395 ac
2531 1341 2695 1411 Deus,
2718 1341 2865 1409 quod
2919 1340 3050 1395 item
3108 1343 3376 1411 optimum

93 1432 314 1501 τρίϐος,
345 1435 428 1495 είς
459 1430 785 1502 μακραίωνά
810 1445 871 1482 τε
903 1429 997 1481 καὶ
1033 1426 1389 1497 ἀτελεύτητον
1422 1424 1691 1495 ἀποκομί-

1797 1432 1925 1496 iter,
1954 1432 2008 1487 id
2043 1448 2176 1485 vero
2202 1431 2287 1486 ad;
2314 1439 2639 1501 perpetuam
2696 1431 2843 1485 illam
2874 1438 3247 1501 aeternamque
3298 1434 3380 1487 vi-

93 1524 185 1591 ζει
222 1524 421 1594 ζωήνο,

1800 1535 1909 1581 tam
1938 1526 2208 1595 perducit.

170 1616 346 1670 ΚΥΡ.
393 1612 597 1686 Ὀρθῶς
621 1612 775 1683 ἔφης.
810 1610 997 1675 Ταῦτά
1017 1630 1099 1665 τοι
1125 1610 1395 1665 διδάσκων
1421 1611 1573 1680 ἡμᾶς
1603 1611 1697 1663 καὶ⁴

1868 1615 2025 1672 CYR.
2055 1617 2223 1671 Recte
2254 1616 2355 1675 ais.
2401 1615 2581 1686 Atque
2610 1616 2716 1671 hoc
2755 1631 2858 1671 nos
2898 1615 3088 1671 docuit
3127 1615 3380 1672 Christus

93 1706 268 1768 αὐτὸς
298 1708 329 1759 ὁ
360 1703 616 1775 Χριστὸς,
646 1708 760 1768 τοῖς
790 1705 965 1774 ἁγίοις
992 1703 1307 1766 ἀποστόλοις
1340 1702 1691 1767 διεκελεύετο,

1800 1707 1937 1776 ipse,
1975 1722 2101 1762 cum
2128 1708 2334 1762 sanctis
2357 1709 2620 1778 apostolis
2634 1708 2913 1778 praecepit,
2950 1707 3174 1763 dicens:
3208 1729 3225 1759 ι
3247 1708 3381 1764 Gra-

96 1800 278 1868 λέγων
306 1815 322 1829 ο
370 1818 389 1850 ι
410 1798 648 1868 Δωρεάν
685 1797 927 1863 ἐλάϐετε,
959 1797 1165 1867 δωρεάν
1195 1796 1335 1850 δότε.
1375 1813 1394 1847 ι
1431 1795 1531 1865 Εἴη
1554 1796 1597 1847 δ’
1631 1795 1694 1848 ἂν

1804 1801 2215 1870 ιὶεθοοθιιίειίε,
2252 1800 2420 1870 gratis
2441 1799 2567 1853 date
2592 1800 2657 1852 ⁷⁷.
2690 1818 2708 1849 ι
2744 1799 2862 1853 Alia
2896 1814 3117 1869 quoque
3168 1798 3380 1852 ratione

234 1890 454 1963 ἑτέρως
487 1864 587 1944 ούκ
632 1889 868 1961 ἀκερδὴς
920 1864 1246 1957 τοῖς-ἄλλοις
1286 1891 1321 1960 ἠ
1365 1888 1475 1944 τῶν
1522 1864 1694 1959 νάγίων

1786 1908 1913 1947 non
1940 1891 2152 1948 inutilis
2183 1899 2269 1946 est
2306 1892 2520 1945 caeteris
2547 1891 2869 1946 hominibus
2909 1891 3001 1945 ille
3061 1898 3376 1945 sanctorum

96 1982 458 2053 λαμπρότης
477 1983 535 2034 ὲν
552 1980 661 2051 γάρ
680 1982 797 2042 ταῖς
818 1980 1041 2034 ἐκείνων
1056 1980 1692 2052 εύδοκιμήσεσιν,ἀφανί-

1804 1986 2062 2041 virorum
2086 1984 2379 2054 splendor:
2400 1984 2620 2038 illorum
2653 1999 2887 2054 namque
2932 1984 3097 2039 rebus
3120 1984 3261 2039 bene
3284 1998 3378 2055 ge-

98 2074 258 2137 ζεταί
280 2091 392 2127 που
413 2074 481 2126 τά
496 2074 656 2143 ἡμῶν
676 2074 809 2145 ηττή
819 2090 983 2144 ματα,
1007 2073 1097 2127 καὶ
1117 2077 1239 2137 ταῖς
1256 2075 1364 2127 τῶν
1385 2074 1696 2127 εύκλεεστέ·

1802 2076 1923 2141 stis,
1963 2083 2171 2130 nostrae
2199 2074 2493 2130 infeliciter
2543 2084 2709 2145 gestae
2760 2075 3093 2140 obruuntur,
3147 2083 3204 2130 et
3255 2091 3379 2130 cum

101 2184 215 2237 ρων
238 2164 645 2235 προσεσχηκὼς
669 2165 977 2235 εύψυχίαις,
999 2166 1028 2217 ό
1054 2165 1346 2237 φιλάρετος
1367 2166 1524 2237 ἡμῶν
1544 2166 1699 2231 Θεὸς,

1803 2167 2135 2222 nobiliarum
2189 2166 2436 2221 virorum
2494 2168 2661 2221 animi
2722 2167 3101 2223 fortitudinem
3146 2167 3381 2223 attendit

110 2261 233 2322 τοῖς
264 2258 685 2329 ἀσθενεστέροις
723 2258 905 2328 ἀνίησι
935 2257 1004 2311 τά
1045 2258 1390 2329 ἐγκλήματα.
1431 2259 1541 2312 Καὶ
1569 2258 1701 2327 γοῦν

1801 2269 1992 2315 noster
2021 2260 2113 2313 ille
2140 2259 2367 2313 virtutis
2392 2267 2605 2313 amator
2652 2260 2817 2324 Deus,
2854 2259 3251 2315 infirmioribus
3270 2261 3381 2315 eri--

101 2353 152 2403 οἱ
179 2351 248 2417 ἐξ
281 2350 502 2422 Ἰσραὴλ
519 2350 835 2415 ἀκαθέκτως
846 2351 1267 2415 ἀπονενευκότες
1287 2354 1367 2415 είς
1393 2352 1698 2423 παρακοὴν,

1804 2352 1954 2407 mina
1988 2351 2282 2407 condonat.
2312 2350 2505 2421 Itaque
2543 2352 2823 2416 lsraelitaa,
2860 2368 2983 2407 cum
3024 2352 3289 2408 effrenate
3314 2351 3380 2407 ad

104 2444 199 2499 καὶ
231 2443 350 2495 τῶν
374 2442 606 2512 φαύλων
634 2442 787 2496 οὐδὲν
820 2442 1021 2504 ὲῶντες
1080 2443 1516 2513 ἀνεπιτήδευτον,
1562 2460 1702 2515 παρ’

1803 2444 2207 2499 contemnenda
2247 2443 2433 2498 divina
2464 2445 2719 2499 mandata
2758 2445 3029 2515 proclives
3076 2444 3380 2509 ferrentur,

103 2534 364 2606 ώτρυναν
390 2533 703 2601 ἀναγκαίως
720 2533 812 2586 τὸν
830 2532 1124 2603 νομοθέτην
1144 2533 1230 2601 ἐφ’
1254 2535 1484 2597 ὲαυτοϊςο
1513 2535 1701 2604 ἐπειδὴ

1804 2536 2121 2605 nullamque
2147 2535 2405 2605 nequitia
2460 2546 2672 2606 partem
2720 2537 3059 2601 omitterent,
3119 2537 3173 2591 in
3218 2552 3383 2607 quam

101 2628 156 2680 δὲ
181 2627 357 2690 δίκας
385 2626 487 2695 ἤδη
510 2626 620 2677 τῶν
649 2624 1068 2696 τετολμημένων
1095 2625 1356 2695 πράττειν
1388 2624 1545 2696 ηθελε
1576 2627 1699 2689 τοὺς

1804 2646 1914 2683 non
1938 2629 2181 2683 studium
2210 2629 2615 2699 impenderent,
2662 2629 2994 2699 legislatoris
3018 2630 3155 2683 iram
3186 2629 3383 2684 adver-

102 2719 326 2788 άγρὶως
356 2716 500 2770 οὓτω
526 2716 915 2787 λελυπηκότας,
949 2716 1313 2787 προσεκόμιζε
1350 2718 1449 2787 μὲν
1469 2716 1700 2781 τάςίκε-

1805 2733 1926 2772 sum
1958 2734 2016 2773 se
2050 2720 2366 2774 necessario
2410 2728 2856 2774 commoverunt:
2894 2719 2987 2789 qui
3033 2735 3156 2774 cum
3196 2734 3388 2791 pcenas

100 2811 315 2882 τηρίας
368 2811 397 2863 ό
445 2810 731 2879 προφήτης
796 2806 1091 2879 Ἱερεμίας.
1144 2810 1210 2862 Τί
1257 2809 1313 2863 δὲ
1357 2810 1493 2881 πρὸς
1548 2809 1698 2864 τοῦτα

1806 2810 2112 2865 facinorum
2140 2811 2209 2865 ab
2238 2811 2328 2875 iis,
2361 2810 2455 2881 qui
2481 2827 2539 2866 se
2593 2812 2731 2866 adeo
2760 2812 3078 2866 immaniter
3120 2811 3386 2867 offendis-

101 2902 287 2965 Θεός;
324 2919 373 2952 ι.
401 2900 777 2971 Περιδράμετε
800 2943 815 2966 ,
852 2900 1039 2971 φησὶν,
1080 2902 1139 2954 ὲν
1167 2904 1291 2965 ταῖς
1326 2903 1463 2965 ὁδοῖς
1507 2901 1699 2974 Ἰερου-

1807 2911 1950 2967 sent,
1974 2918 2195 2957 sumere
2228 2902 2415 2965 vellet,
2446 2901 2881 2971 supplicationes
2931 2902 2981 2956 ei
3010 2901 3208 2955 detulit
3253 2916 3386 2971 pro—

103 2995 337 3064 σαλὴμ,
378 2993 473 3046 καὶ
522 2992 662 3045 ἴδετε
712 2993 807 3047 καὶ
841 2992 1037 3060 γνῶτε.
1073 2994 1167 3047 καὶ
1199 2994 1467 3065 ζητήσατε
1499 2995 1557 3047 ἐν
1588 2996 1701 3058 ταῖς

1806 2994 1973 3064 pheta
2000 2994 2287 3049 Jeremias.
2314 2993 2456 3060 Quid
2478 3010 2612 3048 vero
2639 2993 2705 3048 ad
2731 2994 2847 3048 haec
2864 2994 3048 3048 Deus?
3084 3013 3100 3043 ι
3120 2992 3386 3058 Circuitc,

103 3087 411 3149 πλατείαις
447 3086 649 3156 αὐτῆς,
683 3086 779 3139 ὲάν
832 3084 1029 3158 εὕρητε
1081 3087 1249 3159 ἀνδρα
1297 3089 1343 3140 εί
1374 3086 1488 3139 ἐστι
1538 3088 1701 3142 ποιῶν

1809 3087 2005 3156 inquit,
2048 3086 2104 3140 in
2128 3086 2235 3141 viis
2253 3086 2579 3149 Jerusalem,
2608 3094 2663 3139 et
2696 3085 2878 3139 videte
2908 3093 2963 3139 et
2990 3084 3303 3155 intelligite,
3332 3092 3388 3138 et

105 3180 318 3250 κρίμα,
359 3179 456 3232 καὶ
482 3177 661 3248 ζητῶν
712 3179 915 3241 πίστιν,
950 3179 1046 3233 καὶ
1087 3179 1246 3243 ἵλεως
1276 3179 1469 3249 ἔσομαι
1500 3180 1702 3244 αὐτοῖς,

1809 3176 2037 3244 quaerite
2067 3175 2123 3229 in
2154 3174 2353 3244 plateis
2403 3175 2558 3244 ejus;
2601 3182 2677 3237 et,
2708 3173 2753 3228 si
2796 3172 3119 3227 inveneritis
3168 3172 3387 3238 virum;

105 3270 260 3339 λέγει
315 3269 542 3338 Κύριος.
586 3288 603 3319 ι
650 3269 894 3341 Ἀνήσειν
934 3269 991 3333 δὲ
1038 3270 1129 3323 καὶ
1182 3270 1459 3339 Σοδόμοις
1486 3269 1586 3342 τὴν
1618 3270 1703 3327 διὰ

1812 3267 1857 3322 si
1896 3267 2185 3337 fueritqui
2211 3265 2683 3337 faciatjudicium,
2719 3271 2775 3320 et
2806 3280 3059 3335 quaerens
3103 3264 3264 3319 ﬁdem
3295 3282 3309 3329 ;
3335 3274 3392 3319 et

315 3363 428 3431 ἔφη
469 3362 648 3433 δίκην,
681 3364 730 3421 ει
768 3361 928 3415 πέντε
956 3364 1103 3426 τινὲς
1133 3358 1246 3416 εἷεν
1269 3364 1329 3415 ὲν
1353 3364 1537 3427 αὐτοῖς
1567 3364 1706 3417 ὅσιοι

1810 3358 2086 3429 propitius
2133 3374 2231 3413 ero
2265 3357 2418 3428 ipsis,
2477 3356 2613 3410 dicit
2657 3356 2923 3411 Dominus
2968 3355 3032 3407 ⁷⁸.
3067 3374 3085 3406 ι
3138 3353 3391 3409 Sodomis

109 3453 202 3504 καὶ
223 3450 456 3519 ἀγαθοί.
479 3451 688 3505 Οὐκοῦν
713 3451 873 3521 ή-τῶν
902 3452 1073 3520 ἀγίων
1099 3452 1443 3524 λαμπρότης,
1476 3455 1571 3507 καὶ
1594 3454 1707 3518 τοῖς

1812 3466 2031 3520 quoque
2072 3449 2511 3504 condonaturum
2552 3463 2610 3502 se
2652 3462 2841 3518 paruas
2902 3446 3113 3517 ignium
3156 3446 3311 3509 dixit,
3342 3445 3388 3499 si

110 3546 254 3611 ἀγαν
298 3544 649 3614 ἁμαρτωλοῖς
670 3584 685 3606 ,
733 3543 847 3596 ἔσθ’
874 3544 966 3597 ὅτε
988 3583 1001 3605 ,
1031 3544 1095 3597 τὸ
1125 3545 1200 3615 μὴ
1242 3545 1566 3609 κολάζεσθαι
1597 3546 1706 3600 δεῖν

1812 3544 2058 3613 quinque
2072 3542 2235 3596 modo
2255 3542 2331 3596 ibi
2359 3548 2543 3596 essent
2565 3540 2639 3611 pii
2667 3551 2834 3609 atque
2860 3539 3017 3610 probi
3043 3538 3387 3593 homines"‘.

111 3636 470 3708 παραχρῆμα
501 3634 783 3706 προξενεῖ,
809 3636 901 3687 τὸν
924 3635 1067 3689 θεῖον
1102 3636 1292 3709 ὥσπερ
1317 3638 1706 3692 ὲκδυσωποῦσα

1812 3634 1957 3705 Ergo
1981 3641 2316 3688 sanctorum
2337 3632 2581 3687 virorum
2610 3632 2871 3687 nobilitas
2893 3629 3146 3684 maximis
3172 3643 3391 3699 quoque

113 3727 288 3797 θυμὸν
347 3728 447 3779 καὶ
490 3726 923 3796 ἀνασειράζουσα
963 3727 1059 3798 τὴν
1099 3728 1271 3800 ὀργήν
1294 3745 1310 3760 ο
1353 3731 1469 3793 τοῖς
1510 3731 1567 3784 δὲ
1604 3731 1707 3802 τὴν

1812 3723 2194 3795 peccatoribus
2215 3722 2653 3792 quandoque,ne
2707 3721 2892 3775 statim
2937 3718 3260 3789 puniantur,
3286 3718 3392 3770 ini-

113 3820 305 3873 πίστιν
334 3819 576 3889 γνησίως
605 3821 686 3881 είς
709 3819 1067 3890 δεδεγμένοις,
1102 3821 1362 3891 εὐψυχίας
1386 3839 1450 3890 γε
1482 3823 1589 3894 μὴν
1622 3825 1703 3888 είς

1812 3826 2013 3887 petrat,
2038 3833 2162 3871 cum
2188 3817 2431 3871 divinam
2483 3816 2914 3888 indignationem
2944 3815 3127 3869 ﬂectat
3152 3821 3209 3869 et
3253 3814 3390 3868 iram

114 3908 277 3964 τοῦτο
301 3910 445 3962 ἱέναι
466 3908 545 3980 μὴ
574 3909 914 3979 δυναμένοις,
943 3910 1018 3973 ὼς
1046 3911 1228 3975 πόνοις
1256 3911 1399 3966 ἑλεῖν
1425 3913 1703 3982 δύνασθαι,

1815 3918 2071 3966 revocet:
2108 3926 2231 3965 cum
2261 3909 2327 3965 iis
2358 3926 2512 3975 vero,
2540 3912 2633 3983 qui
2667 3911 2828 3967 fidem
2873 3912 3087 3966 sincere
3131 3928 3394 3983 suscepe-

115 4001 208 4065 τὸ,
268 4001 371 4054 καὶ
431 4001 590 4055 θείων
652 4002 848 4065 αὐτοὺς
904 4003 1275 4073 ἐμπίπλασθαι
1327 4007 1704 4077 χαρισμάτων,

1814 4010 1965 4067 runt,
1992 4018 2097 4057 nec
2128 4010 2309 4057 tamen
2335 4002 2403 4056 ad
2455 4018 2576 4057 eam
2602 4003 3042 4073 magnitudinem
3102 4006 3392 4075 pervenire

121 4094 418 4164 μονονουχὶ
468 4094 903 4164 συμμερίζονται
933 4096 1030 4158 τὰς
1065 4097 1447 4169 εὐδοκιμήσεις
1468 4138 1483 4162 ,
1514 4099 1705 4153 παιδαο

1812 4106 2133 4165 potuerunt,
2186 4104 2247 4150 ut
2292 4094 2481 4149 labore
2517 4096 2830 4151 divinorum
2876 4096 3271 4150 charismatum
3297 4112 3392 4151 co-

116 4185 456 4253 γωγοῦντες,
486 4184 561 4248 ὡς
577 4184 679 4247 ἔνι,
707 4186 959 4257 καὶπρὸς
989 4188 1096 4240 πᾶν
1134 4187 1707 4261 ὁτιοῦνλάποφέροντες

1813 4190 1956 4261 piam
1980 4189 2083 4243 sibi
2117 4197 2519 4259 compararent,
2544 4188 2939 4259 propemodum
2958 4204 3180 4243 suarum
3207 4205 3394 4245 rerum

115 4276 226 4329 τῶν
266 4275 621 4347 ἀρεσκόντων
658 4274 807 4345 Θεῷ,
843 4276 1072 4333 καὶτῶν
1108 4276 1707 4353 ίδίωναίνιοῐιςάνδρα⁴

1814 4290 2086 4351 gestarum
2114 4280 2335 4356 laudem
2356 4282 2782 4344 communicant,
2812 4281 2865 4333 in
2891 4296 2957 4335 eo
2991 4280 3138 4351 quod
3171 4296 3287 4345 eos,
3333 4290 3395 4337 ut

117 4367 468 4435 γαθημάτων
514 4365 905 4435 ἀποφαίνοντες
951 4367 1241 4432 κοινωνούς
1265 4386 1279 4407 9
1329 4371 1425 4424 καὶ
1468 4371 1508 4425 ἃ.
1555 4373 1708 4442 μόλις

1815 4372 1934 4427 fieri
1958 4379 2157 4441 potest,
2186 4371 2498 4436 instituunt,
2528 4372 2594 4425 ad
2617 4388 2788 4441 eaque
2814 4372 3018 4438 omnia,
3041 4388 3390 4443 quacunque

119 4460 277 4513 αὐτοὶ
308 4459 402 4512 διά
434 4457 704 4512 πλείστων
751 4459 893 4512 ὅσων
928 4458 1243 4530 εὑρίσκουσι
1289 4461 1490 4525 πόνων,
1532 4462 1709 4517 ταῦτα

1813 4466 1925 4520 Deo
1950 4465 2186 4534 placent,
2213 4463 2556 4533 perducunt;
2613 4470 2775 4530 atque
2812 4461 2866 4516 in
2912 4464 3228 4517 societatem
3261 4479 3393 4518 suo-

115 4554 237 4614 ταίς
274 4550 488 4620 ἐτέρων
514 4549 739 4613 ἐνιέντες
767 4549 985 4619 ψυχαῖς.
1013 4550 1134 4603 Ὀτι
1163 4549 1272 4622 γὰρ
1300 4552 1713 4627 συμμεθέξομεν

1795 4568 1944 4607 .rum
1964 4549 2189 4605 fortium
2214 4551 2483 4605 factorum
2529 4550 2652 4604 illos
2696 4550 2973 4605 asciscuut
3002 4569 3016 4618 ;
3049 4560 3103 4605 et
3130 4568 3252 4622 quae
3288 4553 3392 4623 ipsi

117 4644 231 4706 τοῖς
268 4642 451 4709 ἁγίοις
475 4642 569 4695 καὶ
595 4644 695 4711 τῆς
726 4640 953 4711 ἐνούσης
981 4641 1167 4705 αὐτοῖς
1189 4641 1592 4715 λαμπρότητος,
1617 4650 1715 4702 καὶ

1814 4646 1906 4699 vix
1941 4646 2171 4700 summis
2208 4644 2492 4699 laboribus
2546 4653 2900 4713 pepererunt,
2949 4660 3012 4698 ea
3062 4642 3117 4698 in
3156 4644 3393 4699 aliorum

118 4734 228 4787 τῶν
261 4733 780 4804 ἀνδραγαθημάτων
824 4732 1063 4803 ἐσόμεθα
1096 4735 1344 4787 κοινωνοὶ
1371 4776 1387 4801 ,
1428 4736 1487 4801 ἐξ
1516 4738 1714 4812 ἡμερό⁴

1821 4737 2108 4791 hominum
2127 4735 2325 4789 animis
2348 4734 2615 4789 inserunt.
2646 4733 2785 4788 Fore
2813 4742 3019 4799 autem,
3041 4743 3101 4787 ut
3131 4750 3238 4787 una
3267 4750 3392 4789 cum

119 4842 286 4894 τητος
327 4826 426 4878 καὶ
470 4823 909 4896 φιλανθρωπίας,
957 4824 1045 4879 τὰ-
1071 4826 1229 4896 ήμῶν
1261 4829 1550 4899 ὴττήματα
1600 4834 1713 4897 τοῖς

1815 4828 2020 4885 sanctis
2048 4827 2184 4881 viris
2206 4827 2531 4890 claritatem,
2561 4841 2681 4895 qua:
2720 4825 2828 4880 illis
2878 4826 3053 4889 inest,
3095 4826 3392 4896 participe-

120 4918 353 4972 ἐκείνων
386 4917 839 4989 ,γατορθώμασιν,
880 4918 1043 4971 οἱονεὶ
1102 4919 1480 4992 συμφύροντός
1524 4941 1583 4976 τε
1616 4926 1711 4979 καὶ

1815 4935 1957 4985 mus,
1986 4928 2043 4974 et
2067 4934 2257 4973 eorum
2288 4919 2542 4989 praeclare
2568 4927 2844 4989 gestorum
2888 4918 3022 4973 socii
3055 4918 3248 4982 simus,
3282 4919 3393 4972 Deo

121 5007 531 5077 ἀνακιρνῶντος
570 5007 740 5070 Θεοῦ,
782 5009 881 5061 καὶ
920 5008 983 5062 τὸ
1036 5010 1215 5073 ἐνδεὲς
1261 5010 1338 5082 τῷ
1389 5012 1709 5086 τελειοτέρῳ

1815 5028 1882 5066 ex
1911 5010 2251 5082 benignitate
2273 5020 2435 5080 atque
2469 5011 2757 5065 clementia
2775 5020 2992 5065 nostras
3014 5011 3203 5079 culpas
3234 5018 3290 5063 et
3315 5010 3397 5063 in-

125 5100 507 5172 συνείροντος,
534 5099 600 5150 ἵν’
630 5100 715 5169 εἴη
760 5099 947 5154 δεκτόν
974 5117 987 5132 ·
1023 5101 1195 5170 σαφὲς
1252 5101 1321 5155 ἂν
1348 5102 1559 5170 γένοιτο
1617 5105 1710 5159 καὶ

1816 5104 2103 5161 firmitates
2124 5121 2247 5160 cum
2273 5105 2491 5161 illorum
2514 5112 2660 5159 recte
2678 5104 2815 5158 actis
2837 5102 3003 5157 veluti
3020 5101 3394 5157 confundente

119 5192 205 5245 διά
235 5192 437 5245 τούτου
464 5191 650 5246 πάλιν.

1818 5212 1881 5252 ac
1906 5198 2299 5267 permiscente,
2333 5197 2495 5266 idque
2533 5195 2681 5265 quod
2717 5195 3034 5248 inchoatum
3084 5202 3169 5249 est
3199 5204 3255 5249 et
3286 5194 3391 5248 im-

122 5283 463 5353 perfectum,
496 5300 625 5339 cum
684 5299 752 5339 eo
812 5283 960 5354 quod
1012 5294 1096 5340 est
1138 5284 1457 5356 perfectius,
1496 5294 1558 5341 ut
1589 5296 1802 5359 gratum
1860 5297 2255 5360 acceptumque
2314 5287 2427 5354 ﬁat,
2495 5287 2854 5353 conferente;
2888 5284 2943 5340 id
3015 5286 3122 5341 hoc
3171 5299 3393 5358 quoque

122 5375 452 5431 testimonio
490 5375 649 5446 119
672 5376 1021 5431 manifestum
1064 5375 1181 5432 ﬁeri
1210 5378 1419 5447 potest.

191 5469 409 5521 HAAA.
449 5467 608 5519 [Ιοίου
626 5468 692 5539 δή
714 5484 861 5530 τινος
886 5469 1013 5538 φής.

1896 5465 2095 5523 PALL.
2131 5462 2355 5535 Ecquod
2392 5462 2523 5551 illud
2554 5463 2675 5519 est?

194 5560 368 5613 ΚΥΡ.
399 5558 686 5612 Μωαϐῖται
714 5560 807 5612 καὶ
855 5558 1196 5629 Μαδιηναῖοι,
1248 5558 1375 5629 ἔθνη
1412 5560 1511 5630 μὲν
1540 5561 1711 5631 ἧστην

1893 5560 2050 5616 CYR.
2104 5558 2353 5613 Moabitae
2401 5572 2464 5611 ac
2514 5555 2840 5620 Madianitaa,
2901 5553 3081 5624 impia:
3144 5554 3391 5625 quaedam

124 5652 321 5707 ἀνόσιά
342 5667 402 5705 τε
414 5652 510 5706 καὶ
526 5650 799 5725 βάρϐαρα,
817 5652 1176 5724 κατενέμοντο
1199 5652 1256 5706 δὲ
1270 5652 1369 5724 τῆς
1382 5654 1714 5722 ἐπαγγελίας

1821 5660 1982 5707 erant
2031 5666 2096 5706 ac
2127 5650 2375 5706 barbarae
2420 5656 2636 5720 gentes;
2688 5646 3002 5725 incolebant
3031 5653 3218 5704 autem
3259 5657 3408 5715 pro:

197 5828 619 5898 "Rom.r,ll.
695 5831 740 5871 τ’
778 5830 1045 5895 Matthx,
1070 5830 1122 5884 8.
1200 5830 1529 5897 "Jer.v,i.
1628 5833 1696 5865 "‘
1750 5830 1795 5890 ϐ

575 5831 619 5887 Ι.
695 5831 740 5871 τ’
778 5830 1045 5895 Matthx,
1070 5830 1122 5884 8.
1200 5830 1529 5897 "Jer.v,l.
1628 5833 1696 5865 "‘
1750 5830 2173 5898 Gen.xvm,52.
