4046 6522
692 405 794 459 Si;

1710 400 1763 452 S.
1807 396 2081 452 CYRILLI
2124 393 2596 449 ALI‘JXANDRLVI
2638 391 2951 447 ARCIIIEP.

3816 392 3894 448 32$

694 516 972 576 missionis
989 525 1211 580 terram,
1230 530 1393 584 quam
1414 524 1569 570 erant
1594 512 1689 566 ﬁlii
1715 513 1877 567 Israel
1900 512 2207 581 possessuri
2244 527 2255 562 :

2365 509 2461 579 τὴν
2486 509 2625 577 γῆν,
2660 509 2725 578 ἢν
2767 504 3182 577 κληρονομίζειν
3214 502 3436 573 εμελλον
3480 502 3532 553 οἱ
3557 501 3663 553 υἱοὶ
3700 502 3892 575 Ἰσραήλ

692 626 930 681 cumque
959 611 1267 679 proximum
1315 618 1461 663 esset
1490 610 1601 678 jam
1654 607 2009 675 vicinumque
2038 606 2262 666 bellum,

695 718 759 757 ac
786 717 947 772 quam
969 703 1205 771 primum
1239 708 1421 755 essent
1445 701 1701 770 perituri,
1723 710 1779 755 et
1808 699 1875 753 ad
1906 698 2265 769 congredien-

694 792 823 846 dum
843 808 964 846 cum
987 792 1350 845 Israelitarum
1368 792 1611 846 exercitu
1632 791 1886 860 impares,
1918 796 2269 845 tentaverunt

696 883 919 953 magicis
959 882 1192 945 artibus,
1245 881 1581 950 nefariisque
1633 881 1849 943 studiis,
1908 880 2111 949 quibus
2164 877 2269 946 ipsi

691 974 863 1030 dediti
891 981 1047 1028 erant
1069 1013 1083 1037 ,
1118 974 1330 1028 hostem
1366 973 1710 1042 propulsare.
1749 972 1886 1027 Cum
1916 988 2049 1026 vero
2086 969 2271 1025 omnia

695 1064 1034 1127 molirentur,
1072 1063 1318 1134 nihilque
1344 1062 1815 1117 incommodarent
1857 1062 2002 1117 hosti
2047 1060 2270 1133 (quippe

692 1159 847 1228 cujus
897 1158 1044 1211 Deus
1080 1164 1225 1211 esset
1283 1168 1673 1227 propugnator,
1736 1157 2050 1225 falsumque
2088 1163 2269 1208 vatem

692 1247 931 1312 Balaam,
954 1248 1070 1316 qui,
1093 1256 1152 1301 ut
1168 1249 1305 1301 male
1328 1255 1665 1316 precaretur,
1690 1247 1992 1301 conductus
2017 1238 2271 1301 mercede

693 1338 892 1401 fuerat,
938 1338 1006 1391 ad
1033 1338 1471 1392 benedicendum
1519 1338 1925 1407 convertisset),
1966 1347 2026 1391 ut
2065 1337 2159 1407 qui
2202 1336 2271 1391 ad

695 1444 966 1483 summam
991 1429 1205 1482 consilii
1235 1429 1474 1498 in0piam
1506 1436 1691 1483 essent
1709 1430 1820 1499 jam
1854 1429 2099 1494 adducti,
2132 1429 2274 1483 hanc

696 1520 798 1588 ipsi
824 1534 1011 1573 secum
1040 1521 1306 1574 rationem
1335 1521 1597 1584 inierunt,
1639 1536 1748 1574 non
1782 1536 1840 1575 se
1871 1521 1978 1575 alia
1999 1521 2087 1574 via
2110 1536 2272 1589 posse

694 1610 969 1665 Israelitas
998 1610 1214 1675 laedere,
1241 1611 1345 1666 nisi
1366 1611 1559 1675 Deum,
1581 1611 1637 1664 in
1666 1625 1775 1679 quo
1795 1611 2108 1681 praesidium
2140 1611 2272 1681 ipsis

696 1709 816 1754 erat
849 1703 1245 1766 constitutum,
1290 1701 1671 1765 offendissent,
1713 1718 1777 1757 ac
1808 1702 2000 1756 nudati
2035 1717 2275 1771 superno

700 1792 927 1856 auxilio,
949 1808 1184 1861 pugnam
1204 1792 1469 1846 adversus
1493 1793 1640 1861 ipsos
1664 1791 1959 1846 ineundam
1976 1792 2270 1846 ducerent.

2382 598 2599 668 Ἐπειδὴ
2630 598 2688 650 δὲ
2723 595 2894 667 ἁγχοῧ
2938 613 2996 649 τε
3053 593 3239 647 λοιπὸν
3286 592 3379 648 καὶ
3418 591 3621 661 γείτων
3653 594 3679 644 6
3707 594 3895 663 πόλεμος

2366 689 2435 763 ἦν
2467 692 2567 763 ἥδη
2609 708 2727 753 πως
2749 729 2764 754 ,
2816 688 2891 752 ὡς
2918 686 3117 742 αὐτίκα
3149 686 3215 756 δὴ
3249 685 3390 755 μάλα
3424 682 3777 752 ἀπολούμενοι
3810 687 3892 755 (l),

2369 784 2464 837 καὶ
2490 785 2608 847 ταῖς
2642 780 2736 834 τοῦ
2772 779 2989 850 Ἰσραὴλ
3018 778 3309 847 δυνάμεσιν
3348 775 3668 842 ἀντεξάγειν
3709 775 3796 846 οὐχ
3821 774 3894 833 οἷοί

2367 893 2450 938 τε,
2479 872 2917 947 προσεπειρῶντο
2949 871 3069 942 μὲν,
3100 869 3289 941 μάγων
3317 868 3505 938 τέχνῃ,
3535 868 3632 919 καὶ
3661 870 3762 929 τοῖς
3782 874 3894 938 παρὰ

2372 966 2553 1035 σφίσιν
2586 965 2823 1024 ἀνοσίοις
2847 960 3259 1031 ἐπιτηδεύμασι,
3295 956 3779 1029 προσαποσείεσθαι
3801 962 3893 1023 τοὺς

2372 1057 2617 1128 ἐχθρούς.
2665 1054 2882 1125 Ἐπειδὴ
2911 1053 2967 1107 δὲ
3001 1053 3177 1105 πάντα
3218 1050 3455 1121 δρῶντες
3482 1087 3497 1110 ,
3530 1047 3739 1115 ἠδίκουν
3762 1050 3893 1112 οὐδὲν,

2372 1148 2505 1201 Θεοῦ
2548 1146 3013 1219 προασπίζοντος,
3063 1145 3155 1197 καὶ
3184 1142 3277 1194 τὸν
3323 1139 3686 1210 ψευδόμαντιν
3714 1138 3893 1212 Βαλαὰμ

2373 1238 2453 1300 εἰς
2481 1236 2541 1288 τὸ
2575 1236 2818 1303 εὐλογεῖν
2846 1234 3287 1304 περιτρέποντος,
3329 1230 3423 1281 καί
3445 1245 3532 1280 τοι
3560 1227 3690 1297 πρὸς
3719 1230 3894 1283 abit-.1-

2376 1330 2572 1402 ρᾶσθαι
2605 1329 2716 1382 δεῖν
2752 1324 3235 1398 μεμισθαρνηκότα
3260 1322 3333 1384 ὡς
3355 1321 3413 1372 ἐν
3442 1319 3699 1389 ἀπορίαις
3724 1321 3808 1391 ήδη
3831 1341 3893 1390 γε.

2373 1424 2587 1493 νόμενοι
2618 1423 2736 1483 ταῖς
2763 1419 3039 1489 ἐσχάταις,
3068 1413 3373 1484 ἐλογίζοντο
3399 1412 3549 1466 κατὰ
3576 1414 3709 1481 σφᾶς
3724 1414 3890 1477 αὐτοὺς,

2380 1517 2453 1586 μὴ
2483 1514 2547 1568 ἂν
2576 1513 2775 1584 ἑτέρως
2807 1509 3046 1579 ἰσχύσειν
3074 1506 3327 1575 ἀδικῆσαι
3365 1503 3461 1556 τὸν
3508 1502 3735 1573 Ἰσραὴλ,
3773 1506 3811 1556 εί
3838 1505 3891 1576 μὴ

2377 1604 2497 1675 Θεῷ
2523 1602 2600 1673 τῷ
2624 1600 2982 1673 προεστηκότι
3010 1594 3468 1669 προσκρούσειαν,
3502 1592 3597 1645 καὶ
3623 1595 3797 1663 γυμνοὶ
3822 1600 3892 1664 τῇς

2375 1694 2580 1751 ἄνωθεν
2618 1691 2934 1762 ἐπικουρίας
2962 1689 3061 1759 τῆς
3094 1687 3231 1761 πρὸς
3271 1686 3472 1747 αὐτοὺς
3499 1726 3514 1747 ,
3547 1684 3696 1755 εἴπερ
3719 1684 3888 1750 ἕλοιντο,

2378 1788 2725 1855 συγκροτοῖεν
2767 1783 2964 1852 μάχην.
3020 1780 3234 1843 Εἰδότες
3289 1778 3335 1831 δ’
3371 1779 3457 1830 ὅτι
3508 1776 3703 1847 θερμόν
3742 1794 3791 1829 τε
3824 1780 3891 1831 καὶ

698 1883 905 1952 Itaque,
926 1898 1049 1937 cum
1069 1883 1273 1936 scirent
1290 1882 1561 1936 fervidum
1584 1897 1703 1937 esse
1726 1882 2085 1937 masculinum
2103 1897 2275 1952 genus

2377 1879 2610 1951 προαλὲς
2641 1879 2720 1941 εἷς
2756 1894 2820 1945 γε
2847 1876 2911 1928 τὸ
2939 1873 3069 1943 θῆλυ
3099 1873 3162 1925 τὸ
3189 1872 3375 1942 ἄρσεν,
3408 1871 3507 1923 καὶ
3550 1872 3661 1930 ταῖς
3689 1870 3756 1932 είς
3776 1870 3890 1923 τοῦτο

697 1988 761 2026 ac
786 1987 1028 2041 przeceps
1051 1972 1106 2025 in
1126 1971 1393 2037 feminas;
1418 1980 1473 2025 et
1499 1970 1764 2025 adversus
1787 1969 2055 2041 ejusmodi
2078 1969 2274 2025 obsce-

698 2063 952 2117 nissimas
984 2062 1297 2132 voluptates
1330 2076 1439 2115 non
1464 2077 1585 2116 esse
1622 2070 1795 2116 tutam
1824 2060 2273 2124 adolescentiam,

698 2153 1055 2208 mulierculas
1100 2153 1477 2207 submiserunt
1533 2159 1845 2215 exornatas,
1890 2168 2010 2221 quae
2037 2150 2178 2205 ﬁlios
2196 2150 2275 2204 ls-

699 2245 811 2299 rael
838 2243 905 2297 ad
947 2260 1164 2313 turpem
1194 2242 1647 2298 consuetudinem
1678 2243 2093 2312 pertraherent;
2138 2256 2275 2310 qua-

709 2353 831 2391 rum
897 2336 1079 2407 specie
1133 2335 1388 2390 facillime
1438 2333 1796 2404 capiebantur
1848 2334 2160 2403 quicunque
2209 2332 2277 2387 ad

702 2429 884 2482 carnis
913 2427 1044 2482 vitia
1084 2426 1356 2496 proclives
1381 2434 1573 2492 erant;
1611 2436 1667 2480 et
1692 2425 1911 2479 illarum
1947 2425 2278 2480 sententiam

704 2528 997 2588 sequentes
1017 2517 1220 2571 sensim
1247 2532 1277 2570 a
1306 2517 1401 2570 Dei
1433 2516 1586 2570 cultu
1623 2515 2055 2571 deducebantur.
2090 2515 2277 2583 Itaque

704 2611 813 2663 illis
859 2609 927 2663 ad
978 2608 1358 2662 fornicationis
1414 2608 1667 2662 morbum
1712 2607 1995 2677 apostasia:
2050 2607 2277 2677 languor

704 2699 1017 2754 accedebat.
1049 2698 1323 2767 Scriptum
1348 2707 1433 2752 cst
1453 2699 1599 2753 enim
1629 2717 1640 2752 :
1687 2700 1783 2753 «Et
1807 2698 2057 2752 initiatus
2079 2706 2161 2753 est
2180 2714 2278 2767 po-

706 2793 868 2863 pulus
892 2792 1225 2863 Beclphegor
1250 2793 1313 2845 ⁷³.
1330 2812 1346 2842 ι
1376 2791 1431 2846 Id
1461 2793 1638 2861 ipsum
1663 2792 2053 2862 prophetarum
2066 2806 2283 2860 quoque

706 2898 838 2935 voce
878 2881 956 2935 sic
983 2880 1118 2935 dixit
1156 2882 1298 2935 Deus
1335 2898 1348 2932 ι
1389 2902 1405 2931 ι
1442 2882 1509 2935 Et
1546 2882 1780 2951 populus
1809 2881 2117 2951 intelligens
2150 2896 2282 2934 con-

703 2976 925 3046 junctus
951 2986 1034 3030 est
1046 2991 1169 3030 cum
1188 2976 1472 3031 meretrice
1490 2978 1552 3029 ³ο.
1566 2997 1583 3026 ι
1606 2977 1729 3031 Ilzec
1746 2975 1947 3047 ﬂagitia
1963 2975 2280 3047 gravissime

708 3069 854 3133 tulit,
910 3084 1013 3123 nec
1058 3067 1371 3131 immerito,
1422 3067 1735 3138 lcgislator;
1790 3082 1967 3135 neque
2016 3066 2279 3135 impunita

2380 1970 2797 2042 μυσαρωτάταις
2824 1967 3039 2038 ἡδοναῖς
3068 1965 3167 2017 οὐκ
3189 1963 3439 2032 ἀσφαλὴς
3462 1963 3497 2032 ἡ
3523 1962 3717 2030 νεότης,
3744 1962 3889 2029 γύναια

2376 2062 2636 2117 καθίεσαν
2676 2059 3086 2131 ὲξωραῖσμένα,
3134 2056 3271 2128 πρὸς
3311 2054 3537 2125 ὁμιλίαν
3567 2051 3662 2106 οὐκ
3698 2054 3888 2123 εὐπρεπῆ

2377 2156 2493 2216 τοῖς
2528 2152 2588 2217 ἐξ
2632 2152 2868 2223 Ἰσραὴλ,
2910 2144 2985 2204 ὧν
3014 2153 3136 2213 ταῖς
3182 2149 3353 2219 ὥραις
3387 2145 3707 2214 ἐτοιμότατα
3739 2162 3888 2214 συνηρ-

2379 2245 2580 2309 πάςετο
2602 2244 2709 2296 πᾶν
2733 2243 2856 2295 ὅσον
2878 2237 2943 2310 ῆν
2970 2240 3191 2301 εὐπετὲς
3226 2240 3305 2300 εἰς
3333 2238 3395 2289 τδ
3433 2237 3611 2287 νοσεῖν
3636 2235 3699 2287 τὰ
3721 2236 3886 2305 σαρκὲς,

2379 2334 2777 2407 παρεκομίζετό
2799 2350 2859 2386 τε
2894 2331 3035 2386 κατὰ
3058 2331 3230 2402 βραχὺ
3270 2329 3371 2398 τῆς
3396 2328 3480 2390 είς
3519 2326 3648 2380 Θεὸν
3674 2326 3885 2397 λατρείας,

2378 2429 2496 2490 ταῖς
2524 2426 2746 2480 ἐκείνων
2773 2425 3028 2494 ἑπόμενοι
3057 2421 3323 2491 γνώμαις.
3350 2418 3765 2489 Συνηρῤώστουν
3779 2434 3824 2469 τε
3841 2422 3885 2486 τῇ

2387 2518 2631 2590 πορνείᾳ,
2659 2517 2758 2587 τὴν
2787 2515 3106 2570 ἀπόστασιν.
3137 2515 3455 2583 Γέγραπται
3478 2510 3585 2581 γάρ
3606 2526 3619 2539 ο
3654 2528 3671 2560 ι
3698 2510 3886 2562 Καὶὲτε-

2385 2610 2551 2680 λέσθη
2581 2611 2609 2662 6
2635 2608 2762 2672 λαὸς
2787 2608 2866 2678 τῷ
2894 2605 3234 2677 Βεελφεγώρ.
3265 2625 3282 2656 ι
3317 2603 3465 2657 Αὐτὸ
3495 2601 3551 2654 δὲ
3576 2601 3714 2653 τουτὶ
3734 2602 3808 2652 καὶ
3827 2601 3888 2652 διὰ

2383 2703 2566 2773 φωνῆς
2600 2700 2896 2772 προφητῶν
2945 2699 3050 2769 ἔφη
3087 2698 3218 2760 Θεός
3239 2712 3253 2727 ⁸
3289 2716 3305 2747 ι
3351 2696 3465 2748 Kal
3497 2696 3526 2747 6
3551 2692 3670 2755 λαὸς
3690 2694 3715 2745 6
3742 2692 3886 2744 συνιὼν

2385 2795 2741 2848 συνεπλέκετο
2777 2792 2915 2863 μετὰ
2943 2791 3169 2862 πόρνης.
3205 2808 3223 2840 ι
3274 2786 3607 2855 Ἦγανάκτει
3628 2785 3715 2855 μὲν
3731 2780 3804 2837 οὖν
3822 2785 3887 2835 καὶ

2387 2888 2623 2959 μάλιστα
2655 2886 2880 2949 είκὸτως
2915 2884 3007 2937 ἐπὶ
3031 2881 3243 2944 τούτοις
3274 2883 3302 2933 6
3327 2877 3655 2949 νομοθέτης,
3684 2875 3764 2929 καὶ
3777 2871 3829 2943 ἧν
3844 2874 3885 2926 τὸ

2390 2980 2578 3051 χρῆμα
2602 2981 2714 3040 τοῖς
2743 2978 2804 3043 ἐξ
2853 2974 3069 3046 Ἰσραὴλ
3097 2974 3197 3028 οὐκ
3239 2972 3498 3042 ἀζήμιον.
3544 2969 3627 3022 Ἐν
3659 2968 3886 3037 ἁφορήτοις

2389 3071 2498 3140 γὰρ
2530 3067 2668 3141 ἦσαν
2711 3068 2871 3132 εὐθὺς
2904 3068 2992 3121 διὰ
3020 3065 3179 3120 τοῦτο
3226 3066 3570 3136 συμφοραῖς,
3600 3058 3798 3128 ἀδελφοῦ
3822 3058 3885 3111 καί

708 3162 965 3217 Israelitis
982 3177 1044 3216 ea
1068 3176 1153 3215 res
1190 3159 1324 3225 fuit;
1356 3159 1501 3214 illico
1514 3173 1749 3229 namque
1774 3159 1892 3228 ejus
1909 3158 2097 3229 ﬂagitii
2119 3172 2282 3212 causa

2387 3164 2628 3233 γείτονος
2676 3162 3081 3232 δαπανωμένων
3131 3158 3275 3229 χειρὶ
3322 3157 3433 3211 τῶν
3493 3152 3885 3225 πεπορνευκότων.

710 3256 849 3307 mala
896 3253 1040 3323 passi
1084 3260 1213 3307 sunt
1259 3267 1369 3306 non
1416 3249 1675 3305 ferenda:
1728 3264 1851 3303 cum
1888 3248 1984 3316 qui
2027 3246 2283 3301 fornicati

711 3343 964 3406 fuissent,
987 3343 1173 3397 fratris
1210 3357 1272 3396 ac
1294 3340 1529 3413 proximi
1553 3340 1638 3394 sui
1657 3339 1889 3409 quisque
1926 3354 2090 3393 manu
2119 3338 2287 3392 inter-

712 3435 1021 3491 ﬁcerentur.
1055 3436 1317 3504 Praacepit
1346 3442 1527 3490 autem
1562 3433 1705 3487 Deus
1719 3433 1978 3489 continuo
1998 3440 2060 3488 ut
2091 3432 2285 3487 adver-

713 3540 806 3579 sus
834 3524 1154 3579 Madianitas
1177 3524 1379 3578 bellum
1410 3521 1802 3592 susciperetur,
1824 3522 2015 3577 dicens
2048 3521 2116 3576 ad
2137 3522 2287 3593 Moy—

714 3630 832 3678 sen,
868 3614 1021 3668 illum
1051 3630 1332 3669 sacrorum
1353 3614 1711 3683 interpretem
1738 3632 1750 3668 :
1779 3633 1797 3664 ι
1827 3614 2103 3671 Ulciscere
2126 3615 2289 3669 ultio-

715 3721 841 3759 nem
863 3705 1099 3759 ﬁliorum
1122 3705 1285 3760 Israel
1310 3705 1377 3759 de
1411 3704 1757 3772 Madianitis;
1794 3713 1851 3760 et
1882 3706 1950 3760 ad
1978 3714 2288 3761 extremum

717 3798 938 3853 adderis
963 3797 1029 3852 ad
1051 3798 1312 3867 populum
1342 3806 1518 3851 tuum.
1557 3795 1625 3853 Et
1648 3798 1865 3853 locutus
1884 3806 1968 3853 est
1988 3798 2200 3870 Moyses
2220 3798 2289 3853 ad

719 3889 1003 3959 p0pulum,
1024 3887 1214 3942 dicens
1239 3904 1250 3939 :
1276 3886 1495 3941 Armate
1518 3902 1586 3941 ex
1606 3888 1762 3943 vobis
1788 3889 1956 3953 viros,
1988 3896 2289 3959 etpugnate

717 3993 901 4032 coram
939 3977 1170 4032 Domino
1215 3985 1406 4032 contra
1434 3978 1667 4043 Madian,
1712 3979 1945 4034 reddere
1990 3980 2287 4035 vindictam

718 4069 951 4124 Domino
973 4068 1040 4122 de
1063 4068 1297 4132 Madian,
1322 4068 1470 4122 mille
1500 4084 1569 4122 ex
1598 4069 1767 4134 tribu,
1795 4077 1849 4124 et
1871 4071 2021 4124 mille
2042 4086 2110 4125 ex
2142 4071 2290 4125 tribu

718 4175 786 4214 ex
806 4159 1060 4213 omnibus
1086 4157 1341 4212 tribubus
1375 4158 1537 4213 Israel
1577 4158 1778 4213 mittite
1818 4158 1885 4213 ad
1916 4160 2287 4229 pugnandum.

724 4249 884 4319 120
898 4250 963 4302 Et
979 4256 1337 4303 numerarunt
1357 4264 1422 4301 ex
1440 4247 1681 4302 millibus
1701 4247 1864 4303 Israel
1879 4249 2027 4304 mille
2038 4236 2104 4303 ex
2123 4250 2288 4316 tribu,

719 4339 1010 4393 duodecim
1066 4339 1235 4392 millia
1276 4345 1610 4392 armatorum
1650 4338 1703 4391 in
1749 4350 2014 4409 pugnam,
2051 4348 2106 4394 et
2143 4341 2293 4395 misit

719 4445 815 4484 eos
867 4430 1079 4500 Moyses
1120 4429 1268 4482 mille
1311 4428 1377 4483 de
1414 4428 1582 4492 tribu,
1620 4434 1676 4482 et
1708 4427 1855 4482 mille
1902 4428 1969 4483 de
1993 4429 2136 4484 tribu
2166 4447 2291 4485 cum

720 4519 964 4575 exercitu
1023 4535 1213 4574 eorum
1257 4538 1271 4572 :
1330 4527 1385 4573 et
1424 4519 1663 4575 Phinees
1714 4519 1860 4576 ﬁlius
1924 4521 2150 4577 Eleazar
2196 4523 2294 4577 ﬁlii

732 4612 911 4667 Aaron
941 4612 1258 4673 sacerdotis,
1302 4619 1357 4665 et
1378 4627 1503 4666 vasa
1533 4620 1737 4676 sancta,
1772 4620 1828 4666 et
1854 4614 1997 4668 tubae
2017 4615 2295 4685 signorum

724 4704 783 4758 in
810 4703 1063 4757 manibus
1093 4718 1305 4757 eorum.
1342 4702 1408 4756 Et
1436 4713 1818 4773 pugnaverunt
1838 4716 2024 4759 contra
2058 4704 2293 4769 Madian,

723 4794 867 4850 sicut
906 4793 1165 4863 praecepit
1197 4792 1461 4846 Dominus
1488 4793 1675 4863 Moysi,
1701 4804 1756 4849 et
1782 4794 2107 4850 occiderunt
2133 4811 2295 4851 omne

722 4886 1109 4948 masculinum,
1154 4892 1210 4939 et
1260 4899 1415 4953 reges
1482 4884 1696 4940 Madian
1762 4886 2083 4942 occiderunt
2133 4889 2296 4943 simul

723 4975 1164 5032 cumvulneratis
1189 4990 1401 5037 eorum,
1431 4986 1487 5031 ct
1516 4976 1637 5039 Evi,
1668 4985 1724 5032 et
1754 4977 1979 5045 Rocom,
2007 4986 2064 5035 et
2093 4979 2218 5045 Sur,
2241 4989 2297 5035 et

724 5069 821 5132 Ur,
866 5079 923 5123 et
972 5068 1182 5132 Roboc,
1228 5066 1472 5137 quinque
1526 5083 1683 5139 reges
1716 5069 1947 5135 Madian,
1986 5078 2041 5125 et
2086 5070 2302 5125 Balaam

724 5160 898 5215 tilium
938 5159 1078 5214 Beor
1108 5158 1436 5213 occiderunt
1470 5157 1650 5229 gladio
1678 5159 1839 5213 simul
1861 5174 1984 5214 cum
2002 5161 2306 5217 vulneratis

726 5266 953 5317 eorum;
1002 5260 1059 5305 et
1086 5251 1330 5321 captivas
1371 5249 1646 5304 duxerunt
1688 5249 1949 5306 mulieres
1988 5251 2220 5317 Madian,
2250 5261 2305 5307 et

730 5341 1122 5411 supellectilem
1156 5357 1371 5407 eorum,
1404 5351 1459 5397 et
1486 5356 1683 5411 pecora
1718 5353 1929 5408 eorum,
1954 5357 2086 5413 opes
2107 5358 2297 5398 eorum

729 5442 786 5489 et
812 5434 1122 5489 facultatem
1164 5450 1355 5490 eorum
1385 5433 1697 5505 depopulati
1742 5441 1889 5497 sunt,
1916 5441 1973 5489 et
1995 5449 2187 5488 omnes
2216 5435 2297 5488 ci-

735 5526 930 5583 vitates
950 5544 1163 5594 eorum,
1184 5544 1307 5600 quae
1322 5534 1480 5584 erant
1511 5525 1565 5579 in
1600 5525 2038 5581 habitationibus
2074 5541 2291 5588 eorum,

805 5666 1031 5724 "Num.
1073 5684 1196 5732 xxv,
1218 5668 1269 5721 5.
1345 5668 1391 5698 '°
1406 5665 1547 5722 Osee
1570 5681 1644 5730 vr,
1672 5665 1758 5719 Ν.

808 5809 883 5880 (l)
911 5810 1042 5866 Cod.
1078 5811 1250 5867 Vatic.
1273 5850 1286 5875 ,
1325 5805 1737 5877 πολεμούμενοι,
1778 5803 2046 5861 bellaturi.

2390 3253 2672 3326 Αἱρείσθαι
2707 3253 2765 3306 δὲ
2797 3251 2934 3323 πρὸς
2972 3248 3337 3321 Μαδιηναίους
3370 3246 3537 3310 εὐθὺς
3565 3244 3786 3299 διετύπου
3821 3244 3887 3294 πός

2390 3348 2554 3419 λεμον
2608 3346 2784 3414 λέγων
2822 3344 2959 3415 πρὸς
2986 3344 3079 3397 τὸν
3118 3341 3446 3414 ἱεροφάντην
3495 3338 3688 3395 Μωσέα
3715 3336 3842 3398 Θεός·
3872 3354 3885 3384 ι

2406 3440 2637 3495 Ἐκδίκει
2678 3438 2781 3509 τὴν
2830 3436 3109 3507 ἐκδίκησιν
3142 3435 3250 3489 τῶν
3304 3433 3440 3488 υίῶν
3482 3430 3687 3503 Ἰσραὴλ
3731 3431 3781 3482 ἐκ
3814 3428 3889 3480 τῶν

2392 3529 2733 3587 Μαδιανιτῶν
2757 3570 2773 3595 ,
2806 3529 2901 3583 καὶ
2946 3528 3169 3599 ἔσχατον
3217 3525 3503 3598 προσθήσῃ
3548 3523 3675 3594 πρὸς
3707 3521 3781 3574 τὸν
3802 3519 3889 3571 λαὸν

2396 3641 2510 3676 σου.
2542 3622 2652 3675 Καὶ
2682 3620 2911 3690 ὲλάλησε
2930 3621 3134 3691 Μωσῆς
3165 3620 3302 3690 πρὸς
3323 3618 3414 3671 τὸν
3435 3616 3581 3681 λαὸν,
3609 3611 3890 3683 λέγων’Ἑξο-

2395 3712 2622 3766 πλίσατε
2668 3712 2795 3775 τοὺς
2840 3711 3039 3782 ἄνδρας
3094 3709 3155 3775 ἐξ
3200 3708 3374 3780 ὑμῶν,
3425 3708 3523 3761 καὶ
3581 3702 3889 3774 supercilia-:6:

2394 3805 2575 3858 ἔναντι
2613 3804 2817 3874 Κυρίου
2860 3804 2951 3856 ἐπὶ
2979 3801 3227 3872 Μαδιὰμ,
3263 3798 3555 3853 ἀποδοῦναι
3584 3795 3818 3866 ἐκδίκησιν

2395 3896 2585 3967 Κυρίῳ
2616 3898 2682 3966 τῇ
2716 3893 2944 3964 Μαδιὰμ
2965 3932 2981 3955 ,
3016 3893 3222 3962 χιλίους
3250 3891 3315 3944 ἐκ
3345 3888 3524 3958 φυλῆς
3549 3928 3565 3954 ,
3615 3888 3701 3940 καὶ
3739 3884 3889 3955 χιλίινς

2396 3989 2461 4041 ἐκ
2484 3985 2675 4056 φυλῆς,
2711 3985 2777 4037 ἐκ
2814 3982 3003 4036 πασῶν
3043 3979 3225 4049 φυλῶν
3253 3978 3386 4031 υἱῶν
3433 3974 3664 4047 Ἰσραὴλ,
3701 3970 3891 4025 ἀποστῇ·

2395 4078 2523 4133 λατε
2570 4074 3005 4149 παρατάξασθαι.
3059 4074 3169 4126 Καὶ
3218 4070 3595 4141 ἐξηρίθμησαν
3639 4068 3698 4118 ἐκ
3726 4064 3813 4116 τῶν
3836 4079 3890 4129 χι-

2395 4170 2590 4225 λιάδων
2626 4168 2843 4240 Ἰσραὴλ
2893 4166 3099 4238 χιλίους
3148 4166 3214 4219 ἐκ
3255 4162 3429 4233 φυλῆς
3472 4160 3671 4214 δώδεκα
3708 4153 3889 4225 χιλιάδας

2396 4259 2833 4332 ἐνωπλισμένους
2859 4261 2938 4323 είς
2961 4255 3288 4329 παράταξιν,
3308 4255 3403 4308 καὶ
3429 4250 3730 4307 ἀπέστειλεν
3748 4244 3888 4303 αὐτοὺς

2396 4351 2599 4419 Μωσῆς
2626 4349 2830 4420 χιλίους
2856 4350 2921 4403 ἐκ
2955 4348 3153 4416 φυλῆς,
3181 4347 3274 4400 καὶ
3302 4346 3507 4417 χιλίους
3544 4344 3606 4396 ἐκ
3640 4340 3800 4411 φυλῆς,
3826 4338 3890 4387 σὺν

2396 4442 2623 4513 δυνάμει
2669 4442 2847 4495 αὐτῶν
2870 4457 2884 4470 ·
2917 4440 3013 4494 καὶ
3056 4440 3146 4493 τὸν
3188 4439 3374 4501 Φινεὲς
3401 4436 3516 4490 υἱὸν
3557 4430 3785 4498 Ἐλεάζαρ
3810 4424 3887 4478 υἱώ

2330 4552 2372 4607 ι)
2414 4532 2625 4604 Ἀαρὼν
2650 4532 2745 4585 τοῦ
2781 4533 2969 4602 ἱερέως
2990 4572 3004 4595 ,
3041 4532 3133 4584 καὶ
3178 4529 3249 4583 τὰ
3282 4530 3450 4600 σκεύη
3484 4529 3551 4581 τὰ
3582 4526 3731 4594 ἅγια,
3761 4521 3833 4573 καὶ
3853 4516 3890 4567 αἱ

2405 4625 2702 4693 σάλπιγγες
2723 4624 2831 4677 τῶν
2862 4622 3146 4694 σημασιῶν
3178 4624 3237 4675 ἐν
3264 4624 3384 4683 ταῖς
3418 4620 3602 4691 χερσὶν
3626 4613 3804 4671 αὐτῶν,
3826 4608 3890 4659 καὶ

2402 4710 2778 4782 παρετάξαντο
2810 4712 2902 4764 ἐπὶ
2958 4710 3215 4780 Μαδιὰμ,
3252 4708 3396 4763 καθὰ
3429 4706 3715 4762 ἐνετείλατο
3740 4698 3890 4767 Κύρικ

2400 4802 2479 4873 τῷ
2504 4804 2714 4867 Μωσεῖ,
2752 4802 2847 4856 καὶ
2880 4801 3207 4856 ἀπέκτειναν
3237 4802 3344 4854 πᾶν
3374 4797 3671 4869 ἀρσενικὸν,
3706 4792 3781 4846 καὶ
3802 4786 3889 4845 τοὺς

2402 4891 2639 4963 βασιλεῖς
2674 4892 2900 4962 Μαδιὰμ
2924 4931 2939 4954 ,
2971 4891 3299 4946 ἀπέκτειναν
3328 4890 3443 4958 ἅμα
3474 4892 3581 4950 τοῖς
3600 4878 3889 4956 τραυματίαις

2401 4984 2598 5038 αὐτῶν·
2629 4984 2833 5037 καὶτὸν
2858 4983 3074 5046 Νευεὶν,
3098 4983 3193 5036 καὶ
3216 4982 3308 5036 τὸν
3340 4981 3543 5045 Ῥοκδν,
3565 4980 3651 5033 καὶ
3674 4976 3750 5029 τδν
3772 4972 3885 5037 Σοὺρι

2402 5074 2610 5130 καὶτὸν
2633 5074 2767 5146 Οὓρ,
2797 5075 2998 5128 καὶτὸν
3040 5075 3250 5139 Ῥοϐδκ,
3281 5075 3443 5128 πέντε
3473 5062 3887 5143 βασιλεῖςΜαδιάμν

2402 5168 2497 5219 καὶ
2528 5166 2619 5220 τὸν
2651 5164 2881 5236 Βαλαὰμ
2916 5165 3030 5218 υίὸν
3061 5164 3235 5235 Βεὼρ,
3276 5164 3596 5217 ἀπέκτειναν
3623 5160 3676 5212 ἐν
3703 5149 3886 5228 ῥομφαίὲ

2405 5255 2504 5308 σὺν
2537 5256 2650 5318 τοῖς
2678 5254 3046 5325 τραυματίαις
3075 5253 3251 5308 αὐτῶν
3274 5270 3287 5283 ·
3320 5253 3413 5306 καὶ
3435 5249 3795 5323 προενόμευσαν
3820 5238 3889 5295 τὰς

2404 5347 2670 5415 γυναῖκας
2701 5345 2946 5417 Μαδιὰμ,
2980 5346 3074 5399 καὶ
3098 5344 3195 5415 τὴν
3220 5344 3527 5410 ἀποσκευὴν
3551 5338 3737 5399 αὐτῶν,
3757 5330 3824 5386 καὶ
3841 5328 3887 5379 τά

2405 5438 2575 5509 κτήνη
2601 5436 2802 5500 αὐτῶν,
2826 5436 2921 5491 καὶ
2942 5437 3119 5490 πάντα
3154 5437 3221 5490 τὰ
3248 5435 3488 5504 ἐγκτητα
3517 5428 3697 5492 αὐτῶν,
3723 5423 3798 5478 καὶ
3818 5421 3887 5484 τὴν

2403 5526 2631 5597 δύναμιν
2665 5528 2844 5583 αὒτῶν
2879 5528 3301 5599 προενόμευσαν,
3333 5526 3427 5581 καὶ
3450 5524 3619 5585 πάσας
3643 5519 3729 5580 τὰς
3754 5512 3889 5572 πόλεις
