4076 6530
246 425 343 482 525

988 428 1074 483 DE
1114 428 1555 485 ADORATIONE
1594 427 1661 483 IN
1697 423 1966 481 SPIRITU
2009 424 2095 479 ET
2135 424 2507 480 \‘ERITATE.
2540 423 2668 478 LIB.
2705 423 2790 479 IV.

3391 425 3497 481 5‘26

245 541 418 596 αὐτῶν
448 539 549 602 τὰς
578 540 641 592 ἐν
675 540 795 605 ταῖς
821 541 1131 606 κατοικίαις
1155 541 1355 605 αὐτῶν,
1396 541 1491 596 καὶ
1517 541 1618 605 τὰς
1650 540 1813 594 ἐπαύ-

1924 549 1979 593 et
1997 537 2149 591 vicos
2167 552 2357 591 eorum
2381 538 2803 594 combusserunt
2825 536 2955 609 igni,
2985 547 3040 593 et
3071 546 3336 608 ceperunt
3359 554 3490 593 om-

241 633 346 693 λεις
365 628 551 683 αὐτῶν
572 629 881 700 ἐνέπρησαν
909 631 968 684 ἐν
991 632 1123 701 πυρὶ
1143 671 1158 694 ,
1180 634 1274 685 καὶ
1294 631 1483 685 ἔλαϐον
1518 632 1698 685 πᾶσαν
1726 632 1824 700 τὴν

243 718 522 791 προνομὴν
553 718 733 772 αὐτῶν
750 735 762 748 ·
789 720 882 773 καὶ
909 721 1087 774 πάντα
1105 721 1173 774 τά
1195 721 1366 775 σκῦλα
1389 721 1569 775 αὐτῶν
1596 721 1704 775 ἀπὸ
1732 723 1825 774 ἀν-

242 811 456 881 θρώπου
475 810 583 869 ἓως
601 811 847 880 κτήνους,
868 811 961 863 καὶ
982 811 1186 881 ἠγαγον
1199 813 1335 883 πρὸς
1354 812 1556 883 Μωσῆν
1577 811 1823 882 καὶπρὸς

251 899 514 972 Ἐλεάζαρ
542 901 633 953 τὸν
666 901 836 973 ἱερέα,
864 903 957 954 καὶ
983 902 1121 972 πρὸς
1153 903 1361 966 πάντας
1385 905 1509 966 τοὺς
1537 904 1684 966 υἱοὺς
1724 903 1822 955 Ἰσ-

239 991 368 1063 ραὴλ
385 992 491 1060 τὴν
504 990 880 1060 αἰχμαλωσίαν
908 992 998 1044 καὶ
1026 991 1094 1046 τὰ
1112 992 1283 1045 σκῦλα
1310 993 1403 1045 καὶ
1423 994 1521 1063 τὴν
1541 992 1822 1062 προνομὴν

237 1086 305 1147 είς
318 1083 425 1153 τὴν
443 1099 585 1153 παρε
596 1081 797 1153 μὸολὴν
811 1084 889 1145 είς
922 1082 1166 1152 Ἀραὸὼθ
1184 1082 1373 1145 Μωάϐ,
1394 1084 1429 1154 ἦ
1452 1085 1597 1136 ἐστιν
1622 1083 1715 1134 ἐπὶ
1726 1080 1819 1135 τοῦ

248 1174 515 1244 Ἰορδάνου
539 1174 680 1228 κατὰ
704 1173 929 1243 Ίεριχώ.
951 1174 1061 1226 Καὶ
1082 1172 1272 1243 ἐξῆλθε
1288 1175 1490 1244 Μωσῆς
1508 1174 1601 1227 καὶ
1640 1174 1820 1228 Ἑλεά-

236 1265 329 1331 ζαρ
352 1268 381 1319 6
406 1267 592 1336 ἱερεὺς
615 1306 631 1330 ,
669 1267 761 1318 καὶ
788 1266 987 1328 πάντες
1006 1266 1057 1318 οί
1091 1265 1348 1335 ἄρχοντες
1370 1267 1468 1335 τῆς
1499 1267 1818 1337 συναγωγῆς

235 1359 306 1419 είς
320 1358 657 1427 συνάντησιν
668 1356 850 1419 αὐτοῖς
862 1355 967 1420 ἔξω
979 1357 1075 1425 τῆς
1094 1374 1167 1408 πα
1175 1373 1234 1427 ρε
1242 1355 1562 1425 μϐολῆςριαὶ
1572 1356 1814 1427 ὠργίσθη

234 1449 441 1517 Μωσῆς
466 1450 563 1501 ἐπὶ
600 1451 713 1512 τοῖς
743 1448 1058 1511 ἐπισκόποις
1087 1450 1184 1519 τῆς
1217 1447 1497 1518 δυνάμεως
1515 1446 1818 1517 χιλιάρχοις

234 1542 329 1595 καὶ
383 1541 813 1612 ἑκατοντάρχοις
843 1543 956 1603 τοῖς
996 1539 1313 1610 ἐρχομένοις
1344 1541 1409 1591 ἐκ
1445 1542 1542 1610 τῆς
1571 1539 1819 1609 παρατά-

233 1630 366 1695 ξεως
401 1630 503 1683 τοῦ
538 1630 779 1701 πολέμου
800 1646 813 1659 ’
870 1630 966 1683 καὶ
995 1627 1148 1683 εἶπεν
1192 1630 1374 1693 αὐτοῖς
1403 1630 1609 1699 Μωσῆς
1630 1647 1644 1661 ο
1699 1632 1815 1683 Ἵνα

229 1724 279 1776 τί
302 1725 667 1793 ἐξωγρήσατε
708 1723 817 1775 πᾶν
847 1721 979 1792 θῆλυ
1008 1740 1021 1787 ;
1049 1717 1209 1775 αὗται
1236 1722 1344 1793 γὰρ
1371 1717 1514 1792 ἦσαν
1538 1724 1648 1784 τοίς
1682 1723 1815 1785 υἱοῖς

1926 644 2052 683 nem
2102 630 2342 699 praedam
2389 646 2601 695 eorum,
2649 640 2705 687 et
2741 630 2925 685 omnia
2964 631 3137 700 spolia
3177 647 3369 685 eorum
3426 632 3496 686 ab

1925 719 2146 773 homine
2173 734 2343 787 usque
2366 719 2433 773 ad
2472 735 2661 788 pecus,
2686 728 2745 773 et
2786 718 3061 773 duxerunt
3096 719 3165 772 ad
3200 720 3419 790 Moysen
3440 729 3497 775 et

1923 808 1993 862 ad
2037 808 2262 862 Eleazar
2298 810 2661 873 sacerdotem,
2703 818 2761 864 et
2803 809 2870 863 ad
2912 825 3105 864 omnes
3145 809 3285 865 ﬁlios
3329 811 3495 866 Israel

1924 899 2316 968 captivitatem,
2338 908 2396 953 et
2418 900 2589 968 spolia
2615 908 2671 953 et
2694 901 2930 969 praedam
2964 901 3017 955 in
3046 912 3242 965 castra,
3267 902 3320 956 in
3356 902 3493 957 Ara-

1924 990 2058 1045 both
2085 991 2262 1055 Moab,
2304 1007 2425 1060 quae
2456 1001 2539 1044 est
2566 993 2621 1045 in
2652 993 2891 1048 Jordane
2934 1003 3125 1047 contra
3148 994 3388 1049 Jericho.
3426 995 3494 1049 Et

1921 1082 2058 1136 exiit
2080 1082 2288 1154 Moyses
2312 1094 2367 1138 et
2383 1084 2609 1138 Eleazar
2631 1084 2905 1147 sacerdos,
2924 1093 2979 1138 et
3008 1100 3198 1139 omnes
3218 1085 3493 1155 principes

1921 1189 2201 1244 synagoga:
2231 1174 2285 1227 in
2310 1190 2600 1229 occursum
2615 1190 2805 1229 eorum
2842 1182 2993 1228 extra
3019 1184 3217 1241 castra,
3243 1183 3299 1231 et
3323 1177 3494 1231 iratus

1919 1272 2003 1317 est
2029 1262 2212 1317 furore
2243 1262 2450 1334 Moyses
2468 1272 2661 1317 contra
2685 1264 3041 1332 imperatores
3060 1266 3335 1320 exercitus
3365 1268 3492 1322 mil-

1918 1352 2159 1408 lenarios
2190 1362 2246 1407 et
2277 1355 2630 1409 centuriones
2668 1356 2958 1410 venientes
3002 1372 3069 1410 ex
3100 1374 3282 1428 pugna
3321 1358 3488 1425 belli;

1917 1454 1973 1500 et
2009 1444 2148 1500 dixit
2176 1446 2256 1500 eis
2301 1446 2538 1518 Moyses:
2576 1447 2645 1503 Ut
2694 1448 2825 1517 quid
2852 1448 3035 1501 vivum
3065 1450 3289 1518 cepistis
3331 1466 3492 1506 omne

1916 1537 2284 1592 femininum?
2316 1539 2410 1594 [lae
2434 1540 2581 1593 enim
2605 1539 2828 1594 fuerunt
2856 1539 2982 1593 ﬁliis
3019 1540 3181 1594 lsrael
3199 1543 3349 1612 juxta
3370 1557 3493 1597 ver-

1928 1629 2059 1683 bum
2117 1631 2354 1695 Balaam,
2412 1640 2473 1685 ut
2527 1633 2931 1701 apostataretis,
2963 1641 3019 1687 et
3069 1635 3493 1689 contemneretis

1914 1727 2144 1781 verbum
2182 1722 2397 1777 Domini
2428 1730 2655 1792 propter
2692 1723 2941 1793 Phogor:
2978 1730 3035 1778 et
3056 1723 3199 1779 facta
3232 1732 3315 1779 est
3336 1725 3489 1795 plaga

241 1814 465 1883 Ἰσραὴλ
496 1812 639 1866 κατὰ
662 1812 721 1864 τὸ
744 1811 894 1883 ῥῆμα
921 1812 1167 1881 Βαλαὰμ,
1195 1811 1288 1865 τοῦ
1314 1812 1690 1881 άποστατῆσαι
1720 1812 1813 1865 καὶ

1918 1818 1970 1872 in
1997 1832 2264 1889 synagoga
2287 1814 2502 1868 Domini
2528 1832 2540 1866 :
2564 1823 2619 1868 et
2647 1829 2792 1868 nunc
2827 1814 3060 1869 occidite
3088 1830 3249 1870 omne
3273 1831 3490 1870 mascu-

230 1903 515 1972 ὑπεριδεῖν
537 1902 600 1954 τὸ
638 1902 790 1972 ῥῆμα
820 1901 1024 1972 Κυρίου
1044 1939 1059 1963 ,
1085 1900 1267 1953 ἕνεκεν
1301 1899 1494 1971 Φογώρ
1514 1914 1528 1928 ’
1560 1902 1651 1955 καὶ
1688 1902 1811 1970 ἐγέ-

1917 1910 2090 1964 linum
2125 1911 2179 1964 in
2202 1908 2348 1962 omni
2376 1922 2589 1961 summa
2609 1912 2666 1960 et
2691 1922 2909 1961 omnem
2932 1907 3367 1977 mulierem,quae
3386 1924 3489 1963 no-

228 2012 351 2049 νετο
397 1998 426 2067 ἡ
460 1994 645 2065 πληγὴ
684 1995 743 2046 ἐν
782 1996 848 2063 τῇ
889 1996 1178 2064 συναγωγῇ
1228 1994 1438 2064 Κυρίου
1462 2012 1475 2026 ο
1537 1994 1632 2048 νῦν
1672 1996 1811 2048 άπο-

229 2088 485 2140 κτείνατε
505 2088 615 2140 πᾶν
643 2086 952 2157 ἀρσενικὸν,
975 2088 1033 2138 ἐν
1059 2088 1208 2156 πάσῃ
1230 2085 1497 2157 ἀπαρτίᾳ,
1515 2085 1610 2139 καὶ
1632 2088 1812 2141 πᾶσαν

228 2177 492 2245 γυναῖκα.
516 2178 582 2246 ἤτ
593 2192 638 2238 ις
669 2174 809 2243 ἔγνω
831 2176 1018 2246 κοίτην
1034 2175 1278 2247 ἄρσενος,
1309 2175 1687 2230 ἁποκτείνατε’
1717 2177 1812 2230 καὶ

226 2268 413 2320 πᾶσαν
460 2264 562 2337 τὴν
610 2266 884 2337 άπαρτίαν
917 2265 1024 2318 τῶν
1051 2265 1354 2333 γυναικῶν,
1395 2267 1519 2336 ἥτις
1561 2267 1663 2320 οὐκ
1705 2263 1812 2321 οἶδε

224 2358 422 2428 κοίτην
467 2356 740 2427 ἄρσενος,
786 2356 1105 2428 ζωγρήσατε
1156 2358 1346 2421 αὐτάς.
1394 2376 1411 2409 ι
1460 2358 1644 2412 Ταῦτα
1676 2359 1810 2414 Θεοῦ

223 2449 799 2521 κεχρησμωδηκότος,
838 2448 1131 2502 ἀπόλεκτοι
1168 2449 1375 2503 νεανίαι
1408 2452 1545 2522 πρὸς
1576 2451 1677 2523 τὴν
1713 2450 1809 2505 τοῦ

222 2543 473 2612 πολέμου
510 2540 928 2611 συνεκομίζοντο
961 2541 1151 2611 χρείαν
1172 2558 1187 2573 ·
1222 2543 1317 2595 καὶ
1338 2543 1446 2595 ἀπὸ
1468 2543 1649 2613 πάσης
1682 2561 1807 2597 συν-

218 2637 379 2707 έρρει
414 2635 594 2704 φυλῆς
617 2674 631 2700 ,
659 2634 720 2687 τὸ
747 2635 830 2687 ὅτι
865 2633 1105 2704 μάλιστα
1153 2634 1429 2705 τληπαθὲς
1457 2637 1551 2690 καὶ
1579 2636 1813 2708 δοκιμώ-

217 2745 413 2792 τατον,
448 2728 537 2781 ἵνα
556 2728 615 2778 τὸ
643 2726 735 2795 ἀφ’
761 2727 1000 2795 ἑκάστης
1028 2727 1367 2799 εὐδοκιμοῦν,
1399 2727 1623 2800 αὔχημα
1648 2730 1809 2802 γένη-

218 2838 319 2873 ται
360 2819 456 2873 τοῦ
502 2819 743 2883 παντὸς,
791 2819 951 2889 καὶὴ
997 2818 1093 2872 τοῦ
1131 2820 1327 2890 μέρους
1376 2821 1700 2892 λαμπρότης
1733 2824 1812 2886 είς

215 2912 350 2964 ελον
381 2912 451 2964 τοι
490 2911 551 2964 τὸ
581 2909 878 2981 πλήρωμα,
911 2910 1052 2964 κατά
1084 2927 1145 2979 γε
1171 2912 1232 2963 τὸ
1261 2912 1367 2965 ὑπὸ
1396 2913 1619 2989 Παύλου
1636 2913 1811 2983 σοφῶς

219 3004 547 3074 εἰρημένον.
598 3020 616 3052 ι
664 3002 787 3054 Εῐτε
821 3001 931 3069 γὰρ
968 3001 1165 3071 πάσχει
1198 3001 1255 3054 ἒν
1283 3004 1463 3072 μέλος,
1501 3004 1810 3075 συμπάσχει

222 3096 417 3150 ’πάντα
460 3094 530 3147 τὰ
565 3094 736 3164 μέληο
768 3094 879 3146 εἴτε
903 3093 1185 3158 δοξάζεται
1211 3093 1267 3148 ἓν
1304 3096 1484 3165 μέλος,
1522 3098 1806 3169 συγχαίρει

218 3187 413 3242 ⁸πάντα
445 3188 515 3239 τὰ
542 3187 675 3258 μέλη
686 3226 697 3239 .

304 3280 519 3332 ΠΔΛΛ.
564 3278 768 3349 Ὀρθῶς
795 3280 1002 3350 διανοῇ.

296 3371 473 3423 ΚΥΡ.
518 3370 999 3440 Κατεστρατεύετο
1028 3368 1212 3422 τοίνυν
1248 3370 1357 3422 τῶν
1392 3369 1739 3440 Μαδιηναίων
1778 3372 1810 3440 ἠ

220 3467 338 3519 τῶν
372 3465 695 3519 άπολέκτων
745 3465 1102 3535 άλκιμωτάτη
1142 3463 1353 3535 πληθὺς
1376 3503 1390 3527 ,
1429 3463 1681 3526 συνόντος
1715 3464 1805 3517 αὑ-

224 3562 347 3620 τοῖς
378 3557 567 3621 Φινεές
597 3575 657 3610 τε
689 3557 783 3609 τοῦ
815 3558 1003 3629 ἱερέως
1024 3597 1037 3619 ,
1090 3556 1183 3610 καὶ
1220 3556 1329 3608 τῶν
1361 3555 1532 3624 ἁγίων
1560 3555 1769 3607 σκευῶν
1797 3595 1810 3619 ,

225 3652 325 3706 καὶ
354 3652 464 3721 μὴν
497 3651 594 3704 καὶ
624 3650 957 3719 σαλπίγγων,
993 3649 1100 3701 τῶν
1129 3649 1475 3718 καλουμένων
1506 3647 1810 3718 σημασιῶν.

225 3745 344 3797 Καὶ
375 3742 489 3813 γάρ
527 3743 676 3793 ἐστιν
709 3740 797 3793 ἀεὶ
833 3739 1095 3801 σύνοπλός
1126 3755 1186 3791 τε
1220 3738 1315 3790 καὶ
1349 3737 1814 3807 συμπαραστάτης

224 3839 344 3900 τοῖς
378 3833 788 3906 ἀνδριζομένοις
814 3835 841 3884 6
877 3832 1109 3902 Χριστὸς
1136 3871 1150 3894 ,
1184 3832 1213 3883 6
1244 3830 1417 3899 μέγας
1450 3828 1605 3899 ἡμῶν
1629 3828 1816 3899 ἀρχιε-

231 3929 384 3998 patir
426 3926 751 3980 συναθλοῦσι
776 3926 832 3978 δὲ
854 3926 947 3976 καὶ
966 3923 1209 3991 ἄγγελοι,
1241 3922 1490 3991 καθάπερ
1514 3923 1573 3973 ἐν
1598 3923 1815 3974 σκεύεσι

224 4000 345 4083 τοῖς
374 4020 557 4087 ἁγίοις
587 4016 1031 4087 ὑποδηλούμενοι.
1074 4015 1252 4084 Σκεύη
1284 4016 1388 4085 γὰρ
1420 4014 1550 4081 ἆγια
1579 4013 1673 4066 καὶ
1704 4012 1815 4066 λει-

227 4112 525 4185 τουργικὰ,
568 4110 639 4163 τὰ
667 4114 725 4163 ἐν
753 4109 968 4181 οὐρανῷ
995 4107 1189 4175 λογικὰ
1221 4104 1527 4174 πνεύματα·
1559 4104 1814 4157 τέτακται

227 4206 341 4276 γὰρ
382 4202 539 4275 παρὰ
576 4200 713 4255 Θεοῦ
762 4201 899 4269 πρὸς
932 4198 1251 4269 ἐπικουρίαν
1282 4195 1461 4268 ἡμῶν.
1498 4195 1727 4266 Πάρεισι
1756 4194 1814 4246 δὲ

226 4299 385 4353 οὐδὲν
421 4292 588 4367 ἦττον
626 4294 719 4347 καὶ
748 4293 804 4345 ai.
842 4291 1142 4357 σάλπιγγες
1170 4288 1280 4340 τῶν
1306 4285 1591 4357 σημασιῶν
1612 4329 1626 4351 ,
1659 4301 1815 4337 τουτ-

228 4391 347 4444 έστι
387 4389 501 4441 τῶν
538 4385 820 4456 θεηγόρων
861 4384 911 4436 οί
958 4381 1141 4448 λόγοι.
1194 4379 1254 4432 τὸ
1294 4378 1415 4431 τίνα
1447 4377 1567 4448 ’χρὴ
1613 4375 1813 4446 τρόπον

228 4477 699 4550 κατανδρίζεσθαι
731 4475 841 4528 τῶν
863 4472 1095 4544 ἐχθρῶν,
1126 4472 1245 4540 ἦτοι
1265 4469 1373 4522 τῶν
1396 4470 1452 4521 ὲν
1481 4468 1611 4538 ἡμῖν
1643 4466 1811 4519 ὄντων

1920 2003 2000 2056 vit
2035 2003 2238 2056 lectum
2278 2000 2544 2063 masculi;
2590 2000 2826 2054 occidite
2865 2007 2921 2054 et
2972 2015 3188 2054 omnem
3221 2017 3488 2056 summam

1918 2096 2246 2150 feminarum
2273 2135 2287 2155 ,
2320 2109 2441 2162 qua:
2480 2109 2590 2147 non
2625 2094 2776 2147 novit
2813 2093 3015 2148 lectum
3049 2094 3297 2158 masculi,
3339 2094 3490 2149 vivas

1920 2188 2103 2257 capite
2124 2202 2217 2241 eas
2252 2187 2317 2238 ⁸¹.
2348 2185 2475 2239 Haec
2495 2200 2619 2239 cum
2640 2185 2891 2255 jussisset
2914 2186 3076 2249 Deus,
3100 2186 3226 2240 lecti
3260 2187 3491 2256 juvenes

1917 2281 1985 2334 ad
2032 2281 2240 2334 bellum
2295 2276 2595 2348 gerendum
2650 2276 3068 2341 conveniebant,
3100 2286 3156 2331 et
3196 2294 3225 2331 a
3264 2278 3490 2348 singulis

1920 2373 2215 2435 tribubus,
2261 2372 2353 2441 qui
2388 2372 2620 2424 maxime
2649 2370 2929 2424 laboribus
2958 2370 3255 2425 tolerandis
3284 2371 3487 2425 assueti

1917 2474 2095 2529 erant,
2133 2474 2189 2518 et
2219 2464 2283 2518 ad
2323 2462 2672 2533 pugnandum
2700 2461 3089 2531 probatissimi,
3120 2461 3485 2525 conﬂuebant,

1919 2561 1981 2607 ut
2019 2553 2337 2623 quicunque
2359 2553 2426 2607 de
2469 2552 2697 2623 singulis
2732 2552 2987 2606 tribubus
3015 2553 3421 2616 excelluissent,
3450 2555 3487 2607 ii

1917 2646 2104 2714 gloriae
2125 2646 2327 2715 populo
2360 2644 2617 2699 universo
2637 2651 2841 2707 essent,
2864 2650 2919 2697 et
2941 2644 3113 2713 partis
3142 2644 3306 2698 unius
3327 2645 3487 2698 nobi-

1918 2737 2044 2791 litas
2078 2737 2146 2790 ad
2193 2736 2592 2806 plenitudinem
2637 2744 2805 2789 totam
2848 2735 3181 2804 pertineret;
3232 2735 3490 2790 similiter

1918 2836 2082 2896 atque
2116 2835 2205 2882 est
2252 2843 2283 2882 a
2332 2829 2501 2882 Paulo
2548 2826 2949 2897 sapientissime
2993 2827 3246 2882 dictum:
3305 2847 3323 2879 ι
3360 2826 3488 2883 Sive

1917 2918 2063 2970 enim
2084 2917 2290 2987 patitur
2313 2933 2482 2971 unum
2504 2916 2833 2979 membrum,
2862 2917 3271 2985 compatiuntur
3304 2917 3489 2973 omnia

1919 3009 2197 3074 membra;
2240 3010 2355 3064 sive
2402 3008 2738 3079 gloriﬁcatur
2783 3023 2952 3061 unum
2987 3009 3314 3072 membrum,
3354 3024 3488 3063 con-

1917 3098 2156 3167 gaudent
2188 3100 2340 3167 121
2366 3099 2548 3153 omnia
2585 3098 2830 3153 membra
2854 3098 2921 3150 δ’.
2956 3117 2974 3148 ι

1991 3186 2187 3240 PALL.
2212 3188 2378 3241 Recte
2403 3188 2676 3257 intelligis.

1840 3248 1882 3303 Ο
1985 3279 2141 3334 CYR.
2199 3248 2604 3333 Contendebatv
2635 3279 2800 3349 igitur
2856 3279 3115 3335 adversus
3171 3281 3489 3338 Madianitas

1914 3371 2211 3425 fortissima
2237 3372 2658 3426 lectissimorum
2683 3374 2946 3442 juvenum
2986 3372 3131 3428 acies
3151 3414 3164 3437 ,
3192 3373 3488 3444 aderatque

1914 3481 2023 3519 ma
2045 3464 2281 3519 Phlnees
2319 3464 2582 3519 sacerdos
2602 3505 2614 3527 ,
2648 3464 2876 3518 aderant
2896 3464 3059 3519 etiam
3089 3480 3217 3519 vasa
3247 3480 3400 3519 sacra
3426 3481 3490 3520 ac

1917 3556 2079 3619 tubae,
2111 3570 2233 3625 quae
2262 3554 2540 3625 signorum
2569 3555 2913 3609 dicebantur.
2951 3554 3178 3625 Semper
3207 3555 3352 3609 enim
3380 3572 3488 3610 una

1914 3663 2039 3702 cum
2068 3647 2153 3709 iis,
2179 3647 2273 3716 qui
2299 3662 2357 3700 se
2378 3645 2595 3700 fortiter
2621 3655 2835 3716 gerunt,
2862 3645 3024 3699 simul
3051 3646 3108 3699 in
3137 3646 3322 3709 armis,
3341 3654 3397 3699 et
3421 3647 3490 3701 ad

1914 3756 2073 3810 opem
2128 3739 2404 3794 ferendam
2438 3747 2638 3807 praesto
2678 3747 2763 3793 est
2812 3736 3083 3800 Christus,
3125 3753 3355 3808 magnus
3398 3738 3489 3791 ille

1916 3829 2159 3901 pontifex
2206 3836 2426 3884 noster:
2463 3829 2626 3882 simul
2666 3843 2884 3897 quoque
2918 3827 3092 3897 angeli
3127 3835 3370 3891 certant,
3394 3827 3487 3896 qui

1915 3921 2085 3977 sacris
2106 3920 2252 3975 vasis
2283 3919 2678 3989 signiﬁcantur.
2701 3918 2899 3973 Sancta
2932 3918 3134 3987 quippe
3166 3932 3290 3971 vasa
3313 3957 3327 3981 ,
3353 3917 3493 3971 divi-

1914 4014 2110 4082 nisque
2146 4011 2466 4065 ministeriis
2490 4017 2633 4079 apta,
2660 4017 2789 4064 sunt
2828 4009 3121 4063 rationales
3154 4009 3232 4063 illi
3266 4009 3321 4063 in
3351 4010 3490 4065 caelo

1916 4103 2139 4174 spiritus
2168 4120 2180 4155 :
2214 4110 2341 4156 sunt
2370 4102 2514 4155 enim
2541 4118 2570 4154 a
2598 4102 2708 4154 Deo
2734 4100 2799 4155 ad
2827 4116 2986 4170 opem
3018 4100 3179 4155 nobis
3208 4100 3488 4156 ferendam

1915 4193 2183 4249 collocati.
2202 4192 2412 4246 Adsunt
2431 4191 2593 4244 etiam
2617 4190 2976 4244 nihilominus
3016 4189 3160 4244 tuba:
3186 4189 3485 4259 signorum,

1915 4287 1971 4340 id
1993 4294 2077 4340 est
2100 4284 2411 4338 divinorum
2432 4280 2848 4352 prmdicatorum
2873 4296 3174 4343 sermones,
3207 4282 3300 4351 qui
3325 4296 3487 4351 aper-

1917 4378 2122 4432 tissime
2151 4374 2479 4446 signiﬁcent,
2507 4372 2962 4442 quemadmodum
2994 4371 3256 4427 adversus
3280 4373 3485 4436 hostes,

1914 4469 1967 4522 id
2004 4478 2087 4521 est
2109 4483 2220 4530 eas,
2252 4481 2374 4536 qua:
2396 4465 2555 4519 nobis
2581 4464 2757 4517 insitre
2787 4470 2946 4526 sunt,
2989 4462 3154 4516 animi
3194 4463 3488 4533 perturba-

228 4574 445 4634 παθῶν,
467 4568 529 4624 εὖ
556 4570 703 4641 μάλα
734 4566 1252 4637 κατασημαίνοντες.
1286 4561 1496 4615 Οὐκοῦν
1525 4559 1809 4613 ὑποτύπω-

1916 4561 2112 4621 tiones,
2150 4569 2372 4612 strenue
2397 4554 2747 4627 pugnandum
2784 4555 2873 4609 sit.
2909 4555 3048 4624 Ergo
3074 4554 3327 4609 sacerdos
3361 4555 3486 4624 qui—

231 4684 317 4729 σις
348 4660 591 4733 Χριστοῦ
630 4660 747 4729 μὲν,
781 4658 808 4709 ὁ
838 4657 1018 4726 ἱερεὺς
1038 4694 1052 4717 ,
1079 4653 1375 4714 τουτέστιν,
1407 4653 1436 4705 6
1471 4650 1678 4711 Φινεὲς,
1708 4649 1809 4715 ἀγ-

228 4756 405 4824 γέλων
438 4754 497 4806 δὲ
521 4792 535 4814 ,
582 4748 751 4819 σκεύη
787 4748 854 4801 τὰ
906 4747 1070 4814 ἆγιαο
1110 4744 1221 4796 τῶν
1250 4744 1308 4797 δὲ
1354 4742 1447 4795 τὸν
1494 4740 1637 4793 θεῖον
1678 4740 1811 4809 ἡμῖν

229 4840 683 4911 διακεκραγότων
724 4836 905 4903 λόγον,
937 4836 992 4888 αἱ
1027 4833 1326 4901 σάλπιγγες
1353 4830 1462 4884 τῶν
1502 4828 1808 4901 σημασιῶν.

231 4933 390 4987 Οὕτω
425 4929 539 4999 γάρ
574 4926 816 4997 ἀμογητὶ
848 4922 1217 4995 περιεσόμεθα
1262 4921 1373 4974 τῶν
1402 4917 1810 4989 ἀνθεστηκότων

230 5027 286 5077 ἐν
313 5018 565 5092 Χριστῷ,
598 5017 848 5085 λέγοντες
874 5014 935 5067 τὸ
966 5015 1024 5066 ἐν
1060 5013 1315 5083 Ψαλμοῖς
1345 5012 1622 5082 ᾀδόμενονσ
1656 5028 1675 5061 ι
1725 5006 1815 5061 Ἐν

231 5119 312 5170 σοὶ
342 5116 476 5176 τοὺς
516 5109 745 5181 ἐχθροὺς
776 5107 934 5178 ἡμῶν
962 5104 1345 5177 κερατιοῦμεν,
1383 5106 1476 5157 καλ⁸
1502 5106 1559 5156 έν
1592 5101 1668 5172 τῷ
1693 5102 1810 5154 6V6-

234 5208 363 5280 ματί
393 5223 492 5259 σου
515 5201 943 5269 ἐξουδενώσομεν
968 5200 1094 5261 τοὺς
1115 5196 1578 5265 ἐπανισταμένους
1599 5195 1749 5264 ἡμῖν.
1786 5211 1804 5242 ι

234 5307 298 5355 '0
332 5299 401 5369 δὴ
447 5297 547 5349 καὶ
600 5292 950 5364 πεπράκασιν
994 5291 1043 5343 οί
1097 5289 1157 5354 ἐξ
1196 5287 1449 5359 Ἰσραήλ·
1485 5286 1668 5341 πᾶσαν
1702 5285 1810 5355 γὰρ

224 5394 331 5447 τῶν
361 5385 720 5457 Μαδιηναίων
740 5383 896 5435 πόλιν
924 5398 984 5435 τε
1012 5381 1109 5435 καὶ
1133 5380 1319 5451 χώραν
1343 5377 1810 5449 καταδῃὼσαντες,

229 5478 681 5554 παρεκομίζοντο
727 5473 864 5545 πρὸς
909 5470 1173 5542 Ἐλεάζαρ
1199 5470 1292 5524 τὸν
1335 5468 1482 5539 ἱερέα
1502 5509 1519 5534 ,
1548 5468 1645 5522 καὶ
1677 5467 1812 5538 πρὸς

233 5574 416 5623 πᾶσαν
434 5569 538 5639 τὴν
553 5565 877 5635 συναγωγὴν
892 5562 1025 5617 υἱῶν
1060 5560 1281 5633 Ἰσραὴλ
1294 5561 1393 5630 τὴν
1410 5559 1806 5630 αίχμαλωσίαψ

235 5662 356 5733 ἱερὰ
388 5661 502 5730 γάρ
529 5658 719 5729 ὥσπερ
752 5654 1080 5726 ἀναθήματα
1107 5652 1187 5722 τῷ
1228 5650 1450 5723 Χριστῷ
1478 5649 1555 5721 τῷ
1598 5649 1813 5704 πάντων

1910 4652 2056 4715 dem,
2087 4650 2322 4703 Phinees
2341 4648 2586 4719 inquam,
2616 4646 2820 4702 Christi
2852 4649 3021 4718 figura
3046 4657 3150 4713 est,
3173 4649 3486 4718 angelorum

1910 4760 2042 4799 vero
2068 4758 2222 4797 sacra
2243 4757 2389 4805 vasa,
2414 4756 2602 4795 eorum
2636 4755 2820 4810 porro,
2844 4741 2936 4809 qui
2960 4740 3119 4795 nobis
3143 4740 3236 4795 Dei
3257 4740 3486 4795 verbum

1911 4836 2249 4907 praedicant,
2273 4835 2552 4905 signorum
2579 4832 2743 4887 tuba.
2772 4832 2850 4887 Ita
2883 4833 3087 4903 quippe
3123 4834 3274 4887 nullo
3302 4833 3486 4887 labore

1912 4928 2123 4983 hostem
2153 4928 2209 4980 in
2230 4924 2449 4980 Christo
2475 4925 2873 4994 superabimus,
2909 4924 3039 4977 illud
3060 4924 3324 4988 dicentes,
3341 4925 3487 4993 quod

1918 5018 1974 5072 in
1997 5016 2224 5072 Psalmis
2241 5016 2486 5071 canitur:
2514 5035 2531 5066 ‹
2556 5016 2616 5070 In
2638 5025 2690 5070 te
2726 5016 2979 5071 inimicos
3006 5023 3224 5069 nostros
3257 5015 3489 5070 ventila-

1919 5106 2101 5160 bimus
2136 5121 2330 5168 cornu,
2374 5113 2431 5158 et
2468 5105 2523 5159 in
2563 5105 2784 5159 nomine
2822 5112 2916 5157 tuo
2950 5118 3270 5173 spernemus
3304 5104 3488 5158 insur-

1916 5205 2105 5268 gentes
2133 5197 2188 5251 in
2209 5196 2370 5251 nobis
2383 5196 2447 5249 ⁸⁸.
2479 5216 2495 5247 ι
2524 5194 2681 5261 Quod
2708 5195 2884 5264 ipsum
2924 5194 3181 5249 Israelita:
3200 5194 3485 5250 fecerunt:

1916 5302 2063 5350 nam,
2103 5300 2229 5339 cum
2262 5285 2547 5340 universas
2581 5286 2775 5349 urbes,
2806 5297 3132 5353 omnemque
3166 5282 3487 5338 Madianita-

1913 5392 2034 5432 rum
2105 5377 2383 5449 regionem
2447 5377 2722 5433 hostiliter
2777 5376 3193 5441 devastassent,
3245 5377 3491 5447 captivos

1913 5485 2106 5525 omnes
2155 5469 2224 5523 ad
2273 5469 2590 5524 Eleazarum
2637 5468 3009 5534 sacerdotem,
3046 5479 3104 5524 et
3150 5468 3219 5524 ad
3268 5482 3486 5524 omnem

1914 5559 2394 5630 congregationem
2428 5558 2667 5614 ﬁliorum
2695 5559 2856 5615 Israel
2876 5560 3183 5615 attulerunt
3199 5577 3211 5612 :
3227 5558 3487 5628 praclara

1917 5665 2151 5719 namque
2174 5659 2486 5706 sanctorum
2516 5652 2759 5708 virorum
2784 5660 2933 5724 gesta
2958 5653 3108 5707 velut
3138 5666 3288 5706 sacra
3314 5648 3485 5705 lecta-

310 5846 335 5880 '
381 5846 651 5908 Numa,
679 5841 702 5897 l
734 5856 901 5927 seqq.
979 5839 1025 5873 η
1065 5836 1246 5894 ICor.
1292 5853 1387 5901 xu,
1439 5836 1528 5891 26.
1604 5834 1809 5890 “Psal.
1855 5850 1998 5900 xuu,
2024 5835 2077 5890 6.
