4076 6516
578 399 682 458 59.7

1603 402 1658 457 S.
1702 402 1989 459 CYRILLI
2029 405 2503 469 ALEXANDle
2542 413 2854 473 ARCHIEI".

3714 427 3818 481 328

582 534 691 588 que
720 517 862 572 dona
906 517 1126 573 Christo
1173 516 1414 571 omnium
1453 516 1696 583 pontifici
1740 518 2014 583 dicantur,
2054 534 2145 575 nec

2259 524 2522 597 ἀρχιερεῖ,
2550 531 2644 583 καὶ
2662 532 2759 584 οὐκ
2789 532 3083 603 ἀσυμφανῆ
3109 535 3222 597 τοῖς
3244 535 3391 598 λαοῖς
3418 534 3485 588 τὰ
3518 528 3627 589 τῶὲν
3656 537 3823 607 ἀγίων

582 610 801 680 populis
827 610 1058 664 obscura
1097 617 1245 671 sunt,
1277 611 1428 679 juxta
1446 609 1627 663 illud:
1667 629 1684 659 ι
1722 610 1841 664 Non
1863 620 1946 664 est
1974 613 2157 666 occul-

585 701 889 771 tum,quod
941 716 1048 754 non
1094 699 1502 762 manifestatur;
1532 716 1721 771 neque
1765 701 2151 757 absconditum

583 792 727 856 quod
755 807 862 845 non
886 799 1265 861 cognoscatur,
1288 793 1419 845 etLin
1442 800 1689 861 apertum
1706 792 1889 847 veniat
1906 794 1971 845 “.
1996 812 2013 843 ι
2043 794 2156 847 Du-

584 883 728 936 citur
753 883 935 951 itaque
962 882 1015 934 in
1043 889 1397 950 conspectum
1420 880 1738 946 sacerdotis,
1764 882 2047 951 totiusque
2061 897 2158 951 po-

583 972 695 1042 puli
721 972 900 1027 omnis
930 971 1021 1024 illa
1068 986 1136 1024 ex
1157 971 1472 1040 captivitate
1494 972 1698 1041 prada,
1730 972 1954 1042 ﬁgurate
1993 982 2155 1042 atque

580 1061 811 1131 sapienti
838 1062 1330 1117 administratione.
1362 1064 1629 1118 Caeterum
1677 1063 1886 1134 Moyses
1923 1067 2155 1118 victores

579 1152 909 1221 objurgavit,
926 1152 1079 1220 quod
1110 1169 1218 1207 non
1246 1162 1498 1208 accurata
1530 1154 1661 1207 satis
1694 1154 1923 1217 ratione,
1946 1163 2003 1207 et
2034 1169 2155 1223 quae

579 1244 906 1313 reprehendi
945 1245 1095 1298 nullo
1132 1244 1293 1299 modo
1332 1255 1553 1315 posset,
1594 1260 1709 1299 rem
1758 1246 2149 1301 confecissent:

576 1347 754 1401 neque
775 1332 922 1386 enim
948 1332 1215 1401 oportuit,
1239 1332 1437 1402 inquit,
1463 1333 1617 1386 vivos
1646 1347 1841 1401 capere
1859 1333 2151 1397 masculos,

576 1440 753 1494 neque
778 1425 905 1479 item
934 1425 1183 1489 feminas,
1206 1441 1327 1495 quae
1352 1426 1571 1494 nuptias
1599 1434 1784 1481 essent
1804 1426 2155 1494 expertamlc

577 1518 716 1571 ratio
750 1516 970 1586 quidem
1001 1517 1244 1570 historiae
1268 1517 1571 1586 probabilis
1596 1526 1679 1572 est
1692 1535 1715 1569 ιε
1747 1517 1971 1570 omnino
1995 1532 2153 1570 nam-

575 1624 682 1677 que
706 1624 846 1677 opus
864 1617 1002 1672 erat,
1039 1618 1101 1663 ut
1129 1608 1197 1662 ab
1218 1624 1282 1663 ea
1313 1610 1554 1679 regione,
1592 1624 1711 1678 qua:
1745 1608 1908 1678 paulo
1948 1617 2069 1677 post
2096 1609 2153 1663 in

574 1715 764 1754 eorum
791 1700 997 1754 ditione
1034 1701 1233 1755 futura.
1256 1710 1401 1765 erat,
1430 1701 1585 1755 virile
1619 1699 2151 1771 genusexscinderc-

576 1800 686 1856 tur,
746 1791 895 1861 quod
940 1793 1094 1847 brevi
1128 1802 1374 1860 tempore
1433 1809 1565 1846 cum:
1605 1792 1663 1845 in
1724 1791 1964 1845 adultam
2016 1801 2149 1847 aeta-

2263 617 2849 689 κατορθώματα,-κατά
2878 640 2941 693 γε
2973 625 3032 677 τό
3062 641 3075 655 ·
3104 626 3208 679 «οὑ
3237 628 3346 698 γάρ
3372 628 3764 699 ὲστικρυπτδν,
3795 631 3825 683 ὃ

2260 706 2322 757 οὐ
2379 708 2452 775 μὴ
2509 711 2973 784 φανερωθήσεται,
3012 714 3135 768 οὐδὲ¹
3172 717 3508 785 ἀπόκρυφον,
3570 718 3600 772 ὃ
3654 722 3714 773 οὐ
3751 722 3826 792 μὴ

2262 797 2510 866 γνωσθῇ,
2544 803 2636 853 καὶ
2670 803 2749 865 εἰς
2774 805 3006 871 φανερὸν
3034 804 3185 877 ἔλθῃ.
3228 824 3246 855 ι
3292 808 3519 875 Ἀγεται
3547 809 3727 862 τοίνυν
3768 814 3829 862 ὲν

2261 886 2380 955 ὄψει
2413 889 2506 942 τοῦ
2556 892 2766 962 ἱερέως,
2821 896 2916 947 καὶ
2946 895 3144 958 παντὸς
3171 896 3271 949 τοῦ
3294 892 3428 951 λαοῦ
3450 938 3464 962 .
3503 900 3571 953 τά
3617 902 3683 953 ὲκ
3728 902 3827 972 τῆς

2262 978 2659 1047 αἰχμαλωσίας,
2716 984 2963 1048 τυπικῶς
2998 985 3059 1038 δὲ-
3093 988 3186 1039 καὶ
3224 990 3603 1060 οίκονομικῶς.
3656 992 3825 1062 Πλὴν,

2261 1066 2493 1136 ἐπετίμα
2529 1070 2735 1140 Μωσῆς
2763 1075 2876 1135 τοῖς
2915 1076 3261 1145 νενικηκόσιν
3302 1078 3378 1140 ὡς
3409 1080 3471 1131 οὐ
3502 1080 3644 1134 κατὰ
3672 1080 3829 1148 λόγον

2259 1154 2350 1208 τὸν
2391 1159 2590 1230 ἀκριϐῆ
2626 1164 2722 1214 καὶ
2772 1164 3092 1235 ἀδιάϐλητον
3140 1168 3417 1232 παντελῶς
3441 1210 3456 1233 ,
3490 1171 3551 1224 τὸ
3595 1174 3829 1243 πρᾶγμα

2262 1247 2662 1304 συντεθεικόσιν
2686 1268 2700 1280 ·
2735 1253 2796 1306 οὐ
2831 1255 2936 1324 γὰρ
2968 1255 3094 1320 ἔδει,
3132 1257 3285 1327 φησι,
3319 1258 3603 1330 ζωγρῆσαι
3633 1262 3697 1313 τὸ
3728 1263 3829 1332 ἀρ-

2262 1356 2373 1405 σεν,
2405 1341 2512 1394 οὐδ’
2545 1341 2613 1395 ἂν
2640 1340 2715 1398 αὖ
2735 1343 2870 1415 θῆλυ
2916 1348 2976 1399 τὸ
3004 1349 3431 1420 ὲμπειρόγαμον.
3468 1350 3571 1405 Καὶ
3604 1354 3847 1416 πιθανὸς

2261 1431 2359 1498 μὲν
2379 1430 2478 1500 τῆς
2519 1432 2777 1503 ἱστορίας,
2810 1438 2839 1488 6
2884 1436 3041 1503 λόγος
3064 1456 3080 1471 θ
3109 1439 3214 1491 ἔδει
3265 1440 3393 1511 γὰρ,
3424 1440 3533 1494 ἔδει
3574 1443 3674 1512 τῆς
3704 1445 3828 1497 ὅσον

2258 1518 2469 1573 οὐδέπω
2506 1521 2807 1593 μελλούσης
2839 1525 2944 1579 ὑπὸ
2976 1528 3161 1592 αὐτοῖς
3199 1529 3415 1583 ἔσεσθαι
3447 1533 3570 1602 γῆς,
3602 1534 3830 1586 ἀποκεί-

2260 1610 2450 1680 ρεσθαι
2482 1611 2544 1665 τὸ
2587 1612 2775 1685 ἄρσεν,
2816 1617 2892 1681 ὡς
2938 1615 3065 1691 ἧξον
3101 1622 3237 1691 μετά
3276 1622 3450 1693 βραχὺ
3504 1625 3639 1696 πρὸς
3686 1626 3828 1697 ἥϐην

2256 1717 2312 1752 τε
2348 1704 2442 1756 καὶ
2472 1703 2662 1775 ἀλκὴν,
2702 1707 2797 1759 καὶ
2830 1709 3085 1779 πολέμιον
3112 1711 3370 1781 ἐσόμενον
3410 1713 3488 1784 τῷ
3516 1714 3628 1785 λαῷ
3648 1732 3665 1746 ο
3705 1733 3829 1768 συνο

2256 1796 2596 1865 ἀναιρεῖσθαι
2627 1798 2684 1851 δὲ
2731 1802 2826 1853 καὶ
2873 1801 2934 1853 τὸ
2975 1800 3129 1872 θῆλυ,
3165 1804 3466 1858 σκανδάλου
3523 1806 3823 1876 παραίτιον

574 1892 685 1937 tem
747 1899 809 1938 ac
828 1885 997 1939 robur
1045 1889 1406 1956 pervenisset,
1439 1887 1637 1941 hostile
1675 1895 1821 1940 esset
1850 1885 1928 1939 illi
1952 1887 2145 1955 populo

2258 1884 2633 1950 γεγονὸς,καὶ
2666 1889 2713 1940 εί
2749 1888 3009 1953 σέσωστο,
3038 1892 3177 1960 τάχα
3206 1909 3309 1944 που
3344 1893 3505 1947 πάλιν
3542 1895 3841 1965 ἐσόμενον

569 1972 856 2027 futurum:
904 1976 1170 2031 muliebre
1206 1993 1428 2047 quoque
1472 1978 1632 2031 simul
1674 1977 1974 2032 tollendum
2004 1984 2146 2041 erat,

569 2065 715 2133 quod
741 2068 1085 2123 occasionem
1117 2070 1361 2125 seandali
1415 2070 1737 2140 praebuisset
1763 2089 1775 2122 :
1812 2071 1969 2139 122
1997 2080 2073 2134 et,
2102 2070 2147 2124 si

568 2168 903 2224 servaretur,
927 2161 1126 2216 iterum
1158 2162 1387 2217 fortasse
1408 2172 1552 2217 esset
1582 2162 1959 2232 praebiturum.
1993 2160 2148 2226 Quod

2253 1977 2377 2030 ὅσον
2419 1977 2479 2030 δὲ
2505 1972 2641 2049 ἧκον
2670 1983 2749 2044 είς
2784 1980 3015 2053 θεωρίαν
3062 1983 3159 2054 τὴν
3191 1988 3584 2058 πνευματικὴν,
3640 1991 3823 2042 ἐκεῖνο

2254 2063 2406 2139 οἶμαί
2437 2086 2539 2122 που
2569 2072 2776 2126 κατίδοι
2810 2090 2894 2137 τις
2930 2073 2995 2126 ἂν
3023 2074 3080 2127 ἐν
3112 2091 3176 2143 γε
3204 2076 3275 2144 5+.-
3312 2076 3522 2142 τούτοις
3551 2080 3682 2149 ἡμῖν
3725 2080 3829 2133 ἀσ-

2255 2162 2416 2224 τείως
2451 2163 2717 2234 ὑποδηλού
2725 2182 2905 2236 μενον.

568 2259 751 2305 autem
804 2252 871 2307 ad
904 2256 1421 2324 contemplationem
1459 2256 1737 2325 pertinent
1768 2255 2141 2324 spiritualem,
2184 2254 2338 2321 illud,
2374 2258 2485 2313 nisi
2514 2258 2693 2324 fallor,
2726 2260 2955 2332 intelligi
2986 2265 3164 2333 possit
3194 2265 3253 2319 in
3294 2264 3397 2318 hac
3439 2280 3497 2319 re
3561 2279 3689 2320 non:
3732 2264 3831 2321 in-

567 2347 852 2403 commode
885 2348 1201 2419 signiﬁcari.

639 2434 836 2489 PALL.
864 2435 1005 2501 Quid
1040 2436 1174 2491 illud
1190 2438 1212 2489 ’Ξ

636 2526 795 2581 CYR.
838 2525 989 2582 Lecti
1020 2528 1095 2582 illi
1131 2544 1160 2582 a
1198 2528 1449 2583 tribubus
1475 2527 1696 2591 milites,
1720 2528 1969 2598 quamvis
1995 2538 2173 2599 parta

565 2618 817 2684 victoria,
852 2620 1068 2689 culpam
1110 2630 1291 2675 tamen
1321 2636 1436 2674 non:
1456 2619 1800 2691 effugerunt:
1836 2638 1945 2691 quo
1978 2622 2146 2692 signi-

566 2708 780 2774 ficatur,
803 2718 968 2779 atque
998 2711 1135 2765 adeo
1162 2710 1472 2776 manifeste,
1500 2727 1567 2765 ne
1605 2712 1737 2781 ipsis
1766 2713 1988 2782 quidem
2012 2712 2140 2777 illis,

2322 2436 2531 2489 ΠᾹΛΛ.
2572 2434 2784 2489 Ὀποῖον
2814 2436 2866 2489 τί
2895 2438 3031 2509 φής;

2318 2526 2483 2580 ΚΥΡ.
2512 2526 2625 2580 Οὔκ
2653 2527 3027 2583 ἀκαταιτίατοι
3054 2532 3429 2603 μεμενήκασιν
3451 2535 3500 2587 οἱ
3533 2535 3828 2592 ἀπόλεκτοι

2244 2616 2355 2670 τῶν
2390 2616 2592 2685 φυλῶν,
2629 2618 2721 2671 καί
2761 2636 2842 2672 τοι
2888 2620 2988 2691 τὴν
3021 2622 3178 2694 νίκην
3202 2624 3507 2695 ἀράμενοι·
3536 2626 3604 2680 δι’
3628 2621 3691 2680 οὗ
3726 2646 3830 2700 ση-

2252 2708 2517 2778 μαίνεται,
2542 2709 2638 2762 καὶ
2660 2710 2805 2778 μάλα
2827 2712 3034 2780 σαφῶς,
3054 2713 3142 2774 ιὼς
3157 2715 3217 2767 τὸ
3238 2716 3473 2769 είσάπαν
3500 2717 3827 2790 ἀμώμητον,

563 2800 660 2869 qui
698 2816 756 2855 se
794 2801 1010 2856 fortiter
1030 2811 1246 2872 gerunt,
1270 2803 1588 2874 contingere
1615 2818 1874 2873 unquam,
1905 2813 1966 2858 ut
1994 2805 2142 2858 omni

2250 2798 2355 2852 οὐδ’
2391 2800 2457 2853 ἂν
2485 2798 2668 2863 αὐτοῖς
2698 2804 2811 2864 τοῖς
2842 2803 3248 2875 ἀνδριζομένοις
3277 2806 3501 2878 ὑπάρξῃ
3523 2810 3677 2862 ποτέ.
3709 2813 3830 2865 Καὶ

563 2907 631 2945 ex
671 2894 1281 2962 parte'reprehensione
1305 2903 1518 2949 vacent.
1544 2895 1760 2949 Etenim
1810 2895 1915 2949 hoc
1940 2896 2139 2964 ipsum,

2250 2890 2378 2943 αὐτὸ
2410 2891 2517 2960 γὰρ
2552 2892 2708 2961 ήμῶν
2738 2894 2799 2946 τὸ
2827 2895 3002 2965 ὀρθῶς
3033 2898 3320 2968 είργάσθαι
3352 2899 3565 2964 δοκοῦν,
3599 2904 3830 2973 μομφῆς

563 2986 709 3054 quod
730 3008 739 3018 ν·
756 2996 899 3041 recte
946 2986 1140 3041 fecisse
1179 2987 1454 3052 videmur,
1503 2989 1657 3041 nullo
1698 2987 1861 3040 modo
1903 2987 2014 3041 erit
2052 3000 2140 3039 rc-

2260 2983 2353 3035 καὶ
2391 2983 2570 3046 αἰτίας
2595 2985 2949 3056 ἀμοιρήσειεν
2982 2987 3047 3041 ἂν
3074 2988 3189 3042 οὔτι
3228 3006 3353 3055 που,
3388 2994 3829 3065 περιεργαζομέ-

562 3078 946 3148 prehensionis
996 3086 1052 3131 et
1088 3079 1263 3148 eulpae
1309 3094 1533 3149 expers,
1574 3079 1619 3133 si
1674 3093 1787 3133 rem
1828 3078 2143 3149 diligentius

2250 3092 2339 3128 vou
2356 3092 2415 3129 τε
2439 3078 2533 3130 καὶ
2571 3078 2950 3147 βασανίζοντος
2972 3080 3127 3134 Θεοῦ.
3170 3083 3459 3155 Τοιγάρτοι
3493 3086 3588 3137 καὶ
3620 3086 3828 3157 γέγραο

560 3169 816 3237 exquirat
840 3176 896 3221 et
928 3168 1219 3238 investiget
1249 3169 1423 3223 Deus-
1452 3169 1685 3239 [deoque
1720 3169 1986 3239 scriptum
2014 3178 2132 3224 est:

2252 3182 2385 3219 πται
2405 3183 2417 3196 ·
2449 3186 2469 3218 ι
2514 3168 2640 3221 Ἐὰν
2671 3170 2901 3241 ἀνομίας
2937 3174 3355 3244 παρατηρήσῃς,
3384 3174 3577 3245 Κύριε,
3619 3177 3843 3248 Κύριε,

566 3276 586 3307 ε
612 3256 671 3311 Si
701 3257 1017 3325 iniquitates
1040 3257 1435 3323 observaveris,
1459 3259 1708 3321 Domine,
1740 3259 1991 3323 Domine,
2015 3260 2139 3327 quis

2250 3256 2326 3320 τίς
2358 3256 2757 3329 ὑποστήσεταις
2803 3279 2822 3312 ι
2863 3261 2973 3314 Καὶ
3002 3261 3162 3315 πάλιν
3187 3279 3200 3292 ·
3241 3281 3259 3313 ι
3310 3263 3405 3318 Ἐκ
3430 3266 3539 3320 τῶν
3572 3269 3827 3338 κρυφίων

573 3348 972 3403 sustinebit"?
1003 3368 1020 3399 ι
1080 3352 1256 3419 Atque
1291 3349 1525 3404 iterum:
1564 3368 1582 3400 ι
1618 3348 1702 3403 Ab
1739 3349 1970 3404 occultis
2002 3349 2138 3404 meis

2250 3362 2347 3415 μου
2369 3348 2510 3400 καθά
2518 3348 2665 3418 ρισόν
2696 3366 2785 3418 με,
2816 3351 2910 3404 καὶ
2936 3351 3044 3404 ἀπὸ
3065 3351 3358 3423 ἀλλοτρίων
3378 3359 3559 3423 φεῖσαι
3582 3358 3676 3411 τοῦ
3701 3359 3828 3413 566-

559 3440 762 3494 munda
790 3456 899 3505 me,
919 3449 975 3495 et
992 3440 1061 3494 ab
1090 3441 1282 3495 alienis
1298 3456 1460 3510 parce
1494 3455 1651 3495 servo
1676 3450 1801 3507 tuo;
1827 3440 1871 3495 si
1900 3441 2005 3495 mei
2029 3456 2139 3495 non

2250 3436 2335 3489 λου
2364 3454 2460 3490 σου
2482 3455 2499 3471 ⁸
2532 3438 2631 3491 ἐὰν
2650 3440 2733 3509 μή
2774 3456 2877 3510 μου
2912 3443 3408 3511 κατακυριεύσωσι,
3435 3446 3557 3500 τότε
3587 3448 3826 3518 ἄμωμος

558 3530 769 3585 fuerint
821 3529 1110 3592 dominati,
1160 3539 1291 3583 tunc
1335 3531 1718 3584 immaculatus
1761 3532 1936 3585 ero“.
1980 3551 1996 3582 ι
2045 3532 2142 3586 Est

2256 3528 2477 3598 ἔσομαι.
2516 3549 2535 3581 ι
2562 3562 2565 3569 -
2592 3531 2809 3584 Ἐνεστι
2837 3532 2901 3599 δὴ
2931 3529 3023 3587 οὖν
3054 3532 3165 3586 ἐσθ’
3213 3535 3299 3588 ὅτε
3332 3537 3427 3590 καὶ⁵
3467 3539 3525 3590 ὲν
3558 3542 3681 3603 ταῖς
3710 3540 3825 3593 τῶν

559 3621 725 3691 igitur
750 3620 1078 3691 quandoque
1111 3620 1165 3673 in
1196 3620 1330 3688 ipsis
1368 3634 1585 3688 quoque
1615 3621 1958 3690 egregiorum
1990 3621 2139 3675 viro-

560 3729 682 3768 rum
723 3712 960 3766 fortibus
996 3711 1170 3765 factus
1200 3711 1359 3780 iustae
1388 3710 1721 3765 accusationi
1754 3712 1939 3776 locus,
1976 3727 2139 3782 quem

559 3805 889 3875 lcgislatoris
926 3803 1216 3873 prudentia
1264 3803 1557 3872 perspicit,
1610 3804 1861 3873 quamvis
1899 3812 2140 3859 nostram

556 3901 732 3956 aciem
771 3899 1032 3969 effugiat:
1070 3898 1421 3967 nequeenim
1459 3898 1511 3951 id
1540 3898 2002 3967 deprehendimus
2029 3899 2140 3953 ullo

557 3991 722 4045 modo
769 3993 933 4061 juxta
972 3989 1152 4044 illud:
1212 4007 1229 4038 ι
1266 3989 1473 4043 Delicta
1532 3990 1655 4058 quis
1704 3990 2071 4060 intelliget“?
2114 4008 2132 4040 ι

556 4083 879 4151 Quinetiam.
895 4083 1065 4137 Isaias
1112 4081 1189 4135 ait
1215 4096 1433 4135 omnem
1452 4081 1718 4152 justitiam
1759 4091 2001 4136 nostram
2019 4097 2139 4137 esse

556 4177 710 4248 quasi
758 4190 1001 4246 pannum
1048 4180 1402 4228 menstruata:
1455 4174 1727 4227 mulieris.
1782 4172 1916 4227 Nam
1978 4173 2136 4237 illud,

556 4269 706 4323 omni
737 4284 803 4322 ex
849 4274 1001 4336 parte
1062 4264 1356 4334 puritatem
1400 4264 1882 4335 integritatemque
1918 4279 2138 4319 servare

557 4376 714 4431 posse
736 4400 750 4423 ,
794 4358 1017 4412 minime
1053 4356 1214 4410 nobis
1256 4356 1540 4425 contingit.
1568 4356 1769 4410 Paulus
1800 4371 2018 4425 quoque
2055 4356 2138 4409 vir

559 4449 1016 4519 sapientissimus,
1056 4447 1305 4516 quamvis
1328 4446 1585 4500 dixisset:
1617 4464 1633 4495 ι
1675 4446 1822 4499 Nihil
1845 4446 1976 4499 mihi
2002 4460 2135 4500 con-

559 4541 705 4594 scius
760 4554 920 4604 sum;
976 4558 994 4589 ι
1039 4538 1251 4593 addidit
1298 4547 1508 4593 tamen:
1565 4556 1584 4587 ‹
1624 4536 1719 4590 sed
1756 4551 1867 4589 non
1927 4536 1983 4589 in
2033 4549 2137 4590 noc

553 4631 883 4701 justiflcatus
915 4646 1068 4694 sum;
1116 4630 1211 4699 qui
1250 4638 1428 4682 autem
1458 4628 1670 4699 judicat
1711 4642 1831 4690 me,
1873 4627 2136 4681 Dominus

556 4722 728 4777 est".
764 4741 781 4771 ι
829 4722 924 4775 Illa
960 4736 1127 4791 porro
1174 4720 1341 4789 Moysi
1397 4717 1752 4788 reprehensio
1780 4733 1891 4772 non
1944 4732 2135 4773 omnes

2246 3619 2563 3673 ἀπολέκτων
2602 3621 2896 3690 ἀνδρείαις,
2929 3624 3150 3696 μομφὴν
3183 3626 3338 3680 ὁσίαν
3376 3626 3521 3691 ἰδεῖν,
3557 3630 3623 3696 ἣν
3649 3632 3683 3701 ἡ
3722 3631 3820 3684 τοῦ

2242 3711 2530 3782 νομοθέτου
2550 3711 2748 3779 γνῶσις
2765 3713 2993 3786 καθορᾷ,
3026 3718 3359 3788 παρατρέχὰ
3387 3719 3445 3771 δὲ
3470 3722 3617 3790 ἡμᾶς
3640 3738 3656 3752 ·
3692 3739 3827 3777 συν-

2246 3801 2396 3872 ίεμεν
2448 3801 2557 3873 γάρ
2595 3801 2712 3856 οῠτι
2764 3821 2909 3870 που,
2950 3806 3095 3860 κατά
3140 3809 3239 3861 τό’
3316 3829 3336 3861 ι
3389 3810 3824 3883 Παραπτὼματα

2242 3893 2323 3956 τίς
2356 3895 2616 3964 συνήσει;
2658 3913 2677 3945 ι
2717 3896 2827 3949 Καὶ
2871 3896 3096 3962 Ἡσαΐας
3117 3898 3175 3952 δέ
3215 3899 3316 3953 πού
3351 3916 3538 3972 φησιν,
3564 3904 3646 3959 ὅτι
3669 3908 3824 3959 πᾶσα

2244 3986 2274 4054 ἡ
2284 3985 2400 4055 μῶν
2421 3987 2455 4054 ἡ
2488 3985 2798 4057 δικαιοσύνη
2816 4026 2830 4050 ,
2853 3986 2928 4050 ὡς
2952 3989 3118 4058 ῥάκος
3145 3991 3589 4064 ἀποκαθημένης.
3607 3995 3707 4048 Διά
3732 4012 3817 4049 τοι

2242 4074 2303 4127 τὸ
2327 4078 2405 4139 εἰς
2427 4075 2569 4143 ἄγαν
2592 4077 2825 4139 ἀστείως
2852 4077 2947 4131 καὶ
2972 4078 3312 4150 ἀμωμήτως,
3346 4082 3419 4152 μὴ
3445 4082 3510 4136 ἂν
3545 4084 3690 4152 ἐχειν
3721 4086 3822 4138 δύ-

2244 4166 2436 4220 νασθαί
2481 4184 2633 4221 ποτε.
2663 4168 2871 4232 Παῦλος
2900 4169 2956 4222 δὲ
2984 4171 3014 4221 6
3051 4171 3392 4239 σοφώτατος,
3446 4193 3464 4225 ι
3498 4175 3667 4228 Οὐδὲν
3706 4178 3821 4246 γάρ

2243 4259 2464 4330 ἐμαυτῷ
2508 4258 2721 4314 σύνοιδα
2757 4280 2773 4310 ι
2824 4261 3117 4331 γεγραφὼς
3141 4305 3156 4327 ,
3194 4282 3212 4313 ι
3260 4261 3401 4316 Ἀλλ’
3432 4265 3616 4318 οὐκνὲν
3640 4267 3819 4335 τούτῳ

2242 4352 2625 4423 δεδικαίωμαι,
2667 4352 2829 4421 φησίν
2853 4369 2867 4382 ·
2891 4355 2919 4405 6
2946 4354 3003 4407 δὲ
3032 4355 3341 4425 ἀνακρίνων
3368 4372 3436 4426 με
3457 4395 3471 4417 ,
3505 4356 3707 4426 Κύριός
3737 4361 3821 4412 ἐσ-

2242 4460 2344 4496 τιν.
2386 4460 2408 4496 ι
2436 4442 2519 4494 εἪ
2540 4441 2598 4495 δὲ
2643 4440 2846 4511 μέμψις
2874 4443 2906 4512 ή
2939 4444 3090 4513 παρά
3119 4443 3362 4507 Μωσέως
3396 4444 3455 4496 οὐ
3482 4445 3616 4514 πρὸς
3648 4447 3820 4500 ἆπανο

2240 4551 2339 4597 τας
2392 4532 2577 4594 ἁπλῶς
2597 4572 2613 4596 ,
2647 4532 2784 4584 ἀλλά
2828 4534 2962 4603 πρὸς
3013 4533 3207 4603 μόνους
3233 4534 3532 4605 ἐπράττετο
3556 4535 3681 4598 τοὺς
3713 4535 3819 4605 τῆς

2237 4623 2521 4694 δυνάμεως
2545 4623 3011 4687 ἐπισκόπους,νκαὶ
3040 4623 3176 4695 πρὸς
3206 4623 3526 4695 χιλιάρχους
3555 4626 3657 4680 καὶ
3685 4627 3819 4679 ἑκα-

2238 4716 2562 4788 τοντάρχους
2585 4734 2600 4751 ·
2628 4734 2647 4767 ι
2683 4717 2908 4770 Δυνατοὶ
2928 4716 3059 4787 γὰρ,
3081 4715 3316 4778 δυνατῶς
3341 4715 3748 4784 ὲτασθήσονται,
3792 4736 3810 4766 ι

557 4816 676 4869 sine
717 4812 1035 4868 discrimine
1087 4811 1523 4881 perstringebat,
1563 4810 1658 4864 sed
1700 4809 1877 4864 solum
1917 4809 2133 4879 episco-

2250 4810 2334 4863 καὶ
2356 4812 2475 4862 κατ’
2497 4808 2675 4862 αὐτῶν
2721 4808 2954 4879 μάλιστα
2983 4808 3045 4861 τὸ
3079 4806 3303 4879 ἀκριϐὲς
3327 4808 3422 4862 τοῦ
3442 4807 3608 4879 νόμου
3630 4824 3646 4838 ·
3688 4826 3707 4859 ι
3747 4803 3817 4881 ᾯ

554 4920 655 4975 pos
700 4920 763 4959 ac
822 4903 989 4957 duces
1026 4901 1300 4957 exercitus
1335 4910 1391 4955 et
1427 4900 1786 4965 millenarios,
1824 4915 1889 4954 ac
1932 4910 2125 4955 centu—

2235 4902 2342 4971 γὰρ
2375 4900 2512 4953 πολὺ
2544 4899 2886 4970 παρέθεντο,
2939 4900 3113 4969 φησὶ,
3150 4899 3286 4953 πολὺ
3334 4897 3657 4970 ζητήσουσιν
3714 4900 3813 4952 ἀπ·

553 4997 775 5050 rienes:
835 5016 851 5045 ι
896 4996 972 5049 De
1026 4992 1343 5063 potentibus
1393 4992 1541 5046 enim
1589 5000 1842 5061 potenter
1898 4992 2126 5061 quaestio

2250 4992 2423 5047 ιῦτοῦ.
2470 5011 2490 5043 ι
2525 4991 2813 5064 Τοιγάρτοι
2838 4992 2932 5045 καὶ
2972 4992 3215 5060 γέγραφε
3242 4988 3337 5042 τοῦ
3376 4991 3625 5062 Σωτῆρος
3654 4993 3683 5042 6
3710 5007 3815 5059 μα-

556 5088 731 5153 fict",
767 5106 783 5137 ι
822 5103 886 5142 ac
924 5101 1139 5141 summo
1163 5086 1284 5156 jure
1317 5099 1441 5138 cum
1486 5083 1593 5138 illis
1626 5082 1859 5137 maxime
1909 5083 1995 5152 agi
2031 5099 2130 5152 par

2250 5083 2406 5155 ὒητής
2433 5100 2447 5115 ο
2476 5102 2495 5135 ι
2522 5084 2615 5153 Μὴ
2644 5082 2829 5136 πολλοὶ⁵
2860 5082 3166 5136 διδάσκαλοι
3195 5080 3655 5149 γίνεσθε,ἀδελφοί
3684 5098 3811 5151 μου,

553 5188 673 5234 est:
709 5198 726 5229 ι
754 5178 927 5248 «Apud
957 5193 1122 5248 quem
1146 5177 1314 5239 enim,
1356 5176 1555 5245 inquit,
1584 5175 1819 5230 multum
1858 5174 2131 5244 deposue-

2250 5175 2443 5239 εἰδότες
2470 5176 2553 5229 ὅτι
2578 5174 2765 5244 μεῖζον
2789 5177 2963 5244 κρῖμα
2983 5172 3295 5242 ληψόμεθα,
3324 5190 3343 5223 ι
3372 5172 3599 5241 Φέρεται
3632 5172 3812 5224 τοίνυν

556 5276 705 5333 runt,
728 5272 960 5323 multum
990 5269 1059 5322 ab
1081 5284 1147 5322 eo
1174 5268 1503 5338 quaerent".
1534 5287 1551 5318 ι
1594 5268 1830 5337 Ideoque
1870 5268 2134 5338 scriptum

2250 5267 2339 5318 ἐπὶ
2365 5265 2494 5329 τοὺς
2522 5264 2854 5327 ἐπισκόπους
2881 5262 2979 5317 καὶ
3008 5261 3115 5315 τῶν
3144 5262 3438 5331 ταγμάτων
3480 5261 3815 5332 προεστηκὰ

559 5359 784 5427 reliquit
821 5359 913 5413 ille
955 5358 1252 5413 Salvatoris
1307 5358 1481 5412 nostri
1519 5356 1856 5426 discipulus:
1907 5376 1925 5408 (
1958 5358 2138 5414 Nolite

2250 5372 2339 5418 τας
2362 5357 2407 5425 .ἡ
2435 5355 2577 5409 κατὰ
2607 5355 2824 5408 πάντων
2852 5352 3109 5415 αἰτίασις.
3156 5352 3267 5406 ‘Ast
3286 5351 3395 5422 γάρ
3426 5368 3528 5404 που
3562 5355 3685 5414 ταῖς
3712 5353 3815 5419 νή-

557 5456 745 5519 plures
773 5450 1019 5521 magistri
1052 5449 1191 5514 fieri,
1209 5449 1405 5503 fratres
1431 5448 1563 5513 mei,
1582 5449 1819 5503 scientes
1844 5448 1990 5517 quod
2019 5464 2138 5503 ma»

2250 5444 2363 5513 ᾇεσι
2395 5444 2505 5498 τῶν
2533 5443 2978 5515 καθηγουμένων,
3003 5443 3281 5512 εὐδοκιμεῖ
3305 5441 3364 5495 τὸ
3397 5441 3658 5511 ὑπήκοον.
3690 5438 3813 5493 Τοι-

552 5542 645 5611 jus
679 5541 949 5614 judicium
986 5554 1265 5595 sumemus
1283 5541 1350 5592 “.
1378 5558 1394 5588 ι
1420 5539 1497 5593 .1ιι
1532 5539 1826 5609 episcopos
1855 5539 2044 5609 igitur,
2084 5548 2140 5593 et

2250 5536 2433 5607 γάρτοι
2453 5537 2547 5589 καὶ
2566 5536 2871 5607 γέγραπται
2898 5536 3011 5598 τοῖς
3028 5533 3133 5586 ὑπὸ
3148 5536 3312 5604 χεῖρα
3328 5532 3495 5594 λαοῖς
3520 5550 3538 5582 ι
3552 5531 3813 5585 Πείθεσθε

556 5648 671 5699 eos,
700 5634 793 5704 qui
819 5632 1109 5691 ordinibus
1128 5638 1385 5701 praesunt,
1410 5630 1717 5685 communis
1739 5630 1898 5701 culpa
1921 5629 2138 5685 confer-

2250 5632 2355 5693 τοῖς
2384 5629 2709 5700 ἡγουμένοις
2732 5629 2885 5699 ὑμῶν
2904 5627 2999 5683 καὶ
3030 5626 3305 5681 ὑπείκετεο
3328 5626 3480 5680 αὐτοὶ
3502 5626 3611 5700 γάρ
3640 5629 3815 5697 ἀγρυ-

629 5748 675 5781 ⁶⁵
698 5748 831 5804 Luc.
876 5765 989 5808 vm,
1034 5748 1120 5801 l7.
1224 5747 1268 5778 ⁸⁸
1308 5746 1727 5811 Psal.cxxrx,5.
1836 5747 1882 5779 "
1917 5748 2060 5803 Psal.
2106 5765 2255 5811 xvm,
2295 5748 2380 5809 15,
2414 5749 2498 5801 Η.
2576 5749 2618 5780 ⁸⁷
2646 5747 2781 5811 ibid,
2824 5747 2908 5801 l5.
3014 5746 3244 5802 "lCor.
3276 5744 3424 5808 n34.
3501 5744 3547 5776 "
3586 5743 3810 5817 Sap.v|,

561 5818 616 5873 7.
690 5819 736 5851 ”
763 5817 896 5893 Luc.
922 5835 1015 5881 xu,
1044 5817 1128 5873 48.
1207 5818 1247 5849 "
1273 5817 1386 5871 Jac.
1415 5832 1494 5881 ιιι,
1530 5817 1578 5869 1.
