4076 6502
602 428 706 491 551

1631 423 1686 477 S.
1728 419 2001 477 CYRILLI
2042 416 2509 473 ALEXANDRINI
2547 415 2865 473 ARCHIEP.

3745 401 3855 462 352

608 552 1021 623 interpretatur.
1044 548 1307 617 Praecepit
1328 560 1559 614 namque
1585 554 1643 597 ut
1664 558 1811 606 vasa,
1844 554 2183 611 quaecunque

2299 540 2349 592 τὸ
2403 538 2726 609 μυστήριον,
2759 537 2852 588 τὸν
2899 534 3099 606 ἀκριϐῆ
3142 533 3235 587 τοῦ
3278 532 3442 603 νόμου
3490 531 3862 602 διερμηνεύων

608 644 719 698 vim
742 644 883 715 ignis
902 642 1013 714 pati
1032 647 1272 712 possent,
1294 652 1357 693 ea
1389 652 1486 707 per
1506 636 1689 706 ignem
1722 633 2178 695 traducerentur;

609 750 947 804 quaecunque
960 743 1140 787 autem
1163 729 1476 784 ﬁrmitatem
1499 742 1525 780 a
1548 735 1744 780 natura
1764 740 1873 778 non
1894 723 2180 785 haberent,

603 828 705 882 sed
727 825 995 880 imbecilla
1016 829 1218 885 essent,
1239 828 1294 875 et
1330 835 1449 889 quae
1480 818 1637 872 facile
1658 816 1934 884 corrumpi
1970 815 2186 885 penitus

608 926 850 988 possent,
881 915 1075 979 vestis,
1114 913 1270 968 verbi
1293 912 1486 982 gratia,
1524 918 1579 965 et
1601 908 1918 979 quidquide
1955 906 2186 977 pellibus

608 1010 865 1081 lignoque
900 1008 1208 1062 confectum
1242 1012 1410 1068 esset,
1433 1016 1496 1057 ea
1530 1017 1629 1073 per
1662 1016 1857 1071 aquam
1878 998 2182 1062 ferrentur;

607 1100 865 1154 videlicet
884 1098 1104 1152 nomine
1126 1110 1382 1150 vasorum
1404 1106 1696 1148 aureorum
1718 1101 1880 1160 atque
1898 1098 2186 1159 argenteo-

608 1208 752 1255 rum,
774 1197 830 1243 et
863 1204 986 1259 qua:
1021 1203 1051 1242 e
1071 1186 1285 1241 cmteris
1316 1183 1553 1239 metallis
1575 1181 1838 1236 fabricata
1855 1185 2060 1241 essent,
2085 1192 2186 1231 nos

605 1282 836 1352 ﬁgurate
857 1278 1189 1350 signiﬁcans,
1212 1275 1307 1345 qui
1341 1273 1663 1345 purgatione
1686 1271 1775 1325 illa
1795 1285 1895 1339 per
1909 1267 2187 1322 Christum

606 1375 770 1437 facta,
791 1372 1040 1427 mundati
1081 1384 1271 1423 sumus
1294 1376 1551 1435 tanquam
1583 1363 1697 1433 igni
1718 1371 1929 1431 etaqua
1962 1377 1973 1412 :
2007 1357 2187 1427 bapti-

610 1465 938 1520 zatietenim
960 1475 1150 1517 Sumus
1187 1462 1242 1515 in
1282 1458 1489 1529 Spiritu
1524 1466 1714 1510 sancto
1734 1454 1919 1523 etigni
1942 1455 2008 1504 ".
2033 1451 2189 1518 Quod

612 1556 777 1626 igitur
807 1569 872 1609 ea
898 1569 1019 1624 qua:
1056 1568 1122 1606 ex
1159 1549 1473 1620 captivitate
1494 1547 1720 1600 collecta
1758 1550 1961 1604 essent,
1984 1556 2082 1611 per
2108 1541 2189 1611 ig-

612 1665 737 1704 nem
772 1658 828 1704 et
865 1662 1061 1717 aquam
1115 1643 1514 1703 traducuntur,
1558 1645 1796 1691 nostram
1852 1635 2015 1704 paulo
2066 1640 2191 1686 ante

496 1735 502 1743 ’
613 1742 808 1795 factam
843 1739 1224 1809 purgationem
1247 1742 1371 1803 apte
1400 1730 1691 1801 signiﬁcat,
1715 1743 1851 1797 quos
1883 1727 2035 1779 velut
2062 1739 2194 1794 opes

612 1832 873 1903 quasdam
897 1828 1194 1884 diabolicas
1224 1825 1329 1880 sibi
1351 1823 1602 1879 Christus
1621 1819 1938 1883 vindicavit,
1962 1833 2086 1872 cum
2110 1816 2194 1869 in-

2276 628 2504 683 σκοπόν.
2536 627 2875 698 Προστέταχε
2895 625 2998 695 γὰρ
3013 627 3110 678 ὅσα
3132 624 3227 695 μὲν
3243 620 3310 694 ἦν
3328 624 3384 675 ὲν
3398 625 3512 685 τοῖς
3526 622 3744 674 σκεύεσι
3760 621 3863 691 τὴν

2286 719 2457 790 πυρὸς
2474 718 2655 787 ἀκμὴν
2676 716 2903 786 διήκειν,
2926 709 3013 768 οἷά
3036 731 3093 767 τε
3121 711 3520 783 παρενεχθῆναι
3540 710 3625 764 διὰ
3656 709 3827 780 πυρός
3844 725 3860 739 ’

2284 812 2353 863 τὰ
2379 809 2560 863 δὲτὸσα
2593 808 2689 878 μὲν
2713 806 3023 860 εὐσθένειαν
3045 806 3145 857 ούκ
3173 805 3363 874 ἔχοντα
3385 802 3640 871 φυσικὴν,
3676 799 3864 871 σωθρά

2284 902 2340 955 δὲ
2389 899 2482 953 καὶ
2512 898 2835 968 ἑτοιμότερά
2868 914 2985 960 πως
3031 898 3110 958 είς
3146 896 3205 947 τὸ
3239 894 3432 947 παθεῖν
3482 891 3741 947 δύνασθαι
3771 892 3865 945 τὸν

2287 990 2517 1043 είσάπαν
2545 986 2867 1057 ἀφανισμὸν,
2896 985 3093 1055 ἐσθῆτα
3127 985 3184 1037 δὲ
3212 984 3406 1053 λέγων,
3440 982 3532 1036 καὶ
3561 984 3621 1036 τὸ
3644 985 3709 1035 ὲκ
3739 981 3863 1052 δερ-

2291 1080 2474 1151 μάτων
2520 1081 2615 1133 καὶ
2649 1078 2820 1144 ξύλων
2848 1078 2914 1130 δι’
2943 1076 3135 1141 ὕδατος
3170 1076 3455 1147 φέρεσθαι,
3477 1075 3552 1137 ὼς
3579 1078 3638 1128 ὲν
3674 1073 3866 1127 σκεύει

2290 1189 2373 1225 σιν
2408 1172 2556 1242 ἡμᾶς
2587 1166 2809 1241 χρυσοῖς
2839 1185 2897 1222 τε
2934 1170 3028 1221 καὶ
3059 1170 3324 1239 ἀργυροῖς
3376 1167 3473 1221 καὶ
3507 1168 3565 1220 ὲν
3599 1169 3713 1229 τοῖς
3746 1165 3857 1219 ἑτέ-

2291 1281 2407 1335 ροις
2456 1260 2869 1331 αἰνιγματωδῶς
2919 1259 3256 1327 ὑποφαίνων,
3296 1252 3378 1321 οἷς
3426 1259 3459 1327 ή
3489 1257 3577 1310 διὰ
3622 1254 3865 1326 Χριστοῦ

2289 1350 2477 1420 γέγονε
2504 1349 2768 1420 κάθαρσις
2797 1348 2873 1410 ὼς
2911 1349 2969 1399 ἐν
3008 1345 3141 1417 πυρί
3171 1363 3231 1399 τε
3258 1348 3354 1400 καὶ
3388 1346 3556 1398 ὕδατι.
3590 1344 3865 1398 Βεὸαπτξ-

2292 1442 2465 1513 σμεθα
2501 1442 2608 1511 γὰρ
2652 1442 2709 1492 ὲν
2751 1438 3039 1509 Πνεύματι·
3079 1437 3219 1508 ἁγίῳ
3250 1437 3344 1491 καὶ
3376 1437 3527 1508 πυρί.
3565 1436 3776 1490 Οὐκοῦν
3804 1437 3868 1489 τὸ

2296 1529 2711 1601 διακομίζεσθαι
2746 1530 2834 1583 διὰ
2882 1528 3053 1598 πυρός
3102 1545 3162 1581 τε
3197 1528 3291 1581 καὶ
3334 1524 3526 1591 ὕδατος
3556 1528 3624 1581 τά
3657 1529 3721 1581 ὲκ
3768 1528 3869 1597 τῆς

2291 1622 2669 1694 αἰχμαλωσίας
2700 1620 3112 1693 συνειλεγμένα,
3154 1621 3256 1691 τὴν
3300 1621 3456 1691 ἡμῶν
3500 1621 3703 1691 ἀρτίως
3737 1620 3869 1672 ὑπο-

2292 1715 2440 1788 δηλοῖ
2468 1714 2755 1785 κάθαρσιν,
2786 1712 2879 1777 οὒς
2904 1713 3063 1776 ὄντας
3110 1712 3255 1765 ποτε
3274 1710 3503 1765 πλοῦτον
3538 1711 3728 1783 ὥσπερ
3748 1709 3867 1764 τινὰ

2292 1805 2593 1860 διαϐολικὸν
2624 1803 2803 1875 ἑαυτῷ
2836 1805 3265 1876 περιεποιήσατο
3293 1801 3557 1873 Χριστὸςι,
3610 1800 3866 1854 εἰσελθὼν

612 1941 830 1996 gressus
851 1924 1072 1977 domum
1109 1920 1284 1983 fortis,
1305 1932 1433 1971 vasa
1464 1916 1583 1986 ejus
1615 1912 1844 1981 diripuit
1896 1926 1959 1964 ac
1994 1908 2192 1963 fortem

2299 1899 2374 1959 εἰς
2415 1895 2514 1967 τὴν
2553 1896 2730 1949 οἰκίαν
2783 1894 2879 1947 τοῦ
2937 1894 3159 1964 ἰσχυροῦ
3190 1933 3205 1957 ,
3240 1894 3334 1947 καὶ
3381 1895 3450 1947 τὰ
3483 1892 3651 1964 σκεύη
3700 1892 3863 1948 αὑτοῦ

613 2016 934 2087 alligavit”.
974 2014 1113 2067 Tum
1148 2026 1278 2067 vero
1303 2008 1519 2064 tandem
1557 2005 1772 2076 ingredi
1815 2003 1981 2057 licere
2018 2006 2195 2053 castra

612 2108 918 2163 victoribus
957 2106 1183 2160 Eleazar
1224 2100 1424 2170 inquit,
1459 2110 1582 2151 cum
1622 2096 1854 2165 septima
1890 2093 1979 2146 die
2015 2099 2195 2143 vestes

612 2200 949 2255 abluissent:
987 2205 1149 2264 atque
1190 2194 1262 2247 ita
1294 2190 1529 2259 denique
1552 2201 1720 2257 puros
1757 2186 1894 2240 fore.
1920 2184 2012 2238 Illa
2049 2181 2195 2235 cnim

614 2291 857 2361 perfecta
885 2288 1138 2359 purgatio
1185 2294 1242 2340 et
1269 2280 1631 2336 immunditize
1650 2278 1829 2333 omnis
1851 2273 2121 2345 depositio
2140 2272 2197 2325 in

613 2383 875 2439 extremis
895 2382 1000 2435 erit
1026 2373 1512 2433 consummationis
1539 2371 1723 2426 saeculi
1756 2367 2115 2437 temporibus,
2136 2372 2199 2419 ut

615 2476 780 2530 modo
800 2472 946 2538 dixi;
984 2486 1128 2533 cum,
1151 2468 1366 2523 sublato
1398 2464 1545 2520 omni
1582 2479 1649 2518 ex
1675 2469 1828 2533 parte
1849 2466 2072 2530 peccato
2094 2499 2108 2523 ,
2131 2457 2198 2512 ad

610 2578 859 2624 veterem
903 2566 1051 2619 illam
1100 2560 1499 2632 pristinamque
1530 2552 1995 2627 pulchritudinem
2020 2549 2198 2604 homi-

614 2662 704 2717 nis
737 2666 929 2712 natura
965 2652 1333 2709 revocabitur.
1384 2668 1401 2699 ι
1430 2646 1713 2703 Eritenim
1756 2653 1905 2709 tunc,
1935 2662 1953 2693 ι
1999 2639 2197 2710 inquit,

624 2773 641 2804 ι
664 2752 751 2806 via
772 2747 998 2812 munda,
1019 2754 1075 2800 et
1092 2746 1177 2799 via
1199 2751 1385 2799 sancta
1404 2739 1706 2801 vocabitur,
1726 2751 1830 2791 nec
1848 2730 2202 2804 pertransibit

616 2859 716 2914 per
735 2858 854 2898 eam
876 2837 1191 2895 immundus
1210 2833 1428 2904 aliquis,
1452 2831 1545 2887 sed
1567 2828 1925 2884 ambulabunt
1945 2825 1999 2879 in
2033 2840 2096 2879 ea
2117 2837 2202 2876 re-

618 2933 823 3004 dempti
847 2948 877 2986 a
895 2930 1203 2986 Domino".
1234 2947 1251 2979 ι
1279 2927 1430 2981 Hanc
1449 2932 1632 2978 autem
1660 2918 2075 2990 explicationem
2096 2915 2201 2968 hu-

614 3029 705 3097 jus
740 3025 845 3080 loci
883 3039 991 3078 non
1028 3036 1151 3077 esse
1189 3036 1219 3073 a
1252 3016 1534 3089 proposito
1570 3014 1803 3069 alienam
1833 3017 1983 3080 puto.
2008 3006 2119 3061 Sed
2156 3005 2204 3060 si

616 3116 941 3189 quisaliter
975 3110 1395 3182 intelligendum
1436 3106 1732 3169 existimet,
1775 3101 1910 3157 illud
1946 3098 2200 3161 dicimus,

2293 1985 2620 2056 διαρπάσας,
2649 1984 2744 2038 καὶ
2769 1984 2938 2055 δήσας
2971 1984 3062 2035 τὸν
3096 1984 3333 2055 ἰσχυρόν.
3377 1981 3862 2036 Είσελεύσεσθαιδὲ

2276 2072 2415 2129 ¹’τότε
2466 2076 2621 2147 μόλις
2647 2078 2728 2140 είς
2756 2075 2855 2147 τὴν
2904 2076 3255 2147 παρεμϐολὴν
3288 2077 3415 2138 τοὺς
3458 2074 3811 2144 νενικηκότας
3840 2075 3869 2126 6

2309 2168 2570 2237 Ἐλεάζαρ
2636 2167 2819 2237 φησὶν,
2873 2167 3003 2220 ὅταν
3049 2164 3418 2220 ἀποπλύνειαν
3457 2167 3523 2236 τῇ
3567 2166 3755 2236 ἡμέρᾳ
3801 2166 3866 2234 τῇ

2297 2260 2500 2331 ἑϐδόμῃ
2540 2258 2612 2312 τά
2670 2260 2897 2329 ἱμάτια,
2937 2259 3033 2312 καὶ
3077 2258 3250 2321 οὕτως
3300 2257 3519 2309 ἔσεσθαι
3574 2255 3867 2327 καθαρούς.

2311 2350 2375 2403 Ἦ
2422 2349 2534 2421 γάρ
2559 2350 2739 2403 τελεία
2770 2350 3056 2421 κάθαρσις,
3087 2349 3182 2402 καὶ
3226 2347 3398 2419 ῥύπου
3433 2349 3634 2412 παντὸς
3665 2348 3867 2403 ἀπόθε-

2302 2459 2423 2506 σις,
2464 2444 2523 2496 ὲν
2565 2444 2829 2513 ’ἐσχάτοις
2882 2442 3035 2495 ἔσται
3096 2444 3195 2512 τῆς
3250 2441 3558 2503 συντελείας
3623 2444 3872 2513 καιροῖς,

2296 2536 2548 2606 καθάπερ
2592 2535 2727 2605 ἔφην
2771 2534 2995 2605 ἀρτίως,
3054 2532 3453 2605 ἀναιρουμένης
3487 2534 3721 2587 είσάπαν
3771 2533 3871 2602 τῆς

2300 2625 2607 2697 ἁμαρτίας,
2652 2626 2749 2679 καὶ
2799 2629 2879 2689 είς
2908 2627 2968 2679 τὸ
3014 2625 3218 2679 ἄνωθέν
3257 2642 3317 2678 τε
3367 2626 3462 2679 καὶ
3502 2624 3875 2695 πρεσϐύτατον

2301 2718 2496 2781 κάλλος
2516 2718 2614 2788 τῆς
2630 2715 2919 2788 ἀνθρώπου
2936 2716 3151 2786 φύσεως
3171 2718 3341 2785 άναφε
3351 2718 3603 2789 ρόμενης.
3631 2736 3647 2768 ι
3684 2718 3875 2772 Ἔσται

2300 2811 2409 2881 γάρ
2430 2811 2572 2875 τότε,
2585 2829 2618 2860 .›
2646 2810 2829 2879 φησὶν,
2854 2828 2873 2860 ι
2894 2809 3009 2873 ὁδὸς
3025 2808 3261 2880 καθαρά,
3279 2809 3371 2863 καὶ
3386 2810 3504 2873 όδὺς
3531 2811 3661 2877 άγία
3676 2809 3876 2881 κληθή-

2305 2919 2474 2955 σεται.
2507 2904 2616 2955 Καὶ
2645 2902 2705 2954 οὐ
2738 2900 2812 2971 μὴ
2843 2901 3089 2972 παρέλθῃ
3118 2902 3306 2971 ἐκείνῃ
3333 2902 3508 2964 οὐδεὶς
3532 2902 3873 2971 ἀκάθαρτος,

2305 2991 2440 3045 ἀλλὰ
2457 2992 2808 3061 πορεύσονται
2832 2994 2888 3045 ὲν
2909 2994 3044 3061 αὐτῇ
3072 2991 3569 3062 λελυτρωμένοιδιὰ
3599 2993 3826 3062 Κυρίου.
3853 3012 3870 3043 ι

2304 3079 2471 3153 Οἶμαι
2511 3084 2608 3153 μὲν
2659 3080 2751 3138 οὖν
2783 3084 2959 3152 ἔγωγε
2990 3084 3090 3153 τῆς
3125 3084 3427 3153 σαφηνείας
3454 3083 3544 3137 τὸν
3599 3083 3754 3151 λόγον
3779 3084 3879 3135 οὐκ

618 3213 884 3282 cujusque
905 3206 1132 3262 victoris
1148 3218 1264 3268 vas,
1280 3202 1394 3257 sive
1416 3199 1549 3254 illud
1569 3211 1798 3252 aureum
1819 3193 2070 3252 fortasse,
2089 3189 2196 3243 sive

2306 3173 2410 3282 Eia)
2439 3175 2699 3245 φέρεσθαι
2734 3175 2827 3228 τοῦ
2860 3173 3086 3227 σκοποῦ.
3114 3174 3283 3245 Πλὴν,
3312 3174 3361 3225 εί
3385 3172 3562 3225 ἓλοιτό
3584 3189 3668 3236 τις
3696 3173 3758 3224 τὸ
3787 3172 3880 3225 καὶ

623 3260 879 3282 *““.ιν---ι--
920 3260 951 3262 -ν
978 3260 1011 3261 κν
1254 3260 1262 3268 ι

618 3311 959 3374 argenteum,
981 3298 1097 3353 sive
1126 3298 1291 3352 etiam
1328 3309 1397 3348 ex
1435 3306 1575 3353 aere,
1600 3297 1695 3342 aut
1730 3302 1795 3341 ex
1832 3284 1939 3340 alia
1973 3280 2196 3337 materia

2307 3265 2509 3334 ἑτέρως
2537 3265 2735 3335 χρῆναι
2765 3266 2907 3317 νοεῖν
2929 3304 2943 3328 ,
2984 3262 3159 3316 ἐκεῖνό
3188 3278 3389 3332 φαμεν,
3422 3262 3485 3315 τὸ
3506 3262 3739 3315 ἑκάστου
3769 3260 3879 3313 τῶν

620 3370 950 3449 confectum,
972 3376 1071 3455 per
1092 3385 1270 3454 ignem
1291 3379 1524 3435 transire
1541 3377 1703 3449 jussit
1724 3393 1735 3427 :
1759 3383 1819 3430 ut
1837 3373 1984 3429 enim
2006 3370 2198 3426 scribit

622 3481 815 3534 beatus
864 3476 1084 3539 Paulus,
1145 3492 1162 3525 ι
1209 3471 1652 3540 Uniuscujusque
1703 3480 1842 3535 opus
1891 3463 2051 3533 quale
2104 3461 2195 3524 sit,

624 3575 765 3646 ignis
793 3570 1106 3642 probabit‘.
1149 3588 1167 3619 ι
1206 3566 1377 3622 Iussit
1405 3564 1573 3619 etiam
1594 3571 1656 3615 ut
1674 3576 1772 3630 per
1792 3572 1988 3627 aquam
2016 3564 2194 3610 trans-

540 3686 543 3689 ν
625 3668 800 3730 irent;
823 3678 1001 3732 neque
1025 3660 1172 3715 enim
1194 3657 1355 3711 aliter
1373 3651 1591 3725 probari
1613 3657 1927 3705 sanctorum
1950 3645 2197 3699 virorum

624 3756 831 3810 animas
850 3751 1048 3810 Psalmi
1062 3749 1235 3805 verba
1250 3748 1410 3802 nobis
1431 3746 1728 3806 insinuant,
1748 3740 1855 3795 nisi
1877 3736 2205 3809 quibusdam

626 3846 899 3901 similibus
934 3843 1128 3899 modis.
1159 3842 1350 3911 Itaque
1376 3836 1546 3893 David
1573 3834 1874 3907 psallebat:
1907 3851 1923 3881 ι
1953 3826 2208 3884 Probasti

626 3951 748 3999 nos,
765 3935 935 3999 Deus;
956 3933 1081 4004 igne
1099 3946 1202 3986 nos
1221 3925 1564 3991 examinasti,
1590 3925 1734 3979 sicut
1753 3920 2102 3976 examinatur
2120 3931 2208 3968 ar-

625 4034 886 4099 gentum;
924 4023 1272 4080 transivimus
1295 4036 1393 4090 per
1425 4019 1602 4089 ignem
1631 4022 1685 4069 et
1720 4026 1937 4083 aquam,
1966 4011 2009 4079 ι
2029 4007 2135 4078 25
2154 4013 2211 4061 et

629 4118 831 4173 duxisti
852 4132 953 4172 nos
972 4115 1028 4170 in
1048 4113 1390 4185 refrigerium
1412 4112 1452 4163 ².
1484 4129 1502 4160 ι

2312 3355 2681 3426 νενικηκότων
2731 3354 2955 3417 σκεῦος,
2986 3354 3096 3406 εἴτε
3137 3353 3373 3425 χρυσοῦν
3408 3352 3494 3422 εἴη
3535 3352 3731 3421 τυχὸν,
3770 3350 3879 3403 εἴτε

2302 3446 2596 3518 ἀργυροῦν,
2645 3447 2756 3499 εἴτε
2807 3445 2902 3499 καὶ
2939 3445 3004 3497 ὲκ
3041 3443 3264 3515 χαλκοῦ,
3305 3445 3399 3497 καὶ
3434 3442 3494 3506 ἐξ
3516 3442 3711 3513 ἑτέρας
3748 3440 3882 3512 ὕλης

2303 3538 2691 3610 πεποιημένον,
2740 3538 2828 3592 διὰ
2854 3538 3027 3610 πυρὸς
3056 3537 3193 3591 ἰέναι
3226 3536 3619 3608 προστέταχεν’
3664 3535 3739 3594 ὡς
3772 3534 3881 3604 γάρ

2301 3631 2329 3682 6
2374 3629 2644 3699 μακάριος
2684 3627 2884 3698 γράφει
2936 3627 3171 3691 Παῦλος,
3214 3646 3233 3678 ι
3286 3626 3551 3680 Ἐκάστου
3598 3625 3659 3677 τὸ
3716 3624 3878 3695 ἔργον

2309 3721 2494 3773 ὁποῖόν
2551 3722 2689 3782 ἐστι,
2737 3719 2797 3771 τὸ
2863 3717 2975 3789 πῦρ
3024 3718 3329 3788 δοκιμάσει.
3390 3737 3408 3768 ι
3448 3717 3795 3789 Προστέταχε
3823 3717 3879 3769 δὲ

2309 3813 2404 3866 καὶ
2446 3812 2516 3866 δι’
2567 3811 2759 3875 ὕδατος
2812 3810 3069 3882 ἔρχεσθαί
3129 3827 3283 3865 τινα·
3330 3808 3718 3882 δοκιμάζεσθαι
3769 3809 3878 3880 γάρ

2308 3904 2406 3975 οὐχ
2434 3904 2635 3976 ἑτέρως
2658 3905 2686 3956 6
2713 3903 2814 3972 τῆς
2854 3902 3176 3973 ψαλμῳδίας
3216 3904 3348 3974 ἡμῖν
3382 3903 3765 3957 ὑπαινίττεται
3796 3901 3883 3955 M-

2310 4013 2407 4065 γος
2426 4036 2440 4059 ,
2462 3995 2561 4058 τὰς
2587 3994 2695 4047 τῶν
2727 3995 2897 4062 άγίων
2941 3993 3145 4063 ψυχὰς,
3189 3994 3328 4064 πλὴν
3357 3994 3439 4047 ὅτι
3470 3993 3611 4047 κατὰ
3643 3992 3881 4046 τοιούσδε

2308 4087 2463 4150 τινὰς
2482 4086 2732 4156 τρόπους.
2758 4085 2869 4138 Kal
2899 4084 3029 4154 γοῦν
3053 4087 3082 4137 6
3104 4085 3266 4138 Aa6l5
3292 4085 3537 4155 ἔψαλλεν,
3570 4088 3651 4140 ὅτι
3683 4105 3703 4137 ι
3745 4086 3883 4139 Ἐδο-

630 4210 870 4279 κίμασας
913 4205 1079 4276 ἡμᾶς,
1106 4197 1151 4256 ὧ
1181 4175 1353 4264 ὃεδς,
1396 4197 1686 4269 ὲπύρωσας
1748 4196 1925 4265 ἡμᾶς,
1967 4191 2044 4254 ὡς
2111 4178 2380 4257 πυροῦται
2443 4176 2506 4230 τδ
2549 4175 2837 4249 ἀργύριον·
2870 4176 3156 4247 διήλθομεν
3198 4178 3285 4231 διὰ
3337 4177 3507 4249 πυρὸς
3538 4178 3630 4231 καὶ
3672 4178 3881 4244 ὕδατος,

629 4303 724 4357 καὶ
761 4299 1026 4371 ἐξήγαγες
1058 4295 1203 4365 ἡμᾶς
1234 4294 1312 4357 είς
1343 4289 1644 4360 ἀναψυχήν.

1080 4349 1276 4440 amabo
1294 4349 1368 4449 te,
1391 4349 1824 4437 dicent'fortasse
1859 4376 1953 4447 qui
1989 4373 2196 4431 studio-

2377 4356 2592 4451 AIIAAAA.
2641 4353 2802 4420 Ἀλλ’,
2852 4349 2899 4407 ὦ
2930 4356 3165 4422 γενναῖε,
3198 4357 3355 4422 ιραῖεν
3399 4354 3466 4409 ἂν
3509 4354 3637 4418 ἴσως
3680 4358 3812 4427 ἡμῖν
3836 4356 3883 4408 οἱ

632 4488 809 4541 siores
843 4486 1008 4536 sunt:
1032 4475 1316 4544 Quomodo
1354 4489 1478 4528 cum
1524 4468 1833 4525 Madianitis
1865 4462 2196 4521 conflixerinl

2314 4446 2764 4544 φιλομαθέστεροι
2787 4462 2800 4477 ο
2836 4445 2909 4499 Τὸ
2946 4448 3043 4517 μὲν
3068 4447 3176 4519 γὰρ
3208 4448 3356 4509 ὅπως
3387 4449 3499 4510 τοῖς
3533 4447 3884 4517 Μαδιηναίοκ

625 4584 797 4643 atque
833 4568 1071 4623 vicerint
1101 4565 1229 4622 lecti
1278 4564 1356 4617 illi
1396 4577 1495 4633 per
1534 4561 1711 4614 tribus
1757 4557 1898 4620 viri,
1935 4552 2196 4624 quomodc

2315 4538 2692 4611 παρετάξαντό
2718 4554 2848 4591 ποτε
2894 4538 2988 4592 καὶ
3021 4539 3375 4609 νενικήκασιν
3417 4540 3466 4591 οἱ
3500 4538 3884 4609 ἐξειλεγμένοι,

629 4664 801 4719 etiam
838 4657 1077 4713 maculas
1122 4671 1189 4709 ex
1238 4668 1418 4724 pugna
1459 4658 1767 4705 contractas
1815 4643 2196 4700 absterserint,

2316 4633 2436 4687 τίνα
2463 4648 2523 4683 τε
2554 4630 2754 4702 τρόπον
2785 4630 2875 4683 τὸν
2898 4632 2962 4684 ὲκ
2995 4630 3089 4683 τοῦ
3127 4630 3363 4700 πολέμου
3393 4630 3755 4701 διεσμήξαντο
3796 4647 3889 4700 μο-

623 4752 855 4809 abunde
876 4747 1035 4804 nobis
1054 4758 1145 4801 tua
1172 4720 1566 4799 demonstravit
1581 4738 1754 4793 oratio
1778 4754 1789 4789 :
1817 4736 1909 4790 sed
1926 4736 2036 4804 jam
2057 4734 2196 4786 locu:

2314 4723 2537 4793 λυσμδν,
2574 4722 2816 4793 διαρκῶς
2853 4723 2987 4792 ἡμῖν
3016 4721 3044 4773 6
3078 4720 3236 4789 λόγος
3274 4722 3573 4790 ἑκδέδειχε·
3616 4722 3809 4792 καιρὸς
3834 4723 3887 4775 δὲ

622 4851 803 4902 estut
831 4840 1051 4913 probes,
1086 4852 1219 4891 num
1251 4848 1442 4888 revera
1464 4840 1809 4886 strenuorum
1830 4828 2072 4881 virorum
2099 4823 2196 4876 for-

2312 4817 2411 4913 ήδη
2443 4815 2827 4913 πληροφορεῖν,
2859 4816 2907 4866 εί
2943 4816 3038 4867 καὶ
3060 4815 3277 4884 μέτοχοι
3310 4814 3452 4867 κατά
3478 4814 3539 4866 τὸ
3567 4814 3766 4884 ἀληθὲς
3792 4813 3889 4882 τῆς

622 4904 892 4990 titudin-is
910 4927 1205 5000 participes
1233 4924 1402 4978 futuri
1441 4922 1639 4983 simus,
1663 4934 1725 4972 ac
1746 4916 2000 4988 praaclare
2031 4920 2196 4984 gesto-

2311 4906 2419 5000 τῶν
2443 4905 2842 4976 ἀνδριζομένων
2871 4905 3160 4975 εὐτολμίας
3189 4904 3446 4975 ἐσόμεθα,
3489 4905 3584 4958 καὶ
3610 4905 3886 4975 συμμεθὲ-

626 5042 761 5081 rum
779 5019 1197 5093 socii,quamvis
1217 5033 1314 5087 par
1334 5014 1557 5070 omnino
1578 5013 1633 5066 in
1652 5011 1854 5065 virtute
1875 5012 2196 5061 momentun

2315 4997 2475 5066 ξομεν
2496 4996 2680 5058 αὐτοῖς
2721 4995 2830 5049 τῶν
2863 4996 3325 5067 κατορθωμάτων,
3358 4997 3534 5050 καίτοι
3564 4997 3626 5049 τὸ
3658 4997 3887 5049 είσάπαν

639 5116 866 5171 minime
903 5112 1235 5171 habeamus,
1276 5118 1576 5173 eorumque
1625 5099 1791 5155 animi
1840 5094 2196 5167 magnitudini

2317 5086 2633 5140 ίσοστατοῦν
2659 5088 2759 5140 οὐκ
2786 5088 3001 5159 ἔχοντες
3030 5090 3087 5141 ὲν
3117 5091 3307 5160 ἀρετῇ,
3340 5084 3808 5159 μειονεκτούμενοι
3831 5088 3887 5139 δέ

632 5206 800 5275 longe
822 5202 1108 5259 inferiores
1126 5199 1298 5254 simus
1317 5195 1407 5249 :.id
1430 5194 1581 5250 enim
1610 5201 1700 5247 tua
1720 5190 1881 5244 nobis
1903 5186 2076 5241 oratio
2096 5184 2213 5253 pol-

644 5297 933 5353 licebatur.
1714 5322 1717 5325 ‹

715 5382 1040 5451 CYR.Atqui
1063 5379 1307 5450 proxime
1320 5376 1586 5446 sequitur,
1600 5370 1921 5440 etadjuncta
1933 5366 2129 5421 esthac
2142 5364 2209 5418 de

649 5491 709 5531 re
744 5473 1037 5529 constituta
1058 5472 1164 5533 lex,
1199 5465 1660 5523 evidentissimam
1683 5474 1813 5515 sane
1836 5455 2211 5527 probationem

650 5566 879 5627 habens,
904 5576 1082 5630 neque
1110 5560 1333 5614 arduam
1371 5573 1434 5612 ac
1469 5554 1742 5609 difﬁcilem
1764 5546 2173 5617 intelligentiam
2198 5563 2209 5597 :

654 5676 677 5711 ι
710 5657 779 5713 Et
806 5656 1022 5710 locutus
1040 5661 1143 5717 est,
1172 5671 1188 5701 ι
1217 5648 1413 5720 inquit,
1442 5666 1459 5697 ι
1500 5643 1761 5699 Dominus
1783 5639 1849 5694 ad
1872 5634 2214 5708 Moysen,di-

2320 5194 2437 5239 πως
2462 5177 2562 5246 τῆς
2607 5178 2832 5232 ἐκείνων
2876 5179 3157 5249 εὐψυχίας.
3205 5180 3375 5233 Ταυτὶ
3413 5181 3523 5251 γὰρ
3566 5183 3702 5249 ἡμῖν
3730 5182 3759 5233 6
3802 5181 3890 5240 σὸς

2321 5269 2661 5336 ὑπισχνεῖται
2698 5269 2874 5337 λόγος.

2388 5359 2551 5413 ΚΥΡ.
2580 5360 2691 5411 Kal
2727 5361 2833 5431 μὴν
2858 5361 3026 5431 ἀγχοῦ
3060 5362 3119 5414 τέ
3155 5362 3270 5413 ἐστι
3314 5363 3406 5415 καὶ
3446 5362 3643 5429 γείτων
3676 5363 3834 5423 εὐθὺς
3862 5363 3889 5413 ὀ

2319 5451 2412 5504 ἐπὶ
2438 5450 2572 5521 τῷδε
2607 5451 2791 5521 νόμος,
2835 5454 3235 5523 ἐναργεστάτην
3268 5449 3327 5507 εὖ
3372 5454 3513 5523 μάλα
3551 5455 3651 5525 τὴν
3684 5455 3891 5508 ἀπόδει-

2323 5541 2404 5605 ξιν
2438 5540 2595 5611 ἔχων,
2632 5543 2726 5596 καὶ
2777 5543 2875 5596 οὐκ
2927 5544 3131 5613 ἀνάντη
3184 5544 3282 5615 τὴν
3332 5546 3671 5616 προσϐολήν·
3711 5566 3730 5597 ι
3783 5546 3889 5598 Kal

2322 5632 2549 5702 ἐλάλησε
2575 5634 2827 5706 Κύριος,›
2863 5636 3017 5706 φησι,
3045 5652 3063 5686 ι
3094 5636 3231 5705 πρὸς
3262 5637 3489 5706 Μωσῆν,
3524 5637 3719 5708 λέγων·
3747 5636 3886 5691 Λάϐε

752 5835 801 5869 ’ν
836 5833 1125 5897 Maltimn,
1156 5831 1239 5884 ll.
1299 5832 1343 5863 ⁸⁸
1382 5826 1571 5883 Matth.
1599 5840 1691 5889 xu,
1718 5822 1806 5876 29.
1864 5822 1908 5852 ³³
1949 5820 2047 5873 lsa.
2081 5832 2196 5869 xxxi

2299 5815 2329 5867 ι.
2410 5814 2424 5843 ⁸
2454 5812 2617 5868 lCor.
2648 5814 2836 5878 "1,15.
2898 5817 2917 5844 ¹
2957 5814 3098 5869 Psal.
3123 5830 3243 5880 cxv,
3281 5812 3464 5868 10-12.
