  <div class='ocr_page' id='page_1' title='image "/cluster/home/n/w/nwhite01/storage/ocr_20150623/68/hvd.32044019207851/174.png"; bbox 0 0 4046 6488; ppageno 0'>
   <div class='ocr_carea' id='block_1_1' title="bbox 178 447 273 503">
    <p class='ocr_par' dir='ltr' id='par_1_1' title="bbox 178 447 273 503">
     <span class='ocr_line' id='line_1_1' title="bbox 178 447 273 503; baseline 0.011 -1"><span class='ocrx_word' id='word_1_1' title='bbox 178 447 273 503; x_wconf 74' lang='lat'><strong>3&#39;35</strong></span> 
     </span>
    </p>
   </div>
   <div class='ocr_carea' id='block_1_2' title="bbox 902 435 2710 500">
    <p class='ocr_par' dir='ltr' id='par_1_2' title="bbox 902 435 2710 500">
     <span class='ocr_line' id='line_1_2' title="bbox 902 435 2710 500; baseline 0.003 -6"><span class='ocrx_word' id='word_1_2' title='bbox 902 441 989 495; x_wconf 89' lang='lat' dir='ltr'><strong>DE</strong></span> <span class='ocrx_word' id='word_1_3' title='bbox 1027 435 1469 494; x_wconf 70' lang='lat' dir='ltr'><strong>ADORATIONE</strong></span> <span class='ocrx_word' id='word_1_4' title='bbox 1506 440 1573 494; x_wconf 78' lang='lat' dir='ltr'><strong>1N</strong></span> <span class='ocrx_word' id='word_1_5' title='bbox 1615 437 1889 496; x_wconf 81' lang='lat' dir='ltr'><strong>SPIRITU</strong></span> <span class='ocrx_word' id='word_1_6' title='bbox 1928 439 2017 495; x_wconf 91' lang='lat' dir='ltr'><strong>ET</strong></span> <span class='ocrx_word' id='word_1_7' title='bbox 2040 439 2407 496; x_wconf 80' lang='lat' dir='ltr'><strong>VERITATE.</strong></span> <span class='ocrx_word' id='word_1_8' title='bbox 2452 441 2579 496; x_wconf 87' lang='lat' dir='ltr'><strong>LIB.</strong></span> <span class='ocrx_word' id='word_1_9' title='bbox 2620 442 2710 500; x_wconf 70' lang='lat' dir='ltr'><strong>IV.</strong></span> 
     </span>
    </p>
   </div>
   <div class='ocr_carea' id='block_1_3' title="bbox 3314 446 3419 499">
    <p class='ocr_par' dir='ltr' id='par_1_3' title="bbox 3314 446 3419 499">
     <span class='ocr_line' id='line_1_3' title="bbox 3314 446 3419 499; baseline 0 0"><span class='ocrx_word' id='word_1_10' title='bbox 3314 446 3419 499; x_wconf 57' lang='lat'><strong>53$</strong></span> 
     </span>
    </p>
   </div>
   <div class='ocr_carea' id='block_1_4' title="bbox 178 552 1721 630">
    <p class='ocr_par' dir='ltr' id='par_1_4' title="bbox 178 554 1721 630">
     <span class='ocr_line' id='line_1_4' title="bbox 178 554 1721 630; baseline -0.007 -13"><span class='ocrx_word' id='word_1_11' title='bbox 178 566 234 619; x_wconf 72' lang='grc' dir='ltr'>τὸ</span> <span class='ocrx_word' id='word_1_12' title='bbox 275 555 559 630; x_wconf 81' lang='grc' dir='ltr'>κεφάλαιον</span> <span class='ocrx_word' id='word_1_13' title='bbox 592 554 700 608; x_wconf 87' lang='grc' dir='ltr'><strong>τῶν</strong></span> <span class='ocrx_word' id='word_1_14' title='bbox 732 555 943 609; x_wconf 82' lang='grc' dir='ltr'>σκύλων</span> <span class='ocrx_word' id='word_1_15' title='bbox 975 556 1073 625; x_wconf 88' lang='grc' dir='ltr'><strong>τῆς</strong></span> <span class='ocrx_word' id='word_1_16' title='bbox 1102 555 1477 625; x_wconf 66' lang='grc' dir='ltr'><strong>αἰχμαλωσίας</strong></span> <span class='ocrx_word' id='word_1_17' title='bbox 1507 555 1615 608; x_wconf 78' lang='grc' dir='ltr'>ἀπὸ</span> <span class='ocrx_word' id='word_1_18' title='bbox 1639 555 1721 607; x_wconf 88' lang='grc' dir='ltr'>ἀν-</span> 
     </span>
    </p>
   </div>
   <div class='ocr_carea' id='block_1_5' title="bbox 1825 552 3418 630">
    <p class='ocr_par' dir='ltr' id='par_1_5' title="bbox 1835 552 3418 624">
     <span class='ocr_line' id='line_1_5' title="bbox 1835 552 3418 624; baseline 0.001 -16"><span class='ocrx_word' id='word_1_19' title='bbox 1835 568 2001 608; x_wconf 91' lang='lat' dir='ltr'><strong>cens:</strong></span> <span class='ocrx_word' id='word_1_20' title='bbox 2024 553 2223 623; x_wconf 79' lang='lat' dir='ltr'><strong>Accipe</strong></span> <span class='ocrx_word' id='word_1_21' title='bbox 2246 568 2512 608; x_wconf 86' lang='lat' dir='ltr'><strong>summam</strong></span> <span class='ocrx_word' id='word_1_22' title='bbox 2536 554 2834 624; x_wconf 86' lang='lat' dir='ltr'><strong>spoliorum</strong></span> <span class='ocrx_word' id='word_1_23' title='bbox 2855 552 3184 623; x_wconf 75' lang='lat' dir='ltr'><strong>captivitatis</strong></span> <span class='ocrx_word' id='word_1_24' title='bbox 3213 554 3280 609; x_wconf 89' lang='lat' dir='ltr'><strong>ab</strong></span> <span class='ocrx_word' id='word_1_25' title='bbox 3317 556 3418 610; x_wconf 83' lang='lat' dir='ltr'><strong>ho-</strong></span> 
     </span>
    </p>
   </div>
   <div class='ocr_carea' id='block_1_6' title="bbox 178 646 1736 727">
    <p class='ocr_par' dir='ltr' id='par_1_6' title="bbox 178 646 1736 727">
     <span class='ocr_line' id='line_1_6' title="bbox 178 646 1736 727; baseline -0.006 -20"><span class='ocrx_word' id='word_1_26' title='bbox 178 655 385 727; x_wconf 80' lang='grc' dir='ltr'>θρώπου</span> <span class='ocrx_word' id='word_1_27' title='bbox 414 651 515 712; x_wconf 75' lang='grc' dir='ltr'>ἕως</span> <span class='ocrx_word' id='word_1_28' title='bbox 555 650 805 719; x_wconf 80' lang='grc' dir='ltr'><strong>κτήνους,</strong></span> <span class='ocrx_word' id='word_1_29' title='bbox 838 649 903 701; x_wconf 83' lang='grc' dir='ltr'>σὺ</span> <span class='ocrx_word' id='word_1_30' title='bbox 931 648 1025 701; x_wconf 56' lang='grc' dir='ltr'><strong>καὶ⁵</strong></span> <span class='ocrx_word' id='word_1_31' title='bbox 1064 647 1327 717; x_wconf 79' lang='grc' dir='ltr'><strong>Ἐλεάζαρ</strong></span> <span class='ocrx_word' id='word_1_32' title='bbox 1354 648 1383 700; x_wconf 94' lang='lat'><strong>6</strong></span> <span class='ocrx_word' id='word_1_33' title='bbox 1413 648 1609 716; x_wconf 74' lang='grc' dir='ltr'>ἱερεὺς,</span> <span class='ocrx_word' id='word_1_34' title='bbox 1642 646 1736 700; x_wconf 76' lang='grc' dir='ltr'>καὶ</span> 
     </span>
    </p>
   </div>
   <div class='ocr_carea' id='block_1_7' title="bbox 176 735 1737 813">
    <p class='ocr_par' dir='ltr' id='par_1_7' title="bbox 176 735 1737 813">
     <span class='ocr_line' id='line_1_7' title="bbox 176 735 1737 813; baseline -0.008 -13"><span class='ocrx_word' id='word_1_35' title='bbox 176 749 220 800; x_wconf 80' lang='lat' dir='ltr'><strong>oi</strong></span> <span class='ocrx_word' id='word_1_36' title='bbox 242 745 489 813; x_wconf 78' lang='grc' dir='ltr'>ἄρχοντες</span> <span class='ocrx_word' id='word_1_37' title='bbox 511 738 619 791; x_wconf 88' lang='grc' dir='ltr'><strong>τῶν</strong></span> <span class='ocrx_word' id='word_1_38' title='bbox 640 737 887 809; x_wconf 89' lang='grc' dir='ltr'>πατριῶν</span> <span class='ocrx_word' id='word_1_39' title='bbox 904 738 1005 807; x_wconf 88' lang='grc' dir='ltr'><strong>τῆς</strong></span> <span class='ocrx_word' id='word_1_40' title='bbox 1034 738 1373 807; x_wconf 78' lang='grc' dir='ltr'><strong>συναγωγῆς,</strong></span> <span class='ocrx_word' id='word_1_41' title='bbox 1400 735 1495 789; x_wconf 77' lang='grc' dir='ltr'>καὶ</span> <span class='ocrx_word' id='word_1_42' title='bbox 1515 736 1737 789; x_wconf 86' lang='grc' dir='ltr'>διελεῖτε</span> 
     </span>
    </p>
   </div>
   <div class='ocr_carea' id='block_1_8' title="bbox 176 828 1738 900">
    <p class='ocr_par' dir='ltr' id='par_1_8' title="bbox 176 828 1738 900">
     <span class='ocr_line' id='line_1_8' title="bbox 176 828 1738 900; baseline -0.008 -9"><span class='ocrx_word' id='word_1_43' title='bbox 176 838 235 891; x_wconf 83' lang='grc' dir='ltr'><strong>τά</strong></span> <span class='ocrx_word' id='word_1_44' title='bbox 268 833 431 888; x_wconf 82' lang='grc' dir='ltr'>σκῦλα</span> <span class='ocrx_word' id='word_1_45' title='bbox 464 830 565 883; x_wconf 85' lang='grc' dir='ltr'><strong>ἀνὰ</strong></span> <span class='ocrx_word' id='word_1_46' title='bbox 593 830 756 900; x_wconf 80' lang='grc' dir='ltr'><strong>μέσον</strong></span> <span class='ocrx_word' id='word_1_47' title='bbox 778 829 886 881; x_wconf 85' lang='grc' dir='ltr'><strong>τῶν</strong></span> <span class='ocrx_word' id='word_1_48' title='bbox 908 828 1249 898; x_wconf 80' lang='grc' dir='ltr'><strong>πολεμιστῶν</strong></span> <span class='ocrx_word' id='word_1_49' title='bbox 1266 828 1373 881; x_wconf 92' lang='grc' dir='ltr'><strong>τῶν</strong></span> <span class='ocrx_word' id='word_1_50' title='bbox 1402 828 1738 898; x_wconf 71' lang='grc' dir='ltr'>ὲκπεπορευο</span> 
     </span>
    </p>
   </div>
   <div class='ocr_carea' id='block_1_9' title="bbox 180 920 1736 997">
    <p class='ocr_par' dir='ltr' id='par_1_9' title="bbox 180 920 1736 997">
     <span class='ocr_line' id='line_1_9' title="bbox 180 920 1736 997; baseline -0.006 -18"><span class='ocrx_word' id='word_1_51' title='bbox 180 928 344 997; x_wconf 85' lang='grc' dir='ltr'>μένων</span> <span class='ocrx_word' id='word_1_52' title='bbox 382 924 463 985; x_wconf 87' lang='grc' dir='ltr'><strong>είς</strong></span> <span class='ocrx_word' id='word_1_53' title='bbox 508 920 840 991; x_wconf 75' lang='grc' dir='ltr'><strong>παράταξιν,</strong></span> <span class='ocrx_word' id='word_1_54' title='bbox 887 921 980 974; x_wconf 78' lang='grc' dir='ltr'>καὶ</span> <span class='ocrx_word' id='word_1_55' title='bbox 1030 920 1133 973; x_wconf 88' lang='grc' dir='ltr'><strong>ἀνά</strong></span> <span class='ocrx_word' id='word_1_56' title='bbox 1190 920 1351 989; x_wconf 81' lang='grc' dir='ltr'>μέσον</span> <span class='ocrx_word' id='word_1_57' title='bbox 1411 920 1592 987; x_wconf 84' lang='grc' dir='ltr'>πάσης</span> <span class='ocrx_word' id='word_1_58' title='bbox 1636 920 1736 987; x_wconf 83' lang='grc' dir='ltr'><strong>τῆς</strong></span> 
     </span>
    </p>
   </div>
   <div class='ocr_carea' id='block_1_10' title="bbox 179 1005 1737 1083">
    <p class='ocr_par' dir='ltr' id='par_1_10' title="bbox 179 1005 1737 1083">
     <span class='ocr_line' id='line_1_10' title="bbox 179 1005 1737 1083; baseline -0.007 -15"><span class='ocrx_word' id='word_1_59' title='bbox 179 1013 507 1083; x_wconf 74' lang='grc' dir='ltr'>συναγωγῆς,</span> <span class='ocrx_word' id='word_1_60' title='bbox 532 1010 627 1063; x_wconf 72' lang='grc' dir='ltr'>καὶ</span> <span class='ocrx_word' id='word_1_61' title='bbox 657 1010 906 1079; x_wconf 86' lang='grc' dir='ltr'>ἀφελεῖτε</span> <span class='ocrx_word' id='word_1_62' title='bbox 939 1009 1000 1063; x_wconf 80' lang='grc' dir='ltr'>τὸ</span> <span class='ocrx_word' id='word_1_63' title='bbox 1025 1008 1176 1071; x_wconf 80' lang='grc' dir='ltr'><strong>τέλος</strong></span> <span class='ocrx_word' id='word_1_64' title='bbox 1205 1006 1414 1077; x_wconf 82' lang='grc' dir='ltr'>Κυρίῳ,</span> <span class='ocrx_word' id='word_1_65' title='bbox 1444 1005 1596 1077; x_wconf 86' lang='grc' dir='ltr'><strong>παρά</strong></span> <span class='ocrx_word' id='word_1_66' title='bbox 1628 1005 1737 1058; x_wconf 86' lang='grc' dir='ltr'><strong>τῶν</strong></span> 
     </span>
    </p>
   </div>
   <div class='ocr_carea' id='block_1_11' title="bbox 176 1098 1737 1179">
    <p class='ocr_par' dir='ltr' id='par_1_11' title="bbox 176 1098 1737 1179">
     <span class='ocr_line' id='line_1_11' title="bbox 176 1098 1737 1179; baseline -0.01 -14"><span class='ocrx_word' id='word_1_67' title='bbox 176 1107 461 1179; x_wconf 80' lang='grc' dir='ltr'>ἀνθρώπων</span> <span class='ocrx_word' id='word_1_68' title='bbox 492 1105 606 1158; x_wconf 90' lang='grc' dir='ltr'><strong>τῶν</strong></span> <span class='ocrx_word' id='word_1_69' title='bbox 640 1101 987 1172; x_wconf 78' lang='grc' dir='ltr'>πολεμιστῶν</span> <span class='ocrx_word' id='word_1_70' title='bbox 1018 1101 1127 1154; x_wconf 84' lang='grc' dir='ltr'><strong>τῶν</strong></span> <span class='ocrx_word' id='word_1_71' title='bbox 1179 1099 1623 1169; x_wconf 77' lang='grc' dir='ltr'>ἐκπορευομένων</span> <span class='ocrx_word' id='word_1_72' title='bbox 1657 1098 1737 1159; x_wconf 86' lang='grc' dir='ltr'><strong>είς</strong></span> 
     </span>
    </p>
   </div>
   <div class='ocr_carea' id='block_1_12' title="bbox 174 1189 1736 1274">
    <p class='ocr_par' dir='ltr' id='par_1_12' title="bbox 174 1189 1736 1274">
     <span class='ocr_line' id='line_1_12' title="bbox 174 1189 1736 1274; baseline -0.01 -18"><span class='ocrx_word' id='word_1_73' title='bbox 174 1205 262 1274; x_wconf 79' lang='grc' dir='ltr'>τὴν</span> <span class='ocrx_word' id='word_1_74' title='bbox 290 1199 615 1270; x_wconf 72' lang='grc' dir='ltr'>παράταξιν,</span> <span class='ocrx_word' id='word_1_75' title='bbox 651 1198 777 1268; x_wconf 85' lang='grc' dir='ltr'>μίαν</span> <span class='ocrx_word' id='word_1_76' title='bbox 818 1196 1001 1266; x_wconf 75' lang='grc' dir='ltr'>ψυχὴν</span> <span class='ocrx_word' id='word_1_77' title='bbox 1033 1193 1138 1248; x_wconf 72' lang='grc' dir='ltr'><strong>ἀπὸ</strong></span> <span class='ocrx_word' id='word_1_78' title='bbox 1168 1191 1557 1245; x_wconf 80' lang='grc' dir='ltr'>πεντακοσίων.</span> <span class='ocrx_word' id='word_1_79' title='bbox 1606 1189 1736 1242; x_wconf 79' lang='grc' dir='ltr'>Ἀπὸ</span> 
     </span>
    </p>
   </div>
   <div class='ocr_carea' id='block_1_13' title="bbox 174 1280 1736 1363">
    <p class='ocr_par' dir='ltr' id='par_1_13' title="bbox 174 1280 1736 1363">
     <span class='ocr_line' id='line_1_13' title="bbox 174 1280 1736 1363; baseline -0.01 -15"><span class='ocrx_word' id='word_1_80' title='bbox 174 1295 270 1349; x_wconf 88' lang='grc' dir='ltr'><strong>τῶν</strong></span> <span class='ocrx_word' id='word_1_81' title='bbox 303 1292 603 1363; x_wconf 84' lang='grc' dir='ltr'>ἀνθρώπων</span> <span class='ocrx_word' id='word_1_82' title='bbox 649 1290 741 1342; x_wconf 72' lang='grc' dir='ltr'>καὶ</span> <span class='ocrx_word' id='word_1_83' title='bbox 787 1288 895 1341; x_wconf 80' lang='grc' dir='ltr'>ἀπὸ</span> <span class='ocrx_word' id='word_1_84' title='bbox 944 1286 1053 1340; x_wconf 90' lang='grc' dir='ltr'><strong>τῶν</strong></span> <span class='ocrx_word' id='word_1_85' title='bbox 1093 1284 1327 1356; x_wconf 84' lang='grc' dir='ltr'>κτηνῶν,</span> <span class='ocrx_word' id='word_1_86' title='bbox 1359 1283 1454 1335; x_wconf 74' lang='grc' dir='ltr'><strong>καὶ</strong></span> <span class='ocrx_word' id='word_1_87' title='bbox 1494 1281 1601 1334; x_wconf 84' lang='grc' dir='ltr'>ἀπὸ</span> <span class='ocrx_word' id='word_1_88' title='bbox 1627 1280 1736 1333; x_wconf 88' lang='grc' dir='ltr'><strong>τῶν</strong></span> 
     </span>
    </p>
   </div>
   <div class='ocr_carea' id='block_1_14' title="bbox 176 1374 1737 1459">
    <p class='ocr_par' dir='ltr' id='par_1_14' title="bbox 176 1374 1737 1459">
     <span class='ocr_line' id='line_1_14' title="bbox 176 1374 1737 1459; baseline -0.008 -19"><span class='ocrx_word' id='word_1_89' title='bbox 176 1386 300 1459; x_wconf 86' lang='grc' dir='ltr'>βοῶν</span> <span class='ocrx_word' id='word_1_90' title='bbox 359 1385 451 1438; x_wconf 72' lang='grc' dir='ltr'>καὶ</span> <span class='ocrx_word' id='word_1_91' title='bbox 480 1384 589 1437; x_wconf 82' lang='grc' dir='ltr'>ἀπὸ</span> <span class='ocrx_word' id='word_1_92' title='bbox 618 1383 724 1435; x_wconf 85' lang='grc' dir='ltr'><strong>τῶν</strong></span> <span class='ocrx_word' id='word_1_93' title='bbox 754 1380 1062 1452; x_wconf 78' lang='grc' dir='ltr'>προϐάτων,</span> <span class='ocrx_word' id='word_1_94' title='bbox 1088 1379 1180 1431; x_wconf 70' lang='grc' dir='ltr'>καὶ</span> <span class='ocrx_word' id='word_1_95' title='bbox 1203 1378 1309 1430; x_wconf 83' lang='grc' dir='ltr'>ἀπὸ</span> <span class='ocrx_word' id='word_1_96' title='bbox 1334 1376 1440 1427; x_wconf 81' lang='grc' dir='ltr'><strong>τῶν</strong></span> <span class='ocrx_word' id='word_1_97' title='bbox 1469 1374 1607 1426; x_wconf 74' lang='grc' dir='ltr'>ὄνων</span> <span class='ocrx_word' id='word_1_98' title='bbox 1641 1374 1737 1427; x_wconf 80' lang='grc' dir='ltr'>καὶ</span> 
     </span>
    </p>
   </div>
   <div class='ocr_carea' id='block_1_15' title="bbox 174 1465 1736 1547">
    <p class='ocr_par' dir='ltr' id='par_1_15' title="bbox 174 1465 1736 1547">
     <span class='ocr_line' id='line_1_15' title="bbox 174 1465 1736 1547; baseline -0.009 -15"><span class='ocrx_word' id='word_1_99' title='bbox 174 1481 269 1533; x_wconf 74' lang='grc' dir='ltr'>ἀπὸ</span> <span class='ocrx_word' id='word_1_100' title='bbox 288 1478 374 1531; x_wconf 88' lang='grc' dir='ltr'><strong>τοῦ</strong></span> <span class='ocrx_word' id='word_1_101' title='bbox 392 1476 627 1547; x_wconf 75' lang='grc' dir='ltr'>ἡμίσους</span> <span class='ocrx_word' id='word_1_102' title='bbox 640 1474 817 1526; x_wconf 80' lang='grc' dir='ltr'>αὐτῶν</span> <span class='ocrx_word' id='word_1_103' title='bbox 838 1472 1075 1543; x_wconf 75' lang='grc' dir='ltr'>λήψεσθε</span> <span class='ocrx_word' id='word_1_104' title='bbox 1098 1488 1109 1500; x_wconf 88' lang='grc'>·</span> <span class='ocrx_word' id='word_1_105' title='bbox 1138 1472 1230 1523; x_wconf 74' lang='grc' dir='ltr'>καὶ</span> <span class='ocrx_word' id='word_1_106' title='bbox 1248 1468 1442 1530; x_wconf 80' lang='grc' dir='ltr'>δώσεις</span> <span class='ocrx_word' id='word_1_107' title='bbox 1475 1465 1736 1537; x_wconf 81' lang='grc' dir='ltr'>Ἐλεάζαρ</span> 
     </span>
    </p>
   </div>
   <div class='ocr_carea' id='block_1_16' title="bbox 172 1558 1737 1641">
    <p class='ocr_par' dir='ltr' id='par_1_16' title="bbox 172 1558 1737 1641">
     <span class='ocr_line' id='line_1_16' title="bbox 172 1558 1737 1641; baseline -0.01 -16"><span class='ocrx_word' id='word_1_108' title='bbox 172 1572 241 1641; x_wconf 81' lang='grc' dir='ltr'>τῷ</span> <span class='ocrx_word' id='word_1_109' title='bbox 275 1572 406 1640; x_wconf 81' lang='grc' dir='ltr'>ἱερεῖ</span> <span class='ocrx_word' id='word_1_110' title='bbox 426 1568 525 1631; x_wconf 73' lang='grc' dir='ltr'>τὰς</span> <span class='ocrx_word' id='word_1_111' title='bbox 560 1566 811 1636; x_wconf 84' lang='grc' dir='ltr'>ἀπαρχὰς</span> <span class='ocrx_word' id='word_1_112' title='bbox 852 1565 1079 1636; x_wconf 82' lang='grc' dir='ltr'>Κυρίου,</span> <span class='ocrx_word' id='word_1_113' title='bbox 1120 1563 1214 1616; x_wconf 73' lang='grc' dir='ltr'>καὶ</span> <span class='ocrx_word' id='word_1_114' title='bbox 1249 1560 1357 1614; x_wconf 80' lang='grc' dir='ltr'>ἀπὸ</span> <span class='ocrx_word' id='word_1_115' title='bbox 1388 1558 1481 1613; x_wconf 92' lang='grc' dir='ltr'><strong>τοῦ</strong></span> <span class='ocrx_word' id='word_1_116' title='bbox 1507 1558 1737 1630; x_wconf 77' lang='grc' dir='ltr'>ἡμίσους</span> 
     </span>
    </p>
   </div>
   <div class='ocr_carea' id='block_1_17' title="bbox 173 1651 1732 1730">
    <p class='ocr_par' dir='ltr' id='par_1_17' title="bbox 173 1651 1732 1730">
     <span class='ocr_line' id='line_1_17' title="bbox 173 1651 1732 1730; baseline -0.006 -16"><span class='ocrx_word' id='word_1_117' title='bbox 173 1662 255 1715; x_wconf 81' lang='grc' dir='ltr'><strong>τοῦ</strong></span> <span class='ocrx_word' id='word_1_118' title='bbox 281 1660 385 1712; x_wconf 88' lang='grc' dir='ltr'><strong>τῶν</strong></span> <span class='ocrx_word' id='word_1_119' title='bbox 418 1659 552 1712; x_wconf 78' lang='grc' dir='ltr'>υἱῶν</span> <span class='ocrx_word' id='word_1_120' title='bbox 578 1658 797 1729; x_wconf 77' lang='grc' dir='ltr'>Ἰσραὴλ</span> <span class='ocrx_word' id='word_1_121' title='bbox 824 1656 968 1730; x_wconf 72' lang='grc' dir='ltr'>λήψῃ</span> <span class='ocrx_word' id='word_1_122' title='bbox 990 1656 1085 1708; x_wconf 71' lang='grc' dir='ltr'>ἕνα</span> <span class='ocrx_word' id='word_1_123' title='bbox 1102 1655 1208 1707; x_wconf 83' lang='grc' dir='ltr'>ἀπὸ</span> <span class='ocrx_word' id='word_1_124' title='bbox 1249 1651 1357 1705; x_wconf 87' lang='grc' dir='ltr'><strong>τῶν</strong></span> <span class='ocrx_word' id='word_1_125' title='bbox 1378 1652 1732 1720; x_wconf 79' lang='grc' dir='ltr'>πεντήκοντα,</span> 
     </span>
    </p>
   </div>
   <div class='ocr_carea' id='block_1_18' title="bbox 170 1742 1736 1821">
    <p class='ocr_par' dir='ltr' id='par_1_18' title="bbox 170 1742 1736 1821">
     <span class='ocr_line' id='line_1_18' title="bbox 170 1742 1736 1821; baseline -0.008 -14"><span class='ocrx_word' id='word_1_126' title='bbox 170 1753 267 1808; x_wconf 80' lang='grc' dir='ltr'>ἀπὸ</span> <span class='ocrx_word' id='word_1_127' title='bbox 292 1752 397 1804; x_wconf 87' lang='grc' dir='ltr'><strong>τῶν</strong></span> <span class='ocrx_word' id='word_1_128' title='bbox 426 1750 753 1821; x_wconf 87' lang='grc' dir='ltr'>ἀνθρώπων,</span> <span class='ocrx_word' id='word_1_129' title='bbox 797 1750 892 1803; x_wconf 70' lang='grc' dir='ltr'>καὶ</span> <span class='ocrx_word' id='word_1_130' title='bbox 922 1748 1029 1801; x_wconf 76' lang='grc' dir='ltr'>ἀπὸ</span> <span class='ocrx_word' id='word_1_131' title='bbox 1050 1746 1156 1799; x_wconf 87' lang='grc' dir='ltr'><strong>τῶν</strong></span> <span class='ocrx_word' id='word_1_132' title='bbox 1179 1744 1336 1815; x_wconf 82' lang='grc' dir='ltr'>βοῶν,</span> <span class='ocrx_word' id='word_1_133' title='bbox 1369 1744 1464 1797; x_wconf 73' lang='grc' dir='ltr'>καὶ</span> <span class='ocrx_word' id='word_1_134' title='bbox 1496 1742 1603 1795; x_wconf 81' lang='grc' dir='ltr'>ἀπὸ</span> <span class='ocrx_word' id='word_1_135' title='bbox 1628 1743 1736 1795; x_wconf 87' lang='grc' dir='ltr'><strong>τῶν</strong></span> 
     </span>
    </p>
   </div>
   <div class='ocr_carea' id='block_1_19' title="bbox 172 1834 1733 1917">
    <p class='ocr_par' dir='ltr' id='par_1_19' title="bbox 172 1834 1733 1917">
     <span class='ocr_line' id='line_1_19' title="bbox 172 1834 1733 1917; baseline -0.007 -20"><span class='ocrx_word' id='word_1_136' title='bbox 172 1844 461 1917; x_wconf 75' lang='grc' dir='ltr'>προϐάτων,</span> <span class='ocrx_word' id='word_1_137' title='bbox 505 1843 601 1896; x_wconf 76' lang='grc' dir='ltr'>καὶ</span> <span class='ocrx_word' id='word_1_138' title='bbox 632 1842 740 1895; x_wconf 80' lang='grc' dir='ltr'>ἀπὸ</span> <span class='ocrx_word' id='word_1_139' title='bbox 780 1840 889 1893; x_wconf 89' lang='grc' dir='ltr'><strong>τῶν</strong></span> <span class='ocrx_word' id='word_1_140' title='bbox 916 1840 1075 1903; x_wconf 77' lang='grc' dir='ltr'>δνων,</span> <span class='ocrx_word' id='word_1_141' title='bbox 1121 1838 1215 1891; x_wconf 70' lang='grc' dir='ltr'>καὶ</span> <span class='ocrx_word' id='word_1_142' title='bbox 1240 1836 1346 1889; x_wconf 82' lang='grc' dir='ltr'>ἀπὸ</span> <span class='ocrx_word' id='word_1_143' title='bbox 1369 1836 1585 1888; x_wconf 88' lang='grc' dir='ltr'>πάντων</span> <span class='ocrx_word' id='word_1_144' title='bbox 1622 1834 1733 1887; x_wconf 85' lang='grc' dir='ltr'><strong>τῶν</strong></span> 
     </span>
    </p>
   </div>
   <div class='ocr_carea' id='block_1_20' title="bbox 1840 643 3421 717">
    <p class='ocr_par' dir='ltr' id='par_1_20' title="bbox 1840 643 3421 717">
     <span class='ocr_line' id='line_1_20' title="bbox 1840 643 3421 717; baseline 0.004 -21"><span class='ocrx_word' id='word_1_145' title='bbox 1840 643 1987 697; x_wconf 91' lang='lat' dir='ltr'><strong>mine</strong></span> <span class='ocrx_word' id='word_1_146' title='bbox 2008 659 2181 713; x_wconf 90' lang='lat' dir='ltr'><strong>usque</strong></span> <span class='ocrx_word' id='word_1_147' title='bbox 2199 644 2268 698; x_wconf 89' lang='lat' dir='ltr'><strong>ad</strong></span> <span class='ocrx_word' id='word_1_148' title='bbox 2286 660 2474 713; x_wconf 89' lang='lat' dir='ltr'><strong>pecus,</strong></span> <span class='ocrx_word' id='word_1_149' title='bbox 2499 654 2556 698; x_wconf 93' lang='lat' dir='ltr'><strong>tu</strong></span> <span class='ocrx_word' id='word_1_150' title='bbox 2575 652 2632 697; x_wconf 91' lang='lat' dir='ltr'><strong>et</strong></span> <span class='ocrx_word' id='word_1_151' title='bbox 2650 644 2875 699; x_wconf 83' lang='lat' dir='ltr'><strong>Eleazar</strong></span> <span class='ocrx_word' id='word_1_152' title='bbox 2895 644 3170 711; x_wconf 86' lang='lat' dir='ltr'><strong>sacerdos,</strong></span> <span class='ocrx_word' id='word_1_153' title='bbox 3194 656 3249 700; x_wconf 93' lang='lat' dir='ltr'><strong>et</strong></span> <span class='ocrx_word' id='word_1_154' title='bbox 3267 649 3421 717; x_wconf 72' lang='lat' dir='ltr'><strong>prin~</strong></span> 
     </span>
    </p>
   </div>
   <div class='ocr_carea' id='block_1_21' title="bbox 1838 734 3419 811">
    <p class='ocr_par' dir='ltr' id='par_1_21' title="bbox 1838 734 3419 811">
     <span class='ocr_line' id='line_1_21' title="bbox 1838 734 3419 811; baseline 0.007 -23"><span class='ocrx_word' id='word_1_155' title='bbox 1838 734 1987 804; x_wconf 89' lang='lat' dir='ltr'><strong>cipes</strong></span> <span class='ocrx_word' id='word_1_156' title='bbox 2019 734 2350 789; x_wconf 79' lang='lat' dir='ltr'><strong>familiarum</strong></span> <span class='ocrx_word' id='word_1_157' title='bbox 2376 736 2846 806; x_wconf 78' lang='lat' dir='ltr'><strong>congregationis:</strong></span> <span class='ocrx_word' id='word_1_158' title='bbox 2884 745 2940 791; x_wconf 91' lang='lat' dir='ltr'><strong>et</strong></span> <span class='ocrx_word' id='word_1_159' title='bbox 2968 737 3225 794; x_wconf 90' lang='lat' dir='ltr'><strong>dividetis</strong></span> <span class='ocrx_word' id='word_1_160' title='bbox 3247 744 3419 811; x_wconf 89' lang='lat' dir='ltr'><strong>spolia</strong></span> 
     </span>
    </p>
   </div>
   <div class='ocr_carea' id='block_1_22' title="bbox 1838 826 3419 898">
    <p class='ocr_par' dir='ltr' id='par_1_22' title="bbox 1838 826 3419 898">
     <span class='ocr_line' id='line_1_22' title="bbox 1838 826 3419 898; baseline 0.006 -18"><span class='ocrx_word' id='word_1_161' title='bbox 1838 826 1983 882; x_wconf 89' lang='lat' dir='ltr'><strong>inter</strong></span> <span class='ocrx_word' id='word_1_162' title='bbox 2007 827 2301 883; x_wconf 85' lang='lat' dir='ltr'><strong>bellatores</strong></span> <span class='ocrx_word' id='word_1_163' title='bbox 2325 843 2575 898; x_wconf 87' lang='lat' dir='ltr'><strong>egressos</strong></span> <span class='ocrx_word' id='word_1_164' title='bbox 2600 828 2666 882; x_wconf 88' lang='lat' dir='ltr'><strong>ad</strong></span> <span class='ocrx_word' id='word_1_165' title='bbox 2690 829 2914 893; x_wconf 88' lang='lat' dir='ltr'><strong>bellum,</strong></span> <span class='ocrx_word' id='word_1_166' title='bbox 2939 840 2995 884; x_wconf 89' lang='lat' dir='ltr'><strong>et</strong></span> <span class='ocrx_word' id='word_1_167' title='bbox 3030 831 3173 886; x_wconf 91' lang='lat' dir='ltr'><strong>inter</strong></span> <span class='ocrx_word' id='word_1_168' title='bbox 3199 849 3419 889; x_wconf 90' lang='lat' dir='ltr'><strong>omnem</strong></span> 
     </span>
    </p>
   </div>
   <div class='ocr_carea' id='block_1_23' title="bbox 1838 917 3419 988">
    <p class='ocr_par' dir='ltr' id='par_1_23' title="bbox 1838 917 3419 988">
     <span class='ocr_line' id='line_1_23' title="bbox 1838 917 3419 988; baseline 0.004 -16"><span class='ocrx_word' id='word_1_169' title='bbox 1838 917 2317 988; x_wconf 79' lang='lat' dir='ltr'><strong>congregationem</strong></span> <span class='ocrx_word' id='word_1_170' title='bbox 2348 935 2362 969; x_wconf 85' lang='lat'><strong>:</strong></span> <span class='ocrx_word' id='word_1_171' title='bbox 2388 926 2443 972; x_wconf 89' lang='lat' dir='ltr'><strong>et</strong></span> <span class='ocrx_word' id='word_1_172' title='bbox 2462 918 2791 988; x_wconf 83' lang='lat' dir='ltr'><strong>separabitis</strong></span> <span class='ocrx_word' id='word_1_173' title='bbox 2809 920 3075 974; x_wconf 86' lang='lat' dir='ltr'><strong>tributum</strong></span> <span class='ocrx_word' id='word_1_174' title='bbox 3095 922 3326 979; x_wconf 89' lang='lat' dir='ltr'><strong>Domino</strong></span> <span class='ocrx_word' id='word_1_175' title='bbox 3348 925 3419 978; x_wconf 88' lang='lat' dir='ltr'><strong>ab</strong></span> 
     </span>
    </p>
   </div>
   <div class='ocr_carea' id='block_1_24' title="bbox 1838 1009 3415 1081">
    <p class='ocr_par' dir='ltr' id='par_1_24' title="bbox 1838 1009 3415 1081">
     <span class='ocr_line' id='line_1_24' title="bbox 1838 1009 3415 1081; baseline 0.005 -19"><span class='ocrx_word' id='word_1_176' title='bbox 1838 1009 2157 1064; x_wconf 82' lang='lat' dir='ltr'><strong>hominibus</strong></span> <span class='ocrx_word' id='word_1_177' title='bbox 2200 1009 2557 1065; x_wconf 84' lang='lat' dir='ltr'><strong>bellatoribus</strong></span> <span class='ocrx_word' id='word_1_178' title='bbox 2607 1011 3017 1080; x_wconf 84' lang='lat' dir='ltr'><strong>egredientibus</strong></span> <span class='ocrx_word' id='word_1_179' title='bbox 3064 1014 3134 1067; x_wconf 89' lang='lat' dir='ltr'><strong>ad</strong></span> <span class='ocrx_word' id='word_1_180' title='bbox 3178 1014 3415 1081; x_wconf 91' lang='lat' dir='ltr'><strong>bellum,</strong></span> 
     </span>
    </p>
   </div>
   <div class='ocr_carea' id='block_1_25' title="bbox 1838 1102 3420 1179">
    <p class='ocr_par' dir='ltr' id='par_1_25' title="bbox 1838 1102 3420 1179">
     <span class='ocr_line' id='line_1_25' title="bbox 1838 1102 3420 1179; baseline 0.004 -25"><span class='ocrx_word' id='word_1_181' title='bbox 1838 1116 2002 1155; x_wconf 90' lang='lat' dir='ltr'><strong>unam</strong></span> <span class='ocrx_word' id='word_1_182' title='bbox 2036 1102 2271 1157; x_wconf 90' lang='lat' dir='ltr'><strong>animam</strong></span> <span class='ocrx_word' id='word_1_183' title='bbox 2302 1118 2334 1156; x_wconf 92' lang='lat' dir='ltr'><strong>a</strong></span> <span class='ocrx_word' id='word_1_184' title='bbox 2367 1102 2679 1173; x_wconf 82' lang='lat' dir='ltr'><strong>quingentis</strong></span> <span class='ocrx_word' id='word_1_185' title='bbox 2703 1121 2714 1156; x_wconf 94' lang='lat'>:</span> <span class='ocrx_word' id='word_1_186' title='bbox 2735 1103 2805 1157; x_wconf 90' lang='lat' dir='ltr'><strong>ab</strong></span> <span class='ocrx_word' id='word_1_187' title='bbox 2836 1104 3153 1160; x_wconf 86' lang='lat' dir='ltr'><strong>hominibus</strong></span> <span class='ocrx_word' id='word_1_188' title='bbox 3181 1114 3237 1161; x_wconf 92' lang='lat' dir='ltr'><strong>et</strong></span> <span class='ocrx_word' id='word_1_189' title='bbox 3268 1123 3298 1162; x_wconf 89' lang='lat' dir='ltr'><strong>a</strong></span> <span class='ocrx_word' id='word_1_190' title='bbox 3332 1108 3420 1179; x_wconf 81' lang='lat' dir='ltr'><strong>ju-</strong></span> 
     </span>
    </p>
   </div>
   <div class='ocr_carea' id='block_1_26' title="bbox 1838 1193 3418 1263">
    <p class='ocr_par' dir='ltr' id='par_1_26' title="bbox 1838 1193 3418 1263">
     <span class='ocr_line' id='line_1_26' title="bbox 1838 1193 3418 1263; baseline 0.006 -16"><span class='ocrx_word' id='word_1_191' title='bbox 1838 1193 2057 1258; x_wconf 89' lang='lat' dir='ltr'><strong>mentis,</strong></span> <span class='ocrx_word' id='word_1_192' title='bbox 2080 1203 2136 1248; x_wconf 91' lang='lat' dir='ltr'><strong>et</strong></span> <span class='ocrx_word' id='word_1_193' title='bbox 2170 1210 2201 1248; x_wconf 89' lang='lat' dir='ltr'><strong>a</strong></span> <span class='ocrx_word' id='word_1_194' title='bbox 2229 1194 2426 1259; x_wconf 89' lang='lat' dir='ltr'><strong>bobus,</strong></span> <span class='ocrx_word' id='word_1_195' title='bbox 2446 1204 2501 1250; x_wconf 91' lang='lat' dir='ltr'><strong>et</strong></span> <span class='ocrx_word' id='word_1_196' title='bbox 2537 1196 2606 1250; x_wconf 92' lang='lat' dir='ltr'><strong>ab</strong></span> <span class='ocrx_word' id='word_1_197' title='bbox 2641 1196 2856 1261; x_wconf 88' lang='lat' dir='ltr'><strong>ovibus,</strong></span> <span class='ocrx_word' id='word_1_198' title='bbox 2899 1205 2955 1251; x_wconf 91' lang='lat' dir='ltr'><strong>et</strong></span> <span class='ocrx_word' id='word_1_199' title='bbox 2988 1198 3058 1251; x_wconf 91' lang='lat' dir='ltr'><strong>ab</strong></span> <span class='ocrx_word' id='word_1_200' title='bbox 3087 1198 3276 1263; x_wconf 87' lang='lat' dir='ltr'><strong>asinis,</strong></span> <span class='ocrx_word' id='word_1_201' title='bbox 3307 1210 3361 1255; x_wconf 90' lang='lat' dir='ltr'><strong>et</strong></span> <span class='ocrx_word' id='word_1_202' title='bbox 3387 1217 3418 1256; x_wconf 89' lang='lat' dir='ltr'><strong>a</strong></span> 
     </span>
    </p>
   </div>
   <div class='ocr_carea' id='block_1_27' title="bbox 1837 1286 3417 1358">
    <p class='ocr_par' dir='ltr' id='par_1_27' title="bbox 1837 1286 3417 1358">
     <span class='ocr_line' id='line_1_27' title="bbox 1837 1286 3417 1358; baseline 0.004 -19"><span class='ocrx_word' id='word_1_203' title='bbox 1837 1286 2097 1350; x_wconf 91' lang='lat' dir='ltr'><strong>mulis,et</strong></span> <span class='ocrx_word' id='word_1_204' title='bbox 2132 1287 2201 1340; x_wconf 89' lang='lat' dir='ltr'><strong>ab</strong></span> <span class='ocrx_word' id='word_1_205' title='bbox 2237 1287 2497 1342; x_wconf 90' lang='lat' dir='ltr'><strong>omnibus</strong></span> <span class='ocrx_word' id='word_1_206' title='bbox 2530 1288 2796 1358; x_wconf 89' lang='lat' dir='ltr'><strong>jumentis</strong></span> <span class='ocrx_word' id='word_1_207' title='bbox 2829 1287 3147 1358; x_wconf 86' lang='lat' dir='ltr'><strong>accipietis;</strong></span> <span class='ocrx_word' id='word_1_208' title='bbox 3171 1298 3227 1345; x_wconf 90' lang='lat' dir='ltr'><strong>et</strong></span> <span class='ocrx_word' id='word_1_209' title='bbox 3261 1291 3417 1346; x_wconf 87' lang='lat' dir='ltr'><strong>dabis</strong></span> 
     </span>
    </p>
   </div>
   <div class='ocr_carea' id='block_1_28' title="bbox 1839 1377 3415 1448">
    <p class='ocr_par' dir='ltr' id='par_1_28' title="bbox 1839 1377 3415 1448">
     <span class='ocr_line' id='line_1_28' title="bbox 1839 1377 3415 1448; baseline 0.004 -18"><span class='ocrx_word' id='word_1_210' title='bbox 1839 1377 2099 1431; x_wconf 85' lang='lat' dir='ltr'><strong>Eleazaro</strong></span> <span class='ocrx_word' id='word_1_211' title='bbox 2127 1378 2399 1432; x_wconf 88' lang='lat' dir='ltr'><strong>sacerdoti</strong></span> <span class='ocrx_word' id='word_1_212' title='bbox 2437 1378 2708 1448; x_wconf 86' lang='lat' dir='ltr'><strong>primitias</strong></span> <span class='ocrx_word' id='word_1_213' title='bbox 2745 1379 2995 1433; x_wconf 90' lang='lat' dir='ltr'><strong>Domini:</strong></span> <span class='ocrx_word' id='word_1_214' title='bbox 3024 1390 3081 1434; x_wconf 91' lang='lat' dir='ltr'><strong>et</strong></span> <span class='ocrx_word' id='word_1_215' title='bbox 3118 1398 3148 1435; x_wconf 89' lang='lat' dir='ltr'><strong>a</strong></span> <span class='ocrx_word' id='word_1_216' title='bbox 3186 1381 3415 1437; x_wconf 90' lang='lat' dir='ltr'><strong>dimidio</strong></span> 
     </span>
    </p>
   </div>
   <div class='ocr_carea' id='block_1_29' title="bbox 1839 1468 3415 1544">
    <p class='ocr_par' dir='ltr' id='par_1_29' title="bbox 1839 1468 3415 1544">
     <span class='ocr_line' id='line_1_29' title="bbox 1839 1468 3415 1544; baseline 0.003 -22"><span class='ocrx_word' id='word_1_217' title='bbox 1839 1468 2076 1523; x_wconf 87' lang='lat' dir='ltr'><strong>ﬁliorum</strong></span> <span class='ocrx_word' id='word_1_218' title='bbox 2115 1471 2279 1525; x_wconf 89' lang='lat' dir='ltr'><strong>lsrael</strong></span> <span class='ocrx_word' id='word_1_219' title='bbox 2312 1471 2568 1541; x_wconf 84' lang='lat' dir='ltr'><strong>accipies,</strong></span> <span class='ocrx_word' id='word_1_220' title='bbox 2594 1487 2766 1526; x_wconf 90' lang='lat' dir='ltr'><strong>unum</strong></span> <span class='ocrx_word' id='word_1_221' title='bbox 2804 1471 2872 1526; x_wconf 91' lang='lat' dir='ltr'><strong>de</strong></span> <span class='ocrx_word' id='word_1_222' title='bbox 2895 1472 3315 1544; x_wconf 79' lang='lat' dir='ltr'><strong>quinquaginta,</strong></span> <span class='ocrx_word' id='word_1_223' title='bbox 3346 1476 3415 1529; x_wconf 74' lang='lat' dir='ltr'><strong>ali</strong></span> 
     </span>
    </p>
   </div>
   <div class='ocr_carea' id='block_1_30' title="bbox 1839 1562 3416 1633">
    <p class='ocr_par' dir='ltr' id='par_1_30' title="bbox 1839 1562 3416 1633">
     <span class='ocr_line' id='line_1_30' title="bbox 1839 1562 3416 1633; baseline 0.005 -17"><span class='ocrx_word' id='word_1_224' title='bbox 1839 1562 2179 1627; x_wconf 87' lang='lat' dir='ltr'><strong>hominibus,</strong></span> <span class='ocrx_word' id='word_1_225' title='bbox 2216 1571 2272 1617; x_wconf 91' lang='lat' dir='ltr'><strong>et</strong></span> <span class='ocrx_word' id='word_1_226' title='bbox 2291 1579 2322 1617; x_wconf 90' lang='lat' dir='ltr'><strong>a</strong></span> <span class='ocrx_word' id='word_1_227' title='bbox 2342 1564 2539 1628; x_wconf 81' lang='lat' dir='ltr'><strong>bobus,</strong></span> <span class='ocrx_word' id='word_1_228' title='bbox 2563 1572 2620 1618; x_wconf 89' lang='lat' dir='ltr'><strong>et</strong></span> <span class='ocrx_word' id='word_1_229' title='bbox 2640 1564 2709 1619; x_wconf 91' lang='lat' dir='ltr'><strong>ab</strong></span> <span class='ocrx_word' id='word_1_230' title='bbox 2730 1565 2948 1632; x_wconf 90' lang='lat' dir='ltr'><strong>ovibus,</strong></span> <span class='ocrx_word' id='word_1_231' title='bbox 2973 1575 3030 1622; x_wconf 92' lang='lat' dir='ltr'><strong>et</strong></span> <span class='ocrx_word' id='word_1_232' title='bbox 3047 1566 3116 1621; x_wconf 90' lang='lat' dir='ltr'><strong>ab</strong></span> <span class='ocrx_word' id='word_1_233' title='bbox 3139 1567 3328 1633; x_wconf 88' lang='lat' dir='ltr'><strong>asinis,</strong></span> <span class='ocrx_word' id='word_1_234' title='bbox 3360 1583 3416 1624; x_wconf 89' lang='lat' dir='ltr'><strong>et</strong></span> 
     </span>
    </p>
   </div>
   <div class='ocr_carea' id='block_1_31' title="bbox 1838 1654 3416 1725">
    <p class='ocr_par' dir='ltr' id='par_1_31' title="bbox 1838 1654 3416 1725">
     <span class='ocr_line' id='line_1_31' title="bbox 1838 1654 3416 1725; baseline 0.004 -17"><span class='ocrx_word' id='word_1_235' title='bbox 1838 1654 1908 1709; x_wconf 89' lang='lat' dir='ltr'><strong>ab</strong></span> <span class='ocrx_word' id='word_1_236' title='bbox 1943 1655 2200 1709; x_wconf 87' lang='lat' dir='ltr'><strong>omnibus</strong></span> <span class='ocrx_word' id='word_1_237' title='bbox 2213 1656 2511 1725; x_wconf 88' lang='lat' dir='ltr'><strong>jumentis;</strong></span> <span class='ocrx_word' id='word_1_238' title='bbox 2535 1666 2591 1712; x_wconf 90' lang='lat' dir='ltr'><strong>et</strong></span> <span class='ocrx_word' id='word_1_239' title='bbox 2613 1658 2769 1713; x_wconf 90' lang='lat' dir='ltr'><strong>dabis</strong></span> <span class='ocrx_word' id='word_1_240' title='bbox 2787 1675 2851 1713; x_wconf 92' lang='lat' dir='ltr'><strong>ea</strong></span> <span class='ocrx_word' id='word_1_241' title='bbox 2871 1659 3079 1715; x_wconf 85' lang='lat' dir='ltr'><strong>Levitis</strong></span> <span class='ocrx_word' id='word_1_242' title='bbox 3099 1661 3416 1717; x_wconf 89' lang='lat' dir='ltr'><strong>custodien-</strong></span> 
     </span>
    </p>
   </div>
   <div class='ocr_carea' id='block_1_32' title="bbox 1839 1747 3416 1810">
    <p class='ocr_par' dir='ltr' id='par_1_32' title="bbox 1839 1747 3416 1810">
     <span class='ocr_line' id='line_1_32' title="bbox 1839 1747 3416 1810; baseline 0.006 -9"><span class='ocrx_word' id='word_1_243' title='bbox 1839 1748 1990 1801; x_wconf 88' lang='lat' dir='ltr'><strong>tibus</strong></span> <span class='ocrx_word' id='word_1_244' title='bbox 2047 1747 2325 1801; x_wconf 86' lang='lat' dir='ltr'><strong>custodias</strong></span> <span class='ocrx_word' id='word_1_245' title='bbox 2374 1748 2430 1801; x_wconf 90' lang='lat' dir='ltr'><strong>in</strong></span> <span class='ocrx_word' id='word_1_246' title='bbox 2481 1750 2831 1805; x_wconf 89' lang='lat' dir='ltr'><strong>tabernaculo</strong></span> <span class='ocrx_word' id='word_1_247' title='bbox 2887 1752 3123 1808; x_wconf 88' lang='lat' dir='ltr'><strong>Domini.</strong></span> <span class='ocrx_word' id='word_1_248' title='bbox 3168 1754 3237 1809; x_wconf 83' lang='lat' dir='ltr'><strong>Et</strong></span> <span class='ocrx_word' id='word_1_249' title='bbox 3284 1752 3416 1810; x_wconf 84' lang='lat' dir='ltr'><strong>fecit</strong></span> 
     </span>
    </p>
   </div>
   <div class='ocr_carea' id='block_1_33' title="bbox 1837 1841 3415 1913">
    <p class='ocr_par' dir='ltr' id='par_1_33' title="bbox 1837 1841 3415 1913">
     <span class='ocr_line' id='line_1_33' title="bbox 1837 1841 3415 1913; baseline 0.004 -20"><span class='ocrx_word' id='word_1_250' title='bbox 1837 1841 2067 1912; x_wconf 82' lang='lat' dir='ltr'><strong>Moyses,</strong></span> <span class='ocrx_word' id='word_1_251' title='bbox 2081 1851 2135 1895; x_wconf 91' lang='lat' dir='ltr'><strong>et</strong></span> <span class='ocrx_word' id='word_1_252' title='bbox 2161 1841 2384 1895; x_wconf 85' lang='lat' dir='ltr'><strong>Eleazar</strong></span> <span class='ocrx_word' id='word_1_253' title='bbox 2404 1842 2680 1904; x_wconf 89' lang='lat' dir='ltr'><strong>sacerdos,</strong></span> <span class='ocrx_word' id='word_1_254' title='bbox 2701 1842 2846 1896; x_wconf 87' lang='lat' dir='ltr'><strong>sicut</strong></span> <span class='ocrx_word' id='word_1_255' title='bbox 2866 1844 3121 1913; x_wconf 70' lang='lat' dir='ltr'><strong>praecepit</strong></span> <span class='ocrx_word' id='word_1_256' title='bbox 3150 1844 3415 1900; x_wconf 86' lang='lat' dir='ltr'><strong>Dominus</strong></span> 
     </span>
    </p>
   </div>
   <div class='ocr_carea' id='block_1_34' title="bbox 170 1921 1721 2007">
    <p class='ocr_par' dir='ltr' id='par_1_34' title="bbox 170 1926 1721 2006">
     <span class='ocr_line' id='line_1_34' title="bbox 170 1926 1721 2006; baseline -0.007 -17"><span class='ocrx_word' id='word_1_257' title='bbox 170 1935 385 2006; x_wconf 79' lang='grc' dir='ltr'>κτηνῶν,</span> <span class='ocrx_word' id='word_1_258' title='bbox 424 1936 519 1988; x_wconf 75' lang='grc' dir='ltr'>καὶ</span> <span class='ocrx_word' id='word_1_259' title='bbox 550 1933 743 1996; x_wconf 81' lang='grc' dir='ltr'>δώσεις</span> <span class='ocrx_word' id='word_1_260' title='bbox 770 1932 907 1986; x_wconf 74' lang='grc' dir='ltr'>αὐτὰ</span> <span class='ocrx_word' id='word_1_261' title='bbox 949 1934 1062 1994; x_wconf 87' lang='grc' dir='ltr'>τοῖς</span> <span class='ocrx_word' id='word_1_262' title='bbox 1091 1930 1348 1991; x_wconf 78' lang='grc' dir='ltr'>Λευῖταις</span> <span class='ocrx_word' id='word_1_263' title='bbox 1380 1928 1492 1990; x_wconf 90' lang='grc' dir='ltr'>τοῖς</span> <span class='ocrx_word' id='word_1_264' title='bbox 1526 1926 1721 1995; x_wconf 86' lang='grc' dir='ltr'>φυλάσ-</span> 
     </span>
    </p>
   </div>
   <div class='ocr_carea' id='block_1_35' title="bbox 1825 1921 3413 2007">
    <p class='ocr_par' dir='ltr' id='par_1_35' title="bbox 1834 1932 3413 2007">
     <span class='ocr_line' id='line_1_35' title="bbox 1834 1932 3413 2007; baseline 0.004 -21"><span class='ocrx_word' id='word_1_265' title='bbox 1834 1932 2069 2004; x_wconf 79' lang='lat' dir='ltr'><strong>Moysi’.</strong></span> <span class='ocrx_word' id='word_1_266' title='bbox 2108 1953 2125 1983; x_wconf 76' lang='grc' dir='ltr'><strong>ι</strong></span> <span class='ocrx_word' id='word_1_267' title='bbox 2167 1933 2443 1987; x_wconf 87' lang='lat' dir='ltr'><strong>Continuo</strong></span> <span class='ocrx_word' id='word_1_268' title='bbox 2480 1950 2717 2004; x_wconf 86' lang='lat' dir='ltr'><strong>namque</strong></span> <span class='ocrx_word' id='word_1_269' title='bbox 2770 1938 2916 2004; x_wconf 90' lang='lat' dir='ltr'><strong>quod</strong></span> <span class='ocrx_word' id='word_1_270' title='bbox 2966 1935 3154 1990; x_wconf 89' lang='lat' dir='ltr'><strong>divino</strong></span> <span class='ocrx_word' id='word_1_271' title='bbox 3197 1937 3413 2007; x_wconf 88' lang='lat' dir='ltr'><strong>jussum</strong></span> 
     </span>
    </p>
   </div>
   <div class='ocr_carea' id='block_1_36' title="bbox 158 2016 1731 2094">
    <p class='ocr_par' dir='ltr' id='par_1_36' title="bbox 158 2016 1731 2094">
     <span class='ocr_line' id='line_1_36' title="bbox 158 2016 1731 2094; baseline -0.008 -14"><span class='ocrx_word' id='word_1_272' title='bbox 158 2016 307 2080; x_wconf 74' lang='grc' dir='ltr'><strong>⁹σιιυσι</strong></span> <span class='ocrx_word' id='word_1_273' title='bbox 332 2026 428 2086; x_wconf 79' lang='grc' dir='ltr'><strong>τὰς</strong></span> <span class='ocrx_word' id='word_1_274' title='bbox 458 2026 707 2094; x_wconf 73' lang='grc' dir='ltr'>φυλακὰς</span> <span class='ocrx_word' id='word_1_275' title='bbox 728 2026 784 2077; x_wconf 87' lang='grc' dir='ltr'>ὲν</span> <span class='ocrx_word' id='word_1_276' title='bbox 806 2028 872 2093; x_wconf 83' lang='grc' dir='ltr'>τῇ</span> <span class='ocrx_word' id='word_1_277' title='bbox 908 2024 1081 2092; x_wconf 81' lang='grc' dir='ltr'>σκηνῇ</span> <span class='ocrx_word' id='word_1_278' title='bbox 1113 2020 1338 2090; x_wconf 86' lang='grc' dir='ltr'>Κυρίου.</span> <span class='ocrx_word' id='word_1_279' title='bbox 1376 2019 1486 2071; x_wconf 77' lang='grc' dir='ltr'><strong>Καὶ</strong></span> <span class='ocrx_word' id='word_1_280' title='bbox 1507 2016 1731 2084; x_wconf 76' lang='grc' dir='ltr'>ἐποίησε</span> 
     </span>
    </p>
   </div>
   <div class='ocr_carea' id='block_1_37' title="bbox 168 2111 1733 2187">
    <p class='ocr_par' dir='ltr' id='par_1_37' title="bbox 168 2111 1733 2187">
     <span class='ocr_line' id='line_1_37' title="bbox 168 2111 1733 2187; baseline -0.006 -15"><span class='ocrx_word' id='word_1_281' title='bbox 168 2119 354 2187; x_wconf 81' lang='grc' dir='ltr'>Μωσῆς</span> <span class='ocrx_word' id='word_1_282' title='bbox 378 2117 471 2170; x_wconf 71' lang='grc' dir='ltr'>καὶ</span> <span class='ocrx_word' id='word_1_283' title='bbox 510 2118 776 2187; x_wconf 78' lang='grc' dir='ltr'>Ἐλεάζαρ</span> <span class='ocrx_word' id='word_1_284' title='bbox 800 2120 827 2169; x_wconf 99' lang='lat'><strong>6</strong></span> <span class='ocrx_word' id='word_1_285' title='bbox 852 2117 1047 2185; x_wconf 78' lang='grc' dir='ltr'>ἱερεὺς,</span> <span class='ocrx_word' id='word_1_286' title='bbox 1080 2112 1225 2167; x_wconf 86' lang='grc' dir='ltr'><strong>καθά</strong></span> <span class='ocrx_word' id='word_1_287' title='bbox 1246 2112 1503 2177; x_wconf 82' lang='grc' dir='ltr'>συνέταξε</span> <span class='ocrx_word' id='word_1_288' title='bbox 1529 2111 1733 2182; x_wconf 81' lang='grc' dir='ltr'>Κύριος</span> 
     </span>
    </p>
   </div>
   <div class='ocr_carea' id='block_1_38' title="bbox 167 2205 1722 2279">
    <p class='ocr_par' dir='ltr' id='par_1_38' title="bbox 167 2205 1722 2279">
     <span class='ocr_line' id='line_1_38' title="bbox 167 2205 1722 2279; baseline -0.001 -19"><span class='ocrx_word' id='word_1_289' title='bbox 167 2209 236 2278; x_wconf 80' lang='grc' dir='ltr'>τῷ</span> <span class='ocrx_word' id='word_1_290' title='bbox 279 2210 467 2279; x_wconf 83' lang='grc' dir='ltr'>Μωσῇ.</span> <span class='ocrx_word' id='word_1_291' title='bbox 512 2228 532 2261; x_wconf 76' lang='grc' dir='ltr'><strong>ι</strong></span> <span class='ocrx_word' id='word_1_292' title='bbox 578 2209 962 2279; x_wconf 86' lang='grc' dir='ltr'>Διεπεραίνετο</span> <span class='ocrx_word' id='word_1_293' title='bbox 1000 2206 1107 2278; x_wconf 82' lang='grc' dir='ltr'><strong>γὰρ</strong></span> <span class='ocrx_word' id='word_1_294' title='bbox 1129 2206 1291 2270; x_wconf 81' lang='grc' dir='ltr'>εὐθὺς</span> <span class='ocrx_word' id='word_1_295' title='bbox 1329 2205 1389 2259; x_wconf 86' lang='grc' dir='ltr'>τὸ</span> <span class='ocrx_word' id='word_1_296' title='bbox 1421 2205 1562 2258; x_wconf 90' lang='grc' dir='ltr'>θεῖον</span> <span class='ocrx_word' id='word_1_297' title='bbox 1595 2221 1722 2275; x_wconf 85' lang='grc' dir='ltr'>χρη-</span> 
     </span>
    </p>
   </div>
   <div class='ocr_carea' id='block_1_39' title="bbox 172 2296 1730 2372">
    <p class='ocr_par' dir='ltr' id='par_1_39' title="bbox 172 2296 1730 2372">
     <span class='ocr_line' id='line_1_39' title="bbox 172 2296 1730 2372; baseline -0.003 -18"><span class='ocrx_word' id='word_1_298' title='bbox 172 2301 446 2372; x_wconf 79' lang='grc' dir='ltr'>σμῴδημα,</span> <span class='ocrx_word' id='word_1_299' title='bbox 502 2301 711 2371; x_wconf 84' lang='grc' dir='ltr'>λεπτῆς</span> <span class='ocrx_word' id='word_1_300' title='bbox 753 2319 813 2354; x_wconf 90' lang='grc' dir='ltr'><strong>τε</strong></span> <span class='ocrx_word' id='word_1_301' title='bbox 858 2302 952 2354; x_wconf 78' lang='grc' dir='ltr'>καὶ</span> <span class='ocrx_word' id='word_1_302' title='bbox 1000 2299 1260 2371; x_wconf 76' lang='grc' dir='ltr'>ἀκριϐοῦς</span> <span class='ocrx_word' id='word_1_303' title='bbox 1305 2298 1604 2368; x_wconf 80' lang='grc' dir='ltr'>γενομένης</span> <span class='ocrx_word' id='word_1_304' title='bbox 1630 2296 1730 2366; x_wconf 83' lang='grc' dir='ltr'><strong>τῆς</strong></span> 
     </span>
    </p>
   </div>
   <div class='ocr_carea' id='block_1_40' title="bbox 169 2389 1731 2465">
    <p class='ocr_par' dir='ltr' id='par_1_40' title="bbox 169 2389 1731 2465">
     <span class='ocr_line' id='line_1_40' title="bbox 169 2389 1731 2465; baseline -0.004 -18"><span class='ocrx_word' id='word_1_305' title='bbox 169 2395 584 2465; x_wconf 76' lang='grc' dir='ltr'>ἀπαριθμῆσεως</span> <span class='ocrx_word' id='word_1_306' title='bbox 616 2395 725 2447; x_wconf 89' lang='grc' dir='ltr'><strong>τῶν</strong></span> <span class='ocrx_word' id='word_1_307' title='bbox 744 2394 976 2459; x_wconf 79' lang='grc' dir='ltr'>σκύλων,</span> <span class='ocrx_word' id='word_1_308' title='bbox 1008 2393 1227 2462; x_wconf 77' lang='grc' dir='ltr'>καὶτῆς</span> <span class='ocrx_word' id='word_1_309' title='bbox 1252 2394 1307 2443; x_wconf 81' lang='grc' dir='ltr'>ἐν</span> <span class='ocrx_word' id='word_1_310' title='bbox 1342 2391 1529 2461; x_wconf 70' lang='grc' dir='ltr'>ἡμίσει</span> <span class='ocrx_word' id='word_1_311' title='bbox 1556 2389 1731 2442; x_wconf 88' lang='grc' dir='ltr'>διανο-</span> 
     </span>
    </p>
   </div>
   <div class='ocr_carea' id='block_1_41' title="bbox 171 2480 1728 2559">
    <p class='ocr_par' dir='ltr' id='par_1_41' title="bbox 171 2480 1728 2559">
     <span class='ocr_line' id='line_1_41' title="bbox 171 2480 1728 2559; baseline -0.005 -19"><span class='ocrx_word' id='word_1_312' title='bbox 171 2488 284 2559; x_wconf 80' lang='grc' dir='ltr'>μῆς,</span> <span class='ocrx_word' id='word_1_313' title='bbox 316 2489 407 2541; x_wconf 63' lang='grc' dir='ltr'><strong>καὶ</strong></span> <span class='ocrx_word' id='word_1_314' title='bbox 438 2487 815 2540; x_wconf 85' lang='grc' dir='ltr'>ἀποδοθέντων</span> <span class='ocrx_word' id='word_1_315' title='bbox 843 2485 949 2538; x_wconf 87' lang='grc' dir='ltr'><strong>τῶν</strong></span> <span class='ocrx_word' id='word_1_316' title='bbox 983 2484 1397 2555; x_wconf 77' lang='grc' dir='ltr'>ἀφαιρεμάτων,</span> <span class='ocrx_word' id='word_1_317' title='bbox 1440 2483 1560 2552; x_wconf 79' lang='grc' dir='ltr'>ῆτοι</span> <span class='ocrx_word' id='word_1_318' title='bbox 1616 2480 1728 2533; x_wconf 90' lang='grc' dir='ltr'><strong>τῶν</strong></span> 
     </span>
    </p>
   </div>
   <div class='ocr_carea' id='block_1_42' title="bbox 169 2572 1728 2649">
    <p class='ocr_par' dir='ltr' id='par_1_42' title="bbox 169 2572 1728 2649">
     <span class='ocr_line' id='line_1_42' title="bbox 169 2572 1728 2649; baseline -0.004 -18"><span class='ocrx_word' id='word_1_319' title='bbox 169 2578 409 2648; x_wconf 75' lang='grc' dir='ltr'>ἀπαρχῶν</span> <span class='ocrx_word' id='word_1_320' title='bbox 450 2578 662 2649; x_wconf 79' lang='grc' dir='ltr'>Κυρίῳ,</span> <span class='ocrx_word' id='word_1_321' title='bbox 710 2578 786 2647; x_wconf 80' lang='grc' dir='ltr'><strong>τῷ</strong></span> <span class='ocrx_word' id='word_1_322' title='bbox 832 2578 969 2647; x_wconf 79' lang='grc' dir='ltr'>ἱερεῖ</span> <span class='ocrx_word' id='word_1_323' title='bbox 994 2575 1072 2645; x_wconf 79' lang='grc' dir='ltr'><strong>τῷ</strong></span> <span class='ocrx_word' id='word_1_324' title='bbox 1111 2574 1396 2645; x_wconf 76' lang='grc' dir='ltr'>Ἐλεάζαρ,</span> <span class='ocrx_word' id='word_1_325' title='bbox 1435 2574 1598 2644; x_wconf 74' lang='grc' dir='ltr'>φημὶ,</span> <span class='ocrx_word' id='word_1_326' title='bbox 1633 2572 1728 2625; x_wconf 71' lang='grc' dir='ltr'>καὶ</span> 
     </span>
    </p>
   </div>
   <div class='ocr_carea' id='block_1_43' title="bbox 167 2664 1724 2738">
    <p class='ocr_par' dir='ltr' id='par_1_43' title="bbox 167 2664 1724 2738">
     <span class='ocr_line' id='line_1_43' title="bbox 167 2664 1724 2738; baseline -0.002 -17"><span class='ocrx_word' id='word_1_327' title='bbox 167 2672 262 2733; x_wconf 82' lang='grc' dir='ltr'>τοῖς</span> <span class='ocrx_word' id='word_1_328' title='bbox 290 2672 349 2721; x_wconf 77' lang='grc' dir='ltr'>ἐκ</span> <span class='ocrx_word' id='word_1_329' title='bbox 392 2669 569 2738; x_wconf 83' lang='grc' dir='ltr'>φυλῆς</span> <span class='ocrx_word' id='word_1_330' title='bbox 598 2670 728 2721; x_wconf 67' lang='lat' dir='ltr'><strong>Acut</strong></span> <span class='ocrx_word' id='word_1_331' title='bbox 749 2686 760 2697; x_wconf 75' lang='grc'><em>’</em></span> <span class='ocrx_word' id='word_1_332' title='bbox 789 2664 899 2738; x_wconf 76' lang='grc' dir='ltr'>ἆρά</span> <span class='ocrx_word' id='word_1_333' title='bbox 936 2684 1016 2719; x_wconf 87' lang='grc' dir='ltr'><strong>σοι</strong></span> <span class='ocrx_word' id='word_1_334' title='bbox 1049 2666 1220 2737; x_wconf 80' lang='grc' dir='ltr'>λήθης</span> <span class='ocrx_word' id='word_1_335' title='bbox 1255 2666 1494 2735; x_wconf 82' lang='grc' dir='ltr'>ἀμείνων</span> <span class='ocrx_word' id='word_1_336' title='bbox 1518 2668 1546 2718; x_wconf 90' lang='grc' dir='ltr'>ὁ</span> <span class='ocrx_word' id='word_1_337' title='bbox 1579 2664 1724 2730; x_wconf 86' lang='grc' dir='ltr'>νοῦς,</span> 
     </span>
    </p>
   </div>
   <div class='ocr_carea' id='block_1_44' title="bbox 167 2755 1624 2832">
    <p class='ocr_par' dir='ltr' id='par_1_44' title="bbox 167 2755 1624 2832">
     <span class='ocr_line' id='line_1_44' title="bbox 167 2755 1624 2832; baseline -0.002 -20"><span class='ocrx_word' id='word_1_338' title='bbox 167 2760 246 2812; x_wconf 75' lang='grc' dir='ltr'><strong>καί</strong></span> <span class='ocrx_word' id='word_1_339' title='bbox 270 2762 344 2821; x_wconf 81' lang='grc' dir='ltr'><strong>εἰς</strong></span> <span class='ocrx_word' id='word_1_340' title='bbox 370 2762 510 2832; x_wconf 84' lang='grc' dir='ltr'>ὅπερ</span> <span class='ocrx_word' id='word_1_341' title='bbox 542 2761 752 2828; x_wconf 73' lang='grc' dir='ltr'>ἔφαμεν</span> <span class='ocrx_word' id='word_1_342' title='bbox 774 2759 829 2810; x_wconf 79' lang='grc' dir='ltr'>ἐν</span> <span class='ocrx_word' id='word_1_343' title='bbox 856 2759 1052 2829; x_wconf 83' lang='grc' dir='ltr'>ἀρχαῖς</span> <span class='ocrx_word' id='word_1_344' title='bbox 1081 2756 1298 2811; x_wconf 76' lang='grc' dir='ltr'>ἀναθεῖν</span> <span class='ocrx_word' id='word_1_345' title='bbox 1328 2755 1588 2827; x_wconf 82' lang='grc' dir='ltr'>εὐσθενής</span> <span class='ocrx_word' id='word_1_346' title='bbox 1610 2773 1624 2822; x_wconf 92' lang='lat'><strong>;</strong></span> 
     </span>
    </p>
   </div>
   <div class='ocr_carea' id='block_1_45' title="bbox 226 2849 1455 2913">
    <p class='ocr_par' dir='ltr' id='par_1_45' title="bbox 226 2849 1455 2913">
     <span class='ocr_line' id='line_1_45' title="bbox 226 2849 1455 2913; baseline 0.001 -12"><span class='ocrx_word' id='word_1_347' title='bbox 226 2849 421 2902; x_wconf 75' lang='grc' dir='ltr'><strong>Π-ΑΛΛ.</strong></span> <span class='ocrx_word' id='word_1_348' title='bbox 450 2850 527 2901; x_wconf 86' lang='grc' dir='ltr'><strong>Τὸ</strong></span> <span class='ocrx_word' id='word_1_349' title='bbox 560 2852 709 2901; x_wconf 85' lang='grc' dir='ltr'>ποῖον</span> <span class='ocrx_word' id='word_1_350' title='bbox 729 2866 743 2913; x_wconf 87' lang='grc'><strong>;</strong></span> <span class='ocrx_word' id='word_1_351' title='bbox 1447 2860 1455 2865; x_wconf 78' lang='grc'><strong><em>’</em></strong></span> 
     </span>
    </p>
   </div>
   <div class='ocr_carea' id='block_1_46' title="bbox 224 2930 1725 3011">
    <p class='ocr_par' dir='ltr' id='par_1_46' title="bbox 224 2930 1725 3011">
     <span class='ocr_line' id='line_1_46' title="bbox 224 2930 1725 3011; baseline 0.001 -18"><span class='ocrx_word' id='word_1_352' title='bbox 224 2942 376 2994; x_wconf 79' lang='grc' dir='ltr'><strong>ΚΥΡ.</strong></span> <span class='ocrx_word' id='word_1_353' title='bbox 410 2930 485 2994; x_wconf 84' lang='grc' dir='ltr'><strong>Οὐ</strong></span> <span class='ocrx_word' id='word_1_354' title='bbox 522 2940 634 3010; x_wconf 81' lang='grc' dir='ltr'><strong>γὰρ</strong></span> <span class='ocrx_word' id='word_1_355' title='bbox 660 2940 721 3010; x_wconf 82' lang='grc' dir='ltr'>δὴ</span> <span class='ocrx_word' id='word_1_356' title='bbox 751 2939 954 3009; x_wconf 79' lang='grc' dir='ltr'>χιλέους</span> <span class='ocrx_word' id='word_1_357' title='bbox 988 2942 1113 3002; x_wconf 81' lang='grc' dir='ltr'>τοὺς</span> <span class='ocrx_word' id='word_1_358' title='bbox 1159 2940 1251 3009; x_wconf 68' lang='grc' dir='ltr'><strong>ἀφ’</strong></span> <span class='ocrx_word' id='word_1_359' title='bbox 1279 2940 1519 3011; x_wconf 80' lang='grc' dir='ltr'>ἑκάστης</span> <span class='ocrx_word' id='word_1_360' title='bbox 1554 2940 1725 3011; x_wconf 80' lang='grc' dir='ltr'>φυλῆς</span> 
     </span>
    </p>
   </div>
   <div class='ocr_carea' id='block_1_47' title="bbox 164 3031 1724 3105">
    <p class='ocr_par' dir='ltr' id='par_1_47' title="bbox 164 3031 1724 3105">
     <span class='ocr_line' id='line_1_47' title="bbox 164 3031 1724 3105; baseline 0.003 -21"><span class='ocrx_word' id='word_1_361' title='bbox 164 3036 233 3097; x_wconf 72' lang='grc' dir='ltr'><strong>είς</strong></span> <span class='ocrx_word' id='word_1_362' title='bbox 256 3034 345 3103; x_wconf 76' lang='grc' dir='ltr'>τὴν</span> <span class='ocrx_word' id='word_1_363' title='bbox 379 3033 474 3086; x_wconf 84' lang='grc' dir='ltr'><strong>τοῦ</strong></span> <span class='ocrx_word' id='word_1_364' title='bbox 510 3033 751 3103; x_wconf 85' lang='grc' dir='ltr'>πολέμου</span> <span class='ocrx_word' id='word_1_365' title='bbox 795 3031 1229 3102; x_wconf 85' lang='grc' dir='ltr'>συγκεκομίσθαι</span> <span class='ocrx_word' id='word_1_366' title='bbox 1273 3033 1463 3103; x_wconf 79' lang='grc' dir='ltr'>χρείαν</span> <span class='ocrx_word' id='word_1_367' title='bbox 1510 3034 1539 3085; x_wconf 93' lang='lat'><strong>6</strong></span> <span class='ocrx_word' id='word_1_368' title='bbox 1582 3035 1724 3105; x_wconf 84' lang='grc' dir='ltr'>ἱερὸς</span> 
     </span>
    </p>
   </div>
   <div class='ocr_carea' id='block_1_48' title="bbox 164 3124 467 3194">
    <p class='ocr_par' dir='ltr' id='par_1_48' title="bbox 164 3124 467 3194">
     <span class='ocr_line' id='line_1_48' title="bbox 164 3124 467 3194; baseline 0.007 -19"><span class='ocrx_word' id='word_1_369' title='bbox 164 3125 252 3194; x_wconf 74' lang='grc' dir='ltr'>ἔφη</span> <span class='ocrx_word' id='word_1_370' title='bbox 276 3124 424 3192; x_wconf 84' lang='grc' dir='ltr'>λόγος</span> <span class='ocrx_word' id='word_1_371' title='bbox 452 3141 467 3189; x_wconf 84' lang='grc'>;</span> 
     </span>
    </p>
   </div>
   <div class='ocr_carea' id='block_1_49' title="bbox 225 3212 889 3287">
    <p class='ocr_par' dir='ltr' id='par_1_49' title="bbox 225 3212 889 3287">
     <span class='ocr_line' id='line_1_49' title="bbox 225 3212 889 3287; baseline -0.002 -18"><span class='ocrx_word' id='word_1_372' title='bbox 225 3218 418 3271; x_wconf 73' lang='grc' dir='ltr'><strong>ΠΛΛΛ.</strong></span> <span class='ocrx_word' id='word_1_373' title='bbox 456 3218 607 3287; x_wconf 83' lang='grc' dir='ltr'>Ἔφη</span> <span class='ocrx_word' id='word_1_374' title='bbox 641 3216 748 3285; x_wconf 78' lang='grc' dir='ltr'><strong>γὰρ</strong></span> <span class='ocrx_word' id='word_1_375' title='bbox 775 3212 889 3269; x_wconf 82' lang='grc' dir='ltr'>οῦν.</span> 
     </span>
    </p>
   </div>
   <div class='ocr_carea' id='block_1_50' title="bbox 223 3303 1720 3375">
    <p class='ocr_par' dir='ltr' id='par_1_50' title="bbox 223 3303 1720 3375">
     <span class='ocr_line' id='line_1_50' title="bbox 223 3303 1720 3375; baseline -0.002 -17"><span class='ocrx_word' id='word_1_376' title='bbox 223 3305 373 3358; x_wconf 74' lang='grc' dir='ltr'><strong>ΚΥΡ.</strong></span> <span class='ocrx_word' id='word_1_377' title='bbox 408 3305 521 3375; x_wconf 80' lang='grc' dir='ltr'><strong>Τὴν</strong></span> <span class='ocrx_word' id='word_1_378' title='bbox 547 3304 604 3356; x_wconf 84' lang='grc' dir='ltr'><strong>δέ</strong></span> <span class='ocrx_word' id='word_1_379' title='bbox 640 3321 705 3372; x_wconf 86' lang='grc' dir='ltr'><strong>γε</strong></span> <span class='ocrx_word' id='word_1_380' title='bbox 727 3304 819 3356; x_wconf 85' lang='grc' dir='ltr'><strong>τοῦ</strong></span> <span class='ocrx_word' id='word_1_381' title='bbox 853 3304 1053 3374; x_wconf 81' lang='grc' dir='ltr'>μέρους</span> <span class='ocrx_word' id='word_1_382' title='bbox 1081 3303 1439 3374; x_wconf 83' lang='grc' dir='ltr'>λαμπρότητα</span> <span class='ocrx_word' id='word_1_383' title='bbox 1456 3305 1550 3357; x_wconf 73' lang='grc' dir='ltr'>καὶ</span> <span class='ocrx_word' id='word_1_384' title='bbox 1581 3303 1720 3356; x_wconf 82' lang='grc' dir='ltr'>εὐδο-</span> 
     </span>
    </p>
   </div>
   <div class='ocr_carea' id='block_1_51' title="bbox 180 3392 1720 3467">
    <p class='ocr_par' dir='ltr' id='par_1_51' title="bbox 180 3392 1720 3467">
     <span class='ocr_line' id='line_1_51' title="bbox 180 3392 1720 3467; baseline -0.002 -19"><span class='ocrx_word' id='word_1_385' title='bbox 180 3396 388 3467; x_wconf 87' lang='grc' dir='ltr'>κίμησιν</span> <span class='ocrx_word' id='word_1_386' title='bbox 418 3398 499 3458; x_wconf 86' lang='grc' dir='ltr'><strong>είς</strong></span> <span class='ocrx_word' id='word_1_387' title='bbox 527 3396 650 3448; x_wconf 83' lang='grc' dir='ltr'>ὅλον</span> <span class='ocrx_word' id='word_1_388' title='bbox 688 3395 841 3466; x_wconf 78' lang='grc' dir='ltr'>ἥξειν</span> <span class='ocrx_word' id='word_1_389' title='bbox 880 3393 942 3446; x_wconf 76' lang='grc' dir='ltr'>τὸ</span> <span class='ocrx_word' id='word_1_390' title='bbox 985 3395 1278 3464; x_wconf 84' lang='grc' dir='ltr'>πλήρωμα,</span> <span class='ocrx_word' id='word_1_391' title='bbox 1310 3392 1495 3462; x_wconf 77' lang='grc' dir='ltr'>σαφῶς</span> <span class='ocrx_word' id='word_1_392' title='bbox 1534 3410 1592 3445; x_wconf 87' lang='grc' dir='ltr'><strong>τε</strong></span> <span class='ocrx_word' id='word_1_393' title='bbox 1627 3393 1720 3448; x_wconf 75' lang='grc' dir='ltr'>καὶ</span> 
     </span>
    </p>
   </div>
   <div class='ocr_carea' id='block_1_52' title="bbox 163 3481 1721 3558">
    <p class='ocr_par' dir='ltr' id='par_1_52' title="bbox 163 3481 1721 3558">
     <span class='ocr_line' id='line_1_52' title="bbox 163 3481 1721 3558; baseline -0.002 -20"><span class='ocrx_word' id='word_1_394' title='bbox 163 3487 381 3558; x_wconf 75' lang='grc' dir='ltr'>ἐναργῶς</span> <span class='ocrx_word' id='word_1_395' title='bbox 415 3487 703 3555; x_wconf 77' lang='grc' dir='ltr'>ἐλέγομεν,</span> <span class='ocrx_word' id='word_1_396' title='bbox 741 3485 1076 3556; x_wconf 77' lang='grc' dir='ltr'>ὴμερότητός</span> <span class='ocrx_word' id='word_1_397' title='bbox 1105 3500 1165 3536; x_wconf 87' lang='grc' dir='ltr'><strong>τε</strong></span> <span class='ocrx_word' id='word_1_398' title='bbox 1186 3484 1279 3535; x_wconf 70' lang='grc' dir='ltr'>καὶ</span> <span class='ocrx_word' id='word_1_399' title='bbox 1311 3481 1721 3553; x_wconf 81' lang='grc' dir='ltr'>φιλανθρωπίας</span> 
     </span>
    </p>
   </div>
   <div class='ocr_carea' id='block_1_53' title="bbox 161 3574 1717 3647">
    <p class='ocr_par' dir='ltr' id='par_1_53' title="bbox 161 3574 1717 3647">
     <span class='ocr_line' id='line_1_53' title="bbox 161 3574 1717 3647; baseline -0.003 -16"><span class='ocrx_word' id='word_1_400' title='bbox 161 3579 280 3631; x_wconf 83' lang='grc' dir='ltr'>Θεοῦ</span> <span class='ocrx_word' id='word_1_401' title='bbox 331 3581 423 3632; x_wconf 76' lang='grc' dir='ltr'>καὶ</span> <span class='ocrx_word' id='word_1_402' title='bbox 453 3578 620 3631; x_wconf 88' lang='grc' dir='ltr'>τοῦτο</span> <span class='ocrx_word' id='word_1_403' title='bbox 643 3578 725 3645; x_wconf 75' lang='grc' dir='ltr'><strong>ἐφ’</strong></span> <span class='ocrx_word' id='word_1_404' title='bbox 753 3579 884 3647; x_wconf 80' lang='grc' dir='ltr'>ἡμῖν</span> <span class='ocrx_word' id='word_1_405' title='bbox 920 3574 981 3629; x_wconf 77' lang='grc' dir='ltr'>εὖ</span> <span class='ocrx_word' id='word_1_406' title='bbox 1026 3576 1169 3646; x_wconf 86' lang='grc' dir='ltr'>μάλα</span> <span class='ocrx_word' id='word_1_407' title='bbox 1210 3575 1609 3645; x_wconf 79' lang='grc' dir='ltr'>διοικουμένης,</span> <span class='ocrx_word' id='word_1_408' title='bbox 1650 3574 1717 3626; x_wconf 79' lang='grc' dir='ltr'><strong>ἵν’</strong></span> 
     </span>
    </p>
   </div>
   <div class='ocr_carea' id='block_1_54' title="bbox 161 3666 1719 3741">
    <p class='ocr_par' dir='ltr' id='par_1_54' title="bbox 161 3666 1719 3741">
     <span class='ocr_line' id='line_1_54' title="bbox 161 3666 1719 3741; baseline -0.003 -17"><span class='ocrx_word' id='word_1_409' title='bbox 161 3669 326 3741; x_wconf 79' lang='grc' dir='ltr'>ὥσπερ</span> <span class='ocrx_word' id='word_1_410' title='bbox 342 3670 459 3733; x_wconf 79' lang='grc' dir='ltr'>ἑνὸς</span> <span class='ocrx_word' id='word_1_411' title='bbox 478 3669 581 3721; x_wconf 77' lang='grc' dir='ltr'>καὶ</span> <span class='ocrx_word' id='word_1_412' title='bbox 598 3669 964 3737; x_wconf 85' lang='grc' dir='ltr'>εὑοσμοτάτου</span> <span class='ocrx_word' id='word_1_413' title='bbox 980 3666 1345 3737; x_wconf 86' lang='grc' dir='ltr'>θυμιάματος,</span> <span class='ocrx_word' id='word_1_414' title='bbox 1360 3666 1424 3719; x_wconf 85' lang='grc' dir='ltr'>ὲκ</span> <span class='ocrx_word' id='word_1_415' title='bbox 1445 3666 1719 3737; x_wconf 86' lang='grc' dir='ltr'>διαφόρων</span> 
     </span>
    </p>
   </div>
   <div class='ocr_carea' id='block_1_55' title="bbox 162 3757 1717 3832">
    <p class='ocr_par' dir='ltr' id='par_1_55' title="bbox 162 3757 1717 3832">
     <span class='ocr_line' id='line_1_55' title="bbox 162 3757 1717 3832; baseline -0.003 -17"><span class='ocrx_word' id='word_1_416' title='bbox 162 3764 294 3815; x_wconf 73' lang='grc' dir='ltr'>εἱδῶν</span> <span class='ocrx_word' id='word_1_417' title='bbox 318 3761 712 3832; x_wconf 78' lang='grc' dir='ltr'>πεποιημένου,</span> <span class='ocrx_word' id='word_1_418' title='bbox 748 3760 846 3830; x_wconf 86' lang='grc' dir='ltr'><strong>μία</strong></span> <span class='ocrx_word' id='word_1_419' title='bbox 883 3776 966 3822; x_wconf 86' lang='grc' dir='ltr'><strong>τις</strong></span> <span class='ocrx_word' id='word_1_420' title='bbox 1000 3760 1030 3829; x_wconf 76' lang='grc' dir='ltr'>ἡ</span> <span class='ocrx_word' id='word_1_421' title='bbox 1068 3759 1285 3813; x_wconf 88' lang='grc' dir='ltr'>πάντων</span> <span class='ocrx_word' id='word_1_422' title='bbox 1309 3758 1505 3811; x_wconf 82' lang='grc' dir='ltr'>εὐωδία</span> <span class='ocrx_word' id='word_1_423' title='bbox 1532 3757 1717 3811; x_wconf 83' lang='grc' dir='ltr'>λοιπὸν</span> 
     </span>
    </p>
   </div>
   <div class='ocr_carea' id='block_1_56' title="bbox 162 3850 1717 3926">
    <p class='ocr_par' dir='ltr' id='par_1_56' title="bbox 162 3850 1717 3926">
     <span class='ocr_line' id='line_1_56' title="bbox 162 3850 1717 3926; baseline -0.005 -17"><span class='ocrx_word' id='word_1_424' title='bbox 162 3856 470 3926; x_wconf 82' lang='grc' dir='ltr'>ἀναφέρηται</span> <span class='ocrx_word' id='word_1_425' title='bbox 495 3854 580 3924; x_wconf 85' lang='grc' dir='ltr'><strong>τῷ</strong></span> <span class='ocrx_word' id='word_1_426' title='bbox 609 3853 747 3924; x_wconf 82' lang='grc' dir='ltr'>Θεῷ,</span> <span class='ocrx_word' id='word_1_427' title='bbox 778 3852 873 3906; x_wconf 80' lang='grc' dir='ltr'>καὶ</span> <span class='ocrx_word' id='word_1_428' title='bbox 896 3851 975 3922; x_wconf 81' lang='grc' dir='ltr'><strong>τῷ</strong></span> <span class='ocrx_word' id='word_1_429' title='bbox 1000 3851 1119 3904; x_wconf 89' lang='grc' dir='ltr'>λίαν</span> <span class='ocrx_word' id='word_1_430' title='bbox 1149 3850 1567 3921; x_wconf 79' lang='grc' dir='ltr'>εὐδοκιμωτάτῳ</span> <span class='ocrx_word' id='word_1_431' title='bbox 1590 3868 1717 3921; x_wconf 89' lang='grc' dir='ltr'>συγ-</span> 
     </span>
    </p>
   </div>
   <div class='ocr_carea' id='block_1_57' title="bbox 161 3944 1572 4019">
    <p class='ocr_par' dir='ltr' id='par_1_57' title="bbox 161 3944 1572 4019">
     <span class='ocr_line' id='line_1_57' title="bbox 161 3944 1572 4019; baseline -0.003 -18"><span class='ocrx_word' id='word_1_432' title='bbox 161 3947 650 4019; x_wconf 76' lang='grc' dir='ltr'>καταλαμπρύνοιτό</span> <span class='ocrx_word' id='word_1_433' title='bbox 670 3964 788 4009; x_wconf 87' lang='grc' dir='ltr'><strong>πως</strong></span> <span class='ocrx_word' id='word_1_434' title='bbox 820 3946 881 3998; x_wconf 80' lang='grc' dir='ltr'>τὸ</span> <span class='ocrx_word' id='word_1_435' title='bbox 913 3945 987 4017; x_wconf 85' lang='grc' dir='ltr'>μὴ</span> <span class='ocrx_word' id='word_1_436' title='bbox 1018 3945 1193 4008; x_wconf 74' lang='grc' dir='ltr'>οὕτως</span> <span class='ocrx_word' id='word_1_437' title='bbox 1223 3944 1572 4016; x_wconf 79' lang='grc' dir='ltr'>εὐδοκιμοῦν.</span> 
     </span>
    </p>
   </div>
   <div class='ocr_carea' id='block_1_58' title="bbox 218 4036 1716 4108">
    <p class='ocr_par' dir='ltr' id='par_1_58' title="bbox 218 4036 1716 4108">
     <span class='ocr_line' id='line_1_58' title="bbox 218 4036 1716 4108; baseline -0.001 -16"><span class='ocrx_word' id='word_1_438' title='bbox 218 4041 413 4095; x_wconf 73' lang='grc' dir='ltr'><strong>ΠΑΛΛ.</strong></span> <span class='ocrx_word' id='word_1_439' title='bbox 451 4040 706 4108; x_wconf 79' lang='grc' dir='ltr'>Ἀληθές.</span> <span class='ocrx_word' id='word_1_440' title='bbox 739 4037 909 4091; x_wconf 82' lang='grc' dir='ltr'>Ταυτὶ</span> <span class='ocrx_word' id='word_1_441' title='bbox 937 4037 1047 4107; x_wconf 82' lang='grc' dir='ltr'><strong>γὰρ</strong></span> <span class='ocrx_word' id='word_1_442' title='bbox 1073 4039 1203 4107; x_wconf 78' lang='grc' dir='ltr'>ἡμῖν</span> <span class='ocrx_word' id='word_1_443' title='bbox 1225 4038 1254 4089; x_wconf 95' lang='lat'><strong>6</strong></span> <span class='ocrx_word' id='word_1_444' title='bbox 1294 4037 1447 4105; x_wconf 82' lang='grc' dir='ltr'>λόγος</span> <span class='ocrx_word' id='word_1_445' title='bbox 1479 4036 1716 4091; x_wconf 79' lang='grc' dir='ltr'>ἐκϐασα-</span> 
     </span>
    </p>
   </div>
   <div class='ocr_carea' id='block_1_59' title="bbox 158 4130 510 4201">
    <p class='ocr_par' dir='ltr' id='par_1_59' title="bbox 158 4130 510 4201">
     <span class='ocr_line' id='line_1_59' title="bbox 158 4130 510 4201; baseline 0.009 -20"><span class='ocrx_word' id='word_1_446' title='bbox 158 4130 302 4194; x_wconf 76' lang='grc' dir='ltr'>νίζειν</span> <span class='ocrx_word' id='word_1_447' title='bbox 330 4131 510 4201; x_wconf 61' lang='grc' dir='ltr'>ἤθελε.</span> 
     </span>
    </p>
   </div>
   <div class='ocr_carea' id='block_1_60' title="bbox 221 4216 1715 4292">
    <p class='ocr_par' dir='ltr' id='par_1_60' title="bbox 221 4216 1715 4292">
     <span class='ocr_line' id='line_1_60' title="bbox 221 4216 1715 4292; baseline -0.002 -18"><span class='ocrx_word' id='word_1_448' title='bbox 221 4223 369 4276; x_wconf 79' lang='grc' dir='ltr'>ΚΥΡ.</span> <span class='ocrx_word' id='word_1_449' title='bbox 412 4222 608 4292; x_wconf 84' lang='grc' dir='ltr'>Ἀθρει</span> <span class='ocrx_word' id='word_1_450' title='bbox 629 4221 693 4291; x_wconf 86' lang='grc' dir='ltr'>δὴ</span> <span class='ocrx_word' id='word_1_451' title='bbox 721 4216 813 4274; x_wconf 79' lang='grc' dir='ltr'><strong>οῦν</strong></span> <span class='ocrx_word' id='word_1_452' title='bbox 840 4218 1309 4290; x_wconf 85' lang='grc' dir='ltr'>ἀπημφιεσμένως</span> <span class='ocrx_word' id='word_1_453' title='bbox 1323 4217 1496 4271; x_wconf 90' lang='grc' dir='ltr'>ταῦτα</span> <span class='ocrx_word' id='word_1_454' title='bbox 1518 4220 1630 4282; x_wconf 88' lang='grc' dir='ltr'>τοῖς</span> <span class='ocrx_word' id='word_1_455' title='bbox 1656 4216 1715 4283; x_wconf 77' lang='grc' dir='ltr'>ἐξ</span> 
     </span>
    </p>
   </div>
   <div class='ocr_carea' id='block_1_61' title="bbox 169 4310 1711 4386">
    <p class='ocr_par' dir='ltr' id='par_1_61' title="bbox 169 4310 1711 4386">
     <span class='ocr_line' id='line_1_61' title="bbox 169 4310 1711 4386; baseline -0.001 -21"><span class='ocrx_word' id='word_1_456' title='bbox 169 4314 359 4386; x_wconf 78' lang='grc' dir='ltr'>Ἰσραὴλ</span> <span class='ocrx_word' id='word_1_457' title='bbox 398 4314 801 4385; x_wconf 82' lang='grc' dir='ltr'>νομοθετοῦντα</span> <span class='ocrx_word' id='word_1_458' title='bbox 845 4312 1007 4365; x_wconf 73' lang='grc' dir='ltr'>Θεόνσ</span> <span class='ocrx_word' id='word_1_459' title='bbox 1036 4312 1087 4364; x_wconf 80' lang='grc' dir='ltr'>οἱ</span> <span class='ocrx_word' id='word_1_460' title='bbox 1137 4311 1236 4382; x_wconf 84' lang='grc' dir='ltr'>μὲν</span> <span class='ocrx_word' id='word_1_461' title='bbox 1275 4311 1386 4382; x_wconf 86' lang='grc' dir='ltr'><strong>γάρ</strong></span> <span class='ocrx_word' id='word_1_462' title='bbox 1423 4310 1711 4364; x_wconf 84' lang='grc' dir='ltr'>ἀπόλεκτοι</span> 
     </span>
    </p>
   </div>
   <div class='ocr_carea' id='block_1_62' title="bbox 158 4403 1709 4478">
    <p class='ocr_par' dir='ltr' id='par_1_62' title="bbox 158 4403 1709 4478">
     <span class='ocr_line' id='line_1_62' title="bbox 158 4403 1709 4478; baseline -0.002 -20"><span class='ocrx_word' id='word_1_463' title='bbox 158 4406 297 4476; x_wconf 83' lang='grc' dir='ltr'>χίλιοι</span> <span class='ocrx_word' id='word_1_464' title='bbox 323 4408 462 4461; x_wconf 81' lang='grc' dir='ltr'><strong>κατά</strong></span> <span class='ocrx_word' id='word_1_465' title='bbox 487 4407 664 4478; x_wconf 81' lang='grc' dir='ltr'>φυλὴν</span> <span class='ocrx_word' id='word_1_466' title='bbox 691 4405 1185 4476; x_wconf 80' lang='grc' dir='ltr'>κατεστρατεύοντο</span> <span class='ocrx_word' id='word_1_467' title='bbox 1204 4403 1314 4457; x_wconf 90' lang='grc' dir='ltr'><strong>τῶν</strong></span> <span class='ocrx_word' id='word_1_468' title='bbox 1334 4403 1679 4472; x_wconf 89' lang='grc' dir='ltr'>Μαδιηναίων</span> <span class='ocrx_word' id='word_1_469' title='bbox 1694 4420 1709 4435; x_wconf 76' lang='grc' dir='ltr'><strong>ο</strong></span> 
     </span>
    </p>
   </div>
   <div class='ocr_carea' id='block_1_63' title="bbox 160 4495 1713 4570">
    <p class='ocr_par' dir='ltr' id='par_1_63' title="bbox 160 4495 1713 4570">
     <span class='ocr_line' id='line_1_63' title="bbox 160 4495 1713 4570; baseline -0.001 -19"><span class='ocrx_word' id='word_1_470' title='bbox 160 4499 240 4551; x_wconf 73' lang='grc' dir='ltr'>καὶ</span> <span class='ocrx_word' id='word_1_471' title='bbox 258 4499 313 4553; x_wconf 80' lang='grc' dir='ltr'>τὸ</span> <span class='ocrx_word' id='word_1_472' title='bbox 330 4502 506 4570; x_wconf 81' lang='grc' dir='ltr'>νικᾷν,</span> <span class='ocrx_word' id='word_1_473' title='bbox 540 4496 691 4569; x_wconf 80' lang='grc' dir='ltr'>οἶμαί</span> <span class='ocrx_word' id='word_1_474' title='bbox 720 4517 844 4565; x_wconf 90' lang='grc' dir='ltr'>που,</span> <span class='ocrx_word' id='word_1_475' title='bbox 870 4499 1016 4569; x_wconf 83' lang='grc' dir='ltr'>πόνῳ</span> <span class='ocrx_word' id='word_1_476' title='bbox 1056 4498 1149 4551; x_wconf 74' lang='grc' dir='ltr'>καὶ</span> <span class='ocrx_word' id='word_1_477' title='bbox 1194 4495 1377 4567; x_wconf 88' lang='grc' dir='ltr'>ἱδρῶτι</span> <span class='ocrx_word' id='word_1_478' title='bbox 1409 4496 1713 4566; x_wconf 86' lang='grc' dir='ltr'>κερδαίνον-</span> 
     </span>
    </p>
   </div>
   <div class='ocr_carea' id='block_1_64' title="bbox 1833 2024 3413 2097">
    <p class='ocr_par' dir='ltr' id='par_1_64' title="bbox 1833 2024 3413 2097">
     <span class='ocr_line' id='line_1_64' title="bbox 1833 2024 3413 2097; baseline 0.006 -20"><span class='ocrx_word' id='word_1_479' title='bbox 1833 2032 1952 2078; x_wconf 89' lang='lat' dir='ltr'><strong>erat</strong></span> <span class='ocrx_word' id='word_1_480' title='bbox 1979 2025 2222 2087; x_wconf 88' lang='lat' dir='ltr'><strong>oraculo,</strong></span> <span class='ocrx_word' id='word_1_481' title='bbox 2246 2024 2655 2095; x_wconf 75' lang='lat' dir='ltr'><strong>perficiebatur.</strong></span> <span class='ocrx_word' id='word_1_482' title='bbox 2687 2028 2850 2097; x_wconf 89' lang='lat' dir='ltr'><strong>Ergo,</strong></span> <span class='ocrx_word' id='word_1_483' title='bbox 2879 2044 3004 2082; x_wconf 91' lang='lat' dir='ltr'><strong>cum</strong></span> <span class='ocrx_word' id='word_1_484' title='bbox 3043 2028 3413 2087; x_wconf 83' lang='lat' dir='ltr'><strong>minutissima</strong></span> 
     </span>
    </p>
   </div>
   <div class='ocr_carea' id='block_1_65' title="bbox 1833 2118 3410 2191">
    <p class='ocr_par' dir='ltr' id='par_1_65' title="bbox 1833 2118 3410 2191">
     <span class='ocr_line' id='line_1_65' title="bbox 1833 2118 3410 2191; baseline 0.004 -20"><span class='ocrx_word' id='word_1_485' title='bbox 1833 2125 1997 2187; x_wconf 88' lang='lat' dir='ltr'><strong>atque</strong></span> <span class='ocrx_word' id='word_1_486' title='bbox 2014 2118 2426 2187; x_wconf 85' lang='lat' dir='ltr'><strong>diligentissima</strong></span> <span class='ocrx_word' id='word_1_487' title='bbox 2447 2118 2586 2174; x_wconf 88' lang='lat' dir='ltr'><strong>facta</strong></span> <span class='ocrx_word' id='word_1_488' title='bbox 2602 2127 2745 2173; x_wconf 87' lang='lat' dir='ltr'><strong>esset</strong></span> <span class='ocrx_word' id='word_1_489' title='bbox 2761 2121 3067 2176; x_wconf 83' lang='lat' dir='ltr'><strong>numeratio</strong></span> <span class='ocrx_word' id='word_1_490' title='bbox 3086 2122 3410 2191; x_wconf 85' lang='lat' dir='ltr'><strong>spoliorum,</strong></span> 
     </span>
    </p>
   </div>
   <div class='ocr_carea' id='block_1_66' title="bbox 1832 2209 3415 2281">
    <p class='ocr_par' dir='ltr' id='par_1_66' title="bbox 1832 2209 3415 2281">
     <span class='ocr_line' id='line_1_66' title="bbox 1832 2209 3415 2281; baseline 0.005 -19"><span class='ocrx_word' id='word_1_491' title='bbox 1832 2225 1896 2263; x_wconf 91' lang='lat' dir='ltr'><strong>ac</strong></span> <span class='ocrx_word' id='word_1_492' title='bbox 1924 2209 2101 2263; x_wconf 90' lang='lat' dir='ltr'><strong>media</strong></span> <span class='ocrx_word' id='word_1_493' title='bbox 2133 2225 2199 2264; x_wconf 79' lang='lat' dir='ltr'><strong>ex</strong></span> <span class='ocrx_word' id='word_1_494' title='bbox 2236 2218 2390 2279; x_wconf 90' lang='lat' dir='ltr'><strong>parte</strong></span> <span class='ocrx_word' id='word_1_495' title='bbox 2420 2210 2773 2277; x_wconf 85' lang='lat' dir='ltr'><strong>distributio;</strong></span> <span class='ocrx_word' id='word_1_496' title='bbox 2809 2226 3043 2281; x_wconf 88' lang='lat' dir='ltr'><strong>cumque</strong></span> <span class='ocrx_word' id='word_1_497' title='bbox 3078 2224 3261 2270; x_wconf 88' lang='lat' dir='ltr'><strong>essent</strong></span> <span class='ocrx_word' id='word_1_498' title='bbox 3290 2216 3415 2270; x_wconf 85' lang='lat' dir='ltr'><strong>red-</strong></span> 
     </span>
    </p>
   </div>
   <div class='ocr_carea' id='block_1_67' title="bbox 1832 2301 3411 2372">
    <p class='ocr_par' dir='ltr' id='par_1_67' title="bbox 1832 2301 3411 2372">
     <span class='ocr_line' id='line_1_67' title="bbox 1832 2301 3411 2372; baseline 0.004 -17"><span class='ocrx_word' id='word_1_499' title='bbox 1832 2301 1961 2355; x_wconf 63' lang='lat' dir='ltr'><strong>dita:</strong></span> <span class='ocrx_word' id='word_1_500' title='bbox 2010 2302 2383 2371; x_wconf 90' lang='lat' dir='ltr'><strong>separationes</strong></span> <span class='ocrx_word' id='word_1_501' title='bbox 2418 2318 2513 2356; x_wconf 88' lang='lat' dir='ltr'><strong>seu</strong></span> <span class='ocrx_word' id='word_1_502' title='bbox 2556 2302 2811 2372; x_wconf 66' lang='lat' dir='ltr'><strong>primitiae</strong></span> <span class='ocrx_word' id='word_1_503' title='bbox 2863 2305 3100 2371; x_wconf 88' lang='lat' dir='ltr'><strong>Domini,</strong></span> <span class='ocrx_word' id='word_1_504' title='bbox 3140 2308 3411 2363; x_wconf 89' lang='lat' dir='ltr'><strong>sacerdoti</strong></span> 
     </span>
    </p>
   </div>
   <div class='ocr_carea' id='block_1_68' title="bbox 1832 2394 3419 2463">
    <p class='ocr_par' dir='ltr' id='par_1_68' title="bbox 1832 2394 3419 2463">
     <span class='ocr_line' id='line_1_68' title="bbox 1832 2394 3419 2463; baseline 0.004 -15"><span class='ocrx_word' id='word_1_505' title='bbox 1832 2394 2108 2457; x_wconf 87' lang='lat' dir='ltr'><strong>Eleazaro,</strong></span> <span class='ocrx_word' id='word_1_506' title='bbox 2148 2394 2391 2463; x_wconf 88' lang='lat' dir='ltr'><strong>inquam,</strong></span> <span class='ocrx_word' id='word_1_507' title='bbox 2429 2404 2486 2449; x_wconf 88' lang='lat' dir='ltr'><strong>et</strong></span> <span class='ocrx_word' id='word_1_508' title='bbox 2520 2394 2753 2461; x_wconf 79' lang='lat' dir='ltr'><strong>Levitis;</strong></span> <span class='ocrx_word' id='word_1_509' title='bbox 2789 2412 2919 2450; x_wconf 92' lang='lat' dir='ltr'><strong>num</strong></span> <span class='ocrx_word' id='word_1_510' title='bbox 2961 2397 3058 2452; x_wconf 89' lang='lat' dir='ltr'><strong>tibi</strong></span> <span class='ocrx_word' id='word_1_511' title='bbox 3092 2409 3175 2453; x_wconf 88' lang='lat' dir='ltr'><strong>est</strong></span> <span class='ocrx_word' id='word_1_512' title='bbox 3196 2401 3419 2457; x_wconf 81' lang='lat' dir='ltr'><strong>animus</strong></span> 
     </span>
    </p>
   </div>
   <div class='ocr_carea' id='block_1_69' title="bbox 1830 2487 3407 2565">
    <p class='ocr_par' dir='ltr' id='par_1_69' title="bbox 1830 2487 3407 2565">
     <span class='ocr_line' id='line_1_69' title="bbox 1830 2487 3407 2565; baseline 0.005 -24"><span class='ocrx_word' id='word_1_513' title='bbox 1830 2487 1968 2541; x_wconf 89' lang='lat' dir='ltr'><strong>adeo</strong></span> <span class='ocrx_word' id='word_1_514' title='bbox 1988 2503 2197 2541; x_wconf 90' lang='lat' dir='ltr'><strong>memor</strong></span> <span class='ocrx_word' id='word_1_515' title='bbox 2218 2496 2279 2541; x_wconf 91' lang='lat' dir='ltr'><strong>ut</strong></span> <span class='ocrx_word' id='word_1_516' title='bbox 2302 2488 2635 2543; x_wconf 90' lang='lat' dir='ltr'><strong>oblivionem</strong></span> <span class='ocrx_word' id='word_1_517' title='bbox 2656 2489 2861 2554; x_wconf 83' lang='lat' dir='ltr'><strong>vincat,</strong></span> <span class='ocrx_word' id='word_1_518' title='bbox 2881 2498 3044 2561; x_wconf 90' lang='lat' dir='ltr'><strong>atque</strong></span> <span class='ocrx_word' id='word_1_519' title='bbox 3076 2491 3144 2546; x_wconf 90' lang='lat' dir='ltr'><strong>ad</strong></span> <span class='ocrx_word' id='word_1_520' title='bbox 3175 2491 3228 2547; x_wconf 92' lang='lat' dir='ltr'><strong>id</strong></span> <span class='ocrx_word' id='word_1_521' title='bbox 3261 2494 3407 2565; x_wconf 88' lang='lat' dir='ltr'><strong>quod</strong></span> 
     </span>
    </p>
   </div>
   <div class='ocr_carea' id='block_1_70' title="bbox 1830 2578 2931 2643">
    <p class='ocr_par' dir='ltr' id='par_1_70' title="bbox 1830 2578 2931 2643">
     <span class='ocr_line' id='line_1_70' title="bbox 1830 2578 2931 2643; baseline 0.005 -11"><span class='ocrx_word' id='word_1_522' title='bbox 1830 2578 1990 2634; x_wconf 85' lang='lat' dir='ltr'><strong>initio</strong></span> <span class='ocrx_word' id='word_1_523' title='bbox 2018 2579 2355 2643; x_wconf 90' lang='lat' dir='ltr'><strong>dicebamus,</strong></span> <span class='ocrx_word' id='word_1_524' title='bbox 2389 2596 2676 2637; x_wconf 84' lang='lat' dir='ltr'><strong>recurrere</strong></span> <span class='ocrx_word' id='word_1_525' title='bbox 2710 2582 2931 2637; x_wconf 87' lang='lat' dir='ltr'><strong>valeat?</strong></span> 
     </span>
    </p>
   </div>
   <div class='ocr_carea' id='block_1_71' title="bbox 1898 2842 2668 2913">
    <p class='ocr_par' dir='ltr' id='par_1_71' title="bbox 1898 2842 2668 2913">
     <span class='ocr_line' id='line_1_71' title="bbox 1898 2842 2668 2913; baseline -0.003 -16"><span class='ocrx_word' id='word_1_526' title='bbox 1898 2842 2095 2897; x_wconf 80' lang='lat' dir='ltr'><strong>PALL.</strong></span> <span class='ocrx_word' id='word_1_527' title='bbox 2129 2843 2355 2913; x_wconf 90' lang='lat' dir='ltr'><strong>Ecquod</strong></span> <span class='ocrx_word' id='word_1_528' title='bbox 2388 2843 2521 2897; x_wconf 91' lang='lat' dir='ltr'><strong>illud</strong></span> <span class='ocrx_word' id='word_1_529' title='bbox 2551 2846 2668 2899; x_wconf 80' lang='lat' dir='ltr'><strong>est?</strong></span> 
     </span>
    </p>
   </div>
   <div class='ocr_carea' id='block_1_72' title="bbox 1895 2934 3405 3009">
    <p class='ocr_par' dir='ltr' id='par_1_72' title="bbox 1895 2934 3405 3009">
     <span class='ocr_line' id='line_1_72' title="bbox 1895 2934 3405 3009; baseline 0.007 -21"><span class='ocrx_word' id='word_1_530' title='bbox 1895 2934 2051 2989; x_wconf 85' lang='lat' dir='ltr'><strong>CYR.</strong></span> <span class='ocrx_word' id='word_1_531' title='bbox 2087 2934 2227 2989; x_wconf 81' lang='lat' dir='ltr'><strong>Num</strong></span> <span class='ocrx_word' id='word_1_532' title='bbox 2263 2936 2408 2990; x_wconf 90' lang='lat' dir='ltr'><strong>enim</strong></span> <span class='ocrx_word' id='word_1_533' title='bbox 2437 2937 2687 2991; x_wconf 90' lang='lat' dir='ltr'><strong>millenos</strong></span> <span class='ocrx_word' id='word_1_534' title='bbox 2712 2953 2742 2991; x_wconf 89' lang='lat' dir='ltr'><strong>a</strong></span> <span class='ocrx_word' id='word_1_535' title='bbox 2786 2937 3015 3009; x_wconf 83' lang='lat' dir='ltr'><strong>singulis</strong></span> <span class='ocrx_word' id='word_1_536' title='bbox 3052 2939 3306 2996; x_wconf 85' lang='lat' dir='ltr'><strong>tribubus</strong></span> <span class='ocrx_word' id='word_1_537' title='bbox 3337 2943 3405 2997; x_wconf 68' lang='lat' dir='ltr'><strong>ad</strong></span> 
     </span>
    </p>
   </div>
   <div class='ocr_carea' id='block_1_73' title="bbox 1828 3028 3404 3101">
    <p class='ocr_par' dir='ltr' id='par_1_73' title="bbox 1828 3028 3404 3101">
     <span class='ocr_line' id='line_1_73' title="bbox 1828 3028 3404 3101; baseline 0.004 -20"><span class='ocrx_word' id='word_1_538' title='bbox 1828 3028 2032 3082; x_wconf 89' lang='lat' dir='ltr'><strong>bellum</strong></span> <span class='ocrx_word' id='word_1_539' title='bbox 2066 3028 2365 3098; x_wconf 86' lang='lat' dir='ltr'><strong>gerendum</strong></span> <span class='ocrx_word' id='word_1_540' title='bbox 2407 3031 2731 3085; x_wconf 89' lang='lat' dir='ltr'><strong>convenisse</strong></span> <span class='ocrx_word' id='word_1_541' title='bbox 2764 3045 2931 3085; x_wconf 68' lang='lat' dir='ltr'><strong>sacra:</strong></span> <span class='ocrx_word' id='word_1_542' title='bbox 2959 3030 3179 3086; x_wconf 74' lang='lat' dir='ltr'><strong>Littera:</strong></span> <span class='ocrx_word' id='word_1_543' title='bbox 3216 3033 3404 3101; x_wconf 89' lang='lat' dir='ltr'><strong>prodi-</strong></span> 
     </span>
    </p>
   </div>
   <div class='ocr_carea' id='block_1_74' title="bbox 1826 3118 2066 3173">
    <p class='ocr_par' dir='ltr' id='par_1_74' title="bbox 1826 3118 2066 3173">
     <span class='ocr_line' id='line_1_74' title="bbox 1826 3118 2066 3173; baseline -0.008 0"><span class='ocrx_word' id='word_1_544' title='bbox 1826 3118 2066 3173; x_wconf 87' lang='lat' dir='ltr'><strong>derunt?</strong></span> 
     </span>
    </p>
   </div>
   <div class='ocr_carea' id='block_1_75' title="bbox 1894 3206 2991 3281">
    <p class='ocr_par' dir='ltr' id='par_1_75' title="bbox 1894 3206 2991 3281">
     <span class='ocr_line' id='line_1_75' title="bbox 1894 3206 2991 3281; baseline 0.009 -23"><span class='ocrx_word' id='word_1_545' title='bbox 1894 3206 2089 3259; x_wconf 85' lang='lat' dir='ltr'><strong>PALL.</strong></span> <span class='ocrx_word' id='word_1_546' title='bbox 2116 3207 2482 3264; x_wconf 85' lang='lat' dir='ltr'><strong>Prodiderunt</strong></span> <span class='ocrx_word' id='word_1_547' title='bbox 2511 3211 2615 3266; x_wconf 66' lang='lat' dir='ltr'><strong>illze</strong></span> <span class='ocrx_word' id='word_1_548' title='bbox 2635 3212 2875 3281; x_wconf 89' lang='lat' dir='ltr'><strong>quidem.</strong></span> <span class='ocrx_word' id='word_1_549' title='bbox 2985 3273 2991 3278; x_wconf 92' lang='lat'><em>_</em></span> 
     </span>
    </p>
   </div>
   <div class='ocr_carea' id='block_1_76' title="bbox 1891 3296 3398 3374">
    <p class='ocr_par' dir='ltr' id='par_1_76' title="bbox 1891 3296 3398 3374">
     <span class='ocr_line' id='line_1_76' title="bbox 1891 3296 3398 3374; baseline 0.009 -22"><span class='ocrx_word' id='word_1_550' title='bbox 1891 3296 2050 3352; x_wconf 83' lang='lat' dir='ltr'><strong>CYR.</strong></span> <span class='ocrx_word' id='word_1_551' title='bbox 2083 3299 2259 3353; x_wconf 86' lang='lat' dir='ltr'><strong>Partis</strong></span> <span class='ocrx_word' id='word_1_552' title='bbox 2279 3300 2409 3355; x_wconf 91' lang='lat' dir='ltr'><strong>item</strong></span> <span class='ocrx_word' id='word_1_553' title='bbox 2431 3303 2595 3357; x_wconf 90' lang='lat' dir='ltr'><strong>unius</strong></span> <span class='ocrx_word' id='word_1_554' title='bbox 2626 3305 2973 3374; x_wconf 89' lang='lat' dir='ltr'><strong>splendorem</strong></span> <span class='ocrx_word' id='word_1_555' title='bbox 3000 3324 3063 3363; x_wconf 88' lang='lat' dir='ltr'><strong>ac</strong></span> <span class='ocrx_word' id='word_1_556' title='bbox 3095 3305 3310 3365; x_wconf 87' lang='lat' dir='ltr'><strong>laudem</strong></span> <span class='ocrx_word' id='word_1_557' title='bbox 3330 3310 3398 3364; x_wconf 88' lang='lat' dir='ltr'><strong>ad</strong></span> 
     </span>
    </p>
   </div>
   <div class='ocr_carea' id='block_1_77' title="bbox 1825 3387 3402 3468">
    <p class='ocr_par' dir='ltr' id='par_1_77' title="bbox 1825 3387 3402 3468">
     <span class='ocr_line' id='line_1_77' title="bbox 1825 3387 3402 3468; baseline 0.011 -29"><span class='ocrx_word' id='word_1_558' title='bbox 1825 3387 2132 3444; x_wconf 87' lang='lat' dir='ltr'><strong>universam</strong></span> <span class='ocrx_word' id='word_1_559' title='bbox 2171 3391 2569 3459; x_wconf 90' lang='lat' dir='ltr'><strong>plenitudinem</strong></span> <span class='ocrx_word' id='word_1_560' title='bbox 2605 3394 2724 3450; x_wconf 89' lang='lat' dir='ltr'><strong>fore</strong></span> <span class='ocrx_word' id='word_1_561' title='bbox 2762 3405 2823 3450; x_wconf 89' lang='lat' dir='ltr'><strong>ut</strong></span> <span class='ocrx_word' id='word_1_562' title='bbox 2860 3400 3179 3468; x_wconf 88' lang='lat' dir='ltr'><strong>pertineret,</strong></span> <span class='ocrx_word' id='word_1_563' title='bbox 3219 3416 3402 3456; x_wconf 89' lang='lat' dir='ltr'><strong>annon</strong></span> 
     </span>
    </p>
   </div>
   <div class='ocr_carea' id='block_1_78' title="bbox 1820 3483 3402 3566">
    <p class='ocr_par' dir='ltr' id='par_1_78' title="bbox 1820 3483 3402 3566">
     <span class='ocr_line' id='line_1_78' title="bbox 1820 3483 3402 3566; baseline 0.014 -35"><span class='ocrx_word' id='word_1_564' title='bbox 1820 3488 2009 3547; x_wconf 86' lang='lat' dir='ltr'><strong>aperte</strong></span> <span class='ocrx_word' id='word_1_565' title='bbox 2041 3496 2104 3535; x_wconf 90' lang='lat' dir='ltr'><strong>ac</strong></span> <span class='ocrx_word' id='word_1_566' title='bbox 2139 3483 2426 3539; x_wconf 84' lang='lat' dir='ltr'><strong>manifeste</strong></span> <span class='ocrx_word' id='word_1_567' title='bbox 2466 3485 2825 3543; x_wconf 87' lang='lat' dir='ltr'><strong>dicebamus?</strong></span> <span class='ocrx_word' id='word_1_568' title='bbox 2877 3491 3036 3563; x_wconf 76' lang='grc'><strong>126</strong></span> <span class='ocrx_word' id='word_1_569' title='bbox 3065 3493 3402 3566; x_wconf 82' lang='lat' dir='ltr'><strong>benignitate</strong></span> 
     </span>
    </p>
   </div>
   <div class='ocr_carea' id='block_1_79' title="bbox 1819 3571 3403 3658">
    <p class='ocr_par' dir='ltr' id='par_1_79' title="bbox 1819 3571 3403 3658">
     <span class='ocr_line' id='line_1_79' title="bbox 1819 3571 3403 3658; baseline 0.013 -33"><span class='ocrx_word' id='word_1_570' title='bbox 1819 3571 1915 3625; x_wconf 87' lang='lat' dir='ltr'><strong>Dei</strong></span> <span class='ocrx_word' id='word_1_571' title='bbox 1936 3582 2099 3642; x_wconf 90' lang='lat' dir='ltr'><strong>atque</strong></span> <span class='ocrx_word' id='word_1_572' title='bbox 2134 3574 2425 3632; x_wconf 84' lang='lat' dir='ltr'><strong>clementia</strong></span> <span class='ocrx_word' id='word_1_573' title='bbox 2464 3577 2569 3633; x_wconf 86' lang='lat' dir='ltr'><strong>hoc</strong></span> <span class='ocrx_word' id='word_1_574' title='bbox 2602 3596 2823 3650; x_wconf 91' lang='lat' dir='ltr'><strong>quoque</strong></span> <span class='ocrx_word' id='word_1_575' title='bbox 2854 3582 2910 3637; x_wconf 89' lang='lat' dir='ltr'><strong>in</strong></span> <span class='ocrx_word' id='word_1_576' title='bbox 2948 3585 3107 3640; x_wconf 89' lang='lat' dir='ltr'><strong>nobis</strong></span> <span class='ocrx_word' id='word_1_577' title='bbox 3126 3589 3403 3658; x_wconf 90' lang='lat' dir='ltr'><strong>sapienter</strong></span> 
     </span>
    </p>
   </div>
   <div class='ocr_carea' id='block_1_80' title="bbox 1819 3662 3404 3753">
    <p class='ocr_par' dir='ltr' id='par_1_80' title="bbox 1819 3662 3404 3753">
     <span class='ocr_line' id='line_1_80' title="bbox 1819 3662 3404 3753; baseline 0.013 -38"><span class='ocrx_word' id='word_1_578' title='bbox 1819 3662 2257 3732; x_wconf 90' lang='lat' dir='ltr'><strong>administrante,</strong></span> <span class='ocrx_word' id='word_1_579' title='bbox 2291 3677 2352 3722; x_wconf 92' lang='lat' dir='ltr'><strong>ut</strong></span> <span class='ocrx_word' id='word_1_580' title='bbox 2373 3678 2633 3740; x_wconf 88' lang='lat' dir='ltr'><strong>tanquam</strong></span> <span class='ocrx_word' id='word_1_581' title='bbox 2674 3673 2839 3728; x_wconf 88' lang='lat' dir='ltr'><strong>unius</strong></span> <span class='ocrx_word' id='word_1_582' title='bbox 2876 3674 3246 3733; x_wconf 90' lang='lat' dir='ltr'><strong>odoratissimi</strong></span> <span class='ocrx_word' id='word_1_583' title='bbox 3281 3682 3404 3753; x_wconf 88' lang='lat' dir='ltr'><strong>thy-</strong></span> 
     </span>
    </p>
   </div>
   <div class='ocr_carea' id='block_1_81' title="bbox 1820 3752 3403 3829">
    <p class='ocr_par' dir='ltr' id='par_1_81' title="bbox 1820 3752 3403 3829">
     <span class='ocr_line' id='line_1_81' title="bbox 1820 3752 3403 3829; baseline 0.013 -24"><span class='ocrx_word' id='word_1_584' title='bbox 1820 3752 2112 3819; x_wconf 90' lang='lat' dir='ltr'><strong>miamatis,</strong></span> <span class='ocrx_word' id='word_1_585' title='bbox 2152 3772 2221 3810; x_wconf 79' lang='lat' dir='ltr'><strong>ex</strong></span> <span class='ocrx_word' id='word_1_586' title='bbox 2255 3757 2425 3813; x_wconf 90' lang='lat' dir='ltr'><strong>variis</strong></span> <span class='ocrx_word' id='word_1_587' title='bbox 2458 3761 2799 3816; x_wconf 89' lang='lat' dir='ltr'><strong>aromatibus</strong></span> <span class='ocrx_word' id='word_1_588' title='bbox 2826 3764 3081 3829; x_wconf 87' lang='lat' dir='ltr'><strong>confecti,</strong></span> <span class='ocrx_word' id='word_1_589' title='bbox 3115 3784 3258 3823; x_wconf 91' lang='lat' dir='ltr'><strong>unus</strong></span> <span class='ocrx_word' id='word_1_590' title='bbox 3286 3752 3403 3824; x_wconf 87' lang='lat' dir='ltr'><strong>om-</strong></span> 
     </span>
    </p>
   </div>
   <div class='ocr_carea' id='block_1_82' title="bbox 1818 3844 3404 3929">
    <p class='ocr_par' dir='ltr' id='par_1_82' title="bbox 1818 3844 3404 3929">
     <span class='ocr_line' id='line_1_82' title="bbox 1818 3844 3404 3929; baseline 0.014 -32"><span class='ocrx_word' id='word_1_591' title='bbox 1818 3844 1969 3899; x_wconf 91' lang='lat' dir='ltr'><strong>nium</strong></span> <span class='ocrx_word' id='word_1_592' title='bbox 1986 3847 2124 3901; x_wconf 88' lang='lat' dir='ltr'><strong>odor</strong></span> <span class='ocrx_word' id='word_1_593' title='bbox 2138 3849 2250 3903; x_wconf 90' lang='lat' dir='ltr'><strong>Deo</strong></span> <span class='ocrx_word' id='word_1_594' title='bbox 2268 3850 2549 3917; x_wconf 71' lang='lat' dir='ltr'><strong>offeratur,</strong></span> <span class='ocrx_word' id='word_1_595' title='bbox 2568 3862 2624 3907; x_wconf 90' lang='lat' dir='ltr'><strong>et</strong></span> <span class='ocrx_word' id='word_1_596' title='bbox 2640 3854 2802 3909; x_wconf 88' lang='lat' dir='ltr'><strong>simul</strong></span> <span class='ocrx_word' id='word_1_597' title='bbox 2822 3871 2945 3910; x_wconf 92' lang='lat' dir='ltr'><strong>cum</strong></span> <span class='ocrx_word' id='word_1_598' title='bbox 2968 3866 3119 3927; x_wconf 87' lang='lat' dir='ltr'><strong>parte</strong></span> <span class='ocrx_word' id='word_1_599' title='bbox 3132 3861 3404 3929; x_wconf 80' lang='lat' dir='ltr'><strong>probatis—</strong></span> 
     </span>
    </p>
   </div>
   <div class='ocr_carea' id='block_1_83' title="bbox 1818 3936 3398 4021">
    <p class='ocr_par' dir='ltr' id='par_1_83' title="bbox 1818 3936 3398 4021">
     <span class='ocr_line' id='line_1_83' title="bbox 1818 3936 3398 4021; baseline 0.014 -30"><span class='ocrx_word' id='word_1_600' title='bbox 1818 3936 1956 3991; x_wconf 88' lang='lat' dir='ltr'><strong>sima</strong></span> <span class='ocrx_word' id='word_1_601' title='bbox 1975 3938 2192 3995; x_wconf 90' lang='lat' dir='ltr'><strong>laudem</strong></span> <span class='ocrx_word' id='word_1_602' title='bbox 2224 3942 2473 4011; x_wconf 88' lang='lat' dir='ltr'><strong>acquirat</strong></span> <span class='ocrx_word' id='word_1_603' title='bbox 2493 3960 2556 3999; x_wconf 91' lang='lat' dir='ltr'><strong>ea</strong></span> <span class='ocrx_word' id='word_1_604' title='bbox 2586 3962 2707 4015; x_wconf 72' lang='lat' dir='ltr'><strong>qua:</strong></span> <span class='ocrx_word' id='word_1_605' title='bbox 2736 3964 2844 4003; x_wconf 93' lang='lat' dir='ltr'><strong>non</strong></span> <span class='ocrx_word' id='word_1_606' title='bbox 2878 3950 3016 4006; x_wconf 91' lang='lat' dir='ltr'><strong>adeo</strong></span> <span class='ocrx_word' id='word_1_607' title='bbox 3041 3954 3270 4021; x_wconf 89' lang='lat' dir='ltr'><strong>probata</strong></span> <span class='ocrx_word' id='word_1_608' title='bbox 3291 3967 3398 4013; x_wconf 88' lang='lat' dir='ltr'><strong>est.</strong></span> 
     </span>
    </p>
   </div>
   <div class='ocr_carea' id='block_1_84' title="bbox 1890 4028 3403 4117">
    <p class='ocr_par' dir='ltr' id='par_1_84' title="bbox 1890 4028 3403 4117">
     <span class='ocr_line' id='line_1_84' title="bbox 1890 4028 3403 4117; baseline 0.015 -36"><span class='ocrx_word' id='word_1_609' title='bbox 1890 4028 2087 4083; x_wconf 81' lang='lat' dir='ltr'><strong>PALL.</strong></span> <span class='ocrx_word' id='word_1_610' title='bbox 2112 4031 2189 4087; x_wconf 86' lang='lat' dir='ltr'><strong>Ita</strong></span> <span class='ocrx_word' id='word_1_611' title='bbox 2211 4041 2313 4087; x_wconf 90' lang='lat' dir='ltr'><strong>est.</strong></span> <span class='ocrx_word' id='word_1_612' title='bbox 2337 4033 2395 4087; x_wconf 88' lang='lat' dir='ltr'><strong>Id</strong></span> <span class='ocrx_word' id='word_1_613' title='bbox 2431 4035 2608 4104; x_wconf 91' lang='lat' dir='ltr'><strong>ipsum</strong></span> <span class='ocrx_word' id='word_1_614' title='bbox 2640 4054 2873 4109; x_wconf 87' lang='lat' dir='ltr'><strong>namque</strong></span> <span class='ocrx_word' id='word_1_615' title='bbox 2892 4051 3079 4099; x_wconf 89' lang='lat' dir='ltr'><strong>nostra</strong></span> <span class='ocrx_word' id='word_1_616' title='bbox 3102 4046 3403 4117; x_wconf 89' lang='lat' dir='ltr'><strong>disputatio</strong></span> 
     </span>
    </p>
   </div>
   <div class='ocr_carea' id='block_1_85' title="bbox 1816 4118 2607 4194">
    <p class='ocr_par' dir='ltr' id='par_1_85' title="bbox 1816 4118 2607 4194">
     <span class='ocr_line' id='line_1_85' title="bbox 1816 4118 2607 4194; baseline 0.009 -22"><span class='ocrx_word' id='word_1_617' title='bbox 1816 4118 2251 4191; x_wconf 83' lang='lat' dir='ltr'><strong>investigandum</strong></span> <span class='ocrx_word' id='word_1_618' title='bbox 2274 4137 2607 4194; x_wconf 89' lang='lat' dir='ltr'><strong>susceperat.</strong></span> 
     </span>
    </p>
   </div>
   <div class='ocr_carea' id='block_1_86' title="bbox 1884 4210 3399 4300">
    <p class='ocr_par' dir='ltr' id='par_1_86' title="bbox 1884 4210 3399 4300">
     <span class='ocr_line' id='line_1_86' title="bbox 1884 4210 3399 4300; baseline 0.014 -35"><span class='ocrx_word' id='word_1_619' title='bbox 1884 4210 2041 4266; x_wconf 76' lang='lat' dir='ltr'><strong>CYR.</strong></span> <span class='ocrx_word' id='word_1_620' title='bbox 2056 4213 2189 4268; x_wconf 82' lang='lat' dir='ltr'><strong>Vide</strong></span> <span class='ocrx_word' id='word_1_621' title='bbox 2210 4214 2375 4284; x_wconf 85' lang='lat' dir='ltr'><strong>igitur</strong></span> <span class='ocrx_word' id='word_1_622' title='bbox 2394 4217 2499 4273; x_wconf 85' lang='lat' dir='ltr'><strong>hoc</strong></span> <span class='ocrx_word' id='word_1_623' title='bbox 2526 4218 2669 4273; x_wconf 89' lang='lat' dir='ltr'><strong>idem</strong></span> <span class='ocrx_word' id='word_1_624' title='bbox 2690 4221 2817 4276; x_wconf 85' lang='lat' dir='ltr'><strong>filiis</strong></span> <span class='ocrx_word' id='word_1_625' title='bbox 2836 4223 3000 4280; x_wconf 87' lang='lat' dir='ltr'><strong>lsrael</strong></span> <span class='ocrx_word' id='word_1_626' title='bbox 3020 4227 3191 4282; x_wconf 91' lang='lat' dir='ltr'><strong>Deum</strong></span> <span class='ocrx_word' id='word_1_627' title='bbox 3212 4240 3399 4300; x_wconf 90' lang='lat' dir='ltr'><strong>aperte</strong></span> 
     </span>
    </p>
   </div>
   <div class='ocr_carea' id='block_1_87' title="bbox 1815 4301 3396 4389">
    <p class='ocr_par' dir='ltr' id='par_1_87' title="bbox 1815 4301 3396 4389">
     <span class='ocr_line' id='line_1_87' title="bbox 1815 4301 3396 4389; baseline 0.016 -37"><span class='ocrx_word' id='word_1_628' title='bbox 1815 4301 2149 4371; x_wconf 71' lang='lat' dir='ltr'><strong>praacipere:</strong></span> <span class='ocrx_word' id='word_1_629' title='bbox 2192 4304 2269 4358; x_wconf 93' lang='lat' dir='ltr'><strong>illi</strong></span> <span class='ocrx_word' id='word_1_630' title='bbox 2295 4322 2529 4377; x_wconf 90' lang='lat' dir='ltr'><strong>namque</strong></span> <span class='ocrx_word' id='word_1_631' title='bbox 2553 4310 2680 4364; x_wconf 91' lang='lat' dir='ltr'><strong>lecti</strong></span> <span class='ocrx_word' id='word_1_632' title='bbox 2701 4313 2903 4369; x_wconf 91' lang='lat' dir='ltr'><strong>milites</strong></span> <span class='ocrx_word' id='word_1_633' title='bbox 2925 4317 3130 4372; x_wconf 86' lang='lat' dir='ltr'><strong>milleni</strong></span> <span class='ocrx_word' id='word_1_634' title='bbox 3154 4336 3253 4389; x_wconf 92' lang='lat' dir='ltr'><strong>per</strong></span> <span class='ocrx_word' id='word_1_635' title='bbox 3280 4322 3396 4377; x_wconf 86' lang='lat' dir='ltr'><strong>sin-</strong></span> 
     </span>
    </p>
   </div>
   <div class='ocr_carea' id='block_1_88' title="bbox 1815 4394 3393 4481">
    <p class='ocr_par' dir='ltr' id='par_1_88' title="bbox 1815 4394 3393 4481">
     <span class='ocr_line' id='line_1_88' title="bbox 1815 4394 3393 4481; baseline 0.016 -35"><span class='ocrx_word' id='word_1_636' title='bbox 1815 4394 1971 4464; x_wconf 90' lang='lat' dir='ltr'><strong>gulas</strong></span> <span class='ocrx_word' id='word_1_637' title='bbox 2024 4396 2203 4450; x_wconf 88' lang='lat' dir='ltr'><strong>tribus</strong></span> <span class='ocrx_word' id='word_1_638' title='bbox 2247 4398 2514 4455; x_wconf 89' lang='lat' dir='ltr'><strong>adversus</strong></span> <span class='ocrx_word' id='word_1_639' title='bbox 2575 4403 2899 4461; x_wconf 86' lang='lat' dir='ltr'><strong>Madianitas</strong></span> <span class='ocrx_word' id='word_1_640' title='bbox 2953 4413 3393 4481; x_wconf 88' lang='lat' dir='ltr'><strong>contendebant;</strong></span> 
     </span>
    </p>
   </div>
   <div class='ocr_carea' id='block_1_89' title="bbox 1815 4490 3396 4565">
    <p class='ocr_par' dir='ltr' id='par_1_89' title="bbox 1815 4490 3396 4565">
     <span class='ocr_line' id='line_1_89' title="bbox 1815 4490 3396 4565; baseline 0.016 -26"><span class='ocrx_word' id='word_1_641' title='bbox 1815 4501 2050 4556; x_wconf 92' lang='lat' dir='ltr'><strong>cumque</strong></span> <span class='ocrx_word' id='word_1_642' title='bbox 2097 4490 2383 4545; x_wconf 90' lang='lat' dir='ltr'><strong>victoriam</strong></span> <span class='ocrx_word' id='word_1_643' title='bbox 2436 4496 2626 4563; x_wconf 89' lang='lat' dir='ltr'><strong>procul</strong></span> <span class='ocrx_word' id='word_1_644' title='bbox 2665 4496 2835 4552; x_wconf 91' lang='lat' dir='ltr'><strong>dubio</strong></span> <span class='ocrx_word' id='word_1_645' title='bbox 2870 4500 3058 4558; x_wconf 90' lang='lat' dir='ltr'><strong>labore</strong></span> <span class='ocrx_word' id='word_1_646' title='bbox 3095 4520 3158 4559; x_wconf 92' lang='lat' dir='ltr'><strong>ac</strong></span> <span class='ocrx_word' id='word_1_647' title='bbox 3196 4509 3396 4565; x_wconf 85' lang='lat' dir='ltr'><strong>sudore</strong></span> 
     </span>
    </p>
   </div>
   <div class='ocr_carea' id='block_1_90' title="bbox 157 4575 1721 4662">
    <p class='ocr_par' dir='ltr' id='par_1_90' title="bbox 157 4586 1714 4662">
     <span class='ocr_line' id='line_1_90' title="bbox 157 4586 1714 4662; baseline -0.001 -20"><span class='ocrx_word' id='word_1_648' title='bbox 157 4605 252 4654; x_wconf 87' lang='grc' dir='ltr'>τες,</span> <span class='ocrx_word' id='word_1_649' title='bbox 294 4592 631 4662; x_wconf 75' lang='grc' dir='ltr'>διενείμαντο</span> <span class='ocrx_word' id='word_1_650' title='bbox 672 4591 741 4643; x_wconf 74' lang='grc' dir='ltr'><strong>τὰ</strong></span> <span class='ocrx_word' id='word_1_651' title='bbox 785 4594 848 4644; x_wconf 83' lang='grc' dir='ltr'>ὲκ</span> <span class='ocrx_word' id='word_1_652' title='bbox 893 4589 987 4643; x_wconf 86' lang='grc' dir='ltr'><strong>τοῦ</strong></span> <span class='ocrx_word' id='word_1_653' title='bbox 1030 4588 1272 4658; x_wconf 90' lang='grc' dir='ltr'>πολέμου</span> <span class='ocrx_word' id='word_1_654' title='bbox 1322 4586 1714 4657; x_wconf 86' lang='grc' dir='ltr'>συνειλεγμένα</span> 
     </span>
    </p>
   </div>
   <div class='ocr_carea' id='block_1_91' title="bbox 1825 4575 3395 4662">
    <p class='ocr_par' dir='ltr' id='par_1_91' title="bbox 1825 4575 3395 4658">
     <span class='ocr_line' id='line_1_91' title="bbox 1825 4575 3395 4658; baseline 0.017 -30"><span class='ocrx_word' id='word_1_655' title='bbox 1825 4575 1999 4645; x_wconf 75' lang='lat' dir='ltr'><strong>adepti</strong></span> <span class='ocrx_word' id='word_1_656' title='bbox 2031 4588 2237 4643; x_wconf 90' lang='lat' dir='ltr'><strong>essent,</strong></span> <span class='ocrx_word' id='word_1_657' title='bbox 2251 4595 2373 4650; x_wconf 78' lang='lat' dir='ltr'><strong>qua:</strong></span> <span class='ocrx_word' id='word_1_658' title='bbox 2389 4597 2457 4635; x_wconf 82' lang='lat' dir='ltr'><strong>ex</strong></span> <span class='ocrx_word' id='word_1_659' title='bbox 2478 4583 2623 4638; x_wconf 90' lang='lat' dir='ltr'><strong>bello</strong></span> <span class='ocrx_word' id='word_1_660' title='bbox 2642 4587 2975 4658; x_wconf 82' lang='lat' dir='ltr'><strong>collegerant</strong></span> <span class='ocrx_word' id='word_1_661' title='bbox 2994 4608 3118 4647; x_wconf 92' lang='lat' dir='ltr'><strong>cum</strong></span> <span class='ocrx_word' id='word_1_662' title='bbox 3138 4597 3395 4654; x_wconf 88' lang='lat' dir='ltr'><strong>universa</strong></span> 
     </span>
    </p>
   </div>
   <div class='ocr_carea' id='block_1_92' title="bbox 158 4678 1709 4753">
    <p class='ocr_par' dir='ltr' id='par_1_92' title="bbox 158 4678 1709 4753">
     <span class='ocr_line' id='line_1_92' title="bbox 158 4678 1709 4753; baseline -0.001 -20"><span class='ocrx_word' id='word_1_663' title='bbox 158 4682 276 4752; x_wconf 80' lang='grc' dir='ltr'>πρὸς</span> <span class='ocrx_word' id='word_1_664' title='bbox 315 4686 494 4738; x_wconf 82' lang='grc' dir='ltr'>πᾶσαν</span> <span class='ocrx_word' id='word_1_665' title='bbox 536 4682 699 4746; x_wconf 78' lang='grc' dir='ltr'>εὐθὺς</span> <span class='ocrx_word' id='word_1_666' title='bbox 745 4684 846 4753; x_wconf 85' lang='grc' dir='ltr'><strong>τὴν</strong></span> <span class='ocrx_word' id='word_1_667' title='bbox 902 4680 1248 4750; x_wconf 80' lang='grc' dir='ltr'>συναγωγὴν,</span> <span class='ocrx_word' id='word_1_668' title='bbox 1299 4680 1392 4732; x_wconf 75' lang='grc' dir='ltr'>καὶ</span> <span class='ocrx_word' id='word_1_669' title='bbox 1435 4682 1549 4742; x_wconf 82' lang='grc' dir='ltr'>τοῖς</span> <span class='ocrx_word' id='word_1_670' title='bbox 1600 4678 1709 4732; x_wconf 86' lang='grc' dir='ltr'><strong>τῶν</strong></span> 
     </span>
    </p>
   </div>
   <div class='ocr_carea' id='block_1_93' title="bbox 159 4770 1706 4846">
    <p class='ocr_par' dir='ltr' id='par_1_93' title="bbox 159 4770 1706 4846">
     <span class='ocr_line' id='line_1_93' title="bbox 159 4770 1706 4846; baseline -0.002 -20"><span class='ocrx_word' id='word_1_671' title='bbox 159 4774 536 4846; x_wconf 75' lang='grc' dir='ltr'>ἀνδριζομένων</span> <span class='ocrx_word' id='word_1_672' title='bbox 588 4772 1007 4843; x_wconf 85' lang='grc' dir='ltr'>κατορθώμασιν</span> <span class='ocrx_word' id='word_1_673' title='bbox 1037 4775 1071 4845; x_wconf 81' lang='grc' dir='ltr'>ἡ</span> <span class='ocrx_word' id='word_1_674' title='bbox 1101 4772 1263 4841; x_wconf 76' lang='grc' dir='ltr'>ἑτέρα</span> <span class='ocrx_word' id='word_1_675' title='bbox 1308 4770 1520 4841; x_wconf 82' lang='grc' dir='ltr'>πληθὺς</span> <span class='ocrx_word' id='word_1_676' title='bbox 1574 4788 1706 4824; x_wconf 87' lang='grc' dir='ltr'>κατ-</span> 
     </span>
    </p>
   </div>
   <div class='ocr_carea' id='block_1_94' title="bbox 159 4860 1707 4934">
    <p class='ocr_par' dir='ltr' id='par_1_94' title="bbox 159 4860 1707 4934">
     <span class='ocr_line' id='line_1_94' title="bbox 159 4860 1707 4934; baseline -0.001 -19"><span class='ocrx_word' id='word_1_677' title='bbox 159 4865 475 4932; x_wconf 79' lang='grc' dir='ltr'>εσεμνύνετο·</span> <span class='ocrx_word' id='word_1_678' title='bbox 498 4884 516 4916; x_wconf 78' lang='grc' dir='ltr'>σ</span> <span class='ocrx_word' id='word_1_679' title='bbox 539 4864 771 4916; x_wconf 86' lang='grc' dir='ltr'>Διελεῖτε</span> <span class='ocrx_word' id='word_1_680' title='bbox 791 4863 922 4934; x_wconf 74' lang='grc' dir='ltr'>γὰρ,</span> <span class='ocrx_word' id='word_1_681' title='bbox 954 4882 973 4913; x_wconf 68' lang='grc' dir='ltr'><strong>ι</strong></span> <span class='ocrx_word' id='word_1_682' title='bbox 996 4862 1148 4932; x_wconf 78' lang='grc' dir='ltr'>φησὶ,</span> <span class='ocrx_word' id='word_1_683' title='bbox 1182 4882 1198 4913; x_wconf 78' lang='grc' dir='ltr'><strong>ι</strong></span> <span class='ocrx_word' id='word_1_684' title='bbox 1222 4860 1291 4915; x_wconf 83' lang='grc' dir='ltr'><strong>τά</strong></span> <span class='ocrx_word' id='word_1_685' title='bbox 1307 4860 1499 4927; x_wconf 87' lang='grc' dir='ltr'>σκῦλα,</span> <span class='ocrx_word' id='word_1_686' title='bbox 1528 4862 1593 4915; x_wconf 82' lang='grc' dir='ltr'>σὺ</span> <span class='ocrx_word' id='word_1_687' title='bbox 1611 4862 1707 4915; x_wconf 74' lang='grc' dir='ltr'>καὶ</span> 
     </span>
    </p>
   </div>
   <div class='ocr_carea' id='block_1_95' title="bbox 168 4954 1707 5028">
    <p class='ocr_par' dir='ltr' id='par_1_95' title="bbox 168 4954 1707 5028">
     <span class='ocr_line' id='line_1_95' title="bbox 168 4954 1707 5028; baseline -0.001 -20"><span class='ocrx_word' id='word_1_688' title='bbox 168 4956 406 5028; x_wconf 78' lang='grc' dir='ltr'>Ἐλεάζαρ</span> <span class='ocrx_word' id='word_1_689' title='bbox 429 4961 456 5011; x_wconf 95' lang='lat'><strong>6</strong></span> <span class='ocrx_word' id='word_1_690' title='bbox 488 4958 688 5027; x_wconf 80' lang='grc' dir='ltr'>ἱερεὺς,</span> <span class='ocrx_word' id='word_1_691' title='bbox 724 4957 817 5009; x_wconf 64' lang='grc' dir='ltr'><strong>κα)⁸</strong></span> <span class='ocrx_word' id='word_1_692' title='bbox 845 4958 894 5007; x_wconf 87' lang='grc' dir='ltr'><strong>οί</strong></span> <span class='ocrx_word' id='word_1_693' title='bbox 924 4956 1183 5026; x_wconf 76' lang='grc' dir='ltr'>ἄρχοντες</span> <span class='ocrx_word' id='word_1_694' title='bbox 1204 4955 1311 5007; x_wconf 83' lang='grc' dir='ltr'><strong>τῶν</strong></span> <span class='ocrx_word' id='word_1_695' title='bbox 1336 4954 1577 5025; x_wconf 88' lang='grc' dir='ltr'>πατριῶν</span> <span class='ocrx_word' id='word_1_696' title='bbox 1605 4954 1707 5023; x_wconf 86' lang='grc' dir='ltr'><strong>τῆς</strong></span> 
     </span>
    </p>
   </div>
   <div class='ocr_carea' id='block_1_96' title="bbox 160 5048 1706 5121">
    <p class='ocr_par' dir='ltr' id='par_1_96' title="bbox 160 5048 1706 5121">
     <span class='ocr_line' id='line_1_96' title="bbox 160 5048 1706 5121; baseline -0.001 -19"><span class='ocrx_word' id='word_1_697' title='bbox 160 5053 493 5121; x_wconf 81' lang='grc' dir='ltr'>συναγωγῆς·</span> <span class='ocrx_word' id='word_1_698' title='bbox 552 5051 644 5104; x_wconf 75' lang='grc' dir='ltr'>καὶ</span> <span class='ocrx_word' id='word_1_699' title='bbox 688 5050 909 5103; x_wconf 88' lang='grc' dir='ltr'>διελεῖτε</span> <span class='ocrx_word' id='word_1_700' title='bbox 942 5048 1011 5101; x_wconf 85' lang='grc' dir='ltr'><strong>τά</strong></span> <span class='ocrx_word' id='word_1_701' title='bbox 1062 5049 1235 5101; x_wconf 88' lang='grc' dir='ltr'>σκῦλα</span> <span class='ocrx_word' id='word_1_702' title='bbox 1274 5048 1546 5118; x_wconf 86' lang='grc' dir='ltr'>ἀναμέσον</span> <span class='ocrx_word' id='word_1_703' title='bbox 1598 5048 1706 5101; x_wconf 87' lang='grc' dir='ltr'><strong>τῶν</strong></span> 
     </span>
    </p>
   </div>
   <div class='ocr_carea' id='block_1_97' title="bbox 158 5137 1704 5211">
    <p class='ocr_par' dir='ltr' id='par_1_97' title="bbox 158 5137 1704 5211">
     <span class='ocr_line' id='line_1_97' title="bbox 158 5137 1704 5211; baseline -0.003 -18"><span class='ocrx_word' id='word_1_704' title='bbox 158 5140 476 5211; x_wconf 81' lang='grc' dir='ltr'>πολεμιστῶν</span> <span class='ocrx_word' id='word_1_705' title='bbox 510 5141 618 5195; x_wconf 87' lang='grc' dir='ltr'><strong>τῶν</strong></span> <span class='ocrx_word' id='word_1_706' title='bbox 652 5138 1101 5211; x_wconf 77' lang='grc' dir='ltr'>ἐκπορευομένων</span> <span class='ocrx_word' id='word_1_707' title='bbox 1136 5140 1215 5200; x_wconf 88' lang='grc' dir='ltr'><strong>είς</strong></span> <span class='ocrx_word' id='word_1_708' title='bbox 1248 5137 1349 5208; x_wconf 79' lang='grc' dir='ltr'>τὴν</span> <span class='ocrx_word' id='word_1_709' title='bbox 1376 5138 1704 5208; x_wconf 83' lang='grc' dir='ltr'>παράταξιν,</span> 
     </span>
    </p>
   </div>
   <div class='ocr_carea' id='block_1_98' title="bbox 157 5227 1705 5301">
    <p class='ocr_par' dir='ltr' id='par_1_98' title="bbox 157 5227 1705 5301">
     <span class='ocr_line' id='line_1_98' title="bbox 157 5227 1705 5301; baseline 0 -19"><span class='ocrx_word' id='word_1_710' title='bbox 157 5231 237 5283; x_wconf 69' lang='grc' dir='ltr'><strong>καί</strong></span> <span class='ocrx_word' id='word_1_711' title='bbox 269 5231 368 5284; x_wconf 83' lang='grc' dir='ltr'><strong>ἀνά</strong></span> <span class='ocrx_word' id='word_1_712' title='bbox 399 5232 562 5301; x_wconf 81' lang='grc' dir='ltr'>μέσον</span> <span class='ocrx_word' id='word_1_713' title='bbox 588 5231 686 5300; x_wconf 86' lang='grc' dir='ltr'><strong>τῆς</strong></span> <span class='ocrx_word' id='word_1_714' title='bbox 714 5229 1058 5299; x_wconf 84' lang='grc' dir='ltr'>συναγωγῆς.</span> <span class='ocrx_word' id='word_1_715' title='bbox 1090 5245 1109 5278; x_wconf 76' lang='grc' dir='ltr'><strong>ι</strong></span> <span class='ocrx_word' id='word_1_716' title='bbox 1149 5230 1272 5280; x_wconf 89' lang='grc' dir='ltr'>Ὅτι</span> <span class='ocrx_word' id='word_1_717' title='bbox 1311 5227 1421 5299; x_wconf 84' lang='grc' dir='ltr'><strong>γὰρ</strong></span> <span class='ocrx_word' id='word_1_718' title='bbox 1455 5228 1705 5283; x_wconf 82' lang='grc' dir='ltr'>συνευδο-</span> 
     </span>
    </p>
   </div>
   <div class='ocr_carea' id='block_1_99' title="bbox 157 5317 1704 5390">
    <p class='ocr_par' dir='ltr' id='par_1_99' title="bbox 157 5317 1704 5390">
     <span class='ocr_line' id='line_1_99' title="bbox 157 5317 1704 5390; baseline 0.001 -21"><span class='ocrx_word' id='word_1_719' title='bbox 157 5322 358 5389; x_wconf 83' lang='grc' dir='ltr'>κιμήσει</span> <span class='ocrx_word' id='word_1_720' title='bbox 389 5323 501 5382; x_wconf 84' lang='grc' dir='ltr'>τοῖς</span> <span class='ocrx_word' id='word_1_721' title='bbox 522 5320 658 5387; x_wconf 84' lang='grc' dir='ltr'>ἄγαν</span> <span class='ocrx_word' id='word_1_722' title='bbox 683 5317 1079 5387; x_wconf 79' lang='grc' dir='ltr'>ὲξειλεγμένοις</span> <span class='ocrx_word' id='word_1_723' title='bbox 1102 5318 1193 5369; x_wconf 78' lang='grc' dir='ltr'><strong>καὶ</strong></span> <span class='ocrx_word' id='word_1_724' title='bbox 1221 5318 1704 5390; x_wconf 88' lang='grc' dir='ltr'>περιφανεστέροις</span> 
     </span>
    </p>
   </div>
   <div class='ocr_carea' id='block_1_100' title="bbox 156 5409 1702 5482">
    <p class='ocr_par' dir='ltr' id='par_1_100' title="bbox 156 5409 1702 5482">
     <span class='ocr_line' id='line_1_100' title="bbox 156 5409 1702 5482; baseline 0.002 -21"><span class='ocrx_word' id='word_1_725' title='bbox 156 5410 207 5462; x_wconf 80' lang='grc' dir='ltr'>τὸ</span> <span class='ocrx_word' id='word_1_726' title='bbox 233 5411 391 5482; x_wconf 82' lang='grc' dir='ltr'>βραχύ</span> <span class='ocrx_word' id='word_1_727' title='bbox 419 5430 474 5465; x_wconf 89' lang='grc' dir='ltr'><strong>τι</strong></span> <span class='ocrx_word' id='word_1_728' title='bbox 510 5412 786 5474; x_wconf 84' lang='grc' dir='ltr'>καταδεὲς,</span> <span class='ocrx_word' id='word_1_729' title='bbox 830 5411 925 5463; x_wconf 75' lang='grc' dir='ltr'>καὶ</span> <span class='ocrx_word' id='word_1_730' title='bbox 968 5409 1198 5462; x_wconf 87' lang='grc' dir='ltr'>κατόπιν</span> <span class='ocrx_word' id='word_1_731' title='bbox 1244 5409 1319 5462; x_wconf 82' lang='grc' dir='ltr'><strong>ίδν</strong></span> <span class='ocrx_word' id='word_1_732' title='bbox 1350 5412 1449 5480; x_wconf 84' lang='grc' dir='ltr'><strong>τῆς</strong></span> <span class='ocrx_word' id='word_1_733' title='bbox 1477 5410 1702 5464; x_wconf 77' lang='grc' dir='ltr'>ἐκείνων</span> 
     </span>
    </p>
   </div>
   <div class='ocr_carea' id='block_1_101' title="bbox 162 5501 1705 5573">
    <p class='ocr_par' dir='ltr' id='par_1_101' title="bbox 162 5501 1705 5573">
     <span class='ocr_line' id='line_1_101' title="bbox 162 5501 1705 5573; baseline 0 -18"><span class='ocrx_word' id='word_1_734' title='bbox 162 5504 530 5573; x_wconf 77' lang='grc' dir='ltr'>μεγαλοφυῖας,</span> <span class='ocrx_word' id='word_1_735' title='bbox 563 5502 966 5573; x_wconf 83' lang='grc' dir='ltr'>ὑπεσημαίνετό</span> <span class='ocrx_word' id='word_1_736' title='bbox 1020 5518 1137 5565; x_wconf 86' lang='grc' dir='ltr'><strong>πως</strong></span> <span class='ocrx_word' id='word_1_737' title='bbox 1192 5502 1287 5554; x_wconf 75' lang='grc' dir='ltr'><strong>καὶ</strong></span> <span class='ocrx_word' id='word_1_738' title='bbox 1340 5504 1369 5554; x_wconf 92' lang='lat'><strong>6</strong></span> <span class='ocrx_word' id='word_1_739' title='bbox 1417 5501 1705 5565; x_wconf 87' lang='grc' dir='ltr'>θεσπέσιος</span> 
     </span>
    </p>
   </div>
   <div class='ocr_carea' id='block_1_102' title="bbox 161 5592 1703 5665">
    <p class='ocr_par' dir='ltr' id='par_1_102' title="bbox 161 5592 1703 5665">
     <span class='ocr_line' id='line_1_102' title="bbox 161 5592 1703 5665; baseline 0.001 -20"><span class='ocrx_word' id='word_1_740' title='bbox 161 5593 364 5657; x_wconf 84' lang='grc' dir='ltr'>Παῦλος.</span> <span class='ocrx_word' id='word_1_741' title='bbox 422 5594 969 5665; x_wconf 82' lang='grc' dir='ltr'>Ἀπαριθμησάμενος</span> <span class='ocrx_word' id='word_1_742' title='bbox 1014 5592 1121 5662; x_wconf 81' lang='grc' dir='ltr'><strong>γάρ</strong></span> <span class='ocrx_word' id='word_1_743' title='bbox 1168 5592 1278 5644; x_wconf 86' lang='grc' dir='ltr'><strong>τῶν</strong></span> <span class='ocrx_word' id='word_1_744' title='bbox 1332 5594 1703 5663; x_wconf 82' lang='grc' dir='ltr'>ἀρχαιοτέρων</span> 
     </span>
    </p>
   </div>
   <div class='ocr_carea' id='block_1_103' title="bbox 162 5678 1703 5755">
    <p class='ocr_par' dir='ltr' id='par_1_103' title="bbox 162 5678 1703 5755">
     <span class='ocr_line' id='line_1_103' title="bbox 162 5678 1703 5755; baseline -0.001 -16"><span class='ocrx_word' id='word_1_745' title='bbox 162 5686 311 5753; x_wconf 85' lang='grc' dir='ltr'>ἁγίων</span> <span class='ocrx_word' id='word_1_746' title='bbox 329 5688 453 5749; x_wconf 73' lang='grc' dir='ltr'>τοὺς</span> <span class='ocrx_word' id='word_1_747' title='bbox 469 5687 557 5739; x_wconf 68' lang='grc' dir='ltr'><strong>διὰ</strong></span> <span class='ocrx_word' id='word_1_748' title='bbox 572 5686 805 5750; x_wconf 84' lang='grc' dir='ltr'>πίστεως</span> <span class='ocrx_word' id='word_1_749' title='bbox 822 5684 1253 5755; x_wconf 83' lang='grc' dir='ltr'>εὐδοκιμηκότας</span> <span class='ocrx_word' id='word_1_750' title='bbox 1283 5686 1378 5737; x_wconf 76' lang='grc' dir='ltr'>καὶ</span> <span class='ocrx_word' id='word_1_751' title='bbox 1402 5678 1484 5748; x_wconf 83' lang='grc' dir='ltr'>οἷς</span> <span class='ocrx_word' id='word_1_752' title='bbox 1513 5687 1547 5755; x_wconf 84' lang='grc' dir='ltr'><strong>ή</strong></span> <span class='ocrx_word' id='word_1_753' title='bbox 1577 5684 1703 5750; x_wconf 79' lang='grc' dir='ltr'>δόξα</span> 
     </span>
    </p>
   </div>
   <div class='ocr_carea' id='block_1_104' title="bbox 223 5864 1555 5937">
    <p class='ocr_par' dir='ltr' id='par_1_104' title="bbox 223 5864 1555 5937">
     <span class='ocr_line' id='line_1_104' title="bbox 223 5864 1555 5937; baseline 0.003 -17"><span class='ocrx_word' id='word_1_754' title='bbox 223 5864 241 5896; x_wconf 86' lang='grc'><strong><em>⁸</em></strong></span> <span class='ocrx_word' id='word_1_755' title='bbox 270 5866 429 5921; x_wconf 74' lang='lat' dir='ltr'><strong>Num.</strong></span> <span class='ocrx_word' id='word_1_756' title='bbox 458 5885 578 5923; x_wconf 71' lang='lat' dir='ltr'><strong>xxx:</strong></span> <span class='ocrx_word' id='word_1_757' title='bbox 638 5869 826 5929; x_wconf 68' lang='lat'><strong>24—51.</strong></span> <span class='ocrx_word' id='word_1_758' title='bbox 906 5868 1109 5923; x_wconf 62' lang='lat' dir='ltr'><strong>‘Num.</strong></span> <span class='ocrx_word' id='word_1_759' title='bbox 1157 5883 1301 5936; x_wconf 69' lang='grc' dir='ltr'>χχχι,</span> <span class='ocrx_word' id='word_1_760' title='bbox 1340 5869 1431 5937; x_wconf 78' lang='grc'><strong>26,</strong></span> <span class='ocrx_word' id='word_1_761' title='bbox 1466 5869 1555 5924; x_wconf 74' lang='lat'><strong>27.</strong></span> 
     </span>
    </p>
   </div>
   <div class='ocr_carea' id='block_1_105' title="bbox 1818 4668 3394 4751">
    <p class='ocr_par' dir='ltr' id='par_1_105' title="bbox 1818 4668 3394 4751">
     <span class='ocr_line' id='line_1_105' title="bbox 1818 4668 3394 4751; baseline 0.015 -28"><span class='ocrx_word' id='word_1_762' title='bbox 1818 4668 1999 4723; x_wconf 86' lang='lat' dir='ltr'><strong>statim</strong></span> <span class='ocrx_word' id='word_1_763' title='bbox 2017 4685 2287 4742; x_wconf 81' lang='lat' dir='ltr'><strong>synagoga</strong></span> <span class='ocrx_word' id='word_1_764' title='bbox 2307 4672 2635 4743; x_wconf 88' lang='lat' dir='ltr'><strong>diviserunt,</strong></span> <span class='ocrx_word' id='word_1_765' title='bbox 2656 4687 2820 4750; x_wconf 90' lang='lat' dir='ltr'><strong>atque</strong></span> <span class='ocrx_word' id='word_1_766' title='bbox 2846 4684 3125 4751; x_wconf 69' lang='lat' dir='ltr'><strong>praeclaris</strong></span> <span class='ocrx_word' id='word_1_767' title='bbox 3152 4688 3258 4743; x_wconf 90' lang='lat' dir='ltr'><strong>illis</strong></span> <span class='ocrx_word' id='word_1_768' title='bbox 3279 4689 3394 4745; x_wconf 88' lang='lat' dir='ltr'><strong>for-</strong></span> 
     </span>
    </p>
   </div>
   <div class='ocr_carea' id='block_1_106' title="bbox 1819 4761 3390 4837">
    <p class='ocr_par' dir='ltr' id='par_1_106' title="bbox 1819 4761 3390 4837">
     <span class='ocr_line' id='line_1_106' title="bbox 1819 4761 3390 4837; baseline 0.015 -24"><span class='ocrx_word' id='word_1_769' title='bbox 1819 4761 1956 4815; x_wconf 87' lang='lat' dir='ltr'><strong>tium</strong></span> <span class='ocrx_word' id='word_1_770' title='bbox 1990 4762 2236 4818; x_wconf 85' lang='lat' dir='ltr'><strong>virorum</strong></span> <span class='ocrx_word' id='word_1_771' title='bbox 2256 4763 2412 4821; x_wconf 89' lang='lat' dir='ltr'><strong>factis</strong></span> <span class='ocrx_word' id='word_1_772' title='bbox 2430 4778 2626 4824; x_wconf 65' lang='lat' dir='ltr'><strong>caetera</strong></span> <span class='ocrx_word' id='word_1_773' title='bbox 2649 4772 2944 4829; x_wconf 91' lang='lat' dir='ltr'><strong>multitudo</strong></span> <span class='ocrx_word' id='word_1_774' title='bbox 2964 4776 3249 4834; x_wconf 86' lang='lat' dir='ltr'><strong>honestata</strong></span> <span class='ocrx_word' id='word_1_775' title='bbox 3281 4791 3390 4837; x_wconf 84' lang='lat' dir='ltr'><strong>est:</strong></span> 
     </span>
    </p>
   </div>
   <div class='ocr_carea' id='block_1_107' title="bbox 1824 4852 3391 4935">
    <p class='ocr_par' dir='ltr' id='par_1_107' title="bbox 1824 4852 3391 4935">
     <span class='ocr_line' id='line_1_107' title="bbox 1824 4852 3391 4935; baseline 0.017 -33"><span class='ocrx_word' id='word_1_776' title='bbox 1824 4871 1841 4901; x_wconf 74' lang='grc' dir='ltr'><strong>ι</strong></span> <span class='ocrx_word' id='word_1_777' title='bbox 1877 4852 2144 4909; x_wconf 92' lang='lat' dir='ltr'><strong>Dividetis</strong></span> <span class='ocrx_word' id='word_1_778' title='bbox 2160 4857 2329 4922; x_wconf 91' lang='lat' dir='ltr'><strong>enim,</strong></span> <span class='ocrx_word' id='word_1_779' title='bbox 2351 4878 2367 4909; x_wconf 77' lang='grc' dir='ltr'><strong>ι</strong></span> <span class='ocrx_word' id='word_1_780' title='bbox 2404 4860 2601 4930; x_wconf 90' lang='lat' dir='ltr'><strong>inquit,</strong></span> <span class='ocrx_word' id='word_1_781' title='bbox 2637 4883 2654 4913; x_wconf 77' lang='grc' dir='ltr'><strong>ι</strong></span> <span class='ocrx_word' id='word_1_782' title='bbox 2682 4866 2875 4935; x_wconf 89' lang='lat' dir='ltr'><strong>spolia,</strong></span> <span class='ocrx_word' id='word_1_783' title='bbox 2894 4874 2952 4921; x_wconf 93' lang='lat' dir='ltr'><strong>tu</strong></span> <span class='ocrx_word' id='word_1_784' title='bbox 2974 4879 3027 4924; x_wconf 89' lang='lat' dir='ltr'><strong>et</strong></span> <span class='ocrx_word' id='word_1_785' title='bbox 3049 4871 3276 4927; x_wconf 88' lang='lat' dir='ltr'><strong>Eleazar</strong></span> <span class='ocrx_word' id='word_1_786' title='bbox 3304 4888 3391 4928; x_wconf 84' lang='lat' dir='ltr'><strong>sa-</strong></span> 
     </span>
    </p>
   </div>
   <div class='ocr_carea' id='block_1_108' title="bbox 1814 4944 3395 5029">
    <p class='ocr_par' dir='ltr' id='par_1_108' title="bbox 1814 4944 3395 5029">
     <span class='ocr_line' id='line_1_108' title="bbox 1814 4944 3395 5029; baseline 0.015 -31"><span class='ocrx_word' id='word_1_787' title='bbox 1814 4944 2028 5011; x_wconf 89' lang='lat' dir='ltr'><strong>cerdos,</strong></span> <span class='ocrx_word' id='word_1_788' title='bbox 2044 4956 2101 5001; x_wconf 91' lang='lat' dir='ltr'><strong>et</strong></span> <span class='ocrx_word' id='word_1_789' title='bbox 2115 4949 2394 5019; x_wconf 85' lang='lat' dir='ltr'><strong>principes</strong></span> <span class='ocrx_word' id='word_1_790' title='bbox 2412 4952 2741 5010; x_wconf 80' lang='lat' dir='ltr'><strong>familiarum</strong></span> <span class='ocrx_word' id='word_1_791' title='bbox 2772 4973 3056 5029; x_wconf 67' lang='lat' dir='ltr'><strong>synagoga:</strong></span> <span class='ocrx_word' id='word_1_792' title='bbox 3074 5002 3087 5025; x_wconf 93' lang='lat'><strong>,</strong></span> <span class='ocrx_word' id='word_1_793' title='bbox 3106 4972 3161 5016; x_wconf 91' lang='lat' dir='ltr'><strong>et</strong></span> <span class='ocrx_word' id='word_1_794' title='bbox 3185 4964 3395 5021; x_wconf 84' lang='lat' dir='ltr'><strong>divide-</strong></span> 
     </span>
    </p>
   </div>
   <div class='ocr_carea' id='block_1_109' title="bbox 1814 5039 3392 5121">
    <p class='ocr_par' dir='ltr' id='par_1_109' title="bbox 1814 5039 3392 5121">
     <span class='ocr_line' id='line_1_109' title="bbox 1814 5039 3392 5121; baseline 0.013 -30"><span class='ocrx_word' id='word_1_795' title='bbox 1814 5039 1885 5093; x_wconf 90' lang='lat' dir='ltr'><strong>tis</strong></span> <span class='ocrx_word' id='word_1_796' title='bbox 1914 5040 2087 5108; x_wconf 90' lang='lat' dir='ltr'><strong>spolia</strong></span> <span class='ocrx_word' id='word_1_797' title='bbox 2108 5041 2251 5096; x_wconf 88' lang='lat' dir='ltr'><strong>inter</strong></span> <span class='ocrx_word' id='word_1_798' title='bbox 2274 5043 2567 5101; x_wconf 89' lang='lat' dir='ltr'><strong>bellatores</strong></span> <span class='ocrx_word' id='word_1_799' title='bbox 2586 5063 2837 5117; x_wconf 88' lang='lat' dir='ltr'><strong>egressos</strong></span> <span class='ocrx_word' id='word_1_800' title='bbox 2854 5051 2921 5104; x_wconf 90' lang='lat' dir='ltr'><strong>ad</strong></span> <span class='ocrx_word' id='word_1_801' title='bbox 2940 5068 3195 5121; x_wconf 89' lang='lat' dir='ltr'><strong>pugnam,</strong></span> <span class='ocrx_word' id='word_1_802' title='bbox 3222 5066 3278 5109; x_wconf 88' lang='lat' dir='ltr'><strong>et</strong></span> <span class='ocrx_word' id='word_1_803' title='bbox 3309 5057 3392 5110; x_wconf 90' lang='lat' dir='ltr'><strong>in-</strong></span> 
     </span>
    </p>
   </div>
   <div class='ocr_carea' id='block_1_110' title="bbox 1815 5137 3387 5207">
    <p class='ocr_par' dir='ltr' id='par_1_110' title="bbox 1815 5137 3387 5207">
     <span class='ocr_line' id='line_1_110' title="bbox 1815 5137 3387 5207; baseline 0.012 -23"><span class='ocrx_word' id='word_1_804' title='bbox 1815 5140 1898 5185; x_wconf 89' lang='lat' dir='ltr'><strong>ter</strong></span> <span class='ocrx_word' id='word_1_805' title='bbox 1929 5146 2148 5186; x_wconf 91' lang='lat' dir='ltr'><strong>omnem</strong></span> <span class='ocrx_word' id='word_1_806' title='bbox 2186 5137 2715 5207; x_wconf 70' lang='lat' dir='ltr'><strong>congregationem‘.</strong></span> <span class='ocrx_word' id='word_1_807' title='bbox 2748 5161 2765 5191; x_wconf 72' lang='grc' dir='ltr'><strong>ι</strong></span> <span class='ocrx_word' id='word_1_808' title='bbox 2807 5142 2945 5197; x_wconf 88' lang='lat' dir='ltr'><strong>Fore</strong></span> <span class='ocrx_word' id='word_1_809' title='bbox 2977 5154 3159 5199; x_wconf 89' lang='lat' dir='ltr'><strong>autem</strong></span> <span class='ocrx_word' id='word_1_810' title='bbox 3183 5158 3387 5203; x_wconf 90' lang='lat' dir='ltr'><strong>utcum</strong></span> 
     </span>
    </p>
   </div>
   <div class='ocr_carea' id='block_1_111' title="bbox 1810 5222 3387 5308">
    <p class='ocr_par' dir='ltr' id='par_1_111' title="bbox 1810 5222 3387 5308">
     <span class='ocr_line' id='line_1_111' title="bbox 1810 5222 3387 5308; baseline 0.011 -32"><span class='ocrx_word' id='word_1_811' title='bbox 1810 5222 2124 5279; x_wconf 90' lang='lat' dir='ltr'><strong>lectissimis</strong></span> <span class='ocrx_word' id='word_1_812' title='bbox 2162 5224 2577 5298; x_wconf 89' lang='lat' dir='ltr'><strong>illustribusque</strong></span> <span class='ocrx_word' id='word_1_813' title='bbox 2616 5230 2749 5285; x_wconf 86' lang='lat' dir='ltr'><strong>viris</strong></span> <span class='ocrx_word' id='word_1_814' title='bbox 2787 5232 3005 5286; x_wconf 90' lang='lat' dir='ltr'><strong>laudem</strong></span> <span class='ocrx_word' id='word_1_815' title='bbox 3057 5235 3133 5289; x_wconf 91' lang='lat' dir='ltr'><strong>illi</strong></span> <span class='ocrx_word' id='word_1_816' title='bbox 3165 5252 3387 5308; x_wconf 84' lang='lat' dir='ltr'><strong>quoque</strong></span> 
     </span>
    </p>
   </div>
   <div class='ocr_carea' id='block_1_112' title="bbox 1811 5319 3387 5397">
    <p class='ocr_par' dir='ltr' id='par_1_112' title="bbox 1811 5319 3387 5397">
     <span class='ocr_line' id='line_1_112' title="bbox 1811 5319 3387 5397; baseline 0.012 -28"><span class='ocrx_word' id='word_1_817' title='bbox 1811 5327 2239 5386; x_wconf 85' lang='lat' dir='ltr'><strong>consequantur,</strong></span> <span class='ocrx_word' id='word_1_818' title='bbox 2273 5319 2474 5388; x_wconf 88' lang='lat' dir='ltr'><strong>quibus</strong></span> <span class='ocrx_word' id='word_1_819' title='bbox 2495 5323 2744 5377; x_wconf 83' lang='lat' dir='ltr'><strong>nonnihil</strong></span> <span class='ocrx_word' id='word_1_820' title='bbox 2766 5325 2830 5377; x_wconf 91' lang='lat' dir='ltr'><strong>ad</strong></span> <span class='ocrx_word' id='word_1_821' title='bbox 2852 5326 3112 5382; x_wconf 89' lang='lat' dir='ltr'><strong>virtutem</strong></span> <span class='ocrx_word' id='word_1_822' title='bbox 3133 5329 3305 5397; x_wconf 87' lang='lat' dir='ltr'><strong>deest,</strong></span> <span class='ocrx_word' id='word_1_823' title='bbox 3330 5343 3387 5389; x_wconf 82' lang='lat' dir='ltr'><strong>et</strong></span> 
     </span>
    </p>
   </div>
   <div class='ocr_carea' id='block_1_113' title="bbox 1810 5409 3387 5489">
    <p class='ocr_par' dir='ltr' id='par_1_113' title="bbox 1810 5409 3387 5489">
     <span class='ocr_line' id='line_1_113' title="bbox 1810 5409 3387 5489; baseline 0.011 -27"><span class='ocrx_word' id='word_1_824' title='bbox 1810 5409 2030 5464; x_wconf 90' lang='lat' dir='ltr'><strong>illorum</strong></span> <span class='ocrx_word' id='word_1_825' title='bbox 2065 5412 2232 5466; x_wconf 88' lang='lat' dir='ltr'><strong>animi</strong></span> <span class='ocrx_word' id='word_1_826' title='bbox 2258 5414 2597 5469; x_wconf 91' lang='lat' dir='ltr'><strong>nobilitatem</strong></span> <span class='ocrx_word' id='word_1_827' title='bbox 2618 5432 2646 5469; x_wconf 92' lang='lat' dir='ltr'><strong>a</strong></span> <span class='ocrx_word' id='word_1_828' title='bbox 2672 5424 2822 5488; x_wconf 87' lang='lat' dir='ltr'><strong>tergo</strong></span> <span class='ocrx_word' id='word_1_829' title='bbox 2840 5431 3168 5489; x_wconf 87' lang='lat' dir='ltr'><strong>sequuntur,</strong></span> <span class='ocrx_word' id='word_1_830' title='bbox 3191 5425 3387 5481; x_wconf 89' lang='lat' dir='ltr'><strong>beatus</strong></span> 
     </span>
    </p>
   </div>
   <div class='ocr_carea' id='block_1_114' title="bbox 1810 5504 3383 5574">
    <p class='ocr_par' dir='ltr' id='par_1_114' title="bbox 1810 5504 3383 5574">
     <span class='ocr_line' id='line_1_114' title="bbox 1810 5504 3383 5574; baseline 0.008 -18"><span class='ocrx_word' id='word_1_831' title='bbox 1810 5518 2028 5574; x_wconf 89' lang='lat' dir='ltr'><strong>quoque</strong></span> <span class='ocrx_word' id='word_1_832' title='bbox 2061 5505 2261 5559; x_wconf 87' lang='lat' dir='ltr'><strong>Paulus</strong></span> <span class='ocrx_word' id='word_1_833' title='bbox 2282 5504 2515 5562; x_wconf 87' lang='lat' dir='ltr'><strong>latenter</strong></span> <span class='ocrx_word' id='word_1_834' title='bbox 2533 5508 2813 5564; x_wconf 89' lang='lat' dir='ltr'><strong>indicavit.</strong></span> <span class='ocrx_word' id='word_1_835' title='bbox 2836 5512 2970 5566; x_wconf 87' lang='lat' dir='ltr'><strong>Nam</strong></span> <span class='ocrx_word' id='word_1_836' title='bbox 3000 5530 3123 5569; x_wconf 90' lang='lat' dir='ltr'><strong>cum</strong></span> <span class='ocrx_word' id='word_1_837' title='bbox 3156 5532 3383 5571; x_wconf 86' lang='lat' dir='ltr'><strong>enume-</strong></span> 
     </span>
    </p>
   </div>
   <div class='ocr_carea' id='block_1_115' title="bbox 1810 5596 3387 5674">
    <p class='ocr_par' dir='ltr' id='par_1_115' title="bbox 1810 5596 3387 5674">
     <span class='ocr_line' id='line_1_115' title="bbox 1810 5596 3387 5674; baseline 0.01 -26"><span class='ocrx_word' id='word_1_838' title='bbox 1810 5604 1982 5649; x_wconf 90' lang='lat' dir='ltr'><strong>rasset</strong></span> <span class='ocrx_word' id='word_1_839' title='bbox 1996 5596 2206 5665; x_wconf 88' lang='lat' dir='ltr'><strong>priscos</strong></span> <span class='ocrx_word' id='word_1_840' title='bbox 2222 5597 2345 5651; x_wconf 89' lang='lat' dir='ltr'><strong>illos</strong></span> <span class='ocrx_word' id='word_1_841' title='bbox 2366 5600 2687 5670; x_wconf 81' lang='lat' dir='ltr'><strong>sanctosque</strong></span> <span class='ocrx_word' id='word_1_842' title='bbox 2706 5602 2853 5658; x_wconf 91' lang='lat' dir='ltr'><strong>viros</strong></span> <span class='ocrx_word' id='word_1_843' title='bbox 2877 5606 2969 5674; x_wconf 92' lang='lat' dir='ltr'><strong>qui</strong></span> <span class='ocrx_word' id='word_1_844' title='bbox 2991 5606 3093 5661; x_wconf 86' lang='lat' dir='ltr'><strong>fide</strong></span> <span class='ocrx_word' id='word_1_845' title='bbox 3109 5623 3387 5663; x_wconf 83' lang='lat' dir='ltr'><strong>commen-</strong></span> 
     </span>
    </p>
   </div>
   <div class='ocr_carea' id='block_1_116' title="bbox 1811 5687 3384 5774">
    <p class='ocr_par' dir='ltr' id='par_1_116' title="bbox 1811 5687 3384 5774">
     <span class='ocr_line' id='line_1_116' title="bbox 1811 5687 3384 5774; baseline 0.01 -32"><span class='ocrx_word' id='word_1_846' title='bbox 1811 5687 1921 5743; x_wconf 90' lang='lat' dir='ltr'><strong>dati</strong></span> <span class='ocrx_word' id='word_1_847' title='bbox 1952 5687 2201 5757; x_wconf 88' lang='lat' dir='ltr'><strong>fuissent,</strong></span> <span class='ocrx_word' id='word_1_848' title='bbox 2224 5691 2428 5761; x_wconf 88' lang='lat' dir='ltr'><strong>quique</strong></span> <span class='ocrx_word' id='word_1_849' title='bbox 2449 5696 2727 5771; x_wconf 70' lang='lat' dir='ltr'><strong>przestanti</strong></span> <span class='ocrx_word' id='word_1_850' title='bbox 2765 5696 2818 5751; x_wconf 90' lang='lat' dir='ltr'><strong>in</strong></span> <span class='ocrx_word' id='word_1_851' title='bbox 2847 5698 3016 5754; x_wconf 90' lang='lat' dir='ltr'><strong>Deum</strong></span> <span class='ocrx_word' id='word_1_852' title='bbox 3037 5700 3235 5770; x_wconf 85' lang='lat' dir='ltr'><strong>pietate</strong></span> <span class='ocrx_word' id='word_1_853' title='bbox 3266 5702 3384 5774; x_wconf 61' lang='lat' dir='ltr'><strong>gloo</strong></span> 
     </span>
    </p>
   </div>
  </div>
