4046 6542
638 449 751 516 53:;
1677 452 1733 508 S.
1773 451 2049 510 CYRILLI
2091 449 2564 509 ALEXANDRINI
2606 447 2925 507 ARCHIEP.
3764 464 3843 519 3δό

640 564 791 627 ἠτιπὲ
806 571 1073 627 illustrem
1096 568 1199 625 sibi
1221 566 1689 639 comparavissent
1709 568 1844 623 :cEx
1877 567 2005 633 ﬁde,
2029 569 2229 640 inquit,

2338 567 2667 640 περιφανὴς,
2690 567 2797 621 ἀπό
2824 583 2889 636 γε
2914 566 3014 637 τῆς
3043 566 3124 631 είς
3144 554 3278 619 Θεὸν
3309 565 3558 638 ἀκριϐοῦς
3584 571 3837 643 εὕσεῦείας·

639 666 852 722 mortui
883 671 1015 720 sunt
1049 664 1104 720 hi
1135 677 1346 727 omnes,
1380 671 1439 717 et
1455 676 1567 717 non
1586 671 1921 732 acceperunt
1940 664 2233 733 repromis-

2348 678 2375 712 «ι
2392 659 2552 715 Κατὰ
2575 659 2781 724 πίστιν,
2807 678 2826 710 ι
2852 660 3040 730 φησιν,
3068 679 3095 711 ε
3114 658 3384 714 ἀπέθανον
3407 655 3541 715 οὗτοι
3562 664 3752 731 πάντες,
3777 674 3845 725 καὶ

638 753 830 815 siones
850 799 863 821 ,
888 758 1001 813 Deo
1034 771 1136 827 pro
1157 754 1320 811 nobis
1338 754 1547 824 aliquid
1582 754 1783 810 melius
1799 754 2145 825 providente,
2169 771 2233 810 ne

2339 753 2440 807 οὐκ
2472 752 2801 824 ἐκομίσαντο
2828 752 2929 817 τὰς
2952 752 3307 821 ἐπαγγελίας,
3349 752 3439 806 τοῦ
3462 753 3588 808 Θεοῦ
3610 762 3843 833 περὶὴμῶν

627 853 763 907 sine
783 850 944 905 nobis
964 855 1419 905 consummentur
1437 847 1479 899 ⁵.
1520 865 1537 897 ι
1565 845 1771 901 Scribit
1789 846 1955 903 etiam
1978 847 2045 901 ad
2058 847 2196 901 alios
2221 865 2233 899 :

2340 843 2588 913 κρεῖττόν
2638 861 2691 896 τι
2744 842 3221 916 προὸλεψαμένου,
3282 843 3369 896 ῖνα
3427 844 3498 916 μὴ
3550 849 3697 918 χωρἰς
3727 853 3845 923 ἡμῶν

621 966 669 993 σι
695 946 813 999 iam
850 942 1080 1014 perfecti
1104 941 1263 1005 estis,
1290 940 1411 995 sine
1431 938 1593 994 nobis
1626 940 1926 1009 regnastis,
1950 948 2007 994 et
2025 940 2233 994 utinam

2337 936 2721 990 τελειωθῶσιν.
2760 955 2781 988 ι
2832 936 3169 990 Ἐπιστὲλλει
3211 937 3268 989 δὲ
3307 936 3399 991 καὶ
3428 937 3650 1008 ἑτέροις·
3693 962 3711 998 ι
3740 948 3845 1019 Ἤδη

612 1036 991 1107 ττοεηοεεειίε,
1014 1042 1150 1089 utet
1185 1048 1287 1087 nos
1308 1047 1414 1087 una
1434 1046 1560 1087 cum
1580 1030 1740 1085 vobis
1758 1046 2120 1101 regnaremus
2139 1031 2159 1061 ⁶
2184 1032 2229 1084 ι»

2336 1030 2747 1101 τετελειωμένοι
2776 1029 2901 1083 ἐστέ
2924 1047 2937 1062 υ
2970 1030 3142 1102 χωρὶς
3184 1028 3342 1100 ἡμῶν
3375 1029 3748 1100 ἐϐασιλεύσατε,
3779 1043 3848 1093 καὶ

640 1129 807 1183 Vides
837 1143 934 1183 cos
963 1127 1058 1198 qui
1088 1125 1283 1181 ordine
1314 1134 1440 1179 sunt
1480 1123 1751 1187 inferiori,
1774 1123 2081 1177 simul‘cum
2104 1138 2235 1192 per-

638 1221 798 1277 fectis
830 1218 1195 1291 perﬁciendae
1229 1232 1386 1282 esse;
1426 1232 1550 1270 cum
1589 1214 1809 1270 selectis
1844 1230 2063 1285 quoque
2101 1214 2238 1268 viris

641 1312 1079 1375 benedicuntur,
1107 1308 1201 1379 qui
1231 1324 1342 1363 non
1375 1321 1530 1377 aeque
1558 1304 1773 1359 viribus
1812 1306 2011 1359 valent.
2048 1303 2238 1357 Psallit

640 1420 840 1477 nempe
876 1404 1075 1459 beatus
1093 1402 1292 1457 David:
1325 1420 1343 1451 ί
1373 1400 1651 1455 Benedicti
1678 1414 1776 1453 vos
1807 1414 1836 1451 a
1860 1398 2114 1459 Domino,
2138 1396 2232 1465 qui

641 1498 774 1555 fecit
803 1498 1003 1554 coelum
1039 1502 1096 1549 et
1132 1503 1369 1559 terram;
1414 1491 1694 1547 benedixit
1741 1490 2008 1545 Dominus
2044 1488 2232 1544 domui

2335 1490 2643 1556 εὐσθενεῖς;
2677 1490 2887 1544 Ψάλλει
2920 1491 2977 1545 δέ
3028 1507 3131 1545 που
3179 1489 3278 1545 καὶ
3321 1489 3351 1541 ὁ
3402 1487 3668 1554 θεσπέσιος
3702 1492 3847 1546 Δαδίδ·

642 1600 826 1645 Aaron
852 1587 1175 1656 ;'benedixit
1207 1586 1474 1640 Dominus
1495 1583 1683 1639 domui
1721 1582 1891 1637 Israel
1914 1598 1929 1647 ;
1952 1580 2233 1636 benedixit

2341 1599 2362 1632 ι
2397 1580 2772 1651 Εὐλογημένοι
2788 1582 2947 1650 ὑμεῖς
2971 1579 3048 1651 τῷ
3068 1579 3279 1653 Κυρίῳ,
3307 1577 3386 1648 τῷ
3403 1579 3667 1649 ποιήσαντι
3694 1580 3767 1633 τὸν
3785 1583 3850 1634 οό-

641 1682 909 1738 Dominus
930 1681 997 1735 iis
1029 1679 1121 1749 qui
1150 1681 1341 1734 timent
1363 1676 1674 1747 se,'pusil|is
1693 1691 1819 1731 cum
1840 1676 2227 1747 inajoribus'.»

2338 1668 2500 1741 ρανὸν
2538 1670 2633 1723 καὶ
2672 1672 2772 1741 τὴν
2799 1670 2905 1740 γῆν
2930 1687 2944 1701 ο
2975 1669 3240 1740 εὐλόγησε
3268 1669 3475 1738 Κύριος
3496 1668 3584 1722 τὸν
3605 1666 3730 1723 οἷκον
3761 1673 3849 1727 ’Δα-

594 1838 603 1845 ,
642 1774 818 1829 Simul
851 1774 997 1828 enim
1021 1768 1471 1840 cummaioribus
1500 1766 1908 1822 benedicuntur
1934 1765 2099 1836 iijqui
2133 1781 2233 1835 pu-

2339 1762 2448 1831 ρών
2466 1777 2481 1793 ο
2511 1761 2775 1833 εὐλόγησε
2805 1763 3013 1835 Κύριος
3040 1763 3132 1816 τὸν
3168 1758 3319 1816 οἶκον
3370 1760 3581 1832 Ἰσραήλ
3605 1776 3618 1791 ⁵
3646 1762 3850 1835 εὐλόγησι

640 1866 749 1921 silli
787 1870 1077 1927 vocantur,
1113 1862 1207 1932 qui
1232 1860 1300 1914 de
1341 1859 1458 1929 pari
1505 1857 1827 1913 fortitudine
1864 1856 2087 1928 gloriari
2121 1872 2229 1911 non

2340 1852 2553 1925 Κύριος
2595 1854 2723 1918 τοὺς
2756 1854 3127 1925 φοϐουμένους
3154 1853 3339 1918 αὑτὸν,
3372 1854 3499 1917 τοὺς
3524 1857 3725 1925 μικροὺς
3752 1858 3851 1926 μετά

2338 1120 2546 1189 ὤφελόν
2575 1138 2640 1190 γε
2674 1121 3068 1175 ἐϐασιλεύσατε
3089 1161 3103 1183 ,
3136 1121 3224 1173 ἵνα
3255 1120 3348 1173 καὶ
3380 1121 3535 1191 ἡμεῖς
3559 1124 3671 1193 ὑμῖν
3696 1129 3848 1199 συμϐα-

2340 1213 2698 1285 σιλεύσωμεν.
2741 1232 2763 1266 ι
2802 1214 2969 1285 Ὀρᾷς
3027 1213 3179 1275 ὅπως
3221 1211 3733 1284 συντελειωθήσονται
3769 1224 3850 1284 τοῖς

2337 1307 2394 1359 ἐν
2419 1305 2586 1369 τέλει,
2618 1308 2713 1360 καὶ
2740 1307 2789 1359 oi
2818 1305 2972 1372 τάξιν
2994 1305 3212 1377 ἔχοντες
3236 1305 3339 1377 τὴν
3372 1305 3599 1359 καταδεᾶ
3618 1345 3633 1370 ,
3657 1310 3737 1362 καί
3758 1327 3847 1365 συν-

2348 1396 2697 1466 ευλογοῦνται
2742 1400 2856 1460 τοῖς
2894 1395 3292 1467 ἐξειλεγμένοις
3330 1395 3382 1448 οἱ
3438 1394 3510 1466 μὴ
3558 1396 3666 1449 κατ’
3702 1399 3848 1464 αὐτοὺς

640 1961 911 2027 possunt,
948 1952 1152 2025 quique
1191 1960 1321 2005 sunt
1370 1948 1537 2004 animi
1575 1947 1857 2002 alacritate
1903 1948 1969 2002 ad
2014 1948 2232 2003 labores

2334 1946 2446 1999 τῶν
2490 1946 2765 2017 μεγάλων.
2826 1965 2846 1998 ι
2894 1944 3355 2014 Συνευλογοῦνται
3405 1948 3518 2009 τοῖς
3567 1948 3783 2016 μεγάλοις
3815 1950 3851 2002 oi

640 2042 956 2101 tolerandos
1017 2040 1330 2105 inferiores,
1387 2044 1505 2093 zelo
1561 2051 1696 2091 vero
1752 2044 1809 2091 et
1846 2036 1950 2091 fide
2005 2036 2233 2091 forsitan

639 2133 879 2204 aequales
899 2172 913 2197 ,
932 2138 1100 2201 atque
1130 2129 1453 2184 fortitudine
1490 2143 1591 2198 pro
1616 2142 1730 2182 suae
1768 2126 2045 2183 facultatis
2075 2129 2238 2183 modo

644 2226 802 2295 127
820 2223 1102 2280 Christum
1124 2222 1453 2279 exhilarant.
1470 2223 1543 2274 Ac
1566 2221 1776 2290 Moyses
1797 2232 1851 2275 et
1885 2220 2107 2275 Eleazar
2126 2236 2232 2275 non

622 2316 880 2373 -absurde
902 2318 1130 2389 ﬁguram
1154 2324 1345 2371 tenent
1363 2312 1590 2378 Christi,
1614 2312 1707 2381 qui
1740 2312 1883 2366 idem
1907 2323 1961 2367 et
1980 2314 2237 2369 sacerdos

619 2419 727 2465 est
754 2419 811 2466 et
837 2409 1139 2482 legislator,
1176 2408 1569 2476 distribuitque
1593 2406 1793 2475 populo
1816 2405 2009 2476 spolia,
2032 2406 2237 2461 sanctis

640 2503 851 2574 angelis
868 2501 1031 2556 simul
1049 2499 1356 2555 astantibus
1376 2540 1389 2561 .
1415 2513 1650 2569 quorum
1674 2500 1778 2569 ltgu
1789 2513 1901 2551 ram
1922 2506 2119 2568 gerunt
2156 2498 2232 2552 illi

624 2593 923 2665 principes
950 2590 1284 2645 familiarum
1315 2603 1619 2660 synagoga.
1641 2589 1721 2643 An
1748 2599 1803 2641 tu
1828 2587 2051 2641 mmime
2076 2598 2234 2658 putas

618 2686 844 2741 ~multos
862 2700 984 2739 esse
1004 2683 1057 2738 in
1080 2682 1243 2737 terris
1278 2690 1497 2736 sanctos
1518 2683 1742 2751 angelos
1765 2695 1794 2733 a
1819 2679 1927 2733 Deo
1962 2679 2230 2733 constitu-

620 2787 731 2832 £tios
778 2776 847 2832 ad
884 2790 1043 2846 opem
1081 2773 1362 2829 ferendam
1409 2770 1685 2828 ﬁdelibus.
1726 2784 1788 2824 ac
1824 2771 2055 2841 populos
2090 2786 2231 2839 quo-

617 2868 935 2927 idammodo
959 2866 1362 2924 moderandos?

712 3133 911 3190 PALL.
953 3132 1067 3204 Ego
1087 3146 1221 3187 vero
1251 3131 1469 3186 fateor:
1502 3142 1603 3184 cur
1640 3126 1788 3183 enim
1820 3126 2055 3198 negem?

709 3225 869 3283 ΟΥΕ.
904 3225 1182 3281 Venturus
1207 3239 1239 3278 e
1268 3224 1409 3278 cmlo
1437 3229 1788 3291 exspectatur
1820 3219 2074 3275 Christus
2103 3234 2227 3275 cum

640 3319 847 3376 sanctis
881 3317 1119 3389 angelis;
1154 3326 1213 3372 ct
1253 3315 1471 3371 sedebit
1604 3314 1735 3369 sede
1773 3312 1957 3385 gloria:
2001 3328 2135 3379 suae,
2166 3328 2232 3369 ac
2257 3286 2299 3345 θ

640 3412 940 3468 distribuet
988 3409 1152 3481 digna
1201 3408 1403 3479 cuique
1451 3406 1697 3470 praemia.
1742 3408 2086 3476 honoresque
2134 3420 2232 3475 pro

639 3512 793 3561 recte
846 3503 1120 3559 factorum
1178 3502 1392 3556 ratione
1439 3498 1725 3570 rependet.
1785 3498 2019 3569 Ideoque
2069 3497 2233 3552 Isaias

640 3596 739 3652 ille
762 3595 983 3665 sapiens
1008 3594 1077 3650 de
1105 3593 1328 3655 Christo
1363 3591 1537 3647 dicit:
1580 3609 1596 3643 ι
1645 3591 1936 3659 Propterea
1978 3590 2092 3660 ipse
2129 3590 2229 3645 dou

641 3686 946 3743 minabitur
987 3685 1197 3750 multis,
1240 3694 1295 3739 et
1334 3682 1558 3738 fortium
1613 3680 1819 3736 dividet
1865 3680 2058 3751 spolia,
2099 3694 2229 3750 pro-

640 3788 832 3852 pterea
863 3778 1011 3850 quod
1050 3776 1252 3831 tradita
1294 3784 1380 3831 est
1420 3775 1472 3829 in
1522 3786 1750 3829 mortem
1785 3772 1964 3829 anima
1999 3773 2139 3843 ejus,
2174 3781 2233 3828 et

639 3886 768 3930 cum
812 3869 998 3942 impiis
1043 3875 1328 3938 reputatus
1354 3875 1437 3922 est
1470 3867 1511 3920 ⁸.
1546 3886 1566 3918 ι
1606 3866 1712 3921 Per
1752 3863 2031 3919 Christum
2065 3864 2232 3933 igitur

639 3964 993 4034 pmmiorum
1032 3961 1351 4016 distributio
1386 3964 1494 4025 tiet,
1527 3959 1620 4030 qui
1660 3968 1916 4029 tanquam
1956 3973 2054 4028 per
2084 3957 2231 4029 Moy-

639 4070 740 4112 sen
777 4064 834 4110 et
869 4056 1094 4111 Eleazar
1139 4052 1424 4123 ﬁguratur.
1470 4051 1722 4107 Christus
1759 4051 1909 4107 enim
1952 4050 2229 4121 legislator

639 4155 728 4204 est
756 4147 917 4202 simul
948 4156 1001 4201 et
1039 4144 1303 4215 pontifex.

708 4239 903 4294 PALL.
948 4237 1166 4309 Optime
1198 4237 1425 4291 dictum.

708 4332 865 4388 CVR.
909 4329 975 4386 Si
1011 4338 1197 4385 autem
1231 4328 1704 4383 animadvertatur
1747 4342 1868 4398 qum
1905 4337 2118 4383 servata
2156 4327 2229 4383 sit

638 4426 697 4481 in
730 4423 1117 4481 distribuendo
1165 4422 1324 4487 ratio,
1355 4436 1426 4475 an
1465 4437 1572 4477 non
1608 4422 1969 4477 admiratione
2013 4420 2225 4493 dignis-

622 4516 779 4572 sima
815 4513 1186 4587 iudicabitur?

2340 2035 2664 2107 καλούμενοι
2688 2039 2896 2109 μικροὶ,
2929 2041 2987 2093 ἐν
3017 2038 3177 2111 ῥώμῃ
3202 2038 3300 2109 μὲν
3320 2039 3578 2110 ἐπαυχεῖν
3592 2040 3682 2093 οὐκ
3693 2040 3853 2110 ἔχοντες

2341 2127 2453 2199 ἴσῃ,
2505 2129 2600 2182 καὶ
2643 2131 2766 2193 ταῖς
2810 2131 2891 2193 είς
2942 2128 3004 2182 τὸ
3060 2130 3261 2200 χρῆναι
3294 2129 3590 2199 τληπαθεῖν
3615 2131 3852 2202 ἡττώμενοι

2340 2221 2695 2292 προθυμίαις,
2726 2222 2875 2293 ζήλῳ
2914 2222 2970 2275 δὲ
3005 2223 3148 2292 τάχα
3174 2222 3270 2275 καὶ
3298 2222 3480 2274 πίστει
3511 2224 3853 2293 παρισούμενοι,

2339 2313 2430 2366 καὶ
2453 2316 2573 2377 ταῖς
2591 2314 2736 2368 κατὰ
2754 2314 2984 2384 δύναμιν
3000 2313 3333 2377 εὐσθενείαις
3346 2315 3578 2386 Χριστὸν
3605 2315 3851 2387 εὐφραίνον-

2340 2421 2452 2466 τες.
2489 2406 2601 2459 Καὶ
2623 2406 2797 2470 τύπος
2829 2406 2897 2460 ἂν
2920 2401 3029 2459 εἷεν
3057 2406 3265 2476 Μωσῆς
3297 2423 3355 2459 τε
3388 2406 3486 2459 καὶ
3521 2406 3753 2479 Ἐλεάζαρ
3770 2407 3853 2471 ἐνὸς

2336 2493 2431 2547 τοῦ
2458 2495 2762 2567 ἀρχιερέως
2780 2512 2840 2549 τε
2861 2496 2958 2550 καὶ
2976 2496 3272 2567 νομοθέτου
3302 2496 3565 2569 Χριστοῦ,
3579 2496 3852 2567 διανέμοντος

2336 2586 2415 2657 τῷ
2438 2588 2553 2659 λαῷ
2582 2587 2867 2659 τὰξσκῦλα,
2899 2605 2963 2641 συ
2972 2587 3445 2659 μπαρεστηκότων
3467 2590 3695 2658 ἀγγέλων
3712 2591 3852 2659 ἁγίων.

2335 2674 2412 2733 ὢν
2436 2681 2529 2734 καὶ
2561 2679 2731 2744 τύπος
2762 2675 2872 2733 είεν
2901 2680 2970 2734 ἂν
3005 2681 3055 2733 οί
3087 2680 3349 2752 ἄρχοντες
3395 2679 3503 2733 τῶν
3550 2680 3762 2753 πατριῶν
3785 2682 3854 2751 τῆς

2334 2773 2692 2844 συναγωγῆς.
2724 2774 2796 2827 Ἢ
2841 2772 2944 2827 οὐκ
2970 2769 3112 2827 εἶναι
3147 2773 3255 2845 φὴς
3282 2771 3515 2836 πολλοὺς
3557 2774 3643 2827 ἐπὶ
3676 2774 3761 2846 γῆς
3779 2775 3856 2827 τῶν

2332 2864 2505 2929 ἁγίων
2552 2864 2824 2934 ἀγγέλων,
2870 2864 3025 2935 παρὰ
3067 2864 3204 2917 Θεοῦ
3230 2865 3618 2935 τεταγμένους,
3658 2866 3855 2933 simul

2332 2957 2443 3011 δεῖν
2473 2961 2588 3022 τοῖς
2647 2959 3072 3013 πεπιστευκόσιν
3105 2959 3449 3029 ἐπικουρεῖν,
3479 2957 3570 3011 καὶ
3599 2958 3741 3011 οίονεί
3763 2958 3855 3011 καθ·
3952 2944 3953 2947 η

2332 3049 2585 3120 ηγεῖσθαι
2615 3049 2762 3104 λαῶν
2786 3068 2801 3117 ;

2408 3138 2620 3194 ΠΛΛΛ.
2656 3140 2826 3211 Φημί·
2865 3140 2984 3204 πῶς
3009 3140 3117 3212 γάρ
3141 3139 3235 3205 οὓς

2400 3231 2568 3284 ΚΥΡ.
2615 3231 2806 3298 ’Ἡξειν
2852 3231 2947 3284 ἀπ’
2997 3230 3232 3303 ούρανοῦ
3284 3230 3647 3303 προσδοκᾶται
3680 3230 3857 3301 Χριστὸς

2328 3320 2474 3391 μετὰ
2497 3321 2609 3374 τῶν
2637 3321 2808 3389 ἁγίων
2838 3321 3107 3389 ἀγγέλων,
3135 3320 3231 3375 καὶ
3260 3323 3540 3375 καθιεῖται
3568 3323 3657 3393 μιν
3674 3322 3753 3377 ἐπὶ
3770 3322 3860 3394 M-

2334 3429 2424 3465 νου
2471 3410 2630 3482 δόξης
2680 3410 2868 3478 αὑτοῦ,
2929 3412 3267 3481 διανεμεῖται
3300 3412 3357 3466 δὲ
3416 3413 3628 3483 ἑκάστῳ
3665 3412 3859 3481 statim}:

2334 3505 2619 3577 πρέποντα
2638 3506 2798 3577 γέρα,
2825 3505 2920 3559 καὶ
2952 3504 3233 3573 ἀναλόγως
3261 3508 3377 3568 τοῖς
3415 3504 3774 3577 κατορθώμασι
3792 3504 3861 3565 τὰς

2331 3598 2535 3669 ’.τιμάς⁸
2567 3598 2848 3668 τοιγάρτοι
2910 3599 3006 3652 καὶ
3048 3598 3077 3649 ὁ
3122 3598 3284 3667 σοίρὸς
3334 3598 3474 3670 ἡμῖν
3525 3599 3733 3661 Ἠσαίας
3769 3598 3862 3667 περὶ

2332 3690 2571 3763 Χριστοῦ
2606 3708 2777 3760 φησι·
2814 3710 2833 3743 ι
2861 3692 2962 3746 Διὰ
2986 3691 3147 3746 τοῦτο
3174 3694 3339 3759 αὐτὸς
3375 3693 3652 3768 κυριεύσει
3685 3693 3863 3760 πολλῶν,

2333 3783 2557 3838 καὶτῶν
2587 3783 2821 3855 ἰσχυρῶν
2854 3786 3035 3855 μεριεῖ
3065 3783 3258 3849 σκῦλα,
3283 3785 3404 3839 ἀνθ’
3432 3780 3511 3841 ὧν
3537 3786 3782 3857 παρεδόθη
3804 3786 3863 3848 είς

2333 3874 2562 3930 θάνατον
2591 3878 2624 3947 ἡ
2648 3876 2795 3949 ψυχὴ
2817 3875 3002 3941 αὐτοῦ,
3022 3877 3117 3931 καὶ
3144 3878 3328 3943 ἐντοῖς
3354 3880 3583 3950 ἀνόμοις
3601 3879 3861 3951 ἐλογίσθη.»

2344 3968 2436 4021 Ἑν
2460 3967 2683 4039 Χριστῷ
2703 3967 2995 4039 τοιγαροῦν
3036 3969 3071 4040 ή
3108 3968 3219 4023 τῶν
3243 3969 3474 4039 ἀγαθῶν
3494 3969 3865 4043 διανέμησιςώς

2331 4058 2390 4111 ἐν
2418 4058 2592 4129 Μωσῇ
2625 4074 2688 4111 τε
2737 4056 2834 4111 καὶ
2876 4057 3141 4130 Ἐλεάζαρ
3185 4060 3635 4133 ἐκτυπουμένων.
3674 4058 3864 4131 Nouo“-

2329 4168 2431 4221 της
2469 4151 2577 4221 γὰρ
2615 4152 2674 4205 ἐν
2694 4149 2875 4221 ταυτῷ
2907 4152 3002 4204 καὶ
3030 4152 3321 4223 ἀρχιερεὺς
3346 4155 3381 4208 ὁ
3408 4154 3662 4227 Χριστός.

2403 4245 2619 4298 ΠΔΛΛ.
2660 4245 2898 4316 Ἀριστα
2924 4242 3090 4316 ἔφης.

2394 4334 2563 4387 ΚΥΡ.
2601 4333 2698 4397 Τίς
2729 4334 2787 4388 δὲ
2814 4333 2878 4405 δὴ
2903 4336 2997 4388 κα)⁸
3020 4334 3184 4399 αὐτὸς
3207 4336 3236 4388 ὁ
3269 4336 3364 4391 τοῦ
3390 4338 3759 4410 διανείμασθαι
3776 4336 3870 4407 τρό-

2330 4443 2449 4491 πος,
2486 4421 2573 4497 ἆρ’
2608 4425 2731 4496 οὺχί
2757 4424 3060 4496 θαυμάζειν
3090 4426 3269 4493 άξιον;

696 4607 908 4663 αΡΑΜ..
950 4607 1094 4662 Sane
1119 4607 1342 4677 quidem
1368 4625 1378 4659 :
1405 4623 1560 4677 aequa
1590 4606 1737 4661 enim
1767 4616 1942 4677 parte,
1972 4605 2067 4676 qui
2104 4606 2225 4663 bel-

2396 4604 2605 4659 ΠΑΔΛ.
2641 4603 2792 4657 Πάνυ
2830 4604 2931 4675 μὲν
2964 4599 3076 4661 οὖν.
3120 4606 3210 4659 Ἐν
3240 4607 3330 4678 ἴση
3362 4607 3477 4679 γὰρ
3506 4606 3666 4678 μοίρᾳ
3690 4604 3868 4676 τετίμη-

628 4696 755 4753 lum
778 4705 1090 4769 gesserant,
1120 4706 1178 4752 et
1207 4697 1301 4768 qui
1329 4696 1667 4759 resederant,
1702 4697 1888 4751 donati
1917 4705 2064 4751 sunt.

693 4787 869 4844 ΟΥΕ.
904 4788 1129 4844 Minime
1161 4804 1298 4844 vero
1328 4803 1509 4857 aequa,
1535 4787 1782 4852 minime,
1806 4787 2065 4857 inquam;
2099 4786 2229 4843 licet

633 4880 839 4953 praedae
878 4880 1049 4937 totius
1096 4888 1308 4951 partem
1352 4880 1637 4934 dimidiam
1677 4877 2225 4949 habuerintpugnao

637 4982 809 5039 tores,
848 4972 1077 5028 alteram
1109 4987 1243 5027 vero
1275 4972 1558 5027 dimidiam
1599 4979 1711 5026 tota
1755 4986 2025 5043 synagoga
2055 4987 2069 5022 :
2102 4970 2229 5025 uni.

635 5080 834 5121 versus
876 5079 1114 5135 namque
1160 5078 1427 5119 numerus
1472 5063 1708 5119 filiorum
1745 5064 1912 5118 Israel
1956 5077 2226 5118 summam

638 5162 1023 5213 sescentorum
1081 5158 1315 5213 millium
1376 5156 1684 5222 efﬁciebat,
1750 5156 1953 5212 additis
2003 5155 2073 5209 ad
2122 5155 2228 5210 tria

638 5250 811 5305 millia
863 5250 1180 5321 quingentis
1228 5249 1662 5321 quinquaginta,
1714 5250 1962 5321 seiuncta
2007 5263 2075 5303 ex
2123 5249 2228 5305 hoc

640 5355 872 5395 numero
921 5351 1083 5411 atque
1130 5352 1384 5412 exempta
1431 5356 1643 5396 summa
1690 5341 1858 5397 sacris
1904 5340 2229 5396 ministeriis

2334 4713 2423 4750 ται
2455 4696 2532 4766 τῷ
2566 4695 2791 4767 μαχίμῳ
2819 4697 2880 4750 τὸ
2901 4696 3163 4768 ἠρεμοῦν.

2398 4790 2564 4844 ΚΥΡ.
2597 4790 2711 4844 Οὐκ
2745 4787 2834 4860 ἴση
2865 4789 2964 4859 μὶν
2993 4785 3107 4852 οὖν,
3147 4788 3347 4844 πολλοῦ
3378 4808 3449 4861 γε
3477 4790 3575 4845 καὶ
3604 4790 3698 4853 δεῖ,
3728 4785 3811 4841 κᾶν
3836 4784 3872 4836 εί

2330 4880 2431 4953 τὴν
2487 4880 2581 4934 τοῦ
2635 4879 2835 4943 παντὸς
2870 4880 3125 4950 ⁴ἡμίσειαν
3180 4881 3280 4953 ἔχῃ
3329 4882 3391 4936 τὺ
3439 4883 3697 4954 μάχιμον,
3729 4876 3873 4948 τηνδὶ

2331 4972 2525 5042 ἑτέραν
2545 4971 2799 5042 ἡμίσειαν
2827 4972 2860 5043 ἡ
2894 4973 3042 5025 πᾶσα
3075 4975 3397 5044 συναγωγή·
3431 4973 3654 5045 σύμπας
3683 4972 3769 5043 μὲν
3790 4968 3871 5036 γάρ

2331 5061 2441 5117 τῶν
2477 5060 2537 5126 ἐξ
2594 5061 2812 5132 Ἰσραὴλ
2847 5062 2876 5115 ὁ
2908 5062 3139 5133 ἀριθμὸς
3186 5066 3267 5127 είς
3316 5065 3615 5131 ἑξακοσίας
3667 5061 3872 5135 χιλιάδας

2330 5150 2422 5226 ἦν,
2454 5155 2549 5208 καὶ
2582 5154 2975 5219 πεντακοσίους
3004 5156 3344 5227 πεντήκοντα
3384 5160 3527 5229 πρὸς
3568 5156 3871 5229 τρισχιλίους.

2330 5248 2434 5300 ἀνά
2464 5245 2629 5317 μέρος
2654 5243 2821 5315 οὔσης
2854 5246 2951 5300 καὶ
2980 5245 3329 5320 ἐξῃρημένης
3368 5248 3470 5302 τοῦ
3498 5249 3781 5315 καταλόγου
3801 5244 3875 5312 τῆς

2332 5337 2717 5409 ίερατευούσης
2751 5335 2942 5409 φυλῆς.
2976 5338 3194 5409 Πληθὺς
3220 5340 3277 5394 δὲ
3310 5337 3376 5411 ἦν
3408 5341 3780 5413 purpuram,
3810 5335 3874 5405 χι-

640 5431 835 5486 dicataa
896 5432 1128 5487 tribus:
1182 5447 1453 5488 numerus
1506 5442 1689 5487 autem
1743 5442 1861 5487 erat
1913 5432 2233 5502 aptissimus

2332 5431 2433 5484 λιοι
2478 5430 2617 5485 κατὰ
2662 5429 2857 5501 φυλήν.
2920 5430 3011 5486 Ἐν
3062 5432 3163 5503 ίσῳ
3213 5433 3278 5505 δὴ
3318 5430 3414 5488 οὖν
3454 5430 3876 5506 διαμοιρηθέντων

638 5537 837 5593 pugnae
864 5537 977 5577 non
1006 5524 1179 5593 major
1203 5540 1366 5594 quam
1396 5524 1604 5580 milleni
1638 5540 1737 5595 per
1762 5524 2003 5596 singulas
2031 5524 2225 5579 tribus.

2327 5522 2436 5577 τῶν
2469 5521 2703 5585 σκύλων,
2735 5522 2830 5576 καὶ
2854 5523 2954 5595 τὴν
2979 5522 3074 5577 τοῦ
3119 5526 3318 5590 παντὸς
3348 5526 3613 5597 ἡμίσειαν
3650 5520 3877 5589 ἑκατέρας

641 5613 843 5685 Spoliis
884 5614 1050 5686 igitur
1097 5617 1151 5671 in
1197 5613 1384 5687 aequas
1424 5618 1707 5689 portiones
1730 5616 2067 5681 distributis,
2100 5633 2227 5673 cum

2332 5615 2598 5687 λαχούσης
2634 5614 2896 5685 πληθύος,
2927 5617 2987 5671 ἐν
3022 5616 3206 5688 πολλῷ
3239 5618 3448 5673 πλείονι
3481 5622 3594 5684 τοῖς
3616 5617 3873 5671 ἐλάττοσιν.

639 5706 910 5763 universa:
945 5708 1141 5777 praedae
1185 5710 1410 5767 dimidia
1459 5726 1588 5781 pars
1624 5710 1846 5779 utrique
1887 5709 2227 5765 multitudini

2332 5711 2383 5762 αἱ
2418 5708 2601 5779 τιμαὶ,
2629 5709 2723 5761 καὶ
2756 5707 2878 5779 οὐχὶ
2897 5710 3014 5774 τοῖς
3035 5710 3249 5766 πλείοσι
3279 5710 3370 5767 καὶ
3404 5710 3813 5784 ὑπερκειμένας
3829 5703 3874 5755 ιν

709 5894 729 5925 ⁸
758 5848 926 5949 Hebr.
963 5909 1036 5960 XI,
1076 5894 1165 5950 39.
1244 5895 1305 5949 ‘l
1332 5893 1459 5949 Cor.
1486 5911 1557 5962 tv,
1596 5894 1647 5950 8.
1726 5896 1746 5929 ⁷
1772 5896 1915 5953 Psal.
1956 5911 2101 5963 cxm,
2149 5895 2351 5966 12,13.
2432 5901 2452 5933 ⁸
2492 5900 2595 5955 Isa.
2640 5915 2751 5966 Lm,
2795 5901 2883 5957 η.
