4046 6492
201 343 297 399 337

878 334 985 393 me.
1009 298 1448 391 ADORAITIONE
1485 337 1551 391 IN
1593 336 1865 395 sanum
1903 339 1990 392 ur
2032 336 2397 393 VERITATE.
2438 338 2566 392 LIB.
2607 339 2696 393 1v.

3332 339 3442 392 $58

205 458 428 531 ἀριθμῷ.
459 452 668 509 Οὐκοῦν
701 454 821 524 ἥτις
868 454 999 505 ποτέ
1041 455 1190 507 ἐστιν
1239 456 1272 525 ἡ
1327 456 1491 509 παντὶ
1535 455 1613 526 τῷ
1646 456 1759 526 λαῷ

1886 458 2194 529 :ontigisset,
2229 458 2402 511 multo
2440 456 2593 527 plura
2635 455 2857 525 praemia
2902 455 3191 526 pauciores
3227 456 3437 513 battue-

204 548 517 620 δοθησομένη
564 545 692 610 δόξα
746 545 887 597 κατά
933 547 1176 616 καιροὺς,
1228 546 1322 598 xa‘t
1368 546 1465 615 τῆς
1509 546 1758 617 οὐρανίου

205 636 396 706 δωρεᾶς
422 633 479 685 τὸ
501 632 719 702 μέτρον,
749 631 953 703 ταύτης
979 635 1017 702 ἡ
1034 634 1266 705 ἀκριϐὴς
1293 635 1455 687 οἱονεί
1486 652 1601 697 πως
1630 636 1760 705 ἡμί-

210 743 318 780 σεια
363 727 471 787 τοῖς
511 722 912 793 ὲξειλεγμένοις
958 726 1461 797 ἀπονεμηθήσεται,
1518 728 1615 779 καὶ
1662 727 1764 796 τῆς

209 818 344 882 θείας
372 815 708 885 ἐπισκέψεως
727 816 909 881 ἀξίους
932 817 1091 877 ὄντας
1122 818 1346 881 ἑαυτοὺς
1371 815 1761 884 ἀποφαίνουσι·

209 910 296 978 τῆς
321 908 376 961 δὲ
408 906 601 978 ἐτέρας
626 908 881 978 ἡμισείας
934 907 1011 979 τῷ
1053 908 1215 962 παντὶ
1244 907 1437 979 πλήθει
1470 907 1767 978 δοθησομέ-

210 1017 316 1070 νης,
334 999 506 1052 καίτοι
532 998 944 1052 πλεονεκτοῦντι
960 1000 1210 1053 τοσοῦτον
1226 1001 1283 1052 ὲν
1308 998 1548 1071 ἀριθμῷ·
1580 1019 1599 1051 ι
1631 1001 1769 1054 Πολι

211 1091 284 1143 λοι
298 1090 400 1161 γάρ
425 1092 530 1143 εἰσι
548 1089 760 1160 κλητοὶ,
778 1090 949 1159 ὀλίγοι
969 1091 1026 1145 δὲ
1050 1090 1296 1147 ἐκλεκτοί
1320 1108 1345 1144 ι
1372 1129 1385 1145 .
1414 1130 1429 1144 .
1460 1132 1475 1146 .
1505 1131 1520 1147 .
1556 1132 1572 1146 .
1603 1092 1769 1163 βαθὺς

212 1182 309 1251 γὰρ
334 1182 362 1234 ὁ
389 1182 564 1250 λόγος.

1864 557 2013 611 runt,
2050 563 2215 617 quam
2245 548 2359 611 alii,
2392 548 2485 617 qui
2525 548 2711 615 plures
2737 555 2910 609 erant,
2940 555 2996 601 et
3024 561 3251 600 numero
3279 545 3444 617 longe

1865 639 2195 706 superiores.
2228 636 2397 707 Igitur
2435 652 2775 707 quaecunque
2814 635 2904 690 illa
2942 646 3027 691 est
3061 635 3231 706 gloria
3282 651 3441 693 men-

1866 744 2105 797 suraque
2149 728 2280 782 doni
2319 729 2575 794 cmlestis,
2610 745 2731 798 qua:
2766 743 2866 782 suo
2904 736 3148 797 tempore
3184 727 3447 785 universo
3522 742 3543 798 Ξς

1865 821 2068 889 popqu
2108 820 2352 886 dabitur,
2391 822 2510 891 ejus
2556 836 2680 890 pars
2721 819 2947 874 dimidia
2991 820 3142 874 velut
3193 818 3444 890 diligenti
3522 804 3533 837 ί

1865 912 2078 967 ratione
2124 911 2296 966 divisa
2340 912 2558 967 selectis
2597 911 2728 966 viris
2780 913 2875 981 qui
2921 927 2981 967 se
3018 910 3203 967 divina
3259 911 3449 979 inspe-

1867 1002 2047 1058 ctione
2091 1002 2286 1073 dignos
2331 1003 2723 1073 praestiterunt,
2769 1003 3071 1069 tribuetur;
3112 1002 3299 1057 altera.»
3320 1016 3449 1071 pars

1869 1091 2095 1148 dimidia
2156 1093 2426 1148 universae
2491 1093 2829 1148 multitudini
2897 1093 3146 1159 dabitur,
3198 1091 3452 1164 quamvis

1869 1200 1933 1239 ea
1993 1186 2289 1240 multitudo
2341 1202 2573 1242 numero
2620 1187 2689 1242 sit
2728 1187 2888 1257 longe
2934 1187 3106 1256 major
3156 1204 3169 1239 :
3223 1204 3241 1236 ι
3293 1181 3449 1239 Multi

210 1275 347 1329 enim
401 1274 600 1338 vocati,
647 1276 806 1345 pauci
842 1292 972 1331 vero
1009 1276 1235 1331 electi’.
1276 1294 1295 1327 ι
1349 1276 1431 1331 An
1465 1291 1533 1331 ne
1597 1275 1854 1346 intelligis
1892 1277 2038 1347 quod
2097 1278 2251 1333 dico?
2307 1294 2432 1333 nam
2486 1279 2777 1335 obscurius
2822 1287 2904 1333 est
2945 1277 3248 1347 aliquanto,
3303 1274 3450 1347 quod

214 1367 452 1422 diximus.

278 1462 473 1515 IIAAA.
527 1462 791 1533 Συνίημι.
832 1463 896 1517 Et
951 1463 1058 1533 γάρ
1102 1464 1197 1519 καὶ
1260 1463 1475 1534 μέτοχοι
1530 1464 1629 1534 τῆς
1662 1463 1771 1515 τῶν

213 1554 368 1622 ἁγίων
404 1554 641 1623 ἐσόμεθα
670 1556 846 1625 δόξης,
884 1555 1001 1608 ἀλλ’
1052 1551 1144 1609 οὖν
1197 1556 1256 1609 ὲν
1313 1556 1520 1625 μείοσιν
1565 1555 1598 1625 ἢ
1650 1554 1773 1607 κατ’

215 1645 415 1709 αὐτούς·
463 1647 616 1700 τουτί
660 1648 776 1720 γὰρ
796 1650 929 1719 ἡμῖν
954 1650 983 1703 δ
1016 1647 1173 1716 λόγος
1200 1650 1231 1700 ὸ
1268 1647 1359 1711 σὸς
1388 1647 1488 1701 οὐκ
1516 1646 1774 1718 ἀμυδρῶς

216 1740 597 1796 ὑπαινίττεται.

278 1831 430 1883 ΚΥΡ.
481 1830 683 1901 Ὀρθῶς
704 1831 860 1900 ἔφης.
881 1832 989 1885 Θέα
1014 1833 1069 1886 δὲ
1085 1832 1147 1904 δὴ
1166 1832 1303 1903 πρὸς
1328 1831 1536 1894 τούτοις
1566 1832 1648 1883 ἒτε
1660 1849 1768 1903 ρον,

211 1924 275 1978 δι’
297 1917 352 1977 οὗ
382 1923 619 1992 μάλιστα
653 1925 762 1976 τῶν
784 1925 1181 1995 ἀνδριζομένων
1214 1925 1312 1997 τὴν
1358 1928 1436 1989 εἰς
1466 1925 1597 1977 Θεὸν
1632 1926 1776 1996 παῤ-

217 2014 398 2084 ρησίαν
431 2012 658 2067 εὔκολον
696 2016 842 2070 ἰδεῖν.

276 2106 476 2159 ΠΑΛΛ.
518 2107 593 2159 Τὸ
623 2108 674 2160 τί
708 2106 761 2159 δὲ
796 2109 937 2177 φήςς

281 2197 438 2251 ΚΥΡ.
473 2196 589 2261 Τάς
614 2199 710 2267 μὲν
739 2200 850 2270 γὰρ
873 2200 1194 2253 δυοκαίδεκα
1221 2200 1464 2271 χιλιάδας
1492 2199 1599 2254 τῶν
1630 2199 1781 2254 πολε-

219 2289 435 2359 μιστῶν,
466 2291 580 2344 ἀπὸ
610 2292 706 2361 τῆς
743 2292 836 2345 τοῦ
884 2292 1084 2366 παντὸς
1122 2293 1375 2364 ἡμισείας
1407 2292 1508 2363 τῆς
1541 2294 1779 2363 ἐκνεμη-

219 2380 390 2450 θείσης
418 2382 605 2443 αὐτοῖς
632 2382 1025 2452 προσκομίζειν
1056 2384 1391 2454 προστέταχε
1433 2382 1512 2454 τῷ
1536 2383 1785 2453 ἀρχιερεῖ

223 2474 339 2543 μίαν
391 2474 636 2546 κεφαλὴν
671 2476 778 2533 ἀπὸ
814 2477 1204 2538 πεντακοσίων,
1248 2475 1305 2529 ἐν
1332 2493 1393 2529 τε
1432 2478 1544 2539 τοῖς
1574 2474 1783 2546 ἀνθρώ-

221 2584 330 2629 ποις
361 2566 451 2619 καὶ
500 2569 561 2619 ὲν
593 2570 702 2631 τοῖς
760 2568 1018 2636 κτήνεσι·
1062 2568 1157 2621 καὶ
1206 2565 1365 2619 τοῦτο
1392 2562 1459 2637 ἦν
1491 2566 1672 2629 αὐτοῖς
1706 2564 1784 2635 τῷ

223 2659 396 2728 Κυρίῳ
431 2658 695 2721 τὸτέλος.
743 2658 959 2730 Πληθύν
1003 2675 1063 2728 γε
1110 2659 1216 2731 μὴν
1246 2659 1344 2728 τὴν
1382 2657 1596 2729 ἑτέραν,
1657 2657 1785 2726 μίαν

218 2750 382 2821 ψυχὴν
423 2750 535 2803 ἀπὺ
585 2752 944 2821 πεντήκοντα,
994 2753 1059 2821 τῇ
1098 2751 1220 2820 ἱερᾷ
1262 2749 1402 2820 φυλῇ
1451 2746 1783 2802 καταθέσθαι

218 2841 318 2896 δεῖν
349 2843 634 2897 ἐδικαίωσε
669 2843 890 2912 Κύριος.
936 2840 1362 2904 Ἀνατυποῦντος
1387 2840 1442 2893 δὲ
1466 2839 1629 2893 πάλιν
1650 2840 1785 2908 ἡμῖν

221 2933 305 2986 τοῦ
338 2935 604 3005 Ἐλεάζαρ
623 2937 705 3003 ἐφ’
733 2933 930 3005 ἑαυτῷ,
952 2934 1041 2987 τὸν
1066 2933 1161 2986 ἕνα
1179 2950 1238 2985 τε
1266 2935 1363 2987 καὶ
1390 2932 1548 3003 μόνον
1571 2930 1785 2994 άληθῶς

221 3027 490 3097 ἀρχιερέα,
537 3027 791 3080 τουτέστι
820 3027 1077 3097 Χριστὸν,
1110 3024 1404 3093 ἐξαιρέτως
1445 3025 1540 3075 καὶ
1569 3020 1786 3091 άληθῶς

224 3119 307 3170 καὶ
336 3120 496 3172 οἱονεί
525 3136 644 3183 πως
667 3118 815 3189 αὺτῷ
841 3118 981 3172 κατὰ
1011 3118 1303 3188 πρόσωπον
1336 3115 1536 3181 ίδικῶς,
1566 3112 1787 3167 ἀνακεί-

225 3226 361 3262 σεται
380 3208 951 3280 τῶνὲξειλεγμένωνή
972 3208 1301 3280 δωροφορίιν
1322 3206 1471 3277 αὑτῷ
1485 3206 1594 3275 γὰρ
1616 3220 1786 3276 προσ-

223 3301 423 3370 άγουσι,
448 3301 884 3373 μεσολαᾶοῦντος
924 3302 1169 3363 οὐδενός·
1218 3300 1246 3351 ὃ
1293 3299 1357 3369 δὴ
1390 3299 1485 3350 καὶ
1526 3297 1694 3366 ἔδρων
1739 3297 1787 3348 οἱ

226 3391 470 3460 μακάριοι
519 3390 783 3461 μαθηταὶ,
828 3389 996 3460 δρῶσι
1044 3389 1098 3447 δὲ
1139 3388 1233 3440 ἔτι
1275 3387 1369 3441 καὶ
1413 3386 1508 3439 νῦν
1553 3387 1603 3437 οἱ
1644 3383 1788 3437 λαῶν

225 3484 521 3555 ἡγούμενοι,
562 3486 690 3549 τοὺς
723 3485 815 3537 ἐπὶ
852 3485 928 3553 τῷ
962 3484 1087 3549 Θείῳ
1116 3480 1432 3552 κηρύγματι
1468 3480 1662 3542 πόνους
1695 3480 1791 3532 ἰδι-

226 3576 308 3629 κὸν
335 3577 595 3648 ἀνάθημα
630 3576 941 3647 ποιούμενοι
967 3575 1043 3645 τῷ
1073 3572 1296 3644 Χριστῷ
1313 3589 1327 3602 ο
1354 3574 1387 3641 ἠ
1417 3571 1472 3623 δὲ
1501 3570 1663 3640 ἑτέρα
1683 3569 1790 3622 τῶν

224 3668 646 3738 εὐδοκιμούντων
679 3669 886 3740 πληθὺς
917 3670 1152 3720 ποιεῖται
1194 3664 1293 3734 μὲν
1327 3663 1426 3726 τὰς
1451 3660 1790 3737 δωροφορίας

225 3761 294 3820 είς
309 3759 459 3823 δόξαν
486 3757 756 3829 Χριστοῦ,
783 3756 921 3827 πλὴν
953 3756 1043 3809 διὰ
1071 3754 1255 3824 μέσον,
1294 3750 1561 3821 κειμένων
1595 3750 1787 3816 ἁγίων,

226 3850 292 3913 ὡς
303 3850 353 3903 ἐν
369 3854 521 3921 γεντῇ
545 3851 669 3921 ἱερᾷ
688 3850 827 3919 φυλῇ
848 3847 1172 3915 νοουμένων·
1198 3846 1411 3914 εἴρηται
1442 3843 1547 3912 γάρ
1565 3860 1576 3872 ·
1593 3861 1609 3892 ι
1631 3842 1791 3904 Γένος

226 3940 505 4004 ἐκλεκτὸν,
534 3940 802 4009 βασίλειον
842 3939 1160 4010 ἱεράτευμα.
1202 3954 1220 3987 ι
1256 3933 1464 3988 Οὐκοῦν
1497 3932 1583 3985 διὰ
1613 3932 1790 4002 μέσων

227 4030 381 4100 ἁγίων
408 4036 438 4102 ἡ
465 4035 550 4096 εἰς
576 4031 707 4087 Θεὸν
751 4030 917 4091 αἰδὼς
945 4030 1039 4083 καὶ
1067 4028 1126 4081 τὸ
1154 4028 1315 4089 σέϐας
1349 4025 1550 4089 αὐτῶν,
1583 4040 1789 4093 καρπο⁴

228 4124 523 4192 φορούντων
562 4124 683 4194 μὲν,
720 4124 780 4176 οὐ
828 4122 933 4193 μὴν
968 4122 1277 4191 ἀνήκουσαν
1309 4117 1493 4181 ίδικῶς
1530 4117 1608 4187 τῷ
1625 4133 1785 4189 προσι

229 4213 349 4284 ώπῳ
374 4214 616 4285 Χριστοῦ
668 4214 1009 4281 ποιουμένων
1049 4212 1147 4279 τὴν
1178 4208 1540 4280 δωροφορίαν.
1582 4207 1791 4261 ὐποῖάν

229 4324 274 4359 τι
300 4306 596 4378 κατορθοῦν
633 4306 967 4368 ἐσπούδαζον
997 4306 1046 4358 οἰ
1089 4306 1187 4367 τάς
1217 4302 1559 4372 καλουμένας
1606 4301 1793 4368 λογίας

231 4398 613 4467 συμφέροντες,
651 4397 745 4449 καὶ
768 4394 1044 4458 διακονίας
1075 4395 1384 4464 πέμποντες
1412 4394 1523 4455 τοῖς
1544 4393 1717 4460 ἁγίοις
1736 4393 1793 4444 ὲν

239 4487 605 4559 Ἰερουσαλὴμ,
631 4488 663 4559 ἦ
696 4488 791 4541 καὶ
820 4488 888 4541 δι’
928 4486 1245 4555 ἡστινοσοῦν
1275 4485 1465 4555 ἐτέρας
1499 4483 1792 4553 Θεραπείας

230 4581 594 4653 ἀνακτώμενοι
637 4583 774 4643 τοὺς,
815 4579 1206 4649 ἀνακειμένους
1265 4578 1403 4648 Θεῷ.
1466 4577 1654 4630 ’Ῑδικὸν
1699 4571 1791 4629 οῦν

1944 1461 2140 1517 PALL.
2202 1461 2470 1533 Intelligo.
2527 1461 2661 1516 Nam
2731 1461 2833 1514 etsi
2888 1467 3205 1513 sanctorum
3269 1458 3456 1529 gloria

1882 1553 2043 1622 128
2072 1570 2263 1607 sumus
2316 1553 2486 1608 futuri
2531 1552 2849 1623 participes,
2902 1559 3141 1605 attamen
3194 1550 3455 1620 pauciora

1872 1661 2035 1715 quam
2059 1646 2135 1700 illi
2158 1662 2559 1717 consequemur
2588 1664 2599 1699 :
2626 1646 2679 1701 id
2703 1646 2851 1700 enim
2878 1643 3040 1699 nobis
3059 1642 3204 1698 baud
3223 1641 3456 1697 obscuro

1879 1747 1970 1792 tua
2002 1738 2243 1793 insinuat
2273 1740 2465 1793 oratio.
2952 1748 2957 1753 '

1950 1830 2108 1884 ΟΥΕ.
2150 1831 2315 1885 Recte
2354 1832 2451 1885 ais.
2493 1831 2599 1886 Sed
2642 1830 2866 1885 adverte
2897 1827 3045 1883 aliud
3083 1836 3366 1897 praeterea,
3400 1823 3458 1876 in

1882 1938 1991 1991 quo
2043 1925 2274 1979 maxime
2326 1923 2570 1978 virorum
2608 1931 2988 1979 strenuoruuv
3014 1922 3070 1976 in
3114 1921 3287 1974 Deum
3318 1915 3459 1971 ﬁdu-

1882 2011 2021 2066 ciam
2063 2011 2250 2066 videre
2287 2013 2445 2068 facile
2486 2013 2681 2084 possis.

1953 2103 2149 2158 PALL.
2192 2105 2333 2171 Quid
2377 2105 2509 2160 illud
2546 2107 2663 2160 est?

1951 2196 2107 2253 CYR.
2150 2198 2263 2252 Illis
2308 2214 2545 2267 namque
2591 2198 2881 2255 duodecim
2929 2207 3295 2269 pugnatorum
3336 2197 3460 2251 mil-

1882 2288 2027 2343 libus
2077 2304 2145 2342 ex
2201 2288 2294 2342 illa
2342 2289 2512 2343 totius
2564 2289 2757 2360 praedae
2824 2289 3050 2345 dimidia
3120 2298 3272 2360 parte
3342 2298 3465 2356 quas

1885 2380 2018 2451 ipsis
2062 2380 2268 2434 tributa
2320 2381 2517 2444 fuerat,
2564 2380 2776 2453 singula
2829 2398 2859 2435 e
2915 2381 3229 2451 quingentis
3285 2378 3463 2449 capita

1886 2483 1994 2529 tam
2038 2489 2105 2528 ex
2152 2472 2469 2529 hominibus
2514 2490 2675 2543 quam
2713 2490 2780 2529 ex
2822 2473 3114 2545 pecoribus
3157 2471 3354 2526 afferre
3395 2470 3464 2525 ad

1885 2564 2203 2635 pontificem
2224 2564 2417 2635 jussit;
2456 2564 2511 2619 id
2540 2578 2660 2619 erat
2696 2565 2804 2619 illis
2847 2562 3037 2619 tributi
3075 2562 3195 2617 loco
3233 2561 3466 2615 Domino

1887 2654 2248 2709 solvendum:
2304 2655 2398 2709 sed
2462 2655 2869 2710 multitudinem
2930 2655 3157 2709 alteram
3194 2652 3466 2707 animaso

1887 2745 2291 2816 quinquagenis
2350 2746 2594 2817 singulas
2666 2747 2834 2801 tribui
2901 2760 3069 2800 sacrae
3117 2754 3177 2799 ut
3232 2743 3469 2799 solveret

1889 2836 2153 2892 Dominus
2197 2837 2374 2907 jussit.
2432 2837 2569 2894 Cum
2627 2839 2795 2909 igitur
2851 2838 2907 2892 in
2966 2853 3023 2893 se
3069 2837 3186 2907 ipso
3238 2836 3465 2891 Eleazar

1892 2927 2117 2999 figuram
2167 2940 2320 3000 gerat
2373 2930 2521 2985 illius
2573 2930 2667 3000 qui
2726 2944 2867 2982 unus
2911 2937 2995 2982 est
3038 2942 3101 2981 ac
3149 2926 3299 2981 solus
3334 2940 3464 2980 vere

1892 3036 2140 3076 summus
2175 3021 2439 3091 pontifex,
2464 3022 2516 3076 id
2556 3031 2657 3084 est,
2698 3020 3048 3090 Christi,ipsi
3085 3018 3359 3090 praecipue
3405 3033 3470 3073 ac

1892 3131 2041 3182 vere,
2077 3126 2134 3171 et
2167 3116 2570 3187 quodammodo
2623 3116 2867 3186 proxime
2910 3130 2973 3169 ac
3010 3113 3229 3186 proprie
3271 3129 3469 3169 conse-

1892 3215 2043 3263 crata
2066 3215 2195 3263 sunt
2218 3208 2517 3263 electorum
2548 3208 2789 3260 virorum
2818 3205 2959 3260 dona
2991 3224 3002 3259 :
3030 3204 3130 3275 ipsi
3159 3205 3307 3260 enim
3337 3204 3473 3261 οπο-

1816 3324 1857 3379 C
1892 3308 2042 3362 runt,
2067 3315 2174 3353 non
2204 3299 2332 3362 alio,
2357 3299 2453 3369 qui
2478 3297 2727 3367 accipiat,
2754 3296 3103 3367 interposito;
3127 3295 3273 3367 quod
3292 3295 3469 3367 ipsum

1891 3391 2039 3446 beati
2069 3390 2146 3445 illi
2172 3389 2426 3459 discipuli
2452 3388 2733 3454 fecerunt;
2765 3387 2974 3444 faciunt
3000 3388 3167 3443 etiam
3197 3388 3304 3443 hoc
3336 3396 3473 3443 tem-

1890 3495 2024 3552 pore
2054 3479 2381 3550 populorum
2412 3478 2709 3549 principes,
2743 3479 2836 3548 qui
2878 3487 3160 3548 susceptos
3195 3478 3251 3533 in
3285 3478 3473 3535 divina

1892 3570 2278 3641 praedicatione
2326 3569 2545 3625 labores
2593 3569 2743 3624 velut
2783 3568 2987 3623 donum
3027 3568 3301 3639 quoddam
3330 3584 3471 3639 pro-

1892 3664 2072 3732 prium
2104 3662 2326 3718 Christo
2364 3662 2639 3717 dedicant.
2673 3662 2767 3717 Illa
2797 3677 2963 3732 porro
3003 3661 3174 3716 altera
3210 3661 3471 3732 probato-

1893 3773 2015 3810 rum
2060 3757 2347 3811 hominum
2394 3754 2708 3819 multitudo,
2748 3754 2908 3809 offert
2953 3754 3177 3826 quidem
3226 3754 3368 3810 dona
3417 3755 3473 3811 in

1892 3846 2378 3921 Christigloriam,
2412 3862 2520 3902 non
2558 3855 2741 3903 tamen
2777 3847 2882 3902 nisi
2927 3864 3026 3919 per
3070 3857 3295 3904 sanctos
3324 3846 3475 3903 viros

1894 3939 2267 4009 interpositos,
2299 3939 2393 4009 qui
2421 3954 2522 4010 per
2555 3954 2764 3994 sacram
2804 3939 3008 3994 tribum
3043 3938 3423 4010 intelliguntur
3455 3959 3469 3992 :

1893 4033 2101 4088 dictum
2146 4047 2385 4102 namque
2423 4040 2508 4086 est
2540 4050 2552 4085 :
2594 4049 2611 4081 ι
2647 4030 2831 4087 Genus
2872 4032 3128 4097 electum,
3163 4031 3340 4104 regale
3382 4046 3471 4085 sa-

1894 4123 2198 4181 cerdotium
2233 4124 2305 4179 ¹⁰.ν
2341 4143 2358 4174 ι
2412 4121 2584 4191 Igitur
2632 4131 2944 4177 sanctorum
2999 4124 3243 4179 virorum
3297 4123 3470 4179 inter-

1888 4215 2038 4285 jectu
2098 4213 2391 4268 exhibetur
2447 4211 2670 4283 quidem
2730 4212 2799 4265 ab
2859 4211 3218 4266 offerentibus
3271 4210 3364 4266 illa
3414 4210 3472 4266 in

1893 4306 2065 4361 Deum
2116 4304 2427 4359 reverentia
2474 4319 2537 4357 ac
2582 4303 2899 4369 veneratio;
2943 4318 3055 4357 non
3098 4310 3281 4357 tamen
3321 4303 3471 4373 ejus-

1894 4395 2042 4451 modi
2077 4396 2281 4451 donum
2310 4395 2381 4449 ab
2413 4395 2480 4449 iis
2506 4394 2755 4458 offertur,
2790 4394 2938 4464 quod
2967 4395 3186 4466 proprie
3215 4393 3282 4448 ad
3310 4392 3471 4450 Chri-

1895 4488 1962 4543 sti
2012 4504 2299 4559 personam
2356 4488 2601 4557 proxime
2652 4487 2941 4558 pertineat.
2993 4488 3271 4558 Ejusmodi
3338 4487 3473 4543 illud

1894 4576 2031 4642 fuit,
2074 4576 2223 4648 quod
2268 4575 2485 4634 efﬁcere
2532 4576 2825 4633 studebant
2872 4578 2909 4632 ii
2961 4579 3055 4651 qui
3100 4580 3354 4634 collectas
3393 4579 3474 4635 sic

230 4673 481 4743 ἀνάθημα
500 4673 583 4742 τῷ
610 4672 750 4743 Θεῷ.
779 4673 887 4726 τῶν
912 4671 1369 4743 ὲκπρεπεστέρων
1398 4670 1465 4725 τά
1498 4670 1669 4740 δῶρον
1704 4670 1785 4722 διά

1898 4681 2015 4726 tum
2069 4671 2370 4742 appellatas
2418 4670 2790 4735 conferebant,
2832 4679 2888 4726 et
2939 4671 3241 4728 ministeria
3290 4675 3473 4731 mitte-

236 4765 399 4832 μέσων
427 4766 471 4817 δ’
502 4764 695 4836 ὥσπερ
723 4765 914 4832 ἁγίων,
946 4764 1042 4817 καὶ
1065 4761 1140 4826 ὡς
1171 4765 1229 4816 ὲν
1249 4762 1476 4833 δευτέρα
1495 4761 1665 4824 τάξει,
1702 4760 1797 4813 καὶ

233 4856 387 4926 ἡτῶν
426 4856 855 4927 ὑποδεεστέρων.
888 4855 999 4908 Καὶ
1044 4856 1093 4908 οἱ
1128 4854 1225 4924 μὲν
1258 4853 1366 4910 ἀπὸ
1420 4851 1794 4909 πεντακοσίων

236 4947 355 5017 μίαν
394 4948 735 5020 προσάγουσι
773 4945 971 5018 ψυχὴν,
1009 4946 1057 4999 οἱ
1086 4944 1145 4999 δὲ
1182 4942 1289 4998 ἀπὸ
1328 4944 1700 5014 πεντήκονταο
1741 4944 1798 4994 ὲν

233 5038 467 5093 ἐλάττοσι
492 5039 603 5111 γὰρ
626 5038 906 5110 ὀφλήμασι
939 5038 1001 5091 τὸ
1030 5036 1469 5109 εὐδοκιμοῦν,διὸ
1500 5037 1595 5092 καὶ
1630 5036 1799 5108 μείων

233 5133 264 5201 ὴ
295 5132 600 5204 προσφορά·
622 5133 679 5185 ὲν
703 5130 883 5203 πολλῷ
903 5132 961 5186 δὲ
999 5131 1225 5185 πλείοσι
1241 5131 1304 5183 τὸ
1328 5129 1573 5195 ὑποᾱεὲς,
1605 5130 1685 5184 διὸ
1703 5129 1795 5183 καὶ⁸

233 5223 287 5275 ὲν
322 5223 542 5294 ἀριθμῷ
588 5222 793 5277 πλείονι
823 5222 899 5277 τὰ
918 5222 1399 5294 προσκομιζόμενα
1427 5222 1559 5294 παρ’
1595 5221 1796 5289 αὐτῶν,

234 5314 503 5384 ἀναλόγως
543 5319 654 5381 τοῖς
702 5316 933 5371 ἑκάστου
966 5316 1292 5391 πταίσμασι,
1321 5315 1391 5369 τὰ
1430 5315 1571 5387 ὑπὲρ
1618 5313 1800 5373 αὐτῶν

242 5407 603 5478 προσφέρεται
625 5423 639 5437 ⁸
683 5427 702 5460 ι
736 5402 807 5480 ᾯ
831 5408 940 5479 γάρ
968 5409 1149 5462 πλεῖον
1194 5407 1554 5479 ἀφεθήσεται,
1584 5425 1602 5458 ι
1637 5406 1795 5477 φησι,

242 5514 261 5548 ι
284 5496 457 5567 πλεῖον
478 5499 779 5571 ἀγαπήσειο
807 5500 901 5553 καὶ
920 5493 964 5569 ᾧ
988 5500 1047 5553 τὸ
1066 5500 1284 5555 ἔλαττον
1305 5500 1544 5571 ἀφίεται,
1578 5498 1797 5552 ἔλαττον

237 5590 532 5663 ἀγαπήσει.
569 5612 587 5644 ι
616 5595 1030 5649 Δεκαπλασίονα
1068 5593 1357 5666 τοιγαροῦν
1428 5590 1797 5664 προσφέρουσι

1899 4765 2035 4820 bant
2070 4764 2275 4820 sanctis
2305 4762 2399 4833 qui
2441 4775 2602 4819 erant
2639 4762 2693 4817 in
2723 4762 3022 4819 Jerusalem
3044 4806 3058 4828 ,
3106 4766 3192 4821 vel
3227 4782 3474 4837 quocun-

1900 4872 2008 4928 que
2044 4857 2152 4912 alio
2188 4856 2437 4926 obsequii
2477 4871 2677 4927 genere
2724 4856 2974 4913 homines
3010 4856 3228 4914 Christo
3267 4860 3476 4916 dicatos

1900 4947 2227 5005 recreabant
2257 4949 2337 5007 ¹¹.η
2372 4948 2515 5020 Ergo
2568 4946 2788 5004 Christo
2841 4949 3064 5020 proprie
3121 4950 3298 5005 dicata
3347 4966 3479 5007 sun;

1900 5040 2343 5112 praestandorum
2400 5039 2684 5095 hominum
2733 5040 2924 5095 dona:
2972 5041 3066 5096 sed
3118 5041 3207 5097 illa
3258 5059 3476 5115 quoque

1904 5131 2229 5188 inferiorum
2268 5132 2474 5193 oblatio
2516 5148 2616 5203 per
2652 5141 2869 5188 sanctos
2902 5132 3071 5188 veluti
3108 5149 3207 5204 per
3240 5135 3475 5191 mediam

1905 5238 2126 5280 manum
2177 5224 2244 5279 ad
2295 5225 2549 5281 eumdem
2587 5222 2844 5294 pertinet,
2880 5239 2944 5278 ac
2992 5224 3172 5284 locum
3208 5219 3471 5297 quedam-

1902 5317 2067 5372 modo
2119 5316 2421 5373 secundum
2475 5322 2640 5370 tenet.
2692 5315 2960 5370 Praeterea
3012 5315 3089 5371 illi
3141 5317 3362 5387 quidem
3408 5336 3473 5375 ex

1901 5402 2236 5474 quingentis,
2269 5403 2325 5457 hi
2354 5418 2487 5457 vero
2521 5418 2588 5457 ex
2619 5402 3009 5474 quinquaginta
3044 5421 3207 5461 unam
3239 5410 3473 5465 animam
3564 5420 3567 5421 '

1902 5494 2141 5550 offerunt
2173 5512 2184 5546 :
2219 5493 2403 5556 minus
2432 5494 2635 5565 quippe
2673 5493 2874 5549 debent
2916 5494 2994 5551 illi
3026 5500 3468 5568 prtestantinres;

1902 5587 2135 5655 ideoque
2164 5587 2345 5641 minor
2373 5596 2457 5643 est
2484 5601 2677 5643 eorum
2706 5586 2909 5644 oblatio
2944 5606 2957 5642 :
2993 5597 3050 5646 at
3082 5607 3213 5649 vero
3245 5591 3471 5659 inferio-

338 5777 357 5808 '
398 5776 584 5830 Matth.
609 5793 699 5842 xx,
730 5776 832 5835 16.,
893 5779 933 5809 ³ο
961 5777 1147 5833 IPetr.
1173 5792 1229 5843 ιι,
1252 5776 1305 5831 9.
1351 5777 1389 5810 ¹¹
1414 5777 1577 5832 Num.
1602 5790 1689 5839 xv,
1713 5771 1736 5826 I
1760 5784 1912 5840 seqq.
1937 5784 1951 5835 ;
1979 5768 2203 5837 Act.2-I,
2231 5772 2314 5840 I7;
2344 5767 2387 5829 fl
2414 5773 2539 5829 Cor.
2561 5790 2636 5841 Ix,
2666 5774 2687 5827 l
2722 5788 2874 5845 seqq.
2904 5858 2909 5863 Δ
