4076 6502
647 341 752 398 539

1643 344 1698 398 S.
1739 327 2014 400 C'YlllLLl
2051 345 2518 402 ALEXANDRINI
2559 347 2874 402 ARCIISBP.

3791 345 3886 402 340

645 485 734 524 res
769 465 846 522 illi
877 465 1034 538 longe
1065 465 1218 536 plura
1258 465 1460 520 debent
1497 483 1510 518 :
1547 481 1655 536 quo
1689 465 1749 520 fit
1795 476 1854 520 ut
1888 468 2042 538 plura
2080 482 2197 537 quo

2325 469 2475 540 παρὰ
2505 471 2632 533 τοὺς
2663 469 3088 542 ἐξειλεγμένους,
3120 471 3166 525 οἱ
3189 471 3264 542 μὴ
3297 471 3418 524 κατ’
3447 471 3664 534 αὐτοὺς,
3687 471 3786 541 οὐχ
3818 471 3890 534 ὡς

641 573 748 630 que
777 559 886 613 sint
915 573 1144 612 numero
1194 573 1314 628 quae
1347 558 1414 611 ab
1449 557 1555 612 illis
1585 555 1920 624 offeruntur;
1950 559 2218 628 siquidem

641 667 742 721 pro
781 653 1046 722 cujusque
1082 649 1412 704 oﬂ‘cnsarum
1453 649 1664 703 ratione
1699 649 1840 703 dona
1869 665 2087 719 quoque
2119 665 2220 719 pro

639 743 832 797 iisdem
860 743 1198 796 offeruntur:
1227 761 1244 792 ‹
1275 741 1374 796 Cui
1405 743 1550 795 enim
1581 743 1704 812 plus
1731 743 2047 806 dimittitur,
2087 763 2102 794 ι
2131 744 2218 797 in-

637 835 776 903 quit,
816 854 832 885 ι
867 835 989 904 plus
1018 835 1238 906 diliget;
1269 845 1326 890 et
1348 837 1437 889 cui
1469 835 1650 890 minus
1676 837 1996 901 dimittitur,
2031 839 2213 891 minus

635 927 824 998 diliget
863 929 924 980 ".
974 947 992 979 ι
1063 929 1221 998 129
1267 931 1465 985 Decem
1529 931 1696 1002 igitur
1753 931 2001 1000 partibus
2057 931 2205 1001 plura

634 1035 798 1088 quam
835 1019 910 1074 illi
951 1020 1136 1074 selecti
1171 1021 1412 1076 offerunt
1457 1023 1492 1076 ii
1548 1023 1642 1092 qui
1669 1023 1893 1076 minime
1935 1029 2062 1074 sunt
2107 1021 2212 1074 illis

631 1111 836 1166 virtute
869 1127 1065 1182 pares:
1097 1129 1204 1168 non
1235 1114 1380 1183 quod
1401 1113 1768 1184 religiosiores
1801 1114 1929 1177 sint,
1963 1112 2212 1167 laudabi-

631 1202 846 1274 liusque
891 1207 1097 1271 vivant,
1135 1207 1234 1261 sed
1278 1207 1424 1276 quod
1476 1207 1649 1260 multo
1695 1205 1945 1276 pluribus
1997 1203 2212 1258 delictis

2324 562 2702 634 εὐλαϐέστεροι
2763 565 2853 616 καὶ
2909 565 3107 629 ζῶντες
3156 563 3596 635 ἐπιεικέστερον,
3655 562 3772 616 ἀλλ’
3817 561 3891 626 ὡς

2323 651 2502 722 πολλῷ
2531 653 2774 706 πλείοσιν
2797 655 3104 725 ὲνεχόμενοι
3125 654 3448 724 πταίσμασι,
3474 656 3567 708 καὶ
3585 653 3892 707 πολλαπλα-

2323 741 2496 806 σίονος
2519 743 2822 812 ἀναγκαίας
2849 745 3092 815 δεόμενοι
3126 743 3218 799 τοῦ
3263 743 3627 815 καθαρισμοῦ.
3665 743 3758 806 Ὦς
3785 743 3892 814 γὰρ

2319 833 2538 903 εἴρηκεν
2563 837 2591 888 6
2629 835 2854 907 Σωτήρο
2893 857 2912 889 ι
2961 839 3020 890 '0
3057 837 3376 908 λελουμένος
3431 837 3492 890 οὒ
3531 835 3722 906 χρείαν
3759 837 3890 905 ἔχει,

2317 927 2364 977 εί
2396 926 2469 997 μὴ
2493 927 2620 990 τοὺς
2644 929 2810 992 πόδας
2835 929 3112 1000 νίψασθαι,
3147 929 3262 984 ἀλλ’
3291 929 3406 983 ἔστι
3427 929 3664 1000 καθαρὸς
3694 925 3830 991 ὅλος.
3867 947 3884 978 ι

2319 1019 2698 1090 Σμικροτάτης
2731 1021 2788 1074 δὲ
2833 1023 3026 1094 κομιδῇ
3053 1027 3166 1086 τοῖς
3211 1023 3388 1092 άγίοις
3423 1021 3744 1091 καθάρσεως
3781 1019 3886 1071 δεῐ’

2317 1112 2464 1162 νοσεῖ
2487 1111 2596 1182 γάρ
2637 1115 2670 1182 ἡ
2703 1111 2882 1182 φύσις,
2927 1115 2985 1168 τὸ
3027 1114 3101 1186 μὴ
3133 1113 3394 1168 δύνασθαι
3423 1111 3706 1173 παντελῶς
3739 1111 3892 1182 ἀμοι-

2319 1207 2432 1274 ρεῖν
2471 1205 2584 1276 άμα
2593 1207 2761 1276 ρτίας.

631 1301 856 1357 obnoxii
892 1310 1201 1366 teneantur,
1251 1302 1468 1372 illisque
1511 1301 1672 1372 longe
1723 1301 1928 1372 majore
1953 1299 2276 1370 purgatione
2315 1297 2386 1352 sit
2423 1313 2579 1368 epus.
2629 1301 2701 1355 lit
2745 1303 2892 1356 enim
2942 1303 3018 1358 ait
3057 1303 3304 1358 Salvator
3340 1321 3352 1356 :
3391 1321 3408 1352 ι
3449 1301 3552 1368 Qui
3605 1302 3750 1356 lotus
3786 1305 3885 1362 est,

633 1413 744 1452 non
787 1397 995 1466 indiget
1037 1396 1140 1450 nisi
1189 1403 1250 1452 ut
1292 1397 1460 1470 pedes
1495 1397 1676 1460 lavet;
1711 1395 1808 1450 sed
1848 1402 1932 1449 est
1965 1391 2204 1447 mundus
2242 1397 2390 1443 totus
2417 1391 2481 1446 ³³.
2517 1413 2534 1444 ι
2573 1394 2778 1465 Exigua
2841 1411 3004 1464 porro
3065 1396 3386 1466 purgatione
3415 1395 3615 1449 sanctis
3643 1393 3780 1448 viris
3809 1403 3890 1448 est

632 1506 806 1562 opus;
839 1491 1050 1545 laborat
1085 1491 1231 1545 enim
1265 1507 1332 1546 eo
1365 1491 1557 1546 morbo
1595 1489 1880 1544 hominum
1923 1495 2138 1546 natura,
2175 1489 2238 1536 ut
2269 1485 2478 1550 peccati
2509 1501 2706 1556 expers
2732 1503 2852 1542 esse
2878 1489 3101 1544 omnino
3131 1505 3242 1542 non
3275 1487 3466 1558 possit.

703 1581 899 1638 PALL.
943 1583 1112 1636 Recte
1147 1582 1250 1638 ais.

700 1675 858 1730 CYR.
900 1675 983 1729 Illi
1019 1675 1182 1746 igitur
1227 1691 1257 1730 e
1299 1675 1554 1730 tribubus
1599 1674 1723 1729 lecti
1761 1673 1864 1728 viri
1903 1669 2103 1726 divinis
2131 1668 2211 1721 le-

629 1766 790 1838 gibus
840 1767 1117 1830 obsecuti,
1164 1782 1289 1821 cum
1339 1775 1454 1820 tota
1498 1781 1762 1838 synagoga
1806 1763 1932 1818 belli
1973 1759 2210 1832 praedam

629 1857 814 1926 partiti
847 1865 995 1920 sunt,
1027 1855 1438 1926 oblationcsque
1481 1857 1592 1910 Deo
1625 1854 1965 1916 obtulerunt,
1998 1860 2058 1904 ut
2095 1850 2210 1918 lege

628 1947 988 2001 constitutum
1014 1957 1131 2002 erat
1159 1966 1170 2000 :
1204 1957 1258 2001 at
1293 1963 1421 2002 vero
1452 1947 1779 2001 selectorum
1805 1945 1993 2008 duces,
2027 1953 2086 1998 ut
2117 1941 2210 2011 qui

627 2039 800 2108 gloria
855 2054 1018 2108 quam
1057 2040 1238 2094 caeteri
1272 2047 1455 2094 essent
1493 2038 1838 2102 illustriores,
1876 2035 2035 2090 donis
2070 2049 2208 2103 quo-

627 2145 734 2199 que
787 2132 1262 2200 praestantioribus
1305 2134 1476 2188 Deum
1530 2141 1878 2186 venerantur.
1929 2129 2018 2184 Sic
2061 2127 2207 2183 enim

628 2221 822 2276 scribit
861 2239 1052 2278 rursus
1088 2241 1104 2278 :
1140 2243 1156 2274 ι
1193 2223 1260 2278 Et
1291 2233 1640 2278 accesserunt
1668 2223 1734 2278 ad
1767 2223 1984 2292 Moysen
2019 2234 2210 2273 omnes

627 2311 914 2366 constituti
973 2315 1028 2366 in
1093 2314 1374 2368 tribunatu
1435 2315 1741 2378 exercitus,
1803 2311 2092 2366 millenarii
2153 2317 2208 2364 et

627 2403 1016 2469 centuriones,
1074 2413 1130 2460 et
1189 2405 1446 2460 dixerunt
1499 2407 1566 2460 ad
1625 2407 1842 2478 Moysen
1883 2425 1894 2460 :
1933 2405 2086 2460 Servi
2128 2403 2205 2458 tui

627 2501 958 2562 acceperunt
985 2510 1250 2550 summam
1277 2497 1523 2550 virorum
1563 2496 1886 2552 bellatorum
1936 2496 2028 2565 qui
2060 2495 2204 2564 apud

627 2599 730 2638 nos
760 2593 906 2650 sunt,
937 2595 994 2640 et
1027 2603 1136 2642 non
1165 2587 1337 2642 defuit
1371 2588 1439 2642 ab
1474 2587 1580 2644 illis
1611 2605 1680 2645 ne
1711 2605 1853 2644 unus
1883 2589 2124 2660 quidem.
2149 2595 2205 2642 et

625 2676 930 2733 obtulimus
977 2679 1180 2734 donum
1233 2681 1494 2742 Domino,
1547 2683 1632 2736 vir
1687 2683 1780 2752 qui
1853 2681 2062 2736 invenit
2109 2697 2204 2736 vas

623 2785 874 2836 aureum,
905 2781 961 2824 et
985 2774 1326 2828 murenulam
1357 2783 1411 2828 et
1443 2774 1729 2838 armillam,
1762 2783 1817 2830 et
1847 2774 2112 2837 dextrale,
2147 2783 2203 2828 et

624 2870 896 2932 torquem,
945 2873 1004 2918 ut
1053 2865 1124 2919 sit
1166 2866 1481 2936 propitiatio
1517 2882 1617 2936 pro
1663 2867 1823 2922 nobis
1865 2883 2047 2922 coram
2091 2867 2200 2920 Do-

622 2954 790 3010 mino.
821 2956 888 3010 Et
917 2957 1129 3028 accepit
1155 2957 1364 3030 Moyses
1390 2967 1444 3014 et
1471 2959 1695 3012 Eleazar
1723 2959 1977 3014 sacerdos
2003 2975 2197 3012 aurum

620 3047 689 3102 ab
725 3047 854 3112 illis,
887 3064 1049 3103 omne
1095 3065 1190 3104 vas
1239 3051 1600 3114 elaboratum,
1643 3061 1698 3106 et
1744 3051 1848 3104 fuit
1897 3065 2056 3104 omne
2098 3065 2198 3104 au-

621 3154 740 3192 rum
802 3140 1108 3210 segregatio
1150 3155 1312 3210 quam
1363 3151 1785 3212 segregaverunt
1817 3139 2069 3204 Domino,
2105 3155 2198 3193 sex

620 3237 676 3284 et
706 3229 894 3284 decem
933 3231 1102 3288 millia
1124 3241 1180 3286 et
1205 3231 1536 3303 septingenti
1568 3231 1964 3302 quinquaginta
1996 3229 2138 3294 sicli,
2168 3243 2198 3282 a

621 3321 857 3378 tr'bunis
883 3331 938 3377 et
967 3340 998 3378 a
1024 3325 1440 3378 centurionibus
1473 3342 1484 3376 :
1518 3335 1574 3380 et
1601 3325 1704 3378 viri
1737 3323 2031 3378 bellatores
2057 3337 2200 3392 prm-

619 3413 736 3468 dati
768 3421 896 3468 stmt
929 3414 1161 3483 quilibet
1201 3414 1326 3468 sibi.
1369 3415 1437 3468 Et
1469 3415 1678 3485 accepit
1711 3415 1922 3486 Moyses
1954 3423 2008 3468 et
2033 3415 2196 3467 Elea-

617 3520 711 3559 zar
737 3505 994 3559 sacerdos
1026 3521 1220 3559 aurum
1261 3521 1294 3558 a
1332 3505 1569 3560 tribunis
1601 3517 1656 3561 et
1688 3522 1716 3560 a
1758 3504 2192 3568 centurionibus,

617 3603 674 3650 et
700 3595 1006 3652 intulerunt
1031 3613 1092 3651 ea
1121 3597 1177 3651 in
1209 3599 1624 3653 tabernaculum
1655 3597 1954 3652 testimonii
1983 3612 2193 3651 memo-

615 3687 750 3741 riale
803 3685 1039 3742 filiorum
1097 3687 1260 3742 Israel
1325 3703 1505 3742 coram
1565 3689 1797 3742 Domino
1829 3690 1890 3741 τ’.
1940 3707 1958 3739 ι
2023 3687 2195 3742 Audis

614 3795 780 3850 quam
810 3779 1100 3850 diligenter
1133 3780 1208 3835 ait
1237 3781 1537 3836 recensitos
1570 3797 1691 3836 esse
1731 3787 2081 3850 pugnatores,
2117 3779 2192 3833 ita

615 3881 676 3927 ut
713 3887 875 3927 nemo
911 3873 1168 3940 abfuerit,
1213 3873 1346 3944 quin
1384 3873 1609 3938 donum,
1641 3881 1702 3928 ut
1739 3874 1852 3927 Deo
1891 3872 2190 3942 placuerat,

611 3965 878 4020 afferret?
913 3965 1222 4038 Sequoque
1266 3964 1618 4020 constituisse
1673 3963 1928 4033 inquiunt
1989 3961 2190 4017 offerre

611 4059 842 4114 Domino
866 4059 1030 4112 etiam
1060 4075 1180 4130 qua:
1211 4061 1321 4128 ille,
1351 4069 1411 4114 ut
1439 4058 1790 4118 offerrentur,
1819 4055 2043 4110 minime
2077 4055 2192 4125 jus-

607 4151 789 4216 sisset,
827 4152 1190 4218 murenulam,
1229 4153 1474 4222 inquam,
1506 4159 1561 4204 et
1591 4148 1880 4212 armillam,
1915 4155 1971 4202 et
2009 4161 2186 4200 annu-

605 4243 742 4308 lum,
780 4255 834 4299 et
867 4247 1190 4299 Ornamenta
1219 4253 1413 4300 cetera
1445 4258 1510 4296 ex
1541 4255 1676 4296 auro
1707 4238 2022 4294 fabrefacta.
2057 4237 2184 4293 Jus—
2217 4273 2262 4328 Β

604 4343 754 4390 serat
799 4335 944 4389 enim
985 4334 1263 4406 legislator
1314 4342 1374 4387 ut
1416 4333 1485 4386 ab
1523 4331 1840 4386 hominibus
1867 4339 1923 4384 et
1955 4345 1986 4383 a
2015 4343 2180 4400 peco-

605 4427 760 4482 ribus
799 4426 941 4481 dona
989 4426 1254 4496 legerent,
1295 4425 1452 4496 13o
1500 4439 1672 4494 eaque
1703 4423 1836 4494 jam,
1885 4431 1946 4476 ut
1993 4419 2181 4474 divino

604 4515 923 4587 caelestique
967 4525 1239 4587 praecepto
1271 4519 1484 4588 jussum
1523 4515 1720 4580 fuerat,
1751 4513 1934 4568 oblata
1973 4519 2132 4566 erant
2164 4529 2178 4564 :

603 4609 700 4664 sed
730 4607 891 4663 exiis
919 4617 1178 4678 praeterea
1208 4623 1330 4676 qua:
1365 4623 1430 4662 ex
1469 4607 1650 4677 praeda
1704 4607 1975 4676 praecipua
2007 4603 2180 4658 habe-

603 4697 756 4764 bant,
805 4696 1110 4751 voluntaria
1157 4696 1300 4750 dona
1346 4695 1586 4750 offerunt
1629 4699 1896 4750 lectorum
1943 4693 2179 4747 militum

602 4791 792 4852 duces,
821 4787 1310 4858 praescriptumque
1339 4785 1473 4856 legis
1501 4786 1794 4841 terminum
1829 4784 2178 4856 magnificen-

601 4884 674 4938 tia
713 4881 960 4936 vincunt.
1007 4879 1193 4948 itaque
1239 4893 1363 4931 cum
1413 4877 1753 4948 accepissent
1788 4893 1850 4932 ea
1890 4877 2100 4948 Moyses
2123 4883 2179 4930 et

599 4985 800 5036 Aaron,
833 4971 1138 5027 intulerunt
1165 4969 1220 5023 in
1251 4977 1497 5023 sanctum
1537 4969 1972 5032 tabernaculum,
2003 4983 2177 5037 eaque

601 5066 878 5120 recondita
909 5073 971 5120 ut
995 5069 1354 5117 monumenta
1389 5069 1574 5115 essent
1601 5067 1727 5114 ante
1759 5059 2047 5114 Dominum
2079 5073 2177 5111 cu-

601 5163 888 5220 raverunt;
924 5155 1018 5225 qui
1053 5153 1200 5210 enim
1233 5151 1451 5223 populis
1485 5151 1724 5222 pra3fecti
1759 5159 1908 5215 sunt,
1939 5160 1995 5205 et
2025 5151 2181 5220 prin-

601 5247 749 5318 cipes
793 5249 1098 5310 constituti,
1139 5245 1533 5301 illustrioribus
1575 5253 1738 5314 atque
1789 5243 2182 5314 insignioribus

601 5341 761 5394 donis
797 5339 967 5392 Deum
1005 5339 1299 5401 honorant,
1335 5337 1769 5405 varietatemque
1815 5335 2035 5389 virtutis
2061 5337 2180 5390 vel-

601 5441 661 5484 ut
704 5440 1086 5486 ornamentum
1127 5429 1400 5498 quoddam
1453 5429 1533 5482 illi
1584 5427 1826 5482 offerunt
1869 5435 2032 5496 atque
2092 5427 2178 5481 di-

601 5533 726 5579 cant
759 5541 770 5576 :
808 5537 1040 5590 cumque
1079 5521 1254 5590 ipsum
1298 5521 1434 5592 legis
1472 5520 1693 5574 modum
1737 5517 2065 5584 transiliant,
2103 5519 2169 5573 il-

601 5615 914 5670 lustriorem
945 5613 1162 5668 laudem
1191 5621 1622 5683 consequuntur.

2241 1581 2282 1635 B
2389 1576 2593 1632 HAAA.
2621 1573 2691 1632 Εὖ
2723 1579 2924 1648 λέγεις.

2389 1671 2552 1726 ΚΥΡ.
2585 1673 2648 1726 Οἱ
2679 1673 2778 1744 μὲν
2800 1669 2893 1728 οὖν
2921 1674 3208 1729 ἀπόλεκτοι
3236 1673 3348 1728 τῶν
3377 1671 3560 1743 φυλῶν
3582 1671 3694 1735 τοῖς
3725 1669 3888 1732 θείοις

2317 1760 2554 1826 εἴκοντες
2597 1763 2804 1834 νόμοις,
2853 1767 3266 1839 διεμοιρήσαντο
3313 1765 3382 1820 τὰ
3412 1768 3474 1818 ὲκ
3511 1765 3604 1818 τοῦ
3651 1763 3886 1833 πολέμου

2317 1855 2454 1926 πρὸς
2495 1857 2675 1908 πᾶσαν
2709 1859 2807 1928 τὴν
2858 1859 3200 1931 συναγωγὴν,
3239 1861 3332 1912 καὶ
3375 1857 3788 1930 προσαγηόχασι
3821 1856 3886 1909 τὰ

2313 1948 2460 2020 δῶρα
2489 1951 2678 2022 Κυρίῳ
2717 1952 2860 2005 κατὰ
2887 1951 2983 2024 τὴν
3025 1953 3120 2006 τοῦ
3157 1956 3324 2024 νόμου
3361 1951 3608 2016 σύνταξιν
3631 1969 3646 1982 ·
3689 1949 3888 2020 ἀναθή-

2317 2059 2449 2111 μασι
2477 2042 2534 2094 δὲ
2569 2047 2681 2106 τοῖς
2701 2046 3160 2118 εὐπρεπεστέροις
3190 2044 3651 2116 καταγεραίρουσι
3683 2041 3816 2094 Θεὸν
3839 2042 3883 2092 οἱ

2310 2132 2420 2186 τῶν
2465 2133 2778 2187 άπολέκτων
2834 2135 3148 2206 ἡγούμενοι,
3197 2137 3272 2200 ὡς
3327 2137 3420 2188 καί
3473 2133 3884 2205 ἐμφανεστέραν

2311 2222 2523 2292 ἔχοντες
2562 2225 2595 2294 ἢ
2648 2225 2768 2278 κατ’
2821 2226 3016 2288 αὐτοὺς
3055 2225 3152 2296 τὴν
3190 2225 3366 2290 δόξαν.
3403 2225 3608 2295 Γράφει
3643 2223 3752 2292 γὰρ
3785 2215 3883 2273 ὧδε

2311 2312 2507 2365 πάλιν*
2543 2332 2560 2363 ι
2605 2315 2713 2367 Καὶ
2756 2315 3060 2386 προσῆλθον
3079 2317 3250 2386 Μωσῇ
3285 2313 3485 2378 πάντες
3519 2313 3569 2366 οἱ
3617 2313 3884 2366 καθεστα-

2311 2403 2461 2472 μένοι
2487 2406 2564 2468 εἰς
2594 2405 2694 2468 τὰς
2717 2387 3026 2476 χιλιαρχίας
3046 2407 3143 2477 τῆς
3173 2405 3474 2477 δυνάμεως,
3497 2405 3770 2477 χιλίαρχοι
3789 2407 3882 2457 καὶ

2308 2497 2714 2568 ἑκατόνταρχοι,
2745 2501 2838 2552 καὶ
2864 2495 3024 2554 εἶπαν
3049 2499 3182 2570 πρὸς
3215 2501 3419 2572 Μωσῆν
3443 2519 3454 2529 ·
3479 2501 3540 2552 Οί
3573 2499 3763 2562 παῖδές
3789 2517 3880 2551 σου

2307 2588 2561 2657 εἰλήφασι
2588 2589 2648 2641 τὸ
2676 2589 2968 2658 κεφάλαιον
3007 2589 3116 2642 τῶν
3155 2589 3360 2660 ἀνδρῶν
3390 2589 3495 2642 τῶν
3539 2589 3878 2657 πολεμιστῶν

2305 2678 2414 2730 τῶν
2440 2679 2570 2751 παρ’
2605 2683 2760 2751 ἡμῖν,
2794 2683 2886 2734 καὶ
2919 2682 2978 2734 οὐ
3000 2681 3414 2752 διαπεφώνηκεν
3436 2681 3528 2734 ἀπ’
3549 2681 3728 2734 αὐτῶν
3759 2680 3878 2732 οὐδὲ

2305 2765 2406 2832 εἷς,
2441 2771 2536 2824 καὶ
2588 2773 3063 2842 προσενηνὸχαμεν
3095 2773 3156 2825 τὸ
3183 2773 3357 2844 δῶρον
3391 2771 3602 2843 Κυρίῳ,
3653 2771 3792 2840 ἀνὴρ
3820 2771 3876 2833 ὃς

2305 2857 2428 2934 εὗρε
2473 2863 2664 2926 σκεῦος
2703 2863 2957 2934 χρυσοῦν,
2988 2865 3080 2918 καὶ
3115 2863 3364 2936 χλιδῶνα,
3405 2864 3499 2916 καὶ
3521 2863 3760 2932 ψέλλιον,
3785 2863 3877 2915 καὶ

2228 2925 2270 2982 c
2304 2955 2612 3019 δακτύλιον,
2633 2957 2728 3009 καὶ
2743 2973 2806 3008 πε
2815 2956 3064 3027 ριδὲξιον,
3093 2957 3188 3009 καὶ
3206 2956 3499 3026 ὲμπλὸκιον
3521 2953 3876 3021 ἐξιλάσασθαι

2303 3047 2432 3118 περὶ
2462 3047 2619 3118 ἡμῶν
2671 3049 2852 3102 ἔναντι
2909 3049 3134 3120 Κυρίου.
3181 3050 3290 3103 Καὶ
3344 3048 3502 3102 ἔλαϐε
3545 3048 3754 3118 Μωσῆς
3785 3048 3876 3100 καὶ

2313 3139 2576 3211 Ἐλεάζαρ
2608 3141 2636 3192 6
2667 3141 2844 3211 ἱερεὺς
2863 3141 2922 3192 τὸ
2953 3142 3170 3210 χρυσίον
3197 3142 3328 3212 παρ’
3349 3140 3525 3194 αὐτῶν
3549 3142 3654 3194 πᾶν
3681 3139 3874 3202 σκεῦος

2299 3233 2690 3304 εἰργασμένον·
2728 3233 2819 3286 καὶ
2856 3235 3069 3302 ἐγένετο
3111 3235 3216 3287 πᾶν
3249 3233 3308 3287 τὸ
3339 3234 3561 3306 χρυσίον
3603 3232 3666 3286 τὸ
3709 3231 3874 3299 ἀφαί-

2305 3341 2444 3395 ρεμα
2475 3325 2502 3378 ὃ
2525 3326 2743 3395 ἀφεῖλον
2767 3326 2956 3396 Κυρίῳ
2980 3325 3272 3379 ἑκκαίδεκα
3307 3325 3539 3395 χιλιάδες
3569 3325 3662 3377 καὶ
3703 3325 3872 3375 ἑπτα-

2300 3417 2469 3469 κόσιοι
2507 3418 2599 3470 καὶ
2632 3419 2966 3488 πεντήκοντα
3013 3419 3186 3472 σίκλοι
3233 3417 3383 3486 παρὰ
3423 3416 3530 3468 τῶν
3577 3415 3874 3486 χιλιάρχων

2299 3507 2394 3560 καὶ
2433 3507 2582 3580 παρὰ
2608 3508 2718 3560 τῶν
2749 3511 3181 3581 ἑκατοντάρχων,
3213 3511 3306 3562 καὶ
3332 3511 3381 3562 οἱ
3409 3509 3602 3578 ἄνδρες
3633 3507 3683 3559 οἱ
3713 3507 3870 3558 πολε-

2301 3603 2492 3672 μισταὶ
2521 3601 2930 3671 ὲπρονὸμευσαν
2949 3601 3179 3665 ἕκαστος
3215 3599 3379 3672 αὐτῷ.
3413 3600 3524 3654 Καὶ
3552 3597 3710 3651 ἔλαϐε
3739 3601 3871 3652 Μω-

2299 3693 2396 3762 σῆς
2440 3693 2532 3746 καὶ
2583 3693 2847 3764 Ἐλεάζαρ
2893 3693 2921 3746 6
2973 3693 3151 3763 ἱερεύς
3201 3693 3259 3745 τὸ
3293 3693 3514 3764 χρυσίον
3571 3689 3724 3760 παρὰ
3761 3690 3870 3741 τῶν

2296 3783 2586 3854 χιλιάρχων
2641 3783 2734 3835 καλ¹
2772 3783 3201 3854 ἑκατοντάρχων,
3235 3783 3328 3834 καὶ
3369 3782 3686 3854 εἰσήνεγκεν
3733 3781 3870 3832 αὐτὰ

2295 3875 2374 3938 εἰς
2401 3873 2499 3944 τὴν
2533 3871 2738 3944 σκηνὴν
2763 3872 2856 3925 τοῦ
2905 3873 3204 3944 μαρτυρίου
3236 3871 3580 3942 μνημόσυνον
3599 3869 3708 3923 τῶν
3735 3869 3866 3921 υἱῶν

2307 3963 2538 4034 Ἰσραὴλ,
2570 3963 2750 4017 ἔναντι
2769 3963 2999 4034 Κυρίου.
3037 3981 3056 4014 ι
3107 3961 3348 4026 Ἀκούεις
3364 3963 3512 4024 ὅπως
3539 3959 3738 4029 ἀκριϐῆ
3767 3960 3866 4029 μὲν

2292 4055 2547 4124 γενέσθαι
2570 4055 2703 4124 φησὶ
2736 4053 2844 4107 τῶν
2877 4053 3278 4124 μεμαχημένων
3299 4053 3390 4106 τὸν
3423 4052 3763 4122 ἐκλογισμὸν,
3789 4052 3866 4113 ὡς

2292 4147 2582 4217 ἀπομεῖναι
2616 4147 2822 4218 μηδένα
2857 4145 2987 4216 παρ’
3011 4141 3070 4200 οὗ
3097 4145 3160 4198 τὸ
3187 4145 3360 4216 δῶρον
3399 4145 3460 4198 οὐ
3491 4143 3861 4216 προσκεκὴιιο

2294 4255 2436 4302 σται,
2461 4237 2602 4290 κατά
2622 4253 2684 4306 γε
2717 4235 2780 4288 τὸ
2804 4238 2916 4300 τοῖς
2951 4233 3116 4298 θείοις
3153 4235 3382 4306 νεύμασι
3410 4233 3632 4298 δοκοῦνς
3663 4233 3862 4285 8:609-

2290 4329 2483 4400 λῆσθαι
2512 4329 2568 4382 δὲ
2595 4329 2689 4382 καὶ
2715 4327 2868 4381 αὐτοὶ
2897 4327 3263 4399 προσκομίσαι
3287 4325 3504 4395 λέγουσι
3527 4327 3736 4398 Κυρίῳ,
3767 4327 3862 4380 καὶ

2290 4422 2326 4478 ἃ
2364 4423 2438 4494 μὴ
2473 4419 2670 4492 χρῆναι
2703 4419 3000 4490 προσάγειν
3027 4417 3375 4472 δεδικαίωκεν
3399 4417 3580 4482 αὐτὸς,
3631 4418 3862 4488 χλιδῶνα

2291 4516 2384 4570 καὶ
2420 4513 2656 4585 ψέλλιον,
2702 4510 2796 4563 καὶ
2850 4507 3172 4581 περιδέξιον,
3216 4509 3310 4562 καὶ
3341 4511 3548 4580 ὅσαπερ
3573 4510 3632 4562 ὲν
3671 4509 3860 4580 κόσμῳ

2291 4604 2583 4675 πεποίηται
2631 4600 2836 4673 χρυσῷ.
2887 4600 3234 4671 Προστέταχε
3291 4600 3398 4672 γὰρ
3451 4603 3480 4653 6
3537 4601 3857 4670 νομοθέτης,

2288 4698 2397 4752 ἀπὸ
2426 4695 2534 4750 τῶν
2558 4695 2861 4765 ἀνθρώπων
2891 4695 2985 4746 καῖ
3009 4692 3114 4746 ἀπὸ
3129 4692 3234 4746 τῶν
3258 4693 3470 4762 κτηνῶν
3495 4693 3762 4746 ποιεῖσθαι
3793 4694 3860 4746 τὰ

2287 4788 2455 4860 δῶρα·
2491 4787 2585 4840 καὶ
2621 4786 2688 4858 δὴ
2717 4785 3187 4856 προσκεκὸμισται
3229 4785 3370 4838 κατὰ
3399 4785 3460 4838 τὸ
3493 4785 3634 4838 θεῖον
3659 4803 3718 4838 τε
3762 4788 3860 4840 καὶ

2285 4882 2532 4943 οὐράνιον
2557 4879 2838 4948 σύνταγμα
2859 4893 2874 4908 ·
2905 4875 3208 4930 ἐθελούσιον
3235 4877 3290 4930 δὲ
3315 4876 3592 4930 ποιοῦνται
3619 4895 3858 4948 προσκο-

2289 4971 2444 5044 μιδὴν
2476 4971 2542 5025 τὰ
2576 4972 2632 5023 ὲν
2677 4967 2978 5040 κειμηλίοις
3011 4967 3260 5040 ἐξαίρετα
3286 4985 3300 5000 ·
3357 4969 3449 5022 καὶ
3503 4969 3696 5022 νικῶσι
3725 4975 3849 5032 ταῖς

2285 5061 2616 5133 φιλοτιμίαις
2663 5061 2757 5114 τοῦ
2807 5061 2972 5131 νόμου
3006 5059 3096 5113 τὸν
3145 5063 3270 5132 ὅρον
3301 5061 3348 5114 οἱ
3381 5061 3488 5114 τῶν
3529 5061 3850 5113 ἀπολέκτων

2278 5155 2594 5227 ἡγούμενοι.
2627 5155 2738 5207 Καὶ
2769 5153 2835 5224 δὴ
2865 5153 3121 5218 λαϐόντες
3145 5153 3350 5223 Μωσῆς
3383 5171 3439 5206 τε
3483 5155 3577 5207 καὶ
3615 5153 3844 5224 Ἀαρὼν,

2280 5247 2694 5316 εῐσκεκομίκασι
2728 5247 2825 5316 μὲν
2854 5245 2934 5308 είς
2956 5247 3054 5315 τὴν
3073 5245 3232 5314 ἁγίαν
3257 5247 3462 5316 σκηνήν
3486 5263 3500 5276 ”
3531 5247 3767 5298 ἀπόθετα
3789 5245 3842 5296 δὲ

2279 5337 2554 5400 ποιοῦντες
2615 5337 2954 5407 μνημόσυνον
2995 5335 3170 5389 ἔναντι
3223 5336 3462 5406 Κυρίου*
3503 5337 3552 5389 οἱ
3603 5337 3711 5406 γάρ
3759 5351 3836 5386 τοι

2287 5427 2432 5481 λαῶν
2495 5423 2827 5496 ἡγούμενοι,
2889 5425 2984 5478 καὶ¹
3049 5427 3126 5487 είς
3179 5426 3444 5496 ἄρχοντας
3495 5425 3834 5496 τεταγμένοι,

2279 5519 2552 5589 λαμπροῖς
2611 5517 2706 5570 καὶ
2775 5515 3234 5587 εὐπρεπεστέροις
3287 5517 3595 5588 ἀναθήμασι
3647 5515 3832 5586 τιμῶσι

2279 5607 2430 5675 Θεὸν,
2485 5605 2690 5676 κόσμον
2731 5606 2920 5676 ὥσπερ
2947 5605 3068 5658 τινὰ
3101 5605 3470 5676 προσάγοντες
3519 5608 3612 5662 καὶ
3653 5609 3828 5662 ἀνατι-

679 5801 718 5829 "
749 5798 879 5854 Luc.
911 5817 1001 5868 vn,
1031 5801 1119 5854 .57.
1200 5799 1240 5831 "'
1279 5801 1434 5856 Joau.
1483 5815 1593 5868 xm,
1624 5801 1702 5855 ιο.
1783 5800 1827 5834 ’³ο
1851 5801 2012 5856 Num.
2045 5775 2189 5870 xxxi,
2215 5801 2396 5858 48-5-1.
