4046 6492
231 353 319 409 5i!
933 345 1019 397 DE
1062 341 1499 398 ADORATIONE
1540 338 1604 393 IN
1648 335 1914 394 SPIRITU
1958 335 2047 389 ET
2089 303 2454 390 VERITATE.
2498 334 2625 389 LIB.
2668 335 2756 390 IV.

3360 334 3467 390 549.

232 468 400 528 θέντες
435 462 571 528 Θεῷ,
602 461 660 514 16
711 459 986 522 πολυειδὲς
1025 462 1083 513 ἐν
1129 460 1320 531 ἀρετῇ,
1363 458 1458 512 καὶ
1489 456 1651 510 οἱονεὶ
1688 454 1782 508 καὶ
1821 451 1953 506 αὐτὸ
1983 450 2075 505 τοῦ
2107 451 2271 522 νόμου
2310 452 2372 506 τὸ
2436 452 2637 524 μέτρον
2676 451 3054 524 ὑπερθέοντες,
3122 452 3467 523 εὖδοκιμοῦσι

230 534 604 605 λαμπρότερον.

295 626 490 681 ΠΑΛΛ.
523 620 642 676 Οἴον
681 622 745 692 δὴ
763 622 816 676 τί
857 623 992 692 φής;

293 717 449 772 ΚΥΡ.
477 719 597 778 Τοῖς
626 715 685 768 16
711 714 1047 783 Εύαγγέλιον
1081 711 1545 782 καταγγέλλουσιν
1593 711 1656 763 ἐκ
1684 709 1779 764 τοῦ

229 807 545 877 Εὑαγγελίου
571 806 668 878 ζῇν
691 806 973 873 διετάξατο
1005 805 1262 877 Χριστὸς,
1289 805 1316 857 6
1342 804 1407 876 δὴ
1439 803 1532 857 καὶ
1555 805 1792 872 ἐκνομι-

243 904 334 972 κῆς
357 901 566 970 ἐντολῆς
609 897 859 970 βεϐαιοῦν
895 897 1192 961 ἐσπούδαζε
1225 898 1452 968 γράφων
1494 899 1522 950 6
1556 895 1787 962 Παῦλος,

231 995 348 1048 ποτὲ
377 994 490 1064 μὲν,
516 994 595 1047 ὅτι
629 1013 646 1044 ι
681 995 740 1046 Οἱ
765 991 1034 1054 ἐσθίοντες
1054 991 1152 1053 τὰς
1181 988 1370 1053 Θυσίας
1411 989 1658 1042 κοινωνοὶ
1682 987 1790 1040 τῶν

229 1084 616 1154 θυσιαστηρίων
651 1083 756 1137 εἰσί
783 1099 797 1113 ο
837 1102 856 1134 ι
906 1083 1039 1136 ποτὲ
1080 1083 1136 1137 δὲ
1182 1084 1365 1149 πάλιν,
1402 1083 1478 1147 ὡς
1513 1082 1570 1150 ἐξ
1615 1083 1789 1150 ἀναγ-

233 1172 385 1226 καίων
440 1171 893 1242 παραδειγμάτων
933 1172 1314 1226 ἀκαταιτίατον
1362 1172 1642 1234 παντελῶς
1687 1173 1791 1224 ἁπ-

234 1267 479 1329 εδείκνυε,
516 1265 726 1332 λέγων’
766 1284 784 1316 ι
824 1264 920 1328 Τίς
971 1264 1194 1334 φυτεύει
1248 1263 1566 1335 ἀμπελῶνα,
1599 1264 1692 1317 καὶ
1727 1264 1793 1316 ὲκ

232 1358 314 1410 τοῦ
363 1355 573 1427 καρποῦ
637 1354 804 1410 αὐτοῦ
855 1355 955 1408 οὐκ
1007 1355 1212 1421 ὲσθίει;
1245 1353 1312 1407 Ἥ
1365 1353 1451 1417 τίς
1515 1352 1793 1424 ποιμαίνει

233 1449 468 1519 ποίμνην,
489 1447 584 1500 καὶ
606 1449 667 1500 ὲκ
689 1446 782 1500 τοῦ
807 1446 1077 1515 γάλακτος
1096 1447 1196 1517 τῆς
1218 1445 1451 1516 ποίμνης
1472 1445 1572 1497 ούκ
1588 1444 1756 1497 ἐσθίει
1777 1459 1791 1510 ;

232 1538 485 1610 Μὴ¹κατὰ
528 1538 816 1610 ἄνθρωπον
861 1538 1034 1591 ταῦτα
1076 1537 1262 1605 λαλῶ;
1301 1539 1372 1590 ’Ἡ
1407 1538 1526 1608 ούχὶ
1573 1539 1602 1590 6
1631 1536 1794 1608 νόμος

231 1630 390 1684 ταῦτα
410 1630 593 1698 λέγεις
642 1631 729 1683 Ἐν
753 1630 862 1702 γὰρ
895 1629 971 1700 τῷ
1010 1629 1255 1693 Μωσέως
1278 1629 1428 1700 νόμῳ
1462 1628 1792 1699 γέγραπται,

233 1723 304 1776 Οὐ
336 1719 601 1792 φιμώσεις
635 1720 763 1791 βοῦν
805 1721 1070 1776 ἀλοῶντα.
1101 1721 1192 1790 Μὴ
1231 1720 1338 1773 τῶν
1367 1719 1504 1789 βοῶν
1538 1719 1688 1788 μέλει
1718 1718 1796 1790 τῷ

231 1812 367 1883 Θεῷ;
425 1812 457 1882 ἢ
502 1811 571 1864 δι’
626 1814 776 1882 ἡμᾶς
835 1813 1052 1876 πάντως
1114 1812 1297 1880 λέγει;
1347 1813 1425 1864 Δι’
1488 1814 1638 1882 ἡμᾶς
1687 1811 1796 1883 γὰρ

233 1902 451 1972 ἐγράφη,
483 1901 568 1953 ὃτι
598 1901 684 1953 ἐπ’
703 1900 878 1953 ἑλπίδι
901 1901 1102 1970 ὀφείλει
1140 1903 1168 1953 6
1215 1901 1486 1972 ἀροτριῶν
1514 1902 1792 1973 ἀροτριᾷν,

233 1994 315 2046 καὶ
341 1995 366 2045 6
399 1991 574 2045 ἀλοῶν
617 1993 703 2044 ἐπ’
737 1992 913 2045 ἑλπίδι
936 1991 1031 2045 τοῦ
1067 1991 1337 2062 μετέχειν.
1372 2010 1389 2042 ι
1421 1987 1559 2046 Εἶτα
1582 1992 1792 2055 τούτοις

232 2089 517 2157 ἐπήνεγκεν
569 2084 758 2150 εὐθύς·
791 2103 811 2138 ι
853 2085 915 2138 Et
959 2086 1122 2156 ἡμεῖς
1161 2085 1290 2162 ὑμῖν
1325 2082 1394 2137 τὰ
1445 2084 1791 2155 πνευματικὰ

233 2179 576 2247 ἐσπείραμεν,
600 2177 762 2248 μέγα,
795 2178 844 2229 εί
861 2177 1022 2248 ἡμεῖς
1046 2176 1201 2247 ὑμῶν
1230 2175 1296 2230 τὰ
1321 2175 1561 2248 σαρκικὰ
1585 2177 1794 2250 θερίσο-

235 2288 354 2340 μεν;
383 2271 442 2322 Εἰ
466 2269 621 2323 ἄλλοι
644 2271 740 2340 τῆς
769 2268 1018 2334 ἐξουσίας
1036 2271 1190 2341 ὑμῶν
1219 2272 1558 2341 μετέχουσιν,
1580 2270 1636 2324 ού
1659 2272 1794 2342 μᾶλ-

230 2363 310 2414 λον
338 2364 492 2433 ἡμεῖς
517 2379 530 2426 ;
584 2362 722 2415 Ἀλλ’
749 2362 850 2416 οὐκ
877 2364 1227 2435 ἐχρησάμεθα
1263 2368 1328 2435 τῇ
1357 2364 1574 2435 ἐξουσίᾳ
1596 2364 1790 2436 ταύτῃ,

230 2453 354 2506 ἀλλὰ
403 2455 589 2508 πάντα
629 2455 913 2524 στέγομεν,
950 2455 1038 2508 ἴνα
1080 2455 1155 2527 μὴ
1182 2457 1421 2527 ἐγκοπήν
1459 2473 1579 2509 τινα
1617 2457 1794 2527 δῶμεν

231 2546 298 2615 τῷ
331 2545 645 2617 Εὑαγγελίῳ
672 2545 767 2599 τοῦ
807 2547 1069 2618 Χριστοῦ.
1113 2567 1132 2600 ι
1167 2543 1298 2600 Εἶτα
1330 2548 1488 2601 πάλιν
1515 2548 1796 2618 ἐπιστηρί-

233 2639 304 2703 ζει
337 2640 409 2709 (l)
432 2655 446 2668 °
486 2659 503 2692 ‹
545 2639 644 2702 Τίς
667 2635 760 2693 οὖν
797 2639 899 2710 μού
931 2642 1079 2693 ἐστιν
1107 2641 1135 2693 6
1164 2639 1389 2710 μισθός;
1423 2641 1539 2693 Ἵνα
1568 2641 1798 2708 εὐαγγε-

232 2730 495 2800 λιζόμενος
530 2729 810 2783 ἀδάπανον
859 2730 1008 2801 θήσω
1041 2731 1101 2783 16
1147 2731 1498 2799 Εύαγγέλιον.
1555 2750 1572 2782 ι
1635 2733 1795 2802 Ὁρᾷς

232 2823 363 2884 ὅπως
395 2823 534 2893 ὑπὲρ
564 2823 624 2875 τὸ
643 2821 833 2876 δοκοῦν
853 2821 930 2891 τῷ
950 2823 1172 2893 Χριστῷ
1202 2825 1294 2876 καὶ
1328 2822 1404 2892 τῷ
1432 2823 1599 2877 πάλαι
1626 2823 1795 2893 νόμῳ,

233 2914 463 2980 ἐξουσίαν
519 2914 665 2985 ἔχων
710 2917 774 2968 ὲκ
823 2914 919 2968 τοῦ
971 2916 1304 2983 Εύαγγελίου
1360 2914 1481 2986 ζῇν,
1527 2915 1798 2968 ἀδάπανον

233 3005 381 3058 ἐτίθει
410 3005 470 3058 16
505 3007 867 3074 Εύαγγέλιον,
902 3007 1073 3080 δῶρον
1120 3007 1308 3078 ῶσπερ
1349 2985 1593 3060 ἑκούσιον
1626 3009 1800 3060 ἀνατι-
1856 2985 1863 2992 Ι

233 3095 334 3159 θεὶς
362 3098 422 3150 16
457 3099 654 3169 χρῆμα
697 3098 877 3169 αύτῷ;
925 3099 997 3151 Τὸ
1025 3099 1081 3151 δὲ
1121 3098 1184 3168 δὴ
1229 3098 1302 3169 μὴ
1341 3098 1538 3168 χρῆναι
1580 3100 1797 3166 γαμεῖν,

233 3188 342 3241 οὔτε
371 3191 398 3242 6
440 3190 680 3254 παλαιὸς
722 3190 907 3261 νόμος,
954 3189 1076 3242 οὕτε
1103 3190 1162 3242 16
1193 3190 1312 3244 νέον
1349 3191 1481 3259 ἡμῖν
1515 3189 1801 3242 τεθέσπικε

235 3285 499 3356 κήρυγμα.
547 3285 658 3337 Καὶ
698 3284 828 3352 γοῦν
857 3286 884 3337 6
913 3283 1125 3346 Παῦλος
1173 3299 1305 3353 φησι
1327 3297 1342 3311 ⁶
1381 3302 1396 3334 ι
1436 3283 1569 3352 Περὶ⁴
1603 3282 1659 3335 δὲ
1690 3281 1800 3336 τῶν

237 3375 502 3444 παρθένων
556 3375 826 3446 ἐπιταγὴν
851 3374 1057 3444 Κυρίου
1091 3375 1192 3426 οὐκ
1216 3373 1344 3444 ἔχω.
1386 3393 1403 3425 ι
1439 3372 1586 3424 Ἀλλ’·
1607 3374 1656 3425 οἱ
1683 3372 1808 3440 σφό-

238 3469 328 3539 δρα
370 3469 613 3522 νεανικοὶ
665 3467 798 3539 πρὸς
837 3467 1154 3526 εὐσέϐειαν,
1201 3465 1664 3535 κατανεκροῦντες
1709 3465 1808 3534 τὴν

241 3555 424 3628 σάρκα,
454 3558 712 3630 λαμπρὸν
747 3558 1003 3628 ἀνάθημα
1050 3556 1384 3628 προσάγουσι
1423 3555 1500 3624 τῷ
1543 3555 1683 3626 Θεῷ,
1709 3554 1807 3622 τὴν

241 3649 365 3719 ὑπὲρ
393 3649 556 3719 νόμον
599 3647 948 3719 ἐγκράτειαν,
979 3648 1072 3700 καὶ
1101 3647 1290 3718 ὥσπερ
1321 3645 1444 3699 τινὰ
1473 3646 1678 3715 κόσμον
1718 3646 1808 3697 εύ-

239 3741 428 3811 τέχνως
460 3740 830 3812 εἰργασμένον
864 3739 964 3810 τὴν
993 3739 1050 3805 ἐξ
1075 3738 1236 3809 ἔργου
1273 3754 1333 3790 τε
1367 3737 1462 3790 καὶ
1489 3737 1649 3805 λόγου
1687 3754 1811 3789 συνο

241 3831 548 3904 τεθειμένην
584 3831 815 3902 ἀρίστην
834 3829 1003 3900 ζωήν.
1033 3827 1400 3900 Εἰσεκόμισαν
1427 3827 1483 3880 δὲ
1511 3827 1718 3897 Μωσῆς
1750 3844 1811 3880 τε

241 3925 324 3978 καὶ
365 3923 576 3996 Ἀαρὼν
624 3926 704 3986 είς
739 3923 838 3994 τὴν
889 3921 1051 3989 ἁγίαν
1093 3920 1300 3990 σκηνὴν
1338 3919 1406 3972 τὰ
1448 3935 1812 3991 προσκεκομι-

245 4018 430 4088 σμένα·
472 4016 644 4070 δεκτὰ
675 4017 784 4087 γὰρ
821 4013 1064 4085 Χριστῷ,
1100 4013 1195 4066 καὶ
1240 4011 1467 4074 πλοῦτος
1499 4010 1722 4082 αύχημά
1754 4028 1812 4063 τε

243 4111 502 4182 λαμπρὸν,
542 4112 616 4164 τὰ
643 4110 751 4162 τῶν
787 4108 956 4177 ἁγίων
1001 4104 1490 4176 ἁνδραγαθήματα,
1524 4104 1592 4156 δι’
1613 4097 1688 4157 ὧν
1720 4105 1816 4158 καὶ

249 4207 471 4278 μακρὰν,
499 4203 706 4278 μᾶλλον
743 4203 797 4254 δὲ
823 4199 1179 4269 ἀτελεύτητον
1210 4196 1662 4266 ἀποκερδαίνουσι
1683 4199 1816 4268 μνή-

250 4316 365 4369 μην,
393 4299 486 4350 καὶ
519 4297 621 4366 τῆς
653 4295 804 4358 θείας
829 4292 1170 4363 ἐπισκέψεως
1195 4291 1379 4359 ἀξίους
1402 4291 1563 4354 ὄντας
1592 4292 1818 4353 ἑαυτοὺς

248 4389 599 4458 ἀποφαίνουσι
622 4401 636 4416 '
666 4385 726 4439 16
761 4385 869 4456 γὰρ
899 4385 1078 4438 ἔναντι
1104 4383 1309 4454 Κυρίου
1330 4382 1604 4436 τεθεῖσθαι
1639 4382 1818 4450 λέγειν

247 4484 308 4536 τὰ
328 4483 677 4554 ἀναθήματα,
711 4479 952 4532 τοιοῦτον
983 4496 1034 4530 τι
1069 4477 1235 4546 δηλοῖ.
1270 4475 1430 4544 Μέγα
1457 4475 1512 4527 δὲ
1547 4475 1640 4528 καὶ
1678 4474 1821 4540 ἐξαί-

253 4590 394 4646 ρετον
421 4574 480 4626 16
510 4573 589 4636 ῶς
624 4575 681 4625 ὲν
733 4571 853 4640 ὄψει
895 4568 1108 4622 κεῖσθαι
1140 4567 1278 4634 Θςοῦ
1299 4585 1312 4600 ·
1341 4569 1475 4638 τιμᾷ
1515 4565 1623 4637 γὰρ
1655 4567 1821 4639 ὑπερο

249 4664 404 4733 φυῶς,
444 4665 542 4728 οῦς
571 4664 664 4716 καὶ
698 4662 900 4732 ἐφορᾷν
931 4660 1094 4725 ἀξιοῖ.

1817 621 1862 677 Δ
1961 617 2157 673 PALL.
2201 615 2256 668 Id
2287 628 2415 668 vero
2453 611 2614 682 quale
2649 610 2866 666 tandem
2896 611 3015 665 est?

1961 707 2117 763 CYI’l.
2153 705 2222 758 Iis
2257 704 2349 773 qui
2383 701 2734 772 Evangelium
2765 700 3172 766 annuntiarent,
3197 716 3262 755 ex
3285 699 3466 754 Evan-

1892 818 2034 889 gelio
2081 816 2267 871 vivere
2317 813 2601 869 constituit
2653 813 2905 868 Christus
2950 832 2961 866 :
3007 813 3061 867 id
3114 814 3290 882 ipsum
3337 813 3471 884 legis

1892 924 2109 981 quoque
2155 915 2428 978 prtecepto
2472 904 2797 960 conﬁrmare
2837 905 3049 960 curavit
3083 905 3304 968 Paulus,
3345 921 3470 959 cum

1893 1000 2150 1071 scripsit,
2203 1015 2350 1054 nunc
2393 997 2613 1067 quidem
2654 1013 2710 1048 ε(
2756 997 2858 1063 Qui
2912 997 3107 1052 hostiis
3151 1007 3469 1064 vescuntur,

1893 1090 2029 1145 socii
2079 1105 2143 1144 ac
2193 1087 2488 1159 participes
2549 1094 2675 1141 sunt
2725 1085 2910 1140 altaris
2952 1087 3024 1152 ‘5;
3064 1106 3082 1137 ι
3142 1101 3291 1140 nunc
3341 1100 3475 1138 vero

1894 1197 2104 1245 rursus,
2141 1195 2264 1234 cum
2320 1178 2374 1232 id
2418 1177 2567 1232 omni
2621 1193 2846 1246 prorsus
2899 1192 3090 1232 vacare
3143 1177 3303 1246 culpa
3358 1185 3476 1230 tan-

1895 1289 2060 1342 quam
2094 1271 2421 1327 necessariis
2455 1269 2716 1340 exemplis
2742 1268 3001 1332 ostendit,
3029 1269 3254 1323 dicens:
3293 1287 3310 1318 ί
3337 1268 3476 1334 Quis

1895 1365 2106 1436 plantat
2152 1364 2392 1427 vineam,
2436 1371 2492 1416 et
2533 1361 2599 1416 de
2640 1361 2821 1416 fructu
2865 1361 2984 1431 ejus
3019 1377 3131 1415 non
3166 1359 3311 1415 edit?
3343 1357 3476 1426 Quis

1896 1455 2072 1524 pascit
2105 1469 2344 1524 gregem,
2375 1462 2431 1506 et
2477 1451 2542 1506 de
2589 1452 2728 1506 lacte
2777 1452 2954 1523 gregis
2994 1467 3102 1505 non
3146 1449 3474 1505 manducati

1896 1547 1977 1602 An
2017 1545 2319 1601 secundum
2359 1544 2636 1599 hominem
2692 1544 2809 1598 hzee
2863 1543 3026 1599 dico?
3071 1542 3337 1612 numquid
3367 1558 3476 1597 non

1896 1638 2062 1692 etiam
2090 1637 2177 1691 lex
2202 1637 2306 1691 hoc
2328 1635 2497 1690 dicit?
2527 1635 2582 1689 In
2607 1636 2723 1706 lege
2753 1650 2989 1705 namque
3014 1634 3177 1705 Moysi
3211 1634 3476 1704 scriptum

1898 1736 1981 1783 est
2014 1747 2026 1782 :
2061 1729 2179 1783 Non
2221 1727 2466 1799 alligabis
2498 1743 2561 1782 os
2593 1728 2718 1782 bovi
2754 1727 3050 1782 trituranti.
3093 1727 3356 1796 Nunquid
3408 1727 3476 1781 de

1899 1819 2078 1873 bobus
2117 1834 2247 1872 cura
2290 1827 2372 1873 est
2410 1819 2558 1873 Deo?
2600 1835 2668 1872 an
2709 1826 2933 1888 propter
2972 1833 3075 1873 nos
3115 1817 3340 1872 omnino
3373 1817 3479 1872 hoc

1900 1909 2072 1964 dicit?
2109 1910 2339 1978 Propter
2381 1925 2481 1963 nos
2522 1909 2669 1962 enim
2714 1909 2976 1979 scriptum
3013 1916 3116 1973 est,
3155 1908 3282 1978 quia
3317 1907 3482 1962 debet

1901 2002 1956 2056 in
1990 2018 2107 2073 spe,
2139 2002 2231 2071 qui
2267 2010 2402 2065 arat,
2434 2017 2620 2066 arare;
2653 2008 2707 2054 et
2732 2001 2823 2070 qui
2858 2000 3097 2064 triturat,
3132 2000 3187 2053 in
3229 2014 3323 2069 spe
3353 2015 3479 2068 par-

1903 2093 2165 2162 ticipandi
2199 2094 2262 2146 η.
2302 2113 2320 2143 ι
2363 2093 2458 2147 llis
2491 2092 2689 2146 deinde
2725 2093 2905 2156 dictis,
2949 2092 3136 2146 intulit
3174 2091 3435 2146 continuo
3465 2109 3476 2143 :

1910 2202 1927 2234 ‹
1973 2182 2029 2236 Si
2073 2198 2175 2237 nos
2222 2182 2380 2238 vobis
2426 2182 2731 2252 spiritualia
2773 2182 3182 2248 seminavimus,
3225 2198 3481 2253 magnum

1902 2283 2004 2341 est,
2033 2275 2080 2329 si
2104 2291 2204 2329 nos
2230 2275 2472 2330 carnalia
2496 2284 2678 2331 vestra
2704 2277 3004 2330 metamus?
3034 2275 3089 2330 Si
3121 2275 3212 2330 alii
3247 2282 3485 2345 potesta~

1903 2366 1974 2421 tis
2010 2374 2208 2420 vestra:
2244 2367 2538 2436 participes
2584 2375 2731 2447 sunt,
2767 2383 2936 2438 quare
2982 2383 3090 2421 non
3132 2366 3316 2436 potius
3347 2368 3483 2420 nos?

1904 2457 2012 2512 Sed
2041 2473 2150 2511 non
2183 2457 2266 2511 usi
2297 2473 2486 2514 sumus
2513 2459 2615 2512 hac
2645 2467 2942 2529 potestate;
2977 2458 3072 2512 sed
3103 2459 3285 2512 omnia
3314 2458 3482 2512 susti-

1903 2563 2119 2611 nemus,
2159 2562 2230 2601 ne
2269 2546 2490 2617 aliquod
2533 2546 2986 2616 impedimentum
3018 2547 3211 2601 demus
3234 2547 3482 2618 Evange-

1904 2639 1978 2692 lio
2022 2639 2227 2693 Christi
2267 2640 2332 2693 ¹⁷.
2365 2659 2382 2690 ›
2436 2638 2642 2694 Deinde
2686 2639 2868 2694 denuo
2913 2639 3199 2694 conﬁrmat
3242 2657 3254 2691 :
3305 2660 3322 2689 ι
3355 2637 3487 2704 ραι.

1905 2730 2071 2800 igitur
2098 2739 2182 2786 est
2212 2745 2423 2785 merces
2455 2733 2614 2786 mea?
2650 2732 2719 2788 Ut
2761 2731 3115 2803 Evangelium
3158 2729 3485 2804 praedicans,

1907 2819 2024 2875 sine
2067 2830 2286 2892 sumptu
2328 2838 2524 2892 ponam
2568 2823 2924 2894 Evangelium
2950 2822 3010 2874 η.
3048 2842 3066 2872 ι
3111 2821 3277 2876 Vides
3318 2819 3486 2891 igitur

1907 2913 2390 2982 quemadmodum,
2449 2929 2614 2984 supra
2683 2931 2844 2983 quam
2901 2913 3154 2972 Christus
3197 2929 3262 2967 ac
3305 2913 3485 2983 prisca

1909 3005 1995 3059 lex
2047 3005 2412 3068 constituerit,
2461 3006 2712 3074 quamvis
2774 3005 3086 3063 facultatem
3139 3003 3370 3059 haberet
3419 3019 3488 3058 ex

1910 3098 2203 3168 Evangelio
2231 3096 2472 3160 vivendi,
2498 3097 2615 3152 sine
2643 3106 2860 3168 sumptu
2898 3093 3092 3150 tamen
3107 3105 3274 3170 ponat
3305 3097 3486 3150 Evan-

1910 3189 2141 3259 gelium;
2168 3188 2332 3258 idque
2371 3187 2574 3242 factum
2604 3189 2771 3246 veluti
2804 3188 3173 3248 voluntarium
3213 3185 3489 3256 quoddam

1832 3310 1877 3370 ο
1912 3281 2118 3334 donum
2167 3279 2245 3333 illi
2292 3281 2610 3335 consecret?
2647 3280 2722 3334 De
2772 3295 2942 3332 uxore
2984 3294 3202 3349 quoque
3240 3293 3350 3331 non
3388 3276 3490 3332 du-

1911 3373 2081 3428 cenda
2143 3387 2321 3440 neque
2371 3379 2530 3426 vetus
2571 3372 2655 3424 lex
2706 3371 2911 3447 aliquid
2963 3371 3143 3435 nobis,
3174 3386 3353 3440 neque
3400 3386 3488 3424 re-

1911 3481 2040 3520 cens
2090 3464 2369 3534 Evangelii
2425 3463 2741 3534 praedicatio
2793 3463 2990 3520 sanxit.
3044 3463 3232 3532 Ilaque
3288 3463 3493 3518 Paulus

1910 3558 2021 3611 ait:
2058 3574 2075 3606 ‹
2104 3557 2178 3610 De
2208 3554 2513 3624 virginibus
2547 3563 2730 3610 autem
2774 3561 3104 3624 prteoeptum
3135 3554 3354 3608 Domini
3383 3570 3493 3607 non

1913 3649 2090 3703 habeo
2117 3650 2181 3701 ¹⁹.
2221 3667 2238 3698 ι
2275 3647 2362 3711 At,
2401 3647 2494 3716 qui
2537 3647 2831 3706 admodum
2873 3645 3083 3701 strenui
3120 3654 3249 3700 sunt
3277 3646 3345 3700 ad
3377 3654 3494 3700 stu-

1912 3741 2066 3795 dium
2106 3741 2343 3810 pietatis,
2382 3739 2534 3810 131
2562 3755 2780 3793 carnem
2817 3739 3117 3794 conﬁciunt
3153 3748 3316 3810 atque
3347 3755 3496 3794 mor-

1914 3832 2123 3894 tiﬁeant
2186 3851 2198 3884 :
2273 3833 2455 3901 itaque
2510 3839 2768 3900 tanquam
2832 3831 3042 3884 clarum
3113 3832 3226 3886 Deo
3291 3831 3496 3886 donum

1913 3924 2330 3988 continentiam,
2379 3939 2499 3992 quae
2547 3925 2690 3977 ultra
2747 3924 2921 3994 legem
2960 3932 3064 3989 est,
3115 3933 3172 3978 et
3217 3921 3385 3977 vitam
3431 3939 3498 3977 ex

1915 4015 2084 4070 verbo
2122 4023 2176 4070 et
2208 4030 2371 4084 Opere
2418 4015 2678 4084 praeclare
2725 4014 3102 4083 compositam,
3137 4014 3288 4068 velut
3333 4029 3498 4067 orna-

1916 4117 2162 4169 mentum
2198 4108 2491 4162 artiﬁciose
2521 4106 2863 4161 elaboratum
2897 4106 3156 4162 oﬁ‘erunt.
3191 4106 3501 4162 Intulerunt

1918 4209 2101 4258 autem
2132 4199 2342 4271 Moyses
2372 4205 2428 4253 et
2457 4198 2636 4252 Aaron
2675 4197 2729 4251 in
2769 4205 3017 4252 sanctum
3061 4197 3496 4260 tabernaculum,

1919 4306 2040 4360 quze
2093 4290 2272 4344 oblata
2326 4287 2542 4341 fuerant
2579 4304 2591 4339 :
2637 4302 2763 4340 nam
2807 4287 3028 4341 fortium
3062 4287 3308 4341 virorum
3358 4285 3501 4340 facta

1918 4382 2136 4438 Christo
2173 4388 2324 4452 grata
2364 4387 2513 4444 sunt,
2548 4387 2604 4433 et
2646 4386 2910 4448 praeterea
2945 4387 3202 4448 tanquam
3242 4377 3502 4432 Ecclesiae

1921 4489 2053 4543 opes
2090 4489 2153 4526 ac
2198 4472 2459 4542 praeclara
2501 4479 2841 4532 ornamenta,
2883 4485 2981 4541 per
3028 4485 3148 4538 quae
3189 4469 3268 4523 illi
3307 4483 3501 4522 conse-

1923 4573 2167 4634 quuntur
2213 4571 2272 4616 ut
2321 4562 2611 4626 diuturnae,
2672 4562 2781 4616 imo
2818 4577 2952 4617 vero
2999 4562 3348 4630 sempiternae
3391 4574 3506 4613 mc-

1852 4654 1892 4706 D
1923 4657 2109 4711 moriae
2157 4661 2577 4720 consecrentur;
2633 4655 2880 4724 talesque
2931 4670 2987 4708 se
3032 4661 3289 4724 praestant
3319 4658 3378 4706 ut
3417 4651 3500 4704 in-

250 4757 515 4825 spectione
586 4755 768 4810 divina
821 4752 971 4822 digni
1015 4751 1321 4805 habeantur
1357 4769 1369 4802 :
1406 4766 1552 4814 nam,
1623 4749 1769 4820 quod
1838 4751 2044 4805 dictum
2080 4757 2181 4813 est,
2225 4750 2278 4802 in
2330 4757 2638 4817 conspectu,
2675 4747 2890 4808 Domini
2935 4746 3111 4816 posita
3181 4761 3302 4800 esse
3337 4743 3500 4805 dona,

250 4853 552 4924 hujusmodi
615 4850 872 4921 quiddam
931 4846 1218 4917 signiﬁcat.
1279 4846 1529 4916 Magnum
1584 4862 1716 4899 vero
1767 4855 1822 4900 et
1854 4846 2117 4899 eximium
2167 4851 2271 4907 est,
2345 4844 2401 4897 in
2477 4841 2651 4897 oculis
2691 4842 2786 4896 Dei
2828 4839 3228 4912 quodammodo
3263 4835 3494 4908 positum

253 4959 362 4999 esse
393 4962 405 4997 :
441 4959 568 4998 nam
619 4958 716 4997 eos
750 4939 971 5010 plurimi
1012 4938 1102 4991 ille
1143 4937 1292 5000 facit,
1333 4953 1470 5006 quos
1508 4947 1727 5006 aspectu
1767 4953 1865 4991 suo
1902 4937 2176 5008 dignatur.

317 5037 520 5090 ῐΙΑᾹΛ.
561 5033 657 5087 Ἐκ
685 5031 894 5086 πολλῶν
937 5030 1034 5099 μὲν
1063 5029 1214 5099 ἡμῖν,
1235 5027 1308 5091 ῶς
1359 5027 1499 5079 ἔοικε
1519 5067 1533 5090 ,
1568 5026 1819 5097 σημαίνει

251 5130 433 5198 λέγων,
463 5127 524 5180 16
559 5123 946 5179 ἀναπείθεσθαι
975 5123 1069 5176 καὶ
1099 5122 1346 5191 φρονεῖν,
1377 5117 1452 5182 ὡς
1479 5117 1541 5170 τό
1577 5135 1659 5170 τοι
1688 5117 1822 5188 χρῆ-

253 5239 332 5274 ναι
367 5221 746 5293 καρποφορεῖν.
782 5216 981 5289 πρέπει
1023 5213 1090 5268 ἂν
1127 5213 1225 5283 ούχ
1261 5211 1466 5282 ἑτέροις
1521 5209 1742 5280 μᾶλλον,
1788 5209 1821 5279 ἢ

255 5318 354 5378 τοῖς
385 5315 522 5382 ἄγαν
553 5310 955 5386 ἀνδριζομένοις
984 5307 1076 5369 καὶ
1114 5305 1358 5373 εἰωθόσιν
1388 5303 1714 5372 εὐδοκιμεῖν.

326 5647 367 5675 ’⁸
390 5647 407 5698 1
433 5645 560 5698 Cor.
605 5662 656 5705 χ,
687 5643 770 5696 I8.

331 5784 404 5857 (Ι)
445 5782 578 5840 Cod.
620 5783 763 5848 \’at.,
799 5778 1116 5835 ἐπιστέλλει.

854 5641 897 5672 ¹⁶
921 5641 940 5694 I
965 5639 1091 5695 Cor.
1129 5656 1202 5704 Ix,
1232 5637 1382 5692 7-10.
1463 5635 1502 5667 ¹⁷
1541 5633 1701 5700 Ibid.,
1738 5631 1825 5698 Il,
1860 5629 1942 5683 12.
2023 5629 2066 5661 ¹³
2092 5626 2252 5692 Ibid.,
2286 5627 2368 5679 18.

2003 5025 2202 5081 PALL.
2237 5023 2422 5078 Multis
2471 5022 2636 5093 igitur
2675 5021 2862 5076 verbis
2905 5020 2957 5074 id
2988 5019 3149 5072 nobis
3193 5017 3502 5088 signiﬁcare

1929 5119 2171 5182 videtur,
2220 5117 2295 5170 ita
2332 5130 2658 5184 persuasum
2693 5113 2854 5169 nobis
2885 5128 3006 5168 esse
3059 5111 3263 5166 debere
3319 5110 3502 5181 itaque

1934 5208 2305 5272 sentiendum,
2329 5208 2434 5261 hoc
2463 5206 2660 5277 ipsum,
2686 5207 2828 5260 dona
2860 5205 3060 5259 offerre
3077 5204 3212 5268 Deo,
3241 5217 3352 5258 non
3384 5203 3505 5256 aliis

1934 5303 2106 5374 magis
2139 5301 2433 5357 convenire
2473 5317 2634 5371 quam
2675 5301 2768 5370 qui
2816 5313 2874 5353 se
2919 5306 3142 5353 strenue
3186 5312 3249 5353 ac
3287 5296 3504 5351 fortiter

1934 5403 2143 5466 gerant,
2178 5405 2234 5450 et
2269 5409 2407 5464 szepe
2435 5408 2501 5447 ex
2552 5399 2698 5447 recte
2739 5391 2896 5447 factis
2925 5389 3292 5465 laudemsibi
3335 5403 3504 5461 pepe-

1932 5486 2123 5541 rerint.

2467 5624 2507 5656 "
2541 5624 2561 5679 I
2595 5624 2718 5679 Cor.
2753 5639 2844 5688 vn,
2896 5622 2985 5677 25.
