4046 6514
577 354 682 411 315

1572 354 1629 407 S.
1670 352 1948 409 CYRILLI
1988 350 2457 412 ALEXANDRINI
2490 352 2813 411 ARCIIIEP.

3739 350 3842 408 3H

645 472 805 529 CIII.
831 472 1003 544 Euge,
1033 471 1259 537 Palladi,
1290 476 1438 526 recte
1483 474 1720 546 namque
1770 473 2073 541 existimas,
2092 475 2157 530 "et

2328 475 2493 530 ΚΥΡ.
2526 470 2691 545 Εὖγε,
2720 469 2766 528 ὧ
2799 473 3087 539 Παλλάδιε,
3116 473 3299 544 διανοῇ
3322 474 3432 545 γὰρ
3456 472 3653 545 ὀρθῶς.
3685 471 3840 542 Ἔχει

576 580 688 620 non
719 563 883 619 modo
907 564 1021 634 ipsa
1045 578 1133 617 res
1156 563 1232 617 ita
1256 577 1314 616 se
1347 562 1530 627 habet,
1548 562 1645 617 sed
1674 564 1839 619 etiam
1858 564 2154 636 Scriptum

576 672 744 712 sacra:
795 655 1113 711 testimonio
1175 654 1559 711 conﬁrmatur.
1630 656 1768 711 Cum
1820 658 1970 713 enim
2028 658 2157 714 ﬁliis

576 749 741 804 Israel
762 748 943 803 adhuc
976 748 1029 803 in
1062 764 1249 803 eremo
1276 750 1747 805 commorantibus
1777 767 1993 806 sacrum
2020 752 2155 807 illud

578 840 991 896 tabernaculum
1034 840 1246 913 erigere
1302 842 1470 897 vellet
1501 844 1667 906 Deus,
1711 845 1858 915 quod
1897 844 2155 901 Ecclesia:

574 950 641 989 ex
679 934 935 1005 gentibus
977 934 1221 990 collectae
1246 934 1474 1006 ﬁguram
1510 944 1567 992 et
1594 937 1890 1008 imaginem
1915 949 2151 1009 gereret,

568 1025 734 1095 jussit
768 1033 848 1090 ut,
877 1040 999 1096 qua:
1033 1027 1091 1081 in
1136 1040 1258 1082 eam
1290 1042 1409 1084 rem
1437 1044 1577 1099 opus
1610 1039 1815 1094 essent,
1858 1036 2157 1102 congrega-

572 1126 785 1171 rentur.
824 1116 1013 1187 Itaque
1061 1118 1142 1174 sic
1173 1132 1459 1174 sacrorum
1513 1120 1879 1191 interpretem
1932 1122 2155 1194 Moysen

571 1216 657 1262 est
704 1208 1010 1267 allocutus:
1076 1230 1094 1263 ι
1126 1211 1183 1267 Si
1241 1214 1522 1284 acceperis
1580 1230 1850 1269 summam
1913 1214 2155 1270 ﬁliorum

573 1299 763 1367 Israel,
803 1302 862 1357 in
896 1305 1217 1360 recensione
1265 1320 1458 1360 eorum
1513 1306 1723 1361 dabunt
1774 1309 2156 1379 unusquisque

574 1392 754 1463 pretia
786 1394 1183 1466 redemptionis
1240 1397 1435 1452 anima:
1476 1404 1587 1452 suae
1639 1396 1893 1465 Domino,
1948 1408 2004 1454 et
2043 1416 2154 1455 non

573 1483 683 1539 erit
712 1484 769 1539 in
793 1487 875 1541 eis
901 1501 1061 1543 casus
1086 1488 1144 1542 in
1175 1490 1499 1545 recensione
1538 1506 1761 1559 eorum;
1792 1502 1849 1547 et
1892 1493 1999 1549 hoc
2022 1495 2153 1561 erit,

574 1575 723 1644 quod
770 1577 998 1645 dabunt,
1041 1581 1357 1651 quicunque
1407 1591 1694 1638 transeunt
1735 1585 1802 1639 ad
1854 1586 2153 1657 inspectio-

577 1682 724 1733 nem,
752 1668 987 1725 mediam
1030 1676 1243 1741 partem
1301 1674 1441 1740 sicli,
1503 1662 1725 1744 quiest
1762 1678 1916 1748 juxta
1958 1679 2155 1735 siclum

577 1766 829 1814 sanctum
895 1760 1109 1833 (viginti
1168 1764 1361 1821 obolos
1390 1766 1555 1821 habet
1588 1766 1801 1839 siclus),
1863 1768 2155 1825 dimidium

577 1860 763 1908 autem
820 1854 940 1910 sicli
976 1856 1243 1910 tributum
1298 1858 1549 1913 Domino.
1585 1857 1775 1915 Omnis
1818 1861 1912 1930 qui
1962 1863 2158 1917 transit

576 1945 633 1998 in
688 1945 1088 2016 inspectioncm
1132 1963 1162 2002 a
1201 1949 1392 2020 viginti
1417 1950 1577 2004 annis
1608 1960 1663 2005 et
1714 1966 1900 2021 supra,
1946 1952 2159 2009 dabunt

573 2036 845 2092 tributum
890 2039 1145 2095 Domino.
1191 2039 1358 2096 Dives
1396 2058 1507 2096 non
1562 2040 1805 2114 adjiciet,
1845 2053 1902 2099 et
1947 2060 2158 2115 pauper

574 2140 687 2184 n0n
720 2131 934 2188 minuet
959 2149 989 2188 a
1038 2132 1270 2189 dimidio
1307 2134 1450 2199 sicli,
1506 2150 1631 2188 cum
1668 2135 1831 2189 datur
1885 2136 2157 2192 tributum

573 2220 808 2278 Domino
834 2224 902 2278 ad
932 2225 1344 2295 propitiandum
1376 2242 1477 2296 pro
1512 2226 1802 2284 animabus
1841 2230 2071 2285 vestris:
2102 2240 2159 2286 ct

572 2313 813 2383 accipies
858 2318 1147 2385 argentum
1175 2316 1367 2371 tributi
1399 2334 1429 2371 a
1455 2316 1581 2373 ﬁliis
1618 2318 1805 2384 Israel,
1839 2329 1895 2374 et
1918 2319 2159 2386 dabisil-

573 2401 671 2458 Iud
694 2403 761 2458 ad
775 2420 915 2475 opus
932 2406 1271 2462 tabernaculi
1290 2410 1622 2475 testimonii;
1650 2419 1705 2465 et
1723 2412 1830 2466 erit
1846 2402 2155 2469 ﬁliisrlsrael

576 2506 1001 2554 monumentum
1055 2510 1241 2556 coram
1297 2502 1551 2568 Domino,
1603 2513 1663 2557 ut
1698 2505 2028 2575 propitietur
2056 2522 2158 2577 pro

576 2585 872 2641 animabus
898 2586 1096 2643 vestris
1110 2590 1212 2642 π.»
1260 2588 1417 2661 132
1446 2591 1586 2647 Ecce
1616 2591 1817 2647 iterum
1838 2593 2156 2665 diligentem

574 2677 953 2733 recensiOnem
973 2666 1167 2736 conﬁci
1190 2690 1446 2752 Oportere
1464 2682 1743 2753 legislator
1765 2686 1861 2751 ait,
1881 2687 2159 2742 conferre-

575 2785 684 2839 que
708 2770 875 2841 jussit
905 2773 1048 2828 dona
1073 2774 1306 2829 Domino
1349 2772 1640 2830 dimidium
1672 2778 1812 2832 sicli.
1840 2774 1943 2844 Qui
1972 2788 2156 2833 autem

575 2861 687 2919 sint
709 2864 805 2933 qui
837 2863 1037 2920 oil‘erre
1061 2865 1318 2932 debeant,
1353 2876 1543 2937 aperte
1566 2868 1790 2936 deﬁnit;
1811 2886 1990 2940 neque
2010 2872 2157 2926 enim

576 2954 905 3012 mulieribus
929 2957 984 3012 id
1018 2956 1223 3024 facere,
1273 2974 1453 3028 neque
1508 2959 1688 3014 adhuc
1726 2962 1915 3030 pueris
1950 2963 2156 3031 permi-

575 3047 647 3102 sit
672 3046 846 3103 Dcus:
876 3049 931 3104 in
961 3066 1092 3120 quo,
1129 3051 1233 3106 nisi
1262 3050 1442 3116 fallor,
1471 3052 1801 3123 improbavit
1824 3054 2073 3111 imbelles
2096 3071 2159 3111 ac

576 3135 789 3202 molles,
848 3144 905 3191 et
953 3139 1044 3209 qui
1092 3140 1385 3209 prudentia
1450 3142 1634 3198 minus
1676 3144 1919 3214 perfecta
1971 3155 2100 3201 sunt
2142 3164 2231 3241 τε

576 3228 943 3299 ascripsitque
970 3231 1027 3286 in
1060 3231 1412 3288 oilerentium
1436 3252 1729 3292 numerum
1769 3237 2016 3311 adultum
2044 3238 2157 3308 jam

574 3327 631 3373 et
654 3319 929 3391 vigentem
955 3323 1235 3393 juvenem,
1260 3336 1315 3381 et
1343 3330 1438 3397 qui
1456 3329 1524 3384 ad
1559 3329 1955 3399 inspectionem
1977 3338 2159 3385 trans-

576 3409 713 3476 iret,
751 3412 956 3480 quibus
982 3416 1161 3471 relatis
1188 3433 1395 3472 annum
1444 3421 1754 3489 prtescribit
1808 3422 2156 3476 vicesimum.

576 3496 692 3554 Soli
716 3502 867 3555 “enim
903 3503 1053 3575 digni
1084 3518 1214 3562 sunt
1238 3508 1438 3564 oli‘erre
1463 3510 1605 3565 dona
1642 3512 1874 3567 Domino
1899 3514 2052 3585 juxta
2078 3514 2159 3568 Ie-

578 3592 663 3663 gis
693 3597 1097 3667 praescriptum,
1131 3600 1225 3669 qui
1257 3601 1525 3670 puerilem
1566 3618 1791 3658 sensum
1838 3616 2001 3676 atque
2036 3623 2160 3661 mu-

578 3680 812 3736 liebrem
854 3686 1101 3741 animum
1150 3689 1499 3756 transiliunt,
1544 3692 1766 3762 jamque
1819 3696 1885 3750 ad
1943 3697 2160 3752 virilem

582 3780 899 3822 mensuram
934 3783 1329 3839 pervenerunt,
1367 3788 1492 3827 cum
1519 3782 1680 3829 aetate
1709 3792 1830 3847 quae
1858 3776 1912 3831 in
1939 3778 2161 3837 Christo

581 3855 914 3928 intelligitur
966 3868 1023 3914 et
1074 3861 1381 3931 spiritualis
1421 3873 1525 3928 est,
1572 3864 1733 3934 plena
1772 3868 1882 3921 sint
1916 3878 1972 3923 et
2017 3870 2159 3925 inte-

579 3964 696 4020 gra.
735 3950 803 4005 I'Ii
850 3960 1139 4008 transeunt
1184 3954 1255 4009 ad
1300 3955 1716 4025 inspectionem,
1755 3958 1809 4012 id
1843 3969 1946 4025 est,
1984 3977 2042 4016 se
2074 3962 2160 4016 di-

580 4050 716 4109 gnas
747 4040 997 4111 praebent
1044 4044 1137 4114 qui
1174 4044 1229 4098 in
1284 4044 1460 4101 oculis
1500 4046 1597 4100 Dei
1645 4057 1956 4116 versentur,
1994 4060 2052 4104 ut
2106 4053 2161 4107 in

580 4126 811 4185 Psalmis
835 4133 1084 4188 canitur:
1130 4156 1147 4185 ι
1171 4133 1329 4190 Oculi
1383 4136 1597 4191 Domini
1634 4150 1802 4209 super
1834 4142 2014 4211 justos
2036 4144 2102 4198 τ’.
2137 4164 2154 4196 ι

581 4221 656 4275 Ea
681 4237 847 4291 porro
873 4224 1266 4295 redemptionis
1288 4227 1461 4297 pretia
1476 4242 1577 4298 pro
1594 4231 1768 4286 salute
1788 4233 2157 4301 oﬁ‘erentium,

579 4324 635 4366 et
656 4312 724 4367 ad
753 4315 929 4370 sancti
960 4316 1300 4372 tabernaculi
1326 4330 1491 4390 Opera
1512 4362 1524 4384 ,
1556 4330 1611 4375 et
1653 4321 1710 4375 in
1742 4324 2159 4381 monumentum

581 4423 763 4462 coram
826 4410 1058 4466 Domino
1133 4412 1547 4468 olferebantur:
1613 4419 1878 4486 praeclara
1923 4435 2163 4491 namque

2255 569 2311 622 δέ
2327 564 2429 622 ὦδε
2448 569 2510 621 τὸ
2531 568 2719 639 χρῆμα
2741 570 2807 639 τῇ
2832 565 3015 635 φύσει,
3040 565 3133 618 καὶ
3155 567 3494 637 μαρτυρήσει
3520 560 3583 619 τὸ
3606 565 3841 637 γράμμα

2255 661 2316 714 τὸ
2361 661 2524 731 ἱερόν.
2569 660 2786 730 Ἐπειδὴ
2830 658 2937 730 γὰρ
2981 660 3093 722 τοῖς
3128 659 3264 721 υἱοῖς
3307 658 3523 730 Ἰσραὴλ
3554 657 3846 729 αύλιζομι-

2258 767 2367 814 νοις
2394 746 2475 802 ἔτι
2505 750 2647 803 κατά
2674 750 2773 820 τὴν
2803 749 3009 821 ἔρημον
3056 748 3154 819 τὴν
3187 747 3349 815 ἁγίαν
3379 749 3586 820 σκηνὴν
3613 748 3845 819 ἐγείρειν

2258 840 2510 896 ἐϐούλετο
2547 843 2575 896 6
2600 841 2754 907 Θεὸς,
2798 842 2878 905 εἰς
2916 840 3101 893 είκόνα
3132 839 3226 893 καὶ
3260 839 3430 915 τύπον
3458 840 3557 911 τῆς
3587 838 3649 905 ἐξ
3679 838 3846 895 ἐθνῶν

2270 934 2616 1006 Ἐκκλησίας,
2650 931 3066 1005 συναγείρεσθαι
3085 931 3196 986 δεῖν
3220 930 3290 985 τὰ
3316 932 3395 995 είς
3416 931 3577 985 τοῦτο
3599 932 3844 1003 χρήσιμα

2254 1022 2511 1083 διετύπου
2545 1027 2725 1081 πάλιν.
2764 1026 2908 1097 Ἔφη
2944 1042 3003 1078 τε
3040 1025 3183 1079 οὕτω
3225 1025 3359 1096 πρὸς
3386 1023 3476 1077 τὸν
3521 1025 3845 1095 ἱεροφάντην

2258 1120 2493 1174 Μωσέαο
2532 1140 2549 1171 ι
2620 1118 2744 1171 Ἐὰν
2800 1116 2970 1188 λάϐῃς
3016 1116 3108 1169 τὸν
3147 1114 3504 1186 συλλογισμὸν
3552 1113 3667 1169 τῶν
3716 1115 3845 1169 υίῶν

2272 1215 2485 1286 Ἰσραὴλ
2507 1217 2565 1268 ἐν
2585 1216 2651 1285 τῇ
2675 1205 2946 1283 ἐπισκοπῇ
2978 1212 3177 1276 αὐτῶν,
3205 1212 3299 1266 καὶ
3322 1212 3587 1267 δώσουσιν
3617 1212 3846 1280 ἕκαστος

2258 1304 2429 1376 λύτρα
2466 1305 2565 1375 τῆς
2611 1304 2791 1375 ψυχῆς
2841 1303 3007 1357 αὑτοῦ
3042 1304 3264 1375 Κυρίῳ,
3308 1306 3402 1357 καὶ
3443 1305 3547 1358 ούκ
3581 1305 3738 1358 ἐσται
3791 1307 3846 1359 ἐν

2259 1399 2444 1461 αὐτοῖς
2490 1397 2696 1460 πτῶσις
2744 1399 2801 1450 ἐν
2848 1398 2913 1466 τῇ
2958 1397 3229 1465 ἐπισκοπῇ
3276 1396 3494 1449 αὐτῶν*
3546 1397 3644 1449 καὶ
3695 1396 3847 1449 τοῦτό

2259 1494 2406 1545 ἐστιν
2430 1490 2458 1543 ὃ
2477 1489 2759 1553 δώσουσιν,
2777 1489 2890 1543 ὅσοι
2918 1488 3015 1542 ἐὰν
3045 1487 3384 1558 πορεύωνται
3405 1486 3504 1559 τὴν
3525 1487 3839 1557 ἐπίσκεψιν,

2256 1583 2319 1637 τὸ
2351 1585 2521 1655 ἣμισυ
2556 1581 2646 1635 τοῦ
2677 1581 3007 1652 διδράχμου,
3055 1582 3084 1634 ὃ
3131 1583 3245 1633 ἐστι
3281 1579 3424 1634 κατὰ
3464 1570 3766 1650 δίδραχμον
3791 1582 3849 1634 τὸ

2259 1675 2412 1745 ἆγιον
2438 1716 2453 1740 ,
2492 1673 2696 1729 εἴκοσιν
2739 1673 2917 1727 ὀϐολοὶ
2962 1674 3024 1727 τὸ
3076 1673 3401 1743 δίδραχμον,
3432 1672 3493 1725 τδ
3543 1674 3720 1743 ἥμισυ
3757 1673 3847 1727 τοῦ

2261 1768 2557 1840 διδράχμου
2591 1766 2823 1839 εἰσφορά
2847 1765 2924 1837 τῷ
2955 1765 3162 1837 Κυρίῳ.
3192 1752 3309 1828 Πᾶς
3337 1766 3366 1818 6
3393 1769 3850 1836 παραπορευόμε-

2260 1878 2349 1925 νος
2394 1863 2472 1923 είς
2514 1859 2614 1931 τὴν
2654 1858 2963 1928 ἐπίσκεψιν,
2995 1858 3105 1911 ἀπὸ
3131 1856 3473 1920 είκοσαετούς
3521 1858 3619 1909 καὶ
3672 1857 3849 1911 ἐπάνω

2259 1950 2490 2005 δώσουσι
2540 1950 2639 2021 τὴν
2692 1948 2955 2021 εἰσφορὰν
3002 1947 3080 2019 τῷ
3122 1947 3335 2019 Κυρίῳ.
3383 1945 3444 2001 '0
3491 1946 3745 1999 πλουτῶν
3791 1947 3848 1999 ού

2260 2045 2578 2118 προσθήσει,
2612 2044 2705 2098 καὶ
2737 2044 2767 2096 6
2799 2042 3095 2113 πενόμενος
3119 2041 3220 2095 οὐκ
3242 2040 3587 2110 ἐλαττονήσει
3614 2039 3728 2092 ἀπὸ
3757 2038 3847 2093 τοῦ

2259 2138 2489 2209 ἡμίσους
2514 2135 2609 2190 τοῦ
2644 2135 2939 2208 διδράχμου
2961 2175 2978 2200 ,
3002 2130 3098 2186 ’ἐπὶ
3126 2133 3186 2186 τὸ
3221 2131 3424 2185 διδόναι
3453 2131 3555 2203 τὴν
3590 2130 3850 2199 είσφορὶν

2258 2228 2335 2299 τῷ
2365 2228 2555 2299 Κυρίῳ
2580 2243 2593 2257 ο
2631 2225 2980 2291 ἐξιλάσασθαι
3010 2216 3139 2296 περὶ
3171 2222 3280 2275 τῶν
3307 2221 3496 2292 ψυχῶν
3531 2218 3727 2291 ὑμῶν⁹
3761 2220 3850 2272 καὶ

2257 2320 2405 2392 λήψῃ
2454 2321 2516 2374 τὸ
2565 2319 2825 2390 ἀργύριον
2878 2318 2977 2387 τῆς
3038 2316 3299 2385 εἰσφορᾶς
3346 2313 3497 2384 παρὰ
3546 2312 3661 2365 τῶν
3713 2311 3841 2366 υίῶν

2273 2413 2508 2485 Ἰσραὴλ,
2540 2411 2633 2466 καὶ
2667 2410 2857 2473 δώσεις
2881 2409 3065 2471 αὐτοῖς
3094 2408 3173 2470 εἰς
3214 2405 3479 2477 κάτεργον
3512 2405 3616 2475 τῆς
3648 2403 3852 2474 σκηνῆς

2259 2505 2352 2557 τοῦ
2399 2502 2724 2575 μαρτυρίου,
2756 2502 2850 2555 καὶ
2878 2500 3029 2553 ἕσται
3056 2501 3169 2561 τοῖς
3198 2498 3335 2559 υίοῖς
3380 2494 3603 2566 Ἰσραὴλ
3642 2494 3850 2564 μνημόο

2262 2612 2420 2652 συνον
2451 2593 2691 2650 ἐναντίον
2722 2592 2929 2664 Κυρίου
2972 2587 3323 2654 ἐξιλάσασθαι
3367 2588 3497 2659 περὶ
3528 2585 3639 2639 τῶν
3669 2585 3850 2655 ψυχῶν

2261 2690 2435 2762 ὑμῶν.
2486 2709 2504 2742 ι
2550 2689 2681 2742 Ἰδοὺ
2724 2686 2787 2757 δὴ
2822 2685 2981 2739 πάλιν
3011 2670 3215 2756 ἀκριδῆ
3246 2686 3340 2737 τὸν
3370 2679 3705 2751 ἐκλογισμὸν
3736 2680 3849 2731 δια-

2262 2782 2619 2857 περαίνεσθαι
2658 2781 2769 2835 δεῖν
2807 2782 2835 2833 ὁ
2866 2777 3162 2849 νομοθέτης
3200 2773 3368 2844 φησί’
3406 2774 3754 2839 συνενεγκεῖν
3797 2769 3852 2824 δέ

2262 2876 2597 2949 προστέταχε
2635 2874 2705 2926 τὰ
2749 2873 2897 2944 δῶρα
2946 2868 3157 2941 Κυρίῳ,
3191 2868 3254 2921 τὸ
3290 2867 3463 2937 ἥμισυ
3505 2863 3852 2945 τοῦνδιδραχο

2264 2986 2388 3040 μου.
2432 2969 2588 3031 Τίνες
2632 2967 2678 3019 δ’
2707 2965 2772 3019 ἂν
2820 2962 2927 3017 εἷεν
2970 2964 3020 3016 οί
3084 2958 3477 3032 προσκομίζειν
3522 2956 3850 3024 ὀφείλοντες,

2260 3059 2486 3133 διορίζει
2518 3058 2703 3129 σαφῶς
2723 3075 2738 3090 ·
2769 3058 2829 3110 ού
2858 3056 2970 3127 γὰρ
2992 3055 3056 3125 δὴ
3086 3053 3332 3121 γυναίοις
3359 3049 3520 3103 τοῦτο
3548 3049 3707 3119 δρᾷν,
3731 3045 3851 3099 οὔτε

2266 3153 2372 3225 μὴν
2395 3154 2508 3215 τοῖς
2540 3150 2621 3204 ἐτι
2649 3149 2864 3219 νηπίοις
2891 3148 3063 3217 ἐφῆκε
3098 3144 3230 3206 Θεός
3252 3163 3263 3175 ·
3293 3140 3739 3211 ἀποδοκιμάζων,
3776 3132 3851 3191 οἷ-

2266 3244 2365 3317 μαί
2389 3261 2512 3309 που,
2547 3242 2608 3296 τὸ
2640 3241 2837 3296 ἀναλκί
2862 3256 2921 3292 τε
2955 3239 3048 3292 καὶ
3085 3236 3361 3309 μαλθακὸν
3384 3275 3399 3299 ,
3434 3233 3531 3287 καὶ
3558 3232 3623 3285 τὺ
3670 3229 3856 3293 ἀτελὲς

2263 3341 2342 3403 είς
2378 3336 2592 3391 σύνεσιν
2612 3352 2626 3366 ’
2658 3332 3096 3404 ἐγκαταγράφων
3138 3329 3195 3382 δέ
3227 3328 3417 3397 ῶσπερ
3442 3327 3556 3387 τοῖς
3580 3322 3855 3392 ὀφείλουσι

2264 3428 2636 3502 καρποφορεῖν
2656 3427 2747 3480 τὸν
2766 3425 3011 3497 ἡόηκότα
3034 3424 3137 3501 ἤδη
3159 3419 3254 3474 καὶ
3276 3417 3594 3489 σφριγῶντα
3616 3413 3852 3479 νεανίαν,

2264 3524 2359 3576 καὶ
2384 3520 2901 3592 παραπορευόμενον
2934 3518 3012 3579 είς
3040 3515 3135 3585 τὴν
3163 3511 3474 3581 ἐπίσκεψιν,
3507 3503 3590 3572 οἷς
3618 3508 3716 3561 καὶ
3743 3506 3855 3569 ἐτος

2263 3611 2434 3682 ὁρίζει
2463 3611 2523 3664 τὸ
2554 3608 2818 3663 εἰκοστόν.
2841 3606 3010 3661 Μόνοι
3040 3605 3149 3675 γὰρ
3173 3603 3311 3668 ἄξιοι
3340 3600 3435 3654 τοῦ
3462 3600 3664 3671 χρῆναι
3691 3612 3857 3667 προσ-

2263 3705 2416 3773 άγειν
2444 3702 2516 3756 τὰ
2545 3701 2693 3773 δῶρα
2736 3700 2963 3769 Κυρίῳ,
3002 3696 3146 3750 κατά
3199 3694 3291 3748 τὸν
3325 3694 3522 3764 νόμον,
3567 3691 3618 3743 οἱ
3666 3705 3858 3760 pupa-

2265 3795 2431 3866 κιώδη
2465 3794 2728 3864 φρόνησιν
2755 3790 2848 3845 καὶ
2889 3789 3200 3861 θηλύφρονα
3233 3786 3360 3840 νοῦν
3388 3782 3855 3854 ἀναθρώσκοντες,

2265 3889 2359 3941 καὶ
2386 3888 2463 3950 εἰς
2496 3885 2688 3957 ἀνδρὸς
2713 3884 2812 3955 ἤδη
2841 3882 3120 3944 τελοῦντες
3148 3880 3365 3951 μέτρον,
3394 3876 3619 3948 ἡλικίας
3642 3874 3858 3945 ἔχοντες

2265 3980 2542 4052 πλήρωμα
2576 3978 2650 4048 (Ι)
2684 3977 2783 4046 τῆς
2817 3977 2873 4028 ἐν
2904 3972 3127 4045 Χριστῷ
3168 3971 3463 4041 νοουμένης
3487 3969 3581 4022 καὶ
3614 3981 3859 4037 πνευμαο

2264 4073 2442 4143 τικῆς.
2462 4063 2621 4124 Οὗτοι
2650 4064 3125 4139 παραπορεύονται
3147 4065 3226 4127 είς
3244 4062 3343 4133 τὴν
3365 4058 3677 4145 ἐπίσκεψιν,
3701 4073 3857 4110 τουτ⁹

2267 4167 2415 4219 ἐστιν
2437 4206 2451 4227 ,
2492 4162 2676 4227 ἀξίους
2712 4159 2939 4221 ἑαυτοὺς
2983 4155 3344 4226 ἀποφαίνουσι
3384 4152 3478 4207 τοῦ
3513 4152 3611 4205 καὶ
3648 4152 3706 4203 ἐν
3743 4150 3857 4220 ac,“

2268 4256 2520 4326 γενέσθαι
2572 4251 2731 4317 Θεοῦ,
2786 4248 2928 4303 κατά
2976 4248 3040 4301 τὸ
3090 4249 3150 4300 ἐν
3196 4245 3444 4315 Ψαλμοῖς
3478 4241 3852 4331 ύμνούμενφ*

2276 4366 2293 4398 ι
2342 4341 2642 4413 Ὀφθαλμοὶ
2667 4337 2874 4410 Κυρίου
2897 4338 2989 4391 ἐπὶ
3014 4336 3274 4398 δικαίους.
3312 4353 3330 4386 ›
3376 4329 3548 4403 Ὑπὲρ
3582 4329 3855 4402 σωτηρίας

2268 4437 2325 4491 δὲ
2352 4437 2451 4508 τῆς
2483 4433 2593 4487 τῶν
2632 4429 3019 4503 προσαγόντων
3062 4428 3129 4482 τὰ
3157 4427 3328 4498 λύτρα
3346 4465 3361 4489 ,
3396 4425 3492 4477 καὶ
3519 4425 3601 4486 είς
3628 4422 3699 4474 τὰ
3727 4420 3856 4473 κάτ-

581 4510 899 4556 sanctorum
922 4502 1206 4557 hominum
1230 4513 1381 4574 gesta
1424 4508 1686 4564 ecclesias
1710 4512 2078 4579 constituunt,
2107 4522 2158 4569 ct

2270 4502 2541 4601 εργαντῆς
2573 4502 2736 4592 ἁγίας
2770 4522 2999 4592 σκηνῆς,
3042 4521 3137 4574 καὶ
3172 4522 3251 4582 είς
3294 4516 3639 4589 μνημόσυνον
3675 4514 3851 4567 ἔναντι

582 4588 651 4643 ad
670 4600 928 4645 ornatum
957 4596 1099 4648 sacri
1128 4595 1471 4652 tabernaculi
1507 4600 1662 4655 utilia
1695 4612 1843 4667 sunt,
1892 4613 1951 4659 et
1990 4605 2155 4661 simul

2262 4588 2825 4695 Κυρίουίσυνίστησι
2863 4588 2973 4685 γὰρ
3015 4612 3346 4684 ἐκκλησίας,
3393 4610 3488 4663 καὶ
3522 4611 3603 4672 είς
3650 4607 3853 4676 κόσμον

583 4680 781 4735 animae
811 4683 1040 4738 salutem
1065 4685 1327 4750 eﬁiciunt,
1383 4699 1439 4744 et
1471 4691 1655 4760 gloriae
1689 4696 2038 4765 sempiterna:
2062 4714 2159 4753 co-

584 4785 719 4828 rona
755 4775 901 4829 viros
928 4776 1098 4831 fortes
1136 4791 1421 4836 exornant.
1461 4784 1543 4836 An
1568 4785 1663 4839 tibi
1694 4803 1889 4856 parum
1920 4806 2049 4846 vere
2073 4791 2159 4845 di-

583 4882 707 4924 cere
751 4869 1006 4923 videmur
1027 4872 1049 4922 ?

646 5138 846 5193 PALL.
874 5139 1005 5195 Mihi
1035 5141 1259 5211 quidem
1282 5142 1588 5197 verissime.

650 5230 809 5286 CYB.
826 5234 1243 5307 Redemptionis
1267 5236 1434 5310 igitur
1452 5242 1693 5308 pretium
1712 5260 1808 5301 seu
1833 5246 2029 5303 siclum
2050 5251 2158 5303 vcl-

2261 4714 2509 4786 χρήσιμα
2532 4711 2630 4782 τῆς
2659 4710 2820 4777 ἁγίας
2854 4707 3091 4777 σκηνῆς,
3124 4703 3193 4757 τὰ
3222 4701 3329 4755 τῶν
3376 4700 3549 4770 ἁγίων
3580 4698 3852 4786 ἀνδραγαῖ

2265 4782 2507 4871 θηματα,
2544 4798 2682 4869 μετά
2722 4796 2817 4849 τοῦ
2848 4796 2941 4849 καὶ
2974 4794 3071 4865 τὴν
3104 4794 3203 4864 τῆς
3243 4791 3423 4863 ψυχῆς
3459 4790 3742 4860 σωτηρίαν
3790 4782 3847 4840 εὖ

2275 4891 2420 4962 μάλα
2447 4887 2872 4961 συγκατορθοῦν,
2902 4888 2999 4940 καὶ
3028 4886 3370 4955 ἀτελευτήτῳ
3390 4882 3520 4954 δόξῃ
3549 4878 3849 4949 στεφανοῦν

2269 4984 2395 5045 τοὺς
2420 4982 2857 5054 ἀνδριζομένους.
2889 4982 2956 5033 Ἦ
2979 4981 3081 5033 οὐκ
3109 4976 3312 5051 ἀληθὴς
3342 4978 3370 5028 6
3393 4974 3553 5044 λόγος
3590 4968 3734 5028 εἷναί
3767 4974 3847 5025 σοι

2268 5075 2448 5137 δοκεῖς

2341 5167 2546 5219 ΠΑΛΛ.
2580 5167 2727 5219 Πάνυ
2761 5167 2859 5236 μὲν
2896 5161 3011 5220 οὖν.

2332 5260 2499 5314 ΚΥΡ.
2527 5259 2600 5313 Τὸ
2620 5259 2719 5330 μὲν
2742 5256 2835 5314 οὖν
2868 5259 3083 5330 λύτρον,
3103 5258 3220 5327 ἦτοι
3238 5250 3843 5325 τὸδίδραχμον,δασμο-

581 5323 661 5379 uti
701 5341 928 5381 censum
952 5330 1242 5399 quemdam
1271 5333 1416 5404 exigi
1460 5336 1625 5405 jussit
1656 5337 1818 5401 Deus,
1850 5338 2015 5409 idque
2038 5350 2158 5395 erat

2262 5351 2535 5421 λογεῖσθαι
2565 5323 2675 5406 δείν
2705 5323 3136 5423 κεχρησμῳδηκε
3168 5347 3319 5410 Θεὸς,
3368 5323 3468 5399 καῖ
3497 5339 3569 5415 ἦν
3599 5341 3706 5395 τῶν
3749 5342 3843 5395 ἀνο

581 5428 778 5470 eorum
804 5419 1095 5485 tributum,
1131 5422 1227 5492 qui
1257 5424 1325 5477 ad
1367 5424 1583 5480 virilem
1621 5435 1839 5482 zetatem
1876 5430 2159 5497 pervenis-

2260 5441 2592 5514 ὁριζομένων
2619 5443 2676 5494 ἐν
2700 5442 2874 5513 τούτῳ
2899 5441 2969 5494 τὰ
2998 5438 3147 5509 τέλη.
3173 5438 3236 5490 Oi
3265 5435 3322 5489 δὲ
3346 5432 3454 5487 τῶν
3478 5429 3664 5501 φυλῶν
3688 5425 3845 5499 ἡγού-

582 5518 721 5562 scnt.
757 5510 825 5562 At
849 5525 977 5566 vero
1000 5515 1279 5584 principes
1321 5516 1565 5572 tribuum
1604 5518 1923 5590 adjecerunt
1945 5522 2011 5578 iis
2037 5540 2158 5593 qua:

2264 5510 2436 5603 μενοι,
2470 5531 2853 5605 προστιθέντες
2884 5533 2997 5596 τοῖς
3025 5532 3088 5583 ἐκ
3117 5528 3283 5597 νόμου
3322 5518 3836 5595 προστεταγμένοις»

658 5662 704 5692 ⁸⁸
748 5660 919 5715 Exod.
954 5678 1075 5715 xxx.
1127 5664 1311 5720 12-16.
1392 5668 1431 5699 ’⁸
1459 5668 1600 5725 Psal.
1632 5681 1816 5727 xxxtu.
1848 5672 1930 5729 16.

656 5790 939 5868 {1)Sirleii
979 5798 1171 5864 codex,
1212 5800 1516 5872 γνώρισμα.
