4046 6486
170 379 264 437 345

864 377 951 432 DE
991 375 1433 435 ADORATIONE
1474 378 1539 434 IN
1582 378 1850 436 SPIRI'I'U
1890 380 1982 437 ΕΤ
2020 380 2388 440 VERI'I'A‘I'E.
2412 376 2543 440 LIB.
2568 384 2657 439 IV.

3297 381 3403 436 SIB

172 508 233 555 τα
254 496 327 550 ἔτι
354 490 516 566 μείζω
544 492 637 548 καί
668 492 1064 568 ἀξιολογώτερα
1090 498 1166 569 (I)
1196 496 1586 573 προσεκόμιζον
1608 517 1724 554 τινα

1832 503 1944 575 lege
1960 513 2237 577 "pracepta
2257 516 2436 571 erant,
2466 521 2531 561 ac
2558 505 2760 575 majora
2789 500 3036 573 quaedam
3088 506 3145 555 et
3188 500 3399 571 pretio-

172 590 268 645 τῶν
313 585 457 657 παρά
500 585 651 654 σφίσι
698 585 767 639 τὰ
792 587 1077 659 ἐξαίρετα.
1119 586 1431 662 Γέγραπται
1466 590 1609 662 γὰρ,
1644 591 1726 644 ὅτι

178 704 193 737 ι
227 683 326 736 Καὶ
355 680 402 732 οί
435 676 689 749 ἄρχοντες
718 678 955 751 ἤνεγκαν
982 684 1109 746 τοὺς
1137 683 1318 747 λίθους
1342 685 1442 755 τῆς
1473 684 1726 755 σμαράγ-

172 773 284 835 δου,
313 768 403 823 καὶ
436 770 559 832 τοὺς
601 768 785 834 λίθους
826 772 923 841 τῆς
969 773 1450 845 συμπληρώσεως,
1507 774 1587 836 είς
1627 774 1727 844 τὴν

173 858 431 931 ἐπωμίδα,
459 859 553 911 καὶ
588 858 650 911 τὸ
687 860 897 928 λόγιον,
934 861 1027 914 καὶ
1059 860 1158 925 τὰς
1202 860 1506 924 συνθέσεις,
1545 861 1639 913 καὶ
1668 860 1729 913 τὸ

174 954 333 1009 ἔλαιον
358 952 450 1023 τῆς
483 950 718 1022 χρίσεως
738 993 751 1013 ,
783 954 878 1007 καὶ
911 952 1010 1026 τὴν
1052 953 1302 1008 σύνθεσιν
1330 953 1425 1007 τοῦ
1444 952 1727 1024 θυμιάμα-

173 1063 269 1108 τος.
304 1062 322 1097 ›
364 1035 491 1114 Ἀρ*
524 1038 615 1096 οὖν
644 1043 764 1114 οὐχὶ
806 1046 917 1110 τοῖς
960 1046 1137 1098 ὀπίσω
1176 1043 1348 1117 βραχὺ
1395 1047 1552 1099 ταυτὶ
1599 1061 1729 1112 συγ-

174 1137 321 1208 γενῆς
375 1136 439 1188 'ﬂ
479 1135 577 1207 μὲν
623 1136 732 1208 γὰρ
777 1136 886 1190 τῶν
942 1138 1194 1209 μαχίμων
1238 1134 1447 1207 πληθὺς
1492 1137 1567 1190 τΞτ
1627 1135 1727 1205 τῆς

174 1228 523 1300 αἰχμαλωσίας
564 1228 962 1300 προσεκόμιζεν
1005 1225 1081 1301 τῷ
1122 1228 1245 1301 Θεῷ
1269 1271 1283 1296 ,
1333 1229 1472 1283 κατὰ
1511 1229 1609 1300 τὴν
1644 1228 1728 1281 '60-

174 1323 335 1375 θεῖσαν
378 1319 598 1391 ἐντολὴν
619 1363 633 1387 ,
666 1322 776 1375 ἀπὸ
805 1321 1099 1395 ἀνθρώπου
1142 1322 1257 1386 ¹ἕως
1296 1323 1526 1394 κτήνους
1546 1337 1559 1350 ·
1588 1322 1635 1374 οί
1670 1319 1727 1374 δὲ

174 1412 423 1485 χιλίαρχοί
467 1428 527 1465 τε
571 1413 666 1466 καὶ
711 1410 1095 1485 ἑκατόνταρχοι
1138 1412 1476 1486 προσέθεσαν
1517 1411 1727 1476 τούτοις

169 1506 373 1579 χλιδῶνα
400 1498 498 1557 καὶ
532 1504 767 1573 ψέλλιον,
813 1508 908 1559 καὶ
937 1506 1252 1577 ὲμπλόκιον,
1291 1505 1386 1559 καὶ
1422 1504 1725 1569 δακτύλιον,

169 1597 249 1649 καί
270 1595 371 1647 πᾶν
394 1595 588 1659 σκεῦος
612 1595 846 1667 χρυσοῦν
872 1599 1252 1669 εἰργασμένον,
1290 1594 1325 1651 ἃ.
1342 1597 1538 1660 καὶείς
1558 1594 1728 1666 αὐτὴν

168 1688 252 1757 τὴν
283 1686 436 1755 ἁγίαν
478 1686 646 1740 ἐτίθει
676 1688 885 1759 σκηνὴν
937 1688 1200 1760 Ἐλεάζαρ
1228 1692 1257 1743 ὁ
1292 1687 1497 1759 ἱερεύς.
1553 1688 1641 1740 Ἐν
1671 1687 1727 1740 δέ

172 1793 227 1844 γε
262 1777 463 1839 τούτοις
492 1780 527 1849 ἡ
563 1776 662 1847 μὲν
696 1782 843 1832 πᾶσα
872 1778 981 1833 τῶν
1010 1779 1293 1850 ήσηκὸτων
1320 1778 1527 1847 ’πληθὺς
1554 1777 1725 1831 ἐτέλει

167 1869 220 1922 τὺ
288 1844 605 1940 δίδραχμον,
671 1844 1115 1940 προσάγουσι
1158 1872 1323 1926 πάλιν
1373 1844 1427 1925 οί-
1471 1871 1728 1942 ἄρχοντες
1760 1844 1801 1899 Β

166 1958 327 2023 λίθους
357 1958 684 2025 ἐκλεκτοὺς,
722 1963 809 2026 είς
846 1962 952 2032 τὴν
978 1963 1260 2033 ἐπωμίδα,
1308 1964 1402 2017 καί
1429 1963 1489 2015 τὸ
1526 1962 1725 2031 λόγιον,

168 2050 295 2122 ἅπερ
319 2052 396 2114 είς
435 2051 641 2123 κόσμον
674 2053 945 2106 συνετέλει
980 2054 1076 2108 τοῦ
1110 2053 1440 2125 προῦχοντος
1477 2057 1535 2107 ἐν
1574 2055 1729 2123 ἱερωο

169 2143 306 2212 σύνῃ.
338 2142 685 2212 Προσάγουσι
717 2143 826 2215 γὰρ
854 2146 1108 2212 ἑαυτοὺς,
1139 2149 1219 2210 είς
1253 2146 1456 2217 κόσμον
1482 2138 1725 2215 Χριστῷ,

167 2231 393 2301 καθάπερ
423 2231 581 2294 τινὰς
621 2231 804 2296 λίθους
837 2234 1087 2304 τιμίους,
1130 2237 1179 2288 οἱ
1226 2234 1371 2287 λαῶν
1415 2234 1725 2304 ἡγούμενοι.

168 2320 429 2391 Τοιγάρτοι
463 2322 563 2373 καὶ
587 2321 616 2373 ὁ
650 2328 939 2394 προφήτης
966 2326 1090 2387 τοὺς
1120 2324 1311 2393 ἁγίους
1332 2326 1461 2395 ἡμῖν
1494 2324 1730 2378 ἀποστόα-

170 2413 277 2476 λους
301 2406 641 2484 καωᾶηλῶν,
672 2424 695 2466 'c
732 2414 903 2479 Λίθοι,
932 2418 1116 2486 φησὶν,
1152 2417 1301 2485 ἆγιοι
1334 2417 1607 2469 κυλίονται
1637 2416 1730 2469 ἐπὶ

165 2506 251 2575 τῆς
278 2498 392 2576 γῆς·
430 2520 450 2557 ι
486 2508 674 2571 ὁποῖός
701 2524 785 2572 τις
815 2506 883 2581 ἦν
920 2512 948 2564 ὀ
982 2510 1271 2574 θεσπέσιος
1306 2506 1541 2573 Παῦλος,
1569 2514 1596 2565 ὁ
1620 2511 1730 2566 ἀπὸ

182 2599 524 2671 Ἰερουσαλὴμ
570 2600 670 2654 καὶ
710 2601 815 2666 ἓως
854 2596 947 2655 τοῦ
993 2600 1285 2675 Ἰλλυρικοῦ
1325 2604 1592 2675 περιθέων
1643 2603 1731 2657 διὰ

165 2696 218 2745 τὸ
234 2694 509 2764 κήρυγμα.
548 2692 701 2747 Λίθοι
734 2695 1025 2766 τοιγαροῦν
1058 2698 1107 2749 oi
1148 2695 1317 2766 τίμιοι
1344 2697 1438 2749 καὶ
1467 2699 1545 2759 είς
1572 2694 1730 2760 δόξαν

166 2772 377 2852 Χριστοῦ
398 2823 413 2846 ,
440 2783 556 2836 τῶν
583 2772 753 2852 ἁγίων
784 2784 844 2836 τὸ
876 2788 1083 2853 στῖφος.
1116 2781 1241 2837 Εἶεν
1272 2785 1317 2837 δ’
1354 2784 1420 2838 ἂν
1446 2784 1600 2838 αὐτοὶ
1632 2784 1731 2839 καὶ

166 2874 216 2927 τὸ
234 2873 399 2926 ἔλαιον
419 2874 522 2944 τῆς
561 2875 813 2946 χρίσεως,
852 2876 1004 2946 καὶὴ
1042 2874 1289 2938 σύνθεσις
1324 2874 1418 2927 τοῦ
1454 2868 1731 2944 θυμιάμα-

164 2976 272 3030 τος,
297 2964 390 3035 τὴν
427 2964 671 3036 Χριστοῦ
703 2965 901 3033 γνῶσιν
942 2960 1346 3028 εὐωδιάζοντες,
1383 2964 1497 3027 καὶ,
1530 2963 1718 3034 ὥσπερ

165 3058 216 3111 ὲν
256 3058 432 3128 ἐλαίῳ,
482 3057 944 3119 καταπιαίνοντες
984 3060 1105 3119 ταῖς
1153 3056 1446 3126 πανσόφοις
1483 3056 1731 3110 διδασκαο

1830 597 1998 662 siora,
2037 597 2199 652 exiis
2228 608 2426 668 nempe
2464 612 2585 667 qua:
2616 594 2759 666 apud
2792 610 2852 649 se
2878 592 3161 648 habebant
3206 591 3401 661 praeci-

1829 700 1957 759 pua,
2005 689 2347 745 obtulerunt.
2401 688 2681 758 Scriptum
2732 697 2816 743 est
2841 686 3020 741 enim:
3062 703 3084 735 ι
3117 683 3401 753 Principes

1829 780 2149 837 obtulerunt
2169 781 2381 851 lapides
2410 781 2703 852 smaragdi,
2735 788 2792 834 et
2823 776 3035 849 lapides
3074 774 3400 845 completio-

1829 872 1915 927 nis
1944 868 2009 927 ad
2037 872 2507 943 saperhumerale,
2530 880 2588 926 et
2620 869 2907 933 rationale,
2942 876 2998 921 et
3043 864 3400 935 compositio-

1829 980 1949 1031 nes,
1980 976 2037 1021 et
2059 966 2239 1020 oleum
2272 963 2570 1028 unctionis,
2592 972 2647 1017 et
2670 962 3131 1032 compositionem
3161 957 3399 1029 thymia-

1829 1058 1989 1113 matis
2021 1059 2084 1111 ”.
2131 1076 2149 1109 ι
2186 1056 2383 1111 Annon
2421 1070 2545 1111 cum
2598 1054 2668 1110 iis
2702 1070 2823 1123 qua:
2868 1054 3032 1124 paulo
3078 1061 3204 1106 ante
3253 1050 3400 1105 dicta

1829 1163 1976 1216 sunt,
2005 1151 2121 1207 haec
2140 1150 2488 1221 congruunt?
2518 1149 2655 1204 Nam
2683 1148 2777 1202 illa
2805 1146 3101 1202 multitudo
3124 1153 3400 1216 pugnato-

1830 1254 1952 1297 ru‘m
1981 1258 2047 1297 ex
2074 1241 2256 1312 praeda
2284 1241 2397 1295 Deo
2412 1240 2641 1303 obtulit,
2683 1246 2746 1293 ut
2792 1247 3125 1308 praeceptum
3160 1245 3299 1299 erat,
3330 1234 3401 1289 ab

1827 1338 2048 1393 homine
2077 1351 2249 1407 usque
2286 1334 2351 1390 ad
2374 1348 2584 1405 pecus:
2618 1333 2831 1388 tribuni
2886 1343 3067 1387 autem
3098 1338 3155 1385 et
3202 1338 3400 1384 centu-

1830 1430 2014 1485 riones
2042 1429 2131 1483 his
2157 1429 2476 1499 adjecerunt
2525 1422 2894 1488 murenula‘m,
2926 1433 2982 1478 et
3020 1421 3310 1483 armillam,
3344 1429 3402 1474 et

1829 1530 2102 1590 torQuem,
2134 1526 2189 1575 et
2213 1519 2496 1581 annulum,
2528 1528 2584 1573 et
2610 1528 2775 1572 omne
2806 1532 2899 1571 vas
2930 1529 3157 1570 aureum
3214 1512 3401 1566 fabre-

1827 1611 2051 1675 factum,
2073 1626 2194 1679 qum
2221 1610 2387 1664 etiam
2436 1610 2493 1663 in
2528 1609 2646 1678 ipso
2686 1616 2880 1661 sancto
2909 1601 3267 1659 tabernaculo
3314 1614 3400 1671 re-

1826 1701 2282 1772 ‘posuitsacerdos
2310 1700 2553 1755 Eleazar.
2608 1699 2678 1753 Et
2702 1699 2800 1752 hic
2842 1708 3056 1758 rursus,
3100 1707 3227 1750 cum
3270 1692 3399 1745 uni-

1828 1806 1987 1847 versa
2012 1791 2234 1862 quidem
2260 1792 2571 1848 adultorum
2598 1789 2897 1845 multitudo
2924 1788 3163 1843 solveret
3180 1784 3399 1847 siclum,

1836 1878 1990 1954 133
2021 1883 2261 1938 oﬂ'erunt
2310 1883 2591 1954 principes
2616 1882 2830 1953 lapides
2872 1881 3078 1935 electos
3103 1877 3169 1931 ad
3198 1884 3405 1945 super—

1830 1978 2111 2032 humerale
2143 1986 2199 2032 et
2232 1976 2500 2031 rationale
2516 1973 2947 2036 conﬁciendum,
2987 1985 3109 2040 quae
3139 1967 3205 2022 ad
3247 1978 3407 2021 sum-

1829 2068 1904 2122 mi
1927 2068 2230 2123 sacerdotis
2263 2076 2647 2121 ornamentum
2674 2065 2972 2135 pertinent.
3002 2061 3137 2116 Nam
3169 2072 3228 2114 se
3254 2058 3411 2129 ipsos

1829 2161 2161 2231 populorum
2191 2159 2378 2223 duces,
2418 2166 2479 2212 ut
2518 2164 2845 2213 ornamento
2871 2155 2982 2209 sint
3005 2152 3247 2216 Christo,
3268 2162 3402 2220 per-

1829 2252 1957 2307 inde
1984 2269 2047 2307 ac
2075 2251 2287 2322 lapides
2316 2250 2583 2321 quosdam
2629 2247 2903 2318 pretiosos
2927 2244 3186 2299 oﬂ'erunt.
3212 2242 3408 2311 Itaque

1831 2342 2117 2412 propheta,
2150 2356 2273 2395 cum
2297 2346 2514 2394 sanctos
2566 2337 2840 2408 aposttolos
2892 2334 3052 2388 nobis
3099 2330 3403 2386 indicaret:

1839 2453 1856 2483 ι
1885 2432 2150 2502 Lapides,
2194 2452 2211 2482 ι
2250 2431 2460 2501 inquit,
2496 2450 2513 2480 ι
2551 2428 2726 2484 sancti
2755 2426 3052 2481 volvuntur
3084 2432 3249 2491 super
3284 2426 3402 2472 ter—

1832 2539 1946 2578 ram
1975 2524 2041 2585 ²³,
2069 2544 2085 2573 ι
2121 2522 2297 2593 qualis
2318 2528 2438 2576 erat
2472 2520 2667 2575 beatus
2694 2516 2918 2580 Paulus,
2943 2514 3038 2585 qui
3068 2512 3137 2568 ab
3180 2511 3407 2566 Jerusa-

1831 2614 1937 2667 lem
1982 2612 2048 2666 ad
2080 2610 2353 2683 Illyricum
2379 2624 2553 2680 usque
2587 2606 2858 2663 circuibat
2920 2600 3409 2674 praedicandigra-

1832 2706 1907 2760 tia
1937 2705 2004 2759 “.
2040 2703 2274 2773 Lapides
2325 2702 2493 2773 igitur
2537 2698 2786 2770 pretiosi,
2830 2704 2888 2750 et
2923 2694 2989 2749 ad
3021 2691 3228 2748 Christi
3286 2690 3409 2759 glo-

1833 2796 1967 2850 riam
1995 2793 2194 2864 parati,
2233 2800 2550 2846 sanctorum
2600 2788 2845 2843 virorum
2866 2792 3050 2839 cretus
3085 2789 3171 2836 est
3200 2796 3213 2832 :
3239 2776 3407 2833 iidem

1832 2900 2050 2955 quoque
2085 2892 2211 2939 sunt
2233 2885 2415 2939 oleum
2440 2880 2738 2943 unctionis,
2767 2886 2823 2933 et
2847 2872 3219 2955 thymiamatis
3258 2884 3409 2926 com-

1833 2976 2054 3046 positio,
2120 2990 2247 3029 cum
2292 2973 2505 3029 Christi
2550 2970 2924 3041 cognitionem
2982 2965 3133 3020 velut
3178 2962 3409 3018 odorem

1834 3068 2061 3137 spirent,
2088 3078 2144 3123 et
2169 3078 2361 3122 eorum
2386 3066 2597 3121 animos
2631 3061 2724 3132 qui
2760 3058 3033 3130 mysteriis
3057 3056 3406 3116 imbuuntur,

166 3147 288 3210 λίαις
318 3149 416 3201 ’καὶ
448 3150 569 3211 τοῖς
625 3148 713 3201 διὰ
755 3147 851 3200 τοῦ
901 3148 1219 3217 Πνεῦματος
1258 3148 1433 3217 λόγοις
1482 3148 1580 3213 τὰς
1625 3146 1729 3201 τῶν

1836 3158 2085 3213 doctrina
2139 3169 2195 3213 et
2247 3156 2421 3211 sancti
2461 3153 2699 3224 Spiritus
2726 3151 2912 3206 verbis
2967 3156 3223 3215 tanquam
3287 3142 3409 3197 oleo

170 3238 691 3310 μυσταγωγουμένιινι
718 3237 915 3309 ψυχάς.
958 3238 1219 3291 Σύνθετον
1260 3238 1315 3291 δὲ
1348 3239 1408 3291 τὸ
1456 3239 1728 3310 θυμίαμα·

168 3332 478 3386 συντέθειται
521 3331 635 3401 γὰρ
685 3333 718 3403 ἡ
772 3332 901 3402 περὶ
939 3330 1179 3403 Χριστοῦ
1217 3329 1417 3401 γνῶσις
1460 3332 1524 3383 ἐκ
1564 3330 1730 3394 δυοῖν,

162 3426 292 3494 ’ἤπερ
317 3424 459 3476 ἐστὶν
492 3425 559 3477 ὲν
591 3422 774 3492 ταύτῷ
819 3422 951 3487 Θεὸς
992 3424 1089 3477 καὶ
1118 3422 1421 3494 ἄνθρωπος·
1478 3418 1616 3495 πλὴν
1652 3419 1732 3488 εἷς

166 3514 217 3579 ἐξ
237 3516 443 3585 ἀμφοῖν,
469 3514 592 3577 υίὸς
621 3514 715 3567 καὶ
738 3514 993 3586 Χριστὸς,
1022 3514 1157 3584 πρὸς
1190 3514 1248 3567 ὃν
1272 3513 1484 3585 εἴρηταί
1507 3530 1609 3567 που
1640 3515 1733 3568 καὶ

166 3605 284 3675 πρός
320 3613 381 3674 γε
411 3604 576 3675 ἡμῶν
621 3604 836 3658 αὐτῶν
896 3622 916 3656 ι
965 3605 1151 3677 Μύρον
1203 3604 1505 3659 ὲκκενωθὲν
1550 3605 1722 3678 ὄνομά

168 3710 256 3749 σοι.
301 3714 318 3746 ι

224 3785 419 3839 IIAAA.
480 3776 579 3838 Ἐν
625 3783 908 3854 ἐπισκέψει
948 3784 1012 3855 δὴ
1045 3782 1139 3839 οὖν
1184 3789 1251 3858 τῇ
1301 3789 1451 3858 παρὰ
1484 3785 1622 3860 Θεῷ,
1671 3790 1734 3843 τὸ

171 3876 387 3946 μάχιμόν
410 3886 476 3930 ’τε
504 3875 930 3947 καὶέὕρωστον,
966 3872 1027 3931 οῦ
1065 3879 1160 3932 καὶ
1186 3881 1469 3953 ὀκαρπδς,
1509 3880 1735 3953 Ἐκκλη-

169 3972 277 4025 σιῶν
306 3973 606 4041 σύστασις,
653 3975 849 4029 καὶτὰ
883 3976 961 4040 είς
1009 3977 1169 4041 δόξαν
1211 3977 1367 4032 Θεοῦ.
1412 3979 1572 4033 Τουτὶ
1624 3980 1733 4053 γὰρ

166 4054 280 4133 ἡμῖν
308 4066 571 4136 ἐμφαίνει
611 4066 681 4120 τὰ
711 4066 1063 4139 θεωρήματα.

440 4240 654 4317 Ὀρθῶς
692 4245 845 4317 ἔφης.
877 4246 1183 4319 Κλῆροςηδὲ
1229 4248 1311 4301 ὅτι
1349 4250 1600 4322 λαμπρὸς
1641 4253 1736 4305 καὶ

166 4335 423 4407 ὶξαίρετος
444 4379 458 4402 ,
492 4339 591 4391 καὶ
620 4338 680 4391 τό
712 4355 777 4407 γε
815 4339 879 4410 δὴ
913 4341 1109 4411 χρῆναι
1152 4341 1351 4405 παντὸς
1393 4342 1600 4413 ἀγαθοῦ
1638 4361 1737 4415 με-

170 4426 585 4500 ταλαχεῖν,⁷τοῖς
618 4430 790 4495 οὕτως
821 4432 1129 4503 εὐδοκιμεῖν
1170 4432 1415 4489 εἰωθόσιν
1458 4437 1735 4508 ἀπονεμη-

172 4518 375 4589 θήσεται
407 4521 566 4594 παρὰ
598 4518 755 4585 Θεοῦ,
790 4521 905 4585 πῶς
940 4522 1006 4576 ἂν
1034 4523 1067 4595 ἢ
1105 4522 1268 4577 πόθεν
1295 4523 1585 4580 ὲνδοιάσειέ
1616 4545 1700 4592 τις

173 4611 235 4664 Ἤ
253 4614 345 4667 οὐκ
358 4615 579 4676 ἐπαϊεις
602 4614 1076 4684 κάναμελωδοῦντος
1099 4615 1199 4687 μὲν
1219 4617 1311 4671 τοῦ
1337 4620 1520 4673 Δα6ί6’
1545 4638 1565 4671 ι
1594 4621 1733 4686 Τοὺς

171 4704 350 4767 πόνους
372 4706 481 4759 τῶν
509 4705 743 4776 καρπῶν
773 4722 865 4758 σου
897 4707 1133 4776 φάγεσαι
1154 4725 1169 4775 ;
1192 4726 1220 4759 ‘i
1247 4712 1347 4765 καὶ
1379 4711 1485 4783 μὴν
1507 4712 1604 4766 τοῦ
1642 4730 1726 4767 σο-

172 4793 260 4864 φοῦ
307 4797 398 4849 καὶ
454 4796 608 4867 ἱεροῦ
667 4798 972 4867 γράφοντος
1031 4795 1283 4853 Παύλου·
1331 4820 1349 4854 ι
1407 4802 1473 4857 Ὀ
1517 4804 1628 4876 γὰρ
1665 4805 1732 4860 ἂν

174 4889 354 4961 σπείρῃ
386 4887 695 4963 ἄνθρωπος,
723 4888 883 4943 τοῦτο
916 4892 1010 4945 καὶ
1045 4891 1284 4963 Gepida;
1323 4915 1343 4947 ι

226 5065 433 5122 IIAAA.
482 5066 684 5121 Ἐπυθό
691 5084 817 5139 μην.

229 5157 386 5217 ΚΥΡ.
437 5159 760 5231 Ἀνδριείται
794 5160 904 5232 γάρ
940 5178 1025 5226 τις
1079 5162 1178 5216 οὐκ
1220 5163 1434 5234 ἀμισθὶ,
1480 5168 1573 5220 καὶ
1617 5168 1733 5222 ἔστι

172 5258 263 5299 που
304 5250 522 5314 πάντως
570 5250 774 5323 ἀληθὴς
812 5254 841 5305 ὁ
888 5251 1093 5321 λέγων’
1135 5272 1155 5306 ι
1216 5256 1290 5310 Οὐ
1328 5257 1435 5329 γὰρ
1484 5258 1668 5324 ἄδικος
1703 5262 1732 5314 ὀ

171 5338 306 5405 Θεὸς,
338 5342 695 5399 ἐπιλαθέσθαι
726 5343 819 5399 τοῦ
850 5346 1020 5399 κόπου
1053 5348 1206 5419 ὑμῶν
1237 5350 1332 5402 καὶ
1357 5351 1455 5421 τῆς
1488 5352 1729 5424 ἀγάπης,

170 5424 230 5500 ἦς
272 5430 602 5500 ἐνεδείξασθε
649 5437 730 5500 είς
766 5436 827 5489 τὸ
858 5436 1029 5507 ὄνομα
1079 5439 1265 5495 αὑτοῦ.
1319 5460 1338 5493 ι
1377 5441 1724 5516 Ἑπιλήσεται

234 5570 277 5639 '_’
306 5569 477 5626 Exod.
526 5588 685 5639 xxxv,
712 5573 803 5639 27,
864 5566 957 5631 ‘28.

174 5576 277 5671 ‘1"
308 5576 477 5626 Exod.
526 5588 685 5639 xxxv,
712 5576 803 5639 27,
864 5576 957 5631 ‘28.
1064 5576 1363 5637 “Zachar.
1413 5599 1487 5653 ιι,
1550 5585 1632 5641 16.

238 5637 403 5695 Galat.
439 5657 517 5708 v1,
559 5642 608 5696 8.

238 5778 309 5851 (I)
336 5783 471 5845 Cod.
495 5784 641 5853 νειμ,
670 5786 991 5858 τελεώτερα,
1032 5788 1370 5859 perfectiora.

1741 5585 1785 5619 "‘
1810 5578 1973 5644 ‘Rom.
2025 5602 2114 5653 xv,
2158 5586 2241 5642 19.

1833 3252 2150 3323 pinguio‘res
2178 3251 2432 3306 reddant.
2466 3249 2526 3304 Id
2540 3261 2680 3303 vero
2709 3245 3007 3318 thymiama
3035 3238 3406 3309 compositum

1833 3352 1980 3411 erat;
2018 3344 2106 3398 illa
2142 3352 2378 3412 namque
2444 3340 2511 3395 de
2541 3338 2761 3395 Christo
2820 3336 3059 3407 cognitio
3112 3329 3411 3401 composita

1834 3451 1899 3490 ex
1924 3435 2144 3489 duobus
2168 3443 2254 3489 est
2289 3452 2301 3487 :
2342 3434 2494 3487 idem
2523 3447 2758 3501 namque
2779 3432 2924 3485 Deus
2980 3435 3036 3482 et
3064 3426 3230 3479 homo
3279 3429 3363 3476 est
3391 3439 3433 3501 ς,

1826 3542 1979 3583 unus
2011 3535 2195 3580 tamen
2234 3541 2301 3579 ex
2329 3533 2566 3595 utroque
2597 3522 2743 3577 Illius
2786 3534 2951 3591 atque
3000 3516 3274 3579 Christus,
3319 3513 3413 3569 cui

1834 3628 1984 3674 certe
2016 3619 2226 3673 dictum
2261 3625 2368 3681 est,
2412 3626 2469 3672 et
2520 3616 2741 3687 quidem
2769 3630 2799 3668 a
2822 3613 2984 3667 nobis
3029 3609 3195 3682 ipsis:
3246 3620 3270 3659 ‘r
3293 3606 3414 3663 Un-

1834 3720 2095 3783 guentum
2119 3709 2457 3764 exinanitum
2480 3723 2681 3763 nomen
2713 3715 2870 3760 tuum
2901 3703 2967 3757 ²⁸.
3000 3721 3017 3754 ι

1904 3796 2099 3858 PALL.
2124 3802 2186 3857 in
2216 3801 2556 3871 inspectione
2588 3800 2755 3871 igitur
2782 3798 2883 3852 Dei
2912 3803 3044 3851 sunt
3080 3792 3175 3864 qui
3210 3792 3276 3847 ad
3314 3806 3419 3861 pu-

1834 3896 2111 3966 gnandum
2135 3894 2247 3963 apti
2275 3908 2339 3947 ac
2368 3892 2511 3946 ﬁrmi
2536 3901 2685 3955 sunt,
2718 3903 2957 3960 quorum
2984 3886 3150 3942 etiam
3188 3885 3413 3939 fructus

1834 3994 1919 4041 est
1947 3986 2313 4040 Ecclesiarum
2344 3983 2685 4046 constitutio,
2719 3989 2775 4035 et
2804 3995 2926 4050 qua:
2966 3979 3032 4033 a’d
3062 3977 3289 4048 glbriam
3314 3973 3413 4028 Dei

1834 4078 2131 4146 pertinent.
2168 4078 2225 4132 Id
2253 4078 2402 4132 enim
2453 4075 2752 4144 Scriptum:
2779 4073 2897 4126 loca
2932 4070 3000 4124 ad
3024 4066 3411 4137 contemplan-

1836 4171 1966 4225 dum
2000 4169 2280 4238 proposip
2305 4182 2419 4236 prie
2453 4181 2511 4220 se
2536 4165 2681 4219 ferre
2708 4163 2988 4217 videntur.

1905 4260 2060 4316 (3Υῆ.
2107 4260 2274 4314 Recte
2301 4257 2461 4313 dicis.
2491 4256 2708 4311 Sortem
2739 4262 2875 4309 vero
2928 4250 3201 4321 insignem
3246 4256 3411 4316 atque

1835 4350 2187 4423 praecipuam,
2236 4355 2301 4403 et
2333 4346 2512 4401 omnis
2556 4343 2689 4398 boni
2737 4338 3293 4395 communicationem
3346 4334 3420 4388 iis

1837 4443 1932 4513 qui
1960 4443 2036 4495 ita
2062 4439 2362 4511 egregietse
2389 4450 2582 4508 gerere
2614 4434 2762 4489 soliti
2790 4432 2921 4495 sint,
2951 4446 2981 4484 a
3006 4426 3119 4484 Deo
3162 4428 3416 4483 tribuen-

1715 4546 1729 4594 ;
1766 4515 1808 4569 υ
1839 4538 1962 4590 (lam
1990 4549 2131 4597 esse,
2160 4530 2437 4602 quomodo
2488 4538 2585 4583 aut
2644 4527 2919 4583 undenam
2949 4522 3225 4593 ambigere
3264 4519 3419 4589 quis-

1840 4626 1985 4696 piam
2014 4624 2252 4695 poterit?
2295 4624 2377 4685 An
2409 4629 2466 4675 tu
2521 4619 2745 4674 minime
2777 4614 3004 4671 exaudis
3032 4614 3414 4669 concinentem

1838 4716 2035 4771 David:
2060 4735 2077 4765 ι
2100 4715 2341 4769 Labores
2366 4726 2625 4766 manuum
2643 4718 2860 4764 tuarum
2890 4704 3251 4761 manducabis
3273 4704 3318 4737 “
3340 4704 3407 4755 ἳτ»

1838 4808 2066 4864 Paulum
2100 4806 2231 4860 item
2266 4803 2567 4874 sapientem
2605 4801 2759 4855 illum
2797 4809 2963 4869 atque
2994 4812 3211 4853 sacrum
3230 4794 3413 4848 virum

1834 4900 1913 4955 ita
1980 4899 2346 4954 scribentem:
2392 4916 2409 4947 ι
2447 4894 2604 4961 Quod
2652 4893 2807 4949 enim
2858 4888 3213 4947 seminaverit
3266 4886 3414 4957 quis,

1838 4993 1943 5047 hoc
1960 5000 2026 5045 et
2047 4998 2215 5045 metet
2244 4990 2323 5041 '7?
2358 5008 2374 5038 ι

1909 5084 2105 5138 PAL-L.
2148 5081 2329 5136 Audio
2369 5097 2522 5135 sane.

1906 5172 2063 5227 CYR.
2103 5172 2291 5240 Neque
2334 5170 2484 5224 enim
2520 5169 2813 5239 quisquam
2872 5180 2931 5219 se
2985 5161 3409 5232 fortiter'gerct,

1836 5262 1987 5318 nulla
2019 5264 2275 5317 mercede
2307 5262 2620 5333 praposita;
2662 5266 2853 5328 estque
2881 5256 2999 5311 sine
3032 5255 3202 5310 dubio
3248 5266 3414 5309 verax

1835 5355 2061 5408 omnino
2092 5355 2185 5423 qui
2215 5355 2293 5408 ait
2320 5372 2333 5407 :
2371 5373 2389 5405 ι
2417 5353 2603 5423 Neque
2632 5351 2779 5406 enim
2839 5348 3076 5418 injustas
3109 5355 3200 5402 est
3244 5346 3408 5409 Deus,

1836 5454 1899 5501 ut
1930 5446 2287 5502 obliviscatur
2322 5445 2528 5500 laboris
2556 5442 2745 5507 vestri,
2779 5450 2835 5497 et
2864 5438 3197 5504 dilectionis,
3246 5450 3411 5508 quam

2356 5587 2398 5618 ’⁵
2429 5584 2584 5641 Cant.
2618 5600 2654 5649 ι,
2682 5583 2737 5637 2.
2849 5578 2894 5612 "
2928 5577 3069 5634 Psal.
3118 5593 3314 5646 cxxvn,
3353 5578 3409 5634 2.
