4046 6492
612 339 717 395 347

1618 345 1673 400 S.
1732 345 2010 402 CYRILLI
2049 348 2521 439 ALEXANDRINI
2561 351 2885 409 ARCIIIEP.

3768 349 3871 403 548

614 458 933 515 ostendistis
961 458 1016 514 ἰη
1040 474 1238 514 nomen
1289 460 1408 529 ejus
1442 458 1487 491 ’⁸
1541 479 1558 511 ι
1598 460 1775 531 Atque
1808 461 1899 516 ille
1956 463 2181 533 quidem

2301 465 2384 517 ιέν
2414 466 2613 535 ἥκιστά
2640 483 2726 535 γε,
2756 467 3004 539 διανεμεῖ
3032 466 3089 521 δὲ
3117 466 3199 519 δτι
3230 465 3348 519 τῶν
3392 466 3569 519 πόνων
3605 466 3673 518 τά
3712 468 3860 539 γέρα,

616 552 844 607 minime
904 550 1297 616 obliviscetur;
1335 550 1451 604 fore
1491 559 1675 604 autem
1725 560 1783 605 ut
1833 552 1900 606 iis
1938 552 2187 607 laborum

617 646 841 713 praemia
880 644 1106 706 tribuat,
1138 644 1231 712 qui
1259 643 1429 696 animi
1455 644 1775 712 languorem
1805 644 1873 698 ad
1905 654 2189 714 peccatum

616 736 1005 804 perducentem
1039 735 1371 804 superarint,
1405 743 1727 804 argumento
1758 744 1883 788 sunt
1913 751 1976 789 ea
1997 752 2192 792 rursus

616 842 739 894 qua:
760 826 962 894 scripta
989 834 1118 879 sunt
1144 825 1199 879 in
1222 826 1508 880 Numeris:
1559 845 1575 876 ι
1604 826 1672 879 Ει
1696 826 1918 880 locutus
1950 836 2035 881 est
2089 830 2193 882 Do—

614 919 801 973 minus
830 918 901 972 ad
947 919 1169 989 Moysen
1198 928 1256 973 et
1310 920 1639 973 Eleazarum
1704 920 2070 984 sacerdotem,
2107 921 2193 975 di-

614 1026 777 1064 cens:
803 1010 1045 1080 Accipite
1069 1028 1335 1066 summam
1362 1016 1540 1068 omnis
1564 1014 2007 1088 congregationis
2031 1014 2194 1069 Israel

625 1117 654 1154 a
678 1103 874 1173 viginti
905 1105 1063 1157 annis
1098 1114 1153 1159 et
1181 1122 1366 1175 supra,
1399 1109 1562 1180 134
1591 1126 1689 1180 per
1739 1110 1930 1163 dumos
1963 1106 2195 1162 familia-

617 1200 741 1246 rum
810 1196 1058 1264 ipsorum
1096 1216 1107 1251 :
1152 1201 1333 1255 omnis
1376 1202 1470 1270 qui
1515 1202 1796 1271 egreditur
1841 1200 1908 1254 ad
1946 1213 2196 1268 pugnan—

2291 562 2402 621 τοῖς
2430 560 2686 631 ἀνωτέρω
2722 560 3088 631 μαλακισμοῦ,
3119 560 3212 613 τοῦ
3243 559 3669 623 καταϐιάζοντος
3703 562 3779 623 εἰς
3809 563 3875 614 τὸ.

2294 646 2642 717 πλημμελὲς,
2689 649 3094 721 πληροφορήσει
3148 649 3311 703 πάλιν
3350 648 3422 702 τὰ
3468 652 3525 703 ἐν
3567 651 3680 713 τοῖς
3724 650 3861 719 ’Δρι-

2295 735 2449 805 θμοῖς
2472 741 2852 809 γεγραμμένα·
2884 759 2901 791 ι
2935 742 3043 795 Kal
3065 741 3295 811 ἐλάλησε
3313 740 3517 811 Κύριος
3542 741 3682 810 πρὸς
3702 741 3863 810 Μωσῆ

2284 830 2389 881 ’καὶ
2458 830 2719 902 Ἐλεάζαρ
2772 833 2863 885 τὸν
2913 833 3060 903 ἱερέα
3109 833 3314 901 λέγων·
3351 832 3497 886 Λάϐε
3546 833 3647 902 τὴν
3703 832 3865 901 ἀρχὴν

2297 920 2474 990 πάσης
2503 924 2821 991 συναγωγῆς
2848 922 2977 976 υἱῶν
3017 924 3251 994 Ἰσραὴλ,
3276 924 3385 977 ἀπὸ
3414 921 3761 983 είκοσαετοῦς
3784 925 3868 975 καὶ

2297 1012 2500 1077 ἐπάνω,
2529 1012 2650 1065 κατ’
2672 1013 2851 1077 οἴκους
2878 1015 3123 1086 πατριῶν
3150 1014 3349 1068 αὐτῶν
3396 1015 3502 1075 πᾶς
3526 1013 3555 1064 ὁ
3584 1013 3866 1082 ἐκπορευό⁴

2302 1120 2459 1172 μενος
2508 1104 2921 1174 παρατάξασθαι
2964 1107 3021 1158 ἐν
3066 1105 3302 1176 Ἰσραήλ.
3347 1123 3364 1154 ι
3404 1100 3536 1156 Εἶτα
3582 1102 3869 1171 γενομένης

2298 1194 2398 1263 τῆς
2437 1195 2864 1267 ἀπαριθμήσεως
2903 1197 3042 1251 κατά
3073 1197 3300 1268 δήμους,
3355 1196 3451 1248 καὶ
3482 1193 3625 1248 κατά
3672 1193 3867 1261 φυλὰς,

615 1286 746 1340 dum
783 1288 837 1342 in
882 1290 1047 1345 Israel
1073 1293 1137 1344 ’³.
1172 1311 1189 1342 ι
1216 1292 1452 1358 Deinde,
1484 1293 1626 1348 facta
1656 1291 2068 1348 enumeratione
2103 1306 2197 1360 per

2301 1287 2549 1357 ἐπιφέρει
2581 1288 2761 1342 πάλιν⁸
2801 1307 2819 1341 ι
2856 1290 2966 1343 Kal
2998 1289 3227 1359 ἐλάλησε
3267 1288 3471 1359 Κύριος
3505 1287 3641 1358 πρὸς
3685 1284 3868 1353 Mani.

616 1380 852 1448 populos
887 1392 942 1435 et
979 1384 1177 1448 tribus,
1209 1384 1377 1439 infert
1409 1386 1610 1440 iterum
1647 1404 1660 1440 :
1707 1408 1723 1436 ‹
1751 1387 1819 1440 Ει
1857 1385 2075 1439 locutus
2121 1393 2197 1438 esl

2301 1378 2501 1447 λέγων’
2549 1379 2771 1445 Τούτοις
2807 1381 3196 1453 μερισθήσεται
3229 1383 3262 1452 ἡ
3294 1382 3365 1449 γῆ
3414 1380 3774 1450 κληρονομεῖν
3818 1376 3875 1441 ἐξ

616 1474 887 1529 Dominus
909 1476 978 1530 ad
1034 1477 1280 1548 Moysen,
1320 1479 1509 1535 dicens
1536 1498 1547 1533 ε
1572 1480 1667 1535 llis
1698 1480 2060 1534 distribuetur
2088 1487 2197 1531 ter-

2304 1470 2535 1541 ἀριθμοῦ
2566 1473 2842 1541 ὀνομάτων
2862 1489 2877 1504 ·
2910 1476 3021 1536 τοῖς
3050 1473 3259 1526 πλείοσι
3292 1473 3606 1533 πλεονάσεις
3632 1470 3733 1540 τὴν
3761 1470 3872 1538 κλη-

616 1581 698 1626 ra,
726 1576 787 1621 ut
821 1584 942 1622 eam
1001 1571 1317 1639 possideant
1348 1588 1415 1626 ex
1454 1589 1690 1627 numero
1723 1574 2043 1628 nominum:
2080 1571 2200 1639 plu-

617 1657 773 1713 ribus
812 1661 1071 1730 majorem
1109 1662 1490 1718 hzereditatem
1529 1665 1707 1729 dabis,
1745 1673 1801 1719 et
1851 1662 2207 1734 paucioribus

615 1749 890 1805 minorem
942 1752 1101 1808 dabis
1147 1754 1529 1810 baereditatem
1589 1754 2205 1826 ipsorum:unicuique,

2309 1563 2581 1633 ρονομίαν,
2604 1564 2827 1627 καὶτοῖς
2848 1565 3122 1618 ἐλάττοσιν
3145 1563 3468 1626 ἐλαττώσεις
3496 1564 3597 1634 τὴν
3625 1563 3871 1631 κληρονοο

2310 1653 2436 1723 μίαν
2488 1654 2691 1707 αὐτῶν·
2724 1658 2967 1726 ἑκάστῳ,
2999 1656 3179 1719 καθὼς
3206 1656 3631 1725 ἐπεσκέπησαν,
3663 1652 3873 1722 δοθήσε-

2307 1761 2396 1796 ται
2427 1746 2459 1813 ἡ
2483 1745 2813 1816 κληρονομία
2848 1748 3058 1811 αὐτῶν,
3090 1748 3194 1801 ἀνά
3230 1748 3396 1817 μέσον
3424 1746 3637 1800 πολλῶν
3665 1745 3762 1798 καὶ
3781 1745 3874 1797 ὀλε-

615 1840 759 1895 sieut
788 1844 1043 1898 recensiti
1061 1853 1208 1911 sunt,
1227 1847 1450 1901 dabitur
1474 1847 1771 1902 haereditas
1804 1862 1997 1902 eorum
2030 1863 2042 1897 :
2067 1844 2196 1916 [per

2301 1852 2428 1904 γων.
2464 1856 2482 1889 ι
2516 1838 2624 1890 Kal
2657 1838 2817 1908 νόμος
2853 1840 2951 1910 μὲν
2980 1833 3135 1903 οὗτος
3166 1838 3256 1891 ἐπί
3289 1855 3352 1905 γε
3381 1838 3441 1890 τὸ
3463 1837 3667 1908 χρῆναι
3700 1835 3871 1906 κληρο·

616 1940 793 1987 sortes
822 1934 1105 1989 dividetur
1126 1946 1273 1991 terra
1309 1939 1662 2004 nominibus;
1694 1954 1794 2008 per
1820 1937 1994 1990 tribus
2037 1936 2196 1989 fami—

613 2023 812 2077 liarum
846 2042 1065 2080 suarum
1100 2028 1478 2084 hmreditatem
1502 2038 1909 2100 consequentur
1930 2047 1942 2081 :
1967 2044 2034 2082 ex
2050 2036 2197 2083 sorte

614 2114 829 2169 divides
857 2116 1234 2172 baereditatem
1274 2120 1518 2189 ipsorum
1552 2119 1674 2192 (I)]
1720 2119 1864 2173 inter
1915 2120 2117 2173 multos
2143 2127 2199 2172 et

613 2220 818 2274 paucos
837 2207 901 2261 ”.
926 2227 943 2257 ι
968 2208 1145 2276 Atque
1172 2210 1289 2263 haec
1310 2210 1530 2279 quidem
1550 2211 1633 2264 lex
1651 2220 1754 2275 cst,
1779 2227 1883 2279 qua
1906 2218 2051 2264 sorte
2071 2224 2199 2278 pos-

614 2298 818 2351 sessuri
850 2308 1010 2353 erant
1037 2299 1412 2354 haereditatem
1445 2300 1483 2353 ii
1506 2300 1597 2369 qui
1623 2316 1827 2354 annum
1852 2303 1961 2371 jam
1996 2299 2198 2370 vigesi-

616 2403 766 2442 mum
790 2398 1031 2459 agerent.
1057 2391 1187 2444 Post
1217 2392 1592 2447 recensionem
1620 2394 1784 2464 igitur
1813 2393 2051 2461 vulgaris
2084 2402 2200 2445 tur-

617 2478 719 2543 bae,
760 2496 937 2549 genus
960 2480 1267 2536 Leviticum
1298 2493 1549 2537 numerat
1577 2502 1589 2536 :
1629 2503 1646 2533 ι
1679 2485 1745 2537 Ει
1777 2483 1894 2546 ﬁlii,
1940 2503 1955 2533 ι
1988 2482 2187 2551 inquit,

625 2588 643 2617 ι
671 2568 804 2623 Levi
840 2586 938 2639 per
965 2572 1198 2640 populos
1229 2588 1421 2627 eorum
1453 2591 1465 2626 :
1491 2574 1699 2628 Gcrson
1736 2574 1970 2643 populus
1997 2572 2200 2626 Gcrso-

617 2660 883 2724 nitarum,
917 2662 1085 2716 Caatli
1109 2664 1347 2732 populus
1376 2663 1779 2727 Caatliitarum,
1804 2663 1998 2716 Mcrari
2024 2678 2198 2732 p0pu-

617 2751 707 2805 lus
740 2753 1123 2808 lleraritarum
1152 2773 1163 2807 :
1200 2754 1256 2807 hi
1303 2755 1488 2824 populi
1521 2756 1757 2809 ﬁliorum
1807 2754 1936 2809 Levi
1961 2755 2024 2807 ³¹.
2060 2774 2076 2804 ›
2110 2754 2200 2806 In-

620 2849 705 2894 ter
724 2841 859 2905 haec,
888 2859 1012 2897 cum
1062 2861 1234 2913 genus
1270 2845 1439 2915 Moysi
1483 2854 1539 2899 et
1570 2845 1753 2899 Aaron
1814 2845 2197 2907 recensuisset,

619 2930 786 2985 infert
810 2932 1007 2985 iterum
1042 2934 1109 2988 de
1144 2933 1272 2988 ﬁliis
1306 2934 1436 2988 Levi
1463 2952 1477 2987 :
1516 2953 1533 2984 ι
1562 2935 1630 2988 Ει
1663 2933 1977 2987 fueruntex
2004 2947 2199 2987 recen-

618 3018 772 3073 sione
792 3035 986 3074 eorum
1002 3022 1103 3075 tria
1126 3022 1385 3092 etviginti
1424 3022 1596 3076 millia
1618 3039 1630 3074 :
1655 3037 1813 3077 omne
1834 3020 2201 3076 masculinum

616 3111 687 3164 ab
721 3126 828 3164 uno
851 3127 1035 3167 mense
1063 3121 1119 3166 et
1143 3129 1336 3182 supra:
1360 3130 1469 3167 non
1493 3112 1642 3167 enim
1670 3112 2054 3167 connumerati
2074 3119 2202 3166 sunt

620 3201 678 3255 in
714 3200 843 3257 ﬁliis
870 3202 1037 3257 Israel
1064 3221 1077 3268 ;
1116 3204 1244 3272 quia
1274 3213 1489 3260 nonest
1520 3205 1602 3259 eis
1633 3204 1758 3259 data
1784 3220 1905 3259 sors
1932 3203 1987 3257 in
2018 3203 2202 3258 medio

622 3291 864 3346 ﬁliorum
895 3293 1085 3348 Israel.
1128 3296 1196 3349 Et
1247 3296 1362 3350 haec
1394 3297 1704 3350 numeratio
1734 3297 1934 3366 Moysis
1955 3305 2011 3351 et
2040 3296 2202 3351 Elea-

624 3398 715 3435 zar
745 3383 1069 3449 sacerdotis,
1121 3386 1215 3454 qui
1255 3397 1688 3441 numeraverunt
1748 3387 1889 3442 ﬁlios
1940 3389 2105 3442 Israel
2145 3388 2201 3442 in

617 3473 867 3529 Arabotb
894 3478 1073 3542 Moab,
1104 3479 1158 3533 in
1180 3481 1440 3545 Iordane,
1471 3490 1659 3536 contra
1679 3482 1919 3536 Iericho.
1952 3484 2018 3536 Et
2040 3483 2092 3535 in
2119 3483 2205 3536 liis

620 3580 730 3618 non
764 3577 885 3619 erat
918 3568 1081 3623 homo
1108 3586 1175 3624 ex
1210 3572 1278 3625 iis
1323 3573 1417 3640 qui
1452 3573 1727 3628 numerati
1747 3574 1971 3629 fuerant
2001 3592 2031 3628 a
2060 3576 2205 3646 Moy-

620 3673 679 3711 se
703 3666 759 3710 et
796 3658 995 3723 Aaron,
1030 3677 1169 3731 quos
1192 3672 1625 3718 numeraverunt
1658 3666 1799 3719 ﬁlios
1826 3667 1993 3720 Israel
2020 3667 2077 3720 in
2103 3666 2198 3719 dc-

621 3760 770 3806 serto
797 3753 955 3817 Sina;
983 3756 1113 3823 quia
1168 3756 1596 3812 dixitDominus
1652 3758 1821 3827 ipsis:
1854 3758 2027 3812 Morte
2080 3773 2201 3812 mo-

2298 1931 2481 1998 νομεῖν
2512 1929 2638 1992 τοὺς
2676 1931 2735 1983 τὸ
2768 1931 3010 1985 εἰκοστὸν
3038 1931 3141 2001 ήδη
3167 1930 3449 2001 τρίϐοντας
3480 1928 3619 1991 ἔτος.
3650 1929 3801 1981 Μετὰ
3820 1928 3868 1980 δέ

2298 2034 2362 2086 γε
2391 2019 2482 2071 τὸν
2521 2020 2844 2090 ἐκλογισμὸν
2873 2022 2970 2091 τῆς
2990 2021 3244 2089 ἀγελαίου
3266 2019 3503 2090 πληθύος
3522 2058 3538 2081 ,
3560 2019 3871 2088 ἐπαριθμεῖ-

2299 2123 2387 2160 ται
2413 2108 2473 2159 τὸ
2499 2108 2650 2176 γένος
2678 2108 2738 2162 τὸ
2763 2108 3063 2162 Λευῖτικόν·
3096 2128 3113 2160 ι
3140 2109 3248 2162 Kal
3262 2110 3311 2160 οί
3334 2106 3492 2169 υίοὶ,›
3528 2105 3722 2173 φησιν,
3745 2122 3762 2153 ι
3791 2102 3872 2156 τοῦ

2298 2200 2431 2269 Λευῒ
2458 2202 2599 2254 κατά
2626 2202 2831 2272 δήμους
2867 2202 3047 2255 αὐτῶν
3084 2201 3162 2271 τῷ
3201 2198 3449 2263 Γεδσὼν,
3488 2198 3667 2268 δῆμος
3703 2199 3731 2250 ὁ
3770 2195 3875 2248 res

2304 2295 2450 2357 owvl,
2480 2293 2555 2364 τῷ
2587 2294 2740 2348 Καάθ
2761 2338 2776 2358 ,
2807 2295 2977 2364 δῆμος
3008 2296 3035 2347 ὁ
3070 2294 3270 2355 KaaOl,
3311 2291 3387 2361 τῷ
3422 2291 3647 2360 Μεραρὶ
3670 2329 3685 2350 ,
3719 2288 3872 2358 δῆμος

2300 2386 2328 2437 ὁ
2354 2386 2595 2456 Μεραρί’
2624 2380 2767 2439 οὗτοι
2795 2386 2955 2457 δῆμοι
2996 2386 3124 2437 υἱῶν
3155 2384 3307 2437 Λευῖ.
3341 2402 3359 2433 ι
3397 2381 3507 2433 Καὶ
3551 2378 3762 2450 μεταξὺ
3791 2396 3873 2445 γε-

2301 2477 2633 2547 νεαλογήσας
2677 2478 2920 2540 Μωσέως
2967 2494 3027 2529 τε
3061 2476 3187 2548 πέρι
3227 2476 3321 2529 καὶ
3361 2473 3595 2544 Ἀαρὼν,
3639 2470 3874 2540 ἐπιφέρει

2302 2568 2464 2620 πάλιν
2511 2568 2640 2638 περὶ
2682 2569 2789 2622 τῶν
2823 2569 2955 2621 υἱῶν
2995 2568 3159 2621 Λευῖο
3200 2588 3219 2619 ι
3279 2566 3392 2621 Kal
3437 2562 3779 2633 ἐγενήθησαν
3825 2561 3875 2625 ἐξ

2302 2659 2640 2727 ἐπισκέψειιις
2687 2658 2864 2710 αὐτῶν
2912 2661 3062 2730 τρεῖς
3114 2658 3208 2710 καὶ
3255 2656 3426 2709 εἴκοσι
3469 2653 3748 2724 χιλιάδες,
3780 2653 3875 2703 πᾶν

2302 2749 2588 2818 ἀρσενικὸν
2622 2749 2728 2800 ἀπὸ
2765 2749 3013 2817 μηνιαίου
3045 2747 3135 2800 καὶ
3162 2748 3346 2800 ἐπάνω
3367 2764 3378 2774 ·
3430 2745 3490 2797 οὐ
3539 2748 3651 2814 γὰρ
3704 2758 3877 2794 revex-

2303 2841 2614 2907 εσκέπησαν
2644 2840 2702 2891 ἐν
2719 2843 2827 2900 τοῖς
2843 2840 2974 2902 υἱοῖς
3001 2839 3238 2909 Ἰσραήλ.
3259 2838 3367 2889 Καὶ
3391 2835 3529 2904 αὕτη
3547 2837 3580 2904 ἡ
3602 2830 3875 2899 ἐπίσκεψις

2303 2930 2475 2999 Μωσῆ
2505 2930 2599 2982 xal
2640 2929 2903 2996 Ἐλεάζαρ
2932 2928 3025 2981 τοῦ
3053 2930 3260 2999 ἱερέως,
3288 2926 3335 2978 οἳ
3362 2924 3743 2993 ἐπεσκέψαντο
3766 2923 3875 2983 toi»;

2306 3022 2455 3085 υἱοὺς
2494 3021 2710 3093 Ἰσραὴλ
2738 3021 2795 3075 ἐν
2847 3021 3088 3092 Ἀραϐὼο
3133 3018 3305 3073 Μωάϐ
3352 3019 3445 3070 ἐπὶ
3485 3015 3581 3069 τοῦ
3628 3014 3873 3085 Ἰορδάνου

2308 3112 2448 3165 κατά
2501 3112 2730 3183 Ἱεριχώ.
2775 3112 2882 3165 Kal
2911 3114 2967 3165 ἐν
2997 3112 3205 3175 τούτοις
3235 3113 3334 3165 οὐκ
3360 3106 3427 3181 ἦν
3462 3110 3753 3179 ἄνθρωπος
3782 3108 3875 3161 τῶν

2304 3204 2731 3275 ἐπεσκεμμένων
2764 3203 2869 3258 ὑπὸ
2899 3204 3069 3272 Μωσῆ
3113 3203 3207 3256 καὶ
3250 3203 3491 3273 Ἀαρὼν,
3534 3202 3629 3264 οὒς
3659 3201 3876 3253 ἐπεσκέ-

2303 3296 2473 3365 ψαντο
2500 3298 2626 3360 τοὺς
2654 3297 2802 3359 υἱοὺς
2837 3296 3052 3367 Ἰσραὴλ
3083 3299 3139 3348 ἐν
3162 3297 3227 3365 τῇ
3259 3295 3449 3365 ἐρήμῳ
3475 3295 3630 3365 Σινᾷ,
3666 3294 3747 3347 ὅτι
3771 3288 3876 3346 εἷπε

2305 3388 2509 3459 Κύριος
2540 3389 2754 3451 αὑτοῖς·
2793 3389 3018 3459 Θανάτῳ
3047 3387 3444 3442 ἀποθανοῦνται
3487 3388 3545 3439 ἐν
3572 3389 3643 3456 τῇ
3682 3386 3875 3455 ἐρήμῳ,

2305 3480 2400 3531 καὶ
2444 3477 2504 3529 οὑ
2536 3477 2865 3549 κατελείφθη
2900 3478 2960 3542 ἐξ
3000 3478 3177 3530 αὐτῶν
3220 3478 3339 3530 οὐδέ
3382 3472 3483 3540 εἷς,
3535 3476 3680 3545 πλὴν
3714 3475 3878 3528 Χαλὲϐ

2306 3571 2418 3634 υἱὸς
2460 3570 2707 3639 Ἰεφωνῆ,
2754 3572 2848 3623 καὶ
2908 3569 3113 3640 Ἰησοῦς
3156 3571 3183 3622 ὁ
3216 3569 3307 3622 τοῦ
3336 3569 3513 3637 Ναυῆ.
3562 3589 3579 3618 ι
3616 3568 3730 3621 Kal
3762 3565 3878 3634 φέρε

2310 3664 2395 3731 ἂν,
2425 3664 2587 3716 πάλιν
2619 3663 2981 3734 ἐπιτροχάδην
3038 3663 3133 3715 καὶ
3161 3661 3265 3716 ἀνὰ
3299 3661 3464 3732 μέρος
3496 3660 3710 3713 ἕκαστα
3736 3657 3880 3710 διῑόν-

2305 3772 2420 3821 τες,
2448 3755 2695 3826 λέγωμεν
2737 3754 3069 3825 σαφέστερόν
3100 3772 3159 3807 τε
3194 3754 3287 3808 καὶ
3312 3753 3751 3823 εὐκρινέστερον.

623 3849 833 3902 rientur
862 3848 917 3902 in
943 3849 1193 3915 deserto;
1225 3859 1281 3905 et
1330 3867 1440 3907 non
1467 3851 1572 3905 fuit
1601 3851 1827 3907 relictus
1856 3868 1925 3906 ex
1945 3852 2026 3907 eis
2058 3868 2238 3921 neque
2287 3868 2449 3916 unus,
2482 3862 2846 3921 prmterquam
2895 3849 3061 3905 Caleb
3094 3850 3238 3904 ﬁlius
3263 3848 3529 3918 Jepbone,
3555 3853 3610 3899 et
3632 3844 3791 3900 Iesus
3823 3840 3878 3893 li-

610 3941 728 3999 .lius
753 3939 901 3994 Nave
917 3941 981 3994 ³⁸.
1009 3960 1026 3992 ι
1066 3941 1177 4012 Age
1202 3943 1387 4013 igitur,
1416 3944 1597 3999 denuo
1617 3944 1819 3999 cursim
1839 3960 1903 3999 ac
1927 3961 2026 4014 per
2047 3954 2230 4015 partes
2266 3944 2477 4015 singula
2503 3952 2920 4014 prosequentes,
2946 3942 3192 3996 dicamus
3235 3940 3437 3994 clarius
3456 3954 3521 3994 ac
3553 3938 3875 3994 distinctiut'

690 4034 888 4090 PALL.
916 4036 1188 4105 Eloquere
1217 4038 1399 4107 itaque
1435 4038 1574 4092 nihil
1606 4046 1927 4105 cunctatus;
1962 4056 2087 4093 nam
2140 4040 2194 4091 in

2378 4040 2582 4093 [ΙΑΛΛ.
2615 4037 2793 4108 Φράζε
2828 4038 2889 4107 δὴ
2927 4032 3017 4091 οὖν
3051 4037 3285 4107 ὀκνήσας
3324 4035 3498 4099 οὐδὲν,
3538 4034 3617 4097 ὡς
3648 4035 3706 4089 ἓν
3738 4052 3799 4104 γε
3822 4033 3878 4104 δὴ

619 4127 889 4199 ejusmodi
915 4128 1081 4183 rebus
1106 4129 1409 4198 jucundum
1434 4140 1516 4184 est
1542 4141 1734 4201 argute
1769 4131 2063 4201 disserere.

2301 4130 2507 4193 τούτοις
2540 4130 2637 4200 ἡδὺ
2679 4130 2740 4182 τὸ
2775 4130 3162 4198 στενολεσχεῖν.

681 4219 839 4275 CYR.
898 4220 1070 4289 Igitur
1124 4220 1179 4274 in
1209 4237 1383 4290 pauca
1445 4198 1855 4291 propositoritm
1902 4221 2196 4275 verborum

2376 4198 2800 4272 ΚΥΡξυὺκοῦν
2851 4220 2908 4270 ἐν
2955 4218 3154 4285 ὀλίγοις
3206 4215 3316 4269 τῶν
3369 4215 3754 4286 προκειμένων
3796 4214 3876 4267 τὸν

620 4326 844 4365 sensum
878 4312 1245 4376 conferentes,
1280 4313 1416 4367 illud
1437 4314 1673 4368 dicimus
1702 4332 1713 4366 :
1768 4314 2025 4368 Adultam
2078 4330 2197 4367 rur-

2301 4314 2428 4368 νοῦν
2485 4312 2918 4381 συναγείροντες,
2968 4309 3143 4361 ἐκεῖνό
3187 4325 3398 4377 φαμεν]
3442 4307 3514 4360 Τὸ
3569 4308 3780 4378 ἡϐηκὸς
3819 4306 3876 4375 δὴ

620 4420 713 4458 sus
743 4412 799 4458 et
836 4405 966 4458 belli
1009 4421 1117 4459 non
1169 4406 1413 4474 ignaram
1446 4416 1662 4460 aetatem
1713 4409 1993 4462 numerari
2042 4407 2197 4478 jubet

2304 4404 2487 4467 πάλιν,
2518 4403 2612 4455 καὶ
2654 4401 2751 4471 τὴν
2784 4399 3254 4470 ἐμπειροπόλεμον
3289 4395 3501 4468 ἡλικίαν
3548 4396 3873 4467 ἀπαριθμεῖ·

620 4496 786 4549 Deus.
823 4495 894 4550 Ut
924 4496 1071 4550 enim
1096 4498 1207 4566 jam
1255 4499 1410 4567 prius
1447 4499 1705 4563 diximus,
1748 4500 1948 4569 cogniti
1989 4508 2045 4552 et
2097 4498 2195 4553 de-

2303 4496 2425 4549 σθαι
2466 4496 2574 4548 δεῖν
2616 4492 2943 4565 προστάττει
2978 4491 3127 4551 Θεός.
3180 4490 3266 4551 Ὠς
3296 4490 3402 4560 γὰρ
3442 4489 3541 4559 ἤδη
3580 4488 3877 4558 φθάσαντες

621 4586 812 4655 scripti
848 4596 976 4640 sunt
1005 4588 1149 4656 apud
1198 4590 1390 4653 Deum,
1441 4601 1495 4644 et
1532 4592 1584 4643 in
1626 4592 1828 4645 librum
1890 4591 2199 4645 viventium

623 4678 803 4741 relati,
830 4695 939 4732 non
965 4680 1216 4733 imbelles
1242 4691 1297 4735 et
1334 4682 1558 4746 inﬁrmi,
1590 4699 1768 4752 neque
1804 4683 1964 4751 pueri
2015 4684 2198 4736 adhuc

622 4783 808 4831 sensu,
836 4770 932 4823 sed
960 4770 1277 4839 quicunque
1334 4773 1505 4828 fortes
1552 4781 1607 4827 et
1654 4774 1826 4843 parati
1865 4774 1931 4826 ad
1990 4774 2195 4827 bellum

619 4876 745 4915 cum
792 4861 943 4915 vitiis
974 4870 1139 4931 atque
1197 4872 1421 4932 peccato
1451 4866 1776 4935 gerendum,
1830 4876 1886 4921 et
1919 4867 2080 4921 ﬁrma
2135 4882 2199 4923 ac

620 4954 801 5008 stabili
858 4964 986 5009 sunt
1038 4956 1351 5025 sapientia,
1414 4967 1469 5013 et
1535 4962 1647 5029 apti
1704 4962 1811 5031 jam
1865 4961 1933 5015 ad
1988 4977 2051 5015 ea
2101 4977 2198 5030 ge-

620 5048 789 5102 renda
844 5065 907 5102 ac
964 5050 1336 5119 perﬁcienda,
1391 5069 1512 5121 qua:
1586 5054 1729 5108 Deus
1779 5053 1909 5107 velit
1958 5071 1971 5106 :
2038 5052 2192 5122 135

621 5140 785 5194 iidem
835 5156 933 5209 per
990 5142 1186 5207 tribus,
1235 5153 1292 5197 et
1350 5160 1417 5197 ex
1480 5145 1722 5208 nomine,
1777 5154 1832 5199 et
1882 5146 2197 5215 singulatim

622 5241 825 5287 terram
852 5234 1032 5302 partiti
1064 5245 1211 5289 sunt.
1243 5236 1500 5291 Ilaeredes
1524 5252 1758 5305 namque
1781 5244 1946 5289 terra:
1975 5243 2196 5301 sanetee,

623 5332 679 5375 et
695 5334 1035 5392 speratorum
1056 5326 1326 5379 bonorum
1356 5325 1653 5395 participes
1669 5335 1831 5379 erunt
1856 5325 1892 5378 ii
1910 5324 1977 5379 de
1998 5324 2201 5393 quibus

622 5414 923 5482 loquimur,
950 5432 1046 5484 per
1071 5418 1248 5472 tribus
1280 5428 1338 5472 et
1374 5417 1630 5481 familias,
1667 5427 1727 5471 ut
1757 5417 1811 5470 in
1836 5416 1947 5470 illis
1978 5416 2197 5471 verbis:

634 5523 651 5555 ι
680 5505 829 5561 Beati
860 5507 1020 5561 mites
1045 5549 1059 5571 ,
1092 5510 1351 5577 quoniam
1390 5510 1495 5578 ipsi
1530 5509 1936 5563 liaereditabunt
1962 5518 2198 5574 terram;

626 5597 773 5651 beati
818 5599 1235 5663 misericordes,
1288 5602 1547 5671 quoniam
1602 5600 1702 5671 ipsi
1769 5599 2200 5655 misericordiam

702 5717 747 5744 "'
783 5717 946 5771 IIebr.
980 5735 1051 5783 vi,
1096 5720 1179 5772 IO.
1259 5722 1301 5750 ’⁵
1341 5720 1498 5773 Num.
1544 5736 1687 5781 xxvi,
1760 5720 1813 5778 2.
1852 5720 1903 5773 5.

706 5810 787 5880 (I)
821 5811 984 5867 Uneis
1010 5812 1215 5867 inclusa
1241 5812 1439 5867 desunt
1466 5815 1519 5869 in
1548 5823 1695 5868 textu
1722 5814 1927 5867 Grreco.
1956 5813 2101 5867 Eutr.

2018 5720 2061 5749 ³⁰
2096 5717 2256 5783 Ibid,

2298 4588 2546 4657 εἴπομεν,
2582 4587 2639 4637 ἐν
2670 4582 2871 4651 γνώσει
2917 4599 2976 4633 τε
3011 4581 3103 4634 καὶ
3135 4580 3431 4649 ἀπογραφῇ
3464 4580 3530 4649 τῇ
3559 4579 3713 4648 παρὰ
3745 4576 3874 4645 Θεῷ,

2295 4680 2388 4734 καὶ
2412 4681 2468 4731 ἐν
2497 4678 2663 4748 βίϐλῳ
2694 4676 2931 4741 ζώντων,
2965 4675 3024 4727 οὐ
3059 4675 3118 4726 τὸ
3141 4672 3334 4726 ἀναλκι
3360 4672 3453 4725 καὶ
3480 4671 3733 4741 ἀδρανὲς,
3764 4669 3876 4723 οὔτε

2299 4770 2405 4843 μὴν
2438 4770 2500 4823 τὸ
2530 4770 2610 4823 ἐτι
2652 4767 2920 4840 νηπιάζον
2952 4766 3090 4821 κατά
3117 4766 3214 4835 τὴν
3264 4764 3524 4835 φρόνησιν
3544 4804 3558 4827 ,
3611 4762 3747 4815 ἀλλά
3778 4763 3874 4817 πᾶν

2294 4863 2417 4916 ὅσον
2457 4862 2605 4914 ἐστὶν
2662 4859 2915 4922 εὐσθενὲς
2963 4874 3023 4910 τε
3056 4856 3155 4927 ἤδη
3184 4858 3278 4908 καὶ
3318 4854 3532 4923 ἕτοιμον
3580 4852 3663 4915 είς
3708 4850 3876 4920 παρά-

2291 4956 2443 5021 ταξιν
2484 4954 2583 5025 τὴν
2641 4952 2785 5007 κατά
2827 4950 3016 5004 παθῶν
3057 4966 3115 5000 τε
3147 4947 3239 5000 καὶ
3269 4944 3565 5015 ἁμαρτίας,
3598 4944 3693 4996 καὶ
3725 4942 3876 5011 βεϐη-

2304 5048 2397 5112 κὸς
2430 5050 2509 5111 εἰς
2554 5046 2766 5100 σύνεσιν
2790 5085 2805 5107 ,
2857 5040 3131 5112 εὐπρεπές
3171 5056 3230 5091 τε
3270 5038 3368 5109 ἥδη
3413 5036 3549 5107 πρὸς
3580 5036 3642 5087 τὸ
3686 5034 3876 5105 χρῆναι

2304 5142 2435 5213 δρᾷν
2471 5141 2563 5193 καὶ
2590 5137 2848 5191 δύνασθαι
2896 5131 3225 5205 κατορθοῦν,
3263 5130 3298 5184 ἃ.
3333 5130 3396 5182 ἂν
3429 5129 3670 5200 βούλοιτο
3711 5128 3872 5188 Θεὸςο

2304 5224 2452 5284 οὗτοί
2469 5247 2529 5283 τε
2550 5228 2647 5299 τὴν
2668 5229 2771 5297 γῆν
2800 5226 2941 5280 κατά
2965 5240 3025 5277 τε
3053 5223 3149 5285 τὰς
3172 5221 3364 5290 φυλὰς,
3388 5220 3481 5273 καὶ
3510 5218 3570 5283 ἐξ
3598 5218 3874 5287 ὀνόματος,

2307 5324 2402 5377 καὶ
2438 5322 2558 5376 καθ’
2589 5321 2819 5373 ἕκαστον
2853 5312 2910 5371 εὖ
2951 5316 3094 5387 μάλα
3125 5314 3579 5384 διεμοιρήσαντοο
3623 5310 3876 5380 κληρονό-

2311 5434 2400 5488 μοι
2446 5415 2555 5485 γὰρ
2599 5414 2810 5466 ἔσονται
2841 5412 2940 5481 τῆς
2979 5408 3139 5478 ἁγίας
3165 5408 3289 5476 γῆς,
3330 5406 3422 5457 καὶ
3464 5404 3573 5456 τῶν
3612 5406 3665 5456 ἐν
3697 5402 3877 5456 ἐλπίσι

2314 5505 2629 5578 μεθέξουσιν
2664 5503 2905 5571 ἀγαθῶν,
2938 5504 2986 5555 οἱ
3028 5502 3155 5570 περὶ
3186 5492 3260 5552 ὧν
3292 5499 3319 5551 ὁ
3351 5498 3510 5566 λόγος
3547 5497 3682 5548 κατά
3711 5494 3877 5563 φυλάς

2309 5616 2369 5651 τε
2398 5599 2491 5651 καὶ
2525 5596 2667 5651 κατά
2689 5596 2863 5665 γένος,
2892 5595 2967 5658 ὠς
2996 5596 3054 5647 ἐν
3078 5592 3174 5664 τῷ,
3216 5610 3234 5643 ι
3275 5591 3550 5663 Μακάριοι
3578 5590 3624 5641 oi
3662 5587 3883 5657 πραεῖς.

2301 5718 2480 5773 52-5-4.
2559 5714 2793 5781 “Ibid,
2851 5716 2937 5779 57,
3001 5713 3084 5768 58.
3201 5712 3244 5743 ³⁸
3282 5709 3443 5773 Ibid'.,
3486 5707 3667 5764 θεὲ-65.
