4076 6514
242 385 331 442 M9
923 380 1010 434 DE
1053 380 1492 436 ADORATIONE
1532 382 1599 436 IN
1640 382 1912 438 SPIRITU
1953 382 2041 438 ET
2083 383 2454 440 VERITATE.
2493 382 2622 437 LIB.
2658 382 2745 437 IV.

3363 387 3471 445 5:50

241 503 468 557 ima-3:01
497 500 964 571 κληρονομήσουσι
995 500 1094 572 τὴν
1123 504 1227 572 γῆν
1245 515 1259 530 ⁸
1292 503 1552 574 μακάριοι
1574 505 1622 558 οε
1647 503 1782 573 ὲλεή.

1895 513 2306 573 consequentur
2322 504 2398 568 ⁸³;
2427 524 2445 555 ι
2469 512 2526 558 et
2547 504 2601 557 in
2621 503 2744 558 aliis
2777 501 2906 557 item
2931 501 3364 560 beatitudinibus
3382 506 3467 560 vi-

239 613 413 664 μονες,
449 595 529 646 ᾶτι
575 593 730 646 αὐτοὶ
781 592 1200 664 ἐλεηθήσονται·
1256 614 1274 645 ι
1329 596 1423 648 καὶ
1462 595 1538 658 ῶς
1571 598 1631 649 ὲν
1675 599 1786 658 τοῖς

240 687 424 755 ἑτέροις
451 687 837 754 μακαρισμοῖς.
863 684 1080 756 Κλῆρος
1106 684 1214 756 γὰρ
1247 680 1397 748 οὗτός
1425 688 1570 738 ἐστιν
1597 685 1786 757 ῶσπερ

238 795 308 838 τις
326 777 444 838 ἴδιος
463 775 574 827 τῶν
597 773 935 844 ⁴ηλεημένων,
964 773 1184 844 πραέων
1214 791 1275 826 τε
1303 773 1528 826 καὶτῶν
1556 773 1786 843 πτωχῶν

237 873 286 922 ἐν
307 867 582 936 πνεύματι,
608 867 702 919 καὶ
723 864 1095 934 δεδιωγμένων
1116 866 1279 918 ἕνεκα
1303 866 1401 935 τῆς
1415 865 1781 936 δικαιοσύνης.

236 959 366 1024 Πλὴν
396 959 485 1011 καὶ
518 957 639 1010 καθ’
669 958 764 1010 ἕνα
806 957 901 1009 καὶ
938 956 996 1022 ἐξ
1033 955 1296 1025 ὀνόματος
1343 957 1440 1025 τῆς
1479 955 1728 1018 εὐκλείας
1759 957 1787 1008 6

237 1067 497 1119 στεφανος,
556 1048 831 1116 ἀναλόγως
875 1049 1104 1102 ἕκαστον
1140 1049 1250 1109 τοῖς
1300 1046 1463 1101 αὑτοῦ
1509 1047 1786 1118 κατορθώ-

235 1160 352 1214 μασι
392 1140 656 1211 τιμῶντος
683 1139 819 1191 Θεοῦ
840 1177 860 1203 ,
890 1140 984 1192 καὶ
1011 1139 1108 1210 τὴν
1137 1137 1360 1193 δέουσαν
1399 1141 1508 1202 τοῖς
1541 1139 1784 1212 ἀνδριζοο

234 1233 398 1302 μένοις
442 1230 864 1300 ἐπιμετροῦντας
914 1231 1105 1302 χάριν,
1151 1232 1201 1282 εί
1239 1236 1332 1284 καὶ
1380 1231 1534 1303 Hart.
1572 1233 1604 1302 ἦ
1647 1230 1776 1303 ml]

230 1326 378 1375 νοοῖτο
404 1322 588 1392 τυχὸν,
621 1323 697 1389 ῶς
725 1325 782 1375 ἐν
815 1323 1000 1393 μέτρῳ
1031 1323 1255 1388 πλείονι,
1286 1324 1379 1376 καὶ
1412 1323 1785 1395 πλουσιωτέρα

228 1413 456 1483 διανομῇ·
491 1431 510 1461 ‹
537 1413 750 1485 Μέτρον
777 1412 936 1483 γὰρ.»
971 1412 1126 1482 φησὶ,
1154 1433 1173 1464 ι
1203 1413 1364 1466 καλὸν
1399 1414 1781 1484 πεπιεσμένον,

230 1503 637 1573 σεσαλευμένον,
689 1504 1194 1574 ὑπερεκχυνόμενον
1247 1503 1511 1558 δώσουσιν
1564 1507 1644 1569 είς
1695 1505 1784 1558 τὸν

225 1596 402 1647 κόλπον
435 1594 622 1663 ὑμῶν’
661 1613 678 1646 ι
720 1595 814 1646 καὶ
843 1594 972 1647 αὐτὸ
1006 1594 1069 1663 δὴ
1095 1595 1254 1648 τοῦτο
1279 1594 1472 1665 δηλοῦν
1499 1593 1652 1667 οἶμαί
1682 1613 1782 1649 που

221 1687 273 1740 τὸ
291 1687 446 1755 φάναι
469 1687 602 1740 Θεόν
624 1703 637 1717 ο
668 1707 685 1738 ι
718 1688 843 1750 Τοῖς
878 1687 1090 1740 πλείοσι
1119 1687 1434 1752 πλεονάσεις
1469 1688 1566 1760 τὴν
1591 1690 1784 1760 κληρο-

222 1781 394 1850 νομίαν
448 1780 663 1844 αὐτῶν,
707 1781 801 1833 καὶ
849 1783 961 1844 τοῖς
1009 1780 1287 1834 ἐλάττοσιν
1327 1780 1649 1846 ἐλαττώσεις
1685 1782 1783 1852 τὴν

1891 595 2020 650 dere
2047 596 2176 650 licet
2207 613 2218 647 :
2244 595 2512 665 ejusmodi
2535 594 2683 648 enim
2703 593 2993 648 haereditas
3028 595 3467 652 misericordium

1889 695 1945 742 et
1977 687 2191 741 mitium
2213 702 2278 740 ac
2298 701 2600 756 pauperum
2628 685 2847 754 spiritu,
2884 693 2943 738 et
2972 700 3167 739 eorum
3203 687 3297 755 qui
3339 703 3466 756 per—

1889 776 2226 831 secutionem
2257 776 2543 846 patiuntur
2569 783 2794 844 propter
2825 775 3116 844 justitiam,
3161 777 3313 845 quasi
3338 792 3467 846 pro—

1889 868 2005 936 pria
2048 876 2150 922 est.
2213 867 2318 922 Sed
2369 877 2547 921 tamen
2596 866 2905 936 singulatim
2961 882 3178 935 quoque
3216 875 3271 920 et
3312 868 3468 936 juxta

1889 961 2110 1014 nomina
2137 976 2336 1014 corona
2364 959 2550 1030 gloria:
2597 958 2779 1021 datur,
2821 973 2945 1011 cum
2977 959 3121 1012 Deus
3151 959 3348 1028 cuique
3369 974 3469 1026 pro

1889 1061 2036 1107 recte
2062 1051 2330 1106 factorum
2370 1051 2581 1104 ratione
2613 1051 2851 1104 honores
2873 1049 3172 1118 persolvat,
3213 1050 3471 1119 gratiam-

1887 1159 1994 1213 que
2021 1143 2256 1197 fortibus
2272 1143 2424 1208 viris,
2459 1158 2581 1212 qua:
2603 1142 2814 1206 deerat,
2846 1140 3196 1196 admetiendo
3212 1141 3466 1210 adjiciat;

1886 1235 2138 1304 quamvis
2169 1251 2233 1289 ea
2267 1236 2495 1289 fortasse
2527 1244 2783 1303 tanquam
2835 1234 3041 1302 majore
3084 1248 3339 1286 mensura
3375 1248 3472 1286 cu-

1887 1328 2287 1396 mulatioreque
2308 1325 2566 1380 distribui
2597 1325 2952 1394 intelligenda
2977 1324 3050 1378 sit
3077 1343 3089 1376 :
3119 1343 3134 1374 ι
3162 1323 3470 1376 Mansuram

1886 1417 2088 1487 quippe
2105 1417 2325 1482 bonam,
2353 1435 2369 1466 ι
2391 1416 2586 1484 inquit,
2601 1437 2618 1465 ι
2646 1422 2701 1469 et
2715 1414 3036 1477 confertam,
3055 1421 3110 1466 et
3124 1411 3468 1482 coagitatam,

1885 1518 1942 1563 et
1960 1509 2442 1578 superetiluentem
2459 1508 2668 1562 dabunt
2696 1508 2750 1561 in
2785 1507 2968 1560 sinum
2992 1512 3234 1560 vestrum
3257 1503 3302 1534 ³⁸
3328 1502 3471 1556 nid-

1885 1615 1992 1670 quc
2013 1599 2191 1668 ipsum
2215 1597 2521 1667 signiﬁcare
2540 1598 2755 1668 opinor,
2778 1612 2905 1652 cum
2925 1594 3059 1650 dicit
3082 1595 3257 1648 Dcus:
3296 1611 3314 1642 ι
3344 1592 3472 1645 Plu-

1885 1690 2040 1743 ribus
2062 1689 2322 1758 majorem
2359 1687 2739 1742 lmreditatem
2769 1687 3004 1750 tribues,
3035 1693 3092 1740 et
3117 1683 3472 1755 paucioribus

1885 1780 2153 1834 minorem
2195 1779 2570 1834 luereditatem
2603 1779 2760 1834 dabis
2795 1798 2807 1832 :
2837 1778 3158 1847 unicuique,
3191 1785 3250 1830 ut
3280 1790 3476 1829 recen-

221 1872 564 1942 κληρονομίαν
595 1873 772 1924 αὐτῶν
793 1913 807 1931 .
850 1871 1086 1941 ἑκάστῳ,
1143 1871 1332 1936 καθὼς
1365 1873 1745 1944 ἐπεσκέπησαν
1764 1912 1778 1936 ,

1887 1873 1978 1928 siti
2017 1881 2166 1937 sunt,
2198 1873 2422 1927 dabitur
2472 1871 2765 1928 ha-reditas
2801 1845 3062 1940 ipsorum
3086 1869 3152 1920 ³⁸.
3205 1887 3223 1918 ι
3255 1865 3472 1921 Etenim

219 1963 479 2033 δοθήσεται
535 1965 568 2032 ἡ
609 1964 942 2035 κληρονομία
995 1965 1194 2018 αὐτῶν.
1245 1984 1263 2016 ι
1323 1966 1395 2018 Τὸ
1443 1965 1552 2038 γὰρ
1603 1967 1678 2030 ώς
1724 1968 1783 2020 ἐν

217 2055 412 2126 ἀριθμῷ
442 2056 557 2110 τῶν
586 2056 866 2124 ὀνομάτων
899 2055 1124 2121 πλείονι,
1149 2056 1317 2120 τύπος
1349 2057 1413 2110 ἂν
1443 2058 1652 2124 γένοιτο
1682 2075 1750 2110 σα
1769 2088 1782 2098 ο

217 2145 306 2216 ςὴς
333 2146 425 2200 τοῦ
456 2147 858 2218 ὑπερκειμένου
890 2146 985 2200 καὶ
1016 2147 1400 2213 πλεονάζοντος
1430 2151 1488 2201 ὲν
1519 2151 1687 2221 ἀρετῇ
1712 2171 1723 2182 ο
1755 2153 1784 2204 6

220 2241 305 2308 μὲν
327 2240 432 2311 γάρ
469 2241 667 2306 οὕτως,
703 2243 731 2294 6
765 2241 820 2294 δὲ
867 2239 1039 2303 οὕτως
1065 2241 1359 2312 εὐδοκιμεῖ,
1393 2241 1536 2294 κατὰ
1568 2242 1659 2294 τὸν
1683 2261 1785 2312 μα-

215 2324 385 2397 κάριον
425 2326 667 2380 Παῦλον.
713 2325 983 2396 Κληρωτὴ
1020 2326 1076 2379 δὲ
1107 2329 1140 2397 ἡ
1173 2328 1265 2396 γῆ,
1307 2327 1427 2380 κατ’
1464 2327 1638 2380 ἐκεῖνό
1681 2345 1782 2381 που

214 2419 334 2487 τάχα
363 2420 455 2474 τό·
499 2439 520 2470 ι
571 2421 658 2472 Ἐν
685 2422 805 2482 ταῖς
831 2421 986 2491 χερσί
1021 2437 1112 2473 σου
1143 2421 1188 2474 οἱ
1223 2419 1412 2490 κλῆροί
1447 2437 1565 2490 μου*
1601 2439 1618 2472 ι
1651 2421 1785 2491 πρὸς

212 2508 326 2562 Θεὸν
352 2510 668 2581 εἰρημένον.
701 2510 831 2581 Θείᾳ
858 2511 965 2582 γὰρ
992 2511 1157 2580 ψήφῳ
1184 2511 1472 2580 γενήσεται
1511 2510 1621 2564 τῶν
1663 2514 1784 2566 ἐσο-

212 2601 370 2672 μένων
414 2603 646 2671 ἀγαθῶν
691 2606 722 2672 ἡ
769 2601 1015 2673 ἀπλανὴς
1066 2602 1414 2672 διανέμησις,
1464 2604 1677 2674 ἑκάστῳ
1725 2605 1786 2656 τὸ

212 2693 399 2765 πρέπον
428 2697 510 2758 εἰς
543 2694 928 2766 ἀποκλήρωσιν
959 2694 1033 2761 (-l)
1055 2691 1332 2762 ὁρίζοντος
1354 2693 1474 2746 τότε
1491 2694 1584 2747 τοῦ
1609 2695 1787 2749 πάντα

208 2787 390 2849 εἰδότος
416 2787 485 2839 τά
515 2786 642 2840 καθ’
673 2788 706 2856 ἡ
717 2787 842 2855 μᾶς.
885 2785 1050 2856 Ἰδικὴ
1076 2785 1130 2838 δὲ
1166 2786 1326 2839 πάλιν
1355 2788 1388 2856 ἡ
1411 2787 1518 2840 τῶν
1546 2788 1787 2842 Λευῖτῶν

207 2879 598 2950 ἀπαρίθμησις,
631 2879 739 2931 ἀπὸ
778 2877 1030 2948 μηνιαίου
1064 2876 1158 2930 καὶ
1203 2877 1410 2930 ἐπάνω.
1446 2879 1554 2932 Καὶ
1588 2880 1788 2950 κλῆρος

206 2971 368 3033 αὐτοῖς
401 2972 461 3023 οὐ
496 2971 712 3024 δίδοται
760 2971 818 3023 ὲν
855 2970 1008 3040 μέσῳ
1052 2968 1160 3022 τῶν
1209 2970 1341 3040 υἱῶν
1386 2971 1633 3042 Ἰσραὴλ,
1667 2972 1788 3026 οὐδὲ

209 3063 685 3133 συνεπεσκέπησαν
719 3063 922 3123 αὐτοῖς.
969 3060 1296 3134 Ἀγιώτερον
1331 3063 1436 3133 γὰρ
1468 3064 1554 3116 ἀεί
1586 3081 1688 3118 που
1727 3065 1788 3117 τὺ

207 3155 475 3224 ἱερώτερον
547 3153 719 3220 γένος.
769 3152 860 3204 Διὸ
910 3154 1004 3205 καὶ⁵
1057 3151 1369 3225 ἐξῃρημένη
1402 3153 1508 3207 τῶν
1544 3155 1717 3209 ἄλλων
1752 3157 1783 3226 ἡ
1813 3202 1854 3258 C

201 3247 474 3318 ἀπογραφὴ
516 3246 656 3315 ’περὶ
679 3243 864 3306 αὐτοῦ,
883 3245 977 3297 καὶ
1000 3243 1199 3314 κλῆρος
1225 3245 1403 3308 αὐτοῖς
1433 3247 1494 3298 οὐ
1522 3246 1658 3315 μετὰ
1680 3245 1785 3299 τῶν

200 3335 390 3400 ἀλλων,
425 3333 576 3388 ἀλλὰ
624 3335 716 3387 καὶ
759 3333 1046 3404 ἐπίσκεψις
1082 3334 1259 3406 ίδική’
1300 3337 1458 3406 μερὶς
1504 3337 1561 3388 δὲ
1601 3337 1784 3401 αὐτοῖς

203 3427 286 3478 καὶ
309 3427 532 3498 κλῆρος,
568 3426 734 3488 αὐτὸς
759 3427 786 3477 6
814 3424 920 3478 τῶν
940 3426 1077 3478 ὅλων
1107 3426 1260 3490 Θεὸς,
1301 3427 1440 3480 κατὰ
1464 3427 1524 3480 τὸ
1553 3469 1567 3492 ,
1604 3447 1620 3477 ι
1664 3429 1785 3481 Μα-

203 3520 367 3589 κάριοι
403 3522 452 3572 οἱ
502 3517 745 3587 καθαροὶ
785 3520 849 3586 τῇ
906 3516 1138 3588 λαρδίᾳ,
1188 3517 1270 3570 ὃτι
1316 3517 1471 3569 αὐτοὶ
1506 3518 1598 3570 τὸν
1650 3517 1782 3570 Θεὸν

203 3611 427 3680 διξονται.
459 3633 480 3665 ι
504 3612 637 3664 Τῶν
656 3609 762 3680 γὰρ
790 3608 1137 3680 καλουμένων
1162 3607 1392 3678 πτωχῶν
1410 3607 1486 3678 τῷ
1509 3607 1780 3678 πνεύματι

200 3706 287 3773 τὴν
315 3706 422 3759 τῶν
453 3701 716 3774 οὐρανῶν
751 3700 1027 3772 βασιλείαν
1068 3701 1370 3771 μελλόντων
1404 3701 1776 3774 κληρονομεῖν,

205 3793 779 3866 παρακληϐησομένων
807 3791 863 3844 δὲ
889 3791 982 3844 καὶ
1013 3790 1121 3844 τῶν
1154 3790 1422 3862 ἑλομένων
1453 3793 1514 3845 τὸ
1541 3793 1774 3860 πενθεῖν,

201 3886 640 3959 ἑλεηϐησομένων
672 3884 728 3939 δὲ
767 3886 860 3937 καὶ
910 3883 1020 3938 τῶν
1056 3883 1364 3955 ὲλεημόνων
1389 3901 1402 3914 ο
1444 3886 1505 3938 Oi
1551 3885 1779 3957 καθαροὶ

199 3982 256 4049 τῇ
281 3979 492 4050 καρδίᾳ,
533 3977 698 4048 φησὶ,
733 3975 1014 4046 μακάριοι,
1038 3975 1120 4027 ὅτι
1151 3976 1304 4028 αὐτοὶ
1335 3975 1427 4028 τὸν
1459 3977 1592 4029 Θεὸν
1620 3978 1777 4046 ὄψον-

198 4087 292 4123 ται.
321 4066 481 4126 Οῦτοι
513 4071 560 4124 δ’
606 4069 672 4122 ἂν
706 4064 814 4120 εἷεν
862 4068 910 4120 οἱ
946 4065 1098 4138 παρὰ
1127 4067 1254 4130 τοὺς
1297 4065 1490 4132 ἄλλους
1530 4069 1777 4135 ἅπαντας

199 4161 464 4232 ίερώτεροί
500 4177 564 4214 τε
611 4159 706 4211 καὶ
742 4155 1052 4228 ἁγιώτεροι,
1095 4156 1189 4209 καὶ
1223 4156 1423 4228 κλῆρος
1457 4160 1641 4223 αὐτοῖς
1682 4163 1776 4215 καὶ

199 4253 343 4324 μερὶς
384 4255 416 4323 ὴ
463 4249 714 4322 ἀκριϐὴς
751 4249 1001 4313 Θεοπτία,
1045 4248 1189 4322 τοῦτ’
1224 4248 1405 4313 ἐστιν,
1441 4250 1475 4320 ἠ
1520 4252 1774 4323 περὶτῆς

195 4344 431 4415 θεότητος
458 4344 695 4412 γνῶσις.
727 4339 898 4394 Τοῦτό
925 4357 1006 4393 τοι
1035 4339 1271 4411 Χριστὸς
1297 4343 1410 4404 τοῖς
1437 4341 1611 4408 ἁγίοις
1641 4344 1776 4396 ἀπο-

196 4435 385 4500 στόλοις
413 4432 798 4506 ἐπηγγέλλετο
825 4430 1155 4502 χαριεῖσθαι,
1192 4429 1365 4500 λέγων
1388 4447 1400 4460 ⁸
1443 4451 1462 4484 ι
1501 4433 1686 4486 Ταῦτα
1715 4437 1772 4488 ἐν

1883 1981 2146 2020 numerus
2196 1966 2288 2020 ille
2348 1965 2630 2020 nominum
2697 1963 2904 2034 major,
2943 1961 3116 2030 ﬁgura
3155 1968 3243 2013 est
3285 1965 3475 2026 aperta

1882 2057 2279 2128 praestantioris
2294 2055 2808 2128 excellentiorisque
2827 2051 3046 2106 virtutis
3067 2069 3080 2115 ;
3100 2051 3190 2104 hic
3206 2049 3470 2112 enimsic,

1871 2151 1975 2208 .ille
2006 2165 2136 2204 vero
2174 2150 2254 2204 sic
2268 2126 2485 2204 laudem
2511 2156 2776 2210 meretur,
2800 2145 2956 2200 utait
2977 2144 3173 2198 beatus
3199 2141 3471 2196 Paulus”.

1885 2241 2043 2297 Sorte
2097 2250 2281 2298 autem
2338 2241 2605 2295 dividitur
2653 2247 2821 2303 terra,
2859 2253 2924 2292 ea
2980 2236 3212 2289 fortasse
3262 2233 3474 2288 ratione

1883 2350 1991 2404 qua
2039 2334 2245 2388 dictum
2297 2341 2381 2386 est
2425 2333 2589 2387 Deo:
2638 2350 2654 2381 ι
2709 2331 2769 2386 In
2829 2328 3084 2383 manibus
3141 2325 3249 2388 tuis
3299 2332 3477 2378 sortes

1886 2440 2020 2478 mete
2058 2426 2122 2477 ν.
2171 2445 2187 2475 ι
2234 2425 2433 2480 Divino
2485 2423 2689 2493 quippe
2729 2419 2961 2475 arbitrio
3017 2417 3111 2471 tiet
3160 2415 3476 2470 futurorum

1886 2517 2154 2571 bonorum
2186 2518 2341 2595 firnra
2379 2517 2722 2579 distributio,
2755 2529 2881 2568 cum
2907 2553 2921 2577 ,
2963 2509 3098 2581 quid
3130 2509 3331 2578 cuique
3372 2507 3474 2561 tri-

1887 2610 2058 2664 buere
2089 2621 2358 2680 oporteat,
2387 2627 2454 2667 eo
2491 2620 2736 2680 tempore
2777 2609 2869 2663 ille
2907 2606 3238 2661 deﬁniturus
3271 2603 3364 2666 sit,
3385 2601 3476 2656 cui

1886 2704 2070 2757 omnia
2115 2713 2304 2758 nostra
2338 2703 2555 2773 cognita
2592 2709 2741 2755 sunt.
2802 2698 3031 2768 Propria
3059 2706 3243 2750 autem
3285 2707 3478 2748 rursus

1888 2794 1949 2849 fit
1982 2795 2296 2848 Levitarum
2343 2793 2693 2849 enumeratio
2729 2791 2798 2845 ab
2831 2805 2944 2843 uno
2976 2803 3164 2842 mense
3193 2796 3470 2853 etsupra;

1886 2903 2066 2956 neque
2103 2903 2221 2942 sors
2270 2887 2377 2941 illis
2427 2887 2590 2940 datur
2644 2885 2697 2938 in
2759 2885 2944 2938 medio
2984 2882 3224 2936 ﬁliorum
3272 2878 3471 2942 Israel,

1886 2996 2065 3050 neque
2104 2996 2229 3034 cum
2248 2980 2353 3033 illis
2371 2987 2752 3034 recensentur.
2776 2978 3004 3044 Semper
3042 2973 3191 3027 enim
3231 2970 3478 3026 sanctius

1886 3082 1969 3125 est
1991 3073 2204 3125 caeteris
2239 3086 2412 3140 genus
2465 3068 2598 3122 illud
2648 3067 2937 3120 sacratius.
2983 3064 3220 3132 Ideoque
3254 3061 3474 3116 illortln

1889 3162 2184 3231 descriptio
2213 3161 2281 3215 ab
2298 3161 2419 3214 aliis
2454 3159 2706 3212 tribubus
2727 3164 2978 3225 exetnpta
3003 3162 3106 3217 est,
3141 3167 3322 3222 neque
3351 3151 3476 3204 illo-

1891 3271 2012 3307 rum
2052 3269 2174 3307 sors
2196 3268 2321 3308 cum
2348 3252 2469 3307 aliis
2485 3251 2782 3322 permista;
2810 3248 2906 3303 sed
2935 3257 3049 3302 tum
3079 3243 3475 3314 inspectionem

1887 3355 2051 3416 atque
2070 3345 2448 3399 recensionem
2476 3343 2756 3413 propriam
2799 3339 3025 3403 habent,
3062 3346 3178 3391 tum
3200 3349 3332 3390 vero
3352 3347 3480 3403 pars

1888 3437 2107 3490 iilorum
2135 3444 2298 3504 atque
2325 3450 2444 3487 sors
2477 3433 2565 3486 ille
2601 3432 2718 3501 ipse
2759 3439 2843 3484 est
2887 3429 3269 3483 universorum
3310 3423 3476 3483 Deus,

1879 3529 2036 3598 juxta
2071 3526 2201 3580 illud
2247 3544 2258 3579 :
2307 3545 2324 3576 ι
2373 3525 2522 3578 Beati
2573 3523 2780 3577 mundo
2827 3520 3015 3582 corde,
3063 3516 3322 3587 quoniam
3373 3513 3476 3582 ipsi

1884 3620 2055 3673 Deum
2077 3617 2344 3671 videbunt
2378 3616 2440 3669 ³⁸.
2473 3635 2489 3666 ι
2525 3615 2658 3668 Nam
2694 3629 2818 3667 cum
2860 3611 2898 3665 ii
2927 3608 3021 3679 qui
3051 3621 3319 3679 pauperes
3367 3602 3478 3672 spi-

1883 3711 1992 3764 ritu
2025 3718 2313 3770 vocantur,
2347 3720 2575 3775 regnum
2606 3705 2873 3758 emlorum
2908 3699 3230 3754 luereditate
3260 3707 3475 3765 posses-

1882 3803 1996 3858 suri
2023 3804 2165 3868 sint;
2201 3803 2349 3870 iique
2388 3798 2819 3854 consolationem
2859 3793 3124 3856 habituri,
3172 3791 3476 3862 quiluch

1879 3898 2300 3970 proposuerint;
2344 3893 2891 3962 misericordiamque
2954 3890 3327 3954 consecuturi,
3379 3892 3474 3960 qui

1879 3989 2266 4044 misericordes
2299 3988 2550 4043 fuerint:
2586 3984 2795 4048 Mundi,
2839 3982 3046 4052 inquit,
3105 3980 3271 4034 corde
3330 3980 3474 4035 beati

1878 4096 2026 4150 sunt,
2061 4085 2220 4156 136
2240 4084 2499 4154 quoniam
2531 4082 2632 4151 ipsi
2685 4080 2859 4133 Deum
2915 4075 3218 4141 videbunt;
3251 4074 3308 4128 hi
3346 4091 3476 4128 vero

1879 4186 2007 4230 sunt
2025 4175 2117 4244 qui
2150 4191 2259 4244 pne
2285 4172 2498 4228 cazteris
2513 4169 2772 4225 omnibus
2793 4166 3120 4221 sacratiores
3139 4179 3201 4218 ac
3232 4165 3476 4244 sanctio-

1878 4283 1967 4322 res
1985 4267 2279 4326 habentur,
2315 4276 2542 4330 sorsque
2579 4259 2685 4312 illis
2703 4267 2759 4312 et
2788 4271 2915 4326 pars
2951 4255 3249 4310 constituta
3280 4263 3364 4307 est
3383 4253 3474 4307 illa

1875 4357 2147 4412 excellens
2168 4355 2260 4409 Dei
2285 4354 2444 4416 visio,
2480 4351 2532 4404 id
2563 4358 2666 4410 est.
2691 4349 2864 4418 ipsius
2883 4345 3190 4400 divinitatis
3207 4345 3468 4414 cognitio.

1875 4449 2185 4517 Hocipsum
2207 4446 2461 4500 Christus
2495 4443 2700 4498 sanctis
2722 4424 2986 4510 apostolis
3043 4437 3372 4508 largiturum
3411 4453 3472 4492 se

192 4529 500 4598 παροιμίαις
532 4525 817 4593 λελάληκα
837 4525 964 4594 ὑμῖν
985 4537 1000 4552 '
1037 4523 1255 4594 ἔρχεται
1280 4522 1399 4594 ὥρα
1419 4566 1434 4589 ,
1457 4525 1543 4578 ὅτε
1583 4525 1765 4580 οὐκέτι

1882 4540 2253 4610 pollicebatur,
2289 4551 2413 4592 cum
2443 4535 2684 4590 diceret:
2708 4552 2724 4583 ς
2755 4532 2878 4588 Haec
2896 4532 2950 4585 in
2978 4529 3290 4601 proverbiis
3319 4529 3474 4583 locu-

191 4620 243 4671 ὲν
280 4619 618 4691 παροιμίαις
658 4616 875 4686 λαλήσω
929 4615 1087 4685 ὑμῖν,
1137 4615 1276 4669 ἀλλὰ
1315 4618 1599 4690 παρρησίᾳ
1641 4621 1772 4690 περὶ

187 4710 272 4764 τοῦ
304 4712 520 4783 Πατρδς
551 4707 856 4777 ἀπαγγελῶ
884 4707 1032 4778 ὑμῖν.
1078 4727 1096 4759 ι
1139 4706 1271 4760 Ἀπὸ
1298 4709 1550 4778 μηνιαίου
1580 4709 1636 4764 δὲ
1664 4711 1774 4764 τῶν

191 4804 483 4878 ἱερωτέρων
505 4807 542 4876 ὴ
571 4801 894 4873 ἀπογραφὴ,
923 4799 1174 4868 καθάπερ
1200 4800 1336 4871 ἔφην
1360 4800 1580 4871 ἀρτίως.
1612 4802 1768 4857 Ἀνά-

189 4912 424 4967 γραπτον
472 4895 614 4966 γάρ,
667 4891 762 4946 καὶ
795 4893 853 4944 ἐν
887 4890 1055 4960 βίϐλῳ
1083 4889 1253 4955 Θεοῦ,
1308 4891 1414 4945 τῶν
1459 4893 1773 4964 άγιωτέρων

186 4988 296 5059 οὐχὶ
317 4988 382 5060 δὴ
420 4990 594 5058 μόνον
635 4985 699 5038 τὸ
733 4987 791 5038 ὲν
833 4983 977 5054 ἰσχύϊ
1015 4986 1361 5054 πνευματικῇ
1390 4985 1483 5038 καὶ
1513 4988 1571 5038 ἐν
1618 4987 1777 5058 σοφίᾳ

187 5081 675 5151 περιφανέστερον,
713 5075 852 5131 ἀλλὰ
879 5077 974 5129 καὶ
1001 5075 1125 5128 ὅσον
1151 5074 1301 5126 ἐστὶν
1327 5077 1383 5127 ὲν
1413 5076 1676 5147 ἁπλότητι
1708 5081 1774 5150 τῇ

186 5171 319 5224 κατὰ
351 5171 624 5242 Χριστὸν,
656 5169 749 5223 καὶ
775 5169 832 5221 ἐν
856 5168 1022 5239 κακίᾳ
1065 5167 1350 5238 νηπιάζον.
1402 5168 1774 5240 ’Ᾱνάγραπτον

184 5258 268 5315 οὖν
297 5264 448 5318 ἆπαν
490 5262 618 5316 ἐστὶ
651 5261 712 5313 τὺ
753 5259 912 5329 γένος
950 5259 1010 5312 τὸ
1047 5258 1360 5330 ἱερώτερον,
1392 5259 1488 5312 καὶ¹
1520 5259 1581 5311 τὸ
1613 5260 1775 5328 σοφόν

183 5371 236 5405 τε
262 5356 353 5408 καὶ
383 5354 625 5410 ἁπλοῦν.
655 5353 812 5414 Ἵδοις
837 5351 881 5404 δ’
911 5350 1000 5414 ἂν,
1029 5344 1075 5404 ὦ
1101 5350 1388 5415 Παλλάδιε,
1411 5351 1620 5406 τοιάνδε
1650 5355 1774 5406 τινά

181 5445 438 5518 διαφορὰν
471 5449 533 5500 ἐν
567 5445 692 5508 ταῖς
721 5445 830 5496 τῶν
856 5443 1026 5511 ἁγίων
1058 5443 1278 5514 ψυχαῖς,
1312 5441 1559 5514 γνώμαις
1590 5463 1647 5498 τε
1684 5447 1780 5500 καὶ

182 5539 421 5608 τρόποις.¹
453 5535 829 5610 Προστέοεικε
868 5535 924 5588 δὲ
943 5535 1026 5588 ὅτι
1062 5534 1161 5588 οὐκ
1185 5530 1255 5606 ἦν
1280 5534 1562 5607 ἄνθρωπος
1588 5537 1645 5590 ἐν
1666 5543 1780 5604 τοῖς

247 5650 294 5682 ⁸³
317 5651 515 5705 Matth.
545 5665 604 5712 v,
635 5649 684 5721 4.
763 5651 808 5683 ³⁵
838 5649 971 5705 Luc.
998 5667 1073 5716 vr,
1102 5650 1190 5706 '58.
1248 5649 1293 5683 ⁸⁸
1319 5649 1480 5704 Νιιιιι.
1501 5666 1644 5717 xxvn,
1663 5653 1750 5720 55,
1775 5656 1782 5708 1

1934 5657 1978 5688 ³⁸
2011 5656 2178 5712 lCor.
2197 5673 2291 5721 χιι,
2324 5656 2406 5710 Η.

182 5717 302 5760 ³⁹-“
326 5721 492 5776 Joan.
518 5735 638 5783 xvi,
659 5720 749 5775 25.

1878 4640 1968 4684 tus
1983 4644 2104 4682 sum
2122 4628 2301 4692 vobis;
2330 4627 2481 4681 venit
2497 4626 2630 4680 hora
2647 4639 2770 4680 cum
2789 4640 2898 4678 non
2915 4622 3151 4693 amplius
3174 4622 3226 4676 in
3251 4636 3475 4692 prover-

1878 4721 1985 4776 biis
2015 4721 2210 4790 loquar
2239 4719 2415 4782 vobis,
2440 4717 2533 4773 sed
2549 4717 2727 4788 palam
2741 4715 2808 4770 de
2823 4715 2983 4770 Patre
3003 4713 3344 4768 annuntiabo
3370 4729 3468 4765 vo-

1873 4817 1961 4872 bis
1978 4815 2120 4868 "—‘°.
2149 4833 2166 4865 ι
2190 4814 2362 4868 Porro
2379 4812 2448 4866 ab
2476 4827 2584 4866 uno
2615 4826 2807 4866 mense
2829 4807 3187 4864 sacratiorum
3224 4806 3469 4859 virorum

1876 4909 1938 4964 fit
1959 4906 2281 4977 descriptio,
2307 4915 2369 4960 ut
2388 4905 2551 4960 modo
2580 4904 2693 4959 dixi
2721 4921 2735 4956 :
2770 4920 2841 4958 ex
2872 4902 2968 4956 illo
2995 4913 3235 4967 namque
3257 4905 3472 4950 sancto-

1883 5016 2006 5053 rum
2061 5013 2296 5053 numero
2339 5012 2450 5051 non
2489 4996 2525 5050 ii
2579 4996 2756 5049 solum
2792 4995 2848 5047 in
2882 4992 3025 5046 libro
3059 4989 3154 5043 Dei
3206 4985 3468 5062 descripti

1876 5101 2006 5148 sunt
2037 5091 2131 5162 qui
2171 5089 2384 5143 viribus
2412 5086 2792 5158 spiritualibus
2829 5082 3056 5152 pollent,
3093 5085 3150 5130 et
3183 5075 3468 5144 sapientia:

1876 5182 2100 5238 nomine
2125 5187 2254 5235 sunt
2291 5179 2574 5240 clariores,
2605 5176 2699 5231 sed
2721 5176 3034 5244 quicunque
3060 5168 3467 5241 simplicitatem

1877 5290 2001 5329 eam
2031 5289 2154 5343 quae
2186 5270 2486 5326 secundum
2523 5269 2797 5325 Christum
2845 5275 2948 5327 est,
2986 5263 3274 5333 amplexati
3311 5271 3459 5319 sunt.

1877 5372 1934 5419 et
1967 5364 2172 5418 malitia
2201 5370 2327 5416 sunt
2381 5359 2613 5430 parvuli.
2648 5356 2992 5426 Descriptum
3046 5355 3214 5424 igitur
3243 5363 3326 5407 est
3369 5369 3464 5423 ge-

1879 5441 1987 5509 nus
2047 5452 2182 5507 illud
2230 5451 2497 5507 sacratius
2549 5450 2906 5506 universum.
2966 5457 3081 5502 tum
3127 5444 3165 5499 ii
3203 5445 3464 5498 nimirum

1881 5547 1978 5616 qui
1999 5543 2289 5615 sapientia,
2334 5551 2446 5596 tum
2481 5541 2573 5612 qui
2602 5539 2953 5612 simplicitate
2988 5537 3216 5609 pollent.
3280 5534 3462 5589 Farne

2487 5655 2529 5686 ³⁷
2561 5655 2700 5710 l’sal.
2729 5671 2853 5721 xxx,
2879 5654 2963 5711 ΗΡ.
3039 5651 3084 5684 ³⁵
3107 5645 3296 5705 Matth.
3319 5661 3374 5711 ν,
3399 5642 3454 5700 8.

255 5836 329 5910 (l)
361 5837 504 5893 Cod.
543 5837 697 5905 ναι,
735 5838 1146 5912 ἀποπλήρωσιν.
1184 5839 1350 5911 Magis
1370 5839 1542 5910 probo
1566 5839 1782 5896 lectiom

1888 5835 2092 5894 codicis
2119 5854 2225 5908 quo
2256 5853 2385 5894 usus
2409 5854 2546 5892 sum.
