4046 6492
608 368 710 429 351

1633 370 1689 427 s.
1730 369 2009 427 CYRILLI
2050 369 2524 427 ALEXANDRINI
2561 369 2879 429 meumr.
3781 384 3876 441 δε,

610 499 697 546 est
733 497 938 553 autem,
965 487 1194 552 Palladi,
1242 488 1512 559 ejusmodi
1551 488 1849 545 discrimen
1886 490 1940 544 in
1981 497 2194 545 sancto-

2305 490 2733 562 ἐπεσκεμμένοις
2764 492 2868 546 ὑπὸ
2905 493 3077 565 Μωσῆ
3111 496 3206 549 καὶ
3250 495 3482 569 Ἀαρὼν,
3522 497 3617 564 οὓς
3652 500 3875 556 ἐπεσκέ-

614 597 739 636 rum
793 580 1029 644 animis,
1103 580 1362 636 sensibus
1422 595 1486 637 ac
1548 583 1799 639 moribus
1850 583 2189 654 perspicere.

615 672 755 729 lllud
798 689 1017 744 quoque
1057 674 1327 744 adiunxit,
1366 675 1647 732 neminem
1681 693 1746 732 ex
1778 678 1847 733 iis
1876 677 2045 733 fuisse
2097 680 2192 747 qui

610 766 867 821 recensiti
919 766 1070 835 prius
1114 766 1332 823 fuerant
1378 784 1411 823 a
1476 769 1657 842 Moyse
1695 781 1751 827 et
1792 772 1998 838 Aaron,
2056 788 2195 842 quos

613 867 1011 913 recensuerant
1040 857 1183 914 ﬁlios
1220 859 1383 915 Israel
1406 861 1462 915 in
1500 862 1722 918 deserto
1759 863 1909 929 Sina,
1950 865 2077 935 quia
2112 865 2195 919 di-

610 948 689 1001 xit
717 947 982 1003 Dominus
1014 949 1148 1019 ipsis
1183 968 1195 1003 :
1223 950 1395 1007 Morte
1424 954 1732 1009 morientur
1761 956 1816 1010 in
1863 956 2101 1021 deserto,
2138 968 2195 1013 et

609 1052 721 1090 non
741 1047 825 1091 est
850 1038 1079 1095 relictus
1103 1055 1171 1095 ne
1194 1057 1338 1097 unus
1363 1043 1588 1112 quidem
1611 1060 1678 1099 ex
1706 1046 1859 1116 ipsis,
1888 1048 1996 1101 nisi
2026 1048 2193 1103 Caleb

596 1124 754 1181 ililius
793 1127 1063 1197 Jepbone,
1114 1141 1171 1187 et
1211 1133 1372 1188 Jesus
1422 1134 1567 1190 illius
1614 1136 1763 1191 Nave
1820 1139 1865 1170 ιι
1912 1157 1926 1192 :
1974 1140 2031 1194 in
2080 1155 2191 1210 quo

608 1219 903 1288 perspicue
939 1220 1215 1287 ostendit,
1262 1239 1373 1279 non
1430 1226 1499 1280 ad
1546 1226 1859 1283 incredulos
1914 1230 2194 1301 pertinere

605 1311 1019 1379 possessionum
1056 1314 1524 1383 distributionem,
1553 1329 1609 1373 et
1652 1318 1802 1374 illam
1832 1320 1889 1375 in
1930 1320 2028 1376 Dei
2053 1321 2195 1378 libro

608 1402 1060 1473 descriptionem,
1090 1408 1185 1462 sed
1202 1408 1283 1463 eis
1299 1411 1482 1479 potius
1499 1413 1794 1467 convenire
1825 1413 1919 1484 qui
1936 1413 2099 1470 fidem
2116 1416 2197 1470 ni-

610 1495 812 1550 mirum
831 1496 888 1551 in
906 1496 1187 1555 Christum
1219 1503 1456 1572 amplexi
1473 1512 1601 1558 sunt
1624 1521 1637 1557 :
1656 1521 1783 1558 nam
1804 1505 1871 1561 de
1892 1506 2197 1563 incredulis

608 1585 688 1642 ait
716 1587 936 1644 divinus
975 1591 1178 1646 David:
1215 1612 1232 1643 ι
1261 1592 1560 1650 Deleantur
1588 1595 1655 1650 de
1680 1596 1825 1652 libro
1864 1599 2189 1665 viventium,

608 1688 666 1735 et
700 1692 825 1736 cum
849 1682 1013 1753 justis
1046 1700 1156 1739 non
1188 1685 1501 1742 scribantur
1530 1687 1595 1742 δ’.
1634 1708 1653 1741 ›
1690 1689 1751 1744 In
1780 1692 1985 1761 quibus
2026 1693 2191 1749 etiam

607 1771 795 1826 verbis
834 1773 1055 1830 divinus
1093 1791 1276 1832 sermo
1320 1778 1737 1837 nobislatenter
1778 1784 2038 1848 ostendit,
2070 1800 2192 1840 cre-

2297 582 2469 652 ψαντο
2487 584 2614 647 τοὺς
2641 584 2793 648 υἱοὺς
2837 584 3055 658 Ἰσραὴλ
3085 588 3141 640 ἐν
3160 590 3225 659 τῇ
3247 589 3441 661 ἐρήμῳ
3468 591 3621 661 Σινᾷ,
3654 593 3737 645 δτι
3764 587 3879 648 clm

2301 674 2507 746 Κύριος
2537 676 2738 740 αὐτοῖς·
2768 676 2999 749 Θανάτῳ
3037 680 3431 735 ἀποθανοῦνται
3466 684 3526 735 ἐν
3558 686 3628 755 τῇ
3665 684 3878 757 ἐρήμῳ,

2302 768 2396 820 καὶ
2428 768 2488 820 οὐ
2516 769 2845 843 κατελείφθη
2883 772 2943 836 ἐξ
2981 772 3159 827 αὐτῶν
3188 773 3312 827 ούδέ
3334 769 3415 839 εἷς
3434 815 3449 839 ,
3480 774 3618 847 πλὴν
3650 776 3833 830 Χαλιϐ
3853 777 3882 829 6

2298 859 2413 923 υίὸς
2458 862 2663 932 Ίεφονῆ
2684 902 2698 925 ,
2732 864 2826 916 καὶ
2868 862 3073 934 Ἰησοῦς
3097 865 3127 917 6
3167 865 3263 919 τοῦ
3292 866 3481 937 Ναυῆο
3513 869 3884 939 παραδεικνῦς

2298 950 2567 1022 ἐναργῶς,
2606 953 2688 1005 ὄτι
2743 952 2818 1025 μὴ
2870 957 2982 1019 τοῖς
3019 956 3386 1029 ἀπειθήσασιν
3422 961 3455 1029 ή
3506 959 3885 1030 κληρονομία,

2295 1046 2392 1098 καὶ
2424 1046 2485 1098 τὸ
2516 1049 2573 1100 ἐν
2606 1045 2772 1119 βίϐλῳ
2796 1049 3105 1121 γεγράφθαι
3135 1050 3271 1105 Θεοῦ
3294 1067 3306 1080 ’
3337 1051 3541 1123 πρέποι
3564 1052 3608 1104 δ’
3642 1052 3709 1105 ἂν
3747 1053 3881 1123 μᾶλ-

2295 1138 2387 1193 λον
2430 1142 2543 1202 τοῖς
2584 1139 2681 1211 τὴν
2717 1141 2903 1195 πίστιν
2925 1142 3351 1213 είσδεδεγμένοις
3370 1184 3383 1207 ,
3415 1143 3572 1214 δῆλον
3593 1144 3653 1197 δέ
3681 1146 3768 1197 ὅτι
3787 1144 3881 1215 τὴν

2298 1235 2356 1285 ἐν
2401 1232 2654 1304 Χριστῷ-
2705 1232 2833 1305 περὶ
2884 1233 2982 1303 μὲν
3027 1233 3137 1304 γάρ
3188 1233 3298 1286 τῶν
3351 1233 3743 1306 ἡπειθηκότων
3800 1234 3877 1299 τὸ,

2302 1342 2322 1375 ι
2378 1323 2885 1393 Ἐξαλειιρθήτωσαν
2942 1324 3006 1377 ἐκ
3059 1323 3244 1395 βίϐλου
3302 1323 3541 1390 ζώντων,
3599 1324 3696 1377 καὶ
3748 1324 3880 1392 μετά

2296 1416 2521 1470 δικαίων
2557 1415 2633 1488 μὴ
2677 1419 3082 1487 γραφήτωσαν,
3133 1435 3152 1468 ι
3180 1417 3208 1470 6
3233 1416 3524 1480 Θεσπέσιος
3556 1417 3666 1487 ἔφη
3696 1416 3877 1497 Δαϐίδ.

2308 1508 2672 1578 ’Υπεμφαίνει
2705 1508 2762 1561 δὲ
2788 1509 2919 1579 ἡμῖν
2946 1509 3041 1562 καὶ
3068 1509 3129 1562 τὸ
3166 1507 3308 1562 θεῖον
3337 1511 3394 1562 ἐν
3425 1507 3639 1571 τούτοις
3678 1507 3877 1575 λόγιον,

2295 1600 2377 1653 ὅτι
2414 1602 2530 1663 τοῖς
2575 1598 2925 1652 πιστεύουσιν
2972 1602 3005 1671 ἡ
3049 1599 3246 1672 χάρις’
3298 1599 3387 1652 διά
3439 1600 3550 1671 γάρ
3589 1616 3677 1652 τοι
3727 1597 3880 1651 τοῦτο

2297 1690 2434 1761 πρὸς
2476 1689 2554 1761 τῷ
2618 1689 2855 1763 Ἰορδάνῃ
2908 1692 3009 1763 τὴν
3064 1690 3389 1763 ἀπογραφὴν
3440 1691 3701 1761 γενέσθαι
3754 1692 3879 1761 φησὶ

2301 1782 2578 1854 μυστικῶς
2606 1784 2634 1836 6
2653 1782 2830 1850 λόγος·
2856 1782 3209 1853 ἀνάγραπτος
3234 1783 3345 1854 γὰρ
3367 1784 3393 1835 6
3421 1781 3872 1852 βεϐαπτισμένοςο

610 1862 871 1921 dentibus
899 1867 1017 1922 dari
1043 1870 1272 1939 gratiam
1312 1870 1589 1942 :ideoque
1632 1875 1860 1945 mystice
1909 1874 2193 1946 Scriptura

2305 1874 2437 1945 πλὴν
2476 1871 2586 1944 ὀὐχ
2635 1874 2945 1945 ὁλοκλήρως
2994 1875 3365 1928 ἀποπέτπωκε
3419 1874 3522 1945 τῆς
3580 1873 3801 1938 ἐλπίδος
3852 1879 3880 1929 6

610 1955 767 2022 dicit,
804 1973 974 2029 prope
998 1958 1293 2016 Jordanem
1327 1961 1526 2018 factam
1561 1979 1683 2020 esse
1724 1965 2189 2036 descriptionem;

611 2045 660 2101 is
687 2048 836 2103 enim
897 2049 1252 2117 describitur,
1283 2054 1377 2122 qui
1421 2053 1729 2124 baptizatus
1768 2055 1954 2113 fuerit.
2003 2056 2193 2127 Neque

611 2151 791 2196 tamen
823 2141 1116 2197 universus
1148 2142 1311 2197 Israel
1341 2158 1438 2214 spe
1488 2145 1712 2201 excidit.
1754 2147 1995 2203 Servatze
2036 2164 2194 2204 nam-

607 2230 715 2301 que
749 2241 879 2287 sunt
911 2233 1179 2305 reliquiae,
1203 2236 1358 2305 juxta
1391 2237 1677 2307 pr0phetae
1700 2255 1894 2294 vocem
1920 2240 1965 2272 "
1995 2260 2006 2294 :
2034 2242 2193 2312 cujus

609 2322 689 2377 rei
716 2321 945 2393 ﬁguram
980 2325 1369 2394 geruntCaleb
1407 2339 1463 2383 et
1492 2328 1671 2393 Jesus,
1702 2331 1804 2385 soli
1835 2348 1902 2386 ex
1936 2333 2195 2388 omnibus

608 2417 822 2483 relicti,
874 2419 969 2488 qui
1024 2419 1368 2475 haereditaria
1412 2421 1505 2476 illa
1542 2430 1691 2478 sorte
1733 2426 2081 2495 potirentur,
2140 2436 2196 2482 et

608 2508 1059 2565 describerentur
1087 2527 1196 2565 una
1220 2527 1345 2565 cum
1371 2513 1440 2568 iis
1466 2514 1562 2584 qui
1592 2514 1935 2573 inﬁdelitatis
1960 2519 2192 2574 crimine

607 2615 722 2656 non
748 2602 1099 2657 tenebantur.
1131 2602 1520 2661 Animadverte
1542 2614 1728 2662 autem
1753 2608 1961 2680 ubique
1980 2619 2197 2666 sancto-

607 2709 732 2748 rum
759 2694 1043 2750 hominum
1068 2696 1496 2766 descriptionem
1542 2706 1600 2753 et
1637 2714 1894 2770 agrorum
1930 2701 2196 2758 distribu-

608 2787 870 2842 tionem:
913 2788 1127 2860 geritur
1182 2789 1330 2844 enim
1383 2806 1476 2861 per
1534 2791 1754 2864 Moysen
1811 2801 1868 2848 et
1924 2809 2050 2849 eum
2100 2796 2193 2865 qui

608 2881 919 2937 sacerdotio
944 2882 1397 2953 przestantissimo
1430 2884 1781 2956 fungebatur,
1806 2894 1885 2953 ut,
1916 2887 2061 2943 sicut
2081 2889 2194 2959 jam

606 2981 767 3027 antea
784 2972 918 3038 dixi,
947 2989 1044 3043 per
1064 2983 1362 3045 utrumque
1400 2990 1569 3029 unum
1592 2975 1872 3031 Christum
1898 2977 2190 3049 intelligas,

612 3062 770 3134 I37
796 3072 1057 3135 tanquam
1083 3066 1429 3121 sacerdotem
1471 3082 1748 3122 summum
1773 3078 1939 3140 atque
1979 3070 2195 3142 legisla-

607 3163 813 3222 torem;
846 3172 945 3228 per
977 3174 1142 3228 quem
1164 3159 1344 3214 omnis
1367 3160 1543 3230 gratia
1581 3160 1876 3225 tribuitur,
1911 3170 1968 3216 et
2008 3162 2100 3217 illa
2134 3162 2196 3216 lit

2311 1967 2547 2039 Ἰσραήλ.
2590 1968 2865 2020 Σέσωσται
2910 1967 3020 2039 γὰρ
3050 1967 3110 2020 τὺ
3160 1967 3545 2038 κατάλειμμα,
3590 1966 3739 2019 κατά
3787 1967 3880 2039 τὴν

2296 2056 2387 2110 τοῦ
2415 2058 2697 2128 προφήτου
2745 2057 2953 2128 φωνὴν,
2999 2050 3060 2110 οὗ
3086 2056 3261 2121 τύπος
3302 2056 3370 2111 ἂν
3419 2054 3529 2111 εἷεν
3567 2059 3617 2111 οἱ
3650 2059 3720 2111 ἐκ
3749 2058 3884 2111 πᾶν·

2294 2166 2403 2203 των
2439 2148 2923 2220 καταλελειμμένοι
2969 2149 3121 2222 μόνοι
3166 2150 3351 2205 Χαλέϐ
3398 2168 3458 2204 τε
3501 2150 3597 2204 καὶ
3655 2149 3883 2221 Ἱησούς,

2299 2242 2872 2314 συγκληρονομοῦντές
2908 2260 2967 2296 τε
3017 2244 3112 2297 καὶ
3152 2245 3605 2316 ἀπογραφόμενοι
3636 2245 3753 2305 τοῖς
3789 2242 3883 2312 τῆς

2297 2337 2557 2401 ἀπιστίας
2588 2337 2930 2408 ἐγκλήμασιν
2966 2338 3068 2390 οὐκ
3097 2338 3460 2408 ἐνεχομένοις.
3508 2338 3797 2408 Ἐπιτηρει
3830 2335 3884 2388 δὲ

2297 2431 2549 2501 πανταχῆ
2593 2430 2691 2501 τὴν
2730 2429 2838 2483 τῶν
2885 2431 3058 2500 ἀγίων
3106 2431 3436 2503 ἀπογραφὴν
3482 2432 3578 2484 καὶ
3628 2429 3882 2499 κληροᾰο-

2299 2521 2438 2574 σίαν.
2471 2520 2777 2591 Πράττεται
2806 2520 2915 2592 γὰρ
2954 2521 3044 2576 διά
3076 2538 3135 2574 τε
3166 2522 3412 2585 Μωσέως
3461 2523 3557 2575 καὶ
3598 2520 3696 2574 τοῦ
3725 2519 3885 2590 πρού-

2297 2627 2485 2680 χοντος
2516 2613 2574 2665 ἐν
2605 2612 2896 2685 ἱερωσύνῃ,
2933 2612 3039 2672 ἵνα,
3066 2612 3317 2683 καθάπερ
3342 2613 3444 2685 ήδη
3479 2614 3768 2683 προεῖπον,
3799 2612 3883 2664 τὸν

2297 2702 2394 2755 ἕνα
2434 2702 2503 2755 δι’
2529 2702 2734 2773 ἀμφοῖν
2762 2704 2961 2774 νοήσῃς
2992 2703 3250 2773 Χριστὸν,
3279 2702 3353 2766 ὡς
3381 2703 3647 2774 ἀρχιερέα
3686 2705 3783 2756 καὶ
3811 2719 3886 2753 νο-

2301 2793 2555 2866 μοθέτην,
2582 2794 2650 2847 δι’
2671 2789 2732 2849 οὗ
2759 2795 2910 2848 πᾶσα
2940 2796 3121 2867 χάρις,
3156 2795 3254 2849 καὶ
3289 2795 3351 2847 τὸ
3378 2797 3436 2849 ἐν
3479 2797 3601 2857 ταῖς
3640 2793 3758 2849 ἀνω
3792 2793 3884 2862 96-

2300 2885 2488 2957 ρεσθαι
2524 2885 2749 2957 βίϐλοις,
2778 2886 2845 2951 ἃς
2871 2888 2965 2940 καὶ
2990 2888 3019 2940 6
3061 2888 3333 2957 μακάριος
3361 2886 3561 2956 Δανιὴλ
3599 2884 3885 2939 τεθεᾶσθαι

2299 2996 2463 3050 φησιν
2530 2979 2758 3034 ἐαυτόν.
2811 2999 2829 3032 ι
2878 2979 3058 3033 Βίϐλοι
3099 2980 3206 3053 γάρ
3231 2977 3611 3051 ἠνεῴχθησαν,
3647 2996 3667 3031 ο
3702 2980 3885 3049 φησὶν,

2298 3074 2379 3126 ὅτι
2426 3072 2594 3144 πολλή
2632 3090 2734 3126 που
2784 3072 3003 3126 πάντων
3045 3076 3140 3127 καὶ
3181 3073 3436 3143 διάφορος
3480 3074 3514 3143 ἠ
3558 3072 3885 3143 ἀπογραφὴν

2298 3163 2385 3218 διὰ
2413 3164 2475 3236 δή
2505 3183 2586 3218 τοι
2606 3166 2763 3219 τοῦτο
2793 3165 2983 3231 πολλὰ,
3015 3166 3109 3218 καὶ
3130 3165 3233 3236 οὐχ
3256 3165 3314 3219 ἓν
3336 3166 3397 3218 τὸ
3428 3164 3654 3235 βιϐλίον.

606 3248 663 3303 ἰη
679 3249 935 3321 supernis
958 3250 1066 3305 illis
1086 3251 1245 3307 libris
1269 3252 1568 3323 descriptio
1602 3269 1780 3323 :quos
1809 3253 1977 3309 etiam
2000 3253 2197 3310 beatus
2223 3257 2411 3313 Daniel
2457 3274 2516 3313 se
2552 3258 2757 3314 vidisse
2795 3259 2947 3313 dicit.
3004 3277 3021 3309 ι
3058 3258 3235 3323 Libri,
3277 3278 3294 3310 ι
3348 3256 3641 3329 inquiens,
3671 3275 3691 3307 ι
3715 3264 3885 3327 aperti

607 3350 739 3396 sunt
766 3341 812 3372 ⁸⁸
845 3359 858 3395 :
892 3361 911 3394 ι
939 3356 1066 3397 nam
1093 3343 1222 3413 quia
1238 3344 1527 3415 multiplex
1567 3353 1625 3399 et
1677 3345 1895 3399 diversa
1953 3345 2253 3417 descriptio
2285 3358 2391 3416 est,
2428 3350 2553 3406 ideo
2580 3351 2792 3422 plures,
2815 3367 2927 3423 non
2963 3365 3106 3405 unus
3130 3350 3292 3406 liber.

677 3455 877 3511 PALL.
910 3456 1079 3513 Recte
1106 3457 1272 3529 igitur
1297 3474 1361 3512 ac
1384 3458 1519 3513 scite
1548 3458 1758 3514 dictum
1816 3459 1952 3514 illud
1981 3475 2011 3514 e
2054 3461 2187 3515 Pro-

2364 3465 2572 3518 IIAAA.
2628 3462 2837 3535 Ὀρθῶς
2871 3458 2966 3518 οὖν
2995 3462 3105 3535 ἄρα
3145 3463 3239 3517 καὶ
3278 3461 3457 3532 σοφῶς
3491 3464 3521 3516 6
3553 3463 3653 3533 τῆς
3687 3464 3886 3536 Παροι-

608 3548 1117 3604 verbiisadmonet:
1152 3549 1508 3603 «Divitiarum
1532 3551 1673 3621 pigri
1700 3550 2008 3622 indigentes
2033 3553 2191 3620 ﬁunt;

610 3641 818 3697 strenui
856 3651 1039 3695 autem
1073 3640 1377 3697 fulciuntur
1408 3643 1607 3713 opibus
1647 3646 1711 3695 ⁸³.
1746 3663 1763 3693 ι

680 3735 838 3790 CVR.
875 3735 1202 3789 Fulciuntur
1240 3737 1318 3791 illi
1379 3735 1626 3813 quidem,
1668 3738 1953 3807 Deumque
1993 3738 2197 3795 habent

610 3825 911 3895 propitium
945 3841 1008 3880 ac
1035 3836 1526 3898 propugnatorem,
1571 3827 1665 3897 qui
1713 3828 2031 3883 cmlestibus
2075 3830 2196 3884 illos

610 3916 1097 3973 benedictionibus
1126 3927 1709 3988 augeat,coronetque,
1736 3935 1800 3974 ac
1834 3920 2196 3989 praeclarissi-

615 4010 722 4065 mis
737 4012 1042 4066 honoribus
1079 4022 1135 4067 et
1161 4011 1359 4082 insigni
1380 4011 1552 4083 gloria
1591 4013 1927 4083 amplissime
1947 4025 2194 4071 exornet.

610 4108 696 4161 An
714 4105 896 4160 minus
914 4122 1041 4161 vere
1060 4106 1209 4177 loqui
1228 4117 1405 4176 putas,
1425 4122 1550 4161 cum
1569 4106 1702 4163 dicit
1729 4125 1739 4159 :
1774 4127 1791 4158 ι
1818 4108 1952 4162 Vivo
1967 4123 2089 4178 ego,
2110 4109 2197 4163 di-

610 4198 688 4253 cit
714 4199 997 4263 Dominus,
1022 4198 1151 4269 quia
1179 4197 1549 4269 glorificantes
1583 4214 1669 4253 me
1718 4198 2039 4270 gloriﬁcabo
2066 4200 2145 4254 “?
2172 4219 2190 4253 ›

684 4290 880 4345 PALL.
910 4290 1179 4361 Equidem
1214 4291 1471 4346 maxime.

681 4383 839 4438 CYR.
868 4383 1036 4454 Atqui
1068 4382 1286 4454 perﬁcit
1338 4395 1488 4440 certe
1539 4401 1662 4455 quae
1697 4385 1765 4440 ad
1821 4385 1917 4440 Dei
1965 4384 2196 4457 gloriam

612 4477 910 4548 pertinent,
950 4487 1011 4532 ut
1042 4477 1268 4546 opinor,
1310 4478 1561 4548 quisquis
1614 4478 1782 4535 fuerit
1823 4489 2103 4542 strenuus,
2144 4489 2199 4535 et

612 4568 918 4622 excoluerit
946 4568 1290 4638 spiritualem
1345 4568 1752 4633 fortitudinem,
1805 4577 1862 4623 et
1922 4569 1991 4624 ad
2050 4570 2200 4625 obsi-

612 4659 873 4714 stendum
912 4660 1306 4729 spectabilibus
1331 4661 1671 4731 occultisque
1721 4661 1975 4717 hostibus
2028 4662 2201 4718 fuerit

612 4752 973 4816 CXCI‘ClL'ILUS,
1004 4767 1173 4823 seque
1210 4760 1266 4806 et
1320 4763 1550 4808 (κλείει-οε
1599 4769 1821 4809 servare
1871 4755 2111 4821 noverit,
2139 4763 2199 4811 et

612 4843 798 4898 omnia
826 4844 881 4898 in
913 4845 1026 4899 Deo
1050 4845 1312 4915 potuerit.

685 4938 881 4993 PALL.
916 4939 1224 4995 Assentior.
1987 5010 1992 5019 ο

683 5030 840 5086 CYR.
868 5031 1032 5088 Visne
1054 5032 1223 5104 igitur
1254 5032 1359 5088 hoc
1397 5035 1577 5105 ipsum
1607 5036 1663 5091 in
1703 5037 1771 5092 iis
1796 5055 1918 5109 quae
1948 5040 2016 5095 de
2071 5039 2200 5095 bea-

613 5135 671 5178 to
703 5122 981 5177 Abraham
1015 5122 1084 5178 ad
1114 5123 1410 5179 maximam
1460 5126 1753 5183 utilitatem
1792 5138 2039 5185 nostram
2071 5146 2198 5185 nar—

616 5222 830 5280 rantur,
862 5215 1017 5270 velut
1073 5214 1130 5269 in
1158 5216 1348 5272 tabula
1381 5218 1619 5289 quadam
1646 5221 1845 5277 leviter
1903 5222 2200 5277 adumbra-

618 5314 733 5358 tum
763 5307 1237 5378 contemplemur?

688 5396 886 5451 PALL.
905 5398 1080 5453 Velim
1102 5402 1357 5471 equidem
1381 5402 1783 5470 libentissime;
1816 5404 2011 5473 quidni
2035 5405 2057 5457 ?

686 5488 846 5545 CYR.
882 5489 1162 5562 Scriptum
1205 5506 1290 5549 est
1329 5494 1518 5566 igitur,
1546 5494 1668 5549 .Lot
1706 5495 1988 5552 habitasse
2012 5511 2201 5551 versa-

616 5586 846 5653 tumque
876 5598 997 5639 esse
1022 5582 1277 5641 Sodomis
1295 5586 1339 5620 ι’
1367 5603 1382 5652 ;
1418 5602 1546 5641 cum
1588 5602 1722 5641 vero
1747 5602 1912 5659 grave
1952 5598 2009 5644 et
2041 5603 2204 5659 aspe-

2301 3558 2430 3631 μίας
2463 3560 2595 3629 ἡμῖν
2624 3558 2729 3628 ἔφη
2754 3558 2932 3626 λόγος·
2978 3576 2996 3609 ι
3041 3557 3280 3610 Πλούτου
3309 3556 3536 3628 όκνηροὶ
3565 3557 3767 3621 ἐνδεεῖς
3802 3559 3891 3627 γί-

2299 3666 2499 3704 νονται’
2529 3652 2577 3703 οἱ
2609 3650 2666 3703 δὲ
2692 3649 2925 3721 ἀνδρεῖοι
2949 3649 3247 3721 ἐρείδονται
3282 3648 3520 3720 πλούτῳ.
3542 3668 3575 3700 ρ»

2368 3744 2535 3797 ΚΥΡ.
2577 3742 2903 3815 Ἐρείδονται
2930 3741 3039 3814 γὰρ
3081 3737 3197 3805 οὖν,
3228 3741 3323 3794 καὶ
3368 3741 3503 3794 Θεὸν
3550 3740 3767 3812 ἔχουσιν
3803 3742 3892 3794 εύ-

2302 3830 2443 3900 μενῆ
2466 3829 2562 3883 κα)⁸
2591 3829 2991 3901 προεστηκότα,
3022 3829 3118 3882 καὶ
3143 3830 3579 3884 καταπιαίνοντα
3614 3830 3716 3903 μὲν
3743 3832 3891 3885 εὐλο-

2300 3922 2445 3991 γίαις
2468 3924 2591 3986 ταῖς
2616 3921 2842 3985 ἄνωθεν,
2870 3921 3275 3995 διαφανεστάτῃ
3297 3922 3355 3976 δὲ
3373 3921 3496 3977 λίαν
3521 3923 3895 3991 στεφανοῦντες.

2299 4016 2454 4086 τιμῇ,
2484 4017 2578 4068 καὶ
2606 4013 2913 4084 διαϐοήτοις
2952 4013 3232 4084 αὐχήμασι
3290 4012 3563 4078 πλουσίως
3610 4016 3885 4069 κατακαλ-

2298 4104 2545 4159 λύνοντα.
2573 4106 2645 4158 Ἢ
2681 4105 2780 4158 οὐκ
2822 4103 3112 4176 ἀληθεύει,
3142 4104 3334 4174 λέγων·
3370 4124 3390 4156 ι
3454 4106 3544 4163 Ζῶ
3577 4106 3712 4177 ἐγὼ,
3741 4106 3905 4176 λέγειν

2301 4197 2526 4269 Κύριος,
2562 4197 2644 4250 ὅτι
2669 4197 2795 4259 τοὺς
2820 4195 3141 4261 δοξάζοντας
3175 4214 3243 4265 με
3276 4196 3523 4264 δοεάσω;
3560 4218 3581 4250 ι

2373 4290 2582 4343 ΠΑΛΛ.
2617 4289 2764 4343 Πάνυ
2794 4289 2893 4360 μὲν
2927 4284 3040 4344 οὖν.

2372 4382 2539 4437 ΚΥΡ.
2586 4382 2969 4454 Ἀποπεραίνει
2993 4399 3056 4451 γε
3083 4382 3190 4454 μὴν
3210 4381 3281 4435 τά
3317 4383 3397 4445 είς
3424 4381 3584 4449 δόξαν
3616 4382 3756 4436 Θεοῦ
3787 4385 3903 4445 πᾶς

2301 4492 2385 4538 τις
2409 4468 2533 4539 οὖν,
2570 4467 2726 4544 οἶμαι
2749 4515 2764 4539 ,
2794 4474 3077 4539 νεανικὸς,
3113 4475 3206 4527 καὶ
3253 4473 3589 4545 ἐπησκηκὼς
3639 4475 3893 4548 ἀνδρείαν

2301 4566 2399 4638 τὴν
2438 4564 2856 4636 πνευματικὴν,
2889 4566 2984 4619 καὶ⁵
3029 4566 3452 4620 ἀντανίστασθαι
3501 4565 3895 4637 μεμελετηκὼς

2302 4660 2515 4731 ὁρατοῖς
2538 4675 2602 4712 τε
2640 4659 2733 4712 καὶ
2759 4659 3012 4729 ἀοράτοις
3041 4657 3293 4729 ἐχθροῖς,
3328 4658 3523 4713 ἑαυτόν
3555 4676 3616 4711 τε
3650 4660 3747 4713 καὶ
3778 4658 3897 4713 ἑτέ-

2305 4769 2434 4824 ρους
2481 4748 2785 4815 ἀνασώζειν
2838 4749 3029 4815 είδὼς,
3086 4751 3180 4805 καὶ
3225 4753 3285 4805 ἐν
3332 4752 3455 4823 Θεῷ
3506 4753 3683 4807 πάντα
3730 4751 3896 4806 δυνά-

2230 4827 2276 4882 D
2309 4860 2492 4916 μενος.

2380 4938 2588 4992 ΠΔΛΛ.
2626 4936 2911 5008 Σύμφημι.

2382 5031 2547 5084 ΚΥΡ.
2585 5029 2773 5083 Βούλει
2805 5029 2870 5102 δὴ
2904 5024 2996 5084 οὖν
3044 5028 3177 5082 αὐτὸ
3216 5028 3280 5097 δὴ
3323 5026 3486 5082 τοῦτο
3532 5027 3899 5099 καταθρῶμεν

2304 5118 2363 5177 εὖ
2394 5121 2542 5194 μάλα
2561 5162 2576 5186 ,
2606 5120 2856 5192 καθάπερ
2887 5122 2945 5175 ἐν
2988 5120 3178 5175 πίνακι
3216 5119 3664 5191 σκιαγραφηθέν,
3694 5122 3754 5173 ἐν
3781 5123 3901 5183 τοῖς

2306 5215 2450 5272 κατά
2488 5216 2582 5269 τὸν
2615 5216 2901 5270 θεσπέσιον
2958 5213 3213 5285 Ἀϐραὰμ
3258 5212 3731 5282 ἐπωφελεστάτοις
3758 5215 3917 5286 ἡμῖν.

2304 5306 2637 5378 διηγήμασιν
2658 5324 2672 5371 ;

2380 5400 2588 5454 ΠΑΛΛ.
2632 5396 2885 5469 Ἐλοίμην
2914 5396 2979 5450 ἂν
3019 5396 3246 5468 σφόδρα.
3286 5397 3411 5461 Πῶς
3444 5397 3552 5470 γὰρ
3583 5395 3676 5461 ob;

2376 5492 2538 5546 ΚΥΡ.
2559 5491 2875 5561 Γέγραπται
2898 5488 3077 5543 τοίνυν
3098 5531 3114 5556 ,
3146 5490 3222 5552 ὡς
3264 5488 3506 5559 κατῴκει
3540 5505 3597 5541 τε
3629 5486 3724 5541 καὶ
3761 5503 3904 5541 κατ-

2307 5583 2558 5656 ηυλίζετο
2593 5584 2691 5654 μὲν
2719 5584 2777 5635 ἐν
2809 5580 3065 5651 Σοδόμοις
3122 5582 3152 5632 6
3181 5577 3323 5632 Λώτ·
3355 5578 3549 5649 ἐπειδὴ
3576 5577 3631 5631 δέ
3663 5576 3765 5646 τὴν
3792 5575 3905 5643 γῆν

693 5766 734 5837 ξί
762 5765 925 5821 Num.
954 5780 1099 5837 xxvi.
1125 5764 1213 5821 65.
1294 5767 1335 5800 δ’
1366 5767 1509 5824 Psal.
1535 5783 1719 5837 vam,
1758 5766 1848 5823 29.
1933 5768 1976 5801 “
2032 5784 2107 5825 sa.
2150 5765 2309 5827 κει.
2388 5768 2433 5800 ⁸⁸
2458 5766 2593 5824 Dan.
2622 5782 2718 5834 vn,
2755 5761 2841 5817 l0.
2918 5762 2962 5795 "
2994 5762 3154 5818 Prov.
3179 5758 3355 5827 sum.
3437 5759 3524 5816 "l
3548 5758 3676 5830 Reg.
3707 5773 3776 5824 η,
3803 5754 3899 5813 30.

622 5837 666 5877 ⁸⁷
685 5836 821 5892 Gen.
848 5851 954 5903 xw,
982 5835 1065 5889 l2.
