4046 6488
196 384 298 411 ’ΖΗΕ

196 406 299 438 006)

894 378 979 436 DE
1018 373 1459 435 ADORATIONE
1497 371 1564 427 IN
1605 367 1877 426 SPIRITU
1917 368 2004 424 ET
2043 368 2413 425 VERITATE.
2457 369 2584 424 LIB.
2614 369 2704 426 ιγ.

3345 372 3451 428 δεμ

195 495 363 559 δεινὸς
403 493 497 548 καὶ
548 493 719 565 βαρὺς
760 495 985 551 κατέθει
1020 498 1277 566 πόλεμος,
1311 494 1421 548 τῶν
1465 510 1525 546 τε
1575 489 1770 561 ἀγχοῦ,

1876 507 1999 545 rum
2031 490 2237 546 bellum
2270 492 2324 545 in
2353 506 2475 546 eam
2518 491 2798 562 regionem
2848 489 3159 555 invasisset,
3214 505 3451 561 cumque

194 588 289 643 καὶ
319 585 424 639 τῶν
454 587 520 639 ὲκ
550 586 655 656 τῆς
681 587 883 659 ὁμόρου
934 588 1119 660 χώρας
1139 631 1152 652 ,
1179 585 1317 658 ὁμοῦ
1352 587 1463 648 τοῖς
1518 582 1769 654 ἡγεῖσθαι

193 681 411 752 λαχοῦσι
446 680 590 735 κατὰ
617 681 819 751 κράτος
859 681 1088 735 ἑλόντων
1116 681 1215 753 τὴν
1246 680 1436 751 πόλιν,
1471 695 1770 733 συναπεκο-

190 774 380 845 μίζετο
404 774 516 836 τοῖς
544 772 900 837 ὲξαναστᾶσιν
931 775 959 826 6
994 773 1138 839 Λὼτ,
1164 774 1257 827 καὶ
1282 771 1417 842 ὁμοῦ
1438 773 1550 834 τοῖς
1591 769 1771 832 ἄλλοις

180 865 523 938 ¹δορύληπτος
550 860 640 937 ἦν’
678 867 1121 937 παραγενόμενος
1148 865 1205 919 δέ
1233 882 1318 929 τις
1350 864 1458 917 τῶν
1494 863 1771 917 ἀνασεσω-

190 958 425 1028 σμένων,
468 975 487 1008 ι
509 956 880 1028 Ἀπηγγέλη,›
907 959 1090 1028 φησὶν,
1117 974 1135 1007 ι
1160 955 1412 1026 ’Δϐραάμ
1431 954 1509 1026 τῷ
1534 953 1767 1024 περάτῃ,

192 1049 353 1112 αὐτὸς
384 1048 441 1102 δὲ
472 1047 709 1119 κατῴκει
738 1050 875 1119 πρὸς
902 1052 969 1121 τῇ
998 1048 1121 1119 δρυῒ
1156 1051 1224 1120 τῇ
1257 1047 1532 1119 Μαμϐρῇ,
1576 1047 1771 1117 Ἀμορο

192 1140 348 1211 ῥαίου
374 1138 470 1193 τοῦ
499 1140 732 1211 ἀδελφοῦ
771 1140 1009 1211 Ἐσχὼλ,
1039 1141 1134 1193 καὶ
1178 1140 1272 1193 τοῦ
1303 1139 1534 1209 ἀδελφοῦ
1565 1140 1766 1206 Αὑνᾶν,

182 1232 238 1286 οἳ
317 1227 459 1303 ἦσαν
527 1232 833 1302 συνωμόται
894 1231 988 1285 τοῦ
1075 1231 1311 1303 Ἀϐράμ.
1374 1230 1641 1296 Ἀκούσας
1703 1231 1762 1287 δὲ

203 1321 435 1395 ’Δϐράμ,
466 1324 548 1374 ὅτι
581 1321 998 1393 ᾐχμαλώτευται
1028 1322 1151 1375 Λὼτ
1172 1324 1200 1375 6
1236 1321 1551 1391 ἀδελφιδοῦς
1580 1321 1766 1389 αὑτοῦ,

190 1415 463 1485 ἠρίθμησε
486 1417 612 1479 τοὺς
656 1416 818 1480 ίδίους
848 1418 1145 1484 οἰκογενεῖς
1191 1416 1356 1471 αὑτοῦ
1376 1455 1390 1480 ,
1425 1416 1770 1489 τριακοσίους

190 1504 317 1557 δέκα
348 1505 443 1557 καὶ
488 1505 652 1557 ὀκτώ,
698 1505 808 1558 Kal
856 1505 1181 1571 κατεδίωξεν
1230 1506 1407 1560 ὀπίσω
1460 1508 1638 1559 αὐτῶν
1664 1506 1771 1570 ἓως

186 1594 315 1647 Δάν·
363 1595 460 1649 καὶ
488 1596 760 1649 ἐπέπεσεν
795 1597 881 1650 ἐπ’
908 1597 1104 1661 αὐτοὺς
1130 1597 1229 1667 τὴν
1260 1596 1431 1652 νύκτα
1463 1597 1644 1661 αὐτὸς,
1676 1599 1771 1652 καὶ

188 1688 236 1738 οι
254 1686 447 1749 παῖδες
468 1685 657 1742 αὑτοῦ.
674 1687 783 1739 Καὶ
801 1686 1071 1752 ἐπάταξεν
1093 1688 1311 1753 αὐτοὺς,
1336 1688 1430 1741 καὶ
1446 1688 1769 1754 κατεδίωξεν

191 1775 392 1839 αὐτοὺς
422 1775 528 1838 ἕως
573 1776 759 1840 Χοϐἀ,
793 1776 1013 1847 ἦίὲστιν
1058 1778 1116 1830 ὲν
1148 1778 1413 1849 ἀριστερᾷ
1451 1778 1766 1849 Δαμασκοῦ.

1871 582 2133 652 proximae
2152 598 2215 637 ac
2260 582 2507 637 finitima:
2538 591 2729 652 gentes
2757 597 2865 635 una
2890 597 3017 636 cum
3058 581 3297 637 ducibus
3327 584 3443 639 suis

1870 675 1922 727 vi
1962 689 2082 728 eam
2128 673 2322 727 urbem
2347 673 2654 743 cepissent,
2694 688 2805 727 una
2847 688 2973 729 cum
3008 672 3077 727 iis
3111 672 3207 743 qui
3246 673 3450 742 captivi

1869 763 2196 834 agebantur,
2232 762 2335 818 Lot
2360 778 2579 833 quoque
2624 763 2923 817 abductum
2974 763 3137 818 simul
3174 779 3299 818 cum
3329 763 3452 818 aliis

1871 856 1926 911 in
1956 856 2198 911 hostium
2232 863 2556 927 potestatem
2596 855 2849 911 venisse:
2881 855 2999 921 sed,
3048 871 3174 910 cum
3223 856 3449 926 quidam

1870 962 1935 1001 ex
1955 946 2025 1002 iis
2051 946 2143 1017 qui
2168 956 2457 1001 evaserant
2475 944 2807 1008 advenisset,
2846 945 3140 1001 «Nuntiata
3176 961 3268 1003 res
3290 954 3395 1009 est,
3423 964 3443 996 ι

1872 1041 2071 1111 inquit,
2114 1060 2131 1091 ι
2160 1040 2434 1097 Abraham
2462 1038 2820 1093 transﬂuviali
2842 1057 2854 1091 :
2879 1038 2994 1109 ipse
3026 1048 3211 1095 autem
3236 1038 3451 1092 habita-

1872 1134 1966 1189 bat
1993 1135 2061 1189 ad
2095 1148 2359 1203 quercum
2392 1132 2654 1195 Mambre,
2683 1130 2985 1186 Amorrhzei
3014 1130 3201 1186 fratris
3224 1129 3447 1193 Eschol,

1870 1237 1925 1281 et
1962 1225 2149 1281 fratris
2207 1224 2425 1289 Aunan,
2487 1223 2583 1294 qui
2620 1233 2778 1278 erant
2821 1224 3092 1293 conjurati
3150 1222 3449 1276 Abraham.

1870 1317 2115 1372 Audiens
2140 1326 2326 1371 autem
2367 1316 2646 1373 Abraham
2687 1314 2834 1385 quod
2860 1315 3113 1385 captivus
3140 1314 3317 1369 factus
3358 1330 3449 1370 es-

1870 1420 1955 1465 set
2010 1408 2113 1464 Lot
2158 1408 2347 1463 fratris
2384 1408 2550 1469 ﬁlius,
2600 1407 2911 1464 numeravit
2950 1407 3207 1477 pr0prios
3251 1422 3449 1463 verna—

1871 1501 2026 1554 culos
2050 1516 2180 1555 suos
2209 1507 2487 1555 trecentos
2529 1498 2720 1554 decem
2748 1509 2805 1554 et
2838 1509 2991 1564 octo;
3025 1510 3082 1554 et
3128 1507 3452 1570 persecutus

1870 1602 1954 1647 est
1970 1607 2065 1647 eos
2087 1608 2257 1661 usque
2278 1592 2414 1655 Dan,
2432 1600 2489 1646 et
2504 1592 2665 1647 irruit
2683 1607 2850 1661 super
2877 1607 2974 1647 eos
2994 1600 3108 1646 tota
3126 1600 3308 1658 nocte,
3335 1592 3453 1665 ipse

1871 1692 1927 1738 et
1965 1685 2123 1755 pueri
2152 1686 2273 1755 ejus
2298 1702 2312 1738 :
2335 1695 2391 1740 et
2436 1684 2711 1755 percussit
2762 1699 2879 1749 eos,
2907 1693 2964 1739 et
3013 1694 3340 1754 persecutus
3369 1692 3455 1740 est

1873 1791 2049 1845 usque
2070 1775 2301 1841 Chobal,
2339 1790 2461 1845 qua:
2487 1782 2573 1831 est
2619 1774 2689 1829 ad
2717 1775 2909 1830 laevam
2941 1775 3213 1840 Damasci,
3247 1784 3304 1830 et
3356 1791 3450 1830 rev

187 1865 296 1918 Kal
323 1837 643 1937 ἀπέστρεψε
670 1837 852 1919 πᾶσαν
875 1866 974 1936 τὴν
1002 1866 1169 1919 ἵππον
1190 1837 1482 1939 ’Σοδόμωῃ
1514 1837 1610 1921 καὶ
1645 1867 1769 1923 Λὼτ

1876 1837 2031 1923 duxit
2059 1837 2609 1938 omnem-equitatum
2639 1866 3032 1932 Sodomorum,
3066 1876 3125 1922 et
3150 1837 3253 1921 Lot
3279 1867 3450 1924 ﬁlium

174 1955 275 2008 τὸν
330 1956 651 2025 ἀδελφιδοῦν
702 1956 868 2011 αὐτοῦ
927 1958 1238 2026 ἀπέστρεψε
1266 1999 1281 2023 ,
1331 1960 1427 2013 καὶ
1479 1961 1657 2015 πάντα
1703 1960 1772 2015 τὰ

176 2047 505 2118 ’ὑπάρχοντα
535 2046 701 2102 αὐτοῦ
724 2087 739 2112 ,
773 2050 869 2102 καὶ
900 2049 999 2113 τάς
1040 2053 1327 2118 γυναῖκας,
1363 2050 1459 2106 καὶ
1498 2052 1589 2106 τὸν
1621 2053 1769 2107 λαόν.

182 2136 422 2211 tam;
452 2140 511 2193 δὲ
552 2140 807 2209 βασιλεὺς
840 2142 1090 2212 Σοδόμων
1120 2144 1199 2206 είς
1232 2143 1554 2214 συνάντησιν
1581 2143 1770 2211 αὐτοῦ,

176 2229 323 2299 μετὰ
361 2229 428 2283 τὸ
458 2230 799 2302 ὑποστρέψαι
838 2232 1003 2284 αὐτὸν
1031 2231 1140 2285 ἀπὸ
1169 2232 1269 2303 τῆς
1309 2235 1486 2303 κοπῆς
1516 2234 1773 2289 Χοδολλο-

181 2320 396 2392 γομδρ,
430 2323 525 2375 καὶ
571 2322 680 2374 τῶν
728 2321 995 2393 βασιλέων
1039 2325 1148 2377 τῶν
1182 2324 1319 2396 μετά
1350 2326 1516 2381 αὐτοῦ
1549 2329 1629 2392 είς
1670 2329 1772 2399 τὴν

182 2411 416 2466 κοιλάδα
441 2413 539 2466 τοῦ
560 2412 733 2484 Σαϐἦ.
763 2413 934 2467 Τοῦτο
967 2410 1037 2487 ἦν
1061 2416 1121 2468 τὸ
1149 2416 1327 2469 πεδίον
1350 2417 1458 2470 τῶν
1486 2417 1767 2488 βασιλέων.

178 2504 289 2559 Kal
350 2504 699 2576 Μελχισεδὲκ
734 2506 984 2577 βασιλεὺς
1022 2508 1209 2580 Σαλὴμ
1250 2510 1537 2581 ἐξήνεγκεν
1574 2509 1773 2581 ἄρτους

183 2595 275 2648 καὶ
310 2590 485 2648 οῖνοψ
524 2591 597 2667 ἦν
620 2596 678 2648 δὲ
700 2597 880 2668 ἱερεὺς
918 2596 1009 2649 τοῦ
1036 2597 1169 2651 Θεοῦ
1207 2598 1456 2669 ὑψίστου·
1493 2600 1586 2653 καὶ
1619 2600 1770 2653 εὐλό-

182 2705 313 2761 γησε
341 2688 443 2741 τὸν
489 2687 735 2759 Ἀϐράμ,
768 2691 864 2742 καὶ
910 2683 1085 2742 εἶπεν·
1133 2689 1513 2762 Εὐλογημένος
1559 2692 1773 2763 Ἀϐράμ

182 2781 258 2853 τῷ
284 2778 411 2852 Θεῷ
447 2781 527 2852 τῷ
557 2781 798 2853 ὑψίστῳ,
829 2782 888 2846 ὃς
934 2783 1121 2836 ἔκτισε
1155 2784 1245 2837 τὸν
1286 2786 1515 2856 οὐρανὸν
1549 2786 1643 2839 καὶ
1674 2785 1773 2858 τὴν

183 2872 307 2943 γῆν.
344 2872 464 2927 Kal
502 2872 793 2944 εὐλογητὸς
824 2875 850 2927 6
891 2873 1023 2938 Θεὸς
1060 2876 1089 2927 6
1119 2874 1375 2946 ὕψιστος,
1402 2876 1461 2941 ὃς
1488 2877 1773 2949 παρέδωκε

183 2965 306 3029 τοὺς
337 2964 573 3036 ιςχθρούς
606 2982 700 3017 σου
729 2967 1075 3038 ὑποχειρίους
1103 2984 1207 3022 σοι.
1250 2968 1361 3022 Kal
1396 2968 1597 3023 ἔδωκεν
1626 2968 1774 3040 αὐτῷ

183 3057 421 3129 δεκάτην
462 3060 653 3129 μοῖραν
678 3058 787 3111 ἀπὸ
817 3060 1057 3114 πάντων.
1084 3056 1221 3113 Eine
1248 3060 1305 3114 δὲ
1330 3059 1585 3130 βασιλεὺς
1614 3060 1772 3113 Σοδό-

186 3147 481 3239 μων
519 3145 1019 3239 Ἀϐράμζρὸςμοι
1046 3149 1175 3214 τοὺς
1207 3148 1428 3220 ἄνδρας,
1466 3150 1567 3221 τὴν
1597 3149 1655 3202 δὲ
1686 3149 1775 3202 ἴπ-
1801 3186 1842 3239 c

185 3248 283 3285 πον
316 3232 458 3287 λάϐε
482 3233 713 3304 σεαυτῷ.
742 3230 878 3287 Εἷπε
907 3235 963 3288 δὲ
1006 3236 1221 3309 Ἀϐράμ
1255 3238 1391 3310 πρὸς
1421 3238 1511 3291 τὸν
1549 3236 1773 3310 βασιλέα
1806 3230 1847 3241 “

185 3324 464 3395 Σοδόμων·
512 3325 747 3379 Ἐκτενῶ
799 3326 897 3397 τὴν
944 3329 1105 3402 χεῖρά
1137 3346 1238 3401 μου
1280 3329 1416 3400 πρὸς
1446 3330 1653 3401 Κύριον
1680 3330 1773 3385 τὸν

186 3418 315 3473 Θεὸν
334 3419 434 3474 τὸν
461 3419 710 3490 ὕψιστον,
735 3421 793 3487 δς
832 3422 1013 3477 ἔκτισε
1038 3424 1131 3479 τὸν
1157 3426 1385 3497 οὐρανὸν
1404 3425 1498 3479 καὶ
1527 3424 1623 3497 τὴν
1645 3425 1773 3496 γῆν,

188 3514 235 3566 ιι
254 3513 365 3568 ἀπὸ
391 3514 667 3586 σπαρτίου
700 3514 806 3579 ἕως
835 3518 1195 3589 σφυρωτῆρος
1226 3518 1576 3589 ὑποδήματος
1605 3517 1774 3588 λήψο-

189 3621 285 3675 μαι
334 3604 456 3659 ἀπὸ
502 3605 725 3659 πάντων
757 3606 867 3659 τῶν
910 3606 1051 3673 σῶν,
1094 3607 1179 3660 ἵνα
1213 3608 1287 3679 μὴ
1312 3609 1471 3679 εἴπῃς
1502 3608 1584 3661 ὃτι
1631 3606 1775 3676 Ἐγὼ

146 3718 149 3721 ·
187 3693 482 3748 ὶπλούτισα
507 3695 601 3749 τδν
627 3695 863 3767 ’Δϐρὰμ,
887 3696 1026 3767 πλὴν
1053 3690 1127 3749 ὧν
1162 3697 1363 3765 ἔιραγον
1392 3698 1442 3749 οἱ
1473 3696 1769 3763 νεανίσκοι,

190 3786 281 3838 καὶ
306 3785 413 3855 τῆς
465 3785 685 3856 μερίδος
716 3786 824 3839 τῶν
868 3786 1079 3857 ἀνδρῶν
1125 3786 1233 3840 τῶν
1280 3785 1773 3859 συμπορευθέντων

195 3877 308 3946 μετ’
336 3875 502 3948 δμοῦ,
539 3876 767 3949 Ἑσχὼλ,
801 3879 1000 3942 Αὑνᾶν,
1032 3878 1279 3951 Μαμϐρῆ
1297 3896 1311 3909 ·
1340 3872 1486 3932 οὗτοι
1514 3879 1775 3950 λήψονται

196 3968 414 4040 μερίδα.
475 3968 636 4024 Μετὰ
673 3970 731 4023 δὲ
776 3971 844 4023 τά
888 3972 1110 4042 ῥήματα
1146 3970 1320 4024 ταῦτα
1363 3970 1596 4041 ἐγενήθη
1629 3970 1778 4041 ῥῆμα

192 4063 395 4132 Κυρίου
424 4064 563 4133 πρὸς
604 4062 821 4135 Ἀϐράμ
853 4066 911 4117 ὲν
934 4064 1175 4137 ὁράματι
1202 4064 1301 4134 τῆς
1328 4064 1543 4127 νυκτὸς,
1578 4063 1776 4132 λέγων·

191 4154 279 4226 Μὴ
322 4155 519 4225 φοϐοῦ,
553 4155 790 4227 ’Λϐράμ,
821 4154 933 4225 ἐγὼ
970 4154 1331 4228 ὑπερασπίζω
1356 4173 1477 4221 σου,
1532 4156 1561 4208 6
1586 4155 1779 4226 μισθός

196 4260 286 4298 σου
318 4246 497 4310 πολὺς
533 4246 685 4299 ἔσται
715 4246 941 4317 σφόδρα.
977 4246 1142 4315 Λέγει
1165 4246 1221 4300 δὲ
1263 4246 1500 4318 ’Δϐρὰμ,
1531 4247 1779 4300 Δέσποτα

194 4336 365 4409 Κύριε
390 4376 406 4402 ,
444 4338 497 4390 τί
527 4355 617 4410 μοι
639 4337 864 4404 δὼσεις;
901 4336 1014 4407 ἐγὼ
1043 4338 1100 4391 δὲ
1143 4338 1453 4409 ἀπολύομαι
1481 4338 1725 4402 ἄτεκνος,
1751 4339 1780 4390 6

193 4431 246 4485 δὲ
275 4431 393 4495 υίὸς
425 4431 616 4502 Μασὲχ
648 4431 747 4501 τῆς
776 4429 1090 4499 οἱκογενοῦς
1133 4447 1265 4501 μου,
1300 4425 1453 4493 οὗτος
1483 4428 1778 4499 Δαμασκὸς

1872 1959 2063 2016 fratris
2083 1961 2169 2015 sui
2193 1960 2432 2025 reduxit,
2461 1969 2516 2015 et
2537 1974 2760 2015 omnem
2800 1960 3167 2016 substantiam
3212 1963 3353 2033 ejus,
3396 1968 3456 2017 et

1871 2052 2155 2117 mulieres,
2184 2061 2242 2108 et
2289 2052 2572 2125 populum.
2617 2052 3095 2123 138iEgressus
3124 2061 3209 2108 est
3268 2060 3453 2108 autem

1873 2158 1967 2197 rex
2001 2142 2368 2199 Sodomorum
2400 2143 2456 2197 in
2491 2158 2785 2197 occursum
2824 2144 2993 2209 illius,
3044 2152 3332 2214 postquam
3368 2159 3457 2199 re—

1871 2250 2065 2290 versus
2094 2243 2179 2290 est
2205 2251 2235 2289 a
2265 2234 2413 2290 aede
2444 2234 2899 2300 Chodorlaomor,
2924 2242 2981 2290 et
3000 2244 3331 2292 caaterorum
3362 2245 3453 2293 re-

1872 2342 2002 2398 gum
2040 2327 2288 2397 quicum
2318 2327 2412 2382 illo
2458 2338 2636 2393 erant,
2663 2328 2723 2382 in
2752 2329 2950 2383 vallem
2989 2328 3153 2383 Sabe.
3202 2328 3306 2383 Hic
3334 2335 3457 2383 erat

1872 2434 2101 2489 campus
2124 2435 2338 2491 regum,
2379 2429 2436 2476 et
2459 2420 2863 2477 Melchisedech
2912 2436 3011 2475 rex
3046 2419 3228 2475 Salem
3256 2428 3454 2489 protu-

1872 2509 1936 2565 lit
1964 2524 2134 2580 panes
2159 2518 2216 2564 et
2238 2510 2428 2564 vinum
2457 2528 2471 2576 ;
2509 2519 2630 2565 erat
2688 2510 2836 2563 enim
2884 2508 3143 2566 sacerdos
3176 2510 3273 2564 Dei
3299 2508 3457 2564 altis-

1874 2601 2019 2665 simi,
2048 2608 2105 2654 et
2141 2600 2428 2655 benedixit
2472 2600 2773 2666 Abraham,
2810 2607 2865 2656 et
2919 2600 3097 2655 dixit:
3127 2601 3458 2657 Benedictus

1873 2691 2150 2748 Abraham
2178 2692 2291 2746 Deo
2334 2693 2620 2755 altissimo,
2674 2693 2769 2763 qui
2805 2692 2945 2748 fecit
2998 2693 3202 2747 coelum
3249 2702 3309 2748 et
3345 2701 3459 2748 ter-

1873 2800 2027 2850 ram;
2062 2792 2117 2840 et
2142 2784 2469 2839 benedictus
2493 2786 2640 2839 Deus
2661 2786 2985 2847 altissimus,
3014 2785 3109 2854 qui
3147 2783 3301 2839 dedit
3349 2784 3455 2841 ho-

1875 2883 1986 2930 stes
2024 2883 2147 2929 tuos
2182 2875 2437 2930 subditos
2477 2876 2597 2931 tibi.
2628 2877 2696 2930 Et
2720 2876 2875 2933 dedit
2901 2876 2954 2932 ei
3004 2877 3274 2935 decimam
3324 2892 3456 2947 par-

1876 2972 1985 3020 tem
2014 2966 2084 3021 ab
2109 2966 2387 3021 omnibus.
2422 2967 2568 3021 Dixit
2604 2975 2793 3022 autem
2834 2983 2935 3023 rex
2995 2967 3360 3023 Sodomorum
3389 2968 3459 3025 ad

1875 3058 2182 3113 Abraham:
2214 3060 2292 3114 Da
2331 3061 2470 3115 mihi
2496 3061 2667 3125 viros,
2704 3070 2760 3115 at
2790 3061 3099 3131 equitatum
3135 3062 3326 3131 accipe
3350 3062 3456 3118 tibi

1877 3150 2000 3220 ipsi.
2023 3151 2171 3206 Dixit
2195 3158 2380 3209 autem
2421 3152 2696 3208 Abraham
2735 3152 2804 3208 ad
2837 3168 3020 3224 regem
3049 3152 3456 3211 Sodomorum:

1876 3241 2179 3296 Extendam
2200 3257 2426 3298 manum
2461 3257 2637 3297 meam
2672 3242 2741 3301 ad
2780 3244 2953 3303 Deum
2992 3244 3341 3311 altissimum,
3361 3245 3459 3316 qui

1875 3334 2084 3388 creavit
2109 3335 2311 3388 coelum
2340 3342 2397 3389 et
2422 3343 2650 3399 terram,
2684 3335 2735 3390 si
2776 3351 2807 3390 a
2829 3334 2922 3391 filo
2953 3350 3130 3405 usque
3170 3336 3239 3393 ad
3279 3337 3459 3391 corri-

1876 3425 2019 3495 giam
2059 3425 2416 3481 ealceamenti
2431 3426 2694 3496 accipiam
2723 3427 2791 3483 de
2818 3427 3078 3482 omnibus
3108 3427 3239 3491 tuis,
3268 3443 3340 3483 ne
3370 3427 3460 3482 di-

1876 3532 1999 3581 cas,
2058 3518 2173 3589 Ego
2221 3517 2391 3572 ditavi
2456 3518 2769 3583 Abraham,
2820 3529 3020 3590 praeter
3085 3535 3151 3575 ea
3194 3535 3317 3591 quae
3363 3534 3461 3575 co-

1876 3611 2170 3666 mederunt
2227 3612 2483 3682 juvenes,
2519 3620 2577 3667 et
2604 3619 2819 3681 partem
2854 3613 3098 3668 virorum
3143 3612 3241 3683 qui
3291 3628 3463 3668 vene-

1878 3710 2009 3758 runt
2046 3719 2287 3769 mecum,
2312 3704 2534 3767 Eschol,
2569 3704 2807 3768 Aunam,
2856 3703 3134 3770 Mamhre;
3181 3704 3275 3759 isti
3314 3704 3463 3760 acci-

1878 3793 2034 3864 pient
2062 3802 2296 3864 partem.
2329 3794 2459 3850 Post
2510 3794 2678 3850 verba
2728 3802 2914 3851 autem
2958 3794 3076 3849 haec
3119 3794 3326 3851 factum
3377 3801 3465 3849 est

1879 3885 2110 3940 verbum
2129 3886 2347 3941 Domini
2372 3886 2439 3941 ad
2474 3885 2755 3941 Abraham
2787 3887 2844 3941 in
2876 3886 3112 3950 visione,
3137 3887 3362 3942 dicens:
3384 3886 3462 3941 Ne

1881 3974 2098 4039 timeas,
2158 3975 2470 4041 Abraham;
2524 3990 2627 4046 ego
2671 3982 2959 4046 protegam
3017 3983 3093 4040 te,
3126 3992 3342 4033 merces
3373 3985 3465 4032 tua

1879 4068 2052 4123 multa
2077 4068 2186 4123 erit
2211 4067 2396 4122 nimis.
2446 4067 2590 4122 Dicit
2619 4075 2804 4124 autem
2856 4066 3174 4125 Abraham:
3212 4067 3466 4131 Domine,

1880 4158 2017 4229 quid
2052 4158 2210 4213 dabis
2240 4156 2416 4212 mihi?
2448 4172 2551 4227 ego
2574 4165 2757 4215 autem
2781 4156 3032 4212 dimittor
3069 4157 3188 4212 sine
3232 4157 3461 4223 liberis;

1882 4250 2031 4308 ﬁlius
2061 4257 2245 4304 autem
2272 4248 2491 4306 Masech
2523 4248 2836 4303 vernacula:
2859 4263 3015 4311 meae,
3046 4247 3139 4303 hic
3163 4248 3468 4304 Damascus

1882 4342 2132 4399 Eliezer:
2161 4350 2217 4397 et
2250 4340 2393 4397 dixit
2415 4340 2693 4396 Abraham
2714 4380 2729 4403 ,
2769 4338 2911 4405 Quia
2945 4339 3082 4393 mihi
3121 4353 3232 4395 non
3267 4338 3467 4395 dedisti

1882 4451 2093 4500 semen,
2119 4434 2450 4488 vernaculus
2504 4448 2662 4487 meus
2694 4432 2874 4486 haeres
2898 4446 3058 4487 meus
3087 4430 3216 4486 erit.
3249 4430 3320 4486 Et
3352 4438 3466 4486 sta-

204 4523 483 4594 Ἑλιέζερσ
537 4523 633 4576 καὶ
694 4519 847 4577 εἶπεν
904 4521 1139 4593 Ἀϐράμ’
1218 4521 1438 4593 Ἐπειδὴ
1498 4523 1622 4593 ἐμοὶ
1678 4522 1776 4574 οὑκ

1884 4527 1983 4582 tim
2006 4540 2113 4579 vox
2141 4524 2363 4579 Domini
2399 4521 2543 4578 facta
2580 4530 2665 4577 est
2695 4521 2764 4577 ad
2787 4536 2947 4586 eum,
2972 4520 3195 4576 dicens:
3232 4520 3353 4575 Non
3376 4519 3471 4575 hic

194 4614 403 4679 ἔδωκας
452 4615 713 4687 σπέρμα,
744 4616 774 4667 6
801 4614 858 4667 δὲ
899 4613 1185 4685 οἰκογενής
1235 4630 1335 4683 μου
1382 4613 1776 4685 κληρονομήσει

1882 4615 1991 4672 erit
2028 4615 2225 4679 haeres,
2261 4612 2359 4669 sed
2404 4614 2499 4683 qui
2546 4612 2719 4667 exibit
2765 4627 2833 4667 ex
2878 4618 2951 4675 te,
2985 4610 3079 4666 hic
3127 4610 3234 4669 erit
3292 4611 3475 4666 haeres

197 4725 284 4777 με.
315 4709 435 4762 Kal
474 4706 639 4770 εὐθὺς
693 4705 845 4778 φωνὴ
890 4705 1097 4778 Κυρίου
1149 4706 1365 4774 ἐγένετο
1411 4706 1547 4778 πρὸς
1587 4705 1776 4771 αὑτὸν,

1884 4717 2031 4765 tuus.
2104 4707 2309 4763 Eduxit
2371 4716 2554 4762 autem
2613 4722 2740 4761 eum
2792 4704 2971 4770 foras,
3031 4712 3088 4761 et
3141 4704 3281 4759 dixit
3341 4703 3393 4758 ei
3451 4721 3471 4758 :

195 4796 455 4867 λέγουσα*
496 4799 573 4852 Οὐ
615 4799 1017 4869 κληρονομήσει
1062 4814 1121 4850 σε
1160 4793 1335 4861 οὗτος
1368 4797 1526 4860 ἄλλος
1572 4796 1776 4862 ἐξελεύ-

1885 4799 2115 4870 Suspice
2174 4799 2233 4852 in
2284 4798 2508 4863 cmlnm,
2547 4806 2603 4852 et
2650 4812 2879 4852 numera
2933 4796 3147 4860 stellas,
3177 4795 3222 4849 si
3262 4794 3475 4865 poteris

197 4907 352 4943 σεται
375 4892 447 4944 ὲκ
484 4890 581 4943 σοῦ
605 4933 620 4955 ,
661 4886 817 4953 οὗτος
846 4890 1247 4961 κληρονομήσει
1291 4907 1371 4944 σε.
1428 4890 1694 4961 Ἐξήγαγε
1727 4890 1776 4944 δὲ

1883 4906 2176 4947 numerare
2198 4905 2311 4947 eas.
2345 4890 2415 4945 Et
2439 4889 2599 4953 dixit,
2631 4888 2724 4944 Sic
2750 4888 2861 4944 erit
2899 4902 3090 4943 semen
3143 4893 3301 4939 tuum
3350 4884 3417 4937 ⁸⁸.
3443 4902 3468 4934 ι

196 4981 362 5035 αὑτὸν
402 4978 511 5045 ἔξω
533 5021 548 5045 ,
571 4982 667 5034 καὶ
695 4977 848 5034 εἶπεν
887 4980 1057 5052 αὐτῷ⁸
1099 4981 1429 5052 Ἀνάϐλεψον
1470 4982 1534 5054 δὴ
1571 4984 1652 5047 εἰς
1690 4982 1776 5036 τὸν

1888 4985 2055 5041 Vides
2081 4999 2244 5055 quam
2262 4981 2503 5053 prompti
2531 4981 2642 5038 sint
2661 4980 2733 5037 ad
2774 4978 3090 5035 audendum
3139 4975 3315 5031 sancti
3340 4975 3472 5038 viri,

196 5075 431 5146 οὐρανὸν
457 5074 551 5127 καὶ
591 5074 895 5145 ἀρίθμησον
921 5074 1047 5137 τοὺς
1089 5075 1348 5145 ἀστέρας,
1384 5076 1430 5128 εί
1464 5076 1667 5147 δυνήσῃ
1697 5074 1782 5139 ἐξ·

198 5164 507 5237 αριθμῆσαι
565 5164 798 5229 αὐτούς.
860 5165 971 5218 Καὶ
1029 5163 1199 5219 εἶπεν
1256 5164 1444 5229 Οῦτως
1513 5166 1665 5219 ἔσται
1722 5166 1784 5218 τὸ

201 5257 427 5328 σπέρμα
464 5271 579 5310 σου.
620 5274 640 5308 ι
691 5256 854 5326 Ὁρᾷς
892 5255 1000 5309 τῶν
1036 5257 1209 5325 ἁγίων
1232 5256 1293 5309 τὸ
1327 5257 1543 5328 ἕτοιμον
1583 5258 1662 5321 είς
1692 5258 1783 5311 εὐ-

197 5348 463 5419 τολμίαν,
493 5348 590 5401 καὶ
632 5348 780 5411 ὃπως
814 5347 999 5417 έχουσι
1035 5348 1096 5402 τὸ
1134 5348 1410 5419 τληπαθὲς
1444 5348 1784 5415 silentiam;

200 5439 357 5509 ’Δμα
389 5439 500 5510 γὰρ
542 5436 775 5492 ἐπύθετο
828 5438 1281 5493 κεκινδυνευκότα
1322 5440 1413 5494 τὸν
1455 5439 1618 5505 Λὼτ,
1658 5459 1783 5495 κατ-

200 5531 347 5602 ηλὲει
384 5530 484 5602 μὲν
502 5530 665 5596 εὐθὺς
689 5530 784 5584 τοῦ
815 5531 1149 5603 προσγενοῦς
1179 5532 1278 5603 τὴν
1329 5533 1615 5605 συμφορὰν
1635 5574 1649 5597 ,
1687 5533 1787 5605 ἀρ⁸

201 5624 386 5687 πάσας
414 5622 471 5676 δὲ
494 5624 619 5687 τοὺς
653 5623 970 5689 οἰκογενεῖς,
999 5622 1093 5676 καί
1114 5639 1266 5688 τινας
1298 5622 1407 5678 τῶν
1436 5622 1785 5692 συνωμοτῶν,

273 5800 318 5832 ⁸⁸
347 5799 485 5856 Gen.
524 5817 635 5866 xlv,
674 5801 873 5866 15-26;
912 5818 1000 5867 xv,
1042 5801 1157 5855 1-5.

1889 5091 2165 5148 quamque
2196 5083 2392 5145 sponte
2420 5089 2519 5130 sua
2552 5072 2619 5127 ad
2666 5070 2954 5126 subeunda
2996 5067 3241 5139 pericula
3268 5066 3471 5137 parati.

1892 5167 2065 5222 Simul
2100 5165 2249 5221 enim
2283 5173 2447 5234 atque
2484 5162 2694 5217 audivit
2720 5161 2899 5231 ipsum
2931 5160 3035 5214 Lot
3077 5159 3133 5213 in
3172 5156 3471 5213 discrimen

1891 5255 2127 5317 venisse,
2150 5253 2443 5307 miseratus
2463 5249 2763 5320 propinqui
2788 5248 3179 5309 calamitatem,
3202 5245 3469 5316 arreptis-

1888 5362 1995 5415 que
2032 5342 2341 5400 vernaculis
2372 5349 2429 5396 et
2481 5340 2771 5395 fmderatis
2824 5336 3179 5408 quibusdam,
3219 5334 3314 5405 qui
3362 5335 3472 5391 lle-

1889 5436 2022 5493 braei
2071 5452 2181 5491 non
2231 5443 2410 5498 erant,
2437 5432 2693 5487 celeriter
2742 5430 3026 5501 profectus
3068 5434 3154 5483 est
3207 5426 3475 5483 adversus

1888 5545 1985 5586 eos
2011 5528 2106 5599 qui
2142 5526 2387 5581 dolorem
2422 5524 2764 5586 inusserant,
2810 5535 3014 5592 eosque
3065 5516 3217 5572 nullo
3252 5518 3475 5588 negotio

1892 5622 2128 5695 subegit,
2153 5618 2517 5689 liberavitque
2541 5633 2571 5674 e
2595 5615 2912 5687 captivitate
2945 5623 3059 5670 tum
3090 5612 3268 5681 ipsum
3288 5611 3474 5675 fratris
