4046 6558
576 427 686 485 355

1599 424 1654 478 S.
1695 423 1970 478 CYRILLI
2009 421 2479 478 ALEXANDRINI
2521 424 2841 482 ARCIIIEP.

3743 425 3838 486 3316

583 549 755 602 lilium
795 547 918 611 Lot,
946 555 1060 601 tum
1089 561 1184 600 eos
1227 559 1444 614 quoque
1474 543 1568 613 qui
1619 544 1674 597 in
1720 559 1917 598 manus
1973 544 2150 598 victo-

2271 546 2356 598 ιὺκ
2402 545 2561 610 ὄντας
2597 547 2909 618 Ἐϐραίους,
2941 547 3136 619 ἐχώρει
3173 547 3369 620 ῥᾳδίως
3399 549 3541 602 κατά
3564 548 3674 602 τῶν
3702 549 3839 604 λελυ-

583 655 706 694 rum
740 646 1020 693 venerant.
1054 637 1276 696 Deinde.
1302 643 1363 690 ut
1391 635 1589 690 victori
1614 636 1862 690 debitum
1885 635 2153 690 honorem

582 732 932 793 exhiberent,
965 729 1179 784 obviam
1210 729 1286 782 illi
1332 729 1586 798 prodiere
1615 729 1774 798 139
1822 738 1937 783 tum
1981 728 2155 783 Sodo-

586 841 799 882 morum
825 840 938 888 rex,
971 832 1082 877 tum
1097 822 1350 876 sacerdos
1371 837 1588 891 quoque
1614 822 1710 875 Dei
1743 821 1993 876 altissimi
2024 822 2156 876 Mel-

585 914 900 977 chisedech,
932 923 991 967 ut
1017 913 1279 982 scriptum
1312 917 1435 976 est;
1471 910 1627 979 isque
1676 911 1900 965 minime
1945 913 2155 977 inanis;

583 1008 763 1062 attulit
806 1006 1007 1076 quippe
1059 1004 1350 1059 sacerdotii
1385 1003 1630 1074 symbola
1673 1003 1818 1057 illius
1858 1004 2005 1073 quod
2044 1012 2158 1058 tum

583 1108 699 1154 erat
722 1099 776 1152 in
801 1114 975 1162 more,
1005 1113 1195 1167 panes,
1229 1098 1476 1166 inquam,
1522 1102 1580 1149 et
1630 1095 1843 1155 vinum,
1896 1102 1953 1149 et
1995 1096 2161 1150 bene-

582 1191 722 1244 dixit
746 1191 1039 1255 Abraham,
1067 1201 1121 1244 et
1152 1205 1336 1244 sacras
1358 1189 1437 1242 illi
1469 1203 1634 1244 voces
1664 1187 1875 1257 praemii
1904 1188 2026 1243 loco
2057 1189 2159 1242 tri-

582 1282 724 1336 buit.
759 1282 1031 1336 Abraham
1080 1283 1248 1352 igitur
1275 1291 1501 1335 strenue
1532 1297 1648 1335 rem
1685 1280 1854 1351 gessit
1900 1296 1963 1334 ac
1993 1280 2157 1335 vicit:

583 1377 722 1430 tales
768 1376 971 1446 quippe
1006 1391 1223 1444 semper
1262 1374 1376 1429 fere
1404 1383 1534 1429 sunt
1557 1374 1635 1427 illi
1665 1373 1972 1428 secundum
1998 1372 2161 1428 Chri-

583 1477 729 1522 stum
754 1467 924 1521 fortes
942 1466 1067 1530 viri,
1102 1466 1306 1535 quique
1328 1466 1440 1518 Deo
1473 1464 1836 1534 gratissimam
1869 1464 2013 1517 illam
2041 1463 2162 1516 ani-

583 1560 660 1614 mi
704 1559 1028 1615 confidentis
1085 1557 1427 1612 alacritatem
1478 1563 1662 1610 mente
1713 1565 2031 1625 conceptam
2077 1566 2163 1609 te-

584 1661 739 1706 nent.
774 1650 852 1705 Ac
881 1651 1030 1704 velut
1063 1648 1299 1718 exempli
1338 1648 1461 1701 loco
1522 1647 1589 1700 ad
1633 1645 1796 1700 fidem
1849 1647 2036 1700 verbis
2081 1645 2163 1699 fa-

585 1743 836 1799 ciendam
869 1752 1086 1797 sanetos
1109 1741 1385 1811 apostolos
1409 1739 1686 1809 adjiciam,
1724 1738 1840 1808 qui,
1890 1755 2013 1793 cum
2062 1738 2163 1793 Sa-

586 1846 742 1892 tanas
769 1835 952 1890 omnia
985 1833 1242 1888 facillime
1272 1831 1558 1900 diriperet,
1600 1830 1637 1884 ii
1691 1831 1856 1885 etiam
1893 1830 1986 1900 qui
2014 1829 2163 1884 veri-

586 1928 714 1982 tatis
739 1925 1007 1996 dogmatis
1030 1922 1391 1985 obsistebant,
1433 1921 1832 1992 simpliciorum
1871 1920 2161 1974 hominum

583 2019 794 2073 animas
824 2016 1294 2086 deprzedarentur,
1327 2030 1449 2069 sese
1495 2014 1714 2068 fortiter
1763 2020 2158 2084 opposuerunt,

583 2115 640 2162 et
671 2123 856 2163 secum
899 2122 1007 2161 una
1049 2098 1377 2160 vernaculos
1428 2105 1599 2158 armis
1646 2105 2058 2168 instruxerunt,
2107 2103 2162 2158 id

583 2209 688 2263 est,
715 2215 811 2254 eos
846 2199 939 2269 qui
961 2206 1116 2252 erant
1147 2197 1204 2251 in
1237 2196 1409 2251 sacris
1458 2195 1686 2250 Litteris
1715 2195 1969 2250 educati:
1995 2209 2163 2264 quos-

586 2283 711 2340 dam
732 2286 899 2340 etiam
930 2285 1226 2339 foederatos
1277 2284 1370 2353 qui
1418 2285 1632 2339 Hebraei
1683 2300 1794 2338 non
1843 2293 2019 2347 erant,
2070 2299 2166 2339 eos

585 2392 784 2447 nempe
831 2377 948 2446 qui,
995 2376 1246 2446 quamvis
1296 2376 1477 2430 adhuc
1530 2391 1594 2430 ea
1639 2392 1760 2445 quae
1810 2384 1937 2430 sunt
1974 2376 2165 2430 mundi

587 2473 866 2536 saperent,
908 2475 1090 2520 tamen
1120 2466 1278 2520 simul
1305 2481 1430 2519 cum
1477 2467 1680 2521 sanctis
1708 2466 1843 2520 viris
1886 2477 2166 2521 certamen

588 2560 871 2624 subibant,
901 2575 1105 2629 eosque
1135 2559 1671 2614 imitaristudebant.
1699 2562 1909 2631 Itaque,
1949 2577 2074 2616 cum
2108 2578 2165 2618 se

588 2658 813 2706 strenue
865 2650 1184 2720 gessissent,
1230 2651 1516 2705 victoriam
1574 2663 1929 2723 pepererunt,
1985 2663 2042 2709 et
2100 2670 2167 2708 ex

588 2739 738 2794 illius
783 2739 1068 2810 tyrannico
1117 2738 1407 2792 dominatu
1456 2741 1730 2808 captivos-
1764 2740 2163 2811 abripuerunt:

588 2832 726 2886 alios
763 2832 911 2885 enim
937 2847 1004 2885 ex
1027 2831 1296 2885 idolorum
1314 2833 1486 2896 cultu,
1508 2842 1565 2886 et
1589 2833 1656 2886 ab
1669 2832 1986 2889 adoratione
2013 2850 2167 2890 crea-

590 2931 728 2977 turae
753 2921 937 2989 potius
976 2937 1143 2992 quam
1178 2920 1482 2987 Creatoris,
1515 2922 1651 2976 alios
1684 2939 1714 2976 a
1761 2922 1880 2976 falsi
1929 2925 2170 2980 nominis

589 3015 820 3069 scientia
845 3023 1123 3070 extractos
1146 3023 1387 3068 servant.
1417 3014 1522 3070 Sed
1547 3030 1614 3069 ex
1649 3016 1751 3069 hac
1795 3014 1933 3070 adeo
1969 3016 2167 3071 illustri

589 3103 1096 3173 excelsaqueanimi
1131 3104 1508 3174 magnitudine
1551 3120 1672 3159 eam
1717 3106 2030 3161 mercedem
2078 3122 2168 3161 as-

2262 639 2546 706 πηκότων,
2575 639 2672 693 καὶ
2705 639 3091 711 κατεχειροῦτο
3121 640 3220 710 μὲν
3246 640 3507 704 εὐκόλως,
3535 640 3836 710 ἀπήλλαττε

2261 727 2318 780 δὲ
2377 729 2478 798 τῆς
2535 728 2946 798 αἰχμαλωσίας,
3001 728 3162 782 αὐτόν
3215 745 3274 781 τε
3329 728 3422 780 τὸν
3477 727 3837 795 ἀδελφόπαιδα

2266 819 2415 882 Λὼτ,
2444 821 2537 872 καὶ
2564 821 2689 883 τοὺς
2717 820 2821 873 ὑπὸ
2869 823 3029 893 χεῖρα
3071 820 3336 883 πεσόντας
3362 820 3469 873 τῶν
3504 820 3839 890 κεκρατηκά-

2261 927 2390 966 των.
2423 907 2557 964 Εἶτα
2596 911 2805 976 λοιπὸν,
2848 912 2924 975 ὡς
2952 913 3260 983 νενικηκότι
3295 913 3395 984 τὴν
3427 914 3576 984 αὑτῷ
3608 917 3837 986 πρέπου-

2265 1019 2362 1056 σαν
2429 1004 2594 1074 τιμὴν
2660 1002 3070 1068 ἀποσώζοντες,
3109 1005 3361 1076 ὑπήντων
3415 1005 3679 1069 εἰκότως,
3726 1006 3753 1058 ὃ
3785 1024 3837 1059 τε

2265 1095 2521 1166 βασιλεὺς
2567 1095 2854 1166 Σοδόμων,
2893 1097 2988 1150 καὶ⁵
3039 1096 3378 1167 Μελχισεδὲκ
3444 1099 3472 1150 ό
3519 1098 3700 1169 ἱερεὺς
3739 1099 3836 1161 ⁹’τοῦ

2262 1186 2396 1240 Θεοῦ
2439 1187 2531 1240 τοῦ
2588 1187 2847 1264 ὑψίστου,
2905 1187 3050 1242 καθά
3103 1189 3439 1261 γέγραπται.
3496 1189 3747 1260 ’Υπήντα
3787 1193 3836 1246 δὲ

2262 1280 2323 1331 οὑ
2347 1278 2538 1349 ψιλῶς,
2564 1278 2924 1349 ἐπεκομίζετο
2942 1279 2999 1332 δὲ
3025 1279 3123 1350 τῆς
3155 1279 3454 1352 ἱερωσύνης
3478 1280 3548 1332 τὰ
3579 1280 3834 1350 σύμϐολα,

2263 1373 2360 1442 τῆς
2390 1371 2450 1424 τὸ
2475 1371 2728 1442 τηνικάδε
2759 1371 3154 1441 νενομισμένης
3175 1411 3190 1435 ,
3239 1370 3440 1443 ἄρτους
3464 1389 3523 1424 τε
3553 1371 3648 1425 καὶ
3684 1369 3834 1439 οἶνον,

2263 1465 2359 1517 καὶ
2413 1462 2738 1534 κατηυλόγει
2800 1463 2892 1515 τὸν
2963 1461 3252 1533 Ἀϐραὰμ,
3300 1463 3396 1515 καὶ
3450 1464 3623 1534 γέρας
3677 1465 3833 1518 ὲδίὼυ

2266 1556 2451 1627 φωνὰς
2497 1556 2668 1628 ἱεράς.
2735 1555 3055 1628 Ἤνδρίσατο
3105 1555 3395 1628 τοιγαροῦν
3422 1558 3519 1608 καὶ
3565 1558 3835 1627 νενίκηκεν

2278 1648 2547 1719 Ἀϐραάμ*
2578 1650 2810 1704 τοιοῦτοι
2853 1649 2963 1720 γὰρ
2989 1649 3074 1702 ἀεί
3109 1647 3227 1712 πώς
3269 1651 3405 1702 εἰσιν
3450 1651 3499 1702 οἱ
3552 1649 3695 1701 κατά
3718 1651 3836 1721 Χρι-

2267 1741 2390 1794 στὸν
2421 1741 2690 1813 ἀνδρεῖοι,
2739 1741 2833 1795 καὶ
2885 1740 3310 1812 θεοφιλεστάτην
3358 1744 3438 1806 είς
3471 1741 3597 1796 νοῦν
3635 1741 3836 1812 ἔχοντες

2265 1834 2364 1904 τὴν
2391 1834 2700 1906 εὐτολμίαν.
2729 1834 3035 1906 Προσθήσω
3061 1833 3141 1899 δὲ,
3176 1833 3367 1906 ῶσπερ
3390 1835 3470 1897 είς
3499 1833 3833 1905 παράδειγμα

2268 1924 2363 1979 καὶ
2395 1925 2576 1978 πίστιν
2613 1924 2709 1978 τοῦ
2749 1925 2934 1993 λόγου,
2970 1925 3098 1986 τοὺς
3145 1924 3334 1993 ἁγίους
3377 1924 3738 1987 ἀποστόλους,
3763 1926 3824 1988 οἳ,

2265 2016 2445 2070 πάντα
2477 2017 2716 2080 εὐκόλως
2754 2017 3148 2088 διαρπάζοντος
3181 2017 3275 2070 τοῦ
3316 2017 3571 2082 Σατανᾶ,
3609 2017 3704 2070 καὶ
3742 2016 3832 2088 μὴν

2263 2107 2372 2160 τῶν
2409 2107 2820 2180 ἀνθεστηκότων
2851 2111 2964 2172 τοῖς
3011 2109 3113 2177 τῆς
3164 2108 3425 2180 ἀληθείας
3457 2109 3724 2179 δόγμασι,
3750 2112 3834 2172 τὰς

2265 2199 2373 2253 τῶν
2398 2199 2780 2271 ἁπλουστέρων
2805 2199 3099 2270 καταληῖζο
3106 2200 3284 2270 μένων
3309 2201 3508 2271 ψυχὰς,
3532 2201 3832 2272 ἀντεφέρον-

2267 2309 2327 2345 το
2346 2293 2629 2358 νεανικῶς,
2656 2292 3121 2357 συνεξοπλίζοντες
3152 2293 3363 2356 ἑαυτοῖς
3392 2293 3517 2356 τοὺς
3535 2294 3831 2360 οἰκογενεῖς,

2267 2385 2532 2449 τουτέστι,
2557 2386 2684 2450 τοὺς
2703 2388 2820 2450 τοῖς
2843 2388 3008 2458 ἱεροῖς
3035 2385 3510 2457 ἐντεθραμμένους
3534 2387 3831 2457 Γράμμασι,

2267 2479 2361 2532 καί
2407 2496 2557 2543 τινας
2603 2477 2713 2532 τῶν
2768 2479 3126 2550 συνωμοτῶν,
3173 2478 3274 2532 οὐκ
3315 2478 3478 2542 ὄντας
3548 2478 3832 2550 Ἐϐραίους,

2270 2572 2416 2642 φημὶ
2459 2571 2516 2624 δὲ
2558 2571 2622 2640 δὴ
2670 2571 2866 2635 πάλιν,
2895 2572 3020 2635 τοὺς
3052 2570 3386 2640 φρονοῦντας
3439 2571 3539 2640 μὲν
3579 2570 3656 2622 ἔτι
3692 2571 3757 2623 τὰ
3784 2574 3833 2624 ἐν

2270 2664 2479 2734 κόσμῳ,
2512 2663 2912 2728 συναθλοῦντας
2952 2663 3007 2716 δὲ
3041 2666 3156 2727 τοῖς
3189 2663 3365 2731 ἁγίοις
3385 2703 3400 2728 ,
3431 2664 3526 2716 καὶ
3561 2661 3832 2733 ζηλοῦντας

2272 2755 2511 2820 αὐτοὺς,
2546 2754 2922 2827 ἀνδριζόμενοι
2965 2755 3022 2808 δὲ
3063 2755 3206 2807 οὑτω
3249 2756 3603 2826 νενικήκασι,
3635 2754 3832 2824 καὶτῆς

2271 2847 2478 2900 ἐκείνου
2515 2846 2828 2914 πλεονεξίας
2862 2846 3170 2918 ἐξήρπαζον
3195 2849 3320 2910 τοὺς
3355 2847 3684 2910 ἑαλωκότας.
3713 2845 3832 2909 Teia;

2274 2936 2372 3007 μὲν
2404 2935 2512 3008 γὰρ
2545 2937 2608 2988 ἐκ
2647 2937 2746 3004 τῆς
2786 2934 3233 3006 εἰδωλολατρείας
3277 2934 3388 3003 (Ι),
3427 2934 3525 2986 καὶ
3561 2933 3652 2986 τοῦ
3685 2946 3833 3001 xpos-

2272 3029 2454 3080 κυνεῖν
2488 3028 2554 3096 τῇ
2601 3023 2776 3079 κτίσει
2823 3024 2975 3097 παρά
2999 3025 3090 3078 τὸν
3133 3025 3428 3090 κτίσαντα,
3458 3027 3586 3088 τοὺς
3630 3023 3684 3076 δὲ
3707 3065 3720 3086 ,
3745 3024 3831 3091 τῆς

2271 3116 2629 3188 ψευδωνύμου
2707 3115 2964 3186 γνώσεως
3038 3117 3384 3184 ὲξέλκοντες,
3461 3114 3829 3180 ἀνασώζουσιν·

589 3206 916 3268 sequuntur,
946 3206 1006 3252 ut
1031 3213 1143 3252 non
1170 3198 1346 3251 solum
1369 3197 1437 3252 ab
1458 3197 1524 3252 iis
1554 3200 1649 3268 qui
1682 3199 1738 3253 in
1777 3199 1985 3254 mundo
2018 3210 2165 3265 sunt,

2274 3209 2409 3264 ἀλλά
2440 3211 2539 3278 τῆς
2565 3210 2708 3262 οὑτω
2737 3210 3004 3281 λαμπρᾶς
3035 3211 3129 3263 καὶ
3166 3209 3543 3280 μεγαλοφυοῦς
3571 3209 3829 3280 εὐψυχίας,

589 3285 894 3341 honoribus
913 3285 1218 3341 adiciantur
1242 3305 1258 3339 :
1285 3307 1301 3337 ι
1330 3287 1598 3358 Egressus
1619 3296 1703 3342 est
1725 3289 1894 3355 enim,
1919 3309 1936 3340 ι
1968 3291 2167 3360 inquit,

596 3398 616 3429 c
639 3394 734 3433 rex
759 3377 1126 3432 Sodomorum
1169 3377 1223 3430 in
1262 3393 1554 3432 occursum
1603 3378 1880 3432 Abraham
1900 3380 1979 3445 ";
2015 3400 2032 3430 ι
2073 3381 2169 3435 sed

589 3470 752 3525 etiam
782 3469 1223 3525 benedictionem
1271 3478 1677 3538 consequantur
1721 3471 1869 3524 illam
1915 3487 2036 3540 quae
2072 3488 2172 3542 per

589 3560 866 3615 Christum
893 3562 1073 3625 datur,
1103 3561 1198 3630 qui
1241 3575 1342 3615 nos
1361 3560 1673 3616 vivificante
1705 3563 1876 3632 gratia
1913 3572 2170 3633 tanquam

586 3669 732 3724 pane
753 3669 816 3708 ac
839 3655 970 3708 vino
1011 3653 1270 3708 lzctiticat.
1300 3653 1488 3723 Itaque
1532 3653 1600 3709 de
1629 3670 1686 3709 se
1713 3655 1848 3724 ipsis
1885 3657 2172 3712 verissime

592 3745 786 3799 dicunt
812 3761 825 3796 :
867 3763 884 3794 ι
913 3743 1195 3797 Benedicti
1220 3758 1322 3798 nos
1345 3759 1376 3797 a
1402 3744 1654 3809 Domino,
1685 3745 1779 3814 qui
1805 3745 1936 3800 fecit
1970 3747 2172 3801 cwlum

591 3843 649 3888 et
670 3845 873 3890 terram
908 3836 974 3888 ⁸ο.
1001 3855 1019 3886 ο
1061 3833 1157 3889 Est
1209 3843 1391 3889 autem
1419 3834 1630 3890 Christi
1669 3837 1964 3891 sacerdotii
1999 3836 2174 3909 ﬁgura

592 3927 1039 3992 Melchisedech;
1109 3943 1214 3981 nec
1253 3927 1528 3996 pluribus,
1558 3937 1620 3982 ut
1665 3929 1882 3999 opinor,
1933 3929 2001 3983 ad
2051 3945 2173 3984 eam

597 4035 713 4074 rem
737 4020 1220 4075 demonstrandam
1248 4035 1387 4089 opus
1415 4019 1556 4085 erit;
1601 4036 1726 4074 cum
1760 4021 1816 4074 in
1863 4020 1968 4074 hac
2013 4029 2173 4091 parte

593 4127 761 4167 sacrat-
786 4111 1010 4166 Littera:
1036 4109 1147 4165 sint
1171 4111 1320 4165 satis.
1347 4110 1481 4166 Cum
1509 4129 1640 4167 vero
1678 4111 2042 4167 Sodomorum
2076 4129 2173 4168 rex

594 4201 762 4256 beato
799 4200 1034 4254 Abraha:
1057 4208 1316 4270 tanquam
1354 4201 1554 4255 victori
1601 4200 1872 4255 dixisset:
1916 4201 1991 4255 Da
2035 4201 2173 4257 mihi

591 4293 762 4356 viros,
783 4307 958 4362 equos
980 4299 1162 4345 autem
1191 4291 1292 4344 tibi
1317 4290 1420 4360 ipsi
1469 4291 1698 4360 accipe;
1745 4290 1884 4344 nihil
1918 4306 1976 4344 se
2020 4307 2176 4346 acce-

591 4395 817 4457 pturum
850 4382 997 4438 illico
1031 4381 1324 4452 dejuravit,
1361 4382 1469 4436 nisi
1510 4382 1649 4436 forte
1674 4381 1827 4436 cibos
1853 4396 2045 4436 eorum
2081 4383 2174 4452 qui

593 4493 703 4532 una
727 4476 972 4530 laborem
996 4474 1391 4543 suscepissent,
1417 4482 1476 4528 et
1519 4483 1732 4542 partem
1779 4471 2172 4528 fmderatorum

2274 3301 2757 3372 ἀποκερδαίνουσιν
2777 3299 3015 3372 ἀμοιϐὴν
3033 3343 3047 3367 ,
3069 3300 3169 3364 τάς
3189 3317 3248 3354 τε
3271 3300 3424 3371 παρά
3446 3299 3559 3353 τῶν
3581 3301 3638 3353 ὲν
3664 3302 3832 3371 κόσμῳ

2273 3394 2437 3464 τιμάς
2463 3410 2475 3424 ο
2519 3411 2538 3444 ι
2588 3391 2806 3463 Ἐξῆλθε
2839 3391 2972 3462 γὰρ,
3003 3392 3158 3462 φησι,
3195 3391 3451 3462 βασιλεὺς
3478 3390 3720 3459 Σοδόμων
3760 3392 3830 3452 είς

2275 3485 2597 3555 συνάντησιν
2639 3484 2714 3554 τῷ
2768 3483 3048 3556 Ἀϐραὰμ,
3100 3483 3198 3538 καὶ⁴
3227 3483 3587 3553 Μελχισεδὲκ,
3616 3483 3644 3534 ό
3676 3482 3831 3553 ἱερεὺς

2273 3578 2514 3651 τοῦιΘεοῦ
2537 3577 2628 3631 τοῦ
2659 3578 2908 3647 ὑιιίστου,
2938 3597 2956 3628 ι
2977 3577 3230 3646 εὐλογίαν
3255 3576 3352 3647 τὴν
3383 3576 3473 3630 διὰ
3498 3575 3750 3648 Χριστοῦ,
3773 3577 3830 3646 τῇ

2275 3672 2528 3740 ζωοποιῷ
2560 3670 2745 3741 χάριτι
2777 3669 3271 3741 κατευφραίνοντος
3300 3669 3450 3739 ἄρτῳ
3481 3685 3540 3721 τε
3579 3667 3671 3722 καὶ
3701 3669 3828 3737 οἴνῳ.

2275 3763 2568 3832 Τοιγάρτοι
2620 3760 2716 3813 καὶ
2763 3757 3122 3829 ἀληθεύοντες
3171 3760 3255 3827 ἐφ’
3303 3761 3551 3822 ἑαυτοῖς,
3597 3755 3655 3812 εὖ
3707 3757 3831 3828 μάλα

2277 3855 2461 3926 φασίψ
2495 3873 2513 3905 ι
2551 3851 2920 3922 Εὐλογημένοι
2948 3852 3107 3922 ὑμεῖς
3134 3852 3210 3922 τῷ
3243 3851 3432 3922 Κυρίῳ
3462 3850 3542 3920 τῷ
3571 3852 3829 3920 ποιήσαντι

2274 3950 2366 4003 τὸν
2411 3948 2637 4019 οὐρανὸν
2687 3948 2782 4000 καὶ
2827 3945 2926 4016 τὴν
2973 3945 3098 4016 γῆν.
3147 3963 3165 3996 ι
3216 3944 3398 4008 Τύπος
3428 3944 3471 3996 δ’
3512 3945 3579 3998 ἂν
3623 3942 3704 4014 εἴη
3747 3945 3830 4012 τῆς

2275 4041 2418 4096 κατά
2443 4040 2676 4111 Χριστὸν
2712 4036 3014 4109 ἱερωσύνης
3041 4038 3070 4089 ό
3099 4035 3438 4106 Μελχισεδὲκ
3459 4077 3473 4100 ,
3513 4037 3608 4088 καὶ
3634 4035 3690 4087 οὐ
3717 4034 3829 4086 πολ-

2274 4136 2402 4203 λῶν,
2427 4131 2600 4204 οἶμαι,
2626 4133 2686 4184 τὸ
2709 4131 2896 4202 χρῆμα
2918 4130 3054 4200 πρὸς
3084 4128 3356 4193 ἀπόδειξιν
3386 4128 3640 4197 δεήσεται
3659 4127 3826 4194 λόγων,

2277 4225 2632 4298 ἐξαρκοῦντος
2663 4225 2742 4286 εἰς
2774 4221 2932 4274 τοῦτο
2977 4221 3311 4292 Γράμματος
3347 4217 3517 4294 ἱεροῦ.
3553 4219 3830 4279 Φάσκοντος

2275 4319 2330 4373 δὲ
2348 4317 2442 4372 τοῦ
2464 4317 2712 4386 Σοδόμων
2736 4313 3000 4384 βασιλέως
3021 4313 3156 4383 πρὸς
3173 4312 3262 4364 τὸν
3285 4310 3569 4364 θεσπέσιον
3587 4309 3828 4381 Ἀϐραὰμ,

2276 4412 2351 4474 ὼς
2380 4409 2722 4479 νενικηκόταο
2753 4406 2852 4469 Δός
2887 4423 2977 4476 μοι
3003 4405 3128 4466 τοὺς
3159 4402 3380 4475 ἄνδρας,
3412 4403 3542 4466 τοῦς
3572 4401 3630 4454 δὲ
3656 4403 3830 4462 ἵππους

2277 4502 2407 4557 λάϐε
2443 4500 2690 4570 σεαυτῷ,
2726 4499 2891 4570 μηδὲν
2939 4498 3001 4551 τὸ
3047 4497 3268 4567 σύμπαν
3319 4495 3504 4550 λαϐεῖν
3559 4495 3832 4563 ἀπὼμνυτο

592 4571 814 4633 Eschol,
841 4569 1075 4632 Annam,
1103 4575 1159 4621 et
1188 4568 1449 4622 Mambre.
1479 4567 1739 4633 Quamvis
1761 4567 1908 4622 enim
1932 4582 2035 4636 pro
2058 4567 2160 4622 ho-

2280 4565 2643 4666 παραχρῆμα,
2670 4565 2809 4662 πλὴν
2841 4592 2888 4644 εί
2913 4591 3020 4662 ἄρα
3047 4565 3146 4654 τὰς
3175 4590 3383 4662 τροφὰς
3404 4588 3514 4642 τῶν
3544 4604 3834 4657 συγκεκμη-

595 4662 806 4716 minum
843 4659 937 4729 qui
977 4659 1246 4728 perierint
1287 4660 1462 4713 salute
1501 4660 1674 4713 sancti
1701 4659 1806 4713 viri
1848 4659 2054 4713 bellum
2081 4677 2177 4731 ge-

597 4763 741 4818 rant,
771 4770 834 4808 ac
863 4761 1090 4808 strenue
1111 4758 1348 4815 certent,
1383 4751 1541 4822 140
1568 4765 1902 4820 omnemque
1927 4752 2176 4808 laborem

595 4849 868 4912 subeant;
904 4863 935 4902 a
965 4845 1174 4901 mundo
1221 4853 1404 4898 tamen
1445 4842 1584 4896 nihil
1633 4843 1932 4912 accipiunt,
1998 4861 2176 4915 neque

596 4951 848 4997 terrenas
872 4954 1006 5010 opes
1038 4936 1310 5007 colligunt
1337 4954 1350 4987 :
1401 4935 1458 4988 in
1488 4950 1598 5003 quo
1619 4935 1828 4989 evitant
1853 4937 2088 4991 maxime
2113 4937 2178 4990 il-

594 5036 722 5099 lam,
750 5049 870 5103 quaa
890 5032 1156 5087 exsistere
1179 5029 1306 5084 inde
1333 5028 1492 5090 solet,
1514 5027 1991 5094 exprobrationem
2019 5049 2032 5083 :
2072 5031 2177 5086 «Ne

594 5125 796 5189 dicas,»
829 5123 1061 5193 inquit,c
1089 5121 1246 5187 Quod
1268 5135 1369 5191 ego
1392 5119 1560 5174 ditavi
1586 5119 1890 5185 Abraham;
1915 5140 1932 5171 ›
1964 5129 2177 5176 tantum

596 5240 749 5294 cibos
795 5239 1067 5308 accipient
1109 5235 1202 5306 qui
1234 5234 1302 5288 ab
1341 5234 1409 5287 iis
1438 5247 1578 5303 quos
1621 5230 1868 5302 juverint
1913 5233 2176 5302 suppedi-

597 5341 800 5385 tantur.
817 5349 833 5380 ι
857 5330 1064 5398 Dignus
1086 5338 1168 5382 est
1184 5326 1332 5380 enim
1357 5324 1648 5396 operarius
1671 5324 1925 5377 mercede
1949 5339 2046 5378 sua
2072 5324 2170 5389 “,i

597 5432 655 5477 et
678 5421 745 5475 iis
770 5420 864 5490 qui
901 5420 1257 5489 Evangelium
1282 5418 1634 5482 annuntiant,
1663 5434 1728 5470 ex
1768 5416 2070 5488 Evangelio
2094 5417 2176 5470 vi-

596 5528 727 5568 vere
750 5509 1374 5582 pmcepitChristus".
1425 5509 1698 5565 Faederati
1753 5516 1930 5562 tamen
1988 5518 2176 5578 partes

598 5605 894 5669 accipiunt,
923 5612 1213 5673 propterea
1235 5602 1402 5664 quod,
1435 5601 1724 5665 utoninor,
1761 5599 1815 5652 in
1843 5599 1909 5653 iis
1953 5615 2174 5670 quoque

666 5739 714 5770 δ’
743 5736 880 5793 Gen.
912 5753 1022 5801 XIV,
1057 5736 1141 5790 17.
1220 5737 1265 5768 ⁸ο
1293 5737 1435 5791 Psal.
1470 5753 1616 5803 cxm,
1647 5737 1735 5791 24.
1809 5739 1851 5769 ⁵⁸
1888 5737 2021 5792 Luc.
2053 5753 2106 5804 x,
2150 5737 2202 5791 7.

668 5870 746 5949 (1)
779 5870 914 5929 Cod.
945 5872 1144 5942 Vatic.,
1177 5871 1341 5929 ἑώλου
1367 5873 1638 5957 λατρείας.

2277 4688 2474 4752 κότων,
2512 4687 2608 4739 καὶ
2649 4687 2761 4746 τοῖς
2795 4683 3133 4752 συνωμόταις
3167 4681 3362 4753 μερίδα
3399 4666 3832 4751 Ἑσχὼλ,Ἀύνᾶν,

2278 4778 2372 4832 καὶ
2407 4776 2675 4848 Μαμϐρῆ.
2723 4774 3100 4845 Πολεμοῦντες
3140 4771 3250 4844 γὰρ
3294 4771 3390 4825 καὶ
3427 4771 3831 4842 ὑπεραθλοῦντες

2276 4869 2540 4940 γεννικῶς
2586 4868 2727 4938 ὑπὲρ
2767 4867 2866 4936 τῆς
2907 4865 3014 4918 τῶν
3054 4864 3410 4920 ἀπολωλότων
3457 4863 3761 4935 ἐλευθερίας
3791 4862 3829 4913 ot

2277 4961 2457 5029 ἅγιοι,
2507 4959 2600 5012 καὶ
2657 4959 2834 5012 πάντα
2881 4957 3042 5010 πόνον
3107 4957 3500 5020 είσϐαίνοντες,
3555 4957 3700 5010 οὐδὲν
3745 4954 3830 5008 ἀπὸ

2278 5055 2482 5124 κόσμου
2525 5053 2898 5123 λαμϐάνουσιν
2921 5092 2936 5117 ,
2963 5050 3088 5104 οὕτε
3121 5051 3225 5121 μὴν
3259 5051 3351 5104 τὸν
3396 5050 3638 5117 ἐπίγειον
3669 5047 3828 5101 συλλέ·

2277 5161 2436 5214 γουσι
2478 5143 2738 5206 πλοῦτον,
2775 5141 3207 5214 παραιτούμενοι
3248 5141 3455 5213 σφόδρα
3485 5142 3575 5194 τὸν
3605 5139 3826 5194 ἐντεῦθεν

2277 5237 2595 5306 ὀνειδισμόν·
2622 5254 2640 5285 ι
2669 5235 2782 5289 Ἵνα
2807 5235 2882 5306 μὴ
2907 5235 3117 5307 cinge,»
3141 5235 3324 5305 φησιν,
3348 5253 3366 5284 ι
3391 5235 3473 5287 ὅτι
3507 5233 3645 5300 Ἐγὼ
3666 5230 3828 5286 ἐπλού-

2277 5345 2400 5380 τισα
2427 5327 2519 5380 τὸν
2562 5327 2828 5397 Ἀϐραάμ·
2883 5346 2900 5378 ι
2934 5327 3072 5397 πλὴν
3117 5327 3201 5379 ὅτι
3248 5327 3415 5396 μόνας
3441 5326 3679 5396 δέχονται
3720 5339 3824 5393 τρο·

2280 5417 2407 5486 φὰς,
2429 5418 2530 5481 τὰς
2557 5419 2620 5471 ἐκ
2651 5417 2759 5470 τῶν
2790 5417 3202 5488 ὠφελουμένων.
3243 5436 3260 5468 ι
3295 5418 3478 5484 Ἄξιος
3505 5418 3612 5487 γὰρ
3635 5418 3661 5468 ό
3687 5413 3825 5482 ἐργά-

2279 5527 2377 5578 της
2427 5508 2522 5561 τοῦ
2579 5509 2773 5580 μισθοῦ
2828 5509 3014 5564 αὑτοῦ·
3075 5529 3092 5560 ι
3140 5509 3235 5563 καὶ
3274 5513 3387 5573 τοῖς
3416 5510 3478 5562 τὸ
3524 5507 3823 5576 Εὑαγγέλιον

2279 5601 2740 5670 καταγγέλλουσιν
2791 5603 2855 5656 ἐκ
2884 5601 2977 5655 τοῦ
3017 5601 3350 5672 Εὐαγγελίου
3397 5601 3496 5672 ζῇν
3544 5597 3824 5654 ὲκέλευενό

2279 5738 2326 5770 ⁸³
2353 5737 2373 5792 Ι
2403 5735 2530 5794 Cor.
2560 5753 2634 5805 ιχ,
2667 5738 2755 5793 l4.
