4076 6506
221 384 307 439 ἔΞῚ
868 380 956 434 DE
994 378 1437 435 ADORATIONE
1476 380 1544 433 IN
1585 379 1856 435 SPIRITU
1899 380 1986 435 ET
2026 382 2395 438 VERITATE.
2438 384 2565 437 LIB.
2611 384 2696 438 IV.
2866 394 2873 395 '
3326 385 3428 438 558

222 492 437 563 χριστός,
489 493 557 544 υτ
586 508 649 561 γε
702 492 808 563 μὴν
867 494 1173 564 συνωμόται
1223 493 1467 563 δέχονται
1515 491 1753 563 μερίδας,
1786 498 1832 550 Α

1818 517 1833 550 t
1864 492 2031 547 rebus
2062 510 2183 562 quas
2216 494 2283 549 ad
2307 503 2631 564 praesentem
2670 495 2837 549 vitam
2881 496 3181 564 pertinent,
3210 504 3428 549 sancto-

218 582 529 649 εὑλογοῦντος
569 576 722 651 οἶμαί
755 594 856 633 που
889 581 1055 643 Θεοῦ,
1103 581 1196 633 καὶ
1233 582 1290 632 ἐν
1318 583 1430 643 τοῖς
1463 580 1603 632 κατὰ
1632 578 1753 631 τόν-

1857 597 1978 635 rum
2017 585 2263 637 virorum
2301 587 2650 641 aemulatores
2696 592 2860 655 atque
2908 587 3211 641 imitatores
3266 587 3434 640 bene-

217 673 261 723 δε
298 670 375 722 τὸν
412 669 517 738 βίον
558 668 848 739 πράγμασι
890 670 1015 732 τοὺς
1058 669 1165 722 τῶν
1206 670 1377 737 ἁγίων
1419 669 1751 739 συζηλωτάς

1857 672 1990 726 dicit
2014 674 2158 727 Deus
2182 693 2193 726 :
2219 675 2499 728 abundant
2524 676 2670 730 enim
2704 676 2811 730 illis
2836 676 3000 742 bona,
3030 692 3131 747 pro
3172 692 3283 730 suae
3304 690 3433 730 con-

217 761 467 825 πλεονάζει
501 761 611 830 γὰρ
633 761 819 824 αὐτοῖς
849 762 913 812 ἐκ
939 758 1155 823 δικαίας
1174 759 1294 813 ὀδοῦ
1320 760 1647 833 συμμέτρως
1685 760 1755 813 τὰ

1855 763 2079 818 ditionis
2106 766 2266 820 modo
2308 768 2457 837 justa
2496 768 2709 822 ratione
2736 768 2931 839 viaque
2958 778 3147 837 parta;
3195 781 3432 836 namque

212 856 342 906 θντιο
382 855 485 914 τοῖς
519 851 627 922 γὰρ
672 850 822 904 οὔπω
862 851 1140 913 παντελῶς
1178 852 1287 903 τῶν
1333 852 1588 920 ἐπιγείων
1622 851 1755 903 ἀπο-

1855 855 1922 910 iis
1947 856 2041 926 qui
2080 858 2319 911 nondum
2347 858 2586 928 perfecte
2627 876 2657 914 a
2708 862 2943 915 terrenis
2966 862 3131 916 rebus
3157 862 3432 915 abscesse—

217 948 506 1014 φοιτήσασι·,
554 943 976 1013 μεμερισμένοις
1027 942 1084 995 δὲ
1132 941 1321 1012 ὥσπερ
1378 942 1497 1013 Θεῷ
1552 959 1610 994 τε
1662 942 1755 995 καὶ

1854 957 2005 1013 runt,
2046 960 2102 1004 et
2144 951 2256 1004 Deo
2300 967 2363 1004 ac
2393 953 2599 1006 mundo
2642 954 2803 1007 divisi
2852 953 3255 1023 quodammodo
3280 962 3428 1017 sunt,

214 1037 404 1106 κόσμῳ,
444 1036 538 1087 καὶ
581 1035 681 1097 τὰς
736 1035 828 1086 ἐπὶ
872 1035 975 1102 γῆς
1018 1034 1267 1099 εὐλογίας
1314 1033 1553 1103 διανέμει
1599 1033 1751 1095 Θεός.

1854 1041 2016 1094 etiam
2042 1050 2293 1096 terrenas
2317 1043 2731 1099 benedictiones
2756 1045 2948 1099 tribuit
2980 1046 3141 1100 Deus.
3191 1044 3282 1099 Sic
3332 1044 3429 1099 be-

214 1127 375 1189 Οὖτως
417 1126 638 1196 ηὐλόγει
687 1124 778 1179 τὸν
841 1124 1056 1189 Ἰακὼϐ,
1115 1127 1194 1189 εἰς
1246 1126 1446 1197 πλῆθος
1497 1125 1643 1194 ἄγων
1688 1125 1755 1179 τὰ

1894 1136 2064 1191 edixit
2092 1138 2259 1193 Jacob
2286 1155 2411 1193 cum
2441 1140 2559 1211 ejus
2583 1156 2779 1211 pecora
2821 1140 3207 1210 multiplicavit
3232 1139 3302 1194 ⁸³.

213 1218 497 1289 θρέμματα.

269 1310 458 1362 ΠΑΛΛ.
490 1303 564 1362 Εὖ
601 1307 803 1377 λέγεις.

1930 1311 2127 1366 PALL.
2164 1314 2330 1369 Recte
2354 1314 2452 1367 ais.

267 1401 416 1454 ΚΥΡ.
465 1398 830 1470 Εὺδοκιμοῦσι
874 1398 930 1451 δὲ
963 1397 1164 1465 οὕτως,
1200 1400 1294 1453 καὶ
1331 1397 1753 1470 λελαμπρυσμέ-

1926 1406 2082 1459 CYR.
2109 1406 2227 1461 Jam
2266 1423 2417 1473 vero,
2456 1415 2604 1461 tanta
2628 1406 2811 1472 laude,
2836 1417 3095 1478 tantoque
3142 1407 3430 1478 splendore

211 1509 320 1557 νοις,
348 1492 420 1554 ὼς
452 1491 551 1561 ἤδη
569 1491 833 1562 γνησίοις,
867 1490 929 1543 τὸ
984 1492 1120 1561 μήτε
1165 1491 1357 1561 χρῆναι
1406 1493 1755 1561 καταναρκᾷν

1855 1506 2188 1564 comparato,
2231 1505 2490 1566 tanquam
2518 1497 2794 1567 germanis
2830 1499 2942 1567 jam
2989 1496 3102 1551 suis
3127 1495 3432 1551 cultoribus

210 1598 351 1653 φησιν
396 1582 424 1634 ὁ
457 1580 654 1645 σώζειν
696 1580 883 1644 εἰδὼς,
933 1583 1027 1634 καὶ
1072 1582 1175 1651 μὴν
1219 1582 1299 1634 ὅτι
1334 1581 1427 1633 και
1466 1580 1752 1652 ἀμφιλαφῆ

1856 1585 2001 1639 haud
2038 1588 2459 1656 torpescendum
2494 1603 2612 1643 esse
2638 1587 2817 1657 inquit
2865 1588 2954 1641 ille
2988 1588 3181 1642 salutis
3202 1595 3427 1651 auctor;

208 1675 500 1743 κομιοῦνται
575 1673 803 1744 μισθὸν,
868 1675 1157 1745 χρησίμως
1223 1674 1751 1742 κατεπαγγέλλεται·

1855 1676 1971 1731 fore
1987 1677 2149 1731 etiam
2173 1686 2234 1731 ut
2258 1694 2366 1732 non
2389 1679 2563 1733 levem
2588 1679 2856 1747 recipiant
2874 1678 3205 1741 mercedem,
3232 1692 3433 1747 oppor-

206 1769 319 1840 ὁμοῦ
349 1769 407 1821 τὸ
456 1768 652 1823 ἄναλκί
701 1786 759 1821 τε
809 1770 903 1822 καὶ
950 1769 1384 1839 ἀποτολμότατον
1450 1768 1623 1831 πάθος
1680 1768 1756 1831 ὡς

1856 1777 1988 1824 tune
2038 1770 2330 1839 pollicetur
2360 1788 2373 1823 :
2399 1771 2455 1824 in
2493 1786 2602 1841 quo
2658 1771 2821 1825 simul
2868 1769 3105 1824 imbellis
3140 1770 3431 1840 ignavique

205 1861 452 1915 ἀπωτάτω
476 1861 653 1924 τιθεὶς
680 1862 779 1931 τῆς
810 1862 920 1914 τῶν
956 1846 1307 1932 φοῦουμένων
1341 1862 1504 1915 αὑτὸν
1533 1861 1753 1931 ἀγέλης,
1790 1846 1815 1899 ε

1821 1849 1831 1896 ί
1860 1860 2026 1914 animi
2065 1861 2324 1915 aﬁ‘ectum
2364 1877 2392 1915 a
2420 1876 2582 1931 grege
2613 1860 2919 1915 timentium
2946 1874 3002 1915 se
3026 1875 3189 1929 quam
3222 1858 3431 1929 longis-

205 1954 283 2007 καὶ
325 1952 497 2005 ἐλπίδι
542 1953 651 2005 τῶν
684 1951 1113 2023 ἐπηγγελμένων
1146 1953 1472 2025 καταθήγων
1503 1955 1581 2019 είς
1618 1971 1755 2026 προ-

1859 1953 1994 2007 sime
2020 1953 2253 2023 repellit,
2289 1960 2343 2008 et
2365 1969 2459 2022 spe
2489 1969 2673 2007 rerum
2703 1968 2837 2022 quas
2872 1952 3184 2022 pollicetur,
3210 1951 3278 2005 ad
3314 1951 3435 2005 ani-

204 2045 405 2115 θυμίας,
436 2043 533 2097 καὶ
577 2044 839 2107 καθιστὰς
888 2046 1418 2116 ἐρρωμενεστέρους.
1468 2048 1755 2119 Τοιγάρτοι

1858 2043 1933 2097 mi
1971 2043 2305 2109 alacritatem
2346 2043 2581 2107 exacuit,
2607 2051 2662 2097 et
2688 2043 2944 2098 fortiores
2966 2042 3130 2098 eIIicit
3156 2060 3169 2095 :
3197 2042 3431 2112 ideoque

203 2138 281 2190 καὶ
313 2140 338 2191 6
382 2137 671 2200 θεσπέσιος
703 2137 942 2201 Παῦλος,
983 2137 1125 2190 οὕτω
1171 2139 1461 2202 διατιθεὶς,
1493 2139 1620 2191 ποτὲ
1658 2139 1758 2208 μὲν

1859 2134 2024 2188 etiam
2071 2135 2267 2190 beatus
2312 2136 2535 2199 Paulus,
2565 2136 2694 2205 quia
2735 2135 2813 2189 sic
2833 2135 3066 2189 aﬁ'eclus
3107 2141 3245 2199 erat,
3288 2149 3430 2189 non-

204 2228 401 2296 εφασκε·
434 2247 451 2279 ι
491 2230 681 2282 Πάντα
720 2228 888 2298 ἰσχύω
935 2232 992 2282 ἐν
1034 2230 1111 2301 τῷ
1156 2231 1479 2301 δυναμοῦντί
1512 2250 1577 2301 με
1624 2234 1758 2302 Χρι-

1858 2241 2137 2294 nunquam
2163 2226 2277 2279 ait:
2316 2245 2333 2276 ‹
2356 2225 2549 2281 Omnia
2590 2242 2812 2296 possum
2845 2227 2901 2280 in
2933 2242 2998 2281 eo
3038 2227 3131 2295 qui
3184 2241 3270 2281 me
3296 2242 3430 2282 eon-

205 2319 311 2390 στῷο
346 2340 363 2373 ι
400 2321 534 2375 ποτέ
564 2321 619 2372 δὲ
667 2316 755 2374 αὖ·
792 2339 809 2371 ι
853 2322 955 2375 Τὸν
985 2321 1181 2392 δρόμον
1222 2324 1505 2389 τετέλεκα,
1540 2324 1637 2395 τὴν
1666 2325 1756 2377 πί-

1858 2315 2044 2381 fortat,
2102 2316 2323 2372 Christo
2349 2318 2433 2370 ’δε
2468 2338 2485 2369 ›
2539 2318 2833 2387 aliquando
2888 2334 3123 2373 rursus:
3158 2337 3174 2368 ι
3196 2318 3431 2373 Cursum

204 2426 303 2462 στιν
336 2412 640 2482 τετήρηκα·
693 2410 879 2463 λοιπὸν
907 2412 1195 2465 ἀπόκειταί
1228 2430 1316 2483 μοι
1357 2414 1385 2465 ὁ
1417 2414 1513 2485 τῆς
1556 2415 1758 2466 δικαιο-

1858 2410 2254 2473 consummavi,
2286 2409 2447 2464 ﬁdem
2484 2411 2732 2475 servavi;
2761 2411 2817 2464 in
2852 2410 3065 2480 reliquo
3087 2411 3325 2479 reposita
3348 2416 3433 2465 est

206 2503 347 2573 σύνης
394 2504 684 2572 στέφανος.
746 2524 763 2555 ι
810 2504 1094 2574 Ἀσχάλλει
1139 2506 1195 2557 δὲ
1236 2505 1355 2560 λίαν
1399 2507 1426 2557 6
1472 2506 1757 2569 θεσπέσιος

1858 2499 1993 2552 mihi
2020 2516 2223 2554 corona
2258 2502 2487 2570 justitize
2510 2502 2575 2555 ⁸⁸.
2613 2522 2629 2551 ›
2658 2500 2822 2572 ASgre
2852 2502 2960 2557 fert
2979 2510 3163 2556 autem
3194 2503 3430 2557 maxime

213 2594 467 2666 Ἀϐραὰμ,
496 2596 597 2647 καὶ
654 2596 768 2647 υἱὸν
814 2595 951 2664 έχων
998 2595 1270 2663 οἰκογενῆ,
1308 2596 1607 2665 δυσθυμίας
1658 2598 1757 2649 οὐκ

1858 2588 2131 2644 Abraham
2176 2592 2322 2660 quod
2358 2591 2528 2645 ﬁlium
2567 2592 2797 2648 haberet
2822 2594 3201 2659 vernaculum,
3230 2604 3285 2648 et
3310 2594 3432 2649 ani-

202 2688 411 2757 ὰμοιρεῖ.
458 2687 529 2739 Τί
582 2686 688 2757 γάρ
757 2704 846 2756 μοι
909 2685 1137 2757 δώσεις,
1185 2689 1376 2757 φησὶν,
1429 2690 1477 2740 εί
1535 2690 1757 2751 ἄτεκνος

1861 2694 1952 2733 mo
1976 2680 2192 2750 angitur
2219 2700 2230 2733 :
2261 2680 2401 2747 Quid
2424 2681 2593 2745 enim,
2621 2680 2819 2751 inquit,
2854 2681 2988 2735 mihi
3022 2682 3197 2745 dabis,
3230 2681 3276 2735 si
3314 2681 3432 2736 sine

201 2778 514 2850 ἁπολύομαι;
546 2779 641 2832 καὶ
685 2778 943 2840 ἀπαιδίας
979 2751 1170 2848 ἐν’ίσῳ
1219 2782 1452 2832 ποιεῖται
1506 2781 1566 2833 τὸ
1598 2781 1749 2835 νόθον

1856 2772 2045 2826 liberis
2101 2773 2348 2826 dimittor
2387 2774 2489 2826 '5'?
2531 2774 2873 2842 nothumque
2921 2773 3123 2827 habere
3172 2772 3432 2839 fructum,

200 2869 321 2939 ἔχειν
348 2871 587 2942 καρπόν,
630 2867 763 2924 Εἶτα
790 2871 922 2935 Θεὸς
961 2871 1353 2938 ἐπαγγέλλεται
1390 2871 1479 2923 τὸν
1508 2873 1564 2939 ἐξ
1607 2874 1755 2926 ἐλευ-

1857 2864 2084 2932 perinde
2118 2865 2350 2918 aestimat
2381 2874 2543 2934 atque
2577 2867 2890 2921 orbitatem.
2928 2867 3135 2921 Deinde
3180 2868 3324 2923 Deus
3360 2884 3429 2924 ex

200 2958 341 3029 Θέρας
370 2960 480 3013 υἱὸν
504 3002 524 3025 ,
555 2960 803 3012 τουτέστι
834 2960 925 3012 τὸν
966 2960 1150 3013 Ἰσαὰκ
1170 2999 1186 3022 ,
1219 2962 1312 3026 καὶ
1345 2960 1562 3014 ἔσεσθαί
1594 2981 1756 3034 φησιν

1860 2958 2032 3011 libera
2089 2956 2204 3011 fore
2254 2958 2333 3011 illi
2368 2958 2560 3023 ﬁlium,
2591 2960 2644 3014 id
2684 2969 2769 3014 est
2810 2961 2979 3025 Isaac,
3022 2961 3329 3029 pollicetur,
3375 2962 3432 3017 in

198 3052 337 3104 αὑτὸν
363 3054 418 3105 ἐν
459 3052 662 3120 ἐκείνῳ
702 3052 915 3121 πατέρα
944 3051 1155 3103 πολλῶν
1201 3051 1402 3115 ἐθνῶν,
1443 3053 1584 3116 ἕξειν
1613 3055 1669 3107 δὲ
1697 3055 1755 3108 τὸ

1859 3063 2037 3117 eoque
2062 3055 2271 3116 patrem
2318 3063 2375 3102 se
2402 3047 2520 3103 fore
2558 3050 2852 3104 multarum
2898 3052 3164 3121 gentium,
3212 3052 3431 3107 habitu-

200 3144 397 3216 σπέρμα
431 3142 626 3207 καθὼς
668 3142 736 3195 τὰ
770 3142 945 3213 ἄστρα
978 3142 1070 3194 τοῦ
1120 3143 1370 3212 οὐρανοῦ·
1418 3144 1602 3197 ἐλύπει
1648 3146 1755 3217 γὰρ
1784 3178 1810 3230 ί

1822 3210 1824 3223 _
1858 3155 2091 3208 rumque
2132 3154 2320 3193 semen
2349 3139 2492 3193 sicut
2546 3149 2695 3194 astra
2740 3141 2900 3196 cceli:
2933 3142 3159 3196 moleste
3198 3158 3432 3213 namque

198 3234 299 3287 λίαν
339 3238 460 3300 τοὺς
495 3236 695 3304 ἁγίους
738 3235 1103 3297 ἀποστόλους,
1134 3233 1194 3285 τὸ
1235 3233 1424 3306 ῶσπερ
1463 3237 1569 3288 ἀπό
1612 3255 1755 3301 τινος

1860 3231 2109 3285 ferebant
2131 3231 2302 3285 sancti
2335 3232 2565 3301 apostoli
2590 3232 2735 3301 quod
2762 3234 2913 3286 velut
2956 3248 3025 3287 ex
3073 3235 3268 3288 ancilla
3292 3250 3430 3305 qua-

198 3324 396 3398 δούλης,
425 3329 531 3398 τῆς
567 3327 715 3381 κατὰ
747 3327 910 3397 νόμον
947 3327 1221 3397 λατρείας,
1255 3327 1406 3379 νόθον
1444 3328 1587 3397 ἔχειν
1616 3348 1752 3401 καρ-

1860 3323 2010 3384 dam,
2041 3338 2107 3375 ex
2131 3322 2278 3377 cultu
2314 3337 2510 3392 nempe
2537 3323 2717 3393 legali,
2743 3325 2974 3378 nothum
3014 3325 3287 3380 haberent
3314 3325 3431 3379 fru-

199 3420 298 3473 πόν.
324 3420 579 3491 Ἐζήτουν
602 3420 660 3472 δὲ
686 3419 885 3490 μᾶλλον
906 3419 997 3471 τὸν
1021 3422 1085 3472 ἐκ
1111 3420 1209 3488 τῆς
1239 3419 1568 3491 ἐλευθερίας,
1599 3440 1752 3475 τουτ-

1860 3422 2040 3480 etum;
2079 3421 2242 3482 atque
2277 3428 2345 3467 ex
2371 3414 2545 3468 libera
2568 3415 2772 3484 potius,
2826 3416 2879 3470 id
2910 3424 3014 3480 est,
3041 3432 3108 3471 ex
3158 3416 3309 3471 Novo
3331 3417 3434 3472 'I‘e-

198 3511 320 3575 έστι,
362 3512 451 3564 τὸν
482 3514 548 3565 ἐκ
594 3512 695 3579 τῆς
725 3511 931 3579 Καινῆς
983 3510 1274 3581 Διαθήκης.
1318 3507 1484 3576 Οὗτος
1532 3514 1587 3566 δὲ
1628 3510 1694 3584 ἦν
1726 3517 1754 3568 6

1859 3512 2149 3570 stamento,
2176 3504 2351 3558 ﬁlium
2373 3506 2746 3575 expetebant:
2781 3506 2827 3560 is
2869 3516 3052 3561 autem
3101 3514 3220 3561 erat
3270 3506 3432 3562 Chri-

198 3603 425 3673 Χριστδς,
450 3597 511 3657 οὗ
541 3602 645 3657 καὶ
691 3605 770 3664 είς
799 3601 967 3655 τύπον
993 3605 1020 3655 ὁ
1064 3603 1245 3655 Ἰσαὰκ
1274 3606 1393 3656 κατ’
1423 3606 1752 3673 ἐπαγγελίαν

1860 3606 1995 3662 stus,
2038 3597 2093 3651 in
2117 3598 2272 3667 cujus
2297 3612 2517 3666 quoque
2542 3596 2713 3667 ﬁgura
2736 3597 2888 3651 Isaac
2931 3612 3031 3666 per
3057 3598 3434 3667 repromissio—

197 3696 389 3757 νοεῖται,
424 3694 519 3747 καὶ
543 3693 639 3745 διὰ
672 3692 924 3755 πίστεως.
964 3693 1072 3745 Καὶ
1101 3693 1231 3761 γοῦν
1259 3696 1286 3746 ὁ
1317 3696 1585 3766 μακάριος
1614 3697 1753 3750 Παῦ-

1858 3702 1983 3741 nem
2008 3694 2170 3755 atque
2197 3702 2296 3756 per
2321 3685 2483 3740 ﬁdem
2506 3694 2668 3742 natus
2694 3686 3042 3755 intelligitur.
3071 3687 3258 3757 Itaque
3299 3688 3432 3743 bea-

197 3783 287 3847 λος,
318 3788 438 3857 περὶ
480 3786 596 3839 τῶν
650 3787 706 3836 ἐν
751 3784 929 3855 ἐαυτῷ
972 3784 1135 3855 νόμου
1186 3785 1349 3854 φησὶν
1395 3786 1748 3857 αὐχημάτων,

1860 3784 1948 3830 tus
1972 3776 2176 3830 Paulus
2197 3776 2264 3830 de
2291 3776 2427 3846 legis
2473 3776 2830 3841 ornamentis,
2882 3792 3004 3846 quae
3049 3776 3153 3831 sibi
3194 3778 3429 3841 inerant,

201 3898 215 3929 ι
252 3880 430 3933 ’Δτινα
466 3875 537 3951 ἦν
591 3896 683 3949 μοι
712 3878 907 3949 κέρδη,
938 3877 1109 3930 ταῦτα
1136 3878 1348 3949 ἥγημαι
1386 3878 1471 3931 διὰ
1505 3879 1593 3932 τὸν
1620 3878 1753 3950 Χρις-

1858 3868 1962 3921 ait:
2004 3887 2021 3918 ι
2052 3867 2182 3934 Quae
2219 3868 2354 3922 mihi
2398 3876 2556 3923 erant
2607 3868 2782 3933 lucra,
2810 3869 2925 3923 haec
2960 3870 3262 3926 arbitratus
3308 3886 3431 3926 sum

198 3971 299 4024 στὸν
326 3972 549 4042 ζημίαν·
613 3970 750 4023 ἀλλὰ
785 3970 884 4039 μὲν
925 3965 1018 4023 οὖν
1055 3986 1119 4037 γε
1156 3970 1249 4023 καὶ
1287 3969 1524 4041 ἡγοῦμαι
1573 3973 1750 4025 πάντα

1858 3966 2083 4028 propter
2107 3957 2389 4013 Christum
2422 3960 2814 4014 detrimentum
2844 3978 2855 4012 :
2898 3976 3087 4014 verum
3122 3961 3289 4015 etiam
3317 3963 3434 4017 exi-

194 4060 371 4130 ζημίαν
416 4058 563 4116 εἶναι
617 4060 704 4114 διὰ
744 4063 805 4113 τὸ
838 4061 1102 4131 ὑπερέχον
1151 4061 1249 4131 τῆς
1281 4060 1533 4129 γνώσεως
1574 4064 1748 4133 Ἰησοῦ

1857 4052 2018 4106 stimo
2049 4052 2229 4105 omnia
2267 4052 2659 4106 detrimentum
2685 4068 2806 4107 esse
2828 4062 3055 4123 propter
3096 4052 3247 4125 14],
3298 4054 3435 4109 emi-

193 4151 399 4221 Χριστοῦ
432 4154 531 4208 τοῦ
580 4152 791 4223 Κυρίου
823 4152 999 4222 ἡμῶν,
1029 4152 1093 4204 δι’
1125 4151 1182 4205 ὂν
1209 4152 1276 4206 τὰ
1305 4154 1479 4207 πάντα
1508 4155 1750 4225 ἐζημιώ-

1858 4151 2078 4197 nentem
2106 4142 2390 4196 scientiam
2446 4142 2577 4197 .Iesu
2615 4141 2818 4196 Christi
2842 4143 3056 4197 Domini
3084 4144 3280 4209 nostri,
3305 4158 3434 4213 pro-

194 4240 410 4311 θην,κα”ί
441 4243 697 4316 ἡγοῦμαι
740 4242 981 4296 σκύϐαλα
1023 4237 1191 4306 εἶναι,
1243 4244 1327 4296 ἵνα
1356 4244 1591 4315 Χριστὸν
1626 4263 1752 4317 κερ-

1857 4239 1979 4301 pter
2003 4246 2166 4300 quem
2195 4232 2439 4285 omnium
2477 4232 2747 4301 jacturam
2778 4232 2902 4295 feci,
2934 4241 2990 4286 et
3015 4232 3257 4286 arbitror
3282 4240 3424 4286 ster-

190 4329 335 4401 δήσω,
354 4334 445 4387 καὶ
461 4332 683 4405 εὑρεθῶ
709 4334 766 4385 ἐν
790 4332 956 4403 αὐτῷ,
983 4334 1056 4405 μὴ
1075 4333 1211 4404 ἔχων
1226 4334 1364 4405 ἐμὴν
1384 4335 1747 4408 δικαιοσύνην,

1858 4336 1984 4375 cora
2006 4337 2150 4385 esse,
2183 4333 2243 4376 ut
2271 4322 2556 4378 Christum
2602 4323 2964 4389 lucrifaciam,
2998 4331 3054 4378 et
3098 4324 3350 4378 inveniar
3373 4325 3428 4380 in

190 4421 273 4489 τὴν
292 4422 372 4476 διὰ
395 4427 605 4494 νόμου,
658 4422 795 4475 ἀλλὰ
839 4424 937 4494 τὴν
989 4425 1076 4477 διὰ
1122 4426 1357 4488 πίστεως
1414 4426 1587 4497 Ἰησοῦ
1614 4428 1749 4498 Χρι-

1859 4415 1980 4483 ipso
2018 4430 2129 4468 non
2154 4415 2363 4469 habens
2395 4431 2570 4469 meam
2612 4415 2903 4485 justitiam,
2949 4431 3071 4485 quae
3114 4416 3428 4492 perlegcm

192 4512 317 4565 στοῦ.
366 4533 385 4566 ι
432 4516 522 4570 Ἐν
554 4514 786 4585 Χριστῷ
825 4515 932 4584 γὰρ
963 4516 1218 4584 γεγόνασι
1268 4517 1503 4587 πατέρες
1542 4519 1752 4572 πολλῶν
1782 4525 1802 4581 Ι

1817 4534 1827 4574 ,
1855 4512 1939 4559 est
1961 4544 1976 4569 ,
2004 4505 2097 4558 sed
2120 4520 2240 4573 quae
2272 4521 2340 4559 ex
2366 4505 2473 4560 ﬁde
2499 4515 2582 4561 est
2607 4507 2736 4561 Jesu
2766 4506 2968 4561 Christi
3010 4508 3076 4561 ".
3109 4527 3127 4559 ι
3158 4508 3219 4562 In
3264 4508 3427 4565 Chri-

189 4603 335 4656 ἐθνῶν
390 4608 487 4660 καὶ
517 4606 902 4677 ἀναριθμήτου
949 4608 1279 4679 σπέρματος,
1330 4610 1581 4680 καθάπερ
1612 4612 1749 4682 ἁμέ-

1854 4603 1953 4663 sto;
1974 4611 2209 4665 namque
2245 4605 2429 4666 patres
2473 4599 2771 4652 multarum
2813 4598 3057 4668 gentium
3100 4607 3158 4654 et
3203 4602 3430 4657 seminis

186 4694 254 4748 λει
293 4700 383 4752 καὶ
448 4698 713 4771 ’Δὸραὰμ
763 4700 821 4751 ἐν
878 4700 1081 4753 Ἰσαάκ.
1142 4700 1507 4774 Ἀναθήσομεν
1550 4703 1606 4756 δὲ
1658 4705 1747 4757 τὸν

1854 4686 2288 4752 innumerabilis,
2317 4694 2376 4741 ut
2398 4687 2671 4743 Abraham
2698 4690 2752 4743 in
2779 4690 2927 4745 Isaac
2940 4691 3069 4746 facti
3097 4701 3241 4747 sunt.
3271 4694 3426 4759 Quod

189 4787 267 4840 ἐπὶ
298 4790 433 4860 τῷδε
470 4793 658 4861 λόγον,
697 4792 817 4862 οὐχὶ
870 4791 932 4862 δὴ
979 4794 1159 4863 μόνοις
1200 4796 1311 4859 τοῖς
1359 4796 1527 4849 πάλαι
1554 4813 1612 4848 τε
1656 4798 1749 4850 καὶ

1855 4784 2037 4830 autem
2067 4777 2170 4831 hac
2195 4777 2261 4831 de
2302 4794 2362 4833 re
2389 4778 2597 4833 dictum
2626 4790 2711 4835 est
2736 4797 2765 4836 a
2791 4784 2969 4849 nobis,
2999 4784 3055 4838 id
3099 4801 3210 4839 non
3251 4788 3427 4840 solum

186 4880 342 4947 ἁγίοις
381 4886 745 4948 ἀποστόλοις,
792 4884 927 4937 ἀλλὰ
977 4885 1069 4937 καὶ
1113 4888 1224 4951 τοῖς
1264 4888 1381 4957 μετ’
1407 4889 1650 4951 ἐκείνους
1686 4890 1746 4942 τὸ

1854 4868 2049 4937 priscis
2071 4870 2178 4946 illis
2198 4870 2333 4925 viris
2357 4886 2421 4924 ac
2448 4874 2651 4929 sanctis
2672 4877 2934 4944 apostolis
2961 4877 3290 4940 tribuemus,
3328 4879 3423 4931 sed

188 4971 714 5043 ἱεροῦσθαιλαχοῦσι,
744 4973 835 5027 καὶ
874 4974 1207 5044 Ἐκκλησιῶν
1238 4976 1580 5047 ἡγουμένοις,
1601 4976 1632 5048 ἢ
1654 4980 1747 5032 καὶ

1852 4961 1919 5015 ad
1943 4977 2036 5016 eos
2058 4978 2278 5032 quoque
2301 4964 2395 5033 qui
2412 4973 2536 5035 post
2560 4966 2682 5021 illos
2695 4970 3029 5025 sacerdotale
3047 4970 3423 5024 suntotlicium

183 5064 329 5116 παντί
348 5083 407 5117 τε
430 5066 627 5118 λοιπὸν
655 5065 788 5136 ὁσίῳ
823 5066 915 5119 καὶ
937 5066 1142 5135 ἀγαθῷ.

1851 5052 2051 5118 sortiti,
2078 5061 2135 5108 et
2183 5055 2440 5111 Ecclesia:
2475 5057 2645 5112 duces
2690 5061 2997 5125 constituti,
3028 5069 3123 5116 aut
3158 5061 3322 5115 etiam
3356 5062 3424 5115 ad

1852 5145 2104 5211 quemvis
2126 5154 2373 5201 sanctum
2406 5149 2751 5219 probumque
2774 5152 2955 5204 virum
2990 5151 3313 5208 referemus.

242 5326 281 5357 "
309 5327 505 5385 Cenes.
532 5345 661 5394 xxx,
686 5329 773 5384 51.
853 5330 1151 5401 “Philipp.
1192 5348 1262 5397 Iv,
1297 5332 1379 5386 Η.
1458 5333 1501 5365 ⁸⁸
1529 5334 1571 5388 Il
1594 5335 1828 5404 Tim.rv,
1865 5340 1915 5392 8.
1993 5340 2059 5371 ⁵⁸·
2087 5341 2283 5399 Cenes.
2316 5361 2401 5411 xv,
2427 5348 2478 5400 5.
2560 5348 2852 5418 "Philipp.
2896 5365 2973 5413 tu,
3009 5350 3123 5405 7-9.

161 5446 167 5474 ί
