4076 6524
664 377 771 432 359
1688 375 1745 428 3.
1795 374 2069 432 CYRILLI
2110 377 2579 433 ALEXANDRINI
2616 379 2930 435 ARCHIEP.
3753 405 3832 457 360

791 532 3818 586 _____________________________________‘

1285 717 1682 844 ΠΕΡΙ
1747 719 2090 846 ΤΗΣ
2167 722 2371 846 ΕΝ
2438 717 3314 852 ΠΝΕΥΜΑΤΙ

1896 977 2090 1064 ΚΑΙ
2162 982 2661 1069 ΑΛΗΘΕΙΑ

1091 1199 2315 1314 ΠΡΟΣΚΥΝΗΣΕΩΣ
2407 1201 2682 1312 ΚΑΙ
2774 1197 3500 1321 ΛΑΤΡΕΙΑΣ

1806 1449 2174 1538 ΛΟΓΟΣ
2248 1450 2798 1539 ΠΕΜΠΤΟΣ

2258 1645 2332 1656 .—

827 1847 1006 1964 DE
1103 1845 2030 1966 ADORATIONE
2129 1847 2311 1958 ET
2394 1845 2873 1964 CULTU
2955 1850 3102 1962 IN
3189 1846 3724 1966 SPIRITU

1833 2113 1998 2214 ET
2096 2107 2756 2213 VEBITATE

1779 2351 2148 2430 LIBER
2241 2354 2838 2446 QUINTUS.

905 2679 1062 2753 142
1089 2680 1162 2733 De
1186 2679 1495 2749 fortitudine
1516 2695 1631 2750 qua
1654 2680 1706 2732 in
1734 2677 1938 2733 Christo
1963 2690 2057 2731 est.
2277 2689 2324 2745 Α

1999 2690 2057 2731 st.
2277 2689 2324 2745 Α
2661 2675 2794 2744 Περὶ
2826 2674 3107 2766 ἀνδρείας
3130 2674 3241 2743 τῆς
3272 2675 3342 2729 ἐν
3372 2672 3609 2744 Χριστῷ.

739 2794 926 2850 Sancti
975 2793 1078 2847 viri
1134 2793 1322 2866 igitur,
1374 2791 1590 2845 tametsi
1661 2807 1761 2862 pro
1824 2791 2061 2846 aliorum
2142 2791 2244 2844 ho-

2241 2823 2244 2829 -
2420 2791 2626 2854 Σκοπὸς
2655 2785 2746 2843 οὖν
2779 2787 2992 2857 ἁγίοις,
3030 2787 3132 2840 κᾶν
3180 2789 3228 2839 εί
3281 2788 3382 2857 τῆς
3418 2787 3523 2840 τῶν
3545 2785 3700 2840 ἄλλων
3724 2783 3851 2852 ὑπερ·

665 2885 876 2940 minum
930 2884 1043 2938 vita
1098 2892 1311 2938 certant
1339 2923 1353 2946 ,
1390 2881 1444 2934 id
1492 2880 1593 2935 sibi
1639 2880 1982 2950 propositum
2019 2881 2244 2943 habent,

2349 2883 2559 2936 αθλοῖεν
2599 2880 2777 2949 ζωῆς,
2822 2873 2866 2931 ὦ
2915 2877 3208 2939 numam,
3267 2878 3430 2947 μηδὲν
3476 2875 3582 2929 τῶν
3622 2877 3672 2927 ὲν
3711 2873 3856 2942 κόσμῳ

667 2974 893 3038 Palladi,
920 2973 1065 3028 utad
1091 2974 1298 3027 nullam
1326 2987 1600 3040 rem,qu:e
1623 2970 1842 3039 quidem
1870 2971 1922 3023 in
1952 2970 2057 3024 hoc
2085 2985 2246 3022 mun-

2350 2969 2826 3043 προσοικειοῖωθαι
2874 2968 3068 3037 φιλεῖν·
3104 2964 3212 3019 εἶεν
3258 2967 3366 3038 γὰρ
3410 2966 3477 3020 ἂν
3501 2965 3632 3018 οὕτω
3666 2963 3792 3032 σοφοί
3815 2977 3856 3012 τι

665 3065 739 3120 do
763 3066 853 3130 sit,
879 3066 1122 3119 animum
1157 3065 1396 3135 adjicere
1427 3064 1631 3117 velint:
1667 3063 1739 3116 ita
1787 3062 1934 3117 enim
1974 3061 2250 3130 sapientes

2351 3063 2446 3116 καὶ
2479 3063 2697 3116 δυνατοὶ
2719 3100 2734 3124 ,
2759 3062 2852 3114 ml.
2896 3059 3105 3128 ἀγαθῆς
3132 3059 3348 3121 ἐλπίδος
3374 3057 3604 3128 ἔμπλεῳ,
3634 3056 3720 3109 καὶ
3741 3054 3862 3124 εὐμε-

665 3173 732 3214 ac
755 3165 1026 3228 potentes.
1055 3165 1111 3211 et
1139 3157 1360 3226 optimae
1383 3155 1498 3225 spei
1524 3154 1692 3224 pleni,
1728 3162 1784 3207 et
1807 3167 2044 3222 superna
2087 3150 2216 3204 beni
2233 3184 2250 3191 -

2351 3155 2518 3217 νείαις
2545 3157 2664 3217 ταῖς
2709 3153 2912 3208 ἄνωθεν
2960 3147 3018 3205 εὖ
3058 3151 3202 3221 μάλα
3243 3150 3648 3221 τετειχισμένοι,
3687 3147 3783 3208 καὶ.
3807 3143 3861 3204 ὡς

667 3249 876 3321 gnitate
910 3248 1110 3302 muniti
1143 3255 1327 3302 erunt.
1362 3245 1559 3315 Atque,
1595 3252 1657 3299 ut
1711 3251 1771 3296 tu
1811 3241 2033 3312 quidem
2082 3240 2246 3302 nosti,

2351 3240 2408 3298 εὖ
2436 3243 2544 3298 ίσθι
2584 3262 2686 3307 τοι,
2714 3243 2789 3314 μὴ
2812 3243 3011 3314 ἑτέρως
3046 3242 3187 3313 ἔχειν
3219 3241 3277 3294 τί)
3302 3245 3506 3312 χρῆμα,
3537 3234 3580 3293 ὧ
3602 3239 3707 3293 τᾶν.
3735 3237 3862 3290 Ἀνω-

667 3352 758 3392 res
798 3353 907 3390 non
933 3337 1095 3391 aliter
1127 3336 1332 3390 habere
1373 3351 1430 3390 se
1459 3343 1655 3404 potest.
1689 3334 1824 3388 Nam
1866 3333 1911 3386 si
1954 3329 2249 3386 mundanis

2351 3335 2516 3406 τέραν
2550 3334 2650 3404 μὲν
2708 3333 2818 3404 γὰρ
2857 3333 2967 3386 τῶν
3023 3333 3080 3385 ὲν
3134 3333 3327 3402 κόσμῳ
3393 3328 3762 3400 περισπασμῶν
3795 3323 3863 3377 καὶ

667 3427 1142 3491 distractionibus,
1173 3442 1235 3482 ac
1258 3426 1656 3496 temporalibus
1688 3425 2085 3494 cupiditatibus
2127 3421 2249 3483 ani:

2351 3425 2700 3499 προσκαὶρων
2726 3424 3028 3494 ἐπιθυμιῶν
3055 3424 3152 3493 τὴν
3176 3424 3418 3478 διάνοιαν
3456 3423 3678 3494 ἔχοντες,
3711 3419 3863 3471 εὐκατ-

668 3535 820 3573 mum
852 3520 1208 3574 excelsiorem
1239 3518 1556 3581 habuerint,
1581 3517 1832 3570 imbelles
1858 3516 2016 3584 plane
2063 3514 2251 3566 hostes

2349 3519 2670 3586 αγωνίστοις
2740 3517 2939 3587 κομιδῆ
3007 3515 3420 3586 περιτεύξονται
3485 3516 3592 3576 τοῖς
3665 3509 3863 3580 ἐχθροῖς,

668 3610 972 3675 offendent,
1007 3611 1346 3679 minimoque
1372 3611 1592 3680 negotio
1634 3609 1980 3663 adversarios
2029 3621 2251 3676 supera-

2356 3611 2702 3682 περιέσονταί
2735 3628 2792 3663 τε
2822 3611 2916 3664 καὶ
2957 3609 3100 3680 μάλα
3128 3609 3328 3679 ῥᾳδίως
3358 3607 3466 3660 τῶν
3495 3601 3866 3672 ἀνθεστηκότων,

667 3704 830 3767 bunt,
854 3702 966 3756 Deo
989 3703 1208 3756 illorum
1241 3702 1388 3756 vires
1411 3701 1765 3773 proﬂigante:
1797 3699 1880 3753 sin
1902 3698 2003 3768 ipsi
2031 3711 2250 3768 quoque

2352 3703 2838 3774 προκατασείοντος
2883 3702 2977 3755 τοῦ
3040 3700 3176 3753 Θεοῦ
3223 3699 3325 3770 τὴν
3384 3699 3602 3753 ἐκείνων
3648 3695 3867 3763 δύναμιν·

669 3792 967 3848 mundanis
995 3792 1288 3847 aﬂ'ectibus
1318 3793 1461 3862 capti
1501 3799 1687 3855 erunt,
1721 3799 1776 3844 et
1817 3788 2052 3844 terrenis
2093 3787 2250 3856 cupi-

2352 3797 2631 3858 ὲναλὸντες
2654 3795 2709 3848 δὲ
2740 3796 2832 3848 καὶ
2864 3795 3019 3848 αὐτοὶ
3049 3794 3247 3847 πάθεσι
3283 3795 3584 3864 κοσμικοϊς,
3613 3789 3696 3843 καὶ
3719 3785 3869 3858 γεωδι-

671 3884 937 3938 ditatibus
964 3884 1216 3949 involuti,
1262 3883 1422 3939 facile
1474 3883 1630 3954 143
1669 3882 2119 3953 persequentium
2173 3880 2252 3933 in-

2356 3889 2575 3959 στέραις
2607 3887 2926 3957 ἐπιθυμίαις
2955 3885 3338 3957 ὲνειλημμένοι
3361 3927 3375 3950 ,
3404 3884 3768 3954 εὐκατάτροχοι
3799 3877 3872 3947 μὲν

671 3975 1026 4032 cursionibus
1051 3976 1337 4046 patebunt,
1386 3984 1442 4029 et
1491 3976 1647 4029 nullo
1699 3973 1920 4043 negotio
1972 3985 2252 4041 expugna-
2355 3980 2544 4052 ὥσπερ
2585 3981 2680 4034 καὶ
2724 3979 3116 4033 εὐαλωτότατοι
3171 3978 3293 4030 λίαν
3351 3969 3870 4047 παρακείσονταιτότι

667 4068 897 4130 buntur,
925 4082 988 4120 ac
1014 4065 1301 4121 manifeste
1335 4066 1523 4120 divino
1546 4064 1804 4136 przesidio
1823 4062 2069 4134 spoliati,
2099 4062 2252 4115 velut

2285 4079 2326 4134 Β
2355 4075 2467 4135 τοῖς
2493 4071 2708 4124 διώκειν
2735 4071 2931 4135 αὐτοὺς
2957 4069 3274 4142 ᾑρημένοις,
3294 4069 3493 4140 γυμνοὶ
3513 4068 3569 4120 δὲ
3603 4067 3693 4136 τῆς
3712 4060 3873 4117 ἄνωθεν

670 4159 1016 4230 paratissima
1050 4159 1231 4229 praada
1257 4168 1421 4213 erunt
1454 4160 1707 4215 hostibus
1737 4160 2025 4232 prepositi.

2359 4161 2660 4230 ἀσφαλείας
2705 4161 3137 4230 ὲκδεδειγμένοι,
3171 4158 3318 4230 θήρα
3363 4177 3446 4222 τις
3486 4156 3665 4226 ὥσπερ
3705 4154 3871 4217 ἑτοιμο-

2354 4249 2489 4320 τάτη
2521 4251 2949 4320 παρακείσονται
2981 4253 3092 4313 τοῖς
3131 4250 3366 4322 ἐχθροῖς.

741 4337 938 4392 PALL.
977 4336 1086 4392 Sed
1138 4336 1413 4392 undenam
1473 4338 1589 4393 ιιωο
1624 4355 1746 4409 qua:
1791 4340 1975 4397 dixisti
2024 4344 2245 4413 probari

2425 4343 2630 4397 ΠΑΛΛ.
2665 4342 2774 4395 Καὶ
2805 4341 2887 4404 τίς
2932 4342 2996 4395 ἂν
3044 4342 3253 4410 γένοιτο
3281 4343 3394 4394 τῶν
3435 4340 3726 4414 εἰρημένων
3755 4337 3784 4408 ἠ
3812 4332 3876 4384 πέ-

670 4429 904 4498 possint,
939 4429 1098 4498 plane
1131 4431 1272 4484 scire
1303 4432 1487 4501 cupio.

2355 4449 2492 4497 στις,
2531 4433 2768 4502 ἐθέλοιμ’
2795 4432 2860 4486 ἂν
2884 4433 3079 4485 εἰδέναι
3119 4433 3324 4501 σαφῶς.

741 4519 897 4574 CYR.
939 4521 981 4574 E
1013 4522 1184 4576 sacris
1217 4521 1461 4586 Litteris,
1519 4540 1640 4593 qua:
1687 4525 1886 4595 priscis
1934 4526 2251 4582 hominibus

2423 4525 2587 4578 ΚΥΡ.
2627 4525 2698 4577 Τὸ
2725 4523 2966 4595 Γράμμα
3004 4524 3064 4577 τὸ
3090 4525 3252 4595 ἱερὸν,
3284 4525 3355 4578 τὰ
3377 4527 3490 4589 τοῖς
3521 4520 3749 4596 ἀρχαίοις
3773 4532 3877 4582 συμ-

674 4609 1024 4678 eontigerunt
1067 4609 1278 4663 utiliter
1314 4612 1784 4684 praedicantibus;
1829 4617 2078 4686 nunquid
2100 4619 2247 4672 enim

2353 4617 2624 4687 ϐεϐηκότα
2688 4618 2977 4687 χρησίμως
3025 4618 3418 4688 παραφωνοῦν.
3485 4612 3563 4670 Ἦ
3619 4615 3744 4688 γὰρ,
3791 4606 3880 4673 οὐχὶ

673 4714 785 4756 non
833 4699 902 4754 ad
934 4708 1178 4753 nostram
1218 4701 1651 4759 admonitionem
1690 4707 1780 4760 illa
1823 4709 2027 4777 scripta
2080 4709 2248 4766 fuisse

2353 4709 2487 4779 πρὸς
2519 4709 2802 4763 νουθεσίαν
2826 4709 2982 4780 ἡμῶν
3009 4710 3195 4762 ἐκεῖνα
3221 4710 3534 4782 γεγράφθαι
3569 4709 3658 4761 καὶ
3679 4707 3704 4758 ὁ
3724 4700 3879 4756 θεσπέ-

674 4793 870 4848 beatus
897 4807 1117 4863 quoque
1141 4793 1344 4847 Paulus
1375 4794 1454 4848 ait
1479 4792 1560 4846 "?

1260 4794 1344 4847 lus
1375 4794 1454 4848 ait
1479 4792 1560 4846 "?
2355 4819 2466 4865 σιος
2491 4803 2592 4872 ἔφη
2633 4802 2870 4867 Παῦλοςς

744 4885 942 4940 PALL.
991 4885 1223 4940 Fateor:
1263 4886 1611 4943 narrationes
1654 4891 1800 4944 enim
1852 4909 1973 4962 quae
2024 4909 2090 4947 ex
2143 4895 2250 4950 illis

2424 4897 2632 4949 ΠΑΛΛ.
2678 4895 2844 4966 Φημίο
2895 4896 3187 4966 ὲμποιήσει
3247 4894 3358 4966 γὰρ
3419 4894 3482 4947 οὐ
3530 4891 3745 4963 μετρίαν
3779 4884 3882 4953 ἡμῖν

674 4977 976 5049 Scripturis
999 4976 1376 5047 proferuntur,
1413 4995 1523 5034 non
1567 4981 1902 5036 mediocrem
1934 4985 2095 5039 nobis
2117 4987 2248 5056 {uti-

2351 4985 2448 5055 τὴν
2483 4985 2666 5057 ὄνησιν
2695 4987 2763 5040 τὰ
2789 4985 2846 5052 ἐξ
2874 4985 3058 5039 αὐτῶν
3086 4985 3411 5056 δηλούμενα.
3457 4983 3629 5038 Timet
3656 4979 3754 5050 γὰρ
3773 4971 3883 5046 ἦσαν

671 5071 882 5127 litatcm
911 5071 1168 5127 afferunt.
1199 5073 1309 5127 Illa:
1333 5073 1481 5127 enim
1507 5074 1715 5130 umbrae
1739 5083 1791 5130 et
1836 5075 2019 5148 ﬁgura:
2045 5080 2246 5134 verita-

1397 5073 1481 5126 iim
1507 5074 1715 5130 umbrae
1739 5083 1791 5130 et
1836 5075 2019 5148 ﬁgurae
2045 5080 2246 5134 verita-
2352 5077 2452 5146 τῆς
2473 5076 2727 5146 ἀληθείας
2752 5078 2806 5130 αἱ
2841 5077 3007 5132 σκιαί.

674 5163 747 5218 iis
776 5173 951 5218 erant.
2426 5168 2590 5222 ΚΥΡ.
2649 5167 2860 5221 Οὐκοῦν
2916 5167 3015 5239 ἥδη
3069 5166 3335 5238 λέγωμεν.
3391 5161 3885 5236 Διαπεραιωσὰμενοι

745 5254 903 5309 CYR.
975 5257 1094 5312 Jam
1159 5257 1328 5329 igitur
1391 5259 1576 5314 dicere
1647 5261 2048 5331 aggrediamur.
2110 5262 2247 5318 Cum

2355 5262 2466 5332 γὰρ
2500 5261 2590 5314 τὸν
2656 5260 2931 5330 Ἰορδάνην
2980 5260 3028 5312 οἱ
3077 5258 3137 5322 ἐξ
3185 5259 3433 5329 Ἰσραὴλ,
3479 5253 3796 5328 προσέὄαλον
3837 5246 3884 5312 τῇ

674 5345 934 5402 Israelita:
956 5347 1250 5404 Iordanem
1283 5353 1653 5422 traiecissent,
1685 5355 2006 5409 invaserunt
2053 5357 2247 5411 urbem

2284 5413 2320 5426 Α
2366 5352 2573 5426 Ἱεριχώ
2592 5369 2607 5382 ⁸
2635 5354 2728 5405 καὶ
2759 5352 2821 5421 δὴ
2861 5353 2954 5405 καὶ
2997 5350 3160 5415 θείοις
3188 5352 3448 5420 ἑπόμενοι
3478 5348 3731 5419 νεύμασιν
3758 5344 3888 5395 Exso-

672 5436 913 5502 Jericho,
941 5437 1248 5510 divinisque
1271 5413 1437 5511 jussis
1479 5443 1863 5513 obsequentes,
1887 5445 1952 5498 ad
2000 5460 2120 5498 eam
2155 5447 2252 5501 ob-
2280 5432 2282 5453 ¹

2280 5413 2322 5470 C
2355 5413 2594 5516 Napaeis;
2633 5413 2983 5508 ἐσπούδαζον,
3019 5443 3094 5505 ὼς
3143 5413 3346 5495 ⁷αὐτίδιοι
3379 5442 3445 5510 δὴ
3494 5413 3639 5511 μάλα
3681 5427 3889 5502 περιεσό-

675 5527 957 5582 sidendam
984 5531 1178 5584 intenti
1225 5543 1403 5598 erant,
1458 5543 1712 5604 tanquam
1759 5536 2048 5592 celerrime
2097 5538 2244 5592 illam

2359 5555 2530 5610 μενοι,
2565 5537 2656 5590 καὶ
2688 5538 3036 5606 αἱρήσοντες,
3073 5533 3166 5587 καὶ
3193 5534 3283 5586 τὸν
3305 5533 3547 5603 πολέμου
3577 5530 3731 5600 νόμον
3760 5521 3890 5588 ἔξηρ·

675 5621 1037 5690 expugnaturi
1064 5630 1228 5693 atque
1253 5627 1486 5695 capturi.
1537 5626 1780 5682 Aderant
1832 5628 1994 5698 igitur
2043 5630 2246 5684 milites

2352 5631 2576 5702 τημένοι
2624 5630 2879 5702 παρῆσαν
2925 5630 2972 5680 oi
3011 5627 3412 5700 μαχιμώτατοι.
3453 5625 3757 5695 Γέγραπται
3786 5612 3891 5682 γάρ·

747 5797 789 5828 ³⁷
818 5795 967 5852 ICor
1013 5800 1183 5864 v.11.
