3998 6558
122 452 209 509 581

818 450 905 504 DE
947 449 1390 507 ADORATIONE
1429 451 1496 506 ΙΝ
1539 449 1810 507 SPLRITU
1853 450 1941 506 ET
1982 449 2354 505 VERITATE.
2399 450 2527 503 LIB.
2572 451 2633 504 V.

3266 448 3372 506 36?.

122 571 191 624 ὅτι
234 588 251 620 ι
284 566 394 622 Καὶ
437 567 685 638 εἰσηλθεν
728 568 936 638 Ἰησοῦς
988 571 1017 623 ὁ
1064 568 1157 622 τοῦ
1200 568 1360 640 Ναυῆ
1403 568 1541 641 πρὸς
1566 570 1692 633 τοὺς

1814 570 1866 624 Id
1895 569 2246 653 pugnandum
2272 569 2565 639 aptissimi,
2589 570 2741 639 juxta
2776 567 3047 622 bellorum
3096 567 3243 639 leges
3286 569 3373 623 in"

124 664 317 734 ἱερεῖς,
360 661 456 714 καὶ
494 656 648 714 εἶπεν
692 660 876 724 αὐτοῖς
924 660 1117 729 λέγων’
1160 661 1575 731 Παραγγείλατε
1613 659 1693 730 τῷ

1814 664 2016 719 ίῐτιιριί.
2044 663 2322 733 Scriptum
2348 670 2434 718 est
2484 664 2670 716 enim:
2712 662 3042 732 «Ingressus
3082 668 3168 717 est
3212 661 3373 717 Jesus

123 751 227 821 λαῷ
255 751 558 823 περιελθεῖν
596 751 692 805 καὶ
730 751 1014 804 κυκλῶσαι
1048 752 1147 824 τὴν
1177 754 1353 816 πόλιν,
1378 754 1472 807 καὶ
1496 755 1546 807 οἱ
1586 754 1694 824 μά.

122 861 266 916 χιμοι
303 842 886 915 παραπορευέσθωσαν
936 844 1329 915 ὲνωπλισμένοι
1370 846 1550 900 ἔναντι
1585 848 1696 899 Κυ-

126 939 256 1009 ρίου.
297 957 315 987 ι
353 939 791 1008 ΙΙροστάττοντος
820 936 932 1008 γὰρ
962 938 1056 991 τοῦ
1082 939 1317 1009 Χριστοῦ
1342 939 1431 992 διὰ
1457 939 1557 1008 τῆς
1587 938 1696 992 τῶν

125 1030 433 1099 ἡγουμένων
468 1030 687 1100 φωνῆς,
724 1031 1279 1102 καταστρατευόμεθα
1321 1031 1430 1085 τῶν
1463 1030 1694 1102 ἐχθρῶν,

122 1125 174 1177 ού
224 1123 364 1193 πρὸς
411 1118 551 1193 αἷμα
600 1125 695 1177 καὶ
750 1124 930 1194 σάρκα
977 1123 1075 1193 τὴν
1130 1124 1311 1194 μάχην
1357 1124 1695 1195 αἱρούμενοι,

124 1214 253 1285 πρὸς
291 1216 467 1285 ἀρχάς
496 1216 555 1268 δὲ
587 1216 789 1285 μᾶλλον
820 1218 916 1268 καὶ
943 1216 1213 1281 ἐξουσίας,
1249 1217 1343 1269 καὶ
1381 1216 1472 1269 τὸν
1502 1219 1560 1269 ὲν
1587 1219 1698 1279 τοῖς

129 1306 306 1376 μέλεσι
354 1308 453 1375 τῆς
496 1309 696 1378 σαρκὸς
733 1309 1147 1378 τυραννήσαντα
1192 1309 1376 1378 νόμον.
1414 1310 1700 1378 -Ἐσόμεθα

125 1400 173 1450 δὲ
218 1399 346 1450 τότε
389 1401 484 1451 καί
532 1402 588 1451 ὲν
643 1399 764 1467 ὄψει
804 1400 974 1462 Θεοῦ,
1025 1401 1322 1471 παντευχίᾳ
1369 1401 1466 1471 μὲν
1512 1400 1700 1472 ὥσπερ

125 1493 516 1563 ἐνηρμοσμένοι
543 1496 609 1562 τῇ
652 1491 771 1563 θείᾳ
798 1510 857 1545 τε
886 1494 981 1546 καὶ
1010 1497 1197 1564 νοητῇ.
1259 1493 1362 1565 (Τά
1418 1494 1526 1564 γὰρ
1562 1493 1702 1546 ὅπλα

123 1585 273 1654 ἡμῶν
321 1586 382 1636 οὑ
448 1586 701 1655 σαρκικὰ,
745 1586 885 1639 κατά
941 1586 1039 1657 τὴν
1078 1586 1171 1640 τοῦ
1218 1586 1433 1640 Παύλου
1474 1586 1700 1657 φωνὴν),

123 1682 225 1743 τοῖς
241 1680 299 1733 δὲ
324 1680 428 1750 τῆς
444 1680 789 1751 δικαιοσύνης
812 1682 952 1752 αὑχή
963 1699 1127 1751 μασιν
1153 1681 1473 1750 ἐκπρεπεῖς.
1503 1678 1706 1748 Ἐφορᾷ

122 1771 178 1840 δὴ
205 1766 303 1823 οὖν
330 1771 462 1834 τοὺς
499 1771 921 1841 μαχιμωτάτους
948 1773 977 1823 ὁ
1003 1770 1221 1823 πάντων
1254 1769 1526 1838 Δεσπότης
1550 1766 1702 1832 Θεὸς,

121 1863 181 1912 τὰ
221 1860 456 1932 λαμπρά
502 1862 600 1930 τῆς
650 1859 994 1930 δικαιοσύνης
1038 1860 1208 1928 σκεύη
1258 1858 1703 1930 περικειμένους,

122 1951 262 2005 τοῦτ’
289 1952 433 2016 ἐστι,
476 1953 538 2006 τὸ
569 1952 645 2015 ὡς
682 1952 913 2006 ἐνώπιον
948 1951 1188 2023 Χριστοῦ
1220 1949 1703 2022 παραπορεύεσθαι

120 2046 240 2108 τοὺς
295 2045 567 2116 μαχίμους
619 2044 1074 2116 ὲνωπλισμένους.
1123 2046 1318 2115 Τίμιον
1376 2045 1433 2098 δὲ
1500 2044 1703 2116 σφόδρα

124 2136 211 2188 καὶ
263 2136 600 2190 πολύευκτον
630 2136 876 2206 ἀληθῶς,
929 2138 989 2189 τὸ
1021 2139 1077 2190 ἐν
1119 2137 1406 2207 ἐπισκέψει
1450 2137 1705 2205 γενέσθαι

121 2226 287 2289 Θεοῦ,
325 2228 487 2299 εἴπερ
534 2230 680 2281 ἐστὶν
728 2229 829 2282 οὑκ
874 2228 1140 2284 ἀπίθανον
1188 2232 1423 2292 ἐννοεῖν,
1466 2231 1549 2282 ὅτι
1593 2232 1706 2292 τοῖς

122 2318 486 2385 λελυπηκόσι,
535 2320 756 2373 κόλασιν
799 2320 990 2391 ὥσπερ
1036 2320 1158 2373 τινὰ
1210 2322 1309 2391 τὴν
1353 2320 1706 2391 ἀποστροφὴν

121 2409 405 2481 ἐπιτίθησι
439 2410 590 2474 Θεὸς.
625 2411 819 2479 λέγων·
851 2430 868 2463 ι
896 2413 1065 2465 Ὅταν
1091 2420 1189 2475 τὰς
1221 2415 1406 2483 χεῖρας
1428 2412 1707 2483 ὲκτείνητε

126 2504 259 2572 πρός
278 2521 375 2573 με,
394 2504 727 2574 ἀποστρέψω
749 2505 873 2567 τοὺς
896 2505 1212 2574 ὀφθαλμούς
1233 2522 1333 2575 μου
1359 2507 1451 2575 ἀφ’
1473 2505 1647 2576 ὑμῶν.
1683 2524 1701 2556 ι

122 2594 573 2665 Παρατεινούσης
612 2595 669 2648 δὲ
710 2596 807 2666 τῆς
845 2596 1164 2666 πολιορκίας
1219 2598 1311 2648 καὶ
1363 2598 1443 2660 είς
1492 2596 1707 2668 ἡμέραν

122 2685 399 2755 ἑϐδόμην,
434 2685 540 2754 ἔφη
571 2686 731 2740 πάλιν
786 2686 998 2757 Ἰησοῦς
1037 2689 1064 2738 ὁ
1096 2686 1189 2739 τοῦ
1228 2687 1384 2755 Ναυῆ
1430 2690 1542 2749 τοῖς
1572 2689 1713 2749 υἱοῖς

134 2778 389 2846 Ἰσραήλο
438 2798 457 2828 ι
508 2777 826 2849 Κεκράξατε
875 2780 1011 2848 πρὸς
1061 2780 1298 2849 Κύριονο
1356 2781 1709 2851 παραδέδωκε

121 2867 226 2938 γὰρ
258 2870 401 2937 ἡμῖν
431 2868 636 2938 Κύριος
669 2870 765 2941 τὴν
801 2869 985 2931 πόλιν,
1016 2872 1109 2923 καὶ
1139 2870 1292 2923 ἔσται
1318 2872 1353 2943 ἡ
1389 2872 1543 2934 πόλις
1577 2871 1709 2925 ἀνά-

122 2960 285 3030 θεμα,
318 2959 463 3028 αῦτη
488 2961 583 3013 καὶ
612 2962 790 3014 πάντα
818 2962 919 3015 ὅσα
949 2962 1094 3015 ἐστὶν
1125 2964 1183 3014 ἐν
1216 2964 1381 3034 αὐτῇ,
1413 2962 1491 3033 τῷ
1521 2963 1711 3034 Κυρίῳ

119 3052 227 3104 τῶν
251 3053 547 3122 δυνάμεων
565 3051 815 3107 Σαϐαὼθ·
837 3052 976 3123 πλὴν
1014 3053 1185 3106 Ῥαὰὸ
1204 3054 1303 3123 τὴν
1333 3055 1536 3125 πόρνην
1558 3071 1623 3106 πε
1633 3071 1712 3124 pt-

122 3142 373 3197 ποιεῖσθε
421 3142 622 3213 αὐτὴν,
673 3146 767 3197 καὶ⁸
799 3144 975 3197 πάντα
1014 3145 1114 3197 ὃσα
1158 3146 1307 3197 ἐστὶν
1355 3148 1412 3198 ὲν
1448 3144 1525 3215 τῷ
1576 3144 1713 3216 οἴκῳ

121 3239 318 3307 αὐτῆς.
375 3236 514 3289 Ἀλλ’
548 3238 703 3307 ὑμεῖς
737 3238 1045 3306 φυλάξασθε
1075 3239 1184 3292 ἀπὸ
1211 3239 1307 3292 τοῦ
1345 3240 1708 3309 ἀναθέματος,

124 3330 368 3399 μήποτε
417 3330 810 3398 ἐνθυμηθέντες
847 3331 1003 3400 ὑμεῖς
1041 3332 1198 3383 αὑτοὶ
1223 3331 1423 3401 λάϐητε
1463 3330 1570 3383 ἀπὸ
1612 3330 1707 3383 τοῦ

121 3417 505 3488 ἀναθέματος,
574 3422 669 3472 καὶ
721 3423 986 3491 ποιήσητε
1036 3421 1136 3490 τὴν
1198 3422 1549 3491 παρεμϐολὴν
1602 3422 1710 3472 τῶν

126 3509 259 3561 υἱῶν
316 3508 538 3579 Ἰσραὴλ
582 3510 862 3580 ἀνάθεμα,
914 3512 1009 3563 καὶ
1060 3510 1353 3581 ὲκτρίψητε
1396 3510 1573 3579 ἡμᾶς,
1618 3510 1712 3561 καὶ

122 3602 230 3653 πᾶν
291 3601 561 3673 ἀργύριον
591 3606 686 3654 καὶ
727 3602 973 3673 χρυσίον,
1008 3604 1100 3655 καὶ
1134 3603 1333 3672 χαλκὸς
1371 3605 1465 3657 καί
1498 3603 1714 3673 σίδηρος

124 3694 283 3760 ἆγιον
322 3693 480 3746 ἔσται
519 3692 598 3763 τῷ
650 3695 867 3764 Κυρίῳ,
913 3696 992 3757 εἰς
1032 3694 1304 3765 θησαυρὸν
1348 3695 1557 3765 Κυρίου
1604 3696 1717 3746 εἰσ·

123 3784 512 3854 ενεχθήσεται.
556 3803 575 3834 ι
628 3785 805 3854 Ἡφίει
845 3786 940 3855 μὲν
971 3785 1079 3855 γὰρ
1110 3789 1232 3847 ταῖς
1294 3784 1482 3848 ἄλλαις
1510 3786 1716 3856 λαφυρ-

125 3876 410 3945 αγωγίαις
441 3877 716 3946 ὲντρυφᾷν
757 3878 887 3940 τοὺς
925 3877 1374 3948 ἀνδριζομένοος,
1405 3878 1716 3948 εἰσκομίζε-

128 3967 253 4020 σθαι
282 3967 345 4019 δὲ
373 3966 484 4019 δεῖν
507 3967 587 4029 εἰς
613 3968 882 4038 θησαυρὸν
910 3969 1140 4038 Κυρίου,
1159 3970 1312 4039 φησὶ,
1334 3971 1443 4022 πᾶν
1456 3968 1719 4040 ἀργύριον

123 4059 217 4109 καὶ
237 4057 501 4126 χρυσίον,
529 4057 728 4125 χαλκόν
750 4075 804 4110 τε
832 4059 927 4111 καὶ
958 4059 1175 4130 σίδηρον
1196 4075 1208 4087 '
1238 4058 1393 4111 τοῦτο
1432 4060 1539 4129 γὰρ
1569 4054 1636 4129 ἧν
1660 4060 1720 4112 τὸ

121 4149 368 4218 ἐπίκλην
405 4150 685 4218 ἀνάθεμα,
717 4149 964 4203 τουτέστι
985 4151 1078 4211 ,τὸ
1103 4148 1445 4221 ἀπονεμηθὲν
1482 4152 1546 4203 ἐκ
1585 4151 1719 4205 πάν-

120 4257 233 4292 των
260 4243 343 4310 (l)
376 4244 470 4294 καὶ
498 4241 790 4311 ἀφορισθὲν
814 4240 891 4311 τῷ
922 4241 1060 4311 Θεῷ.
1100 4242 1464 4304 Ἀὶκλόύδενὸς
1486 4242 1723 4307 ἀξιώσας

122 4330 292 4398 λόγου
334 4332 432 4401 τὴν
467 4332 709 4401 ἐντολὴν,
760 4352 777 4383 ι
826 4333 1047 4397 Ἔλαϐε,
1079 4335 1274 4403 φησὶν,
1325 4335 1502 4405 Ἀχαρ
1548 4338 1575 4387 ὀ
1610 4336 1724 4397 υίὸς

122 4422 477 4491 Χαμμὶ,υἱοῦ
490 4425 527 4475 Ζ
534 4425 865 4495 αμδρῆ,υἱοῦ
878 4427 1028 4495 Ζαρᾶ
1044 4426 1214 4494 ἐκτῆς
1230 4426 1400 4493 φυλῆς
1416 4425 1604 4491 Ἰούδα,
1617 4427 1727 4479 ἀπὸ

122 4515 220 4566 τοῦ
250 4514 621 4585 ἀναθέματος.
657 4517 765 4568 Καὶ
791 4515 1044 4586 ἐθυμώθη
1070 4516 1205 4587 ὀργῇ
1234 4514 1435 4587 Κύριος
1458 4518 1568 4577 τοῖς
1589 4516 1722 4578 υἱοῖς

1795 754 1944 809 Nave
1971 755 2038 808 ad
2066 753 2402 818 sacerdotes,
2430 761 2486 808 et
2524 754 2743 808 locutus
2767 762 2850 808 est
2876 752 2943 807 ad
2984 769 3100 819 eos,
3147 753 3371 808 dicens:

1798 845 2086 916 Praecipite
2111 845 2318 915 populo
2359 852 2420 898 ιιι
2443 845 2764 911 circumeat,
2813 855 2869 900 et
2910 846 3214 900 circumdet
3237 845 3376 899 civi-

1800 946 1991 1001 tatem,
2017 948 2073 993 et
2097 938 2201 991 viri
2229 947 2562 1008 pugnatores
2584 946 2968 1007 pertranseant
3002 938 3198 992 armati
3250 947 3379 991 ante

1800 1028 2090 1083 Dominum
2120 1031 2185 1083 ⁸⁸.
2211 1049 2227 1080 ι
2262 1028 2482 1084 Christo
2523 1040 2759 1099 namque
2789 1047 2888 1100 per
2923 1030 3234 1100 principum
3276 1045 3376 1083 vo-

1801 1135 1918 1173 cem
1942 1118 2192 1188 jubente,
2222 1118 2487 1173 adversus
2503 1119 2689 1173 hostes
2722 1120 3128 1185 contendimus,
3150 1120 3380 1174 bellum-

1802 1225 1910 1279 que
1938 1226 2049 1263 non
2074 1210 2342 1264 adversus
2368 1224 2587 1265 carnem
2611 1218 2666 1265 et
2681 1210 3003 1281 sanguinem
3024 1212 3377 1281 suscipimus,

1804 1302 1901 1357 sed
1930 1302 2196 1357 adversus
2218 1302 2499 1372 principes
2551 1312 2607 1356 et
2643 1310 2966 1373 potestates,
3010 1310 3067 1359 et
3115 1304 3381 1359 adversus

1804 1411 1923 1450 eam
1938 1396 2132 1465 legem,
2150 1412 2269 1466 quae
2286 1397 2337 1450 in
2353 1397 2615 1451 membris
2629 1398 2812 1451 carnis
2828 1398 3159 1452 dominatur.
3178 1398 3245 1429 5"
3258 1398 3380 1452 Eri-

1806 1501 1929 1539 mus
1965 1488 2132 1541 etiam
2156 1496 2287 1541 tunc
2311 1488 2364 1541 in
2392 1498 2687 1558 conspectu
2712 1489 2947 1553 Domini,
2972 1497 3083 1542 tum
3104 1497 3382 1543 armatura

1805 1578 2043 1647 quadam
2088 1579 2348 1634 instructi
2393 1580 2582 1634 divina
2638 1590 2802 1650 atque
2867 1581 3183 1651 spirituali:
3233 1596 3381 1635 arma

1806 1689 2045 1743 namque
2084 1682 2274 1728 nostra
2322 1688 2431 1727 non
2467 1674 2708 1727 carnalia
2751 1683 2896 1737 sunt,
2948 1681 3009 1727 ut
3045 1674 3247 1728 Paulus
3274 1674 3379 1738 ait;

1811 1767 1857 1797 ⁵³
1912 1774 2028 1819 tum
2066 1781 2199 1819 vero
2226 1765 2451 1835 justitim
2482 1765 2650 1834 gloria
2676 1765 2936 1835 insignes.
2965 1766 3175 1835 Aspicit
3198 1766 3383 1835 itaque

1808 1857 1959 1910 viros
1982 1855 2048 1910 ad
2074 1856 2425 1927 pugnandum
2450 1856 2826 1924 paratissimos
2851 1858 2996 1912 Deus
3030 1858 3122 1913 ille
3159 1858 3353 1912 univer
3382 1892 3386 1897 -

1738 1931 1776 1984 Β
1808 1952 2206 2003 sarum‘rerum
2252 1948 2535 2013 Dominus,
2568 1949 2986 2018 splendentibus
3021 1950 3247 2019 justitim
3291 1966 3382 2004 ar-

1806 2040 1911 2095 mis
1937 2040 2178 2103 indutos,
2230 2040 2394 2110 idque
2438 2049 2521 2095 est
2579 2041 2634 2094 in
2688 2051 2984 2111 conspectu
3027 2041 3231 2097 Christi
3255 2058 3384 2112 per-

1806 2132 2041 2187 transire
2072 2142 2405 2203 pugnatures
2431 2141 2689 2187 armatos.
2712 2133 3013 2188 Honestum
3037 2148 3167 2188 vero
3192 2134 3247 2187 in
3265 2135 3383 2204 pri-

1806 2224 1911 2278 mis
1937 2232 1993 2279 et
2035 2225 2336 2293 optandum
2379 2239 2528 2289 sane,
2589 2225 2643 2278 in
2688 2233 2985 2296 conspectu
3010 2225 3104 2279 Dei
3148 2240 3303 2292 esse;
3337 2225 3385 2280 si

1806 2317 2029 2386 quidem
2059 2332 2171 2371 non
2198 2316 2437 2371 absurde
2483 2316 2829 2387 intelligitur,
2876 2318 3048 2371 Deum
3073 2317 3140 2372 iis
3185 2318 3281 2387 qui
3325 2333 3386 2372 se

1807 2409 2162 2474 offenderint,
2198 2409 2339 2464 hanc
2358 2409 2526 2463 veluti
2552 2423 2768 2479 poenam
2804 2409 3107 2479 imponere,
3136 2419 3197 2465 ut
3231 2426 3290 2465 se
3317 2411 3385 2465 ab

1807 2501 1917 2556 illis
1940 2508 2170 2567 avertat,
2196 2516 2319 2555 cum
2344 2500 2508 2556 dicat:
2546 2520 2564 2552 ι
2591 2500 2693 2556 Ubi
2712 2518 2907 2556 manus
2931 2502 3289 2559 extenderitis
3317 2503 3387 2558 ad

1809 2607 1917 2660 me,
1944 2602 2189 2649 avertam
2215 2594 2406 2649 oculos
2433 2609 2583 2648 meos
2607 2609 2637 2648 a
2686 2593 2844 2648 Vobis
2868 2594 2933 2648 °°.
2969 2614 2987 2645 ι
3017 2594 3153 2650 Cum
3201 2603 3387 2650 autem

1808 2684 2026 2740 obsidio
2050 2700 2223 2755 usque
2249 2684 2315 2739 ad
2334 2685 2477 2739 diem
2503 2685 2797 2754 septimum
2822 2685 3084 2754 perducta
3107 2693 3274 2750 esset,
3299 2685 3386 2739 di-

1811 2775 1888 2828 xit
1912 2776 2111 2829 iterum
2162 2775 2320 2829 Jesus
2344 2775 2491 2829 Nave
2531 2774 2659 2829 ﬁliis
2702 2775 2907 2830 lsrael:
2957 2794 2973 2826 ι
3000 2775 3387 2832 Vociferamlni

1810 2866 1878 2920 ad
1906 2866 2199 2920 Dominum
2235 2884 2247 2918 :
2283 2866 2508 2921 tradidit
2534 2866 2679 2921 enim
2713 2867 2872 2921 nobis
2907 2868 3170 2923 Dominus
3197 2868 3391 2924 civita-

1812 2968 1951 3022 tem;
1978 2965 2033 3011 et
2055 2958 2163 3011 erit
2185 2957 2378 3012 civitas
2401 2958 2713 3023 anathema,
2749 2959 2888 3028 ipsa,
2929 2967 2986 3014 et
3026 2961 3211 3015 omnia
3267 2976 3390 3031 qua:

1812 3059 1939 3106 sunt
1968 3050 2022 3104 in
2054 3048 2213 3122 144
2238 3066 2322 3115 ea,
2353 3050 2582 3105 Domino
2606 3050 2717 3105 Deo
2740 3052 3080 3107 exercituum
3122 3051 3385 3108 Sabaoth.

1812 3142 2203 3198 Verumtamen
2246 3143 2396 3197 Raab
2440 3145 2784 3199 meretricem
2834 3155 3044 3200 servate
3088 3145 3283 3215 ipsam,
3333 3146 3391 3202 et

1814 3236 1997 3290 omnia
2032 3252 2152 3305 quae
2177 3245 2305 3290 sunt
2329 3236 2383 3290 in
2417 3237 2583 3289 domo
2620 3238 2758 3308 ejus.
2790 3237 2895 3291 Sed
2942 3253 3041 3293 vos
3077 3246 3268 3293 cavete
3318 3238 3390 3292 ab

1817 3331 2181 3394 anathemate,
2210 3345 2278 3384 ne
2305 3329 2445 3385 forte
2493 3347 2590 3385 vos
2638 3331 2736 3400 ipsi
2778 3331 3078 3401 cogitantes
3112 3318 3391 3402 accipiatis

1818 3420 1885 3475 ab
1921 3423 2293 3486 anathemate,
2346 3430 2402 3476 et
2456 3421 2668 3476 faciatis
2714 3431 2898 3477 castra
2941 3422 3177 3477 ﬁliorum
3224 3423 3390 3479 Israel

1816 3513 2127 3576 anathema,
2168 3522 2223 3566 et
2268 3515 2567 3568 conteratis
2600 3528 2728 3578 nos;
2767 3523 2823 3566 et
2845 3528 3006 3568 omne
3027 3521 3309 3585 argentum
3336 3523 3394 3569 et

1817 3620 2035 3669 aurum,
2084 3615 2139 3658 et
2184 3620 2258 3659 tes
2300 3612 2355 3658 et
2385 3605 2590 3658 ferrum
2619 3612 2866 3658 sanctum
2894 3605 3000 3659 erit
3038 3604 3304 3659 Domino:
3338 3606 3393 3660 in

1820 3699 2107 3753 thesauros
2131 3696 2225 3751 Dei
2259 3696 2525 3751 inferetur
2550 3698 2613 3750 “.
2646 3717 2661 3747 ι
2702 3696 2955 3751 Permisit
2990 3696 3137 3750 enim
3159 3697 3396 3752 fortibus

1818 3791 1954 3844 viris
1998 3797 2058 3843 ut
2082 3789 2292 3858 reliqua
2314 3788 2493 3858 praeda
2524 3788 2873 3853 fruerentur;
2908 3789 3003 3843 sed
3028 3788 3218 3843 inferri
3235 3805 3396 3860 opor-

1822 3887 1937 3934 tere
1961 3880 2099 3932 dixit
2124 3879 2178 3932 in
2212 3880 2503 3932 thesauros
2532 3878 2745 3933 Domini
2776 3886 3064 3949 argentum
3111 3893 3295 3943 omne,
3340 3891 3397 3935 et

1821 3982 2038 4033 aurum,
2064 3986 2137 4025 :es
2161 3984 2379 4039 quoque
2405 3986 2470 4025 ac
2512 3970 2750 4025 feﬁum:
2778 3971 2883 4024 hoc
2916 3968 3062 4022 enim
3108 3977 3227 4024 erat
3260 3971 3396 4025 illud

1821 4064 1969 4134 quod
1992 4064 2298 4133 appellatur
2319 4064 2630 4125 anathema,
2659 4063 2713 4116 id
2738 4070 2843 4125 est,
2873 4062 3020 4131 quod
3050 4078 3113 4116 ex
3140 4062 3398 4117 omnibus

1824 4156 2191 4219 tribuebatur,
2219 4164 2274 4209 et
2300 4156 2412 4211 Deo
2459 4154 2866 4224 segregabatur.
2919 4153 3189 4208 Caeterum
3208 4194 3221 4215 ,
3247 4155 3399 4210 nulla

1824 4246 2083 4318 precepti
2114 4248 2322 4301 ratione
2346 4247 2558 4300 habita:
2592 4265 2608 4293 ι
2637 4245 2931 4314 Accepit,»
2955 4245 3152 4313 inquit,
3192 4244 3400 4299 «Achar

1827 4338 1972 4394 ﬁlius
1988 4340 2231 4403 Charmi,
2260 4339 2355 4392 ﬁlii
2379 4338 2622 4399 Zambri,
2655 4337 2747 4389 lilii
2774 4336 2932 4400 Zara,
2962 4353 3030 4390 ex
3056 4337 3203 4391 tribu
3228 4336 3397 4401 Juda,

1826 4448 1892 4487 ex
1923 4432 2301 4485 anathemate:
2331 4440 2386 4485 et
2405 4432 2576 4483 iratus
2602 4438 2684 4482 est
2709 4428 2894 4482 furore
2912 4428 3174 4482 Dominus
3197 4427 3400 4482 adver-

1830 4534 1923 4573 sus
1946 4519 2086 4573 ﬁlios
2108 4518 2271 4573 Israel
2290 4521 2354 4570 δ’.
2388 4539 2404 4568 ι
2428 4517 2654 4587 Oportet
2682 4517 2850 4581 enim,
2883 4528 2941 4571 ut
2965 4526 3119 4587 puto,
3143 4517 3237 4586 qui
3264 4532 3400 4571 con-

135 4604 401 4676 ἰσρσιήλ.
447 4626 466 4658 ι
508 4606 724 4676 Χρῆναι
772 4607 881 4676 γὰρ
927 4603 1080 4676 οἶμαι
1112 4611 1239 4670 τοὺς
1270 4609 1389 4669 ταῖς
1433 4607 1712 4675 κωμικαῖς

1832 4621 1913 4666 tra
1974 4611 2157 4665 saeculi
2203 4611 2514 4679 voluptates
2547 4617 2604 4664 et
2658 4610 2823 4681 hujus
2848 4610 2974 4664 vitae
3017 4609 3403 4666 distractiones

120 4697 356 4766 ἡδοναῖς
387 4696 617 4759 καὶτοῖς
665 4698 721 4749 ὲν
765 4699 899 4767 τῷδε
948 4699 1027 4767 τῷ
1075 4698 1175 4770 βίῳ
1214 4704 1618 4771 περισπασμοῖς
1663 4699 1724 4752 τὸ

122 4787 395 4849 εὐσθενὲς
448 4788 507 4840 ὲν
547 4788 771 4859 Χριστῷ
830 4790 1238 4860 παρεξάγοντας
1290 4792 1578 4862 φρόνημα,
1629 4790 1724 4844 καὶ

122 4877 216 4929 διὰ
250 4878 373 4930 τῶν
403 4878 502 4947 τῆς
547 4878 894 4951 δικαιοσύνης
938 4882 1120 4935 ὃπλων
1166 4883 1471 4953 εὐδοκιμεῖν
1516 4884 1726 4954 ᾑρημέ-

122 4988 285 5035 νους,
314 4972 375 5022 ἐν
410 4971 699 5039 ἐπισκέψει
725 4990 782 5024 τε
807 4974 908 5043 ἣδη
939 4974 1232 5041 γεγονότας
1266 4974 1525 5045 Χριστοῦ,
1561 4976 1725 5045 μηδε-

121 5061 219 5124 νὸς
277 5059 537 5128 ἐφίεσθαι
586 5061 696 5114 τῶν
747 5064 805 5115 ὲν
854 5063 1046 5135 κόσμῳ
1090 5064 1593 5134 τεθαυμασμένων.
1649 5066 1723 5135 μὴ

120 5153 381 5207 πλούτου
400 5194 414 5216 ,
433 5154 508 5223 μὴ
533 5152 721 5222 δόξης,
758 5155 833 5225 μὴ
867 5155 1183 5218 δυναστείας
1203 5196 1220 5221 ,
1249 5156 1281 5224 ἢ
1318 5157 1620 5227 ὑπεροχῆς,
1651 5158 1725 5227 μὴ

120 5247 241 5298 τῶν
281 5248 357 5297 ἐκ
391 5245 493 5313 τῆς
537 5244 726 5313 σοφίας
768 5246 1085 5317 Ἑλληνικῆς
1139 5246 1369 5300 ἀνοσίων
1420 5246 1725 5315 δογμάτων.

120 5334 263 5391 Εἶεν
312 5335 362 5387 δ’
417 5336 514 5397 ἂν,
569 5337 648 5398 είς
696 5336 865 5389 τύπον
916 5336 1298 5407 λαμπρότητος
1371 5337 1469 5407 μὲν
1521 5337 1619 5407 τῆς
1676 5338 1734 5389 ὲν

120 5428 429 5499 ἀξιώμασι
458 5429 554 5480 καὶ
602 5428 926 5501 ὑπεροχαῖς,
954 5430 1017 5482 τὸ
1043 5429 1305 5502 ἀργύριον
1324 5446 1338 5461 ο
1370 5430 1598 5500 λαμπρά
1627 5429 1734 5501 γὰρ

119 5525 156 5592 ή
217 5520 363 5590 ὕλη·
399 5519 634 5573 πλούτου
676 5521 765 5583 δὲ,
797 5524 826 5575 ὁ
867 5522 1087 5592 χρυσός.
1134 5521 1208 5575 Τὸ
1239 5521 1297 5574 δὲ
1343 5521 1443 5590 τῆς
1485 5521 1734 5591 γλώττης

122 5613 355 5683 εὖηχες
410 5611 519 5665 τῶν
565 5613 623 5664 ὲν
681 5612 873 5683 κόσμῳ
939 5613 1150 5682 σοφῶν,
1202 5614 1641 5684 κατασημήνειεν
1706 5614 1734 5665 ὀ

1832 4702 2049 4757 ﬁrmum
2089 4703 2142 4756 in
2173 4702 2392 4757 Christo
2415 4703 2656 4756 animum
2689 4703 3066 4772 opposuerint,
3095 4718 3158 4757 ac
3182 4703 3402 4777 laudem

1832 4811 1931 4866 per
1968 4810 2119 4849 arma
2138 4795 2363 4865 justitite
2387 4795 2615 4863 adipisci
2647 4794 3016 4855 decreverint,
3068 4794 3272 4863 quique
3291 4795 3404 4863 jam

1836 4883 1887 4937 in
1914 4890 2267 4951 conspectum
2293 4882 2495 4937 Christi
2520 4884 2789 4947 venerint,
2826 4899 2921 4938 eos
2941 4882 3074 4937 nihil
3107 4898 3174 4936 ex
3215 4882 3282 4936 iis
3305 4897 3404 4936 ex-

1836 4983 2019 5041 petere
2045 4988 2166 5042 qua:
2192 4973 2244 5025 in
2269 4973 2373 5027 hoc
2400 4973 2605 5028 mundo
2629 4972 2971 5027 admirabilia
2993 4971 3269 5035 videntur,
3293 4986 3406 5026 non

1832 5078 1983 5132 opes,
2010 5079 2121 5117 non
2151 5063 2399 5132 gloriam,
2425 5080 2533 5118 non
2559 5064 2880 5133 potentiam,
2929 5071 3024 5117 aut
3055 5069 3406 5131 prastantem

1833 5154 2082 5223 gradum,
2110 5170 2223 5208 non
2255 5156 2421 5225 impia
2446 5170 2511 5210 ex
2530 5156 2717 5226 gentili
2746 5154 3011 5226 sapientia
3037 5152 3310 5222 dogmata.
3338 5152 3409 5206 Et

1835 5246 1984 5302 illius
2010 5246 2232 5317 quidem
2280 5247 2589 5317 splendoris
2625 5247 2719 5316 qui
2763 5246 2819 5299 in
2858 5244 3183 5315 dignitatum
3222 5240 3408 5314 gradi-

1832 5340 1940 5394 bus
1952 5347 2006 5392 et
2029 5339 2389 5409 amplitudine
2415 5346 2719 5409 spectatur,
2740 5337 2913 5408 ﬁgura
2937 5352 3047 5391 non
3074 5335 3261 5405 inepta
3285 5332 3409 5388 fue-

1834 5432 1907 5486 rit
1933 5440 2254 5501 argentum;
2289 5429 2636 5501 splendidum
2659 5438 2742 5485 est
2766 5430 2914 5484 enim
2956 5428 3061 5484 hoc
3082 5426 3289 5481 metalli
3314 5440 3410 5495 ge-

1833 5537 1967 5587 nus;
2013 5538 2181 5592 opum
2236 5537 2388 5589 vero,
2425 5538 2642 5576 aurum.
2688 5521 2845 5578 Illum
2877 5536 3044 5592 porro
3070 5520 3274 5588 lingua
3319 5531 3411 5571 so-

1831 5629 1985 5680 num,
2012 5629 2122 5685 quo
2148 5614 2338 5669 mundi
2372 5614 2649 5685 sapientes
2694 5622 2947 5681 utuntur,
2978 5616 3289 5688 signiﬁcare
3316 5622 3413 5679 po-

123 5799 173 5829 ”
204 5798 343 5853 Jos.
380 5799 539 5862 vl,7;
565 5797 765 5866 Ephes.
806 5797 992 5862 v1.12.
1028 5796 1111 5845 ’νυ
1128 5798 1287 5852 Rom.
1322 5814 1414 5862 vu,
1440 5798 1528 5851 25.
1567 5798 1611 5830 ⁸ο
1635 5797 1712 5852 ιιι

1814 5815 1835 5850 λ.
1864 5812 1918 5861 x,
1947 5796 1999 5850 4.
2039 5796 2084 5829 ⁶⁰
2112 5796 2213 5851 lsa.
2235 5812 2272 5861 ι,
2307 5795 2392 5851 15.
2428 5796 2469 5829 ⁸¹
2502 5795 2616 5853 Jos.
2646 5813 2700 5853 v1
2730 5797 2794 5853 16
2843 5813 2996 5869 seqq.
3034 5797 3076 5830 ⁸³
3098 5796 3210 5853 Jos.
3244 5793 3412 5861 τιμε.

204 5891 296 5961 (1)
339 5887 432 5944 Sic
460 5889 585 5943 cod.
624 5889 798 5943 Vatia.
826 5889 1007 5947 Codex
1041 5889 1218 5953 Sileti,
1249 5890 1490 5959 ἑκάστῳ.

442 5980 715 6043 Ρλτιιοι..
764 5983 879 6042 GR.
926 5982 1183 6043 LXVIII.

2905 5974 2974 6038 12
