4076 6510
698 402 803 455 3135

1682 391 1736 445 S.
1778 388 2054 443 CYRlLLl
2096 386 2567 443 ALEXANDRINI
2609 388 2928 446 ARCHIEP.
3784 412 3867 470 δα

703 516 831 569 terit
869 514 1147 575 :es;vires
1167 510 1423 578 denique,
1467 520 1630 578 atque
1660 511 1987 579 potentiam,
2034 509 2266 571 ferrum,

2376 509 2603 577 χαλκός’
2646 513 2798 581 ἰσχὺν
2830 511 2887 563 δὲ
2936 514 3031 565 καὶ
3069 513 3408 581 δυναστείαν,
3436 519 3647 593 σκληρὸς
3669 525 3732 579 ὣν
3758 530 3867 598 ἄγαν

701 606 848 678 quod
871 615 926 660 et
946 605 1144 659 durum
1171 602 1462 657 admodum
1491 604 1583 665 sit,
1618 612 1819 657 etcum
1848 603 2095 656 omnium
2140 618 2266 655 cor—

704 718 898 772 porum
923 698 1147 753 materia
1170 712 1419 767 pugnans
1442 713 1454 748 :
1482 711 1604 764 qua:
1646 696 1690 749 si
1740 696 1863 764 quis
1888 694 2118 763 adipisci
2170 710 2267 748 vo-

702 796 883 859 luerit,
911 792 1158 863 quamvis
1199 792 1287 845 ille
1314 789 1592 859 praecipuo
1627 789 1697 841 sit
1724 788 1867 857 apud
1911 789 2079 842 Deum
2126 789 2265 851 loco,

698 896 752 939 ct
784 885 927 940 inter
947 884 1238 937 bellatores
1262 887 1602 941 numeretur,
1618 877 1889 948 spirituali
1915 894 2133 947 quoque
2156 881 2271 931 ani-

701 975 771 1028 mi
798 974 1172 1044 magnitudine
1199 971 1270 1026 sit
1300 970 1550 1040 insignis,
1578 970 1624 1023 is
1676 970 1865 1037 procul
1909 970 2077 1023 dubio
2099 970 2269 1023 Deum

696 1067 961 1133 offendit;
995 1080 1230 1135 cumque
1262 1078 1389 1117 eum
1433 1062 1635 1117 furtiva
1672 1060 2045 1115 subtractione
2088 1062 2265 1115 oll'en-

670 1135 827 1214 'dere
858 1160 914 1213 in
947 1158 1190 1213 animum
1245 1154 1541 1217 induxerit,
1571 1152 1665 1223 qui
1697 1162 1753 1206 et
1784 1151 1837 1205 in
1874 1152 2041 1206 armis
2085 1168 2272 1207 cernes

676 1242 760 1309 'ac
782 1255 963 1307 secius
995 1259 1137 1314 erat,
1163 1258 1219 1304 et
1258 1248 1571 1310 auxiliator,
1609 1244 1965 1314 conSequenti
2013 1244 2270 1299 vindicta:

695 1342 1021 1412 subiacebit.

767 1432 962 1488 PALL.
1014 1434 1179 1487 Recte
1203 1431 1301 1485 ais.
1358 1429 1638 1485 Assentior
1661 1430 1807 1483 enim
1853 1430 1969 1484 tibi.
1997 1429 2268 1485 Czcterum

698 1534 830 1587 illud
858 1533 990 1587 mihi
1020 1532 1260 1601 explices
1299 1529 1483 1591 velim,
1539 1544 1835 1597 parumper
1878 1543 1908 1581 a
1946 1543 2003 1581 re
2028 1534 2177 1597 gesta
2216 1534 2271 1580 et

696 1625 925 1679 historia
949 1624 1243 1678 deflectens
1270 1621 1596 1684 orationem,
1626 1635 1724 1673 cur
1750 1621 1859 1673 Deo
1882 1627 2190 1688 argentum,
2218 1627 2272 1670 et

697 1731 914 1779 aurum,
941 1731 1014 1769 res
1040 1714 1166 1768 item
1192 1730 1255 1766 ac
1293 1711 1497 1764 ferrum
1524 1710 1593 1763 sit
1618 1718 2018 1772 consecratum,
2068 1725 2131 1763 ac
2162 1724 2271 1763 non

696 1807 882 1877 potius
925 1821 989 1859 ea
1034 1804 1118 1858 vel
1146 1811 1403 1871 tanquam
1461 1800 1673 1854 inutilia
1724 1799 1974 1862 fortasse,
2022 1799 2107 1851 vel
2152 1807 2271 1851 tan-

2369 602 2398 651 ὀ
2430 601 2676 672 σίδηρος,
2708 604 2802 657 καὶ
2845 607 2911 675 τῇ
2957 603 3058 677 ὑλῃ
3101 606 3248 677 πάσῃ
3292 610 3598 681 μαχόμενος.
3631 609 3717 670 Ὧν
3743 621 3869 693 εἰπερ

2369 710 2454 757 τις
2502 693 2677 748 ἕλοιτο
2730 696 3086 767 μεταλαχεῖν,
3132 698 3307 751 καίτοι
3367 701 3461 771 τὴν
3504 704 3709 778 ἀρίστην
3746 710 3868 777 τάξιν

2371 782 2509 854 ἔχων
2534 785 2686 856 παρά
2706 784 2844 856 Θεῷ,
2867 788 2959 840 καὶ
2988 787 3457 859 ἀναμετρούμενος
3476 793 3530 844 ὲν
3547 794 3865 868 πολεμισταῐς,

2370 878 2465 929 καὶ
2519 876 2623 947 μὴν
2665 878 2760 931 καὶ
2807 881 3208 949 πνευματικαῖς
3251 880 3521 951 εὐψυχίαις
3560 888 3768 954 γεγονὼς
3799 892 3871 945 ὲκ.

2370 968 2610 1039 πρεπὴς,
2645 969 3011 1042 προσκρούσει
3053 971 3203 1041 Θεῷ,
3235 974 3329 1027 κα)⁸
3360 973 3618 1046 κιϐδήλοις
3642 996 3871 1052 παρατρο-

2374 1061 2500 1121 παίς
2559 1062 2890 1115 καταλυπείν
2948 1063 3223 1134 ᾑρημένος
3270 1064 3360 1118 τὸν
3420 1067 3659 1123 σύνοπλόν
3698 1089 3749 1125 τε
3802 1078 3872 1127 καὶ

2372 1153 2607 1224 ἀρωγὸν,
2633 1157 2750 1217 ταῖς
2782 1154 3033 1207 ἐντεῦθεν
3065 1155 3256 1227 ὀργαῖς
3279 1156 3630 1214 ὑποκείσεται.

2445 1435 2654 1490 ΠΑΛΛ.
2704 1428 2778 1487 Εὖ
2836 1432 2993 1503 ἔφης.
3045 1432 3428 1503 Συναινέσαιμι
3470 1431 3574 1503 γὰρ
3620 1433 3693 1488 ἄν.
3744 1435 3871 1505 Πλὴν,

2373 1525 2549 1577 ἐκεῖνό
2590 1541 2681 1595 μοι
2728 1524 2972 1592 φράσον,
3007 1522 3180 1594 βραχὺ
3224 1523 3319 1576 τοῦ
3367 1523 3669 1594 πράγματος
3698 1526 3775 1578 καὶ
3800 1527 3874 1595 τῆς

2377 1616 2616 1687 ἱστορίας
2678 1616 3022 1686 ἀποκομίσας
3072 1615 3163 1667 τὸν
3226 1614 3415 1682 λόγον·
3461 1614 3593 1668 διατί
3634 1616 3795 1685 Κυρίῳ
3829 1617 3876 1668 τὸ

2373 1704 2635 1776 ἀργύριον
2669 1706 2764 1758 καὶ
2793 1705 2853 1758 τὸ
2889 1706 3113 1776 χρυσίον
3131 1747 3146 1769 ,
3176 1706 3270 1759 καὶ
3298 1706 3326 1757 ὀ
3360 1704 3550 1774 χαλκὸς
3574 1707 3659 1758 καὶ
3687 1706 3875 1776 σίδηρος,

2376 1797 2470 1850 καὶ
2495 1798 2615 1866 οὑχὶ
2667 1796 2732 1868 δὴ
2789 1797 3023 1867 μᾶλλον,
3076 1798 3109 1869 ἢ
3151 1797 3227 1860 ὡς
3278 1796 3524 1867 ἄχρηστα
3564 1797 3785 1867 τυχὸν,ῆ
3819 1797 3877 1860 ὡς

696 1858 860 1963 quam
886 1891 1152 1963 ejusmodi
1200 1858 1321 1960 qua:
1346 1890 1594 1960 polluere
1630 1897 1871 1959 possent,
1898 1904 1928 1942 e
1952 1888 2146 1942 castris
2169 1888 2267 1942 ab-

2376 1858 2770 1958 καταμολὺνείν
2789 1858 3019 1953 ἐίδότα,
3047 1858 3150 1958 τέλς
3196 1858 3545 1959 παρεμϐολῆς
3582 1858 3875 1956 ἐξεπέμπετοζ

688 1973 836 2057 jecta
866 1985 1007 2039 sint:
1039 1998 1162 2036 nam
1182 1981 1485 2051 spiritualis
1509 1980 1991 2050 contemplationis
2037 1978 2270 2034 facultas

695 2075 1061 2132 abominanda
1093 2073 1258 2131 fuisse
1285 2073 1701 2128 demonstravit.

770 2169 928 2240 145
957 2167 1115 2223 CYR.
1154 2165 1291 2232 Quia
1333 2165 1593 2235 splendor
1638 2166 1836 2228 omnis,
1885 2165 2129 2230 Palladi,
2179 2183 2268 2222 sa-

696 2260 1033 2331 pientiaque,
1062 2265 1117 2310 et
1150 2271 1301 2325 opes,
1325 2262 1488 2324 atque
1504 2255 1669 2309 etiam
1695 2254 1838 2309 vires
1883 2256 2271 2310 convenienter

695 2371 759 2406 ac
780 2352 925 2421 iuste
962 2349 1072 2402 Deo
1099 2348 1452 2413 tribuuntur;
1480 2347 1629 2402 illius
1650 2347 1797 2400 enim
1848 2354 1931 2401 est
1974 2347 2165 2418 gloria,
2215 2357 2271 2403 ct

692 2442 961 2513 ’Splendor
1000 2442 1198 2505 omnis,
1224 2450 1279 2493 et
1304 2456 1456 2510 opes,
1484 2449 1538 2494 et
1560 2439 1846 2509 sapientia,
1897 2448 1953 2494 et
2001 2443 2267 2511 potentia.

696 2534 971 2591 Caeterum
1004 2532 1252 2603 quisquis
1278 2533 1345 2587 ab
1374 2533 1466 2587 illo
1491 2534 1783 2602 acceperit,
1810 2544 1863 2589 et
1881 2549 1949 2588 ex
1975 2535 2121 2590 illius
2154 2537 2273 2591 the-

698 2644 863 2682 sauro
883 2625 1089 2680 ditatus
1110 2624 1338 2689 divitiis,
1366 2624 1622 2678 videlicet
1648 2625 2113 2682 intellectualibus
2150 2627 2269 2683 fue-

698 2720 791 2781 rit,
815 2719 1153 2788 gloriamque
1200 2724 1255 2771 et
1276 2716 1597 2786 sapientiam
1623 2732 1687 2771 ac
1724 2718 2024 2787 potentiam
2060 2720 2268 2775 habue-

697 2814 771 2865 rit
822 2809 1181 2880 spiritualem,
1222 2810 1312 2864 ille
1354 2825 1485 2863 vero
1517 2811 1846 2880 conspicuus
1869 2811 1978 2865 erit
2014 2828 2077 2867 ac
2109 2813 2267 2881 felix;

700 2888 785 2958 sin
809 2904 925 2956 haec
950 2901 1138 2955 eadem
1155 2918 1183 2955 a
1208 2900 1411 2955 mundo
1430 2901 1677 2971 accipere
1693 2904 2268 2966 maluerit,exsecran-

698 2994 802 3050 dus
824 2992 950 3058 erit,
979 3001 1033 3046 et
1058 2992 1264 3047 invisus
1310 2993 1422 3048 Deo
1446 2993 1665 3049 virtutis
1688 2996 1940 3059 amatori,
1967 3011 2031 3050 ac
2059 2996 2270 3067 judicio

695 3097 979 3156 panaque
1002 3082 1293 3137 obnoxius.
1341 3080 1578 3137 Omnino
1609 3084 1757 3138 enim
1803 3083 2025 3139 divitias
2077 3100 2270 3140 conse-

695 3175 887 3244 quitur
905 3172 1189 3242 voluptas;
1215 3171 1493 3242 splendori
1520 3182 1703 3228 autem
1736 3183 1899 3244 atque
1918 3174 2268 3245 amplitudini
2296 3199 2340 3259 α

692 3267 872 3321 vicina
903 3274 986 3321 est
1008 3266 1271 3321 continuo
1288 3266 1581 3334 superbia:
1612 3268 1870 3336 potentiae
1899 3283 2031 3324 vero
2067 3268 2267 3339 adjun-

694 3367 782 3412 cta
814 3356 1117 3427 iniquitas;
1150 3357 1435 3427 sapientia:
1458 3358 1747 3413 mundanae
1770 3358 2006 3431 denique
2044 3376 2268 3431 perver-

696 3448 833 3502 sitas
879 3448 1237 3518 dogmatum,
1290 3448 1540 3517 quamvis
1591 3463 1781 3503 eorum
1827 3453 1921 3520 qui
1977 3452 2069 3506 illa
2128 3455 2265 3509 scri-

694 3548 925 3609 pserunt
969 3538 1153 3607 lingua
1178 3538 1419 3592 suaviter
1449 3547 1626 3593 sonet.
1646 3540 1969 3611 Hujusmodi
2005 3545 2267 3614 quiddam

693 3632 898 3686 Paulus
929 3633 1036 3685 ait:
1083 3652 1099 3681 ι
1127 3631 1182 3686 Si
1224 3633 1347 3702 quis
1378 3642 1461 3687 est
1505 3636 1560 3689 in
1584 3637 1739 3691 vobis
1773 3639 2012 3708 sapiens,
2066 3641 2269 3697 stultus

698 3723 813 3786 ﬂat,
840 3735 901 3777 ut
943 3724 1013 3777 sit
1055 3723 1301 3791 sapiens:
1364 3724 1630 3793 sapientia
1676 3729 1820 3781 enim
1864 3730 2026 3800 hujus
2075 3732 2267 3786 mundi

697 3814 931 3869 stultitia
973 3822 1056 3866 est
1084 3812 1227 3882 apud
1314 3814 1485 3872 Deum
1516 3816 1577 3869 ⁸⁸.
1603 3836 1621 3867 ι
1654 3817 1833 3871 Achar
1903 3820 2089 3891 igitur,
2141 3837 2266 3876 cum

696 3907 814 3960 hazc
838 3920 947 3958 non
974 3920 1004 3958 e
1033 3902 1235 3958 Christi
1259 3905 1535 3975 thesauro,
1552 3908 1648 3962 sed
1701 3910 1850 3964 velut
1879 3927 1908 3965 e
1944 3913 2170 3978 mundo,
2200 3929 2268 3968 ex

698 3996 813 4065 ipsa
851 3996 1224 4050 urbeJericho
1276 3997 1597 4066 accepisset,
1643 3999 1873 4059 offendit
1917 4003 2108 4057 Deum.
2160 4004 2265 4060 Sed

698 4103 819 4156 qua
849 4087 974 4140 inde
1000 4102 1065 4140 ex
1094 4088 1171 4141 ira
1198 4087 1291 4141 Dei
1322 4100 1612 4144 consecuta
1664 4101 1810 4155 sunt,
1864 4110 1973 4147 non
2022 4095 2089 4149 ad
2138 4112 2264 4151 eum

668 4180 871 4233 solum
927 4178 1335 4247 pertinuerunt,
1395 4180 1487 4249 qui
1573 4197 1638 4235 eo
1691 4184 1925 4238 crimine
1974 4185 2265 4242 damnatus

691 4279 840 4333 erat,
869 4268 961 4323 sed
989 4279 1156 4323 totam
1204 4286 1527 4340 synagogam
1562 4272 1871 4329 afllixerunt
1910 4294 1921 4328 :
1978 4278 2067 4331 ille
2117 4280 2264 4333 enim

693 4359 967 4428 quondam
998 4358 1236 4412 invictus
1280 4363 1514 4430 populus
1553 4363 1743 4428 Israel,
1773 4381 1969 4435 expers
2022 4370 2265 4437 praesidii

692 4451 917 4519 superni
946 4450 1141 4512 factus,
1178 4451 1429 4507 infirmus
1453 4462 1507 4506 et
1538 4454 1772 4509 imbellis
1820 4458 1941 4511 fuit.

2376 1980 2598 2051 μυσαρά
2625 1981 2732 2051 γὰρ
2764 1980 2993 2052 δέδειχεν
3025 1979 3164 2034 αὑτά
3194 1979 3296 2050 τῆς
3320 1980 3677 2051 πνευματικῆς
3694 1980 3876 2051 Θεωρίας

2373 2074 2407 2142 ἡ
2437 2071 2684 2142 δύναμις.

2445 2165 2611 2219 ΚὶῬ.
2646 2165 2792 2230 Ὅτι,
2830 2158 2877 2218 ὧ
2916 2163 3202 2229 Παλλάδιε,
3241 2163 3557 2235 λαμπρότης
3604 2163 3692 2234 μὲν
3717 2163 3878 2224 ἅπασα,

2376 2258 2538 2326 σοφία
2558 2273 2617 2308 τε
2652 2255 2747 2310 καὶ
2776 2254 3024 2319 πλοῦτος,
3046 2255 3143 2308 καὶ
3175 2253 3282 2325 μὴν
3313 2255 3407 2308 κα)⁵
3437 2254 3602 2323 ίσχὺς.
3620 2253 3879 2323 πρεπόντως

2372 2365 2433 2400 τε
2486 2348 2581 2402 κα)⁸
2626 2348 2789 2411 ὁσίως
2830 2347 3178 2401 ἀνακείσεται
3225 2345 3307 2417 τῷ
3356 2345 3494 2416 Θεῷ.
3540 2344 3699 2398 Αὑτοὺ
3737 2344 3879 2412 γὰρὴ

2373 2438 2501 2504 δόξα
2534 2439 2628 2492 καὶ
2664 2441 2697 2510 ἡ
2730 2441 2877 2493 πᾶσα
2908 2439 3224 2511 λαμπρότης
3243 2479 3258 2503 ,
3306 2437 3533 2500 πλοῦτός
3563 2453 3618 2490 τε
3643 2437 3725 2489 καὶ
3742 2435 3880 2502 σοφία.

2376 2531 2469 2584 καὶ
2502 2529 2752 2602 δύναμις.
2799 2530 2939 2583 Ἀλλ’
2966 2533 3015 2585 εί
3046 2531 3145 2601 μέν
3171 2548 3255 2595 τις
3281 2531 3455 2587 ἕλοιτο
3493 2532 3616 2602 παρ’
3641 2528 3884 2592 acroi,le

2374 2622 2482 2677 ἀπὸ
2516 2621 2791 2694 θησαυροῦ
2834 2622 3038 2696 Κυρίου
3074 2623 3434 2687 πλουτίζοιτο,
3460 2620 3671 2677 πλοῦτον
3694 2620 3883 2692 δηλονότι

2372 2714 2466 2766 τὸν
2513 2712 2723 2783 νοητὸν,
2769 2712 2929 2777 δόξαν
2973 2729 3031 2766 τε
3076 2714 3171 2766 καὶ
3214 2713 3455 2779 σὺνεσιν,
3506 2711 3597 2767 καὶ
3630 2713 3764 2782 ίσχὺν
3800 2712 3885 2780 ἔχει

2374 2804 2772 2875 πνευματικὴν,
2798 2805 3093 2877 περίοπτος
3121 2804 3277 2859 ἔσται
3312 2806 3409 2859 κα)⁵
3431 2804 3676 2873 ζηλωτός.
3706 2801 3819 2855 Είδὲ
3838 2801 3885 2870 δὴ

2375 2897 2617 2968 βούλοιτο
2657 2900 2817 2951 ταυτὶ
2847 2898 2997 2969 παρὰ
3029 2897 3124 2950 τοῦ
3170 2898 3381 2968 κόσμου
3429 2896 3603 2952 λαϐεῖν
3625 2938 3638 2962 ,
3689 2892 3887 2965 βδελυρὸς

2373 2988 2525 3043 ἔσται
2558 2990 2653 3043 καὶ
2684 2990 3071 3061 ἀπηχθημένος
3113 2992 3267 3061 παρά
3296 3009 3361 3060 γε
3393 2990 3470 3061 τῷ
3508 2989 3755 3061 φιλαρέτῳ
3780 2985 3884 3053 Θεῷ,

2372 3083 2467 3136 καὶ
2494 3084 2599 3136 ὑπὸ
2628 3083 2809 3155 κρίσιν
2832 3083 2985 3137 ἔσται
3013 3085 3105 3137 καὶ
3127 3084 3309 3155 δίκην.
3346 3086 3567 3153 Ἔψεται
3593 3084 3692 3152 γὰρ
3719 3081 3887 3138 πάντως

2372 3175 2450 3247 τῷ
2504 3175 2611 3246 μὲν
2660 3175 2872 3247 πλούτῳ
2915 3177 2977 3229 τὸ
3027 3177 3331 3247 φιλήδονον,
3382 3178 3709 3247 λαμπρότητι
3742 3173 3789 3226 δὲ
3820 3170 3888 3222 καὶ

2376 3270 2669 3340 ὑπεροχαῖς
2700 3269 2894 3337 γείτων
2932 3268 3093 3332 εὐθὺς
3121 3272 3154 3341 ἡ
3185 3271 3464 3341 ὑπεροψία
3483 3287 3497 3301 ο
3528 3265 3825 3325 δυναστείαις
3844 3277 3890 3329 γε

2380 3360 2485 3431 μὴν
2518 3361 2925 3431 παραπέπηγεν
2951 3362 2984 3431 ὴ
3027 3360 3309 3428 πλεονεξία
3336 3381 3350 3394 ο
3378 3361 3538 3433 σοφίᾳ
3577 3360 3631 3414 δὲ
3664 3360 3724 3428 τῇ
3754 3358 3801 3408 tv
3825 3353 3893 3406 κό-

2378 3469 2522 3521 σμῳ,
2560 3453 2620 3505 τὸ
2653 3455 2710 3506 ὲν
2740 3454 3005 3525 δόγμασιν
3028 3453 3281 3517 ἀκαλλὲς.
3306 3455 3419 3509 κᾶν
3442 3457 3490 3507 εί
3527 3453 3586 3507 τὸ
3613 3450 3784 3520 εὔηχες
3809 3446 3893 3515 εἶσι

2374 3544 2483 3597 τῶν
2516 3546 2697 3597 ἐκεῖνα
2721 3546 3077 3616 γεγραφότων
3106 3547 3139 3616 ἡ
3173 3544 3415 3613 γλῶττα.
3452 3544 3691 3598 Τοιοῦτόν
3720 3559 3765 3595 τι
3786 3538 3895 3591 καὶὸ

2378 3636 2588 3700 Παῦλός
2616 3653 2783 3708 φησιν
2808 3655 2822 3668 ν
2865 3658 2883 3689 ι
2923 3638 2992 3690 Εἴ
3020 3638 3101 3702 τίς
3132 3641 3277 3692 ἐστιν
3305 3641 3367 3692 ὲν
3400 3640 3528 3710 ὑμῖν
3558 3636 3726 3705 σοφὸς,
3756 3630 3895 3703 μωρὸς

2373 3730 2636 3798 γενέσθω,
2666 3731 2751 3784 ἵνα
2769 3731 2991 3801 γένηται
3018 3732 3181 3801 σοφός
3203 3733 3268 3803 ’ἡ
3297 3732 3408 3804 γὰρ
3444 3732 3600 3801 σοφία
3628 3727 3713 3782 τοῦ
3733 3726 3893 3793 κόσμον

2373 3822 2586 3888 τούτου,
2618 3824 2800 3895 μωρία
2840 3824 2991 3895 παρά
3019 3824 3138 3895 Θεῷ
3160 3826 3331 3885 ἐστιν.
3372 3844 3391 3875 ι
3424 3826 3598 3895 ’Δχαρ
3623 3822 3684 3893 δὴ
3702 3816 3798 3880 οὖν,
3822 3816 3895 3870 οὔκ

2374 3914 2437 3966 ἐκ
2460 3914 2736 3985 θησαυροῦ
2768 3914 3003 3989 Χριστοῦ
3033 3915 3235 3979 λαϐὼν,
3263 3918 3384 3970 ἀλλ’
3414 3912 3715 3986 ὦσπεράπδ
3733 3911 3894 3978 κόσμου

2373 4010 2470 4077 τῆς
2500 4008 2778 4079 Ἱεριχοῦς,
2801 4010 3132 4082 προσκρούει
3155 4010 3294 4082 Θεῷ.
3318 4012 3399 4064 Τὰ
3421 4012 3479 4064 δὲ
3509 4007 3738 4064 ἐντεῦθεν
3761 4000 3895 4074 βλάϐη

2374 4098 2468 4151 καὶ
2499 4098 2569 4151 τὰ
2599 4100 2664 4151 ὲκ
2694 4098 2846 4162 θείας
2878 4100 3050 4169 ὀργῆς
3086 4099 3484 4170 συμϐαίνοντα,
3522 4101 3619 4152 οὑκ
3665 4097 3748 4149 ἐπὶ
3773 4094 3896 4163 μόνον

2372 4190 2567 4261 ἐχώρει
2614 4192 2705 4244 τὸν
2753 4191 2847 4244 ἐπὶ
2883 4192 3057 4243 τοῖσδε
3104 4193 3591 4263 κατεγνωσμένον,
3655 4188 3758 4241 ἀλλ’
3800 4183 3897 4250 ὃλην

2372 4283 2573 4335 ὲκάκου
2604 4282 2703 4352 τὴν
2737 4282 3061 4352 συναγωγήν
3082 4299 3097 4313 θ
3128 4282 3400 4352 ἀμέτοχος
3425 4282 3535 4353 γὰρ
3562 4277 3781 4349 γεγονὼς
3805 4276 3896 4325 δτι·

2372 4376 2593 4447 κουρίας
2636 4376 2735 4446 τῆς
2773 4375 3001 4440 ἄνωθεν,
3039 4376 3276 4447 ἀδρανής
3313 4395 3375 4430 τε
3422 4378 3517 4431 καὶ
3554 4374 3762 4435 ἄναλκις
3786 4365 3841 4439 ἦν
3874 4365 3897 4416 6

2372 4469 2539 4523 πάλαι
2573 4469 3012 4535 δυσαλωτότατος
3058 4470 3292 4541 Ἰσραήλ.

761 4541 958 4593 PALL.
1022 4540 1307 4605 Quomodo
1361 4555 1456 4598 aut
1505 4546 1775 4600 undenam
1812 4549 2031 4604 edoceri
2065 4568 2261 4621 possu-

2438 4561 2644 4615 HAAA.
2679 4562 2789 4615 Καὶ
2821 4563 2937 4625 πῶς
2976 4563 3008 4632 ἢ
3062 4540 3228 4616 πόθεν
3257 4564 3653 4635 ἀναμάθοιμεν,
3686 4563 3754 4626 ὡς
3786 4559 3897 4612 εστιν

692 4647 816 4685 mus
872 4646 1062 4684 verum
1090 4648 1210 4686 esse
1269 4632 1414 4703 quod
1447 4646 1529 4690 est
1558 4655 1585 4690 a
1619 4648 1668 4692 te
1702 4640 1803 4694 hac
1828 4641 1894 4695 de
1932 4659 1989 4695 re
2020 4643 2265 4699 dictum?

758 4719 915 4773 CYR.
974 4720 1052 4773 Ex
1113 4722 1179 4775 iis
1224 4740 1346 4792 quae
1405 4740 1805 4795 consequenter
1860 4733 2061 4802 scripta
2110 4747 2257 4791 sunt.

687 4812 817 4867 Post
850 4812 943 4866 illa
966 4814 1113 4867 enim
1145 4832 1265 4884 quae
1303 4818 1446 4871 circa
1475 4820 1663 4873 urbem
1696 4822 1937 4887 Jericbo,
1974 4837 2028 4880 et
2063 4829 2260 4883 adver-

685 4918 781 4957 sus
811 4918 951 4967 eam,
989 4912 1119 4958 sunt
1153 4906 1412 4975 przeelare
1450 4924 1512 4962 ac
1546 4908 1763 4966 fortiter
1812 4926 1982 4983 gesta,
2014 4932 2079 4970 ex
2132 4920 2255 4973 uni-

684 5010 846 5050 verso
871 4996 1087 5051 lsraelis
1112 4999 1315 5067 populo
1366 5000 1538 5055 lectos
1600 5004 1747 5059 viros
1792 5007 1941 5062 misit
1978 5009 2136 5066 Iesus
2187 5014 2256 5067 ab

682 5085 902 5140 Jericho
956 5087 1012 5140 in
1077 5089 1339 5159 oppidum
1385 5089 1505 5156 Gai,
1558 5093 1786 5150 dicens:
1840 5098 2256 5157 «Asecndentes

681 5176 1025 5231 considerate
1054 5177 1171 5232 Gai.
1202 5180 1269 5235 Et
1295 5182 1661 5238 ascenderunt
1690 5187 1795 5240 viri
1851 5188 1951 5255 illi,
1983 5200 2039 5245 et
2068 5195 2251 5248 consi-

680 5268 1013 5322 deraverunt
1037 5269 1155 5335 Gai,
1188 5282 1243 5325 et
1273 5276 1476 5329 reversi
1508 5285 1635 5330 sunt
1654 5278 1721 5331 ad
1755 5279 1965 5347 Jesum,
2009 5294 2065 5339 et
2097 5286 2249 5342 dixe-

2364 4650 2570 4721 ἀληθὴς
2597 4652 2625 4703 ὁ
2650 4653 2741 4705 ἐπὶ
2762 4652 2895 4723 τῷδε
2923 4653 3112 4720 λόγος;

2438 4744 2601 4797 ΚΥΡ.
2653 4745 2785 4797 Ἀπό
2826 4763 2891 4814 γε
2919 4746 3029 4798 τῶν
3074 4746 3273 4816 ἑφεξῆς
3319 4750 3735 4820 γεγραμμένων.
3779 4740 3901 4798 Μετὰ

2363 4835 2469 4905 γὰρ
2502 4836 2570 4888 τὰ
2606 4836 2744 4889 κατὰ
2772 4838 2872 4908 τὴν
2936 4838 3144 4910 Ἰεριχὼ
3178 4842 3271 4894 καὶ
3309 4841 3378 4894 τὰ
3409 4842 3499 4894 ἐπ’
3524 4842 3658 4911 αὑτῇ
3679 4832 3901 4907 λαμπρὰ

2363 4926 2457 4979 καὶ
2518 4927 2783 4992 νεανικῶς
2845 4930 3185 5000 εἰργασμένα
3238 4932 3392 5002 παρά
3443 4932 3643 4994 παντὸς
3701 4924 3896 4997 Ἰσραὴλ.

2361 5021 2679 5075 ἀπέστειλεν
2741 5024 2947 5093 Ἰησοῦς
2990 5026 3186 5097 ἄνδρας
3221 5027 3328 5080 ἀπὸ
3376 5026 3587 5098 Ἱεριχὼ
3612 5026 3688 5088 είς
3712 5016 3901 5081 Fat,“-

2361 5130 2472 5181 γων
2489 5130 2501 5142 '
2515 5133 2532 5164 ι
2545 5113 2865 5179 ’Δναϐἀντες
2882 5133 3088 5169 κατασκ
3096 5117 3293 5185 ἐψασθε
3310 5118 3414 5188 τὴν
3428 5112 3899 5185 Γαῖ.Καὶ,ἀνέϐησαν

2364 5207 2414 5257 ot
2464 5205 2658 5276 ἄνδρες
2716 5208 2807 5259 καὶ
2870 5208 3276 5278 κατεσκέψαντο
3327 5210 3432 5281 τὴν
3489 5208 3622 5275 Γαῖ,
3678 5206 3763 5261 καὶ
3834 5200 3903 5254 ἀν·

2362 5292 2633 5364 έστρεψαν
2676 5295 3073 5366 πρὸςῚησοῦν,
3116 5299 3210 5351 καὶ
3243 5294 3403 5351 εἶπαν
3450 5298 3590 5369 πρὸς
3630 5293 3794 5349 αὑτόνο
3830 5286 3903 5355 Μὴ

679 5367 813 5411 runt
843 5359 922 5411 ei:
948 5360 1023 5413 Ne
1056 5364 1314 5418 ascendat
1374 5368 1441 5421 ad
1490 5386 1610 5425 eam
1648 5374 1826 5428 omnis
1855 5378 2109 5445 p0pulus,
2151 5382 2246 5434 sed

2362 5359 2695 5441 ἀναϐαινέτω
2724 5359 2832 5452 πᾶς
2857 5390 2885 5441 ὁ
2906 5359 3067 5452 λαὸς,
3097 5390 3212 5442 ἀλλ’
3236 5390 3367 5443 om
3388 5359 3639 5461 δισέιλιοι
3665 5388 3698 5459 ἢ
3724 5381 3903 5455 τρισχί-

678 5450 899 5503 circiter
922 5450 1032 5503 duo
1079 5462 1172 5507 aut
1200 5456 1302 5510 tria
1338 5459 1509 5514 millia
1560 5463 1807 5518 virorum
1840 5470 2157 5535 ascendant,
2193 5482 2248 5527 et

2362 5479 2457 5531 λιοι
2498 5480 2691 5550 ἄνδρες
2719 5450 3185 5551 ἀναϐαινέτωσαν,
3217 5484 3311 5536 καὶ
3342 5450 3899 5551 ἐκωλιορκησάτωσαν

676 5537 964 5592 obsideant
989 5541 1216 5598 urbem:
1258 5561 1327 5599 ne
1365 5547 1534 5604 ducas
1586 5568 1652 5606 eo
1705 5555 2025 5612 universum
2072 5578 2247 5631 popu-

676 5625 783 5645 I--_.-
852 5642 901 5645 si
992 5628 1003 5640 ⁸
1390 5644 1393 5645 ⁷
1441 5638 1481 5645 —
1709 5642 1721 5645 “

2362 5568 2451 5638 τὴν
2506 5537 2687 5625 πόλινῖ
2728 5571 2819 5643 Μὴ
2859 5573 3141 5645 ἀναγάγῃς
3171 5537 3317 5627 ’ἐκεῖ
3376 5573 3470 5627 τὸν
3514 5537 3897 5627 λῶνιάπαντα·

674 5625 823 5689 lum;
849 5628 1005 5697 pauci
1024 5646 1256 5702 namque
1274 5644 1420 5691 sunt.
1441 5638 1508 5693 Et
1525 5642 1891 5701 ascenderunt
1914 5664 1980 5703 eo
2006 5625 2110 5707 viri
2137 5625 2217 5708 cfr

2362 5625 2522 5729 ὀλίγοι
2555 5663 2663 5734 γάρ
2705 5625 2832 5720 elei...
2865 5625 2987 5720 Καὶ.
3010 5625 3608 5737 ἀνέϐησανέκεί-ώσεί
3628 5625 3632 5626 7
3652 5658 3903 5735 τρισχίλιοι

746 5803 839 5861 ⁸³1
887 5806 1013 5861 Cor.
1046 5825 1120 5875 In,
1156 5811 1240 5867 l9.
