  <div class='ocr_page' id='page_1' title='image "/cluster/home/n/w/nwhite01/storage/ocr_20150623/68/hvd.32044019207851/190.png"; bbox 0 0 4076 6514; ppageno 0'>
   <div class='ocr_carea' id='block_1_1' title="bbox 208 422 2693 507">
    <p class='ocr_par' dir='ltr' id='par_1_1' title="bbox 208 422 2693 507">
     <span class='ocr_line' id='line_1_1' title="bbox 208 422 2693 507; baseline -0.004 0"><span class='ocrx_word' id='word_1_1' title='bbox 208 422 291 507; x_wconf 69' lang='lat'><strong>$65</strong></span> <span class='ocrx_word' id='word_1_2' title='bbox 903 443 992 498; x_wconf 85' lang='lat' dir='ltr'><strong>DE</strong></span> <span class='ocrx_word' id='word_1_3' title='bbox 1030 441 1470 500; x_wconf 77' lang='lat' dir='ltr'><strong>ADORATIONE</strong></span> <span class='ocrx_word' id='word_1_4' title='bbox 1509 443 1576 499; x_wconf 83' lang='lat' dir='ltr'><strong>IN</strong></span> <span class='ocrx_word' id='word_1_5' title='bbox 1617 441 1885 499; x_wconf 81' lang='lat' dir='ltr'><strong>SPlRlTU</strong></span> <span class='ocrx_word' id='word_1_6' title='bbox 1925 437 2013 498; x_wconf 83' lang='lat' dir='ltr'><strong>ET</strong></span> <span class='ocrx_word' id='word_1_7' title='bbox 2053 443 2420 500; x_wconf 67' lang='lat' dir='ltr'><strong>VEItlTATE.</strong></span> <span class='ocrx_word' id='word_1_8' title='bbox 2466 443 2588 497; x_wconf 89' lang='lat' dir='ltr'><strong>LIB.</strong></span> <span class='ocrx_word' id='word_1_9' title='bbox 2634 443 2693 497; x_wconf 91' lang='lat' dir='ltr'><strong>v.</strong></span> 
     </span>
    </p>
   </div>
   <div class='ocr_carea' id='block_1_2' title="bbox 3316 449 3416 506">
    <p class='ocr_par' dir='ltr' id='par_1_2' title="bbox 3316 449 3416 506">
     <span class='ocr_line' id='line_1_2' title="bbox 3316 449 3416 506; baseline 0.02 -2"><span class='ocrx_word' id='word_1_10' title='bbox 3316 449 3416 506; x_wconf 77' lang='lat'><strong>566</strong></span> 
     </span>
    </p>
   </div>
   <div class='ocr_carea' id='block_1_3' title="bbox 209 558 1748 633">
    <p class='ocr_par' dir='ltr' id='par_1_3' title="bbox 209 558 1739 633">
     <span class='ocr_line' id='line_1_3' title="bbox 209 558 1739 633; baseline -0.003 -17"><span class='ocrx_word' id='word_1_11' title='bbox 209 565 384 633; x_wconf 71' lang='grc' dir='ltr'><strong>ἄνδρες,</strong></span> <span class='ocrx_word' id='word_1_12' title='bbox 409 560 498 613; x_wconf 73' lang='grc' dir='ltr'><strong>καὶ</strong></span> <span class='ocrx_word' id='word_1_13' title='bbox 531 559 733 629; x_wconf 78' lang='grc' dir='ltr'><strong>ἔφυγον</strong></span> <span class='ocrx_word' id='word_1_14' title='bbox 758 559 867 612; x_wconf 77' lang='grc' dir='ltr'><strong>άπὸ</strong></span> <span class='ocrx_word' id='word_1_15' title='bbox 910 558 1205 629; x_wconf 79' lang='grc' dir='ltr'><strong>προσώπου</strong></span> <span class='ocrx_word' id='word_1_16' title='bbox 1249 558 1460 630; x_wconf 82' lang='grc' dir='ltr'><strong>ἀνδρῶν</strong></span> <span class='ocrx_word' id='word_1_17' title='bbox 1491 559 1612 626; x_wconf 73' lang='lat' dir='ltr'><strong>Fat,</strong></span> <span class='ocrx_word' id='word_1_18' title='bbox 1645 560 1739 612; x_wconf 77' lang='grc' dir='ltr'><strong>καὶ</strong></span> 
     </span>
    </p>
   </div>
   <div class='ocr_carea' id='block_1_4' title="bbox 1852 558 3422 633">
    <p class='ocr_par' dir='ltr' id='par_1_4' title="bbox 1852 558 3422 630">
     <span class='ocr_line' id='line_1_4' title="bbox 1852 558 3422 630; baseline 0.007 -18"><span class='ocrx_word' id='word_1_19' title='bbox 1852 558 1981 614; x_wconf 72' lang='lat' dir='ltr'><strong>riter</strong></span> <span class='ocrx_word' id='word_1_20' title='bbox 2006 561 2108 614; x_wconf 89' lang='lat' dir='ltr'><strong>tria</strong></span> <span class='ocrx_word' id='word_1_21' title='bbox 2138 561 2328 625; x_wconf 79' lang='lat' dir='ltr'><strong>millia,</strong></span> <span class='ocrx_word' id='word_1_22' title='bbox 2360 559 2690 630; x_wconf 87' lang='lat' dir='ltr'><strong>etfugerunt</strong></span> <span class='ocrx_word' id='word_1_23' title='bbox 2716 576 2746 616; x_wconf 71' lang='grc' dir='ltr'><strong>ιι</strong></span> <span class='ocrx_word' id='word_1_24' title='bbox 2787 558 2922 615; x_wconf 90' lang='lat' dir='ltr'><strong>facie</strong></span> <span class='ocrx_word' id='word_1_25' title='bbox 2946 561 3191 617; x_wconf 83' lang='lat' dir='ltr'><strong>virorum</strong></span> <span class='ocrx_word' id='word_1_26' title='bbox 3214 563 3334 628; x_wconf 88' lang='lat' dir='ltr'><strong>Gai,</strong></span> <span class='ocrx_word' id='word_1_27' title='bbox 3363 576 3422 624; x_wconf 87' lang='lat' dir='ltr'><strong>et</strong></span> 
     </span>
    </p>
   </div>
   <div class='ocr_carea' id='block_1_5' title="bbox 205 647 1743 722">
    <p class='ocr_par' dir='ltr' id='par_1_5' title="bbox 205 647 1743 722">
     <span class='ocr_line' id='line_1_5' title="bbox 205 647 1743 722; baseline -0.003 -14"><span class='ocrx_word' id='word_1_28' title='bbox 205 654 491 709; x_wconf 81' lang='grc' dir='ltr'><strong>ἀπέκτειναν</strong></span> <span class='ocrx_word' id='word_1_29' title='bbox 520 651 618 704; x_wconf 80' lang='grc' dir='ltr'><strong>ἀπ’</strong></span> <span class='ocrx_word' id='word_1_30' title='bbox 662 650 844 704; x_wconf 77' lang='grc' dir='ltr'><strong>αὐτῶν</strong></span> <span class='ocrx_word' id='word_1_31' title='bbox 886 649 1078 722; x_wconf 77' lang='grc' dir='ltr'><strong>ἄνδρες</strong></span> <span class='ocrx_word' id='word_1_32' title='bbox 1126 647 1226 702; x_wconf 66' lang='lat' dir='ltr'><strong>Fat</strong></span> <span class='ocrx_word' id='word_1_33' title='bbox 1269 650 1349 713; x_wconf 84' lang='grc' dir='ltr'><strong>είς</strong></span> <span class='ocrx_word' id='word_1_34' title='bbox 1387 649 1743 720; x_wconf 77' lang='grc' dir='ltr'><strong>τριακονταὲξ</strong></span> 
     </span>
    </p>
   </div>
   <div class='ocr_carea' id='block_1_6' title="bbox 206 738 1744 815">
    <p class='ocr_par' dir='ltr' id='par_1_6' title="bbox 206 738 1744 815">
     <span class='ocr_line' id='line_1_6' title="bbox 206 738 1744 815; baseline -0.003 -15"><span class='ocrx_word' id='word_1_35' title='bbox 206 746 386 815; x_wconf 74' lang='grc' dir='ltr'><strong>ἄνδρας.</strong></span> <span class='ocrx_word' id='word_1_36' title='bbox 425 743 518 796; x_wconf 76' lang='grc' dir='ltr'><strong>καὶ</strong></span> <span class='ocrx_word' id='word_1_37' title='bbox 562 741 892 806; x_wconf 76' lang='grc' dir='ltr'><strong>κατεδίωξαν</strong></span> <span class='ocrx_word' id='word_1_38' title='bbox 924 741 1121 804; x_wconf 79' lang='grc' dir='ltr'><strong>αὐτοὺς</strong></span> <span class='ocrx_word' id='word_1_39' title='bbox 1150 739 1260 794; x_wconf 78' lang='grc' dir='ltr'><strong>ἀπὸ</strong></span> <span class='ocrx_word' id='word_1_40' title='bbox 1295 741 1394 812; x_wconf 86' lang='grc' dir='ltr'><strong>τῆς</strong></span> <span class='ocrx_word' id='word_1_41' title='bbox 1417 738 1612 813; x_wconf 89' lang='grc' dir='ltr'><strong>πύλης,</strong></span> <span class='ocrx_word' id='word_1_42' title='bbox 1649 739 1744 796; x_wconf 72' lang='grc' dir='ltr'><strong>καὶ</strong></span> 
     </span>
    </p>
   </div>
   <div class='ocr_carea' id='block_1_7' title="bbox 206 831 1741 906">
    <p class='ocr_par' dir='ltr' id='par_1_7' title="bbox 206 831 1741 906">
     <span class='ocr_line' id='line_1_7' title="bbox 206 831 1741 906; baseline -0.001 -18"><span class='ocrx_word' id='word_1_43' title='bbox 206 833 490 906; x_wconf 74' lang='grc' dir='ltr'><strong>συνέτριψαν</strong></span> <span class='ocrx_word' id='word_1_44' title='bbox 511 833 712 896; x_wconf 78' lang='grc' dir='ltr'><strong>αὐτοὺς</strong></span> <span class='ocrx_word' id='word_1_45' title='bbox 735 833 842 886; x_wconf 84' lang='grc' dir='ltr'><strong>ἀπὸ</strong></span> <span class='ocrx_word' id='word_1_46' title='bbox 859 831 954 885; x_wconf 80' lang='grc' dir='ltr'><strong>τοῦ</strong></span> <span class='ocrx_word' id='word_1_47' title='bbox 981 831 1324 902; x_wconf 74' lang='grc' dir='ltr'><strong>καταφεροῧς</strong></span> <span class='ocrx_word' id='word_1_48' title='bbox 1345 848 1358 862; x_wconf 81' lang='grc'><em>’</em></span> <span class='ocrx_word' id='word_1_49' title='bbox 1385 832 1476 885; x_wconf 75' lang='grc' dir='ltr'><strong>καὶ</strong></span> <span class='ocrx_word' id='word_1_50' title='bbox 1502 833 1741 904; x_wconf 76' lang='grc' dir='ltr'><strong>ἐπτοήθη</strong></span> 
     </span>
    </p>
   </div>
   <div class='ocr_carea' id='block_1_8' title="bbox 204 919 1742 996">
    <p class='ocr_par' dir='ltr' id='par_1_8' title="bbox 204 919 1742 996">
     <span class='ocr_line' id='line_1_8' title="bbox 204 919 1742 996; baseline -0.002 -19"><span class='ocrx_word' id='word_1_51' title='bbox 204 925 426 996; x_wconf 79' lang='grc' dir='ltr'><strong>ἡκαρδία</strong></span> <span class='ocrx_word' id='word_1_52' title='bbox 462 922 557 976; x_wconf 78' lang='grc' dir='ltr'><strong>τοῦ</strong></span> <span class='ocrx_word' id='word_1_53' title='bbox 605 922 759 986; x_wconf 78' lang='grc' dir='ltr'><strong>λαοῦ,</strong></span> <span class='ocrx_word' id='word_1_54' title='bbox 800 921 892 974; x_wconf 84' lang='grc' dir='ltr'><strong>καὶ</strong></span> <span class='ocrx_word' id='word_1_55' title='bbox 937 921 1157 990; x_wconf 83' lang='grc' dir='ltr'><strong>ἐγένετο</strong></span> <span class='ocrx_word' id='word_1_56' title='bbox 1189 919 1379 993; x_wconf 81' lang='grc' dir='ltr'><strong>ὥσπερ</strong></span> <span class='ocrx_word' id='word_1_57' title='bbox 1412 919 1576 993; x_wconf 78' lang='grc' dir='ltr'><strong>ὕδωρ.</strong></span> <span class='ocrx_word' id='word_1_58' title='bbox 1619 940 1638 973; x_wconf 71' lang='grc' dir='ltr'><strong>ι</strong></span> <span class='ocrx_word' id='word_1_59' title='bbox 1679 921 1742 975; x_wconf 88' lang='grc' dir='ltr'><strong>Οί</strong></span> 
     </span>
    </p>
   </div>
   <div class='ocr_carea' id='block_1_9' title="bbox 201 1011 1743 1085">
    <p class='ocr_par' dir='ltr' id='par_1_9' title="bbox 201 1011 1743 1085">
     <span class='ocr_line' id='line_1_9' title="bbox 201 1011 1743 1085; baseline -0.002 -16"><span class='ocrx_word' id='word_1_60' title='bbox 201 1017 353 1078; x_wconf 79' lang='grc' dir='ltr'><strong>πόλεις</strong></span> <span class='ocrx_word' id='word_1_61' title='bbox 387 1014 616 1078; x_wconf 82' lang='grc' dir='ltr'><strong>ἑλόντες,</strong></span> <span class='ocrx_word' id='word_1_62' title='bbox 643 1013 738 1066; x_wconf 78' lang='grc' dir='ltr'><strong>καὶ</strong></span> <span class='ocrx_word' id='word_1_63' title='bbox 784 1011 967 1085; x_wconf 84' lang='grc' dir='ltr'><strong>χώρας</strong></span> <span class='ocrx_word' id='word_1_64' title='bbox 1015 1013 1484 1084; x_wconf 80' lang='grc' dir='ltr'><strong>καταδῃὼσαντες,</strong></span> <span class='ocrx_word' id='word_1_65' title='bbox 1536 1013 1630 1066; x_wconf 74' lang='grc' dir='ltr'><strong>καὶ</strong></span> <span class='ocrx_word' id='word_1_66' title='bbox 1675 1013 1743 1066; x_wconf 78' lang='grc' dir='ltr'><strong>τὰ</strong></span> 
     </span>
    </p>
   </div>
   <div class='ocr_carea' id='block_1_10' title="bbox 201 1105 1744 1179">
    <p class='ocr_par' dir='ltr' id='par_1_10' title="bbox 201 1105 1744 1179">
     <span class='ocr_line' id='line_1_10' title="bbox 201 1105 1744 1179; baseline -0.003 -17"><span class='ocrx_word' id='word_1_67' title='bbox 201 1107 421 1179; x_wconf 81' lang='grc' dir='ltr'><strong>ὼμάτατα</strong></span> <span class='ocrx_word' id='word_1_68' title='bbox 459 1106 567 1159; x_wconf 85' lang='grc' dir='ltr'><strong>τῶν</strong></span> <span class='ocrx_word' id='word_1_69' title='bbox 594 1105 764 1158; x_wconf 83' lang='grc' dir='ltr'><strong>ἐθνῶν</strong></span> <span class='ocrx_word' id='word_1_70' title='bbox 792 1105 1034 1175; x_wconf 73' lang='grc' dir='ltr'><strong>ἀμογητὶ</strong></span> <span class='ocrx_word' id='word_1_71' title='bbox 1065 1105 1407 1176; x_wconf 75' lang='grc' dir='ltr'><strong>νικήσαντες,</strong></span> <span class='ocrx_word' id='word_1_72' title='bbox 1458 1105 1744 1174; x_wconf 86' lang='grc' dir='ltr'><strong>ἀκαταμα-</strong></span> 
     </span>
    </p>
   </div>
   <div class='ocr_carea' id='block_1_11' title="bbox 199 1194 1745 1271">
    <p class='ocr_par' dir='ltr' id='par_1_11' title="bbox 199 1194 1745 1271">
     <span class='ocr_line' id='line_1_11' title="bbox 199 1194 1745 1271; baseline -0.003 -19"><span class='ocrx_word' id='word_1_73' title='bbox 199 1203 355 1271; x_wconf 77' lang='grc' dir='ltr'><strong>χήτοις</strong></span> <span class='ocrx_word' id='word_1_74' title='bbox 383 1199 838 1270; x_wconf 76' lang='grc' dir='ltr'><strong>περιτυγχάνουσι</strong></span> <span class='ocrx_word' id='word_1_75' title='bbox 876 1198 991 1258; x_wconf 81' lang='grc' dir='ltr'><strong>τοῖς</strong></span> <span class='ocrx_word' id='word_1_76' title='bbox 1032 1196 1142 1250; x_wconf 84' lang='grc' dir='ltr'><strong>άπὸ</strong></span> <span class='ocrx_word' id='word_1_77' title='bbox 1180 1197 1282 1266; x_wconf 86' lang='grc' dir='ltr'><strong>τῆς</strong></span> <span class='ocrx_word' id='word_1_78' title='bbox 1319 1194 1436 1262; x_wconf 82' lang='grc' dir='ltr'><strong>Γαῒ,</strong></span> <span class='ocrx_word' id='word_1_79' title='bbox 1467 1196 1562 1250; x_wconf 80' lang='grc' dir='ltr'><strong>καὶ</strong></span> <span class='ocrx_word' id='word_1_80' title='bbox 1592 1195 1745 1266; x_wconf 80' lang='grc' dir='ltr'><strong>μόλις</strong></span> 
     </span>
    </p>
   </div>
   <div class='ocr_carea' id='block_1_12' title="bbox 199 1277 1744 1359">
    <p class='ocr_par' dir='ltr' id='par_1_12' title="bbox 199 1277 1744 1359">
     <span class='ocr_line' id='line_1_12' title="bbox 199 1277 1744 1359; baseline -0.004 -13"><span class='ocrx_word' id='word_1_81' title='bbox 199 1291 452 1357; x_wconf 75' lang='grc' dir='ltr'><strong>ἐσώζοντο,</strong></span> <span class='ocrx_word' id='word_1_82' title='bbox 488 1291 581 1342; x_wconf 69' lang='grc' dir='ltr'><strong>καὶ</strong></span> <span class='ocrx_word' id='word_1_83' title='bbox 617 1289 941 1359; x_wconf 82' lang='grc' dir='ltr'>ἀπεχώρουν</span> <span class='ocrx_word' id='word_1_84' title='bbox 968 1277 1070 1341; x_wconf 76' lang='grc' dir='ltr'><strong>οὒκ</strong></span> <span class='ocrx_word' id='word_1_85' title='bbox 1099 1287 1346 1358; x_wconf 77' lang='grc' dir='ltr'><strong>ἀζήμιοι,</strong></span> <span class='ocrx_word' id='word_1_86' title='bbox 1378 1287 1514 1358; x_wconf 80' lang='grc' dir='ltr'><strong>μηδὲ</strong></span> <span class='ocrx_word' id='word_1_87' title='bbox 1539 1287 1667 1358; x_wconf 83' lang='grc' dir='ltr'><strong>ὃλην</strong></span> <span class='ocrx_word' id='word_1_88' title='bbox 1688 1288 1744 1340; x_wconf 81' lang='grc' dir='ltr'><strong>ἐν</strong></span> 
     </span>
    </p>
   </div>
   <div class='ocr_carea' id='block_1_13' title="bbox 196 1374 1748 1457">
    <p class='ocr_par' dir='ltr' id='par_1_13' title="bbox 196 1374 1748 1457">
     <span class='ocr_line' id='line_1_13' title="bbox 196 1374 1748 1457; baseline -0.005 -18"><span class='ocrx_word' id='word_1_89' title='bbox 196 1387 360 1457; x_wconf 77' lang='grc' dir='ltr'>ἀρχαῖς</span> <span class='ocrx_word' id='word_1_90' title='bbox 381 1383 479 1455; x_wconf 83' lang='grc' dir='ltr'><strong>τὴν</strong></span> <span class='ocrx_word' id='word_1_91' title='bbox 507 1381 618 1436; x_wconf 84' lang='grc' dir='ltr'><strong>τῶν</strong></span> <span class='ocrx_word' id='word_1_92' title='bbox 656 1382 914 1452; x_wconf 82' lang='grc' dir='ltr'><strong>μαχίμων</strong></span> <span class='ocrx_word' id='word_1_93' title='bbox 955 1379 1164 1450; x_wconf 82' lang='grc' dir='ltr'><strong>πληθὺν</strong></span> <span class='ocrx_word' id='word_1_94' title='bbox 1189 1383 1246 1434; x_wconf 84' lang='grc' dir='ltr'><strong>ἐν</strong></span> <span class='ocrx_word' id='word_1_95' title='bbox 1274 1380 1459 1443; x_wconf 80' lang='grc' dir='ltr'><strong>ὅπλοις</strong></span> <span class='ocrx_word' id='word_1_96' title='bbox 1483 1374 1623 1433; x_wconf 73' lang='grc' dir='ltr'><strong>εἶναι</strong></span> <span class='ocrx_word' id='word_1_97' title='bbox 1659 1379 1748 1433; x_wconf 80' lang='lat' dir='ltr'><strong>Oe-</strong></span> 
     </span>
    </p>
   </div>
   <div class='ocr_carea' id='block_1_14' title="bbox 196 1472 1744 1549">
    <p class='ocr_par' dir='ltr' id='par_1_14' title="bbox 196 1472 1744 1549">
     <span class='ocr_line' id='line_1_14' title="bbox 196 1472 1744 1549; baseline -0.003 -18"><span class='ocrx_word' id='word_1_98' title='bbox 196 1479 463 1549; x_wconf 78' lang='grc' dir='ltr'><strong>λήσαντες,</strong></span> <span class='ocrx_word' id='word_1_99' title='bbox 519 1474 992 1543; x_wconf 67' lang='grc' dir='ltr'><strong>εὐκαταγώνιστον</strong></span> <span class='ocrx_word' id='word_1_100' title='bbox 1037 1475 1094 1529; x_wconf 80' lang='grc' dir='ltr'><strong>δὲ</strong></span> <span class='ocrx_word' id='word_1_101' title='bbox 1152 1475 1349 1544; x_wconf 85' lang='grc' dir='ltr'><strong>κομιδῇ</strong></span> <span class='ocrx_word' id='word_1_102' title='bbox 1401 1474 1494 1528; x_wconf 78' lang='grc' dir='ltr'><strong>καὶ</strong></span> <span class='ocrx_word' id='word_1_103' title='bbox 1545 1472 1744 1542; x_wconf 72' lang='grc' dir='ltr'><strong>ὀλίγοις</strong></span> 
     </span>
    </p>
   </div>
   <div class='ocr_carea' id='block_1_15' title="bbox 194 1565 1741 1641">
    <p class='ocr_par' dir='ltr' id='par_1_15' title="bbox 194 1565 1741 1641">
     <span class='ocr_line' id='line_1_15' title="bbox 194 1565 1741 1641; baseline -0.003 -18"><span class='ocrx_word' id='word_1_104' title='bbox 194 1569 383 1623; x_wconf 77' lang='grc' dir='ltr'><strong>ἔσεσθαι</strong></span> <span class='ocrx_word' id='word_1_105' title='bbox 437 1569 540 1640; x_wconf 78' lang='grc' dir='ltr'><strong>τὴν</strong></span> <span class='ocrx_word' id='word_1_106' title='bbox 587 1568 743 1620; x_wconf 85' lang='grc' dir='ltr'><strong>πόλιν</strong></span> <span class='ocrx_word' id='word_1_107' title='bbox 785 1568 1082 1641; x_wconf 77' lang='grc' dir='ltr'><strong>διαρρήδην</strong></span> <span class='ocrx_word' id='word_1_108' title='bbox 1141 1565 1596 1638; x_wconf 79' lang='grc' dir='ltr'><strong>ὁμολογήσαντες.</strong></span> <span class='ocrx_word' id='word_1_109' title='bbox 1647 1567 1741 1635; x_wconf 78' lang='grc' dir='ltr'>Μὴ</span> 
     </span>
    </p>
   </div>
   <div class='ocr_carea' id='block_1_16' title="bbox 194 1654 1746 1730">
    <p class='ocr_par' dir='ltr' id='par_1_16' title="bbox 194 1654 1746 1730">
     <span class='ocr_line' id='line_1_16' title="bbox 194 1654 1746 1730; baseline -0.006 -15"><span class='ocrx_word' id='word_1_110' title='bbox 194 1658 504 1715; x_wconf 74' lang='grc' dir='ltr'><strong>ἀναδαινέτω</strong></span> <span class='ocrx_word' id='word_1_111' title='bbox 544 1659 676 1730; x_wconf 76' lang='grc' dir='ltr'><strong>γὰρ,</strong></span> <span class='ocrx_word' id='word_1_112' title='bbox 725 1657 983 1728; x_wconf 75' lang='grc' dir='ltr'><strong>ἔφασκον,</strong></span> <span class='ocrx_word' id='word_1_113' title='bbox 1030 1658 1139 1720; x_wconf 83' lang='grc' dir='ltr'><strong>πᾶς</strong></span> <span class='ocrx_word' id='word_1_114' title='bbox 1190 1659 1219 1709; x_wconf 90' lang='grc' dir='ltr'><strong>ό</strong></span> <span class='ocrx_word' id='word_1_115' title='bbox 1263 1655 1412 1720; x_wconf 73' lang='grc' dir='ltr'><strong>λαδς,</strong></span> <span class='ocrx_word' id='word_1_116' title='bbox 1448 1654 1562 1710; x_wconf 83' lang='grc' dir='ltr'><strong>ἀλλ’</strong></span> <span class='ocrx_word' id='word_1_117' title='bbox 1614 1654 1746 1707; x_wconf 74' lang='grc' dir='ltr'><strong>ὡσεὶ</strong></span> 
     </span>
    </p>
   </div>
   <div class='ocr_carea' id='block_1_17' title="bbox 196 1743 1744 1819">
    <p class='ocr_par' dir='ltr' id='par_1_17' title="bbox 196 1743 1744 1819">
     <span class='ocr_line' id='line_1_17' title="bbox 196 1743 1744 1819; baseline -0.004 -18"><span class='ocrx_word' id='word_1_118' title='bbox 196 1749 418 1818; x_wconf 75' lang='grc' dir='ltr'><strong>δισχίλιοι</strong></span> <span class='ocrx_word' id='word_1_119' title='bbox 445 1747 661 1819; x_wconf 80' lang='grc' dir='ltr'><strong>ἄνδρες.</strong></span> <span class='ocrx_word' id='word_1_120' title='bbox 688 1746 833 1818; x_wconf 81' lang='grc' dir='ltr'><strong>Πρὸς</strong></span> <span class='ocrx_word' id='word_1_121' title='bbox 858 1746 915 1799; x_wconf 81' lang='grc' dir='ltr'><strong>δὲ</strong></span> <span class='ocrx_word' id='word_1_122' title='bbox 941 1745 1001 1799; x_wconf 83' lang='grc' dir='ltr'><strong>τὸ</strong></span> <span class='ocrx_word' id='word_1_123' title='bbox 1023 1746 1283 1816; x_wconf 76' lang='grc' dir='ltr'><strong>ἀδόκητον</strong></span> <span class='ocrx_word' id='word_1_124' title='bbox 1309 1743 1503 1808; x_wconf 80' lang='grc' dir='ltr'><strong>πάθος,</strong></span> <span class='ocrx_word' id='word_1_125' title='bbox 1524 1743 1620 1798; x_wconf 71' lang='grc' dir='ltr'><strong>καὶ</strong></span> <span class='ocrx_word' id='word_1_126' title='bbox 1643 1744 1744 1812; x_wconf 70' lang='grc' dir='ltr'><strong>τὴν</strong></span> 
     </span>
    </p>
   </div>
   <div class='ocr_carea' id='block_1_18' title="bbox 189 1834 1746 1910">
    <p class='ocr_par' dir='ltr' id='par_1_18' title="bbox 189 1834 1746 1910">
     <span class='ocr_line' id='line_1_18' title="bbox 189 1834 1746 1910; baseline -0.004 -18"><span class='ocrx_word' id='word_1_127' title='bbox 189 1839 271 1910; x_wconf 77' lang='grc' dir='ltr'><strong>τῆς</strong></span> <span class='ocrx_word' id='word_1_128' title='bbox 285 1838 492 1901; x_wconf 84' lang='grc' dir='ltr'><strong>ἐλπίδος</strong></span> <span class='ocrx_word' id='word_1_129' title='bbox 513 1838 772 1891; x_wconf 81' lang='grc' dir='ltr'><strong>ἐπέκεινα</strong></span> <span class='ocrx_word' id='word_1_130' title='bbox 796 1855 859 1889; x_wconf 90' lang='grc' dir='ltr'><strong>συ</strong></span> <span class='ocrx_word' id='word_1_131' title='bbox 868 1837 1102 1908; x_wconf 73' lang='grc' dir='ltr'><strong>μφορόιν,</strong></span> <span class='ocrx_word' id='word_1_132' title='bbox 1126 1836 1609 1910; x_wconf 84' lang='grc' dir='ltr'><strong>βαρυθυμήσαντος</strong></span> <span class='ocrx_word' id='word_1_133' title='bbox 1627 1834 1746 1887; x_wconf 93' lang='grc' dir='ltr'><strong>λίαν</strong></span> 
     </span>
    </p>
   </div>
   <div class='ocr_carea' id='block_1_19' title="bbox 1845 652 3418 730">
    <p class='ocr_par' dir='ltr' id='par_1_19' title="bbox 1845 652 3418 730">
     <span class='ocr_line' id='line_1_19' title="bbox 1845 652 3418 730; baseline 0.006 -24"><span class='ocrx_word' id='word_1_134' title='bbox 1845 652 2242 710; x_wconf 88' lang='lat' dir='ltr'><strong>interfecerunt</strong></span> <span class='ocrx_word' id='word_1_135' title='bbox 2266 669 2332 708; x_wconf 80' lang='lat' dir='ltr'><strong>ex</strong></span> <span class='ocrx_word' id='word_1_136' title='bbox 2360 653 2494 723; x_wconf 87' lang='lat' dir='ltr'><strong>ipsis</strong></span> <span class='ocrx_word' id='word_1_137' title='bbox 2521 654 2627 707; x_wconf 86' lang='lat' dir='ltr'><strong>viri</strong></span> <span class='ocrx_word' id='word_1_138' title='bbox 2650 653 2746 708; x_wconf 88' lang='lat' dir='ltr'><strong>Gai</strong></span> <span class='ocrx_word' id='word_1_139' title='bbox 2771 654 2921 709; x_wconf 85' lang='lat' dir='ltr'><strong>viros</strong></span> <span class='ocrx_word' id='word_1_140' title='bbox 2941 655 3162 712; x_wconf 79' lang='lat' dir='ltr'><strong>circiter</strong></span> <span class='ocrx_word' id='word_1_141' title='bbox 3194 658 3418 730; x_wconf 75' lang='lat' dir='ltr'><strong>triginta</strong></span> 
     </span>
    </p>
   </div>
   <div class='ocr_carea' id='block_1_20' title="bbox 1844 747 3421 818">
    <p class='ocr_par' dir='ltr' id='par_1_20' title="bbox 1844 747 3421 818">
     <span class='ocr_line' id='line_1_20' title="bbox 1844 747 3421 818; baseline 0.006 -19"><span class='ocrx_word' id='word_1_142' title='bbox 1844 761 1968 810; x_wconf 83' lang='lat' dir='ltr'><strong>sex;</strong></span> <span class='ocrx_word' id='word_1_143' title='bbox 1997 756 2051 800; x_wconf 88' lang='lat' dir='ltr'><strong>et</strong></span> <span class='ocrx_word' id='word_1_144' title='bbox 2070 747 2346 816; x_wconf 90' lang='lat' dir='ltr'><strong>persecuti</strong></span> <span class='ocrx_word' id='word_1_145' title='bbox 2389 756 2515 801; x_wconf 91' lang='lat' dir='ltr'><strong>sunt</strong></span> <span class='ocrx_word' id='word_1_146' title='bbox 2545 763 2640 802; x_wconf 91' lang='lat' dir='ltr'><strong>eos</strong></span> <span class='ocrx_word' id='word_1_147' title='bbox 2666 762 2696 801; x_wconf 88' lang='lat' dir='ltr'><strong>a</strong></span> <span class='ocrx_word' id='word_1_148' title='bbox 2727 754 2906 818; x_wconf 87' lang='lat' dir='ltr'><strong>porta,</strong></span> <span class='ocrx_word' id='word_1_149' title='bbox 2946 756 3004 802; x_wconf 89' lang='lat' dir='ltr'><strong>et</strong></span> <span class='ocrx_word' id='word_1_150' title='bbox 3034 751 3421 808; x_wconf 89' lang='lat' dir='ltr'><strong>contriverunt</strong></span> 
     </span>
    </p>
   </div>
   <div class='ocr_carea' id='block_1_21' title="bbox 1845 833 3420 912">
    <p class='ocr_par' dir='ltr' id='par_1_21' title="bbox 1845 833 3420 912">
     <span class='ocr_line' id='line_1_21' title="bbox 1845 833 3420 912; baseline 0.003 -21"><span class='ocrx_word' id='word_1_151' title='bbox 1845 836 1968 892; x_wconf 91' lang='lat' dir='ltr'><strong>illos</strong></span> <span class='ocrx_word' id='word_1_152' title='bbox 1993 853 2023 891; x_wconf 91' lang='lat' dir='ltr'><strong>a</strong></span> <span class='ocrx_word' id='word_1_153' title='bbox 2049 837 2248 892; x_wconf 76' lang='lat' dir='ltr'><strong>declivi</strong></span> <span class='ocrx_word' id='word_1_154' title='bbox 2272 833 2424 892; x_wconf 92' lang='lat' dir='ltr'><strong>loco:</strong></span> <span class='ocrx_word' id='word_1_155' title='bbox 2459 845 2514 893; x_wconf 93' lang='lat' dir='ltr'><strong>et</strong></span> <span class='ocrx_word' id='word_1_156' title='bbox 2558 837 2903 907; x_wconf 82' lang='lat' dir='ltr'><strong>pavefactum</strong></span> <span class='ocrx_word' id='word_1_157' title='bbox 2937 847 3022 893; x_wconf 91' lang='lat' dir='ltr'><strong>est</strong></span> <span class='ocrx_word' id='word_1_158' title='bbox 3071 854 3169 894; x_wconf 92' lang='lat' dir='ltr'><strong>cor</strong></span> <span class='ocrx_word' id='word_1_159' title='bbox 3207 842 3420 912; x_wconf 91' lang='lat' dir='ltr'><strong>populi,</strong></span> 
     </span>
    </p>
   </div>
   <div class='ocr_carea' id='block_1_22' title="bbox 1843 926 3423 999">
    <p class='ocr_par' dir='ltr' id='par_1_22' title="bbox 1843 926 3423 999">
     <span class='ocr_line' id='line_1_22' title="bbox 1843 926 3423 999; baseline 0.003 -18"><span class='ocrx_word' id='word_1_160' title='bbox 1843 935 1901 982; x_wconf 90' lang='lat' dir='ltr'><strong>et</strong></span> <span class='ocrx_word' id='word_1_161' title='bbox 1920 926 2124 981; x_wconf 88' lang='lat' dir='ltr'><strong>factum</strong></span> <span class='ocrx_word' id='word_1_162' title='bbox 2155 935 2239 981; x_wconf 91' lang='lat' dir='ltr'><strong>est</strong></span> <span class='ocrx_word' id='word_1_163' title='bbox 2258 927 2565 996; x_wconf 88' lang='lat' dir='ltr'><strong>velutaqua</strong></span> <span class='ocrx_word' id='word_1_164' title='bbox 2587 927 2650 980; x_wconf 76' lang='lat'><strong>“.</strong></span> <span class='ocrx_word' id='word_1_165' title='bbox 2683 945 2700 976; x_wconf 74' lang='grc' dir='ltr'><strong>ι</strong></span> <span class='ocrx_word' id='word_1_166' title='bbox 2734 926 2838 993; x_wconf 83' lang='lat' dir='ltr'><strong>Qui</strong></span> <span class='ocrx_word' id='word_1_167' title='bbox 2861 927 3029 982; x_wconf 88' lang='lat' dir='ltr'><strong>urbes</strong></span> <span class='ocrx_word' id='word_1_168' title='bbox 3060 938 3423 999; x_wconf 84' lang='lat' dir='ltr'><strong>ceperant,ac</strong></span> 
     </span>
    </p>
   </div>
   <div class='ocr_carea' id='block_1_23' title="bbox 1845 1016 3422 1092">
    <p class='ocr_par' dir='ltr' id='par_1_23' title="bbox 1845 1016 3422 1092">
     <span class='ocr_line' id='line_1_23' title="bbox 1845 1016 3422 1092; baseline 0.004 -22"><span class='ocrx_word' id='word_1_169' title='bbox 1845 1017 2099 1088; x_wconf 84' lang='lat' dir='ltr'><strong>regiones</strong></span> <span class='ocrx_word' id='word_1_170' title='bbox 2118 1017 2360 1088; x_wconf 87' lang='lat' dir='ltr'><strong>populati</strong></span> <span class='ocrx_word' id='word_1_171' title='bbox 2390 1016 2552 1090; x_wconf 61' lang='lat'><strong>146</strong></span> <span class='ocrx_word' id='word_1_172' title='bbox 2571 1017 2873 1084; x_wconf 87' lang='lat' dir='ltr'><strong>fuerant,et</strong></span> <span class='ocrx_word' id='word_1_173' title='bbox 2885 1019 3213 1075; x_wconf 68' lang='lat' dir='ltr'><strong>saevissimas</strong></span> <span class='ocrx_word' id='word_1_174' title='bbox 3232 1033 3422 1092; x_wconf 80' lang='lat' dir='ltr'><strong>gentes</strong></span> 
     </span>
    </p>
   </div>
   <div class='ocr_carea' id='block_1_24' title="bbox 1844 1109 3424 1181">
    <p class='ocr_par' dir='ltr' id='par_1_24' title="bbox 1844 1109 3424 1181">
     <span class='ocr_line' id='line_1_24' title="bbox 1844 1109 3424 1181; baseline 0.003 -20"><span class='ocrx_word' id='word_1_175' title='bbox 1844 1109 1998 1164; x_wconf 89' lang='lat' dir='ltr'><strong>nullo</strong></span> <span class='ocrx_word' id='word_1_176' title='bbox 2019 1109 2240 1179; x_wconf 90' lang='lat' dir='ltr'><strong>negotio</strong></span> <span class='ocrx_word' id='word_1_177' title='bbox 2261 1109 2529 1175; x_wconf 81' lang='lat' dir='ltr'><strong>vicerant,</strong></span> <span class='ocrx_word' id='word_1_178' title='bbox 2560 1109 2614 1163; x_wconf 91' lang='lat' dir='ltr'><strong>in</strong></span> <span class='ocrx_word' id='word_1_179' title='bbox 2649 1109 2900 1166; x_wconf 87' lang='lat' dir='ltr'><strong>homines</strong></span> <span class='ocrx_word' id='word_1_180' title='bbox 2924 1109 3023 1165; x_wconf 86' lang='lat' dir='ltr'><strong>Gai</strong></span> <span class='ocrx_word' id='word_1_181' title='bbox 3052 1122 3311 1181; x_wconf 84' lang='lat' dir='ltr'><strong>tanquam</strong></span> <span class='ocrx_word' id='word_1_182' title='bbox 3341 1112 3424 1166; x_wconf 87' lang='lat' dir='ltr'><strong>in-</strong></span> 
     </span>
    </p>
   </div>
   <div class='ocr_carea' id='block_1_25' title="bbox 1843 1200 3423 1273">
    <p class='ocr_par' dir='ltr' id='par_1_25' title="bbox 1843 1200 3423 1273">
     <span class='ocr_line' id='line_1_25' title="bbox 1843 1200 3423 1273; baseline 0.003 -20"><span class='ocrx_word' id='word_1_183' title='bbox 1843 1200 2020 1256; x_wconf 90' lang='lat' dir='ltr'><strong>victos</strong></span> <span class='ocrx_word' id='word_1_184' title='bbox 2048 1202 2320 1266; x_wconf 84' lang='lat' dir='ltr'><strong>incidunt,</strong></span> <span class='ocrx_word' id='word_1_185' title='bbox 2373 1202 2576 1273; x_wconf 77' lang='lat' dir='ltr'><strong>vixque</strong></span> <span class='ocrx_word' id='word_1_186' title='bbox 2609 1203 2842 1258; x_wconf 87' lang='lat' dir='ltr'><strong>salutem</strong></span> <span class='ocrx_word' id='word_1_187' title='bbox 2884 1210 3132 1269; x_wconf 89' lang='lat' dir='ltr'><strong>tuentur,</strong></span> <span class='ocrx_word' id='word_1_188' title='bbox 3168 1219 3272 1260; x_wconf 90' lang='lat' dir='ltr'><strong>nec</strong></span> <span class='ocrx_word' id='word_1_189' title='bbox 3305 1203 3423 1259; x_wconf 88' lang='lat' dir='ltr'><strong>sine</strong></span> 
     </span>
    </p>
   </div>
   <div class='ocr_carea' id='block_1_26' title="bbox 1839 1292 3424 1365">
    <p class='ocr_par' dir='ltr' id='par_1_26' title="bbox 1839 1292 3424 1365">
     <span class='ocr_line' id='line_1_26' title="bbox 1839 1292 3424 1365; baseline 0.003 -20"><span class='ocrx_word' id='word_1_190' title='bbox 1839 1292 2054 1362; x_wconf 81' lang='lat' dir='ltr'><strong>jactura</strong></span> <span class='ocrx_word' id='word_1_191' title='bbox 2087 1292 2400 1357; x_wconf 89' lang='lat' dir='ltr'><strong>discedunt,</strong></span> <span class='ocrx_word' id='word_1_192' title='bbox 2425 1293 2520 1364; x_wconf 90' lang='lat' dir='ltr'><strong>qui</strong></span> <span class='ocrx_word' id='word_1_193' title='bbox 2559 1294 2716 1365; x_wconf 92' lang='lat' dir='ltr'><strong>prius</strong></span> <span class='ocrx_word' id='word_1_194' title='bbox 2745 1309 2814 1350; x_wconf 88' lang='lat' dir='ltr'><strong>ne</strong></span> <span class='ocrx_word' id='word_1_195' title='bbox 2847 1294 3168 1364; x_wconf 90' lang='lat' dir='ltr'><strong>universum</strong></span> <span class='ocrx_word' id='word_1_196' title='bbox 3198 1295 3424 1365; x_wconf 90' lang='lat' dir='ltr'><strong>quidem</strong></span> 
     </span>
    </p>
   </div>
   <div class='ocr_carea' id='block_1_27' title="bbox 1844 1385 3423 1455">
    <p class='ocr_par' dir='ltr' id='par_1_27' title="bbox 1844 1385 3423 1455">
     <span class='ocr_line' id='line_1_27' title="bbox 1844 1385 3423 1455; baseline 0.001 -17"><span class='ocrx_word' id='word_1_197' title='bbox 1844 1392 2209 1454; x_wconf 79' lang='lat' dir='ltr'><strong>pugnatorum</strong></span> <span class='ocrx_word' id='word_1_198' title='bbox 2237 1400 2526 1440; x_wconf 89' lang='lat' dir='ltr'><strong>numerum</strong></span> <span class='ocrx_word' id='word_1_199' title='bbox 2540 1385 2597 1440; x_wconf 94' lang='lat' dir='ltr'><strong>in</strong></span> <span class='ocrx_word' id='word_1_200' title='bbox 2629 1385 2797 1441; x_wconf 90' lang='lat' dir='ltr'><strong>armis</strong></span> <span class='ocrx_word' id='word_1_201' title='bbox 2817 1401 2939 1441; x_wconf 87' lang='lat' dir='ltr'><strong>esse</strong></span> <span class='ocrx_word' id='word_1_202' title='bbox 2965 1386 3272 1449; x_wconf 87' lang='lat' dir='ltr'><strong>voluerant,</strong></span> <span class='ocrx_word' id='word_1_203' title='bbox 3297 1386 3423 1455; x_wconf 89' lang='lat' dir='ltr'><strong>qui-</strong></span> 
     </span>
    </p>
   </div>
   <div class='ocr_carea' id='block_1_28' title="bbox 1844 1475 3425 1550">
    <p class='ocr_par' dir='ltr' id='par_1_28' title="bbox 1844 1475 3425 1550">
     <span class='ocr_line' id='line_1_28' title="bbox 1844 1475 3425 1550; baseline 0.001 -21"><span class='ocrx_word' id='word_1_204' title='bbox 1844 1491 1951 1546; x_wconf 89' lang='lat' dir='ltr'><strong>que</strong></span> <span class='ocrx_word' id='word_1_205' title='bbox 1978 1475 2235 1530; x_wconf 81' lang='lat' dir='ltr'><strong>facillime</strong></span> <span class='ocrx_word' id='word_1_206' title='bbox 2257 1477 2341 1531; x_wconf 85' lang='lat' dir='ltr'><strong>vel</strong></span> <span class='ocrx_word' id='word_1_207' title='bbox 2377 1493 2406 1530; x_wconf 89' lang='lat' dir='ltr'><strong>a</strong></span> <span class='ocrx_word' id='word_1_208' title='bbox 2447 1478 2640 1547; x_wconf 83' lang='lat' dir='ltr'><strong>paucis</strong></span> <span class='ocrx_word' id='word_1_209' title='bbox 2670 1477 2973 1550; x_wconf 85' lang='lat' dir='ltr'><strong>expugnari</strong></span> <span class='ocrx_word' id='word_1_210' title='bbox 3016 1493 3174 1549; x_wconf 88' lang='lat' dir='ltr'><strong>posse</strong></span> <span class='ocrx_word' id='word_1_211' title='bbox 3227 1477 3425 1532; x_wconf 86' lang='lat' dir='ltr'><strong>urbem</strong></span> 
     </span>
    </p>
   </div>
   <div class='ocr_carea' id='block_1_29' title="bbox 1845 1568 3423 1638">
    <p class='ocr_par' dir='ltr' id='par_1_29' title="bbox 1845 1568 3423 1638">
     <span class='ocr_line' id='line_1_29' title="bbox 1845 1568 3423 1638; baseline 0.001 -18"><span class='ocrx_word' id='word_1_212' title='bbox 1845 1575 2034 1638; x_wconf 88' lang='lat' dir='ltr'><strong>aperte</strong></span> <span class='ocrx_word' id='word_1_213' title='bbox 2085 1569 2316 1638; x_wconf 78' lang='lat' dir='ltr'><strong>professi</strong></span> <span class='ocrx_word' id='word_1_214' title='bbox 2375 1568 2614 1626; x_wconf 87' lang='lat' dir='ltr'><strong>fuerant.</strong></span> <span class='ocrx_word' id='word_1_215' title='bbox 2655 1569 2734 1625; x_wconf 91' lang='lat' dir='ltr'><strong>Ne</strong></span> <span class='ocrx_word' id='word_1_216' title='bbox 2778 1570 2941 1624; x_wconf 88' lang='lat' dir='ltr'><strong>simul</strong></span> <span class='ocrx_word' id='word_1_217' title='bbox 2997 1569 3288 1634; x_wconf 87' lang='lat' dir='ltr'><strong>ascendat,</strong></span> <span class='ocrx_word' id='word_1_218' title='bbox 3335 1569 3423 1623; x_wconf 87' lang='lat' dir='ltr'><strong>in-</strong></span> 
     </span>
    </p>
   </div>
   <div class='ocr_carea' id='block_1_30' title="bbox 1845 1659 3424 1732">
    <p class='ocr_par' dir='ltr' id='par_1_30' title="bbox 1845 1659 3424 1732">
     <span class='ocr_line' id='line_1_30' title="bbox 1845 1659 3424 1732; baseline 0.002 -20"><span class='ocrx_word' id='word_1_219' title='bbox 1845 1659 2066 1729; x_wconf 91' lang='lat' dir='ltr'><strong>quiunt,</strong></span> <span class='ocrx_word' id='word_1_220' title='bbox 2101 1661 2395 1716; x_wconf 86' lang='lat' dir='ltr'><strong>universus</strong></span> <span class='ocrx_word' id='word_1_221' title='bbox 2423 1663 2693 1732; x_wconf 89' lang='lat' dir='ltr'><strong>populus,</strong></span> <span class='ocrx_word' id='word_1_222' title='bbox 2722 1663 2818 1718; x_wconf 90' lang='lat' dir='ltr'><strong>sed</strong></span> <span class='ocrx_word' id='word_1_223' title='bbox 2863 1663 3086 1718; x_wconf 86' lang='lat' dir='ltr'><strong>circiter</strong></span> <span class='ocrx_word' id='word_1_224' title='bbox 3109 1661 3220 1717; x_wconf 92' lang='lat' dir='ltr'><strong>duo</strong></span> <span class='ocrx_word' id='word_1_225' title='bbox 3250 1661 3424 1716; x_wconf 89' lang='lat' dir='ltr'><strong>millia</strong></span> 
     </span>
    </p>
   </div>
   <div class='ocr_carea' id='block_1_31' title="bbox 1845 1751 3423 1825">
    <p class='ocr_par' dir='ltr' id='par_1_31' title="bbox 1845 1751 3423 1825">
     <span class='ocr_line' id='line_1_31' title="bbox 1845 1751 3423 1825; baseline 0.003 -21"><span class='ocrx_word' id='word_1_226' title='bbox 1845 1751 2112 1805; x_wconf 89' lang='lat' dir='ltr'><strong>virorum.</strong></span> <span class='ocrx_word' id='word_1_227' title='bbox 2141 1751 2298 1808; x_wconf 89' lang='lat' dir='ltr'><strong>Ilunc</strong></span> <span class='ocrx_word' id='word_1_228' title='bbox 2351 1754 2692 1824; x_wconf 88' lang='lat' dir='ltr'><strong>inopinatum</strong></span> <span class='ocrx_word' id='word_1_229' title='bbox 2740 1770 2928 1810; x_wconf 89' lang='lat' dir='ltr'><strong>casum</strong></span> <span class='ocrx_word' id='word_1_230' title='bbox 2977 1755 3423 1825; x_wconf 85' lang='lat' dir='ltr'><strong>insperatamque</strong></span> 
     </span>
    </p>
   </div>
   <div class='ocr_carea' id='block_1_32' title="bbox 1847 1841 3424 1916">
    <p class='ocr_par' dir='ltr' id='par_1_32' title="bbox 1847 1841 3424 1916">
     <span class='ocr_line' id='line_1_32' title="bbox 1847 1841 3424 1916; baseline 0.003 -20"><span class='ocrx_word' id='word_1_231' title='bbox 1847 1841 2233 1908; x_wconf 87' lang='lat' dir='ltr'><strong>calamitatem,</strong></span> <span class='ocrx_word' id='word_1_232' title='bbox 2269 1859 2395 1898; x_wconf 91' lang='lat' dir='ltr'><strong>eum</strong></span> <span class='ocrx_word' id='word_1_233' title='bbox 2426 1845 2747 1916; x_wconf 82' lang='lat' dir='ltr'><strong>gravissime</strong></span> <span class='ocrx_word' id='word_1_234' title='bbox 2784 1845 2955 1900; x_wconf 88' lang='lat' dir='ltr'><strong>ferret</strong></span> <span class='ocrx_word' id='word_1_235' title='bbox 2981 1846 3170 1912; x_wconf 86' lang='lat' dir='ltr'><strong>Jesus,</strong></span> <span class='ocrx_word' id='word_1_236' title='bbox 3222 1855 3279 1902; x_wconf 88' lang='lat' dir='ltr'><strong>et</strong></span> <span class='ocrx_word' id='word_1_237' title='bbox 3326 1861 3424 1901; x_wconf 51' lang='lat' dir='ltr'><strong>ve-</strong></span> 
     </span>
    </p>
   </div>
   <div class='ocr_carea' id='block_1_33' title="bbox 189 1926 1748 2008">
    <p class='ocr_par' dir='ltr' id='par_1_33' title="bbox 189 1926 1748 2002">
     <span class='ocr_line' id='line_1_33' title="bbox 189 1926 1748 2002; baseline -0.002 -19"><span class='ocrx_word' id='word_1_238' title='bbox 189 1930 268 1984; x_wconf 75' lang='grc' dir='ltr'><strong>τοῦ</strong></span> <span class='ocrx_word' id='word_1_239' title='bbox 309 1930 504 2002; x_wconf 76' lang='grc' dir='ltr'><strong>Ἰησοῦ,</strong></span> <span class='ocrx_word' id='word_1_240' title='bbox 535 1931 630 1982; x_wconf 78' lang='grc' dir='ltr'><strong>καὶ</strong></span> <span class='ocrx_word' id='word_1_241' title='bbox 657 1929 1120 2002; x_wconf 79' lang='grc' dir='ltr'><strong>περιρῤηγνύντος</strong></span> <span class='ocrx_word' id='word_1_242' title='bbox 1157 1929 1257 1999; x_wconf 83' lang='grc' dir='ltr'><strong>μὲν</strong></span> <span class='ocrx_word' id='word_1_243' title='bbox 1285 1929 1384 1999; x_wconf 71' lang='grc' dir='ltr'><strong>τὴν</strong></span> <span class='ocrx_word' id='word_1_244' title='bbox 1419 1927 1646 1998; x_wconf 85' lang='grc' dir='ltr'><strong>ἐσθῆτα,</strong></span> <span class='ocrx_word' id='word_1_245' title='bbox 1673 1926 1748 1998; x_wconf 84' lang='grc' dir='ltr'><strong>τῷ</strong></span> 
     </span>
    </p>
   </div>
   <div class='ocr_carea' id='block_1_34' title="bbox 1852 1926 3426 2008">
    <p class='ocr_par' dir='ltr' id='par_1_34' title="bbox 1852 1934 3426 2008">
     <span class='ocr_line' id='line_1_34' title="bbox 1852 1934 3426 2008; baseline 0.002 -21"><span class='ocrx_word' id='word_1_246' title='bbox 1852 1944 1990 1988; x_wconf 86' lang='lat' dir='ltr'><strong>stem</strong></span> <span class='ocrx_word' id='word_1_247' title='bbox 2016 1934 2376 2002; x_wconf 89' lang='lat' dir='ltr'><strong>discinderet,</strong></span> <span class='ocrx_word' id='word_1_248' title='bbox 2401 1946 2456 1992; x_wconf 90' lang='lat' dir='ltr'><strong>et</strong></span> <span class='ocrx_word' id='word_1_249' title='bbox 2487 1945 2614 1991; x_wconf 88' lang='lat' dir='ltr'><strong>ante</strong></span> <span class='ocrx_word' id='word_1_250' title='bbox 2649 1936 2821 1992; x_wconf 89' lang='lat' dir='ltr'><strong>Deum</strong></span> <span class='ocrx_word' id='word_1_251' title='bbox 2847 1937 3182 2008; x_wconf 88' lang='lat' dir='ltr'><strong>procideret,</strong></span> <span class='ocrx_word' id='word_1_252' title='bbox 3209 1952 3271 1992; x_wconf 89' lang='lat' dir='ltr'><strong>ac</strong></span> <span class='ocrx_word' id='word_1_253' title='bbox 3289 1936 3426 2007; x_wconf 86' lang='lat' dir='ltr'><strong>quid</strong></span> 
     </span>
    </p>
   </div>
   <div class='ocr_carea' id='block_1_35' title="bbox 188 2018 1747 2094">
    <p class='ocr_par' dir='ltr' id='par_1_35' title="bbox 188 2018 1747 2094">
     <span class='ocr_line' id='line_1_35' title="bbox 188 2018 1747 2094; baseline -0.003 -19"><span class='ocrx_word' id='word_1_254' title='bbox 188 2023 233 2075; x_wconf 80' lang='grc' dir='ltr'><strong>δὲ</strong></span> <span class='ocrx_word' id='word_1_255' title='bbox 256 2023 364 2093; x_wconf 85' lang='grc' dir='ltr'><strong>Θεῷ</strong></span> <span class='ocrx_word' id='word_1_256' title='bbox 404 2022 870 2094; x_wconf 88' lang='grc' dir='ltr'><strong>προσπίπτοντος,</strong></span> <span class='ocrx_word' id='word_1_257' title='bbox 905 2022 1003 2075; x_wconf 76' lang='grc' dir='ltr'><strong>καὶ</strong></span> <span class='ocrx_word' id='word_1_258' title='bbox 1041 2021 1093 2074; x_wconf 86' lang='grc' dir='ltr'><strong>τί</strong></span> <span class='ocrx_word' id='word_1_259' title='bbox 1134 2019 1265 2073; x_wconf 87' lang='grc' dir='ltr'><strong>ποτέ</strong></span> <span class='ocrx_word' id='word_1_260' title='bbox 1306 2021 1422 2072; x_wconf 81' lang='grc' dir='ltr'><strong>ἐστι</strong></span> <span class='ocrx_word' id='word_1_261' title='bbox 1453 2019 1515 2072; x_wconf 77' lang='grc' dir='ltr'><strong>τὸ</strong></span> <span class='ocrx_word' id='word_1_262' title='bbox 1558 2018 1747 2090; x_wconf 84' lang='grc' dir='ltr'><strong>χρῆμα</strong></span> 
     </span>
    </p>
   </div>
   <div class='ocr_carea' id='block_1_36' title="bbox 190 2109 1746 2181">
    <p class='ocr_par' dir='ltr' id='par_1_36' title="bbox 190 2109 1746 2181">
     <span class='ocr_line' id='line_1_36' title="bbox 190 2109 1746 2181; baseline -0.002 -17"><span class='ocrx_word' id='word_1_263' title='bbox 190 2112 630 2181; x_wconf 75' lang='grc' dir='ltr'><strong>κατατεθηπότος,</strong></span> <span class='ocrx_word' id='word_1_264' title='bbox 679 2112 785 2181; x_wconf 73' lang='grc' dir='ltr'><strong>ἔφη</strong></span> <span class='ocrx_word' id='word_1_265' title='bbox 829 2112 992 2176; x_wconf 75' lang='grc' dir='ltr'><strong>Θεόςο</strong></span> <span class='ocrx_word' id='word_1_266' title='bbox 1034 2129 1052 2161; x_wconf 77' lang='grc' dir='ltr'><strong>ι</strong></span> <span class='ocrx_word' id='word_1_267' title='bbox 1107 2110 1398 2180; x_wconf 79' lang='grc' dir='ltr'><strong>Ἀνάστηθι</strong></span> <span class='ocrx_word' id='word_1_268' title='bbox 1424 2128 1438 2142; x_wconf 87' lang='grc'><strong>·</strong></span> <span class='ocrx_word' id='word_1_269' title='bbox 1476 2111 1559 2164; x_wconf 83' lang='grc' dir='ltr'><strong>ἵνα</strong></span> <span class='ocrx_word' id='word_1_270' title='bbox 1593 2109 1645 2161; x_wconf 86' lang='grc' dir='ltr'><strong>τί</strong></span> <span class='ocrx_word' id='word_1_271' title='bbox 1683 2109 1746 2162; x_wconf 78' lang='grc' dir='ltr'><strong>συ</strong></span> 
     </span>
    </p>
   </div>
   <div class='ocr_carea' id='block_1_37' title="bbox 188 2202 1746 2274">
    <p class='ocr_par' dir='ltr' id='par_1_37' title="bbox 188 2202 1746 2274">
     <span class='ocr_line' id='line_1_37' title="bbox 188 2202 1746 2274; baseline -0.003 -16"><span class='ocrx_word' id='word_1_272' title='bbox 188 2206 309 2258; x_wconf 75' lang='grc' dir='ltr'><strong>οὕτω</strong></span> <span class='ocrx_word' id='word_1_273' title='bbox 340 2203 760 2274; x_wconf 81' lang='grc' dir='ltr'><strong>συμπέπτωκας</strong></span> <span class='ocrx_word' id='word_1_274' title='bbox 781 2203 874 2255; x_wconf 58' lang='grc' dir='ltr'><strong>ἐπὶ⁹</strong></span> <span class='ocrx_word' id='word_1_275' title='bbox 909 2202 1201 2274; x_wconf 86' lang='grc' dir='ltr'><strong>πρόσωπόν</strong></span> <span class='ocrx_word' id='word_1_276' title='bbox 1230 2220 1358 2266; x_wconf 89' lang='grc' dir='ltr'><strong>σου;</strong></span> <span class='ocrx_word' id='word_1_277' title='bbox 1397 2202 1746 2273; x_wconf 83' lang='grc' dir='ltr'><strong>’Πμάρτηκεν</strong></span> 
     </span>
    </p>
   </div>
   <div class='ocr_carea' id='block_1_38' title="bbox 188 2293 1750 2366">
    <p class='ocr_par' dir='ltr' id='par_1_38' title="bbox 188 2293 1750 2366">
     <span class='ocr_line' id='line_1_38' title="bbox 188 2293 1750 2366; baseline -0.001 -17"><span class='ocrx_word' id='word_1_278' title='bbox 188 2297 334 2359; x_wconf 75' lang='grc' dir='ltr'><strong>ὁλαὺς</strong></span> <span class='ocrx_word' id='word_1_279' title='bbox 350 2296 444 2349; x_wconf 78' lang='grc' dir='ltr'><strong>καὶ</strong></span> <span class='ocrx_word' id='word_1_280' title='bbox 463 2313 546 2348; x_wconf 83' lang='grc' dir='ltr'><strong>πα</strong></span> <span class='ocrx_word' id='word_1_281' title='bbox 556 2294 687 2365; x_wconf 83' lang='grc' dir='ltr'><strong>ρέ6η</strong></span> <span class='ocrx_word' id='word_1_282' title='bbox 709 2295 808 2366; x_wconf 79' lang='grc' dir='ltr'><strong>τὴν</strong></span> <span class='ocrx_word' id='word_1_283' title='bbox 828 2293 1094 2366; x_wconf 79' lang='grc' dir='ltr'><strong>διαθήκην</strong></span> <span class='ocrx_word' id='word_1_284' title='bbox 1114 2312 1236 2365; x_wconf 81' lang='grc' dir='ltr'><strong>μου,</strong></span> <span class='ocrx_word' id='word_1_285' title='bbox 1254 2294 1320 2365; x_wconf 79' lang='grc' dir='ltr'><strong>ῆν</strong></span> <span class='ocrx_word' id='word_1_286' title='bbox 1336 2294 1594 2366; x_wconf 81' lang='grc' dir='ltr'><strong>διεθέμην</strong></span> <span class='ocrx_word' id='word_1_287' title='bbox 1614 2295 1750 2366; x_wconf 83' lang='grc' dir='ltr'><strong>πρὸς</strong></span> 
     </span>
    </p>
   </div>
   <div class='ocr_carea' id='block_1_39' title="bbox 187 2385 1749 2455">
    <p class='ocr_par' dir='ltr' id='par_1_39' title="bbox 187 2385 1749 2455">
     <span class='ocr_line' id='line_1_39' title="bbox 187 2385 1749 2455; baseline 0 -15"><span class='ocrx_word' id='word_1_288' title='bbox 187 2389 374 2450; x_wconf 65' lang='grc' dir='ltr'><strong>αὐτοὺς,</strong></span> <span class='ocrx_word' id='word_1_289' title='bbox 403 2387 502 2440; x_wconf 78' lang='grc' dir='ltr'><strong>καὶ</strong></span> <span class='ocrx_word' id='word_1_290' title='bbox 537 2385 832 2454; x_wconf 78' lang='grc' dir='ltr'><strong>κλέψαντες</strong></span> <span class='ocrx_word' id='word_1_291' title='bbox 862 2385 970 2438; x_wconf 83' lang='grc' dir='ltr'><strong>ἀπὸ</strong></span> <span class='ocrx_word' id='word_1_292' title='bbox 996 2385 1089 2438; x_wconf 78' lang='grc' dir='ltr'><strong>τοῦ</strong></span> <span class='ocrx_word' id='word_1_293' title='bbox 1129 2385 1467 2455; x_wconf 87' lang='grc' dir='ltr'><strong>ἁναθέματος</strong></span> <span class='ocrx_word' id='word_1_294' title='bbox 1499 2386 1749 2441; x_wconf 80' lang='grc' dir='ltr'><strong>ἐνέϐαλον</strong></span> 
     </span>
    </p>
   </div>
   <div class='ocr_carea' id='block_1_40' title="bbox 186 2477 1748 2549">
    <p class='ocr_par' dir='ltr' id='par_1_40' title="bbox 186 2477 1748 2549">
     <span class='ocr_line' id='line_1_40' title="bbox 186 2477 1748 2549; baseline 0.001 -18"><span class='ocrx_word' id='word_1_295' title='bbox 186 2481 250 2543; x_wconf 81' lang='grc' dir='ltr'><strong>είς</strong></span> <span class='ocrx_word' id='word_1_296' title='bbox 272 2478 336 2532; x_wconf 83' lang='grc' dir='ltr'><strong>τά</strong></span> <span class='ocrx_word' id='word_1_297' title='bbox 361 2477 540 2548; x_wconf 86' lang='grc' dir='ltr'><strong>σκεύη</strong></span> <span class='ocrx_word' id='word_1_298' title='bbox 575 2477 774 2531; x_wconf 84' lang='grc' dir='ltr'><strong>αὐτῶν.</strong></span> <span class='ocrx_word' id='word_1_299' title='bbox 804 2478 879 2532; x_wconf 82' lang='grc' dir='ltr'><strong>Ού</strong></span> <span class='ocrx_word' id='word_1_300' title='bbox 913 2478 989 2548; x_wconf 80' lang='grc' dir='ltr'><strong>μὴ</strong></span> <span class='ocrx_word' id='word_1_301' title='bbox 1016 2477 1278 2532; x_wconf 86' lang='grc' dir='ltr'><strong>δύνωνται</strong></span> <span class='ocrx_word' id='word_1_302' title='bbox 1305 2479 1355 2532; x_wconf 90' lang='grc' dir='ltr'><strong>οἱ</strong></span> <span class='ocrx_word' id='word_1_303' title='bbox 1383 2478 1490 2531; x_wconf 79' lang='grc' dir='ltr'><strong>υἱοὶ</strong></span> <span class='ocrx_word' id='word_1_304' title='bbox 1533 2478 1748 2549; x_wconf 82' lang='grc' dir='ltr'><strong>Ἰσραὴλ</strong></span> 
     </span>
    </p>
   </div>
   <div class='ocr_carea' id='block_1_41' title="bbox 186 2569 1746 2642">
    <p class='ocr_par' dir='ltr' id='par_1_41' title="bbox 186 2569 1746 2642">
     <span class='ocr_line' id='line_1_41' title="bbox 186 2569 1746 2642; baseline 0.003 -21"><span class='ocrx_word' id='word_1_305' title='bbox 186 2570 456 2639; x_wconf 79' lang='grc' dir='ltr'><strong>ὑποστῆναι</strong></span> <span class='ocrx_word' id='word_1_306' title='bbox 508 2569 656 2622; x_wconf 79' lang='grc' dir='ltr'><strong>κατὰ</strong></span> <span class='ocrx_word' id='word_1_307' title='bbox 691 2569 980 2640; x_wconf 86' lang='grc' dir='ltr'><strong>πρόσωπον</strong></span> <span class='ocrx_word' id='word_1_308' title='bbox 1013 2570 1122 2622; x_wconf 84' lang='grc' dir='ltr'><strong>τῶν</strong></span> <span class='ocrx_word' id='word_1_309' title='bbox 1161 2570 1371 2642; x_wconf 80' lang='grc' dir='ltr'>ἐχθρῶν</span> <span class='ocrx_word' id='word_1_310' title='bbox 1397 2571 1610 2625; x_wconf 81' lang='grc' dir='ltr'><strong>αὐτῶν·</strong></span> <span class='ocrx_word' id='word_1_311' title='bbox 1646 2573 1746 2626; x_wconf 79' lang='grc' dir='ltr'><strong>αύο</strong></span> 
     </span>
    </p>
   </div>
   <div class='ocr_carea' id='block_1_42' title="bbox 185 2659 1748 2732">
    <p class='ocr_par' dir='ltr' id='par_1_42' title="bbox 185 2659 1748 2732">
     <span class='ocr_line' id='line_1_42' title="bbox 185 2659 1748 2732; baseline 0.003 -20"><span class='ocrx_word' id='word_1_312' title='bbox 185 2660 293 2728; x_wconf 83' lang='grc' dir='ltr'><strong>χένα</strong></span> <span class='ocrx_word' id='word_1_313' title='bbox 331 2659 764 2732; x_wconf 66' lang='grc' dir='ltr'><strong>ἐπιστρέφουσιν</strong></span> <span class='ocrx_word' id='word_1_314' title='bbox 801 2661 984 2715; x_wconf 75' lang='grc' dir='ltr'><strong>ἔναντι</strong></span> <span class='ocrx_word' id='word_1_315' title='bbox 1015 2661 1122 2714; x_wconf 80' lang='grc' dir='ltr'><strong>τῶν</strong></span> <span class='ocrx_word' id='word_1_316' title='bbox 1164 2661 1376 2732; x_wconf 86' lang='grc' dir='ltr'><strong>ἐχθρῶν</strong></span> <span class='ocrx_word' id='word_1_317' title='bbox 1419 2662 1617 2728; x_wconf 79' lang='grc' dir='ltr'><strong>αὐτῶν,</strong></span> <span class='ocrx_word' id='word_1_318' title='bbox 1665 2663 1748 2717; x_wconf 84' lang='grc' dir='ltr'><strong>ὅτι</strong></span> 
     </span>
    </p>
   </div>
   <div class='ocr_carea' id='block_1_43' title="bbox 181 2740 1749 2816">
    <p class='ocr_par' dir='ltr' id='par_1_43' title="bbox 181 2740 1749 2816">
     <span class='ocr_line' id='line_1_43' title="bbox 181 2740 1749 2816; baseline 0.004 -23"><span class='ocrx_word' id='word_1_319' title='bbox 181 2742 501 2815; x_wconf 78' lang='grc' dir='ltr'><strong>ἐγενήθησαν</strong></span> <span class='ocrx_word' id='word_1_320' title='bbox 540 2743 810 2814; x_wconf 81' lang='grc' dir='ltr'><strong>ἀνάθεμα,</strong></span> <span class='ocrx_word' id='word_1_321' title='bbox 857 2745 917 2797; x_wconf 82' lang='grc' dir='ltr'><strong>ού</strong></span> <span class='ocrx_word' id='word_1_322' title='bbox 958 2744 1255 2816; x_wconf 79' lang='grc' dir='ltr'><strong>προσθήσω</strong></span> <span class='ocrx_word' id='word_1_323' title='bbox 1296 2743 1379 2798; x_wconf 77' lang='grc' dir='ltr'><strong>ἔτι</strong></span> <span class='ocrx_word' id='word_1_324' title='bbox 1429 2740 1568 2799; x_wconf 73' lang='grc' dir='ltr'><strong>εἶναι</strong></span> <span class='ocrx_word' id='word_1_325' title='bbox 1627 2746 1749 2814; x_wconf 79' lang='grc' dir='ltr'><strong>μεθ’</strong></span> 
     </span>
    </p>
   </div>
   <div class='ocr_carea' id='block_1_44' title="bbox 183 2833 1742 2906">
    <p class='ocr_par' dir='ltr' id='par_1_44' title="bbox 183 2833 1742 2906">
     <span class='ocr_line' id='line_1_44' title="bbox 183 2833 1742 2906; baseline 0.003 -20"><span class='ocrx_word' id='word_1_326' title='bbox 183 2833 335 2902; x_wconf 79' lang='grc' dir='ltr'><strong>ὑμῶν,</strong></span> <span class='ocrx_word' id='word_1_327' title='bbox 358 2835 456 2888; x_wconf 84' lang='grc' dir='ltr'><strong>ἐὰν</strong></span> <span class='ocrx_word' id='word_1_328' title='bbox 485 2833 570 2905; x_wconf 81' lang='grc' dir='ltr'><strong>μὴ</strong></span> <span class='ocrx_word' id='word_1_329' title='bbox 599 2833 832 2906; x_wconf 77' lang='grc' dir='ltr'><strong>ἐξάρητε</strong></span> <span class='ocrx_word' id='word_1_330' title='bbox 861 2834 925 2888; x_wconf 84' lang='grc' dir='ltr'><strong>τὸ</strong></span> <span class='ocrx_word' id='word_1_331' title='bbox 950 2834 1199 2906; x_wconf 77' lang='grc' dir='ltr'><strong>ἀνάθεμα</strong></span> <span class='ocrx_word' id='word_1_332' title='bbox 1227 2834 1288 2900; x_wconf 81' lang='grc' dir='ltr'><strong>ἐξ</strong></span> <span class='ocrx_word' id='word_1_333' title='bbox 1311 2835 1466 2906; x_wconf 69' lang='grc' dir='ltr'><strong>ὑμῶν</strong></span> <span class='ocrx_word' id='word_1_334' title='bbox 1491 2836 1689 2890; x_wconf 80' lang='grc' dir='ltr'><strong>αὐτῶν.</strong></span> <span class='ocrx_word' id='word_1_335' title='bbox 1723 2856 1742 2889; x_wconf 84' lang='grc'>›</span> 
     </span>
    </p>
   </div>
   <div class='ocr_carea' id='block_1_45' title="bbox 181 2923 1747 2999">
    <p class='ocr_par' dir='ltr' id='par_1_45' title="bbox 181 2923 1747 2999">
     <span class='ocr_line' id='line_1_45' title="bbox 181 2923 1747 2999; baseline 0.004 -23"><span class='ocrx_word' id='word_1_336' title='bbox 181 2923 614 2997; x_wconf 83' lang='grc' dir='ltr'><strong>Παραδειχθέντα</strong></span> <span class='ocrx_word' id='word_1_337' title='bbox 635 2925 699 2996; x_wconf 84' lang='grc' dir='ltr'><strong>δὴ</strong></span> <span class='ocrx_word' id='word_1_338' title='bbox 725 2927 816 2979; x_wconf 79' lang='grc' dir='ltr'><strong>τὸν</strong></span> <span class='ocrx_word' id='word_1_339' title='bbox 851 2927 1028 2996; x_wconf 81' lang='grc' dir='ltr'><strong>Ἀχαρ</strong></span> <span class='ocrx_word' id='word_1_340' title='bbox 1057 2926 1220 2996; x_wconf 78' lang='grc' dir='ltr'><strong>ῆρετο</strong></span> <span class='ocrx_word' id='word_1_341' title='bbox 1251 2927 1352 2997; x_wconf 78' lang='grc' dir='ltr'><strong>μὲν</strong></span> <span class='ocrx_word' id='word_1_342' title='bbox 1393 2925 1620 2999; x_wconf 76' lang='grc' dir='ltr'><strong>Ἰησοῦς,</strong></span> <span class='ocrx_word' id='word_1_343' title='bbox 1655 2928 1747 2982; x_wconf 87' lang='grc' dir='ltr'><strong>λέ-</strong></span> 
     </span>
    </p>
   </div>
   <div class='ocr_carea' id='block_1_46' title="bbox 179 3017 1745 3091">
    <p class='ocr_par' dir='ltr' id='par_1_46' title="bbox 179 3017 1745 3091">
     <span class='ocr_line' id='line_1_46' title="bbox 179 3017 1745 3091; baseline 0.001 -22"><span class='ocrx_word' id='word_1_344' title='bbox 179 3033 304 3081; x_wconf 80' lang='grc' dir='ltr'><strong>γων’</strong></span> <span class='ocrx_word' id='word_1_345' title='bbox 334 3035 353 3069; x_wconf 80' lang='grc' dir='ltr'><strong>ι</strong></span> <span class='ocrx_word' id='word_1_346' title='bbox 398 3018 503 3082; x_wconf 79' lang='grc' dir='ltr'><strong>Δὸς</strong></span> <span class='ocrx_word' id='word_1_347' title='bbox 537 3017 699 3084; x_wconf 81' lang='grc' dir='ltr'><strong>δόξαν</strong></span> <span class='ocrx_word' id='word_1_348' title='bbox 729 3018 970 3088; x_wconf 84' lang='grc' dir='ltr'><strong>σήμερον</strong></span> <span class='ocrx_word' id='word_1_349' title='bbox 1011 3018 1204 3088; x_wconf 79' lang='grc' dir='ltr'>Κυρίῳ</span> <span class='ocrx_word' id='word_1_350' title='bbox 1236 3017 1314 3089; x_wconf 83' lang='grc' dir='ltr'><strong>τῷ</strong></span> <span class='ocrx_word' id='word_1_351' title='bbox 1337 3018 1456 3090; x_wconf 84' lang='grc' dir='ltr'><strong>Θεῷ</strong></span> <span class='ocrx_word' id='word_1_352' title='bbox 1507 3020 1745 3091; x_wconf 83' lang='grc' dir='ltr'><strong>Ἰσραὴλ,</strong></span> 
     </span>
    </p>
   </div>
   <div class='ocr_carea' id='block_1_47' title="bbox 180 3108 1748 3183">
    <p class='ocr_par' dir='ltr' id='par_1_47' title="bbox 180 3108 1748 3183">
     <span class='ocr_line' id='line_1_47' title="bbox 180 3108 1748 3183; baseline 0.003 -24"><span class='ocrx_word' id='word_1_353' title='bbox 180 3108 257 3160; x_wconf 79' lang='grc' dir='ltr'><strong>καὶ</strong></span> <span class='ocrx_word' id='word_1_354' title='bbox 302 3108 386 3173; x_wconf 81' lang='grc' dir='ltr'><strong>δὸς</strong></span> <span class='ocrx_word' id='word_1_355' title='bbox 432 3109 544 3182; x_wconf 80' lang='grc' dir='ltr'><strong>τὴν</strong></span> <span class='ocrx_word' id='word_1_356' title='bbox 582 3108 974 3178; x_wconf 81' lang='grc' dir='ltr'><strong>ἐξομολόγησιν</strong></span> <span class='ocrx_word' id='word_1_357' title='bbox 1023 3110 1118 3162; x_wconf 75' lang='grc' dir='ltr'><strong>καὶ</strong></span> <span class='ocrx_word' id='word_1_358' title='bbox 1168 3110 1495 3180; x_wconf 80' lang='grc' dir='ltr'><strong>ἀνάγγειλόν</strong></span> <span class='ocrx_word' id='word_1_359' title='bbox 1555 3129 1644 3183; x_wconf 91' lang='grc' dir='ltr'><strong>μοι</strong></span> <span class='ocrx_word' id='word_1_360' title='bbox 1695 3113 1748 3164; x_wconf 87' lang='grc' dir='ltr'><strong>τί</strong></span> 
     </span>
    </p>
   </div>
   <div class='ocr_carea' id='block_1_48' title="bbox 179 3200 1748 3276">
    <p class='ocr_par' dir='ltr' id='par_1_48' title="bbox 179 3200 1748 3276">
     <span class='ocr_line' id='line_1_48' title="bbox 179 3200 1748 3276; baseline 0.003 -24"><span class='ocrx_word' id='word_1_361' title='bbox 179 3201 436 3272; x_wconf 73' lang='grc' dir='ltr'><strong>ἐποίησας,</strong></span> <span class='ocrx_word' id='word_1_362' title='bbox 489 3203 594 3257; x_wconf 78' lang='grc' dir='ltr'><strong>καὶ</strong></span> <span class='ocrx_word' id='word_1_363' title='bbox 622 3201 699 3273; x_wconf 81' lang='grc' dir='ltr'><strong>μὴ</strong></span> <span class='ocrx_word' id='word_1_364' title='bbox 738 3200 956 3273; x_wconf 77' lang='grc' dir='ltr'><strong>κρύψῃς</strong></span> <span class='ocrx_word' id='word_1_365' title='bbox 996 3203 1092 3256; x_wconf 79' lang='grc' dir='ltr'><strong>ἀπ’</strong></span> <span class='ocrx_word' id='word_1_366' title='bbox 1139 3201 1295 3274; x_wconf 82' lang='grc' dir='ltr'><strong>ἐμοῦ.</strong></span> <span class='ocrx_word' id='word_1_367' title='bbox 1350 3203 1648 3276; x_wconf 85' lang='grc' dir='ltr'><strong>Ἀπεκρίθη</strong></span> <span class='ocrx_word' id='word_1_368' title='bbox 1690 3203 1748 3256; x_wconf 87' lang='grc' dir='ltr'><strong>δὲ</strong></span> 
     </span>
    </p>
   </div>
   <div class='ocr_carea' id='block_1_49' title="bbox 1850 2024 3423 2094">
    <p class='ocr_par' dir='ltr' id='par_1_49' title="bbox 1850 2024 3423 2094">
     <span class='ocr_line' id='line_1_49' title="bbox 1850 2024 3423 2094; baseline 0.002 -16"><span class='ocrx_word' id='word_1_369' title='bbox 1850 2024 2070 2081; x_wconf 89' lang='lat' dir='ltr'><strong>tandem</strong></span> <span class='ocrx_word' id='word_1_370' title='bbox 2124 2042 2188 2082; x_wconf 89' lang='lat' dir='ltr'><strong>ea</strong></span> <span class='ocrx_word' id='word_1_371' title='bbox 2241 2043 2328 2082; x_wconf 92' lang='lat' dir='ltr'><strong>res</strong></span> <span class='ocrx_word' id='word_1_372' title='bbox 2379 2037 2526 2084; x_wconf 90' lang='lat' dir='ltr'><strong>esset</strong></span> <span class='ocrx_word' id='word_1_373' title='bbox 2589 2028 2992 2094; x_wconf 85' lang='lat' dir='ltr'><strong>admiraretur,</strong></span> <span class='ocrx_word' id='word_1_374' title='bbox 3043 2029 3183 2084; x_wconf 81' lang='lat' dir='ltr'><strong>dixit</strong></span> <span class='ocrx_word' id='word_1_375' title='bbox 3236 2028 3423 2083; x_wconf 86' lang='lat' dir='ltr'><strong>Deus:</strong></span> 
     </span>
    </p>
   </div>
   <div class='ocr_carea' id='block_1_50' title="bbox 1858 2116 3428 2188">
    <p class='ocr_par' dir='ltr' id='par_1_50' title="bbox 1858 2116 3428 2188">
     <span class='ocr_line' id='line_1_50' title="bbox 1858 2116 3428 2188; baseline 0.004 -21"><span class='ocrx_word' id='word_1_376' title='bbox 1858 2136 1874 2166; x_wconf 77' lang='grc' dir='ltr'><strong>ι</strong></span> <span class='ocrx_word' id='word_1_377' title='bbox 1901 2116 2075 2188; x_wconf 82' lang='lat' dir='ltr'><strong>Surge</strong></span> <span class='ocrx_word' id='word_1_378' title='bbox 2101 2135 2115 2184; x_wconf 92' lang='lat'><strong>;</strong></span> <span class='ocrx_word' id='word_1_379' title='bbox 2142 2133 2242 2172; x_wconf 90' lang='lat' dir='ltr'><strong>cur</strong></span> <span class='ocrx_word' id='word_1_380' title='bbox 2265 2127 2320 2174; x_wconf 93' lang='lat' dir='ltr'><strong>tu</strong></span> <span class='ocrx_word' id='word_1_381' title='bbox 2355 2120 2437 2174; x_wconf 89' lang='lat' dir='ltr'><strong>sic</strong></span> <span class='ocrx_word' id='word_1_382' title='bbox 2463 2119 2753 2174; x_wconf 88' lang='lat' dir='ltr'><strong>concidisti</strong></span> <span class='ocrx_word' id='word_1_383' title='bbox 2784 2120 2839 2174; x_wconf 93' lang='lat' dir='ltr'><strong>in</strong></span> <span class='ocrx_word' id='word_1_384' title='bbox 2863 2119 3056 2175; x_wconf 87' lang='lat' dir='ltr'><strong>faciem</strong></span> <span class='ocrx_word' id='word_1_385' title='bbox 3085 2119 3272 2176; x_wconf 89' lang='lat' dir='ltr'><strong>tuam?</strong></span> <span class='ocrx_word' id='word_1_386' title='bbox 3293 2120 3428 2174; x_wconf 88' lang='lat' dir='ltr'><strong>Pec-</strong></span> 
     </span>
    </p>
   </div>
   <div class='ocr_carea' id='block_1_51' title="bbox 1850 2209 3425 2283">
    <p class='ocr_par' dir='ltr' id='par_1_51' title="bbox 1850 2209 3425 2283">
     <span class='ocr_line' id='line_1_51' title="bbox 1850 2209 3425 2283; baseline 0.002 -21"><span class='ocrx_word' id='word_1_387' title='bbox 1850 2209 1992 2263; x_wconf 84' lang='lat' dir='ltr'><strong>cavit</strong></span> <span class='ocrx_word' id='word_1_388' title='bbox 2017 2209 2272 2280; x_wconf 90' lang='lat' dir='ltr'><strong>p0pulus,</strong></span> <span class='ocrx_word' id='word_1_389' title='bbox 2324 2221 2380 2266; x_wconf 91' lang='lat' dir='ltr'><strong>et</strong></span> <span class='ocrx_word' id='word_1_390' title='bbox 2416 2219 2787 2282; x_wconf 83' lang='lat' dir='ltr'><strong>transgressus</strong></span> <span class='ocrx_word' id='word_1_391' title='bbox 2837 2220 2922 2267; x_wconf 91' lang='lat' dir='ltr'><strong>est</strong></span> <span class='ocrx_word' id='word_1_392' title='bbox 2947 2220 3167 2283; x_wconf 89' lang='lat' dir='ltr'><strong>pactum</strong></span> <span class='ocrx_word' id='word_1_393' title='bbox 3217 2226 3425 2276; x_wconf 91' lang='lat' dir='ltr'><strong>meum,</strong></span> 
     </span>
    </p>
   </div>
   <div class='ocr_carea' id='block_1_52' title="bbox 1847 2299 3426 2374">
    <p class='ocr_par' dir='ltr' id='par_1_52' title="bbox 1847 2299 3426 2374">
     <span class='ocr_line' id='line_1_52' title="bbox 1847 2299 3426 2374; baseline 0.001 -20"><span class='ocrx_word' id='word_1_394' title='bbox 1847 2299 1996 2371; x_wconf 82' lang='lat' dir='ltr'><strong>quod</strong></span> <span class='ocrx_word' id='word_1_395' title='bbox 2026 2316 2150 2356; x_wconf 92' lang='lat' dir='ltr'><strong>cum</strong></span> <span class='ocrx_word' id='word_1_396' title='bbox 2181 2302 2292 2357; x_wconf 90' lang='lat' dir='ltr'><strong>illis</strong></span> <span class='ocrx_word' id='word_1_397' title='bbox 2319 2304 2520 2374; x_wconf 82' lang='lat' dir='ltr'><strong>pepigi,</strong></span> <span class='ocrx_word' id='word_1_398' title='bbox 2562 2312 2618 2359; x_wconf 91' lang='lat' dir='ltr'><strong>et</strong></span> <span class='ocrx_word' id='word_1_399' title='bbox 2645 2303 2810 2359; x_wconf 92' lang='lat' dir='ltr'><strong>furati</strong></span> <span class='ocrx_word' id='word_1_400' title='bbox 2852 2320 2917 2358; x_wconf 75' lang='lat' dir='ltr'><strong>ex</strong></span> <span class='ocrx_word' id='word_1_401' title='bbox 2949 2304 3298 2360; x_wconf 86' lang='lat' dir='ltr'><strong>anathemate</strong></span> <span class='ocrx_word' id='word_1_402' title='bbox 3317 2304 3426 2357; x_wconf 83' lang='lat' dir='ltr'><strong>mi-</strong></span> 
     </span>
    </p>
   </div>
   <div class='ocr_carea' id='block_1_53' title="bbox 1849 2392 3426 2464">
    <p class='ocr_par' dir='ltr' id='par_1_53' title="bbox 1849 2392 3426 2464">
     <span class='ocr_line' id='line_1_53' title="bbox 1849 2392 3426 2464; baseline 0.002 -18"><span class='ocrx_word' id='word_1_403' title='bbox 1849 2401 2043 2446; x_wconf 87' lang='lat' dir='ltr'><strong>serunt</strong></span> <span class='ocrx_word' id='word_1_404' title='bbox 2065 2392 2120 2446; x_wconf 92' lang='lat' dir='ltr'><strong>in</strong></span> <span class='ocrx_word' id='word_1_405' title='bbox 2154 2409 2282 2448; x_wconf 87' lang='lat' dir='ltr'><strong>vasa</strong></span> <span class='ocrx_word' id='word_1_406' title='bbox 2318 2410 2436 2448; x_wconf 89' lang='lat' dir='ltr'><strong>sua.</strong></span> <span class='ocrx_word' id='word_1_407' title='bbox 2472 2395 2592 2448; x_wconf 87' lang='lat' dir='ltr'><strong>Non</strong></span> <span class='ocrx_word' id='word_1_408' title='bbox 2613 2403 2875 2464; x_wconf 87' lang='lat' dir='ltr'><strong>poterunt</strong></span> <span class='ocrx_word' id='word_1_409' title='bbox 2892 2394 2986 2450; x_wconf 87' lang='lat' dir='ltr'><strong>filii</strong></span> <span class='ocrx_word' id='word_1_410' title='bbox 3018 2395 3183 2450; x_wconf 90' lang='lat' dir='ltr'><strong>Israel</strong></span> <span class='ocrx_word' id='word_1_411' title='bbox 3237 2394 3426 2449; x_wconf 88' lang='lat' dir='ltr'><strong>subsi-</strong></span> 
     </span>
    </p>
   </div>
   <div class='ocr_carea' id='block_1_54' title="bbox 1849 2485 3430 2553">
    <p class='ocr_par' dir='ltr' id='par_1_54' title="bbox 1849 2485 3430 2553">
     <span class='ocr_line' id='line_1_54' title="bbox 1849 2485 3430 2553; baseline 0.001 -15"><span class='ocrx_word' id='word_1_412' title='bbox 1849 2492 1997 2539; x_wconf 89' lang='lat' dir='ltr'><strong>stere</strong></span> <span class='ocrx_word' id='word_1_413' title='bbox 2025 2492 2152 2539; x_wconf 90' lang='lat' dir='ltr'><strong>ante</strong></span> <span class='ocrx_word' id='word_1_414' title='bbox 2188 2485 2389 2540; x_wconf 84' lang='lat' dir='ltr'><strong>faciem</strong></span> <span class='ocrx_word' id='word_1_415' title='bbox 2440 2485 2682 2542; x_wconf 89' lang='lat' dir='ltr'><strong>hostium</strong></span> <span class='ocrx_word' id='word_1_416' title='bbox 2726 2501 2989 2553; x_wconf 91' lang='lat' dir='ltr'><strong>suorum;</strong></span> <span class='ocrx_word' id='word_1_417' title='bbox 3041 2485 3312 2542; x_wconf 82' lang='lat' dir='ltr'><strong>cervicem</strong></span> <span class='ocrx_word' id='word_1_418' title='bbox 3362 2500 3430 2541; x_wconf 86' lang='lat' dir='ltr'><strong>ac</strong></span> 
     </span>
    </p>
   </div>
   <div class='ocr_carea' id='block_1_55' title="bbox 1851 2577 3431 2648">
    <p class='ocr_par' dir='ltr' id='par_1_55' title="bbox 1851 2577 3431 2648">
     <span class='ocr_line' id='line_1_55' title="bbox 1851 2577 3431 2648; baseline 0.003 -20"><span class='ocrx_word' id='word_1_419' title='bbox 1851 2583 2065 2645; x_wconf 83' lang='lat' dir='ltr'><strong>tergum</strong></span> <span class='ocrx_word' id='word_1_420' title='bbox 2091 2584 2309 2630; x_wconf 89' lang='lat' dir='ltr'><strong>vertent</strong></span> <span class='ocrx_word' id='word_1_421' title='bbox 2327 2577 2383 2630; x_wconf 89' lang='lat' dir='ltr'><strong>in</strong></span> <span class='ocrx_word' id='word_1_422' title='bbox 2419 2585 2718 2647; x_wconf 90' lang='lat' dir='ltr'><strong>conspectu</strong></span> <span class='ocrx_word' id='word_1_423' title='bbox 2745 2578 2990 2633; x_wconf 90' lang='lat' dir='ltr'><strong>hostium</strong></span> <span class='ocrx_word' id='word_1_424' title='bbox 3015 2593 3267 2644; x_wconf 90' lang='lat' dir='ltr'><strong>suorum,</strong></span> <span class='ocrx_word' id='word_1_425' title='bbox 3297 2577 3431 2648; x_wconf 87' lang='lat' dir='ltr'><strong>quia</strong></span> 
     </span>
    </p>
   </div>
   <div class='ocr_carea' id='block_1_56' title="bbox 1849 2666 3427 2740">
    <p class='ocr_par' dir='ltr' id='par_1_56' title="bbox 1849 2666 3427 2740">
     <span class='ocr_line' id='line_1_56' title="bbox 1849 2666 3427 2740; baseline 0.003 -20"><span class='ocrx_word' id='word_1_426' title='bbox 1849 2666 1981 2722; x_wconf 86' lang='lat' dir='ltr'><strong>facti</strong></span> <span class='ocrx_word' id='word_1_427' title='bbox 2008 2677 2138 2722; x_wconf 91' lang='lat' dir='ltr'><strong>sunt</strong></span> <span class='ocrx_word' id='word_1_428' title='bbox 2161 2668 2452 2723; x_wconf 87' lang='lat' dir='ltr'><strong>anathema</strong></span> <span class='ocrx_word' id='word_1_429' title='bbox 2475 2687 2488 2722; x_wconf 88' lang='lat'><strong>:</strong></span> <span class='ocrx_word' id='word_1_430' title='bbox 2511 2685 2622 2724; x_wconf 88' lang='lat' dir='ltr'><strong>non</strong></span> <span class='ocrx_word' id='word_1_431' title='bbox 2639 2670 2892 2740; x_wconf 87' lang='lat' dir='ltr'><strong>adjiciam</strong></span> <span class='ocrx_word' id='word_1_432' title='bbox 2925 2671 3090 2734; x_wconf 88' lang='lat' dir='ltr'><strong>ultra,</strong></span> <span class='ocrx_word' id='word_1_433' title='bbox 3118 2677 3178 2723; x_wconf 91' lang='lat' dir='ltr'><strong>ut</strong></span> <span class='ocrx_word' id='word_1_434' title='bbox 3200 2668 3304 2724; x_wconf 91' lang='lat' dir='ltr'><strong>sim</strong></span> <span class='ocrx_word' id='word_1_435' title='bbox 3325 2683 3427 2724; x_wconf 89' lang='lat' dir='ltr'><strong>vo-</strong></span> 
     </span>
    </p>
   </div>
   <div class='ocr_carea' id='block_1_57' title="bbox 1850 2759 3420 2833">
    <p class='ocr_par' dir='ltr' id='par_1_57' title="bbox 1850 2759 3420 2833">
     <span class='ocr_line' id='line_1_57' title="bbox 1850 2759 3420 2833; baseline 0 -19"><span class='ocrx_word' id='word_1_436' title='bbox 1850 2759 2087 2824; x_wconf 90' lang='lat' dir='ltr'><strong>biscum,</strong></span> <span class='ocrx_word' id='word_1_437' title='bbox 2110 2760 2215 2816; x_wconf 90' lang='lat' dir='ltr'><strong>nisi</strong></span> <span class='ocrx_word' id='word_1_438' title='bbox 2249 2761 2592 2818; x_wconf 88' lang='lat' dir='ltr'><strong>abstuleritis</strong></span> <span class='ocrx_word' id='word_1_439' title='bbox 2617 2763 2911 2818; x_wconf 89' lang='lat' dir='ltr'><strong>anathema</strong></span> <span class='ocrx_word' id='word_1_440' title='bbox 2939 2778 2970 2816; x_wconf 92' lang='lat' dir='ltr'><strong>a</strong></span> <span class='ocrx_word' id='word_1_441' title='bbox 2989 2762 3146 2817; x_wconf 88' lang='lat' dir='ltr'><strong>vobis</strong></span> <span class='ocrx_word' id='word_1_442' title='bbox 3171 2762 3307 2833; x_wconf 88' lang='lat' dir='ltr'><strong>ipsis</strong></span> <span class='ocrx_word' id='word_1_443' title='bbox 3320 2761 3420 2815; x_wconf 73' lang='grc'><strong>⁸³.»</strong></span> 
     </span>
    </p>
   </div>
   <div class='ocr_carea' id='block_1_58' title="bbox 1850 2851 3431 2925">
    <p class='ocr_par' dir='ltr' id='par_1_58' title="bbox 1850 2851 3431 2925">
     <span class='ocr_line' id='line_1_58' title="bbox 1850 2851 3431 2925; baseline 0.001 -19"><span class='ocrx_word' id='word_1_444' title='bbox 1850 2851 2044 2923; x_wconf 82' lang='lat' dir='ltr'><strong>Igitur,</strong></span> <span class='ocrx_word' id='word_1_445' title='bbox 2107 2869 2232 2908; x_wconf 85' lang='lat' dir='ltr'><strong>cum</strong></span> <span class='ocrx_word' id='word_1_446' title='bbox 2287 2854 2561 2911; x_wconf 88' lang='lat' dir='ltr'><strong>indicatus</strong></span> <span class='ocrx_word' id='word_1_447' title='bbox 2611 2865 2761 2910; x_wconf 85' lang='lat' dir='ltr'><strong>esset</strong></span> <span class='ocrx_word' id='word_1_448' title='bbox 2812 2854 3015 2919; x_wconf 84' lang='lat' dir='ltr'><strong>Achar,</strong></span> <span class='ocrx_word' id='word_1_449' title='bbox 3071 2853 3431 2925; x_wconf 66' lang='lat' dir='ltr'><strong>interrogavit</strong></span> 
     </span>
    </p>
   </div>
   <div class='ocr_carea' id='block_1_59' title="bbox 1850 2945 3426 3018">
    <p class='ocr_par' dir='ltr' id='par_1_59' title="bbox 1850 2945 3426 3018">
     <span class='ocr_line' id='line_1_59' title="bbox 1850 2945 3426 3018; baseline 0.001 -20"><span class='ocrx_word' id='word_1_450' title='bbox 1850 2959 1978 2999; x_wconf 90' lang='lat' dir='ltr'><strong>eum</strong></span> <span class='ocrx_word' id='word_1_451' title='bbox 2010 2945 2192 3009; x_wconf 87' lang='lat' dir='ltr'><strong>Jesus,</strong></span> <span class='ocrx_word' id='word_1_452' title='bbox 2224 2945 2442 3002; x_wconf 90' lang='lat' dir='ltr'><strong>dicens:</strong></span> <span class='ocrx_word' id='word_1_453' title='bbox 2481 2966 2500 2999; x_wconf 76' lang='grc' dir='ltr'><strong>ι</strong></span> <span class='ocrx_word' id='word_1_454' title='bbox 2523 2946 2600 3002; x_wconf 88' lang='lat' dir='ltr'><strong>Da</strong></span> <span class='ocrx_word' id='word_1_455' title='bbox 2623 2947 2853 3018; x_wconf 87' lang='lat' dir='ltr'><strong>gloriam</strong></span> <span class='ocrx_word' id='word_1_456' title='bbox 2877 2946 3044 3002; x_wconf 91' lang='lat' dir='ltr'><strong>hodie</strong></span> <span class='ocrx_word' id='word_1_457' title='bbox 3064 2946 3295 3001; x_wconf 90' lang='lat' dir='ltr'><strong>Domino</strong></span> <span class='ocrx_word' id='word_1_458' title='bbox 3311 2945 3426 3000; x_wconf 86' lang='lat' dir='ltr'><strong>Deo</strong></span> 
     </span>
    </p>
   </div>
   <div class='ocr_carea' id='block_1_60' title="bbox 1851 3035 3425 3106">
    <p class='ocr_par' dir='ltr' id='par_1_60' title="bbox 1851 3035 3425 3106">
     <span class='ocr_line' id='line_1_60' title="bbox 1851 3035 3425 3106; baseline 0 -16"><span class='ocrx_word' id='word_1_459' title='bbox 1851 3035 2039 3099; x_wconf 90' lang='lat' dir='ltr'><strong>Israel,</strong></span> <span class='ocrx_word' id='word_1_460' title='bbox 2079 3044 2134 3089; x_wconf 90' lang='lat' dir='ltr'><strong>et</strong></span> <span class='ocrx_word' id='word_1_461' title='bbox 2181 3035 2249 3091; x_wconf 87' lang='lat' dir='ltr'><strong>da</strong></span> <span class='ocrx_word' id='word_1_462' title='bbox 2288 3035 2714 3102; x_wconf 85' lang='lat' dir='ltr'><strong>confessionem,</strong></span> <span class='ocrx_word' id='word_1_463' title='bbox 2766 3047 2824 3092; x_wconf 89' lang='lat' dir='ltr'><strong>et</strong></span> <span class='ocrx_word' id='word_1_464' title='bbox 2872 3036 3067 3092; x_wconf 89' lang='lat' dir='ltr'><strong>nuntia</strong></span> <span class='ocrx_word' id='word_1_465' title='bbox 3101 3036 3240 3091; x_wconf 90' lang='lat' dir='ltr'><strong>mihi</strong></span> <span class='ocrx_word' id='word_1_466' title='bbox 3290 3036 3425 3106; x_wconf 88' lang='lat' dir='ltr'><strong>quid</strong></span> 
     </span>
    </p>
   </div>
   <div class='ocr_carea' id='block_1_61' title="bbox 1852 3125 3426 3200">
    <p class='ocr_par' dir='ltr' id='par_1_61' title="bbox 1852 3125 3426 3200">
     <span class='ocr_line' id='line_1_61' title="bbox 1852 3125 3426 3200; baseline 0 -18"><span class='ocrx_word' id='word_1_467' title='bbox 1852 3125 2050 3192; x_wconf 86' lang='lat' dir='ltr'><strong>fecisti,</strong></span> <span class='ocrx_word' id='word_1_468' title='bbox 2100 3137 2156 3181; x_wconf 89' lang='lat' dir='ltr'><strong>et</strong></span> <span class='ocrx_word' id='word_1_469' title='bbox 2189 3144 2257 3182; x_wconf 87' lang='lat' dir='ltr'><strong>ne</strong></span> <span class='ocrx_word' id='word_1_470' title='bbox 2307 3128 2612 3183; x_wconf 88' lang='lat' dir='ltr'><strong>abscondas</strong></span> <span class='ocrx_word' id='word_1_471' title='bbox 2653 3145 2685 3183; x_wconf 90' lang='lat' dir='ltr'><strong>a</strong></span> <span class='ocrx_word' id='word_1_472' title='bbox 2718 3143 2826 3183; x_wconf 88' lang='lat' dir='ltr'><strong>me.</strong></span> <span class='ocrx_word' id='word_1_473' title='bbox 2890 3128 3195 3200; x_wconf 81' lang='lat' dir='ltr'><strong>Respondit</strong></span> <span class='ocrx_word' id='word_1_474' title='bbox 3239 3136 3426 3184; x_wconf 89' lang='lat' dir='ltr'><strong>autem</strong></span> 
     </span>
    </p>
   </div>
   <div class='ocr_carea' id='block_1_62' title="bbox 1852 3217 3428 3290">
    <p class='ocr_par' dir='ltr' id='par_1_62' title="bbox 1852 3217 3428 3290">
     <span class='ocr_line' id='line_1_62' title="bbox 1852 3217 3428 3290; baseline 0.001 -18"><span class='ocrx_word' id='word_1_475' title='bbox 1852 3217 2033 3274; x_wconf 78' lang='lat' dir='ltr'><strong>Achar</strong></span> <span class='ocrx_word' id='word_1_476' title='bbox 2059 3218 2286 3282; x_wconf 86' lang='lat' dir='ltr'><strong>Jcsu,et</strong></span> <span class='ocrx_word' id='word_1_477' title='bbox 2311 3219 2483 3275; x_wconf 79' lang='lat' dir='ltr'><strong>dixit:</strong></span> <span class='ocrx_word' id='word_1_478' title='bbox 2516 3220 2657 3274; x_wconf 83' lang='lat' dir='ltr'><strong>Vere</strong></span> <span class='ocrx_word' id='word_1_479' title='bbox 2700 3219 2923 3290; x_wconf 88' lang='lat' dir='ltr'><strong>peccavi</strong></span> <span class='ocrx_word' id='word_1_480' title='bbox 2959 3235 3144 3275; x_wconf 89' lang='lat' dir='ltr'><strong>coram</strong></span> <span class='ocrx_word' id='word_1_481' title='bbox 3190 3219 3428 3275; x_wconf 90' lang='lat' dir='ltr'><strong>Domino</strong></span> 
     </span>
    </p>
   </div>
   <div class='ocr_carea' id='block_1_63' title="bbox 185 3284 1748 3380">
    <p class='ocr_par' dir='ltr' id='par_1_63' title="bbox 185 3290 1734 3367">
     <span class='ocr_line' id='line_1_63' title="bbox 185 3290 1734 3367; baseline 0.002 -23"><span class='ocrx_word' id='word_1_482' title='bbox 185 3294 344 3366; x_wconf 79' lang='grc' dir='ltr'><strong>Ἀχαρ</strong></span> <span class='ocrx_word' id='word_1_483' title='bbox 370 3294 448 3365; x_wconf 78' lang='grc' dir='ltr'><strong>τῷ</strong></span> <span class='ocrx_word' id='word_1_484' title='bbox 480 3292 691 3364; x_wconf 78' lang='grc' dir='ltr'><strong>Ἰησοῦ,</strong></span> <span class='ocrx_word' id='word_1_485' title='bbox 718 3294 814 3347; x_wconf 78' lang='grc' dir='ltr'><strong>καὶ</strong></span> <span class='ocrx_word' id='word_1_486' title='bbox 842 3290 1022 3348; x_wconf 54' lang='grc' dir='ltr'><strong>εἶπεν</strong></span> <span class='ocrx_word' id='word_1_487' title='bbox 1066 3293 1305 3364; x_wconf 80' lang='grc' dir='ltr'><strong>Ἀληθῶς</strong></span> <span class='ocrx_word' id='word_1_488' title='bbox 1325 3295 1572 3367; x_wconf 76' lang='grc' dir='ltr'><strong>ἥμαρτον</strong></span> <span class='ocrx_word' id='word_1_489' title='bbox 1591 3297 1734 3348; x_wconf 79' lang='grc' dir='ltr'><strong>ἐναν-</strong></span> 
     </span>
    </p>
   </div>
   <div class='ocr_carea' id='block_1_64' title="bbox 1852 3284 3428 3380">
    <p class='ocr_par' dir='ltr' id='par_1_64' title="bbox 1852 3308 3428 3380">
     <span class='ocr_line' id='line_1_64' title="bbox 1852 3308 3428 3380; baseline 0.002 -18"><span class='ocrx_word' id='word_1_490' title='bbox 1852 3308 2018 3362; x_wconf 88' lang='lat' dir='ltr'><strong>Israel</strong></span> <span class='ocrx_word' id='word_1_491' title='bbox 2044 3325 2058 3374; x_wconf 91' lang='lat'><strong>;</strong></span> <span class='ocrx_word' id='word_1_492' title='bbox 2088 3309 2166 3364; x_wconf 89' lang='lat' dir='ltr'><strong>sic</strong></span> <span class='ocrx_word' id='word_1_493' title='bbox 2188 3309 2334 3365; x_wconf 90' lang='lat' dir='ltr'><strong>etsic</strong></span> <span class='ocrx_word' id='word_1_494' title='bbox 2357 3309 2614 3365; x_wconf 81' lang='lat' dir='ltr'><strong>feci.Vidi</strong></span> <span class='ocrx_word' id='word_1_495' title='bbox 2641 3309 2785 3365; x_wconf 89' lang='lat' dir='ltr'><strong>inter</strong></span> <span class='ocrx_word' id='word_1_496' title='bbox 2802 3310 2974 3380; x_wconf 83' lang='lat' dir='ltr'><strong>spolia</strong></span> <span class='ocrx_word' id='word_1_497' title='bbox 2999 3310 3176 3380; x_wconf 89' lang='lat' dir='ltr'><strong>psilen</strong></span> <span class='ocrx_word' id='word_1_498' title='bbox 3199 3310 3428 3374; x_wconf 87' lang='lat' dir='ltr'><strong>variam,</strong></span> 
     </span>
    </p>
   </div>
   <div class='ocr_carea' id='block_1_65' title="bbox 180 3385 1746 3460">
    <p class='ocr_par' dir='ltr' id='par_1_65' title="bbox 180 3385 1746 3460">
     <span class='ocr_line' id='line_1_65' title="bbox 180 3385 1746 3460; baseline 0.003 -25"><span class='ocrx_word' id='word_1_499' title='bbox 180 3385 275 3440; x_wconf 82' lang='grc' dir='ltr'><strong>τίον</strong></span> <span class='ocrx_word' id='word_1_500' title='bbox 299 3388 502 3459; x_wconf 81' lang='grc' dir='ltr'>Κυρίου</span> <span class='ocrx_word' id='word_1_501' title='bbox 530 3386 674 3440; x_wconf 80' lang='grc' dir='ltr'><strong>Θεοῦ</strong></span> <span class='ocrx_word' id='word_1_502' title='bbox 723 3387 962 3460; x_wconf 75' lang='grc' dir='ltr'><strong>Ἰσραὴλ,</strong></span> <span class='ocrx_word' id='word_1_503' title='bbox 986 3387 1159 3452; x_wconf 74' lang='grc' dir='ltr'><strong>οὕτως</strong></span> <span class='ocrx_word' id='word_1_504' title='bbox 1183 3389 1276 3442; x_wconf 70' lang='grc' dir='ltr'><strong>καὶ</strong></span> <span class='ocrx_word' id='word_1_505' title='bbox 1296 3387 1468 3451; x_wconf 79' lang='grc' dir='ltr'><strong>οὕτως</strong></span> <span class='ocrx_word' id='word_1_506' title='bbox 1489 3387 1746 3459; x_wconf 86' lang='grc' dir='ltr'><strong>ἐποίησα.</strong></span> 
     </span>
    </p>
   </div>
   <div class='ocr_carea' id='block_1_66' title="bbox 181 3470 1750 3549">
    <p class='ocr_par' dir='ltr' id='par_1_66' title="bbox 181 3470 1750 3549">
     <span class='ocr_line' id='line_1_66' title="bbox 181 3470 1750 3549; baseline 0.001 -23"><span class='ocrx_word' id='word_1_507' title='bbox 181 3470 315 3529; x_wconf 77' lang='grc' dir='ltr'><strong>Εἶδον</strong></span> <span class='ocrx_word' id='word_1_508' title='bbox 347 3479 404 3531; x_wconf 76' lang='grc' dir='ltr'><strong>ἐν</strong></span> <span class='ocrx_word' id='word_1_509' title='bbox 425 3480 495 3549; x_wconf 82' lang='grc' dir='ltr'><strong>τῇ</strong></span> <span class='ocrx_word' id='word_1_510' title='bbox 530 3479 787 3548; x_wconf 83' lang='grc' dir='ltr'><strong>προνομῇ</strong></span> <span class='ocrx_word' id='word_1_511' title='bbox 810 3476 972 3549; x_wconf 67' lang='grc' dir='ltr'><strong>ψιλὴν</strong></span> <span class='ocrx_word' id='word_1_512' title='bbox 1008 3477 1263 3548; x_wconf 83' lang='grc' dir='ltr'><strong>ποικίλην</strong></span> <span class='ocrx_word' id='word_1_513' title='bbox 1284 3477 1378 3532; x_wconf 76' lang='grc' dir='ltr'><strong>καὶ</strong></span> <span class='ocrx_word' id='word_1_514' title='bbox 1406 3477 1653 3530; x_wconf 84' lang='grc' dir='ltr'><strong>διακόσια</strong></span> <span class='ocrx_word' id='word_1_515' title='bbox 1673 3475 1750 3528; x_wconf 87' lang='grc' dir='ltr'><strong>δί-</strong></span> 
     </span>
    </p>
   </div>
   <div class='ocr_carea' id='block_1_67' title="bbox 179 3565 1750 3640">
    <p class='ocr_par' dir='ltr' id='par_1_67' title="bbox 179 3565 1750 3640">
     <span class='ocr_line' id='line_1_67' title="bbox 179 3565 1750 3640; baseline 0.002 -22"><span class='ocrx_word' id='word_1_516' title='bbox 179 3565 377 3639; x_wconf 77' lang='grc' dir='ltr'><strong>δραχμα</strong></span> <span class='ocrx_word' id='word_1_517' title='bbox 408 3568 715 3640; x_wconf 80' lang='grc' dir='ltr'><strong>ἀργυρίου,</strong></span> <span class='ocrx_word' id='word_1_518' title='bbox 749 3569 845 3622; x_wconf 77' lang='grc' dir='ltr'><strong>καὶ</strong></span> <span class='ocrx_word' id='word_1_519' title='bbox 883 3569 1134 3636; x_wconf 84' lang='grc' dir='ltr'><strong>γλῶσσαν</strong></span> <span class='ocrx_word' id='word_1_520' title='bbox 1165 3569 1293 3640; x_wconf 89' lang='grc' dir='ltr'><strong>μίαν</strong></span> <span class='ocrx_word' id='word_1_521' title='bbox 1319 3569 1526 3640; x_wconf 80' lang='grc' dir='ltr'>χρυσῆν</span> <span class='ocrx_word' id='word_1_522' title='bbox 1556 3569 1750 3639; x_wconf 84' lang='grc' dir='ltr'><strong>πεντή-</strong></span> 
     </span>
    </p>
   </div>
   <div class='ocr_carea' id='block_1_68' title="bbox 181 3659 1749 3733">
    <p class='ocr_par' dir='ltr' id='par_1_68' title="bbox 181 3659 1749 3733">
     <span class='ocr_line' id='line_1_68' title="bbox 181 3659 1749 3733; baseline 0.001 -22"><span class='ocrx_word' id='word_1_523' title='bbox 181 3676 325 3714; x_wconf 81' lang='grc' dir='ltr'><strong>κοντα</strong></span> <span class='ocrx_word' id='word_1_524' title='bbox 351 3661 702 3733; x_wconf 85' lang='grc' dir='ltr'><strong>διδράχμων,</strong></span> <span class='ocrx_word' id='word_1_525' title='bbox 727 3661 820 3714; x_wconf 75' lang='grc' dir='ltr'><strong>καὶ</strong></span> <span class='ocrx_word' id='word_1_526' title='bbox 842 3659 1172 3731; x_wconf 73' lang='grc' dir='ltr'><strong>ἐνθυμηθεὶς</strong></span> <span class='ocrx_word' id='word_1_527' title='bbox 1196 3660 1375 3715; x_wconf 80' lang='grc' dir='ltr'><strong>αὐτῶν</strong></span> <span class='ocrx_word' id='word_1_528' title='bbox 1409 3659 1623 3724; x_wconf 74' lang='grc' dir='ltr'><strong>ἔλαϐον,</strong></span> <span class='ocrx_word' id='word_1_529' title='bbox 1656 3660 1749 3714; x_wconf 81' lang='grc' dir='ltr'><strong>καὶ</strong></span> 
     </span>
    </p>
   </div>
   <div class='ocr_carea' id='block_1_69' title="bbox 181 3751 1748 3823">
    <p class='ocr_par' dir='ltr' id='par_1_69' title="bbox 181 3751 1748 3823">
     <span class='ocr_line' id='line_1_69' title="bbox 181 3751 1748 3823; baseline 0.002 -22"><span class='ocrx_word' id='word_1_530' title='bbox 181 3751 275 3806; x_wconf 73' lang='grc' dir='ltr'><strong>ἰδοὺ</strong></span> <span class='ocrx_word' id='word_1_531' title='bbox 303 3753 626 3823; x_wconf 84' lang='grc' dir='ltr'><strong>κέκρυπται</strong></span> <span class='ocrx_word' id='word_1_532' title='bbox 671 3751 846 3805; x_wconf 81' lang='grc' dir='ltr'><strong>ταῦτα</strong></span> <span class='ocrx_word' id='word_1_533' title='bbox 888 3753 946 3804; x_wconf 90' lang='grc' dir='ltr'><strong>ἐν</strong></span> <span class='ocrx_word' id='word_1_534' title='bbox 979 3754 1045 3822; x_wconf 85' lang='grc' dir='ltr'><strong>τῇ</strong></span> <span class='ocrx_word' id='word_1_535' title='bbox 1085 3754 1181 3823; x_wconf 81' lang='grc' dir='ltr'><strong>γῇ,</strong></span> <span class='ocrx_word' id='word_1_536' title='bbox 1222 3753 1282 3804; x_wconf 83' lang='grc' dir='ltr'><strong>ἐν</strong></span> <span class='ocrx_word' id='word_1_537' title='bbox 1309 3754 1376 3822; x_wconf 81' lang='grc' dir='ltr'><strong>τῇ</strong></span> <span class='ocrx_word' id='word_1_538' title='bbox 1411 3755 1582 3823; x_wconf 78' lang='grc' dir='ltr'><strong>σκηνῇ</strong></span> <span class='ocrx_word' id='word_1_539' title='bbox 1623 3769 1748 3822; x_wconf 87' lang='grc' dir='ltr'><strong>μου,</strong></span> 
     </span>
    </p>
   </div>
   <div class='ocr_carea' id='block_1_70' title="bbox 179 3843 1751 3916">
    <p class='ocr_par' dir='ltr' id='par_1_70' title="bbox 179 3843 1751 3916">
     <span class='ocr_line' id='line_1_70' title="bbox 179 3843 1751 3916; baseline 0.001 -21"><span class='ocrx_word' id='word_1_540' title='bbox 179 3845 331 3898; x_wconf 77' lang='grc' dir='ltr'><strong>καὶτὸ</strong></span> <span class='ocrx_word' id='word_1_541' title='bbox 347 3844 629 3916; x_wconf 80' lang='grc' dir='ltr'><strong>ἀργύριον</strong></span> <span class='ocrx_word' id='word_1_542' title='bbox 655 3844 965 3915; x_wconf 80' lang='grc' dir='ltr'><strong>κέκρυπται</strong></span> <span class='ocrx_word' id='word_1_543' title='bbox 985 3844 1245 3897; x_wconf 81' lang='grc' dir='ltr'><strong>ὑποκάτω</strong></span> <span class='ocrx_word' id='word_1_544' title='bbox 1269 3843 1470 3898; x_wconf 83' lang='grc' dir='ltr'><strong>αὐτῶν.</strong></span> <span class='ocrx_word' id='word_1_545' title='bbox 1507 3864 1524 3897; x_wconf 79' lang='grc' dir='ltr'><strong>ι</strong></span> <span class='ocrx_word' id='word_1_546' title='bbox 1558 3845 1751 3915; x_wconf 85' lang='grc' dir='ltr'><strong>Συνίης</strong></span> 
     </span>
    </p>
   </div>
   <div class='ocr_carea' id='block_1_71' title="bbox 176 3934 1750 4008">
    <p class='ocr_par' dir='ltr' id='par_1_71' title="bbox 176 3934 1750 4008">
     <span class='ocr_line' id='line_1_71' title="bbox 176 3934 1750 4008; baseline 0.001 -20"><span class='ocrx_word' id='word_1_547' title='bbox 176 3934 244 3988; x_wconf 74' lang='grc' dir='ltr'><strong>ὅτι</strong></span> <span class='ocrx_word' id='word_1_548' title='bbox 285 3938 375 3990; x_wconf 79' lang='grc' dir='ltr'><strong>καὶ</strong></span> <span class='ocrx_word' id='word_1_549' title='bbox 408 3937 588 3999; x_wconf 76' lang='grc' dir='ltr'><strong>αὐτὸς</strong></span> <span class='ocrx_word' id='word_1_550' title='bbox 616 3937 644 3987; x_wconf 88' lang='grc' dir='ltr'><strong>ό</strong></span> <span class='ocrx_word' id='word_1_551' title='bbox 689 3934 969 4004; x_wconf 84' lang='grc' dir='ltr'><strong>κεκλοφὼς</strong></span> <span class='ocrx_word' id='word_1_552' title='bbox 1026 3935 1333 4008; x_wconf 79' lang='grc' dir='ltr'><strong>ἑωρακέναι</strong></span> <span class='ocrx_word' id='word_1_553' title='bbox 1376 3936 1542 4007; x_wconf 76' lang='grc' dir='ltr'><strong>φησὶν</strong></span> <span class='ocrx_word' id='word_1_554' title='bbox 1590 3938 1649 3990; x_wconf 90' lang='grc' dir='ltr'><strong>ἐν</strong></span> <span class='ocrx_word' id='word_1_555' title='bbox 1681 3938 1750 4008; x_wconf 83' lang='grc' dir='ltr'><strong>τῇ</strong></span> 
     </span>
    </p>
   </div>
   <div class='ocr_carea' id='block_1_72' title="bbox 180 4026 1753 4102">
    <p class='ocr_par' dir='ltr' id='par_1_72' title="bbox 180 4026 1753 4102">
     <span class='ocr_line' id='line_1_72' title="bbox 180 4026 1753 4102; baseline 0.001 -23"><span class='ocrx_word' id='word_1_556' title='bbox 180 4035 405 4102; x_wconf 82' lang='grc' dir='ltr'><strong>προνομῇ</strong></span> <span class='ocrx_word' id='word_1_557' title='bbox 468 4029 644 4099; x_wconf 78' lang='grc' dir='ltr'><strong>ψιλὴν</strong></span> <span class='ocrx_word' id='word_1_558' title='bbox 695 4027 972 4097; x_wconf 80' lang='grc' dir='ltr'><strong>ποικίλην,</strong></span> <span class='ocrx_word' id='word_1_559' title='bbox 1029 4029 1124 4080; x_wconf 75' lang='grc' dir='ltr'><strong>καὶ</strong></span> <span class='ocrx_word' id='word_1_560' title='bbox 1177 4026 1426 4082; x_wconf 83' lang='grc' dir='ltr'><strong>διακόσια</strong></span> <span class='ocrx_word' id='word_1_561' title='bbox 1480 4026 1753 4099; x_wconf 84' lang='grc' dir='ltr'><strong>δίδραχμα</strong></span> 
     </span>
    </p>
   </div>
   <div class='ocr_carea' id='block_1_73' title="bbox 175 4119 1754 4196">
    <p class='ocr_par' dir='ltr' id='par_1_73' title="bbox 175 4119 1754 4196">
     <span class='ocr_line' id='line_1_73' title="bbox 175 4119 1754 4196; baseline 0.001 -24"><span class='ocrx_word' id='word_1_562' title='bbox 175 4120 444 4196; x_wconf 82' lang='grc' dir='ltr'><strong>ἀργυρίου,</strong></span> <span class='ocrx_word' id='word_1_563' title='bbox 500 4123 611 4177; x_wconf 77' lang='grc' dir='ltr'><strong>καὶ</strong></span> <span class='ocrx_word' id='word_1_564' title='bbox 661 4120 914 4189; x_wconf 83' lang='grc' dir='ltr'><strong>γλῶσσαν</strong></span> <span class='ocrx_word' id='word_1_565' title='bbox 951 4120 1160 4191; x_wconf 88' lang='grc' dir='ltr'><strong>χρυσῆν</strong></span> <span class='ocrx_word' id='word_1_566' title='bbox 1198 4121 1536 4190; x_wconf 78' lang='grc' dir='ltr'><strong>πεντήκοντα</strong></span> <span class='ocrx_word' id='word_1_567' title='bbox 1574 4119 1754 4191; x_wconf 87' lang='grc' dir='ltr'><strong>διδρά-</strong></span> 
     </span>
    </p>
   </div>
   <div class='ocr_carea' id='block_1_74' title="bbox 174 4212 1753 4286">
    <p class='ocr_par' dir='ltr' id='par_1_74' title="bbox 174 4212 1753 4286">
     <span class='ocr_line' id='line_1_74' title="bbox 174 4212 1753 4286; baseline -0.003 -17"><span class='ocrx_word' id='word_1_568' title='bbox 174 4230 332 4282; x_wconf 78' lang='grc' dir='ltr'><strong>χμων,</strong></span> <span class='ocrx_word' id='word_1_569' title='bbox 360 4213 754 4286; x_wconf 85' lang='grc' dir='ltr'><strong>ἐνθυμηθῆναί</strong></span> <span class='ocrx_word' id='word_1_570' title='bbox 781 4230 838 4266; x_wconf 86' lang='grc' dir='ltr'><strong>τε</strong></span> <span class='ocrx_word' id='word_1_571' title='bbox 867 4213 1067 4276; x_wconf 80' lang='grc' dir='ltr'><strong>αὐτῶν,</strong></span> <span class='ocrx_word' id='word_1_572' title='bbox 1085 4213 1383 4276; x_wconf 85' lang='grc' dir='ltr'><strong>τουτέστιν,</strong></span> <span class='ocrx_word' id='word_1_573' title='bbox 1408 4215 1489 4276; x_wconf 86' lang='grc' dir='ltr'><strong>είς</strong></span> <span class='ocrx_word' id='word_1_574' title='bbox 1511 4212 1753 4282; x_wconf 81' lang='grc' dir='ltr'><strong>ἄθεσμον</strong></span> 
     </span>
    </p>
   </div>
   <div class='ocr_carea' id='block_1_75' title="bbox 171 4301 1754 4378">
    <p class='ocr_par' dir='ltr' id='par_1_75' title="bbox 171 4301 1754 4378">
     <span class='ocr_line' id='line_1_75' title="bbox 171 4301 1754 4378; baseline -0.001 -19"><span class='ocrx_word' id='word_1_575' title='bbox 171 4307 332 4363; x_wconf 70' lang='grc' dir='ltr'><strong>αὐτῶν</strong></span> <span class='ocrx_word' id='word_1_576' title='bbox 351 4307 670 4378; x_wconf 86' lang='grc' dir='ltr'><strong>ἐπιθυμίαν</strong></span> <span class='ocrx_word' id='word_1_577' title='bbox 688 4306 884 4361; x_wconf 83' lang='grc' dir='ltr'><strong>ἐλθεῖν.</strong></span> <span class='ocrx_word' id='word_1_578' title='bbox 904 4306 1014 4376; x_wconf 80' lang='grc' dir='ltr'><strong>Τὴν</strong></span> <span class='ocrx_word' id='word_1_579' title='bbox 1034 4305 1131 4376; x_wconf 85' lang='grc' dir='ltr'><strong>μὲν</strong></span> <span class='ocrx_word' id='word_1_580' title='bbox 1160 4301 1253 4359; x_wconf 77' lang='grc' dir='ltr'><strong>οὖν</strong></span> <span class='ocrx_word' id='word_1_581' title='bbox 1274 4305 1456 4375; x_wconf 67' lang='grc' dir='ltr'><strong>ψιλὴν,</strong></span> <span class='ocrx_word' id='word_1_582' title='bbox 1489 4323 1754 4378; x_wconf 84' lang='grc' dir='ltr'><strong>στρατιω-</strong></span> 
     </span>
    </p>
   </div>
   <div class='ocr_carea' id='block_1_76' title="bbox 169 4395 1755 4472">
    <p class='ocr_par' dir='ltr' id='par_1_76' title="bbox 169 4395 1755 4472">
     <span class='ocr_line' id='line_1_76' title="bbox 169 4395 1755 4472; baseline -0.001 -21"><span class='ocrx_word' id='word_1_583' title='bbox 169 4401 311 4472; x_wconf 75' lang='grc' dir='ltr'><strong>τικὴν</strong></span> <span class='ocrx_word' id='word_1_584' title='bbox 337 4403 548 4457; x_wconf 76' lang='grc' dir='ltr'><strong>οἴονται</strong></span> <span class='ocrx_word' id='word_1_585' title='bbox 578 4400 796 4470; x_wconf 77' lang='grc' dir='ltr'><strong>στολὴν,</strong></span> <span class='ocrx_word' id='word_1_586' title='bbox 817 4398 1064 4469; x_wconf 83' lang='grc' dir='ltr'><strong>χλαμύδα</strong></span> <span class='ocrx_word' id='word_1_587' title='bbox 1087 4415 1144 4451; x_wconf 88' lang='grc' dir='ltr'><strong>τε</strong></span> <span class='ocrx_word' id='word_1_588' title='bbox 1171 4395 1307 4451; x_wconf 76' lang='grc' dir='ltr'><strong>εἷναί</strong></span> <span class='ocrx_word' id='word_1_589' title='bbox 1342 4415 1474 4467; x_wconf 80' lang='grc' dir='ltr'><strong>φασι</strong></span> <span class='ocrx_word' id='word_1_590' title='bbox 1496 4397 1755 4460; x_wconf 83' lang='grc' dir='ltr'><strong>ποικίλως</strong></span> 
     </span>
    </p>
   </div>
   <div class='ocr_carea' id='block_1_77' title="bbox 169 4486 1754 4563">
    <p class='ocr_par' dir='ltr' id='par_1_77' title="bbox 169 4486 1754 4563">
     <span class='ocr_line' id='line_1_77' title="bbox 169 4486 1754 4563; baseline -0.001 -23"><span class='ocrx_word' id='word_1_591' title='bbox 169 4488 565 4563; x_wconf 77' lang='grc' dir='ltr'><strong>ἐξυφασμένηνο</strong></span> <span class='ocrx_word' id='word_1_592' title='bbox 597 4487 989 4558; x_wconf 76' lang='grc' dir='ltr'><strong>στρατιωτικὸν</strong></span> <span class='ocrx_word' id='word_1_593' title='bbox 1013 4486 1069 4540; x_wconf 82' lang='grc' dir='ltr'><strong>δέ</strong></span> <span class='ocrx_word' id='word_1_594' title='bbox 1094 4486 1156 4540; x_wconf 76' lang='grc' dir='ltr'><strong>τὸ</strong></span> <span class='ocrx_word' id='word_1_595' title='bbox 1186 4486 1316 4557; x_wconf 80' lang='grc' dir='ltr'><strong>ἐσθη</strong></span> <span class='ocrx_word' id='word_1_596' title='bbox 1327 4505 1422 4558; x_wconf 88' lang='grc' dir='ltr'><strong>μα,</strong></span> <span class='ocrx_word' id='word_1_597' title='bbox 1448 4488 1541 4541; x_wconf 80' lang='grc' dir='ltr'><strong>καὶ</strong></span> <span class='ocrx_word' id='word_1_598' title='bbox 1563 4487 1754 4540; x_wconf 83' lang='grc' dir='ltr'><strong>πλεον-</strong></span> 
     </span>
    </p>
   </div>
   <div class='ocr_carea' id='block_1_78' title="bbox 169 4581 1753 4660">
    <p class='ocr_par' dir='ltr' id='par_1_78' title="bbox 169 4581 1753 4660">
     <span class='ocr_line' id='line_1_78' title="bbox 169 4581 1753 4660; baseline -0.001 -24"><span class='ocrx_word' id='word_1_599' title='bbox 169 4586 300 4652; x_wconf 80' lang='grc' dir='ltr'><strong>εξίας</strong></span> <span class='ocrx_word' id='word_1_600' title='bbox 356 4587 666 4660; x_wconf 72' lang='grc' dir='ltr'><strong>σύμϐολον.</strong></span> <span class='ocrx_word' id='word_1_601' title='bbox 692 4583 1068 4652; x_wconf 80' lang='grc' dir='ltr'><strong>Παραπέφυκε</strong></span> <span class='ocrx_word' id='word_1_602' title='bbox 1097 4583 1206 4654; x_wconf 84' lang='grc' dir='ltr'><strong>γὰρ</strong></span> <span class='ocrx_word' id='word_1_603' title='bbox 1235 4582 1322 4636; x_wconf 87' lang='grc' dir='ltr'><strong>ἀεί</strong></span> <span class='ocrx_word' id='word_1_604' title='bbox 1340 4599 1456 4645; x_wconf 90' lang='grc' dir='ltr'><strong>πως</strong></span> <span class='ocrx_word' id='word_1_605' title='bbox 1479 4581 1556 4652; x_wconf 83' lang='grc' dir='ltr'><strong>τῷ</strong></span> <span class='ocrx_word' id='word_1_606' title='bbox 1587 4597 1753 4652; x_wconf 81' lang='grc' dir='ltr'><strong>στρα-</strong></span> 
     </span>
    </p>
   </div>
   <div class='ocr_carea' id='block_1_79' title="bbox 1853 3398 3433 3474">
    <p class='ocr_par' dir='ltr' id='par_1_79' title="bbox 1853 3398 3433 3474">
     <span class='ocr_line' id='line_1_79' title="bbox 1853 3398 3433 3474; baseline 0.002 -20"><span class='ocrx_word' id='word_1_607' title='bbox 1853 3406 1910 3454; x_wconf 88' lang='lat' dir='ltr'><strong>et</strong></span> <span class='ocrx_word' id='word_1_608' title='bbox 1939 3398 2204 3456; x_wconf 90' lang='lat' dir='ltr'><strong>ducentos</strong></span> <span class='ocrx_word' id='word_1_609' title='bbox 2223 3400 2388 3456; x_wconf 88' lang='lat' dir='ltr'><strong>siclos</strong></span> <span class='ocrx_word' id='word_1_610' title='bbox 2401 3402 2637 3472; x_wconf 84' lang='lat' dir='ltr'><strong>argenti,</strong></span> <span class='ocrx_word' id='word_1_611' title='bbox 2657 3410 2714 3458; x_wconf 89' lang='lat' dir='ltr'><strong>et</strong></span> <span class='ocrx_word' id='word_1_612' title='bbox 2737 3403 2980 3474; x_wconf 88' lang='lat' dir='ltr'><strong>linguam</strong></span> <span class='ocrx_word' id='word_1_613' title='bbox 3009 3418 3174 3458; x_wconf 88' lang='lat' dir='ltr'><strong>uuam</strong></span> <span class='ocrx_word' id='word_1_614' title='bbox 3204 3418 3433 3459; x_wconf 85' lang='lat' dir='ltr'><strong>auream</strong></span> 
     </span>
    </p>
   </div>
   <div class='ocr_carea' id='block_1_80' title="bbox 1857 3493 3430 3568">
    <p class='ocr_par' dir='ltr' id='par_1_80' title="bbox 1857 3493 3430 3568">
     <span class='ocr_line' id='line_1_80' title="bbox 1857 3493 3430 3568; baseline 0.002 -21"><span class='ocrx_word' id='word_1_615' title='bbox 1857 3493 2255 3565; x_wconf 81' lang='lat' dir='ltr'><strong>quinquaginta</strong></span> <span class='ocrx_word' id='word_1_616' title='bbox 2279 3495 2566 3560; x_wconf 90' lang='lat' dir='ltr'><strong>siclorum,</strong></span> <span class='ocrx_word' id='word_1_617' title='bbox 2586 3503 2644 3551; x_wconf 87' lang='lat' dir='ltr'><strong>et</strong></span> <span class='ocrx_word' id='word_1_618' title='bbox 2666 3496 2915 3568; x_wconf 88' lang='lat' dir='ltr'><strong>cogitans</strong></span> <span class='ocrx_word' id='word_1_619' title='bbox 2938 3495 3007 3551; x_wconf 91' lang='lat' dir='ltr'><strong>de</strong></span> <span class='ocrx_word' id='word_1_620' title='bbox 3039 3495 3176 3567; x_wconf 91' lang='lat' dir='ltr'><strong>ipsis</strong></span> <span class='ocrx_word' id='word_1_621' title='bbox 3199 3495 3386 3566; x_wconf 83' lang='lat' dir='ltr'><strong>accepi</strong></span> <span class='ocrx_word' id='word_1_622' title='bbox 3413 3512 3430 3561; x_wconf 91' lang='lat'><strong>;</strong></span> 
     </span>
    </p>
   </div>
   <div class='ocr_carea' id='block_1_81' title="bbox 1852 3586 3434 3644">
    <p class='ocr_par' dir='ltr' id='par_1_81' title="bbox 1852 3586 3434 3644">
     <span class='ocr_line' id='line_1_81' title="bbox 1852 3586 3434 3644; baseline 0.001 -7"><span class='ocrx_word' id='word_1_623' title='bbox 1852 3593 1910 3638; x_wconf 91' lang='lat' dir='ltr'><strong>et</strong></span> <span class='ocrx_word' id='word_1_624' title='bbox 1932 3600 2062 3640; x_wconf 90' lang='lat' dir='ltr'><strong>ecce</strong></span> <span class='ocrx_word' id='word_1_625' title='bbox 2099 3586 2367 3642; x_wconf 90' lang='lat' dir='ltr'><strong>absconsa</strong></span> <span class='ocrx_word' id='word_1_626' title='bbox 2389 3596 2520 3642; x_wconf 91' lang='lat' dir='ltr'><strong>sunt</strong></span> <span class='ocrx_word' id='word_1_627' title='bbox 2544 3588 2661 3643; x_wconf 57' lang='lat' dir='ltr'><strong>haec</strong></span> <span class='ocrx_word' id='word_1_628' title='bbox 2705 3588 2762 3642; x_wconf 92' lang='lat' dir='ltr'><strong>in</strong></span> <span class='ocrx_word' id='word_1_629' title='bbox 2790 3596 2938 3643; x_wconf 88' lang='lat' dir='ltr'><strong>terra</strong></span> <span class='ocrx_word' id='word_1_630' title='bbox 2971 3588 3027 3642; x_wconf 90' lang='lat' dir='ltr'><strong>in</strong></span> <span class='ocrx_word' id='word_1_631' title='bbox 3075 3586 3434 3644; x_wconf 83' lang='lat' dir='ltr'><strong>tabernaculo</strong></span> 
     </span>
    </p>
   </div>
   <div class='ocr_carea' id='block_1_82' title="bbox 1853 3679 3434 3748">
    <p class='ocr_par' dir='ltr' id='par_1_82' title="bbox 1853 3679 3434 3748">
     <span class='ocr_line' id='line_1_82' title="bbox 1853 3679 3434 3748; baseline 0.002 -17"><span class='ocrx_word' id='word_1_632' title='bbox 1853 3691 1998 3739; x_wconf 90' lang='lat' dir='ltr'><strong>meo,</strong></span> <span class='ocrx_word' id='word_1_633' title='bbox 2043 3687 2100 3732; x_wconf 91' lang='lat' dir='ltr'><strong>et</strong></span> <span class='ocrx_word' id='word_1_634' title='bbox 2121 3688 2408 3748; x_wconf 88' lang='lat' dir='ltr'><strong>argentum</strong></span> <span class='ocrx_word' id='word_1_635' title='bbox 2458 3679 2785 3735; x_wconf 78' lang='lat' dir='ltr'><strong>absconsum</strong></span> <span class='ocrx_word' id='word_1_636' title='bbox 2813 3687 2898 3734; x_wconf 91' lang='lat' dir='ltr'><strong>est</strong></span> <span class='ocrx_word' id='word_1_637' title='bbox 2926 3679 3030 3736; x_wconf 87' lang='lat' dir='ltr'><strong>sub</strong></span> <span class='ocrx_word' id='word_1_638' title='bbox 3068 3680 3178 3734; x_wconf 85' lang='lat' dir='ltr'><strong>illis</strong></span> <span class='ocrx_word' id='word_1_639' title='bbox 3199 3679 3264 3732; x_wconf 85' lang='lat'><strong>“.</strong></span> <span class='ocrx_word' id='word_1_640' title='bbox 3295 3698 3314 3730; x_wconf 76' lang='grc' dir='ltr'><strong>ι</strong></span> <span class='ocrx_word' id='word_1_641' title='bbox 3341 3679 3434 3734; x_wconf 88' lang='lat' dir='ltr'><strong>ln-</strong></span> 
     </span>
    </p>
   </div>
   <div class='ocr_carea' id='block_1_83' title="bbox 1853 3769 3437 3842">
    <p class='ocr_par' dir='ltr' id='par_1_83' title="bbox 1853 3769 3437 3842">
     <span class='ocr_line' id='line_1_83' title="bbox 1853 3769 3437 3842; baseline 0.003 -20"><span class='ocrx_word' id='word_1_642' title='bbox 1853 3769 2054 3840; x_wconf 84' lang='lat' dir='ltr'><strong>telligis</strong></span> <span class='ocrx_word' id='word_1_643' title='bbox 2083 3785 2232 3836; x_wconf 90' lang='lat' dir='ltr'><strong>eum,</strong></span> <span class='ocrx_word' id='word_1_644' title='bbox 2276 3771 2370 3842; x_wconf 92' lang='lat' dir='ltr'><strong>qui</strong></span> <span class='ocrx_word' id='word_1_645' title='bbox 2395 3771 2604 3826; x_wconf 91' lang='lat' dir='ltr'><strong>furtum</strong></span> <span class='ocrx_word' id='word_1_646' title='bbox 2649 3770 2875 3835; x_wconf 90' lang='lat' dir='ltr'><strong>fecerat,</strong></span> <span class='ocrx_word' id='word_1_647' title='bbox 2918 3772 3105 3827; x_wconf 90' lang='lat' dir='ltr'><strong>dicere</strong></span> <span class='ocrx_word' id='word_1_648' title='bbox 3142 3771 3346 3828; x_wconf 83' lang='lat' dir='ltr'><strong>vidisse</strong></span> <span class='ocrx_word' id='word_1_649' title='bbox 3375 3785 3437 3827; x_wconf 83' lang='lat' dir='ltr'><strong>se</strong></span> 
     </span>
    </p>
   </div>
   <div class='ocr_carea' id='block_1_84' title="bbox 1855 3859 3438 3932">
    <p class='ocr_par' dir='ltr' id='par_1_84' title="bbox 1855 3859 3438 3932">
     <span class='ocr_line' id='line_1_84' title="bbox 1855 3859 3438 3932; baseline 0.003 -19"><span class='ocrx_word' id='word_1_650' title='bbox 1855 3859 2000 3916; x_wconf 91' lang='lat' dir='ltr'><strong>inter</strong></span> <span class='ocrx_word' id='word_1_651' title='bbox 2023 3860 2197 3930; x_wconf 88' lang='lat' dir='ltr'><strong>spolia</strong></span> <span class='ocrx_word' id='word_1_652' title='bbox 2237 3862 2412 3932; x_wconf 88' lang='lat' dir='ltr'><strong>psilen</strong></span> <span class='ocrx_word' id='word_1_653' title='bbox 2461 3863 2692 3926; x_wconf 91' lang='lat' dir='ltr'><strong>variam,</strong></span> <span class='ocrx_word' id='word_1_654' title='bbox 2735 3871 2792 3917; x_wconf 93' lang='lat' dir='ltr'><strong>et</strong></span> <span class='ocrx_word' id='word_1_655' title='bbox 2831 3863 3099 3918; x_wconf 88' lang='lat' dir='ltr'><strong>ducentos</strong></span> <span class='ocrx_word' id='word_1_656' title='bbox 3137 3863 3302 3919; x_wconf 92' lang='lat' dir='ltr'><strong>siclos</strong></span> <span class='ocrx_word' id='word_1_657' title='bbox 3342 3879 3438 3918; x_wconf 83' lang='lat' dir='ltr'><strong>ar-</strong></span> 
     </span>
    </p>
   </div>
   <div class='ocr_carea' id='block_1_85' title="bbox 1853 3953 3437 4026">
    <p class='ocr_par' dir='ltr' id='par_1_85' title="bbox 1853 3953 3437 4026">
     <span class='ocr_line' id='line_1_85' title="bbox 1853 3953 3437 4026; baseline 0 -16"><span class='ocrx_word' id='word_1_658' title='bbox 1853 3953 2023 4024; x_wconf 82' lang='lat' dir='ltr'><strong>genti,</strong></span> <span class='ocrx_word' id='word_1_659' title='bbox 2047 3963 2104 4008; x_wconf 90' lang='lat' dir='ltr'><strong>et</strong></span> <span class='ocrx_word' id='word_1_660' title='bbox 2125 3954 2366 4024; x_wconf 82' lang='lat' dir='ltr'><strong>linguam</strong></span> <span class='ocrx_word' id='word_1_661' title='bbox 2401 3969 2624 4009; x_wconf 88' lang='lat' dir='ltr'><strong>auream</strong></span> <span class='ocrx_word' id='word_1_662' title='bbox 2646 3955 3040 4026; x_wconf 84' lang='lat' dir='ltr'><strong>quinquaginta</strong></span> <span class='ocrx_word' id='word_1_663' title='bbox 3079 3955 3437 4011; x_wconf 79' lang='lat' dir='ltr'><strong>didrachma-</strong></span> 
     </span>
    </p>
   </div>
   <div class='ocr_carea' id='block_1_86' title="bbox 1855 4045 3437 4115">
    <p class='ocr_par' dir='ltr' id='par_1_86' title="bbox 1855 4045 3437 4115">
     <span class='ocr_line' id='line_1_86' title="bbox 1855 4045 3437 4115; baseline 0.003 -17"><span class='ocrx_word' id='word_1_664' title='bbox 1855 4060 1998 4108; x_wconf 91' lang='lat' dir='ltr'><strong>rum,</strong></span> <span class='ocrx_word' id='word_1_665' title='bbox 2023 4053 2081 4099; x_wconf 92' lang='lat' dir='ltr'><strong>et</strong></span> <span class='ocrx_word' id='word_1_666' title='bbox 2113 4046 2382 4115; x_wconf 80' lang='lat' dir='ltr'><strong>cogitasse</strong></span> <span class='ocrx_word' id='word_1_667' title='bbox 2437 4045 2504 4100; x_wconf 90' lang='lat' dir='ltr'><strong>de</strong></span> <span class='ocrx_word' id='word_1_668' title='bbox 2545 4046 2698 4114; x_wconf 92' lang='lat' dir='ltr'><strong>ipsis,</strong></span> <span class='ocrx_word' id='word_1_669' title='bbox 2728 4046 2782 4100; x_wconf 93' lang='lat' dir='ltr'><strong>id</strong></span> <span class='ocrx_word' id='word_1_670' title='bbox 2827 4055 2930 4110; x_wconf 88' lang='lat' dir='ltr'><strong>est,</strong></span> <span class='ocrx_word' id='word_1_671' title='bbox 2967 4046 3035 4102; x_wconf 88' lang='lat' dir='ltr'><strong>ad</strong></span> <span class='ocrx_word' id='word_1_672' title='bbox 3061 4062 3253 4102; x_wconf 89' lang='lat' dir='ltr'><strong>eorum</strong></span> <span class='ocrx_word' id='word_1_673' title='bbox 3277 4045 3437 4102; x_wconf 84' lang='lat' dir='ltr'><strong>nefa-</strong></span> 
     </span>
    </p>
   </div>
   <div class='ocr_carea' id='block_1_87' title="bbox 1857 4134 3435 4206">
    <p class='ocr_par' dir='ltr' id='par_1_87' title="bbox 1857 4134 3435 4206">
     <span class='ocr_line' id='line_1_87' title="bbox 1857 4134 3435 4206; baseline 0.001 -18"><span class='ocrx_word' id='word_1_674' title='bbox 1857 4134 1995 4188; x_wconf 91' lang='lat' dir='ltr'><strong>riam</strong></span> <span class='ocrx_word' id='word_1_675' title='bbox 2020 4134 2378 4204; x_wconf 87' lang='lat' dir='ltr'><strong>cupiditatem</strong></span> <span class='ocrx_word' id='word_1_676' title='bbox 2412 4135 2648 4189; x_wconf 85' lang='lat' dir='ltr'><strong>venisse.</strong></span> <span class='ocrx_word' id='word_1_677' title='bbox 2681 4135 2860 4190; x_wconf 83' lang='lat' dir='ltr'><strong>Psilen</strong></span> <span class='ocrx_word' id='word_1_678' title='bbox 2890 4135 3057 4206; x_wconf 84' lang='lat' dir='ltr'><strong>igitur</strong></span> <span class='ocrx_word' id='word_1_679' title='bbox 3080 4135 3304 4206; x_wconf 85' lang='lat' dir='ltr'><strong>quidam</strong></span> <span class='ocrx_word' id='word_1_680' title='bbox 3325 4137 3435 4190; x_wconf 85' lang='lat' dir='ltr'><strong>mi-</strong></span> 
     </span>
    </p>
   </div>
   <div class='ocr_carea' id='block_1_88' title="bbox 1855 4225 3436 4298">
    <p class='ocr_par' dir='ltr' id='par_1_88' title="bbox 1855 4225 3436 4298">
     <span class='ocr_line' id='line_1_88' title="bbox 1855 4225 3436 4298; baseline 0 -18"><span class='ocrx_word' id='word_1_681' title='bbox 1855 4225 2072 4280; x_wconf 90' lang='lat' dir='ltr'><strong>litarem</strong></span> <span class='ocrx_word' id='word_1_682' title='bbox 2111 4241 2233 4281; x_wconf 88' lang='lat' dir='ltr'><strong>esse</strong></span> <span class='ocrx_word' id='word_1_683' title='bbox 2266 4225 2460 4280; x_wconf 88' lang='lat' dir='ltr'><strong>stolam</strong></span> <span class='ocrx_word' id='word_1_684' title='bbox 2489 4233 2704 4296; x_wconf 86' lang='lat' dir='ltr'><strong>putant,</strong></span> <span class='ocrx_word' id='word_1_685' title='bbox 2738 4236 2793 4280; x_wconf 91' lang='lat' dir='ltr'><strong>et</strong></span> <span class='ocrx_word' id='word_1_686' title='bbox 2835 4225 3176 4298; x_wconf 81' lang='lat' dir='ltr'><strong>chlamydem</strong></span> <span class='ocrx_word' id='word_1_687' title='bbox 3203 4241 3325 4281; x_wconf 90' lang='lat' dir='ltr'><strong>esse</strong></span> <span class='ocrx_word' id='word_1_688' title='bbox 3347 4226 3436 4281; x_wconf 80' lang='lat' dir='ltr'><strong>di-</strong></span> 
     </span>
    </p>
   </div>
   <div class='ocr_carea' id='block_1_89' title="bbox 1855 4302 3436 4383">
    <p class='ocr_par' dir='ltr' id='par_1_89' title="bbox 1855 4302 3436 4383">
     <span class='ocr_line' id='line_1_89' title="bbox 1855 4302 3436 4383; baseline 0 -13"><span class='ocrx_word' id='word_1_689' title='bbox 1855 4302 2155 4372; x_wconf 79' lang='lat' dir='ltr'><strong>cuntvarie</strong></span> <span class='ocrx_word' id='word_1_690' title='bbox 2188 4324 2533 4372; x_wconf 78' lang='lat' dir='ltr'><strong>contextam:</strong></span> <span class='ocrx_word' id='word_1_691' title='bbox 2557 4324 2838 4383; x_wconf 90' lang='lat' dir='ltr'><strong>estautem</strong></span> <span class='ocrx_word' id='word_1_692' title='bbox 2865 4332 2931 4372; x_wconf 77' lang='lat' dir='ltr'><strong>ea</strong></span> <span class='ocrx_word' id='word_1_693' title='bbox 2958 4317 3129 4372; x_wconf 90' lang='lat' dir='ltr'><strong>vestis</strong></span> <span class='ocrx_word' id='word_1_694' title='bbox 3159 4315 3436 4381; x_wconf 88' lang='lat' dir='ltr'><strong>militaris,</strong></span> 
     </span>
    </p>
   </div>
   <div class='ocr_carea' id='block_1_90' title="bbox 1855 4407 3440 4478">
    <p class='ocr_par' dir='ltr' id='par_1_90' title="bbox 1855 4407 3440 4478">
     <span class='ocr_line' id='line_1_90' title="bbox 1855 4407 3440 4478; baseline 0.001 -17"><span class='ocrx_word' id='word_1_695' title='bbox 1855 4417 1914 4463; x_wconf 89' lang='lat' dir='ltr'><strong>et</strong></span> <span class='ocrx_word' id='word_1_696' title='bbox 1940 4408 2254 4478; x_wconf 86' lang='lat' dir='ltr'><strong>iniquitatis</strong></span> <span class='ocrx_word' id='word_1_697' title='bbox 2283 4408 2614 4478; x_wconf 85' lang='lat' dir='ltr'><strong>symbolum.</strong></span> <span class='ocrx_word' id='word_1_698' title='bbox 2653 4407 2882 4462; x_wconf 89' lang='lat' dir='ltr'><strong>lnsitum</strong></span> <span class='ocrx_word' id='word_1_699' title='bbox 2906 4416 2992 4462; x_wconf 89' lang='lat' dir='ltr'><strong>est</strong></span> <span class='ocrx_word' id='word_1_700' title='bbox 3030 4423 3267 4478; x_wconf 88' lang='lat' dir='ltr'><strong>namque</strong></span> <span class='ocrx_word' id='word_1_701' title='bbox 3293 4408 3440 4464; x_wconf 89' lang='lat' dir='ltr'><strong>mili-</strong></span> 
     </span>
    </p>
   </div>
   <div class='ocr_carea' id='block_1_91' title="bbox 1857 4498 3436 4570">
    <p class='ocr_par' dir='ltr' id='par_1_91' title="bbox 1857 4498 3436 4570">
     <span class='ocr_line' id='line_1_91' title="bbox 1857 4498 3436 4570; baseline 0.003 -19"><span class='ocrx_word' id='word_1_702' title='bbox 1857 4498 1963 4552; x_wconf 88' lang='lat' dir='ltr'><strong>tari</strong></span> <span class='ocrx_word' id='word_1_703' title='bbox 2006 4498 2291 4552; x_wconf 89' lang='lat' dir='ltr'><strong>hominum</strong></span> <span class='ocrx_word' id='word_1_704' title='bbox 2311 4499 2498 4569; x_wconf 87' lang='lat' dir='ltr'><strong>generi</strong></span> <span class='ocrx_word' id='word_1_705' title='bbox 2537 4499 2984 4556; x_wconf 88' lang='lat' dir='ltr'><strong>utlibentissime</strong></span> <span class='ocrx_word' id='word_1_706' title='bbox 3006 4499 3112 4556; x_wconf 91' lang='lat' dir='ltr'><strong>sibi</strong></span> <span class='ocrx_word' id='word_1_707' title='bbox 3149 4502 3436 4570; x_wconf 88' lang='lat' dir='ltr'><strong>plusquam</strong></span> 
     </span>
    </p>
   </div>
   <div class='ocr_carea' id='block_1_92' title="bbox 1858 4587 3440 4660">
    <p class='ocr_par' dir='ltr' id='par_1_92' title="bbox 1858 4587 3440 4660">
     <span class='ocr_line' id='line_1_92' title="bbox 1858 4587 3440 4660; baseline 0.003 -18"><span class='ocrx_word' id='word_1_708' title='bbox 1858 4587 2094 4658; x_wconf 65' lang='lat' dir='ltr'><strong>aequitas</strong></span> <span class='ocrx_word' id='word_1_709' title='bbox 2115 4589 2344 4658; x_wconf 89' lang='lat' dir='ltr'><strong>patitur,</strong></span> <span class='ocrx_word' id='word_1_710' title='bbox 2372 4588 2636 4644; x_wconf 87' lang='lat' dir='ltr'><strong>vindicet.</strong></span> <span class='ocrx_word' id='word_1_711' title='bbox 2689 4590 2865 4645; x_wconf 88' lang='lat' dir='ltr'><strong>Porro</strong></span> <span class='ocrx_word' id='word_1_712' title='bbox 2923 4590 3232 4660; x_wconf 92' lang='lat' dir='ltr'><strong>splendoris</strong></span> <span class='ocrx_word' id='word_1_713' title='bbox 3275 4607 3440 4646; x_wconf 82' lang='lat' dir='ltr'><strong>mun-</strong></span> 
     </span>
    </p>
   </div>
   <div class='ocr_carea' id='block_1_93' title="bbox 166 4655 1748 4753">
    <p class='ocr_par' dir='ltr' id='par_1_93' title="bbox 166 4655 1748 4751">
     <span class='ocr_line' id='line_1_93' title="bbox 166 4655 1748 4751; baseline -0.004 -23"><span class='ocrx_word' id='word_1_714' title='bbox 166 4679 398 4751; x_wconf 84' lang='grc' dir='ltr'><strong>τευσίμῳ</strong></span> <span class='ocrx_word' id='word_1_715' title='bbox 426 4655 596 4748; x_wconf 76' lang='grc' dir='ltr'><strong>γένει</strong></span> <span class='ocrx_word' id='word_1_716' title='bbox 633 4676 696 4728; x_wconf 81' lang='grc' dir='ltr'><strong>τὸ</strong></span> <span class='ocrx_word' id='word_1_717' title='bbox 737 4676 812 4738; x_wconf 82' lang='grc' dir='ltr'><strong>ὡς</strong></span> <span class='ocrx_word' id='word_1_718' title='bbox 856 4675 1050 4743; x_wconf 82' lang='grc' dir='ltr'><strong>ῆδιστα</strong></span> <span class='ocrx_word' id='word_1_719' title='bbox 1087 4673 1451 4726; x_wconf 87' lang='grc' dir='ltr'><strong>πλεονεκτεῖν.</strong></span> <span class='ocrx_word' id='word_1_720' title='bbox 1484 4672 1665 4735; x_wconf 90' lang='grc' dir='ltr'><strong>Τύπος</strong></span> <span class='ocrx_word' id='word_1_721' title='bbox 1696 4670 1748 4725; x_wconf 85' lang='grc' dir='ltr'><strong>δὲ</strong></span> 
     </span>
    </p>
   </div>
   <div class='ocr_carea' id='block_1_94' title="bbox 1852 4655 3440 4753">
    <p class='ocr_par' dir='ltr' id='par_1_94' title="bbox 1859 4678 3440 4753">
     <span class='ocr_line' id='line_1_94' title="bbox 1859 4678 3440 4753; baseline 0.003 -19"><span class='ocrx_word' id='word_1_722' title='bbox 1859 4678 1986 4734; x_wconf 91' lang='lat' dir='ltr'><strong>dani</strong></span> <span class='ocrx_word' id='word_1_723' title='bbox 2017 4680 2187 4749; x_wconf 84' lang='lat' dir='ltr'><strong>ﬁgura</strong></span> <span class='ocrx_word' id='word_1_724' title='bbox 2217 4687 2302 4735; x_wconf 90' lang='lat' dir='ltr'><strong>est</strong></span> <span class='ocrx_word' id='word_1_725' title='bbox 2332 4687 2621 4751; x_wconf 87' lang='lat' dir='ltr'><strong>argentum</strong></span> <span class='ocrx_word' id='word_1_726' title='bbox 2645 4698 2660 4745; x_wconf 87' lang='lat'><strong>;</strong></span> <span class='ocrx_word' id='word_1_727' title='bbox 2680 4681 2866 4752; x_wconf 86' lang='lat' dir='ltr'><strong>lingua</strong></span> <span class='ocrx_word' id='word_1_728' title='bbox 2891 4697 3024 4737; x_wconf 90' lang='lat' dir='ltr'><strong>vero</strong></span> <span class='ocrx_word' id='word_1_729' title='bbox 3048 4683 3440 4753; x_wconf 88' lang='lat' dir='ltr'><strong>suaviloquen-</strong></span> 
     </span>
    </p>
   </div>
   <div class='ocr_carea' id='block_1_95' title="bbox 168 4764 1754 4843">
    <p class='ocr_par' dir='ltr' id='par_1_95' title="bbox 168 4764 1754 4843">
     <span class='ocr_line' id='line_1_95' title="bbox 168 4764 1754 4843; baseline -0.003 -22"><span class='ocrx_word' id='word_1_730' title='bbox 168 4766 225 4822; x_wconf 80' lang='grc' dir='ltr'><strong>αὖ</strong></span> <span class='ocrx_word' id='word_1_731' title='bbox 248 4772 642 4843; x_wconf 82' lang='grc' dir='ltr'><strong>λαμπρότητος</strong></span> <span class='ocrx_word' id='word_1_732' title='bbox 675 4767 970 4838; x_wconf 82' lang='grc' dir='ltr'><strong>κοσμικῆς,</strong></span> <span class='ocrx_word' id='word_1_733' title='bbox 1001 4767 1061 4818; x_wconf 81' lang='grc' dir='ltr'><strong>τὸ</strong></span> <span class='ocrx_word' id='word_1_734' title='bbox 1095 4765 1357 4837; x_wconf 80' lang='grc' dir='ltr'><strong>ἀργύριον</strong></span> <span class='ocrx_word' id='word_1_735' title='bbox 1389 4783 1400 4795; x_wconf 90' lang='grc'><strong>·</strong></span> <span class='ocrx_word' id='word_1_736' title='bbox 1442 4765 1536 4819; x_wconf 75' lang='grc' dir='ltr'><strong>καὶ</strong></span> <span class='ocrx_word' id='word_1_737' title='bbox 1561 4764 1754 4834; x_wconf 82' lang='grc' dir='ltr'><strong>σοφίας</strong></span> 
     </span>
    </p>
   </div>
   <div class='ocr_carea' id='block_1_96' title="bbox 167 4855 1755 4935">
    <p class='ocr_par' dir='ltr' id='par_1_96' title="bbox 167 4855 1755 4935">
     <span class='ocr_line' id='line_1_96' title="bbox 167 4855 1755 4935; baseline 0.002 -28"><span class='ocrx_word' id='word_1_738' title='bbox 167 4861 254 4933; x_wconf 62' lang='grc' dir='ltr'><strong>τῆς</strong></span> <span class='ocrx_word' id='word_1_739' title='bbox 288 4863 628 4935; x_wconf 75' lang='grc' dir='ltr'><strong>Ἑλληνικῆς</strong></span> <span class='ocrx_word' id='word_1_740' title='bbox 673 4860 774 4928; x_wconf 83' lang='grc' dir='ltr'><strong>τῆς</strong></span> <span class='ocrx_word' id='word_1_741' title='bbox 819 4857 1106 4928; x_wconf 63' lang='grc' dir='ltr'><strong>ἡδιλεποῦς,</strong></span> <span class='ocrx_word' id='word_1_742' title='bbox 1157 4859 1192 4926; x_wconf 82' lang='grc' dir='ltr'>ὴ</span> <span class='ocrx_word' id='word_1_743' title='bbox 1237 4855 1478 4924; x_wconf 78' lang='grc' dir='ltr'><strong>γλῶσσα.</strong></span> <span class='ocrx_word' id='word_1_744' title='bbox 1519 4855 1755 4926; x_wconf 85' lang='grc' dir='ltr'><strong>Τοιαύτη</strong></span> 
     </span>
    </p>
   </div>
   <div class='ocr_carea' id='block_1_97' title="bbox 166 4947 1755 5024">
    <p class='ocr_par' dir='ltr' id='par_1_97' title="bbox 166 4947 1755 5024">
     <span class='ocr_line' id='line_1_97' title="bbox 166 4947 1755 5024; baseline -0.004 -18"><span class='ocrx_word' id='word_1_745' title='bbox 166 4959 238 5018; x_wconf 79' lang='grc' dir='ltr'><strong>τίς</strong></span> <span class='ocrx_word' id='word_1_746' title='bbox 265 4958 384 5009; x_wconf 85' lang='grc' dir='ltr'><strong>ἐστι</strong></span> <span class='ocrx_word' id='word_1_747' title='bbox 418 4957 520 5009; x_wconf 71' lang='grc' dir='ltr'><strong>καὶ</strong></span> <span class='ocrx_word' id='word_1_748' title='bbox 552 4958 589 5024; x_wconf 74' lang='grc' dir='ltr'>ἡ</span> <span class='ocrx_word' id='word_1_749' title='bbox 627 4953 741 5006; x_wconf 79' lang='grc' dir='ltr'><strong>τῶν</strong></span> <span class='ocrx_word' id='word_1_750' title='bbox 778 4951 908 5018; x_wconf 77' lang='grc' dir='ltr'><strong>παρ’</strong></span> <span class='ocrx_word' id='word_1_751' title='bbox 951 4949 1178 5017; x_wconf 84' lang='grc' dir='ltr'><strong>Ἕλλησι</strong></span> <span class='ocrx_word' id='word_1_752' title='bbox 1215 4947 1395 5016; x_wconf 77' lang='grc' dir='ltr'>σοφῶν</span> <span class='ocrx_word' id='word_1_753' title='bbox 1433 4947 1655 5016; x_wconf 84' lang='grc' dir='ltr'><strong>γλῶσσὰ</strong></span> <span class='ocrx_word' id='word_1_754' title='bbox 1695 4964 1755 5000; x_wconf 87' lang='grc' dir='ltr'><strong>τε</strong></span> 
     </span>
    </p>
   </div>
   <div class='ocr_carea' id='block_1_98' title="bbox 165 5041 1752 5116">
    <p class='ocr_par' dir='ltr' id='par_1_98' title="bbox 165 5041 1752 5116">
     <span class='ocr_line' id='line_1_98' title="bbox 165 5041 1752 5116; baseline -0.004 -15"><span class='ocrx_word' id='word_1_755' title='bbox 165 5051 246 5103; x_wconf 82' lang='grc' dir='ltr'><strong>καὶ</strong></span> <span class='ocrx_word' id='word_1_756' title='bbox 269 5051 585 5114; x_wconf 81' lang='grc' dir='ltr'><strong>παίδευσις,</strong></span> <span class='ocrx_word' id='word_1_757' title='bbox 609 5046 776 5102; x_wconf 82' lang='grc' dir='ltr'><strong>οἱονεὶ</strong></span> <span class='ocrx_word' id='word_1_758' title='bbox 799 5043 975 5116; x_wconf 87' lang='grc' dir='ltr'><strong>χρυσῆ</strong></span> <span class='ocrx_word' id='word_1_759' title='bbox 993 5061 1053 5096; x_wconf 89' lang='grc' dir='ltr'><strong>τε</strong></span> <span class='ocrx_word' id='word_1_760' title='bbox 1075 5043 1169 5096; x_wconf 76' lang='grc' dir='ltr'><strong>καὶ</strong></span> <span class='ocrx_word' id='word_1_761' title='bbox 1185 5043 1553 5112; x_wconf 85' lang='grc' dir='ltr'><strong>ἐντιμωτάτη,</strong></span> <span class='ocrx_word' id='word_1_762' title='bbox 1580 5041 1668 5096; x_wconf 83' lang='grc' dir='ltr'><strong>διά</strong></span> <span class='ocrx_word' id='word_1_763' title='bbox 1691 5059 1752 5109; x_wconf 77' lang='grc' dir='ltr'><strong>γε</strong></span> 
     </span>
    </p>
   </div>
   <div class='ocr_carea' id='block_1_99' title="bbox 163 5132 1750 5208">
    <p class='ocr_par' dir='ltr' id='par_1_99' title="bbox 163 5132 1750 5208">
     <span class='ocr_line' id='line_1_99' title="bbox 163 5132 1750 5208; baseline -0.007 -14"><span class='ocrx_word' id='word_1_764' title='bbox 163 5142 216 5194; x_wconf 80' lang='grc' dir='ltr'><strong>τὸ</strong></span> <span class='ocrx_word' id='word_1_765' title='bbox 271 5145 328 5194; x_wconf 83' lang='grc' dir='ltr'><strong>ἐν</strong></span> <span class='ocrx_word' id='word_1_766' title='bbox 369 5141 523 5208; x_wconf 83' lang='grc' dir='ltr'><strong>λέξει</strong></span> <span class='ocrx_word' id='word_1_767' title='bbox 576 5137 900 5208; x_wconf 65' lang='grc' dir='ltr'><strong>περιφανές.</strong></span> <span class='ocrx_word' id='word_1_768' title='bbox 973 5134 1490 5203; x_wconf 86' lang='grc' dir='ltr'><strong>Ἐκκεκαλυμμένης</strong></span> <span class='ocrx_word' id='word_1_769' title='bbox 1535 5133 1591 5184; x_wconf 85' lang='grc' dir='ltr'><strong>δέ</strong></span> <span class='ocrx_word' id='word_1_770' title='bbox 1647 5132 1750 5201; x_wconf 76' lang='grc' dir='ltr'><strong>ήδη</strong></span> 
     </span>
    </p>
   </div>
   <div class='ocr_carea' id='block_1_100' title="bbox 162 5224 1750 5307">
    <p class='ocr_par' dir='ltr' id='par_1_100' title="bbox 162 5224 1750 5307">
     <span class='ocr_line' id='line_1_100' title="bbox 162 5224 1750 5307; baseline -0.012 -15"><span class='ocrx_word' id='word_1_771' title='bbox 162 5233 251 5304; x_wconf 76' lang='grc' dir='ltr'><strong>τῆς</strong></span> <span class='ocrx_word' id='word_1_772' title='bbox 277 5234 592 5307; x_wconf 82' lang='grc' dir='ltr'><strong>ἁμαρτίας,</strong></span> <span class='ocrx_word' id='word_1_773' title='bbox 621 5233 834 5292; x_wconf 82' lang='grc' dir='ltr'><strong>ποιναῖς</strong></span> <span class='ocrx_word' id='word_1_774' title='bbox 865 5227 1110 5281; x_wconf 84' lang='grc' dir='ltr'><strong>ὑπετίθει</strong></span> <span class='ocrx_word' id='word_1_775' title='bbox 1132 5229 1224 5280; x_wconf 80' lang='grc' dir='ltr'><strong>τὸν</strong></span> <span class='ocrx_word' id='word_1_776' title='bbox 1258 5227 1436 5295; x_wconf 77' lang='grc' dir='ltr'><strong>Ἀχαρ</strong></span> <span class='ocrx_word' id='word_1_777' title='bbox 1459 5227 1487 5278; x_wconf 87' lang='grc' dir='ltr'><strong>ό</strong></span> <span class='ocrx_word' id='word_1_778' title='bbox 1519 5224 1750 5295; x_wconf 78' lang='grc' dir='ltr'><strong>Ἰησοῦς,</strong></span> 
     </span>
    </p>
   </div>
   <div class='ocr_carea' id='block_1_101' title="bbox 159 5317 1751 5398">
    <p class='ocr_par' dir='ltr' id='par_1_101' title="bbox 159 5317 1751 5398">
     <span class='ocr_line' id='line_1_101' title="bbox 159 5317 1751 5398; baseline -0.005 -20"><span class='ocrx_word' id='word_1_779' title='bbox 159 5329 248 5398; x_wconf 68' lang='grc' dir='ltr'><strong>οὐχ</strong></span> <span class='ocrx_word' id='word_1_780' title='bbox 276 5329 476 5382; x_wconf 79' lang='grc' dir='ltr'><strong>ἐαυτὸν</strong></span> <span class='ocrx_word' id='word_1_781' title='bbox 503 5324 816 5395; x_wconf 70' lang='grc' dir='ltr'><strong>ἠδικηκότα</strong></span> <span class='ocrx_word' id='word_1_782' title='bbox 852 5322 1032 5390; x_wconf 87' lang='grc' dir='ltr'><strong>μόνον,</strong></span> <span class='ocrx_word' id='word_1_783' title='bbox 1061 5320 1175 5374; x_wconf 81' lang='grc' dir='ltr'><strong>ἀλλ’</strong></span> <span class='ocrx_word' id='word_1_784' title='bbox 1201 5321 1280 5382; x_wconf 89' lang='grc' dir='ltr'><strong>εἰς</strong></span> <span class='ocrx_word' id='word_1_785' title='bbox 1309 5319 1437 5388; x_wconf 88' lang='grc' dir='ltr'><strong>ὃλην</strong></span> <span class='ocrx_word' id='word_1_786' title='bbox 1479 5317 1578 5388; x_wconf 79' lang='grc' dir='ltr'><strong>τὴν</strong></span> <span class='ocrx_word' id='word_1_787' title='bbox 1623 5335 1751 5371; x_wconf 87' lang='grc' dir='ltr'><strong>συν-</strong></span> 
     </span>
    </p>
   </div>
   <div class='ocr_carea' id='block_1_102' title="bbox 159 5411 1744 5490">
    <p class='ocr_par' dir='ltr' id='par_1_102' title="bbox 159 5411 1744 5490">
     <span class='ocr_line' id='line_1_102' title="bbox 159 5411 1744 5490; baseline -0.006 -19"><span class='ocrx_word' id='word_1_788' title='bbox 159 5419 370 5490; x_wconf 73' lang='grc' dir='ltr'><strong>αγωγὴν</strong></span> <span class='ocrx_word' id='word_1_789' title='bbox 395 5418 505 5489; x_wconf 78' lang='grc' dir='ltr'><strong>τὴν</strong></span> <span class='ocrx_word' id='word_1_790' title='bbox 537 5419 613 5470; x_wconf 80' lang='grc' dir='ltr'><strong>ἐκ</strong></span> <span class='ocrx_word' id='word_1_791' title='bbox 643 5414 741 5485; x_wconf 88' lang='grc' dir='ltr'><strong>τῆς</strong></span> <span class='ocrx_word' id='word_1_792' title='bbox 779 5414 914 5478; x_wconf 73' lang='grc' dir='ltr'><strong>ἰδίας</strong></span> <span class='ocrx_word' id='word_1_793' title='bbox 937 5412 1212 5483; x_wconf 83' lang='grc' dir='ltr'><strong>ἀκρατοῦς</strong></span> <span class='ocrx_word' id='word_1_794' title='bbox 1239 5411 1538 5481; x_wconf 82' lang='grc' dir='ltr'><strong>ἐπιθυμίας</strong></span> <span class='ocrx_word' id='word_1_795' title='bbox 1566 5411 1744 5464; x_wconf 84' lang='grc' dir='ltr'><strong>ἐκτεί-</strong></span> 
     </span>
    </p>
   </div>
   <div class='ocr_carea' id='block_1_103' title="bbox 157 5503 1748 5583">
    <p class='ocr_par' dir='ltr' id='par_1_103' title="bbox 157 5503 1748 5583">
     <span class='ocr_line' id='line_1_103' title="bbox 157 5503 1748 5583; baseline -0.005 -19"><span class='ocrx_word' id='word_1_796' title='bbox 157 5531 310 5567; x_wconf 85' lang='grc' dir='ltr'><strong>ναντα</strong></span> <span class='ocrx_word' id='word_1_797' title='bbox 338 5513 587 5583; x_wconf 71' lang='grc' dir='ltr'><strong>βλάϐην.</strong></span> <span class='ocrx_word' id='word_1_798' title='bbox 616 5510 726 5562; x_wconf 80' lang='grc' dir='ltr'><strong>Καὶ</strong></span> <span class='ocrx_word' id='word_1_799' title='bbox 750 5506 893 5576; x_wconf 87' lang='grc' dir='ltr'><strong>τάχα</strong></span> <span class='ocrx_word' id='word_1_800' title='bbox 917 5523 1018 5559; x_wconf 92' lang='grc' dir='ltr'><strong>που</strong></span> <span class='ocrx_word' id='word_1_801' title='bbox 1045 5505 1205 5558; x_wconf 79' lang='grc' dir='ltr'><strong>τοῦτό</strong></span> <span class='ocrx_word' id='word_1_802' title='bbox 1228 5507 1345 5557; x_wconf 84' lang='grc' dir='ltr'><strong>ἐστι</strong></span> <span class='ocrx_word' id='word_1_803' title='bbox 1380 5503 1441 5556; x_wconf 80' lang='grc' dir='ltr'><strong>τὸ</strong></span> <span class='ocrx_word' id='word_1_804' title='bbox 1461 5503 1663 5576; x_wconf 80' lang='grc' dir='ltr'><strong>ἄριστά</strong></span> <span class='ocrx_word' id='word_1_805' title='bbox 1687 5521 1748 5556; x_wconf 89' lang='grc' dir='ltr'><strong>τε</strong></span> 
     </span>
    </p>
   </div>
   <div class='ocr_carea' id='block_1_104' title="bbox 156 5596 1748 5674">
    <p class='ocr_par' dir='ltr' id='par_1_104' title="bbox 156 5596 1748 5674">
     <span class='ocr_line' id='line_1_104' title="bbox 156 5596 1748 5674; baseline -0.006 -15"><span class='ocrx_word' id='word_1_806' title='bbox 156 5605 242 5658; x_wconf 72' lang='grc' dir='ltr'><strong>καὶ</strong></span> <span class='ocrx_word' id='word_1_807' title='bbox 287 5605 480 5674; x_wconf 61' lang='grc' dir='ltr'><strong>σαφῶς</strong></span> <span class='ocrx_word' id='word_1_808' title='bbox 521 5599 620 5655; x_wconf 82' lang='grc' dir='ltr'><strong>διὰ</strong></span> <span class='ocrx_word' id='word_1_809' title='bbox 646 5600 746 5670; x_wconf 87' lang='grc' dir='ltr'><strong>τῆς</strong></span> <span class='ocrx_word' id='word_1_810' title='bbox 777 5598 871 5656; x_wconf 78' lang='grc' dir='ltr'><strong>τοῦ</strong></span> <span class='ocrx_word' id='word_1_811' title='bbox 914 5597 1127 5651; x_wconf 78' lang='grc' dir='ltr'><strong>Παύλου</strong></span> <span class='ocrx_word' id='word_1_812' title='bbox 1182 5596 1367 5666; x_wconf 82' lang='grc' dir='ltr'><strong>φωνῆς</strong></span> <span class='ocrx_word' id='word_1_813' title='bbox 1411 5597 1546 5665; x_wconf 76' lang='grc' dir='ltr'><strong>πρὸς</strong></span> <span class='ocrx_word' id='word_1_814' title='bbox 1601 5597 1748 5667; x_wconf 79' lang='grc' dir='ltr'><strong>ἡμᾶς</strong></span> 
     </span>
    </p>
   </div>
   <div class='ocr_carea' id='block_1_105' title="bbox 154 5687 1744 5767">
    <p class='ocr_par' dir='ltr' id='par_1_105' title="bbox 154 5687 1744 5767">
     <span class='ocr_line' id='line_1_105' title="bbox 154 5687 1744 5767; baseline -0.005 -19"><span class='ocrx_word' id='word_1_815' title='bbox 154 5699 440 5767; x_wconf 78' lang='grc' dir='ltr'><strong>εἰρημένον</strong></span> <span class='ocrx_word' id='word_1_816' title='bbox 468 5713 482 5724; x_wconf 91' lang='grc'>·</span> <span class='ocrx_word' id='word_1_817' title='bbox 521 5714 541 5743; x_wconf 74' lang='lat' dir='ltr'><strong>c</strong></span> <span class='ocrx_word' id='word_1_818' title='bbox 597 5691 861 5762; x_wconf 81' lang='grc' dir='ltr'><strong>Ἐξάρατε</strong></span> <span class='ocrx_word' id='word_1_819' title='bbox 883 5690 973 5743; x_wconf 72' lang='grc' dir='ltr'><strong>τὸν</strong></span> <span class='ocrx_word' id='word_1_820' title='bbox 1002 5688 1240 5760; x_wconf 79' lang='grc' dir='ltr'><strong>πονηρὸν</strong></span> <span class='ocrx_word' id='word_1_821' title='bbox 1267 5687 1326 5752; x_wconf 82' lang='grc' dir='ltr'><strong>ἐξ</strong></span> <span class='ocrx_word' id='word_1_822' title='bbox 1355 5688 1508 5758; x_wconf 81' lang='grc' dir='ltr'><strong>ὑμῶν</strong></span> <span class='ocrx_word' id='word_1_823' title='bbox 1531 5688 1708 5741; x_wconf 77' lang='grc' dir='ltr'><strong>αὐτῶν</strong></span> <span class='ocrx_word' id='word_1_824' title='bbox 1731 5701 1744 5715; x_wconf 93' lang='grc'><strong>·</strong></span> 
     </span>
    </p>
   </div>
   <div class='ocr_carea' id='block_1_106' title="bbox 219 5877 1253 5946">
    <p class='ocr_par' dir='ltr' id='par_1_106' title="bbox 219 5877 1253 5946">
     <span class='ocr_line' id='line_1_106' title="bbox 219 5877 1253 5946; baseline -0.011 -7"><span class='ocrx_word' id='word_1_825' title='bbox 219 5882 264 5913; x_wconf 72' lang='grc'><strong>⁸⁸</strong></span> <span class='ocrx_word' id='word_1_826' title='bbox 284 5881 401 5944; x_wconf 78' lang='lat' dir='ltr'><strong>los.</strong></span> <span class='ocrx_word' id='word_1_827' title='bbox 431 5897 529 5936; x_wconf 79' lang='lat' dir='ltr'><strong>vn.</strong></span> <span class='ocrx_word' id='word_1_828' title='bbox 560 5878 685 5933; x_wconf 74' lang='lat'><strong>2—5.</strong></span> <span class='ocrx_word' id='word_1_829' title='bbox 768 5878 810 5909; x_wconf 84' lang='lat'>“</span> <span class='ocrx_word' id='word_1_830' title='bbox 836 5877 969 5931; x_wconf 90' lang='lat' dir='ltr'><strong>ibid.</strong></span> <span class='ocrx_word' id='word_1_831' title='bbox 1011 5877 1074 5932; x_wconf 86' lang='lat' dir='ltr'><strong>lO</strong></span> <span class='ocrx_word' id='word_1_832' title='bbox 1103 5891 1253 5946; x_wconf 81' lang='lat' dir='ltr'><strong>seqq.</strong></span> 
     </span>
    </p>
   </div>
   <div class='ocr_carea' id='block_1_107' title="bbox 1333 5876 1813 5947">
    <p class='ocr_par' dir='ltr' id='par_1_107' title="bbox 1333 5876 1813 5947">
     <span class='ocr_line' id='line_1_107' title="bbox 1333 5876 1813 5947; baseline 0.002 -18"><span class='ocrx_word' id='word_1_833' title='bbox 1333 5877 1376 5908; x_wconf 78' lang='grc'><strong>⁶⁶</strong></span> <span class='ocrx_word' id='word_1_834' title='bbox 1407 5876 1539 5930; x_wconf 87' lang='lat' dir='ltr'><strong>ibid.</strong></span> <span class='ocrx_word' id='word_1_835' title='bbox 1577 5876 1638 5930; x_wconf 80' lang='lat'><strong>19</strong></span> <span class='ocrx_word' id='word_1_836' title='bbox 1663 5890 1813 5947; x_wconf 90' lang='lat' dir='ltr'><strong>seqq.</strong></span> 
     </span>
    </p>
   </div>
   <div class='ocr_carea' id='block_1_108' title="bbox 1861 4769 3440 4845">
    <p class='ocr_par' dir='ltr' id='par_1_108' title="bbox 1861 4769 3440 4845">
     <span class='ocr_line' id='line_1_108' title="bbox 1861 4769 3440 4845; baseline 0.002 -20"><span class='ocrx_word' id='word_1_837' title='bbox 1861 4771 1930 4825; x_wconf 93' lang='lat' dir='ltr'><strong>tis</strong></span> <span class='ocrx_word' id='word_1_838' title='bbox 1954 4769 2240 4841; x_wconf 90' lang='lat' dir='ltr'><strong>gentilium</strong></span> <span class='ocrx_word' id='word_1_839' title='bbox 2266 4771 2549 4842; x_wconf 66' lang='lat' dir='ltr'><strong>sapientiae</strong></span> <span class='ocrx_word' id='word_1_840' title='bbox 2598 4772 2835 4842; x_wconf 90' lang='lat' dir='ltr'><strong>signum.</strong></span> <span class='ocrx_word' id='word_1_841' title='bbox 2873 4773 3158 4845; x_wconf 86' lang='lat' dir='ltr'><strong>Ejusmodi</strong></span> <span class='ocrx_word' id='word_1_842' title='bbox 3185 4782 3270 4829; x_wconf 88' lang='lat' dir='ltr'><strong>est</strong></span> <span class='ocrx_word' id='word_1_843' title='bbox 3295 4775 3440 4844; x_wconf 90' lang='lat' dir='ltr'><strong>apud</strong></span> 
     </span>
    </p>
   </div>
   <div class='ocr_carea' id='block_1_109' title="bbox 1857 4863 3443 4938">
    <p class='ocr_par' dir='ltr' id='par_1_109' title="bbox 1857 4863 3443 4938">
     <span class='ocr_line' id='line_1_109' title="bbox 1857 4863 3443 4938; baseline 0.003 -22"><span class='ocrx_word' id='word_1_844' title='bbox 1857 4863 2142 4932; x_wconf 84' lang='lat' dir='ltr'><strong>gentilium</strong></span> <span class='ocrx_word' id='word_1_845' title='bbox 2169 4863 2444 4933; x_wconf 87' lang='lat' dir='ltr'><strong>sapientes</strong></span> <span class='ocrx_word' id='word_1_846' title='bbox 2466 4865 2650 4936; x_wconf 89' lang='lat' dir='ltr'><strong>lingua</strong></span> <span class='ocrx_word' id='word_1_847' title='bbox 2671 4875 2728 4921; x_wconf 90' lang='lat' dir='ltr'><strong>et</strong></span> <span class='ocrx_word' id='word_1_848' title='bbox 2759 4866 3018 4930; x_wconf 90' lang='lat' dir='ltr'><strong>eruditio,</strong></span> <span class='ocrx_word' id='word_1_849' title='bbox 3057 4876 3311 4938; x_wconf 88' lang='lat' dir='ltr'><strong>tanquam</strong></span> <span class='ocrx_word' id='word_1_850' title='bbox 3347 4882 3443 4921; x_wconf 84' lang='lat' dir='ltr'><strong>au-</strong></span> 
     </span>
    </p>
   </div>
   <div class='ocr_carea' id='block_1_110' title="bbox 1860 4953 3442 5026">
    <p class='ocr_par' dir='ltr' id='par_1_110' title="bbox 1860 4953 3442 5026">
     <span class='ocr_line' id='line_1_110' title="bbox 1860 4953 3442 5026; baseline 0.001 -18"><span class='ocrx_word' id='word_1_851' title='bbox 1860 4971 1974 5018; x_wconf 86' lang='lat' dir='ltr'><strong>rea,</strong></span> <span class='ocrx_word' id='word_1_852' title='bbox 2001 4964 2056 5009; x_wconf 91' lang='lat' dir='ltr'><strong>et</strong></span> <span class='ocrx_word' id='word_1_853' title='bbox 2087 4953 2354 5025; x_wconf 88' lang='lat' dir='ltr'><strong>inprimis</strong></span> <span class='ocrx_word' id='word_1_854' title='bbox 2385 4956 2650 5026; x_wconf 88' lang='lat' dir='ltr'><strong>pretiosa,</strong></span> <span class='ocrx_word' id='word_1_855' title='bbox 2677 4957 2823 5026; x_wconf 89' lang='lat' dir='ltr'><strong>quod</strong></span> <span class='ocrx_word' id='word_1_856' title='bbox 2855 4957 2922 5014; x_wconf 93' lang='lat' dir='ltr'><strong>ad</strong></span> <span class='ocrx_word' id='word_1_857' title='bbox 2966 4956 3230 5011; x_wconf 90' lang='lat' dir='ltr'><strong>dictionis</strong></span> <span class='ocrx_word' id='word_1_858' title='bbox 3273 4956 3442 5010; x_wconf 87' lang='lat' dir='ltr'><strong>clari-</strong></span> 
     </span>
    </p>
   </div>
   <div class='ocr_carea' id='block_1_111' title="bbox 1860 5046 3442 5118">
    <p class='ocr_par' dir='ltr' id='par_1_111' title="bbox 1860 5046 3442 5118">
     <span class='ocr_line' id='line_1_111' title="bbox 1860 5046 3442 5118; baseline 0.001 -20"><span class='ocrx_word' id='word_1_859' title='bbox 1860 5055 2026 5100; x_wconf 90' lang='lat' dir='ltr'><strong>tatem</strong></span> <span class='ocrx_word' id='word_1_860' title='bbox 2085 5047 2345 5116; x_wconf 89' lang='lat' dir='ltr'><strong>pertinet.</strong></span> <span class='ocrx_word' id='word_1_861' title='bbox 2379 5046 2540 5118; x_wconf 61' lang='lat'><strong>157</strong></span> <span class='ocrx_word' id='word_1_862' title='bbox 2574 5047 2804 5102; x_wconf 87' lang='lat' dir='ltr'><strong>Peccato</strong></span> <span class='ocrx_word' id='word_1_863' title='bbox 2835 5057 3016 5102; x_wconf 90' lang='lat' dir='ltr'><strong>autem</strong></span> <span class='ocrx_word' id='word_1_864' title='bbox 3044 5049 3154 5117; x_wconf 88' lang='lat' dir='ltr'><strong>jam</strong></span> <span class='ocrx_word' id='word_1_865' title='bbox 3199 5046 3442 5109; x_wconf 84' lang='lat' dir='ltr'><strong>detecto,</strong></span> 
     </span>
    </p>
   </div>
   <div class='ocr_carea' id='block_1_112' title="bbox 1864 5138 3443 5210">
    <p class='ocr_par' dir='ltr' id='par_1_112' title="bbox 1864 5138 3443 5210">
     <span class='ocr_line' id='line_1_112' title="bbox 1864 5138 3443 5210; baseline 0.001 -17"><span class='ocrx_word' id='word_1_866' title='bbox 1864 5153 2038 5207; x_wconf 68' lang='lat' dir='ltr'><strong>preme</strong></span> <span class='ocrx_word' id='word_1_867' title='bbox 2061 5139 2272 5195; x_wconf 75' lang='lat' dir='ltr'><strong>addixit</strong></span> <span class='ocrx_word' id='word_1_868' title='bbox 2296 5141 2474 5210; x_wconf 90' lang='lat' dir='ltr'><strong>ipsum</strong></span> <span class='ocrx_word' id='word_1_869' title='bbox 2496 5141 2676 5195; x_wconf 86' lang='lat' dir='ltr'><strong>Achar</strong></span> <span class='ocrx_word' id='word_1_870' title='bbox 2699 5139 2878 5204; x_wconf 80' lang='lat' dir='ltr'><strong>Iesus,</strong></span> <span class='ocrx_word' id='word_1_871' title='bbox 2905 5138 3051 5208; x_wconf 93' lang='lat' dir='ltr'><strong>quod</strong></span> <span class='ocrx_word' id='word_1_872' title='bbox 3097 5153 3207 5193; x_wconf 91' lang='lat' dir='ltr'><strong>non</strong></span> <span class='ocrx_word' id='word_1_873' title='bbox 3284 5138 3340 5194; x_wconf 91' lang='lat' dir='ltr'><strong>in</strong></span> <span class='ocrx_word' id='word_1_874' title='bbox 3381 5154 3443 5194; x_wconf 88' lang='lat' dir='ltr'><strong>se</strong></span> 
     </span>
    </p>
   </div>
   <div class='ocr_carea' id='block_1_113' title="bbox 1862 5229 3444 5302">
    <p class='ocr_par' dir='ltr' id='par_1_113' title="bbox 1862 5229 3444 5302">
     <span class='ocr_line' id='line_1_113' title="bbox 1862 5229 3444 5302; baseline 0.001 -19"><span class='ocrx_word' id='word_1_875' title='bbox 1862 5231 2042 5300; x_wconf 87' lang='lat' dir='ltr'><strong>ipsum</strong></span> <span class='ocrx_word' id='word_1_876' title='bbox 2078 5233 2261 5297; x_wconf 91' lang='lat' dir='ltr'><strong>modo,</strong></span> <span class='ocrx_word' id='word_1_877' title='bbox 2281 5232 2373 5302; x_wconf 91' lang='lat' dir='ltr'><strong>qui</strong></span> <span class='ocrx_word' id='word_1_878' title='bbox 2399 5231 2627 5288; x_wconf 90' lang='lat' dir='ltr'><strong>sceleris</strong></span> <span class='ocrx_word' id='word_1_879' title='bbox 2681 5239 2875 5286; x_wconf 88' lang='lat' dir='ltr'><strong>auctor</strong></span> <span class='ocrx_word' id='word_1_880' title='bbox 2905 5240 3048 5295; x_wconf 88' lang='lat' dir='ltr'><strong>erat,</strong></span> <span class='ocrx_word' id='word_1_881' title='bbox 3095 5230 3193 5285; x_wconf 90' lang='lat' dir='ltr'><strong>sed</strong></span> <span class='ocrx_word' id='word_1_882' title='bbox 3220 5229 3275 5285; x_wconf 92' lang='lat' dir='ltr'><strong>in</strong></span> <span class='ocrx_word' id='word_1_883' title='bbox 3321 5231 3444 5288; x_wconf 87' lang='lat' dir='ltr'><strong>uni-</strong></span> 
     </span>
    </p>
   </div>
   <div class='ocr_carea' id='block_1_114' title="bbox 1861 5322 3442 5395">
    <p class='ocr_par' dir='ltr' id='par_1_114' title="bbox 1861 5322 3442 5395">
     <span class='ocr_line' id='line_1_114' title="bbox 1861 5322 3442 5395; baseline 0.001 -20"><span class='ocrx_word' id='word_1_884' title='bbox 1861 5337 2078 5378; x_wconf 88' lang='lat' dir='ltr'><strong>versam</strong></span> <span class='ocrx_word' id='word_1_885' title='bbox 2111 5323 2448 5395; x_wconf 82' lang='lat' dir='ltr'><strong>Synagogam</strong></span> <span class='ocrx_word' id='word_1_886' title='bbox 2479 5323 2804 5394; x_wconf 83' lang='lat' dir='ltr'><strong>perniciem,</strong></span> <span class='ocrx_word' id='word_1_887' title='bbox 2836 5338 2868 5378; x_wconf 91' lang='lat' dir='ltr'><strong>e</strong></span> <span class='ocrx_word' id='word_1_888' title='bbox 2899 5338 2995 5378; x_wconf 89' lang='lat' dir='ltr'><strong>sua</strong></span> <span class='ocrx_word' id='word_1_889' title='bbox 3025 5322 3312 5393; x_wconf 90' lang='lat' dir='ltr'><strong>impotenti</strong></span> <span class='ocrx_word' id='word_1_890' title='bbox 3342 5338 3442 5383; x_wconf 88' lang='lat' dir='ltr'><strong>cu-</strong></span> 
     </span>
    </p>
   </div>
   <div class='ocr_carea' id='block_1_115' title="bbox 1862 5415 3447 5486">
    <p class='ocr_par' dir='ltr' id='par_1_115' title="bbox 1862 5415 3447 5486">
     <span class='ocr_line' id='line_1_115' title="bbox 1862 5415 3447 5486; baseline 0.001 -16"><span class='ocrx_word' id='word_1_891' title='bbox 1862 5416 2089 5484; x_wconf 89' lang='lat' dir='ltr'><strong>piditate</strong></span> <span class='ocrx_word' id='word_1_892' title='bbox 2119 5416 2440 5486; x_wconf 84' lang='lat' dir='ltr'><strong>profectam,</strong></span> <span class='ocrx_word' id='word_1_893' title='bbox 2482 5415 2773 5472; x_wconf 90' lang='lat' dir='ltr'><strong>attulisset.</strong></span> <span class='ocrx_word' id='word_1_894' title='bbox 2822 5415 2891 5470; x_wconf 87' lang='lat' dir='ltr'><strong>Et</strong></span> <span class='ocrx_word' id='word_1_895' title='bbox 2918 5415 3024 5472; x_wconf 91' lang='lat' dir='ltr'><strong>hoc</strong></span> <span class='ocrx_word' id='word_1_896' title='bbox 3045 5415 3179 5471; x_wconf 91' lang='lat' dir='ltr'><strong>illud</strong></span> <span class='ocrx_word' id='word_1_897' title='bbox 3214 5423 3300 5472; x_wconf 88' lang='lat' dir='ltr'><strong>est</strong></span> <span class='ocrx_word' id='word_1_898' title='bbox 3328 5415 3447 5471; x_wconf 64' lang='lat' dir='ltr'><strong>foro</strong></span> 
     </span>
    </p>
   </div>
   <div class='ocr_carea' id='block_1_116' title="bbox 1862 5507 3444 5579">
    <p class='ocr_par' dir='ltr' id='par_1_116' title="bbox 1862 5507 3444 5579">
     <span class='ocr_line' id='line_1_116' title="bbox 1862 5507 3444 5579; baseline 0.001 -18"><span class='ocrx_word' id='word_1_899' title='bbox 1862 5516 2004 5564; x_wconf 89' lang='lat' dir='ltr'><strong>tasse</strong></span> <span class='ocrx_word' id='word_1_900' title='bbox 2059 5508 2206 5578; x_wconf 92' lang='lat' dir='ltr'><strong>quod</strong></span> <span class='ocrx_word' id='word_1_901' title='bbox 2233 5509 2440 5579; x_wconf 89' lang='lat' dir='ltr'><strong>optime</strong></span> <span class='ocrx_word' id='word_1_902' title='bbox 2465 5524 2527 5563; x_wconf 89' lang='lat' dir='ltr'><strong>ac</strong></span> <span class='ocrx_word' id='word_1_903' title='bbox 2563 5508 2971 5578; x_wconf 89' lang='lat' dir='ltr'><strong>sapientissime</strong></span> <span class='ocrx_word' id='word_1_904' title='bbox 2997 5516 3084 5564; x_wconf 89' lang='lat' dir='ltr'><strong>est</strong></span> <span class='ocrx_word' id='word_1_905' title='bbox 3112 5507 3273 5564; x_wconf 83' lang='lat' dir='ltr'><strong>nobis</strong></span> <span class='ocrx_word' id='word_1_906' title='bbox 3290 5507 3444 5564; x_wconf 86' lang='lat' dir='ltr'><strong>Pauli</strong></span> 
     </span>
    </p>
   </div>
   <div class='ocr_carea' id='block_1_117' title="bbox 1858 5599 3445 5670">
    <p class='ocr_par' dir='ltr' id='par_1_117' title="bbox 1858 5599 3445 5670">
     <span class='ocr_line' id='line_1_117' title="bbox 1858 5599 3445 5670; baseline 0.001 -18"><span class='ocrx_word' id='word_1_907' title='bbox 1858 5615 1990 5655; x_wconf 85' lang='lat' dir='ltr'><strong>voce</strong></span> <span class='ocrx_word' id='word_1_908' title='bbox 2017 5600 2255 5656; x_wconf 87' lang='lat' dir='ltr'><strong>dictum:</strong></span> <span class='ocrx_word' id='word_1_909' title='bbox 2307 5620 2324 5652; x_wconf 80' lang='grc' dir='ltr'><strong>ι</strong></span> <span class='ocrx_word' id='word_1_910' title='bbox 2348 5601 2572 5657; x_wconf 85' lang='lat' dir='ltr'><strong>Auferte</strong></span> <span class='ocrx_word' id='word_1_911' title='bbox 2640 5601 2844 5656; x_wconf 90' lang='lat' dir='ltr'><strong>malum</strong></span> <span class='ocrx_word' id='word_1_912' title='bbox 2873 5617 2903 5656; x_wconf 90' lang='lat' dir='ltr'><strong>a</strong></span> <span class='ocrx_word' id='word_1_913' title='bbox 2950 5600 3106 5655; x_wconf 90' lang='lat' dir='ltr'><strong>vobis</strong></span> <span class='ocrx_word' id='word_1_914' title='bbox 3128 5599 3294 5670; x_wconf 91' lang='lat' dir='ltr'><strong>ipsis:</strong></span> <span class='ocrx_word' id='word_1_915' title='bbox 3323 5613 3445 5654; x_wconf 92' lang='lat' dir='ltr'><strong>mo-</strong></span> 
     </span>
    </p>
   </div>
   <div class='ocr_carea' id='block_1_118' title="bbox 1858 5691 3430 5764">
    <p class='ocr_par' dir='ltr' id='par_1_118' title="bbox 1858 5691 3430 5764">
     <span class='ocr_line' id='line_1_118' title="bbox 1858 5691 3430 5764; baseline 0.002 -19"><span class='ocrx_word' id='word_1_916' title='bbox 1858 5692 2043 5746; x_wconf 89' lang='lat' dir='ltr'><strong>dicum</strong></span> <span class='ocrx_word' id='word_1_917' title='bbox 2098 5692 2428 5748; x_wconf 87' lang='lat' dir='ltr'><strong>fermentum</strong></span> <span class='ocrx_word' id='word_1_918' title='bbox 2470 5702 2644 5748; x_wconf 86' lang='lat' dir='ltr'><strong>totam</strong></span> <span class='ocrx_word' id='word_1_919' title='bbox 2691 5709 2926 5750; x_wconf 86' lang='lat' dir='ltr'><strong>massam</strong></span> <span class='ocrx_word' id='word_1_920' title='bbox 2972 5693 3275 5764; x_wconf 85' lang='lat' dir='ltr'><strong>corrumpit</strong></span> <span class='ocrx_word' id='word_1_921' title='bbox 3319 5691 3387 5748; x_wconf 79' lang='lat'><strong>&quot;.</strong></span> <span class='ocrx_word' id='word_1_922' title='bbox 3417 5707 3430 5727; x_wconf 85' lang='lat'><strong>&#39;</strong></span> 
     </span>
    </p>
   </div>
   <div class='ocr_carea' id='block_1_119' title="bbox 1895 5874 2300 5942">
    <p class='ocr_par' dir='ltr' id='par_1_119' title="bbox 1895 5874 2300 5942">
     <span class='ocr_line' id='line_1_119' title="bbox 1895 5874 2300 5942; baseline -0.005 -11"><span class='ocrx_word' id='word_1_923' title='bbox 1895 5878 1938 5910; x_wconf 83' lang='grc'><strong>⁸⁷</strong></span> <span class='ocrx_word' id='word_1_924' title='bbox 1972 5877 1992 5931; x_wconf 84' lang='grc' dir='ltr'><strong>ι</strong></span> <span class='ocrx_word' id='word_1_925' title='bbox 2020 5874 2144 5933; x_wconf 86' lang='lat' dir='ltr'><strong>Cor.</strong></span> <span class='ocrx_word' id='word_1_926' title='bbox 2174 5893 2224 5942; x_wconf 85' lang='lat' dir='ltr'><strong>v,</strong></span> <span class='ocrx_word' id='word_1_927' title='bbox 2250 5877 2300 5932; x_wconf 83' lang='lat'><strong>6.</strong></span> 
     </span>
    </p>
   </div>
  </div>
