4076 6518
661 375 670 384 ’
686 381 788 437 567

1673 378 1727 432 S.
1765 378 2039 434 CYRILLI
2079 379 2555 437 ALEXANDRINI
2598 382 2916 440 ARCIIIEP.
3775 405 3857 461 ωε

688 503 880 558 Nonne
935 501 1096 569 igitur
1127 508 1204 551 est
1256 497 1351 550 tibi
1402 507 1590 566 aperte
1646 498 2080 553 demonstratum
2143 500 2259 569 pri-

2378 503 2544 571 μικρά
2574 501 2719 573 ζύμη
2759 502 2878 556 ὅλον
2911 502 2969 555 τὸ
3008 501 3234 572 φύραμα
3278 502 3446 573 ζυμοῖ.
3483 525 3500 555 ι
3529 502 3661 579 ’Δρά
3695 529 3762 566 σοι
3791 517 3856 571 δέ.

689 605 838 645 mum
865 589 1084 659 quidem
1122 587 1175 640 in
1208 587 1506 651 Abraham,
1541 587 1747 642 sanctis
1793 587 1927 642 viris
1977 587 2114 642 nihil
2160 589 2261 643 ob-

688 695 809 736 esse
839 681 984 733 illam
1033 694 1098 732 ex
1143 676 1466 730 fortitudine
1513 677 1764 747 gloriam,
1791 694 1854 732 ac
1904 677 2062 732 facile
2093 694 2160 733 ex
2201 694 2264 732 ea

688 769 866 840 sequi,
895 776 953 823 ut
983 781 1293 837 expugnare
1320 766 1508 820 hostes
1530 767 1762 836 possint,
1796 769 1839 822 si
1881 769 2016 822 nihil
2039 769 2267 823 munda-

686 875 819 914 num
848 874 1095 929 quaerere
1119 857 1433 924 voluerint;
1485 857 1684 911 deinde
1727 858 1782 912 in
1826 860 2004 912 Achar
2053 876 2166 913 rem
2211 859 2264 913 in

687 949 1026 1003 contrarium
1063 947 1417 1018 processisse,
1472 963 1597 1002 cum
1634 947 1679 1002 is
1726 962 1755 1001 e
1792 956 1939 1001 recta
1970 948 2055 1002 via
2093 947 2264 1003 decli-

687 1047 890 1102 nasset,
924 1046 978 1093 et
1009 1037 1074 1092 ad
1122 1052 1185 1092 ea
1239 1051 1360 1106 quae
1402 1037 1458 1090 in
1509 1036 1715 1090 mundo
1789 1044 1918 1090 sunt
1961 1052 2266 1106 propensus

687 1130 882 1185 fuisset
903 1131 926 1183 ?
1563 1192 1567 1195 η

759 1223 952 1277 PALL.
982 1222 1212 1278 Maxime
1250 1238 1383 1279 vero
1415 1242 1429 1289 ;
1460 1223 1686 1278 evidens
1719 1221 1959 1293 namque
1983 1222 2085 1278 fuit
2135 1240 2262 1278 ora-

685 1315 784 1371 tio.

757 1404 914 1460 CYR.
935 1404 1203 1475 Oportere
1227 1415 1408 1460 autem
1440 1417 1657 1461 sanctos
1672 1407 1818 1461 viros
1843 1407 2044 1476 ubique
2058 1405 2265 1476 simpli-

686 1509 779 1549 ees
827 1494 1074 1549 moribus
1119 1495 1313 1561 videri,
1362 1511 1471 1549 non
1511 1496 1565 1550 in
1612 1497 1882 1552 sententia
1917 1513 2108 1568 parum
2159 1497 2263 1551 sibi

688 1595 961 1651 constare;
994 1585 1048 1638 id
1073 1600 1205 1639 vero
1233 1586 1453 1657 planum
1483 1586 1593 1651 flet,
1624 1601 1690 1641 ex
1717 1603 1782 1643 eo
1807 1588 1952 1658 quod
1972 1589 2058 1642 lex
2077 1599 2264 1659 aperte

689 1675 825 1731 dicit
855 1695 867 1730 :
901 1697 918 1727 ι
947 1677 1066 1732 Non
1099 1687 1263 1732 erunt
1294 1695 1420 1733 vasa
1455 1677 1558 1732 viri
1601 1695 1766 1750 super
1796 1680 2047 1746 muliere,
2087 1697 2263 1751 neque

689 1783 883 1821 rursus
905 1768 990 1822 vir
1020 1769 1278 1824 induetur
1303 1770 1437 1824 stola
1479 1770 1736 1825 muliebri
1771 1811 1785 1835 ,
1835 1771 2094 1840 quoniam
2133 1772 2265 1827 abo-

2365 591 2576 644 δεικται
2599 592 2806 661 σαφῶς,
2833 593 2890 644 ἐν
2932 591 3030 662 μὲν
3069 590 3144 662 τῷ
3183 590 3376 663 πρώτῳ
3425 592 3497 664 τῷ
3532 596 3766 670 Ἀϐραὰμ,
3799 604 3860 669 ὼς

2365 681 2668 754 ἀπήμαντα
2704 684 2801 753 μὲν
2831 685 2945 747 τοῖς
2974 683 3148 751 ἁγίοις
3175 682 3410 752 διαμένει
3434 685 3500 737 τὰ
3520 688 3592 750 είς
3611 688 3757 762 ἀλκὴν
3781 695 3858 746 αὐ.

2367 774 2618 845 χήματαο
2659 776 2855 845 ’έψηται
2901 775 2956 827 δέ
2979 773 3175 846 ῥᾳδίως
3209 773 3266 826 τὸ
3293 774 3591 844 δεδυνῆσθαι
3625 782 3862 838 καταθλείν

2365 864 2471 916 τῶν
2490 865 2719 937 ἐχθρῶν,
2738 868 2786 919 εί
2811 867 2978 938 μηδὲν
3005 866 3209 920 ἐλοιντο
3227 866 3330 919 τῶν
3353 867 3455 921 ἀπδ
3481 869 3665 940 κόσμου
3687 870 3858 943 ζητεῖνο

2367 955 2423 1006 ἐν
2442 955 2498 1007 δέ
2524 973 2586 1024 γε
2607 955 2685 1026 τῷ
2728 957 2926 1028 νΑχαρ,
2953 957 3033 1020 είς
3052 956 3111 1009 τὸ
3130 956 3336 1018 τούτοις
3358 957 3580 1011 ἐναντίον
3603 960 3862 1034 ἐκκεχωρη.

2365 1046 2498 1099 κότα
2541 1046 2608 1098 τὰ
2643 1047 2966 1118 πράγματα.
3012 1046 3362 1100 ἀποκλίναντι
3399 1051 3493 1118 τῆς
3540 1049 3746 1117 εὐθείας,
3792 1055 3863 1106 καὶ

2365 1140 2638 1193 νενευκότι
2671 1141 2806 1212 πρὸς
2826 1139 2892 1194 τὰ
2913 1141 2970 1194 ὲν
3001 1140 3220 1211 κόσμῳ;

2438 1235 2644 1287 ΠΑΛΛ.
2673 1234 2820 1288 Πάνυ
2855 1234 2953 1303 μὲν
2990 1228 3080 1286 οὖν
3103 1249 3118 1264 ο
3150 1231 3323 1302 σαφὴς
3361 1232 3464 1304 γὰρ
3487 1234 3512 1286 ό
3533 1233 3696 1302 λόγος.

2442 1411 2608 1466 ΚΥΡ.
2654 1413 2779 1465 Ὀτι
2804 1412 2858 1466 δὲ
2894 1413 2998 1485 χρὴ
3025 1414 3148 1477 τοὺς
3189 1412 3372 1480 ἁγίους
3402 1416 3628 1484 πανταχῆ
3659 1415 3866 1486 μονοτρό-

2365 1518 2501 1564 πους
2528 1502 2781 1572 ὁρᾶσθαι,
2812 1503 2904 1555 καὶ
2930 1503 3028 1572 οὐχ
3063 1500 3521 1573 ἐτερογνὼμονας,
3555 1503 3701 1570 σαφὲς
3721 1503 3774 1556 ἂν
3793 1504 3866 1571 γέο

2365 1611 2525 1655 νοιτο,
2550 1593 2640 1646 τοῦ
2661 1594 2824 1663 νόμου
2845 1593 3092 1662 λέγοντος
3113 1592 3354 1664 ἐναργῶς
3376 1608 3390 1622 ·
3421 1613 3436 1643 ι
3458 1593 3563 1646 Οὐκ
3582 1593 3714 1648 ἔσται
3735 1595 3866 1666 σκεύη

2365 1682 2555 1755 ἀνδρὸς
2585 1683 2674 1736 ἐπὶ
2701 1683 2939 1752 γυναικὶ,
2973 1683 3092 1737 οὐδὲ
3126 1683 3200 1754 μὴ
3253 1681 3531 1750 ἐνδύσηται
3570 1682 3692 1754 ἀνὴρ
3719 1683 3867 1754 στολὴν

2368 1772 2704 1841 γυναικείαν,
2727 1773 2808 1826 ὅτι
2833 1773 3107 1844 βδέλυγμα
3136 1774 3284 1826 ἐστιν
3313 1772 3536 1828 ἐνώπιον
3587 1774 3765 1844 Κυρίου
3786 1776 3869 1838 πᾶς

689 1859 916 1914 minatio
946 1861 1108 1914 estin
1153 1871 1450 1931 conspectu
1496 1861 1711 1916 Domini
1770 1863 2019 1932 quisquis
2054 1864 2156 1918 hoc
2180 1864 2259 1917 fe-

2378 1861 2392 1913 5
2427 1861 2594 1914 ποιῶν
2618 1861 2811 1915 ταῦτα.
2845 1882 2861 1912 ι
2889 1862 3175 1934 Βδέλυγμα
3199 1861 3383 1933 γὰρέν
3405 1861 3500 1932 ῐσῳ
3523 1861 3659 1933 παρά
3677 1860 3776 1932 Θεῴ
3797 1861 3869 1915 καὶ

688 1951 824 2006 cerit
853 1952 897 1982 ⁸⁸
929 1969 942 2004 :
987 1972 1004 2003 ι
1040 1968 1164 2006 nam
1192 1968 1346 2023 aeque
1386 1953 1736 2008 abominatur
1756 1955 1899 2010 Deus
1921 1969 1986 2010 ac
2017 1954 2264 2024 turpissi-

686 2058 837 2096 mum
871 2044 1241 2113 spectaculum
1262 2055 1416 2115 putat
1447 2054 1562 2100 tum
1589 2045 1929 2100 fortitudinis
1949 2047 2262 2116 opinionem

685 2136 741 2190 in
781 2137 930 2190 molli
974 2136 1106 2200 vita,
1148 2136 1253 2191 hoc
1287 2136 1435 2191 enim
1487 2146 1590 2200 est,
1632 2152 1752 2191 esse
1788 2153 1917 2192 vasa
1961 2138 2065 2191 viri
2100 2153 2265 2208 super

687 2227 951 2290 muliere;
987 2235 1103 2281 tum
1129 2228 1185 2280 in
1216 2227 1480 2282 fortiviro
1505 2229 1682 2283 mollis
1707 2229 1876 2284 animi
1905 2229 2222 2300 languorem
2246 2248 2260 2295 ;

688 2317 740 2372 id
767 2319 912 2373 enim
944 2318 1171 2389 perinde
1215 2326 1300 2373 est
1325 2334 1386 2372 ac
1416 2319 1460 2373 si
1500 2320 1753 2375 muliebri
1791 2321 1934 2376 stola
1952 2320 2034 2373 vir
2067 2320 2264 2374 indua-

691 2418 802 2462 ιιιτ.

759 2500 955 2555 PALL.
994 2501 1164 2567 Quale
1191 2501 1334 2556 istud
1370 2512 1454 2556 est
1513 2503 1660 2572 quod
1699 2504 1824 2556 ais?

757 2594 914 2650 CYR.
953 2593 1144 2647 Nonne
1185 2603 1241 2648 et
1275 2594 1417 2664 apud
1465 2597 1634 2650 Deum
1687 2604 1743 2648 et
1805 2594 1946 2664 apud
2016 2593 2266 2648 homines

689 2703 854 2756 prava
900 2697 1061 2757 atque
1101 2687 1347 2757 improba
1381 2705 1470 2744 res
1509 2700 1591 2744 est
1619 2689 1963 2760 hypocrisis?

759 2777 957 2832 PALL.
983 2777 1183 2832 Verum
1227 2786 1330 2832 est.

758 2867 914 2922 CVR.
945 2867 1086 2922 Num
1131 2867 1320 2938 igitur,
1357 2869 1400 2922 si
1432 2869 1556 2941 quis
1586 2870 1930 2938 voluptarius
1976 2867 2143 2922 fuerit
2209 2875 2266 2922 et

690 2962 1084 3028 intemperans,
1115 2968 1170 3012 et
1200 2974 1266 3013 ex
1298 2959 1431 3029 ipsis
1468 2959 1582 3014 suis
1604 2959 1761 3013 factis
1798 2958 1921 3012 talis
1940 2973 2060 3012 esse
2106 2972 2264 3012 coar-

687 3059 925 3120 guatur;
955 3050 1154 3104 deinde
1179 3051 1465 3105 confictam
1502 3050 1791 3120 probitatis
1825 3049 2139 3119 opinionem
2160 3047 2265 3102 sibi

687 3156 1003 3209 comparare
1047 3141 1294 3204 studeat,
1331 3141 1476 3196 hunc
1519 3141 1815 3203 hominem,
1865 3137 2090 3201 Palladi,
2135 3152 2265 3206 pro-

688 3232 828 3286 bes?

760 3319 956 3374 PALL.
988 3320 1210 3374 Minime
1240 3321 1516 3389 equidem.

756 3411 914 3468 CVR.
947 3411 1064 3466 Jam
1086 3427 1214 3465 vero
1247 3421 1609 3481 temperatum
1655 3427 1842 3466 revera
1888 3411 2166 3466 hominem
2209 3420 2265 3466 et

689 3506 1003 3567 honestum,
1031 3519 1212 3557 nonne
1249 3503 1304 3556 in
1341 3503 1531 3557 eadem
1581 3503 1850 3558 sententia
1891 3503 2124 3574 firmum,
2165 3517 2266 3557 nec

691 3595 968 3651 diversum
1024 3595 1092 3648 ab
1138 3610 1205 3648 eo
1261 3595 1535 3664 quodest,
1568 3595 1799 3663 spectari
1854 3604 2110 3664 oportere
2134 3610 2266 3649 cen-

692 3701 780 3740 ses
797 3686 824 3738 ?

766 3773 962 3829 PALL.
991 3774 1205 3828 Fateor.

759 3866 917 3921 CYR.
948 3866 1027 3921 Ne
1053 3867 1218 3936 igitur
1247 3881 1488 3934 unquam
1529 3865 1742 3920 solutus
1765 3866 2125 3935 quorumdam
2165 3866 2266 3920 ho-

693 3959 900 4013 minum
935 3966 991 4014 et
1013 3959 1192 4014 mollis
1233 3957 1402 4013 animi
1445 3973 1639 4012 sensus
1683 3957 2021 4015 fortitudinis
2057 3957 2270 4028 opilio-

691 4065 817 4105 nem
864 4050 1094 4116 subeat;
1132 4051 1236 4106 hoc
1275 4051 1423 4104 enim
1449 4058 1533 4106 est
1564 4069 1576 4103 :
1612 4050 1690 4105 Ne
1733 4050 1804 4106 sit
1833 4066 1926 4106 vas
1966 4050 2066 4104 viri
2102 4067 2269 4120 super

691 4141 977 4196 mulierem
1002 4161 1014 4194 :
1037 4158 1217 4212 neque
1245 4157 1438 4197 rursus
1467 4142 1556 4197 ille
1579 4158 1768 4197 revera
1797 4141 1954 4197 fortis
1984 4143 2268 4198 mollitien

690 4243 935 4305 quaerat;
964 4235 1066 4289 hoc
1089 4228 1322 4303 namque
1348 4243 1432 4288 est
1457 4233 1698 4288 vicissim
1730 4251 1740 4285 :
1781 4233 1858 4288 Ne
1896 4233 1980 4287 vir
2010 4233 2271 4288 induatur

691 4323 828 4378 stola
870 4322 1122 4377 muliebri
1150 4340 1162 4374 :
1199 4331 1282 4376 est
1304 4323 1452 4376 enim
1481 4337 1579 4392 par
1615 4322 1669 4374 in
1697 4330 1926 4390 utraque
1954 4337 2011 4376 re
2051 4322 2266 4386 vitium,

689 4428 865 4484 eaque
894 4413 1126 4467 crimina
1143 4412 1376 4467 similem
1409 4413 1661 4482 injuriam
1697 4412 1886 4466 virtuti
1924 4411 2149 4466 faciunt.

2369 1953 2766 2008 ἀκαλλέστατον
2799 1953 3001 2023 θέαμα,
3021 1954 3400 2024 γενναιότητος
3430 1951 3676 2024 ὑπόληψις
3699 1953 3774 2004 ἐπὶ
3793 1969 3870 2022 μα·

2367 2044 2649 2116 λακισμοῖς
2670 2063 2682 2078 α
2707 2045 2868 2099 τοῦτο
2904 2047 3012 2117 γάρ
3033 2047 3150 2100 ἐστι
3170 2047 3229 2100 τὸ
3257 2041 3396 2100 εῖναι
3433 2045 3593 2116 σκεύη
3620 2042 3778 2116 ἀνδρὸς
3799 2044 3870 2096 ἐπὶ

2367 2137 2583 2207 γυναικί
2615 2153 2627 2166 ·
2656 2138 2752 2190 καί⁵
2785 2137 2845 2192 τὸ
2868 2140 3042 2192 νοσεῖν
3071 2139 3127 2193 ἐν
3151 2137 3425 2210 ἀνδρείαις
3452 2137 3538 2191 τὸν
3563 2134 3867 2207 μαλακισμόν·

2368 2231 2524 2284 τοῦτο
2553 2229 2660 2302 γὰρ
2701 2231 2900 2302 ὁμοίως
2938 2231 2998 2285 τὸ
3038 2231 3364 2286 ἐνδύσασθαι
3399 2230 3489 2284 τὸν
3525 2229 3681 2300 ἄνδρα
3721 2225 3870 2294 στολὴν

2368 2321 2706 2389 γυναικείαν.

2439 2501 2643 2554 nam.
2688 2495 2898 2573 Οἷονδὴ
2928 2501 2981 2556 τί
3007 2503 3148 2573 φήςς

2439 2593 2601 2644 ΚΥΡ.
2634 2593 2707 2644 Οὐ
2727 2593 2913 2663 χρῆμα
2940 2594 3173 2664 πονηρὸν
3197 2593 3292 2647 καὶ
3319 2591 3620 2662 ἀδόκιμονή
3642 2589 3875 2657 ὑπόκρισις

2369 2686 2516 2755 παρά
2548 2703 2604 2737 τε
2639 2687 2757 2751 Θεῴ
2779 2685 2872 2739 καὶ
2896 2686 3234 2756 ἀνθρώποιςς

2438 2777 2646 2830 nam.
2701 2778 2941 2846 Ἀληθές.
3297 2845 3299 2848 ς

2438 2867 2599 2920 ΚΥΡ.
2638 2869 2756 2938 ’Ἆρ’
2788 2865 2878 2922 οὖν
2905 2870 2957 2922 εἴ
2993 2887 3075 2932 τις
3112 2870 3196 2940 εἴη
3233 2869 3512 2938 φιλήδονος
3552 2867 3640 2921 καὶ
3662 2864 3878 2936 ἀκρατὴς,

2367 2957 2458 3009 καὶ
2485 2956 2544 3020 ἐξ
2563 2958 2740 3010 αὐτῶν
2763 2958 3040 3028 ἐλέγχοιτο
3065 2959 3172 3012 τῶν
3197 2959 3516 3030 δρωμένων,
3543 2957 3613 3020 ὼς
3631 2951 3879 3008 ἕστιτοιοῦ·

2366 3066 2478 3111 τος.
2528 3044 2646 3101 εἶτα
2697 3051 2794 3120 τῆς
2845 3053 3146 3114 ἐπιεικείας
3191 3051 3570 3104 κατάπλαστον
3625 3047 3700 3115 ἐφ’
3742 3041 3881 3112 ἐαυτῷ

2372 3142 2573 3192 ποιοῖτο
2602 3139 2699 3210 τὴν
2730 3139 2907 3204 δόξαν,
2941 3141 3252 3205 ὲπαινέσαις
3282 3142 3350 3195 ἂν
3373 3141 3462 3194 τόν
3483 3156 3544 3207 γε
3573 3136 3783 3192 τοιοῦτον
3804 3130 3879 3186 αὖ·

2368 3226 2474 3292 τὸς,
2505 3223 2549 3282 ὦ
2573 3229 2834 3284 Παλλάδιε
2854 3249 2868 3296 ;

2437 3319 2645 3372 ΠΑΑΑ.
2685 3321 2758 3372 Οὐ
2786 3321 2885 3390 μὲν
2917 3316 3027 3374 οὖν.

2438 3411 2603 3465 ΚΥΡ.
2627 3411 2692 3464 Τί
2722 3411 2778 3465 δέ
2800 3411 2862 3483 δὴ
2891 3414 2980 3466 τὸν
3001 3412 3215 3484 ἀληθῶς
3241 3414 3471 3485 κόσμιον
3491 3415 3581 3467 καὶ
3602 3413 3884 3482 εὐσχήμονα,

2366 3501 2463 3558 οὒκ
2495 3502 2656 3574 οἰήσῃ
2697 3501 2805 3555 δεῖν
2845 3504 2902 3555 ἐν
2945 3503 3233 3574 ταυτότητι
3272 3504 3500 3577 γνώμης
3529 3503 3884 3577 ἐρηρεισμένην,

2367 3595 2465 3664 οὐχ
2487 3593 2671 3664 ἕτερόν
2696 3611 2748 3647 τι
2791 3595 2917 3666 παρ’
2945 3595 3079 3666 ὅπερ
3112 3597 3228 3649 ἐστὶ
3257 3596 3650 3666 γινώσκεσθαι;

2439 3763 2644 3826 ΠΑΛΛ.
2673 3771 2837 3842 Φημί.

2441 3863 2604 3916 ΚΥΡ.
2633 3861 2841 3916 Οὐκοῦν
2873 3863 3078 3932 μήποτε
3113 3863 3172 3917 τὸ
3199 3862 3508 3937 εὖθρυπτόν
3536 3883 3594 3920 τε
3618 3866 3705 3919 καὶ
3725 3861 3889 3936 μαλθα-

2369 3951 2464 4005 κὸν
2506 3951 2760 4023 φρόνημά
2791 3969 2972 4014 τινων,
3014 3953 3113 4024 τὴν
3147 3953 3247 4023 τῆς
3296 3955 3553 4027 ἀνδρείας
3599 3950 3889 4023 ὑποτρεχέτω

2369 4041 2560 4109 δόξαν·
2590 4041 2748 4094 τοῦτο
2793 4041 2900 4113 γὰρ
2945 4041 3024 4106 τὺ,
3053 4043 3166 4097 Ούκ
3197 4043 3353 4098 ἔσται
3411 4046 3577 4116 σκεύη
3618 4042 3788 4114 ἀνδρὸς
3822 4035 3891 4090 ἐπὶ

2370 4130 2588 4200 γυναικί
2618 4147 2632 4160 '
2669 4131 2806 4202 μήτε
2843 4129 2948 4200 μὴν
2978 4131 3038 4183 τὸ
3071 4130 3285 4200 ἀληθῶς
3330 4134 3582 4196 εὐσθενὲς
3613 4131 3817 4203 ζητείτω
3847 4125 3891 4178 τὸ

2376 4221 2648 4294 μαλθακόν
2672 4237 2687 4250 ·
2723 4221 2879 4275 τοῦτο
2921 4221 3027 4292 γὰρ
3073 4222 3233 4276 πάλιν
3280 4224 3342 4276 τὸ
3368 4266 3382 4287 ,
3421 4226 3496 4277 Οὐ
3536 4225 3608 4296 μὴ
3658 4219 3894 4287 ἐνδύσηται

2371 4314 2510 4386 ἀνὴρ
2541 4313 2730 4384 στολὴν
2761 4314 3096 4382 γυναικείαν.
3133 4315 3250 4385 Ἴση
3285 4315 3399 4386 γὰρ
3434 4315 3617 4384 ὥσπερ
3657 4315 3709 4365 ἐν
3735 4308 3894 4380 ἀμφοῖν

2372 4406 2404 4475 ἠ
2448 4405 2736 4475 φαυλότης,
2765 4406 2858 4458 καὶ
2897 4405 3053 4476 ὕϐρις
3087 4406 3166 4468 είς
3201 4407 3406 4476 ἀρετὴν
3439 4406 3509 4459 τά
3537 4405 3840 4475 ἐγκλήματα.

767 4503 928 4574 ιω
977 4503 1174 4558 PALL.
1235 4504 1547 4558 Periculosa
1609 4519 1698 4558 res
1755 4515 1860 4566 est,
1909 4513 1971 4557 ut
2008 4503 2266 4567 videtur,

2446 4498 2651 4551 ΠᾹΛΛ.
2672 4498 2962 4569 Σφαλερὺν,
2987 4497 3060 4561 ὡς
3079 4497 3270 4564 ἔοικεν,
3290 4501 3320 4552 δ
3350 4497 3737 4569 μαλθακισμὸς,
3761 4491 3836 4546 καὶ
3851 4487 3896 4542 τὸ

692 4594 954 4650 mollities
995 4595 1185 4659 animi,
1234 4611 1410 4665 neque
1463 4610 1591 4650 vero
1639 4611 1814 4664 poenae
1845 4611 2056 4664 expers.

761 4683 921 4741 CYR.
949 4685 1096 4738 Nihil
1145 4687 1370 4740 omnino
1401 4686 1642 4740 dubites.
1680 4686 2057 4740 Aversandum
2096 4685 2149 4740 id
2187 4693 2274 4740 est

692 4779 843 4833 enim
883 4790 1035 4840 sane,
1063 4783 1120 4831 et
1166 4792 1390 4831 exosum
1417 4778 1528 4832 Deo
1569 4777 1783 4831 vitium.
1819 4777 2004 4845 Itaque
2033 4792 2062 4830 e
2103 4775 2274 4830 sacris

684 4872 857 4926 etiam
900 4868 1206 4939 legionibus
1256 4868 1521 4938 rejicitur,
1561 4867 1656 4938 qui
1697 4867 2072 4937 hujuscemodi
2133 4867 2272 4920 forte

692 4960 1018 5015 criminibus
1050 4966 1306 5019 tenetur;
1332 4971 1471 5026 opus
1504 4957 1650 5012 enim
1687 4971 1806 5011 esse
1839 4971 2058 5018 censeo,
2089 4965 2146 5010 ut
2183 4954 2271 5009 ille

691 5067 884 5106 revera
916 5050 1075 5105 fortis
1115 5065 1179 5104 ac
1225 5057 1484 5103 strenuus
1515 5063 1787 5118 nusquam
1830 5045 2071 5101 animum
2111 5061 2271 5099 suum

691 5156 790 5211 per
821 5141 1092 5194 incuriam
1123 5138 1297 5210 frangi
1333 5138 1593 5208 patiatur,
1635 5138 1730 5193 sed
1751 5153 1876 5192 eum
1912 5153 1940 5190 a
1981 5135 2273 5191 formidine

694 5241 861 5301 atque
899 5232 1250 5286 cunctatione
1303 5229 1453 5285 omni
1512 5229 1749 5284 liberum
1811 5237 2023 5292 servet;
2071 5243 2132 5282 ac
2171 5227 2276 5282 ﬁde

696 5321 935 5390 perfecte
957 5323 1139 5386 nixus,
1169 5321 1350 5376 dicat:
1382 5339 1400 5373 ι
1435 5319 1628 5376 Omnia
1643 5334 1867 5389 possum
1897 5319 1950 5372 in
1981 5333 2047 5372 eo
2075 5318 2167 5386 qui
2191 5333 2276 5371 me

697 5411 971 5466 confortat
991 5411 1211 5468 Christo
1233 5414 1278 5445 ⁶⁹
1303 5430 1316 5465 :
1339 5431 1357 5464 ι
1390 5419 1690 5481 eaveatque
1737 5426 1808 5465 ne
1832 5417 2048 5464 terrena
2088 5423 2277 5479 sapere

697 5501 862 5564 velit,
894 5508 1083 5570 utpote
1107 5514 1233 5555 cum
1259 5515 1326 5555 ea
1352 5515 1442 5555 res
1460 5498 1764 5570 perniciem
1789 5497 1951 5552 nobis
1977 5496 2191 5561 afferat,
2221 5501 2278 5550 et

700 5594 843 5664 apud
871 5595 1040 5652 Deum
1068 5593 1348 5663 improbos
1375 5607 1496 5650 esse
1521 5592 1880 5646 demonstret.
1924 5590 2113 5660 Itaque
2149 5605 2277 5644 rur-

760 5774 807 5808 ⁸⁸
834 5775 994 5832 Deut.
1034 5789 1163 5842 χχιι,
1209 5773 1260 5828 5.
1338 5773 1381 5806 ⁶⁹
1413 5771 1652 5842 Philipp.
1693 5787 1767 5839 Iv,
1807 5770 1892 5823 l5.

2376 4588 2568 4662 χρῆμά
2596 4589 2742 4641 ἐστιν
2775 4589 2874 4642 οὐκ
2913 4589 3162 4660 ἀζήμιον.

2448 4677 2610 4733 ΚΥΡ.
2641 4679 2732 4749 Μὴ
2787 4678 2896 4749 γὰρ
2941 4680 3216 4752 ἐνδοιάσῃς
3269 4681 3432 4745 ὅλως.
3485 4678 3797 4748 Ἀπόδλητον
3819 4670 3902 4742 γὰρ

2374 4768 2591 4839 κομιδῇ,
2623 4768 2715 4820 καὶ
2755 4767 3007 4838 θεομισὲς
3046 4769 3105 4821 τὸ
3129 4768 3298 4833 πάθος
3325 4785 3340 4799 ο
3390 4768 3665 4839 τοιγάρτοι
3705 4762 3788 4817 καὶ
3818 4757 3903 4811 τῶν

2375 4857 2536 4928 ιερῶν
2568 4855 2910 4927 ἐκπέμπεται
2941 4856 3252 4924 καταλόγων
3299 4858 3328 4909 ό
3377 4861 3492 4921 τοῖς
3532 4855 3744 4910 τοιοῖσδε
3776 4846 3905 4916 τυχὸν

2379 4948 2714 5018 ἐγκλήμασιν
2751 4947 3084 5018 ἐνεχόμενος.
3125 4947 3336 5018 Χρῆναι
3360 4951 3473 5020 γὰρ
3497 4946 3666 5017 ἔγωγέ
3691 4958 3815 5013 φημι
3833 4935 3904 4989 τόν

2381 5055 2446 5109 γε
2475 5038 2937 5110 ἀληθῶςεῦσθενῆ
2965 5056 3024 5093 τε
3059 5040 3152 5093 καὶ
3179 5032 3814 5108 γενναιότατον,’μηδαμῆ
3837 5027 3909 5081 τὸν

2379 5132 2581 5184 οἰκεῖον
2615 5129 3043 5201 περιθραύεσθαι
3076 5130 3200 5185 νοῦν
3232 5131 3591 5202 ἀμελετήτως
3627 5129 3736 5198 ἐᾷν,
3757 5121 3909 5189 δείμα-

2379 5237 2471 5284 τος
2497 5221 2555 5274 δὲ
2575 5222 2670 5273 καὶ
2695 5221 2857 5275 δκνου
2891 5221 3092 5286 παντὸς
3120 5223 3382 5294 ἀνωτέρω
3407 5222 3622 5291 τηρεῖν,
3662 5216 3746 5271 καὶ
3768 5211 3910 5264 πίστει

2383 5312 2482 5383 μὲν
2502 5315 2567 5383 τῇ
2599 5314 2679 5376 είς
2713 5311 2844 5366 Θεὸν
2881 5313 3194 5384 ἀμωμήτως
3217 5314 3616 5386 ἐρηρεισμένον
3635 5349 3650 5373 ,
3698 5327 3716 5359 ι
3762 5300 3910 5357 Πάντα

2383 5405 2572 5476 ἰσχύω,
2587 5425 2605 5456 ι
2629 5405 2825 5474 λέγειν,
2858 5410 2946 5461 «ἐν
2961 5405 3038 5478 τῷ
3051 5406 3440 5478 ἐνδυναμοῦντί
3469 5421 3536 5478 με
3558 5397 3816 5475 ΧριστῷῚ
3838 5405 3918 5444 πα·

2381 5498 2682 5569 ραιτεῖσθαι
2719 5499 2776 5552 δὲ
2821 5499 2896 5564 ὡς
2947 5499 3168 5570 ὀλέθρου
3208 5498 3491 5570 πρόξενον,
3537 5496 3632 5550 καὶ
3667 5485 3918 5570 ἀδοκίμους

2379 5565 2528 5660 illa;
2571 5589 2870 5661 ἀποφαῖνον
2904 5565 3334 5661 παράτθεῷξτδ
3381 5589 3606 5659 φρονεῖν
3642 5565 3921 5641 ἑλέσθαιιτδ
