3998 6530
143 377 227 435 569

830 368 917 427 DE
955 366 1394 425 ADORATIONE
1431 369 1498 424 IN
1536 367 1805 427 SPIRITU
1844 369 1932 427 ET
1972 371 2339 427 VERITATE.
2382 371 2512 425 LIB.
2558 373 2633 429 γ-

3254 374 3375 431 δτῦ

141 494 466 570 γεωδέστερα.
484 490 594 543 Καὶ
616 487 749 559 γοῦν
771 489 830 541 ὲν
855 486 934 558 τῷ
952 489 1355 560 Δευτερονομίῳ
1370 489 1678 561 γέγραπται

1788 506 1878 547 sus
1904 492 1958 547 in
1991 490 2418 547 Deuteronomio
2447 491 2715 561 scriptum
2748 502 2831 548 est
2852 496 2886 547 ‘:
2932 513 2950 546 ι
2989 493 3047 550 Si
3074 494 3275 551 exieris
3289 498 3359 552 ad

142 591 298 651 πάλιν·
318 602 337 636 ι
377 582 500 636 Ἐὰν
538 581 766 655 ἐξέλθῃς
791 583 871 644 εἰς
898 581 1136 651 πόλεμον
1166 582 1261 635 ἐπὶ
1288 582 1414 646 τοὺς
1444 582 1673 655 ἐχθρούς

140 701 235 744 σου,
264 677 346 732 καὶ
369 675 483 744 ἴδῃς
515 674 680 727 ἵππον
721 673 813 727 καὶ
842 672 1142 744 ἀναϐάτην,
1175 674 1272 727 καὶ
1293 673 1421 727 λαὸν
1454 674 1676 731 πλείονά

142 795 235 841 σου,
262 771 315 826 οὗ
342 768 622 839 φοόηθὴσῃ
647 768 746 821 ἀπ’
777 766 978 832 αὐτῶν,
1005 764 1089 820 ὅτι
1115 766 1321 840 Κύριος
1348 768 1378 820 6
1410 768 1542 832 Θεὸς
1579 786 1675 822 σου

141 865 253 940 μετά
293 860 400 923 σοῦ,
429 859 460 911 6
498 857 840 920 ἀναϐιϐάσας
884 873 944 909 σε
993 858 1057 909 ὲκ
1096 857 1201 927 γῆς
1247 857 1546 925 Αἰγύπτου,
1583 859 1677 912 καὶ

140 962 265 1015 ἐσται
288 954 404 1006 ὅταν
448 950 680 1021 ὲγγίσῃς
720 948 800 1018 τῷ
838 948 1081 1019 πολέμῳ,
1114 948 1209 1001 καὶ
1252 951 1622 1020 προσεγγίσας
1648 952 1678 1003 6

139 1049 285 1121 ἱερεὺς
308 1042 524 1112 λαλήσει
545 1040 622 1111 τῷ
642 1040 775 1110 λαῷ,
800 1040 897 1094 καὶ
921 1041 1038 1112 ὲρεῖ
1056 1040 1193 1113 πρὸς
1212 1042 1431 1106 αὐτούς·
1455 1045 1673 1110 Ἀκουε,

146 1136 345 1210 Ἰσραὴλ,
374 1136 532 1204 ὑμεῖς
571 1133 982 1206 προπορεύεσθε
1014 1134 1257 1205 σήμερον
1283 1136 1362 1197 είς
1391 1135 1482 1188 τὸν
1520 1134 1691 1211 πολε-ν

137 1248 217 1304 μον
237 1228 320 1281 ἐπὶ
349 1227 474 1289 τοὺς
511 1223 742 1295 ἐχθροὺς
773 1224 949 1293 ὑμῶν,
990 1224 1066 1295 μὴ
1088 1223 1362 1277 ὲκλυέσθω
1407 1225 1441 1294 ἡ
1483 1225 1679 1295 καρδία

135 1324 281 1394 ὑμῶν,
313 1318 381 1389 μὴ
412 1316 688 1386 φοϐεῖσθε,
725 1316 858 1388 μηδὲ
889 1312 1155 1387 θραύεσθε
1193 1316 1293 1387 (1),
1326 1315 1463 1386 μηδὲ
1495 1316 1678 1369 ἐκκλί-

132 1431 235 1487 νητε
256 1410 353 1467 ἀπὸ
368 1408 661 1480 προσώπου
683 1408 861 1462 αὐτῶν
882 1423 895 1438 ’
918 1409 1002 1461 δτι
1024 1407 1227 1479 Κύριος
1250 1409 1277 1460 6
1297 1406 1430 1470 Θεδς
1452 1407 1626 1477 ὑμῶν,
1651 1409 1679 1460 6

131 1503 571 1580 προπορευόμενος
604 1501 723 1573 μεθ’
746 1501 919 1572 ὑμῶν,
954 1498 1369 1570 συμπολεμήσει
1400 1500 1529 1569 ὑμῖν
1552 1501 1678 1562 τοὺς

127 1600 323 1672 ἐχθροὺς
371 1594 529 1667 ὑμῶν
572 1592 836 1647 διασῶσαι
884 1593 1049 1663 ὑμᾶς.
1097 1590 1208 1646 Καὶ
1254 1590 1579 1659 λαλήσουσιν
1629 1592 1679 1645 oi

127 1690 443 1763 γραμματεῖς
474 1687 608 1759 πρὸς
626 1687 714 1739 τὸν
739 1686 889 1747 λαὸν,
907 1685 1191 1753 λέγοντες
1217 1684 1314 1748 Τίς
1334 1685 1365 1736 ὁ
1392 1683 1679 1756 ἅνθρωπος

126 1780 499 1851 ὁοίκοδομήσας
521 1778 699 1832 οίκίαν
732 1779 946 1848 καινὴν.
980 1778 1077 1829 καὶ
1104 1777 1205 1830 οὑκ
1228 1777 1562 1830 ἐνεκαίνισεν
1582 1777 1678 1831 αὑ-

124 1876 237 1944 τὴν;
271 1869 588 1941 Πορευέσθω
627 1870 723 1921 καὶ⁸
773 1868 1180 1938 ἀποστραφήτω
1218 1868 1299 1930 εἰς
1343 1866 1445 1937 τὴν
1497 1866 1676 1921 οἰκίαν

124 1959 284 2022 αὐτοῦ,
332 1960 403 2030 μὴ
451 1958 701 2031 ἀποθάνῃ
742 1959 800 2010 ὲν
850 1957 928 2028 τῷ
973 1958 1217 2028 πολέμῳ,
1257 1957 1353 2010 καλ⁸
1389 1957 1675 2028 ἄνθρωπος

123 2057 283 2123 ἔτερος
309 2054 576 2119 ὲγκαινιεῖ
605 2051 793 2120 αὐτὴν.
846 2049 961 2104 Καὶ
1005 2050 1090 2113 τίς
1125 2052 1154 2102 6
1201 2046 1486 2121 ἄνθρωπος
1527 2052 1679 2113 ὅστις

123 2146 385 2213 ἐφύτευσεν
409 2144 734 2215 ἀμπελῶνα,
773 2144 867 2196 καὶ.
903 2143 1003 2195 οὐκ
1035 2142 1313 2213 εὐφράνθη
1345 2142 1439 2195 ἀπ’
1471 2142 1673 2207 alb-.013;

122 2234 415 2306 Πορευέσθω
457 2233 555 2288 καὶ
585 2235 991 2305 ἀποστραφήτω
1025 2235 1107 2296 είς
1136 2234 1237 2306 τὴν
1270 2234 1449 2288 οἰκίαν
1482 2235 1671 2299 αὐτοῦ,

126 2328 187 2398 μὴ
224 2326 456 2396 ἀποθάνῃ
495 2327 553 2377 ὲν
594 2324 673 2393 τῷ
712 2325 956 2395 πολέμῳ,
1008 2326 1104 2378 καὶ
1156 2325 1442 2396 ἄνθρωπος
1490 2327 1677 2397 ἕτερος

122 2414 528 2487 εὐφρανθήσεται
557 2413 617 2478 ἐξ
644 2411 829 2467 αὐτοῦ.
876 2415 987 2467 Καὶ
1013 2415 1097 2477 τίς
1134 2416 1162 2468 6
1208 2414 1495 2485 ἄνθρωπος
1529 2415 1677 2479 ὅστις

125 2508 509 2577 μεμνήστευται
538 2508 795 2572 γυναῖκα,
832 2506 925 2558 καὶ
965 2506 1065 2559 οὐκ
1097 2504 1291 2560 ἐλαϐεν
1327 2505 1530 2578 αὖτήνς
1571 2506 1678 2560 Πο-

124 2597 338 2665 petatan
366 2598 461 2649 καὶ
493 2597 906 2667 ἀποστραφήτω
935 2599 1015 2660 εις
1039 2597 1137 2668 τὴν
1174 2597 1350 2651 οἰκίαν
1378 2596 1566 2661 αὐτοῦ,
1604 2597 1679 2668 μὴ

120 2688 339 2759 ἀποθάνῃ
364 2690 423 2740 ὲν
443 2687 526 2757 τῷ
553 2688 794 2758 πολέμῳ,
820 2689 914 2743 καὶ
930 2688 1026 2742 ἀνθ
1036 2704 1217 2760 ρωπος
1241 2689 1430 2761 ἕτερος
1447 2688 1681 2759 λήψεται

118 2781 287 2852 ωὗτήν.
305 2781 413 2834 Καὶ
431 2778 839 2850 προσθήσουσιν
858 2782 907 2834 οί
933 2784 1282 2851 γραμματεῖς
1294 2780 1523 2851 λαλῆσαι
1545 2783 1681 2853 πρὸς

1779 582 1986 638 bellum
2020 583 2283 639 adversus
2319 582 2506 638 hostes
2530 591 2676 648 tuos,
2721 592 2777 639 et
2812 584 3024 642 videris
3048 602 3273 657 equum,
3301 598 3359 643 et

1779 691 2147 741 ascensorem,
2176 686 2233 731 et
2257 677 2518 747 populum
2552 676 2815 747 majorem
2842 687 2917 744 te,
2947 696 3016 735 ne
3059 680 3254 735 timeas
3287 681 3357 735 ab

1780 766 1935 837 ipsis,
1960 767 2089 837 quia
2130 767 2397 822 Dominus
2424 768 2569 822 Deus
2615 776 2743 823 tuus
2789 776 2971 825 tecum
3012 780 3117 835 est,
3148 771 3242 841 qui
3273 786 3359 825 as—

1780 854 2014 911 cendere
2056 864 2108 910 te
2150 855 2278 911 fecit
2306 856 2374 910 de
2419 865 2564 911 terra
2613 855 2831 929 Egypti
2882 877 2894 912 :
2945 869 3001 914 et
3051 862 3175 925 erit,
3231 877 3357 915 cum

1779 949 2304 1018 appropinquaveris
2326 948 2393 1002 ad
2421 948 2629 1003 bellum
2656 991 2669 1014 ,
2705 960 2763 1005 et
2809 951 3064 1008 sacerdos
3093 954 3379 1009 accedens

1779 1041 2041 1109 loquetur
2088 1039 2155 1092 ad
2203 1039 2491 1110 populum,
2538 1049 2597 1095 et
2651 1039 2800 1096 dicet
2850 1042 2919 1097 ad
2959 1057 3055 1098 eos
3104 1062 3115 1097 :
3175 1044 3357 1109 Audi,

1780 1133 1969 1196 Israel,
2019 1148 2118 1186 vos
2148 1131 2447 1203 proceditis
2497 1132 2663 1188 hodie
2722 1134 2789 1191 ad
2839 1135 3045 1191 bellum
3094 1138 3362 1193 adversus

1780 1223 1969 1280 hostes
1992 1234 2225 1289 vestros,
2261 1234 2331 1278 ne
2359 1224 2692 1279 dissolvatur
2718 1242 2815 1282 cor
2836 1236 3100 1294 vestrum,
3142 1245 3210 1284 ne
3241 1230 3360 1283 for-

1780 1314 2019 1376 midetis,
2071 1330 2248 1385 neque
2310 1315 2692 1380 conteramini,
2762 1333 2941 1387 neque
2997 1319 3285 1375 deelinetis
3330 1336 3377 1374 ar

1781 1405 1919 1461 facie
1946 1410 2315 1478 eorum,quia
2338 1408 2603 1463 Dominus
2639 1408 2785 1464 Deus
2830 1418 3037 1476 vester,
3083 1412 3177 1481 qui
3229 1427 3361 1481 pro-

1781 1499 1927 1553 cedit
1957 1500 2263 1564 vobiscum,
2287 1500 2587 1557 debellahit
2605 1503 2892 1559 vobiscum
2916 1504 3103 1559 hostes
3126 1514 3360 1567 vestros,

1780 1601 1837 1647 et
1865 1593 2094 1648 salvabit
2133 1608 2249 1648 vos.
2292 1593 2359 1648 Et
2397 1594 2698 1665 loquentur
2750 1596 2945 1651 scriba:
2976 1596 3362 1667 ad'populum,

1782 1683 2029 1739 dicentes
2069 1703 2081 1738 :
2148 1684 2282 1751 Quis
2327 1694 2412 1740 est
2454 1686 2618 1741 homo
2662 1687 2755 1757 qui
2812 1687 3102 1742 tediﬁcavit
3140 1687 3365 1743 domum

1782 1790 1999 1840 novam,
2037 1784 2094 1831 et
2134 1792 2242 1832 non
2267 1774 2541 1833 dedicavit
2573 1778 2727 1833 eam?
2756 1777 2930 1833 Vadat
2968 1786 3024 1832 et
3061 1784 3367 1832 revertatur

1782 1866 1837 1918 in
1869 1865 2091 1921 domum
2136 1884 2312 1933 suam,
2336 1885 2403 1924 ne
2445 1869 2583 1925 forte
2598 1870 2867 1925 moriatur
2892 1869 2945 1924 in
2962 1868 3127 1933 bello,
3150 1880 3204 1925 et
3225 1870 3366 1924 alius

1782 1959 1946 2014 homo
1964 1960 2183 2016 dedicet
2198 1976 2339 2021 eant.
2359 1962 2425 2017 Et
2440 1964 2564 2033 quis
2583 1972 2665 2018 est
2686 1964 2871 2027 homo,
2893 1962 2985 2033 qui
3008 1964 3271 2033 plantavit
3288 1964 3381 2018 vi—r

1783 2064 1961 2117 neam,
1985 2063 2039 2107 et
2055 2069 2159 2107 non
2178 2064 2259 2108 est
2282 2054 2585 2109 lzetitieatus
2606 2055 2674 2110 ab
2697 2055 3045 2110 ea?Vadatet
3061 2066 3368 2111 revertatur

1782 2143 1837 2196 in
1864 2142 2087 2197 domum
2118 2160 2291 2210 suam,
2320 2161 2387 2199 ne
2406 2145 2671 2200 moriatur
2691 2146 2745 2200 in
2762 2140 2926 2211 bello,
2954 2152 3011 2200 et
3041 2146 3182 2201 alius
3201 2145 3367 2200 homo

1783 2231 2092 2287 laetiﬂcetur
2119 2234 2191 2289 ab
2224 2250 2307 2289 ea.
2346 2235 2415 2290 Et
2451 2237 2575 2305 quis
2612 2245 2695 2291 est
2732 2236 2919 2301 homo,
2953 2236 3045 2307 qui
3077 2236 3368 2307 despondit

1784 2339 2031 2390 uxorem,
2064 2336 2120 2383 et
2140 2342 2247 2382 non
2271 2329 2481 2398 accepit
2501 2345 2619 2383 eam
2640 2330 2665 2382 ?
2684 2329 2856 2383 Vadat
2887 2336 2943 2383 et
2971 2337 3278 2384 revertatur
3308 2329 3369 2384 in

1783 2413 2006 2471 domum
2045 2434 2221 2483 suam,
2258 2436 2326 2474 ne
2361 2420 2627 2475 moriatur
2664 2422 2721 2473 in
2752 2420 2918 2484 bello,
2950 2428 3005 2475 et
3039 2419 3178 2474 alius
3202 2418 3379 2473 homo

1783 2509 2017 2579 accipiat
2036 2525 2175 2565 eam.
2210 2511 2277 2566 Et
2299 2512 2555 2583 adjicient
2588 2512 2784 2566 scribae
2803 2511 2954 2582 loqui
2974 2509 3041 2566 ad
3078 2510 3365 2581 populum,

1784 2608 1839 2653 et
1860 2599 2046 2655 dicent
2080 2601 2257 2668 :Quis
2276 2612 2359 2657 est
2397 2604 2561 2657 homo
2592 2602 2817 2657 timidus
2859 2610 2916 2655 et
2974 2600 3367 2655 formidolosus

1780 2693 1945 2749 corde
1987 2694 2216 2750 ?Vadat
2267 2706 2323 2751 et
2363 2705 2668 2750 revertatur
2705 2696 2758 2749 in
2818 2694 3040 2749 domum
3080 2709 3255 2757 suam,
3296 2708 3368 2748 ne

1786 2785 1980 2840 timere
2013 2784 2175 2840 faciat
2214 2802 2308 2841 cor
2349 2786 2534 2841 fratris
2572 2787 2677 2850 sui,
2723 2795 2781 2839 ut
2809 2802 2966 2841 suum
3018 2786 3189 2855 ipsius
3229 2783 3294 2837 ⁷⁸.
3341 2804 3358 2836 ι

119 2873 199 2925 τὲν
217 2872 358 2937 λαὸν,
420 2874 527 2927 καὶ
580 2872 785 2944 ἐροῦσι·
821 2872 918 2935 Τίς
953 2871 982 2925 6
1024 2872 1312 2943 ἄνθρωπος
1352 2874 1381 2925 6
1415 2872 1750 2943 φοσούμενος
1789 2875 1883 2928 καὶ
1922 2873 2094 2939 δειλὸς
2118 2879 2184 2947 τῇ
2233 2877 2464 2948 καρδίας
2496 2875 2816 2946 Πορευέσθω
2842 2875 2933 2927 καὶ
2960 2874 3379 2945 ἀποστραφήτω.

116 2969 183 3031 εἰς
204 2967 294 3039 τὴν
315 2968 499 3021 οἰκίαν
524 2966 712 3031 αὑτοῦ,
743 2968 832 3020 ἵνα
859 2967 935 3038 μὴ
957 2966 1198 3040 δειλιάνῃ
1224 2967 1322 3038 τὴν
1340 2967 1569 3039 καρδίαν
1586 2966 1680 3020 τοῦ
1718 2968 1949 3038 ἀδελφοῦ
1981 2969 2171 3034 αὐτοῦ,
2205 2969 2396 3042 ὥσπερ
2420 2973 2453 3041 ἡ
2475 2969 2665 3024 αὑτοῦ.
2701 2990 2720 3022 ι

172 3060 366 3134 ΠΑΛΛ.
411 3058 560 3112 Ἀλλ’
591 3061 672 3112 ὅτι
702 3060 805 3131 χρὴ
858 3059 956 3128 μὲν
992 3058 1402 3131 τεθαρρηκότας
1434 3060 1525 3112 ἐπὶ
1565 3057 1685 3129 Θεῷ

114 3151 415 3221 διαπρέπειν
438 3152 675 3222 ἀρεταῖς
702 3152 796 3204 καὶ
826 3152 963 3221 πρὸς
994 3152 1102 3205 πᾶν
1125 3150 1307 3204 ὁτιοῦν
1336 3150 1682 3219 ἀνδρίζεσθαι

116 3242 209 3295 τῶν
224 3242 466 3311 ἀγαθῶν,
502 3238 600 3296 καὶ
619 3242 780 3306 αὐτὸς
800 3242 912 3311 ἐγὼ
935 3243 1102 3314 φαίην
1123 3242 1210 3298 ἀν.
1237 3243 1684 3314 Ἀποπέμπονται

114 3336 161 3388 δὲ
177 3335 261 3389 τοῦ
281 3335 528 3407 πολέμου
543 3336 706 3399 τινὲς,
728 3336 805 3399 ὡς
825 3335 1211 3408 ἀνεπιτήδειοι,
1234 3334 1352 3398 πῶς
1371 3334 1538 3404 ἥτίνα
1560 3335 1686 3405 τρὸ-
1714 3378 1756 3436 C

116 3442 203 3478 πον
223 3427 319 3479 οὐκ
354 3427 467 3495 ἔχω
502 3426 715 3496 μαθεῖν.

174 3520 411 3573 ΚΥΡ.’Ὴ
452 3519 561 3572 οῦκ
591 3515 745 3572 οἶσθα
793 3520 875 3571 ὅτι
906 3520 1004 3571 οὐκ
1042 3518 1107 3571 ἂν
1162 3516 1447 3587 εὐδόκιμος
1480 3517 1688 3581 γένοιτο

115 3611 245 3680 παρὰ
276 3611 419 3681 Θεῷ,
457 3610 581 3664 ἀλλ’
610 3609 722 3664 οὐδ’
751 3612 818 3665 ἂν
842 3610 1016 3664 ἕλοιτὸ
1043 3627 1128 3673 τις
1156 3609 1284 3671 τοὺς
1313 3608 1453 3678 ὑπὲρ
1481 3608 1583 3678 τῆς
1609 3610 1688 3672 είς

113 3701 259 3755 αὑτὸν
287 3702 587 3764 εὐσεϐείας
620 3700 917 3771 ἀνατλῆναι
948 3701 1166 3761 πόνους,
1204 3700 1252 3752 εί
1287 3698 1362 3769 μὴ
1395 3698 1689 3769 παροικίαν

114 3794 279 3861 ἠγεῖτο
325 3792 426 3863 τὴν
461 3794 532 3845 ὲν
564 3791 701 3861 τῷδε
748 3791 829 3860 τῷ
872 3790 1062 3859 κόσμῳ
1094 3788 1276 3859 ζωήνς
1323 3790 1502 3859 Ὅπερ
1558 3789 1689 3857 ἡμῖν

114 3884 290 3949 ἄριστά
320 3901 381 3937 τε
430 3884 534 3937 καὶ
577 3882 841 3953 ἐναργῶς,
873 3881 945 3944 ὼς
973 3882 1031 3933 ἐν
1060 3881 1227 3935 εἰκόνι
1260 3880 1354 3933 καὶ
1383 3879 1595 3945 τύποις,
1632 3880 1691 3931 ὲν

115 3978 219 4039 ταῖς
248 3976 355 4030 τῶν
385 3977 572 4044 ἁγίων
615 3975 891 4046 ἐγράτετο
937 3972 1254 4036 πολιτείαις.
1297 3971 1550 4044 Παρῴκει
1593 3972 1691 4041 μὲν

116 4067 210 4139 γὰρ
248 4071 305 4122 ὲν
348 4071 588 4140 σκηναῖς
618 4068 651 4120 6
691 4067 981 4129 θεσπέσιος
1026 4064 1299 4136 Ἀϐραὰμ,
1344 4065 1438 4117 καὶ
1482 4064 1589 4124 τὴν
1629 4066 1692 4117 ἐκ

114 4160 276 4213 τόπων
317 4162 399 4224 εἰς
452 4160 662 4222 τόπους
703 4162 941 4212 ἐποιεῖτο
982 4158 1381 4237 παραδρομὴν
1416 4158 1513 4210 καὶ
1546 4157 1694 4220 ἀττας

114 4249 162 4303 δὲ
190 4253 322 4306 κατὰ
361 4252 467 4323 τὴν
504 4250 717 4322 ἔρημον
747 4252 776 4302 6
820 4232 1038 4320 Ἰσραὴλ
1081 4251 1281 4319 συχνὰς
1329 4250 1564 4301 ἐποιεῖτο
1595 4248 1694 4311 τὰς

112 4341 391 4412 ἀπάρσεις,
428 4343 533 4395 καὶ
562 4341 888 4411 κατῴκηκεν
921 4342 978 4392 ὲν
1011 4342 1257 4409 σκηναῖς.
1305 4339 1695 4410 Ἐπισεμνύνε-

1861 3059 2056 3114 PALL.
2094 3060 2259 3130 Atqui
2281 3072 2534 3132 oportere
2558 3060 2652 3113 Dei
2679 3058 2883 3113 auxilio
2908 3057 3079 3113 fretos
3099 3055 3383 3113 excellere,

1789 3152 2105 3218 virtutibus,
2147 3162 2203 3208 et
2251 3154 2316 3208 ad
2356 3154 2540 3207 omnia
2598 3168 2719 3222 quae
2765 3159 2912 3205 recta
2972 3157 3101 3205 sunt
3143 3157 3376 3203 strenue-

1790 3244 1912 3309 niti,
1948 3245 2112 3300 etiam
2144 3246 2256 3315 ipse
2296 3244 2486 3300 fateor.
2528 3243 2813 3311 Quomodo
2858 3249 3041 3297 autem
3064 3238 3314 3294 nonnulli
3337 3253 3392 3297 at

1791 3335 1935 3389 bello
1960 3343 2213 3405 tanquam
2238 3334 2407 3404 inepti
2434 3334 2778 3404 rejic‘iantur,
2807 3347 2917 3386 non
2954 3328 3218 3401 intelligo.

1830 3519 1990 3599 149
2002 3519 2157 3574 CYR.
2180 3520 2261 3574 An
2290 3521 2505 3590 ignoras
2519 3520 2795 3574 neminem
2812 3517 2957 3588 apud
2977 3518 3150 3573 Deum
3176 3516 3389 3587 probam

1794 3618 1907 3663 tum
1930 3608 2063 3673 fore,
2094 3624 2271 3679 neque
2298 3626 2427 3664 vero
2441 3624 2597 3679 posse
2613 3620 2941 3679 quemquam
2956 3616 3221 3671 statuere,
3263 3605 3373 3661 sibi

1793 3716 1890 3769 pro
1906 3701 2107 3771 pietate
2133 3701 2344 3756 labores
2365 3718 2483 3757 esse
2510 3700 2841 3765 tolerandos,
2865 3699 2971 3755 nisi
2997 3699 3162 3770 hujus
3182 3696 3372 3752 mundi
3392 3726 3393 3729 η

1792 3794 1960 3847 vitam
1997 3793 2292 3848 incolatum
2318 3794 2624 3863 putaverit?
2640 3791 2797 3859 Quod
2835 3793 3014 3861 ipsum
3048 3789 3251 3861 optime
3275 3806 3395 3845 no-.

1796 3887 1880 3941 bis
1921 3896 2083 3957 atque
2133 3886 2547 3941 evidentissime
2588 3886 2644 3939 in
2714 3892 3031 3939 sanctorum
3084 3882 3397 3937 hominum,

1794 3977 2231 4040 conversatione,
2272 3982 2526 4045 tauquam
2545 3975 2602 4028 in
2636 3973 2871 4042 imagine
2905 3970 3202 4042 ﬁgurisque
3266 3971 3374 4026 de-

1794 4070 2059 4139 scriptum
2082 4076 2184 4123 est.
2228 4067 2360 4122 Nam
2391 4076 2447 4121 et
2485 4066 2570 4120 vir
2612 4062 2969 4119 admirandus
2998 4060 3273 4116 Abraham
3318 4061 3375 4116 in

1797 4159 2167 4213 tabernaculis
2198 4156 2613 4215 diversabatur,
2648 4164 2704 4209 et
2728 4170 2794 4208 ex
2831 4152 2968 4207 locis
3015 4151 3138 4207 aliis
3174 4151 3229 4205 in
3267 4151 3375 4205 alia

1795 4252 1915 4305 loca
1957 4250 2301 4321 demigrabat
2327 4267 2337 4301 :
2373 4257 2427 4302 et
2457 4246 2746 4301 universus
2771 4242 2938 4298 Israel
2966 4258 3066 4312 per
3093 4242 3375 4297 desertum

1798 4340 2115 4414 frequenter
2133 4340 2442 4396 mansiones
2464 4337 2730 4400 mutabat,
2755 4345 2918 4405 atque
2936 4336 2990 4389 in
3011 4332 3378 4389 tabernaculis

116 4448 192 4484 ται
222 4433 276 4486 δὲ
301 4435 486 4504 τούτῳ
518 4434 643 4486 λίαν
666 4433 758 4489 καὶ
777 4434 805 4485 6
833 4432 1121 4502 προφήτης
1145 4431 1331 4498 Δαϐιδ,
1350 4432 1493 4487 οὕτω
1520 4433 1683 4501 λέγωι

1800 4435 1990 4489 itidem
2039 4434 2357 4488 habitabat:
2399 4432 2596 4485 beatus
2640 4444 2771 4482 vero
2809 4427 2979 4482 David
3017 4424 3081 4481 ea
3118 4441 3177 4480 re
3210 4424 3379 4480 etiam

112 4526 233 4593 n96;
265 4528 356 4580 τὸν
385 4528 529 4580 Θεόν
551 4543 565 4555 ·
602 4545 621 4577 ι
661 4527 821 4587 Ἂνες
856 4540 968 4593 μοι,
1003 4524 1086 4576 ὅτι
1112 4524 1376 4594 πάροικος
1400 4528 1516 4595 εξμι
1549 4527 1606 4577 ὲν
1627 4529 1683 4596 τῇ

1799 4526 2157 4597 gloriabatur,
2173 4524 2252 4577 sic
2269 4523 2455 4577 dicens
2476 4520 2543 4575 ad
2556 4520 2847 4574 Dominum
2873 4536 2885 4571 :
2916 4538 2934 4569 ι
2958 4517 3197 4573 Remitte
3218 4516 3377 4581 mihi,

110 4622 171 4689 γῇ
219 4621 309 4674 καὶ
354 4620 801 4691 παρεπίδημος,
852 4615 1043 4679 καθὼς
1095 4617 1297 4681 πάντες
1348 4619 1399 4670 οὶ
1459 4620 1683 4690 πατέρες

1801 4617 1928 4688 quia
1973 4616 2181 4669 advena
2218 4629 2318 4683 ego
2349 4628 2467 4667 sum
2495 4611 2550 4665 in
2571 4619 2739 4673 terra,
2789 4617 2845 4662 ct
2869 4608 3198 4679 peregrinus
3237 4607 3383 4662 sicut

112 4730 222 4780 μου.
282 4733 303 4765 ι
383 4689 719 4782 Ἀπεδέχετο
789 4710 847 4763 δὲ
908 4709 1113 4781 σφόδρα
1174 4710 1275 4775 τὰς
1332 4711 1442 4765 ἀνω
1490 4689 1683 4782 μονὰς,

1801 4720 1993 4765 Omnes
2019 4715 2203 4777 patres
2235 4705 2341 4760 mei
2374 4705 2416 4736 ⁷¹
2457 4724 2469 4758 :
2503 4726 2521 4757 ι
2561 4689 2863 4773 Expetehat
2894 4702 3057 4757 etiam
3086 4700 3381 4755 vehemen—

110 4806 238 4859 οὕτω
266 4806 481 4875 λέγων·
554 4826 575 4856 ι
616 4805 707 4867 Ὡς
760 4802 1023 4873 ἀγαπητά
1064 4802 1134 4856 τὰ
1187 4803 1526 4875 σκηνώματα
1579 4822 1683 4858 σου,

1804 4812 1891 4859 ter
1947 4815 2216 4871 supernas
2264 4798 2384 4852 illas
2422 4796 2735 4851 mansiones
2773 4836 2786 4857 ,
2839 4809 2964 4849 cum
3008 4793 3087 4849 sic
3128 4792 3379 4847 diceret:

110 4904 275 4975 Κύριε
331 4903 447 4956 τῶν
502 4898 820 4970 δυνάμεωνί
870 4895 1156 4950 Ἐπιποθεῖ
1213 4896 1308 4950 καὶ
1369 4897 1608 4950 ἐκλείπει
1663 4899 1683 4949 i

1812 4916 1829 4945 ι
1868 4894 2039 4961 Quam
2063 4891 2261 4947 dilecta
2297 4889 2646 4946 tabernacula
2684 4896 2797 4951 tua,
2828 4886 3058 4941 Domine
3082 4883 3379 4938 virtutum!

106 4972 239 5067 Quir}
276 5014 380 5065 μου
424 4996 512 5058 είς
554 4993 653 5055 τὰς
686 4990 853 5052 αὐλὰς
886 4988 982 5043 τοῦ
1024 4987 1253 5060 Κυρίου.
1300 5008 1317 5039 ι
1348 4990 1605 5057 Φρονοῦσι
1634 4989 1683 5043 δῦ

1805 4985 2147 5055 concupiscit
2176 4993 2232 5039 et
2250 4983 2435 5037 deiicit
2458 4980 2637 5036 anima
2655 4992 2776 5033 mea
2799 4979 2853 5031 in
2870 4975 3008 5030 atria
3024 4972 3241 5028 Domini
3258 4974 3324 5027 ".
3358 4992 3377 5025 ι

108 5090 190 5147 οῦν
220 5097 268 5147 οἱ
297 5094 549 5148 τοιοῦτοι
575 5093 642 5145 τὰ
670 5091 803 5153 ἄνω,
841 5089 936 5142 καὶ
979 5088 1081 5152 τὰς
1112 5088 1170 5139 ὲν
1198 5087 1309 5148 τοῖς
1339 5085 1584 5156 οὐρανοῖς
1617 5083 1683 5135 διε

1806 5076 2088 5147 Ejusmodi
2132 5074 2403 5135 homines,
2459 5088 2580 5142 qua:
2621 5084 2839 5124 sursum
2886 5072 3014 5121 sunt
3054 5070 3294 5132 sapiunt,
3321 5079 3388 5118 ac

108 5185 243 5253 ψῶσι
277 5186 478 5258 μονὰς,
532 5183 599 5248 ἃς
647 5183 739 5236 καὶ
768 5181 927 5244 αὐτὸς
963 5181 991 5233 6
1025 5178 1213 5249 Σωτὴρ
1252 5178 1366 5239 τοῖς
1411 5173 1683 5243 ἀγαπῶσα

1810 5176 2132 5237 sitiunteas,
2159 5189 2279 5243 qum
2298 5172 2351 5225 in
2366 5171 2506 5226 coelo
2532 5176 2679 5230 sunt,
2700 5164 3032 5226 mansiones,
3057 5176 3195 5234 quas
3217 5160 3385 5215 etiam

108 5280 263 5333 αὐτὸν
313 5280 719 5349 ὑπισχνεῖται,
750 5273 955 5341 λέγων’
994 5289 1012 5322 ι
1052 5268 1385 5340 Πορεύομαι,
1434 5266 1525 5318 καὶ
1559 5267 1668 5317 ἑτοι

1812 5268 1929 5337 ipse
1972 5266 2221 5320 Salvator
2265 5260 2622 5333 diligentibus
2678 5272 2735 5311 se
2802 5254 3384 5325 pollicetur,dicens:

111 5371 261 5438 μάσω
293 5346 539 5425 163':ch
550 5371 661 5439 μῖν,
692 5368 786 5420 ml.
814 5365 979 5421 πάλιν
1008 5360 1143 5434 ἥξω,
1186 5362 1280 5415 καὶ
1310 5358 1681 5431 παραλήψομα

1822 5382 1837 5408 ι
1872 5357 2042 5421 Vade,
2066 5365 2122 5410 et
2158 5353 2474 5425 pneparaho
2508 5348 2665 5405 vobis
2706 5348 2917 5402 locum:
2947 5356 3004 5401 et
3052 5346 3251 5402 iterum
3291 5360 3407 5398 νος.

108 5463 243 5532 ὑμᾶς
292 5466 412 5533 μετ’
449 5459 724 5533 ἐμαυτοῦ,
767 5458 857 5512 ἵνα
901 5457 1035 5510 ὅπου
1079 5453 1195 5524 εἰμὶ
1242 5453 1374 5521 ἐγὼ,
1412 5452 1506 5504 καὶ⁴
1548 5450 1683 5521 ὑμεῖι

1816 5448 1984 5512 niam,
2016 5454 2071 5500 et
2086 5458 2359 5501 assumam
2392 5456 2489 5495 vos
2512 5453 2755 5502 mecum,
2801 5445 2861 5491 ut
2902 5435 2997 5491 ubi
3036 5451 3137 5506 ego
3156 5450 3305 5499 sum,
3335 5440 3393 5488 ct

174 5604 218 5634 ⁷ο
254 5604 421 5659 Deut.
478 5620 578 5668 xx,
624 5604 650 5657 1
688 5618 838 5673 seqq.
948 5602 990 5633 τι
1020 5600 1161 5656 Psal.
1191 5614 1412 5663 xxxviii,
1445 5598 1531 5652 M.
1582 5638 1598 5661 ί
1646 5596 1692 5627 "
1721 5594 1863 5651 Psal.
1892 5592 2182 5656 Lxxxntﬂ.

178 5742 252 5811 (l)
288 5744 386 5800 Sic
437 5744 729 5801 habebant
775 5744 869 5801 alii
904 5740 1063 5800 codd.
1102 5751 1157 5796 et
1198 5740 1467 5816 impressa
1528 5735 1683 5795 Bibli:

178 5815 533 5870 nturbcmini.

1788 5742 1836 5791 et
1873 5732 2060 5808 Cyrilli
2122 5729 2293 5786 codex
2325 5726 2640 5791 Vaticanus,
2678 5723 2811 5796 μηδὲ
2839 5718 3193 5793 ταράττεσθε,
3229 5731 3397 5787 neque

111 5816 533 5871 conturbemini.
