3998 6502
626 328 729 386 371

1620 331 1677 385 s.
1717 330 1991 385 eruum
2031 330 2499 386 ALEXANDle
2536 314 2853 387 ARCHIEP;
3763 306 3861 383 δη·

630 467 730 508 vos
755 452 830 507 ibi
847 467 1058 507 mecum
1086 452 1205 507 sitis
1229 453 1291 505 ⁷³.
1322 474 1336 502 ι
1371 453 1500 521 Ejus
1530 451 1696 518 igitur
1751 452 1845 520 qui
1873 461 2193 521 praesentem

2299 453 2415 504 ἐκεῖ
2443 453 2563 522 μετ’
2595 455 2731 523 ἐμοῦ
2759 449 2879 524 ἦτε.
2926 472 2943 503 ι
2976 450 3155 514 Τύπος
3176 446 3271 504 οὖν
3300 450 3429 521 ἄρα,
3454 448 3546 501 τοῦ
3582 448 3849 517 rte-potum

632 545 798 597 vitam
826 544 1119 598 iucolatum
1147 530 1339 613 putare
1372 560 1481 596 non
1514 544 1747 598 sustinet
1807 543 2033 613 ﬁguram
2061 543 2199 613 gerit

633 635 725 690 ille
774 635 867 704 qui
901 636 1121 689 domum
1148 635 1398 699 aediﬁcat,
1439 635 1573 689 etin
1607 636 1711 690 hoc
1752 651 1890 704 opus
1922 636 2199 690 studiosus

632 723 902 778 incumbit
935 743 945 777 :
981 724 1164 792 cupidi
1199 733 1378 778 autem
1409 725 1649 779 hominis
1705 733 1762 779 et
1795 726 1967 790 avari,
1998 726 2045 779 is
2101 726 2197 795 qui

631 814 844 868 vincant
877 814 1085 883 plantat
1125 832 1137 866 :
1170 814 1263 883 qui
1300 830 1431 868 vero
1463 814 1789 869 feminarum
1826 816 1995 871 amori
2041 818 2195 873 dedi-

631 914 719 960 tus
744 905 929 969 fuerit,
970 914 1025 960 et
1053 906 1425 977 voluptatibus
1448 917 1764 972 enervatus,
1789 902 2198 977 quique‘carnis

627 997 1091 1066 concupiscentiis
1124 997 1367 1052 animum
1396 999 1705 1063 tradiderit,
1730 1014 1855 1053 eum
1890 1000 2198 1069 signiﬁcare

626 1096 806 1159 potest
837 1089 929 1143 ille
974 1090 1068 1158 qui
1102 1089 1168 1144 ad
1192 1074 1646 1159 deSpondendum
1680 1107 1905 1146 uxorem
1947 1092 2193 1146 accessit.

626 1177 814 1248 Itaque
849 1179 1102 1234 militaris
1130 1181 1400 1249 praeconis
1432 1196 1561 1235 voce
1591 1197 1658 1235 ex
1704 1181 1793 1236 illa
1856 1197 2008 1236 sacra
2044 1190 2099 1236 et
2130 1182 2197 1235 ad

627 1284 865 1339 pugnam
905 1270 1182 1339 aptissima
1239 1272 1463 1326 cohorte
1502 1273 1785 1327 recedunt.
1836 1272 1967 1339 Qua:
2016 1283 2196 1327 autem

626 1361 924 1416 verisimile
969 1371 1088 1417 erat
1134 1378 1229 1417 eos
1291 1364 1385 1433 qui
1425 1364 1691 1435 ejusmodi
1741 1364 1891 1419 vitiis
1937 1365 2196 1433 implicati

627 1462 835 1518 essent,
859 1454 1178 1524 etcogitare
1210 1464 1265 1509 et
1306 1456 1510 1521 dicere,
1554 1471 1619 1509 ea
1665 1472 1843 1525 praeco
1888 1457 2041 1526 prius
2084 1458 2195 1512 cla-

627 1544 831 1599 mabat.
865 1547 948 1600 An
975 1562 1105 1601 vero
1129 1548 1315 1617 negari
1334 1556 1533 1618 potest,
1565 1548 1699 1619 quin
1726 1549 1763 1602 ii
1823 1549 1916 1618 qui
1957 1550 2195 1619 ejusmo-

626 1633 684 1688 di
712 1635 862 1690 vitiis
892 1636 1165 1702 laborant,
1194 1638 1431 1693 libenter
1464 1639 1519 1692 in
1549 1639 2025 1708 persecutionibus
2042 1654 2197 1692 vaca-

626 1727 834 1783 tionem
876 1742 908 1783 a
939 1728 1223 1784 laboribus
1269 1731 1700 1800 amplectantur,
1736 1746 1839 1784 nec
1886 1731 2062 1785 studia
2107 1746 2195 1783 se-

622 1827 885 1889 quantur,
913 1835 1035 1889 quae
1076 1835 1177 1893 pro
1216 1820 1311 1879 Dei
1353 1821 1618 1874 charitate
1654 1819 2001 1889 suscipienda
2043 1828 2192 1883 sunt,

621 1909 754 1964 dum
778 1909 1038 1980 cogitant,
1076 1927 1134 1965 se
1166 1911 1221 1964 in
1246 1926 1312 1965 eo
1337 1912 1655 1975 certamine,
1688 1911 1733 1965 si
1757 1911 1888 1981 quid
1922 1912 2034 1981 pati
2059 1928 2193 1965 con—

620 2000 823 2071 tigerit,
852 2001 1062 2066 domos,
1099 2002 1470 2073 possessiones
1511 2012 1566 2057 et
1611 2002 2056 2057 charissimarum
2110 2018 2197 2057 re-

619 2108 743 2145 rum
772 2091 985 2149 fructus
1009 2108 1128 2147 esse
1156 2094 1483 2149 amissuros?
1506 2094 1582 2148 Ex
1613 2110 1720 2163 quo
1753 2094 1813 2147 ﬁt
1883 2103 1943 2147 ut
2004 2094 2196 2147 formi-

618 2180 794 2235 dolosi
850 2190 906 2237 et
930 2182 1110 2253 ignavi
1133 2184 1634 2253 deprehendantur.
1682 2184 1813 2250 Quae
1859 2185 2023 2255 igitur
2062 2201 2196 2239 con-

618 2276 943 2325 sentaneum
988 2281 1109 2326 erat
1149 2281 1210 2325 ut
1250 2273 1327 2326 illi
1377 2283 1433 2327 et
1481 2274 1771 2337 sentirent,
1831 2283 1888 2328 et
1928 2274 2194 2338 dicerent,

625 2360 784 2431 150
839 2363 1029 2417 eadem
1098 2364 1279 2418 scriba
1335 2364 1698 2433 praedicabat,
1740 2364 1981 2434 obliquis
2027 2365 2197 2419 veluti

622 2453 1168 2526 reprehensionibus,
1236 2464 1292 2509 et
1336 2455 1524 2511 facetis
1569 2455 2083 2526 exprobrationibus
2122 2456 2199 2509 fe-

621 2542 771 2599 riens
803 2543 1058 2615 ignavum
1092 2546 1390 2609 hominem,
1422 2555 1774 2601 excusantem
1817 2547 2199 2605 excusationes

621 2637 679 2693 in
706 2638 964 2707 peccatis,
1004 2645 1061 2692 et
1090 2647 1346 2707 tanquam
1395 2653 1575 2691 escam
1607 2637 1898 2707 quamdam
1938 2654 2049 2692 sua:
2084 2637 2195 2691 for-

622 2728 818 2783 midini
862 2728 1167 2782 mundanas
1219 2729 1525 2797 voluptates
1575 2727 1943 2798 colligentem.
1989 2728 2193 2794 Quam-

622 2820 813 2875 obrem
836 2820 1001 2891 jussit
1024 2820 1170 2875 Deus
1195 2831 1253 2875 ut
1274 2828 1573 2887 extremam
1602 2835 1790 2881 vocem
1824 2821 1915 2884 ille
1948 2819 2198 2875 militaris

622 2926 800 2980 przeco
845 2921 1088 2982 apertam
1137 2924 1193 2968 et
1216 2913 1483 2979 detectam
1530 2915 1810 2977 emitteret
1840 2933 1853 2967 :
1882 2933 1899 2964 ι
1945 2915 2014 2970 Et
2063 2914 2199 2984 adji-

621 2999 785 3063 cient,
817 3000 1015 3071 inquit,
1054 3002 1257 3057 Scribaa
1292 3004 1442 3073 loqui
1480 3004 1546 3057 ad
1588 3005 1870 3074 populum,
1902 3014 1956 3059 et
1976 3005 2192 3061 dicent:

2305 542 2553 612 ἡγεῖσθαι
2589 544 2662 615 μὴ
2686 544 3015 615 ἀνεχομένου
3038 544 3139 613 τὴν
3161 541 3439 613 παροῦσαν
3460 540 3627 609 ζωὴν,
3644 540 3672 591 6
3701 539 3850 597 οἰκίαν

2302 632 2618 703 οἰκοδομῶν,
2659 635 2753 687 καὶ
2797 637 2918 697 ταῖς
2963 635 3094 704 περὶ
3124 632 3327 702 ταύτην
3356 630 3665 703 φιλεργίαις
3711 646 3850 681 σπου-

2301 724 2468 787 δαίως
2497 724 2811 795 ἐγκείμενος
2831 738 2846 753 ⁸
2869 724 2964 779 τοῦ
2984 724 3041 777 δὲ
3075 724 3468 793 φιλοκτήμονος
3496 722 3593 775 καὶ
3626 720 3850 790 φιλοκερ-

2298 816 2444 880 δοῦς,
2475 817 2504 868 6
2534 816 2832 884 ἀμπελῶνα
2859 814 3104 883 φυτεύων
3125 831 3138 844 ο
3162 815 3252 867 τὸν
3277 815 3335 868 δέ
3366 831 3430 881 γε
3465 812 3845 881 γυναικομανῆ,

2300 906 2393 958 καὶ
2430 904 2889 976 ἐκτεθρυμμένον,
2922 905 3016 956 καὶ
3033 906 3153 967 ταῖς
3179 907 3280 973 τῆς
3309 903 3513 972 σαρκὸς
3556 901 3847 969 ἐπιθυμίαις

2300 998 2548 1052 ἐπιδόντα
2587 999 2679 1051 τὸν
2727 998 2873 1058 νοῦν,
2928 997 3362 1067 κατασημήνειεν
3421 995 3486 1048 ἄν
3540 996 3569 1047 6
3616 994 3845 1061 γυναικδς

2303 1091 2571 1161 μνηστείᾳ
2604 1088 2866 1161 προσιών.
2893 1087 3182 1157 Τοιγάρτοι
3208 1088 3274 1156 τῇ
3302 1085 3398 1138 τοῦ
3428 1084 3846 1153 στρατοκήρυκος

2286 1174 2474 1256 ⁴φωνῇ,
2514 1185 2611 1253 τῆς
2650 1185 2800 1254 ἱερᾶς
2826 1183 2919 1236 καὶ
2950 1180 3343 1251 μαχιμωτάτης
3361 1175 3709 1246 ἀποχωροῦσι
3733 1174 3847 1242 πλη·

2300 1277 2444 1337 θύος.
2482 1276 2553 1327 ’Ἃ
2576 1275 2632 1327 δὲ
2668 1271 2736 1346 ἦν
2768 1273 2916 1335 εἰκὸς
2956 1274 3081 1333 τοὺς
3131 1270 3358 1323 τοιοῖσδε
3408 1267 3844 1335 συνειλημμένους

2299 1368 2526 1423 πάθεσιν
2579 1370 2779 1421 ἐννοεῖν
2806 1384 2868 1419 τε
2902 1365 2998 1418 καὶ
3031 1364 3230 1431 λέγειν,
3267 1359 3443 1414 ταῦτα
3484 1359 3551 1428 δὴ
3603 1358 3843 1425 φθάσαςὸ

2298 1461 2475 1533 κήρυξ
2505 1460 2791 1530 ἀνεφώνει.
2826 1459 2898 1511 Ἦ
2936 1458 3036 1510 οὐκ
3059 1454 3275 1524 ἀληθὲς,
3307 1453 3382 1516 ὠς
3412 1453 3526 1512 τοῖς
3554 1450 3623 1502 τὰ
3650 1448 3843 1502 τοιαῦτα

2298 1553 2476 1604 νοσεῖν
2504 1550 2746 1612 εἰωθόσι,
2772 1548 2925 1615 φίλον
2954 1563 3069 1608 πως
3089 1547 3146 1598 ἐν
3174 1543 3436 1612 διωγμοῖς
3456 1540 3519 1593 τὸ
3533 1539 3841 1609 ἀφερέπονον

2298 1645 2549 1713 ἀγαπᾷν,
2592 1644 2685 1697 καὶ
2730 1644 2850 1703 ταῖς
2894 1641 3035 1710 ὑπὲρ
3082 1638 3180 1707 τῆς
3213 1636 3295 1697 είς
3338 1634 3472 1686 Θεὸν
3522 1633 3736 1699 ἀγάπης
3780 1632 3839 1702 μὴ

2299 1734 2718 1790 κατακολουθεῖν
2747 1731 3035 1795 σπουδαῖς,
3074 1728 3384 1789 ἐννοοῦντας
3413 1727 3495 1778 ὃτι
3517 1725 3571 1777 εῖ
3593 1742 3646 1790 τι
3666 1726 3842 1791 γένοιτο

2298 1825 2491 1880 παθεῖν
2534 1823 2993 1895 ἀγωνιζομένους,
3039 1823 3203 1875 οἴκων
3234 1837 3294 1872 τε
3346 1818 3442 1872 καὶ
3474 1818 3736 1886 κτήσεων,
3766 1818 3842 1870 καὶ

2296 1920 2404 1973 τῶν
2457 1919 2607 1989 παρά
2651 1917 2803 1986 σφίσι
2839 1914 3223 1986 τετιμημένων
3271 1912 3633 1965 ἐκπίπτουσιν
3681 1909 3839 1962 ἐπιθυ.

2301 2011 2473 2083 μιῶν;
2524 2010 2774 2063 ἐντεῦθεν
2820 2007 2929 2078 γὰρ
2968 2008 3152 2067 αὐτοῖς
3194 2003 3482 2073 συμϐαίνει
3527 2002 3591 2053 τὸ
3622 2000 3840 2069 ἀτολμω-

2296 2105 2492 2167 τάτους
2515 2101 2742 2175 ὁρᾶσθαι
2770 2101 2862 2155 καὶ
2883 2101 3147 2169 ἀγεννεῖς.
3170 2097 3347 2166 Ἀπερ
3372 2090 3467 2148 οὖν
3491 2093 3640 2156 εἰκὸς
3657 2096 3840 2162 φρονεῖν

2296 2216 2357 2252 τε
2397 2196 2492 2251 καὶ¹
2518 2196 2698 2264 λέγειν
2728 2192 2993 2254 ἐκείνους,
3028 2189 3201 2243 ταῦτα
3232 2187 3603 2256 διακέκραγεν
3643 2183 3672 2234 6
3691 2199 3839 2251 γραμ·

2302 2289 2523 2361 ματεὺς,
2553 2286 2800 2353 πλαγίοις
2818 2283 3006 2353 ὥσπερ
3038 2280 3281 2349 ἐλέγχοις
3308 2279 3404 2331 καὶ
3430 2276 3669 2337 ἀστείοις
3686 2274 3838 2327 ὀνειδι-

2300 2380 2459 2450 σμοῖς
2491 2374 2886 2445 καταπλήττων
2908 2372 2998 2425 τὸν
3024 2370 3247 2440 ἀγεννῆ,
3280 2370 3374 2423 καὶ
3399 2364 3835 2438 προφασιζόμενον

2298 2471 2570 2543 πρόφασιν
2598 2469 2657 2521 ἐν
2690 2466 3018 2528 ἀσθενείαις,
3048 2464 3145 2517 καὶ
3182 2462 3391 2534 τροφὴν
3423 2460 3615 2529 ὥσπερ
3643 2457 3753 2511 τινὰ
3782 2461 3832 2526 τῇ

2297 2559 2488 2630 δειλίᾳ,
2521 2556 2791 2628 κοσμικὰς
2836 2554 3025 2626 ἡδονὰς
3056 2551 3402 2619 συλλέγοντα.
3436 2550 3537 2603 Διά
3567 2548 3716 2602 τοῦτο
3754 2549 3832 2617 τὴν

2296 2648 2611 2704 τελευταίαν
2645 2645 2849 2716 φωνὴν,
2895 2645 3112 2715 γυμνήν
3165 2660 3226 2696 τε
3271 2642 3364 2695 καὶ
3407 2640 3831 2710 ἀπημφιεσμένην

2299 2740 2570 2795 ποιεῖσθαι
2596 2737 2930 2809 προστέταχε
2958 2736 3049 2789 τδν
3080 2735 3500 2805 στρατοκήρυκα
3521 2732 3670 2793 Θεός,
3698 2750 3712 2781 ι
3744 2730 3831 2783 Καὶ

2299 2832 2668 2904 προσθήσουσι
2712 2829 2844 2899 γὰρ,
2902 2828 3085 2897 φησὶν,
3134 2827 3183 2878 οἱ
3233 2824 3591 2896 Γραμμτεῖς
3641 2818 3831 2888 λαλῆσαι

2300 2926 2436 2997 πρὸς
2464 2925 2555 2978 τὸν
2579 2922 2725 2987 λαὸν,
2758 2922 2851 2974 καὶ
2875 2919 3111 2991 ἐροῦσιψ
3141 2919 3208 2972 Εἰ
3240 2934 3323 2980 τις
3354 2917 3642 2986 ἄνθρωπος
3667 2912 3830 2981 φοϐού-

2303 3035 2462 3089 μενος
2491 3016 2586 3077 καὶ
2616 3013 2790 3075 δειλὸς
2810 3013 2876 3081 τῇ
2911 3009 3128 3081 καρδίᾳ,
3165 3006 3484 3079 πορευέσθω
3510 3008 3589 3068 είς
3614 3004 3696 3057 τὸν
3712 2998 3830 3055 οἷκον

620 3091 676 3147 Si
712 3093 836 3161 quis
872 3102 956 3148 est
1001 3094 1166 3148 homo
1200 3094 1426 3149 timidus
1465 3105 1523 3154 et
1565 3094 1954 3151 formidolosus
2003 3097 2189 3162 corde,

2299 3106 2479 3172 αὑτοῦ,
2523 3106 2612 3159 ἵνα
2664 3103 2738 3174 μὴ
2795 3100 3033 3171 δειλιάνῃ
3079 3100 3179 3171 τὴν
3229 3096 3455 3168 καρδίαν
3498 3094 3593 3148 τοῦ
3638 3092 3830 3161 ἀδελφοῦ

620 3182 782 3236 vadat
805 3182 858 3237 in
876 3183 1098 3245 domum
1124 3201 1299 3251 suam,
1351 3202 1420 3241 ne
1447 3187 1639 3242 timere
1679 3187 1842 3244 faciat
1877 3205 1973 3244 cor
2010 3190 2197 3253 fratris

621 3274 730 3337 sui,
772 3274 916 3337 sicut
955 3291 1115 3347 suum
1164 3277 1334 3351 ipsius
1377 3277 1441 3331 ⁷⁸.
1516 3298 1533 3330 ι
1596 3280 1997 3350 Pr0pemodum
2049 3282 2196 3350 enim

624 3364 759 3418 illud
788 3364 970 3420 dicere
990 3365 1235 3421 videtur:
1256 3366 1358 3433 Qui
1386 3368 1441 3422 in
1472 3371 1707 3425 terrenis
1731 3372 1897 3427 rebus
1924 3373 2113 3435 haeret,
2143 3380 2199 3428 et

622 3455 816 3511 domos
846 3456 1098 3528 :edificat,
1123 3466 1176 3512 et
1216 3459 1424 3527 plantat
1473 3461 1681 3526 vineas,
1731 3471 1787 3516 et
1817 3465 1999 3520 carnis
2039 3465 2195 3519 volu-

622 3545 864 3615 ptatibus
909 3548 1182 3617 vincitur,
1226 3550 1450 3611 omnino
1499 3550 1886 3613 formidolosus
1937 3556 2093 3620 erit‘,
2142 3567 2200 3623 et

622 3636 862 3691 imbellis
892 3656 903 3690 :
932 3640 1199 3708 ejusmodi
1248 3650 1428 3696 autem
1463 3642 1627 3699 homo
1660 3660 1885 3713 prorsus
1920 3647 2196 3716 improba-

624 3737 735 3793 tur,
768 3737 823 3783 et
845 3731 1057 3784 caeteris
1085 3731 1345 3798 damnum
1372 3732 1523 3797 dabit
1558 3752 1571 3805 ;
1632 3722 1995 3807 corrumpunt
2050 3739 2197 3793 enim

624 3833 807 3885 mores
838 3818 1013 3873 bonos
1040 3820 1311 3889 colloquia
1342 3822 1480 3875 mala
1500 3824 1582 3890 ⁷⁵;
1631 3832 1687 3877 et
1738 3825 1829 3892 qui
1869 3834 2017 3879 metu
2038 3825 2197 3881 facile

623 3908 884 3972 vincitur,
912 3909 957 3981 is
982 3909 1146 3965 etiam
1172 3909 1369 3965 fortem
1404 3912 1678 3966 interdum
1716 3930 1778 3979 ac
1809 3917 1987 3987 magni
2030 3918 2198 3971 animi

624 3997 803 4050 virum
834 3996 901 4051 ad
940 3997 1208 4067 ignaviam
1254 4000 1540 4069 pertrahit.
1581 4002 1769 4071 Itaque
1801 4004 1967 4059 etiam
2006 4006 2199 4062 beatus

624 4087 827 4141 Paulus
865 4087 1114 4158 objurgat
1156 4091 1447 4144 nonnullos
1473 4131 1486 4153 ,
1536 4093 1630 4161 qui
1676 4093 1852 4162 ipsum
1903 4096 2198 4165 prohibere

622 4179 878 4233 volebant
928 4195 997 4233 ne
1055 4180 1375 4235 ascenderet
1399 4182 1807 4254 Hierosolyma;
1850 4186 1926 4240 ait
1974 4188 2118 4241 enim
2182 4208 2193 4242 :

629 4289 647 4320 ι
676 4269 815 4336 Quid
842 4269 1019 4325 facitis
1046 4270 1255 4335 ﬂentes,
1286 4279 1341 4325 et
1378 4272 1678 4343 aﬂligentes
1704 4290 1800 4330 cor
1832 4279 2051 4332 meum?
2084 4280 2198 4350 Ego

619 4361 766 4415 enim
816 4377 924 4415 non
975 4360 1151 4417 solum
1191 4361 1366 4433 ligari,
1422 4364 1517 4417 sed
1550 4374 1607 4418 et
1657 4367 1790 4420 mori
1817 4377 2041 4437 paratus
2072 4386 2194 4423 sum

2300 3197 2486 3262 αὐτοῦ,
2537 3195 2725 3264 ὥσπερ
2756 3192 2855 3265 τὴν
2896 3191 3084 3246 αὐτοῦ.
3132 3208 3151 3242 ι
3195 3187 3496 3257 Μονονουχὶ
3531 3186 3640 3261 γὰρ
3679 3184 3833 3252 σαφῶς

2299 3289 2472 3351 ἐκεῖνό
2493 3304 2655 3358 φησιν
2673 3304 2685 3317 ·
2730 3284 2787 3340 '0
2813 3287 2926 3347 τοῖς
2954 3284 3160 3353 γηῖνοις
3189 3280 3527 3350 ἐγκείμενος,
3558 3278 3649 3329 καὶ
3686 3276 3834 3338 οἰκίας

2297 3380 2617 3451 οἰκοδομῶν,
2644 3379 2740 3431 καὶ
2769 3374 3019 3444 φυτεύων
3049 3371 3366 3444 ἀμπελῶνα,
3398 3370 3497 3423 καὶ
3520 3370 3639 3431 ταῖς
3662 3369 3731 3429 εἰς
3758 3384 3834 3434 φι-

2297 3469 2593 3542 λοσαρκίαν
2630 3468 2843 3539 ἡδοναῖς
2897 3464 3229 3537 ἡττώμενος,
3268 3462 3436 3516 ἐσται
3488 3478 3593 3514 που
3651 3460 3838 3519 πάντως

2296 3564 2468 3627 δειλός
2506 3580 2565 3616 τε
2598 3561 2691 3615 καὶ⁷
2717 3559 2959 3626 ᾅναλκις·
2978 3556 3237 3627 ἀδόκιμος
3264 3554 3320 3608 δὲ
3344 3552 3627 3615 παντελῶς
3650 3554 3677 3605 6
3692 3550 3845 3603 τοιοῦ-

2298 3674 2407 3719 τος,
2434 3653 2687 3724 καὶπρὸς
2717 3650 2916 3721 ζημίας
2955 3648 3104 3701 ἔσται
3146 3650 3257 3711 τοῖς
3318 3646 3531 3709 ἄλλοις·
3590 3643 3843 3712 Φθείρουσι

2298 3746 2406 3815 γὰρ
2437 3743 2541 3813 ἢθη
2570 3741 2801 3812 χρηστὰ,
2825 3738 3031 3809 ὁμιλίαι
3053 3736 3239 3790 κακαί.
3269 3755 3287 3786 ι
3315 3734 3427 3788 Καὶ
3457 3732 3843 3802 καθέλκειιτρὸς

2298 3834 2581 3905 ἀνανδρίαν
2608 3831 2719 3885 ἔσθ’
2750 3833 2838 3885 ὅτε
2871 3830 2962 3883 τὸν
2985 3828 3210 3898 εὑσθενῆ
3239 3844 3300 3880 τε
3326 3824 3562 3895 εύψυχον
3592 3826 3620 3877 6
3645 3822 3843 3883 δειλίαις

2298 3926 2719 3987 εύαλωτότατος.
2769 3922 3058 4001 Τοιγάρτοι
3108 3920 3202 3973 καὶ
3246 3921 3275 3971 6
3326 3917 3615 3978 θεσπέσιος
3660 3913 3844 3975 Παῦλος

2298 4018 2535 4086 ἐπετίμα
2557 4016 2719 4080 τισὶν,
2748 4015 2797 4067 οἳ
2813 4012 3131 4079 διακωλύειν
3164 4013 3325 4066 αὑτὸν
3344 4012 3534 4081 ἤθελον
3563 4011 3846 4066 ἀναϐαίνειν

2298 4112 2378 4175 είς
2411 4108 2754 4180 Ἱεροσόλυμα
2779 4125 2792 4139 ο
2844 4108 2978 4177 φησὶ
3014 4106 3144 4176 γάρ·
3186 4124 3204 4155 ι
3253 4106 3317 4157 Τί
3352 4107 3566 4177 ποιεῖτε,
3597 4104 3845 4163 κλαίοντες

2298 4205 2395 4258 καὶ
2427 4199 2857 4272 συνθρύπτοντές
2900 4216 3001 4269 μου
3032 4198 3128 4268 τὴν
3173 4197 3434 4269 καρδίαν;
3476 4196 3619 4264 Ἐγὼ
3658 4197 3756 4264 γὰρ
3792 4195 3844 4245 οὐ

2301 4296 2461 4366 μόνον
2496 4293 2734 4363 δεθῆναι,
2762 4291 2900 4345 ἀλλά
2923 4291 3020 4353 καὶ
3035 4291 3326 4344 ἀποθανεῖν
3352 4290 3587 4359 ἑτοίμως
3608 4290 3711 4357 ἔχω
3730 4287 3848 4355 ὑπὲρ

2298 4384 2389 4437 τοῦ
2440 4384 2701 4453 ὀνόματος
2747 4380 2842 4445 τοῦ
2880 4381 3089 4452 Κυρίου
3121 4380 3278 4453 ἡμῶν
3321 4378 3499 4450 Ἰησοῦ
3554 4377 3798 4449 Χριστοῦ.
3826 4396 3843 4429 ο

620 4468 722 4522 pro
771 4453 990 4508 nomine
1026 4454 1240 4516 Domini
1287 4456 1462 4509 nostri
1504 4456 1633 4511 Jesu
1677 4457 1881 4514 Christi
1922 4461 1988 4513 ⁷⁸.
2030 4481 2048 4512 ι
2081 4462 2193 4515 No-

2304 4479 2377 4547 Ση
2388 4476 2645 4546 μειωτὲον
2667 4475 2725 4528 δὲ
2756 4474 2838 4527 ὅτι
2874 4473 2968 4527 καὶ
3007 4472 3117 4531 τῶν
3146 4472 3499 4542 κεκλημένων
3524 4472 3605 4535 είς
3631 4475 3749 4534 τοὺς
3768 4469 3849 4536 γά-

623 4543 848 4597 tandum
874 4544 1061 4610 etiam,
1087 4561 1278 4600 eorum
1341 4547 1434 4618 qui
1454 4548 1519 4601 ad
1539 4550 1757 4619 nuptias
1780 4552 1992 4607 invitati
2015 4564 2192 4620 erant,

624 4635 770 4688 hanc
797 4635 1203 4692 excusationem
1239 4637 1407 4692 fuisse
1450 4656 1461 4692 :
1497 4658 1514 4687 ι
1549 4640 1746 4694 Villam
1773 4644 1879 4696 emi
1908 4684 1921 4707 ,
1963 4661 2193 4699 uxorem

580 4782 581 4785 η
626 4723 778 4787 duxi,
805 4733 860 4777 et
888 4739 995 4778 non
1023 4740 1243 4794 possum
1278 4724 1463 4780 venire
1486 4728 1552 4780 ττ.
1598 4748 1613 4779 ι
1659 4730 1749 4785 Sic
1780 4733 1926 4787 enim
1954 4735 2007 4788 in
2029 4752 2195 4790 evan-

624 4816 814 4887 gelicis
846 4816 1122 4887 parabolis
1144 4827 1229 4871 est
1255 4819 1541 4894 scriptum.
1568 4821 1785 4877 Minime
1818 4841 1950 4880 vero
1974 4827 2195 4883 difficile

621 4916 725 4973 ost,
752 4923 782 4961 e
806 4907 1087 4971 veteribus
1113 4909 1396 4979 exemplis,
1422 4910 1467 4963 si
1497 4911 1570 4965 ita
1593 4912 1829 4980 videtur,
1857 4916 2019 4972 ﬁdem
2066 4920 2197 4975 huic

622 5000 701 5054 rei
747 5000 943 5055 facere.
1283 4986 1287 4990 ’

695 5092 890 5147 PALL.
925 5094 1021 5149 Dic
1056 5094 1221 5165 igitur
1240 5096 1355 5150 sine
1396 5096 1506 5151 ulla
1535 5100 1879 5157 cunctatione
1924 5119 1934 5154 :
1976 5102 2197 5165 utilissi-

626 5200 769 5239 mam
798 5188 946 5240 enim
971 5201 1085 5242 rem
1117 5186 1335 5241 feceris.

696 5278 851 5332 CYR.
895 5279 1064 5349 Igitur
1101 5279 1169 5334 ad
1220 5280 1369 5334 hunc
1418 5280 1640 5337 modum
1678 5278 1742 5335 in
1782 5283 2035 5355 Numeris
2068 5285 2197 5354 legi-

628 5379 789 5421 mus:
827 5384 843 5414 ‹
881 5365 949 5419 Et
991 5368 1233 5437 posthaec
1267 5369 1544 5438 profectus
1563 5381 1645 5424 est
1686 5373 1919 5443 populus
1964 5388 2030 5427 ex
2060 5373 2192 5428 Ase-

627 5458 770 5523 roth,
812 5466 868 5512 et
912 5462 1273 5518 castrametati
1317 5472 1441 5518 sunt
1483 5463 1539 5517 in
1586 5463 1806 5518 deserto
1854 5465 2087 5521 Pharan.
2135 5468 2203 5521 Et

626 5550 842 5608 locutus
873 5560 954 5606 est
978 5552 1239 5607 Dominus
1268 5555 1331 5608 ad
1375 5555 1592 5626 Moysen
1643 5556 1831 5612 dicens
1863 5577 1873 5609 :
1918 5559 2067 5612 Mitte
2104 5559 2199 5613 tibi

2307 4586 2441 4640 μους
2469 4571 2503 4637 ή
2539 4566 2867 4637 παραίτησις
2904 4561 2972 4636 ἦν
3016 4565 3098 4628 τὸ,
3150 4584 3168 4617 ι
3228 4565 3422 4634 Ἀγρὸν
3458 4566 3733 4635 ἠγόρασα,
3774 4565 3849 4616 καὶ

2303 4664 2531 4731 γυναῖκα
2548 4660 2751 4730 ἔγημα,
2772 4660 2866 4713 καὶ
2887 4659 2946 4712 ού
2973 4658 3206 4727 δύναμαι
3223 4657 3414 4711 ἐλθεῖν.
3432 4677 3449 4708 ι
3482 4658 3783 4729 Γέγραπται
3802 4656 3849 4709 δὲ

2301 4752 2473 4814 οὓτως
2504 4752 2561 4805 ἐν
2583 4749 2660 4820 τῷ
2690 4748 3011 4819 Εύαγγελίῳ
3034 4750 3127 4802 καὶ
3155 4750 3214 4801 ἐν
3234 4748 3592 4818 παραϐολαῖς.
3625 4746 3849 4802 Χαλεπὸν

2301 4844 2357 4897 δὲ
2383 4841 2499 4895 ούτι
2527 4858 2627 4895 που
2650 4842 2744 4894 καὶ
2770 4839 2840 4909 ἐξ,
2862 4840 3101 4910 ἀρχαίων
3143 4838 3628 4909 παραδειγμάτων,
3649 4838 3755 4906 εἴγε
3782 4854 3847 4889 σοι

2303 4934 2469 4999 δοκεῖ,
2492 4933 2590 5003 τὴν
2621 4932 2712 4984 ἐπὶ
2741 4931 2874 5002 τῷδε
2898 4930 3146 5001 δέχεσθαι
3168 4929 3372 4983 πίστιν.

2368 5109 2573 5162 ΠΛΛΛ.
2598 5103 2774 5176 Φράζε
2804 5104 2868 5179 δὴ
2888 5099 2999 5173 οὖν,
3028 5104 3296 5176 μελλήσας
3318 5103 3494 5158 οὐδέν’
3526 5104 3733 5175 ὀνήσεις
3757 5103 3849 5170 γὰρ

2301 5193 2438 5248 λίαν.

2371 5284 2533 5339 ΚΥΡ.
2562 5283 2770 5351 Οὐκοῦν
2825 5286 2897 5347 ὡς
2943 5287 2999 5353 ἐν
3046 5288 3156 5348 τοῖς
3211 5260 3486 5356 ’Δριθμοῖς
3524 5286 3844 5353 ἀνέγνωμεν

2309 5396 2326 5427 ι
2374 5378 2482 5431 Καὶ
2525 5376 2666 5446 μετά
2704 5377 2874 5430 ταῦτα
2907 5377 3098 5447 ἐξῆρεν
3136 5379 3165 5431 6
3214 5377 3340 5440 λαὸς
3373 5376 3431 5442 ἐξ
3472 5376 3730 5448 Ἀσηρὼθ,
3763 5372 3850 5426 καὶ

2302 5469 2666 5538 παρενέϐαλον
2711 5472 2769 5522 ἐν
2800 5472 2864 5539 τῇ
2917 5469 3109 5539 ἐρήμῳ
3149 5472 3214 5539 τῇ
3248 5470 3451 5540 Φαράν.
3501 5468 3608 5522 Καὶ
3636 5466 3847 5532 ἐλάλησε

2299 5561 2501 5632 Κύριος
2549 5559 2685 5630 πρὸς
2739 5559 2944 5630 Μωσῆν
3005 5560 3207 5629 λέγων·
3274 5560 3607 5615 ’Δπύστειλον
3651 5552 3851 5623 σεαυτῷ

696 5731 923 5786 "'Joan.
952 5746 1059 5798 κη’,
1089 5729 1142 5798 2,
1179 5732 1228 5785 5.
1306 5734 1351 5767 ⁷³
1379 5734 1555 5791 Ιιιᾶὶς.
1588 5756 1680 5805 τη,
1713 5740 1763 5791 Ei.
1842 5741 1883 5771 ⁷⁵
1916 5741 1934 5796 Ι
1990 5739 2111 5795 Cor.
2153 5758 2196 5793 κη

2299 5734 2365 5793 i3.
2444 5742 2488 5780 7"
2522 5741 2641 5798 Act.
2676 5758 2784 5808 χλι,
2826 5742 2909 5796 l3.
2988 5745 3027 5776 ⁷⁷
3060 5743 3192 5797 Luc.
3227 5759 3332 5809 λιν,
3360 5742 3442 5796 ΞΟ.
