3998 6502
135 331 235 385 573

868 334 954 390 DE
990 337 1434 395 ADORATIONE
1473 342 1537 396 ΙΝ
1580 342 1849 400 ΒΙῚΒΙΤΙ]
1891 346 1979 401 ΕΤ
2023 349 2385 407 \‘ERITATE.
2429 352 2556 408 LIB.
2600 355 2660 410 V.

3288 365 3407 419 571·

133 445 351 514 ἄνδρας,
388 443 480 497 καὶ
528 444 1068 515 Μτασκεψάσθωσαν
1101 447 1198 519 τὴν
1226 451 1331 520 γῆν
1359 452 1468 504 τῶν
1523 455 1697 506 Χανα-

1810 456 1978 521 viros,
2027 469 2084 513 et
2123 463 2411 531 explorent
2457 471 2656 520 terram
2706 466 3134 526 Chananatorum
3163 515 3176 538 ,
3227 491 3407 545 quam~

131 535 320 598 ναίων,
353 535 419 606 ἢν
449 534 559 604 ἐγὼ
581 535 775 606 δίδωμι
798 541 912 602 τοῖς
935 540 1071 604 υἱοῖς
1107 542 1324 612 Ἰσραὴλ
1355 546 1705 614 κατάσχεσιν,

129 627 299 698 ἄνδρα
334 627 593 686 ἕνακατᾶ
625 627 816 700 φυλὴν,
849 631 990 684 κατά
1023 633 1228 702 δήμους
1259 634 1505 706 πατριῶν
1530 636 1719 689 αὐτῶν·

128 719 450 782 ἀποστελεῖς
492 719 712 785 αὐτοὺς,
749 722 930 777 πάντα
977 725 1219 796 ἀρχηγὸν
1267 725 1327 790 ἐξ
1359 727 1559 782 αὐτῶν.
1599 729 1710 781 Kal

127 810 512 877 ἐξαπέστειλεν
541 812 738 876 αὐτοὺς
787 814 994 886 Μωσῆς
1029 819 1093 870 ὲκ
1142 817 1243 888 τῆς
1277 820 1486 890 ἐρήμου
1527 822 1708 892 Φαράν

127 903 208 962 διὰ
262 903 442 974 φωνῆς
493 903 738 974 Κυρίου,
800 907 1001 971 πάντες
1054 909 1244 980 ἄνδρες
1291 911 1526 982 ἀρχηγοὶ⁸
1575 915 1708 966 υίῶν

140 993 376 1063 Ἰσραήλ.
425 1012 444 1044 ι
501 994 1001 1066 Ἀπηριθμημένων
1037 998 1093 1052 δὲ
1122 1001 1263 1056 κατά
1298 993 1471 1070 φυλάς
1515 1021 1572 1056 τε
1613 1008 1708 1059 καὶ

127 1083 257 1154 γένη
292 1083 401 1140 τῶν
447 1085 962 1158 ὲξαπεσταλμένων,
1013 1091 1265 1164 ἐπιφέρει
1306 1094 1498 1147 πάλιν·
1541 1115 1558 1146 ι
1597 1097 1709 1151 Kal

127 1175 430 1240 ἀναϐάντες
472 1177 882 1248 κατεσκέψαντο
927 1181 1025 1252 τὴν
1053 1182 1161 1251 γῆν
1202 1185 1309 1239 ἀπὸ
1353 1189 1454 1257 τῆς
1500 1191 1705 1260 ἐρήμου

127 1269 238 1334 ἓν,
271 1269 377 1334 ἕως
413 1269 605 1336 Ῥοὼϐ,
649 1273 1122 1345 εἰσπορευομένων
1157 1277 1352 1349 Ἐμάθ.
1385 1300 1403 1332 ι
1442 1283 1552 1335 Καὶ
1591 1284 1706 1354 μεθ’

125 1363 288 1434 ἕτερα
307 1381 321 1394 ·
358 1366 499 1419 «Καὶ
525 1361 689 1437 ἦλθον
712 1367 818 1432 ἕως
844 1369 1130 1441 φάραγγος
1158 1374 1410 1446 Βότρυος,
1447 1379 1541 1433 καὶ
1572 1397 1706 1434 κατ-

129 1454 434 1524 εσκέψαντο
483 1457 676 1529 αὐτὴν,
714 1461 809 1514 καὶ
841 1461 1044 1531 ἔκοψαν
1105 1465 1315 1520 ἐκεῖθεν
1363 1467 1566 1539 κλῆμα,
1613 1474 1706 1527 καὶ

125 1541 322 1615 βότρυν
360 1547 636 1618 σταφυλῆς
667 1549 762 1603 ἕνα
807 1553 894 1605 ἐπ’
938 1553 1127 1617 αὑτοῦ,
1151 1557 1254 1611 ,καὶ
1281 1553 1423 1630 ἦραν
1448 1562 1580 1616 αὐτὸ
1619 1565 1706 1617 ἐπ’

122 1636 480 1707 ἀναφορεῦσι,
510 1640 604 1692 καὶ
625 1641 734 1694 ἀπὸ
750 1642 861 1695 τῶν
893 1645 1073 1714 ῥοιῶν,
1107 1647 1202 1700 καὶ
1224 1650 1332 1703 ἀπὸ
1351 1652 1459 1704 τῶν
1490 1655 1669 1708 σύκων
1687 1673 1702 1690 ⁸

123 1725 213 1784 καὶ
244 1727 340 1779 τὸν
374 1729 543 1782 τόπον.
565 1733 772 1786 ἐκεῖνον
800 1735 1188 1805 ἐπωνόμασαν,
1218 1739 1434 1810 φάραγξ
1453 1745 1702 1817 Βότρυος,

1812 563 1914 617 ego
1961 549 2032 604 do
2067 551 2196 606 ﬁliis
2228 553 2394 610 Israel
2433 555 2488 610 in
2529 559 2953 626 possessionem,
3005 563 3248 634 singulos
3294 583 3385 637 per

1811 637 2052 710 singulas
2119 643 2328 710 tribus;
2395 649 2697 704 secundum
2764 653 2995 722 populos
3059 655 3386 713 familiarum

1811 730 2056 799 ipsorum
2079 735 2266 790 mittes
2298 736 2440 803 illos,
2464 755 2682 796 omnem
2714 743 3014 815 principem
3038 761 3106 801 ex
3135 748 3286 819 ipsis.
3320 753 3388 806 Et

1809 821 1959 877 misit
1985 839 2082 880 eos
2113 827 2326 898 Moyses
2349 845 2414 884 ex
2453 831 2671 886 deserto
2700 835 2914 889 Pharan
2949 853 3048 906 per
3070 855 3256 895 vocem
3285 843 3388 896 Do-

1811 916 1980 983 mini;
2027 934 2223 974 omnes
2262 923 2366 978 viri
2425 925 2704 995 principes
2751 928 2986 984 ﬁliorum
3032 931 3193 988 lsrael
3243 935 3307 988 ".
3362 955 3379 986 ι

1810 1009 2037 1074 Deinde,
2073 1015 2377 1068 numeratis
2408 1015 2476 1070 iis
2510 1018 2601 1088 qui
2644 1020 2795 1074 missi
2819 1030 2965 1086 sunt,
3006 1039 3105 1093 per
3138 1026 3310 1081 tribus
3333 1038 3388 1082 et

1808 1115 2041 1170 genera,
2083 1104 2332 1176 adjungit
2374 1107 2571 1164 iterum
2619 1129 2631 1163 :
2675 1132 2692 1160 ‹
2725 1112 2947 1168 Etcum
2985 1117 3417 1186 ascendissent,_

1808 1191 2230 1259 exploraverunt
2281 1203 2476 1250 terram
2527 1197 2677 1268 151
2715 1215 2742 1254 a
2785 1200 3003 1258 deserto
3040 1204 3168 1270 Sin,
3212 1225 3410 1278 usque—

1809 1283 1985 1348 Roob,
2015 1287 2349 1354 intrantibus
2368 1292 2564 1346 Emath
2589 1293 2684 1346 τ’.»
2713 1295 2779 1348 Ει
2800 1305 2924 1366 post
2946 1301 3240 1354 nonnulla:
3274 1324 3289 1352 ι
3319 1303 3402 1356 Et-

1806 1389 2078 1432 venerunt
2101 1396 2269 1450 usque
2291 1382 2358 1436 ad
2391 1384 2587 1441 vallem
2613 1385 2780 1448 Botri,
2811 1396 2867 1441 et
2893 1389 3386 1446 consideraverunt

1807 1481 1946 1532 eam,
1985 1478 2040 1524 et
2093 1472 2448 1530 absciderunt
2489 1476 2616 1531 inde
2657 1479 2962 1546 palmitem,
3036 1491 3091 1536 et
3158 1483 3380 1537 botrum

1807 1571 1926 1610 uvae
1953 1573 2120 1612 unum
2143 1575 2308 1630 super
2338 1578 2487 1628 eum,
2529 1573 2584 1619 et
2607 1566 2951 1623 sustulerunt
2992 1570 3146 1624 illum
3200 1571 3253 1624 in
3287 1588 3382 1626 ve-

1807 1646 2010 1711 ctibus,
2060 1658 2115 1703 et
2167 1651 2234 1706 de
2279 1654 2685 1724 malogranatis,
2735 1664 2791 1711 et
2825 1658 2892 1713 de
2930 1659 3067 1726 ficis;
3087 1669 3143 1716 et
3200 1662 3382 1717 locum

1808 1737 1960 1792 illum
1983 1741 2399 1810 appellaverunt
2418 1747 2615 1800 vallem
2648 1747 2796 1802 Botri
2824 1790 2836 1811 ,
2867 1760 3092 1821 propter
3137 1752 3378 1816 botrum,

119 1819 202 1874 διὰ
252 1820 349 1874 τὸν
385 1823 600 1895 βότρυν,
634 1828 693 1880 ὃν
727 1828 928 1899 ἔκοψαν
973 1833 1178 1887 ἐκεῖθεν
1224 1806 1273 1888 οἱ
1301 1806 1430 1889 υἱοὶ-
1465 1806 1697 1907 Ἰσραὴλ,

1806 1845 1970 1898 quem
1999 1806 2356 1890 absciderunt
2387 1836 2514 1892 inde
2543 1838 2637 1892 ﬁlii
2679 1806 3199 1898 lsrael.-Et.reversi
3252 1854 3383 1899 sunt

119 1910 210 1964 καὶ
246 1913 600 1987 ἀπέστρεψαν
649 1921 859 1974 ἐκεῖθεν
910 1925 1385 1997 κατασκεψάμενοι
1432 1928 1530 1986 τὴν
1574 1929 1698 1998 γῆν,

120 2003 264 2072 μετᾴ
304 2010 713 2080 τεσσαράκοντα
740 2016 955 2087 ἡμέρας
977 2034 991 2048 ο
1018 2018 1112 2071 καὶ
1159 2019 1515 2090 πορευθέντες
1539 2018 1702 2092 ἦλθον

118 2096 258 2166 πρὸς
285 2099 492 2172 Μωσῆν
528 2103 622 2156 καὶ
669 2105 905 2176 Ἀαρὼν,
957 2109 1210 2179 καὶπρὸς
1238 2113 1422 2173 ,πᾶσαν
1455 2131 1698 2182 συναγω-

118 2185 218 2257 γὴν
247 2188 365 2242 τῶν
398 2192 530 2246 υἱῶν
570 2195 788 2267 Ἰσραὴλ
821 2200 903 2261 είς
929 2200 1030 2270 τὴν
1060 2199 1266 2271 ἔρημον
1292 2203 1474 2274 Φαράν
1496 2204 1696 2274 Κάδης.

118 2277 221 2333 Καὶ
251 2279 637 2353 ἀπεκρίθησαν
665 2286 854 2351 αὐτοῖς
880 2289 1054 2359 ῥῆμα,
1093 2292 1184 2344 καὶ
1202 2293 1350 2365 πάσῃ
1386 2300 1698 2367 συναγωγῇ,

115 2369 206 2421 καὶ
262 2370 474 2439 ἔδειξαν
503 2374 598 2430 τὸν
639 2379 852 2448 καρπὸν
905 2381 1004 2451 τῆς
1055 2383 1177 2452 γῆς,
1229 2384 1322 2438 καὶ
1373 2385 1702 2457 διηγήσαντο

115 2459 287 2531 αὐτῷ,
322 2463 418 2517 καὶ
445 2461 620 2520 εἷπον·
667 2469 938 2541 Ἧλθομεν
961 2474 1042 2535 εἰς
1078 2475 1177 2546 τὴν
1205 2477 1309 2546 γῆν
1339 2480 1418 2542 εἰς
1459 2480 1527 2549 ἦν
1588 2482 1698 2534 ἀπ-

115 2549 377 2618 έστειλας
406 2557 574 2626 ἡμᾶς,
593 2560 696 2630 γῆν
725 2562 956 2632 ῥέουσαν
971 2565 1111 2632 γάλα
1142 2568 1234 2620 καὶ
1264 2568 1404 2638 μέλι,
1429 2571 1521 2624 καὶ
1545 2567 1698 2636 οὗτος

112 2643 144 2696 ὁ.
169 2647 391 2716 καρπὸς
420 2649 610 2720 αὐτῆς.
651 2651 791 2708 Ἀλλ’
822 2653 854 2724 ἢ
887 2656 968 2708 ὅτι
993 2656 1166 2726 θρασὺ
1202 2658 1262 2712 τὸ
1296 2659 1447 2726 ἔθνος
1473 2663 1533 2715 τὸ
1561 2681 1697 2716 κατα

111 2733 294 2788 ακοῦν
332 2738 423 2790 ἐπ’
456 2740 647 2812 αὐτῆς,
693 2747 790 2797 καὶ
845 2747 1032 2810 πόλεις
1059 2747 1257 2820 ὀχυραὶ
1299 2754 1698 2822 τετειχισμέναι

113 2827 202 2879 καὶ
230 2829 472 2899 μεγάλαι
507 2833 732 2904 σφόδρα,
772 2836 867 2890 καὶ
893 2837 991 2908 τὴν
1018 2839 1210 2906 γενεὰν
1254 2841 1416 2896 Ἐνάκ
1443 2843 1696 2915 ἑωράκα-

115 2933 210 2987 μεν
249 2919 390 2972 ὲκεῑ.
425 2939 444 2972 ι
475 2923 671 2994 Συνίης
698 2926 850 2988 ὅπως
877 2929 926 2982 οἱ
949 2928 1240 3000 εὐπτόητοι
1261 2949 1320 2984 τε
1351 2934 1444 3003 καὶ
1471 2934 1700 3004 ἀτολμό-

113 3026 262 3062 τατοι
307 3011 420 3065 τῶν
452 3016 913 3088 κατεσκεμμένων
959 3019 1058 3090 τὴν
1094 3021 1198 3091 γῆν
1235 3021 1335 3092 τῆς
1367 3024 1698 3094 ἐπαγγελίας

1805 1921 1962 1985 inde,
1989 1933 2273 1994 postquam
2301 1929 2722 1998 exploraverunt
2750 1941 2973 1998 terram,
3005 1937 3379 2006 postquadra-

1803 2013 1950 2083 ginta
1975 2014 2114 2078 dies,
2133 2024 2189 2069 et
2206 2026 2694 2091 euntesvenerunt
2719 2023 2787 2078 ad
2807 2025 3026 2096 Moysen
3040 2025 3306 2088 et‘Aaron,
3325 2035 3381 2081 et

1773 2125 1780 2130 ·
1803 2105 1870 2158 ad
1897 2120 2117 2161 omnem
2147 2112 2623 2182 congregationem
2649 2113 2882 2170 filiorum
2907 2116 3070 2170 Israel
3114 2118 3168 2170 in
3196 2117 3380 2172 deser—
3410 2149 3412 2151 -

1800 2202 1916 2248 tum
1934 2195 2168 2262 Pharan,
2189 2197 2244 2251 in
2266 2199 2458 2254 Cades.
2482 2201 2551 2254 Et
2576 2203 2972 2272 responderunt
2997 2203 3104 2257 illis
3125 2203 3376 2266 verbum,

1799 2294 1864 2340 et-
1896 2287 2164 2344 universae
2217 2292 2660 2361 congregationi;
2714 2302 2770 2348 et
2827 2295 3189 2349 ostenderunt
3247 2295 3379 2365 ipsis

1798 2374 2039 2430 fructum
2075 2387 2257 2443 terra),
2304 2390 2361 2436 et
2395 2383 2866 2438 narraverunteis
2903 2383 3150 2440 dicentes
3181 2385 3380 2440 :Vcni-

1798 2482 1922 2521 mus
1957 2469 2010 2522 in
2048 2477 2248 2524 terram
2287 2486 2398 2540 quo
2456 2472 2653 2527 misisti
2701 2489 2823 2538 nos,
2867 2483 3067 2529 terram
3117 2475 3374 2530 ﬂuentem

1797 2557 1938 2612 lacte
1965 2570 2023 2613 et
2064 2561 2259 2627 melle;
2298 2571 2354 2623 et
2385 2563 2476 2616 hic
2517 2573 2602 2619 est
2644 2563 2855 2620 fructus
2890 2567 3011 2637 ejus
3048 2584 3061 2618 ε
3095 2567 3199 2622 nisi
3229 2568 3378 2636 quod

1797 2648 1975 2703 audax
2017 2659 2102 2706 est
2131 2667 2264 2722 gens
2315 2669 2437 2722 qua:
2469 2654 2680 2710 habitat
2708 2655 2764 2710 in
2791 2655 2926 2726 ipsa,
2964 2666 3021 2712 et
3046 2657 3213 2714 urbes
3252 2675 3377 2714 mu-

1799 2739 1946 2803 nitae,
1970 2748 2036 2795 et-
2054 2757 2264 2812 magna:
2286 2745 2675 2811 vehementer,
2709 2756 2765 2802 et
2805 2748 3033 2818 stirpem
3076 2749 3226 2804 Enae
3291 2751 3376 2804 vi-

1798 2829 1983 2885 dimus
2015 2831 2090 2886 ibi
2117 2833 2183 2887 ⁸⁰;
2227 2853 2244 2884 ι
2285 2834 2548 2908 lntelligis
2576 2837 2700 2892 illos
2727 2837 2946 2894 timidos
3002 2855 3066 2894 ac
3086 2841 3375 2897 meticulo-

1798 2934 1889 2974 sos
1932 2929 2092 2977 terrae
2137 2925 2519 2993 promissionis
2552 2927 2930 2996 exploratores
2965 2929 3254 2985 manifeste
3292 2947 3377 2987 re-

1797 3010 2014 3081 gionem
2039 3013 2187 3069 illam
2219 3016 2425 3072 vitibus
2468 3018 2713 3074 ferendis
2765 3029 2946 3090 aptam
2985 3036 3106 3076 esse
3131 3037 3194 3076 ac
3247 3023 3373 3093 pin-

113 3101 538 3176 ὡμολογήκασιν
567 3110 838 3181 ἐναργῶς,
860 3112 937 3176 ὡς
961 3113 1271 3184 εὺάμπελός
1295 3133 1355 3169 τε
1375 3117 1469 3170 καὶ
1495 3119 1634 3172 πίων
1661 3122 1695 3191 ὴ

1801 3119 1980 3172 guem,
2021 3114 2078 3160 et
2101 3109 2334 3163 maturis
2363 3108 2638 3166 fructibus
2683 3111 3054 3167 abundantem
3095 3112 3378 3170 confessos

113 3198 204 3265 γῆ,
241 3197 344 3251 καὶ
368 3203 600 3270 καρποῖς
621 3201 844 3272 ὡραίοις
873 3204 1176 3278 διαϐριθὴς,
1203 3209 1613 3279 παραπλέκουσι
1639 3213 1698 3266 δὲ

112 3287 327 3353 τούτοις
359 3290 428 3344 τὰ
456 3293 536 3356 είς
563 3293 790 3358 δειλίαν,
822 3295 996 3367 θρασὺ
1029 3298 1130 3368 μὲν
1155 3300 1218 3353 τὸ
1241 3300 1392 3365 ἔθνος
1423 3301 1483 3355 τὸ
1510 3318 1694 3356 κατοι-

113 3381 238 3435 κοῦν
267 3383 655 3454 ὀνομάζοντες,
697 3388 884 3454 πόλεις
921 3407 982 3443 τε
1010 3391 1216 3463 ὀχυρὰς
1240 3393 1334 3446 καὶ
1357 3397 1695 3466 τετειχισμέ-

114 3492 204 3538 νας
234 3475 353 3530 ἄνω
383 3478 478 3531 καὶ
510 3479 662 3534 κάτω
682 3480 954 3550 λέγοντες,
973 3485 1070 3538 xal
1090 3485 1188 3556 τῆς
1210 3487 1303 3540 ἐπὶ
1325 3486 1386 3540 τὸ
1401 3489 1695 3560 κρατήσειν

112 3564 329 3631 ἐλπίδος
357 3567 679 3636 ὲξιστῶντες
709 3571 802 3628 τὸν
857 3575 1097 3646 Ἰσραὴλ,
1132 3576 1228 3630 καὶ
1259 3577 1694 3648 καταφοϐοῢντες

115 3657 191 3720 εἰς
213 3659 514 3732 ἀνανδρίαν
531 3679 556 3729 ς

181 3751 393 3809 ΗΔΔΛ.
431 3746 561 3808 Ὧδε
586 3754 722 3827 ἔχει.

181 3845 352 3898 ΚΥΡ.
399 3845 540 3899 Ἀλλ’
564 3847 684 3917 οἵγε
707 3850 863 3918 σοφοὶ¹
901 3851 999 3904 καὶ
1029 3855 1282 3919 νεανικοὶ,
1313 3856 1495 3911 Χαλὲϐ
1515 3875 1574 3911 τε
1600 3859 1695 3914 καὶ

128 3931 354 4004 Ἰησοῦς,
376 3937 496 3998 ταῖς
530 3937 754 3991 ἐκείνων
778 3940 1087 4012 τερθρείαις
1115 3942 1192 4013 (1)
1225 3946 1695 4015 ἀνθειστήκεισαν,

117 4018 359 4089 λέγοντες
382 4025 521 4092 πρός
556 4043 616 4079 τε
648 4026 739 4080 τὸν
771 4028 896 4082 λαὸν
931 4032 1026 4084 καὶ
1045 4031 1137 4086 τὸν
1160 4034 1365 4090 Μωσέα
1394 4037 1486 4091 τὸν
1517 4039 1686 4110 ἱερόν·

121 4133 144 4164 ι
182 4114 318 4183 Οὐχί
337 4127 352 4142 ⁶
388 4115 524 4185 ἀλλά
555 4118 860 4185 ἀναϐάντες
889 4122 1272 4194 ἀναθησόμεθα
1296 4129 1392 4181 καὶ
1422 4133 1693 4205 κατακλη-

118 4206 489 4276 ρονομήσομεν
517 4209 708 4279 αὐτὴν,
739 4212 820 4264 ὅτι
853 4212 1197 4284 δυνησόμεθα
1241 4217 1377 4287 πρὸς
1411 4219 1626 4284 αὐτούς.
1665 4243 1684 4274 ι

117 4293 432 4366 Κατέληγον
460 4298 519 4351 δὲ
573 4299 826 4370 οὐδαμῶς
876 4304 924 4355 οἱ
975 4307 1470 4377 συναπεσταλμένοι
1494 4349 1510 4373 ,
1561 4311 1691 4365 δυσ·-

115 4384 320 4442 ἁλωτον
352 4387 570 4443 ἔσεσθαι
619 4391 1088 4464 διαϐεϐαιούμενοι
1120 4400 1234 4461 τοῖς
1258 4397 1317 4463 ἐξ
1356 4400 1569 4473 Ἰσραὴλ
1593 4404 1692 4475 τῆς

1801 3208 1920 3249 esse
1945 3213 1968 3248 ι-
1986 3205 2364 3253 verumtamen
2391 3200 2479 3255 his
2501 3216 2564 3255 ea
2593 3209 2930 3257 connectunt
2977 3218 3099 3273 qua:
3121 3201 3395 3257 timorem‘

1800 3285 2142 3342 incuterent:
2187 3289 2447 3345 audacem
2494 3291 2750 3346 videlicet
2794 3301 3033 3363 gentem,
3087 3308 3208 3362 qua:
3263 3292 3376 3348 illic

1799 3375 2093 3443 habitaret,
2117 3380 2475 3449 appellantes,
2530 3381 2698 3437 urbes
2733 3397 2954 3453 quoque
3001 3384 3240 3438 munitas
3286 3393 3372 3440 at-

1798 3482 1904 3538 que
1937 3477 2181 3524 muratas
2205 3469 2504 3525 identidem
2539 3470 2876 3537 dictitantes,
2903 3481 2960 3528 et
3002 3489 3034 3528 a
3065 3488 3160 3544 spe
3195 3474 3372 3529 victo-

1801 3558 1899 3613 ria:
1927 3560 2189 3629 populum
2215 3559 2431 3615 lsraelis
2460 3559 2798 3618 deducentes
2821 3604 2836 3629 ,
2861 3574 2918 3619 et
2941 3571 3092 3621 metu
3121 3563 3189 3620 ad
3223 3564 3407 3637 igna-e

1795 3647 1939 3702 viam
1979 3647 2342 3719 impellentes.

1867 3761 2063 3816 PALL.
2097 3763 2187 3818 Sic
2209 3780 2267 3820 se
2296 3764 2487 3822 habet.

1871 3853 2029 3911 (ΝΒ.
2065 3854 2171 3910 Sed
2201 3857 2296 3926 qui
2331 3858 2472 3912 inter
2495 3858 2618 3914 illos
2647 3867 2804 3916 erant
2835 3860 3109 3932 sapientes
3139 3876 3202 3916 ac
3230 3869 3374 3916 stre-

1796 3946 1914 4010 nui,
1953 3944 2118 4001 Caleb
2143 3953 2200 4000 et
2231 3946 2409 4012 Jesus,
2439 3948 2656 4003 illorum
2696 3950 2853 4006 vanis
2886 3950 3236 4008 sermonibus
3277 3951 3376 4004 ob—

1796 4035 2078 4100 stiterunt,
2109 4034 2358 4093 dicentes
2394 4036 2462 4091 ad
2485 4037 2749 4107 populum
2790 4045 2846 4093 et
2863 4038 2929 4093 ad
2951 4039 3170 4113 Moysen
3197 4057 3209 4092 :
3241 4038 3375 4092 «Mi-

1794 4127 1978 4193 nime;
2012 4125 2107 4180 sed
2148 4127 2505 4183 ascendentes
2538 4127 2920 4194 ascendemus,
2968 4137 3025 4184 et
3067 4131 3372 4199 possidebi-

1796 4233 1921 4273 mus
1950 4218 2135 4284 illam;
2181 4217 2309 4288 quia
2355 4225 2608 4288 potentes
2651 4219 2956 4289 poterimus
3000 4218 3410 4282 adversusil-~~.

1794 4312 1878 4368 los
1919 4312 1985 4365 ⁸⁸.
2039 4331 2055 4363 ι
2102 4311 2297 4370 Caeteri
2339 4320 2522 4365 autem
2563 4311 2656 4380 qui
2703 4311 2855 4367 missi
2901 4311 3152 4376 fuerant,
3210 4311 3372 4374 ﬁnem
3419 4353 3428 4362 .

1796 4405 2010 4460 nullum
2039 4402 2320 4462 asserendi
2342 4402 2634 4467 faciebant,
2667 4403 3139 4474 inexpugnabilem
3158 4405 3275 4460 fore
3307 4405 3372 4460 [ἰ-
3412 4457 3414 4459 ,

115 4475 440 4547 ἐπαγγελίας
461 4482 563 4554 τὴν
590 4483 713 4554 γῆν.
748 4480 878 4538 Εἶτά
904 4503 1066 4557 φησιν
1091 4505 1103 4518 ·
1140 4508 1158 4539 ι
1197 4491 1306 4544 Kal
1345 4493 1689 4550 ἀναλαϐοῦσα

1801 4495 1878 4550 liis
1897 4494 2061 4549 lsrael
2080 4493 2458 4564 promissionis
2479 4501 2704 4548 terram.
2725 4494 2932 4550 Deinde
2952 4495 3129 4565 inquit
3161 4514 3173 4549 :
3206 4517 3222 4548 ι
3244 4497 3372 4552 Ele-

116 4570 264 4624 πᾶσα
292 4572 326 4641 ἡ
354 4567 663 4646 συναγωγὴ,
688 4575 885 4631 δέδωκε
921 4580 1123 4650 φωνὴν,
1151 4582 1244 4635 καὶ
1272 4582 1486 4640 ἔκλαιεν
1515 4589 1544 4642 ὁ
1565 4587 1692 4654 λαὸς

115 4658 244 4731 ὃλην
267 4661 366 4731 τὴν
393 4664 564 4718 νύκτα
584 4666 820 4738 ἐκείνην,
854 4670 946 4722 καὶ
984 4669 1334 4740 διεγόγγυζον
1365 4677 1460 4730 ἐπὶ
1485 4679 1691 4752 Μωσῆν

115 4749 210 4800 καὶ
246 4750 452 4822 ’Δαρὼν
488 4752 690 4817 πάντες
733 4756 783 4808 oi
827 4757 934 4810 υἱοὶ
989 4759 1238 4832 Ἰσραήλ·
1276 4765 1369 4818 καὶ
1397 4762 1518 4820 εἷπε
1553 4749 1691 4839 πρδς

115 4839 313 4904 αὐτοὺς
339 4844 488 4896 πᾶσα
514 4844 548 4914 ἡ
571 4849 884 4919 συναγωγήο
919 4850 1148 4919 Ὄφελον
1175 4854 1520 4926 ἀπεθάνομεν
1537 4861 1595 4914 ὲν
1619 4863 1686 4932 γῇ

115 4929 410 4998 Αἰγύπτου,
447 4932 480 5003 ἢ
519 4935 577 4986 ὲν
623 4935 690 5004 τῇ
736 4936 928 5008 ἐρήμῳ
957 4937 1153 5012 ταύτῃ.
1208 4943 1259 4995 εἰ
1311 4929 1686 5018 ἀπεθάνομενζ

118 5021 212 5075 καὶ
249 5022 337 5077 ἵνα
358 5024 410 5077 τί
434 5024 645 5098 Κύριος
671 5028 881 5098 εἰσάγει
924 5031 1074 5101 ἡμᾶς
1103 5034 1184 5096 εις
1217 5033 1314 5105 τὴν
1353 5036 1456 5106 γῆν
1487 5037 1694 5108 ταύτην

124 5117 315 5168 πεσεῖν
363 5118 420 5170 έν
445 5117 528 5189 τῷ
559 5117 818 5191 πολέμῳξ
861 5121 928 5174 Δί
964 5126 1222 5191 γυναῖκες
1266 5126 1426 5196 ἡμῶν
1471 5129 1568 5181 καὶ
1623 5131 1692 5184 τὰ

119 5204 308 5259 παιδία
335 5206 548 5263 ἔσονται
574 5212 656 5275 είς
675 5211 1014 5284 διαρπαγήν.
1048 5214 1164 5270 Νῦν
1191 5212 1284 5270 οὖν
1320 5217 1526 5286 βέλτιον
1557 5223 1693 5294 ἡμῖν

118 5297 275 5351 ἐστιν
301 5299 716 5373 ἀποστραφῆναι
745 5304 825 5368 είς
860 5303 1156 5374 Αἴγυπτον.
1193 5309 1302 5362 Καὶ
1333 5305 1486 5365 εἷπον
1516 5314 1544 5366 ὁ
1571 5313 1690 5368 ἓτε-

119 5403 214 5458 ρος
245 5387 324 5459 τῷ
369 5391 562 5463 ἑτέρῳ·
593 5394 786 5465 Δῶμεν
829 5396 1098 5468 ἀρχηγὸν,
1133 5399 1228 5453 καὶ
1255 5400 1689 5476 ἀποστρέψωμεν

1794 4599 1930 4640 vans
1955 4585 2211 4640 universa
2235 4585 2584 4655 congregatio
2603 4584 2754 4640 dedit
2779 4600 2990 4652 vocem,
3012 4593 3069 4641 et
3094 4585 3244 4642 flevit
3272 4603 3371 4669 po-

1794 4677 1956 4747 pulus
1980 4684 2090 4730 tota
2120 4676 2212 4731 illa
2240 4683 2402 4731 nocte
2425 4692 2456 4743 ;_
2484 4684 2542 4730 et
2577 4687 3061 4744 murmuraverunt
3089 4677 3377 4744 adversus

1793 4768 2009 4839 Moysen
2057 4776 2116 4823 et
2138 4769 2317 4823 Aaron
2346 4783 2538 4824 omnes
2581 4767 2677 4822 filii
2708 4769 2981 4834 Israel,"et
3005 4769 3143 4824 dixit
3179 4769 3246 4824 ad
3279 4785 3374 4825 eos

1792 4860 2047 4923 universa
2072 4861 2418 4932 congregatio
2444 4861 2682 4915 ﬁliorum
2703 4861 2866 4916 Israel
2892 4879 2904 4915 :
2928 4861 3146 4917 Utinam
3169 4863 3373 4917 mortui

1797 4967 2042 5008 essemus
2066 4953 2122 5006 in
2146 4961 2288 5008 terra
2321 4952 2557 5025 Egypti,
2595 4962 2709 5009 aut-
2741 4953 2796 5008 in
2837 4955 2940 5009 hac
2986 4953 3279 5009 solitudine
3327 4954 3373 5010 si

1796 5048 2298 5104 mortui'essemus!
2325 5049 2393 5104 Et
2411 5065 2509 5104 cur
2536 5049 2802 5104 Dominus
2824 5048 3034 5103 inducit
3062 5063 3162 5103 nos
3181 5047 3234 5103 in
3257 5057 3370 5103 ter-

1793 5152 1908 5192 ram
1948 5137 2109 5204 hanc,
2139 5147 2201 5194 ut
2222 5139 2484 5196 eadamus
2506 5140 2563 5194 in
2592 5139 2780 5194 bello?
2813 5139 3024 5195 Uxores
3070 5149 3270 5195 nostra
3318 5147 3374 5194 et

1791 5229 1949 5285 liberi
1969 5239 2149 5285 erunt
2169 5232 2225 5285 in
2245 5230 2631 5302 direptionem.
2659 5231 2815 5286 Nunc
2847 5231 3004 5301 152
3044 5231 3211 5302 igitur
3253 5247 3384 5287 me-,

1789 5320 1898 5376 lius
1919 5329 2002 5376 est
2021 5322 2183 5377 nobis
2216 5323 2416 5377 reverti
2447 5323 2504 5376 in
2526 5320 2838 5393 Egyptum.
2862 5323 2931 5378 Et
2958 5323 3217 5378 dixerunt
3235 5324 3374 5379 alter

1790 5410 1857 5465 ad
1874 5411 2107 5466 alterum
2131 5430 2143 5466 :
2163 5411 2575 5468 Constituamus
2606 5411 2932 5483 principem,
2953 5421 3008 5466 et
3033 5421 3392 5470 revertamur

183 5527 232 5558 ⁷³
255 5527 408 5584 Num.
434 5547 528 5596 xu,
551 5531 586 5587 3
607 5549 758 5605 seqq.
835 5535 879 5568 ⁷³
914 5536 1046 5590 ibid.
1080 5537 1170 5591 2‘2.
1245 5538 1290 5570 ⁸ο
1320 5538 1452 5594 ibid.
1485 5541 1549 5594 ‘21
1579 5558 1732 5614 seqq.
1811 5545 1853 5578 ⁸⁸
1894 5546 2029 5602 ibid.
2059 5547 2119 5602 5i

191 5666 390 5768 (psic
454 5672 640 5734 codex.
695 5675 916 5743 Sirlcti;
991 5687 1043 5732 at
1079 5677 1201 5732 cod.
1258 5679 1399 5746 Vat.,
1441 5681 1662 5737 ἐκείνων

1803 5684 1943 5750 λίαις
1989 5687 2081 5742 καὶ
2125 5687 2524 5758 ματαιο).ογάν.ς
2591 5685 2735 5761 quod
2783 5685 3182 5768 expositionem
3239 5694 3380 5764 puto.

118 5751 175 5788 τε
185 5731 428 5814 ρθρειῶν.
