3998 6536
538 321 646 380 375

1533 322 1591 376 S.
1633 322 1910 379 CYRILLI
1944 324 2419 388 ALEXANDRINI
2458 333 2777 391 ARCIIIEP.

3711 338 3813 394 376

541 446 597 502 in
621 443 913 518 [Emptum
936 444 1003 497 ⁸¹.
1045 464 1062 495 ι
1112 442 1193 499 Ad
1221 459 1341 499 eam
1363 442 1739 501 infelicitatem
1760 455 1818 502 et
1858 446 2128 518 ignaviam
2156 499 2161 510 η

2275 453 2316 515 Ec
2344 454 2642 524 Αἴγυπτον.
2666 476 2685 509 ι
2713 458 2807 521 Εἰς
2830 456 2987 511 τοῦτο
3016 456 3116 528 μὲν
3139 458 3453 530 ἀθλιότητος
3467 478 3527 513 τε
3545 462 3638 515 καὶ
3653 464 3816 518 ἀναν.

542 540 766 611 delapsa
791 549 876 596 cst
908 539 1163 611 universa
1195 536 1562 607 congregatio.
1586 537 1725 593 Cum
1754 554 1887 593 vero
1914 538 2039 594 illos
2057 539 2127 594 ad

543 634 716 689 animi
741 610 1055 686 firmitatem
1082 628 1381 685 transferre
1406 629 1815 700 quodammodo
1836 644 2132 688 conaretur

456 746 463 753 ·
542 726 705 783 Jesus
724 724 870 779 Nave
897 722 1061 786 ﬁlius,
1096 730 1152 777 et
1181 730 1393 777 vestem
1430 721 1788 788 discinderet,
1820 724 2133 793 multasque

545 817 737 871 laudes
760 815 827 870 de
852 823 1000 869 terra
1022 813 1113 868 illa
1155 812 1504 884 praedicaret,
1547 813 1873 870 confirmare
1923 814 2135 871 animos

545 907 846 963 nolebant:
881 904 977 961 sed
1008 905 1178 960 stulte
1202 904 1325 960 illos
1354 906 1689 975 abjiciendo,
1719 922 1878 962 suum
1923 922 2133 977 propu-

545 1006 834 1071 gnatorem
878 998 1053 1053 Deum
1091 997 1334 1068 graviter
1382 997 1756 1061 offenderunt,
1806 1013 1975 1067 seque
2018 996 2136 1067 spei

546 1107 659 1147 suae
677 1100 958 1162 compotes
993 1089 1112 1146 fieri
1154 1104 1313 1160 posse
1359 1089 1476 1145 suis
1539 1089 1755 1144 viribus
1800 1090 2134 1144 tribuerunt.

547 1185 739 1254 Itaque
788 1184 879 1238 ille
925 1183 1093 1238 etiam
1124 1184 1348 1255 juravit,
1376 1182 1567 1238 dicens
1598 1200 1610 1236 :
1650 1202 1666 1233 ι
1694 1182 1751 1237 Si
1787 1182 1998 1237 videbit
2035 1183 2136 1236 ali-

547 1277 674 1347 quis
701 1277 900 1332 horum
923 1276 1207 1331 hominum
1252 1284 1454 1331 terram
1486 1291 1649 1344 quam
1671 1275 1851 1346 juravi
1886 1275 2139 1345 patribus

548 1382 763 1433 eorum,
794 1378 993 1439 praeter
1010 1366 1180 1422 Caleb
1216 1366 1387 1420 filium
1423 1366 1689 1435 .Iephone,
1725 1374 1781 1420 et
1807 1365 1993 1421 Iesum
2028 1365 2139 1419 Na-

548 1476 618 1516 ve
638 1460 704 1514 ⁸³,
741 1479 759 1509 ι
803 1459 945 1515 Num
978 1459 1144 1531 igitur
1175 1467 1259 1513 est
1281 1457 1599 1527 ambiguum
1634 1457 1765 1527 quin
1795 1458 1959 1513 homo
1992 1455 2139 1514 timi-

552 1550 679 1615 dus,
709 1558 766 1605 et
802 1550 1010 1606 laboris
1045 1549 1357 1620 impatiens,
1400 1556 1455 1602 et
1500 1546 1728 1601 modicae
1777 1546 1923 1610 lidei,
1954 1560 2141 1600 secum

553 1642 722 1696 etiam
752 1651 981 1698 caeteros
1006 1640 1221 1712 perdat,
1261 1656 1402 1710 quos
1438 1638 1742 1709 corrumpit
1775 1637 1933 1691 malis
1972 1637 2143 1692 collo-

555 1733 722 1804 quiis,
749 1748 812 1788 ac
834 1732 997 1787 sortis
1035 1732 1203 1796 illius,
1228 1731 1454 1802 speique
1488 1731 1546 1785 in
1577 1732 1751 1785 Deum
1788 1729 1861 1786 sit
1902 1743 2140 1798 expers;

556 1834 859 1893 contraque
899 1823 987 1883 ille
1012 1823 1172 1881 fortis
1196 1797 1564 1886 ac—strenuus,
1592 1830 1649 1876 et
1671 1821 1788 1892 spei
1821 1797 2065 1889 compos,
2089 1827 2145 1873 et
2174 1797 2217 1853 Β

556 1917 773 1973 amicus
789 1915 887 1972 Dei
914 1915 985 1971 sit
1012 1914 1275 1969 futurus?

628 2008 825 2069 PALL.
874 2007 1098 2068 Minime
1146 2007 1369 2079 quidem
1409 2007 1766 2078 ambiguum:
1820 2004 1952 2062 satis
2000 2002 2148 2061 enim

558 2100 853 2171 probatum
875 2110 980 2159 est.

629 2191 789 2253 CYR.
831 2192 1023 2264 Igitur,
1058 2192 1461 2263 utaprincipio
1498 2192 1837 2255 dicebamus,
1871 2190 1965 2260 qui
2007 2189 2150 2244 deti-

561 2292 727 2338 netur
768 2282 1063 2337 mundanis
1110 2282 1523 2353 voluptatibus,
1569 2283 1617 2337 is
1666 2283 1887 2351 ineptus
1927 2289 2011 2335 est
2056 2279 2150 2348 qui

564 2373 621 2426 in
649 2372 768 2427 acie
804 2371 1081 2441 spirituali
1112 2380 1451 2427 numeretur.

635 2461 836 2517 PALL.
862 2462 929 2517 Et
954 2461 1175 2517 merito.

637 2552 797 2610 CYR.
862 2552 1003 2608 Illud
1057 2569 1277 2623 quoque
1334 2551 1640 2607 addiderim
1691 2550 1769 2621 (id
1809 2550 1957 2605 enim
2008 2548 2155 2618 quod

568 2640 831 2711 prodesse
854 2647 1054 2709 potest,
1077 2656 1405 2710 magnopere
1431 2640 1836 2694 observandum
1852 2639 2111 2707 arbitror)
2141 2657 2153 2692 :

572 2732 670 2802 qui
722 2732 983 2789 virtutem
1023 2732 1260 2802 aliquam
1296 2733 1478 2788 colere
1520 2748 1698 2803 nuper
1740 2732 1986 2801 coeperit,
2029 2746 2159 2786 eum

570 2821 798 2879 minime
840 2822 1021 2878 adhuc
1059 2821 1127 2876 ad
1168 2838 1406 2894 pugnam
1442 2831 1631 2892 aptum
1672 2838 1814 2889 esse,
1860 2821 1957 2876 sed
1999 2837 2160 2899 posse

571 2913 643 2979 ad
671 2915 867 2969 vitium
888 2914 1047 2969 facile
1073 2914 1415 2985 detorqueri.
1747 2913 1753 2918 ’

648 3008 848 3064 PALL.
891 3006 994 3075 Qui
1016 3008 1235 3077 tandem
1264 3007 1413 3062 istud
1442 3008 1686 3063 asseris?

643 3100 803 3157 CYR.
841 3100 900 3153 In
943 3100 1373 3157 Deuteronomio
1419 3099 1687 3170 scriptum
1740 3108 1863 3159 est:
1898 3120 1915 3149 α
1948 3100 2004 3154 Si
2038 3100 2164 3170 quis

574 3207 753 3262 nuper
787 3207 1013 3250 uxorem
1041 3190 1281 3255 duxerit,
1315 3207 1429 3246 non
1473 3191 1794 3262 egredietur
1830 3192 1899 3247 ad
1936 3192 2161 3256 bellum,

574 3296 757 3353 neque
795 3281 1108 3351 imponetur
1141 3282 1192 3336 ei
1217 3283 1388 3337 ullum
1413 3283 1717 3353 negotium.
1766 3283 2031 3339 lmmunis
2060 3284 2168 3339 erit

580 3371 641 3436 in
677 3371 842 3427 domo
881 3388 983 3433 sua
1019 3387 1164 3427 anno
1202 3386 1337 3435 uno,
1377 3371 1675 3436 laetificabit
1720 3387 1945 3427 uxorem
1990 3388 2165 3437 suam,

581 3478 747 3534 quam
772 3462 985 3537 accepit
1014 3464 1082 3523 ⁸⁸,
1112 3482 1130 3514 ι
1166 3462 1306 3518 Num
1336 3462 1520 3532 igitur,
1550 3462 1785 3527 Palladi,
1816 3462 1917 3517 soli
1959 3478 2022 3517 ac
2062 3478 2169 3517 nu-

584 3556 670 3612 da:
690 3556 887 3617 littera“:
925 3553 1302 3611 inhaerendum
1328 3561 1432 3618 est,
1456 3564 1512 3608 et
1533 3562 1726 3608 auctor
1750 3554 1840 3615 ille
1862 3554 2016 3623 legis,
2039 3569 2166 3609 cum

585 3646 660 3701 sit
681 3646 901 3701 virtutis
921 3654 1151 3710 amator,
1179 3644 1327 3698 domi
1349 3659 1461 3701 suae
1484 3645 1697 3699 scilicet
1716 3644 1945 3699 collocat
1966 3661 2176 3716 pugna-

587 3745 787 3801 torem,
813 3751 995 3806 neque
1035 3735 1306 3805 permittit
1328 3735 1549 3795 laudem
1569 3736 1635 3791 de
1658 3737 1863 3795 virtute
1906 3752 2172 3806 quaerere,

585 3826 699 3883 leni
750 3843 815 3882 ac
857 3826 1056 3897 frigido
1099 3825 1347 3880 mulieris
1390 3826 1643 3879 convictu
1705 3810 2024 3896 superatum
2050 3867 2063 3889 ,
2121 3834 2178 3880 et

587 3920 771 3976 carnis
824 3918 1186 3991 cupiditatem
1238 3917 1586 3977 necessilatis
1629 3918 1793 3977 rebus
1841 3926 2177 3989 prmvertcn—

588 4020 700 4067 tem
720 4012 743 4065 ’Β

659 4102 859 4157 PALL.
891 4102 1113 4163 Minime
1140 4117 1273 4157 vero
1309 4102 1415 4158 hoc
1454 4102 1588 4159 illud
1628 4119 1748 4158 esse
1787 4101 2179 4165 concesserim,

587 4196 735 4266 quod
762 4196 894 4268 legis
921 4196 1130 4251 auctori
1156 4195 1461 4266 placuerit:
1499 4196 1593 4251 sed
1652 4211 1751 4264 par
1793 4205 1877 4253 est
1916 4193 2179 4265 probabi-

588 4288 696 4343 lem
718 4289 956 4358 aliquam
980 4289 1035 4342 in
1066 4304 1129 4343 ea
1163 4303 1223 4342 re
1247 4287 1418 4342 latere
1448 4289 1744 4343 rationem.

658 4379 818 4437 CYR.
840 4379 1013 4452 Igitur
1042 4379 1175 4435 illud
1202 4379 1402 4449 ipsum,
1432 4380 1580 4449 quod
1619 4380 1754 4443 dixi,
1780 4388 2045 4449 repetam.
2078 4378 2185 4447 Qui

2231 544 2388 614 δρίας
2414 551 2448 620 ἡ
2487 552 2639 604 πᾶσα
2670 550 2978 605 κατὼλισθε
3012 555 3327 624 συναγωγή.
3357 555 3732 621 Μεθιστάντος
3760 558 3815 611 δι

2233 638 2421 713 ὥσπερ
2452 645 2533 707 είς
2572 644 2863 714 εὐτολμίαν
2908 645 3108 708 αὐτοὺς
3144 647 3321 716 Ἰησοῦ
3362 647 3460 701 τοῦ
3503 648 3681 718 Ναυῆ,
3727 653 3817 705 καὶ

2236 735 2705 807 περιρῤηγνύντος
2738 736 2837 807 μὲν
2883 739 2984 807 τὴν
3014 732 3236 809 ἐσθῆτα,
3274 742 3447 811 μυρία
3494 742 3552 794 δὲ
3582 744 3685 794 ὅσα
3721 742 3817 810 τῆς

2235 826 2337 896 γῆς
2382 827 2634 897 ἐγκώμια
2668 830 3053 901 καταχέοντος,
3095 832 3425 904 ἀναθαρσεϊν
3457 836 3560 887 οὐκ
3594 834 3816 904 ἤθελονο

2237 918 2680 983 καταλυποῦντες
2734 922 2793 975 δὲ
2835 925 2956 986 ταῖς
3006 924 3256 994 ἀνοήτοις
3299 925 3696 995 μικροψυχίαις
3732 924 3821 978 τὸν

2239 1009 2589 1079 ἐπαμύνοντα
2618 1011 2773 1078 Θεὸν,
2796 1013 2889 1065 καὶ
2916 1016 3040 1077 ταῖς
3070 1014 3281 1066 ἑαυτῶν
3313 1015 3608 1084 δυνάμεσιν
3631 1016 3825 1067 ἁπονέο

2243 1118 2437 1170 μοντες
2466 1102 2568 1174 τὴν
2594 1104 2691 1174 τῆς
2718 1104 2931 1168 ἐλπίδος
2950 1105 3314 1176 κατόρθωσιν.
3331 1105 3623 1176 Τοιγάρτοι
3639 1105 3825 1157 λοιπὸν

2240 1193 2337 1246 καὶ
2365 1193 2623 1266 ἀπώμνυ,
2675 1195 2848 1263 λέγων
2875 1213 2891 1229 ·
2929 1218 2948 1248 ‹
2989 1196 3051 1249 Εἰ
3105 1196 3296 1266 ὄψεταί
3332 1214 3415 1259 τις
3463 1199 3573 1250 τῶν
3615 1198 3827 1266 ἀνδρῶν

2240 1284 2447 1338 τούτων
2486 1284 2583 1356 τὴν
2616 1286 2743 1356 γῆν,
2798 1287 2867 1358 ἣν
2912 1286 3107 1357 ὤμοσα
3162 1289 3276 1350 τοῖς
3318 1288 3591 1359 πατράσιν
3620 1288 3823 1348 αὐτῶν.

2244 1377 2384 1448 πλὴν
2415 1378 2596 1431 Χαλὲδ
2628 1378 2742 1442 υίὸς
2784 1380 3016 1449 Ἰεφονῆ,
3051 1382 3147 1433 καὶ
3190 1380 3396 1450 Ἰησοῦς
3423 1381 3451 1433 ὁ
3474 1382 3568 1433 τοῦ
3596 1382 3770 1448 Ναυῆ.
3804 1399 3822 1430 ι

2242 1462 2392 1538 Ἀρά
2418 1468 2564 1523 ἐστιν
2586 1468 2889 1525 ἐνδοιαστὸν
2918 1469 2994 1531 ὡς
3017 1470 3045 1521 ὁ
3074 1468 3246 1531 δειλός
3266 1486 3325 1521 τε
3347 1469 3440 1521 καὶ
3467 1468 3827 1537 ἀφερέπονος,

2244 1560 2340 1613 καὶ
2370 1560 2578 1632 βραχὺς
2604 1561 2684 1623 είς
2710 1560 2912 1624 πίστιν,
2938 1559 3382 1631 προσαπόλλυσιν
3415 1558 3569 1628 αὑτῷ
3597 1560 3691 1611 καὶ
3712 1560 3833 1611 ἐτέ-

2250 1669 2395 1722 ρους,
2426 1655 2625 1713 κακαῖς
2652 1652 3052 1721 παραφθείρων
3078 1652 3339 1721 ὁμιλίαις,
3374 1650 3577 1721 κλήρου
3608 1667 3669 1702 τε
3696 1652 3833 1702 ἀπο-

2247 1747 2497 1797 πεσεῖται
2528 1745 2621 1797 καὶ
2656 1744 2872 1807 ἐλπίδος
2898 1745 2998 1814 τῆς
3032 1745 3113 1807 εἰς
3138 1744 3273 1795 Θεόν
3293 1760 3306 1773 ι
3343 1745 3371 1796 ὁ
3396 1743 3456 1796 δὲ
3487 1742 3742 1813 εὖσθενής
3770 1757 3832 1793 τε

2252 1830 2347 1882 καὶ
2388 1830 2768 1900 ἀλκιμώτατος
2809 1830 2941 1883 εἴσω
2970 1848 3030 1883 τε
3069 1830 3312 1884 κείσεται
3354 1831 3456 1901 τῆς
3479 1831 3709 1893 ἐλπίδος.
3738 1830 3836 1882 καὶ

2250 1923 2527 1995 γνώριμος
2564 1924 2713 1979 ἔσται
2742 1924 2890 1995 Θεῷς

2325 2019 2537 2074 ΠΑΛΛ.
2581 2018 2695 2071 Οὐκ
2723 2016 3020 2088 ἀμφίϐολον
3050 2033 3065 2049 ·
3105 2017 3321 2088 ἀπόχρη
3348 2016 3459 2087 γὰρ
3496 2017 3531 2086 ἡ
3557 2014 3739 2079 δεῖξις.

2327 2198 2489 2252 ΚΥΡ.
2515 2196 2724 2251 Οὐκοῦν
2747 2196 2996 2267 καθάπερ
3018 2195 3229 2264 ἔφαμεν
3254 2194 3312 2246 ὲν
3340 2194 3557 2262 ἀρχαῖς,
3583 2192 3840 2262 ἀνεπιτή-

2255 2292 2394 2355 δειος
2431 2294 2512 2354 εἰς
2546 2291 2854 2362 παράταξιν
2883 2289 2981 2360 τὴν
3011 2290 3394 2359 πνευματικὴν
3430 2289 3461 2340 ὁ
3494 2289 3612 2350 ταῖς
3653 2303 3843 2356 κοσμι-

2255 2389 2381 2448 καῖς
2406 2384 2799 2454 ὲνειλημμένος
2823 2384 3060 2453 ἡδοναῖς.

2329 2477 2539 2531 ΠΑΛΛ.
2572 2477 2686 2530 Καὶ
2716 2476 2882 2546 μάλα.

2330 2572 2495 2625 ΚΥΡ.
2530 2570 2913 2643 Προσθεί[ν]ην
2956 2571 3003 2624 δ’
3028 2570 3095 2624 ἂν
3116 2571 3197 2622 ὅτι
3229 2568 3452 2640 (χρῆναι
3478 2567 3585 2638 γὰρ
3609 2561 3765 2634 οἴμαι
3783 2565 3847 2617 τὸ

2259 2662 2504 2732 ὠφελοῦν
2533 2658 2592 2715 εὖ
2618 2662 2761 2730 μάλα
2784 2661 3117 2733 φιλοθηρεῖν)
3144 2663 3239 2714 καὶ
3272 2664 3301 2714 ὁ
3326 2660 3522 2714 νεωστὶ
3548 2656 3849 2729 κατορθοῦν

2262 2754 2462 2825 ἀρετὴν
2486 2754 2776 2825 ἡντιναοῦν
2806 2754 3132 2823 ἀρξάμενος,
3177 2751 3330 2806 οὖπω
3352 2751 3493 2817 πρὸς
3527 2750 3706 2821 μάχην
3724 2750 3849 2800 ἱκα-

2262 2849 2372 2912 νὸς,
2413 2848 2881 2919 εὐκατακόμιστος
2911 2847 2968 2901 δὲ
2997 2846 3199 2918 κομιδῇ
3240 2847 3377 2916 πρὸς
3398 2845 3461 2897 τὸ
3499 2842 3741 2898 ἀδικοῦν.

2337 3028 2551 3081 ΠΔΛΛ.
2586 3028 2710 3090 Πῶς
2741 3028 2921 3096 λέγεις
2941 3046 2956 3094 ;

2337 3118 2505 3171 ΚΥΡ.
2550 3118 2636 3170 Ἐν
2660 3117 2739 3187 τῷ
2773 3119 3178 3190 Δευτερονομίῳ
3200 3118 3546 3189 γέγραπται·
3578 3135 3596 3167 ι
3648 3115 3777 3169 Ἐὰν
3798 3115 3853 3168 δέ

2268 3226 2353 3271 τις
2384 3208 2525 3280 λάϐῃ
2551 3211 2789 3277 γυναῖκα
2838 3211 3187 3279 προσφάτως,
3229 3211 3329 3263 οὐκ
3381 3209 3722 3273 ἐξελεύσεται
3776 3209 3853 3270 είς

2272 3301 2399 3354 πόλε
2409 3318 2531 3368 μον.
2563 3301 2658 3353 καὶ
2676 3302 2776 3353 οὐκ
2800 3300 3226 3372 ὲπιϐληθήσεται
3246 3300 3394 3371 αὑτῷ
3415 3301 3571 3353 οὐδὲν
3594 3301 3852 3369 πρᾶγμα.

2285 3389 2483 3454 Ἀθῶος
2512 3389 2665 3443 ἔσται
2687 3392 2744 3442 ὲν
2771 3392 2835 3459 τῇ
2865 3389 3013 3461 οἰκίᾳ
3031 3388 3219 3456 αὑτοῦ,
3251 3390 3501 3443 ἐνιαυτὸν
3519 3388 3617 3441 ἕνα
3648 3388 3854 3458 εὐφρα-

2271 3482 2353 3532 νεῖ
2381 3480 2479 3550 τὴν
2506 3481 2742 3547 γυναῖκα
2766 3479 2930 3533 αὑτοῦ
2953 3480 3021 3549 ἦν
3042 3479 3257 3532 ἐλαΰεν.
3296 3498 3315 3530 ι
3344 3475 3472 3548 ’Ἆρ’
3496 3474 3609 3542 οὖν,
3642 3471 3688 3530 ὧ
3710 3477 3853 3530 Παλ-

2272 3571 2441 3633 λάδιε,
2473 3571 2807 3638 προσεκτέον
2843 3569 2988 3641 μόνῳ
3025 3587 3086 3623 τε
3115 3571 3210 3623 καὶ
3236 3568 3378 3638 ψιλῷ
3406 3569 3488 3639 τῷ
3527 3569 3855 3638 γράμματι,

2276 3665 2369 3718 καὶ
2392 3666 2419 3717 ὁ
2455 3663 2743 3733 φιλάρετος
2774 3662 3074 3732 νομοθέτης
3098 3662 3236 3715 οἴκοι
3262 3659 3480 3724 καθίζει
3510 3660 3570 3713 τὸ
3595 3660 3854 3729 μάχιμον,

2276 3758 2370 3810 καὶ
2415 3756 2516 3808 οὐκ
2571 3755 2634 3824 ἐᾷ
2684 3753 2995 3823 εὐδοκιμεῖν
3036 3756 3158 3816 ταῖς
3205 3754 3285 3815 εἰς
3329 3753 3564 3821 γυναῖκα
3624 3749 3855 3818 ψυχραῖς

2276 3845 2514 3915 ὁμιλίαις
2545 3842 2877 3914 ἡττώμενον,
2909 3842 3005 3896 καὶ
3052 3841 3517 3913 προύργιαιτέραν
3552 3841 3660 3894 τῶν
3690 3841 3854 3907 ἀναγ-

2278 3937 2450 4003 καίων
2477 3936 2798 4005 ποιούμενον
2823 3935 2923 4005 τὴν
2951 3932 3311 4004 φιλοσαρκίαν
3342 3950 3357 3998 ;

2351 4118 2563 4173 ΠΑΛΛ.
2602 4117 2845 4171 ’Ἦκιστά
2873 4132 2936 4184 γε
2985 4115 3136 4168 τουτὶ
3185 4113 3333 4183 δοίην
3381 4113 3447 4167 ἂν
3474 4112 3648 4181 ἔγωγε
3684 4111 3745 4164 τὺ
3786 4109 3857 4180 τῷ

2282 4208 2548 4281 νομοθέτῃ
2572 4208 2785 4262 δοκοῦνο
2803 4206 3029 4270 πιθανὸς
3050 4206 3107 4260 δέ
3124 4223 3226 4270 τις,
3244 4206 3320 4269 ὡς
3341 4206 3539 4270 ἔοικεν,
3559 4208 3588 4258 ὁ
3611 4205 3695 4257 ἐπ’
3711 4202 3857 4271 αὐτῷ

2283 4304 2462 4355 κεῖται
2492 4296 2685 4368 λόγος.¹

2358 4390 2522 4444 ΚΥΡ.
2561 4388 2774 4442 Οὐκοῦν
2805 4389 2941 4458 ὅπερ
2972 4386 3108 4457 ἔφην
3133 4386 3521 4455 ἀνακυκλήσας
3546 4384 3671 4457 ὲρῶ.
3700 4385 3857 4455 ’Δνὴρ

588 4472 855 4537 virtutem
888 4473 1165 4544 attigerit,
1190 4475 1427 4530 necdum
1448 4474 1593 4528 illam
1627 4474 1869 4543 perfecte
1890 4474 2161 4528 admodum

2292 4482 2493 4553 ἀρετῆς
2531 4480 2831 4551 ἁψάμενος,
2855 4482 2949 4533 καὶ
2977 4478 3131 4532 οὔπω
3153 4478 3358 4549 ταύτην
3385 4476 3445 4532 εὖ
3477 4479 3624 4549 μάλα
3658 4493 3859 4548 κατωρ-

592 4563 827 4635 adeptus
880 4564 973 4630 sit,
1027 4564 1186 4622 facile
1228 4566 1285 4620 in
1330 4566 1671 4621 contrarium
1713 4565 2035 4634 detorqueri
2081 4580 2181 4635 po-

596 4663 723 4712 test.

665 4747 866 4805 PALL.
889 4747 988 4804 Dic
1015 4762 1256 4821 quonam
1285 4747 1471 4805 modo.
1514 4747 1775 4803 Nondum
1805 4746 1949 4802 enim
1990 4746 2183 4801 admo.

594 4842 729 4898 dum
754 4856 977 4911 sequor,

668 4933 827 5005 153
850 4933 1009 4999 (ΝΚ.
1045 4932 1137 4989 Ait
1163 4942 1313 4989 certe
1348 4932 1604 4989 Salomon
1635 4952 1647 4987 :
1686 4954 1703 4984 ‹
1739 4934 1835 4988 Dic
1856 4935 2179 5005 sapientiam

595 5036 746 5089 tuam
769 5042 1015 5085 sororem
1041 5041 1183 5091 esse,
1210 5034 1265 5083 et
1291 5025 1640 5095 prudentiam
1686 5027 1785 5080 tibi
1825 5026 2057 5080 amicam
2100 5026 2182 5080 fa-

595 5120 706 5175 cito
723 5120 793 5183 ”.
828 5139 847 5173 ι
879 5119 1200 5178 Familiares
1235 5133 1473 5188 namque
1514 5117 1676 5172 nobis
1710 5116 1946 5172 virtutes
1998 5117 2186 5172 reddi-

596 5229 742 5277 mus,
771 5213 817 5271 si
842 5227 910 5268 ex
930 5212 1043 5273 illis
1059 5209 1301 5267 fructum
1320 5209 1462 5265 ferre
1485 5209 1757 5279 imprimis
1777 5209 2183 5265 studuerimus:

598 5305 693 5360 hic
713 5304 881 5369 enim,
910 5305 1065 5360 verbi
1101 5306 1296 5375 gratia,
1329 5303 1611 5373 sapientia:
1642 5319 1764 5372 quae
1796 5303 1851 5356 in
1879 5319 2061 5358 rerum
2088 5319 2183 5358 co-

602 5396 847 5467 gnitione
874 5404 1144 5461 versatur,
1168 5396 1261 5451 ille
1280 5395 1691 5461 mansuetudini
1744 5403 1799 5448 et
1835 5394 2049 5449 lenitati
2094 5395 2190 5449 dat

602 5506 848 5562 operam,
880 5498 978 5545 aut
996 5490 1265 5561 ejusmodi
1286 5497 1437 5544 certe
1456 5487 1613 5542 alteri
1637 5487 1851 5552 virtuti,
1873 5504 2034 5558 quam
2062 5504 2191 5542 con-

603 5583 761 5656 sequi
794 5582 1167 5654 proposuerit.
1200 5582 1343 5637 Num
1378 5581 1545 5652 igitur
1562 5580 1745 5643 statim
1770 5589 1933 5652 atque
1984 5582 2039 5637 in
2085 5583 2191 5636 hu-

677 5767 724 5799 “
751 5766 915 5823 Num.
958 5783 1067 5833 xtv,
1111 5767 1131 5820 I
1184 5783 1337 5838 seqq.
1417 5770 1463 5803 ⁸³
1495 5770 1630 5824 ibid.
1670 5770 1755 5825 30.
1838 5770 1881 5799 ⁸³
1913 5769 2071 5823 Deut.
2121 5785 2265 5835 xxw,
2300 5767 2351 5821 5.

2291 4575 2503 4640 θωκὼς,
2538 4574 3008 4644 εὐκατακόμιστος
3035 4575 3114 4636 εις
3147 4568 3208 4625 τὸ
3226 4572 3487 4625 ἐναντίον.

2362 4756 2571 4809 ΠΑᾹΑ.
2602 4752 2817 4823 Φράσον
2844 4751 3013 4812 ὅπως.
3051 4749 3296 4817 Ἔπομαι
3331 4744 3443 4817 γὰρ
3470 4745 3531 4798 οὐ
3566 4743 3783 4815 σφόδρα.
3894 4778 3901 4819 ί

2364 4940 2531 4994 ΚΥΡ.
2570 4938 2630 4992 '0
2666 4936 2917 5007 Σολομὼν
2947 4933 3050 4987 πού
3096 4950 3262 5004 φησιν
3298 4954 3310 4966 ·
3368 4953 3386 4984 ι
3448 4928 3617 4985 Εἶπον
3646 4930 3739 4997 τὴν
3780 4945 3865 4981 σο-

2289 5033 2415 5102 φίαν
2466 5030 2565 5101 σὴν
2586 5029 2818 5100 ἀδελφὴν
2847 5026 2986 5082 εἶναι.
3007 5045 3020 5059 ·
3060 5028 3159 5095 τὴν
3195 5026 3255 5080 δὲ
3285 5026 3550 5097 φρόνησιν
3603 5020 3865 5092 γνώριμον

2291 5126 2647 5195 περιποίησαι
2688 5120 2918 5191 σεαυτῷ.
2966 5140 2985 5173 ι
3025 5118 3387 5191 Οίκειούμεθα
3415 5117 3527 5187 γὰρ
3554 5116 3731 5183 ὥσπερ
3770 5113 3863 5174 τὰς

2296 5216 2521 5290 ἀρετὰς,
2550 5216 2613 5269 τὸ
2638 5216 2697 5268 ἐν
2750 5215 2943 5277 αὐταῖς
2983 5214 3357 5284 καρποφορεῖν
3398 5211 3481 5263 ὅτι
3530 5209 3752 5279 μάλιστα
3792 5204 3867 5255 δι-

2297 5307 2691 5369 εσπουδακότες
2711 5322 2725 5337 ’
2763 5309 2792 5359 ὁ
2816 5306 2913 5375 μὲν
2939 5304 3048 5376 γάρ
3075 5320 3159 5367 τις
3195 5302 3356 5373 τυχὸν
3386 5301 3449 5354 τὸ
3476 5302 3536 5355 ἐν
3567 5297 3756 5367 γνώσει
3782 5312 3869 5349 σο-

2301 5401 2420 5471 φὸν,
2446 5401 2474 5453 ὁ
2497 5399 2554 5451 δὲ
2576 5398 2677 5469 τὴν
2708 5398 2995 5469 πραότητα
3022 5397 3119 5450 καὶ
3149 5394 3453 5467 ἀοργησίαν
3479 5394 3578 5447 οὐκ
3615 5388 3871 5455 ἀνεπιτή-

2300 5492 2485 5545 δευτον
2521 5490 2658 5560 ἔχει,
2702 5490 2869 5559 ἤγουν
2905 5488 3093 5559 ἕτερόν
3129 5504 3183 5540 τι
3220 5486 3331 5539 τῶν
3354 5485 3609 5538 τοιούτων
3643 5483 3778 5548 ὅπερ
3808 5478 3871 5531 ἂν

2300 5580 2476 5634 ἕλοιτο
2502 5576 2824 5649 κατορθοῦν.
2858 5574 2981 5649 Ἆρ’
3004 5573 3097 5631 οὖν
3127 5576 3290 5641 εὐθὺς
3321 5577 3351 5629 ὁ
3372 5575 3471 5647 τῆς
3502 5573 3557 5627 ἓν
3581 5589 3639 5641 γε
3664 5570 3867 5640 τούτοις

2430 5766 2474 5799 ⁸⁵
2501 5767 2660 5824 Prov.
2695 5779 2787 5825 vn,
2815 5777 2865 5815 4.
