4076 6514
230 326 320 384 377

912 326 1002 381 DE
1041 325 1482 382 ADORATIONE
1521 328 1586 383 IN
1627 327 1908 387 SPIRITU
1948 333 2038 392 ET
2079 336 2450 396 VERITATE.
2492 335 2620 394 LIB.
2662 337 2724 391 Υ.

3357 342 3464 398 578

231 448 512 505 ὲπιεικειας
541 439 847 512 ἀρξάμενος
881 441 1029 506 νοῦς,
1069 442 1252 505 ἱκανὸς
1288 444 1368 505 εἰς
1398 443 1460 495 τὸ
1493 443 1781 514 δοκιμάζε-

1881 447 2120 516 jusmodi
2175 451 2340 506 rebus
2379 451 2731 506 mediocriter
2768 453 2972 507 versari
3026 454 3191 524 coepit
3225 455 3460 520 ani-mus,

231 537 342 590 σθαι
369 534 460 588 καὶ
482 531 870 602 πειράζεσθαι;
899 533 1128 596 καὶτοῖς
1151 533 1220 586 τὰ
1245 533 1382 604 ὀρθὰ
1400 533 1783 605 διαστρέφουσι

231 624 518 695 περιτυχὼν
563 625 592 677 6
633 623 798 692 σοφίᾳ
834 624 1166 694 συνοικήσας
1209 625 1288 692 (l)
1341 624 1692 694 προσφάτως,
1721 627 1783 679 οὑ

227 717 671 785 διαστραφήσεται
702 714 921 785 μᾶλλον,
940 717 1110 786 ἦγουν
1127 717 1409 786 περιέσται
1423 717 1517 770 καὶ
1532 716 1786 788 διακρού-

228 823 366 860 σεται
385 805 452 858 τὰ
481 805 704 858 ἐκείνων
739 806 934 877 βλάϐη,
979 806 1229 878 βεϐηκὼς
1272 809 1366 862 καὶ
1395 809 1784 880 ἐρηρεισμένος

225 897 446 969 διαρκῶς
469 896 619 949 οὕπω
651 897 788 968 πρὸς
815 897 1032 952 σύνεσιν
1054 917 1082 947 ο.

285 1075 483 1128 ΠΑΛΛ.
519 1076 752 1131 Ἔοικεν.

286 1165 440 1218 ΚΥΡ.
474 1167 921 1239 Παροτρύνοντος
941 1169 996 1224 δέ
1019 1188 1183 1235 τινος,
1205 1173 1234 1224 6
1258 1171 1355 1243 τὴν
1384 1173 1669 1242 πραότητα
1694 1191 1786 1244 με·

223 1254 393 1323 λεών,
427 1258 474 1309 εί
512 1260 680 1328 μήπω
709 1277 795 1323 τις
831 1262 916 1330 εἴη
949 1261 1086 1332 πρὸς
1123 1262 1281 1316 τοῦτο
1307 1264 1779 1334 γεγυμνασμένος,

221 1349 272 1401 οὐ
298 1351 676 1419 κατοιχήσεται
711 1353 847 1423 πρὸς
875 1354 1046 1425 ὀργὴν
1073 1355 1308 1420 εὐκόλως
1329 1372 1342 1420 ;

282 1441 479 1494 ΠΑΛΛ.
514 1437 688 1512 Οἶμαί
715 1460 801 1511 γε.

280 1531 436 1585 ΚΥΡ.
486 1533 769 1605 Ἐντριόὴς
795 1535 852 1588 δὲ
883 1536 1046 1604 σοφὸς
1078 1537 1426 1608 διαμαχεῖται
1457 1543 1659 1609 σοφοῖς,
1689 1539 1784 1593 καὶ

219 1622 480 1690 ἀντεξάγει
506 1627 777 1690 νεανικῶς
810 1630 930 1692 ταῖς
978 1629 1205 1682 ἐκείνων
1239 1632 1594 1702 πανουργίαις
1625 1633 1693 1690 τὰ
1726 1634 1784 1700 ἐξ

217 1712 482 1785 ὀρθότητος
509 1715 792 1788 λογισμῶν
812 1735 828 1785 ;

275 1805 473 1859 nam.
527 1808 770 1879 Ἀληθές.

275 1897 427 1952 ΚΥΡ.
456 1899 522 1952 Τί
544 1899 628 1965 δέ,
656 1902 685 1955 6
723 1903 988 1972 πραότητι
1018 1904 1397 1976 κατωρθωκὼς
1422 1907 1484 1960 οὑ
1515 1907 1783 1978 δυσχερὴς

217 1991 284 2054 εις
303 1991 484 2062 ὀργὰς,
515 1993 623 2047 κᾶν
651 1996 700 2047 εἰ
725 1995 862 2065 πρὸς
894 1995 1052 2050 τοῦτο
1074 1997 1236 2050 αὑτὸν
1269 1998 1641 2070 παραθήγοιεν
1669 1996 1782 2052 ἔσθ’

216 2083 288 2136 ὅτε
316 2085 453 2148 τινές
472 2103 485 2150 ;

278 2177 682 2247 ηΑΑΑ.ψημι

275 2270 430 2323 ΚΥΡ.
479 2271 693 2341 Ὀρθῶς
730 2265 823 2325 οὖν
860 2272 890 2324 6
917 2271 1080 2342 νόμος
1111 2271 1384 2342 ’καθάπερ
1416 2272 1474 2324 ἐν
1521 2272 1652 2326 εἴδει
1705 2272 1783 2344 τῷ

216 2361 448 2427 γυναικὸς
473 2362 870 2434 διαμορφώσας
901 2364 1135 2427 ἀστείως
1167 2366 1265 2434 τὴν
1294 2367 1406 2430 τοῖς
1451 2364 1627 2434 ἁγίοις
1659 2364 1784 2418 σύν-

213 2469 342 2504 οικον
370 2454 603 2524 ἀρετὴν,
638 2473 656 2504 ι
689 2453 818 2507 Ἐὰν
848 2471 932 2517 τις
979 2454 1120 2525 λάϐῃ
1147 2458 1382 2523 γυναῖκα
1429 2457 1778 2527 προσφάτως,

214 2545 378 2612 φησιν,
403 2545 503 2597 οὐκ
526 2543 875 2611 ἐξελεύσεται
903 2547 984 2606 είς
1014 2546 1142 2599 πόλει
1153 2563 1272 2616 μον,
1305 2549 1398 2600 καὶ
1428 2548 1528 2601 οὐκ
1556 2547 1782 2620 ἐπιϐλη-

214 2634 415 2704 θήσεται
443 2635 602 2706 αὑτῷ
623 2637 774 2691 οὐδὲν
802 2638 1037 2707 πρᾶγμα
1061 2653 1075 2666 ο
1106 2637 1283 2701 ἁθῶος
1299 2638 1454 2691 ἔσται
1477 2641 1534 2691 ὲν
1549 2641 1615 2710 τῇ
1633 2640 1782 2710 οἰκίᾳ.

212 2726 377 2780 αὑτοῦ.
450 2726 736 2780 Ἐνιαυτὸν
790 2726 888 2782 ἕνα.
942 2728 1205 2798 εὐφρανεῖ
1262 2729 1358 2799 τὴν
1425 2732 1658 2798 γυναῖκα
1714 2729 1782 2800 ἢν

210 2818 372 2872 ἔλαϐε.
404 2839 424 2872 ι
463 2820 989 2890 Καταφορτίζεσθαι
1017 2820 1126 2891 γὰρ
1155 2822 1254 2873 οὐκ
1287 2822 1355 2891 ἐᾷ
1386 2821 1566 2883 πόνοις
1592 2837 1651 2874 τε
1685 2822 1782 2874 καὶ

209 2911 443 2982 διωγμοῖς
487 2914 591 2965 τὸν
636 2914 921 2976 οἱονείπως
950 2913 1253 2983 ἁρτιπαγῆ,
1299 2914 1394 2966 καὶ
1437 2917 1781 2985 νεαρωτέραν

210 3003 382 3073 ἔχοντα
405 3005 506 3074 τὴν
533 3007 622 3068 εἰς
646 3005 708 3058 τὸ
727 3003 931 3072 ἀγαθὸν
950 3004 1210 3073 σπουδὴν,
1233 3004 1480 3074 σχολαῖον
1504 3005 1563 3073 δὲ
1590 3004 1781 3077 ὥσπερ

209 3097 290 3150 καὶ
331 3098 413 3166 ἐφ’
467 3096 658 3167 ἑαυτῷ
702 3097 956 3166 μένοντα,
1009 3097 1105 3151 καὶ
1149 3097 1486 3168 θαλπόμενον
1529 3101 1650 3161 ταῖς
1701 3099 1780 3162 εἰς

209 3188 391 3260 ἀρετὴν
436 3189 907 3259 καταδεσμεῖσθαι
957 3188 1384 3258 φιλοστοργίαις.
1432 3188 1688 3242 Τοιοῦτόν
1726 3205 1780 3241 τι

209 3282 539 3350 πεπραχότας
593 3282 906 3352 εὑρήσομεν
939 3281 1066 3345 τοὺς
1107 3280 1297 3348 ἁγίους
1327 3281 1684 3345 ἀποστόλους,
1731 3282 1781 3335 οἳ

208 3375 305 3435 τοῖς
334 3373 393 3438 ἐξ
420 3371 604 3427 ὲθνῶν
638 3372 1048 3442 ἐπιστρέφουσι,
1083 3373 1175 3426 καὶ
1204 3372 1400 3432 νεωστὶ
1424 3371 1782 3443 κεκλημένοις

209 3466 275 3528 είς
299 3466 604 3534 ἐπίγνωσιν
629 3465 789 3527 Θεοῦ,
829 3467 1016 3533 σαφῶς
1044 3465 1484 3520 ἐπιστέλλουσιν
1521 3486 1540 3517 ι
1593 3465 1781 3532 Ἔδοξε

208 3558 302 3628 γὰρ
327 3559 402 3630 τῷ
431 3560 589 3630 ἁγίῳ
626 3558 906 3630 Πνεύματι
940 3561 1035 3618 καὶ
1069 3561 1222 3629 ἡμῖν,
1256 3558 1425 3628 μηδὲν
1469 3557 1628 3612 πλέον
1659 3559 1782 3611 ἐπι-

206 3649 424 3704 τίθεσθαι
454 3653 600 3722 ὑμῖν
623 3649 791 3719 βάρος
813 3691 829 3714 ,
867 3649 1014 3721 πλὴν
1026 3649 1328 3720 ἀπέχεσθαι
1349 3650 1493 3719 ὑμᾶς
1525 3649 1782 3719 πορνείας

208 3743 289 3795 καὶ
316 3743 574 3807 πνικτοῦ,
614 3743 710 3796 καὶ
737 3743 988 3812 αἵματος.
1015 3760 1036 3792 ›
1074 3742 1348 3812 Παρέντες
1380 3740 1486 3810 γὰρ
1509 3741 1782 3811 οἰκονομι-

209 3831 303 3897 πῶς
326 3834 432 3889 τῶν
461 3833 830 3904 ὲνταλμάτων
870 3835 938 3888 τὰ
985 3832 1384 3904 φορτικώτεροι,
1412 3833 1568 3901 ὀλίγα
1596 3850 1654 3885 τε
1685 3833 1781 3886 καὶ

210 3925 462 3994 ἀναγκαῖα
473 3928 674 3997 τηρεὲν
705 3925 982 3990 ἐκέλευον,
1009 3924 1116 3978 τῶν
1137 3923 1337 3995 ἀρτίως
1367 3924 1787 3995 εἰσκξκομισμέ-

211 4029 302 4068 νων
319 4014 408 4067 ἐπὶ
426 4014 490 4068 τὸ
514 4015 722 4086 χρῆναι
745 4013 1017 4071 θεοσεϐεῖν
1043 4013 1105 4066 τὸ
1124 4013 1437 4084 ἅτληπαθὲς
1461 4015 1561 4067 οὐκ
1585 4015 1781 4084 ἠγνοη-

211 4104 364 4169 κότες.
395 4107 504 4164 Καὶ
548 4105 714 4175 γοῦν,
750 4105 934 4175 ἀνίησι
979 4106 1078 4175 μὲν
1123 4105 1250 4168 τοὺς
1287 4105 1563 4170 τοιούτους
1612 4107 1642 4159 6
1671 4105 1780 4159 τῶν

211 4196 328 4252 ὅλων
351 4199 484 4262 Θεὸς
511 4199 614 4256 καὶ
643 4197 819 4268 ὀργῆς
849 4197 943 4250 καὶ
989 4195 1350 4268 αἰτιαμάτων,
1396 4196 1498 4250 κᾶν
1537 4198 1584 4249 ει
1623 4213 1782 4266 περι.

211 4290 410 4347 πέσοιεν
446 4288 855 4360 ὁλιγοψυχίαις,
891 4289 998 4359 τὴν
1029 4287 1272 4359 ἀσυνήθη
1306 4289 1416 4343 τῶν
1457 4289 1634 4342 πόνων
1665 4289 1778 4342 δια-

212 4380 497 4451 στείχοντες
529 4381 681 4442 666v.
710 4381 1110 4450 Εισπρὰττεται
1136 4379 1194 4433 δὲ
1235 4380 1376 4450 μετὰ
1402 4379 1564 4433 τοῦτο
1597 4379 1776 4444 δίκας,

1885 539 2116 595 idoneus
2157 542 2263 597 erit
2296 543 2388 611 qui
2435 544 2700 612 probetur
2733 561 2796 601 ac
2831 547 3108 601 tentetur?
3145 554 3201 600 et
3241 547 3335 616 qui
3374 562 3464 602 sa-

1881 633 2103 736 pientiai
2125 635 2489 690 contubernio
2519 635 2600 692 uti
2626 646 2878 691 recenter
2909 636 3194 706 inceperit,
3224 637 3270 692 si
3290 638 3342 692 in
3367 655 3464 695 eos

1884 725 2161 787 inciderit,
2193 725 2287 794 qui
2327 733 2476 780 recta
2510 735 2854 795 pervertunt,
2897 743 3078 784 nonne
3115 738 3464 798 pervertetur

1883 816 2067 884 potius
2110 832 2275 885 quam
2306 817 2510 880 vincat,
2533 827 2590 872 et
2614 818 2833 873 illorum
2859 819 3158 887 perniciem
3200 819 3458 888 depellat,

1883 907 2086 976 quippe
2117 923 2241 961 cum
2265 923 2376 962 non
2401 909 2534 962 satis
2554 908 2736 964 adhuc
2759 909 2972 964 stabilis
2993 925 3056 964 ac
3094 909 3234 964 ﬁxus
3274 910 3329 964 in
3371 924 3460 964 sa-

1885 998 2096 1068 pientia
2122 997 2234 1053 sit?

1955 1088 2152 1143 PALL.
2177 1089 2619 1146 Consentaneum
2648 1091 2888 1145 videtur.

1955 1179 2112 1234 ΟΥΕ.
2142 1181 2431 1247 Prmtcrea,
2457 1184 2550 1252 qui
2578 1183 2986 1240 mansuetudini
3017 1184 3220 1248 studet,
3261 1199 3462 1254 provo-

1883 1281 2043 1328 cante
2065 1273 2271 1342 aliquo,
2289 1275 2334 1330 si
2358 1276 2603 1333 nondum
2626 1277 2682 1330 in
2703 1291 2767 1330 ea
2790 1276 2993 1330 virtute
3015 1275 3086 1330 sit
3104 1278 3460 1343 exercitatus,

1884 1379 2066 1419 nonne
2087 1364 2246 1421 facile
2268 1368 2657 1422 succensebit?

1956 1455 2154 1510 PALL.
2177 1457 2257 1511 ita
2280 1457 2496 1526 opinor.

1953 1544 2111 1603 (ΝΗ.
2139 1548 2484 1604 Exercitatus
2517 1559 2699 1606 autem
2722 1552 2940 1622 sapiens
2967 1567 3093 1606 cum
3129 1550 3466 1621 sapientibus

1884 1635 2171 1705 pugnabit,
2193 1646 2250 1691 et
2271 1637 2490 1694 illorum
2515 1639 2728 1695 astutia}
2767 1647 2970 1694 rectam
3010 1639 3274 1693 rationem
3308 1638 3466 1692 forti-

1887 1735 1972 1783 ter
1994 1739 2256 1798 opponet.

1818 1795 1861 1850 Β
1955 1795 2154 1876 ΡᾸιξιι.
2186 1822 2387 1876 Verum
2412 1831 2515 1876 est.

1953 1909 2110 1965 CYR.
2136 1910 2278 1976 Quid
2298 1927 2432 1966 vero
2452 1912 2566 1974 ille,
2595 1912 2687 1981 qui
2714 1911 3190 1970 uiansuetudinem
3219 1919 3303 1966 est
3339 1927 3466 1980 per-

1884 2001 2024 2056 fecte
2047 2010 2395 2065 consecutus,
2417 2017 2600 2056 nonne
2626 2002 2846 2057 dilﬁcile
2873 2003 3240 2066 succensebit,
3277 2019 3467 2073 quam-

1884 2093 1970 2147 vis
1988 2107 2381 2161 nonnunquam
2405 2095 2474 2150 ab
2507 2093 2786 2164 aliquibus
2825 2095 3203 2164 provocetur?

1955 2186 2154 2242 PALL.
2174 2187 2390 2242 Fateor.

1955 2276 2113 2334 CYll.
2142 2277 2311 2332 Recte
2360 2277 2543 2346 itaque
2589 2278 2696 2340 lex,
2745 2291 2871 2331 cum
2910 2276 3190 2346 eleganter
3228 2274 3378 2328 velut
3412 2274 3467 2328 in

1885 2367 2136 2422 mulieris
2169 2367 2352 2436 specie
2391 2366 2650 2423 virtutem
2698 2375 3013 2421 sanctorum
3046 2365 3334 2436 coniugem
3369 2363 3467 2418 de-

1883 2459 2192 2530 pinxisset:
2231 2478 2248 2510 ι
2279 2459 2334 2514 Si
2358 2460 2503 2529 quis,
2532 2459 2730 2528 inquit,
2755 2473 2932 2532 nuper
2972 2473 3196 2512 uxorem
3235 2471 3467 2525 accepe-

1884 2550 1976 2615 rit,
2002 2566 2112 2605 non
2133 2550 2448 2620 egredietur
2473 2550 2542 2604 ad
2582 2550 2810 2615 bellum,
2836 2565 3017 2619 neque
3058 2548 3228 2602 ullum
3268 2561 3476 2602 munus

1883 2642 1934 2697 ei
1957 2642 2300 2712 imponetur:
2335 2643 2594 2697 immunis
2616 2642 2724 2697 erit
2744 2642 2799 2700 in
2819 2641 2983 2697 domo
3011 2657 3127 2695 sua.
3157 2640 3316 2695 Anno
3336 2653 3468 2704 uno,

1882 2731 2183 2790 laetiﬁcabit
2201 2747 2433 2788 uxorem
2471 2748 2649 2798 suam,
2676 2748 2842 2802 quam
2878 2732 3148 2801 accepit“
3175 2749 3187 2785 :
3222 2750 3240 2782 ι
3268 2745 3472 2786 onera-

1883 2823 1930 2877 ri
1950 2839 2187 2894 namque
2208 2824 2493 2878 laboribus
2537 2839 2604 2878 ac
2651 2823 3132 2895 persecutionibus
3180 2839 3291 2877 non
3339 2837 3472 2891 per-

1882 2913 2051 2966 mittit
2075 2929 2221 2978 eum,
2255 2913 2350 2983 qui
2369 2929 2544 2984 nuper
2566 2913 2736 2967 veluti
2794 2920 3111 2982 compactus
3151 2920 3232 2968 est
3270 2921 3328 2967 et
3378 2927 3469 2967 re-

1883 3002 2116 3056 centiori
2145 3011 2229 3057 est
2246 3018 2376 3073 erga
2396 3003 2655 3057 virtutem
2677 3001 2896 3064 studio;
2931 3001 3028 3055 sed
3067 3009 3326 3070 tanquam
3369 3018 3467 3056 cn-

1885 3093 1962 3147 ris
1984 3109 2212 3148 vacuum
2232 3101 2397 3164 atque
2417 3094 2562 3164 apud
2588 3110 2646 3148 se
2687 3103 2998 3149 manentem
3042 3109 3105 3148 ac
3140 3094 3314 3149 fotum
3353 3095 3468 3149 vir-

1883 3183 2017 3238 tutis
2036 3183 2318 3238 amoribus
2346 3182 2661 3238 conﬁrmari
2684 3182 2836 3238 sinit.
2876 3182 3159 3253 Ejusmodi
3187 3183 3469 3254 quidpiam

1881 3284 2100 3329 sanctos
2117 3275 2394 3345 apostolos
2413 3274 2605 3328 fecisse
2633 3275 2996 3344 reperiemus,
3026 3274 3120 3344 qui
3144 3275 3210 3330 ad
3241 3276 3472 3346 gentiles

1879 3381 2058 3435 nuper
2083 3379 2388 3420 conversos
2433 3372 2488 3419 et
2517 3365 2584 3421 ad
2606 3363 2704 3418 Dei
2747 3363 3084 3434 agnitionem
3114 3373 3338 3417 vocatos
3380 3378 3469 3416 sa—

1879 3455 2095 3524 pienter
2127 3455 2380 3511 scribunt
2415 3472 2426 3508 :
2460 3474 2477 3504 ι
2510 3454 2701 3508 Visum
2726 3463 2810 3509 est
2835 3453 2983 3510 enim
3020 3452 3247 3522 Spiritui
3280 3461 3469 3507 sancto

1879 3552 1935 3599 et
1955 3544 2134 3607 nobis,
2158 3545 2297 3600 nihil
2322 3545 2460 3600 ultra
2496 3547 2778 3615 imponere
2818 3545 2976 3600 vobis
3015 3543 3219 3607 oneris,
3261 3544 3369 3598 nisi
3410 3554 3472 3600 ut

1880 3636 2207 3694 abstineatis
2245 3653 2391 3692 vosa
2431 3637 2816 3702 fornicatione,
2852 3647 2908 3692 et
2940 3637 3205 3692 suli‘ocato
3250 3645 3306 3691 et
3342 3653 3469 3690 san-

1879 3727 2043 3796 guine
2064 3726 2132 3780 ⁸⁷.
2177 3747 2193 3777 ι
2225 3727 2619 3784 Praelermissis
2639 3729 2788 3782 enim
2820 3727 3052 3798 sapienti
3074 3726 3473 3797 gubernatione

1880 3817 2154 3872 mandatis
2171 3817 2535 3888 gravioribus,
2575 3834 2748 3889 pauca
2774 3819 3022 3889 quaedam
3048 3833 3112 3873 ac
3158 3815 3474 3872 necessaria

1879 3925 2097 3964 servare
2126 3911 2410 3980 jusserunt
2439 3951 2454 3975 ,
2503 3926 2630 3966 cum
2665 3911 2881 3967 illorum
2921 3911 3015 3980 qui
3049 3909 3216 3980 paulo
3249 3916 3374 3962 ante
3401 3906 3472 3962 ad

1879 4001 2052 4056 Deum
2080 4002 2374 4056 colendum
2393 4001 2616 4058 adducti
2645 4012 2849 4067 essent,
2889 4002 3133 4056 inﬁrmas
3172 4002 3227 4056 in
3263 4001 3476 4072 asperis

1879 4091 2048 4146 rebus
2078 4093 2379 4148 tolerandis
2404 4093 2549 4147 vires
2569 4109 2678 4148 non
2701 4094 3039 4164 ignorarent.
3093 4093 3252 4164 154
3281 4093 3472 4162 Itaque

1880 4183 2193 4254 bujusmodi
2249 4185 2586 4249 hominibus,
2637 4186 2726 4241 ille
2783 4186 3164 4240 universorum
3205 4185 3368 4248 Deus,
3415 4171 3478 4240 et.

1881 4275 1992 4329 iras
2010 4283 2066 4330 et
2089 4276 2279 4346 culpas
2317 4276 2580 4340 remittit,
2605 4277 2821 4332 tametsi
2855 4277 2909 4330 in
2946 4275 3128 4346 pusilli
3179 4277 3346 4330 animi
3384 4275 3470 4329 vi-

1882 4367 2020 4422 tium
2060 4365 2378 4432 inciderint,
2421 4368 2554 4424 dum
2586 4368 2860 4423 insuetam
2897 4368 3148 4422 laborum
3190 4367 3332 4422 viam
3383 4368 3471 4422 in-

210 4472 291 4526 καὶ
315 4475 583 4545 ὑποφέρει
612 4472 804 4526 λοιπὸν
837 4475 952 4534 τοῖς
980 4471 1039 4538 ἐξ
1066 4472 1238 4542 ὀργῆς
1263 4474 1582 4542 κινήμασιν,
1612 4471 1774 4525 aqua-

1881 4459 2227 4529 grediuntur.
2255 4458 2363 4514 Sed
2392 4468 2581 4529 postea
2618 4459 2818 4530 repetit
2858 4475 3070 4529 pmnas,
3117 4468 3174 4514 et
3218 4461 3313 4514 ira:
3359 4475 3474 4516 suae

209 4563 413 4630 νοῦντας
445 4568 548 4638 μὲν
583 4565 772 4619 οὐκέτι
805 4563 892 4634 ᾷιὰ
923 4565 984 4618 τὸ
1007 4564 1174 4633 ἄηθες
1194 4566 1252 4616 ἐν
1274 4567 1388 4626 τοῖς
1414 4563 1618 4628 πόνοις,
1651 4563 1780 4616 ἀνα-

209 4656 488 4721 πίπτοντας
523 4659 585 4714 δὲ
618 4657 824 4728 μᾶλλον
850 4660 932 4720 εἰς
962 4656 1022 4710 τὲ
1057 4655 1154 4728 ἡδύ
1202 4674 1262 4710 τε
1290 4656 1386 4710 καὶ
1415 4656 1644 4727 ἄτραχυ,
1685 4657 1782 4709 κα)⁵

210 4747 512 4817 ἑτοιμότατα
551 4748 1010 4821 παραχεομένους
1037 4751 1117 4812 εις
1143 4748 1204 4801 τὺ
1232 4749 1438 4819 ἀπᾷδον
1467 4748 1671 4801 αὐτῶν.
1707 4749 1777 4800 Ἢ

208 4838 304 4910 γὰρ
328 4841 427 4894 οὐκ
453 4841 702 4910 ἀνάντης
734 4840 834 4911 μὲν
853 4839 1074 4912 ἡάρετὴ
1093 4880 1108 4902 ,
1133 4841 1228 4893 καὶ
1247 4839 1309 4892 τὸ
1335 4841 1414 4903 εἰς
1444 4839 1613 4910 αὐτὴν
1643 4839 1780 4892 ἰέναι

207 4936 385 5014 τραχὺ,
412 4937 511 4998 καὶ
545 4934 732 5006 ἱδροῦν
761 4935 976 5005 ἀνάγκη
1012 4935 1104 4989 τὸν
1139 4933 1435 5004 κατορθοῦν
1460 4935 1784 5013 ᾑρημένονί

267 5111 465 5166 ΠΔΛΛ.
500 5113 677 5183 Φημί.

269 5202 424 5258 ΚΥΡ.
477 5205 625 5258 Ἀλλ’
654 5200 723 5275 ἦν
756 5221 864 5258 που
893 5205 992 5258 οὐκ
1014 5206 1264 5268 ἀπεικὸς,
1307 5207 1512 5278 μᾶλλον
1538 5208 1618 5274 δὲ,
1675 5210 1774 5284 οὐχ

207 5293 340 5349 ὅσιόν
370 5313 431 5350 τε
458 5297 558 5352 καὶ
588 5297 824 5368 πρέπον,
847 5299 975 5361 τοὺς
995 5297 1094 5367 μὲν
1116 5297 1242 5368 ἄρτι
1263 5300 1398 5371 πρὸς
1419 5299 1580 5354 τοῦτο
1600 5303 1778 5374 ἠγμέ-

207 5402 335 5452 νους,
365 5389 841 5458 παῶαγωγεῖσθαι
866 5391 1238 5462 συγγνῶμαις,
1270 5393 1600 5463 προθυμίαις
1621 5395 1777 5454 οὔπω

205 5483 315 5543 ταῖς
352 5482 491 5549 ἄγαν
537 5483 984 5554 ἐρηρεισμένους,
1019 5484 1248 5549 ἁπαλοῖς
1281 5486 1339 5540 δὲ
1365 5486 1554 5560 ὥσπερ
1598 5490 1775 5565 ἰόντας

265 5637 308 5668 ⁸⁸
334 5638 491 5694 Deut.
526 5657 673 5701 xxw,
702 5641 753 5695 5.
832 5642 874 5672 ³⁷
901 5641 1022 5696 Act.
1053 5659 1140 5708 xv,
1168 5642 1259 5702 28,
1301 5643 1388 5702 29.

266 5754 342 5824 (ι)
377 5756 466 5814 Sic
493 5759 620 5813 cod.
652 5760 768 5818 Vat.
796 5777 809 5823 ;
845 5763 1051 5825 caeteri,
1085 5764 1332 5833 νικήσας.

1881 4549 2344 4605 commotionibus
2389 4550 2612 4620 subjicit
2644 4567 2741 4606 eos
2770 4552 2887 4620 qui,
2915 4567 3037 4606 cum
3084 4568 3194 4606 non
3235 4551 3472 4622 amplius

1879 4641 2300 4698 desuetudinem
2326 4640 2576 4696 laborum
2613 4641 2974 4698 imbecillitati
3016 4658 3126 4698 sua:
3171 4651 3471 4713 prmtexere

1881 4733 2118 4803 possint,
2149 4732 2216 4786 ad
2261 4732 2552 4789 illecebras
2593 4735 2776 4804 potius
2808 4742 2970 4805 atque
3018 4735 3301 4790 mollitiem
3339 4749 3471 4806 pro-

1872 4825 2028 4897 jecti,
2050 4826 2413 4886 libentissime
2441 4844 2500 4884 se
2541 4829 2598 4884 in
2627 4828 2945 4884 vecordiam
2973 4843 3124 4881 suam
3153 4826 3464 4881 effundunt.

1880 4917 1965 4972 An
2003 4934 2136 4973 vero
2180 4935 2290 4974 non
2338 4920 2509 4976 ardua
2550 4927 2634 4975 est
2678 4919 2874 4984 virtus,
2915 4926 2971 4974 et
3005 4934 3168 4988 asper
3212 4917 3278 4972 ad
3320 4917 3467 4971 illam

1885 5025 2172 5076 accessus,
2197 5028 2260 5067 ac
2298 5014 2496 5070 sudare
2544 5028 2772 5068 necesse
2805 5020 2889 5068 est
2919 5011 3013 5082 qui
3061 5011 3210 5065 illius
3245 5026 3468 5081 compos

1885 5101 2006 5158 ﬁeri
2050 5105 2325 5160 voluerit?

1957 5197 2154 5254 PALL.
2178 5199 2396 5254 Fateor.

1954 5287 2110 5344 CYR.
2134 5289 2255 5344 Non
2283 5300 2368 5346 est
2399 5300 2583 5346 autem
2609 5289 2930 5354 absurdum,
2959 5288 3071 5344 imo
3097 5304 3228 5344 vero
3248 5304 3466 5359 aequum

1878 5388 2046 5451 atque
2067 5383 2422 5444 conveniens,
2451 5383 2544 5452 qui
2569 5398 2746 5452 nuper
2777 5389 2907 5436 sunt
2943 5382 3012 5436 ad
3048 5382 3154 5438 boc
3189 5380 3462 5452 perducti,

1879 5488 1976 5530 eos
2011 5489 2139 5529 cum
2173 5473 2342 5529 animi
2385 5473 2664 5530 alacritate
2701 5472 2946 5528 nondum
2987 5472 3119 5528 satis
3156 5465 3466 5527 conﬁrmati
