4072 6504
580 333 687 391 379

1573 337 1629 392 S.
1672 338 1949 395 CYRILLI
1988 337 2456 392 ALEXANDRINI
2498 336 2813 395 ARCIIIEP.

3736 341 3839 395 380

582 451 715 514 sint,
750 450 844 505 sed
882 450 1050 507 vel-uti
1080 452 1285 507 teneris
1316 453 1497 509 adhuc
1517 453 1751 523 pedibus
1780 454 2079 517 ambulent,
2106 462 2154 507 et

2264 453 2411 515 ποσὶ,
2448 454 2538 506 καὶ
2566 454 2856 516 νοσοῦντας
2884 454 2960 505 ἔτι
2991 456 3050 506 τὸ
3076 455 3291 514 ἄναλκι,
3334 455 3511 516 πόνοις
3546 472 3603 507 τε
3627 457 3718 509 καὶ
3744 451 3837 525 φιὶέ

583 538 957 593 imbecillitate
984 540 1255 605 laborent,
1282 542 1584 613 indulgenti
1608 544 1983 599 moderatione
2009 544 2152 614 regi;

582 639 884 700 contraque
918 632 1068 685 illum
1106 634 1467 689 exercitatum
1503 637 1683 705 poenis
1722 637 1796 707 (l)
1842 652 1906 692 ac
1946 644 2175 715 terrore.

582 722 774 777 durius
792 723 1107 793 gubernari,
1122 740 1185 778 ac
1200 726 1371 799 veluti
1393 729 1718 783 necessitate
1738 729 1970 799 quadam
1984 730 2057 784 ad
2076 731 2154 785 la-

581 812 777 867 borum
800 814 1118 883 patientiam
1144 827 1200 869 et
1216 796 1560 886 obsequendi
1584 796 1898 877 facilitatem
1934 822 2152 876 adduci.

652 905 847 959 PALL.
875 904 1090 975 Optime
1123 906 1488 963 ratiocinaris.

649 993 805 1049 CYR.
846 994 1034 1065 Neque
1065 1011 1198 1050 vero
1224 1011 1287 1051 ea
1320 1014 1409 1052 res
1440 998 1671 1055 obscura
1701 1010 1804 1068 est,
1841 1004 1887 1057 si
1941 1019 2063 1072 quae
2098 1002 2154 1057 in

581 1084 753 1156 ﬁgura
775 1087 967 1157 priscis
990 1088 1097 1141 illis
1124 1088 1255 1143 viris
1298 1091 1614 1147 acciderunt
1644 1094 1933 1164 diligenter
1960 1097 2153 1165 exqui-

581 1193 705 1232 rere
740 1179 994 1233 velimus.
1034 1178 1126 1233 Sic
1157 1181 1301 1234 enim
1338 1183 1599 1251 scriptum
1632 1193 1751 1240 est:
1791 1206 1808 1236 ι
1835 1186 2034 1241 Eduxit
2060 1204 2156 1242 au-

582 1278 690 1325 tem
717 1270 928 1340 Moyses
950 1271 1090 1325 ﬁlios
1110 1273 1271 1327 Israel
1298 1273 1365 1327 de
1390 1275 1527 1328 mari
1564 1276 1775 1341 Rubro,
1795 1286 1851 1331 et
1880 1278 2035 1332 duxit
2058 1294 2154 1335 eos

580 1359 637 1413 in
662 1359 938 1414 desertum
971 1360 1077 1414 Sur
1102 1379 1113 1413 :
1139 1370 1193 1414 et
1219 1362 1637 1417 ambulaverunt
1662 1375 1773 1418 tres
1810 1364 1926 1419 dies
1963 1365 2018 1418 in
2056 1366 2154 1420 de—

581 1461 751 1515 serto,
782 1468 883 1506 nec
918 1453 1273 1507 inveniebant
1311 1470 1506 1523 aquam
1532 1455 1600 1509 ad
1628 1456 1949 1510 bibendum.
1973 1458 2152 1513 Vene-

581 1550 712 1596 runt
744 1552 926 1597 autem
972 1543 1028 1597 in
1067 1532 1441 1606 Merrammec
1480 1554 1733 1615 poterant
1754 1547 1940 1602 bibere
1957 1564 2152 1618 aquam

579 1649 647 1687 ex
677 1634 893 1698 Merra;
920 1649 1104 1688 amara
1146 1636 1292 1689 enim
1339 1643 1474 1690 erat.
1525 1636 1653 1690 Ideo
1698 1638 1911 1692 vocavit
1955 1655 2153 1695 nomen

577 1725 683 1781 loci
727 1726 874 1783 illius
907 1728 1363 1783 Amaritudinem.
1405 1730 1476 1783 Et
1519 1732 1885 1785 murmuravit
1920 1733 2153 1802 populus

2260 544 2375 607 ϐοις
2443 536 2956 616 σκληραγωγεῖσθαι
3011 546 3101 599 τὸν
3154 546 3398 616 ἐντριϐῆ,
3456 548 3710 617 καθάπερ
3760 550 3837 615 ’ἐξ

2258 637 2503 707 ἀνάγκης
2526 638 2625 709 ἤδη
2650 656 2752 691 που
2780 638 3151 710 ἀποφέρεσθαι
3179 638 3361 694 λοιπὸν
3379 642 3458 705 είς
3487 640 3545 694 τὸ
3567 640 3839 713 τληπαθές

2258 730 2352 783 καὶ
2382 730 2597 801 εὐήνιον
2620 747 2633 759 ·

2330 911 2536 964 ΠΛΛΛ.
2573 912 2805 982 ’Λριστα
2834 910 3038 981 διανοῇ.

2329 1003 2495 1058 ΚΥΡ.
2544 1003 2652 1056 Καὶ
2681 1003 2741 1056 τὸ
2768 1003 2959 1075 χρῆμά
2998 1005 3143 1056 ἐστιν
3172 1004 3272 1055 οὐκ
3312 1005 3652 1074 ἀσυμφανές,
3695 1005 3745 1057 εί
3773 1006 3849 1059 τᾶ
3877 996 3893 1010 ’

2256 1095 2499 1159 τυπικῶς
2526 1097 2639 1158 τοῖς
2674 1095 2926 1166 ἀρχαίοις
2950 1096 3331 1167 συμϐεϐηκότα
3363 1097 3841 1169 πολυπραγμονεῖν

2257 1187 2556 1259 ἐθέλοιμεν.
2595 1188 2908 1259 Γέγραπται
2933 1189 3042 1260 γὰρ
3088 1188 3219 1241 ὠδίσ
3264 1209 3281 1241 ι
3325 1189 3514 1259 Ἐξῆρε
3545 1190 3601 1242 δέ
3634 1192 3840 1261 Μωσῆς

2255 1280 2558 1344 τοῦςυὶοῦς
2588 1280 2806 1350 Ἰσραὴλ
2826 1279 2933 1333 ἀπὸ
2956 1280 3231 1349 Θαλάσσης
3269 1280 3557 1350 Ἐρυθρᾶς.
3589 1283 3684 1334 καὶ
3700 1283 3839 1351 ἢγα-

2256 1390 2351 1442 γεν
2398 1372 2595 1436 αὐτοὺς
2637 1375 2717 1436 εἰς
2745 1374 2843 1443 τὴν
2892 1374 3100 1444 ἔρημον
3154 1374 3325 1443 Σούρ⁸
3370 1375 3463 1426 καὶ
3512 1375 3842 1446 ἐπορεύοντο

2255 1469 2406 1538 τρεῖς
2437 1465 2653 1535 ἡμέρας
2692 1466 2750 1518 ἐν
2780 1466 2846 1535 τῇ
2882 1466 3091 1535 ἐρήμῳ,
3128 1465 3222 1517 καὶ
3253 1465 3351 1535 οὐχ
3375 1464 3639 1535 ηὕρισκον
3668 1466 3835 1537 ὕδωρ.

2257 1557 2397 1611 ὥστε
2419 1560 2582 1611 πιεῖν.
2610 1552 2814 1610 Ἦλθον
2839 1556 2894 1609 δὲ
2924 1557 3005 1619 εἰς
3038 1557 3287 1626 Μερῤἄν,
3315 1557 3409 1609 καὶ
3443 1557 3541 1608 οὐκ
3574 1556 3842 1624 ἠδύναντο

2258 1653 2401 1704 πιεῖν
2434 1648 2578 1720 ὕδωρ
2607 1650 2671 1702 ἐκ
2713 1648 2974 1720 Μερρἄ·
3011 1647 3207 1717 πικρὸν
3253 1648 3361 1717 γὰρ
3394 1644 3481 1719 ἦν.
3540 1648 3639 1700 Διά
3678 1650 3842 1702 τοῦτο

2257 1740 2585 1810 ἐπωνόμασε
2617 1739 2681 1793 τὸ
2698 1740 2867 1809 ὄνομα
2896 1737 2990 1792 τοῦ
3020 1737 3186 1791 τόπου
3210 1738 3443 1803 ἐκείνου,
3473 1740 3679 1810 Πικρία
3698 1757 3712 1769 ο
3746 1742 3845 1793 καὶ

578 1819 842 1874 adversus
870 1821 1112 1891 Moysen,
1140 1821 1385 1875 dicentes
1410 1839 1422 1873 :
1449 1820 1591 1887 Quid
1616 1822 1911 1877 bibemus?
1938 1822 2152 1879 Clama--

2259 1833 2607 1901 διεγόγγυξεν
2636 1833 2664 1884 ὁ
2688 1832 2815 1896 λαὸς
2846 1832 2982 1903 πρὸς
3028 1832 3257 1901 Μωσῆν,
3288 1832 3536 1899 λέγοντες
3556 1848 3568 1860 ο
3600 1832 3666 1883 Τί
3717 1834 3839 1884 πιό-

580 1911 655 1964 vit
671 1912 856 1981 itaque
883 1911 1091 1983 Moyses
1108 1913 1174 1967 ad
1199 1913 1512 1977 Dominum,
1534 1920 1591 1967 et
1606 1913 1843 1969 ostendit
1868 1914 1947 1968 illi
1967 1915 2151 1969 Domi-

575 2020 681 2059 nus
716 2004 944 2075 liguum,
971 2014 1026 2059 et
1049 2005 1241 2075 injecit
1264 2006 1399 2061 illud
1434 2008 1486 2061 in
1525 2022 1743 2077 aquam,
1777 2016 1833 2062 et
1855 2007 2033 2062 dulcis
2070 2007 2151 2061 fa-

574 2108 661 2153 cta
693 2107 777 2155 est
805 2114 943 2169 aqua
978 2098 1043 2151 ⁸⁸.
1068 2120 1084 2149 ι
1117 2099 1301 2169 Nuper
1324 2100 1470 2155 enim
1498 2116 1565 2155 ex
1598 2099 1977 2171 Egyptiorum
2006 2107 2153 2154 terra

574 2191 804 2263 profecti
829 2191 923 2245 ﬁlii
947 2192 1134 2256 Israel,
1163 2208 1288 2247 cum
1312 2193 1593 2247 servitutis
1621 2192 1791 2256 illius,
1817 2207 1925 2262 qua
1957 2191 2060 2247 sub
2085 2192 2154 2246 il-

573 2284 754 2339 lorum
798 2283 1008 2339 ditione
1047 2285 1460 2354 premebantur,
1500 2299 1663 2354 grave
1703 2285 1894 2355 jugum
1940 2291 1997 2339 et
2044 2299 2155 2338 non

572 2374 863 2430 ferendum
896 2375 1242 2446 abjecissent,
1278 2376 1345 2431 ad
1375 2378 1700 2447 promissam
1735 2378 1866 2432 olim
1905 2378 2156 2448 patribus

573 2475 797 2531 terram,
821 2466 935 2522 Deo
974 2476 1224 2533 vocante,
1267 2468 1655 2538 properabant.
1686 2467 1765 2523 Ac
1800 2468 2011 2539 primus
2050 2469 2157 2524 illis

573 2559 817 2614 occurrit
845 2558 1001 2614 labor
1025 2575 1090 2614 ex
1115 2576 1381 2629 aquarum
1412 2560 1615 2631 inopia,
1641 2576 1777 2631 quas
1814 2560 1906 2615 vix
1936 2561 2154 2615 tandem

571 2656 927 2720 posteaquam
974 2650 1066 2705 diu
1109 2650 1513 2713 laboraverant,
1563 2658 1926 2720 repererunt;
1977 2666 2155 2721 neque

574 2749 754 2797 tamen
801 2758 990 2797 earum
1041 2759 1176 2798 usus
1214 2744 1443 2797 vacabat
1488 2743 1756 2809 molestia,
1794 2752 1953 2799 erant
2007 2743 2153 2797 enim

570 2849 789 2899 amarae,
844 2836 986 2890 sicut
1034 2836 1300 2906 scriptum
1344 2844 1463 2901 est;
1512 2836 1606 2891 sed
1652 2836 1783 2907 ligni
1829 2836 2155 2891 admistione

571 2924 763 2981 dulces
797 2942 860 2981 ac
886 2942 1081 2982 suaves
1114 2926 1270 2982 factae
1309 2935 1457 2991 sunt,
1483 2943 1608 2982 cum
1631 2927 1792 2982 beato
1815 2927 1982 3000 Moysi
2010 2928 2151 2982 viam

571 3031 680 3086 qua
706 3017 759 3072 id
796 3018 981 3083 ﬁeret,
1024 3019 1168 3073 Deus
1202 3019 1553 3074 ostendisset.
1602 3018 1739 3073 Cum
1783 3020 1929 3073 enim
1971 3018 2153 3074 divina

569 3111 658 3166 lex
686 3126 788 3165 nos
814 3110 1009 3166 doceat
1032 3127 1062 3166 a
1085 3111 1351 3167 servitute
1374 3112 1638 3166 vitiorum
1671 3119 1948 3167 extractos
1978 3112 2150 3166 Deum

569 3202 815 3272 sequi,et
842 3217 910 3258 ex
933 3202 1243 3259 daemonum
1267 3202 1423 3273 155
1448 3203 1728 3257 dominatu
1751 3202 2028 3267 recedere,
2049 3203 2153 3258 sub

571 3295 935 3350 tentationum
959 3295 1145 3350 labore
1170 3294 1370 3350 sudare
1410 3312 1633 3351 necesse
1659 3304 1779 3361 est;
1814 3303 1870 3350 et
1908 3295 2151 3350 severio-

568 3387 648 3442 ris
668 3388 1081 3443 exercitationis
1103 3388 1387 3443 laboribus
1405 3389 1587 3443 carnis
1602 3387 1733 3443 vitia
1753 3387 2150 3453 consumendo,

569 3488 734 3550 atque
771 3479 1013 3535 immites
1037 3480 1159 3534 illos
1195 3487 1379 3534 motus
1413 3478 1507 3549 qui
1552 3494 1771 3549 semper
1816 3480 2153 3551 voluptatem

570 3579 839 3643 spectant,
867 3588 976 3626 non
1001 3587 1161 3627 secus
1185 3587 1249 3626 ac
1277 3579 1473 3639 tetram
1494 3579 1552 3628 et
1585 3572 1880 3626 immanem
1914 3572 2154 3627 belluam

570 3663 663 3717 siti
692 3670 748 3717 et
771 3662 950 3716 inedia
975 3661 1478 3729 mansuefaciendo,
1507 3662 1652 3717 illam
1687 3662 1866 3718 laudis
1894 3678 2153 3719 coronam

570 3752 821 3823 adipisci.
852 3752 1179 3808 Volentibus
1203 3753 1350 3807 enim
1372 3754 1724 3809 continentia:
1765 3753 2023 3809 virtutem
2071 3763 2154 3810 te-

570 3862 723 3913 nere,
756 3847 933 3918 prima
966 3845 1127 3900 nobis
1158 3860 1340 3916 pugna
1380 3846 1647 3902 adversus
1680 3862 1901 3902 carnem
1937 3854 1993 3901 et
2035 3847 2155 3918 ejus

568 3936 703 3992 vitia
727 3936 1007 4003 occurrit;
1038 3950 1221 4006 neque
1248 3951 1490 4006 unquam
1513 3937 1619 3992 alia
1648 3936 1862 3992 ratione
1893 3936 2152 3991 virtutem

569 4027 840 4100 quispiam
886 4028 1135 4083 excolere
1176 4026 1398 4099 poterit.
1450 4027 1621 4098 Igitur
1673 4028 1796 4081 sitis
1851 4028 1981 4092 illa,
2032 4043 2153 4098 qua!

568 4120 767 4191 priscis
787 4120 894 4175 illis
919 4120 1238 4175 hominibus
1260 4120 1315 4174 in
1342 4119 1562 4175 deserto
1585 4119 1833 4189 contigit,
1858 4118 2154 4173 severioris

568 4212 977 4268 exercitationis
1004 4212 1252 4268 laborum
1278 4211 1451 4283 ﬁgura
1475 4210 1614 4276 fuit;
1658 4219 1714 4264 et
1759 4226 1881 4280 qua:
1921 4210 1987 4264 ad
2025 4224 2151 4264 cor-

568 4319 673 4375 pus
701 4304 999 4373 pertinent,
1040 4303 1194 4358 initia
1227 4310 1355 4358 sunt
1399 4302 1973 4357 exercitamentorum.
2013 4300 2150 4354 Illud

567 4395 715 4449 enim
740 4396 1143 4452 animadvertas
1176 4396 1357 4458 velim,
1385 4395 1509 4450 illos
1533 4409 1644 4450 non
1671 4394 1740 4449 ab
1771 4393 1928 4448 initio
1969 4392 2151 4447 statim

2258 1922 2435 1991 μεθα;
2474 1922 2701 1994 Ἑϐόησε
2735 1922 2793 1975 δέ
2834 1924 3037 1993 Μωσῆς
3078 1923 3212 1995 πρὸς
3241 1923 3445 1993 Κύριον
3468 1941 3482 1954 ·
3515 1925 3607 1976 καὶ
3634 1924 3839 1988 ἔδειξεν

2255 2013 2405 2084 αὐτῷ
2445 2013 2649 2084 Κύριος
2688 2013 2860 2078 ξύλον,
2896 2014 2991 2067 καὶ
3026 2013 3279 2067 ἐνέϐαλεν
3305 2014 3437 2066 αὐτὸ
3474 2015 3553 2078 εἰς
3577 2015 3639 2067 τὸ
3667 2014 3836 2084 ὕδωρ,

2256 2109 2350 2162 καὶ
2381 2107 2687 2179 ἐγλυκάνθη
2720 2108 2781 2160 τὸ
2816 2106 2979 2177 ῦδωρ,
3016 2127 3032 2157 ι
3071 2108 3230 2177 ’Ἄρτι
3271 2107 3369 2174 μὲν
3391 2106 3499 2177 γὰρ
3537 2108 3638 2175 τῆς
3664 2108 3837 2175 Δίγυ-

2258 2201 2428 2254 πτίων
2472 2200 2801 2270 ἀπαίροντες
2833 2200 2935 2270 γῆς
2977 2199 3026 2252 οἱ
3067 2199 3125 2265 ἐξ
3176 2198 3417 2269 Ἰσραὴλ,
3480 2200 3569 2252 καὶ
3610 2200 3708 2269 τῆς
3741 2199 3839 2251 ὑπ’

2257 2292 2441 2355 αὐτοῖς
2469 2292 2692 2362 θητείας
2721 2292 2812 2344 τὸν
2842 2290 3083 2361 δυσαχθῆ
3123 2307 3181 2342 τε
3208 2291 3300 2343 καὶ
3336 2290 3564 2361 ἄτλητον
3600 2292 3831 2362 ἀπορρι-

2258 2384 2519 2447 πτοῦντες
2546 2384 2728 2452 ζυγὸν,
2776 2384 2858 2445 εἰς
2886 2383 2983 2453 τὴν
3013 2382 3179 2436 πάλαι
3216 2384 3331 2444 τοῖς
3359 2382 3630 2452 πατράσιν
3661 2383 3851 2453 Em"-

2257 2474 2352 2543 γε).
2362 2474 2530 2545 μένην
2553 2470 2981 2544 μεθορμίζεσθαι
3008 2472 3131 2543 γῆν,
3149 2471 3283 2525 θεοῦ
3305 2472 3618 2535 καλοῦντος,
3638 2472 3840 2525 ἐσπού-

2256 2566 2436 2629 δαζον.
2469 2565 2692 2636 Πρῶτος
2713 2564 2775 2616 δὲ
2791 2565 2978 2627 αὐτοῖς
3008 2562 3331 2626 ὑπαντιάζει
3367 2562 3547 2627 πόνος,
3576 2564 3685 2616 τῶν
3719 2564 3843 2618 ὑδά-

2255 2676 2362 2711 των
2401 2660 2433 2728 ή
2470 2659 2687 2721 σπάνις,
2737 2656 2773 2711 ἀ
2820 2656 2973 2727 μόλις
3024 2656 3123 2727 μέν
3165 2655 3254 2709 διὰ
3297 2655 3510 2727 μακροῦ
3567 2655 3851 2725 καμοῦσιν

2258 2751 2481 2822 εὑρέθη,
2520 2750 2660 2811 πλὴν
2681 2750 2781 2803 οὐκ
2814 2748 3199 2819 ἀταλαίπωρον
3234 2748 3424 2817 ἔχοντα
3464 2747 3563 2819 τὴν
3599 2749 3840 2803 ἀπόλαυ.

2259 2859 2364 2897 σιν’
2399 2842 2570 2913 πικρά
2601 2842 2709 2910 γὰρ
2737 2837 2823 2912 ἦν,
2863 2840 3005 2894 καθά
3038 2841 3343 2911 γέγραπται
3363 2879 3377 2893 .
3396 2840 3565 2893 Ξύλου
3607 2840 3663 2893 δέ
3692 2841 3840 2910 μίξει

2260 2933 2693 3005 μετεσκευάξετο
2715 2932 2852 3003 πρὸς
2890 2932 2951 2985 τὸ
2983 2932 3081 3001 ἡδύ
3110 2948 3169 2983 τε
3201 2932 3295 2984 καὶ
3332 2931 3526 2999 γλυκὺ,
3557 2930 3693 2984 Θεοῦ
3732 2949 3841 2983 πα·-
3896 2946 3899 2947 ⁷

2260 3024 2626 3095 ραδεδειχότος
2653 3022 2747 3076 τοῦ
2796 3024 3121 3094 πράγματος
3150 3020 3246 3092 τὴν
3279 3020 3395 3074 ὁδὸν
3438 3019 3517 3090 τῷ
3564 3020 3843 3091 θεσπεσίῳ

2255 3114 2451 3184 Μωσῇ.
2495 3113 2665 3184 Νόμῳ
2704 3115 2815 3185 γάρ
2862 3111 2989 3181 θείῳ
3037 3110 3547 3181 παιδαγωγούμενοι
3602 3110 3741 3182 πρὸς
3774 3111 3842 3166 τὸ

2254 3206 2367 3260 δεῖν
2397 3205 2616 3259 ἑλέσθαι
2666 3203 3088 3258 κατακολουθεῖν
3118 3201 3198 3273 τῷ
3243 3200 3385 3272 Θεῷ,
3423 3203 3523 3273 τῆς
3553 3204 3618 3256 ἐκ
3650 3203 3853 3259 παθῶν

2254 3297 2498 3360 δουλείας
2522 3294 2821 3361 ἐξέλκοντι,
2847 3295 2942 3350 καὶ
2974 3295 3038 3348 ἐκ
3065 3294 3164 3365 τῆς
3202 3294 3310 3347 τῶν
3342 3294 3636 3366 δαιμονίων
3666 3296 3843 3349 ἀπαλ-

2255 3387 2545 3442 λάττεσθαι
2563 3385 2897 3457 τυραννίδος,
2927 3383 3110 3455 ἱδροῦν
3139 3385 3354 3456 ἀνάγκη
3383 3384 3837 3456 πειραζομένους.

2255 3480 2348 3534 καὶ
2381 3478 2473 3532 τὸν
2510 3478 2611 3548 τῆς
2640 3476 3043 3547 εὖδοκιμήσεως
3063 3476 3375 3531 ἀναδεῖσθαι
3408 3476 3693 3546 στέφανον,
3726 3479 3857 3540 τοῖς

2255 3569 2316 3636 ἐξ
2341 3570 2627 3641 ἀσκήσεως
2683 3567 2869 3631 πόνοις
2907 3568 3319 3638 κατατήκοντας
3364 3566 3436 3620 τά
3479 3565 3704 3637 σαρκὸς,
3744 3568 3841 3620 καὶ

2255 3661 2443 3733 ὥσπερ
2472 3660 2607 3714 ’τινὰ
2647 3659 2790 3731 θῆρα
2831 3659 3004 3713 δεινὸν
3039 3657 3563 3729 καταγοητεύοντας,
3595 3658 3737 3729 δίψει
3777 3674 3840 3711 τε

2256 3754 2350 3807 καὶ
2397 3753 2659 3817 ἀσιτίαις,
2699 3751 2761 3805 τὸ
2805 3750 2945 3820 πρὸς
2974 3751 3169 3823 ἡδονὴν
3200 3751 3288 3806 ἀεὶ
3318 3751 3515 3822 βλέπον
3542 3751 3839 3806 ἀτίθασσον

2256 3845 2479 3914 κίνημα.
2514 3841 2714 3915 Πρώτη
2741 3844 2852 3912 γὰρ
2870 3845 3003 3915 ἡμῖν
3027 3845 3060 3913 ἠ
3086 3844 3256 3915 μάχη,
3277 3842 3577 3914 κατορθοῦν
3592 3841 3836 3896 ἐθέλουσι

2260 3937 2360 4007 τὴν
2388 3936 2735 4005 ἐγκράτειαν,
2782 3934 2921 4006 πρὸς
2952 3934 3133 4005 σάρκα
3166 3951 3227 3987 τε
3274 3935 3369 3987 καὶ
3398 3933 3466 3986 τά
3512 3934 3714 4005 αὐτῆς·
3742 3935 3839 3987 καὶ

2253 4027 2352 4080 οῦκ
2380 4027 2445 4081 ἂν
2468 4023 2620 4096 οἶμαί
2657 4043 2740 4089 τις
2771 4025 2972 4097 ἑτέρως
3013 4022 3323 4095 ἐκμελετῴη
3350 4024 3448 4095 τὴν
3469 4024 3691 4095 ἀρετήν.
3729 4023 3839 4077 Τύ-

2255 4136 2356 4183 πος
2375 4113 2468 4173 οῦν
2492 4119 2601 4190 ἀρα
2627 4117 2737 4171 τῶν
2760 4120 2817 4171 ἐν
2840 4118 3071 4188 ἀσκήσει
3098 4116 3299 4182 πόνων,
3330 4117 3363 4187 ἠ
3391 4114 3517 4185 δίψα
3535 4116 3647 4178 τοῖς
3668 4113 3843 4169 πάλαι

2257 4211 2511 4282 συμϐᾶσα
2530 4209 2671 4264 κατά
2685 4208 2782 4280 τὴν
2804 4208 3007 4280 ἔρημον
3021 4225 3035 4237 ο
3051 4208 3146 4263 καὶ
3163 4207 3382 4278 ἀπαρχὴ
3402 4208 3834 4279 γυμνασμάτων,

2253 4309 2322 4362 τὰ
2361 4306 2669 4378 σωματικά.
2729 4304 3014 4375 Ἐπιτήρει
3048 4303 3157 4374 γὰρ
3190 4286 3339 4366 ὅπως
3381 4302 3482 4355 οὐκ
3530 4302 3589 4355 ἐν
3636 4302 3836 4374 ἀρχαῖς

2256 4400 2416 4464 εὐθὺς
2465 4398 2685 4468 πολέμῳ
2725 4396 3149 4469 προσϐάλλουσιν
3190 4396 3278 4467 (οὐ
3326 4394 3434 4468 γὰρ
3474 4397 3590 4458 τοῖς
3629 4394 3835 4465 ἀρτίως

569 4487 626 4542 in
654 4487 857 4543 bellum
887 4488 1178 4543 incidisse:
1206 4504 1383 4557 neque
1403 4488 1571 4552 enim,
1614 4486 1708 4557 qui
1749 4500 1927 4556 nuper
1958 4484 2154 4540 adver-

2261 4490 2711 4563 κατανδρίζεσθαι
2747 4488 2856 4544 τῶν
2907 4488 3093 4542 παθῶν
3147 4488 3241 4541 καὶ
3290 4485 3590 4557 κατορθοῦν
3632 4486 3847 4556 ἀρετὴν

570 4594 665 4633 sus
693 4580 825 4633 vitia
848 4580 1064 4634 fortiter
1094 4595 1153 4634 se
1196 4595 1387 4651 gerere
1412 4595 1475 4634 ac
1520 4578 1742 4633 virtutis
1780 4592 2009 4631 munera
2052 4592 2150 4631 ex-

2259 4582 2571 4655 ὴργμένοις,
2618 4578 2779 4642 εὐθὺς
2832 4580 2866 4649 ἠ
2906 4578 3052 4649 πάλη
3093 4577 3229 4650 πρὸς
3274 4576 3374 4640 τὰς
3421 4574 3595 4647 ἀρχάς
3637 4591 3699 4627 τε
3742 4575 3836 4628 καὶ

569 4670 727 4741 sequi
754 4679 1057 4741 cmperunt,
1086 4671 1155 4725 ab
1182 4671 1248 4726 iis
1272 4670 1456 4726 statim
1489 4685 1669 4741 pugna
1709 4668 2009 4739 suscipitur
2051 4667 2151 4721 ad-

2259 4673 2528 4739 ἐξουσίας,
2559 4670 2648 4724 διὰ
2675 4669 2738 4724 τὸ
2762 4670 2870 4723 τῶν
2901 4668 3347 4741 δοκιμαζομένων
3378 4666 3602 4735 ἀγεννὲς
3629 4665 3709 4717 ἔτι
3740 4664 3839 4717 καὶ

568 4776 763 4817 versus
814 4761 1155 4831 principatus
1191 4769 1248 4816 et
1290 4769 1618 4833 potestates,
1662 4769 1955 4831 propterea
2004 4758 2151 4830 quod

2259 4764 2412 4819 οὔπω
2439 4763 2560 4815 λίαν
2582 4758 2865 4831 ἀσφαλὲς),
2889 4759 3023 4813 ἀλλὰ
3046 4761 3157 4822 τοῖς
3170 4758 3269 4828 τῆς
3297 4756 3498 4828 σαρκὸς
3516 4754 3834 4826 δοκιμάζον-

569 4851 664 4922 qui
689 4858 1036 4917 exercentur,
1069 4851 1249 4905 adhuc
1294 4866 1490 4921 parum
1532 4852 1762 4915 strenui,
1796 4866 1975 4920 neque
2021 4850 2154 4904 satis

569 4941 865 4997 admodum
911 4941 1054 4997 ﬁrmi
1111 4950 1269 5010 sunt;
1321 4942 1415 4998 sed
1469 4942 1524 4997 in
1568 4942 1850 4997 laboribus
1891 4941 2156 4997 adversus

571 5048 792 5089 carnem
835 5034 1109 5105 susceptis
1158 5044 1522 5101 exercentur;
1571 5035 1715 5105 quod
1762 5036 1907 5091 Deus
1951 5033 2155 5090 laboris

571 5128 899 5194 molestiam,
946 5145 1139 5185 eorum
1183 5130 1276 5201 qui
1315 5136 1616 5193 tentantur,
1643 5128 1833 5183 habitu
1875 5143 1939 5183 ac
1980 5126 2153 5183 facul-

572 5226 683 5274 tate
706 5220 983 5274 metiatur.
1014 5221 1238 5292 IIocque
1268 5220 1402 5276 illud
1442 5228 1549 5285 est,
1574 5221 1772 5291 opinor
1803 5238 1815 5273 :
1861 5240 1878 5270 ι
1901 5218 2154 5275 Tentatio

572 5325 671 5364 vos
696 5325 806 5363 non
829 5312 1201 5380 apprehendat
1222 5313 1329 5369 nisi
1360 5313 1600 5367 humana
1625 5330 1636 5365 :
1667 5311 1842 5367 ﬁdelis
1864 5319 1947 5365 est
1970 5320 2154 5366 autem

576 5402 740 5465 Deus,
770 5401 865 5471 qui
888 5418 999 5456 non
1032 5404 1315 5472 permittet
1339 5421 1438 5458 vos
1463 5403 1663 5458 tentari
1689 5418 1853 5472 supra
1878 5415 2041 5471 quam
2067 5417 2165 5471 po-

556 5493 750 5558 testis,
781 5493 874 5548 sed
903 5494 1063 5549 faciet
1096 5511 1219 5550 cum
1273 5496 1575 5551 tentatione
1623 5496 1787 5551 etiam
1835 5494 2063 5556 exitum,
2105 5501 2164 5547 ut

537 5652 545 5708 Τ
647 5648 694 5680 ⁸⁸
725 5648 895 5705 Exod.
928 5665 1017 5714 xv,
1043 5650 1232 5706 ‘22-‘25.

2267 4868 2355 4904 ται
2385 4849 2590 4912 πόνοις,
2609 4846 3033 4918 ἐπιμετροῦντος
3053 4845 3186 4899 Θεοῦ
3204 4847 3323 4909 ταῖς
3350 4844 3459 4898 τῶν
3482 4843 3836 4915 πειρωμένων

2260 4940 2410 5007 ἕξεσι
2441 4936 2537 4993 τοῦ
2574 4937 2739 4991 πόνου
2767 4936 2828 4989 τὸ
2869 4933 3153 5005 δυσαχθές.
3178 4935 3287 4987 Καὶ
3312 4932 3468 4986 τοῦτό
3512 4933 3657 4984 ἐστιν
3684 4926 3845 5001 οἶμαι

2261 5050 2364 5086 που
2399 5030 2461 5085 τὸ
2484 5073 2499 5095 ,
2541 5048 2560 5081 ι
2599 5028 2908 5100 Πειρασμδς
2949 5027 3093 5096 ὑμᾶς
3137 5026 3237 5079 οὐκ
3269 5023 3511 5094 εἴληφεν,
3543 5023 3591 5075 εί
3624 5022 3699 5093 μὴ
3738 5022 3833 5073 ἀν-

2264 5122 2571 5194 θρώπινοςο
2609 5118 2797 5181 πιστὸς
2838 5117 2916 5179 δὲ,
2947 5117 3135 5186 φησιν,
3190 5116 3218 5167 ὁ
3250 5114 3402 5176 Θεὸς,
3446 5112 3506 5176 ὃς
3538 5112 3638 5165 οὐκ
3686 5110 3832 5163 ἐάσει

2265 5217 2411 5287 ὑμᾶς
2458 5211 2823 5284 πειρασθῆναι
2869 5209 3008 5281 ὑπὲρ
3060 5207 3089 5260 ὃ
3136 5206 3405 5271 δύνασθε,
3443 5203 3577 5259 ἀλλά
3622 5203 3837 5271 ποιήσει

2267 5307 2365 5361 σὺν
2407 5305 2485 5376 τῷ
2523 5300 2815 5375 πειρασμῷ
2881 5300 2977 5354 καὶ
3023 5298 3123 5370 τὴν
3168 5298 3393 5351 ἔκϐασιν
3440 5293 3535 5347 τοῦ
3582 5290 3843 5347 δύνασθαι

2277 5398 2620 5465 ὑπενεγκεῖν.
2664 5413 2683 5445 ι
2716 5392 2953 5463 Πικροὺς
2982 5390 3039 5444 δὲ
3066 5389 3227 5454 ὄντας
3250 5389 3369 5442 λίαν
3391 5387 3515 5449 τοὺς
3541 5384 3682 5455 ὑπὲρ
3708 5383 3840 5451 ἀρε-

2272 5490 2371 5561 τῆς
2405 5487 2658 5559 ἱδρῶτας,
2690 5486 2770 5549 εἰς
2795 5484 2856 5539 τὸ
2884 5481 2983 5554 ἡδύ
3032 5498 3092 5535 τε
3134 5481 3229 5535 καὶ
3259 5478 3429 5549 γλυκὺ
3480 5474 3847 5548 μεταπλάττεε

534 5812 554 5839 κ
652 5771 727 5835 (ι)
765 5771 936 5827 Ραίιὶδ
962 5773 1195 5837 reddidi,
1229 5775 1353 5839 quia
1386 5775 1463 5830 sic
1495 5782 1612 5829 crat
1644 5773 1698 5829 in
1723 5767 2231 5839 Vaticauo(::owaic;
2254 5765 2322 5835 ‘3),
2356 5765 2605 5837 quamvis
2638 5765 2691 5819 in
2723 5762 2912 5820 codice
2948 5761 3295 5818 Sirlcticsset
3329 5754 3525 5817 πόνοις.
