3998 6512
170 342 253 399 ’581
832 332 922 387 DE
960 330 1402 387 ADORATIONE
1441 330 1508 384 IN
1550 329 1817 389 SPIRITU
1861 331 1945 385 ET
1988 332 2355 387 VERITATE.
2401 331 2535 384 LIB.
2580 332 2643 383 \'.

3281 333 3385 390 532

168 456 388 529 Χριστὸς,
424 452 479 515 ὃς
506 451 720 521 εἴρηται
764 468 823 503 τε
870 450 964 504 καὶ⁸
1000 450 1115 503 ἐστι
1159 448 1313 515 ξύλον
1353 450 1517 520 ζωῆς.
1557 450 1700 518 Ἔφη

1808 451 2030 520 possitis
2053 452 2325 505 sustinere
2344 451 2408 503 δ’.
2444 471 2459 499 ι
2496 450 2632 504 Cum
2657 464 2787 503 vero
2822 464 2920 517 pro
2963 449 3161 502 virtute
3194 466 3383 505 susce-

167 552 214 607 δέ
259 565 347 601 που
390 543 477 597 καὶ
524 543 685 606 αὐτὸς
725 543 783 596 ἐν
823 542 1197 611 εύαγγελικοῖς
1232 542 1657 612 συγγράμμασιν
1682 557 1694 569 ·

169 664 184 694 ι
217 642 271 696 Εἰ
296 642 348 692 ἐν
385 635 457 705 τῷ
481 633 632 705 ὑγρῷ
672 632 813 702 ξύλῳ
846 633 1018 688 ταῦτα
1055 634 1310 703 ἔδρασαν,
1350 634 1408 685 ἐν
1446 631 1525 702 τῷ
1552 628 1699 700 ξηρῷ

165 735 209 789 τί
235 733 533 804 δράσουσινς
574 747 592 779 ι
624 727 790 799 ύγρόν
825 745 882 781 τε
936 727 1031 782 καὶ
1081 725 1305 789 εὐανθὲς
1351 726 1543 780 ἐαυτὸν
1584 727 1700 778 ὀνο-

167 821 328 894 μάζων
359 818 527 884 ξύλον.
559 816 841 872 Δείκνυται
864 817 921 871 δὲ
947 816 1025 887 τῷ
1048 816 1319 887 θεσπεσίῳ
1340 817 1513 887 Μωσῇ
1548 814 1697 885 παρὰ

165 913 278 970 Θεοῦ
328 910 507 977 ξύλον.
576 906 978 963 Ἀποκαλύπτει
1035 908 1143 981 γὰρ
1178 910 1334 980 μόνος
1374 907 1465 961 τὸν
1510 908 1636 961 Υίὸν
1670 908 1698 959 6

163 1003 346 1074 Πατὴρ,
389 1000 510 1053 ἐπεὶ
555 1000 647 1053 καὶ
684 1000 845 1070 μόνος
890 995 1031 1053 οἶδεν
1073 999 1257 1053 αὐτόν.
1300 1019 1317 1050 ι
1372 999 1560 1061 Οὐδεὶς
1592 998 1698 1067 γὰρ

163 1092 252 1149 οἶδε
295 1093 373 1155 τίς
422 1094 569 1145 ἐστιν
610 1093 639 1144 6
692 1093 840 1157 Υἱὸς,
892 1094 940 1146 εί
983 1091 1056 1163 μὴ
1100 1091 1309 1161 Πατήρ.
1345 1109 1362 1140 ι
1400 1088 1611 1145 Οὐκοῦν
1643 1090 1699 1141 ἐν

160 1183 353 1257 Χριστῷ
395 1182 472 1253 τῷ
502 1184 600 1253 τῆς
631 1184 776 1255 ζωῆς
808 1183 970 1254 ξύλῳ,
1012 1182 1221 1251 γλυκέα
1267 1182 1365 1252 μὲν
1404 1180 1472 1234 τὰ
1505 1180 1696 1250 πικρά.

162 1276 347 1348 φορητὰ
381 1275 438 1328 δέ
466 1274 535 1328 τὰ
567 1275 843 1340 δύσοιστα,
886 1275 980 1328 καὶ
1037 1276 1117 1338 εἰς
1163 1273 1307 1343 ζωὴν
1336 1273 1613 1340 ἀναγκαῖα
1635 1271 1702 1324 τὰ

159 1372 221 1433 ὡς
243 1370 296 1422 ἐν
323 1367 425 1439 ἰδία
452 1367 611 1435 φύσει
640 1368 1029 1437 καταφθείρειν
1066 1366 1314 1420 εἰωθότα..

1809 546 1885 613 pti
1915 545 2132 598 labores
2174 543 2343 596 amari
2374 542 2669 596 admodum
2710 542 2838 603 sint,
2875 557 2904 595 a
2938 540 3157 596 Christo
3194 558 3389 597 suaves

1806 652 1869 689 ac
1901 635 2089 689 dulces
2124 634 2447 696 redduntur,
2476 634 2571 702 qui
2612 645 2667 689 et
2717 634 2921 687 d'icitur
2955 641 3010 687 et
3060 644 3143 687 est
3181 634 3386 703 lignum

1805 726 1951 780 vitm.
1986 725 2075 779 Ait
2114 730 2295 778 autem
2326 724 2490 777 etiam
2530 724 2643 793 ipse
2695 724 2939 793 profecto
2992 725 3045 778 in
3086 725 3388 795 Scripturis

1804 817 2135 887 evangelicis
2170 836 2181 870 :
2222 838 2239 868 ε
2272 817 2327 872 Si
2360 817 2415 870 in
2451 811 2805 891 viridi'ligno
2854 820 2968 872 bene
3021 818 3288 882 fecerunt,
3332 818 3384 871 in

1804 908 1960 962 arido
2008 908 2143 978 quid
2188 908 2497 963 facient“?
2540 929 2557 959 ι
2593 925 2651 964 se
2676 910 2932 965 videlicet
2966 911 3139 963 viride
3179 911 3385 979 lignum

1803 1016 1867 1053 ac
1916 999 2120 1054 ﬂorens
2164 1001 2478 1070 appellavit.
2537 1000 2857 1056 Ostenditur
2908 1011 3170 1072 prmterea
3226 1003 3387 1058 beato

1804 1090 1972 1161 Moysi
2000 1092 2206 1161 lignum
2242 1108 2271 1145 a
2308 1093 2440 1147 Deo.
2470 1093 2629 1148 Solus
2669 1094 2817 1147 enim
2861 1094 3022 1148 Pater
3061 1095 3258 1149 Filium
3298 1110 3385 1150 re-

1805 1182 1968 1246 velat,
1992 1184 2118 1252 quia
2149 1200 2274 1237 eum
2296 1185 2459 1239 etiam
2488 1185 2636 1239 solus
2657 1186 2827 1239 novit.
2882 1206 2898 1236 ‹
2943 1187 3113 1240 Nemo
3151 1203 3385 1256 namque

1806 1277 1960 1330 novit
1988 1277 2112 1346 quis
2134 1286 2217 1331 est
2248 1278 2436 1342 Filius,
2467 1278 2569 1332 nisi
2594 1279 2755 1332 Pater
2774 1280 2839 1342 9‘,
2875 1300 2889 1328 ι
2924 1280 3091 1349 Igitur
3114 1297 3210 1349 per
3230 1280 3384 1334 Chri-

1809 1377 1975 1431 stum,
2018 1370 2141 1424 vita:
2175 1370 2402 1440 lignum,
2452 1371 2634 1425 dulcia
2677 1371 2814 1425 ﬁunt
2853 1388 2973 1440 quae
3010 1388 3194 1426 amara
3233 1382 3380 1433 sunt,

159 1476 201 1523 el
240 1466 530 1521 tolerabilia
561 1481 683 1535 quae
720 1464 945 1520 minime
975 1465 1104 1520 ferri
1133 1473 1406 1534 poterant,
1431 1470 1486 1517 et
1524 1462 1591 1517 ad
1621 1462 1786 1517 vitam
1842 1464 1994 1519 utilia
2048 1480 2169 1535 qua:
2223 1482 2291 1519 ex
2354 1482 2452 1521 sua
2484 1476 2677 1521 natura
2708 1467 2988 1521 interitum
3019 1468 3215 1521 alferre
3256 1484 3401 1529 cena

158 1570 301 1610 δυειέ
307 1571 396 1608 ran
403 1562 421 1607 ι
428 1595 439 1606 .

212 1645 401 1698 ΙΙΔΛΛ.
434 1644 569 1698 Τίνα
604 1647 711 1717 φῂς
737 1646 967 1719 τρόπον;

211 1735 360 1788 ΚΥΡ.
387 1735 561 1805 Εἴπερ
581 1737 726 1789 ἐστὶν
754 1736 973 1807 ἀληθὲς,
1001 1737 1082 1790 ὅτι
1108 1736 1169 1789 τὸ
1198 1736 1297 1806 μὲν
1321 1734 1480 1805 σῶμα
1514 1733 1703 1803 πικροὶ

152 1830 252 1882 λίαν
299 1828 445 1891 ὄντες
494 1828 956 1898 καταφθείρουσιν
1000 1829 1049 1881 οἱ
1088 1828 1261 1889 πόνοι,
1316 1826 1459 1896 ζωῆς
1513 1825 1569 1878 δὲ
1604 1825 1701 1893 τῆς

151 1920 345 1974 αίωνίου
376 1919 603 1989 μέτοχον
628 1918 947 1972 ἀποτελοῦσι
992 1918 1166 1989 ψυχὴν
1198 1918 1325 1989 (ἔφη
1364 1918 1427 1987 δή
1475 1934 1577 1971 που
1606 1916 1706 1969 καὶ

150 2012 173 2063 6
203 2007 429 2072 Παῦλος-⁸
468 2028 488 2059 ε
527 2010 697 2062 ’Ὅταν
719 2008 951 2073 ἀσθενῶ,
982 2009 1104 2061 τότε
1126 2009 1351 2071 δυνατός
1376 2010 1510 2078 εἰμι.
1546 2027 1562 2057 ι
1586 2008 1694 2061 Καὶ

152 2100 320 2154 πάλιν
344 2101 433 2154 «Εἰ
459 2099 570 2172 γάρ
593 2102 620 2153 6
638 2100 741 2167 ἔξω
770 2099 926 2171 ἡμῶν
942 2100 1226 2171 ἄνθρωπός
1247 2098 1548 2169 φθείρεται,
1580 2097 1698 2151 ἀλλ’

148 2194 171 2244 6
197 2190 293 2243 ἔσω
320 2189 706 2244 ἀνακαινοῦται
733 2191 915 2261 ἡμέρᾳ
938 2191 1032 2243 καὶ
1059 2190 1242 2261 ἡμέρᾳ⁸
1282 2210 1300 2241 ι
1337 2190 1378 2259 )°
1417 2188 1499 2252 τίς
1540 2189 1587 2241 δ’
1636 2188 1703 2242 ἂν

149 2279 298 2333 ἓλοιτό
332 2297 456 2332 ποτε
482 2280 611 2343 τοὺς
642 2274 743 2333 ὧδε
776 2280 989 2351 δριμεῖς
1021 2280 1316 2350 ἀνατλῆναι
1361 2278 1576 2344 πόνους,
1626 2280 1701 2349 μὴ

148 2373 249 2442 οὐχὶ
274 2373 529 2442 γλυκεῖαν
552 2373 690 2444 ἔχων
720 2374 913 2428 ἐλπίδα
950 2374 1049 2445 τὴν
1078 2376 1134 2427 ἐν
1164 2372 1417 2443 Χριστῷ;

206 2552 399 2605 IIAAA.
429 2552 622 2614 Οὐδεὶς
655 2552 741 2613 ἂν,
775 2546 950 2621 οἶμαι,
984 2549 1282 2611 παντελῶς.

206 2641 355 2696 ΚΥΡ.
388 2642 536 2712 Ὅρα
578 2642 643 2713 δὴ
670 2638 765 2694 οὖν
792 2642 954 2712 (ἱέναι
988 2641 1099 2710 γὰρ
1132 2639 1194 2708 δὴ
1228 2639 1366 2710 πρὸς
1398 2638 1702 2709 ἀνάμνησιν

146 2732 239 2786 τῶν
269 2734 324 2787 ἐν
352 2735 555 2805 ἀρχαῖς
588 2735 886 2802 ἀναγκαῖον
907 2736 1060 2802 ἡμῖν,
1090 2726 1134 2786 ὦ
1159 2727 1459 2799 Παλλάδιε)
1494 2729 1705 2799 δεδιψη-

1734 1642 1782 1702 Β
1889 1644 2087 1699 PALL.
2129 1645 2376 1712 Quonam
2426 1646 2627 1701 modo?

1876 1736 2033 1793 CYR.
2078 1738 2359 1808 Siquidem
2402 1754 2593 1793 verum
2630 1748 2733 1803 est,
2775 1738 3009 1803 labores,
3051 1754 3176 1793 cum
3214 1739 3383 1793 amari

1804 1827 2095 1883 admodum
2140 1829 2270 1893 sint,
2308 1845 2509 1900 corpus
2560 1830 2909 1895 interimere,
2964 1830 3199 1885 animam
3254 1846 3383 1886 vero

1802 1927 2019 1974 mternaa
2052 1919 2180 1973 vitae
2217 1918 2539 1989 participem
2566 1918 2799 1974 ellicere.
2837 1919 3023 1990 Itaque
3056 1919 3193 1973 dixit
3218 1919 3381 1973 etiam

1804 2008 1997 2065 beatus
2050 2010 2303 2065 Paulus:
2368 2029 2386 2060 ‹
2440 2008 2576 2064 Cum
2632 2010 2916 2075 inﬁrmor,
2989 2018 3120 2064 tunc
3188 2019 3385 2080 potens

1803 2116 1924 2154 sum
1963 2103 2029 2153 θ’.
2076 2121 2093 2151 ι
2137 2102 2205 2156 Ει
2243 2101 2441 2156 iterum
2482 2120 2495 2155 :
2543 2121 2561 2153 ‹
2607 2102 2723 2157 Etsi
2759 2103 2907 2157 enim
2946 2102 3185 2158 exterior
3221 2103 3385 2157 homo

1803 2201 1993 2247 noster
2026 2194 2418 2263 corrumpitur,
2461 2193 2557 2247 sed
2596 2193 2826 2249 interior
2862 2204 3157 2249 renovatur
3191 2194 3259 2249 de
3296 2195 3383 2252 die

1805 2284 1860 2337 in
1899 2283 2043 2338 diem
2066 2284 2131 2338 “.
2180 2305 2196 2335 ι
2244 2284 2403 2355 156
2442 2283 2548 2339 Sed
2582 2285 2705 2354 quis
2743 2286 2962 2340 tandem
3001 2287 3135 2341 velit
3169 2287 3385 2343 labores

1806 2385 1917 2429 tam
1967 2375 2195 2430 acerbos
2248 2375 2513 2446 perferre,
2556 2377 2664 2431 nisi
2718 2377 2933 2433 dulcem
2982 2378 3181 2435 habeat
3234 2396 3384 2450 spem

1805 2467 1862 2523 in
1900 2468 2160 2525 Christo?

1876 2560 2068 2614 PALL.
2110 2562 2281 2616 Nemo
2320 2579 2565 2631 prorsus,
2606 2564 2820 2634 opinor.

1876 2651 2031 2706 CYR.
2074 2652 2209 2707 Vide
2249 2653 2416 2723 igitur
2456 2656 2591 2725 (jam
2646 2656 2816 2721 enim,
2856 2656 3083 2719 Palladi,
3122 2672 3185 2710 ea
3227 2672 3385 2725 repe-

1807 2750 1922 2797 tere
1960 2759 2184 2799 necesse
2220 2754 2304 2799 est
2340 2761 2462 2815 quae
2507 2762 2535 2799 a
2575 2747 2847 2817 principio
2885 2746 3158 2816 diximus)
3215 2748 3388 2802 Israe-

146 2826 260 2880 κότα
296 2825 392 2895 μὲν
430 2828 494 2879 ἐν
531 2827 724 2896 ἐρήμῳ
754 2824 846 2879 τὸν
892 2822 1132 2894 Ἰσραὴλ,
1167 2823 1264 2876 καὶ
1292 2820 1388 2875 τοῦ
1428 2820 1702 2888 πανσόφου

1808 2831 1912 2886 lem
1952 2832 2009 2887 in
2057 2834 2275 2889 deserto
2309 2835 2606 2901 sitientem,
2641 2846 2698 2891 et
2740 2837 3005 2893 adversus
3047 2838 3385 2907 sapientissi-

142 2917 364 2981 Μωσέως
392 2915 906 2985 καταγογγύζοντα,
942 2914 1157 2986 νηποινί
1183 2932 1247 2982 γε
1280 2913 1385 2985 μὴν
1428 2915 1509 2977 είς
1545 2911 1702 2966 τοῦτο

1809 2938 1960 2977 mum
2004 2924 2184 2977 virum
2232 2925 2453 2996 Moysen
2501 2936 2959 2993 murmurantem,
3003 2938 3059 2983 et
3106 2937 3283 2983 tamen
3331 2929 3386 2982 in

145 2976 359 3067 πεσόντα
386 2976 789 3080 μικροῖᾷυχίας’
821 2976 903 3062 ού-
925 2976 1034 3079 γὰρ
1076 2976 1323 3060 ἐκτέτικε
1343 2976 1539 3069 δίκας,
1578 3004 1701 3059 οὐδὲ

2043 2976 2182 2977 η
2232 2976 2453 2996 ΜΓ---
2503 2976 2959 2993 ____"______-----,
3008 2976 3058 2983 --
3108 2976 3283 2983 ww---

1810 3022 2017 3069 tantam
2058 3014 2226 3069 animi
2266 3016 2629 3086 abjectionem
2670 3018 2892 3088 impune
2934 3019 3174 3088 lapsum;
3207 3034 3387 3088 neque

144 3101 328 3172 ὑπέστη
354 3099 421 3154 τά
458 3101 527 3167 ἐξ
545 3102 714 3172 ὀργῆς
742 3142 757 3166 ,
789 3100 963 3153 καίτοι
994 3098 1241 3164 κολάζειν
1272 3097 1522 3162 εἰωθότος
1566 3096 1701 3149 Θεοῦ

143 3192 252 3258 τοὺς
296 3193 385 3244 ἐπὶ
434 3192 582 3264 τῷδε
627 3190 1131 3261 κατεγνωσμένους.
1178 3190 1440 3245 Ἐλεεῖται
1480 3188 1589 3260 γὰρ
1643 3190 1703 3241 ἐν

142 3284 315 3354 ἀρχαῖς
336 3286 364 3338 6
391 3286 450 3339 ἐν
493 3285 882 3355 γυμνάσμασιν
920 3284 1002 3336 ἐτι
1040 3286 1151 3347 τοῖς
1190 3284 1332 3355 ὑπὲρ
1366 3282 1566 3355 ἀρετῆς
1590 3281 1701 3335 ἐσθ’

141 3376 216 3429 ὅτι
252 3377 337 3429 καὶ
386 3375 640 3430 matur
696 3375 1082 3443 άσύγγνωστον
1114 3376 1172 3429 δὲ
1220 3374 1358 3445 μετὰ
1402 3372 1561 3427 τοῦτο
1607 3371 1704 3444 τὴν

141 3469 262 3535 ἄγαν
289 3468 402 3541 ἔχει
425 3468 827 3540 μικρσᾷυχίαν,
852 3468 949 3521 καὶ
966 3468 1066 3539 τὴν
1084 3467 1340 3537 ἀχάλινον
1363 3465 1701 3537 ἀποδρομὴν,

142 3560 198 3626 ἦν
238 3559 299 3613 ἃν
338 3563 550 3613 ποιοῖτο
581 3559 742 3630 τυχὸν
790 3561 872 3623 εἰς
920 3560 1187 3621 ἐκτύπους
1230 3559 1549 3629 ἐπιθυμίας.
1593 3559 1704 3612 Καὶ

145 3650 256 3719 γοῦν
280 3654 335 3705 ἐν
380 3654 496 3717 τοῖς
537 3652 818 3723 Ἀριθμοῖς
853 3653 1117 3723 περὶτῶν
1163 3652 1292 3706 υἱῶν
1336 3651 1552 3722 Ἰσραὴλ
1600 3651 1702 3721 ἔφη

147 3762 231 3797 που
275 3745 434 3799 πάλιν
478 3746 543 3797 τὸ
594 3744 835 3815 Γράμμα
871 3744 931 3796 τὸ
965 3744 1137 3815 ἱερόν
1176 3763 1193 3795 ι
1236 3743 1347 3795 Καὶ
1400 3744 1601 3814 ἐξῆραν
1640 3744 1704 3795 ἐκ

144 3834 223 3887 τοῦ
254 3835 408 3906 ὅρους
433 3834 653 3906 Κυρίου
681 3836 800 3889 ὁδὸν
829 3834 996 3907 τριῶν
1020 3834 1265 3905 ἡμερῶν,
1293 3834 1385 3887 καὶ
1412 3835 1445 3904 ὴ
1474 3833 1703 3897 κιϐωτὸς

144 3926 227 3995 τῆς
251 3925 517 3995 διαθήκης
562 3924 772 3997 Κυρίου
817 3924 1225 3995 προεπορεύετο
1254 3922 1497 3992 προτέρα
1525 3922 1703 3976 αὐτῶν

143 4016 245 4070 ύῶν
258 4016 421 4087 τριῶν
444 4017 673 4088 ἡμερῶν
685 4015 1137 4085 κατασκέψασθαι
1167 4015 1349 4077 αὐτοῖς
1373 4013 1700 4068 ἀνάπαυσιν.

144 4108 237 4162 Καὶ
264 4110 478 4177 ἐγένετο
522 4110 585 4161 ἐν
614 4109 692 4179 τῷ
743 4108 981 4177 ἐξαίρειν
1027 4108 1125 4177 τὴν
1166 4106 1419 4171 κιὸωτὸν,
1456 4106 1551 4159 καὶ
1582 4101 1704 4157 εἶπε

142 4200 321 4271 Μωσῆς
338 4218 359 4257 ’,
384 4201 764 4271 Ἐξεγέρθητι,
786 4200 980 4271 Κύριε,
1012 4199 1108 4252 καὶ
1122 4196 1704 4269 διασκορπισθήτωσαν

1806 3106 1953 3159 enim
1992 3121 2181 3175 panas
2218 3106 2347 3171 luit,
2386 3123 2563 3177 neque
2592 3109 2789 3165 divina:
2828 3109 2920 3164 irae
2961 3110 3222 3164 ultionem
3262 3126 3384 3165 sus-

1808 3196 2007 3262 tinuit,
2047 3198 2298 3267 quamvis
2345 3199 2490 3254 Deus
2538 3201 2658 3269 ejus
2704 3200 2953 3255 criminis
3014 3216 3137 3255 reos
3190 3202 3385 3271 punire

1806 3288 1878 3342 sit
1918 3287 2132 3341 solitus.
2176 3287 2271 3342 Est
2303 3303 2537 3357 namque
2570 3289 2921 3345 miseratione
2956 3288 3152 3362 dignus
3180 3292 3248 3346 ab
3277 3291 3384 3345 ini-

1807 3379 1906 3443 tio,
1940 3378 2036 3447 qui
2067 3378 2122 3432 in
2151 3380 2545 3435 exercitatione
2572 3381 2753 3436 adhuc
2780 3398 2879 3451 pro
2903 3382 3104 3436 virtute
3133 3392 3385 3453 suscepta

1805 3468 2010 3523 labitur
2049 3484 2442 3539 nonnunquam
2481 3488 2493 3523 :
2526 3479 2581 3524 at
2630 3481 2816 3539 postea
2863 3471 3030 3525 nimia
3066 3472 3158 3525 illa
3210 3472 3388 3541 parvi-

1808 3567 1890 3611 tas
1919 3559 2108 3623 animi,
2144 3570 2199 3614 et
2236 3560 2537 3615 effrenatus
2582 3561 2649 3614 ad
2688 3561 2956 3616 absurdas
2988 3562 3385 3631 concupiscen-

1808 3650 1912 3706 tias
1956 3666 2152 3706 cursus
2201 3668 2398 3721 expers
2439 3660 2524 3707 cst
2570 3653 2762 3707 venia).
2802 3653 2988 3723 Itaque
3037 3655 3091 3707 in
3134 3654 3388 3710 Numeris

1806 3738 1875 3793 de
1916 3739 2041 3794 ﬁliis
2072 3740 2236 3794 lsrael
2265 3750 2492 3795 narrant
2525 3756 2691 3796 sacra:
2714 3742 2969 3797 Littera:
3004 3761 3020 3793 ι
3056 3743 3123 3798 Ει
3156 3743 3385 3814 profecti

1806 3842 1935 3885 sunt
1969 3847 2037 3886 ex
2076 3841 2259 3886 monte
2306 3833 2401 3886 Dei
2446 3832 2642 3887 itinere
2680 3834 2893 3888 dierum
2930 3835 3124 3900 trium;
3166 3844 3221 3890 et
3263 3851 3385 3891 arca

1808 3922 2117 3976 testamenti
2159 3923 2372 3977 Domini
2412 3924 2642 3992 pneibat
2687 3925 2807 3979 illos
2849 3927 2935 3979 via
2976 3927 3138 3980 trium
3170 3927 3385 3982 dierum

1806 4012 1872 4066 ad
1902 4014 2289 4082 explorandam
2326 4014 2460 4084 ipsis
2489 4017 2752 4085 requiem.
2784 4017 2851 4072 Et
2885 4017 3088 4072 factum
3118 4028 3221 4081 est,
3254 4020 3385 4074 dum

1806 4102 2112 4156 elevaretur
2155 4120 2301 4166 arca,
2342 4104 2480 4158 dixit
2516 4104 2730 4176 Moyses
2773 4123 2785 4159 :
2834 4107 3095 4177 Exsurge,
3134 4108 3383 4171 Domine,

1806 4199 1862 4244 et
1899 4191 2237 4261 dissipentur
2276 4193 2485 4248 inimici
2522 4194 2630 4258 tui;
2664 4194 2876 4265 fugiant
2903 4211 3095 4249 omnes
3128 4197 3221 4265 qui
3251 4198 3384 4251 ode-

140 4292 179 4342 οί
213 4292 387 4364 ἐχθροί
420 4311 547 4356 σου,
597 4293 920 4362 φυγέτωσαν
953 4291 1153 4354 πάντες
1198 4291 1248 4343 οἱ
1282 4289 1565 4360 μισοῦντές
1618 4306 1698 4342 σε.

1809 4290 1937 4335 runt
1965 4291 2038 4336 te.
2072 4283 2140 4337 Et
2169 4282 2297 4337 dum
2334 4284 2725 4353 deponeretur,
2759 4285 2896 4339 dixit
2921 4304 2933 4338 :
2955 4284 3245 4351 Converte,
3279 4288 3384 4341 Do-

142 4384 235 4437 Καὶ
263 4386 318 4443 ἐν
345 4388 413 4456 τῇ
444 4383 796 4439 καταπαύσει
823 4380 995 4436 εἶπεν·
1025 4381 1373 4451 Ἐπίστρεφε,
1395 4380 1589 4451 Κύριε,
1618 4397 1701 4449 χι-

141 4475 305 4541 λιάδας
340 4477 615 4549 μυριάδας
642 4476 700 4528 ἐν
727 4474 806 4543 τῷ
844 4473 1061 4545 Ἰσραήλ
1083 4489 1097 4502 ⁸
1136 4473 1231 4526 καὶ
1268 4473 1301 4542 ἡ
1344 4471 1542 4540 νεφέλη
1578 4471 1702 4539 ἐγέο

140 4584 246 4619 νετο
282 4568 589 4633 σκιάζουσα
636 4568 725 4618 ἐπ’
758 4567 941 4628 αὐτοῖς
976 4565 1209 4635 ἡμέρας,
1258 4566 1315 4616 ἐν
1346 4563 1425 4635 τῷ
1464 4563 1704 4634 ἐξαίρειν

138 4658 316 4722 αὐτοὺς
337 4660 404 4712 ἐκ
436 4660 539 4729 τῆς
574 4657 928 4729 παρεμϐολῆς
950 4675 963 4687 ο
992 4656 1089 4710 καὶ
1115 4652 1183 4727 ἦν
1211 4660 1240 4709 6
1267 4657 1394 4719 λαὸς
1418 4656 1703 4725 γογγύζων

139 4750 330 4821 πονηρὰ
356 4752 544 4805 ἔναντι
586 4752 822 4821 Κυρίου·
852 4750 943 4803 xai.
975 4751 1175 4820 ἤκουσε
1210 4748 1436 4820 Κύριος,
1468 4750 1561 4803 καὶ
1582 4749 1702 4802 ἐθυ-

140 4838 279 4911 μώθη
303 4841 467 4913 ὀργῇ,
506 4842 603 4895 καὶ
644 4841 914 4912 ἐξεκαύθη
948 4845 1006 4895 ἐν
1050 4842 1233 4904 αὐτοῖς
1264 4839 1376 4911 πῦρ
1408 4841 1560 4911 παρὰ
1588 4842 1700 4894 Κυ-

141 4932 266 5001 ρίου,
291 4937 383 4989 καὶ
428 4936 713 5003 κατέφαγε
760 4935 926 5005 μέρος
953 4952 1005 4988 τι
1040 4934 1141 5004 τῆς
1185 4932 1556 5003 παρεμϐολῆς.
1608 4933 1702 4987 καὶ

135 5022 419 5097 ἐκέκραξεν
451 5027 483 5078 6
520 5025 648 5089 λαὸς
674 5025 810 5097 πρὸς
856 5024 1081 5093 Μωσῆν.
1125 5024 1235 5076 Καὶ
1262 5021 1463 5091 ηύξατο
1494 5023 1701 5092 Μωσῆς

136 5116 258 5185 πρὸς
288 5118 380 5171 τὸν
408 5118 639 5189 Κύρων,
674 5119 766 5172 καὶ
801 5116 1041 5170 ἐκόπασε
1083 5114 1145 5169 τὸ
1186 5115 1317 5185 πῦρ.
1354 5116 1464 5168 Καὶ
1494 5114 1697 5185 ἐκλήθη

133 5207 187 5259 τὸ
210 5208 378 5279 ὄνομα
406 5208 505 5262 τοῦ
532 5209 698 5261 τύπου
745 5207 978 5273 ἐκείνου,
1022 5205 1435 5277 Ἐμπυρισμός’
1479 5205 1561 5258 ὅτι
1606 5205 1697 5270 ἐξε

135 5299 324 5370 εκαύθη
342 5302 402 5352 ἐν
429 5286 619 5364 αὐτοῖς
636 5300 746 5370 πῦρ
773 5300 924 5371 παρὰ
951 5299 1180 5370 Κυρίου.
1210 5318 1228 5348 ι
1251 5299 1359 5350 Καὶ
1384 5297 1521 5367 μετὰ
1540 5295 1701 5350 τοῦτο

134 5390 306 5444 ww
342 5411 361 5445 ι
400 5393 517 5445 Καὶ
555 5391 850 5461 ἐξάραντες
888 5392 947 5457 ἐξ
994 5393 1094 5461 ’Ὠρ
1116 5389 1207 5442 τοῦ
1238 5389 1397 5460 ὅρους
1444 5389 1561 5442 ὁδὸν
1606 5390 1698 5442 ἐπὶ

133 5482 393 5538 θάλασσαν
434 5484 725 5556 Ἐρυθρὰν,
748 5484 1195 5556 περιεκύκλωσαν
1228 5482 1326 5552 τὴν
1352 5483 1453 5553 γῆν
1488 5481 1664 5552 Ἑδώμ
1682 5502 1693 5514 ·

132 5576 216 5628 καὶ
254 5576 670 5649 ὠλιγοψύχησεν
696 5580 723 5632 6
748 5577 874 5642 λαὸς
909 5580 965 5632 ἐν
995 5580 1059 5648 τῇ
1084 5575 1206 5645 ὀδῷ.
1235 5576 1341 5629 Καὶ
1364 5575 1647 5631 κατελάλει
1668 5576 1695 5627 6

194 5756 235 5787 ⁸³
264 5757 302 5815 1.
330 5758 458 5814 Cor.
491 5776 542 5824 ιι,
578 5760 659 5814 15.
737 5762 779 5791 ὀ
806 5760 940 5817 Luc.
972 5774 1120 5823 χχιιι,
1157 5758 1242 5812 51.
1281 5757 1321 5789 εί
1354 5756 1541 5812 Matth.
1581 5772 1654 5820 xi,
1690 5755 1775 5809 27.

1809 4376 1974 4437 mine,
2004 4376 2152 4430 mille
2193 4377 2468 4447 myriadas
2506 4377 2563 4430 in
2600 4377 2783 4431 lsrael.
2814 4377 2883 4431 Et
2920 4378 3094 4433 nubes
3134 4380 3384 4437 umbram

1808 4469 2040 4523 faciebat
2073 4482 2238 4538 super
2271 4470 2393 4523 illos
2420 4486 2518 4540 per
2549 4470 2715 4534 diem,
2745 4486 2869 4525 eum
2910 4470 3387 4541 proﬁciscerentur

1804 4578 1834 4615 e
1884 4562 2076 4615 castris
2131 4579 2142 4613 :
2193 4572 2249 4615 et
2295 4572 2413 4616 erat
2462 4564 2700 4634 populus
2750 4581 3102 4625 murmurans
3150 4558 3385 4638 pessime

1805 4659 1995 4705 contra
2019 4653 2329 4706 Dominum.
2366 4654 2434 4708 Et
2464 4654 2675 4709 audivit
2704 4657 2987 4721 Dominus,
3014 4667 3070 4714 et
3102 4658 3276 4714 iratus
3303 4669 3387 4715 est

1805 4742 1905 4806 ira,
1947 4752 2003 4797 et
2050 4759 2352 4799 succensus
2389 4755 2474 4799 est
2518 4746 2662 4817 ignis
2712 4748 2767 4801 in
2816 4764 2912 4804 eos
2956 4766 2986 4804 a
3027 4750 3285 4819 Domino;
3330 4763 3386 4806 et

1804 4834 2088 4889 devoravit
2121 4843 2329 4905 partem
2377 4838 2669 4906 quamdam
2710 4846 3037 4894 castrorum.
3074 4841 3143 4895 Et
3181 4842 3383 4896 clama-

1804 4926 1883 4981 vit
1918 4927 2153 4997 populus
2180 4927 2247 4981 ad
2277 4928 2516 4999 Moysen.
2548 4930 2615 4985 Et
2656 4931 2831 4985 oravit
2862 4932 3072 5003 Moyses
3099 4933 3164 4987 ad
3198 4934 3384 4987 Domi-

1803 5037 1956 5086 num,
1981 5029 2036 5077 et
2065 5022 2305 5077 cessavit
2344 5022 2513 5094 ignis;
2554 5033 2612 5078 et
2648 5032 2905 5078 vocatum
2935 5031 3021 5078 est
3049 5038 3247 5078 nomen
3276 5024 3381 5079 loci

1803 5112 1969 5177 illius,
2003 5112 2322 5179 Succensio,
2355 5115 2485 5184 quia
2515 5130 2813 5170 succensus
2842 5124 2926 5169 est
2964 5114 3020 5168 in
3059 5129 3155 5170 eos
3185 5114 3324 5186 ignis
3354 5134 3383 5171 a

1802 5206 2031 5260 Domino
2054 5207 2119 5261 “.
2159 5226 2176 5258 ι
2214 5208 2281 5262 Et
2322 5218 2448 5278 post
2479 5207 2595 5262 haec
2631 5222 2858 5261 rursus:
2894 5225 2912 5257 ‹
2950 5206 3017 5261 Et
3044 5204 3274 5276 profecti
3315 5223 3383 5261 ex

1801 5307 1985 5353 monte
2026 5298 2139 5353 Hor
2188 5315 2289 5369 per
2339 5299 2484 5353 viam
2536 5298 2703 5353 maris
2758 5297 2952 5362 Rubri,
2990 5297 3383 5352 circumierunt

1802 5399 2005 5445 terram
2054 5390 2255 5455 Edom;
2307 5398 2365 5444 et
2413 5390 2671 5460 fatigatus
2703 5399 2786 5443 est
2823 5390 3058 5459 populus
3093 5391 3146 5444 in
3177 5389 3285 5452 via,
3325 5397 3382 5442 et

1800 5483 2124 5539 detrahebat
2158 5484 2391 5552 populus
2435 5482 2697 5536 adversus
2734 5482 2902 5537 Deum
2928 5492 2983 5537 et
3011 5491 3196 5538 contra
3235 5481 3383 5552 May-

1801 5590 1916 5640 sen,
1958 5575 2202 5630 dicentes
2236 5593 2247 5628 :
2282 5575 2391 5630 Cur
2437 5575 2669 5629 eduxisti
2719 5591 2818 5629 nos
2858 5575 2925 5630 de
2961 5586 3103 5631 terra
3136 5571 3375 5645 Egypti,

2972 5754 3015 5785 ’δ
3059 5754 3215 5808 Num.
3262 5766 3376 5810 xxx.

1855 5758 1895 5787 ⁹²
1925 5756 1967 5810 ll
1998 5754 2121 5810 Cor.
2162 5772 2252 5819 xu,
2285 5756 2331 5809 9.
2415 5755 2501 5809 ⁹³1
2543 5754 2666 5808 Cor.
2697 5771 2767 5819 ιγ,
2830 5754 2906 5809 lii.
