3998 6520
553 349 664 410 585

1565 350 1620 405 S.
1663 346 1940 405 CYRILLI
1980 345 2449 403 ALEXANDRINI
2483 347 2802 404 ARCIIIEP.

3711 342 3810 400 δυ

559 476 624 523 ut
652 463 993 522 interﬁceres
1025 479 1124 519 nos
1157 464 1211 518 in
1240 462 1492 518 deserto?
1529 477 1708 532 neque
1745 461 1892 516 enim
1923 469 2008 516 est
2039 475 2138 531 pa-

2249 459 2371 523 λαδς
2398 459 2532 530 πρὸς
2569 459 2662 512 τὸν
2692 460 2824 512 Θεὸν
2854 459 2946 513 καὶ
2982 457 3124 511 κατὰ
3156 455 3352 525 Μωσῆ,
3382 452 3636 521 λέγοντες
3654 471 3670 483 ·
3700 453 3816 508 Ἵνα

559 557 670 622 nis,
703 572 880 627 neque
917 571 1084 625 aqua;
1115 564 1170 610 et
1219 554 1404 608 anima
1453 563 1637 608 nostra
1675 567 1870 623 perosa
1916 561 2000 606 est
2040 565 2138 620 pa-

564 663 691 702 nem
734 647 882 702 hunc
927 646 1164 699 inanem.
1201 644 1268 698 Et
1313 641 1541 697 immisit
1574 641 1837 696 Dominus
1871 642 1926 695 in
1961 655 2139 710 popu-

567 737 680 790 lum
709 745 992 804 serpentes
1025 733 1355 797 mortiferos,
1386 743 1441 787 et
1474 731 1801 788 mordebant
1835 732 2136 802 populum;

566 838 622 883 et
665 827 1000 881 moriebatur
1045 826 1280 895 populus
1328 827 1534 880 multus
1569 840 1601 880 e
1642 823 1770 879 ﬁliis
1815 825 1975 879 Israel
2007 825 2070 877 ".
2114 843 2132 875 ι

565 919 732 974 Vides
783 918 968 988 igitur,
1010 916 1472 986 quemadmodum
1523 917 1631 988 igni
1682 933 1744 972 ac
1791 917 2140 987 serpentibus

564 1012 655 1067 ille
707 1021 1020 1066 susurrator
1073 1021 1128 1067 et
1174 1021 1548 1066 murmurator
1596 1011 1830 1080 populus
1878 1025 2136 1064 consum-

560 1113 688 1174 ptus
720 1103 808 1158 sit.
851 1103 1006 1173 157
1047 1103 1477 1158 Proﬁciscuntur
1509 1103 1655 1157 enim
1697 1103 1774 1156 illi
1813 1101 2033 1171 quidem
2071 1119 2139 1156 ex

560 1205 747 1251 monte
781 1196 900 1257 Dei,
936 1211 1060 1249 cum
1109 1195 1230 1248 illos
1270 1210 1395 1248 arca
1427 1193 1780 1263 pracederet,
1816 1203 1872 1247 et
1907 1191 2014 1245 illis
2048 1207 2137 1246 re—

561 1287 744 1358 quiem
779 1295 1070 1356 quzereret,
1106 1285 1316 1356 Moyses
1347 1299 1564 1354 quoque
1597 1293 1799 1347 oraret,
1830 1298 1896 1338 ac
1937 1283 2137 1353 depre-

561 1389 802 1442 caretur,
843 1379 1019 1432 nubes
1068 1379 1232 1433 etiam
1280 1377 1401 1432 illos
1449 1387 1762 1447 contegeret
1794 1395 1807 1430 :
1843 1387 1898 1432 at
1932 1377 2009 1430 illi
2047 1392 2140 1446 pa-

561 1488 689 1528 nem
723 1472 790 1526 de
820 1472 959 1527 ccelo
987 1471 1174 1526 datum
1203 1470 1418 1524 inanem
1447 1471 1800 1540 appellantes,
1839 1470 2137 1540 plurimum

563 1565 632 1619 de
669 1565 781 1619 Deo
827 1579 890 1618 ac
928 1563 1106 1634 Moyse
1154 1563 1654 1631 conquerebantur.
1689 1562 1860 1629 Quam
1901 1562 1970 1616 ob
2004 1577 2137 1616 cau-

563 1672 679 1711 sam
714 1656 1020 1712 necessario
1049 1657 1127 1710 illi
1159 1656 1380 1726 quidem
1414 1656 1553 1727 ignis
1586 1671 1723 1726 Opus
1751 1655 1933 1710 effecti
1977 1665 2136 1719 sunt,

563 1747 620 1802 lii
657 1748 992 1816 serpentium
1028 1747 1301 1802 morsibus
1329 1747 1593 1802 continuo
1624 1746 1926 1816 perierunt.

629 2009 824 2063 PALL.
873 2009 978 2064 Sed
1023 2009 1285 2080 quidnam
1327 2008 1384 2062 in
1425 2017 1662 2077 utroque
1694 2005 1988 2076 Scriptura:
2018 2005 2140 2060 loco

561 2099 962 2154 observandum
991 2112 1094 2164 est,
1125 2100 1327 2170 quidve
1359 2110 1442 2154 est
1472 2114 1630 2152 mons
1658 2098 1790 2152 Dei?

629 2190 787 2247 CYR.
826 2191 1064 2246 Montem
1106 2192 1226 2255 Dei,
1262 2191 1478 2261 opinor,
1509 2190 1646 2245 dicit
1685 2189 1833 2254 Sina,
1877 2189 1932 2242 in
1974 2203 2139 2257 quem

561 2282 654 2337 ille
684 2281 1066 2337 universorum
1098 2281 1292 2350 Opifex
1347 2280 1487 2352 ignis
1526 2280 1710 2350 specie
1743 2279 2044 2343 descendit,
2079 2294 2144 2334 ac

560 2374 713 2430 visus
743 2383 828 2429 est
859 2374 1007 2428 omni
1043 2374 1265 2444 populo,
1303 2374 1446 2428 sicut
1501 2373 1764 2442 scriptum
1819 2382 1922 2436 est,
1963 2373 2140 2442 leges-

561 2481 669 2535 que
721 2467 900 2520 sanxit
943 2482 1128 2520 rerum
1180 2465 1513 2536 agendarum
1549 2482 1562 2518 :
1607 2485 1624 2515 ι
1659 2464 1955 2520 Constituit
1994 2465 2142 2518 enim

564 2557 641 2612 ibi
673 2557 799 2610 ﬁliis
835 2556 998 2610 Israel
1028 2554 1447 2626 iustiﬁcationes
1481 2569 1545 2608 ac
1574 2553 1778 2623 judicia
1808 2552 1873 2605 9‘.
1913 2571 1931 2602 ι
1967 2551 2142 2606 Caete-

563 2662 688 2700 rum
709 2645 804 2715 qui
832 2644 964 2700 olim
996 2645 1087 2700 illa
1119 2646 1322 2710 sanxit,
1345 2644 1600 2699 Christus
1628 2643 1750 2698 fuit.
1783 2643 1971 2712 itaque
1997 2642 2145 2712 leges

565 2735 688 2791 illas
724 2751 823 2806 per
849 2736 1068 2808 Moysen
1097 2735 1270 2799 datas,
1301 2750 1399 2791 sua
1423 2734 1585 2788 verba
1616 2745 1792 2789 vocat.
1825 2733 1918 2788 Ait
1948 2733 2096 2787 enim
2125 2749 2139 2786 :

571 2845 594 2878 ι
622 2827 819 2891 Amen,
843 2828 969 2883 dico
995 2827 1178 2890 vobis,
1203 2826 1379 2883 donec
1401 2836 1645 2881 transeat
1669 2824 1868 2880 malum
1893 2835 1948 2879 et
1975 2833 2140 2890 terra,

563 2915 676 2972 iota
716 2933 907 2982 unum,
941 2927 1036 2973 aut
1081 2932 1226 2972 unus
1273 2931 1412 2984 apex
1457 2931 1567 2970 non
1613 2914 1914 2984 praeteribit
1943 2929 1973 2967 a
2003 2913 2141 2983 lege,

559 3005 742 3064 donec
789 3005 972 3061 omnia
1026 3004 1176 3061 ﬁant.
1242 3004 1478 3068 Cwlum,
1518 3014 1576 3061 et
1626 3015 1771 3060 terra
1812 3004 2140 3067 transibunt,

2240 546 2293 598 τί
2322 546 2593 617 ἐξήγαγες
2623 547 2772 617 ἡμᾶς
2801 549 2868 600 ὲκ
2911 546 3018 615 γῆς
3067 545 3366 613 Αίγύπτου,
3413 543 3733 596 ἀποκτεῖναι
3761 545 3818 596 ἐν

2240 638 2305 708 τῇ
2355 639 2577 707 ἐρήμῳ;
2606 638 2686 690 ὅτι
2721 639 2823 690 οὐκ
2873 635 3018 690 ἔστιν
3058 636 3243 708 ἄρτος,
3293 633 3416 687 οὐδὲ
3462 631 3641 702 ὕδωρ·
3689 634 3724 702 ὴ
3763 632 3824 691 δὲ,

2239 728 2386 798 ψυχὴ
2422 728 2583 799 ἡμῶν
2617 727 2990 800 προσώχθισεν
3032 729 3092 780 ἐν
3136 726 3214 797 τῷ
3264 726 3415 796 ἄρτῳ
3466 723 3546 794 τῷ
3589 723 3819 794 διακένῳ

2239 818 2431 888 τούτῳ.
2468 819 2578 872 Καὶ
2607 819 2889 872 ἀπέστειλε
2920 819 3122 890 Κύριος
3141 819 3221 878 είς
3244 817 3338 868 τὸν
3369 815 3500 892 λαὸν
3519 815 3649 879 τοὺς
3669 814 3819 883 ὄφεις

2240 913 2365 973 τοὺς
2397 910 2788 974 θανατοῦντας.
2815 913 2910 965 καὶ
2931 911 3155 964 ἕδακνον
3175 911 3266 963 τὸν
3285 908 3436 970 λαὺν,
3461 908 3558 961 καὶ
3583 907 3820 961 ἀπέθανε

2239 1002 2370 1066 λαὸς
2403 1002 2570 1064 πολὺς
2596 1002 2705 1054 τῶν
2737 1003 2870 1056 υἱῶν
2907 1003 3144 1072 Ἰσραήλ.
3187 1020 3204 1052 ι
3251 1001 3416 1072 Ὀρᾷς
3457 996 3551 1052 οὖν
3578 999 3659 1050 ὅτι
3688 999 3824 1067 πυρὶ

2240 1093 2335 1147 καὶ
2363 1093 2556 1162 ὄφεσιν
2584 1096 2612 1146 ὀ
2635 1093 2868 1163 ψίθυρός
2904 1110 2964 1146 τε
2989 1093 3086 1146 καὶ
3117 1091 3427 1160 γογγυστὶτ
3457 1089 3823 1158 δεδαπάνηται

2239 1187 2390 1250 λαός.
2431 1187 2494 1238 Οἱ
2525 1185 2756 1255 μὲνγὰρ
2791 1185 3098 1256 ἐξαίρουσιν
3144 1185 3209 1236 ὲκ
3247 1182 3341 1236 τοῦ
3383 1185 3547 1254 ὅρους
3593 1182 3817 1252 Κυρίου,

2240 1276 2682 1346 προϐιϐαζούσης
2713 1276 2892 1330 αὐτῶν
2942 1278 3042 1347 τῆς
3078 1273 3338 1339 κιϐωτοῦ,
3371 1275 3465 1326 καὶ
3508 1273 3819 1344 προαναζη-

2238 1367 2438 1434 τούσης
2461 1367 2766 1420 ἀνάπαυσιν
2789 1383 2802 1396 ’
2827 1365 3196 1436 ὲπευχομένου
3224 1365 3282 1418 δὲ
3305 1367 3400 1418 καὶ
3428 1381 3533 1433 πρε
3544 1363 3821 1426 σϐεύοντος

2239 1457 2335 1511 τοῦ
2369 1459 2650 1523 .Μωσέως,
2696 1459 2792 1511 καὶ
2835 1457 2942 1528 μὴν
2982 1457 3078 1510 καὶ
3122 1456 3354 1525 νεφέλης
3397 1453 3830 1523 ὲπισκιαζούσης-

2239 1551 2442 1613 αὐτοῖς,
2476 1552 2525 1603 oi
2551 1550 2632 1614 δὲ,
2667 1550 2916 1602 διάκενον
2948 1545 3312 1618 ὀνομάζοντες
3342 1547 3433 1600 τὸν
3461 1546 3629 1611 ἄρτον
3653 1546 3744 1599 τὸν
3765 1547 3820 1612 ἐξ

2240 1641 2492 1713 ούρανοῦ,
2535 1641 2793 1711 πλείστην
2830 1641 2962 1710 ὅσην
2996 1641 3136 1693 κατά
3177 1655 3236 1692 τε
3267 1638 3363 1692 τοῦ
3401 1634 3540 1691 Θεοῦ
3570 1637 3662 1689 καὶ
3696 1637 3813 1690 Μωο

2244 1734 2381 1797 τέως
2406 1733 2687 1787 ἐποιοῦντο
2731 1733 2830 1804 τὴν
2861 1732 3156 1802 καταϐοήν.
3201 1731 3304 1784 Διά
3328 1749 3408 1784 τοι
3443 1729 3624 1793 τοῦτο,
3659 1729 3821 1799 πυρός

2171 1802 2214 1857 Β
2247 1827 2346 1896 μὲν
2371 1826 2530 1898 ἔργον
2547 1829 2743 1880 ἐκεῖνοι
2767 1802 3058 1895 γεγόνασιν
3083 1824 3428 1892 ἀναγκαίως,
3459 1825 3509 1875 οἱ
3537 1822 3593 1874 δὲ
3615 1822 3823 1892 πικρῶν

2241 1917 2416 1987 ὄφεων
2443 1917 2714 1988 δήγμασιν
2743 1915 2882 1986 ἀμελ
2903 1913 2978 1986 [λ]
3005 1915 3094 1984 ητὶ
3119 1913 3423 1966 διολώλασι.

2312 2009 2520 2062 ΠΑΛΛ.
2563 2010 2673 2060 Καὶ
2704 2007 2789 2070 τίς
2821 2008 3034 2076 γένοιτο
3091 2006 3254 2060 πάλιν
3284 2007 3342 2058 ὲν
3386 2007 3592 2074 ἀμφοῖν
3641 2005 3826 2074 ἐπιτή-

2243 2118 2435 2172 ρησις;
2464 2102 2558 2154 καὶ
2585 2100 2638 2152 τί
2663 2100 2724 2154 τὸ
2755 2099 2882 2169 ὅρος
2919 2100 3127 2170 Κυρίου
3151 2115 3164 2163 ;

2313 2192 2476 2246 ΚΥΡ.
2555 2193 2718 2262 Ὄρος
2773 2187 2927 2260 οἶμαί
2989 2207 3090 2243 που
3137 2189 3344 2260 Κυρίου
3395 2189 3530 2258 φησὶ
3570 2188 3632 2241 τὸ
3678 2187 3823 2251 Σινά,

2241 2285 2327 2355 ἐφ’
2356 2284 2384 2337 ὃ
2410 2283 2784 2354 καταϐέϐηκεν
2815 2285 2874 2337 ὲν
2903 2284 3034 2338 εἴδει
3065 2283 3279 2354 πυρὸςό
3312 2281 3534 2334 πάντων
3562 2283 3827 2350 Δημιουρ-

2242 2376 2357 2446 γὺς,
2387 2374 2542 2444 ὤφθη
2573 2391 2633 2426 τε
2667 2376 2832 2428 παντὶ
2864 2375 2942 2446 τῷ
2968 2375 3104 2445 λαῷ,
3138 2374 3279 2427 κατὰ
3316 2373 3379 2426 τὸ
3417 2371 3823 2441 γεγραμμένον,

2245 2465 2338 2519 καὶ
2383 2464 2510 2525 τοὺς
2540 2463 2632 2514 ἐπὶ
2662 2467 2776 2528 τοῖς
2828 2463 3122 2536 πρακτέοις
3176 2460 3680 2532 κατεχρησμῴδησε
3743 2460 3824 2510 νό-

2247 2572 2413 2628 μους·
2460 2578 2478 2608 ι
2521 2557 2713 2611 Ἔθετο
2755 2557 2864 2629 γὰρ
2905 2559 3022 2610 ἐκεῖ
3055 2559 3168 2620 τοῖς
3198 2557 3332 2617 υἱοῖς
3367 2553 3588 2624 Ἰσραὴλ
3608 2550 3827 2604 δικαιὼ-

2247 2665 2393 2718 ματα
2418 2648 2512 2702 καὶ
2547 2648 2780 2720 κρίσεις.
2821 2667 2840 2700 ι
2891 2649 3031 2701 Ἀλλ’
3060 2644 3128 2718 ἦν
3162 2648 3257 2701 καὶ
3287 2645 3454 2698 πάλαι
3490 2642 3829 2714 θεσμοθετῶν

2259 2740 2443 2792 ἐκεῖνα
2483 2739 2736 2809 Χριστός.
2783 2739 3073 2810 Τοιγάρτοι
3116 2738 3212 2790 κα)⁸
3251 2737 3446 2802 λόγους
3509 2735 3674 2796 ίδὶους
3713 2734 3832 2797 τοὺς

2243 2832 2332 2886 διὰ
2370 2831 2613 2895 Μωσέως
2658 2831 2812 2885 καλεῖ
2837 2832 3053 2902 νόμους.
3085 2831 3228 2900 Ἐφη
3253 2830 3396 2900 γάρ’
3430 2847 3449 2879 ι
3493 2826 3666 2897 Ἀμὴν
3694 2826 3832 2893 λέγω

2246 2924 2395 2993 ὑμῖν,
2426 2923 2534 2986 ἓως
2565 2923 2632 2977 ἂν
2672 2921 2917 2994 παρέλθῃ
2947 2925 2976 2975 ό
3005 2922 3230 2992 οὐρανὸς
3261 2921 3358 2975 καὶ
3382 2922 3418 2992 ἡ
3454 2921 3549 2990 γῆ,
3593 2920 3728 2973 ίῶτα
3755 2920 3829 2982 ἓν,

2245 3010 2280 3078 ἢ
2316 3008 2411 3079 μία
2443 3009 2642 3079 κεραία
2673 3010 2734 3062 ού
2767 3008 2845 3080 μὴ
2872 3009 3117 3081 παρέλθῃ
3145 3009 3252 3062 ἀπὸ
3286 3008 3381 3062 τοῦ
3413 3010 3602 3080 νόμου,
3631 3010 3741 3072 ἓως
3770 3009 3832 3061 ἂν

561 3095 731 3151 verba
763 3107 947 3152 autem
980 3113 1100 3153 mea
1144 3111 1256 3151 non
1299 3095 1614 3151 transibunt
1643 3097 1707 3148 θ’.
1749 3114 1767 3147 ι
1802 3095 1916 3165 Age
1955 3095 2140 3166 igitur,

2249 3100 2426 3154 πάντα
2459 3102 2700 3172 γένηται.
2751 3102 2812 3154 '0
2843 3101 3074 3172 οὐρανὸς
3109 3101 3262 3172 καὶὴ
3298 3102 3372 3171 γῆ
3415 3101 3830 3172 παρελεύσεται,

562 3188 807 3244 historia“:
839 3188 1204 3244 crassitudine
1235 3189 1444 3252 relicta,
1481 3187 1848 3257 spiritualium
1882 3203 2142 3242 sensuum

2251 3193 2300 3244 oi
2328 3191 2385 3245 δὲ
2423 3191 2573 3260 λόγοι
2604 3209 2705 3262 μου
2744 3192 2805 3245 ού
2845 3192 2922 3263 μὴ
2955 3192 3285 3262 παρέλθωσι.
3318 3193 3497 3263 ’Φέρε
3517 3192 3582 3263 δὴ
3612 3187 3712 3244 οὖν
3739 3194 3832 3260 τῆς

562 3279 928 3335 subtilitatem
991 3280 1454 3349 contemplemur.
1505 3279 1697 3349 Igitur,
1751 3279 1848 3349 qui
1895 3280 2007 3349 jam
2053 3279 2148 3334 Dei

563 3376 791 3436 aspectu
843 3377 1008 3436 atque
1063 3368 1376 3438 cognitione
1434 3367 1643 3438 dignati
1700 3378 1848 3432 sunt,
1889 3368 2148 3438 splendo-

565 3471 798 3526 remque
853 3457 1054 3512 divinae
1106 3469 1317 3514 natura:
1375 3460 1576 3515 mentis
1624 3460 1837 3522 oculis,
1888 3460 2041 3514 velut
2094 3461 2150 3514 in

567 3555 786 3610 monte,
846 3546 903 3600 id
945 3558 1030 3602 est
1075 3548 1130 3601 in
1169 3564 1424 3618 suprema
1472 3550 1803 3621 sublimique
1855 3553 2150 3607 admodum

565 3637 914 3702 excellentia,
945 3649 1351 3708 conSpexerunt
1397 3639 1544 3711 (nam
1592 3641 1683 3696 illa
1730 3643 1826 3698 Dei
1873 3644 2041 3714 gloria
2087 3660 2152 3700 ac

566 3739 766 3785 natura
822 3729 968 3784 ultra
1014 3730 1198 3785 omnia
1242 3731 1396 3802 est),
1455 3731 1550 3800 qui
1598 3733 1834 3802 quodam
1882 3734 2046 3789 modo
2093 3751 2150 3790 se

568 3822 719 3890 ipsos
750 3819 970 3876 Christo
999 3837 1098 3890 per
1128 3821 1290 3876 [idem
1325 3823 1715 3888 exhibuerunt,
1749 3834 1805 3879 et
1836 3825 1956 3895 ejus
1983 3825 2150 3880 verba

568 3911 886 3977 audierunt,
926 3923 1091 3984 atque
1132 3913 1504 3970 obedientiam
1553 3916 1785 3986 polliciti
1836 3926 1964 3971 sunt
2003 3917 2150 3987 (nam

569 4004 627 4059 id
665 4021 884 4075 quoque
925 4016 1042 4062 tum
1075 4005 1205 4062 fecit
1251 4008 1438 4074 Israel,
1475 4023 1601 4063 cum
1640 4007 1780 4062 dixit
1815 4025 1828 4061 :
1870 4027 1889 4058 ι
1933 4007 2147 4074 Omnia,

568 4108 912 4164 quaecunque
964 4094 1103 4150 dixit
1149 4095 1413 4152 Dominus
1459 4095 1606 4150 Deus
1667 4104 1821 4157 tuus,
1863 4092 2146 4159 faciemus,

567 4193 626 4239 et
671 4183 961 4241 audiemus
994 4185 1040 4217 ⁸⁸
1091 4185 1167 4256 »);
1203 4186 1240 4240 ii
1269 4185 1454 4241 divina
1501 4186 1595 4240 illa
1629 4184 1995 4256 providentia,
2031 4200 2150 4255 quae

563 4274 677 4346 jam
716 4275 1033 4333 domesticis
1075 4278 1362 4344 convenit,
1412 4277 1796 4349 perfruentur;
1844 4292 2022 4346 neque
2067 4277 2150 4331 di-

567 4368 709 4424 vina:
746 4384 877 4440 erga
908 4385 970 4426 se
1000 4387 1168 4435 (ιω-αι,
1219 4380 1490 4442 quatenus
1539 4370 1649 4424 illis
1691 4369 1760 4423 ad
1811 4369 2039 4424 salutem
2078 4369 2150 4424 sit

2255 3282 2496 3354 ἱστορίας
2520 3283 2581 3336 τὸ
2604 3283 2774 3353 πάχος
2798 3283 3049 3353 ἀφέντες,
3072 3283 3183 3336 τῶν
3209 3280 3595 3353 πνευματικῶν
3617 3281 3833 3335 ὲσνοιῶν

2251 3371 2352 3442 τὴν
2400 3373 2687 3442 ἰσχνότητα
2729 3371 3185 3444 καταθρήσωμεν.
3235 3374 3297 3425 Οί
3328 3373 3438 3443 γάρ
3469 3389 3552 3424 τοι
3582 3371 3833 3432 θεοπτίας

2255 3463 2354 3532 μὲν
2383 3462 2484 3533 ἤδη
2522 3463 2616 3516 καὶ
2659 3463 2989 3530 θεογνωσίας
3025 3463 3355 3532 ἠξιωμένοι,
3404 3464 3500 3516 καὶ
3542 3462 3646 3530 τῆς
3690 3461 3834 3523 θείας

2253 3552 2468 3621 φύσεως
2497 3554 2596 3624 τὴν
2624 3554 2984 3626 λαμπρότητα
3033 3558 3145 3618 τοῖς
3186 3556 3288 3622 τῆς
3305 3554 3560 3629 ,διανοίας
3600 3555 3832 3623 ὄμμασι.

2253 3645 2506 3717 καθάπερ
2537 3647 2595 3698 ὲν
2623 3645 2760 3716 ὄρει,
2788 3645 3130 3716 τεθεαμένοι,
3154 3646 3450 3709 τουτέστιν,
3473 3649 3530 3700 ὲν
3561 3645 3834 3716 ὑπερτάτη

2251 3733 2346 3786 καὶ
2382 3733 2728 3803 ἀνῳκισμένῃ
2759 3734 2880 3786 λίαν
2906 3734 3010 3786 ὑπε
3029 3739 3158 3805 ροχῇ
3197 3733 3423 3803 (παντὸς
3444 3734 3556 3804 γὰρ
3582 3733 3836 3786 ἐπέκεινα

2251 3821 2378 3888 δόξα
2408 3840 2466 3875 τε
2509 3823 2603 3876 κα)⁸
2633 3823 2794 3891 φύσις
2823 3823 3004 3894 Θεοῦ),
3050 3827 3098 3878 οἱ
3137 3828 3590 3896 παραστήσαντες
3613 3823 3834 3886 ἑαυτοὺς

2253 3916 2415 3971 οἱονεὶ
2447 3916 2533 3969 διὰ
2579 3916 2679 3985 τῆς
2718 3917 2954 3981 πίστεως
3000 3917 3077 3988 τῷ
3126 3918 3382 3989 Χριστῷ,
3432 3922 3529 3973 καὶ
3566 3920 3675 3974 τῶν
3712 3923 3832 3990 παρ’

2253 4007 2419 4064 αὑτοῦ
2457 4009 2738 4077 γεγονότες
2767 4011 2868 4064 οὐκ
2902 4010 3125 4082 ἀνήκοοι
3157 4014 3440 4083 ῥημάτων,
3481 4012 3833 4082 ὑποσχόμενοί

2255 4118 2316 4154 τε
2341 4101 2440 4170 τὴν
2489 4099 2734 4170 ὑπακοὴν
2770 4100 2951 4172 (τοῦτο
2981 4102 3092 4172 γὰρ
3117 4103 3246 4173 έδρα
3297 4103 3389 4156 καὶ
3433 4103 3552 4155 τότε
3603 4103 3778 4169 λέγων
3805 4103 3832 4153 ό

2265 4190 2481 4262 Ἰσραήλ
2500 4206 2514 4220 ο
2546 4209 2564 4242 ι
2593 4193 2798 4252 Πάντα,
2819 4192 2917 4245 ὅσα
2937 4188 3058 4245 εἷπε
3080 4193 3467 4264 ΚύριοςόΘεός
3485 4209 3600 4256 σου,
3619 4194 3831 4262 mmm-

2253 4301 2352 4354 μεν
2385 4285 2478 4337 καὶ
2499 4284 2842 4354 ἀκουσόμεθα
2873 4303 2891 4336 ι
2925 4285 2944 4355 )
2993 4286 3091 4355 τῆς
3132 4285 3231 4356 ήδη
3265 4285 3505 4355 γνησίως
3527 4284 3833 4356 πρεπούσης

2251 4375 2460 4446 φειδοῦς
2514 4376 2913 4441 ἀπολαύσουσι,
2967 4378 3061 4430 καὶ
3106 4377 3389 4448 μεθέξουσι
3435 4377 3834 4448 φροντίδοςτῆς

569 4458 724 4525 satis,
749 4472 1001 4530 expertes
1023 4473 1217 4527 erunt;
1245 4462 1427 4531 ipsum
1445 4460 1593 4517 enim
1618 4461 1900 4516 habebunt
1928 4459 2144 4524 ducem,

2257 4467 2587 4540 ἀποχρώσης
2633 4470 2712 4531 εἰς
2741 4468 3022 4539 σωτηρίαν
3054 4469 3261 4532 αὐτοῖς’
3292 4469 3455 4521 αὑτὸν
3493 4469 3608 4539 γὰρ
3629 4467 3833 4532 ἕξουσιν

568 4562 627 4608 et
678 4564 1158 4623 pr0pugnatorem,
1199 4569 1265 4609 ac
1301 4569 1719 4624 praecursorem,
1760 4552 1854 4622 qui
1905 4551 2013 4606 illis
2058 4567 2148 4605 re-

570 4643 759 4714 quiem
790 4644 1056 4713 exploret.
1105 4645 1322 4700 Primus
1367 4660 1608 4715 namque
1639 4645 1894 4700 Christus
1927 4653 2152 4716 propter

570 4749 675 4788 nos
705 4749 771 4788 ac
800 4750 902 4804 pro
933 4736 1096 4791 nobis
1130 4735 1344 4792 Satanae
1378 4737 1513 4791 olim
1548 4737 1745 4792 victori
1781 4752 1840 4791 se
1873 4734 2148 4805 opposuit,

571 4841 697 4880 cum
736 4827 1006 4897 jejunavit
1061 4843 1126 4883 ac
1165 4837 1405 4883 tentatus
1446 4838 1529 4884 est
1577 4828 1633 4884 in
1677 4828 1917 4890 deserto,
1954 4837 2013 4881 ut
2052 4841 2154 4880 nos

571 4918 725 4973 illum
757 4918 986 4983 victum,
1023 4929 1080 4974 et
1116 4919 1391 4991 abjectum
1432 4931 1489 4976 et
1534 4922 1636 4976 sub
1680 4922 1882 4976 nostris
1919 4921 2153 4991 pedibus

570 5020 910 5078 prostratum
947 5009 1221 5074 videntes,
1265 5012 1510 5080 requiem
1561 5011 1910 5066 haberemus.
1962 5011 2152 5080 Itaque

572 5099 738 5155 etiam
770 5101 990 5157 dicebat
1019 5119 1032 5154 :
1072 5120 1094 5152 ι
1127 5102 1445 5157 Pressuram
1480 5102 1757 5158 habebitis
1802 5102 1858 5156 in
1898 5102 2104 5156 mundo
2137 5119 2152 5160 :

580 5193 744 5263 158
785 5193 884 5251 sed
934 5195 1228 5260 conﬁdite,
1281 5209 1384 5265 ego
1437 5195 1545 5249 vici
1604 5194 1876 5248 mundum
1906 5192 1970 5245 θ’.
2013 5213 2030 5244 ›
2088 5193 2158 5248 Et

2257 4565 2517 4634 ἡγεμόνα,
2554 4563 2930 4633 προασπιστήν
2958 4578 3016 4615 τε
3051 4561 3142 4612 καὶ
3175 4560 3577 4630 πρώιεάζοντα
3606 4559 3738 4629 πρὸς
3775 4556 3835 4608 τὸ

2256 4653 2710 4724 κατασκέψασθαι
2750 4654 2933 4716 αὐτοῖς
2969 4652 3068 4724 τὴν
3101 4652 3406 4705 ἀνάπαυσιν
3426 4691 3439 4703 .
3478 4651 3696 4721 Πρῶτος
3729 4647 3834 4716 γὰρ

2256 4750 2285 4801 ὁ
2317 4748 2550 4829 Χριστὸς
2577 4746 2644 4798 δι’
2692 4746 2840 4815 ἡμᾶς
2872 4745 2968 4798 καὶ
3000 4743 3141 4814 ὑπὲρ
3171 4745 3203 4812 ἠ
3214 4742 3328 4813 μῶν
3360 4741 3554 4829 ἑαυτὸν
3583 4735 3832 4829 ἀντέταξε

2257 4837 2336 4907 τῷ
2359 4827 2525 4889 πάλαι
2552 4835 2835 4905 νικήσαντι
2866 4834 3096 4902 Σατανᾷ,
3127 4827 3498 4901 νενηστευκὼς
3531 4843 3592 4880 τε
3615 4827 3704 4878 καὶ
3727 4839 3830 4876 πει-

2261 4927 2562 5000 ραζόμενος
2597 4928 2656 4978 ὲν
2683 4928 2749 4996 τῇ
2783 4926 2996 4995 ἐρήμῳ,
3032 4923 3098 4976 ἵν’
3122 4924 3288 4993 ἡμεῖς
3324 4919 3542 4989 ἔχωμεν
3579 4917 3676 4987 τὴν
3702 4915 3829 4967 άνά-

2261 5033 2484 5080 παυσιν,
2517 5014 2905 5084 νενικημένον,
2944 5015 3037 5068 καὶ
3071 5012 3423 5073 πεπτωκότα,
3450 5010 3546 5062 καὶ
3580 5011 3684 5071 τοῖς
3708 5007 3830 5059 ἑαυ-

2259 5107 2367 5164 τῶν
2411 5106 2569 5158 ποσὶν
2589 5106 3014 5177 ὑπεστρωμένον
3047 5105 3290 5176 ὁρῶντες
3338 5102 3522 5155 αὐτόν.
3558 5098 3832 5166 Τοιγάρτοι

2259 5200 2352 5253 καὶ
2382 5198 2558 5267 έλεγε’
2616 5216 2635 5249 ι
2681 5197 2872 5266 Θλίψιν
2913 5196 3068 5267 ἔχετε
3098 5199 3156 5249 ὲν
3187 5194 3266 5264 τῷ
3295 5192 3507 5262 κόσμῳ,
3550 5189 3678 5244 ἀλλὰ
3702 5188 3832 5256 θαρ-

579 5282 775 5338 iterum
819 5303 832 5338 :
878 5304 900 5336 ε
948 5285 1092 5341 Ecce
1145 5286 1272 5342 dedi
1324 5287 1481 5341 vobis
1528 5294 1860 5355 potestatem
1910 5283 2144 5340 calcandi

2265 5291 2442 5344 σεῖτεο
2500 5291 2612 5356 ὲγω
2663 5287 2922 5358 νενίκηκα
2974 5286 3066 5340 τὸν
3127 5285 3353 5355 κόσμον.
3394 5301 3414 5333 ι
3472 5283 3586 5336 Καὶ
3639 5278 3828 5332 πάλιν·

579 5391 744 5446 super
793 5389 1074 5447 serpentes
1131 5389 1188 5435 et
1239 5380 1578 5450 scorpiones,
1615 5389 1671 5435 et
1724 5393 1889 5448 super
1937 5394 2144 5433 omnem

2269 5399 2294 5430 ι.
2343 5379 2474 5433 Ἰδοὺ
2515 5378 2724 5432 δέδωκα
2772 5378 2900 5449 ὑμῖν
2939 5376 3190 5443 ἐξουσίαν
3220 5375 3411 5429 πατεῖν
3445 5373 3631 5426 ἐπάνω·
3660 5370 3830 5435 ὄφεων

581 5476 908 5536 porestatem
940 5468 1148 5524 inimici
1178 5470 1216 5523 ί.
1256 5490 1275 5521 ι
1313 5470 1535 5526 Primus
1577 5481 1801 5542 propter
1839 5486 1940 5526 nos
1969 5480 2024 5526 et
2056 5487 2144 5542 prc

2259 5470 2352 5525 ml.
2369 5469 2774 5541 σκορπίων,καὶ
2786 5471 2876 5524 ἐπὶ
2894 5471 3073 5532 πᾶσαν
3087 5468 3189 5539 τὴν
3197 5467 3427 5536 δύναμιν
3437 5462 3531 5516 τοῦ
3559 5457 3794 5530 Ἐχθροῦ.
3809 5476 3823 5506 ι

3649 5655 3660 5686 ¹
3691 5652 3838 5712 Luc._

537 5651 548 5678 ’⁸
648 5665 884 5740 ντμυω.
918 5683 1028 5733 xxi,
1065 5668 1100 5724 4
1129 5683 1281 5740 seqq.
1394 5672 1441 5703 ³⁸
1467 5669 1639 5726 Exod.
1672 5686 1761 5734 xv,
1786 5669 1874 5724 25.
1957 5669 2000 5701 ’⁷
2027 5667 2144 5724 Matl

2249 5683 2296 5734 v,
2323 5667 2406 5722 l8.
2484 5667 2532 5702 ⁸⁸
2558 5665 2730 5724 Exod.
2763 5681 2906 5733 xxiv,
2947 5664 2998 5720 5.
3104 5665 3151 5698 ’θ
3183 5663 3454 5725 Ιοοιωιγι,
3491 5655 3573 5711 33.

587 5752 616 5790 Χ
648 5665 884 5792 ’;9Num.
918 5683 1028 5733 xxi,
1065 5668 1100 5724 4
1129 5683 1281 5740 seqq.
1394 5672 1441 5703 ³⁸
1467 5669 1639 5726 Exod.
1672 5686 1761 5734 xv,
1786 5669 1874 5724 25.
1957 5669 2000 5701 ”
2027 5666 2215 5724 Matth.
2244 5683 2296 5734 v,
2323 5667 2406 5722 ~l8.
2484 5667 2532 5702 ⁸⁸
2558 5665 2730 5724 Exod.
2763 5681 2906 5733 xxiv,
2947 5664 2998 5720 5.
