  <div class='ocr_page' id='page_1' title='image "/cluster/home/n/w/nwhite01/storage/ocr_20150623/68/hvd.32044019207851/200.png"; bbox 0 0 4072 6522; ppageno 0'>
   <div class='ocr_carea' id='block_1_1' title="bbox 222 388 313 445">
    <p class='ocr_par' dir='ltr' id='par_1_1' title="bbox 222 388 313 445">
     <span class='ocr_line' id='line_1_1' title="bbox 222 388 313 445; baseline 0 0"><span class='ocrx_word' id='word_1_1' title='bbox 222 388 313 445; x_wconf 73' lang='lat'><strong>585</strong></span> 
     </span>
    </p>
   </div>
   <div class='ocr_carea' id='block_1_2' title="bbox 899 368 2713 434">
    <p class='ocr_par' dir='ltr' id='par_1_2' title="bbox 899 368 2713 434">
     <span class='ocr_line' id='line_1_2' title="bbox 899 368 2713 434; baseline -0.002 -1"><span class='ocrx_word' id='word_1_2' title='bbox 899 379 985 434; x_wconf 86' lang='lat' dir='ltr'><strong>DE</strong></span> <span class='ocrx_word' id='word_1_3' title='bbox 1025 375 1470 434; x_wconf 73' lang='lat' dir='ltr'><strong>ADORATIONE</strong></span> <span class='ocrx_word' id='word_1_4' title='bbox 1510 372 1577 428; x_wconf 81' lang='lat' dir='ltr'><strong>IN</strong></span> <span class='ocrx_word' id='word_1_5' title='bbox 1632 368 1904 426; x_wconf 81' lang='lat' dir='ltr'><strong>SPIRJTU</strong></span> <span class='ocrx_word' id='word_1_6' title='bbox 1942 370 2032 425; x_wconf 85' lang='lat' dir='ltr'><strong>ET</strong></span> <span class='ocrx_word' id='word_1_7' title='bbox 2071 373 2438 433; x_wconf 84' lang='lat' dir='ltr'><strong>VERITATE.</strong></span> <span class='ocrx_word' id='word_1_8' title='bbox 2480 376 2608 431; x_wconf 85' lang='lat' dir='ltr'><strong>LIB.</strong></span> <span class='ocrx_word' id='word_1_9' title='bbox 2650 377 2713 432; x_wconf 75' lang='grc' dir='ltr'>ν.</span> 
     </span>
    </p>
   </div>
   <div class='ocr_carea' id='block_1_3' title="bbox 3351 384 3454 446">
    <p class='ocr_par' dir='ltr' id='par_1_3' title="bbox 3351 384 3454 446">
     <span class='ocr_line' id='line_1_3' title="bbox 3351 384 3454 446; baseline 0.058 -6"><span class='ocrx_word' id='word_1_10' title='bbox 3351 384 3454 446; x_wconf 79' lang='lat'><strong>386</strong></span> 
     </span>
    </p>
   </div>
   <div class='ocr_carea' id='block_1_4' title="bbox 223 489 1759 574">
    <p class='ocr_par' dir='ltr' id='par_1_4' title="bbox 223 489 1759 574">
     <span class='ocr_line' id='line_1_4' title="bbox 223 489 1759 574; baseline -0.016 -10"><span class='ocrx_word' id='word_1_11' title='bbox 223 506 422 573; x_wconf 79' lang='grc' dir='ltr'>Πρῶτος</span> <span class='ocrx_word' id='word_1_12' title='bbox 469 502 573 574; x_wconf 84' lang='grc' dir='ltr'><strong>γὰρ</strong></span> <span class='ocrx_word' id='word_1_13' title='bbox 628 501 696 554; x_wconf 79' lang='grc' dir='ltr'><strong>δι’</strong></span> <span class='ocrx_word' id='word_1_14' title='bbox 743 499 892 570; x_wconf 76' lang='grc' dir='ltr'>ἡμᾶς</span> <span class='ocrx_word' id='word_1_15' title='bbox 935 498 1031 554; x_wconf 81' lang='grc' dir='ltr'>καὶ</span> <span class='ocrx_word' id='word_1_16' title='bbox 1086 497 1224 568; x_wconf 82' lang='grc' dir='ltr'><strong>ὑπὲρ</strong></span> <span class='ocrx_word' id='word_1_17' title='bbox 1257 494 1414 566; x_wconf 82' lang='grc' dir='ltr'>ήμῶν</span> <span class='ocrx_word' id='word_1_18' title='bbox 1450 490 1529 564; x_wconf 82' lang='grc' dir='ltr'><strong>τῷ</strong></span> <span class='ocrx_word' id='word_1_19' title='bbox 1560 489 1759 560; x_wconf 56' lang='grc' dir='ltr'>θανάτη</span> 
     </span>
    </p>
   </div>
   <div class='ocr_carea' id='block_1_5' title="bbox 1862 489 3452 574">
    <p class='ocr_par' dir='ltr' id='par_1_5' title="bbox 1874 489 3452 574">
     <span class='ocr_line' id='line_1_5' title="bbox 1874 489 3452 574; baseline 0.01 -33"><span class='ocrx_word' id='word_1_20' title='bbox 1874 489 2036 545; x_wconf 91' lang='lat' dir='ltr'><strong>nobis</strong></span> <span class='ocrx_word' id='word_1_21' title='bbox 2068 506 2194 546; x_wconf 91' lang='lat' dir='ltr'><strong>cum</strong></span> <span class='ocrx_word' id='word_1_22' title='bbox 2228 504 2403 550; x_wconf 90' lang='lat' dir='ltr'><strong>morte</strong></span> <span class='ocrx_word' id='word_1_23' title='bbox 2437 509 2780 566; x_wconf 83' lang='lat' dir='ltr'><strong>congressus,</strong></span> <span class='ocrx_word' id='word_1_24' title='bbox 2819 495 2967 552; x_wconf 92' lang='lat' dir='ltr'><strong>illius</strong></span> <span class='ocrx_word' id='word_1_25' title='bbox 3007 497 3230 569; x_wconf 86' lang='lat' dir='ltr'><strong>quidem</strong></span> <span class='ocrx_word' id='word_1_26' title='bbox 3276 501 3452 574; x_wconf 82' lang='lat' dir='ltr'><strong>impe-</strong></span> 
     </span>
    </p>
   </div>
   <div class='ocr_carea' id='block_1_6' title="bbox 221 585 1772 670">
    <p class='ocr_par' dir='ltr' id='par_1_6' title="bbox 221 585 1772 670">
     <span class='ocr_line' id='line_1_6' title="bbox 221 585 1772 670; baseline -0.011 -18"><span class='ocrx_word' id='word_1_27' title='bbox 221 593 534 670; x_wconf 64' lang='grc' dir='ltr'>πῳσὸαλὼν,</span> <span class='ocrx_word' id='word_1_28' title='bbox 573 591 838 646; x_wconf 85' lang='grc' dir='ltr'>κατέλυσε</span> <span class='ocrx_word' id='word_1_29' title='bbox 881 589 981 662; x_wconf 76' lang='grc' dir='ltr'>μὲν</span> <span class='ocrx_word' id='word_1_30' title='bbox 1006 590 1067 644; x_wconf 81' lang='grc' dir='ltr'>τὺ</span> <span class='ocrx_word' id='word_1_31' title='bbox 1115 588 1324 643; x_wconf 69' lang='grc' dir='ltr'>ἐκείνου</span> <span class='ocrx_word' id='word_1_32' title='bbox 1379 585 1598 656; x_wconf 88' lang='grc' dir='ltr'>κράτος,</span> <span class='ocrx_word' id='word_1_33' title='bbox 1637 600 1772 636; x_wconf 67' lang='grc' dir='ltr'>κατα</span> 
     </span>
    </p>
   </div>
   <div class='ocr_carea' id='block_1_7' title="bbox 219 673 1774 754">
    <p class='ocr_par' dir='ltr' id='par_1_7' title="bbox 219 673 1774 754">
     <span class='ocr_line' id='line_1_7' title="bbox 219 673 1774 754; baseline -0.012 -13"><span class='ocrx_word' id='word_1_34' title='bbox 219 687 462 754; x_wconf 77' lang='grc' dir='ltr'>εσκέψατο</span> <span class='ocrx_word' id='word_1_35' title='bbox 505 681 561 737; x_wconf 78' lang='grc' dir='ltr'>δὲ</span> <span class='ocrx_word' id='word_1_36' title='bbox 602 682 736 750; x_wconf 80' lang='grc' dir='ltr'>ἡμῖν</span> <span class='ocrx_word' id='word_1_37' title='bbox 767 679 866 750; x_wconf 84' lang='grc' dir='ltr'>τὴν</span> <span class='ocrx_word' id='word_1_38' title='bbox 913 678 1242 741; x_wconf 82' lang='grc' dir='ltr'><strong>ἀνάπαυσιν,</strong></span> <span class='ocrx_word' id='word_1_39' title='bbox 1292 673 1648 736; x_wconf 86' lang='grc' dir='ltr'>ἀνακαινίσας</span> <span class='ocrx_word' id='word_1_40' title='bbox 1692 673 1774 735; x_wconf 84' lang='grc' dir='ltr'><strong>εἰς</strong></span> 
     </span>
    </p>
   </div>
   <div class='ocr_carea' id='block_1_8' title="bbox 216 762 1770 844">
    <p class='ocr_par' dir='ltr' id='par_1_8' title="bbox 216 762 1770 844">
     <span class='ocr_line' id='line_1_8' title="bbox 216 762 1770 844; baseline -0.01 -13"><span class='ocrx_word' id='word_1_41' title='bbox 216 771 518 844; x_wconf 67' lang='grc' dir='ltr'>ἀφθαρσίαν.</span> <span class='ocrx_word' id='word_1_42' title='bbox 575 768 801 840; x_wconf 84' lang='grc' dir='ltr'>Πρῶτος</span> <span class='ocrx_word' id='word_1_43' title='bbox 859 765 1108 837; x_wconf 85' lang='grc' dir='ltr'>εἰσῆλθεν</span> <span class='ocrx_word' id='word_1_44' title='bbox 1151 768 1230 830; x_wconf 80' lang='grc' dir='ltr'><strong>είς</strong></span> <span class='ocrx_word' id='word_1_45' title='bbox 1279 765 1372 818; x_wconf 79' lang='grc' dir='ltr'>τὸν</span> <span class='ocrx_word' id='word_1_46' title='bbox 1420 762 1770 839; x_wconf 76' lang='grc' dir='ltr'>παράδεισον,</span> 
     </span>
    </p>
   </div>
   <div class='ocr_carea' id='block_1_9' title="bbox 217 850 1768 932">
    <p class='ocr_par' dir='ltr' id='par_1_9' title="bbox 217 850 1768 932">
     <span class='ocr_line' id='line_1_9' title="bbox 217 850 1768 932; baseline -0.01 -13"><span class='ocrx_word' id='word_1_47' title='bbox 217 863 584 932; x_wconf 74' lang='grc' dir='ltr'>ἑκδυσωπήσας</span> <span class='ocrx_word' id='word_1_48' title='bbox 613 859 712 930; x_wconf 76' lang='grc' dir='ltr'>μὲν</span> <span class='ocrx_word' id='word_1_49' title='bbox 733 858 922 929; x_wconf 82' lang='grc' dir='ltr'>ὥσπερ</span> <span class='ocrx_word' id='word_1_50' title='bbox 945 857 1044 927; x_wconf 84' lang='grc' dir='ltr'>τὴν</span> <span class='ocrx_word' id='word_1_51' title='bbox 1072 855 1449 928; x_wconf 81' lang='grc' dir='ltr'><strong>στρεφομένην</strong></span> <span class='ocrx_word' id='word_1_52' title='bbox 1473 850 1768 924; x_wconf 74' lang='grc' dir='ltr'><strong>ῥομφαίαν,</strong></span> 
     </span>
    </p>
   </div>
   <div class='ocr_carea' id='block_1_10' title="bbox 214 943 1772 1024">
    <p class='ocr_par' dir='ltr' id='par_1_10' title="bbox 214 943 1772 1024">
     <span class='ocr_line' id='line_1_10' title="bbox 214 943 1772 1024; baseline -0.01 -15"><span class='ocrx_word' id='word_1_53' title='bbox 214 954 504 1024; x_wconf 79' lang='grc' dir='ltr'><strong>ἀποστήσας</strong></span> <span class='ocrx_word' id='word_1_54' title='bbox 529 951 586 1006; x_wconf 80' lang='grc' dir='ltr'>δὲ</span> <span class='ocrx_word' id='word_1_55' title='bbox 621 949 778 1019; x_wconf 81' lang='grc' dir='ltr'>ἡμῶν</span> <span class='ocrx_word' id='word_1_56' title='bbox 808 948 904 1019; x_wconf 82' lang='grc' dir='ltr'><strong>τὴν</strong></span> <span class='ocrx_word' id='word_1_57' title='bbox 931 946 1282 1018; x_wconf 79' lang='grc' dir='ltr'>ὲξείργουσαν</span> <span class='ocrx_word' id='word_1_58' title='bbox 1311 945 1604 1016; x_wconf 84' lang='grc' dir='ltr'>ἁμαρτίαν.</span> <span class='ocrx_word' id='word_1_59' title='bbox 1651 943 1772 995; x_wconf 82' lang='grc' dir='ltr'><strong>Ἐκ-</strong></span> 
     </span>
    </p>
   </div>
   <div class='ocr_carea' id='block_1_11' title="bbox 212 1034 1768 1113">
    <p class='ocr_par' dir='ltr' id='par_1_11' title="bbox 212 1034 1768 1113">
     <span class='ocr_line' id='line_1_11' title="bbox 212 1034 1768 1113; baseline -0.008 -12"><span class='ocrx_word' id='word_1_60' title='bbox 212 1047 370 1101; x_wconf 84' lang='grc' dir='ltr'>τέτικε</span> <span class='ocrx_word' id='word_1_61' title='bbox 403 1044 510 1113; x_wconf 84' lang='grc' dir='ltr'>γὰρ</span> <span class='ocrx_word' id='word_1_62' title='bbox 539 1043 700 1106; x_wconf 73' lang='grc' dir='ltr'>αὐτὸς</span> <span class='ocrx_word' id='word_1_63' title='bbox 729 1042 868 1112; x_wconf 82' lang='grc' dir='ltr'><strong>ὑπὲρ</strong></span> <span class='ocrx_word' id='word_1_64' title='bbox 898 1039 1056 1110; x_wconf 81' lang='grc' dir='ltr'>ἡμῶν</span> <span class='ocrx_word' id='word_1_65' title='bbox 1085 1039 1153 1093; x_wconf 73' lang='grc' dir='ltr'><strong>τά</strong></span> <span class='ocrx_word' id='word_1_66' title='bbox 1175 1040 1534 1110; x_wconf 76' lang='grc' dir='ltr'><strong>ὀφειλήματα,</strong></span> <span class='ocrx_word' id='word_1_67' title='bbox 1565 1037 1659 1090; x_wconf 74' lang='grc' dir='ltr'>καὶ</span> <span class='ocrx_word' id='word_1_68' title='bbox 1691 1034 1768 1106; x_wconf 83' lang='grc' dir='ltr'>τῷ</span> 
     </span>
    </p>
   </div>
   <div class='ocr_carea' id='block_1_12' title="bbox 216 1127 1768 1210">
    <p class='ocr_par' dir='ltr' id='par_1_12' title="bbox 216 1127 1768 1210">
     <span class='ocr_line' id='line_1_12' title="bbox 216 1127 1768 1210; baseline -0.006 -19"><span class='ocrx_word' id='word_1_69' title='bbox 216 1137 420 1210; x_wconf 80' lang='grc' dir='ltr'><strong>μώλωπι</strong></span> <span class='ocrx_word' id='word_1_70' title='bbox 447 1133 615 1189; x_wconf 81' lang='grc' dir='ltr'>αὑτοῦ</span> <span class='ocrx_word' id='word_1_71' title='bbox 637 1136 796 1204; x_wconf 77' lang='grc' dir='ltr'>ἡμεῖς</span> <span class='ocrx_word' id='word_1_72' title='bbox 827 1132 1081 1202; x_wconf 86' lang='grc' dir='ltr'>ίάθημεν,</span> <span class='ocrx_word' id='word_1_73' title='bbox 1113 1131 1254 1185; x_wconf 75' lang='grc' dir='ltr'>κατὰ</span> <span class='ocrx_word' id='word_1_74' title='bbox 1276 1130 1336 1183; x_wconf 83' lang='grc' dir='ltr'>τὸ</span> <span class='ocrx_word' id='word_1_75' title='bbox 1361 1127 1768 1200; x_wconf 84' lang='grc' dir='ltr'>γεγραμμένόν.</span> 
     </span>
    </p>
   </div>
   <div class='ocr_carea' id='block_1_13' title="bbox 214 1221 1770 1300">
    <p class='ocr_par' dir='ltr' id='par_1_13' title="bbox 214 1221 1770 1300">
     <span class='ocr_line' id='line_1_13' title="bbox 214 1221 1770 1300; baseline -0.007 -17"><span class='ocrx_word' id='word_1_76' title='bbox 214 1229 412 1300; x_wconf 78' lang='grc' dir='ltr'>Πρῶτος</span> <span class='ocrx_word' id='word_1_77' title='bbox 431 1227 540 1298; x_wconf 85' lang='grc' dir='ltr'>γὰρ</span> <span class='ocrx_word' id='word_1_78' title='bbox 571 1226 741 1294; x_wconf 74' lang='grc' dir='ltr'>ἀνέϐη</span> <span class='ocrx_word' id='word_1_79' title='bbox 767 1224 903 1297; x_wconf 77' lang='grc' dir='ltr'>πρὸς</span> <span class='ocrx_word' id='word_1_80' title='bbox 929 1224 1021 1276; x_wconf 83' lang='grc' dir='ltr'>τὸν</span> <span class='ocrx_word' id='word_1_81' title='bbox 1047 1223 1265 1293; x_wconf 80' lang='grc' dir='ltr'>Πατέρα</span> <span class='ocrx_word' id='word_1_82' title='bbox 1294 1223 1387 1274; x_wconf 74' lang='grc' dir='ltr'><strong>καὶ</strong></span> <span class='ocrx_word' id='word_1_83' title='bbox 1411 1221 1564 1284; x_wconf 74' lang='grc' dir='ltr'>Θεὸν,</span> <span class='ocrx_word' id='word_1_84' title='bbox 1591 1221 1770 1288; x_wconf 78' lang='grc' dir='ltr'>ἐγκαι-</span> 
     </span>
    </p>
   </div>
   <div class='ocr_carea' id='block_1_14' title="bbox 211 1312 1768 1392">
    <p class='ocr_par' dir='ltr' id='par_1_14' title="bbox 211 1312 1768 1392">
     <span class='ocr_line' id='line_1_14' title="bbox 211 1312 1768 1392; baseline -0.007 -16"><span class='ocrx_word' id='word_1_85' title='bbox 211 1323 353 1387; x_wconf 76' lang='grc' dir='ltr'>νίζων</span> <span class='ocrx_word' id='word_1_86' title='bbox 377 1323 513 1392; x_wconf 81' lang='grc' dir='ltr'>ἡμῖν</span> <span class='ocrx_word' id='word_1_87' title='bbox 541 1321 642 1388; x_wconf 77' lang='grc' dir='ltr'>τὴν</span> <span class='ocrx_word' id='word_1_88' title='bbox 669 1319 783 1373; x_wconf 81' lang='grc' dir='ltr'>ἄνω</span> <span class='ocrx_word' id='word_1_89' title='bbox 815 1317 1060 1388; x_wconf 79' lang='grc' dir='ltr'>πορείαν,</span> <span class='ocrx_word' id='word_1_90' title='bbox 1103 1316 1197 1369; x_wconf 70' lang='grc' dir='ltr'>καὶ</span> <span class='ocrx_word' id='word_1_91' title='bbox 1227 1312 1638 1385; x_wconf 78' lang='grc' dir='ltr'>προετοιμάζων</span> <span class='ocrx_word' id='word_1_92' title='bbox 1669 1312 1768 1376; x_wconf 84' lang='grc' dir='ltr'><strong>τὰς</strong></span> 
     </span>
    </p>
   </div>
   <div class='ocr_carea' id='block_1_15' title="bbox 208 1404 1766 1482">
    <p class='ocr_par' dir='ltr' id='par_1_15' title="bbox 208 1404 1766 1482">
     <span class='ocr_line' id='line_1_15' title="bbox 208 1404 1766 1482; baseline -0.008 -14"><span class='ocrx_word' id='word_1_93' title='bbox 208 1415 303 1468; x_wconf 74' lang='grc' dir='ltr'>ἄνω</span> <span class='ocrx_word' id='word_1_94' title='bbox 357 1412 545 1482; x_wconf 80' lang='grc' dir='ltr'>μονάς.</span> <span class='ocrx_word' id='word_1_95' title='bbox 593 1410 883 1480; x_wconf 85' lang='grc' dir='ltr'>Τοιγάρτοι</span> <span class='ocrx_word' id='word_1_96' title='bbox 935 1408 1029 1461; x_wconf 78' lang='grc' dir='ltr'>καὶ</span> <span class='ocrx_word' id='word_1_97' title='bbox 1073 1406 1313 1475; x_wconf 65' lang='grc' dir='ltr'>ἔφασκεν</span> <span class='ocrx_word' id='word_1_98' title='bbox 1361 1425 1378 1456; x_wconf 76' lang='grc' dir='ltr'><strong>ι</strong></span> <span class='ocrx_word' id='word_1_99' title='bbox 1423 1404 1766 1475; x_wconf 86' lang='grc' dir='ltr'>Πορεύσομαι</span> 
     </span>
    </p>
   </div>
   <div class='ocr_carea' id='block_1_16' title="bbox 207 1491 1766 1572">
    <p class='ocr_par' dir='ltr' id='par_1_16' title="bbox 207 1491 1766 1572">
     <span class='ocr_line' id='line_1_16' title="bbox 207 1491 1766 1572; baseline -0.006 -16"><span class='ocrx_word' id='word_1_100' title='bbox 207 1505 284 1557; x_wconf 78' lang='grc' dir='ltr'>καὶ</span> <span class='ocrx_word' id='word_1_101' title='bbox 325 1502 598 1572; x_wconf 78' lang='grc' dir='ltr'><strong>ἑτοιμάσω</strong></span> <span class='ocrx_word' id='word_1_102' title='bbox 644 1501 808 1554; x_wconf 87' lang='grc' dir='ltr'>τόπον</span> <span class='ocrx_word' id='word_1_103' title='bbox 836 1499 984 1568; x_wconf 85' lang='grc' dir='ltr'>ὑμῖν.</span> <span class='ocrx_word' id='word_1_104' title='bbox 1019 1516 1037 1549; x_wconf 74' lang='grc' dir='ltr'><strong>ι</strong></span> <span class='ocrx_word' id='word_1_105' title='bbox 1085 1495 1530 1569; x_wconf 83' lang='grc' dir='ltr'>Προανετυποῦτο</span> <span class='ocrx_word' id='word_1_106' title='bbox 1577 1494 1640 1566; x_wconf 81' lang='grc' dir='ltr'>δὴ</span> <span class='ocrx_word' id='word_1_107' title='bbox 1675 1491 1766 1548; x_wconf 84' lang='grc' dir='ltr'><strong>οῦν</strong></span> 
     </span>
    </p>
   </div>
   <div class='ocr_carea' id='block_1_17' title="bbox 205 1585 1765 1664">
    <p class='ocr_par' dir='ltr' id='par_1_17' title="bbox 205 1585 1765 1664">
     <span class='ocr_line' id='line_1_17' title="bbox 205 1585 1765 1664; baseline -0.006 -16"><span class='ocrx_word' id='word_1_108' title='bbox 205 1596 268 1659; x_wconf 83' lang='grc' dir='ltr'><strong>ὡς</strong></span> <span class='ocrx_word' id='word_1_109' title='bbox 293 1594 348 1647; x_wconf 75' lang='grc' dir='ltr'><strong>ἐν</strong></span> <span class='ocrx_word' id='word_1_110' title='bbox 376 1610 438 1662; x_wconf 86' lang='grc' dir='ltr'><strong>γε</strong></span> <span class='ocrx_word' id='word_1_111' title='bbox 476 1595 546 1664; x_wconf 75' lang='grc' dir='ltr'><strong>τῇ</strong></span> <span class='ocrx_word' id='word_1_112' title='bbox 575 1591 794 1662; x_wconf 82' lang='grc' dir='ltr'>κιϐωτῷ</span> <span class='ocrx_word' id='word_1_113' title='bbox 821 1589 1056 1662; x_wconf 83' lang='grc' dir='ltr'>Χριστός</span> <span class='ocrx_word' id='word_1_114' title='bbox 1079 1606 1091 1620; x_wconf 89' lang='grc'><strong>·</strong></span> <span class='ocrx_word' id='word_1_115' title='bbox 1123 1587 1526 1642; x_wconf 81' lang='grc' dir='ltr'><strong>κατεσκεύαστο</strong></span> <span class='ocrx_word' id='word_1_116' title='bbox 1563 1585 1671 1658; x_wconf 82' lang='grc' dir='ltr'><strong>γὰρ</strong></span> <span class='ocrx_word' id='word_1_117' title='bbox 1701 1588 1765 1639; x_wconf 84' lang='grc' dir='ltr'>ἐκ</span> 
     </span>
    </p>
   </div>
   <div class='ocr_carea' id='block_1_18' title="bbox 206 1680 1762 1756">
    <p class='ocr_par' dir='ltr' id='par_1_18' title="bbox 206 1680 1762 1756">
     <span class='ocr_line' id='line_1_18' title="bbox 206 1680 1762 1756; baseline -0.005 -17"><span class='ocrx_word' id='word_1_118' title='bbox 206 1687 356 1752; x_wconf 80' lang='grc' dir='ltr'>ξύλων</span> <span class='ocrx_word' id='word_1_119' title='bbox 386 1687 649 1756; x_wconf 84' lang='grc' dir='ltr'>ὰσήπτων</span> <span class='ocrx_word' id='word_1_120' title='bbox 680 1683 886 1752; x_wconf 77' lang='grc' dir='ltr'>εκείνη,</span> <span class='ocrx_word' id='word_1_121' title='bbox 927 1683 1021 1736; x_wconf 64' lang='grc' dir='ltr'><strong>καλ⁸</strong></span> <span class='ocrx_word' id='word_1_122' title='bbox 1050 1681 1140 1734; x_wconf 80' lang='grc' dir='ltr'><strong>τὸν</strong></span> <span class='ocrx_word' id='word_1_123' title='bbox 1176 1681 1317 1734; x_wconf 86' lang='grc' dir='ltr'>θεῖον</span> <span class='ocrx_word' id='word_1_124' title='bbox 1350 1681 1407 1732; x_wconf 83' lang='grc' dir='ltr'>ὲν</span> <span class='ocrx_word' id='word_1_125' title='bbox 1433 1680 1599 1751; x_wconf 74' lang='grc' dir='ltr'>ἑαυτῇ</span> <span class='ocrx_word' id='word_1_126' title='bbox 1631 1696 1762 1732; x_wconf 89' lang='grc' dir='ltr'>κατ-</span> 
     </span>
    </p>
   </div>
   <div class='ocr_carea' id='block_1_19' title="bbox 204 1770 1764 1848">
    <p class='ocr_par' dir='ltr' id='par_1_19' title="bbox 204 1770 1764 1848">
     <span class='ocr_line' id='line_1_19' title="bbox 204 1770 1764 1848; baseline -0.006 -17"><span class='ocrx_word' id='word_1_127' title='bbox 204 1779 419 1844; x_wconf 80' lang='grc' dir='ltr'>επύκαζε</span> <span class='ocrx_word' id='word_1_128' title='bbox 445 1778 632 1848; x_wconf 85' lang='grc' dir='ltr'>νόμον,</span> <span class='ocrx_word' id='word_1_129' title='bbox 653 1779 712 1840; x_wconf 84' lang='grc' dir='ltr'>ὃς</span> <span class='ocrx_word' id='word_1_130' title='bbox 737 1777 852 1829; x_wconf 78' lang='grc' dir='ltr'>ἔστι</span> <span class='ocrx_word' id='word_1_131' title='bbox 876 1775 1045 1843; x_wconf 83' lang='grc' dir='ltr'>Λόγος</span> <span class='ocrx_word' id='word_1_132' title='bbox 1068 1772 1225 1827; x_wconf 89' lang='grc' dir='ltr'>Θεοῦ.</span> <span class='ocrx_word' id='word_1_133' title='bbox 1251 1772 1408 1836; x_wconf 88' lang='grc' dir='ltr'>Ἰδοις</span> <span class='ocrx_word' id='word_1_134' title='bbox 1429 1772 1473 1825; x_wconf 86' lang='grc' dir='ltr'>δ’</span> <span class='ocrx_word' id='word_1_135' title='bbox 1501 1771 1567 1824; x_wconf 82' lang='grc' dir='ltr'>ἄν</span> <span class='ocrx_word' id='word_1_136' title='bbox 1592 1770 1764 1837; x_wconf 85' lang='grc' dir='ltr'>τούτῳ</span> 
     </span>
    </p>
   </div>
   <div class='ocr_carea' id='block_1_20' title="bbox 205 1857 1762 1943">
    <p class='ocr_par' dir='ltr' id='par_1_20' title="bbox 205 1857 1762 1943">
     <span class='ocr_line' id='line_1_20' title="bbox 205 1857 1762 1943; baseline -0.006 -18"><span class='ocrx_word' id='word_1_137' title='bbox 205 1871 522 1943; x_wconf 79' lang='grc' dir='ltr'>προσεοικὸς,</span> <span class='ocrx_word' id='word_1_138' title='bbox 553 1869 617 1922; x_wconf 80' lang='grc' dir='ltr'>τὸ</span> <span class='ocrx_word' id='word_1_139' title='bbox 651 1869 744 1922; x_wconf 76' lang='grc' dir='ltr'><strong>ἐπὶ</strong></span> <span class='ocrx_word' id='word_1_140' title='bbox 773 1865 1013 1939; x_wconf 81' lang='grc' dir='ltr'>Χριστοῦ</span> <span class='ocrx_word' id='word_1_141' title='bbox 1047 1867 1362 1937; x_wconf 84' lang='grc' dir='ltr'>μυστήριον.</span> <span class='ocrx_word' id='word_1_142' title='bbox 1399 1864 1529 1928; x_wconf 75' lang='grc' dir='ltr'><strong>Θεὸς</strong></span> <span class='ocrx_word' id='word_1_143' title='bbox 1555 1863 1664 1933; x_wconf 79' lang='grc' dir='ltr'>γὰρ</span> <span class='ocrx_word' id='word_1_144' title='bbox 1695 1857 1762 1933; x_wconf 81' lang='grc' dir='ltr'>ἦν</span> 
     </span>
    </p>
   </div>
   <div class='ocr_carea' id='block_1_21' title="bbox 202 1953 1760 2034">
    <p class='ocr_par' dir='ltr' id='par_1_21' title="bbox 202 1953 1760 2034">
     <span class='ocr_line' id='line_1_21' title="bbox 202 1953 1760 2034; baseline -0.008 -16"><span class='ocrx_word' id='word_1_145' title='bbox 202 1965 403 2032; x_wconf 75' lang='grc' dir='ltr'>ὁΛόγος</span> <span class='ocrx_word' id='word_1_146' title='bbox 454 1964 518 2016; x_wconf 84' lang='grc' dir='ltr'>ὲν</span> <span class='ocrx_word' id='word_1_147' title='bbox 549 1962 813 2034; x_wconf 80' lang='grc' dir='ltr'>ἀφθάρτῳ</span> <span class='ocrx_word' id='word_1_148' title='bbox 843 1959 958 2030; x_wconf 82' lang='grc' dir='ltr'>ναῷ</span> <span class='ocrx_word' id='word_1_149' title='bbox 981 1959 1079 2030; x_wconf 88' lang='grc'><strong>(1).</strong></span> <span class='ocrx_word' id='word_1_150' title='bbox 1113 1957 1322 2012; x_wconf 82' lang='grc' dir='ltr'>Οὐκοῦν</span> <span class='ocrx_word' id='word_1_151' title='bbox 1351 1953 1703 2027; x_wconf 78' lang='grc' dir='ltr'>προεὸάδιζεν</span> <span class='ocrx_word' id='word_1_152' title='bbox 1727 1957 1760 2024; x_wconf 77' lang='grc' dir='ltr'><strong>ἡ</strong></span> 
     </span>
    </p>
   </div>
   <div class='ocr_carea' id='block_1_22' title="bbox 203 2047 1765 2124">
    <p class='ocr_par' dir='ltr' id='par_1_22' title="bbox 203 2047 1765 2124">
     <span class='ocr_line' id='line_1_22' title="bbox 203 2047 1765 2124; baseline -0.008 -15"><span class='ocrx_word' id='word_1_153' title='bbox 203 2057 410 2120; x_wconf 73' lang='grc' dir='ltr'>κιϐωτὸς</span> <span class='ocrx_word' id='word_1_154' title='bbox 430 2053 892 2124; x_wconf 77' lang='grc' dir='ltr'>κατασκεψαμένη</span> <span class='ocrx_word' id='word_1_155' title='bbox 922 2055 1033 2115; x_wconf 83' lang='grc' dir='ltr'>τοῖς</span> <span class='ocrx_word' id='word_1_156' title='bbox 1061 2050 1118 2117; x_wconf 76' lang='grc' dir='ltr'>ἐξ</span> <span class='ocrx_word' id='word_1_157' title='bbox 1165 2048 1380 2120; x_wconf 79' lang='grc' dir='ltr'>Ἰσραὴλ</span> <span class='ocrx_word' id='word_1_158' title='bbox 1399 2047 1496 2118; x_wconf 84' lang='grc' dir='ltr'>τὴν</span> <span class='ocrx_word' id='word_1_159' title='bbox 1525 2047 1765 2100; x_wconf 66' lang='grc' dir='ltr'>ἀνάπαυε</span> 
     </span>
    </p>
   </div>
   <div class='ocr_carea' id='block_1_23' title="bbox 201 2138 1763 2218">
    <p class='ocr_par' dir='ltr' id='par_1_23' title="bbox 201 2138 1763 2218">
     <span class='ocr_line' id='line_1_23' title="bbox 201 2138 1763 2218; baseline -0.006 -17"><span class='ocrx_word' id='word_1_160' title='bbox 201 2166 289 2202; x_wconf 87' lang='grc' dir='ltr'>σιν.</span> <span class='ocrx_word' id='word_1_161' title='bbox 331 2145 660 2218; x_wconf 70' lang='grc' dir='ltr'>Προὸαδίςει</span> <span class='ocrx_word' id='word_1_162' title='bbox 699 2146 758 2199; x_wconf 76' lang='grc' dir='ltr'>δὲ</span> <span class='ocrx_word' id='word_1_163' title='bbox 791 2145 888 2199; x_wconf 64' lang='grc' dir='ltr'><strong>καλ⁵</strong></span> <span class='ocrx_word' id='word_1_164' title='bbox 915 2141 1074 2215; x_wconf 78' lang='grc' dir='ltr'>ἡμῶν</span> <span class='ocrx_word' id='word_1_165' title='bbox 1110 2143 1140 2194; x_wconf 84' lang='grc' dir='ltr'>ὁ</span> <span class='ocrx_word' id='word_1_166' title='bbox 1170 2139 1405 2213; x_wconf 86' lang='grc' dir='ltr'>Χριστὸς</span> <span class='ocrx_word' id='word_1_167' title='bbox 1457 2138 1597 2192; x_wconf 79' lang='grc' dir='ltr'>κατὰ</span> <span class='ocrx_word' id='word_1_168' title='bbox 1638 2139 1763 2203; x_wconf 81' lang='grc' dir='ltr'>τοὺς</span> 
     </span>
    </p>
   </div>
   <div class='ocr_carea' id='block_1_24' title="bbox 200 2229 1762 2310">
    <p class='ocr_par' dir='ltr' id='par_1_24' title="bbox 200 2229 1762 2310">
     <span class='ocr_line' id='line_1_24' title="bbox 200 2229 1762 2310; baseline -0.006 -19"><span class='ocrx_word' id='word_1_169' title='bbox 200 2238 375 2310; x_wconf 81' lang='grc' dir='ltr'><strong>ἀρτίως</strong></span> <span class='ocrx_word' id='word_1_170' title='bbox 420 2241 562 2310; x_wconf 79' lang='grc' dir='ltr'>ἡμῖν</span> <span class='ocrx_word' id='word_1_171' title='bbox 613 2236 934 2308; x_wconf 77' lang='grc' dir='ltr'>εἰρημένους</span> <span class='ocrx_word' id='word_1_172' title='bbox 971 2233 1206 2305; x_wconf 78' lang='grc' dir='ltr'>τρόπους</span> <span class='ocrx_word' id='word_1_173' title='bbox 1230 2247 1243 2261; x_wconf 83' lang='grc'><em>’</em></span> <span class='ocrx_word' id='word_1_174' title='bbox 1286 2232 1380 2285; x_wconf 74' lang='grc' dir='ltr'>καὶ</span> <span class='ocrx_word' id='word_1_175' title='bbox 1428 2231 1564 2299; x_wconf 88' lang='grc' dir='ltr'>πρός</span> <span class='ocrx_word' id='word_1_176' title='bbox 1605 2247 1669 2298; x_wconf 83' lang='grc' dir='ltr'><strong>γε</strong></span> <span class='ocrx_word' id='word_1_177' title='bbox 1698 2229 1762 2303; x_wconf 79' lang='grc' dir='ltr'>δὴ</span> 
     </span>
    </p>
   </div>
   <div class='ocr_carea' id='block_1_25' title="bbox 198 2321 1762 2401">
    <p class='ocr_par' dir='ltr' id='par_1_25' title="bbox 198 2321 1762 2401">
     <span class='ocr_line' id='line_1_25' title="bbox 198 2321 1762 2401; baseline -0.006 -18"><span class='ocrx_word' id='word_1_178' title='bbox 198 2331 347 2401; x_wconf 79' lang='grc' dir='ltr'>τούτῳ</span> <span class='ocrx_word' id='word_1_179' title='bbox 376 2329 473 2400; x_wconf 83' lang='grc' dir='ltr'><strong>τὴν</strong></span> <span class='ocrx_word' id='word_1_180' title='bbox 537 2329 760 2399; x_wconf 79' lang='grc' dir='ltr'>μεσίτου</span> <span class='ocrx_word' id='word_1_181' title='bbox 792 2326 984 2398; x_wconf 81' lang='grc' dir='ltr'>χρείαν</span> <span class='ocrx_word' id='word_1_182' title='bbox 1015 2323 1371 2396; x_wconf 83' lang='grc' dir='ltr'>ἀποπληρῶν,</span> <span class='ocrx_word' id='word_1_183' title='bbox 1413 2321 1762 2393; x_wconf 77' lang='grc' dir='ltr'>παράκλητος</span> 
     </span>
    </p>
   </div>
   <div class='ocr_carea' id='block_1_26' title="bbox 197 2414 1759 2493">
    <p class='ocr_par' dir='ltr' id='par_1_26' title="bbox 197 2414 1759 2493">
     <span class='ocr_line' id='line_1_26' title="bbox 197 2414 1759 2493; baseline -0.004 -20"><span class='ocrx_word' id='word_1_184' title='bbox 197 2422 380 2488; x_wconf 83' lang='grc' dir='ltr'>γίνεται</span> <span class='ocrx_word' id='word_1_185' title='bbox 423 2421 570 2493; x_wconf 80' lang='grc' dir='ltr'>πρὸς</span> <span class='ocrx_word' id='word_1_186' title='bbox 615 2420 706 2474; x_wconf 77' lang='grc' dir='ltr'>τὸν</span> <span class='ocrx_word' id='word_1_187' title='bbox 751 2419 988 2490; x_wconf 80' lang='grc' dir='ltr'>Πατέρα,</span> <span class='ocrx_word' id='word_1_188' title='bbox 1029 2421 1123 2472; x_wconf 70' lang='grc' dir='ltr'>καὶ,</span> <span class='ocrx_word' id='word_1_189' title='bbox 1154 2417 1380 2488; x_wconf 80' lang='grc' dir='ltr'>ίλασμὺς</span> <span class='ocrx_word' id='word_1_190' title='bbox 1402 2417 1541 2486; x_wconf 82' lang='grc' dir='ltr'>ὑπὲρ</span> <span class='ocrx_word' id='word_1_191' title='bbox 1577 2414 1759 2487; x_wconf 79' lang='grc' dir='ltr'>ἡμῶν,</span> 
     </span>
    </p>
   </div>
   <div class='ocr_carea' id='block_1_27' title="bbox 198 2507 1761 2584">
    <p class='ocr_par' dir='ltr' id='par_1_27' title="bbox 198 2507 1761 2584">
     <span class='ocr_line' id='line_1_27' title="bbox 198 2507 1761 2584; baseline -0.006 -15"><span class='ocrx_word' id='word_1_192' title='bbox 198 2515 320 2569; x_wconf 76' lang='grc' dir='ltr'>καθὰ</span> <span class='ocrx_word' id='word_1_193' title='bbox 364 2517 458 2571; x_wconf 74' lang='grc' dir='ltr'>καὶ</span> <span class='ocrx_word' id='word_1_194' title='bbox 513 2514 680 2569; x_wconf 77' lang='grc' dir='ltr'>πάλαι</span> <span class='ocrx_word' id='word_1_195' title='bbox 706 2513 912 2584; x_wconf 79' lang='grc' dir='ltr'>Μωσῆς</span> <span class='ocrx_word' id='word_1_196' title='bbox 939 2529 952 2542; x_wconf 79' lang='grc'><strong><em>⁸</em></strong></span> <span class='ocrx_word' id='word_1_197' title='bbox 984 2511 1042 2575; x_wconf 83' lang='grc' dir='ltr'><strong>ὃς</strong></span> <span class='ocrx_word' id='word_1_198' title='bbox 1076 2513 1133 2565; x_wconf 86' lang='grc' dir='ltr'>ὲν</span> <span class='ocrx_word' id='word_1_199' title='bbox 1164 2512 1262 2581; x_wconf 83' lang='grc' dir='ltr'>μὲν</span> <span class='ocrx_word' id='word_1_200' title='bbox 1289 2509 1366 2580; x_wconf 82' lang='grc' dir='ltr'>τῷ</span> <span class='ocrx_word' id='word_1_201' title='bbox 1398 2509 1634 2581; x_wconf 74' lang='grc' dir='ltr'>ἐξαίρειν</span> <span class='ocrx_word' id='word_1_202' title='bbox 1663 2507 1761 2578; x_wconf 86' lang='grc' dir='ltr'>τὴν</span> 
     </span>
    </p>
   </div>
   <div class='ocr_carea' id='block_1_28' title="bbox 199 2600 1762 2676">
    <p class='ocr_par' dir='ltr' id='par_1_28' title="bbox 199 2600 1762 2676">
     <span class='ocr_line' id='line_1_28' title="bbox 199 2600 1762 2676; baseline -0.005 -18"><span class='ocrx_word' id='word_1_203' title='bbox 199 2607 403 2661; x_wconf 72' lang='grc' dir='ltr'>κιϐωτὸν</span> <span class='ocrx_word' id='word_1_204' title='bbox 447 2605 727 2676; x_wconf 72' lang='grc' dir='ltr'>ἔφασκεν·</span> <span class='ocrx_word' id='word_1_205' title='bbox 783 2623 801 2654; x_wconf 79' lang='grc' dir='ltr'><strong>ι</strong></span> <span class='ocrx_word' id='word_1_206' title='bbox 851 2601 1216 2672; x_wconf 79' lang='grc' dir='ltr'>Ἐξεγέρθητι,</span> <span class='ocrx_word' id='word_1_207' title='bbox 1265 2600 1468 2670; x_wconf 83' lang='grc' dir='ltr'>Κύριε,</span> <span class='ocrx_word' id='word_1_208' title='bbox 1503 2600 1762 2669; x_wconf 81' lang='grc' dir='ltr'>διασκορ-</span> 
     </span>
    </p>
   </div>
   <div class='ocr_carea' id='block_1_29' title="bbox 199 2691 1759 2770">
    <p class='ocr_par' dir='ltr' id='par_1_29' title="bbox 199 2691 1759 2770">
     <span class='ocr_line' id='line_1_29' title="bbox 199 2691 1759 2770; baseline -0.006 -17"><span class='ocrx_word' id='word_1_209' title='bbox 199 2699 526 2770; x_wconf 78' lang='grc' dir='ltr'>πισθήτωσαν</span> <span class='ocrx_word' id='word_1_210' title='bbox 587 2699 636 2750; x_wconf 86' lang='grc' dir='ltr'><strong>οί</strong></span> <span class='ocrx_word' id='word_1_211' title='bbox 675 2695 860 2766; x_wconf 74' lang='grc' dir='ltr'>ἐχθροί</span> <span class='ocrx_word' id='word_1_212' title='bbox 917 2713 1032 2759; x_wconf 91' lang='grc' dir='ltr'>σου,</span> <span class='ocrx_word' id='word_1_213' title='bbox 1088 2693 1408 2763; x_wconf 76' lang='grc' dir='ltr'>φυγέτωσαν</span> <span class='ocrx_word' id='word_1_214' title='bbox 1463 2691 1661 2753; x_wconf 85' lang='grc' dir='ltr'>πάντες</span> <span class='ocrx_word' id='word_1_215' title='bbox 1709 2691 1759 2743; x_wconf 81' lang='grc' dir='ltr'>οἱ</span> 
     </span>
    </p>
   </div>
   <div class='ocr_carea' id='block_1_30' title="bbox 200 2782 1758 2860">
    <p class='ocr_par' dir='ltr' id='par_1_30' title="bbox 200 2782 1758 2860">
     <span class='ocr_line' id='line_1_30' title="bbox 200 2782 1758 2860; baseline -0.006 -17"><span class='ocrx_word' id='word_1_216' title='bbox 200 2791 460 2860; x_wconf 82' lang='grc' dir='ltr'>μισοῦντές</span> <span class='ocrx_word' id='word_1_217' title='bbox 516 2807 582 2842; x_wconf 87' lang='grc' dir='ltr'>σε</span> <span class='ocrx_word' id='word_1_218' title='bbox 615 2805 629 2819; x_wconf 90' lang='grc'><strong>·</strong></span> <span class='ocrx_word' id='word_1_219' title='bbox 675 2807 692 2838; x_wconf 79' lang='grc' dir='ltr'><strong>ι</strong></span> <span class='ocrx_word' id='word_1_220' title='bbox 760 2791 818 2842; x_wconf 83' lang='grc' dir='ltr'>ὲν</span> <span class='ocrx_word' id='word_1_221' title='bbox 858 2787 916 2840; x_wconf 78' lang='grc' dir='ltr'>δὲ</span> <span class='ocrx_word' id='word_1_222' title='bbox 961 2785 1039 2855; x_wconf 80' lang='grc' dir='ltr'>τῷ</span> <span class='ocrx_word' id='word_1_223' title='bbox 1083 2782 1423 2838; x_wconf 82' lang='grc' dir='ltr'>καταπαύειν</span> <span class='ocrx_word' id='word_1_224' title='bbox 1461 2799 1474 2812; x_wconf 75' lang='grc' dir='ltr'><strong>ο</strong></span> <span class='ocrx_word' id='word_1_225' title='bbox 1525 2802 1542 2834; x_wconf 82' lang='grc' dir='ltr'><strong>ι</strong></span> <span class='ocrx_word' id='word_1_226' title='bbox 1610 2782 1758 2835; x_wconf 85' lang='grc' dir='ltr'>Ἐπί-</span> 
     </span>
    </p>
   </div>
   <div class='ocr_carea' id='block_1_31' title="bbox 199 2872 1756 2950">
    <p class='ocr_par' dir='ltr' id='par_1_31' title="bbox 199 2872 1756 2950">
     <span class='ocr_line' id='line_1_31' title="bbox 199 2872 1756 2950; baseline -0.005 -19"><span class='ocrx_word' id='word_1_227' title='bbox 199 2894 392 2950; x_wconf 81' lang='grc' dir='ltr'>στρεφε,</span> <span class='ocrx_word' id='word_1_228' title='bbox 424 2878 629 2950; x_wconf 80' lang='grc' dir='ltr'>Κύριε,</span> <span class='ocrx_word' id='word_1_229' title='bbox 663 2877 905 2948; x_wconf 83' lang='grc' dir='ltr'>χιλιάδας</span> <span class='ocrx_word' id='word_1_230' title='bbox 937 2875 1202 2946; x_wconf 78' lang='grc' dir='ltr'>μυριάδας</span> <span class='ocrx_word' id='word_1_231' title='bbox 1246 2873 1304 2926; x_wconf 81' lang='grc' dir='ltr'>ὲν</span> <span class='ocrx_word' id='word_1_232' title='bbox 1345 2873 1420 2944; x_wconf 78' lang='grc' dir='ltr'><strong>τῷ</strong></span> <span class='ocrx_word' id='word_1_233' title='bbox 1465 2872 1698 2944; x_wconf 84' lang='grc' dir='ltr'>Ἰσραήλ.</span> <span class='ocrx_word' id='word_1_234' title='bbox 1736 2891 1756 2923; x_wconf 76' lang='grc' dir='ltr'><strong>ι</strong></span> 
     </span>
    </p>
   </div>
   <div class='ocr_carea' id='block_1_32' title="bbox 198 2963 1761 3044">
    <p class='ocr_par' dir='ltr' id='par_1_32' title="bbox 198 2963 1761 3044">
     <span class='ocr_line' id='line_1_32' title="bbox 198 2963 1761 3044; baseline -0.006 -18"><span class='ocrx_word' id='word_1_235' title='bbox 198 2972 308 3026; x_wconf 69' lang='lat' dir='ltr'><strong>“Ore</strong></span> <span class='ocrx_word' id='word_1_236' title='bbox 338 2972 444 3044; x_wconf 85' lang='grc' dir='ltr'><strong>γὰρ</strong></span> <span class='ocrx_word' id='word_1_237' title='bbox 469 2973 772 3042; x_wconf 70' lang='grc' dir='ltr'>ἐγήγερται</span> <span class='ocrx_word' id='word_1_238' title='bbox 807 2968 944 3040; x_wconf 86' lang='grc' dir='ltr'>πρὸς</span> <span class='ocrx_word' id='word_1_239' title='bbox 971 2967 1293 3038; x_wconf 75' lang='grc' dir='ltr'>ἐπικουρίαν</span> <span class='ocrx_word' id='word_1_240' title='bbox 1338 2963 1495 3037; x_wconf 78' lang='grc' dir='ltr'>ἡμῶν</span> <span class='ocrx_word' id='word_1_241' title='bbox 1527 2966 1559 3018; x_wconf 73' lang='grc' dir='ltr'>ὁ</span> <span class='ocrx_word' id='word_1_242' title='bbox 1589 2966 1761 3018; x_wconf 87' lang='grc' dir='ltr'>Μονο-</span> 
     </span>
    </p>
   </div>
   <div class='ocr_carea' id='block_1_33' title="bbox 195 3055 1761 3134">
    <p class='ocr_par' dir='ltr' id='par_1_33' title="bbox 195 3055 1761 3134">
     <span class='ocr_line' id='line_1_33' title="bbox 195 3055 1761 3134; baseline -0.003 -20"><span class='ocrx_word' id='word_1_243' title='bbox 195 3063 336 3134; x_wconf 72' lang='grc' dir='ltr'>γενὴς</span> <span class='ocrx_word' id='word_1_244' title='bbox 378 3064 471 3116; x_wconf 76' lang='grc' dir='ltr'>καὶ</span> <span class='ocrx_word' id='word_1_245' title='bbox 533 3065 566 3116; x_wconf 80' lang='grc' dir='ltr'>ὁ</span> <span class='ocrx_word' id='word_1_246' title='bbox 610 3061 776 3115; x_wconf 82' lang='grc' dir='ltr'>πάλαι</span> <span class='ocrx_word' id='word_1_247' title='bbox 827 3060 1002 3127; x_wconf 92' lang='grc' dir='ltr'>λέγων</span> <span class='ocrx_word' id='word_1_248' title='bbox 1047 3058 1136 3112; x_wconf 83' lang='grc' dir='ltr'>διὰ</span> <span class='ocrx_word' id='word_1_249' title='bbox 1168 3061 1266 3129; x_wconf 83' lang='grc' dir='ltr'><strong>τῆς</strong></span> <span class='ocrx_word' id='word_1_250' title='bbox 1313 3057 1406 3111; x_wconf 91' lang='grc' dir='ltr'><strong>τοῦ</strong></span> <span class='ocrx_word' id='word_1_251' title='bbox 1454 3055 1761 3120; x_wconf 55' lang='lat' dir='ltr'><strong>ranam:</strong></span> 
     </span>
    </p>
   </div>
   <div class='ocr_carea' id='block_1_34' title="bbox 1875 580 3453 660">
    <p class='ocr_par' dir='ltr' id='par_1_34' title="bbox 1875 580 3453 660">
     <span class='ocr_line' id='line_1_34' title="bbox 1875 580 3453 660; baseline 0.01 -26"><span class='ocrx_word' id='word_1_252' title='bbox 1875 580 2019 637; x_wconf 84' lang='lat' dir='ltr'><strong>rium</strong></span> <span class='ocrx_word' id='word_1_253' title='bbox 2069 583 2338 652; x_wconf 76' lang='lat' dir='ltr'><strong>dissolvit,</strong></span> <span class='ocrx_word' id='word_1_254' title='bbox 2371 586 2532 642; x_wconf 89' lang='lat' dir='ltr'><strong>nobis</strong></span> <span class='ocrx_word' id='word_1_255' title='bbox 2574 602 2706 642; x_wconf 85' lang='lat' dir='ltr'><strong>vero</strong></span> <span class='ocrx_word' id='word_1_256' title='bbox 2745 589 2991 658; x_wconf 85' lang='lat' dir='ltr'><strong>requiem</strong></span> <span class='ocrx_word' id='word_1_257' title='bbox 3030 591 3289 660; x_wconf 73' lang='lat' dir='ltr'><strong>providit,</strong></span> <span class='ocrx_word' id='word_1_258' title='bbox 3326 610 3453 650; x_wconf 90' lang='lat' dir='ltr'><strong>cum</strong></span> 
     </span>
    </p>
   </div>
   <div class='ocr_carea' id='block_1_35' title="bbox 1873 673 3451 756">
    <p class='ocr_par' dir='ltr' id='par_1_35' title="bbox 1873 673 3451 756">
     <span class='ocr_line' id='line_1_35' title="bbox 1873 673 3451 756; baseline 0.006 -26"><span class='ocrx_word' id='word_1_259' title='bbox 1873 673 1939 730; x_wconf 88' lang='lat' dir='ltr'><strong>ad</strong></span> <span class='ocrx_word' id='word_1_260' title='bbox 1981 675 2445 733; x_wconf 71' lang='lat' dir='ltr'><strong>immortalitatem</strong></span> <span class='ocrx_word' id='word_1_261' title='bbox 2495 695 2597 734; x_wconf 91' lang='lat' dir='ltr'><strong>nos</strong></span> <span class='ocrx_word' id='word_1_262' title='bbox 2644 692 2984 737; x_wconf 78' lang='lat' dir='ltr'><strong>renovasset.</strong></span> <span class='ocrx_word' id='word_1_263' title='bbox 3019 682 3236 738; x_wconf 87' lang='lat' dir='ltr'><strong>Primus</strong></span> <span class='ocrx_word' id='word_1_264' title='bbox 3267 684 3324 739; x_wconf 90' lang='lat' dir='ltr'><strong>in</strong></span> <span class='ocrx_word' id='word_1_265' title='bbox 3353 701 3451 756; x_wconf 82' lang='lat' dir='ltr'><strong>pa-</strong></span> 
     </span>
    </p>
   </div>
   <div class='ocr_carea' id='block_1_36' title="bbox 1874 763 3450 832">
    <p class='ocr_par' dir='ltr' id='par_1_36' title="bbox 1874 763 3450 832">
     <span class='ocr_line' id='line_1_36' title="bbox 1874 763 3450 832; baseline 0.008 -16"><span class='ocrx_word' id='word_1_266' title='bbox 1874 763 2118 820; x_wconf 89' lang='lat' dir='ltr'><strong>radisum</strong></span> <span class='ocrx_word' id='word_1_267' title='bbox 2149 767 2414 832; x_wconf 73' lang='lat' dir='ltr'><strong>introivit,</strong></span> <span class='ocrx_word' id='word_1_268' title='bbox 2446 784 2572 823; x_wconf 91' lang='lat' dir='ltr'><strong>cum</strong></span> <span class='ocrx_word' id='word_1_269' title='bbox 2607 770 2777 825; x_wconf 91' lang='lat' dir='ltr'><strong>veluti</strong></span> <span class='ocrx_word' id='word_1_270' title='bbox 2805 771 3055 826; x_wconf 87' lang='lat' dir='ltr'><strong>cohibuit</strong></span> <span class='ocrx_word' id='word_1_271' title='bbox 3086 771 3233 826; x_wconf 86' lang='lat' dir='ltr'><strong>illam</strong></span> <span class='ocrx_word' id='word_1_272' title='bbox 3263 789 3450 828; x_wconf 85' lang='lat' dir='ltr'><strong>versa-</strong></span> 
     </span>
    </p>
   </div>
   <div class='ocr_carea' id='block_1_37' title="bbox 1875 855 3450 932">
    <p class='ocr_par' dir='ltr' id='par_1_37' title="bbox 1875 855 3450 932">
     <span class='ocr_line' id='line_1_37' title="bbox 1875 855 3450 932; baseline 0.008 -23"><span class='ocrx_word' id='word_1_273' title='bbox 1875 855 2025 910; x_wconf 90' lang='lat' dir='ltr'><strong>tilem</strong></span> <span class='ocrx_word' id='word_1_274' title='bbox 2074 857 2428 927; x_wconf 68' lang='lat' dir='ltr'><strong>romphae&#39;tm,</strong></span> <span class='ocrx_word' id='word_1_275' title='bbox 2486 870 2880 930; x_wconf 78' lang='lat' dir='ltr'><strong>peccatumque</strong></span> <span class='ocrx_word' id='word_1_276' title='bbox 2948 879 2979 916; x_wconf 91' lang='lat' dir='ltr'><strong>a</strong></span> <span class='ocrx_word' id='word_1_277' title='bbox 3023 863 3185 917; x_wconf 88' lang='lat' dir='ltr'><strong>nobis</strong></span> <span class='ocrx_word' id='word_1_278' title='bbox 3227 866 3450 932; x_wconf 87' lang='lat' dir='ltr'><strong>avertit,</strong></span> 
     </span>
    </p>
   </div>
   <div class='ocr_carea' id='block_1_38' title="bbox 1872 945 3450 1022">
    <p class='ocr_par' dir='ltr' id='par_1_38' title="bbox 1872 945 3450 1022">
     <span class='ocr_line' id='line_1_38' title="bbox 1872 945 3450 1022; baseline 0.007 -22"><span class='ocrx_word' id='word_1_279' title='bbox 1872 945 2020 1016; x_wconf 89' lang='lat' dir='ltr'><strong>quod</strong></span> <span class='ocrx_word' id='word_1_280' title='bbox 2059 962 2160 1002; x_wconf 89' lang='lat' dir='ltr'><strong>nos</strong></span> <span class='ocrx_word' id='word_1_281' title='bbox 2197 949 2267 1003; x_wconf 89' lang='lat' dir='ltr'><strong>ab</strong></span> <span class='ocrx_word' id='word_1_282' title='bbox 2309 949 2558 1020; x_wconf 89' lang='lat' dir='ltr'><strong>ingressu</strong></span> <span class='ocrx_word' id='word_1_283' title='bbox 2610 951 2939 1022; x_wconf 83' lang='lat' dir='ltr'><strong>prohibebat</strong></span> <span class='ocrx_word' id='word_1_284' title='bbox 2972 970 2984 1006; x_wconf 91' lang='lat'><strong>:</strong></span> <span class='ocrx_word' id='word_1_285' title='bbox 3024 955 3258 1011; x_wconf 81' lang='lat' dir='ltr'><strong>exsolvit</strong></span> <span class='ocrx_word' id='word_1_286' title='bbox 3301 956 3450 1011; x_wconf 89' lang='lat' dir='ltr'><strong>enim</strong></span> 
     </span>
    </p>
   </div>
   <div class='ocr_carea' id='block_1_39' title="bbox 1873 1036 3448 1114">
    <p class='ocr_par' dir='ltr' id='par_1_39' title="bbox 1873 1036 3448 1114">
     <span class='ocr_line' id='line_1_39' title="bbox 1873 1036 3448 1114; baseline 0.006 -24"><span class='ocrx_word' id='word_1_287' title='bbox 1873 1036 1988 1108; x_wconf 87' lang='lat' dir='ltr'><strong>ipse</strong></span> <span class='ocrx_word' id='word_1_288' title='bbox 2021 1052 2118 1108; x_wconf 87' lang='lat' dir='ltr'><strong>pro</strong></span> <span class='ocrx_word' id='word_1_289' title='bbox 2176 1039 2338 1094; x_wconf 83' lang='lat' dir='ltr'><strong>nobis</strong></span> <span class='ocrx_word' id='word_1_290' title='bbox 2385 1040 2568 1095; x_wconf 82' lang='lat' dir='ltr'><strong>debita</strong></span> <span class='ocrx_word' id='word_1_291' title='bbox 2601 1082 2615 1105; x_wconf 90' lang='lat'><strong>,</strong></span> <span class='ocrx_word' id='word_1_292' title='bbox 2649 1053 2705 1097; x_wconf 93' lang='lat' dir='ltr'><strong>et</strong></span> <span class='ocrx_word' id='word_1_293' title='bbox 2758 1043 2929 1097; x_wconf 82' lang='lat' dir='ltr'><strong>livore</strong></span> <span class='ocrx_word' id='word_1_294' title='bbox 2972 1045 3091 1114; x_wconf 81' lang='lat' dir='ltr'><strong>ejus</strong></span> <span class='ocrx_word' id='word_1_295' title='bbox 3139 1045 3313 1101; x_wconf 80' lang='lat' dir='ltr'><strong>sanati</strong></span> <span class='ocrx_word' id='word_1_296' title='bbox 3353 1061 3448 1100; x_wconf 93' lang='lat' dir='ltr'><strong>su-</strong></span> 
     </span>
    </p>
   </div>
   <div class='ocr_carea' id='block_1_40' title="bbox 1870 1126 3448 1198">
    <p class='ocr_par' dir='ltr' id='par_1_40' title="bbox 1870 1126 3448 1198">
     <span class='ocr_line' id='line_1_40' title="bbox 1870 1126 3448 1198; baseline 0.008 -20"><span class='ocrx_word' id='word_1_297' title='bbox 1870 1141 1994 1180; x_wconf 90' lang='lat' dir='ltr'><strong>mus</strong></span> <span class='ocrx_word' id='word_1_298' title='bbox 2019 1127 2061 1191; x_wconf 81' lang='lat'><strong>&#39;,</strong></span> <span class='ocrx_word' id='word_1_299' title='bbox 2093 1126 2236 1182; x_wconf 91' lang='lat' dir='ltr'><strong>sicut</strong></span> <span class='ocrx_word' id='word_1_300' title='bbox 2273 1128 2538 1198; x_wconf 87' lang='lat' dir='ltr'><strong>scriptum</strong></span> <span class='ocrx_word' id='word_1_301' title='bbox 2568 1141 2669 1186; x_wconf 88' lang='lat' dir='ltr'><strong>est.</strong></span> <span class='ocrx_word' id='word_1_302' title='bbox 2711 1131 2930 1187; x_wconf 90' lang='lat' dir='ltr'><strong>Primus</strong></span> <span class='ocrx_word' id='word_1_303' title='bbox 2966 1135 3211 1190; x_wconf 87' lang='lat' dir='ltr'><strong>ascendit</strong></span> <span class='ocrx_word' id='word_1_304' title='bbox 3243 1135 3310 1190; x_wconf 92' lang='lat' dir='ltr'><strong>ad</strong></span> <span class='ocrx_word' id='word_1_305' title='bbox 3344 1136 3448 1190; x_wconf 87' lang='lat' dir='ltr'><strong>Pa-</strong></span> 
     </span>
    </p>
   </div>
   <div class='ocr_carea' id='block_1_41' title="bbox 1871 1218 3448 1294">
    <p class='ocr_par' dir='ltr' id='par_1_41' title="bbox 1871 1218 3448 1294">
     <span class='ocr_line' id='line_1_41' title="bbox 1871 1218 3448 1294; baseline 0.007 -24"><span class='ocrx_word' id='word_1_306' title='bbox 1871 1225 2010 1270; x_wconf 89' lang='lat' dir='ltr'><strong>trem</strong></span> <span class='ocrx_word' id='word_1_307' title='bbox 2047 1226 2104 1271; x_wconf 91' lang='lat' dir='ltr'><strong>et</strong></span> <span class='ocrx_word' id='word_1_308' title='bbox 2138 1218 2332 1282; x_wconf 90' lang='lat' dir='ltr'><strong>Deum,</strong></span> <span class='ocrx_word' id='word_1_309' title='bbox 2361 1234 2486 1273; x_wconf 90' lang='lat' dir='ltr'><strong>cum</strong></span> <span class='ocrx_word' id='word_1_310' title='bbox 2518 1235 2777 1290; x_wconf 86' lang='lat' dir='ltr'><strong>superum</strong></span> <span class='ocrx_word' id='word_1_311' title='bbox 2819 1221 2970 1275; x_wconf 89' lang='lat' dir='ltr'><strong>illum</strong></span> <span class='ocrx_word' id='word_1_312' title='bbox 3006 1223 3312 1294; x_wconf 89' lang='lat' dir='ltr'><strong>ingressum</strong></span> <span class='ocrx_word' id='word_1_313' title='bbox 3345 1240 3448 1280; x_wconf 87' lang='lat' dir='ltr'><strong>no-</strong></span> 
     </span>
    </p>
   </div>
   <div class='ocr_carea' id='block_1_42' title="bbox 1869 1306 3446 1386">
    <p class='ocr_par' dir='ltr' id='par_1_42' title="bbox 1869 1306 3446 1386">
     <span class='ocr_line' id='line_1_42' title="bbox 1869 1306 3446 1386; baseline 0.008 -26"><span class='ocrx_word' id='word_1_314' title='bbox 1869 1306 1956 1361; x_wconf 87' lang='lat' dir='ltr'><strong>bis</strong></span> <span class='ocrx_word' id='word_1_315' title='bbox 1986 1306 2241 1372; x_wconf 84' lang='lat' dir='ltr'><strong>initiavit,</strong></span> <span class='ocrx_word' id='word_1_316' title='bbox 2275 1319 2331 1364; x_wconf 90' lang='lat' dir='ltr'><strong>et</strong></span> <span class='ocrx_word' id='word_1_317' title='bbox 2362 1325 2628 1380; x_wconf 86' lang='lat' dir='ltr'><strong>supernas</strong></span> <span class='ocrx_word' id='word_1_318' title='bbox 2670 1312 2790 1365; x_wconf 88' lang='lat' dir='ltr'><strong>illas</strong></span> <span class='ocrx_word' id='word_1_319' title='bbox 2827 1313 3140 1369; x_wconf 89' lang='lat' dir='ltr'><strong>mansiones</strong></span> <span class='ocrx_word' id='word_1_320' title='bbox 3175 1332 3446 1386; x_wconf 65' lang='lat' dir='ltr'><strong>praepara-</strong></span> 
     </span>
    </p>
   </div>
   <div class='ocr_carea' id='block_1_43' title="bbox 1868 1401 3448 1478">
    <p class='ocr_par' dir='ltr' id='par_1_43' title="bbox 1868 1401 3448 1478">
     <span class='ocr_line' id='line_1_43' title="bbox 1868 1401 3448 1478; baseline 0.006 -24"><span class='ocrx_word' id='word_1_321' title='bbox 1868 1401 1966 1457; x_wconf 86' lang='lat' dir='ltr'><strong>vit.</strong></span> <span class='ocrx_word' id='word_1_322' title='bbox 1996 1403 2182 1472; x_wconf 82' lang='lat' dir='ltr'><strong>Itaque</strong></span> <span class='ocrx_word' id='word_1_323' title='bbox 2219 1404 2387 1458; x_wconf 89' lang='lat' dir='ltr'><strong>etiam</strong></span> <span class='ocrx_word' id='word_1_324' title='bbox 2426 1404 2643 1460; x_wconf 88' lang='lat' dir='ltr'><strong>dicebat</strong></span> <span class='ocrx_word' id='word_1_325' title='bbox 2675 1422 2687 1456; x_wconf 89' lang='lat'>:</span> <span class='ocrx_word' id='word_1_326' title='bbox 2731 1424 2749 1454; x_wconf 87' lang='grc'><strong><em>‹</em></strong></span> <span class='ocrx_word' id='word_1_327' title='bbox 2787 1405 3010 1471; x_wconf 91' lang='lat' dir='ltr'><strong>Vadam,</strong></span> <span class='ocrx_word' id='word_1_328' title='bbox 3043 1417 3098 1462; x_wconf 92' lang='lat' dir='ltr'><strong>et</strong></span> <span class='ocrx_word' id='word_1_329' title='bbox 3129 1410 3448 1478; x_wconf 76' lang='lat' dir='ltr'><strong>przeparabo</strong></span> 
     </span>
    </p>
   </div>
   <div class='ocr_carea' id='block_1_44' title="bbox 1867 1493 3450 1568">
    <p class='ocr_par' dir='ltr' id='par_1_44' title="bbox 1867 1493 3450 1568">
     <span class='ocr_line' id='line_1_44' title="bbox 1867 1493 3450 1568; baseline 0.005 -22"><span class='ocrx_word' id='word_1_330' title='bbox 1867 1493 2047 1547; x_wconf 91' lang='lat' dir='ltr'><strong>locum</strong></span> <span class='ocrx_word' id='word_1_331' title='bbox 2073 1494 2229 1548; x_wconf 82' lang='lat' dir='ltr'><strong>vobis</strong></span> <span class='ocrx_word' id='word_1_332' title='bbox 2251 1495 2288 1548; x_wconf 87' lang='grc'><strong>³.</strong></span> <span class='ocrx_word' id='word_1_333' title='bbox 2327 1516 2344 1545; x_wconf 74' lang='grc' dir='ltr'><strong>ι</strong></span> <span class='ocrx_word' id='word_1_334' title='bbox 2378 1495 2837 1566; x_wconf 70' lang='lat' dir='ltr'><strong>Prtefigurabatur</strong></span> <span class='ocrx_word' id='word_1_335' title='bbox 2862 1497 3028 1568; x_wconf 81' lang='lat' dir='ltr'><strong>igitur</strong></span> <span class='ocrx_word' id='word_1_336' title='bbox 3055 1497 3109 1551; x_wconf 89' lang='lat' dir='ltr'><strong>in</strong></span> <span class='ocrx_word' id='word_1_337' title='bbox 3139 1515 3265 1553; x_wconf 88' lang='lat' dir='ltr'><strong>arca</strong></span> <span class='ocrx_word' id='word_1_338' title='bbox 3290 1499 3450 1554; x_wconf 90' lang='lat' dir='ltr'><strong>Chri-</strong></span> 
     </span>
    </p>
   </div>
   <div class='ocr_carea' id='block_1_45' title="bbox 1867 1587 3445 1661">
    <p class='ocr_par' dir='ltr' id='par_1_45' title="bbox 1867 1587 3445 1661">
     <span class='ocr_line' id='line_1_45' title="bbox 1867 1587 3445 1661; baseline 0.005 -22"><span class='ocrx_word' id='word_1_339' title='bbox 1867 1597 1986 1641; x_wconf 83' lang='lat' dir='ltr'><strong>stus</strong></span> <span class='ocrx_word' id='word_1_340' title='bbox 2018 1603 2030 1639; x_wconf 90' lang='lat'><strong>:</strong></span> <span class='ocrx_word' id='word_1_341' title='bbox 2062 1597 2335 1642; x_wconf 73' lang='lat' dir='ltr'><strong>exstructa</strong></span> <span class='ocrx_word' id='word_1_342' title='bbox 2366 1587 2514 1641; x_wconf 90' lang='lat' dir='ltr'><strong>enim</strong></span> <span class='ocrx_word' id='word_1_343' title='bbox 2545 1597 2664 1642; x_wconf 89' lang='lat' dir='ltr'><strong>erat</strong></span> <span class='ocrx_word' id='word_1_344' title='bbox 2699 1587 2790 1642; x_wconf 91' lang='lat' dir='ltr'><strong>illa</strong></span> <span class='ocrx_word' id='word_1_345' title='bbox 2831 1604 2898 1642; x_wconf 81' lang='lat' dir='ltr'><strong>ex</strong></span> <span class='ocrx_word' id='word_1_346' title='bbox 2937 1589 3098 1660; x_wconf 80' lang='lat' dir='ltr'><strong>lignis</strong></span> <span class='ocrx_word' id='word_1_347' title='bbox 3132 1590 3445 1661; x_wconf 90' lang='lat' dir='ltr'><strong>imputribi-</strong></span> 
     </span>
    </p>
   </div>
   <div class='ocr_carea' id='block_1_46' title="bbox 1866 1678 3449 1755">
    <p class='ocr_par' dir='ltr' id='par_1_46' title="bbox 1866 1678 3449 1755">
     <span class='ocr_line' id='line_1_46' title="bbox 1866 1678 3449 1755; baseline 0.006 -23"><span class='ocrx_word' id='word_1_348' title='bbox 1866 1678 2030 1744; x_wconf 89' lang='lat' dir='ltr'><strong>libus,</strong></span> <span class='ocrx_word' id='word_1_349' title='bbox 2067 1679 2415 1750; x_wconf 86' lang='lat' dir='ltr'><strong>divinamque</strong></span> <span class='ocrx_word' id='word_1_350' title='bbox 2461 1681 2635 1752; x_wconf 80' lang='lat' dir='ltr'><strong>legem</strong></span> <span class='ocrx_word' id='word_1_351' title='bbox 2694 1681 2750 1736; x_wconf 92' lang='lat' dir='ltr'><strong>in</strong></span> <span class='ocrx_word' id='word_1_352' title='bbox 2806 1698 2864 1737; x_wconf 90' lang='lat' dir='ltr'><strong>se</strong></span> <span class='ocrx_word' id='word_1_353' title='bbox 2912 1683 3148 1754; x_wconf 84' lang='lat' dir='ltr'><strong>tegebat,</strong></span> <span class='ocrx_word' id='word_1_354' title='bbox 3191 1701 3312 1755; x_wconf 72' lang='lat' dir='ltr'><strong>quas</strong></span> <span class='ocrx_word' id='word_1_355' title='bbox 3364 1698 3449 1742; x_wconf 86' lang='lat' dir='ltr'><strong>est</strong></span> 
     </span>
    </p>
   </div>
   <div class='ocr_carea' id='block_1_47' title="bbox 1866 1770 3447 1834">
    <p class='ocr_par' dir='ltr' id='par_1_47' title="bbox 1866 1770 3447 1834">
     <span class='ocr_line' id='line_1_47' title="bbox 1866 1770 3447 1834; baseline 0.006 -10"><span class='ocrx_word' id='word_1_356' title='bbox 1866 1770 2104 1825; x_wconf 87' lang='lat' dir='ltr'><strong>Verbum</strong></span> <span class='ocrx_word' id='word_1_357' title='bbox 2150 1772 2266 1827; x_wconf 89' lang='lat' dir='ltr'><strong>Dei.</strong></span> <span class='ocrx_word' id='word_1_358' title='bbox 2298 1773 2497 1828; x_wconf 82' lang='lat' dir='ltr'><strong>Videre</strong></span> <span class='ocrx_word' id='word_1_359' title='bbox 2543 1783 2727 1828; x_wconf 92' lang='lat' dir='ltr'><strong>autem</strong></span> <span class='ocrx_word' id='word_1_360' title='bbox 2777 1774 2906 1830; x_wconf 90' lang='lat' dir='ltr'><strong>licet</strong></span> <span class='ocrx_word' id='word_1_361' title='bbox 2956 1775 3091 1830; x_wconf 85' lang='lat' dir='ltr'><strong>illud</strong></span> <span class='ocrx_word' id='word_1_362' title='bbox 3133 1776 3189 1831; x_wconf 89' lang='lat' dir='ltr'><strong>in</strong></span> <span class='ocrx_word' id='word_1_363' title='bbox 3227 1777 3447 1834; x_wconf 84' lang='lat' dir='ltr'><strong>Christo</strong></span> 
     </span>
    </p>
   </div>
   <div class='ocr_carea' id='block_1_48' title="bbox 1865 1865 3449 1938">
    <p class='ocr_par' dir='ltr' id='par_1_48' title="bbox 1865 1865 3449 1938">
     <span class='ocr_line' id='line_1_48' title="bbox 1865 1865 3449 1938; baseline 0.006 -22"><span class='ocrx_word' id='word_1_364' title='bbox 1865 1865 2207 1935; x_wconf 78' lang='lat' dir='ltr'><strong>mysterium,</strong></span> <span class='ocrx_word' id='word_1_365' title='bbox 2243 1880 2368 1918; x_wconf 91' lang='lat' dir='ltr'><strong>cum</strong></span> <span class='ocrx_word' id='word_1_366' title='bbox 2420 1865 2524 1920; x_wconf 92' lang='lat' dir='ltr'><strong>hac</strong></span> <span class='ocrx_word' id='word_1_367' title='bbox 2564 1881 2783 1936; x_wconf 88' lang='lat' dir='ltr'><strong>quoque</strong></span> <span class='ocrx_word' id='word_1_368' title='bbox 2827 1882 2886 1921; x_wconf 92' lang='lat' dir='ltr'><strong>re</strong></span> <span class='ocrx_word' id='word_1_369' title='bbox 2927 1882 3251 1938; x_wconf 85' lang='lat' dir='ltr'><strong>congruere.</strong></span> <span class='ocrx_word' id='word_1_370' title='bbox 3300 1869 3449 1925; x_wconf 85' lang='lat' dir='ltr'><strong>Deus</strong></span> 
     </span>
    </p>
   </div>
   <div class='ocr_carea' id='block_1_49' title="bbox 1865 1957 3448 2031">
    <p class='ocr_par' dir='ltr' id='par_1_49' title="bbox 1865 1957 3448 2031">
     <span class='ocr_line' id='line_1_49' title="bbox 1865 1957 3448 2031; baseline 0.006 -23"><span class='ocrx_word' id='word_1_371' title='bbox 1865 1957 2011 2010; x_wconf 91' lang='lat' dir='ltr'><strong>enim</strong></span> <span class='ocrx_word' id='word_1_372' title='bbox 2031 1957 2270 2012; x_wconf 78' lang='lat' dir='ltr'><strong>Verbum</strong></span> <span class='ocrx_word' id='word_1_373' title='bbox 2297 1967 2413 2014; x_wconf 89' lang='lat' dir='ltr'><strong>erat</strong></span> <span class='ocrx_word' id='word_1_374' title='bbox 2443 1957 2502 2014; x_wconf 76' lang='lat' dir='ltr'><strong>in</strong></span> <span class='ocrx_word' id='word_1_375' title='bbox 2530 1958 2934 2030; x_wconf 89' lang='lat' dir='ltr'><strong>incorruptibili</strong></span> <span class='ocrx_word' id='word_1_376' title='bbox 2961 1961 3186 2031; x_wconf 87' lang='lat' dir='ltr'><strong>templo.</strong></span> <span class='ocrx_word' id='word_1_377' title='bbox 3215 1961 3448 2019; x_wconf 68' lang='lat' dir='ltr'><strong>Praaibat</strong></span> 
     </span>
    </p>
   </div>
   <div class='ocr_carea' id='block_1_50' title="bbox 1865 2047 3448 2124">
    <p class='ocr_par' dir='ltr' id='par_1_50' title="bbox 1865 2047 3448 2124">
     <span class='ocr_line' id='line_1_50' title="bbox 1865 2047 3448 2124; baseline 0.007 -24"><span class='ocrx_word' id='word_1_378' title='bbox 1865 2047 2032 2118; x_wconf 83' lang='lat' dir='ltr'><strong>igitur</strong></span> <span class='ocrx_word' id='word_1_379' title='bbox 2064 2065 2188 2104; x_wconf 92' lang='lat' dir='ltr'><strong>arca</strong></span> <span class='ocrx_word' id='word_1_380' title='bbox 2232 2051 2520 2123; x_wconf 83' lang='lat' dir='ltr'><strong>provisura</strong></span> <span class='ocrx_word' id='word_1_381' title='bbox 2575 2052 2704 2107; x_wconf 87' lang='lat' dir='ltr'><strong>ﬁliis</strong></span> <span class='ocrx_word' id='word_1_382' title='bbox 2750 2053 2918 2108; x_wconf 88' lang='lat' dir='ltr'><strong>Israel</strong></span> <span class='ocrx_word' id='word_1_383' title='bbox 2969 2053 3253 2124; x_wconf 91' lang='lat' dir='ltr'><strong>requiem;</strong></span> <span class='ocrx_word' id='word_1_384' title='bbox 3292 2055 3448 2124; x_wconf 65' lang='lat' dir='ltr'><strong>punit</strong></span> 
     </span>
    </p>
   </div>
   <div class='ocr_carea' id='block_1_51' title="bbox 1864 2138 3443 2214">
    <p class='ocr_par' dir='ltr' id='par_1_51' title="bbox 1864 2138 3443 2214">
     <span class='ocr_line' id='line_1_51' title="bbox 1864 2138 3443 2214; baseline 0.006 -22"><span class='ocrx_word' id='word_1_385' title='bbox 1864 2138 2031 2193; x_wconf 87' lang='lat' dir='ltr'><strong>etiam</strong></span> <span class='ocrx_word' id='word_1_386' title='bbox 2059 2156 2159 2195; x_wconf 89' lang='lat' dir='ltr'><strong>nos</strong></span> <span class='ocrx_word' id='word_1_387' title='bbox 2185 2140 2458 2206; x_wconf 84' lang='lat' dir='ltr'><strong>Christus,</strong></span> <span class='ocrx_word' id='word_1_388' title='bbox 2495 2142 2563 2198; x_wconf 91' lang='lat' dir='ltr'><strong>iis</strong></span> <span class='ocrx_word' id='word_1_389' title='bbox 2592 2142 2770 2198; x_wconf 90' lang='lat' dir='ltr'><strong>modis</strong></span> <span class='ocrx_word' id='word_1_390' title='bbox 2798 2159 2938 2214; x_wconf 88' lang='lat' dir='ltr'><strong>quos</strong></span> <span class='ocrx_word' id='word_1_391' title='bbox 2970 2145 3134 2200; x_wconf 92' lang='lat' dir='ltr'><strong>modo</strong></span> <span class='ocrx_word' id='word_1_392' title='bbox 3162 2145 3402 2202; x_wconf 82' lang='lat' dir='ltr'><strong>diximus</strong></span> <span class='ocrx_word' id='word_1_393' title='bbox 3427 2163 3443 2201; x_wconf 89' lang='lat'>:</span> 
     </span>
    </p>
   </div>
   <div class='ocr_carea' id='block_1_52' title="bbox 1863 2233 3511 2306">
    <p class='ocr_par' dir='ltr' id='par_1_52' title="bbox 1863 2233 3511 2306">
     <span class='ocr_line' id='line_1_52' title="bbox 1863 2233 3511 2306; baseline 0.007 -22"><span class='ocrx_word' id='word_1_394' title='bbox 1863 2245 1927 2284; x_wconf 90' lang='lat' dir='ltr'><strong>ac</strong></span> <span class='ocrx_word' id='word_1_395' title='bbox 1956 2241 2244 2301; x_wconf 86' lang='lat' dir='ltr'><strong>propterea</strong></span> <span class='ocrx_word' id='word_1_396' title='bbox 2274 2233 2590 2289; x_wconf 87' lang='lat' dir='ltr'><strong>mediatoris</strong></span> <span class='ocrx_word' id='word_1_397' title='bbox 2627 2251 2827 2291; x_wconf 90' lang='lat' dir='ltr'><strong>munus</strong></span> <span class='ocrx_word' id='word_1_398' title='bbox 2864 2236 3117 2306; x_wconf 88' lang='lat' dir='ltr'><strong>implens,</strong></span> <span class='ocrx_word' id='word_1_399' title='bbox 3147 2238 3448 2294; x_wconf 82' lang='lat' dir='ltr'><strong>advocatus</strong></span> <span class='ocrx_word' id='word_1_400' title='bbox 3492 2256 3511 2274; x_wconf 85' lang='lat'><strong><em>-</em></strong></span> 
     </span>
    </p>
   </div>
   <div class='ocr_carea' id='block_1_53' title="bbox 1866 2321 3447 2398">
    <p class='ocr_par' dir='ltr' id='par_1_53' title="bbox 1866 2321 3447 2398">
     <span class='ocr_line' id='line_1_53' title="bbox 1866 2321 3447 2398; baseline 0.005 -22"><span class='ocrx_word' id='word_1_401' title='bbox 1866 2321 1923 2378; x_wconf 89' lang='lat' dir='ltr'><strong>ﬁt</strong></span> <span class='ocrx_word' id='word_1_402' title='bbox 1953 2323 2094 2393; x_wconf 90' lang='lat' dir='ltr'><strong>apud</strong></span> <span class='ocrx_word' id='word_1_403' title='bbox 2124 2324 2362 2389; x_wconf 89' lang='lat' dir='ltr'><strong>Patrem,</strong></span> <span class='ocrx_word' id='word_1_404' title='bbox 2392 2340 2461 2384; x_wconf 75' lang='lat' dir='ltr'><strong>,ac</strong></span> <span class='ocrx_word' id='word_1_405' title='bbox 2497 2326 2813 2396; x_wconf 89' lang='lat' dir='ltr'><strong>propitiatio</strong></span> <span class='ocrx_word' id='word_1_406' title='bbox 2837 2344 2937 2398; x_wconf 92' lang='lat' dir='ltr'><strong>pro</strong></span> <span class='ocrx_word' id='word_1_407' title='bbox 2958 2330 3120 2384; x_wconf 90' lang='lat' dir='ltr'><strong>nobis</strong></span> <span class='ocrx_word' id='word_1_408' title='bbox 3146 2329 3201 2396; x_wconf 75' lang='grc' dir='ltr'><strong>Ι’;</strong></span> <span class='ocrx_word' id='word_1_409' title='bbox 3232 2339 3292 2385; x_wconf 93' lang='lat' dir='ltr'><strong>ut</strong></span> <span class='ocrx_word' id='word_1_410' title='bbox 3313 2330 3447 2386; x_wconf 91' lang='lat' dir='ltr'><strong>olim</strong></span> 
     </span>
    </p>
   </div>
   <div class='ocr_carea' id='block_1_54' title="bbox 1862 2417 3445 2490">
    <p class='ocr_par' dir='ltr' id='par_1_54' title="bbox 1862 2417 3445 2490">
     <span class='ocr_line' id='line_1_54' title="bbox 1862 2417 3445 2490; baseline 0.004 -21"><span class='ocrx_word' id='word_1_411' title='bbox 1862 2431 2082 2485; x_wconf 89' lang='lat' dir='ltr'><strong>quoque</strong></span> <span class='ocrx_word' id='word_1_412' title='bbox 2118 2417 2347 2488; x_wconf 83' lang='lat' dir='ltr'><strong>Moyses,</strong></span> <span class='ocrx_word' id='word_1_413' title='bbox 2375 2419 2491 2488; x_wconf 89' lang='lat' dir='ltr'><strong>qui,</strong></span> <span class='ocrx_word' id='word_1_414' title='bbox 2518 2419 2648 2474; x_wconf 92' lang='lat' dir='ltr'><strong>dum</strong></span> <span class='ocrx_word' id='word_1_415' title='bbox 2688 2421 3133 2490; x_wconf 85' lang='lat' dir='ltr'><strong>proﬁcisceretur</strong></span> <span class='ocrx_word' id='word_1_416' title='bbox 3168 2439 3319 2490; x_wconf 89' lang='lat' dir='ltr'><strong>arca,</strong></span> <span class='ocrx_word' id='word_1_417' title='bbox 3357 2420 3445 2475; x_wconf 91' lang='lat' dir='ltr'><strong>di-</strong></span> 
     </span>
    </p>
   </div>
   <div class='ocr_carea' id='block_1_55' title="bbox 1862 2506 3442 2587">
    <p class='ocr_par' dir='ltr' id='par_1_55' title="bbox 1862 2506 3442 2587">
     <span class='ocr_line' id='line_1_55' title="bbox 1862 2506 3442 2587; baseline 0.01 -27"><span class='ocrx_word' id='word_1_418' title='bbox 1862 2506 2022 2560; x_wconf 87' lang='lat' dir='ltr'><strong>cebat</strong></span> <span class='ocrx_word' id='word_1_419' title='bbox 2055 2525 2066 2560; x_wconf 92' lang='lat'>:</span> <span class='ocrx_word' id='word_1_420' title='bbox 2105 2526 2121 2557; x_wconf 74' lang='grc' dir='ltr'><strong>ι</strong></span> <span class='ocrx_word' id='word_1_421' title='bbox 2166 2509 2431 2580; x_wconf 77' lang='lat' dir='ltr'><strong>Exsurge,</strong></span> <span class='ocrx_word' id='word_1_422' title='bbox 2459 2510 2712 2575; x_wconf 89' lang='lat' dir='ltr'><strong>Domine,</strong></span> <span class='ocrx_word' id='word_1_423' title='bbox 2741 2512 3079 2584; x_wconf 80' lang='lat' dir='ltr'><strong>dissipentur</strong></span> <span class='ocrx_word' id='word_1_424' title='bbox 3105 2517 3316 2574; x_wconf 91' lang='lat' dir='ltr'><strong>inimici</strong></span> <span class='ocrx_word' id='word_1_425' title='bbox 3341 2522 3442 2587; x_wconf 91' lang='lat' dir='ltr'><strong>tui,</strong></span> 
     </span>
    </p>
   </div>
   <div class='ocr_carea' id='block_1_56' title="bbox 1862 2600 3445 2672">
    <p class='ocr_par' dir='ltr' id='par_1_56' title="bbox 1862 2600 3445 2672">
     <span class='ocr_line' id='line_1_56' title="bbox 1862 2600 3445 2672; baseline 0.008 -18"><span class='ocrx_word' id='word_1_426' title='bbox 1862 2609 1919 2654; x_wconf 88' lang='lat' dir='ltr'><strong>et</strong></span> <span class='ocrx_word' id='word_1_427' title='bbox 1962 2600 2173 2672; x_wconf 80' lang='lat' dir='ltr'><strong>fugiant</strong></span> <span class='ocrx_word' id='word_1_428' title='bbox 2218 2618 2430 2666; x_wconf 88' lang='lat' dir='ltr'><strong>omnes,</strong></span> <span class='ocrx_word' id='word_1_429' title='bbox 2476 2604 2569 2672; x_wconf 92' lang='lat' dir='ltr'><strong>qui</strong></span> <span class='ocrx_word' id='word_1_430' title='bbox 2624 2604 2864 2659; x_wconf 87' lang='lat' dir='ltr'><strong>oderunt</strong></span> <span class='ocrx_word' id='word_1_431' title='bbox 2907 2614 2960 2660; x_wconf 88' lang='lat' dir='ltr'><strong>te</strong></span> <span class='ocrx_word' id='word_1_432' title='bbox 2986 2606 3025 2660; x_wconf 85' lang='grc'><strong>⁸.</strong></span> <span class='ocrx_word' id='word_1_433' title='bbox 3061 2627 3077 2658; x_wconf 76' lang='grc' dir='ltr'><strong>ι</strong></span> <span class='ocrx_word' id='word_1_434' title='bbox 3128 2608 3267 2664; x_wconf 87' lang='lat' dir='ltr'><strong>Cum</strong></span> <span class='ocrx_word' id='word_1_435' title='bbox 3312 2627 3445 2668; x_wconf 90' lang='lat' dir='ltr'><strong>vero</strong></span> 
     </span>
    </p>
   </div>
   <div class='ocr_carea' id='block_1_57' title="bbox 1863 2693 3445 2773">
    <p class='ocr_par' dir='ltr' id='par_1_57' title="bbox 1863 2693 3445 2773">
     <span class='ocr_line' id='line_1_57' title="bbox 1863 2693 3445 2773; baseline 0.008 -26"><span class='ocrx_word' id='word_1_436' title='bbox 1863 2693 2232 2763; x_wconf 85' lang='lat' dir='ltr'><strong>deponeretur</strong></span> <span class='ocrx_word' id='word_1_437' title='bbox 2263 2713 2274 2746; x_wconf 93' lang='lat'>:</span> <span class='ocrx_word' id='word_1_438' title='bbox 2313 2714 2330 2743; x_wconf 85' lang='grc'><strong><em>‹</em></strong></span> <span class='ocrx_word' id='word_1_439' title='bbox 2360 2693 2652 2760; x_wconf 87' lang='lat' dir='ltr'><strong>Converte,</strong></span> <span class='ocrx_word' id='word_1_440' title='bbox 2697 2697 2944 2762; x_wconf 89' lang='lat' dir='ltr'><strong>Domine,</strong></span> <span class='ocrx_word' id='word_1_441' title='bbox 2983 2699 3131 2754; x_wconf 89' lang='lat' dir='ltr'><strong>mille</strong></span> <span class='ocrx_word' id='word_1_442' title='bbox 3172 2702 3445 2773; x_wconf 87' lang='lat' dir='ltr'><strong>myriadas</strong></span> 
     </span>
    </p>
   </div>
   <div class='ocr_carea' id='block_1_58' title="bbox 1863 2784 3446 2861">
    <p class='ocr_par' dir='ltr' id='par_1_58' title="bbox 1863 2784 3446 2861">
     <span class='ocr_line' id='line_1_58' title="bbox 1863 2784 3446 2861; baseline 0.004 -22"><span class='ocrx_word' id='word_1_443' title='bbox 1863 2784 1920 2839; x_wconf 92' lang='lat' dir='ltr'><strong>in</strong></span> <span class='ocrx_word' id='word_1_444' title='bbox 1947 2785 2108 2839; x_wconf 83' lang='lat' dir='ltr'><strong>Israel</strong></span> <span class='ocrx_word' id='word_1_445' title='bbox 2137 2785 2176 2837; x_wconf 79' lang='lat'><strong>°.</strong></span> <span class='ocrx_word' id='word_1_446' title='bbox 2214 2804 2230 2835; x_wconf 77' lang='grc' dir='ltr'><strong>ι</strong></span> <span class='ocrx_word' id='word_1_447' title='bbox 2261 2784 2398 2839; x_wconf 91' lang='lat' dir='ltr'><strong>Cum</strong></span> <span class='ocrx_word' id='word_1_448' title='bbox 2438 2786 2585 2840; x_wconf 87' lang='lat' dir='ltr'><strong>enim</strong></span> <span class='ocrx_word' id='word_1_449' title='bbox 2627 2788 2937 2842; x_wconf 77' lang='lat' dir='ltr'><strong>exsurrexit</strong></span> <span class='ocrx_word' id='word_1_450' title='bbox 2961 2788 3028 2842; x_wconf 90' lang='lat' dir='ltr'><strong>ad</strong></span> <span class='ocrx_word' id='word_1_451' title='bbox 3055 2805 3157 2844; x_wconf 92' lang='lat' dir='ltr'><strong>nos</strong></span> <span class='ocrx_word' id='word_1_452' title='bbox 3181 2790 3446 2861; x_wconf 87' lang='lat' dir='ltr'><strong>adjuvan-</strong></span> 
     </span>
    </p>
   </div>
   <div class='ocr_carea' id='block_1_59' title="bbox 1862 2876 3444 2948">
    <p class='ocr_par' dir='ltr' id='par_1_59' title="bbox 1862 2876 3444 2948">
     <span class='ocr_line' id='line_1_59' title="bbox 1862 2876 3444 2948; baseline 0.005 -18"><span class='ocrx_word' id='word_1_453' title='bbox 1862 2876 1961 2932; x_wconf 91' lang='lat' dir='ltr'><strong>dos</strong></span> <span class='ocrx_word' id='word_1_454' title='bbox 1993 2877 2084 2930; x_wconf 89' lang='lat' dir='ltr'><strong>ille</strong></span> <span class='ocrx_word' id='word_1_455' title='bbox 2116 2877 2441 2947; x_wconf 86' lang='lat' dir='ltr'><strong>Uuigenitus</strong></span> <span class='ocrx_word' id='word_1_456' title='bbox 2491 2877 2586 2948; x_wconf 92' lang='lat' dir='ltr'><strong>qui</strong></span> <span class='ocrx_word' id='word_1_457' title='bbox 2630 2878 2761 2932; x_wconf 91' lang='lat' dir='ltr'><strong>olim</strong></span> <span class='ocrx_word' id='word_1_458' title='bbox 2803 2879 3092 2934; x_wconf 87' lang='lat' dir='ltr'><strong>Psallentis</strong></span> <span class='ocrx_word' id='word_1_459' title='bbox 3126 2897 3260 2937; x_wconf 91' lang='lat' dir='ltr'><strong>voce</strong></span> <span class='ocrx_word' id='word_1_460' title='bbox 3290 2882 3444 2938; x_wconf 88' lang='lat' dir='ltr'><strong>dice-</strong></span> 
     </span>
    </p>
   </div>
   <div class='ocr_carea' id='block_1_60' title="bbox 1861 2968 3442 3044">
    <p class='ocr_par' dir='ltr' id='par_1_60' title="bbox 1861 2968 3442 3044">
     <span class='ocr_line' id='line_1_60' title="bbox 1861 2968 3442 3044; baseline 0.003 -20"><span class='ocrx_word' id='word_1_461' title='bbox 1861 2968 1994 3025; x_wconf 85' lang='lat' dir='ltr'><strong>bat:</strong></span> <span class='ocrx_word' id='word_1_462' title='bbox 2031 2989 2048 3020; x_wconf 87' lang='grc'><em>‹</em></span> <span class='ocrx_word' id='word_1_463' title='bbox 2081 2970 2309 3039; x_wconf 89' lang='lat' dir='ltr'><strong>Propter</strong></span> <span class='ocrx_word' id='word_1_464' title='bbox 2332 2969 2609 3023; x_wconf 90' lang='lat' dir='ltr'><strong>miseriam</strong></span> <span class='ocrx_word' id='word_1_465' title='bbox 2636 2970 2882 3040; x_wconf 88' lang='lat' dir='ltr'><strong>inopum,</strong></span> <span class='ocrx_word' id='word_1_466' title='bbox 2908 2980 2964 3026; x_wconf 90' lang='lat' dir='ltr'><strong>et</strong></span> <span class='ocrx_word' id='word_1_467' title='bbox 2998 2973 3263 3042; x_wconf 79' lang='lat' dir='ltr'><strong>gemitum</strong></span> <span class='ocrx_word' id='word_1_468' title='bbox 3304 2989 3442 3044; x_wconf 90' lang='lat' dir='ltr'><strong>pau-</strong></span> 
     </span>
    </p>
   </div>
   <div class='ocr_carea' id='block_1_61' title="bbox 1861 3061 3445 3132">
    <p class='ocr_par' dir='ltr' id='par_1_61' title="bbox 1861 3061 3445 3132">
     <span class='ocr_line' id='line_1_61' title="bbox 1861 3061 3445 3132; baseline 0.003 -15"><span class='ocrx_word' id='word_1_469' title='bbox 1861 3078 2078 3132; x_wconf 91' lang='lat' dir='ltr'><strong>perum,</strong></span> <span class='ocrx_word' id='word_1_470' title='bbox 2122 3077 2272 3117; x_wconf 90' lang='lat' dir='ltr'><strong>nunc</strong></span> <span class='ocrx_word' id='word_1_471' title='bbox 2313 3077 2624 3132; x_wconf 83' lang='lat' dir='ltr'><strong>exsurgam,</strong></span> <span class='ocrx_word' id='word_1_472' title='bbox 2675 3061 2809 3116; x_wconf 90' lang='lat' dir='ltr'><strong>dicit</strong></span> <span class='ocrx_word' id='word_1_473' title='bbox 2850 3062 3115 3119; x_wconf 89' lang='lat' dir='ltr'><strong>Dominus</strong></span> <span class='ocrx_word' id='word_1_474' title='bbox 3144 3065 3201 3131; x_wconf 81' lang='lat'><strong>’;</strong></span> <span class='ocrx_word' id='word_1_475' title='bbox 3243 3085 3261 3116; x_wconf 78' lang='grc' dir='ltr'><strong>ι</strong></span> <span class='ocrx_word' id='word_1_476' title='bbox 3313 3074 3445 3122; x_wconf 90' lang='lat' dir='ltr'><strong>tunc</strong></span> 
     </span>
    </p>
   </div>
   <div class='ocr_carea' id='block_1_62' title="bbox 195 3148 1759 3226">
    <p class='ocr_par' dir='ltr' id='par_1_62' title="bbox 195 3148 1759 3224">
     <span class='ocr_line' id='line_1_62' title="bbox 195 3148 1759 3224; baseline -0.004 -17"><span class='ocrx_word' id='word_1_477' title='bbox 195 3157 379 3224; x_wconf 73' lang='grc' dir='ltr'>φωνῆς·</span> <span class='ocrx_word' id='word_1_478' title='bbox 415 3175 434 3206; x_wconf 77' lang='grc' dir='ltr'><strong>ι</strong></span> <span class='ocrx_word' id='word_1_479' title='bbox 485 3153 628 3208; x_wconf 81' lang='grc' dir='ltr'>Ἀπὸ</span> <span class='ocrx_word' id='word_1_480' title='bbox 676 3153 772 3222; x_wconf 79' lang='grc' dir='ltr'><strong>τῆς</strong></span> <span class='ocrx_word' id='word_1_481' title='bbox 810 3150 1184 3222; x_wconf 79' lang='grc' dir='ltr'>ταλαιπωρίας</span> <span class='ocrx_word' id='word_1_482' title='bbox 1237 3149 1345 3203; x_wconf 84' lang='grc' dir='ltr'>τῶν</span> <span class='ocrx_word' id='word_1_483' title='bbox 1392 3148 1622 3220; x_wconf 85' lang='grc' dir='ltr'>πτωχῶν</span> <span class='ocrx_word' id='word_1_484' title='bbox 1667 3148 1759 3202; x_wconf 79' lang='grc' dir='ltr'>καὶ</span> 
     </span>
    </p>
   </div>
   <div class='ocr_carea' id='block_1_63' title="bbox 1862 3148 3444 3226">
    <p class='ocr_par' dir='ltr' id='par_1_63' title="bbox 1862 3152 3444 3226">
     <span class='ocr_line' id='line_1_63' title="bbox 1862 3152 3444 3226; baseline 0.003 -16"><span class='ocrx_word' id='word_1_485' title='bbox 1862 3155 2180 3210; x_wconf 88' lang='lat' dir='ltr'><strong>ceciderunt</strong></span> <span class='ocrx_word' id='word_1_486' title='bbox 2226 3154 2432 3218; x_wconf 90' lang='lat' dir='ltr'><strong>hostes,</strong></span> <span class='ocrx_word' id='word_1_487' title='bbox 2459 3169 2524 3208; x_wconf 89' lang='lat' dir='ltr'><strong>ac</strong></span> <span class='ocrx_word' id='word_1_488' title='bbox 2566 3152 2842 3222; x_wconf 84' lang='lat' dir='ltr'><strong>fugerunt,</strong></span> <span class='ocrx_word' id='word_1_489' title='bbox 2872 3156 2965 3226; x_wconf 89' lang='lat' dir='ltr'><strong>qui</strong></span> <span class='ocrx_word' id='word_1_490' title='bbox 3009 3156 3444 3214; x_wconf 87' lang='lat' dir='ltr'><strong>adversabantur</strong></span> 
     </span>
    </p>
   </div>
   <div class='ocr_carea' id='block_1_64' title="bbox 195 3239 1754 3316">
    <p class='ocr_par' dir='ltr' id='par_1_64' title="bbox 195 3239 1754 3316">
     <span class='ocr_line' id='line_1_64' title="bbox 195 3239 1754 3316; baseline -0.004 -18"><span class='ocrx_word' id='word_1_491' title='bbox 195 3244 272 3299; x_wconf 78' lang='grc' dir='ltr'><strong>τοῦ</strong></span> <span class='ocrx_word' id='word_1_492' title='bbox 298 3243 603 3316; x_wconf 75' lang='grc' dir='ltr'>στεναγμοῦ</span> <span class='ocrx_word' id='word_1_493' title='bbox 634 3244 740 3298; x_wconf 85' lang='grc' dir='ltr'>τῶν</span> <span class='ocrx_word' id='word_1_494' title='bbox 767 3244 1014 3313; x_wconf 78' lang='grc' dir='ltr'>πενήτων</span> <span class='ocrx_word' id='word_1_495' title='bbox 1045 3241 1139 3294; x_wconf 88' lang='grc' dir='ltr'><strong>νῦν</strong></span> <span class='ocrx_word' id='word_1_496' title='bbox 1184 3243 1580 3311; x_wconf 82' lang='grc' dir='ltr'>ἀναστήσομαι,</span> <span class='ocrx_word' id='word_1_497' title='bbox 1609 3239 1754 3308; x_wconf 89' lang='grc' dir='ltr'>λέγει</span> 
     </span>
    </p>
   </div>
   <div class='ocr_carea' id='block_1_65' title="bbox 195 3333 1756 3410">
    <p class='ocr_par' dir='ltr' id='par_1_65' title="bbox 195 3333 1756 3410">
     <span class='ocr_line' id='line_1_65' title="bbox 195 3333 1756 3410; baseline -0.004 -19"><span class='ocrx_word' id='word_1_498' title='bbox 195 3339 373 3410; x_wconf 77' lang='grc' dir='ltr'>Κύριος</span> <span class='ocrx_word' id='word_1_499' title='bbox 392 3356 404 3367; x_wconf 74' lang='grc' dir='ltr'><strong>ο</strong></span> <span class='ocrx_word' id='word_1_500' title='bbox 431 3359 448 3390; x_wconf 76' lang='grc' dir='ltr'><strong>ι</strong></span> <span class='ocrx_word' id='word_1_501' title='bbox 481 3337 612 3392; x_wconf 86' lang='grc' dir='ltr'>τότε</span> <span class='ocrx_word' id='word_1_502' title='bbox 631 3335 979 3389; x_wconf 86' lang='grc' dir='ltr'>πεπτώκασιν</span> <span class='ocrx_word' id='word_1_503' title='bbox 1003 3336 1051 3388; x_wconf 92' lang='grc' dir='ltr'><strong>οἱ</strong></span> <span class='ocrx_word' id='word_1_504' title='bbox 1078 3335 1280 3408; x_wconf 72' lang='grc' dir='ltr'><strong>ἐχθροὶ,</strong></span> <span class='ocrx_word' id='word_1_505' title='bbox 1309 3339 1402 3388; x_wconf 76' lang='grc' dir='ltr'>καὶ</span> <span class='ocrx_word' id='word_1_506' title='bbox 1422 3333 1756 3402; x_wconf 80' lang='grc' dir='ltr'>πεφεύγασιν</span> 
     </span>
    </p>
   </div>
   <div class='ocr_carea' id='block_1_66' title="bbox 193 3425 1755 3498">
    <p class='ocr_par' dir='ltr' id='par_1_66' title="bbox 193 3425 1755 3498">
     <span class='ocr_line' id='line_1_66' title="bbox 193 3425 1755 3498; baseline 0.001 -19"><span class='ocrx_word' id='word_1_507' title='bbox 193 3428 234 3479; x_wconf 79' lang='lat' dir='ltr'><strong>oi</strong></span> <span class='ocrx_word' id='word_1_508' title='bbox 271 3427 666 3498; x_wconf 78' lang='grc' dir='ltr'>ἀνθεστηκότες</span> <span class='ocrx_word' id='word_1_509' title='bbox 708 3426 802 3480; x_wconf 78' lang='grc' dir='ltr'>καὶ</span> <span class='ocrx_word' id='word_1_510' title='bbox 853 3428 918 3496; x_wconf 76' lang='grc' dir='ltr'><strong>τῇ</strong></span> <span class='ocrx_word' id='word_1_511' title='bbox 962 3425 1084 3497; x_wconf 77' lang='grc' dir='ltr'>θείᾳ</span> <span class='ocrx_word' id='word_1_512' title='bbox 1118 3425 1243 3496; x_wconf 77' lang='grc' dir='ltr'><strong>δόξῃ</strong></span> <span class='ocrx_word' id='word_1_513' title='bbox 1289 3426 1606 3497; x_wconf 85' lang='grc' dir='ltr'>μαχόμενοι.</span> <span class='ocrx_word' id='word_1_514' title='bbox 1652 3427 1755 3480; x_wconf 87' lang='grc' dir='ltr'><strong>Τε-</strong></span> 
     </span>
    </p>
   </div>
   <div class='ocr_carea' id='block_1_67' title="bbox 194 3517 1755 3592">
    <p class='ocr_par' dir='ltr' id='par_1_67' title="bbox 194 3517 1755 3592">
     <span class='ocr_line' id='line_1_67' title="bbox 194 3517 1755 3592; baseline -0.001 -20"><span class='ocrx_word' id='word_1_515' title='bbox 194 3521 504 3592; x_wconf 78' lang='grc' dir='ltr'>θριάμϐευκε</span> <span class='ocrx_word' id='word_1_516' title='bbox 543 3520 659 3592; x_wconf 80' lang='grc' dir='ltr'><strong>γὰρ</strong></span> <span class='ocrx_word' id='word_1_517' title='bbox 708 3521 766 3572; x_wconf 74' lang='grc' dir='ltr'>ὲν</span> <span class='ocrx_word' id='word_1_518' title='bbox 811 3519 888 3590; x_wconf 81' lang='grc' dir='ltr'>τῷ</span> <span class='ocrx_word' id='word_1_519' title='bbox 925 3517 1143 3590; x_wconf 78' lang='grc' dir='ltr'>σταυρῷ</span> <span class='ocrx_word' id='word_1_520' title='bbox 1187 3519 1359 3590; x_wconf 79' lang='grc' dir='ltr'>ἀρχάς</span> <span class='ocrx_word' id='word_1_521' title='bbox 1388 3535 1448 3571; x_wconf 90' lang='grc' dir='ltr'>τε</span> <span class='ocrx_word' id='word_1_522' title='bbox 1481 3519 1574 3571; x_wconf 76' lang='grc' dir='ltr'>καὶ</span> <span class='ocrx_word' id='word_1_523' title='bbox 1606 3517 1755 3585; x_wconf 77' lang='grc' dir='ltr'><strong>ἐξου-</strong></span> 
     </span>
    </p>
   </div>
   <div class='ocr_carea' id='block_1_68' title="bbox 193 3610 1750 3684">
    <p class='ocr_par' dir='ltr' id='par_1_68' title="bbox 193 3610 1750 3684">
     <span class='ocr_line' id='line_1_68' title="bbox 193 3610 1750 3684; baseline 0 -20"><span class='ocrx_word' id='word_1_524' title='bbox 193 3612 322 3674; x_wconf 80' lang='grc' dir='ltr'>σίας’</span> <span class='ocrx_word' id='word_1_525' title='bbox 369 3615 462 3667; x_wconf 76' lang='grc' dir='ltr'>καὶ</span> <span class='ocrx_word' id='word_1_526' title='bbox 499 3615 863 3684; x_wconf 77' lang='grc' dir='ltr'>κατήργηκεν</span> <span class='ocrx_word' id='word_1_527' title='bbox 908 3611 1196 3666; x_wconf 84' lang='grc' dir='ltr'>ἀποθανὼν</span> <span class='ocrx_word' id='word_1_528' title='bbox 1248 3612 1337 3664; x_wconf 74' lang='grc' dir='ltr'><strong>τὸν</strong></span> <span class='ocrx_word' id='word_1_529' title='bbox 1371 3611 1606 3682; x_wconf 77' lang='grc' dir='ltr'>ἄρχοντα</span> <span class='ocrx_word' id='word_1_530' title='bbox 1656 3610 1750 3664; x_wconf 88' lang='grc' dir='ltr'>τοῦ</span> 
     </span>
    </p>
   </div>
   <div class='ocr_carea' id='block_1_69' title="bbox 193 3702 1755 3773">
    <p class='ocr_par' dir='ltr' id='par_1_69' title="bbox 193 3702 1755 3773">
     <span class='ocr_line' id='line_1_69' title="bbox 193 3702 1755 3773; baseline 0.001 -20"><span class='ocrx_word' id='word_1_531' title='bbox 193 3704 358 3768; x_wconf 77' lang='grc' dir='ltr'>αἰῶνος</span> <span class='ocrx_word' id='word_1_532' title='bbox 397 3705 623 3768; x_wconf 89' lang='grc' dir='ltr'>τούτου,</span> <span class='ocrx_word' id='word_1_533' title='bbox 663 3705 803 3757; x_wconf 75' lang='grc' dir='ltr'>κατὰ</span> <span class='ocrx_word' id='word_1_534' title='bbox 830 3702 893 3756; x_wconf 79' lang='grc' dir='ltr'><strong>τὸ</strong></span> <span class='ocrx_word' id='word_1_535' title='bbox 927 3703 1347 3773; x_wconf 78' lang='grc' dir='ltr'>γεγραμμένον·</span> <span class='ocrx_word' id='word_1_536' title='bbox 1395 3702 1755 3767; x_wconf 77' lang='grc' dir='ltr'>καταπαύσας</span> 
     </span>
    </p>
   </div>
   <div class='ocr_carea' id='block_1_70' title="bbox 193 3793 1755 3868">
    <p class='ocr_par' dir='ltr' id='par_1_70' title="bbox 193 3793 1755 3868">
     <span class='ocr_line' id='line_1_70' title="bbox 193 3793 1755 3868; baseline 0 -21"><span class='ocrx_word' id='word_1_537' title='bbox 257 3795 394 3850; x_wconf 77' lang='grc' dir='ltr'>ὥσπε</span> <span class='ocrx_word' id='word_1_538' title='bbox 404 3815 454 3868; x_wconf 90' lang='grc' dir='ltr'><strong>ρ,</strong></span> <span class='ocrx_word' id='word_1_539' title='bbox 487 3797 593 3851; x_wconf 72' lang='grc' dir='ltr'>καὶ</span> <span class='ocrx_word' id='word_1_540' title='bbox 608 3798 688 3860; x_wconf 82' lang='grc' dir='ltr'>εἰς</span> <span class='ocrx_word' id='word_1_541' title='bbox 709 3796 861 3858; x_wconf 85' lang='grc' dir='ltr'>τέλος</span> <span class='ocrx_word' id='word_1_542' title='bbox 883 3793 1144 3863; x_wconf 78' lang='grc' dir='ltr'>ἐνεγκὼν,</span> <span class='ocrx_word' id='word_1_543' title='bbox 1171 3794 1270 3865; x_wconf 76' lang='grc' dir='ltr'>τὴν</span> <span class='ocrx_word' id='word_1_544' title='bbox 1301 3793 1426 3866; x_wconf 81' lang='grc' dir='ltr'>ὃλην</span> <span class='ocrx_word' id='word_1_545' title='bbox 1447 3796 1755 3866; x_wconf 76' lang='grc' dir='ltr'>οἰκονομίαν</span> 
     </span>
    </p>
   </div>
   <div class='ocr_carea' id='block_1_71' title="bbox 191 3885 1754 3958">
    <p class='ocr_par' dir='ltr' id='par_1_71' title="bbox 191 3885 1754 3958">
     <span class='ocr_line' id='line_1_71' title="bbox 191 3885 1754 3958; baseline -0.001 -19"><span class='ocrx_word' id='word_1_546' title='bbox 191 3885 262 3939; x_wconf 72' lang='grc' dir='ltr'>διὰ</span> <span class='ocrx_word' id='word_1_547' title='bbox 288 3889 378 3958; x_wconf 76' lang='grc' dir='ltr'><strong>τῆς</strong></span> <span class='ocrx_word' id='word_1_548' title='bbox 416 3887 779 3953; x_wconf 82' lang='grc' dir='ltr'>ἀναστάσεως</span> <span class='ocrx_word' id='word_1_549' title='bbox 811 3890 910 3957; x_wconf 80' lang='grc' dir='ltr'>τῆς</span> <span class='ocrx_word' id='word_1_550' title='bbox 951 3889 1014 3940; x_wconf 77' lang='grc' dir='ltr'>ἐκ</span> <span class='ocrx_word' id='word_1_551' title='bbox 1046 3886 1253 3957; x_wconf 84' lang='grc' dir='ltr'>νεκρῶν</span> <span class='ocrx_word' id='word_1_552' title='bbox 1279 3887 1373 3940; x_wconf 81' lang='grc' dir='ltr'>καὶ</span> <span class='ocrx_word' id='word_1_553' title='bbox 1399 3886 1622 3958; x_wconf 79' lang='grc' dir='ltr'>πορείας</span> <span class='ocrx_word' id='word_1_554' title='bbox 1654 3886 1754 3956; x_wconf 76' lang='grc' dir='ltr'><strong>τῆς</strong></span> 
     </span>
    </p>
   </div>
   <div class='ocr_carea' id='block_1_72' title="bbox 193 3978 1754 4051">
    <p class='ocr_par' dir='ltr' id='par_1_72' title="bbox 193 3978 1754 4051">
     <span class='ocr_line' id='line_1_72' title="bbox 193 3978 1754 4051; baseline 0.002 -23"><span class='ocrx_word' id='word_1_555' title='bbox 193 3979 258 4042; x_wconf 70' lang='grc' dir='ltr'>εἰς</span> <span class='ocrx_word' id='word_1_556' title='bbox 281 3980 336 4031; x_wconf 73' lang='grc' dir='ltr'><strong>τὸ</strong></span> <span class='ocrx_word' id='word_1_557' title='bbox 368 3981 480 4034; x_wconf 81' lang='grc' dir='ltr'>ἄνω</span> <span class='ocrx_word' id='word_1_558' title='bbox 528 3979 673 4050; x_wconf 81' lang='grc' dir='ltr'>πρὸς</span> <span class='ocrx_word' id='word_1_559' title='bbox 701 3978 791 4032; x_wconf 70' lang='grc' dir='ltr'>τὸν</span> <span class='ocrx_word' id='word_1_560' title='bbox 823 3978 1076 4050; x_wconf 82' lang='grc' dir='ltr'>Πατέρα,</span> <span class='ocrx_word' id='word_1_561' title='bbox 1109 3979 1289 4032; x_wconf 83' lang='grc' dir='ltr'>πᾶσαν</span> <span class='ocrx_word' id='word_1_562' title='bbox 1320 3978 1620 4050; x_wconf 71' lang='grc' dir='ltr'>ἐπέστρεψε</span> <span class='ocrx_word' id='word_1_563' title='bbox 1655 3979 1754 4051; x_wconf 81' lang='grc' dir='ltr'>τὴν</span> 
     </span>
    </p>
   </div>
   <div class='ocr_carea' id='block_1_73' title="bbox 191 4069 1755 4142">
    <p class='ocr_par' dir='ltr' id='par_1_73' title="bbox 191 4069 1755 4142">
     <span class='ocr_line' id='line_1_73' title="bbox 191 4069 1755 4142; baseline 0 -19"><span class='ocrx_word' id='word_1_564' title='bbox 191 4069 293 4139; x_wconf 75' lang='grc' dir='ltr'>γῆν,</span> <span class='ocrx_word' id='word_1_565' title='bbox 321 4073 413 4124; x_wconf 75' lang='grc' dir='ltr'>καὶ</span> <span class='ocrx_word' id='word_1_566' title='bbox 451 4071 638 4142; x_wconf 85' lang='grc' dir='ltr'>χιλίας</span> <span class='ocrx_word' id='word_1_567' title='bbox 663 4070 930 4140; x_wconf 84' lang='grc' dir='ltr'>μυριάδας</span> <span class='ocrx_word' id='word_1_568' title='bbox 966 4069 1094 4134; x_wconf 78' lang='grc' dir='ltr'>τοὺς</span> <span class='ocrx_word' id='word_1_569' title='bbox 1127 4069 1289 4134; x_wconf 80' lang='grc' dir='ltr'>ἰδίους</span> <span class='ocrx_word' id='word_1_570' title='bbox 1316 4072 1550 4124; x_wconf 82' lang='grc' dir='ltr'>ἐποιεῖτο</span> <span class='ocrx_word' id='word_1_571' title='bbox 1587 4087 1755 4142; x_wconf 90' lang='grc' dir='ltr'>προσ-</span> 
     </span>
    </p>
   </div>
   <div class='ocr_carea' id='block_1_74' title="bbox 192 4159 1752 4232">
    <p class='ocr_par' dir='ltr' id='par_1_74' title="bbox 192 4159 1752 4232">
     <span class='ocr_line' id='line_1_74' title="bbox 192 4159 1752 4232; baseline 0.001 -20"><span class='ocrx_word' id='word_1_572' title='bbox 192 4164 464 4231; x_wconf 79' lang='grc' dir='ltr'>κυνητάς·‹</span> <span class='ocrx_word' id='word_1_573' title='bbox 497 4164 676 4215; x_wconf 78' lang='grc' dir='ltr'>Ὅταν</span> <span class='ocrx_word' id='word_1_574' title='bbox 709 4161 838 4231; x_wconf 80' lang='grc' dir='ltr'>γὰρ,</span> <span class='ocrx_word' id='word_1_575' title='bbox 877 4159 1132 4230; x_wconf 77' lang='grc' dir='ltr'>ἔφασκεν,</span> <span class='ocrx_word' id='word_1_576' title='bbox 1183 4160 1383 4230; x_wconf 71' lang='grc' dir='ltr'>ὑψωθῶ</span> <span class='ocrx_word' id='word_1_577' title='bbox 1409 4162 1474 4214; x_wconf 82' lang='grc' dir='ltr'>ἐκ</span> <span class='ocrx_word' id='word_1_578' title='bbox 1502 4162 1599 4232; x_wconf 81' lang='grc' dir='ltr'><strong>τῆς</strong></span> <span class='ocrx_word' id='word_1_579' title='bbox 1627 4161 1752 4232; x_wconf 75' lang='grc' dir='ltr'>γῆς,</span> 
     </span>
    </p>
   </div>
   <div class='ocr_carea' id='block_1_75' title="bbox 190 4253 1756 4325">
    <p class='ocr_par' dir='ltr' id='par_1_75' title="bbox 190 4253 1756 4325">
     <span class='ocr_line' id='line_1_75' title="bbox 190 4253 1756 4325; baseline 0.003 -22"><span class='ocrx_word' id='word_1_580' title='bbox 190 4253 371 4317; x_wconf 72' lang='grc' dir='ltr'>πάντας</span> <span class='ocrx_word' id='word_1_581' title='bbox 398 4253 623 4308; x_wconf 76' lang='grc' dir='ltr'>ἑλκύσω</span> <span class='ocrx_word' id='word_1_582' title='bbox 657 4254 792 4324; x_wconf 85' lang='grc' dir='ltr'>πρὸς</span> <span class='ocrx_word' id='word_1_583' title='bbox 829 4253 1086 4324; x_wconf 83' lang='grc' dir='ltr'>ἐμαυτόν.</span> <span class='ocrx_word' id='word_1_584' title='bbox 1139 4272 1158 4304; x_wconf 76' lang='grc' dir='ltr'><strong>ι</strong></span> <span class='ocrx_word' id='word_1_585' title='bbox 1197 4253 1406 4307; x_wconf 81' lang='grc' dir='ltr'>Οὐκοῦν</span> <span class='ocrx_word' id='word_1_586' title='bbox 1440 4255 1474 4325; x_wconf 77' lang='grc' dir='ltr'><strong>ἠ</strong></span> <span class='ocrx_word' id='word_1_587' title='bbox 1510 4254 1756 4318; x_wconf 87' lang='grc' dir='ltr'>Μωσέως</span> 
     </span>
    </p>
   </div>
   <div class='ocr_carea' id='block_1_76' title="bbox 190 4343 1756 4415">
    <p class='ocr_par' dir='ltr' id='par_1_76' title="bbox 190 4343 1756 4415">
     <span class='ocr_line' id='line_1_76' title="bbox 190 4343 1756 4415; baseline 0.005 -24"><span class='ocrx_word' id='word_1_588' title='bbox 190 4343 302 4415; x_wconf 73' lang='grc' dir='ltr'><strong>εὐχὴ</strong></span> <span class='ocrx_word' id='word_1_589' title='bbox 340 4346 507 4408; x_wconf 79' lang='grc' dir='ltr'>τύπος</span> <span class='ocrx_word' id='word_1_590' title='bbox 543 4343 613 4398; x_wconf 81' lang='grc' dir='ltr'>ἂν</span> <span class='ocrx_word' id='word_1_591' title='bbox 646 4345 731 4415; x_wconf 74' lang='grc' dir='ltr'>εἴη</span> <span class='ocrx_word' id='word_1_592' title='bbox 762 4346 858 4414; x_wconf 84' lang='grc' dir='ltr'><strong>τῆς</strong></span> <span class='ocrx_word' id='word_1_593' title='bbox 899 4344 1173 4414; x_wconf 86' lang='grc' dir='ltr'>μεσιτείας</span> <span class='ocrx_word' id='word_1_594' title='bbox 1211 4343 1470 4415; x_wconf 82' lang='grc' dir='ltr'>Χριστοῦ,</span> <span class='ocrx_word' id='word_1_595' title='bbox 1503 4346 1645 4399; x_wconf 89' lang='grc' dir='ltr'>κατά</span> <span class='ocrx_word' id='word_1_596' title='bbox 1689 4363 1756 4415; x_wconf 91' lang='grc' dir='ltr'><strong>γε</strong></span> 
     </span>
    </p>
   </div>
   <div class='ocr_carea' id='block_1_77' title="bbox 188 4434 1754 4508">
    <p class='ocr_par' dir='ltr' id='par_1_77' title="bbox 188 4434 1754 4508">
     <span class='ocr_line' id='line_1_77' title="bbox 188 4434 1754 4508; baseline 0.004 -24"><span class='ocrx_word' id='word_1_597' title='bbox 188 4434 238 4486; x_wconf 74' lang='grc' dir='ltr'>τὸ</span> <span class='ocrx_word' id='word_1_598' title='bbox 269 4437 446 4508; x_wconf 62' lang='grc' dir='ltr'>σχῆμα</span> <span class='ocrx_word' id='word_1_599' title='bbox 488 4439 559 4491; x_wconf 81' lang='grc' dir='ltr'>τὸ</span> <span class='ocrx_word' id='word_1_600' title='bbox 608 4436 972 4508; x_wconf 79' lang='grc' dir='ltr'>ἀνθρώπινον,</span> <span class='ocrx_word' id='word_1_601' title='bbox 1024 4437 1320 4506; x_wconf 80' lang='grc' dir='ltr'>εὐχομένου</span> <span class='ocrx_word' id='word_1_602' title='bbox 1373 4454 1434 4489; x_wconf 86' lang='grc' dir='ltr'><strong>τε</strong></span> <span class='ocrx_word' id='word_1_603' title='bbox 1480 4439 1572 4491; x_wconf 75' lang='grc' dir='ltr'>καὶ</span> <span class='ocrx_word' id='word_1_604' title='bbox 1603 4439 1754 4503; x_wconf 76' lang='grc' dir='ltr'>ἐξαι-</span> 
     </span>
    </p>
   </div>
   <div class='ocr_carea' id='block_1_78' title="bbox 1857 3245 3525 3326">
    <p class='ocr_par' dir='ltr' id='par_1_78' title="bbox 1857 3245 3525 3326">
     <span class='ocr_line' id='line_1_78' title="bbox 1857 3245 3525 3326; baseline 0.003 -24"><span class='ocrx_word' id='word_1_605' title='bbox 1857 3256 1912 3302; x_wconf 92' lang='lat' dir='ltr'><strong>et</strong></span> <span class='ocrx_word' id='word_1_606' title='bbox 1949 3246 2213 3302; x_wconf 86' lang='lat' dir='ltr'><strong>adversus</strong></span> <span class='ocrx_word' id='word_1_607' title='bbox 2256 3246 2354 3302; x_wconf 89' lang='lat' dir='ltr'><strong>Dei</strong></span> <span class='ocrx_word' id='word_1_608' title='bbox 2399 3245 2626 3318; x_wconf 80' lang='lat' dir='ltr'><strong>gloriam</strong></span> <span class='ocrx_word' id='word_1_609' title='bbox 2675 3247 3013 3318; x_wconf 80' lang='lat' dir='ltr'><strong>pugnabant.</strong></span> <span class='ocrx_word' id='word_1_610' title='bbox 3059 3249 3444 3320; x_wconf 87' lang='lat' dir='ltr'><strong>Triumphavit</strong></span> <span class='ocrx_word' id='word_1_611' title='bbox 3519 3320 3525 3326; x_wconf 90' lang='lat'><em>_</em></span> 
     </span>
    </p>
   </div>
   <div class='ocr_carea' id='block_1_79' title="bbox 1856 3331 3441 3412">
    <p class='ocr_par' dir='ltr' id='par_1_79' title="bbox 1856 3331 3441 3412">
     <span class='ocr_line' id='line_1_79' title="bbox 1856 3331 3441 3412; baseline 0 -17"><span class='ocrx_word' id='word_1_612' title='bbox 1856 3340 2004 3395; x_wconf 92' lang='lat' dir='ltr'><strong>enim</strong></span> <span class='ocrx_word' id='word_1_613' title='bbox 2033 3340 2088 3394; x_wconf 91' lang='lat' dir='ltr'><strong>in</strong></span> <span class='ocrx_word' id='word_1_614' title='bbox 2120 3355 2282 3394; x_wconf 87' lang='lat' dir='ltr'><strong>cruce</strong></span> <span class='ocrx_word' id='word_1_615' title='bbox 2320 3341 2662 3412; x_wconf 84' lang='lat' dir='ltr'><strong>principatus</strong></span> <span class='ocrx_word' id='word_1_616' title='bbox 2687 3349 2744 3395; x_wconf 91' lang='lat' dir='ltr'><strong>et</strong></span> <span class='ocrx_word' id='word_1_617' title='bbox 2778 3348 3075 3411; x_wconf 86' lang='lat' dir='ltr'><strong>potestates</strong></span> <span class='ocrx_word' id='word_1_618' title='bbox 3099 3331 3160 3406; x_wconf 76' lang='grc'><strong>⁷⁸,</strong></span> <span class='ocrx_word' id='word_1_619' title='bbox 3189 3356 3253 3395; x_wconf 87' lang='lat' dir='ltr'><strong>ac</strong></span> <span class='ocrx_word' id='word_1_620' title='bbox 3292 3357 3441 3396; x_wconf 90' lang='lat' dir='ltr'><strong>mor-</strong></span> 
     </span>
    </p>
   </div>
   <div class='ocr_carea' id='block_1_80' title="bbox 1857 3428 3438 3500">
    <p class='ocr_par' dir='ltr' id='par_1_80' title="bbox 1857 3428 3438 3500">
     <span class='ocr_line' id='line_1_80' title="bbox 1857 3428 3438 3500; baseline 0.002 -18"><span class='ocrx_word' id='word_1_621' title='bbox 1857 3438 1986 3484; x_wconf 90' lang='lat' dir='ltr'><strong>tuus</strong></span> <span class='ocrx_word' id='word_1_622' title='bbox 2028 3428 2297 3485; x_wconf 85' lang='lat' dir='ltr'><strong>destruxit</strong></span> <span class='ocrx_word' id='word_1_623' title='bbox 2328 3428 2632 3500; x_wconf 89' lang='lat' dir='ltr'><strong>principem</strong></span> <span class='ocrx_word' id='word_1_624' title='bbox 2678 3429 2862 3484; x_wconf 64' lang='lat' dir='ltr'><strong>smeuli</strong></span> <span class='ocrx_word' id='word_1_625' title='bbox 2898 3429 3083 3499; x_wconf 89' lang='lat' dir='ltr'><strong>hujus,</strong></span> <span class='ocrx_word' id='word_1_626' title='bbox 3119 3428 3260 3484; x_wconf 87' lang='lat' dir='ltr'><strong>sicut</strong></span> <span class='ocrx_word' id='word_1_627' title='bbox 3300 3431 3438 3485; x_wconf 83' lang='lat' dir='ltr'><strong>seri-</strong></span> 
     </span>
    </p>
   </div>
   <div class='ocr_carea' id='block_1_81' title="bbox 1857 3519 3441 3594">
    <p class='ocr_par' dir='ltr' id='par_1_81' title="bbox 1857 3519 3441 3594">
     <span class='ocr_line' id='line_1_81' title="bbox 1857 3519 3441 3594; baseline 0.001 -18"><span class='ocrx_word' id='word_1_628' title='bbox 1857 3532 2010 3592; x_wconf 90' lang='lat' dir='ltr'><strong>ptum</strong></span> <span class='ocrx_word' id='word_1_629' title='bbox 2036 3531 2120 3578; x_wconf 87' lang='lat' dir='ltr'><strong>est</strong></span> <span class='ocrx_word' id='word_1_630' title='bbox 2150 3540 2162 3576; x_wconf 89' lang='lat'>:</span> <span class='ocrx_word' id='word_1_631' title='bbox 2191 3537 2274 3586; x_wconf 89' lang='lat' dir='ltr'><strong>ac,</strong></span> <span class='ocrx_word' id='word_1_632' title='bbox 2303 3522 2480 3592; x_wconf 88' lang='lat' dir='ltr'><strong>posita</strong></span> <span class='ocrx_word' id='word_1_633' title='bbox 2507 3520 2910 3592; x_wconf 89' lang='lat' dir='ltr'><strong>quodammodo</strong></span> <span class='ocrx_word' id='word_1_634' title='bbox 2945 3530 3001 3575; x_wconf 92' lang='lat' dir='ltr'><strong>et</strong></span> <span class='ocrx_word' id='word_1_635' title='bbox 3033 3520 3099 3575; x_wconf 90' lang='lat' dir='ltr'><strong>ad</strong></span> <span class='ocrx_word' id='word_1_636' title='bbox 3126 3519 3288 3577; x_wconf 90' lang='lat' dir='ltr'><strong>ﬁnem</strong></span> <span class='ocrx_word' id='word_1_637' title='bbox 3316 3537 3441 3594; x_wconf 88' lang='lat' dir='ltr'><strong>per-</strong></span> 
     </span>
    </p>
   </div>
   <div class='ocr_carea' id='block_1_82' title="bbox 1857 3613 3442 3684">
    <p class='ocr_par' dir='ltr' id='par_1_82' title="bbox 1857 3613 3442 3684">
     <span class='ocr_line' id='line_1_82' title="bbox 1857 3613 3442 3684; baseline -0.001 -14"><span class='ocrx_word' id='word_1_638' title='bbox 1857 3615 2021 3670; x_wconf 87' lang='lat' dir='ltr'><strong>ducta</strong></span> <span class='ocrx_word' id='word_1_639' title='bbox 2083 3624 2195 3670; x_wconf 87' lang='lat' dir='ltr'><strong>tota</strong></span> <span class='ocrx_word' id='word_1_640' title='bbox 2248 3614 2660 3684; x_wconf 87' lang='lat' dir='ltr'><strong>dispensatione</strong></span> <span class='ocrx_word' id='word_1_641' title='bbox 2707 3628 2806 3684; x_wconf 90' lang='lat' dir='ltr'><strong>per</strong></span> <span class='ocrx_word' id='word_1_642' title='bbox 2853 3613 3316 3668; x_wconf 87' lang='lat' dir='ltr'><strong>resurrectionem</strong></span> <span class='ocrx_word' id='word_1_643' title='bbox 3373 3629 3442 3669; x_wconf 86' lang='lat' dir='ltr'><strong>ex</strong></span> 
     </span>
    </p>
   </div>
   <div class='ocr_carea' id='block_1_83' title="bbox 1856 3703 3442 3769">
    <p class='ocr_par' dir='ltr' id='par_1_83' title="bbox 1856 3703 3442 3769">
     <span class='ocr_line' id='line_1_83' title="bbox 1856 3703 3442 3769; baseline 0 -9"><span class='ocrx_word' id='word_1_644' title='bbox 1856 3705 2110 3769; x_wconf 87' lang='lat' dir='ltr'><strong>mortuis,</strong></span> <span class='ocrx_word' id='word_1_645' title='bbox 2138 3713 2194 3759; x_wconf 88' lang='lat' dir='ltr'><strong>et</strong></span> <span class='ocrx_word' id='word_1_646' title='bbox 2231 3721 2517 3760; x_wconf 91' lang='lat' dir='ltr'><strong>ascensum</strong></span> <span class='ocrx_word' id='word_1_647' title='bbox 2547 3703 2599 3758; x_wconf 91' lang='lat' dir='ltr'><strong>in</strong></span> <span class='ocrx_word' id='word_1_648' title='bbox 2629 3706 2827 3760; x_wconf 71' lang='lat' dir='ltr'><strong>cmlum</strong></span> <span class='ocrx_word' id='word_1_649' title='bbox 2854 3704 2921 3759; x_wconf 93' lang='lat' dir='ltr'><strong>ad</strong></span> <span class='ocrx_word' id='word_1_650' title='bbox 2951 3705 3187 3769; x_wconf 89' lang='lat' dir='ltr'><strong>Patrem,</strong></span> <span class='ocrx_word' id='word_1_651' title='bbox 3213 3705 3442 3762; x_wconf 89' lang='lat' dir='ltr'><strong>univer-</strong></span> 
     </span>
    </p>
   </div>
   <div class='ocr_carea' id='block_1_84' title="bbox 1857 3794 3445 3866">
    <p class='ocr_par' dir='ltr' id='par_1_84' title="bbox 1857 3794 3445 3866">
     <span class='ocr_line' id='line_1_84' title="bbox 1857 3794 3445 3866; baseline 0.001 -16"><span class='ocrx_word' id='word_1_652' title='bbox 1857 3811 1973 3850; x_wconf 89' lang='lat' dir='ltr'><strong>sam</strong></span> <span class='ocrx_word' id='word_1_653' title='bbox 1999 3805 2200 3850; x_wconf 89' lang='lat' dir='ltr'><strong>terram</strong></span> <span class='ocrx_word' id='word_1_654' title='bbox 2227 3796 2521 3859; x_wconf 87' lang='lat' dir='ltr'><strong>convertit,</strong></span> <span class='ocrx_word' id='word_1_655' title='bbox 2548 3803 2603 3848; x_wconf 88' lang='lat' dir='ltr'><strong>et</strong></span> <span class='ocrx_word' id='word_1_656' title='bbox 2630 3795 2777 3849; x_wconf 90' lang='lat' dir='ltr'><strong>mille</strong></span> <span class='ocrx_word' id='word_1_657' title='bbox 2804 3794 3081 3866; x_wconf 85' lang='lat' dir='ltr'><strong>myriadas</strong></span> <span class='ocrx_word' id='word_1_658' title='bbox 3107 3810 3236 3850; x_wconf 90' lang='lat' dir='ltr'><strong>suos</strong></span> <span class='ocrx_word' id='word_1_659' title='bbox 3259 3795 3445 3851; x_wconf 70' lang='lat' dir='ltr'><strong>effecit</strong></span> 
     </span>
    </p>
   </div>
   <div class='ocr_carea' id='block_1_85' title="bbox 1856 3886 3444 3951">
    <p class='ocr_par' dir='ltr' id='par_1_85' title="bbox 1856 3886 3444 3951">
     <span class='ocr_line' id='line_1_85' title="bbox 1856 3886 3444 3951; baseline 0 -9"><span class='ocrx_word' id='word_1_660' title='bbox 1856 3887 2211 3943; x_wconf 89' lang='lat' dir='ltr'><strong>adoratores:</strong></span> <span class='ocrx_word' id='word_1_661' title='bbox 2247 3887 2622 3950; x_wconf 72' lang='lat' dir='ltr'><strong>«Cumenim,n</strong></span> <span class='ocrx_word' id='word_1_662' title='bbox 2657 3886 2928 3951; x_wconf 64' lang='lat' dir='ltr'><strong>dicebam</strong></span> <span class='ocrx_word' id='word_1_663' title='bbox 2955 3887 3225 3941; x_wconf 73' lang='lat' dir='ltr'><strong>exaltatus</strong></span> <span class='ocrx_word' id='word_1_664' title='bbox 3242 3887 3444 3942; x_wconf 83' lang='lat' dir='ltr'><strong>fueroa</strong></span> 
     </span>
    </p>
   </div>
   <div class='ocr_carea' id='block_1_86' title="bbox 1859 3977 3445 4049">
    <p class='ocr_par' dir='ltr' id='par_1_86' title="bbox 1859 3977 3445 4049">
     <span class='ocr_line' id='line_1_86' title="bbox 1859 3977 3445 4049; baseline 0.001 -17"><span class='ocrx_word' id='word_1_665' title='bbox 1859 3986 2024 4044; x_wconf 87' lang='lat' dir='ltr'><strong>terra,</strong></span> <span class='ocrx_word' id='word_1_666' title='bbox 2051 3994 2243 4034; x_wconf 89' lang='lat' dir='ltr'><strong>omnes</strong></span> <span class='ocrx_word' id='word_1_667' title='bbox 2271 3979 2480 4033; x_wconf 88' lang='lat' dir='ltr'><strong>traham</strong></span> <span class='ocrx_word' id='word_1_668' title='bbox 2508 3979 2578 4032; x_wconf 90' lang='lat' dir='ltr'><strong>ad</strong></span> <span class='ocrx_word' id='word_1_669' title='bbox 2615 3994 2702 4033; x_wconf 89' lang='lat' dir='ltr'><strong>me</strong></span> <span class='ocrx_word' id='word_1_670' title='bbox 2728 3979 2909 4049; x_wconf 87' lang='lat' dir='ltr'><strong>ipsum</strong></span> <span class='ocrx_word' id='word_1_671' title='bbox 2933 3978 2973 4032; x_wconf 79' lang='grc'><strong>³.</strong></span> <span class='ocrx_word' id='word_1_672' title='bbox 3012 3997 3029 4028; x_wconf 76' lang='grc' dir='ltr'><strong>ι</strong></span> <span class='ocrx_word' id='word_1_673' title='bbox 3081 3977 3240 4048; x_wconf 80' lang='lat'><strong>159</strong></span> <span class='ocrx_word' id='word_1_674' title='bbox 3272 3978 3445 4049; x_wconf 81' lang='lat' dir='ltr'><strong>Igitur</strong></span> 
     </span>
    </p>
   </div>
   <div class='ocr_carea' id='block_1_87' title="bbox 1860 4068 3443 4142">
    <p class='ocr_par' dir='ltr' id='par_1_87' title="bbox 1860 4068 3443 4142">
     <span class='ocr_line' id='line_1_87' title="bbox 1860 4068 3443 4142; baseline -0.001 -17"><span class='ocrx_word' id='word_1_675' title='bbox 1860 4071 1948 4126; x_wconf 89' lang='lat' dir='ltr'><strong>illa</strong></span> <span class='ocrx_word' id='word_1_676' title='bbox 1979 4071 2145 4142; x_wconf 74' lang='lat' dir='ltr'><strong>Moysi</strong></span> <span class='ocrx_word' id='word_1_677' title='bbox 2173 4070 2351 4125; x_wconf 88' lang='lat' dir='ltr'><strong>oratio</strong></span> <span class='ocrx_word' id='word_1_678' title='bbox 2394 4084 2503 4122; x_wconf 86' lang='lat' dir='ltr'><strong>non</strong></span> <span class='ocrx_word' id='word_1_679' title='bbox 2540 4068 2778 4123; x_wconf 89' lang='lat' dir='ltr'><strong>absurde</strong></span> <span class='ocrx_word' id='word_1_680' title='bbox 2814 4068 2987 4139; x_wconf 88' lang='lat' dir='ltr'><strong>ﬁgura</strong></span> <span class='ocrx_word' id='word_1_681' title='bbox 3020 4068 3443 4124; x_wconf 81' lang='lat' dir='ltr'><strong>interventionis</strong></span> 
     </span>
    </p>
   </div>
   <div class='ocr_carea' id='block_1_88' title="bbox 1856 4161 3445 4227">
    <p class='ocr_par' dir='ltr' id='par_1_88' title="bbox 1856 4161 3445 4227">
     <span class='ocr_line' id='line_1_88' title="bbox 1856 4161 3445 4227; baseline -0.002 -7"><span class='ocrx_word' id='word_1_682' title='bbox 1856 4164 2060 4220; x_wconf 83' lang='lat' dir='ltr'><strong>Christi</strong></span> <span class='ocrx_word' id='word_1_683' title='bbox 2104 4164 2291 4227; x_wconf 85' lang='lat' dir='ltr'><strong>fuerit,</strong></span> <span class='ocrx_word' id='word_1_684' title='bbox 2333 4179 2458 4217; x_wconf 89' lang='lat' dir='ltr'><strong>eum</strong></span> <span class='ocrx_word' id='word_1_685' title='bbox 2504 4179 2572 4217; x_wconf 85' lang='lat' dir='ltr'><strong>ex</strong></span> <span class='ocrx_word' id='word_1_686' title='bbox 2615 4162 2857 4216; x_wconf 88' lang='lat' dir='ltr'><strong>humano</strong></span> <span class='ocrx_word' id='word_1_687' title='bbox 2905 4161 3096 4216; x_wconf 89' lang='lat' dir='ltr'><strong>habitu</strong></span> <span class='ocrx_word' id='word_1_688' title='bbox 3143 4161 3303 4216; x_wconf 85' lang='lat' dir='ltr'><strong>nobis</strong></span> <span class='ocrx_word' id='word_1_689' title='bbox 3353 4177 3445 4217; x_wconf 87' lang='lat' dir='ltr'><strong>res</strong></span> 
     </span>
    </p>
   </div>
   <div class='ocr_carea' id='block_1_89' title="bbox 1856 4253 3442 4328">
    <p class='ocr_par' dir='ltr' id='par_1_89' title="bbox 1856 4253 3442 4328">
     <span class='ocr_line' id='line_1_89' title="bbox 1856 4253 3442 4328; baseline -0.001 -16"><span class='ocrx_word' id='word_1_690' title='bbox 1856 4257 2300 4328; x_wconf 63' lang='lat' dir='ltr'><strong>praeclarissimas</strong></span> <span class='ocrx_word' id='word_1_691' title='bbox 2336 4272 2366 4310; x_wconf 88' lang='lat' dir='ltr'><strong>a</strong></span> <span class='ocrx_word' id='word_1_692' title='bbox 2407 4256 2520 4310; x_wconf 91' lang='lat' dir='ltr'><strong>Deo</strong></span> <span class='ocrx_word' id='word_1_693' title='bbox 2559 4263 2616 4309; x_wconf 86' lang='lat' dir='ltr'><strong>et</strong></span> <span class='ocrx_word' id='word_1_694' title='bbox 2651 4254 2810 4308; x_wconf 84' lang='lat' dir='ltr'><strong>Patre</strong></span> <span class='ocrx_word' id='word_1_695' title='bbox 2835 4261 2955 4308; x_wconf 90' lang='lat' dir='ltr'><strong>orat</strong></span> <span class='ocrx_word' id='word_1_696' title='bbox 2980 4268 3046 4307; x_wconf 89' lang='lat' dir='ltr'><strong>ac</strong></span> <span class='ocrx_word' id='word_1_697' title='bbox 3072 4253 3332 4322; x_wconf 79' lang='lat' dir='ltr'><strong>postulat.</strong></span> <span class='ocrx_word' id='word_1_698' title='bbox 3370 4254 3442 4312; x_wconf 88' lang='lat' dir='ltr'><strong>Ut</strong></span> 
     </span>
    </p>
   </div>
   <div class='ocr_carea' id='block_1_90' title="bbox 1857 4349 3444 4414">
    <p class='ocr_par' dir='ltr' id='par_1_90' title="bbox 1857 4349 3444 4414">
     <span class='ocr_line' id='line_1_90' title="bbox 1857 4349 3444 4414; baseline -0.005 -2"><span class='ocrx_word' id='word_1_699' title='bbox 1857 4357 2004 4414; x_wconf 90' lang='lat' dir='ltr'><strong>enim</strong></span> <span class='ocrx_word' id='word_1_700' title='bbox 2041 4355 2235 4409; x_wconf 88' lang='lat' dir='ltr'><strong>beatus</strong></span> <span class='ocrx_word' id='word_1_701' title='bbox 2270 4354 2510 4408; x_wconf 78' lang='lat' dir='ltr'><strong>Joannes</strong></span> <span class='ocrx_word' id='word_1_702' title='bbox 2549 4350 2627 4405; x_wconf 88' lang='lat' dir='ltr'><strong>ait</strong></span> <span class='ocrx_word' id='word_1_703' title='bbox 2661 4369 2672 4402; x_wconf 94' lang='lat'>:</span> <span class='ocrx_word' id='word_1_704' title='bbox 2724 4369 2742 4400; x_wconf 75' lang='grc' dir='ltr'><strong>ι</strong></span> <span class='ocrx_word' id='word_1_705' title='bbox 2782 4349 3123 4405; x_wconf 83' lang='lat' dir='ltr'><strong>Advocatum</strong></span> <span class='ocrx_word' id='word_1_706' title='bbox 3172 4349 3444 4406; x_wconf 85' lang='lat' dir='ltr'><strong>habemus</strong></span> 
     </span>
    </p>
   </div>
   <div class='ocr_carea' id='block_1_91' title="bbox 1858 4440 3444 4518">
    <p class='ocr_par' dir='ltr' id='par_1_91' title="bbox 1858 4440 3444 4518">
     <span class='ocr_line' id='line_1_91' title="bbox 1858 4440 3444 4518; baseline -0.004 -14"><span class='ocrx_word' id='word_1_707' title='bbox 1858 4447 2003 4518; x_wconf 88' lang='lat' dir='ltr'><strong>apud</strong></span> <span class='ocrx_word' id='word_1_708' title='bbox 2029 4447 2268 4508; x_wconf 85' lang='lat' dir='ltr'><strong>Patrem,</strong></span> <span class='ocrx_word' id='word_1_709' title='bbox 2294 4443 2480 4498; x_wconf 79' lang='lat' dir='ltr'><strong>Iesum</strong></span> <span class='ocrx_word' id='word_1_710' title='bbox 2506 4440 2790 4496; x_wconf 82' lang='lat' dir='ltr'><strong>Christum</strong></span> <span class='ocrx_word' id='word_1_711' title='bbox 2830 4442 3081 4512; x_wconf 87' lang='lat' dir='ltr'><strong>justum;</strong></span> <span class='ocrx_word' id='word_1_712' title='bbox 3121 4450 3178 4496; x_wconf 91' lang='lat' dir='ltr'><strong>et</strong></span> <span class='ocrx_word' id='word_1_713' title='bbox 3215 4441 3330 4513; x_wconf 88' lang='lat' dir='ltr'><strong>ipse</strong></span> <span class='ocrx_word' id='word_1_714' title='bbox 3355 4451 3444 4497; x_wconf 88' lang='lat' dir='ltr'><strong>est</strong></span> 
     </span>
    </p>
   </div>
   <div class='ocr_carea' id='block_1_92' title="bbox 190 4519 1759 4608">
    <p class='ocr_par' dir='ltr' id='par_1_92' title="bbox 190 4527 1748 4601">
     <span class='ocr_line' id='line_1_92' title="bbox 190 4527 1748 4601; baseline 0.005 -25"><span class='ocrx_word' id='word_1_715' title='bbox 190 4528 380 4593; x_wconf 80' lang='grc' dir='ltr'>τοῦντος</span> <span class='ocrx_word' id='word_1_716' title='bbox 400 4533 542 4601; x_wconf 78' lang='grc' dir='ltr'>ἡμῖν</span> <span class='ocrx_word' id='word_1_717' title='bbox 584 4529 656 4583; x_wconf 83' lang='grc' dir='ltr'><strong>τὰ</strong></span> <span class='ocrx_word' id='word_1_718' title='bbox 679 4528 937 4583; x_wconf 82' lang='grc' dir='ltr'>κάλλιστα</span> <span class='ocrx_word' id='word_1_719' title='bbox 962 4529 1112 4599; x_wconf 81' lang='grc' dir='ltr'>παρὰ</span> <span class='ocrx_word' id='word_1_720' title='bbox 1132 4527 1224 4581; x_wconf 87' lang='grc' dir='ltr'><strong>τοῦ</strong></span> <span class='ocrx_word' id='word_1_721' title='bbox 1246 4527 1380 4581; x_wconf 84' lang='grc' dir='ltr'>Θεοῦ</span> <span class='ocrx_word' id='word_1_722' title='bbox 1405 4529 1498 4582; x_wconf 74' lang='grc' dir='ltr'>καὶ</span> <span class='ocrx_word' id='word_1_723' title='bbox 1518 4530 1748 4600; x_wconf 84' lang='grc' dir='ltr'>Πατρός.</span> 
     </span>
    </p>
   </div>
   <div class='ocr_carea' id='block_1_93' title="bbox 1862 4519 3449 4608">
    <p class='ocr_par' dir='ltr' id='par_1_93' title="bbox 1862 4532 3449 4608">
     <span class='ocr_line' id='line_1_93' title="bbox 1862 4532 3449 4608; baseline -0.001 -18"><span class='ocrx_word' id='word_1_724' title='bbox 1862 4535 2177 4608; x_wconf 82' lang='lat' dir='ltr'><strong>pmpitiatio</strong></span> <span class='ocrx_word' id='word_1_725' title='bbox 2231 4550 2329 4603; x_wconf 83' lang='lat' dir='ltr'><strong>pro</strong></span> <span class='ocrx_word' id='word_1_726' title='bbox 2382 4532 2621 4602; x_wconf 87' lang='lat' dir='ltr'><strong>peccatis</strong></span> <span class='ocrx_word' id='word_1_727' title='bbox 2658 4532 2892 4598; x_wconf 88' lang='lat' dir='ltr'><strong>nostris;</strong></span> <span class='ocrx_word' id='word_1_728' title='bbox 2928 4547 3040 4586; x_wconf 89' lang='lat' dir='ltr'><strong>non</strong></span> <span class='ocrx_word' id='word_1_729' title='bbox 3087 4547 3188 4603; x_wconf 89' lang='lat' dir='ltr'><strong>pro</strong></span> <span class='ocrx_word' id='word_1_730' title='bbox 3235 4533 3449 4598; x_wconf 78' lang='lat' dir='ltr'><strong>nostris</strong></span> 
     </span>
    </p>
   </div>
   <div class='ocr_carea' id='block_1_94' title="bbox 200 4617 1755 4692">
    <p class='ocr_par' dir='ltr' id='par_1_94' title="bbox 200 4617 1755 4692">
     <span class='ocr_line' id='line_1_94' title="bbox 200 4617 1755 4692; baseline 0.001 -18"><span class='ocrx_word' id='word_1_731' title='bbox 200 4617 273 4681; x_wconf 81' lang='grc' dir='ltr'>Ὡς</span> <span class='ocrx_word' id='word_1_732' title='bbox 297 4620 450 4689; x_wconf 81' lang='grc' dir='ltr'>γὰρὸ</span> <span class='ocrx_word' id='word_1_733' title='bbox 494 4620 788 4684; x_wconf 79' lang='grc' dir='ltr'>θεσπέσιος</span> <span class='ocrx_word' id='word_1_734' title='bbox 831 4619 1083 4690; x_wconf 76' lang='grc' dir='ltr'>Ἰωάννης</span> <span class='ocrx_word' id='word_1_735' title='bbox 1131 4621 1263 4689; x_wconf 79' lang='grc' dir='ltr'>φησί</span> <span class='ocrx_word' id='word_1_736' title='bbox 1288 4638 1300 4650; x_wconf 88' lang='grc'><strong>·</strong></span> <span class='ocrx_word' id='word_1_737' title='bbox 1343 4639 1361 4672; x_wconf 85' lang='grc' dir='ltr'><strong>ι</strong></span> <span class='ocrx_word' id='word_1_738' title='bbox 1400 4621 1755 4692; x_wconf 82' lang='grc' dir='ltr'>Παρὰκλητον</span> 
     </span>
    </p>
   </div>
   <div class='ocr_carea' id='block_1_95' title="bbox 191 4709 1752 4786">
    <p class='ocr_par' dir='ltr' id='par_1_95' title="bbox 191 4709 1752 4786">
     <span class='ocr_line' id='line_1_95' title="bbox 191 4709 1752 4786; baseline 0.004 -26"><span class='ocrx_word' id='word_1_739' title='bbox 191 4709 362 4783; x_wconf 73' lang='grc' dir='ltr'>ἔχομεν</span> <span class='ocrx_word' id='word_1_740' title='bbox 412 4714 554 4786; x_wconf 82' lang='grc' dir='ltr'>πρὸς</span> <span class='ocrx_word' id='word_1_741' title='bbox 604 4713 695 4766; x_wconf 84' lang='grc' dir='ltr'>τὸν</span> <span class='ocrx_word' id='word_1_742' title='bbox 749 4713 967 4783; x_wconf 69' lang='grc' dir='ltr'>Πατέρα</span> <span class='ocrx_word' id='word_1_743' title='bbox 1012 4712 1218 4782; x_wconf 83' lang='grc' dir='ltr'>Ἰησοῦν</span> <span class='ocrx_word' id='word_1_744' title='bbox 1246 4714 1481 4783; x_wconf 88' lang='grc' dir='ltr'>Χριστὸν</span> <span class='ocrx_word' id='word_1_745' title='bbox 1523 4713 1752 4780; x_wconf 88' lang='grc' dir='ltr'>δίκαιον,</span> 
     </span>
    </p>
   </div>
   <div class='ocr_carea' id='block_1_96' title="bbox 191 4805 1756 4878">
    <p class='ocr_par' dir='ltr' id='par_1_96' title="bbox 191 4805 1756 4878">
     <span class='ocr_line' id='line_1_96' title="bbox 191 4805 1756 4878; baseline 0.005 -24"><span class='ocrx_word' id='word_1_746' title='bbox 191 4805 269 4856; x_wconf 81' lang='grc' dir='ltr'>καὶ</span> <span class='ocrx_word' id='word_1_747' title='bbox 295 4805 450 4870; x_wconf 83' lang='grc' dir='ltr'>αὐτὸς</span> <span class='ocrx_word' id='word_1_748' title='bbox 479 4807 714 4876; x_wconf 75' lang='grc' dir='ltr'>ἱλασμός</span> <span class='ocrx_word' id='word_1_749' title='bbox 738 4807 854 4859; x_wconf 82' lang='grc' dir='ltr'>ἐστι</span> <span class='ocrx_word' id='word_1_750' title='bbox 876 4806 1002 4876; x_wconf 72' lang='grc' dir='ltr'>περὶ</span> <span class='ocrx_word' id='word_1_751' title='bbox 1027 4807 1134 4858; x_wconf 84' lang='grc' dir='ltr'>τῶν</span> <span class='ocrx_word' id='word_1_752' title='bbox 1159 4806 1442 4878; x_wconf 86' lang='grc' dir='ltr'>ἁμαρτιῶν</span> <span class='ocrx_word' id='word_1_753' title='bbox 1477 4808 1510 4878; x_wconf 75' lang='grc' dir='ltr'><strong>ἡ</strong></span> <span class='ocrx_word' id='word_1_754' title='bbox 1520 4808 1656 4878; x_wconf 82' lang='grc' dir='ltr'>μῶν,</span> <span class='ocrx_word' id='word_1_755' title='bbox 1691 4809 1756 4862; x_wconf 86' lang='grc' dir='ltr'><strong>ού</strong></span> 
     </span>
    </p>
   </div>
   <div class='ocr_carea' id='block_1_97' title="bbox 190 4888 1752 4972">
    <p class='ocr_par' dir='ltr' id='par_1_97' title="bbox 190 4888 1752 4972">
     <span class='ocr_line' id='line_1_97' title="bbox 190 4888 1752 4972; baseline 0.004 -25"><span class='ocrx_word' id='word_1_756' title='bbox 190 4898 300 4966; x_wconf 74' lang='grc' dir='ltr'>περὶ</span> <span class='ocrx_word' id='word_1_757' title='bbox 346 4900 451 4953; x_wconf 85' lang='grc' dir='ltr'>τῶν</span> <span class='ocrx_word' id='word_1_758' title='bbox 489 4888 782 4970; x_wconf 77' lang='grc' dir='ltr'>ἡμετέρων</span> <span class='ocrx_word' id='word_1_759' title='bbox 818 4899 874 4952; x_wconf 76' lang='grc' dir='ltr'>δὲ</span> <span class='ocrx_word' id='word_1_760' title='bbox 910 4899 1090 4968; x_wconf 86' lang='grc' dir='ltr'>μόνον,</span> <span class='ocrx_word' id='word_1_761' title='bbox 1127 4898 1262 4952; x_wconf 79' lang='grc' dir='ltr'>ἀλλὰ</span> <span class='ocrx_word' id='word_1_762' title='bbox 1306 4898 1401 4953; x_wconf 74' lang='grc' dir='ltr'>καὶ</span> <span class='ocrx_word' id='word_1_763' title='bbox 1450 4901 1590 4972; x_wconf 84' lang='grc' dir='ltr'>ὑπὲρ</span> <span class='ocrx_word' id='word_1_764' title='bbox 1630 4902 1752 4957; x_wconf 83' lang='grc' dir='ltr'>ὅλου</span> 
     </span>
    </p>
   </div>
   <div class='ocr_carea' id='block_1_98' title="bbox 187 4987 1753 5063">
    <p class='ocr_par' dir='ltr' id='par_1_98' title="bbox 187 4987 1753 5063">
     <span class='ocr_line' id='line_1_98' title="bbox 187 4987 1753 5063; baseline 0.006 -26"><span class='ocrx_word' id='word_1_765' title='bbox 187 4987 266 5040; x_wconf 85' lang='grc' dir='ltr'><strong>τοῦ</strong></span> <span class='ocrx_word' id='word_1_766' title='bbox 299 4991 524 5063; x_wconf 80' lang='grc' dir='ltr'>κόσμου.</span> <span class='ocrx_word' id='word_1_767' title='bbox 567 5011 586 5042; x_wconf 81' lang='grc'>›</span> <span class='ocrx_word' id='word_1_768' title='bbox 624 4992 734 5044; x_wconf 69' lang='grc' dir='ltr'><strong>Καὶ</strong></span> <span class='ocrx_word' id='word_1_769' title='bbox 765 4991 987 5062; x_wconf 88' lang='grc' dir='ltr'>προσέτι</span> <span class='ocrx_word' id='word_1_770' title='bbox 1018 4990 1180 5044; x_wconf 84' lang='grc' dir='ltr'>πάλιν</span> <span class='ocrx_word' id='word_1_771' title='bbox 1219 4991 1380 5045; x_wconf 82' lang='grc' dir='ltr'>αὑτὸν</span> <span class='ocrx_word' id='word_1_772' title='bbox 1405 4991 1599 5062; x_wconf 73' lang='grc' dir='ltr'>ἔχομεν</span> <span class='ocrx_word' id='word_1_773' title='bbox 1629 5011 1753 5047; x_wconf 83' lang='grc' dir='ltr'>σκε-</span> 
     </span>
    </p>
   </div>
   <div class='ocr_carea' id='block_1_99' title="bbox 188 5081 1750 5156">
    <p class='ocr_par' dir='ltr' id='par_1_99' title="bbox 188 5081 1750 5156">
     <span class='ocr_line' id='line_1_99' title="bbox 188 5081 1750 5156; baseline 0.004 -26"><span class='ocrx_word' id='word_1_774' title='bbox 188 5084 400 5152; x_wconf 81' lang='grc' dir='ltr'>παστὴν,</span> <span class='ocrx_word' id='word_1_775' title='bbox 428 5084 506 5146; x_wconf 81' lang='grc' dir='ltr'>ὡς</span> <span class='ocrx_word' id='word_1_776' title='bbox 534 5086 594 5136; x_wconf 76' lang='grc' dir='ltr'>ἐν</span> <span class='ocrx_word' id='word_1_777' title='bbox 635 5086 700 5154; x_wconf 84' lang='grc' dir='ltr'>τῇ</span> <span class='ocrx_word' id='word_1_778' title='bbox 727 5083 924 5154; x_wconf 73' lang='grc' dir='ltr'>νεφέλῃ</span> <span class='ocrx_word' id='word_1_779' title='bbox 955 5083 1021 5153; x_wconf 83' lang='grc' dir='ltr'>τῇ</span> <span class='ocrx_word' id='word_1_780' title='bbox 1057 5081 1501 5156; x_wconf 79' lang='grc' dir='ltr'>κατασκιαζούσῃ</span> <span class='ocrx_word' id='word_1_781' title='bbox 1530 5083 1750 5154; x_wconf 83' lang='grc' dir='ltr'>νοούμε-</span> 
     </span>
    </p>
   </div>
   <div class='ocr_carea' id='block_1_100' title="bbox 187 5172 1752 5245">
    <p class='ocr_par' dir='ltr' id='par_1_100' title="bbox 187 5172 1752 5245">
     <span class='ocr_line' id='line_1_100' title="bbox 187 5172 1752 5245; baseline 0.003 -23"><span class='ocrx_word' id='word_1_782' title='bbox 187 5187 280 5224; x_wconf 84' lang='grc' dir='ltr'>νον.</span> <span class='ocrx_word' id='word_1_783' title='bbox 325 5173 598 5229; x_wconf 76' lang='grc' dir='ltr'>’Δκουέτω</span> <span class='ocrx_word' id='word_1_784' title='bbox 647 5174 755 5245; x_wconf 77' lang='grc' dir='ltr'><strong>γὰρ</strong></span> <span class='ocrx_word' id='word_1_785' title='bbox 802 5176 831 5227; x_wconf 83' lang='grc' dir='ltr'><strong>ὁ</strong></span> <span class='ocrx_word' id='word_1_786' title='bbox 871 5173 1052 5227; x_wconf 85' lang='grc' dir='ltr'>πίστει</span> <span class='ocrx_word' id='word_1_787' title='bbox 1093 5174 1160 5243; x_wconf 83' lang='grc' dir='ltr'>τῇ</span> <span class='ocrx_word' id='word_1_788' title='bbox 1192 5173 1273 5235; x_wconf 87' lang='grc' dir='ltr'><strong>είς</strong></span> <span class='ocrx_word' id='word_1_789' title='bbox 1300 5172 1461 5226; x_wconf 80' lang='grc' dir='ltr'>αὐτὸν</span> <span class='ocrx_word' id='word_1_790' title='bbox 1509 5173 1752 5227; x_wconf 85' lang='grc' dir='ltr'>δικαιού-</span> 
     </span>
    </p>
   </div>
   <div class='ocr_carea' id='block_1_101' title="bbox 189 5265 1750 5337">
    <p class='ocr_par' dir='ltr' id='par_1_101' title="bbox 189 5265 1750 5337">
     <span class='ocr_line' id='line_1_101' title="bbox 189 5265 1750 5337; baseline 0.009 -30"><span class='ocrx_word' id='word_1_791' title='bbox 189 5278 362 5331; x_wconf 76' lang='grc' dir='ltr'>μενοςο</span> <span class='ocrx_word' id='word_1_792' title='bbox 418 5285 436 5318; x_wconf 70' lang='grc' dir='ltr'>α</span> <span class='ocrx_word' id='word_1_793' title='bbox 497 5265 742 5337; x_wconf 75' lang='grc' dir='ltr'>Ἡμέρας</span> <span class='ocrx_word' id='word_1_794' title='bbox 795 5265 946 5335; x_wconf 76' lang='grc' dir='ltr'>ἥλιος</span> <span class='ocrx_word' id='word_1_795' title='bbox 988 5265 1050 5318; x_wconf 78' lang='grc' dir='ltr'>ού</span> <span class='ocrx_word' id='word_1_796' title='bbox 1100 5265 1398 5335; x_wconf 85' lang='grc' dir='ltr'>συγκαύσει</span> <span class='ocrx_word' id='word_1_797' title='bbox 1448 5282 1529 5328; x_wconf 91' lang='grc' dir='ltr'><strong>σε,</strong></span> <span class='ocrx_word' id='word_1_798' title='bbox 1563 5265 1683 5320; x_wconf 82' lang='grc' dir='ltr'>οὐδὲ</span> <span class='ocrx_word' id='word_1_799' title='bbox 1717 5268 1750 5336; x_wconf 86' lang='grc' dir='ltr'><strong>ἡ</strong></span> 
     </span>
    </p>
   </div>
   <div class='ocr_carea' id='block_1_102' title="bbox 187 5353 1751 5429">
    <p class='ocr_par' dir='ltr' id='par_1_102' title="bbox 187 5353 1751 5429">
     <span class='ocr_line' id='line_1_102' title="bbox 187 5353 1751 5429; baseline 0.004 -26"><span class='ocrx_word' id='word_1_800' title='bbox 187 5353 367 5428; x_wconf 81' lang='grc' dir='ltr'>σελήνη</span> <span class='ocrx_word' id='word_1_801' title='bbox 405 5357 506 5429; x_wconf 70' lang='grc' dir='ltr'>τὴν</span> <span class='ocrx_word' id='word_1_802' title='bbox 544 5357 736 5413; x_wconf 84' lang='grc' dir='ltr'>νύκτα.</span> <span class='ocrx_word' id='word_1_803' title='bbox 779 5377 797 5409; x_wconf 76' lang='grc' dir='ltr'><strong>ι</strong></span> <span class='ocrx_word' id='word_1_804' title='bbox 844 5358 1118 5412; x_wconf 76' lang='grc' dir='ltr'>Φάσκουσι</span> <span class='ocrx_word' id='word_1_805' title='bbox 1151 5357 1208 5411; x_wconf 84' lang='grc' dir='ltr'>δὲ</span> <span class='ocrx_word' id='word_1_806' title='bbox 1261 5356 1352 5411; x_wconf 82' lang='grc' dir='ltr'><strong>καί</strong></span> <span class='ocrx_word' id='word_1_807' title='bbox 1402 5373 1548 5420; x_wconf 89' lang='grc' dir='ltr'>τινες</span> <span class='ocrx_word' id='word_1_808' title='bbox 1595 5358 1652 5410; x_wconf 76' lang='grc' dir='ltr'>ὲν</span> <span class='ocrx_word' id='word_1_809' title='bbox 1681 5360 1751 5428; x_wconf 84' lang='grc' dir='ltr'>τῇ</span> 
     </span>
    </p>
   </div>
   <div class='ocr_carea' id='block_1_103' title="bbox 183 5451 1747 5527">
    <p class='ocr_par' dir='ltr' id='par_1_103' title="bbox 183 5451 1747 5527">
     <span class='ocr_line' id='line_1_103' title="bbox 183 5451 1747 5527; baseline 0.002 -22"><span class='ocrx_word' id='word_1_810' title='bbox 183 5451 278 5507; x_wconf 79' lang='grc' dir='ltr'><strong>τῶν</strong></span> <span class='ocrx_word' id='word_1_811' title='bbox 305 5455 513 5525; x_wconf 82' lang='grc' dir='ltr'>μισθῶν</span> <span class='ocrx_word' id='word_1_812' title='bbox 541 5456 792 5527; x_wconf 78' lang='grc' dir='ltr'>διανομῇ,</span> <span class='ocrx_word' id='word_1_813' title='bbox 815 5455 958 5509; x_wconf 71' lang='grc' dir='ltr'>κατὰ</span> <span class='ocrx_word' id='word_1_814' title='bbox 979 5454 1078 5525; x_wconf 78' lang='grc' dir='ltr'>τὴν</span> <span class='ocrx_word' id='word_1_815' title='bbox 1112 5453 1474 5525; x_wconf 77' lang='grc' dir='ltr'>εύαγγελικὴν</span> <span class='ocrx_word' id='word_1_816' title='bbox 1502 5453 1747 5525; x_wconf 78' lang='grc' dir='ltr'>παραδο-</span> 
     </span>
    </p>
   </div>
   <div class='ocr_carea' id='block_1_104' title="bbox 245 5609 618 5672">
    <p class='ocr_par' dir='ltr' id='par_1_104' title="bbox 245 5609 618 5672">
     <span class='ocr_line' id='line_1_104' title="bbox 245 5609 618 5672; baseline 0.008 -10"><span class='ocrx_word' id='word_1_817' title='bbox 245 5609 264 5638; x_wconf 82' lang='grc'><strong><em>²</em></strong></span> <span class='ocrx_word' id='word_1_818' title='bbox 289 5609 386 5664; x_wconf 89' lang='lat' dir='ltr'><strong>lsa.</strong></span> <span class='ocrx_word' id='word_1_819' title='bbox 421 5628 534 5672; x_wconf 85' lang='lat' dir='ltr'><strong>Lm,</strong></span> <span class='ocrx_word' id='word_1_820' title='bbox 570 5613 618 5665; x_wconf 77' lang='lat'><strong>5.</strong></span> 
     </span>
    </p>
   </div>
   <div class='ocr_carea' id='block_1_105' title="bbox 185 5680 340 5738">
    <p class='ocr_par' dir='ltr' id='par_1_105' title="bbox 185 5680 340 5738">
     <span class='ocr_line' id='line_1_105' title="bbox 185 5680 340 5738; baseline 0.032 -10"><span class='ocrx_word' id='word_1_821' title='bbox 185 5692 250 5738; x_wconf 85' lang='lat' dir='ltr'><strong>xl,</strong></span> <span class='ocrx_word' id='word_1_822' title='bbox 278 5680 340 5733; x_wconf 75' lang='grc'><strong>15</strong></span> 
     </span>
    </p>
   </div>
   <div class='ocr_carea' id='block_1_106' title="bbox 1857 4624 3434 4696">
    <p class='ocr_par' dir='ltr' id='par_1_106' title="bbox 1857 4624 3434 4696">
     <span class='ocr_line' id='line_1_106' title="bbox 1857 4624 3434 4696; baseline -0.003 -14"><span class='ocrx_word' id='word_1_823' title='bbox 1857 4639 2041 4684; x_wconf 87' lang='lat' dir='ltr'><strong>autem</strong></span> <span class='ocrx_word' id='word_1_824' title='bbox 2092 4635 2326 4692; x_wconf 89' lang='lat' dir='ltr'><strong>tantum,</strong></span> <span class='ocrx_word' id='word_1_825' title='bbox 2373 4625 2470 4681; x_wconf 92' lang='lat' dir='ltr'><strong>sed</strong></span> <span class='ocrx_word' id='word_1_826' title='bbox 2522 4625 2688 4680; x_wconf 88' lang='lat' dir='ltr'><strong>etiam</strong></span> <span class='ocrx_word' id='word_1_827' title='bbox 2737 4641 2838 4696; x_wconf 92' lang='lat' dir='ltr'><strong>pro</strong></span> <span class='ocrx_word' id='word_1_828' title='bbox 2879 4626 3048 4680; x_wconf 90' lang='lat' dir='ltr'><strong>totius</strong></span> <span class='ocrx_word' id='word_1_829' title='bbox 3093 4624 3330 4683; x_wconf 75' lang='lat' dir='ltr'><strong>mundi“</strong></span> <span class='ocrx_word' id='word_1_830' title='bbox 3357 4665 3373 4679; x_wconf 95' lang='lat'><strong>.</strong></span> <span class='ocrx_word' id='word_1_831' title='bbox 3413 4645 3434 4678; x_wconf 74' lang='grc' dir='ltr'><strong>ι</strong></span> 
     </span>
    </p>
   </div>
   <div class='ocr_carea' id='block_1_107' title="bbox 1857 4718 3446 4798">
    <p class='ocr_par' dir='ltr' id='par_1_107' title="bbox 1857 4718 3446 4798">
     <span class='ocr_line' id='line_1_107' title="bbox 1857 4718 3446 4798; baseline -0.003 -20"><span class='ocrx_word' id='word_1_832' title='bbox 1857 4723 2124 4798; x_wconf 79' lang='lat' dir='ltr'><strong>Praeterea</strong></span> <span class='ocrx_word' id='word_1_833' title='bbox 2171 4720 2352 4790; x_wconf 87' lang='lat' dir='ltr'><strong>ipsum</strong></span> <span class='ocrx_word' id='word_1_834' title='bbox 2407 4719 2676 4774; x_wconf 88' lang='lat' dir='ltr'><strong>habemus</strong></span> <span class='ocrx_word' id='word_1_835' title='bbox 2721 4727 3113 4789; x_wconf 88' lang='lat' dir='ltr'><strong>protectorem,</strong></span> <span class='ocrx_word' id='word_1_836' title='bbox 3145 4726 3208 4774; x_wconf 91' lang='lat' dir='ltr'><strong>ut</strong></span> <span class='ocrx_word' id='word_1_837' title='bbox 3250 4719 3343 4788; x_wconf 87' lang='lat' dir='ltr'><strong>qui</strong></span> <span class='ocrx_word' id='word_1_838' title='bbox 3383 4718 3446 4790; x_wconf 71' lang='lat' dir='ltr'><strong>in</strong></span> 
     </span>
    </p>
   </div>
   <div class='ocr_carea' id='block_1_108' title="bbox 1855 4810 3442 4882">
    <p class='ocr_par' dir='ltr' id='par_1_108' title="bbox 1855 4810 3442 4882">
     <span class='ocr_line' id='line_1_108' title="bbox 1855 4810 3442 4882; baseline -0.002 -13"><span class='ocrx_word' id='word_1_839' title='bbox 1855 4815 2002 4869; x_wconf 88' lang='lat' dir='ltr'><strong>nube</strong></span> <span class='ocrx_word' id='word_1_840' title='bbox 2044 4812 2405 4868; x_wconf 87' lang='lat' dir='ltr'><strong>adumbrante</strong></span> <span class='ocrx_word' id='word_1_841' title='bbox 2445 4811 2822 4882; x_wconf 88' lang='lat' dir='ltr'><strong>intelligatur:</strong></span> <span class='ocrx_word' id='word_1_842' title='bbox 2856 4810 3046 4866; x_wconf 89' lang='lat' dir='ltr'><strong>audiat</strong></span> <span class='ocrx_word' id='word_1_843' title='bbox 3073 4811 3221 4866; x_wconf 89' lang='lat' dir='ltr'><strong>enim</strong></span> <span class='ocrx_word' id='word_1_844' title='bbox 3269 4810 3314 4866; x_wconf 90' lang='lat' dir='ltr'><strong>is</strong></span> <span class='ocrx_word' id='word_1_845' title='bbox 3345 4810 3442 4880; x_wconf 86' lang='lat' dir='ltr'><strong>qui</strong></span> 
     </span>
    </p>
   </div>
   <div class='ocr_carea' id='block_1_109' title="bbox 1857 4899 3440 4971">
    <p class='ocr_par' dir='ltr' id='par_1_109' title="bbox 1857 4899 3440 4971">
     <span class='ocr_line' id='line_1_109' title="bbox 1857 4899 3440 4971; baseline -0.003 -15"><span class='ocrx_word' id='word_1_846' title='bbox 1857 4902 1963 4956; x_wconf 90' lang='lat' dir='ltr'><strong>ﬁde</strong></span> <span class='ocrx_word' id='word_1_847' title='bbox 2003 4917 2165 4971; x_wconf 88' lang='lat' dir='ltr'><strong>quam</strong></span> <span class='ocrx_word' id='word_1_848' title='bbox 2209 4901 2262 4955; x_wconf 92' lang='lat' dir='ltr'><strong>in</strong></span> <span class='ocrx_word' id='word_1_849' title='bbox 2301 4900 2454 4954; x_wconf 76' lang='lat' dir='ltr'><strong>illam</strong></span> <span class='ocrx_word' id='word_1_850' title='bbox 2492 4900 2659 4954; x_wconf 86' lang='lat' dir='ltr'><strong>habet</strong></span> <span class='ocrx_word' id='word_1_851' title='bbox 2685 4899 3062 4970; x_wconf 84' lang='lat' dir='ltr'><strong>justiﬁeatur:</strong></span> <span class='ocrx_word' id='word_1_852' title='bbox 3113 4920 3132 4949; x_wconf 86' lang='grc'><em>‹</em></span> <span class='ocrx_word' id='word_1_853' title='bbox 3157 4900 3262 4953; x_wconf 87' lang='lat' dir='ltr'><strong>Per</strong></span> <span class='ocrx_word' id='word_1_854' title='bbox 3294 4899 3440 4954; x_wconf 90' lang='lat' dir='ltr'><strong>diem</strong></span> 
     </span>
    </p>
   </div>
   <div class='ocr_carea' id='block_1_110' title="bbox 1857 4990 3440 5062">
    <p class='ocr_par' dir='ltr' id='par_1_110' title="bbox 1857 4990 3440 5062">
     <span class='ocr_line' id='line_1_110' title="bbox 1857 4990 3440 5062; baseline -0.005 -10"><span class='ocrx_word' id='word_1_855' title='bbox 1857 4996 1936 5052; x_wconf 81' lang='lat' dir='ltr'><strong>sol</strong></span> <span class='ocrx_word' id='word_1_856' title='bbox 1976 5010 2085 5048; x_wconf 88' lang='lat' dir='ltr'><strong>non</strong></span> <span class='ocrx_word' id='word_1_857' title='bbox 2134 5003 2257 5048; x_wconf 88' lang='lat' dir='ltr'><strong>uret</strong></span> <span class='ocrx_word' id='word_1_858' title='bbox 2295 4996 2368 5057; x_wconf 85' lang='lat' dir='ltr'><strong>te,</strong></span> <span class='ocrx_word' id='word_1_859' title='bbox 2411 5007 2590 5062; x_wconf 83' lang='lat' dir='ltr'><strong>neque</strong></span> <span class='ocrx_word' id='word_1_860' title='bbox 2631 4991 2760 5046; x_wconf 88' lang='lat' dir='ltr'><strong>luna</strong></span> <span class='ocrx_word' id='word_1_861' title='bbox 2805 5007 2906 5061; x_wconf 83' lang='lat' dir='ltr'><strong>per</strong></span> <span class='ocrx_word' id='word_1_862' title='bbox 2944 4999 3160 5046; x_wconf 90' lang='lat' dir='ltr'><strong>noctem</strong></span> <span class='ocrx_word' id='word_1_863' title='bbox 3188 4990 3229 5044; x_wconf 81' lang='lat'><strong>’.</strong></span> <span class='ocrx_word' id='word_1_864' title='bbox 3271 5009 3288 5041; x_wconf 78' lang='grc' dir='ltr'><strong>ι</strong></span> <span class='ocrx_word' id='word_1_865' title='bbox 3344 4990 3440 5045; x_wconf 86' lang='lat' dir='ltr'><strong>Di-</strong></span> 
     </span>
    </p>
   </div>
   <div class='ocr_carea' id='block_1_111' title="bbox 1859 5081 3441 5155">
    <p class='ocr_par' dir='ltr' id='par_1_111' title="bbox 1859 5081 3441 5155">
     <span class='ocr_line' id='line_1_111' title="bbox 1859 5081 3441 5155; baseline -0.004 -12"><span class='ocrx_word' id='word_1_866' title='bbox 1859 5096 1991 5144; x_wconf 84' lang='lat' dir='ltr'><strong>cunt</strong></span> <span class='ocrx_word' id='word_1_867' title='bbox 2035 5087 2201 5141; x_wconf 88' lang='lat' dir='ltr'><strong>etiam</strong></span> <span class='ocrx_word' id='word_1_868' title='bbox 2235 5085 2459 5155; x_wconf 88' lang='lat' dir='ltr'><strong>quidam</strong></span> <span class='ocrx_word' id='word_1_869' title='bbox 2505 5084 2559 5138; x_wconf 92' lang='lat' dir='ltr'><strong>in</strong></span> <span class='ocrx_word' id='word_1_870' title='bbox 2599 5083 2691 5138; x_wconf 88' lang='lat' dir='ltr'><strong>illa</strong></span> <span class='ocrx_word' id='word_1_871' title='bbox 2725 5082 3027 5138; x_wconf 86' lang='lat' dir='ltr'><strong>secundum</strong></span> <span class='ocrx_word' id='word_1_872' title='bbox 3069 5081 3441 5152; x_wconf 87' lang='lat' dir='ltr'><strong>evangelicam</strong></span> 
     </span>
    </p>
   </div>
   <div class='ocr_carea' id='block_1_112' title="bbox 1860 5172 3441 5249">
    <p class='ocr_par' dir='ltr' id='par_1_112' title="bbox 1860 5172 3441 5249">
     <span class='ocr_line' id='line_1_112' title="bbox 1860 5172 3441 5249; baseline -0.004 -15"><span class='ocrx_word' id='word_1_873' title='bbox 1860 5179 2174 5249; x_wconf 88' lang='lat' dir='ltr'><strong>parobolam</strong></span> <span class='ocrx_word' id='word_1_874' title='bbox 2211 5177 2605 5234; x_wconf 80' lang='lat' dir='ltr'><strong>distributione</strong></span> <span class='ocrx_word' id='word_1_875' title='bbox 2649 5173 2942 5238; x_wconf 82' lang='lat' dir='ltr'><strong>mercedis,</strong></span> <span class='ocrx_word' id='word_1_876' title='bbox 2991 5191 3010 5224; x_wconf 79' lang='grc' dir='ltr'><strong>ι</strong></span> <span class='ocrx_word' id='word_1_877' title='bbox 3043 5172 3155 5226; x_wconf 89' lang='lat' dir='ltr'><strong>Nos</strong></span> <span class='ocrx_word' id='word_1_878' title='bbox 3194 5173 3441 5243; x_wconf 82' lang='lat' dir='ltr'><strong>portavi-</strong></span> 
     </span>
    </p>
   </div>
   <div class='ocr_carea' id='block_1_113' title="bbox 1860 5262 3443 5341">
    <p class='ocr_par' dir='ltr' id='par_1_113' title="bbox 1860 5262 3443 5341">
     <span class='ocr_line' id='line_1_113' title="bbox 1860 5262 3443 5341; baseline -0.006 -15"><span class='ocrx_word' id='word_1_879' title='bbox 1860 5288 1984 5326; x_wconf 89' lang='lat' dir='ltr'><strong>mus</strong></span> <span class='ocrx_word' id='word_1_880' title='bbox 2017 5270 2233 5341; x_wconf 88' lang='lat' dir='ltr'><strong>pondus</strong></span> <span class='ocrx_word' id='word_1_881' title='bbox 2271 5269 2382 5324; x_wconf 88' lang='lat' dir='ltr'><strong>diei</strong></span> <span class='ocrx_word' id='word_1_882' title='bbox 2407 5277 2465 5323; x_wconf 91' lang='lat' dir='ltr'><strong>et</strong></span> <span class='ocrx_word' id='word_1_883' title='bbox 2491 5276 2684 5322; x_wconf 68' lang='lat' dir='ltr'><strong>asstum</strong></span> <span class='ocrx_word' id='word_1_884' title='bbox 2721 5266 2800 5318; x_wconf 86' lang='lat'><strong>&#39;°:</strong></span> <span class='ocrx_word' id='word_1_885' title='bbox 2836 5283 2854 5315; x_wconf 78' lang='grc' dir='ltr'><strong>ι</strong></span> <span class='ocrx_word' id='word_1_886' title='bbox 2890 5263 3299 5328; x_wconf 85' lang='lat' dir='ltr'><strong>vehementem,</strong></span> <span class='ocrx_word' id='word_1_887' title='bbox 3331 5262 3443 5318; x_wconf 85' lang='lat' dir='ltr'><strong>nisi</strong></span> 
     </span>
    </p>
   </div>
   <div class='ocr_carea' id='block_1_114' title="bbox 1857 5353 3440 5426">
    <p class='ocr_par' dir='ltr' id='par_1_114' title="bbox 1857 5353 3440 5426">
     <span class='ocr_line' id='line_1_114' title="bbox 1857 5353 3440 5426; baseline -0.005 -10"><span class='ocrx_word' id='word_1_888' title='bbox 1857 5361 2038 5426; x_wconf 78' lang='lat' dir='ltr'><strong>fallor,</strong></span> <span class='ocrx_word' id='word_1_889' title='bbox 2062 5372 2118 5417; x_wconf 90' lang='lat' dir='ltr'><strong>et</strong></span> <span class='ocrx_word' id='word_1_890' title='bbox 2145 5375 2324 5416; x_wconf 88' lang='lat' dir='ltr'><strong>acrem</strong></span> <span class='ocrx_word' id='word_1_891' title='bbox 2353 5359 2705 5414; x_wconf 70' lang='lat' dir='ltr'><strong>eﬁeratarum</strong></span> <span class='ocrx_word' id='word_1_892' title='bbox 2728 5355 3092 5425; x_wconf 85' lang='lat' dir='ltr'><strong>voluptatum,</strong></span> <span class='ocrx_word' id='word_1_893' title='bbox 3119 5364 3214 5410; x_wconf 88' lang='lat' dir='ltr'><strong>aut</strong></span> <span class='ocrx_word' id='word_1_894' title='bbox 3245 5353 3440 5408; x_wconf 78' lang='lat' dir='ltr'><strong>fortas-</strong></span> 
     </span>
    </p>
   </div>
   <div class='ocr_carea' id='block_1_115' title="bbox 1859 5447 3441 5514">
    <p class='ocr_par' dir='ltr' id='par_1_115' title="bbox 1859 5447 3441 5514">
     <span class='ocr_line' id='line_1_115' title="bbox 1859 5447 3441 5514; baseline -0.007 -4"><span class='ocrx_word' id='word_1_895' title='bbox 1859 5454 1936 5510; x_wconf 84' lang='lat' dir='ltr'><strong>sis</strong></span> <span class='ocrx_word' id='word_1_896' title='bbox 1966 5455 2131 5510; x_wconf 87' lang='lat' dir='ltr'><strong>etiam</strong></span> <span class='ocrx_word' id='word_1_897' title='bbox 2170 5451 2538 5508; x_wconf 87' lang='lat' dir='ltr'><strong>tentationum</strong></span> <span class='ocrx_word' id='word_1_898' title='bbox 2571 5449 2683 5505; x_wconf 89' lang='lat' dir='ltr'><strong>vim</strong></span> <span class='ocrx_word' id='word_1_899' title='bbox 2720 5448 2789 5504; x_wconf 88' lang='lat' dir='ltr'><strong>ad</strong></span> <span class='ocrx_word' id='word_1_900' title='bbox 2820 5447 3114 5514; x_wconf 88' lang='lat' dir='ltr'><strong>urendum,</strong></span> <span class='ocrx_word' id='word_1_901' title='bbox 3141 5457 3333 5504; x_wconf 81' lang='lat' dir='ltr'><strong>aestum</strong></span> <span class='ocrx_word' id='word_1_902' title='bbox 3376 5460 3441 5500; x_wconf 88' lang='lat' dir='ltr'><strong>ac</strong></span> 
     </span>
    </p>
   </div>
   <div class='ocr_carea' id='block_1_116' title="bbox 725 5575 1759 5675">
    <p class='ocr_par' dir='ltr' id='par_1_116' title="bbox 725 5610 1708 5675">
     <span class='ocr_line' id='line_1_116' title="bbox 725 5610 1708 5675; baseline -0.001 -9"><span class='ocrx_word' id='word_1_903' title='bbox 725 5611 745 5642; x_wconf 82' lang='grc'><strong>³</strong></span> <span class='ocrx_word' id='word_1_904' title='bbox 778 5610 934 5666; x_wconf 83' lang='lat' dir='ltr'><strong>Joan.</strong></span> <span class='ocrx_word' id='word_1_905' title='bbox 983 5627 1090 5672; x_wconf 77' lang='lat' dir='ltr'><strong>xiv,</strong></span> <span class='ocrx_word' id='word_1_906' title='bbox 1125 5610 1178 5664; x_wconf 75' lang='grc'><strong>2.</strong></span> <span class='ocrx_word' id='word_1_907' title='bbox 1255 5610 1276 5641; x_wconf 70' lang='grc'><strong><em>⁸</em></strong></span> <span class='ocrx_word' id='word_1_908' title='bbox 1314 5610 1334 5665; x_wconf 92' lang='lat' dir='ltr'><strong>l</strong></span> <span class='ocrx_word' id='word_1_909' title='bbox 1367 5611 1522 5665; x_wconf 85' lang='lat' dir='ltr'><strong>Joan.</strong></span> <span class='ocrx_word' id='word_1_910' title='bbox 1560 5627 1619 5675; x_wconf 87' lang='grc' dir='ltr'><strong>ιι,</strong></span> <span class='ocrx_word' id='word_1_911' title='bbox 1658 5611 1708 5665; x_wconf 97' lang='grc'><strong>1.</strong></span> 
     </span>
    </p>
   </div>
   <div class='ocr_carea' id='block_1_117' title="bbox 1862 5575 3429 5675">
    <p class='ocr_par' dir='ltr' id='par_1_117' title="bbox 1862 5575 3429 5672">
     <span class='ocr_line' id='line_1_117' title="bbox 1862 5575 3429 5672; baseline -0.004 -7"><span class='ocrx_word' id='word_1_912' title='bbox 1862 5611 2102 5670; x_wconf 71' lang='lat' dir='ltr'><strong>.Vum.x,</strong></span> <span class='ocrx_word' id='word_1_913' title='bbox 2146 5609 2235 5664; x_wconf 77' lang='lat'><strong>55.</strong></span> <span class='ocrx_word' id='word_1_914' title='bbox 2315 5606 2623 5664; x_wconf 77' lang='lat' dir='ltr'><strong>&#39;ibid.56.</strong></span> <span class='ocrx_word' id='word_1_915' title='bbox 2703 5575 2896 5664; x_wconf 79' lang='lat' dir='ltr'><strong>&#39;Psal.</strong></span> <span class='ocrx_word' id='word_1_916' title='bbox 2933 5622 3009 5672; x_wconf 86' lang='lat' dir='ltr'><strong>xl,</strong></span> <span class='ocrx_word' id='word_1_917' title='bbox 3041 5606 3094 5663; x_wconf 88' lang='lat'><strong>6.</strong></span> <span class='ocrx_word' id='word_1_918' title='bbox 3174 5603 3429 5661; x_wconf 82' lang='lat' dir='ltr'><strong>&quot;Coloss.</strong></span> 
     </span>
    </p>
   </div>
   <div class='ocr_carea' id='block_1_118' title="bbox 410 5678 1759 5745">
    <p class='ocr_par' dir='ltr' id='par_1_118' title="bbox 410 5681 1759 5745">
     <span class='ocr_line' id='line_1_118' title="bbox 410 5681 1759 5745; baseline 0 -11"><span class='ocrx_word' id='word_1_919' title='bbox 410 5681 432 5712; x_wconf 87' lang='grc'><strong><em>⁸</em></strong></span> <span class='ocrx_word' id='word_1_920' title='bbox 461 5682 620 5735; x_wconf 75' lang='lat' dir='ltr'><strong>Joan.</strong></span> <span class='ocrx_word' id='word_1_921' title='bbox 654 5697 749 5745; x_wconf 86' lang='lat' dir='ltr'><strong>xu,</strong></span> <span class='ocrx_word' id='word_1_922' title='bbox 775 5681 861 5734; x_wconf 76' lang='lat'><strong>3‘2.</strong></span> <span class='ocrx_word' id='word_1_923' title='bbox 940 5684 981 5713; x_wconf 79' lang='grc'><strong>⁸·</strong></span> <span class='ocrx_word' id='word_1_924' title='bbox 1009 5681 1026 5734; x_wconf 96' lang='grc'><strong>1</strong></span> <span class='ocrx_word' id='word_1_925' title='bbox 1056 5681 1213 5737; x_wconf 81' lang='lat' dir='ltr'><strong>Joan.</strong></span> <span class='ocrx_word' id='word_1_926' title='bbox 1242 5696 1298 5745; x_wconf 90' lang='grc' dir='ltr'><strong>ιι,</strong></span> <span class='ocrx_word' id='word_1_927' title='bbox 1330 5681 1378 5733; x_wconf 93' lang='grc'><strong>1.</strong></span> <span class='ocrx_word' id='word_1_928' title='bbox 1455 5683 1476 5713; x_wconf 71' lang='grc' dir='ltr'><strong>θ</strong></span> <span class='ocrx_word' id='word_1_929' title='bbox 1514 5681 1656 5736; x_wconf 92' lang='lat' dir='ltr'><strong>Psal.</strong></span> <span class='ocrx_word' id='word_1_930' title='bbox 1697 5697 1759 5736; x_wconf 86' lang='lat' dir='ltr'><strong>cx</strong></span> 
     </span>
    </p>
   </div>
   <div class='ocr_carea' id='block_1_119' title="bbox 1862 5678 2478 5745">
    <p class='ocr_par' dir='ltr' id='par_1_119' title="bbox 1862 5678 2478 5744">
     <span class='ocr_line' id='line_1_119' title="bbox 1862 5678 2478 5744; baseline -0.005 -9"><span class='ocrx_word' id='word_1_931' title='bbox 1862 5681 1899 5736; x_wconf 74' lang='grc'><strong>5.</strong></span> <span class='ocrx_word' id='word_1_932' title='bbox 1981 5681 2022 5711; x_wconf 82' lang='grc'><strong>¹⁰</strong></span> <span class='ocrx_word' id='word_1_933' title='bbox 2053 5679 2244 5734; x_wconf 79' lang='lat' dir='ltr'><strong>Matth.</strong></span> <span class='ocrx_word' id='word_1_934' title='bbox 2275 5695 2364 5744; x_wconf 81' lang='lat' dir='ltr'><strong>xx,</strong></span> <span class='ocrx_word' id='word_1_935' title='bbox 2394 5678 2478 5732; x_wconf 74' lang='grc'><strong>12.</strong></span> 
     </span>
    </p>
   </div>
   <div class='ocr_carea' id='block_1_120' title="bbox 244 5817 2184 5900">
    <p class='ocr_par' dir='ltr' id='par_1_120' title="bbox 244 5817 2184 5900">
     <span class='ocr_line' id='line_1_120' title="bbox 244 5817 2184 5900; baseline 0 -28"><span class='ocrx_word' id='word_1_936' title='bbox 244 5819 315 5890; x_wconf 85' lang='grc'><strong>(1)</strong></span> <span class='ocrx_word' id='word_1_937' title='bbox 341 5819 475 5875; x_wconf 82' lang='lat' dir='ltr'><strong>Cod.</strong></span> <span class='ocrx_word' id='word_1_938' title='bbox 509 5820 653 5883; x_wconf 82' lang='lat' dir='ltr'><strong>Vat.,</strong></span> <span class='ocrx_word' id='word_1_939' title='bbox 689 5819 830 5885; x_wconf 83' lang='grc' dir='ltr'>θεῖος</span> <span class='ocrx_word' id='word_1_940' title='bbox 862 5820 969 5900; x_wconf 76' lang='grc' dir='ltr'><strong>γὰρ</strong></span> <span class='ocrx_word' id='word_1_941' title='bbox 999 5817 1064 5891; x_wconf 80' lang='grc' dir='ltr'>ἦν</span> <span class='ocrx_word' id='word_1_942' title='bbox 1104 5823 1131 5875; x_wconf 85' lang='grc'>6</span> <span class='ocrx_word' id='word_1_943' title='bbox 1161 5820 1329 5890; x_wconf 73' lang='grc' dir='ltr'>Λόγος</span> <span class='ocrx_word' id='word_1_944' title='bbox 1371 5823 1426 5874; x_wconf 77' lang='grc' dir='ltr'>ὲν</span> <span class='ocrx_word' id='word_1_945' title='bbox 1460 5821 1736 5892; x_wconf 65' lang='grc' dir='ltr'>ἀφθαρσίᾳ</span> <span class='ocrx_word' id='word_1_946' title='bbox 1778 5821 1872 5875; x_wconf 73' lang='grc' dir='ltr'>καὶ</span> <span class='ocrx_word' id='word_1_947' title='bbox 1906 5819 2020 5890; x_wconf 74' lang='grc' dir='ltr'>ἰδίῳ</span> <span class='ocrx_word' id='word_1_948' title='bbox 2049 5817 2184 5888; x_wconf 83' lang='grc' dir='ltr'>ναῷ.</span> 
     </span>
    </p>
   </div>
  </div>
