4072 6512
597 400 702 458 387

1626 400 1678 451 S.
1723 396 1998 453 CYRILLI
2035 394 2506 450 ALEXANDRINI
2548 395 2865 451 ARCHIEP.
2930 385 2937 389 ’

3752 402 3851 457 533

600 515 710 570 diei
740 513 952 583 pondus
982 513 1317 582 appellantes
1345 529 1356 564 :
1384 510 1601 581 adjutor
1624 510 1791 580 igitur
1819 519 1873 564 et
1900 514 2175 578 protector

2279 508 2400 579 λήν·
2443 526 2461 558 ‹
2514 508 2707 578 Ἡμεῖς
2754 507 3132 577 ὲϐαστάσαμεν
3172 507 3233 561 rb
3263 509 3425 581 βάρος
3468 511 3567 581 τῆς
3622 513 3846 583 ἡμέρας,

601 608 655 661 in
701 607 930 660 salutem
977 604 1153 659 factus
1192 612 1275 657 est
1326 603 1489 657 nobis
1539 601 1808 657 Christus.
1854 600 2175 669 Quicunque

600 699 765 769 igitur
798 706 1150 767 posteaquam
1190 695 1285 749 Dei
1330 704 1555 764 aspectu
1590 694 1794 764 dignati
1827 702 1974 757 sunt,
2002 707 2065 746 ac
2097 692 2179 746 di-

597 791 751 845 vinas
777 789 1189 859 prredicationes
1216 787 1532 849 audierunt,
1559 796 1615 840 et
1648 803 1748 856 per
1780 785 2176 855 professionem

597 881 853 936 credendi
884 880 1103 941 factam,
1140 878 1309 931 veluti
1331 879 1441 948 jam
1470 878 1618 931 dicto
1655 892 1712 931 se
1745 875 2034 930 audientes
2059 874 2177 929 fore

594 972 845 1044 polliciti,
878 970 1077 1024 deinde
1114 970 1169 1024 in
1210 970 1369 1039 pejus
1404 967 1722 1023 commutati
1762 966 2178 1036 reprobaverint

594 1065 747 1118 illum
776 1070 1117 1133 przeeuntem
1143 1077 1206 1116 ac
1235 1061 1453 1125 ducem,
1479 1060 1780 1123 Christum,
1808 1058 2052 1128 inquam,
2081 1056 2177 1126 qui

592 1156 701 1211 illis
735 1155 981 1224 requiem
1027 1153 1299 1223 providet,
1347 1153 1441 1223 qui
1488 1161 1549 1206 ut
1592 1152 1649 1205 in
1696 1150 2017 1206 mediatoris
2054 1165 2178 1220 per-

591 1262 723 1301 sona
759 1262 861 1316 pro
905 1246 1014 1299 illis
1054 1246 1372 1307 intervenit,
1400 1245 1494 1313 qui
1537 1252 1597 1297 ut
1622 1245 1676 1297 in
1702 1243 1875 1314 ﬁgura
1897 1242 2059 1297 nobis
2088 1241 2174 1295 in-

593 1339 858 1408 telligitur
883 1346 1188 1408 protector;
1228 1337 1263 1391 ii
1292 1336 1585 1407 aliquando
1614 1337 1832 1390 tandem
1853 1334 2172 1406 iustissime,

593 1444 705 1483 sua:
738 1429 981 1498 ipsorum
1020 1428 1265 1483 stultitiae
1305 1429 1515 1482 ratione
1552 1429 1802 1497 repetita,
1833 1442 2002 1481 saevas
2025 1426 2177 1497 igni-

594 1520 697 1574 bus
734 1536 926 1590 pmnas
969 1520 1163 1575 luent:
1201 1520 1415 1590 hocque
1462 1520 1593 1575 illud
1639 1530 1743 1583 est,
1787 1521 2003 1590 Opinor,
2029 1518 2174 1588 quod

593 1611 708 1681 ipse
740 1627 959 1682 quoque
1003 1611 1218 1680 sapiens
1242 1611 1326 1664 vir
1358 1611 1560 1666 Paulus
1588 1611 1726 1665 dixit
1755 1628 1767 1664 :
1803 1630 1821 1661 ι
1852 1610 2174 1665 Voluntarie

2279 596 2373 647 ml
2436 596 2526 647 τὸν
2580 596 2869 660 καύσωνα,
2933 616 2950 647 ι
3003 598 3063 651 τὸ
3125 599 3352 671 σφοδρὸν
3400 597 3554 670 οἶμαί
3610 618 3712 654 που
3764 604 3861 656 καὶ

2275 687 2512 754 ἀκμαῖον
2545 689 2625 750 είς
2674 689 2943 760 πύρωσιν,
2980 689 3093 743 τῶν
3136 691 3199 756 ἐξ
3225 693 3534 747 ἀτιθάσσων
3573 692 3850 765 ἡδονῶν,ἢ

2274 778 2417 848 τάχα
2461 795 2565 831 που
2611 780 2703 833 καὶ
2749 781 3075 851 πειρασμῶν
3109 782 3367 839 καύσωνά
3407 802 3467 839 τε
3517 787 3612 838 καὶ
3645 786 3855 858 ἡμέρας

2276 870 2633 940 ὀνομάζοντες
2673 871 2839 941 βάρος
2864 887 2877 901 ’
2922 872 3115 942 βοηθὸς
3144 868 3237 927 οὖν
3281 876 3387 946 ἀρα
3414 876 3508 928 καὶ
3546 876 3856 945 σκεπαστὴς

2276 962 2352 1022 είς
2382 960 2654 1031 σωτηρίαν
2676 960 2898 1029 γέγονεν
2923 965 3055 1033 ἡμῖν
3073 966 3101 1017 ό
3124 965 3377 1036 Χριστός.
3404 967 3571 1020 Ὅταν
3595 962 3689 1020 οὖν
3715 983 3857 1030 τινες

2275 1050 2382 1104 τῶν
2409 1051 2662 1116 θεοπτίας
2687 1051 3029 1123 ἠξιωμένων,
3062 1056 3155 1109 καὶ
3184 1057 3343 1129 οἵπερ
3373 1057 3440 1111 ἂν
3478 1057 3721 1125 γένοιντο
3750 1057 3856 1111 τῶν

2276 1140 2435 1195 θείων
2465 1142 2724 1213 αὐτήκοοι
2770 1145 3160 1214 κηρυγμάτων,
3204 1147 3294 1200 διά
3320 1164 3378 1200 τε
3406 1146 3507 1218 τῆς
3532 1150 3625 1203 ἐπὶ
3649 1148 3731 1219 τῷ
3766 1166 3857 1202 πιο

2276 1233 2487 1287 στεύειν
2507 1233 2794 1305 ὁμολογίας
2826 1236 2988 1289 οἱονεί
3014 1255 3131 1301 πως
3161 1238 3260 1309 ήδη
3300 1239 3774 1311 καθυποσχόμενοι
3800 1239 3858 1294 rb

2282 1324 2525 1395 εὐήκοον,
2556 1324 2792 1379 ἀθετῶσι
2832 1329 2952 1390 ταῖς
2977 1328 3055 1391 εἰς
3086 1329 3148 1381 rb
3191 1332 3372 1400 χεῖρον
3410 1328 3731 1399 μεταϐολαῖς
3771 1329 3857 1383 τὸν

2275 1412 2669 1485 προϐαδίζοντα
2715 1415 2808 1468 καὶ
2835 1415 3159 1487 ἡγούμενον,
3202 1421 3346 1490 φημὶ
3381 1420 3446 1491 δὴ
3480 1420 3733 1491 Χριστὸν,
3771 1421 3858 1475 τὸν

2275 1506 2786 1577 κατασκεπτόμενον
2819 1509 3005 1573 αὐτοῖς
3055 1510 3152 1581 τὴν
3187 1510 3512 1574 ἀνάπαυσιν,
3552 1513 3641 1565 τὸν
3673 1511 3755 1576 ὡς
3802 1513 3858 1565 ὲν

2278 1600 2495 1671 μεσίτου
2529 1599 2679 1665 τάξει
2709 1601 3100 1673 πρεσϐεύοντα,
3133 1604 3223 1656 τὸν
3260 1604 3335 1668 ὡς
3356 1607 3415 1657 ὲν
3446 1604 3602 1675 τύπῳ
3620 1605 3859 1675 νεφέλης

592 1705 739 1760 enim
789 1706 1145 1775 peccantibus
1196 1704 1357 1759 nobis
1408 1712 1530 1773 post
1585 1712 1866 1774 acceptam
1920 1702 2171 1757 notitiam

2278 1697 2563 1767 νοούμενον
2594 1695 2932 1765 σκεπαστὴν,
2957 1696 3078 1750 τότε
3103 1696 3167 1767 δὴ
3193 1697 3310 1750 τότε
3336 1698 3430 1751 καὶ
3457 1698 3598 1768 μάλα
3627 1698 3857 1762 εἰκότως

592 1798 861 1862 veritatis,
906 1813 1017 1852 non
1079 1796 1313 1866 amplius
1354 1811 1455 1865 pro
1519 1796 1760 1864 peccatis
1826 1794 2171 1864 relinquitur

2278 1788 2371 1859 τῆς
2418 1787 2567 1858 σφῶν
2608 1787 2784 1840 αὐτῶν
2828 1787 3078 1857 εὐηθείας
3124 1788 3577 1858 εἰσπραττόμενοι
3636 1788 3855 1857 λόγους,

594 1886 791 1951 hostia,
817 1888 911 1942 scd
937 1888 1201 1942 terribilis
1223 1887 1471 1956 quzedam
1497 1885 1834 1955 exspectatio
1872 1885 2087 1957 judicii,
2121 1892 2175 1939 et

2278 1882 2375 1951 τὴν
2401 1880 2489 1933 διά
2521 1879 2689 1951 πυρὸς
2730 1878 2931 1949 ἀγρίαν
2955 1878 3284 1949 ὑπομένουσι
3319 1879 3504 1950 δίκην·
3550 1879 3643 1933 καὶ
3672 1896 3856 1942 τουτο,

592 1979 733 2050 ignis
790 1980 1085 2043 aemulatio,
1133 1994 1255 2048 quzc
1312 1985 1708 2047 eonsumptura
1768 1986 1853 2033 cst
1909 1977 2167 2031 adversa—

594 2070 704 2123 rios
731 2071 794 2124 “.
831 2090 848 2120 ι

2276 1967 2451 2044 οἶμαι,
2510 1971 2657 2023 ἐστὶν
2715 1971 2743 2023 ὃ
2808 1971 2902 2023 καὶ
2946 1968 3107 2032 αὐτὸς
3148 1970 3178 2021 ό
3232 1969 3392 2039 σοφὸς
3440 1968 3545 2040 ἔφη
3605 1969 3855 2035 Παῦλοςσ

2286 2082 2302 2114 ι
2350 2061 2644 2125 Ἑκουσίως
2664 2061 2773 2133 γὰρ
2794 2060 3214 2132 ἁμαρτανόντων
3240 2060 3399 2131 ἡμῶν
3423 2060 3562 2131 μετά
3582 2061 3645 2115 rb
3669 2061 3858 2117 λαϐεῖν

589 2162 688 2230 τὴν
716 2163 1008 2231 ἐπίγνωσιν
1041 2164 1137 2234 τῆς
1166 2162 1444 2231 ἀληθείας,
1477 2163 1576 2215 οὐκ
1639 2163 1719 2215 ἔτι
1758 2163 1885 2233 περὶ
1922 2158 2208 2234 ἀμαρτιῶν
2247 2160 2603 2214 ἀπολείπεται
2678 2157 2859 2221 θυσία,
2896 2155 3101 2226 φοϐερά
3139 2156 3196 2210 δέ
3246 2173 3329 2220 τις
3364 2157 3556 2230 ἐκδοχὴ
3573 2158 3857 2229 ικρίσεως,

588 2256 683 2309 καὶ
731 2256 901 2324 πυρὸς
946 2256 1105 2325 ζῆλος
1158 2255 1357 2308 ἐσθίειν
1409 2256 1693 2326 μέλλοντος
1751 2256 1877 2317 τοὺς
1930 2254 2297 2317 ὑπεναντίους.
2341 2271 2359 2304 ι

661 2349 858 2403 PALL.
881 2350 1069 2419 Igitur,
1092 2350 1186 2417 qui
1207 2357 1373 2404 totam
1396 2350 1861 2419 dispensationem
1898 2365 2018 2404 eam
2053 2366 2174 2419 qua:

590 2440 647 2494 in
671 2439 888 2495 Christo
920 2440 1264 2509 intelligitur,
1296 2440 1505 2509 peccati
1538 2440 1695 2509 culpa
1736 2441 2170 2510 rcprobaverint,

588 2547 713 2587 esca
739 2532 878 2602 ignis
901 2540 1083 2587 erunt.
1117 2532 1209 2585 llla
1242 2548 1405 2602 porro
1431 2534 1813 2596 murmuratio,
1847 2539 1908 2586 ut
1932 2532 2171 2595 videtur,

588 2623 867 2693 apostasia
930 2621 1220 2692 signiﬁcat,
1252 2632 1308 2677 et
1336 2622 1480 2677 nolle
1506 2638 1601 2677 eos
1644 2623 1713 2677 ab
1752 2622 1846 2677 illo
1875 2623 2175 2693 profectam

588 2714 821 2768 salutem
851 2713 1088 2768 libenter
1113 2714 1389 2784 amplecti,
1421 2715 1672 2784 quamvis
1701 2715 2042 2785 gustaverint
2078 2714 2173 2770 Dei

588 2805 838 2876 gratiam,
865 2815 921 2860 et
944 2821 1129 2859 rerum
1153 2807 1264 2876 jam
1286 2807 1688 2877 prazteritarum
1712 2808 2171 2877 experimentum,

588 2910 690 2965 pro
720 2894 876 2949 ﬁrmo
902 2896 1211 2951 futurarum
1244 2899 1474 2968 pignore
1511 2906 1748 2954 teneant.

659 2986 815 3041 CYll.
859 2987 937 3042 lta
976 2987 1219 3057 inquam.
1262 2988 1432 3043 Alteri
1468 3004 1709 3060 quoque,
1754 2990 1954 3060 pusillo
1992 2989 2174 3044 animo

589 3092 715 3132 cum
739 3086 944 3143 essent,
968 3078 1035 3134 ad
1057 3080 1313 3135 eumdem
1346 3081 1568 3135 modum
1599 3083 2097 3151 conquerebantur,
2120 3088 2175 3135 et

588 3168 858 3241 ignaviter
900 3171 1166 3227 adversus
1218 3173 1391 3228 Deum
1431 3182 1487 3229 et
1526 3174 1745 3247 Moysen
1789 3176 2172 3239 susurrabant,

2348 2348 2555 2401 ΠΑΛΛ.
2609 2346 2672 2399 Οἱ
2708 2346 2891 2398 πᾶσαν
2916 2339 3008 2398 οὖν
3031 2354 3132 2417 την
3158 2345 3466 2415 οἰκονομίαν
3497 2347 3595 2417 τὴν
3624 2346 3686 2399 ὲν
3726 2348 3862 2419 Χρι-

2278 2438 2387 2507 στῷ
2413 2438 2708 2509 νοουμένην
2728 2436 2787 2503 ἐξ
2814 2436 3087 2508 ἁμαρτίας
3118 2437 3469 2508 ἠθετηκότες,
3502 2440 3678 2510 πυρὸς
3706 2439 3862 2492 ἔσον-

2276 2550 2366 2586 ται
2409 2532 2605 2603 τροφή.
2637 2531 2798 2601 Δηλοῖ
2836 2529 2894 2582 δὲ
2940 2529 2969 2580 ὁ
3021 2531 3350 2601 γογγυσμὸς,
3410 2530 3487 2594 ὡς
3538 2529 3707 2595 ἔοικε,
3768 2530 3863 2601 τὴν

2275 2622 2578 2676 ἀπόστασιν
2601 2623 2695 2676 καὶ
2717 2622 2776 2675 τὸ
2799 2622 2873 2693 μὴ
2896 2620 3069 2673 θέλειν
3100 2620 3373 2674 ποιεῖσθαι
3393 2620 3587 2695 δεκτὴν
3600 2621 3701 2693 τὴν
3728 2622 3862 2691 παρ’

2276 2712 2444 2768 αὐτοῦ
2488 2714 2783 2784 σωτηρίαν,
2840 2713 3017 2766 καίτοι
3077 2707 3439 2783 γευσάμένοις
3474 2716 3572 2785 τῆς
3611 2714 3863 2785 χάριτος,

2276 2804 2370 2857 καὶ
2400 2804 2640 2872 ἀσφαλὲς
2668 2804 2778 2857 τῶν
2828 2804 3133 2873 μελλόντων
3172 2804 3451 2877 ἐνέχυρον,
3487 2805 3584 2877 τὴν
3624 2808 3725 2861 ἐπὶ
3752 2809 3863 2872 τοῖς

2276 2896 2375 2967 ἢδη
2410 2896 2799 2967 παρῳχηκόσιν
2831 2894 3048 2965 ἔχοντες
3082 2896 3297 2966 πεῖραν.

2349 2986 2513 3041 ΚΥΡ.
2536 2985 2694 3039 Οὕτω
2716 2985 2860 3055 φημί
2886 3002 2899 3013 ·
2928 2986 3433 3057 μικροψυχήσαντες
3458 2986 3516 3041 δὲ
3542 2988 3639 3042 καὶ⁵
3657 2988 3863 3061 ἕτεροι,

2276 3078 2374 3150 τὴν
2426 3077 2596 3146 αὐτὴν
2641 3076 2922 3129 ἐποιοῦντο
2968 3076 3262 3147 καταϐοὴν,
3312 3080 3405 3131 καὶ
3444 3079 3865 3151 κατεψιθύριξον

2276 3170 2522 3242 ἀδρανῶς
2580 3168 2673 3222 τοῦ
2733 3168 2870 3222 Θεοῦ
2924 3168 3019 3223 καὶ
3077 3170 3337 3235 Μωσέως,
3397 3172 3559 3240 ἄρτον
3612 3171 3865 3228 διάκενον

527 3307 534 3316 .
594 3262 752 3333 160
772 3279 968 3332 panem
988 3280 1219 3319 vacuum
1244 3266 1584 3335 appellantes
1602 3283 1800 3322 manna
1820 3267 1953 3322 illud
1979 3284 2010 3323 e
2036 3269 2174 3323 ctelo

2278 3261 2635 3334 ὀνομάζοντες
2665 3261 2726 3314 rb
2762 3261 2939 3332 μάννα
2965 3261 3025 3315 τὸ
3061 3260 3122 3326 ὲξ
3154 3257 3403 3333 ούρανοῦ.
3443 3263 3583 3316 Ἀλλ’
3616 3266 3729 3319 ὑπὸ
3758 3266 3867 3320 τῶν

588 3353 797 3408 datum.
843 3354 949 3409 Sed
977 3370 1006 3409 a
1034 3358 1384 3426 serpentibus
1413 3358 1697 3427 perierunt
1724 3376 1737 3411 :
1770 3359 1865 3428 qui
1906 3360 2053 3413 enim
2087 3360 2172 3412 in-

588 3446 924 3516 gratitudine
952 3463 1048 3501 sua
1073 3448 1225 3502 illum
1251 3450 1496 3503 omnium
1522 3450 1805 3505 hominum
1838 3450 2173 3507 Salvatorem

588 3548 653 3587 ac
696 3532 1119 3604 Redemptorem
1155 3546 1538 3602 contemnunt,
1572 3556 1751 3608 neque
1787 3540 1899 3594 ullo
1941 3557 2177 3597 numero

590 3623 863 3679 libertatis
885 3626 1114 3695 gratiam
1144 3627 1370 3693 habent,
1403 3645 1466 3685 ac
1490 3641 1749 3700 praetcrea
1777 3632 2054 3688 viviﬁcum
2091 3635 2175 3704 ip—

581 3717 706 3790 sius
747 3716 999 3779 verbum,
1047 3727 1103 3773 et
1151 3718 1388 3788 Spiritus
1431 3722 1603 3775 sancti
1637 3722 1839 3777 donum
1883 3733 1942 3779 ut
1981 3725 2176 3779 inutile

588 3816 841 3876 carpunt,
870 3808 925 3862 in
967 3825 1182 3865 morsus
1224 3812 1438 3868 cruenti
1487 3814 1756 3882 serpentis
1783 3815 2042 3870 incident.
2072 3816 2175 3882 Qui

590 3912 722 3953 vero
753 3896 809 3950 in
837 3906 943 3951 tam
983 3915 1176 3969 graves
1199 3900 1387 3970 culpas
1425 3900 1562 3971 lapsi
1588 3917 1695 3954 non
1731 3911 1877 3965 sunt,
1904 3919 2010 3956 una
2050 3918 2175 3956 cum

588 3983 839 4052 nequitia
866 3983 1160 4039 imminens
1182 4003 1401 4056 quoque
1428 3988 1505 4042 illi
1534 3990 1865 4059 supplicium
1895 4006 1959 4044 ac
1989 4006 2176 4060 poenas

590 4074 874 4145 effugient,
903 4082 958 4128 et
986 4074 1172 4130 hostes
1208 4078 1547 4147 superabunt
1593 4098 1603 4132 :
1642 4100 1657 4129 ε
1707 4080 1885 4149 Super
1930 4081 2173 4149 aspidem

590 4168 793 4239 quippe
823 4184 886 4224 ac
914 4169 1230 4223 basiliscum
1266 4171 1644 4236 ambulabunt,
1681 4183 1735 4227 et
1776 4175 2178 4230 conculcabunt

589 4261 806 4316 leonem
844 4271 899 4317 et
932 4262 1227 4318 draconem
1269 4264 1329 4318 η.
1364 4284 1379 4315 ι
1418 4264 1751 4320 Conclusam
1787 4276 1871 4321 est
1914 4268 2097 4339 igitur,
2121 4276 2179 4322 ct

591 4352 832 4423 ipsarum
864 4371 1048 4409 rerum
1075 4366 1350 4425 gestarum
1388 4357 1702 4411 testimonio
1740 4359 1898 4413 nobis
1920 4375 2175 4430 compro-

594 4445 804 4511 batum,
828 4449 1197 4517 periculosum
1221 4466 1362 4513 csse,
1389 4449 1483 4519 qui
1502 4450 1609 4520 jam
1631 4452 1915 4506 exercitati
1943 4463 2092 4517 sunt,
2114 4468 2178 4507 ac

591 4537 911 4590 nonnullam
937 4553 1123 4592 curam
1165 4549 1327 4608 atque
1361 4556 1584 4610 operam
1628 4542 2035 4612 impenderunt,
2065 4553 2125 4598 ut
2146 4561 2177 4600 e

594 4627 877 4681 laboribus
909 4629 1123 4684 Iaudem
1158 4642 1660 4701 consequerentur,
1702 4635 1797 4688 sed
1827 4637 2029 4691 versati
2062 4638 2175 4708 jam

593 4728 650 4773 et
676 4718 875 4773 assueti
904 4720 970 4773 ad
1011 4722 1240 4775 sudores
1276 4738 1374 4791 pro
1404 4722 1607 4778 virtute
1641 4727 2040 4795 suscipiendos,
2080 4743 2177 4784 eos

594 4810 803 4866 desidia
838 4820 1075 4882 torpere,
1099 4822 1155 4867 et
1186 4813 1240 4867 in
1270 4815 1538 4885 ignaviam
1566 4832 1623 4871 se
1651 4818 1907 4889 dejicere.

664 4905 860 4959 PALL.
880 4906 1232 4971 Conclusum,
1253 4919 1309 4963 et
1330 4910 1551 4978 quidem
1572 4927 1717 4966 vere.

660 4996 818 5053 CYR.
864 4999 1229 5053 Asseverabat
1255 5016 1387 5054 vero
1428 5012 1615 5056 nostra
1647 5005 1843 5067 oratio,
1877 5022 1984 5060 non
2018 5008 2179 5063 modo

595 5090 708 5145 Deo
730 5090 978 5145 odiosum
1003 5105 1142 5153 esse,
1168 5100 1223 5145 et
1252 5106 1425 5161 paena:
1449 5094 1746 5149 obnoxium
1775 5098 2005 5159 crimen.
2031 5115 2181 5153 mur-

595 5194 814 5233 murare
857 5190 1047 5235 contra
1092 5181 1265 5236 Deum
1296 5191 1353 5237 et
1382 5183 1619 5254 dejicere
1653 5186 1928 5253 animum;
1962 5197 2022 5242 ut
2064 5191 2179 5259 ipsa

596 5270 1017 5339 pusillanimitas
1044 5273 1291 5341 quaedam
1316 5275 1388 5328 sit
1409 5275 1476 5329 de
1503 5280 1904 5333 conservatoris
1925 5279 2176 5351 benigni-

596 5370 707 5415 tate
738 5364 1056 5430 conquestio
1093 5373 1256 5435 atque
1298 5367 1595 5431 accusatio,
1627 5369 1876 5437 quamvis
1903 5370 2086 5440 exigui
2122 5372 2178 5427 in

594 5450 778 5504 medio
801 5450 1015 5507 labores
1042 5454 1300 5508 exsistant
1328 5473 1339 5508 :
1369 5456 1466 5511 sed
1494 5458 1659 5512 etiam
1690 5473 1844 5527 teque
1884 5474 2177 5515 exsecran-

595 5542 725 5597 dum
766 5559 904 5608 esse,
947 5545 1317 5601 remissiorem
1356 5564 1419 5604 ac
1460 5549 1778 5606 solutiorem
1827 5550 1991 5605 vitam
2028 5568 2177 5621 qure-

597 5656 752 5706 rere;
781 5658 1015 5712 eumque
1064 5642 1134 5696 sit
1180 5642 1233 5697 iu
1281 5654 1571 5714 promptu,
1615 5645 1816 5701 divinis
1857 5647 2179 5703 muneribus

673 5821 711 5851 “
748 5818 911 5874 Hebr.
946 5837 999 5885 ι,
1028 5822 1116 5887 ‘26,
1150 5822 1236 5876 27.
1321 5824 1362 5855 ¹²
1392 5822 1536 5877 Psal.
1578 5840 1661 5891 xc,
1706 5824 1787 5878 13.

2276 3354 2454 3424 ὄφεων
2480 3353 2815 3407 ἀπώλλυντο.
2853 3354 2916 3405 Οἱ
2945 3353 3053 3425 γὰρ
3090 3356 3213 3416 ταῖς
3242 3355 3588 3425 ἀχαριστίαις
3626 3356 3723 3410 τὸν
3759 3358 3867 3410 τῶν

2277 3447 2415 3500 ὅλων
2456 3446 2685 3515 Σωτῆρα
2713 3447 2803 3498 καὶ
2833 3445 3129 3516 Λυτρωτὴν
3155 3445 3532 3516 ἀτιμάζοντες,
3570 3451 3667 3502 καὶ
3694 3452 3758 3502 ἐν
3779 3451 3867 3503 οὐ·

2277 3539 2388 3592 δενὶ
2434 3538 2673 3602 τιθέντες
2723 3538 2866 3608 λόγῳ
2908 3538 3010 3606 τῆς
3048 3537 3364 3609 ἐλευθερίας
3392 3539 3489 3609 τὴν
3536 3542 3722 3611 χάριν,
3778 3543 3870 3597 καὶ

2279 3631 2415 3700 πρὸς
2448 3630 2657 3692 τούτοις
2682 3630 2763 3683 ἔτι
2797 3630 2888 3684 τὸν
2920 3630 3186 3696 ζωοποιδν
3215 3631 3379 3686 αὑτοῦ
3403 3633 3596 3700 Λόγον,
3633 3636 3735 3686 καὶ
3772 3636 3869 3706 τὴν

2277 3723 2365 3776 διά
2384 3720 2477 3775 τοῦ
2501 3723 2818 3794 ῐΙνεύματος
2855 3723 3065 3794 δωρεὰν
3101 3723 3178 3787 ὡς
3200 3725 3471 3796 ἄχρηστον
3490 3726 3868 3798 διασύροντες,

2276 3816 2389 3877 τοῖς
2413 3813 2505 3866 τοῦ
2543 3814 2828 3883 μιαιφόνου
2861 3814 3153 3886 δράκοντος
3188 3815 3616 3885 περιπεσοῦνται
3644 3817 3868 3889 δήγμα-

2281 3923 2385 3957 σιν.
2426 3905 2563 3958 Ἀλλ’
2599 3906 2654 3959 οἵ
2695 3923 2759 3975 γε
2803 3908 2916 3971 τοῖς
2951 3906 3125 3971 οὕτως
3162 3907 3412 3970 ὲκτόποις
3453 3908 3554 3962 οὐκ
3581 3909 3871 3973 ὲναλόντες

2279 3998 2608 4067 πταίσμασι,
2668 3998 3141 4068 συνδιαφεύξονται
3179 4002 3247 4072 τῇ
3293 4000 3589 4073 φαυλότητι
3636 4003 3739 4057 καὶ
3770 4003 3870 4075 τὴν

2279 4091 2671 4162 ὲπηρτημένην
2708 4092 2844 4162 αὐτῇ
2880 4091 3100 4145 κόλασίν
3128 4109 3186 4146 τε
3215 4094 3309 4146 καὶ
3339 4094 3518 4165 δίκην,
3565 4095 3662 4148 καὶ
3700 4096 3871 4168 ἀμεί-

2280 4200 2402 4245 νους
2444 4182 2658 4237 ἔσονται
2693 4185 2803 4237 τῶν
2842 4183 3054 4255 ἐχθρῶν
3080 4202 3095 4218 ο
3130 4204 3149 4237 ι
3196 4186 3319 4239 Ἐπὶ
3366 4187 3568 4242 ἀσπίδα
3608 4188 3725 4262 γὰρ
3774 4190 3871 4245 καὶ

2281 4273 2591 4345 βασιλίσκον
2635 4275 3011 4347 ὲπιϐήσονται,
3048 4278 3142 4331 καὶ
3187 4282 3633 4351 καταπατήσουσι
3670 4283 3871 4338 λέοντα

2279 4366 2376 4420 καὶ
2411 4366 2701 4437 δράκοντα.
2746 4387 2765 4419 ι
2817 4370 3026 4442 Ἀραρε
3056 4370 3121 4441 δὴ
3151 4367 3267 4435 οὖν,
3310 4373 3403 4425 καὶ
3440 4371 3499 4438 ἑξ
3526 4374 3707 4428 αὐτῶν
3734 4378 3872 4449 ἡμῖν

2283 4459 2705 4531 μεμαρτύρηται
2729 4460 2836 4515 τῶν
2861 4463 3222 4534 πραγμάτων,
3255 4464 3523 4536 σφαλερὸν
3561 4468 3645 4520 ὅτι
3674 4468 3739 4522 rb
3773 4472 3874 4542 ῥα-

2282 4549 2495 4619 θυμεῖν,
2522 4553 2617 4603 καὶ
2639 4551 2967 4606 ἀναπίπτειν
2999 4556 3078 4617 εἰς
3119 4554 3403 4626 ἀτολμίας,
3425 4559 3551 4621 τοὺς
3569 4559 3671 4631 ήδη
3701 4577 3872 4631 γεγυ-

2286 4640 2647 4712 μνασμένους,
2674 4644 2768 4695 καὶ
2785 4645 2884 4697 οὐκ
2897 4646 3229 4716 ἀμελέτητον
3250 4647 3470 4718 ἔχοντας
3483 4649 3545 4702 τὸ
3569 4650 3657 4703 διὰ
3685 4652 3872 4705 πόνων

2282 4732 2610 4802 εὐδοκιμεῖν,
2642 4735 2890 4804 ὲντριϐὲς
2910 4736 2969 4789 δέ
2990 4754 3105 4800 πως
3134 4737 3231 4808 ἤδη
3260 4739 3353 4793 καὶ
3379 4739 3873 4812 κατημαξευμένον

2282 4821 2342 4874 rb
2373 4821 2550 4893 ίδροῦν
2575 4823 2713 4896 ὑπὲρ
2746 4825 2969 4895 ἀρετῆς.

2354 4914 2562 4967 ΠΑΛΛ.
2610 4915 2818 4987 Ἀραρέ
2846 4933 2910 4984 γε
2942 4920 3036 4971 καὶ
3066 4917 3213 4974 ἔστιν
3243 4922 3460 4992 ἀληθές.

2353 5006 2518 5062 ΚΥΡ.
2558 5007 2935 5062 Διεϐεϐαιοῦτο
2972 5011 3028 5064 δὲ
3060 5013 3193 5083 ἡμῖν
3222 5014 3250 5065 ὁ
3280 5014 3456 5083 λόγος,
3491 5016 3569 5080 ὡς
3604 5018 3666 5072 οὐ
3699 5020 3871 5089 μόνον

2280 5096 2396 5148 ἐστὶ
2436 5095 2688 5168 θεομισές
2738 5116 2797 5151 τε
2840 5103 2934 5155 καὶ
2977 5102 3082 5155 ὑπὸ
3121 5103 3278 5175 δίκην
3308 5108 3368 5160 rb
3396 5108 3687 5177 γογγύζειν
3716 5114 3870 5165 κατὰ

2285 5186 2420 5238 Θεοῦ
2447 5228 2462 5251 ,
2506 5190 2598 5241 καὶ
2643 5188 2835 5261 ὥσπερ
2867 5193 2990 5244 τινά
3024 5195 3364 5267 κατάρῥησιν
3404 5199 3733 5271 ἢκαταϐοὴν
3760 5203 3871 5271 τῆς

2280 5279 2373 5331 τοῦ
2406 5279 2669 5344 σώζοντος
2700 5283 3035 5354 ἡμερότητος
3060 5287 3332 5341 ποιεῖσθαι
3358 5290 3454 5360 τὴν
3485 5290 3869 5361 ὀλιγοψυχξαν.

2281 5370 2385 5425 κᾶν
2419 5375 2467 5425 εἰ
2491 5372 2714 5444 βραχεῖς
2741 5374 2831 5428 διά
2863 5376 3030 5446 μέσον
3064 5377 3338 5445 φαίνοιντο
3370 5381 3543 5447 πόνοι,
3585 5383 3874 5453 ἐπάρατον

2284 5464 2340 5516 δὲ
2375 5465 2526 5518 οὐδὲν
2558 5462 2735 5538 ἧττόν
2768 5468 2885 5521 ἐστι
2930 5468 2995 5521 τὸ
3031 5470 3277 5539 ἀνεῖσθαι
3314 5473 3512 5541 φιλεῖν,
3564 5476 3656 5528 καὶ
3680 5479 3877 5546 παρὺν

2281 5556 2465 5619 αὐτοῖς
2510 5561 2622 5621 τοῖς
2653 5558 2820 5623 θείοις
2848 5560 3181 5632 χαρίσμασιν
3206 5562 3542 5636 ἀδιαϐλήτως
3572 5567 3873 5639 ὲντρυφᾷν,

2288 5650 2381 5703 καὶ
2412 5652 2523 5713 τοῖς
2572 5650 2778 5706 ἀνωθεν
2821 5670 2878 5706 τε
2920 5654 3013 5707 καὶ
3035 5653 3120 5707 διὰ
3150 5654 3244 5709 τοῦ
3288 5657 3604 5729 Πνεύματος
3627 5658 3879 5732 ἀπωτρὲ⁹
