4072 6508
232 399 315 458 389
881 403 970 458 DE
1011 399 1454 458 ADORATIONE
1487 398 1566 454 IN
1609 394 1881 453 SI’IIlITU
1923 395 2011 451 ET
2052 395 2425 452 VERITATE.
2468 397 2597 453 LIB.
2647 399 2706 452 γ.

3349 399 3456 455 590

233 513 391 584 φεσθαι
421 527 615 581 Αογοις,
661 516 756 569 ἐπὶ
801 515 1048 587 φθαρτάς
1068 515 1264 586 ἡδονὰς
1304 513 1398 567 καὶ
1431 511 1765 582 ἀκαθάρτους

1877 509 1994 565 sine
2021 510 2179 580 culpa
2205 509 2334 574 frui,
2363 520 2419 564 et
2445 510 2716 580 supernis,
2743 518 2800 565 et
2825 509 3031 581 Spiritu
3057 518 3244 566 sancto
3279 511 3450 582 inspi-

230 601 549 672 φιλοσαρκίας
599 603 852 674 ἀχάλινον
918 603 1188 656 ποιεῖσθαι
1239 603 1338 673 τὴν
1389 601 1768 671 ἀποφοίτησιν.

234 693 394 764 Ὕϐρις
423 693 531 764 γὰρ
564 696 810 766 ἐναργῶς
855 697 933 761 εἰς
963 697 1030 750 τὰ
1058 697 1267 767 ἀμείνω
1295 697 1390 750 καὶ
1421 696 1681 762 σώζοντα,
1712 696 1774 748 τὸ

226 785 505 840 ἀνθελέσθαι
543 786 612 840 τά
656 788 890 859 πονηρὰ,
938 789 1034 843 καὶ⁴
1065 788 1158 842 νοῦ
1220 789 1399 859 ψῆφος
1436 788 1772 856 ἀνοσιωτάτη

226 877 275 930 τὸ
314 876 408 930 τῶν
459 878 729 949 οὐρανίων
764 879 1030 950 προτάξαι
1063 879 1134 934 τὰ
1182 881 1524 952 γεωδέστερα
1545 921 1560 944 ,
1595 879 1772 932 καίτοι

224 965 450 1036 πλείστην
491 968 576 1036 ἐφ’
616 968 830 1033 ἑαυτοῖς
871 969 1129 1023 νοσοῦντα
1159 970 1258 1042 τὴν
1295 970 1611 1042 βδελυρίαν·
1678 970 1773 1024 καὶ

224 1057 368 1127 ὀρθῶς
412 1059 505 1111 ἐπὶ
541 1058 751 1124 τούτοις
792 1063 1074 1132 μονονουχὶ
1123 1065 1217 1116 καὶ
1260 1063 1484 1134 δακρύει
1533 1063 1707 1131 λέγων
1743 1064 1772 1116 ό

223 1150 476 1218 προφήτης
518 1149 776 1215 Ἡσαΐας
805 1172 822 1204 ι
855 1153 1009 1219 Οὐαὶ,
1043 1156 1092 1207 οί
1138 1154 1387 1224 λέγοντες
1431 1155 1490 1209 τὸ
1539 1156 1771 1226 πονηρὸν

221 1241 372 1304 καλὸν,
408 1241 590 1294 καὶτὸ
622 1243 786 1297 καλὸν
825 1245 1095 1316 πονηρόνο
1137 1247 1186 1299 οί
1210 1246 1460 1315 λέγοντες
1490 1247 1551 1300 τὸ
1597 1248 1769 1316 γλυκὺ

219 1332 405 1401 πικρὸν,
435 1333 534 1385 καὶ
561 1335 623 1387 τὺ
651 1335 847 1406 πικρὸν
875 1336 1078 1405 γλυκύο
1129 1341 1178 1391 οἱ
1228 1339 1470 1403 τιθέντες
1502 1339 1562 1392 τὸ
1585 1341 1771 1402 σκότος

219 1424 330 1492 96);,
361 1425 448 1477 καὶ
476 1426 540 1479 τὸ
568 1427 684 1494 φῶς
725 1430 936 1492 σκότος.
979 1451 998 1482 ι
1035 1431 1308 1494 Τοιούτοις
1339 1435 1528 1496 κακοῖς
1556 1431 1770 1485 ἐναλὸν-

218 1530 296 1576 τας
340 1515 642 1586 πταίσμασι
690 1520 817 1580 τοὺς
871 1519 930 1586 ἐξ
989 1523 1202 1594 Ἰσραὴλ
1244 1525 1570 1595 εὑρήσομεν.
1617 1525 1770 1579 Μετὰ

216 1607 303 1674 γάρ
322 1623 398 1658 τοι
426 1606 526 1678 τὴν
553 1609 646 1661 ἐπὶ
673 1610 750 1680 τῷ
774 1612 1044 1681 γογγύσαι
1065 1614 1244 1686 δίκην,
1267 1617 1483 1684 γείτονα
1513 1618 1606 1670 καὶ
1632 1635 1771 1689 παρ-

213 1698 520 1770 εζευγμένην
581 1700 745 1765 εὐθὺς
799 1703 898 1774 τὴν
945 1706 1030 1772 ἐφ’
1082 1707 1252 1760 ἅπασι
1312 1711 1424 1771 τοῖς
1474 1709 1770 1778 αἰσχίστοις

210 1791 399 1843 ἐνόσουν
424 1792 739 1864 ἐπιθυμίαν.
770 1796 1167 1867 Περιπτύοντες
1192 1799 1300 1869 γάρ
1323 1799 1512 1871 ὥσπερ
1534 1804 1600 1854 τά
1622 1801 1770 1871 παρά

1879 601 2013 656 ratis
2050 601 2397 656 sermonibus
2432 602 2666 657 enutriri
2685 643 2700 667 ,
2725 602 2794 657 ad
2831 602 3066 658 caducas
3089 603 3272 673 potius
3297 605 3454 659 volm

1877 701 2077 762 ptates,
2101 701 2158 747 et
2183 693 2425 764 impuras
2447 694 2630 748 carnis
2650 693 2979 764 cupiditates
3001 693 3263 750 eﬂ'renate
3286 695 3415 750 ferri
3439 714 3452 751 :

1877 799 2003 836 nam
2031 799 2122 837 res
2145 784 2370 840 vitiosas
2405 783 2680 854 praeferre,
2706 784 2992 840 manifesta
3019 795 3103 839 est
3127 786 3456 855 optimarum

1878 891 1942 930 ac
1963 875 2289 930 salutarium
2332 876 2564 947 injuria;
2591 885 2784 946 estque
2816 876 2907 932 ille
2939 877 3106 931 animi
3129 877 3372 933 calculus
3400 880 3456 935 in

1877 969 2072 1038 primis
2109 967 2371 1034 nefarius,
2403 985 2512 1038 quo
2543 977 2781 1035 terrena,
2807 969 3059 1040 quamvis
3081 970 3368 1026 maximam
3399 972 3456 1028 in

1877 1073 1935 1112 se
1963 1059 2362 1128 turpitudinem
2399 1059 2734 1125 contineant,
2770 1061 3084 1115 coelestibus
3107 1071 3454 1132 anteponun-

1887 1159 2004 1215 tur;
2032 1165 2096 1205 ac
2118 1159 2269 1206 recte
2289 1151 2391 1206 hos
2409 1150 2806 1221 propemodum
2831 1152 3085 1223 lacrymis
3103 1155 3457 1223 prosequitur

1877 1243 2144 1312 propheta
2184 1243 2350 1298 Isaias
2390 1259 2516 1298 cum
2541 1244 2673 1298 dicit
2703 1262 2714 1297 :
2749 1244 2890 1308 «Vae,
2920 1245 3015 1315 qui
3041 1245 3228 1300 dicitis
3253 1247 3456 1300 malum

1878 1334 2104 1399 bonum,
2123 1344 2179 1389 et
2200 1335 2406 1390 bonum
2426 1336 2631 1390 malum
2651 1353 2664 1402 ;
2689 1335 2784 1405 qui
2807 1335 2990 1390 dicitis
3007 1335 3166 1391 dulce
3185 1352 3453 1402 amarum,

1879 1434 1934 1480 et
1954 1442 2200 1482 amarum
2228 1427 2422 1493 dulce;
2449 1428 2542 1498 qui
2567 1427 2771 1497 ponitis
2792 1427 3049 1482 tenebras
3073 1427 3271 1491 lucem,
3296 1435 3352 1482 et
3374 1428 3458 1482 lu-

1877 1532 1995 1572 cem
2035 1517 2293 1573 tenebras
2322 1517 2384 1571 “.
2420 1537 2437 1569 ι
2466 1517 2788 1590 Ilujusmodi
2818 1517 3078 1588 gravibus
3114 1518 3289 1588 culpis
3317 1519 3454 1572 irre-

1878 1610 2008 1664 titos
2030 1610 2376 1666 inveniemus
2403 1609 2544 1665 filios
2575 1610 2766 1665 Israel.
2794 1611 3087 1680 Postquam
3109 1609 3255 1665 enim
3285 1609 3454 1665 dede«

1879 1711 2011 1758 runt
2047 1718 2160 1758 sua:
2199 1703 2657 1758 murmurationis
2694 1717 2904 1773 pinnas,
2937 1702 3118 1758 vicino
3158 1702 3360 1767 statim,
3400 1709 3458 1757 et

1877 1796 2134 1867 adjuncto
2163 1796 2356 1850 morbo
2382 1795 2823 1866 turpissimarum
2856 1811 3038 1850 rerum
3059 1795 3454 1865 concupiscen-

209 1881 286 1934 τοῦ
314 1883 464 1948 Θεοῦ,
505 1887 600 1938 καὶ
634 1890 746 1950 τοῖς
796 1889 1086 1960 οὐρανόθεν
1118 1891 1342 1959 ἀγαθοῖς
1377 1894 1604 1956 ἀνοσίως
1649 1894 1765 1946 ἐπι-

1875 1883 1948 1938 tia
1988 1884 2397 1940 laboraverunt.
2443 1886 2613 1950 Nam,
2654 1901 2778 1940 cum
2818 1886 2914 1941 Dei
2956 1902 3182 1940 munera
3217 1885 3454 1956 quodam

209 1976 593 2044 στυγνάζοντες,
645 1978 998 2051 παρώτρυνον
1055 1983 1369 2052 ἀναγκαίως
1413 1986 1500 2054 ἐφ’
1560 1986 1771 2049 ἑαυτοῖς

207 2066 282 2120 τὸν
309 2069 518 2138 κριτήν.
552 2069 867 2142 Γέγραπται
899 2072 1028 2143 γὰρ,
1064 2075 1146 2128 ὅτι
1185 2095 1202 2126 ι
1241 2076 1400 2130 Καὶὸ
1427 2077 1718 2147 ἐπίμικτος
1743 2079 1771 2131 ὀ

206 2161 253 2213 ἐν
285 2161 484 2225 αὐτοῖς,
520 2161 873 2234 ἐπεθύμησεν
928 2165 1245 2238 ἐπιθυμίαν,
1298 2169 1392 2222 καὶ¹
1442 2168 1770 2233 καθίσαντες

205 2248 389 2304 ἔκλαιον
415 2254 463 2305 οἱ
501 2254 611 2306 υίοὶ
651 2255 889 2326 Ἰσραὴλ,
926 2256 1022 2310 καὶ
1055 2253 1232 2311 εἷπον·
1265 2259 1361 2323 Τίς
1388 2261 1536 2331 ἡμᾶς
1565 2259 1772 2332 ψωμιεί

204 2343 350 2412 κρέας
404 2344 794 2418 Ἐμνήσθημεν
844 2350 972 2414 τοὺς
1023 2349 1230 2421 ίχθύας,
1276 2351 1369 2418 οὒς
1399 2353 1664 2424 ἡσθίομεν
1709 2354 1769 2407 ἐν

205 2439 438 2510 Αἰγύπτῳ
451 2439 691 2511 δωρεὰν,
717 2444 810 2496 καὶ
828 2443 956 2506 τοὺς
979 2444 1221 2510 σικύους,
1248 2446 1483 2510 καὶτοὺς
1499 2446 1766 2513 πέπονας,

202 2527 348 2582 καὶτὰ
370 2531 586 2600 πράσα,
624 2531 719 2584 καὶ
748 2531 819 2584 τὰ
841 2533 1127 2604 κρόμμυα,
1154 2534 1248 2588 καὶ
1266 2533 1336 2588 τὰ
1365 2534 1613 2607 σκόροδα.
1630 2534 1768 2588 Νυνὶ

199 2617 244 2669 δὲ
269 2620 298 2688 ὴ
322 2619 464 2692 ψυχὴ
499 2621 659 2693 ἡμῶν
681 2623 1002 2695 κατάξηρος.
1031 2625 1196 2679 Οὐδὲν
1217 2625 1356 2697 πλὴν
1379 2627 1461 2690 είς
1495 2625 1558 2679 τὸ
1588 2626 1766 2696 μάννα

197 2709 236 2760 οί
258 2710 524 2782 ὀφθαλμοὶ
547 2713 727 2785 ἡμῶν.
758 2715 870 2768 Καὶ
903 2716 1124 2786 ἤκουσε,
1148 2717 1301 2788 φησὶ,
1329 2717 1536 2787 Μωσῆς
1556 2716 1768 2770 κλαιόν-

197 2819 288 2856 των
302 2804 476 2857 αὐτῶν
505 2805 648 2858 κατά
665 2807 868 2876 δήμους
889 2807 1088 2871 αὐτῶν,
1109 2808 1341 2861 ἕκαστον
1364 2809 1457 2861 ἐπὶ
1472 2810 1569 2880 τῆς
1595 2806 1766 2878 θύρας

194 2895 371 2949 αὐτοῦ·
433 2899 538 2952 καὶ
614 2898 871 2970 ἐθυμώθη
932 2899 1070 2972 ὀργῇ
1129 2900 1332 2970 Κύριος
1388 2901 1618 2969 σφόδρα,
1671 2899 1766 2953 καὶ

194 2987 351 3040 ἐναντι
379 2989 563 3060 Μωσῆ
607 2985 676 3059 ἦν
721 2991 974 3061 πονηρόν.
1017 3010 1035 3042 ι
1074 2993 1144 3046 Ἢ
1177 2993 1276 3046 οὐκ
1311 2992 1460 3058 ἄξιον
1491 2987 1627 3045 εἶναι
1659 2991 1764 3062 φὴς

193 3077 341 3148 ὀργῆς
392 3098 449 3134 τε
507 3081 611 3152 τῆς
644 3081 813 3146 θείας,
848 3083 940 3137 καὶ
993 3083 1392 3156 καταγνώσεως
1434 3085 1535 3154 τῆς
1583 3085 1660 3148 ὡς
1704 3081 1764 3148 ἐξ

193 3171 380 3242 ἀνδρῶν
405 3174 608 3242 ἁγίων,
635 3174 697 3227 τὸ
725 3176 858 3246 πρὸς
881 3176 1040 3229 τοῦτο
1066 3175 1386 3230 καθικέσθαι
1413 3173 1760 3247 μαλακισμοῦ

195 3263 270 3315 καὶ
299 3262 581 3336 λογισμῶν
625 3269 918 3337 ἀνανδρίας
955 3270 1080 3332 τοὺς
1111 3267 1211 3340 ἤδη
1251 3268 1761 3339 γεγυμνασμένους,

191 3353 501 3426 ὼςνοσῆσαι
538 3356 644 3426 μὲν
675 3356 936 3431 ,ἀκρατῶς
982 3357 1043 3408 τὸ
1077 3357 1390 3411 ὑπονοστεῖν
1435 3357 1638 3412 ἐθέλειν
1685 3361 1766 3421 εἰς

194 3443 433 3510 ἐκτύπους
458 3447 644 3511 οὕτως
680 3447 1043 3520 ἀκαθαρσίας,
1078 3450 1171 3502 καὶ
1199 3448 1604 3518 παραλελύσθαι
1638 3466 1763 3503 τοσο

189 3533 324 3588 οὗτον
363 3540 442 3602 είς
479 3538 784 3610 ἀκρασίαν,
822 3538 898 3602 ὡς
955 3539 1334 3609 μειρακιωδῶς
1377 3540 1760 3611 ὀλοφύρεσθαι,

189 3627 273 3698 τὴν
316 3631 576 3702 δριμεῖαν
637 3630 827 3702 ὥσπερ
879 3633 939 3684 οὐ
990 3632 1255 3702 φέροντας
1311 3633 1411 3701 τῆς
1470 3632 1765 3704 ἐπιθυμίας

190 3725 474 3796 προσεολήν
493 3743 508 3792 ;

246 3900 443 3953 ΠΛΔΛ.
486 3894 571 3953 Εὖ
613 3898 811 3968 λέγεις.

247 3992 399 4046 ΚΥΡ.
457 3991 754 4056 Ἀλύοντος
792 3991 848 4045 δέ
898 3991 992 4046 τοῦ
1032 3992 1308 4059 πανσόφου
1357 3993 1620 4058 Μωσέως,
1668 3993 1763 4046 καὶ

181 4080 464 4152 δυσθυμίαν
501 4084 728 4154 ἔχοντος
754 4083 854 4153 τὴν
883 4083 977 4136 ἐπὶ
1007 4083 1142 4153 τῷδε
1165 4083 1366 4154 δεινὴν,
1395 4085 1488 4137 καὶ
1518 4085 1762 4152 ἀναφαν-

181 4171 256 4225 δὸν
301 4175 668 4246 κεκραγότος,
717 4174 793 4239 ὡς
825 4175 925 4228 οὐκ
954 4175 1019 4228 ἄν
1053 4192 1178 4228 ποτε
1229 4175 1387 4245 μόνος
1436 4175 1631 4246 ἰσχύσῃ
1681 4176 1761 4229 δι·

179 4273 401 4336 ενεγκεῖν
427 4270 526 4322 τὸν
564 4267 740 4332 οὕτως
762 4267 1001 4329 εὐκόλως
1029 4269 1108 4331 είς
1136 4266 1462 4340 παραφορὰν
1493 4267 1588 4320 καὶ⁸
1627 4267 1762 4320 ἀπό-

179 4376 350 4414 στασιν
383 4363 540 4416 ίόντα
587 4360 738 4424 λαὸν,
774 4359 1150 4429 συλλήπτορας
1184 4359 1283 4430 μὲν
1308 4361 1403 4412 καὶ
1438 4360 1763 4430 ἐπαρωγοὺς

176 4451 263 4522 τῆς
303 4455 394 4507 ἐπὶ
443 4453 594 4524 τῷδε
631 4451 912 4523 φροντίδος
951 4451 1151 4521 ἄνδρας
1191 4450 1428 4515 ἀνέδειξε
1473 4450 1626 4512 Θεὸς,
1671 4451 1760 4502 τὸν

1873 1976 2038 2031 modo
2075 1985 2420 2047 respuerent,
2447 1986 2612 2048 atque
2640 1979 2882 2034 ctelestia
2905 1979 3049 2034 dona
3071 1995 3181 2034 non
3206 1979 3325 2032 sine
3350 1979 3454 2032 im-

1871 2067 2074 2138 pietate
2099 2067 2326 2122 moleste
2356 2067 2587 2132 fcrrent,
2619 2068 2930 2123 necessario
2954 2068 3246 2122 adversum
3281 2082 3340 2121 se
3361 2068 3454 2137 ju-

1871 2159 2048 2215 dicem
2095 2169 2533 2215 commoverunt.
2586 2162 2739 2232 161
2802 2160 3080 2230 Scriptum
3123 2167 3207 2216 est
3248 2161 3395 2215 enim
3438 2178 3452 2214 :

1879 2269 1897 2301 ι
1930 2250 2306 2315 Promiscuus,
2337 2251 2431 2320 qui
2473 2259 2595 2305 erat
2625 2251 2680 2304 in
2716 2251 2868 2321 ipsis,
2904 2251 3217 2321 concupivit
3249 2267 3454 2307 concu-

1869 2343 2217 2414 piscentiam,
2243 2351 2300 2397 et
2333 2342 2589 2397 sedentes
2618 2341 2823 2396 ﬂebant
2863 2341 2961 2396 filii
2998 2342 3187 2408 Israel,
3213 2351 3270 2398 et
3303 2344 3454 2398 dice-

1871 2435 2040 2490 bant:
2073 2433 2206 2502 Quis
2237 2449 2336 2489 nos
2376 2433 2583 2488 cibabit
2616 2433 2914 2489 carnibus?
2948 2433 3238 2489 Recordati
3266 2450 3457 2491 sumus

1869 2527 2124 2599 piscium,
2165 2543 2304 2597 quos
2347 2525 2771 2581 comedebamus
2803 2525 2857 2580 in
2899 2525 3128 2597 Egypto
3169 2527 3356 2597 gratis,
3399 2535 3458 2582 et

1869 2635 2248 2683 cucumerum,
2273 2627 2329 2673 et
2359 2634 2654 2689 peponum,
2676 2626 2732 2673 et
2756 2633 3072 2689 partorum,
3091 2628 3149 2675 et
3174 2635 3453 2691 ceparum,

1867 2720 1924 2767 et
1951 2712 2240 2775 alliorum;
2276 2724 2423 2764 nunc
2452 2725 2585 2764 vero
2614 2710 2796 2764 anima
2826 2719 3013 2766 nostra
3040 2710 3195 2766 arida
3220 2719 3337 2778 est;
3367 2712 3454 2767 ni-

1869 2803 1946 2858 hil
1982 2803 2089 2858 nisi
2120 2803 2175 2857 in
2210 2818 2408 2857 manna
2437 2811 2566 2856 sunt
2589 2802 2734 2856 oculi
2772 2803 2967 2858 nostri.
3005 2803 3073 2858 Et
3107 2803 3337 2868 audivit,
3369 2807 3455 2858 in-

1868 2895 2008 2964 quit,
2041 2894 2250 2964 Moyses
2284 2893 2406 2946 illos
2445 2892 2639 2948 ﬂentes
2669 2909 2770 2963 per
2803 2895 3034 2964 populos
3067 2910 3214 2959 suos,
3253 2912 3454 2950 unum-

1867 3001 2141 3056 quemque
2177 2985 2232 3038 in
2259 2986 2426 3055 janua
2476 3000 2608 3049 sua;
2641 2993 2698 3039 et
2745 2985 2918 3040 iratus
2955 2995 3038 3041 est
3078 2987 3160 3042 ira
3192 2987 3457 3044 Dominus

1866 3077 2046 3140 valde,
2081 3086 2138 3130 et
2166 3092 2347 3131 coram
2381 3076 2560 3148 Moyse
2592 3076 2768 3131 visum
2803 3085 2887 3131 est
2934 3079 3135 3132 malum
3184 3080 3247 3132 “.
3301 3099 3319 3131 ι
3371 3081 3456 3136 An

1869 3169 2150 3240 indignum
2189 3168 2270 3222 ira
2303 3167 2487 3222 divina
2510 3169 2744 3232 crimen,
2781 3177 2837 3224 et
2865 3179 3178 3225 sanctorum
3207 3171 3455 3227 virorum

1865 3261 2076 3333 judicio
2131 3261 2356 3315 minime
2398 3260 2770 3314 damnandum
2819 3271 3010 3332 putas,
3048 3262 3300 3318 homines
3341 3264 3454 3335 jam

1868 3353 2194 3408 exercitatos
2217 3351 2285 3406 ad
2322 3367 2439 3407 eam
2468 3352 2751 3406 mollitiem
2779 3361 2836 3408 et
2867 3354 3137 3424 ignaviam
3165 3354 3453 3426 cogitatio-

1868 3459 2000 3498 num
2045 3445 2388 3514 pervenisse,
2431 3453 2492 3498 ut
2531 3445 2816 3514 impotenti
2855 3447 3156 3516 cupiditate
3186 3448 3453 3504 redeundi

1867 3537 1936 3591 ad
1987 3546 2094 3591 tam
2142 3538 2409 3592 absurdas
2445 3538 2787 3607 impuritates
2839 3539 3181 3606 laborarent;
3219 3551 3277 3597 et
3305 3551 3456 3598 tanta

1869 3631 2290 3701 intemperantia
2329 3631 2580 3686 dissoluti
2617 3641 2822 3694 essent,
2868 3641 2927 3686 ut
2961 3633 3249 3702 pueriliter
3284 3635 3455 3690 deﬂe-

1869 3733 1992 3778 rent
2035 3724 2206 3779 veluti
2259 3740 2443 3778 acrem
2487 3723 2638 3778 illum
2682 3725 3144 3794 concupiscentiae
3191 3727 3455 3798 impetum

1866 3833 1974 3870 non
2008 3816 2281 3871 ferentes?

1937 3908 2134 3962 PALL.
2170 3909 2336 3964 Recte
2361 3909 2458 3964 ais.

1933 4000 2090 4055 CYR.
2119 4000 2255 4055 Cum
2289 4017 2421 4055 vero
2446 4001 2656 4073 Moyses
2695 4010 2974 4068 aestuaret,
2996 4011 3052 4058 et
3077 4003 3180 4059 hac
3203 4003 3269 4060 de
3291 4021 3456 4064 causa

1864 4095 2106 4165 graviter
2153 4095 2350 4150 anxius
2396 4103 2570 4158 esset,
2619 4103 2782 4164 atque
2825 4105 3015 4164 aperte
3067 4096 3360 4161 clamaret,
3394 4113 3454 4154 se

1866 4203 2145 4256 nunquam
2176 4187 2438 4256 populum
2469 4187 2566 4256 qui
2596 4186 2732 4241 adeo
2770 4186 2929 4241 facile
2964 4187 3032 4242 ad
3058 4189 3371 4243 vecordiam
3399 4199 3456 4244 et

1864 4279 2160 4349 apostasim
2196 4287 2492 4349 spectaret,
2536 4278 2715 4333 solum
2761 4293 2922 4347 posse
2975 4279 3271 4344 sustinere,
3306 4281 3454 4336 viros

1863 4388 2092 4426 numero
2127 4371 2491 4442 septuaginta,
2526 4371 2646 4440 ejus
2676 4386 2820 4426 cura:
2852 4370 3032 4426 socios
3071 4379 3127 4425 et
3174 4371 3456 4443 adjutores

1862 4463 2027 4533 elegit
2057 4463 2220 4524 Deus,
2253 4478 2392 4532 quos
2432 4462 2596 4516 etiam
2628 4461 2803 4516 sancti
2854 4461 3092 4532 Spiritus
3127 4462 3272 4519 dono
3316 4462 3451 4518 insi-

174 4544 388 4616 ἀριθμὸν
438 4544 844 4614 ἐϐδομήκοντα,
883 4541 976 4605 οὒς
1020 4543 1114 4596 καὶ
1164 4544 1230 4612 τῇ
1287 4541 1382 4594 τοῦ
1443 4541 1760 4611 Πνεύματος

1871 4554 2085 4623 guiores
2127 4552 2310 4607 effecit
2350 4551 2772 4623 (prophetarum
2808 4551 2956 4607 enim
2992 4551 3048 4606 in
3081 4552 3320 4623 castris).
3352 4552 3452 4607 At-

173 4635 299 4690 δόσει
319 4636 796 4707 διαφανεστέρους
823 4635 1011 4690 ἐτίθει·
1032 4639 1444 4707 προεφήτευσαν
1467 4634 1575 4705 γὰρ
1605 4638 1662 4687 ἐν
1694 4639 1758 4706 τῇ

175 4731 507 4802 παρεμϐολῇ.
545 4729 694 4800 Πρὸς
723 4728 780 4781 δέ
810 4745 873 4797 γε
899 4729 1102 4782 Μωσέα
1132 4727 1300 4798 φησί·
1337 4747 1354 4778 ι
1387 4728 1496 4781 Καὶ
1527 4727 1605 4797 τῷ
1648 4727 1762 4798 λαῷ

171 4821 324 4891 ἐρεῖςο
370 4821 707 4890 Ἀγνίσασθε
735 4822 814 4885 είς
843 4820 1054 4891 αὔριον,
1085 4820 1180 4874 καὶ
1211 4819 1450 4889 φάγεσθε
1486 4823 1644 4892 κρέα,
1681 4823 1762 4874 ὅτι

171 4913 462 4968 ἐκλαύσατε
523 4914 774 4968 ἐναντίον
827 4913 1058 4984 Κυρίου,
1120 4912 1400 4982 λέγοντες·
1463 4915 1560 4977 Τίς
1613 4917 1762 4986 ἡμᾶς

169 5005 362 5076 φωμιεῖ
413 5008 600 5079 κρέας
659 5007 740 5060 ὅτι
791 5005 954 5059 καλὸν
998 5007 1130 5078 ἡμῖν
1179 5007 1326 5076 ἐστιν
1375 5008 1432 5060 ἐν
1467 5007 1760 5078 Αίγύπτῳο

169 5096 252 5147 καὶ
287 5096 455 5149 δώσει
505 5097 723 5166 Κύριος
775 5095 904 5166 ύμῖν
955 5096 1151 5164 φαγεῖν
1183 5096 1365 5167 κρέα,
1399 5099 1494 5149 καὶ
1525 5097 1764 5166 φάγεσθε

169 5188 313 5256 κρέα.
369 5190 490 5258 υύχ
543 5187 764 5259 ἡμέραν
817 5187 949 5256 μίαν
1005 5186 1246 5256 φάγεσθε
1281 5187 1439 5258 κρέα,
1484 5188 1603 5241 οὐδὲ
1644 5189 1760 5252 δύο,

167 5281 276 5333 οὐδὲ
330 5282 504 5334 πέντε
558 5280 795 5351 ἡμέρας,
827 5279 948 5333 οὐδέ
991 5281 1126 5334 δέκα
1152 5279 1387 5352 ἡμέρας,
1432 5281 1552 5334 οὐδὲ
1588 5284 1762 5336 εἴκοσι

167 5368 393 5444 ἡμέρας,
421 5373 538 5436 ἕως
579 5371 749 5442 μηνὸς
794 5372 1020 5443 ὴμερῶν
1051 5373 1314 5442 φάγεσθε,
1343 5373 1448 5438 ἕως
1473 5373 1540 5426 ἂν
1569 5374 1761 5447 ἐξέλθῃ

167 5466 225 5517 ἐκ
247 5467 355 5520 τῶν
385 5467 700 5536 μυκτήρων
729 5465 908 5536 ὑμῶν,
942 5466 1034 5520 καὶ
1062 5465 1213 5520 ἔσται
1246 5467 1373 5536 ὑμῖν
1401 5469 1482 5530 είς
1510 5468 1762 5540 χολέραν,

165 5556 240 5609 ὅτι
267 5559 624 5628 ἠπειθήσατε
654 5557 865 5628 Κυρίῳ,
891 5559 952 5621 ὃς
987 5562 1134 5612 ἐστιν
1161 5561 1219 5613 ἐν
1249 5560 1398 5626 ὑμῖν,
1434 5560 1528 5612 καὶ
1563 5561 1762 5614 ἐκλαύ-

167 5663 285 5700 σατε
311 5647 576 5702 ἐναντίον
606 5645 793 5714 αὐτοῦ,
825 5647 1075 5716 λέγοντες
1098 5664 1114 5680 ·
1154 5648 1314 5702 Ἰνατί
1353 5650 1484 5719 ἡμῖν
1526 5649 1763 5716 ἐξελθεῖν

234 5831 274 5860 ⁸⁸
305 5831 407 5885 lsa.
448 5845 505 5893 v,
553 5827 644 5881 20.
725 5829 767 5860 ³⁸
796 5829 957 5884 Num.
997 5844 1069 5891 xi,
1101 5830 1133 5883 4
1167 5844 1316 5898 seqq.

1402 5831 1443 5860 ”
1479 5830 1611 5883 ibid.
1659 5831 1839 5883 |8~£0.

1869 4663 1975 4716 que
1999 4645 2305 4716 adMoysen
2327 4645 2437 4699 ait:
2469 4663 2486 4694 ι
2515 4643 2582 4698 Et
2613 4645 2816 4715 populo
2834 4644 3003 4700 dices:
3024 4644 3453 4701 Sanctificamini

1869 4737 1923 4792 in
1951 4737 2276 4801 crastinum,
2301 4744 2356 4791 et
2379 4735 2679 4791 comedetis
2697 4751 2911 4800 carnes,
2939 4736 3200 4807 quoniam
3227 4735 3456 4792 flevistis

1869 4838 1992 4882 ante
2039 4828 2350 4890 Dominum,
2389 4827 2638 4883 dicentes
2668 4827 2836 4894 :Quis
2866 4844 2976 4882 non
3016 4829 3223 4883 cibabit
3269 4830 3453 4883 carui-

1869 4920 2004 4974 bus?
2049 4921 2176 4990 quia
2217 4920 2422 4974 bonum
2467 4920 2628 4976 nobis
2667 4921 2837 4975 estin
2879 4919 3112 4992 Egypto
3152 4938 3165 4974 :
3216 4929 3271 4974 et
3299 4920 3452 4975 dabit

1870 5011 2134 5066 Dominus
2156 5012 2314 5065 vobis
2341 5027 2536 5066 carnes
2569 5011 2637 5066 ad
2667 5010 3088 5074 comedendum,
3118 5019 3174 5063 et
3198 5010 3453 5064 comede-

1872 5106 1943 5160 tis
1973 5120 2200 5169 carnes;
2246 5119 2357 5158 non
2399 5120 2510 5158 uno
2538 5103 2626 5158 die
2657 5101 2958 5157 comedetis
3005 5115 3234 5164 carnes,
3273 5114 3453 5169 neque

1869 5195 2106 5259 duobus,
2140 5211 2319 5264 neque
2351 5195 2595 5264 quinque
2639 5194 2854 5258 diebus,
2894 5207 3073 5262 neque
3103 5190 3294 5246 decem
3331 5189 3452 5246 die-

1869 5289 1991 5352 bus,
2035 5305 2213 5359 neque
2243 5289 2435 5359 viginti
2466 5288 2663 5342 diebus
2699 5305 2712 5339 :
2743 5300 2916 5356 usque
2945 5283 3014 5339 ad
3042 5299 3286 5340 mensem
3331 5284 3451 5340 die—

1871 5398 1995 5435 rum
2041 5381 2363 5445 comedetis,
2396 5381 2570 5435 donec
2597 5386 2755 5434 exeat
2781 5394 2847 5433 ex
2887 5377 3116 5432 naribus
3146 5377 3365 5440 vestris,
3397 5387 3452 5432 et

1870 5475 1942 5528 sit
1969 5473 2125 5528 vobis
2145 5473 2202 5526 in
2221 5474 2498 5529 choleram
2529 5514 2544 5537 ,
2575 5471 2836 5540 quoniam
2867 5469 3100 5526 rebelles
3129 5468 3310 5524 fuistis
3341 5469 3454 5524 Deo

1869 5565 1965 5633 qui
2010 5574 2094 5620 est
2142 5565 2197 5619 in
2243 5564 2420 5627 vobis,
2454 5575 2509 5618 et
2550 5563 2779 5619 flevistis
2811 5578 2994 5618 coram
3036 5579 3124 5628 eo,
3169 5561 3449 5616 dicentes:

1870 5655 2009 5720 Quid
2041 5671 2180 5724 opus
2219 5666 2338 5710 erat
2370 5653 2530 5710 nobis
2561 5653 2708 5710 exire
2737 5670 2804 5709 ex
2833 5653 3066 5725 [Egypto
3099 5651 3181 5704 "?
3209 5671 3226 5701 ι
3256 5649 3450 5705 Gravi-
