4072 6514
595 377 695 436 591

1623 375 1680 430 S.
1719 374 1996 430 CYRILLI
2035 375 2510 434 ALEXANDRINI
2553 379 2869 436 ARCHIEP.

3765 377 3868 435 592

600 506 684 552 ter
727 496 876 552 enim
925 495 1135 552 ferebat
1189 493 1280 550 ille
1299 493 1658 564 -Redcmptor
1702 495 1959 550 lsraelem
2009 495 2184 566 ipsam

2298 497 2346 562 ἐξ
2374 498 2674 567 Αίγύπτους
2701 519 2720 550 ι
2745 498 2963 551 Ἐλύπει
2989 496 3098 568 γὰρ
3123 497 3280 551 τοῦτο
3299 496 3419 552 λίαν
3444 497 3533 551 τὸν
3553 498 3866 570 Δυτρωτὴν,

598 606 818 661 quoque
849 591 1170 645 servitutem
1204 605 1314 644 non
1357 604 1573 652 curare,
1599 596 1655 642 et
1688 587 1905 660 IEgypti
1946 589 2183 654 labores,

598 683 846 736 carnium
882 690 938 737 et
963 682 1172 736 olerum
1205 680 1443 750 pessime
1466 679 1734 734 olentium
1766 679 2064 744 desiderio,
2089 695 2187 750 pro

598 771 775 826 nihilo
813 771 1038 826 ducere.
1068 771 1237 825 Nobis
1267 771 1400 841 ipsis
1429 786 1649 842 quoque
1693 786 2069 841 saepenumero
2097 787 2188 826 ar-

599 863 808 926 dentes,
855 874 1018 932 atque
1063 879 1219 917 acres
1264 863 1575 932 voluptates
1609 862 1962 932 persuadent,
2010 863 2188 917 levem

599 957 792 1018 putare
823 949 968 1003 illam
1001 951 1104 1004 sub
1147 950 1352 1004 diaboli
1381 951 1665 1005 dominatu
1709 953 2057 1016 servitutem,
2087 966 2189 1006 ne-

597 1056 703 1110 que
744 1042 1147 1112 refugientium,
1196 1060 1298 1114 pro
1342 1044 1802 1115 corruptibilibus
1848 1044 2190 1114 terrenisque

598 1134 998 1205 cupiditatibus
1024 1135 1234 1203 peccati
1257 1135 1473 1204 jugum.
1505 1137 1663 1206 162
1694 1135 1800 1190 Sed
1829 1145 1942 1190 tum
1970 1152 2188 1206 quoque

597 1225 870 1280 concessit
899 1226 1160 1279 carnibus
1206 1225 1354 1279 vesci
1398 1241 1508 1279 non
1553 1242 1692 1289 uno,
1739 1242 1920 1295 neque
1963 1226 2186 1292 decem.

598 1314 695 1369 sed
725 1315 944 1384 triginta
980 1315 1208 1378 diebus;
1238 1332 1348 1384 quo
1388 1315 1727 1385 signiﬁcatur
1754 1317 1951 1371 divime
1983 1318 2035 1370 in
2069 1317 2192 1371 illos

601 1407 698 1461 irae
738 1407 1093 1462 diuturnitas.
1153 1408 1428 1462 Permittit
1466 1409 1629 1462 etiam
1665 1424 1812 1464 nunc
1857 1409 1924 1463 iis
1961 1409 2056 1479 qui
2104 1409 2188 1462 in-

601 1506 970 1568 temperanter
989 1499 1056 1553 ad
1080 1499 1385 1555 mundanas
1405 1501 1714 1570 voluptates
1731 1501 2088 1566 deﬂexerunt,
2107 1510 2188 1566 ut,

601 1589 647 1643 si
692 1590 848 1654 libet,
883 1591 1198 1645 carnalibus
1224 1591 1641 1662 cupiditatibus,
1671 1602 1726 1646 et
1751 1593 1974 1662 quidem
2017 1595 2189 1650 inter-

601 1680 732 1735 dum
783 1681 1014 1752 longiori
1062 1691 1307 1754 tempore
1355 1683 1638 1737 fruantur.
1669 1684 1760 1738 Sic
1800 1684 1948 1738 enim
1987 1685 2192 1741 dicitur

604 1770 893 1826 tradidisse
933 1773 1198 1842 quosdam
1241 1773 1298 1827 in
1335 1774 1632 1844 reprobum
1667 1790 1910 1841 sensum,
1946 1785 2007 1831 ut
2044 1777 2190 1833 face-

604 1869 758 1926 rent,
809 1879 930 1933 qua:
977 1880 1086 1918 non
1120 1865 1456 1921 conveniunt
1501 1868 1562 1920 ιθ.
1614 1867 1722 1922 Sed
1766 1868 1874 1923 illis
1902 1869 2060 1924 cibus
2102 1870 2191 1924 ille

602 1969 798 2007 versus
823 1963 909 2010 est
934 1955 987 2009 in
1015 1956 1293 2012 choleram
1324 1977 1336 2010 :
1363 1959 1512 2012 etiis
1552 1959 1683 2014 item
1713 1961 1807 2030 qui
1843 1963 2082 2017 carnalia
2106 1963 2191 2017 di-

602 2042 796 2113 ligunt,
831 2052 886 2098 et
921 2062 1118 2101 manna
1155 2047 1231 2102 illi
1275 2049 1572 2119 spirituali,
1619 2052 1724 2106 hoc
1757 2061 1862 2117 est,
1897 2054 2066 2108 verbo
2097 2055 2192 2110 Dei

603 2149 690 2188 res
713 2137 1106 2205 corruptibiles
1130 2147 1294 2209 atque
1328 2148 1575 2196 terrenas
1602 2143 1919 2211 praeferunt,
1950 2145 2003 2198 in
2041 2162 2192 2200 mor-

604 2223 673 2277 tis
717 2227 925 2280 exitum
971 2226 1188 2282 desinet
1229 2230 1322 2284 ille
1369 2241 1620 2297 conatus,
1654 2233 1868 2304 hocque
1911 2236 2044 2289 illud
2087 2245 2190 2300 est,

604 2314 800 2382 Opinor
823 2333 868 2368 ει
895 2316 998 2382 Qui
1018 2318 1252 2372 seminat
1275 2318 1330 2373 in
1351 2335 1595 2386 carnem,
1616 2321 1683 2376 de
1706 2337 1870 2377 carne
1890 2333 2059 2378 metet
2078 2340 2195 2380 cor-

606 2407 918 2474 ruptionem
956 2409 1018 2460 ".
1054 2428 1070 2458 ι
1102 2409 1374 2465 Fortassis
1405 2420 1586 2468 autem
1617 2412 1686 2466 ab
1709 2415 1976 2484 ejusmodi
2003 2416 2195 2471 morbo

606 2493 696 2548 illa
747 2495 944 2549 levatio
986 2506 1114 2552 est:
1154 2519 1170 2549 ι
1224 2498 1433 2569 Spiritu
1476 2502 1786 2568 ambulate,
1819 2513 1875 2558 et
1919 2505 2196 2561 desideria

606 2587 791 2642 carnis
822 2604 932 2643 non
966 2590 1262 2660 perﬁcictis
1296 2611 1307 2645 :
1336 2609 1464 2647 caro
1494 2611 1730 2664 namque
1766 2597 1966 2652 militat
1995 2598 2193 2654 adver-

608 2695 702 2733 sus
723 2681 996 2749 spiritum,
1022 2693 1077 2736 et
1099 2684 1326 2753 spiritus
1347 2685 1614 2742 adversus
1629 2703 1849 2744 carnem
1875 2709 1886 2743 ε
1912 2691 2028 2746 haec
2047 2693 2194 2747 enim

609 2769 714 2822 sibi
752 2770 983 2826 invicem
1020 2773 1380 2828 adversantur
1402 2776 1464 2828 ¹⁸.
1501 2798 1517 2825 ι
1549 2777 1682 2830 Nam
1723 2778 1766 2832 si
1790 2779 2091 2834 voluissent
2117 2782 2197 2836 ls-

611 2863 816 2917 raclitze
849 2874 1041 2933 putare
1084 2865 1152 2919 ad
1216 2867 1551 2937 voluptatem
1582 2868 1686 2923 sibi
1717 2869 1850 2924 satis
1887 2886 2007 2925 esse
2050 2874 2196 2942 quod

611 2968 806 3008 manna
833 2955 1188 3020 tribueretur,
1216 2959 1362 3028 quod
1389 2967 1471 3013 est
1499 2961 1656 3030 panis
1683 2961 2001 3032 angelorum
2033 2962 2196 3018 intel-

609 3043 854 3115 ligibilis,
885 3055 940 3102 et
973 3045 1144 3118 ﬁgura
1169 3049 1478 3104 dulcedinis
1505 3052 1644 3122 ejus,
1667 3069 1789 3122 quae
1810 3070 1908 3124 per
1931 3053 2196 3124 Spiritum

611 3137 791 3201 datur,
827 3154 1106 3208 nunquam
1152 3140 1508 3209 perfecissent
1538 3143 2042 3213 concupiscentiam
2074 3160 2197 3199 car-

610 3229 716 3293 nis,
741 3244 918 3299 neque
942 3231 1351 3300 corruptionem
1377 3247 1443 3285 ex
1473 3232 1562 3286 illa
1602 3232 1958 3288 messuissent
1997 3233 2057 3286 ¹⁹.
2086 3234 2199 3288 Νο-

613 3319 821 3373 tissima
862 3334 993 3373 vero
1024 3319 1250 3378 fuerunt
1294 3321 1441 3377 illius
1479 3323 1666 3392 populi
1692 3332 2046 3379 monumenta
2080 3344 2092 3378 :
2123 3325 2197 3380 ibi

610 3426 870 3480 namque,
903 3411 1100 3480 inquit,
1137 3413 1474 3481 sepelierunt
1515 3417 1994 3485 concupiscentem
2022 3433 2198 3487 popu-

612 3499 916 3568 lum,juxta
940 3498 1072 3552 illud
1101 3517 1144 3551 ει
1173 3500 1348 3554 Erunt
1372 3501 1426 3553 in
1448 3501 1714 3556 visionem
1733 3503 2049 3557 omnicarni
2070 3505 2146 3556 ²⁰;
2174 3523 2191 3554 ι

613 3599 669 3643 et
709 3588 804 3657 qui
840 3587 934 3642 illo
963 3587 1106 3641 malo
1150 3587 1378 3642 allectus
1409 3596 1514 3651 est,
1545 3589 1780 3658 populus
1808 3591 2201 3659 concupiscens

612 3685 697 3731 est
729 3678 1052 3748 appellatus,
1077 3678 1230 3748 juxta
1256 3677 1411 3741 illud,
1438 3679 1654 3748 opinor,
1685 3681 1831 3749 quod
1869 3688 1954 3736 est
1978 3681 2045 3734 de
2074 3681 2201 3750 qui-

613 3769 846 3824 busdam
883 3769 1090 3823 dictum
1123 3787 1136 3821 :
1173 3787 1190 3818 ι
1221 3769 1465 3835 Quorum
1491 3769 1661 3839 gloria
1686 3770 1741 3825 in
1765 3771 2086 3827 confusione
2115 3773 2200 3842 ip-

615 3877 802 3915 sorum
831 3863 872 3892 ¹¹
903 3879 914 3912 :
961 3879 976 3910 ι
1008 3877 1038 3914 a
1065 3868 1292 3930 peccato
1331 3861 1478 3914 enim
1515 3861 1749 3916 deducta
1775 3871 2072 3917 esteorum
2103 3880 2201 3934 ap-

2289 590 2350 642 τὸ
2407 591 2502 644 καὶ
2552 591 2998 660 αὑτῆςεδουλείας
3045 591 3308 662 ἀλογῆσαι
3354 589 3447 644 τὸν
3499 589 3736 661 Ἰσραὴλ,
3777 589 3871 644 καὶ

2290 683 2541 752 ἡγεῖσθαι
2568 683 2696 753 παρ’
2726 682 2877 736 οὐδὲν
2905 683 3032 746 τοὺς
3065 685 3124 736 ὲν
3156 681 3416 752 Αἰγύπτῳ
3445 683 3660 746 πόνους,
3692 681 3865 752 κρεῶι

2291 771 2385 824 καὶ
2422 771 2671 842 λαχάνων
2699 772 2863 824 ἕνεκα
2891 773 2999 825 τῶν
3027 771 3468 826 δυσωδεστάτων.
3501 774 3612 825 Καὶ
3634 773 3782 842 ἡμᾶς
3817 772 3869 826 δὲ

2290 861 2486 924 αὐτοὺς
2519 859 2722 932 θερμαὶ
2755 863 2848 914 καὶ
2897 861 3138 932 δριμεῖαι
3183 861 3442 924 πολλάκις
3486 860 3858 914 ἀναπείθουσιν

2291 952 2496 1023 ἡδοναὶ,
2519 954 2618 1024 τὴν
2644 954 2748 1007 ὑπὸ
2771 953 2848 1023 τῷ
2881 953 3112 1024 διαϐόλῳ
3143 953 3384 1007 δουλείαν
3416 953 3666 1022 ἡγεῖσθαι
3701 969 3845 1023 φορη

2291 1044 2410 1116 τὴν,
2453 1047 2547 1099 καὶ
2595 1045 2850 1116 φθαρτῶν
2894 1046 3057 1098 ἓνεκα
3114 1046 3208 1098 καὶ
3252 1045 3636 1113 γεωδεστέρων
3680 1045 3844 1097 ἐπιθυ

2296 1136 2453 1206 μιῶν,
2486 1139 2598 1200 τοῖς
2629 1137 2724 1204 τῆς
2759 1138 3032 1206 ἁμαρτίας
3063 1135 3636 1204 ὲγκαταδεσμεύεσθαι
3661 1136 3870 1203 ζυγοῖς.

2305 1226 2444 1278 Ἀλλ’
2487 1226 2656 1278 ἐδίδου
2689 1227 2783 1280 καὶ
2811 1227 2932 1279 τότε
2962 1227 3022 1279 τὸ
3059 1229 3446 1297 σαρκοφαγεῖν,
3475 1227 3577 1279 οὐκ
3610 1229 3690 1290 είς
3721 1228 3872 1297 μίαν,

2293 1319 2415 1372 οὐδὲ
2451 1321 2528 1382 εἰς
2557 1319 2690 1372 δέκα
2729 1319 2908 1389 τυχὸν,
2945 1318 3060 1371 ἀλλ’
3103 1321 3182 1382 εἰς
3208 1319 3421 1389 ἡμέρας
3450 1319 3766 1390 τριάκοντα,
3809 1319 3872 1372 δι’

2292 1407 2352 1466 οὗ
2398 1410 2720 1481 σημαίνεται
2767 1413 2866 1480 τῆς
2917 1413 3003 1464 ἐπ’
3037 1411 3235 1475 αὐτοὺς
3267 1411 3495 1482 ὀργῆςὴ
3540 1408 3872 1482 τὲαράτασις.

2307 1502 2520 1574 Ἐφίησι
2563 1503 2618 1556 δὲ
2654 1503 2748 1556 καὶ
2776 1503 2870 1556 νῦν
2902 1503 3015 1566 τοῖς
3051 1503 3295 1572 ἀσχέτως
3342 1503 3763 1556 ἀπονενευκόσιν
3798 1507 3875 1568 εἰς

2293 1590 2561 1660 κοσμικὰς
2602 1590 2812 1661 ἡδονὰς.
2854 1592 2912 1644 τὸ
2962 1593 3056 1645 καὶ
3091 1594 3397 1662 μετασχεῖν,
3436 1593 3482 1644 εἰ
3506 1591 3733 1656 ἕλοιντο,
3767 1593 3876 1648 τῶν

2296 1682 2592 1752 σαρκικῶν,
2625 1683 2717 1735 καὶ
2761 1684 2840 1746 είς
2869 1684 3093 1754 χρόνους
3143 1683 3256 1736 ἐσθ’
3287 1685 3376 1736 ὅτε
3406 1685 3670 1755 μακρούς.
3720 1683 3876 1738 Οὕτω

2295 1773 2402 1844 γὰρ
2449 1774 2666 1842 λέγεται
2711 1775 3043 1846 παραδοῦναί
3082 1792 3234 1839 τινας
3287 1777 3368 1840 εἰς
3413 1776 3672 1847 ἀδόκιμον
3727 1777 3874 1840 νοῦν,

2226 1848 2264 1902 Β
2298 1868 2470 1918 ποιεῖν
2511 1865 2577 1919 τά
2610 1867 2686 1938 μὴ
2722 1867 3046 1939 καθήκοντα.
3095 1867 3232 1919 Ἀλλ’
3281 1868 3510 1931 ἐκείνοις
3541 1869 3768 1936 γέγονεν
3802 1872 3876 1932 εἰς

2295 1954 2522 2026 χολέραν
2558 1957 2590 2026 ἡ
2621 1955 2844 2028 βρῶσις,
2882 1957 2975 2009 καὶ
3001 1958 3115 2019 τοῖς
3143 1954 3396 2023 ἀγαπῶσι
3423 1954 3491 2007 τά
3518 1955 3760 2027 σαρκικὰ
3788 1955 3878 2008 καὶ

2295 2044 2602 2114 προτιμῶσι
2635 2042 2729 2096 τοῦ
2758 2045 2930 2115 μάννα
2959 2043 3052 2096 τοῦ
3085 2042 3300 2113 νοητοῦ,
3333 2044 3362 2096 ὃ
3388 2043 3690 2114 ὲστιρἧα
3717 2043 3875 2108 Θεοῦ,

2299 2137 2366 2187 τά
2398 2135 2614 2206 φθαρτά
2645 2136 2740 2188 καὶ
2768 2135 3004 2204 ἐπίγεια,
3048 2134 3342 2204 καταλήξει
3391 2135 3526 2205 πρὸς
3554 2135 3788 2189 θάνατον
3824 2135 3878 2189 τὸ

2295 2225 2600 2296 ἐγχείρημα
2622 2241 2636 2255 ο
2673 2226 2766 2278 καὶ
2793 2225 2961 2289 ἐστιν,
2984 2220 3159 2295 οἶμαι,
3190 2225 3338 2277 τουτὶ
3366 2224 3446 2288 τὸ,
3486 2244 3505 2275 ι
3554 2224 3613 2276 Ὀ
3641 2225 3879 2294 σπείρων

2297 2319 2375 2380 εις
2418 2319 2516 2387 τὴν
2567 2317 2765 2389 σάρκα,
2818 2319 2883 2370 ὲκ
2925 2318 3023 2386 τῆς
3069 2317 3268 2388 σαρκὸς
3321 2315 3526 2387 θερίσει
3575 2315 3810 2387 φθοράν.
3855 2335 3873 2368 ι

2309 2409 2650 2481 Ἀῤῥωστίας
2679 2409 2734 2461 δὲ
2765 2409 2866 2474 τῆς
2893 2408 3105 2462 τοιᾶσδε
3157 2408 3320 2478 τυχὸν
3353 2410 3386 2480 ὴ
3422 2407 3575 2471 λύσις
3600 2425 3612 2438 ·
3651 2426 3672 2460 ι
3709 2407 3878 2462 Πνεῦ-

2300 2519 2429 2573 ματι
2460 2505 2835 2572 περιπατεῖτε,
2863 2501 2956 2554 καὶ
2984 2499 3281 2572 ἐπιθυμίαν
3311 2500 3512 2571 σαρκὸς
3533 2500 3595 2553 οὐ
3627 2500 3706 2570 μὴ
3733 2500 3880 2554 τελέ-

2300 2611 2450 2662 σητε.
2484 2592 2850 2662 Στρατεύεται
2883 2593 2991 2662 γάρ
3025 2593 3058 2662 ἠ
3087 2590 3225 2662 σὰρξ
3258 2591 3400 2644 κατά
3427 2592 3518 2644 τοῦ
3547 2591 3879 2662 πνεύματος,

2298 2685 2359 2738 τὸ
2414 2685 2469 2739 δὲ
2512 2685 2731 2756 πνεῦμα
2779 2686 2918 2738 κατά
2964 2685 3061 2755 τῆς
3111 2685 3346 2755 σαρκός’
3375 2685 3545 2738 ταῦτα
3579 2685 3691 2756 γὰρ
3736 2687 3882 2739 ἀντί-

2301 2794 2479 2830 κειται
2498 2777 2770 2847 ἀλλήλοις.
2789 2797 2805 2827 ι
2827 2778 2914 2840 Ὠς
2941 2778 3098 2847 εἴπερ
3115 2777 3492 2848 ⁴Ιπὸουλήθησαν
3511 2779 3559 2830 οἱ
3579 2777 3638 2842 ἐξ
3669 2777 3884 2850 Ἰσραὴλ

2299 2866 2631 2938 ἀποχρῶσαν
2666 2867 2916 2937 ἡγεῖσθαι
2953 2867 3167 2938 τρυφὴν
3207 2869 3307 2938 τὴν
3352 2869 3446 2920 τοῦ
3503 2870 3680 2937 μάννα
3718 2886 3882 2940 χορη-

2299 2956 2444 3025 γίαν,
2481 2961 2507 3011 ὃ
2535 2958 2681 3010 ἔστιν
2716 2959 2877 3029 ἄρτος
2911 2959 3156 3026 ἀγγέλων
3186 2959 3396 3030 νοητὸς,
3423 2962 3516 3012 καὶ
3556 2959 3730 3024 τύπος
3760 2961 3888 3028 γλυο

2300 3046 2531 3116 κύτητος
2579 3048 2676 3117 τῆς
2719 3049 2806 3102 διὰ
2856 3047 2950 3100 τοῦ
2992 3049 3327 3119 Πνεύματος,
3378 3049 3478 3104 οὐκ
3528 3050 3594 3104 ἂν
3629 3051 3884 3105 ἐτέλεσαν

2301 3133 2595 3206 ἐπιθυμίαν
2649 3136 2870 3202 σαρκὸς,
2915 3137 3023 3190 οὐδ’
3060 3137 3130 3191 ἂν
3179 3140 3237 3205 ἐξ
3275 3140 3444 3211 αὐτῆς
3481 3140 3738 3212 ἐθέρισαν
3786 3144 3882 3213 τὴν

2303 3227 2527 3298 φθοράν.
2573 3245 2590 3276 ι
2649 3228 3058 3300 Ἐπισημὸτατα
3089 3229 3143 3282 δὲ
3191 3229 3282 3283 τοῦ
3316 3231 3445 3284 λαοῦ
3486 3233 3552 3285 τά
3584 3235 3883 3304 μνήματα’

2302 3315 2418 3369 ἐκεῖ
2446 3317 2577 3389 γὰρ,
2623 3321 2808 3389 φησιν,
2858 3319 3060 3389 ἔθαψαν
3094 3321 3183 3372 τὸν
3226 3321 3355 3374 λαὸν
3397 3323 3485 3375 τὸν
3515 3322 3884 3397 ἐπιθυμητὴν,

2303 3407 2446 3460 κατὰ
2478 3410 2534 3461 τὸ
2560 3455 2574 3474 ,
2625 3431 2642 3461 ι
2685 3410 2939 3464 Ἔσονται
2977 3415 3055 3474 εἰς
3102 3413 3292 3485 ὅρασιν
3343 3414 3490 3485 πάσῃ
3534 3417 3715 3485 σαρκί·
3749 3437 3766 3468 ι
3799 3419 3886 3471 καὶ

2301 3497 2427 3561 λαὸς
2459 3497 2803 3570 ἐπιθυμητὴς
2849 3503 2877 3554 ὁ
2931 3505 3114 3554 ἐκεῖνα
3160 3502 3350 3555 παθὼν
3379 3505 3718 3574 ὠνόμασται,
3770 3507 3885 3560 κατ’

2301 3591 2480 3645 ἐκεῖνο
2523 3588 2674 3663 οἶμαί
2729 3612 2830 3648 που
2877 3594 2937 3647 τὸ
2966 3597 3090 3665 περί
3136 3614 3293 3650 τινων
3322 3600 3626 3670 εἰρημένον·
3666 3621 3684 3652 ι
3711 3594 3815 3653 Ὧν
3857 3603 3889 3672 ἡ

2299 3684 2424 3750 δόξα
2455 3687 2512 3736 ἐν
2540 3687 2604 3755 τῇ
2637 3686 2868 3758 αἰσχύνῃ
2896 3687 3097 3738 αὐτῶν·
3132 3707 3150 3738 ι
3190 3689 3296 3741 ἀπὸ
3325 3690 3432 3760 γὰρ
3461 3691 3557 3759 τῆς
3591 3692 3888 3761 ἁμαρτίας,

2300 3778 2333 3845 ἡ
2360 3777 2547 3843 κλῆσις
2567 3793 2579 3804 ν
2607 3778 2701 3829 καὶ
2727 3777 3081 3849 ἁτελεύτητος
3102 3779 3442 3850 ἐπεγράφετο
3463 3783 3576 3843 τοῖς
3596 3782 3890 3837 τεθνεῶσιν

2303 3865 2537 3934 οἰκτρῶς
2575 3866 2604 3917 ὁ
2653 3866 2746 3918 ἐπὶ
2789 3869 2906 3928 ταῖς
2959 3867 3268 3938 ἀνανδρίαις
3315 3869 3652 3940 ὀνειδισμὸς,
3698 3873 3798 3924 καὶ
3833 3871 3892 3936 ἐξ

615 3950 859 4020 pellatio,
881 3957 936 4003 et
960 3951 1161 4003 misero
1185 3949 1423 4019 quodam
1446 3951 1607 4004 modo
1629 3967 1794 4022 super
1815 3955 2044 4008 mortuis
2063 3970 2194 4009 sem-

2307 3950 2381 4010 ῶν
2419 3957 2882 4025 κατεγινώσκοντο
2907 3959 2968 4012 τὸ
2988 3961 3148 4031 ὲπίση
3157 3979 3275 4031 μον.

616 4045 830 4114 piterna
866 4044 1092 4115 ignaviae
1124 4044 1498 4115 exprobratio,
1531 4054 1586 4101 et
1619 4063 1808 4101 earum
1842 4064 2024 4103 rerum
2082 4059 2233 4114 nota,
2266 4067 2332 4108 ex
2374 4053 2576 4122 quibus
2621 4053 3109 4121 condemnabatur,
3151 4072 3250 4127 pro
3294 4057 3454 4112 titulo
3519 4059 3759 4128 quodam
3805 4061 3890 4114 in-

616 4139 840 4208 scripta.

687 4225 882 4279 PALL.
911 4223 990 4279 Ita
1021 4234 1124 4280 est.

684 4318 839 4374 CYR.
885 4319 956 4373 lis
1000 4320 1185 4389 igitur,
1229 4321 1320 4390 qui
1357 4338 1544 4377 revera
1573 4324 1828 4396 discipuli
1863 4343 1983 4382 esse
2007 4329 2198 4395 velint,

615 4423 962 4478 summopere
988 4408 1206 4463 vitanda
1229 4418 1313 4463 est
1338 4411 1427 4466 illa
1450 4412 1503 4466 in
1527 4413 1814 4470 laboribus
1839 4416 2198 4486 impatientia,

614 4510 670 4553 ct
689 4501 840 4554 iners
863 4501 1246 4565 murmuratio,
1272 4512 1326 4556 et
1354 4503 1564 4574 ingrata
1587 4507 1714 4560 vani
1741 4509 2015 4563 sermonis
2031 4513 2203 4581 jacta-

620 4591 714 4654 tio,
741 4598 816 4653 et,
859 4591 1004 4659 quod
1044 4591 1215 4662 magis
1250 4609 1413 4662 quam
1456 4604 1652 4650 uetera
1681 4599 1949 4653 nefarium
1979 4611 2082 4666 est,
2109 4620 2201 4657 ca-

617 4681 853 4734 vendum
905 4697 973 4735 ne
1034 4681 1446 4750 inquinan‘ienta
1493 4695 1811 4756 expetamus
1851 4705 1913 4741 ea
1955 4707 2076 4760 quae
2131 4693 2199 4746 de

617 4771 882 4840 nequitia,
917 4780 973 4825 ct
1003 4773 1184 4826 carnis
1206 4774 1600 4844 cupiditatibus
1627 4777 2066 4846 proficiscuntur.
2095 4782 2199 4850 Qui

615 4863 762 4918 enim
799 4863 877 4917 sic
904 4863 1135 4918 affectus
1166 4873 1270 4931 est,
1307 4868 1524 4922 vacillat
1556 4869 1609 4922 in
1641 4879 1928 4942 utramque
1965 4883 2197 4944 partem,

614 4963 669 5008 et
711 4955 937 5010 rationis
972 4955 1133 5010 tibias
1174 4957 1548 5014 claudicantes
1591 4961 1775 5017 habet.
1811 4964 2086 5036 Scriptum
2116 4975 2201 5022 est

615 5046 760 5132 (“ollim
792 5065 803 5099 :
837 5068 853 5097 ι
891 5048 979 5102 Vae
1006 5048 1264 5104 cordibus
1294 5050 1518 5115 timidis,
1547 5063 1601 5107 et
1623 5055 1874 5110 manibus
1897 5057 2199 5125 dissolutis,

616 5145 670 5189 et
695 5139 967 5206 peccatori
997 5140 1323 5210 ingredienti
1350 5158 1448 5211 per
1469 5143 1605 5198 duas
1625 5147 1848 5200 semitas
1875 5149 1950 5202 “1
1986 5168 2004 5199 ι
2032 5147 2204 5220 Opor-

620 5235 697 5280 tet
720 5237 900 5282 autem
926 5246 1042 5286 mea
1064 5233 1284 5302 quidem
1314 5238 1609 5301 sententia,
1634 5239 1961 5309 patientiam
1991 5251 2048 5296 et
2077 5258 2201 5297 sus-

620 5321 827 5376 tinendi
868 5325 1211 5380 tolerantiam
1255 5327 1310 5381 in
1347 5329 1600 5384 maximis
1637 5332 1802 5386 rebus
1828 5343 2200 5401 numerantes,

617 5411 936 5466 meminisse
961 5412 1162 5469 Christi
1203 5416 1479 5472 dicentis:
1515 5439 1532 5470 ι
1571 5419 1627 5474 Si
1663 5421 1788 5491 quis
1821 5423 2086 5494 vultlpost
2116 5441 2204 5480 me

694 5545 734 5574 "
765 5544 924 5633 ῐξριξι.
961 5562 998 5633 ι,
1033 5548 1242 5633 28._”"
1275 5550 1450 5609 Galat.
1486 5570 1559 5619 vr,
1600 5555 1652 5610 8.
1730 5556 1774 5589 ⁸⁸
1813 5555 1988 5612 Galat.
2023 5575 2076 5625 v,
2108 5559 2194 5616 16.

2299 5562 2319 5594 '
2353 5564 2516 5620 Num.
2555 5583 2616 5632 Il,
2657 5570 2710 5633 4,
2738 5569 2790 5624 9.

622 5612 708 5669 19.
786 5617 830 5647 ’⁸
858 5618 1026 5671 hcclt.
1055 5635 1112 5684 ιι,
1135 5619 1219 5673 15.

687 5734 762 5818 (1)
804 5735 1212 5818 Sic‘codzjat.
1242 5741 1359 5795 Non
1385 5742 1618 5795 multum
1650 5741 1916 5818 dissimile
1942 5755 2026 5800 est
2049 5749 2198 5818 quod

615 5805 818 5876 legitur
860 5807 1000 5863 libro
1045 5810 1110 5864 lll
1137 5811 1364 5883 Regum,
1401 5828 1520 5883 cap.
1556 5829 1702 5866 xvm.
1746 5815 1849 5878 ἓως
1884 5818 2008 5870 πότε
2039 5805 2195 5889 ὑμεῖς

2378 4237 2589 4290 nam.
2645 4239 2888 4309 Ἀληθές.

2381 4328 2544 4383 ΚΥΡ.
2587 4329 2794 4383 Οὐκοῦν
2834 4332 2917 4384 ὅτι
2964 4331 3198 4401 μάλιστα
3255 4335 3623 4406 παραιτητέον
3671 4340 3784 4402 τοῖς
3828 4355 3891 4406 γε

2305 4420 2520 4491 ἀληθῶς
2571 4421 2889 4492 φιλομαθεῖν
2931 4426 3247 4495 ᾑρημένοις,
3282 4427 3343 4480 τό
3384 4445 3448 4496 γε
3476 4429 3787 4498 ἀτληπαθὲς
3833 4432 3891 4482 ἐν

2307 4512 2510 4577 πόνοις,
2544 4515 2635 4567 καὶ
2663 4515 2975 4585 γογγυσμὸν
3005 4516 3232 4587 ἀδρανῆ,
3255 4519 3346 4571 καὶ
3375 4520 3664 4591 ἀχάριστον
3692 4524 3894 4575 εἰκαιοο

2237 4655 2278 4708 D
2313 4604 2530 4674 μυθίαν,
2568 4605 2660 4658 καὶ
2693 4605 2754 4658 τό
2778 4622 2839 4673 γε
2870 4606 2977 4658 τῶν
3015 4606 3188 4660 ἀλλων
3219 4608 3575 4682 ἀνοσιώτερόν
3609 4630 3742 4676 πως,
3779 4611 3891 4665 τῶν

2307 4700 2372 4752 ὲκ
2403 4696 2732 4766 φαυλότητος
2762 4698 2855 4750 καὶ
2901 4697 3256 4770 φιλοσαρκίας
3285 4701 3532 4769 ἐφίεσθαι
3575 4703 3890 4774 μολυσμῶν.

2320 4789 2776 4860 Ἐπαμφοτερίζει
2810 4789 2916 4862 γὰρ
2947 4793 2974 4844 ὁ
3001 4791 3259 4858 τοιοῦτος,
3289 4795 3380 4848 καὶ
3400 4795 3497 4867 τὴν
3529 4796 3630 4866 τῆς
3653 4797 3892 4860 διανοίας

2311 4882 2461 4949 ἰγνὺν
2478 4881 2819 4952 χωλεύουσαν
2838 4882 2949 4952 ἔχει
2976 4883 3073 4953 (l).
3108 4884 3562 4958 Γέγραπαιγάρ,
3595 4891 3678 4942 ὅτι
3709 4907 3727 4939 ι
3748 4888 3891 4942 οὐαὶ

2309 4971 2557 5043 καρδίαις
2578 4972 2798 5037 δειλαῖς,
2841 4975 2936 5027 καὶ
2965 4977 3120 5046 χερσὶ
3165 4980 3543 5050 παρειμέναις,
3566 4982 3661 5033 καὶ
3705 4982 3890 5051 ἁμαρ-

2306 5063 2465 5133 τωλῷ
2499 5064 2831 5120 ὲπιδαίνοντι
2854 5067 2944 5119 ἐπὶ
2972 5067 3065 5120 δύο
3089 5069 3328 5139 τρίϐους.
3368 5091 3385 5122 ι
3416 5073 3455 5123 Χ
3467 5071 3624 5141 ρῆναι
3653 5072 3706 5126 δὲ
3732 5069 3890 5141 οἶμαι

2305 5153 2367 5206 τὸ
2396 5153 2667 5225 τληπαθὲς
2706 5157 2798 5210 καὶ
2845 5158 2905 5210 τὸ
2947 5159 3214 5231 καρτερὸν
3253 5163 3332 5223 εἰς
3367 5162 3644 5234 ὑπομονὴν
3686 5163 3892 5224 παντὸς

2307 5244 2595 5310 ἀξιοῦντας
2647 5247 2809 5316 λόγου
2856 5249 3258 5322 διαμεμνῆσθαι
3309 5252 3556 5321 λέγοντος
3606 5253 3699 5306 τοῦ
3747 5254 3893 5322 Χρι-

2310 5337 2457 5391 στοῦο
2498 5359 2516 5390 ι
2551 5340 2620 5394 Εἴ
2645 5358 2728 5404 τις
2753 5340 2893 5396 θέλει
2918 5341 3091 5396 ὀπίσω
3119 5361 3219 5414 μου
3253 5345 3448 5407 ἐλθεῖν,
3479 5345 3892 5417 ἀπαρνησάσθω

2308 5430 2523 5497 ἑαυτὸν,
2544 5433 2636 5485 καὶ
2653 5432 2842 5504 ἀράτω
2856 5434 2948 5486 τὸν
2962 5435 3193 5506 σταυρὸν
3209 5435 3395 5501 αὑτοῦ,
3415 5437 3510 5490 καὶ
3525 5434 3892 5490 ἀκολουθείτω

2895 5568 3071 5624 "lsa.
3130 5571 3384 5636 vai,2«l.
3464 5574 3507 5605 ³⁸
3533 5574 3758 5644 Philipp.
3795 5589 3886 5640 ιιι,

2343 5754 2604 5833 ωλανεῖτε
2645 5758 2732 5833 ἑπξ
2762 5760 3101 5833 ἀμφοτέραις
3149 5763 3373 5832 ἰγνύαις.
3407 5764 3513 5821 Sed
3546 5765 3709 5822 codex
3751 5765 3887 5824 Sir-

2303 5769 2597 5876 ἶωλανεῑτε
2645 5769 2732 5812 επ*
2762 5769 3101 5833 ἀμφοτέραις
3149 5769 3373 5832 ἰγνύαις.
3407 5769 3517 5847 Sed
3546 5769 3675 5848 code

2325 5832 2398 5877 ett
2444 5825 2682 5884 habebat
2712 5829 2884 5901 ίσχην.
2914 5831 3074 5888 Certe
3103 5834 3267 5904 ἰσχίον
3297 5851 3427 5888 coxa
3465 5836 3680 5892 dieitur.
