4072 6508
218 356 306 414 395
923 352 1011 407 DE
1046 349 1492 408 ADORATIONE
1528 350 1596 404 IN
1639 349 1907 407 SPIRITU
1948 353 2037 408 ET
2076 355 2444 411 VERITATE.
2486 357 2612 410 LIB.
2660 357 2720 409 V.

3344 354 3449 409 594

221 488 364 541 μοι..)
393 468 689 526 τουτέστιν,
718 464 782 517 Ei
806 463 870 535 δὴ
904 462 1140 533 βούλοιτό
1162 480 1246 526 τις
1274 462 1401 532 ἐμὸς
1424 456 1561 514 εἶναι
1594 462 1765 531 μαθη-

1868 465 2077 529 venire,
2109 467 2264 537 163
2290 467 2522 537 abneget
2551 465 2928 534 semetipsum,
2962 472 3018 519 et
3045 464 3202 518 tollat
3223 477 3445 519 erucem

217 560 316 629 τὴς,
341 558 421 610 διὰ
436 556 545 609 τῶν
571 554 702 608 ἴσων
728 556 849 625 ἐμοὶ
869 555 1211 625 παθημάτων
1234 554 1416 624 ἡκέτω
1443 551 1762 624 προθύμως,

216 652 295 703 καὶ
322 648 477 700 οίονεὶ
526 646 625 717 τὴν
663 646 833 717 αὐτὴν
878 647 975 699 ἷτω
1011 663 1071 697 τε
1112 647 1205 699 καὶ
1239 645 1506 713 ἀγαπάτω
1547 645 1764 716 τρίϐον·

217 736 661 792 συναναπαύσεται
690 737 797 807 γὰρ
823 731 976 799 οὗτος
1005 735 1097 788 καὶ
1122 737 1569 807 συνδιαιτήσεται.
1599 736 1768 789 Τοῦτο

215 830 262 881 δὲ
294 831 412 898 ἡμῖν
463 828 626 891 αὐτὸς
674 827 854 898 ἐζήτει
896 826 1049 895 παρά
1082 826 1176 878 τοῦ
1219 826 1355 879 Θεοῦ
1395 826 1488 880 καὶ
1530 828 1764 898 Πατρὸς,

215 922 391 987 λέγων·
452 938 471 970 ι
505 920 655 972 Θέλω
705 918 792 971 ἵνα
838 920 971 973 ὅπου
1004 919 1120 988 εἰμὶ
1160 916 1290 986 ἐγὼ,
1331 919 1448 995 ἐκεῖ
1488 920 1580 971 καὶ
1614 920 1768 972 αὐτοὶ⁴

216 1012 314 1082 μετ’
345 1011 477 1080 ἐμοῦ
509 1005 632 1064 ὧσι.
674 1030 691 1061 ι
743 1011 853 1063 Καὶ
884 1010 1084 1081 ἑτέρως
1133 1011 1189 1064 δέ
1224 1010 1489 1080 σύνεσμεν
1520 1009 1597 1080 τῷ
1627 1010 1765 1081 Χρι-

216 1102 323 1173 στῷ,
377 1102 807 1173 περιπατοῦντες
846 1101 946 1172 μὲν
988 1102 1082 1153 ἐπὶ
1118 1101 1243 1170 γῆς,
1272 1101 1456 1154 οὐκέτι
1488 1101 1546 1154 δὲ
1572 1118 1768 1170 σαρκι-

214 1196 323 1258 κῶς,
373 1194 510 1248 ἀλλὰ
558 1193 941 1263 πνευματικῶς
987 1192 1412 1261 πολιτευόμενοι,
1458 1192 1552 1245 καὶ
1599 1193 1769 1246 κατά-

212 1284 335 1353 λυμα
362 1284 457 1334 καὶ
486 1284 789 1335 ἀνάπαυσιν
834 1282 1107 1334 ποιεῖσθαι
1142 1281 1560 1345 σπουδάζοντες,
1590 1281 1650 1333 τὸ
1677 1281 1767 1333 δο-

212 1375 317 1429 κοῦν
343 1374 514 1444 αὐτῷ.
566 1376 750 1443 Ἔχεις
804 1373 1188 1451 γεγραμμένον
1221 1374 1279 1425 ἐν
1321 1376 1434 1437 τοῖς
1490 1373 1768 1443 Ἀριθμοῖς

211 1466 286 1517 τὸν
310 1466 397 1517 ἐπὶ
418 1465 557 1535 τῷδε
576 1464 773 1517 τύπον·
801 1483 818 1515 ι
846 1466 956 1516 Καὶ
978 1468 1043 1534 τῇ
1080 1466 1282 1535 ἡμέρᾳ,
1318 1484 1337 1515 ι
1365 1465 1550 1534 φησὶν,
1592 1484 1609 1514 ι
1647 1467 1704 1517 ἐν

209 1557 387 1627 ἐστάθη
439 1559 472 1626 ἠ
512 1556 705 1626 σκηνὴ,
744 1556 1011 1625 ἐκάλυψεν
1062 1559 1094 1626 ἠ
1138 1555 1334 1625 νεφέλη
1384 1554 1482 1625 τὴν
1539 1555 1764 1625 σκηνὴν,

208 1648 281 1699 τὸν
300 1644 446 1699 οἷκον
477 1646 572 1699 τοῦ
610 1646 933 1717 μαρτυρίου.
966 1646 1078 1701 Kal.
1105 1645 1169 1698 τὸ
1200 1646 1437 1716 ἑσπέρας
1457 1639 1524 1716 ἦν
1551 1647 1643 1698 ἐπὶ
1666 1645 1766 1715 τῆς

212 1739 395 1807 σκηνῆς
427 1738 502 1801 ὡς
525 1734 664 1801 εἶδος
687 1738 859 1808 πυρὸς
886 1738 991 1800 ἕως
1014 1738 1158 1808 πρωΐ
1178 1754 1191 1768 ·
1223 1737 1396 1800 οὕτως
1416 1736 1622 1804 ἐγίνετο
1649 1736 1763 1789 δια-

208 1832 425 1892 παντός*
474 1832 509 1900 ὴ
558 1830 755 1899 νεφέλη
807 1830 1107 1884 ἐκάλυπτεν
1156 1829 1325 1899 αὐτὴν
1382 1829 1612 1899 ἡμέρας,
1669 1829 1764 1881 καὶ
1794 1812 1837 1868 Β

205 1918 324 1985 εἶδος
354 1921 532 1993 πυρὸς
562 1921 660 1991 τὴν
705 1921 896 1976 νύκτα.
944 1921 1054 1975 Καὶ
1080 1921 1242 1991 ἡνίκα
1278 1920 1443 1989 ἀνέϐη
1476 1922 1508 1991 ἡ
1563 1919 1761 1990 νεφέλη

206 2013 295 2065 ἀπὸ
316 2014 417 2083 τῆς
444 2014 668 2082 σκηνῆς,
698 2012 835 2081 μετὰ
861 2010 1032 2064 ταῦτα
1056 2011 1274 2080 ἀπῆραν
1299 2010 1347 2062 oi
1369 2011 1473 2062 υἱοὶ
1510 2010 1727 2079 Ἰσραήλ
1745 2027 1759 2040 ·

204 2104 281 2157 καὶ
307 2105 359 2157 ἐν
386 2103 467 2174 τῷ
514 2104 665 2173 τόπῳ
689 2097 748 2157 οὗ
792 2102 860 2156 ἂν
888 2102 1015 2172 ἔστη
1062 2103 1095 2172 ἡ
1141 2101 1336 2171 νεφέλη
1357 2141 1372 2165 ,
1408 2102 1526 2153 ἐκεῖ
1560 2118 1762 2172 παρεν-

203 2196 371 2249 έϐαλον
422 2198 471 2249 oi
504 2196 608 2249 υίοὶ
679 2195 929 2266 Ἰσραήλο
981 2194 1068 2246 διά
1101 2193 1521 2264 προστάγματος
1556 2192 1761 2263 Κυρίου

203 2287 628 2357 παρεμϐαλοῦσιν
644 2287 693 2339 οί
714 2287 825 2339 υίοὶ
858 2286 1094 2358 Ἰσραὴλ,
1117 2286 1212 2338 καὶ
1231 2286 1317 2338 διά
1343 2284 1761 2356 προστάγματος

202 2380 387 2449 Κυρίου
431 2379 729 2450 ἀπαροῦσι.
772 2379 958 2441 Πάσας
990 2378 1086 2440 τὰς
1115 2378 1329 2448 ἡμέρας
1352 2380 1408 2431 ἐν
1426 2371 1513 2441 αἷς
1549 2375 1760 2439 σκιάζει

199 2471 225 2539 ἡ
270 2472 465 2541 νεφέλη
510 2471 602 2523 ἐπὶ
646 2470 746 2540 τῆς
786 2471 1011 2539 σκηνῆς,
1058 2467 1506 2538 παρεμϐαλοῦσιν
1557 2468 1607 2520 οἱ
1654 2468 1761 2520 υίοὶ

210 2563 440 2632 Ἰσραήλ·
467 2563 561 2615 καὶ
590 2564 715 2615 ὅταν
739 2562 1032 2631 ἐφέλκηται
1053 2562 1085 2632 ἡ
1105 2560 1299 2630 νεφέλη
1329 2561 1419 2613 ἐπὶ
1438 2563 1532 2630 τῆς
1559 2560 1762 2631 σκηνῆς

199 2653 394 2723 ἡμέρας
426 2653 667 2717 πλείους,
701 2654 794 2706 καὶ
818 2653 1144 2722 φυλάξονται
1186 2654 1234 2706 οἱ
1275 2654 1379 2706 υἱοὶ
1420 2652 1637 2724 Ἰσραὴλ
1660 2651 1759 2725 τὴν

199 2744 427 2814 φυλακὴν
449 2744 541 2798 τοῦ
564 2744 721 2812 Θεοῦ,
741 2746 834 2798 καὶ
865 2747 923 2798 ού
952 2748 1026 2816 μὴ
1047 2745 1304 2815 ἐξάρωσι·
1334 2745 1429 2799 καὶ
1454 2744 1603 2797 ἐσται
1631 2746 1760 2798 ὅταν

200 2838 431 2906 σκεπάζῃ
451 2839 483 2907 ἡ
502 2838 701 2909 νεφέλη
723 2839 935 2908 ἡμέρας
956 2837 1176 2908 ἀριθμῷ
1197 2839 1290 2891 ἐπὶ
1310 2838 1405 2908 τῆς
1428 2837 1650 2909 σκηνῆς,
1673 2837 1761 2891 διὰ

197 2928 358 2996 φωνῆς
390 2927 601 2997 Κυρίου
632 2925 1066 2997 παρεμϐαλοῦσι,
1094 2925 1187 2978 καὶ
1217 2925 1305 2980 διὰ
1341 2926 1760 2996 προστάγματος

197 3018 382 3087 Κυρίου
422 3017 733 3087 ἀπαροῦσι·
766 3018 861 3070 καὶ
898 3017 1050 3072 ἐσται
1073 3019 1201 3071 ὅταν
1227 3016 1447 3087 γένηται
1486 3020 1519 3087 ή
1570 3016 1757 3087 θεφέλη

195 3109 274 3175 ἀφ’
304 3108 547 3179 ἑσπέρας
578 3108 683 3170 ἐως
704 3108 869 3177 πρωῒ,
897 3109 990 3161 καὶ
1020 3108 1194 3179 ἀναϐῇ
1228 3110 1261 3178 ἠ
1286 3108 1482 3178 νεφέλη
1507 3107 1566 3160 τὺ
1590 3106 1755 3178 πρωῒ,
1784 3148 1827 3206 C

195 3199 275 3251 καὶ
301 3199 609 3271 ἀπαροῦσιν
625 3199 843 3269 ἡμέρας
866 3199 898 3270 ἢ
920 3200 1135 3266 νυκτὸς,
1163 3201 1259 3253 καὶ
1281 3198 1452 3270 ἀναϐῇ
1478 3200 1511 3269 ἡ
1538 3199 1756 3266 νεφέλη,

195 3290 485 3359 ἀπαροῦσιν
524 3291 774 3361 ἡμέρας,
821 3291 853 3360 ἢ
901 3289 1069 3360 μηνὸς
1117 3290 1327 3361 ἡμέρας
1363 3288 1760 3358 πλεοναζούσης

194 3381 279 3448 τῆς
319 3381 556 3448 νεφέλης
598 3380 929 3452 σκιαζούσης
967 3381 1053 3434 ἐπ’
1098 3381 1289 3451 αὐτῆς,
1315 3379 1761 3451 παρεμϐαλοῦσιν

193 3471 235 3523 oi
257 3472 353 3523 uici.
378 3471 621 3542 Ἰσραὴλ,
641 3472 735 3524 καὶ
754 3471 814 3524 οὐ
843 3472 917 3541 μὴ
938 3472 1259 3542 ἀπαροῦσιν,
1274 3473 1355 3526 ὅτι
1377 3473 1465 3525 διὰ
1488 3471 1761 3543 προστάγ-

196 3578 345 3628 ματος
392 3562 606 3633 Κυρίου
649 3562 944 3633 ἀπαροῦσι.
975 3565 1086 3634 Τὴν
1116 3564 1359 3635 φυλακὴν
1387 3564 1593 3636 Κυρίου
1629 3567 1760 3633 ἐφυ-

193 3649 405 3717 λὰξαντο
432 3654 525 3706 διὰ
556 3653 979 3724 προστάγματος
1003 3656 1208 3726 Κυρίου
1242 3656 1300 3707 ἐν
1327 3655 1471 3726 χειρὶ
1502 3656 1696 3727 Monii.
1733 3673 1756 3709 ι

204 3743 606 3816 Ἐγηγερμένης
634 3745 775 3798 κατά
806 3748 904 3817 τὴν
944 3747 1149 3817 ἔρημον
1197 3748 1299 3817 τῆς
1334 3748 1494 3816 ἁγίας
1528 3747 1759 3819 σκηνῆς,

196 3835 606 3906 πεπληρωκέναι
652 3838 786 3904 φησι
848 3836 947 3910 τὴν
986 3837 1212 3906 νεφέλην
1240 3839 1437 3910 αὐτήν·
1483 3834 1599 3891 εἶτα
1635 3856 1761 3893 συν-

193 3925 435 3996 απαίρειν
465 3927 564 3979 καὶ
599 3926 992 3994 συγκαταλύειν
1021 3928 1157 3998 αὐτῇ
1183 3929 1517 3999 προστέταχε
1545 3930 1669 3992 τοὺς
1702 3929 1764 3994 ἐξ

202 4012 432 4085 Ἰσραὴλ,
462 4016 577 4069 ἀνω
618 4032 679 4068 τε
716 4016 811 4069 καὶ
864 4017 1013 4070 κάτω
1061 4018 1198 4087 μετά
1232 4018 1433 4088 πολλῆς
1477 4017 1762 4089 ἀκριϐείας

188 4103 275 4174 τὴν
301 4106 420 4158 τῶν
443 4106 740 4176 ἀπάρσεων
768 4109 1090 4178 ἐπιτήρησιν
1114 4107 1382 4162 ποιεῖσθαι
1412 4110 1761 4180 παρεγγυῶν,

193 4197 276 4248 καὶ
306 4198 588 4267 ἐπισφαλῆ
617 4200 717 4268 τὴν
748 4200 1060 4270 παράϐασιν
1093 4203 1204 4264 τοῖς
1234 4200 1474 4253 ἐθέλουσι
1499 4200 1763 4272 ῥᾳθυμεῖν

193 4285 286 4337 ἀπό
311 4304 372 4354 γε
398 4286 594 4339 τούτου
637 4288 872 4351 δεικνύς.
918 4288 1078 4341 Ἀλλά
1107 4290 1264 4341 ταυτὶ
1300 4290 1398 4360 μὲν
1452 4290 1759 4361 ίστορικῶς.

194 4374 489 4447 Θεωρῶμεν
512 4378 570 4429 δὲ
591 4378 691 4448 ἤδη
711 4378 1277 4449 πνευματικῶς.”Αμα
1306 4397 1363 4432 τε
1387 4379 1496 4450 γὰρ
1524 4381 1759 4450 ἐγήγερ-

1870 568 2046 620 suam,
2076 566 2131 610 et
2154 567 2413 627 sequatur
2437 574 2524 613 me
2551 559 2624 622 ἐς
2662 577 2678 608 ι
2716 557 2819 611 hoc
2848 562 2952 619 est,
2981 554 3036 610 Si
3064 555 3188 625 quis
3210 554 3450 610 voluerit

1870 661 2025 700 meus
2062 661 2182 700 esse
2207 647 2528 715 discipulus,
2567 645 2820 700 eumdem
2851 659 3074 699 cursum
3108 643 3448 713 passionum,

1869 752 2033 805 quem
2076 752 2176 807 ego
2202 737 2374 801 tenui,
2403 737 2659 792 alacriter
2681 744 2964 806 sequatur,
2994 751 3057 790 ac
3087 734 3256 789 veluti
3294 750 3447 789 eam-

1869 827 1994 881 dem
2039 827 2182 882 viam
2223 827 2560 898 ingrediatur
2593 836 2649 882 et
2677 826 2908 897 diligat:
2959 824 3008 881 is
3044 825 3189 881 enim
3232 840 3447 880 mecum

1870 934 1978 972 una
2000 919 2307 987 requiescet
2328 926 2384 972 et
2407 919 2568 972 simul
2592 918 2903 973 versabitur
2928 936 2939 970 :
2967 918 3081 971 hoc
3095 931 3328 985 namque
3348 932 3449 970 no-

1869 1008 1956 1062 bis
1980 1010 2092 1077 ipse
2116 1010 2335 1078 petebat
2356 1024 2386 1062 a
2410 1009 2522 1063 Deo
2560 1015 2615 1063 et
2654 1010 2835 1074 Patre,
2859 1023 2985 1063 cum
3008 1008 3215 1062 diceret
3243 1024 3288 1059 ει
3311 1006 3447 1061 Volo

1868 1109 1948 1163 ut,
1978 1101 2072 1154 ubi
2102 1117 2221 1155 sum
2245 1118 2365 1173 ego,
2391 1103 2468 1157 ibi
2490 1102 2651 1158 etiam
2683 1101 2786 1170 ipsi
2811 1115 3026 1155 mecum
3050 1099 3161 1154 sint
3186 1100 3251 1153 “.
3286 1118 3303 1150 ι
3333 1097 3448 1153 Ali-

1869 1198 1954 1246 ter
1975 1209 2193 1262 quoque
2216 1194 2377 1249 simul
2408 1211 2533 1250 cum
2560 1194 2783 1251 Christo
2806 1208 3016 1258 sumus,
3050 1208 3175 1247 cum
3201 1193 3449 1247 ambula-

1869 1300 1991 1338 mus
2025 1285 2249 1354 quidem
2290 1300 2455 1356 super
2493 1292 2718 1348 terram,
2752 1299 2861 1338 non
2905 1291 3088 1338 tamen
3127 1283 3444 1350 carnaliter,

1868 1377 1965 1431 sed
1998 1377 2359 1447 spiritualiter
2381 1392 2774 1433 conversamur
2799 1395 2811 1429 :
2838 1383 2915 1440 et,
2941 1376 3091 1445 quod
3126 1376 3177 1431 ei
3218 1376 3445 1445 placue-

1866 1468 1958 1531 rit,
1985 1468 2039 1522 id
2081 1485 2182 1539 pro
2214 1469 2518 1523 diversorio
2557 1484 2621 1523 ac
2660 1469 2851 1538 requie
2894 1469 3101 1524 habere
3137 1468 3441 1523 studemus.

1868 1558 2048 1614 Habes
2073 1560 2128 1615 in
2152 1561 2406 1616 Numeris
2428 1562 2689 1631 scriptam
2719 1561 2883 1632 hujus
2906 1560 2985 1615 rei
3021 1560 3249 1631 ﬁguram
3278 1576 3291 1611 :
3324 1576 3344 1610 ι
3375 1558 3447 1612 Et

1869 1645 1979 1711 die,
2010 1668 2027 1699 ι
2052 1648 2251 1718 inquit,
2273 1670 2290 1701 ι
2319 1666 2426 1719 qua
2446 1657 2711 1705 statutum
2736 1657 2823 1705 est
2846 1650 3285 1713 tabernaculum,
3310 1646 3447 1703 texit

1871 1741 2045 1795 nubes
2071 1741 2506 1807 tabernaculum,
2532 1741 2756 1796 domum
2785 1743 3113 1809 testimonii;
3142 1750 3200 1797 et
3230 1741 3446 1813 vesperi

1864 1840 1986 1886 erat
2017 1847 2182 1902 super
2212 1833 2623 1888 tabernaculum
2661 1834 2813 1887 velut
2846 1833 3060 1902 species
3099 1832 3243 1903 ignis
3271 1847 3447 1901 usque

1864 1935 2025 1975 mane
2051 1938 2063 1973 :
2092 1921 2167 1975 ita
2192 1920 2357 1975 ﬁebat
2378 1937 2616 1991 semper,
2645 1923 2820 1977 nubes
2846 1922 3064 1993 tegebat
3087 1921 3223 1976 illud
3246 1921 3358 1986 die,
3387 1929 3445 1976 et

1864 2007 2079 2084 species
2102 2013 2243 2083 ignis
2264 2020 2453 2079 nocte;
2489 2021 2694 2068 etcum
2734 2014 3072 2069 ascendisset
3095 2012 3272 2066 nubes
3294 2028 3325 2066 a
3357 2020 3441 2065 ta-

1863 2109 2178 2172 bernaculo,
2197 2115 2385 2177 postea
2422 2106 2815 2176 promovebant
2829 2104 2927 2158 ﬁlii
2949 2103 3145 2168 Israel;
3162 2109 3219 2156 et
3240 2102 3295 2155 in
3321 2101 3443 2157 loco

1863 2200 1957 2254 ubi
1980 2206 2207 2254 steterat
2228 2198 2424 2261 nubes,
2445 2198 2522 2251 ibi
2550 2204 2730 2253 castra
2752 2195 3097 2253 mllocabant
3120 2193 3218 2247 ﬁlii
3235 2192 3401 2247 Israel
3422 2208 3441 2247 :

1862 2305 1962 2360 per
1979 2298 2311 2359 praeceptum
2329 2287 2548 2343 Domini
2569 2295 2744 2342 castra
2762 2285 3113 2341 collocabant
3127 2282 3227 2337 ﬁlii
3250 2282 3441 2348 Israel,

1861 2386 1918 2431 et
1937 2393 2035 2448 per
2053 2384 2387 2447 praeceptum
2407 2376 2623 2431 Domini
2640 2375 3063 2445 promovebunt.
3082 2373 3289 2428 Omnes
3301 2373 3441 2439 dies,

1863 2466 1920 2522 in
1946 2467 2146 2537 quibus
2183 2468 2477 2522 obumbrat
2517 2467 2695 2522 nubes
2735 2481 2899 2537 supra
2937 2465 3351 2520 tabernaculum
3381 2466 3442 2521 in

1862 2559 2058 2613 castris
2081 2568 2246 2614 erunt
2269 2559 2365 2613 ﬁlii
2397 2559 2594 2625 Israel;
2632 2567 2708 2624 et,
2742 2574 2867 2613 cum
2905 2557 3230 2628 produxerit
3264 2556 3444 2615 nubes

1862 2665 2025 2720 supra
2052 2650 2463 2705 tabemaculum
2490 2650 2608 2704 dies
2630 2651 2837 2720 plures,
2874 2648 3187 2703 custodient
3221 2648 3320 2702 ﬁlii
3358 2648 3441 2702 Is-

1860 2740 1974 2793 rael
2015 2741 2320 2796 custodiam
2360 2741 2479 2803 Dei,
2518 2748 2574 2794 et
2606 2756 2715 2795 non
2752 2738 3159 2809 promovebunt
3186 2755 3200 2792 :
3231 2746 3289 2794 et
3308 2738 3438 2804 erit,

1861 2846 1984 2886 cum
2010 2833 2207 2887 texerit
2228 2833 2404 2887 nubes
2423 2833 2540 2887 dies
2559 2846 2793 2886 numero
2812 2846 2976 2899 super
2992 2830 3437 2895 tabernaculum,

1860 2940 1960 2994 per
1998 2939 2190 2978 vocem
2230 2922 2445 2977 Domini
2475 2923 2529 2976 in
2557 2921 2750 2977 castris
2777 2929 2959 2986 erunt,
3000 2928 3057 2974 et
3094 2935 3193 2990 per
3228 2935 3440 2989 praeca-

1859 3023 2015 3085 ptum
2037 3015 2252 3068 Domini
2276 3014 2679 3083 promovebunt
2706 3030 2719 3065 :
2749 3019 2807 3067 et
2837 3013 2962 3075 erit,
2989 3026 3114 3065 cum
3140 3011 3310 3075 fuerit
3329 3026 3440 3065 nu-

1860 3101 1959 3158 bes
1981 3120 2011 3158 a
2028 3119 2254 3172 vespere
2271 3119 2444 3173 usque
2459 3118 2639 3167 mane,
2661 3109 2717 3156 et
2732 3100 3042 3155 ascenderit
3058 3100 3235 3154 nubes
3254 3116 3437 3167 mane,

1862 3202 1918 3248 et
1952 3192 2355 3262 promovebunt
2376 3192 2485 3257 die,
2511 3192 2596 3246 vel
2620 3198 2801 3254 nocte,
2826 3197 2883 3245 et
2908 3189 3218 3244 ascenderit
3239 3190 3437 3255 nubes,

1861 3287 2265 3356 promovebunt
2296 3286 2406 3350 die,
2440 3287 2526 3341 vel
2549 3300 2737 3341 mense
2766 3284 2887 3339 dies
2917 3283 3232 3339 abundante
3269 3283 3437 3349 nube,

1860 3389 1917 3435 et
1941 3379 2299 3434 adumbrante
2330 3395 2496 3450 super
2522 3378 2676 3441 illud,
2708 3378 2765 3431 in
2799 3375 2995 3431 castris
3028 3383 3192 3431 erunt
3221 3374 3318 3429 ﬁlii
3356 3375 3438 3430 Is-

1860 3472 1993 3535 rael,
2021 3479 2078 3525 et
2097 3485 2207 3525 non
2235 3470 2666 3541 promovebunt;
2691 3469 2950 3540 quoniam
2982 3483 3079 3537 per
3101 3477 3439 3537 praeceptum

1860 3562 2076 3617 Domini
2108 3562 2538 3632 promovebunt;
2572 3560 2875 3616 custodiam
2911 3559 3125 3614 Domini
3161 3560 3441 3615 custodie-

1861 3660 1993 3706 runt
2037 3668 2136 3722 per
2171 3660 2503 3723 przeceptum
2537 3651 2753 3707 Domini
2798 3650 2855 3704 in
2894 3665 3060 3703 manu
3100 3649 3269 3721 Moysi
3311 3651 3379 3703 ".
3413 3668 3433 3702 ι

1860 3742 2059 3796 Erecto
2098 3750 2286 3797 sancto
2337 3741 2689 3796 tabernaculo
2738 3741 2795 3795 in
2828 3740 3068 3802 deserto,
3114 3740 3321 3795 nubem
3365 3740 3443 3795 ait

1862 3833 1997 3887 illud
2045 3834 2392 3903 implevisse;
2454 3833 2655 3888 deinde
2708 3831 2871 3887 simul
2935 3845 3062 3887 cum
3118 3830 3212 3886 illo
3271 3830 3441 3901 proﬁ-

1863 3922 2015 3986 cisci,
2046 3923 2320 3993 simulque
2363 3922 2558 3979 sistere
2602 3923 2742 3977 ﬁlios
2772 3922 2936 3976 Israel
2974 3921 3203 3990 iussisse
3243 3922 3439 3983 Deum,

1863 4011 2165 4069 identidem
2197 4015 2605 4070 accuratissime
2630 4011 3032 4083 profectionum
3064 4021 3308 4082 tempora
3339 4013 3437 4067 obs

1861 4121 2083 4162 servare
2125 4107 2534 4176 praecipientem
2586 4123 2598 4157 :
2641 4119 2750 4173 quo
2800 4105 2940 4173 ipso,
2980 4103 3048 4158 iis
3083 4104 3177 4173 qui
3224 4104 3444 4160 desides

1862 4210 1983 4251 esse
1998 4197 2219 4260 vellent,
2240 4197 2502 4250 indicavit
2520 4195 2884 4264 periculosam
2900 4210 3021 4250 esse
3036 4195 3156 4265 ejus
3171 4196 3250 4249 rei
3266 4204 3445 4251 trans-

1862 4290 2220 4360 gressionem.
2257 4287 2414 4358 164
2438 4288 2614 4356 Atque
2652 4286 2767 4341 bace
2793 4286 3018 4355 quidem
3039 4325 3054 4352 ,
3085 4287 3232 4355 quod
3262 4287 3329 4341 ad
3353 4287 3442 4342 hi-

1863 4381 2089 4435 storiam
2127 4379 2388 4449 pertinet,
2422 4378 2565 4433 dicta
2600 4377 2728 4431 sint.
2759 4377 2876 4431 Jam
2922 4392 3057 4432 vero
3089 4377 3235 4432 idem
3274 4378 3441 4448 spiri-

192 4482 267 4518 ται
296 4470 388 4520 καὶ
423 4468 699 4521 ἀνέτειλεν
734 4470 825 4520 ἐπὶ
860 4469 957 4539 τῆς
986 4470 1088 4541 γῆς
1117 4471 1150 4540 ἡ
1186 4471 1524 4542 ἀληθεστάτη
1562 4471 1754 4542 σκηνὴ,

1863 4472 2088 4526 tualiter
2116 4470 2568 4539 contemplemur.
2604 4468 2777 4522 Simul
2814 4468 2961 4522 enim
3001 4476 3165 4538 atque
3192 4477 3440 4523 erectum

192 4559 454 4612 τουτέστιν
488 4562 521 4630 ἡ
564 4559 880 4629 Ἐκκλησία.
925 4561 1277 4633 πεπλήρωται
1311 4562 1412 4631 τῆς
1464 4562 1621 4632 δόξης
1662 4564 1756 4616 τοῦ

190 4648 451 4717 Χριστοῦ·
488 4652 550 4702 τὸ
600 4650 708 4721 γάρ
751 4652 1123 4704 καλύπτεσθαι
1162 4655 1226 4723 τῇ
1280 4653 1475 4723 νεφέλῃ
1516 4654 1612 4724 τὴν
1661 4656 1761 4726 ἀρ·

191 4740 339 4805 χαίαν
390 4741 630 4810 σκηνὴν,
664 4742 762 4811 οὐχ
807 4742 1013 4809 ἕτερον,
1064 4738 1215 4811 οἶμαί
1248 4759 1370 4807 που,
1418 4742 1567 4814 παρά
1602 4743 1758 4796 τοῦτο

190 4828 345 4898 δηλοῖ,
380 4833 720 4903 Πεπλήρωκε
751 4833 926 4887 τοίνυν
955 4834 1053 4903 τῆς
1086 4834 1279 4887 ἐαυτοῦ
1308 4835 1465 4906 δόξης
1495 4838 1591 4906 τὴν
1636 4837 1757 4890 Ἑκ-

190 4922 409 4992 κλησίαν
457 4925 484 4975 ό
538 4924 792 4994 Χριστὸς,
852 4926 946 4978 καὶ
1002 4927 1114 4989 τοῖς
1169 4926 1267 4996 μὲν
1300 4928 1356 4978 ἐν
1411 4927 1621 4997 ἀμαθία
1662 4931 1759 4981 καὶ¹

190 5013 379 5085 πλάνῃ,
438 5014 691 5084 καθάπερ
726 5017 783 5067 ἐν
838 5016 994 5069 νυκτὶ
1040 5017 1134 5069 καὶ
1188 5017 1364 5088 σκότῳ
1398 5017 1753 5089 διατρίϐουσι,

380 5108 692 5178 ἀναλάμπει
739 5109 916 5180 δίκην,
958 5110 1050 5162 τὸν
1077 5110 1265 5181 νοητὸν
1312 5110 1551 5180 δηλονότι
1588 5128 1757 5180 φωτι-

191 5194 315 5262 σμὺν
370 5198 553 5260 ἐνιεὶς,
590 5202 705 5261 τοῖς
754 5215 818 5267 γε
856 5199 963 5270 μὴν
1011 5199 1112 5270 ήδη
1165 5201 1619 5269 πεφωτισμένοις,
1662 5202 1756 5254 καὶ

186 5285 394 5356 ἡμέραν
438 5288 653 5357 ἔχουσιν
701 5289 759 5341 ἐν
807 5290 1004 5359 καρδία
1059 5291 1158 5361 τὴν
1217 5290 1433 5361 νοητὴν,
1470 5291 1569 5362 τὴν
1625 5294 1754 5362 παρ’

188 5375 372 5429 ἐαυτοῦ
424 5380 579 5431 σκιάν
619 5397 678 5431 τε
729 5382 823 5433 καὶ
854 5382 1064 5451 σκέπην
1097 5381 1468 5452 δωρούμενος,
1504 5384 1598 5436 καὶ
1634 5382 1756 5454 δρό-

187 5483 293 5531 σοις
344 5472 535 5535 σύτοῦς
577 5476 956 5527 καταπιαίνων
1015 5481 1430 5547 πνευματικαῖς,
1480 5477 1750 5543 τουτέστι,

184 5561 301 5622 ταῖς
330 5561 530 5616 ἄνωθέν
556 5580 615 5616 τε
648 5566 743 5619 καὶ
773 5565 861 5618 διὰ
887 5566 981 5619 τοῦ
1004 5568 1321 5638 Πνεύματος
1349 5569 1748 5640 παρακλήσεσι.

1864 4574 1967 4629 est,
2010 4571 2066 4619 et
2095 4570 2347 4618 exortum
2375 4578 2541 4631 super
2568 4570 2772 4616 terram
2816 4561 2949 4616 illud
2977 4562 3327 4616 verissimum
3355 4574 3441 4616 ta-

1864 4655 2219 4711 bernaculum
2241 4695 2255 4719 ,
2290 4653 2343 4709 id
2374 4662 2456 4709 est
2475 4696 2489 4718 ,
2520 4654 2763 4709 Ecclesia
2784 4694 2798 4718 ,
2828 4654 3098 4723 repletum
3142 4663 3226 4709 est
3269 4654 3441 4725 gloria

1863 4744 2101 4801 Christi:
2131 4759 2279 4809 nam,
2304 4744 2448 4814 quod
2478 4751 2636 4799 vetus
2659 4743 2791 4797 illud
2830 4743 3246 4797 tabernaculum
3282 4759 3446 4814 oper-

1863 4846 1979 4892 tum
2012 4845 2096 4892 est
2126 4837 2295 4901 nube,
2338 4836 2476 4891 nihil
2504 4837 2673 4901 aliud,
2712 4852 2833 4891 mea
2866 4836 3158 4901 sententia,
3196 4836 3301 4891 nisi
3333 4837 3441 4892 hoc

1863 4927 2151 4999 signiﬁcat.
2186 4927 2295 4983 Sua
2319 4928 2484 4999 igitur
2505 4929 2675 5000 gloria
2701 4927 2952 4983 Christus
2982 4927 3223 4997 implevit
3252 4928 3443 4982 Eccle-

1860 5021 2029 5085 siam;
2057 5027 2113 5075 et
2140 5019 2206 5074 iis
2228 5020 2451 5089 quidem
2499 5020 2593 5090 qui
2628 5020 2684 5073 in
2716 5020 2931 5074 inscitia
2969 5028 3025 5073 et
3064 5033 3277 5082 errore,
3312 5026 3436 5072 tan-

1862 5126 2024 5180 quam
2070 5110 2125 5164 in
2166 5119 2327 5166 nocte
2360 5127 2424 5166 ac
2467 5111 2711 5166 tenebris
2743 5117 3051 5173 versantur,
3096 5109 3236 5179 ignis
3266 5109 3437 5164 instar

1862 5202 2104 5272 eﬁ‘ulget,
2129 5204 2468 5272 spiritualem
2493 5204 2752 5258 nimirum
2786 5203 3203 5256 illustrationem
3234 5202 3438 5256 immit-

1859 5302 2012 5359 tens;
2041 5294 2313 5350 iis‘autem
2339 5295 2433 5365 qui
2454 5297 2566 5366 jam
2615 5294 2909 5349 illuminati
2934 5301 3080 5356 sunt,
3110 5306 3166 5349 et
3199 5310 3434 5365 quorum

1857 5384 1912 5437 in
1943 5385 2108 5439 corde
2134 5386 2435 5456 spiritualis
2464 5386 2643 5441 illuxit
2682 5385 2822 5450 dies,
2856 5401 2886 5439 a
2919 5401 2979 5441 se
3019 5386 3270 5442 umbram
3304 5402 3433 5457 pro-

1854 5477 2257 5548 tectionemque
2281 5478 2529 5550 largitur,
2556 5494 2618 5534 ac
2645 5477 2919 5548 spirituali
2945 5494 3092 5545 rore,
3124 5479 3176 5534 id
3204 5488 3308 5543 est,
3336 5494 3433 5534 su-

1856 5568 2043 5637 pernis
2085 5578 2141 5623 et
2202 5585 2301 5640 per
2343 5570 2609 5641 Spiritum
2654 5569 2919 5626 adhibitis
2963 5569 3434 5627 consolationibus

251 5737 297 5768 ⁴¹¹
318 5739 504 5800 Matth.
523 5763 633 5809 xvi,
652 5747 741 5800 24.
808 5746 1023 5800 "Joan.
1049 5762 1177 5809 xvn,
1205 5746 1295 5801 24.
1359 5749 1404 5780 ’³
1426 5748 1587 5803 Num.
1617 5724 1690 5811 Is,
1720 5746 1909 5803 15-23.

493 5839 765 5901 PATROL.
813 5840 927 5901 Gn.
974 5840 1229 5901 LXVIII.

2966 5839 3035 5903 l3
