4072 6518
611 331 720 388 595

1657 319 1710 374 S.
1747 316 2026 372 CYRIIJJ
2065 315 2536 372 ALEXANDle
2575 313 2893 370 ARCHIEP.

3773 321 3880 380 596

609 449 736 505 illos
765 446 1069 517 impingunt
1100 461 1111 496 :
1140 442 1244 495 hoc
1271 439 1416 493 enim
1459 444 1561 500 est,
1589 435 1734 506 quod
1762 443 2022 502 tanquam
2057 432 2198 502 ignis

2310 432 2475 484 Τοῦτο
2505 432 2610 504 γάρ
2661 433 2776 484 ἐστι
2819 433 2880 486 τὸ
2925 450 2998 496 ως
3034 435 3090 486 ἐν
3137 435 3266 488 εῖδει
3319 437 3416 506 μὲν
3457 438 3623 509 πυρὸς
3651 438 3878 509 ὁρᾶσθαι

609 542 793 613 specie
821 539 1038 594 videtur
1069 551 1165 605 per
1201 541 1441 591 noctem,
1469 528 1632 586 nubis
1671 537 1854 581 autem
1881 526 2062 596 specie
2095 541 2194 594 per

611 631 778 688 diem.
803 629 938 683 Nam
959 625 1142 682 adhuc
1181 619 1370 690 pueris
1400 617 1761 672 illustratione
1801 625 1964 685 atque
1987 613 2193 670 illumi-

613 723 836 778 natione
868 733 1008 789 opus
1029 689 1314 782 eratiquaa
1339 711 1460 766 illos
1482 709 1550 764 ad
1575 710 1670 764 Dei
1702 707 2072 778 cognitionem
2096 689 2194 764 ad.-

615 815 882 872 duceret:
936 810 974 864 ii
1013 823 1150 864 vero
1187 805 1279 876 qui
1309 817 1472 873 supra
1499 801 1601 854 hos
1635 807 1814 862 erant,
1837 799 2059 868 jamque
2095 810 2197 864 per

617 907 780 961 ﬁdem
821 900 1094 965 illustrati,
1137 896 1478 969 protectione
1537 900 1702 962 atque
1738 887 1942 943 auxilio
1983 885 2195 954 indige-

617 998 770 1060 bant,
834 1001 896 1048 ut
947 999 1142 1050 aestum
1201 985 1489 1059 praesentis
1546 984 1672 1038 vita:
1713 997 1776 1036 ac
1817 977 2031 1050 pondus
2085 972 2197 1030 diei

616 1089 862 1162 perferre
890 1085 1108 1142 fortiter
1133 1087 1360 1153 possent
1386 1097 1398 1132 :
1425 1093 1554 1132 nam
1585 1095 1603 1127 ι
1633 1075 1838 1130 Omnes
1879 1073 1972 1144 qui
2004 1072 2198 1126 volunt

617 1183 704 1253 pie
724 1181 912 1236 vivere
941 1179 996 1232 in
1027 1175 1270 1240 Christo,
1303 1169 1744 1244 persecutionem
1772 1167 2049 1236 patientur
2072 1165 2136 1216 '“.
2171 1181 2190 1214 ι

613 1276 811 1336 Porro,
829 1268 1146 1325 discedente
1171 1265 1339 1330 nube,
1363 1259 1775 1318 tabernaculum
1798 1271 2016 1327 quoque
2037 1254 2199 1308 simul

619 1359 1016 1432 proﬁciscitur;
1041 1364 1098 1411 et
1126 1370 1234 1410 una
1261 1366 1384 1408 cum
1411 1350 1505 1404 illo
1537 1349 1680 1404 idem
1707 1347 1983 1402 faciebant
2006 1344 2098 1399 ﬁlii
2125 1343 2201 1398 ls-

615 1459 734 1514 rael
782 1476 794 1510 :
837 1455 1122 1512 Christum
1173 1450 1322 1504 enim
1379 1447 1583 1516 ubique
1631 1441 1881 1512 sequitur
1919 1437 2198 1502 Ecclesia,

619 1557 918 1617 sanctaque
956 1545 1048 1599 illa
1075 1539 1372 1596 multitudo
1395 1535 1760 1598 credentium,
1798 1531 1866 1587 ab
1890 1546 1956 1586 eo
1984 1529 2078 1600 qui
2101 1543 2200 1584 vo-

619 1649 710 1697 cat
731 1641 792 1694 in
817 1638 1070 1698 salutem,
1097 1647 1378 1702 nunquam
1402 1628 1754 1700 disjungitur.

691 1727 889 1786 PALL.
924 1727 1195 1794 Quidnam
1229 1739 1362 1778 vero
1390 1720 1786 1792 profectionem
1823 1721 2090 1777 nostram,
2115 1719 2198 1766 at-

2302 523 2401 593 τὴν
2431 523 2622 586 νύκτα,
2661 525 2718 576 ὲν
2743 523 2800 576 δὲ
2850 524 2979 577 εἴδει
3020 526 3269 596 νεφέλης,
3303 527 3402 598 τὴν
3438 530 3672 600 ἡμέραν.
3731 531 3880 584 Ἔδει

2303 615 2433 688 γὰρ,
2465 616 2572 668 ἔδει
2603 618 2715 679 τοῖς
2756 615 2856 686 μὲν
2889 615 2969 668 ἔτι
3005 618 3220 687 νηπίοις
3251 619 3530 689 φωτισμοῦ
3559 621 3655 672 καὶ
3683 620 3880 693 ὲλλάμ·

2302 707 2480 776 ψεωςν
2531 706 2631 775 τῆς
2682 706 3064 776 ἀποφερούσης
3113 709 3194 772 είς
3239 709 3597 778 θεογνωσίαν·
3655 713 3771 773 τοῖς
3825 711 3882 764 δὲ

2303 799 2510 853 τούτων
2535 799 2793 870 ἀνωτέρω
2839 800 2933 852 καὶ
2978 799 3486 870 λελαμπρυσμὲνοις
3511 801 3598 855 διὰ
3639 803 3740 872 τῆς
3791 801 3882 854 πί-

2308 907 2503 952 στεως,
2541 890 2751 960 σκέπης
2788 891 2882 943 καὶ
2915 891 3253 962 ἐπιχωρίας,
3283 891 3358 954 ὡς
3383 891 3448 944 ἂν
3481 891 3727 946 δύναιντο
3762 909 3872 960 γεν

2306 981 2470 1044 ναίως
2494 981 2790 1048 διενεγκεῖν
2811 979 2906 1034 τοῦ
2933 982 3199 1054 παρόντος
3227 981 3340 1052 βίου
3371 981 3462 1035 τὸν
3490 982 3752 1035 καύσωνα
3791 983 3887 1034 καὶ

2306 1071 2404 1142 τῆς
2439 1073 2653 1142 ἡμέρας
2697 1071 2759 1126 τὸ
2807 1071 3011 1144 βάρος·
3076 1091 3094 1122 ι
3139 1075 3346 1136 Πάντες
3393 1073 3500 1145 γὰρ
3550 1075 3599 1126 οἱ
3635 1073 3888 1136 θέλοντες

2307 1160 2406 1232 ζῇν
2432 1161 2673 1224 εὐσεϐῶς
2707 1165 2764 1215 ὲν
2785 1162 3024 1234 Χριστῷ,
3051 1162 3459 1233 διωχθήσονται.
3513 1183 3532 1214 ι
3583 1163 3887 1232 ’Δπαιρού-

2309 1268 2408 1320 σης
2453 1252 2510 1305 δὲ
2553 1251 2655 1322 τῆς
2703 1253 2952 1324 νεφέλης,
2985 1253 3310 1324 συναπαίρει
3353 1255 3446 1308 καὶ
3480 1254 3514 1324 ἡ
3542 1255 3742 1325 σκηνὴ,
3793 1255 3890 1306 καὶ

2309 1342 2686 1412 καταλυούσης
2733 1343 3185 1410 συγκαθίσταται,
3239 1344 3333 1398 καὶ
3381 1346 3477 1398 σὺν
3529 1345 3666 1414 αὐτῇ
3729 1343 3890 1396 τοῦτο

2309 1433 2476 1504 ἔδρων
2509 1435 2557 1486 οἱ
2591 1431 2650 1498 ἐξ
2687 1435 2921 1504 Ἰσραήλ·
2959 1435 3150 1488 ἕπεται
3195 1434 3304 1505 γὰρ
3335 1437 3370 1506 ἡ
3419 1435 3717 1506 Ἐκκλησία
3748 1453 3890 1488 παν-

2309 1525 2452 1593 ταχῆ
2488 1523 2566 1592 τῷ
2595 1523 2836 1594 Χριστῷ,
2885 1523 2976 1578 κοιῖ⁵
3003 1527 3035 1595 ἠ
3066 1524 3173 1578 τῶν
3203 1525 3562 1578 πιστευόντων
3591 1523 3726 1592 ἁγία
3755 1524 3890 1594 πλη-

2309 1612 2406 1676 θὺς
2433 1613 2526 1665 τοῦ
2556 1613 2846 1677 καλοῦντος
2874 1617 2953 1678 εἱς
2981 1614 3254 1684 σωτηρίαν
3285 1615 3384 1667 οὐκ
3412 1614 3862 1684 ἁπονοσφίζεται.

2383 1706 2590 1759 ΠΑΛΛ.
2649 1707 2760 1759 Καὶ
2813 1705 2897 1768 τίς
2951 1705 3015 1760 ἂν
3061 1708 3232 1760 νοοῖτο
3287 1706 3446 1776 τυχὸν
3477 1707 3512 1776 ἦ
3551 1723 3614 1759 τε
3645 1705 3889 1777 ἄπαρσις

619 1841 728 1896 que
775 1823 991 1878 itineris
1033 1819 1420 1880 cessationem,
1463 1819 1743 1884 praeeunte
1791 1825 1856 1864 ac
1896 1805 2202 1862 deducente

2310 1799 2336 1870 η
2348 1798 2463 1870 μῶν
2495 1799 2588 1852 καὶ
2616 1800 2650 1868 ἡ
2679 1798 2994 1862 κατάλυσις,
3047 1796 3474 1868 προδιϐἀζοντός
3497 1815 3556 1851 τε
3587 1799 3686 1853 καὶ
3719 1801 3890 1869 ἡγου-

609 1916 862 1978 Christo,
885 1910 1218 1968 intellecturi
1242 1907 1466 1964 sumus?

687 2006 850 2062 CYR.
876 2003 1096 2060 Nullum
1122 2009 1208 2058 est
1233 2001 1377 2054 inter
1401 1998 1518 2052 hzec
1547 1993 1846 2063 Scriptura:
1867 1989 2058 2052 verba,
2084 2001 2206 2040 mea

603 2097 846 2170 quidem
886 2094 1180 2156 sententia,
1219 2090 1552 2154 discrimen;
1579 2101 1702 2140 eum
1729 2093 1836 2138 tam
1861 2083 1968 2136 hoc
2005 2079 2205 2149 ipsum,

607 2190 784 2246 simul
801 2202 934 2243 cum
967 2185 1116 2240 nube
1142 2181 1436 2254 proﬁcisci,
1477 2193 1642 2248 quam
1687 2174 1844 2237 illud,
1871 2171 2034 2228 simul
2071 2185 2206 2223 con-

615 2284 838 2345 sistere,
885 2279 1114 2348 ﬁguram
1157 2273 1325 2328 veluti
1377 2270 1672 2341 quamdam
1713 2264 1966 2320 ostendat
2007 2269 2208 2316 nostra:

615 2371 940 2434 voluntatis,
957 2383 1076 2438 :qua
1093 2381 1222 2421 cum
1243 2365 1356 2418 Deo
1370 2377 1492 2418 esse
1517 2360 1788 2429 cupimus.
1807 2357 2034 2418 Tamen,
2061 2361 2122 2406 ut
2139 2349 2208 2405 ad

609 2459 1068 2531 intelligentiam,
1103 2469 1274 2525 quam
1315 2452 1550 2506 maxime
1579 2448 1696 2504 ﬁeri
1725 2444 1927 2517 poterit
1949 2442 2209 2498 subtilem

608 2553 870 2610 animum
895 2547 1252 2619 appellamus,
1279 2541 1412 2598 illud
1431 2541 1698 2602 dicemus,
1726 2537 1962 2607 primam
1987 2533 2206 2604 quidem

623 2643 1019 2719 profectionem
1047 2655 1189 2704 esse,
1223 2653 1332 2708 qua
1365 2636 1432 2690 ab
1477 2632 1800 2688 inﬁdelitate
1835 2627 1904 2683 ad
1947 2628 2132 2691 ﬁdem,
2153 2636 2210 2682 et

623 2739 698 2795 ab
719 2734 1026 2808 ignorantia
1059 2731 1128 2786 ad
1151 2728 1544 2801 cognitionem,
1596 2735 1652 2778 et
1691 2723 1760 2777 ab
1803 2719 2022 2776 inscitia
2065 2719 2211 2772 illius

617 2827 722 2898 qui
749 2807 956 2880 natura
983 2835 1220 2890 vereque
1249 2819 1394 2873 Deus
1427 2825 1533 2882 est,
1559 2813 1626 2868 ad
1665 2813 1868 2867 claram
1904 2810 2024 2880 ejus
2064 2807 2210 2862 noti-

615 2919 781 2980 tiam,
807 2916 902 2985 qui
929 2912 1312 2968 universarum
1349 2919 1536 2962 rerum
1562 2910 1617 2975 et
1639 2899 1903 2956 Dominus
1931 2905 1986 2950 et
2007 2894 2210 2950 Condi-

617 3014 716 3061 tor
749 2984 854 3066 est,
897 2997 1317 3071 proﬁciscimur.
1363 2991 1636 3048 Profectio
1679 2995 1862 3042 autem
1907 2993 2032 3054 post
2073 2984 2214 3037 hanc

619 3095 791 3150 modo
835 3093 1036 3147 dictam
1079 3087 1319 3144 secunda
1354 3093 1460 3149 est,
1488 3096 1662 3151 eaque
1707 3078 1979 3150 perutilis,
2010 3091 2134 3130 cum
2179 3090 2212 3128 a

2311 1889 2473 1960 μένου
2505 1887 2741 1958 Χριστοῦ
2761 1905 2776 1954 ;

2379 1982 2542 2034 ΚΥΡ.
2597 1981 2977 2052 Ἀδιαφορήσει
3033 1980 3130 2049 μέν
3186 1997 3302 2044 πως
3355 1980 3410 2034 ἔν
3449 1997 3511 2048 γε
3551 1981 3618 2050 δὴ
3675 1981 3891 2044 τούτοις

2305 2073 2440 2142 ἡμῖν
2490 2074 2518 2124 ό
2571 2071 2746 2139 λόγος,
2802 2071 2972 2124 τύπον
3025 2069 3214 2142 ὥσπερ
3267 2072 3386 2124 τινὰ
3440 2071 3890 2132 καταδεικνύντος

2309 2165 2440 2234 ἡμῖν
2465 2161 2559 2216 τοῦ
2602 2162 2778 2216 θέλειν
2818 2159 2958 2216 εἶναι
2989 2162 3129 2232 μετὰ
3162 2161 3296 2214 Θεοῦ
3327 2161 3422 2214 τοῦ
3448 2180 3506 2216 τε
3530 2165 3894 2233 συναπαίρειν

2308 2254 2402 2308 καὶ
2437 2253 2900 2321 συγκαθίστασθαι
2933 2255 2998 2326 τῇ
3023 2251 3242 2323 νεφέλῃ·
3275 2253 3414 2322 πλὴν
3446 2255 3522 2316 είς
3556 2257 3771 2318 ἐννοίας
3819 2255 3892 2315 ὡς

2309 2343 2388 2398 ἔνι
2420 2344 2623 2407 λεπτὰς
2659 2343 2748 2396 τὸν
2775 2343 2896 2397 νοῦν
2917 2343 3168 2408 ἐνιέντες,
3215 2344 3372 2396 πάλιν
3405 2345 3582 2396 ἐκεῖνο
3625 2343 3885 2414 ἐροῦμεν,

2307 2437 2390 2490 ὅτι
2445 2433 2634 2506 πρώτη
2672 2435 2771 2506 μὲν
2805 2435 3046 2518 ἄπαρσις
3078 2438 3112 2505 ή
3157 2435 3216 2499 ἐξ
3260 2436 3517 2498 ἀπιστίας
3553 2437 3633 2498 είς
3679 2435 3890 2498 πίστιν,

2308 2526 2404 2580 καὶ
2437 2525 2496 2591 ἐξ
2516 2525 2736 2594 ἀγνοίας
2769 2527 2848 2589 είς
2886 2525 3105 2591 γνῶσιν,
3138 2527 3230 2580 καὶ
3259 2527 3324 2578 ἐκ
3348 2525 3442 2578 τοῦ
3475 2525 3550 2597 μὴ
3577 2526 3782 2578 εἰδέναι
3811 2527 3894 2590 τίς

2308 2620 2336 2671 ό
2371 2618 2530 2686 φύσει
2564 2634 2624 2670 τε
2655 2617 2749 2670 καὶ
2787 2617 3008 2688 ἀληθῶς
3047 2616 3206 2682 Θεὸς,
3249 2619 3342 2670 ἐπὶ
3393 2620 3453 2671 τὸ
3475 2619 3672 2670 εἰδέναι
3707 2619 3894 2686 σαφῶς

2308 2711 2398 2764 τὸν
2451 2709 2560 2762 τῶν
2609 2709 2745 2762 ὅλων
2799 2710 3074 2780 Δεσπότην
3114 2711 3205 2763 καὶ
3235 2711 3490 2782 Ποιητήν.
3525 2711 3806 2781 Ἀπαρσις
3840 2709 3894 2762 δὲ

2309 2801 2499 2872 ῶσπερ
2557 2801 2673 2870 μετ’
2719 2801 2934 2870 ἐκείνην
2985 2801 3210 2871 δευτέρα
3261 2801 3354 2856 καὶ
3409 2799 3716 2872 ἐπωφελὴς,
3749 2803 3786 2870 ή
3833 2802 3896 2854 ἐκ

2312 2887 2644 2958 φαυλότητός
2676 2905 2731 2940 τε
2762 2890 2856 2942 καὶ
2876 2889 3188 2957 ἀσελγείας,
3219 2891 3310 2942 ἐπὶ
3340 2890 3398 2943 τὸ
3427 2891 3602 2944 θέλειν
3637 2891 3741 2960 ἤδη

2311 2979 2378 3033 τὰ
2415 2979 2622 3050 ἀμείνω
2653 2980 2786 3051 δρᾷν
2815 2998 2872 3033 τε
2916 2983 3011 3035 καὶ
3061 2984 3296 3051 φρονεῖν.
3346 2983 3514 3053 Τρίτη
3569 2981 3624 3034 δὲ
3688 2982 3898 3050 ταύτης

2315 3069 2727 3142 προφερεστέρα
2778 3071 2873 3123 καὶ¹
2902 3073 2958 3124 ὲν
2993 3071 3212 3144 εὐκλείᾳ
3243 3072 3466 3143 μείζονι,
3500 3073 3534 3142 ἡ
3583 3074 3647 3124 ὲκ
3677 3071 3778 3124 τοῦ
3814 3075 3897 3124 ὲν-

626 3184 872 3254 nequitia
902 3191 1066 3250 atque
1087 3173 1509 3246 intemperantia
1531 3189 1597 3228 eo
1618 3171 1916 3233 tendimus,
1939 3177 1998 3223 ut
2015 3168 2126 3238 jam
2149 3166 2205 3220 li-

2314 3162 2466 3254 δεοῦς
2507 3162 2619 3254 ἐπὶύ
2650 3161 2709 3216 τὸ
2745 3163 2946 3233 ἀρτίως
2985 3164 3130 3234 ἕχον,
3181 3164 3497 3236 πρακτικῶς
3539 3180 3598 3216 τε
3633 3164 3756 3233 ἅμα
3801 3163 3898 3216 καὶ

625 3285 748 3333 eoat
767 3275 997 3330 meliora
1016 3283 1128 3327 tum
1153 3269 1380 3332 sentire,
1401 3275 1516 3320 tum
1538 3265 1738 3319 facere.
1757 3262 1914 3334 165
1932 3261 2044 3314 llac
2070 3273 2210 3330 prae-

627 3365 864 3420 stantior
887 3371 972 3418 est
995 3359 1156 3415 tertia
1180 3367 1236 3412 et
1271 3356 1577 3428 gloriosior,
1604 3369 1728 3408 cum
1753 3369 1820 3408 ex
1843 3367 1908 3406 eo
1931 3359 2075 3406 statu
2122 3349 2212 3404 cui

627 3455 838 3526 aliquid
880 3452 1044 3516 desit,
1085 3449 1154 3506 ad
1193 3447 1588 3518 perfectionem
1635 3444 1908 3498 factorum
1953 3440 2114 3495 simul
2147 3439 2213 3494 'et

629 3546 944 3616 dogmatuin
981 3540 1298 3596 transimus.
1327 3537 1524 3592 Annon
1571 3534 1832 3606 paulatim
1857 3532 1926 3586 ad
1949 3547 2210 3602 augmen-

629 3647 748 3692 tum
772 3635 918 3705 quod
935 3633 998 3688 in
1015 3632 1236 3688 Christo
1261 3629 1604 3698 intelligitur,
1625 3625 1922 3688 tendimus,
1941 3638 2064 3678 cum
2088 3637 2214 3692 pro-

630 3729 848 3784 ﬁcimus
881 3725 936 3778 in
961 3725 1140 3778 virum
1170 3721 1492 3792 perfectum,
1519 3727 1574 3773 et
1605 3715 1951 3772 ascendimus
1975 3714 2030 3768 in
2054 3729 2210 3768 men-

629 3832 816 3874 suram
857 3813 1037 3869 aetatis
1079 3809 1439 3881 plenitudinis
1477 3809 1596 3880 ejus
1619 3806 1897 3876 "‘iAtque
1934 3805 2040 3858 hoc
2077 3802 2212 3856 illud

629 3915 714 3962 est
748 3904 1000 3966 fortasse,
1025 3901 1172 3972 quod
1215 3900 1362 3956 beati
1402 3898 1558 3954 Pauli
1595 3912 1728 3952 voce
1769 3895 1929 3950 nobis
1971 3893 2209 3955 canitur,

637 4018 658 4051 ι
687 3998 892 4054 Eorum
918 4010 1040 4064 quae
1085 4002 1236 4048 retro
1277 3999 1424 4055 sunt,
1464 3991 1700 4052 oblitus,
1725 3989 1782 4042 in
1819 4003 1886 4042 ea
1907 4001 2039 4041 vero
2091 3999 2212 4054 quae

629 4097 756 4146 ante
795 4095 950 4150 sunt,
993 4093 1276 4147 extentus,
1319 4081 1388 4136 ad
1429 4081 1762 4135 destinatum
1785 4092 2108 4148 persequor,
2141 4073 2212 4130 ad

629 4181 880 4238 braviqu
921 4191 1174 4246 superate
1199 4173 1502 4228 vocationis
1533 4171 1598 4224 ’⁸.
1637 4191 1654 4220 ι
1683 4169 1820 4224 Cum
1861 4167 2024 4238 igitur
2047 4165 2211 4236 spiri-

629 4271 851 4328 tualiter
876 4285 942 4322 ex
971 4265 1279 4338 ignorantia
1310 4263 1376 4317 ad
1402 4260 1790 4331 COgnitionem,
1816 4274 1882 4312 ex
1905 4256 2120 4310 inscitia
2143 4255 2212 4310 ad

630 4360 936 4424 scientiam,
962 4373 1028 4411 ex
1060 4354 1380 4410 inﬁdelitate
1404 4351 1470 4406 ad
1507 4350 1668 4404 ﬁdem
1701 4347 2120 4418 proﬁciscimur,
2149 4359 2212 4399 ac

630 4467 848 4521 semper
873 4451 929 4504 in
952 4447 1248 4502 virtutibus
1269 4443 1606 4514 proficimus,
1633 4456 1814 4495 nonne
1849 4439 1903 4492 in
1936 4439 2115 4492 locum
2144 4452 2212 4491 ex

2315 3252 2681 3322 δογματικῶς.
2715 3255 2784 3306 Ἦ
2813 3253 2932 3324 οὐχὶ
2966 3255 3108 3307 κατὰ
3137 3255 3307 3324 βραχὺ
3337 3253 3469 3324 πρὸς
3507 3253 3738 3322 αὔξησιν
3771 3253 3898 3324 ἴμεν

2313 3343 2411 3413 τὴν
2452 3345 2511 3396 ὲν
2558 3343 2778 3414 Χριστῷ
2833 3345 3149 3415 νοουμένην,
3203 3345 3605 3414 προκόπτοντες
3662 3344 3766 3414 μὲν
3821 3345 3900 3407 είς

2312 3431 2482 3502 ἄνδρα
2506 3429 2727 3496 τέλειον,
2760 3432 3204 3501 ἀναθρώσκοντες
3229 3433 3284 3486 δὲ
3317 3433 3408 3486 καὶ
3435 3436 3512 3496 είς
3539 3433 3742 3504 μέτρον
3781 3435 3900 3504 ἡλι-

2313 3522 2437 3585 κίας
2461 3521 2554 3574 τοῦ
2601 3521 2969 3592 πληρώματος
3003 3525 3200 3590 αὐτοῦ;
3245 3526 3414 3578 Τοῦτο
3460 3524 3598 3594 τάχα
3633 3523 3737 3576 ποῦ
3779 3527 3900 3578 ἐστι

2315 3613 2373 3665 τὸ
2425 3613 2513 3665 διὰ
2566 3613 2748 3682 φωνῆς
2797 3613 2891 3666 τοῦ
2942 3615 3228 3667 θεσπεσίου
3285 3613 3496 3668 Παύλου
3547 3597 3898 3684 ὑμνούμενοι

2313 3705 2481 3776 ἡμῖν·
2523 3726 2541 3756 ι
2579 3705 2701 3759 Τῶν
2739 3709 2834 3774 μὲν
2885 3707 3060 3760 ὀπίσω
3112 3707 3622 3777 ἐπιλανθανόμενος,
3679 3711 3802 3772 τοῖς
3843 3707 3900 3760 δὲ

2313 3797 2619 3868 ἔμπροσθεν
2661 3798 3126 3867 ἐπεκτεινόμενος,
3163 3798 3302 3851 κατά
3347 3798 3546 3850 σκοπὸν
3586 3797 3777 3850 διώκω
3823 3799 3900 3860 εἰς

2313 3889 2370 3942 τὸ
2393 3888 2641 3959 βραϐεῖον
2665 3889 2761 3960 τῆς
2784 3889 2894 3942 ἄνω
2916 3889 3176 3960 κλήσεως.
3193 3909 3210 3942 ι
3233 3891 3581 3960 ’Λπαίροντες
3609 3888 3666 3940 δὲ
3685 3889 3900 3957 νοητῶς

2314 3981 2372 4046 ἐξ
2403 3979 2624 4048 ἀγνοίας
2658 3984 2736 4044 εἰς
2759 3982 3074 4048 ἐπίγνωσιν,
3111 3979 3170 4046 ἐξ
3197 3980 3433 4052 ἀμαθίας
3457 3983 3537 4043 εἰς
3567 3979 3816 4040 σύνεσιν,
3841 3981 3902 4044 ἐξ

2313 4072 2572 4134 ἀπιστίας
2621 4073 2700 4134 είς
2737 4073 2939 4136 πίστιν,
2981 4073 3074 4124 καὶ
3104 4073 3189 4124 ἀεὶ
3227 4073 3626 4143 προκόπτοντες
3665 4073 3724 4124 ὲν
3767 4074 3904 4141 ἀρε-

2313 4165 2452 4224 ταῖς,
2489 4158 2577 4232 ἆρ⁹
2611 4162 2732 4232 οὐχὶ
2777 4163 2940 4214 τόπον
2988 4165 3052 4215 ἐκ
3100 4163 3266 4214 τόπου
3299 4161 3770 4232 μεθορμιζόμεθα,
3809 4161 3902 4212 καὶ

2313 4253 2378 4306 ὲκ
2417 4253 2709 4316 διαθέσεως
2757 4254 2923 4324 ἤγουν
2955 4255 3120 4318 ἕξεως
3163 4257 3260 4326 τῆς
3299 4253 3512 4308 τοιᾶσδε
3567 4253 3758 4322 τυχὸν,
3820 4255 3900 4316 εἰς

2313 4345 2411 4416 τὴν
2447 4344 2657 4398 τοιάνδε
2687 4339 2752 4398 αὖ
2786 4344 3171 4416 μεθιστάμενοι
3207 4345 3600 4416 προσεοίκαμεν
3634 4345 3741 4415 ἤδη

2312 4438 2427 4499 τοῖς
2459 4435 2706 4489 εἰωθόσιν
2733 4437 3062 4507 ὁδοιπορείν;

633 4545 754 4600 loco
776 4541 1168 4610 demigramus,
1192 4545 1248 4590 et
1271 4551 1338 4588 ex
1376 4542 1528 4589 certa
1551 4531 1786 4602 quadam
1841 4529 2130 4582 affectione
2181 4531 2278 4579 aut
2317 4525 2509 4580 habitu
2549 4525 2604 4577 in
2645 4524 2813 4579 alium
2854 4541 2955 4580 nos
2989 4526 3398 4590 transferentes,
3448 4527 3514 4580 iis
3543 4525 3638 4594 qui
3673 4524 3786 4578 iter
3819 4525 3900 4580 fa-

635 4639 816 4701 ciunt,
857 4649 1040 4690 nonne
1089 4646 1253 4702 quam
1297 4627 1564 4684 simillimi
1609 4623 2012 4697 quodammodo
2063 4621 2355 4676 videmur?

703 4731 900 4788 PALL.
941 4728 1188 4796 Intelligo
1211 4724 1360 4794 quod
1391 4724 1550 4778 dicis.

702 4823 860 4879 (ΝΒ.
901 4819 1068 4890 Atqui
1114 4832 1296 4885 neque
1341 4822 1402 4868 ut
1447 4831 1480 4868 a
1525 4813 1770 4884 nequitia
1807 4810 2208 4882 proﬁciscatur,

631 4929 810 4985 neque
845 4927 978 4968 vero
1013 4918 1074 4965 ut
1121 4908 1190 4964 ad
1237 4907 1466 4961 meliora
1511 4905 1814 4976 perveniat,
1847 4911 1903 4956 ct
1941 4901 2210 4972 quodam-

633 5006 798 5062 modo
845 5005 1104 5066 divertat,
1153 4999 1416 5068 consequi
1467 4997 1671 5068 poterit
1721 4996 2040 5066 quisquam,
2105 4993 2210 5046 nisi

629 5097 852 5154 Christo
873 5095 1074 5150 comite
1095 5107 1160 5146 ac
1184 5091 1344 5146 duce.
1383 5090 1570 5158 Itaque
1598 5089 1802 5142 sanctis
1837 5086 1942 5140 illis
1964 5085 2208 5154 discipu-

631 5189 702 5244 lis
737 5187 994 5242 dicebat:
1034 5204 1052 5234 ι
1091 5184 1220 5238 Sine
1273 5197 1360 5236 me
1409 5181 1548 5235 nihil
1595 5179 1823 5249 potestis
1859 5177 2038 5232 facere
2074 5179 2140 5230 ".
2185 5195 2203 5226 ›

634 5281 802 5350 Igitur
833 5293 900 5331 ex
929 5292 998 5330 eo
1020 5274 1167 5344 quod
1208 5283 1291 5328 est
1331 5271 1494 5326 simul
1531 5269 1824 5340 proﬁcisci,
1854 5267 2002 5322 nube
2035 5265 2204 5336 proli-

635 5371 894 5432 ciscente,
937 5367 1207 5436 simulque
1249 5379 1372 5420 cum
1415 5363 1732 5434 quiescente
1765 5359 2070 5430 quiescere,
2101 5358 2206 5412 hoc

635 5461 905 5518 declarari
953 5475 1050 5530 per
1091 5459 1322 5528 aenigma
1353 5455 1592 5518 videtur,
1616 5467 1725 5506 una
1757 5466 1882 5504 cum
1915 5451 2028 5502 Deo
2059 5463 2202 5510 esse,

633 5561 690 5610 et
713 5551 897 5608 omnia
919 5565 1046 5606 cum
1069 5551 1163 5606 illo
1189 5550 1388 5606 facere.
1428 5547 1838 5608 Verumtamen,
1880 5541 2080 5610 inquit,
2104 5555 2201 5610 per

2242 4719 2283 4772 D
2383 4713 2593 4768 ΠΑΛΛ.
2632 4715 2862 4786 Συνίημι
2889 4713 2918 4766 ὃ
2947 4716 3072 4786 φής.

2384 4806 2545 4858 ΚΥΡ.
2592 4805 2732 4858 Ἀλλ’
2765 4804 2889 4860 οὔτε
2913 4806 3010 4877 τὴν
3033 4807 3098 4860 ὲκ
3129 4805 3456 4878 φαυλότητος
3479 4806 3742 4878 ἄπαρσιν,
3771 4808 3902 4861 οὔτε

2315 4897 2423 4968 μὴν
2457 4895 2516 4950 τὸ
2549 4896 2886 4964 ἐφικνεῖσθαι
2923 4895 3082 4966 τυχὸν
3115 4897 3210 4950 καὶ
3243 4895 3660 4966 ὲγκαταυλίσθαι
3691 4897 3904 4967 τρόπον

2308 4985 2430 5039 τινὰ
2464 4987 2576 5048 τοῖς
2621 4985 2902 5055 ἀμείνοσι,
2936 4985 3279 5056 κατορθῶσαί
3323 5003 3407 5050 τις
3440 4985 3506 5038 ἂν
3537 4984 3740 5056 δυνηθῇ
3761 5026 3782 5050 ,
3821 4985 3902 5056 μὴ

2310 5078 2431 5146 οὐχὶ
2460 5077 2709 5140 συνόντος
2742 5093 2801 5128 τε
2843 5076 2936 5129 καὶ
2967 5075 3270 5145 ἡγουμένου
3301 5075 3558 5147 Χριστοῦ.
3596 5073 3904 5146 Τοιγάρτοι

2312 5169 2540 5231 καὶτοῖς
2581 5167 2754 5235 ἁγίοις
2794 5167 3000 5236 ἔφασκε
3045 5166 3340 5238 μαθηταῖς·
3375 5185 3394 5218 ι
3430 5166 3612 5236 Χωρὶς
3649 5165 3796 5234 ἐμοῦ
3839 5168 3902 5220 οὐ

2312 5261 2541 5314 δύνασθε
2577 5263 2754 5312 ποιεῖν
2799 5259 2969 5312 οὐδέν.
3015 5279 3034 5311 ι
3070 5259 3278 5312 Οὐκοῦν
3323 5259 3382 5312 τὸ
3433 5259 3666 5312 συνεῖναί
3713 5275 3782 5310 τε
3825 5257 3906 5328 τῷ

2313 5353 2456 5424 Θεῷ,
2484 5355 2578 5406 καὶ
2615 5354 2710 5406 σὺν
2745 5352 2894 5422 αὐτῴ
2928 5353 3102 5406 πάντα
3144 5351 3304 5424 δρᾷν,
3331 5352 3656 5422 ὑποφήνειεν
3699 5349 3776 5402 ἂν
3815 5352 3906 5402 αἰ-

2313 5443 2666 5516 νιγματωδῶς
2694 5445 2815 5498 τότε
2849 5445 3202 5514 συναπαίρειν
3231 5442 3538 5514 ἀπαιροῦση
3569 5444 3636 5512 τῇ
3665 5445 3906 5516 νεφέλῃ.

2313 5539 2406 5590 καὶ
2438 5533 2723 5609 ὴρεμούσῃ
2759 5537 3103 5606 συνηρεμεῖν.
3140 5535 3306 5606 Πλὴν,
3347 5535 3436 5589 διὰ
3469 5533 3908 5605 προστάγματος

705 5733 751 5766 ⁸⁸
771 5733 790 5788 ι
813 5732 955 5788 Tim.
979 5747 1059 5796 ιιι,
1081 5729 1164 5784 12.
1239 5731 1282 5764 ’⁷
1309 5729 1509 5798 Ephes.
1541 5744 1615 5795 Iv,
1639 5725 1864 5799 passim.
1943 5725 1986 5756 ’⁸
2013 5721 2205 5794 Philip]

2310 5739 2358 5786 ιι,
2389 5721 2475 5778 13.
2555 5721 2598 5755 ’³
2621 5720 2780 5778 Joan.
2811 5737 2900 5788 xv,
2927 5721 2982 5776 5.
