3998 6520
192 368 275 423 591
901 354 983 407 DE
1034 350 1470 407 ADORATIONE
1514 350 1581 404 IN
1626 348 1895 404 SPIRITU
1939 350 2024 403 ET
2059 348 2427 403 VERITATE.
2473 349 2598 402 LIB.
2644 350 2704 401 V.

3318 357 3421 408 3‘38

197 482 388 553 Κυρίου,
410 476 589 545 φησιν,
627 473 917 544 άπαροῦσι·
952 474 1046 526 καὶ
1078 472 1256 535 τοῦτο,
1290 468 1464 542 οἶμαι,
1489 471 1638 542 δηλοῖ
1684 472 1742 523 τὸ

1854 479 2179 539 praeceptum
2219 470 2434 524 Domini
2476 469 2881 540 promovebant
2920 472 2962 502 ³ο
2993 490 3004 525 :
3034 482 3087 526 et
3116 473 3241 537 hoc,
3299 490 3422 530 mea

194 575 273 629 καὶ
299 570 442 637 λόγου
468 565 676 620 δεῖσθαι
713 564 809 618 τοῦ
847 564 1280 636 παροτρύνοντος
1307 566 1388 627 είς
1416 564 1607 630 ἀλκὴν,
1645 564 1737 616 καὶ

191 664 259 728 εἰς
276 662 363 731 τὴν
384 659 488 720 τοῖς
512 657 689 725 ἁγίοις
712 655 1023 727 πρέπουσαν
1050 656 1348 726 εὐκοσμίαν
1367 655 1491 718 τοὺς
1512 654 1739 708 ἕπεσθαι

190 759 282 811 δεῖν
302 748 569 821 οἰομένους
599 749 657 802 ἐν
681 747 921 819 Χριστῷ·
951 767 967 798 ι
989 747 1172 801 Πάντα
1186 750 1316 818 γὰρ,
1340 748 1522 818 φησιν,
1540 747 1740 815 εὐσχη-

192 848 346 919 μόνως
372 839 627 894 καὶκατὰ
661 837 817 904 τάξιν
846 838 1099 907 γινέσθω.
1140 857 1159 889 ι
1198 838 1378 901 Τύπος
1409 837 1466 891 δὲ
1506 837 1613 909 ἄρα
1650 837 1742 890 καλ¹

192 937 325 992 τοῦδε
351 933 411 1003 δὴ
438 931 620 994 πάλιν,
656 930 716 983 τὸ
742 927 939 1000 ἐφεξῆς
983 930 1388 1001 γεγραμμένον.
1440 932 1583 999 Ἔφη
1633 930 1742 998 γὰρ

188 1025 277 1084 ὧδε
308 1025 432 1086 Θεὸς
464 1022 600 1092 πρὸς
645 1021 735 1074 τὸν
782 1021 1109 1093 ἱεροφάντην
1151 1021 1387 1074 Μωσέαο
1442 1038 1459 1070 ι
1511 1020 1743 1089 Ποίησον

190 1114 376 1185 σεαυτῷ
403 1114 494 1167 δύο
524 1112 829 1181 σάλπιγγας
855 1112 1074 1175 ὲλατάς,
1098 1113 1347 1184 ἀργυρᾶς
1377 1113 1620 1183 ποιήσεις
1648 1113 1743 1164 αύ-

185 1211 300 1273 τὰς,
329 1205 420 1258 καὶ
452 1204 664 1257 ἔσονταί
696 1220 780 1256 σοι
815 1203 1105 1257 ἀνακαλεῖν
1135 1203 1235 1273 τὴν
1274 1204 1615 1274 συναγωγὴν,
1640 1192 1745 1257 ’καὶ

186 1303 400 1373 ἐξαίρειν
443 1298 542 1361 τὰς
583 1295 955 1367 παρεμϐολάς.
987 1296 1099 1349 Καὶ
1147 1296 1394 1360 σαλπιεῖς
1426 1300 1484 1350 ἐν
1514 1298 1706 1360 αὐταῖς
1726 1338 1741 1360 ,

185 1395 267 1450 καὶ
293 1389 686 1460 συναχθήσεται
730 1389 881 1441 πᾶσα
911 1389 945 1457 ἡ
991 1388 1283 1459 συναγωγὴ
1318 1389 1412 1441 ἐπὶ
1443 1388 1541 1458 τὴν
1575 1387 1745 1459 θύραν

183 1485 270 1553 τῆς
291 1479 490 1550 σκηνῆς
512 1478 606 1531 τοῦ
630 1476 953 1547 μαρτυρίου.
991 1476 1118 1530 Ἐὰν
1138 1476 1269 1529 δὲέν
1293 1478 1391 1547 μιᾷ
1419 1476 1741 1536 σαλπίσωσι.

183 1572 469 1628 ἐλεύσονται
525 1569 660 1639 πρὸς
720 1567 780 1619 σέ
839 1568 1040 1629 πάντες
1094 1568 1144 1619 οἱ
1203 1567 1461 1637 ἄρχοντες
1512 1567 1746 1638 ἀρχηγοὶ

193 1663 408 1736 Ἰσραήλ.
440 1661 544 1714 Καὶ
579 1660 855 1714 σαλπιεῖτε
890 1659 1166 1730 σημασίαν
1187 1698 1202 1722 ,
1234 1659 1329 1712 καὶ
1372 1657 1655 1731 ἐξαροῦσιν
1691 1660 1746 1710 αί

184 1754 509 1827 παρεμϐολαὶ
541 1754 596 1807 αἱ
627 1750 1110 1823 παρεμϐάλλουσαι
1144 1750 1408 1813 ἀνατολάς
1428 1767 1441 1779 ·
1483 1752 1576 1803 καὶ
1615 1751 1744 1804 σαλ-

181 1851 337 1902 πιείτε
371 1846 648 1917 σημασίαν
685 1844 976 1914 δευτέραν,
1008 1843 1102 1896 καλ⁵
1128 1842 1413 1911 ἐξαιροῦσιν
1442 1844 1497 1895 αἱ
1531 1860 1744 1913 παρεμ-
1777 1827 1817 1883 Β

182 1942 321 1996 ϐολαὶ⁴
353 1942 406 1994 αἱ
434 1937 921 2009 παρεμϐάλλουσαι
950 1934 1094 1989 λίϐα.
1128 1935 1237 1988 Καὶ
1262 1934 1540 1987 σαλπιεῖτε
1567 1952 1745 2005 σημαο

181 2033 291 2085 σίαν
318 2030 529 2101 τρίτην,
562 2028 655 2081 καὶ
683 2026 969 2096 ἐξαιροῦσιν
994 2027 1049 2077 αἱ
1081 2024 1423 2095 παρεμϐολαὶ
1451 2027 1505 2078 αἱ
1534 2043 1746 2095 παρεμο

180 2123 451 2177 ϐάλλουσαι
492 2121 642 2191 παρὰ
683 2118 978 2172 θάλασσαν.
1015 2118 1124 2169 Καὶ
1162 2117 1437 2170 σαλπιεῐτε
1471 2118 1745 2187 σημασίαν

178 2212 445 2281 τετάρτην,
489 2210 581 2262 καὶ
621 2208 907 2279 ἐξαροῦσιν
956 2209 1012 2259 αἱ
1060 2207 1403 2276 παρεμϐολαὶ
1434 2209 1489 2260 αἱ
1533 2226 1747 2279 παρεμ-

179 2305 449 2358 ϐάλλουσαι
484 2303 618 2373 πρὸς
668 2302 896 2372 βορρᾶν·
929 2299 1175 2371 σημασίᾳ
1210 2299 1524 2353 σαλπιοῦσιν
1571 2303 1627 2353 ἐν

177 2397 377 2467 ἐξάρσει
400 2394 603 2456 αὐτῶν,
631 2393 726 2445 καὶ
746 2394 875 2446 ὅταν
898 2392 1249 2461 συναγάγητε
1273 2394 1372 2463 τὴν
1399 2394 1744 2463 συναγωγὴν,

180 2490 437 2543 σαλπιεῖτε
460 2526 477 2550 ,
515 2485 610 2540 καὶ
650 2485 710 2537 ού
749 2484 1013 2554 σημασίᾳ.
1058 2484 1165 2536 Καὶ
1200 2485 1248 2535 οἱ
1291 2486 1395 2536 υἱοὶ
1440 2484 1651 2551 Ἀαρὼν
1697 2486 1745 2536 oi

177 2583 327 2653 ἱερεῖς
370 2577 662 2631 σαλπιοῦσι
696 2579 814 2640 ταῖς
857 2576 1112 2645 σάλπιγξι
1135 2591 1148 2604 °
1187 2576 1283 2629 καῖ
1316 2577 1467 2629 ἕσται
1509 2578 1635 2646 ὑμῖν
1665 2576 1749 2628 νό-

180 2690 331 2745 μιμον
356 2671 577 2725 αἰώνιον
611 2673 691 2733 είς
721 2670 819 2732 τὰς
844 2668 1036 2735 γενεὰς
1070 2669 1241 2739 ὑμῶν.
1267 2687 1283 2718 ι

241 2762 443 2816 ΠΔΛΛ.
486 2760 551 2812 Τί
590 2759 654 2830 δὴ
677 2754 769 2813 οῦν
800 2757 909 2828 ἄρα
939 2759 1117 2828 φαμὲν
1154 2759 1251 2827 τὴν
1286 2758 1395 2812 τῶν
1431 2759 1748 2827 σαλπίγγων

174 2850 301 2907 εἶναι
330 2851 522 2915 δυάδα,
548 2850 761 2913 καὶτὰς
781 2850 891 2903 τῶν
922 2850 1205 2920 σημασιῶν
1234 2851 1515 2922 διαφορὰς,
1552 2852 1748 2915 ἐλατὰς

173 2944 223 2996 δὲ
246 2943 356 2997 ἀνθ’
389 2942 540 3005 ὅτου,
572 2941 667 2994 καὶ
698 2939 757 3004 ἐξ
784 2938 1028 3010 ἀργύρου
1060 2940 1169 2993 δεῖν
1205 2940 1477 2995 ποιεῖσθαι
1521 2941 1747 3010 προστέ-

175 3052 292 3105 ταχε
312 3054 325 3097 ;

239 3129 395 3181 ΚΥΡ.
428 3125 541 3180 Δύο
570 3126 668 3196 μὲν
710 3119 804 3177 οῦν
843 3125 899 3177 αἱ
938 3124 1267 3192 σάλπιγγεςθ
1298 3124 1517 3178 διπλοῦν
1558 3126 1666 3197 γὰρ
1693 3128 1749 3179 ἐν

176 3219 491 3289 ἐκκλησίαις
526 3217 587 3269 τὸ
623 3219 723 3287 τῆς
764 3216 1164 3286 παρακλήσεως
1201 3215 1490 3287 κήρυγμα·
1542 3216 1599 3268 ἐν
1650 3217 1749 3287 μὲν

174 3313 274 3383 γὰρ
298 3314 376 3375 είς
397 3309 675 3380 ὀρθότητα
703 3309 800 3379 τὴν
826 3307 1165 3378 δογματικὴν
1199 3308 1468 3379 ἀποφέρει
1494 3310 1620 3370 τοὺς
1650 3325 1750 3360 πε-

174 3403 549 3465 πιστευκότας,
582 3402 676 3454 καὶ
699 3399 789 3452 τὸν
812 3398 919 3452 τῶν
946 3399 1395 3470 διεστραμμένων
1419 3400 1749 3469 κατακιϐδη-

172 3495 303 3550 λεύει
331 3495 530 3564 λόγον’
561 3493 745 3555 ὁποῖός
776 3509 857 3554 τις
880 3487 948 3561 ἦν
972 3493 1001 3545 ό
1032 3492 1139 3545 τῶν
1171 3491 1484 3545 κωλυόντων
1531 3495 1748 3562 γαμεῖν,

173 3590 257 3642 καὶ
285 3589 477 3657 ἀσυμφ
489 3584 628 3648 ύλως
659 3582 1008 3652 δεδιδαχότων
1044 3582 1340 3652 ἀπέχεσθαι
1363 3582 1688 3654 βρωμάτων,
1716 3583 1752 3637 ἃ

174 3680 201 3731 δ
225 3679 348 3739 Θεὸς
380 3677 603 3730 έκτισεν
643 3676 722 3736 εἰς
758 3672 1059 3743 μετάληψιν
1098 3676 1209 3736 τοῖς
1246 3675 1474 3736 πιστοῖς.
1508 3674 1753 3727 Καταλοο

174 3769 426 3839 γισαίμην
464 3767 509 3820 δ’
553 3765 621 3819 ἂν
668 3766 725 3818 ἐν
756 3764 965 3827 τούτοις
1008 3763 1105 3815 καὶ
1150 3764 1276 3826 τοὺς
1314 3762 1423 3816 τῶν
1483 3763 1752 3816 Ἰουδαίων

176 3859 506 3931 καθηγητὰς,
546 3856 598 3909 οἳ
640 3854 700 3908 τὸ
751 3853 827 3924 τῷ
872 3852 1002 3924 θείῳ
1054 3855 1202 3924 νόμῳ
1245 3855 1610 3924 τετιμημένον
1657 3855 1751 3907 καὶ

173 3952 351 4006 δοκοῦν
393 3950 659 4021 μεθέντες
714 3947 789 4010 ὼς
833 3945 1032 4008 ἕωλον,
1089 3945 1183 3997 καὶ
1232 3945 1415 4012 ὀλίγου
1471 3944 1751 4008 παντελῶς

174 4042 437 4108 ἀξιοῦντες
467 4040 667 4107 λόγου,
706 4039 826 4099 ταῖς
856 4035 1007 4107 παρά
1054 4035 1204 4103 σφῶν
1242 4034 1613 4098 διδασκαλίαις
1658 4037 1753 4090 καὶ

173 4132 527 4206 ἀνθρωπίνοις
565 4127 861 4196 ἐντάλμασι
904 4124 1437 4195 προσανακεκλίσθαι
1476 4126 1587 4178 δεῖν
1627 4127 1753 4188 τοὺς

173 4218 597 4289 παιδευομένους
644 4214 914 4267 ἐκέλευον.
956 4214 1067 4265 Καὶ
1100 4213 1279 4284 ἕτεροι
1322 4213 1381 4266 δέ
1415 4230 1559 4277 τινες
1594 4230 1750 4283 περι-

170 4308 454 4380 τέμνεσθαι
477 4306 609 4368 τοὺς
634 4303 691 4355 ἐν
712 4300 1354 4370 πίστειδεδικαιωμένους
1368 4299 1752 4361 ἀσυνετοῦντες

171 4400 471 4461 ἐδίδασκον,
508 4397 602 4448 ἵνα
647 4394 704 4445 ἐν
741 4395 802 4463 τῇ
853 4392 1111 4463 ἀλλοτρίᾳ
1165 4390 1330 4462 σαρκὶ⁸
1384 4392 1751 4461 καυχήσονται

170 4494 299 4547 κατὰ
343 4493 406 4545 τὸ
466 4486 879 4559 γεγραμμένον.
921 4483 1061 4537 Ἀλλ’
1103 4482 1319 4550 ἐλέγετο
1357 4483 1486 4553 περὶ
1531 4481 1745 4535 αὐτῶν·

175 4604 192 4637 ι
220 4584 360 4648 Ἕξω
380 4584 514 4643 τοὺς
537 4579 728 4641 κύνας,
753 4577 857 4642 ἔξω
881 4576 1005 4639 τοὺς
1034 4576 1237 4637 κακοὺς
1261 4575 1516 4644 ἐργάτας.
1551 4591 1569 4623 δ
1600 4572 1749 4624 ’Έτε-
1781 4552 1824 4605 Ῐ)

171 4693 251 4747 ρον
278 4675 332 4728 δέ
359 4674 503 4744 πρὸς
533 4670 730 4740 ἠθικὴν
761 4666 1134 4737 ἐπανόρθωσιν
1167 4665 1381 4732 ξεναγεῖ
1400 4704 1415 4727 ,
1444 4664 1539 4717 καὶ
1564 4663 1662 4732 τῆς
1692 4664 1751 4715 ἐν

169 4765 380 4837 Χριστῷ
416 4763 697 4825 πολιτείας
727 4758 1144 4814 καταλευκαίνει
1179 4757 1277 4827 τὴν
1304 4756 1444 4809 όδόν.
1490 4755 1754 4827 Ἀργυραῖ

164 4860 216 4913 δὲ
250 4861 303 4912 αξ
337 4859 669 4924 σάλπιγγες⁸
708 4856 807 4924 τὴν
857 4854 945 4905 ἐπ’
980 4854 1182 4921 ἀμφοῖν
1228 4853 1340 4902 τοῖν
1388 4848 1567 4916 λόγοιν
1616 4847 1752 4916 λοιμ-

167 4952 429 5021 πρότητα,
482 4948 582 5001 καὶ
611 4946 672 4999 τὸ
705 4947 841 5013 ἀγαν
882 4941 1174 5012 εἱλικρινὲς
1194 4955 1208 4969 ⁸
1237 4940 1312 5004 ὡς
1344 4941 1402 4993 ἐν
1448 4938 1555 5007 ἰδίᾳ
1594 4936 1752 5006 φύσει

163 5043 254 5112 τῆς
283 5042 419 5113 ὕλης
455 5041 589 5110 ύμῖν
620 5036 1023 5107 ὑποφαινούσης
1055 5033 1304 5095 ἀστείως.
1347 5032 1434 5083 Ἐν
1459 5030 1517 5083 δέ
1542 5045 1605 5098 γε
1629 5030 1751 5091 ταῖς

166 5133 452 5200 σάλπιγξιν
473 5172 489 5194 ,
534 5127 908 5182 ἀνακαλείσθω
927 5165 942 5188 ,
976 5124 1142 5194 φησὶν
1166 5163 1180 5187 ,
1231 5123 1324 5175 ἐπί
1351 5121 1450 5190 τὴν
1484 5120 1689 5190 σκηνὴν
1721 5120 1750 5171 ό

164 5223 303 5288 λαός.
352 5222 700 5295 Κηρύγμασι
738 5220 847 5290 γὰρ
879 5221 1005 5279 τοὺς
1034 5220 1089 5269 ἐν
1122 5208 1555 5285 σκηναῖξῶσπερ
1592 5212 1750 5274 ίδίαις

168 5317 565 5387 συναγείρομεν
611 5316 690 5377 είς
737 5310 1060 5381 ἐκκλησίαςσ
1108 5307 1617 5379 συνδεδραμηκότας
1668 5306 1746 5367 δὲ,

164 5409 255 5462 καὶ
284 5408 554 5478 ἀπαίρειν
588 5404 951 5474 ἀναπείθομεν
988 5404 1053 5455 ἐκ
1084 5400 1192 5455 τῶν
1239 5398 1528 5469 αἰσχιόνων
1562 5397 1653 5449 ἐπὶ
1680 5397 1750 5449 τὰ

163 5502 447 5570 πρέποντα
469 5500 589 5562 τοῖς
613 5497 988 5568 ἡγιασμένοις,
1010 5494 1103 5547 καὶ
1128 5494 1289 5547 οἱονεὶ
1321 5490 1748 5562 μεθορμίζεσθαι

162 5592 295 5663 πρὸς
329 5593 393 5645 τὸ
436 5590 647 5659 ἀγαθὸν
693 5591 757 5641 ἐκ
802 5587 1136 5657 φαυλότητος
1171 5580 1229 5637 εὖ
1283 5584 1427 5652 μάλα
1480 5599 1749 5652 μεταπαι-

228 5786 461 5843 “Num.
492 5800 568 5845 Ix.
596 5784 645 5835 8.
730 5782 767 5811 ³³
799 5779 963 5834 lCor.
998 5794 1104 5842 xxv,
1133 5776 1216 5831 40.
1299 5777 1339 5807 ³²
1367 5774 1527 5831 Num.
1556 5793 1607 5841 κ,
1640 5774 1659 5827 l
1690 5786 1844 5840 seqq.

1844 562 2137 625 sententia,
2165 560 2453 632 signiﬁcat,
2486 562 2579 632 qui
2613 562 2893 617 Christum
2921 566 3074 633 sequi
3109 566 3421 631 statuerint,

1842 668 1938 707 eos
1967 654 2131 709 etiam
2166 669 2441 718 sermone,
2472 654 2564 726 qui
2606 655 2673 709 ad
2709 654 3090 711 fortitudinem
3124 664 3288 727 atque
3319 658 3421 712 ho-

1843 755 2131 811 nestatem,
2164 762 2285 816 quae
2310 756 2528 801 sanctos
2550 747 2729 812 decet,
2760 750 3102 813 cxhortetur,
3131 750 3377 821 indigere
3406 769 3419 803 :

1843 839 1917 891 ait
1952 839 2136 893 enim:
2181 858 2199 889 ε
2241 838 2436 894 Omnia
2478 840 2705 895 honeste
2736 851 2791 895 et
2832 842 3133 897 secundum
3169 843 3423 897 ordinem

1845 930 1977 985 ﬁant
2005 932 2069 984 ³¹.
2104 950 2121 982 ι
2166 931 2298 1001 Ejus
2332 932 2465 986 item
2510 932 2590 984 rei
2622 932 2795 1002 ﬁgura
2832 941 2917 987 est
2949 933 3017 987 id‘
3049 934 3195 1004 quod
3225 949 3424 989 conse-

1844 1034 2081 1093 quenter
2124 1023 2389 1093 scriptum
2436 1024 2700 1094 legimus;
2741 1025 2820 1079 sic
2863 1026 3011 1080 enim
3064 1026 3243 1096 inquit
3276 1027 3428 1082 Deus

1845 1113 1914 1167 ad
1944 1112 2163 1183 Moysen
2193 1126 2476 1167 sacrorum
2506 1114 2869 1183 interpretem
2898 1132 2910 1167 :
2948 1134 2966 1164 ι
3004 1115 3112 1171 Fac
3149 1116 3249 1170 tibi
3286 1116 3428 1171 duas

1815 1264 1819 1268 ,
1848 1203 2006 1259 tubas
2039 1202 2303 1267 ductiles;
2340 1213 2628 1273 argenteas
2672 1203 2840 1259 facies
2886 1220 2999 1268 eas,
3035 1212 3090 1259 et
3123 1212 3289 1259 erunt
3322 1204 3426 1260 tibi

1855 1296 1921 1350 ad
1948 1295 2356 1351 convocandam
2384 1310 2734 1367 synagogam,
2758 1304 2812 1350 et
2841 1296 2908 1350 ad
2934 1304 3111 1351 castra
3133 1295 3424 1350 movenda.

1846 1390 1915 1444 Et
1954 1404 2119 1443 canes
2154 1389 2210 1442 in
2251 1388 2380 1453 illis,
2411 1396 2467 1442 et
2495 1388 2921 1459 congregabitur
2948 1389 3127 1444 omnis
3157 1404 3426 1461 synagoga

1845 1479 1915 1533 ad
1957 1487 2171 1548 portam
2207 1478 2550 1532 tabernaculi
2595 1477 2917 1533 testimonii.
2954 1478 3108 1545 Quod
3144 1479 3188 1533 si
3224 1478 3280 1532 in
3317 1493 3428 1533 una

1846 1568 2172 1633 cecinerim,
2216 1570 2441 1622 venient
2487 1568 2553 1623 ad
2606 1578 2660 1623 te
2704 1584 2897 1625 omnes
2943 1571 3223 1641 principes
3258 1570 3430 1626 duces

1846 1660 2012 1716 Israel
2044 1678 2057 1712 :
2087 1668 2142 1714 et
2171 1660 2381 1714 canetis
2401 1660 2614 1730 signum
2638 1662 2963 1725 secundum,
2995 1670 3051 1716 et
3071 1662 3429 1732 proﬁciscen~

1849 1759 1939 1805 tur
1979 1760 2159 1806 castra
2203 1767 2323 1821 qua:
2372 1752 2728 1808 tetenderunt
2766 1753 2832 1808 ad
2875 1755 3143 1810 orientem
3175 1771 3187 1808 :
3218 1764 3274 1809 et
3332 1771 3426 1809 ca-

1848 1844 1994 1898 netis
2028 1843 2244 1914 signum
2281 1844 2537 1908 alterum,
2564 1854 2621 1901 et
2646 1846 3047 1915 promovebunt
3084 1856 3258 1902 castra
3306 1863 3427 1918 qua:

1847 1934 2201 1990 tetenderunt
2229 1935 2296 1989 ad
2324 1944 2603 1991 austrum:
2627 1946 2683 1992 et
2706 1937 2916 1993 canetis
2938 1937 3152 2009 signum
3178 1938 3426 2006 tertium,

1846 2035 1902 2080 et
1933 2027 2336 2096 promovebunt
2377 2037 2556 2084 castra
2596 2045 2717 2099 qua:
2749 2030 3101 2085 tetenderunt
3142 2031 3207 2085 ad
3244 2047 3425 2098 mare;

1851 2118 2012 2187 166
2034 2126 2090 2172 et
2128 2117 2335 2171 canetis
2369 2118 2584 2188 signum
2628 2129 2905 2188 quartum,
2934 2128 2990 2174 et
3026 2120 3431 2190 prom0vebunt

1848 2217 2029 2264 castra
2078 2223 2199 2279 qua:
2247 2209 2600 2264 tetenderunt
2645 2210 2712 2265 ad
2751 2212 3062 2281 aquilonem
3101 2229 3114 2265 :
3152 2212 3303 2283 signa
3333 2227 3429 2268 ca—

1848 2311 1981 2356 nent
2012 2302 2069 2356 in
2113 2303 2457 2371 promotione
2500 2316 2693 2357 eorum
2724 2319 2737 2355 :
2764 2311 2839 2366 et,
2870 2303 3092 2372 quando
3128 2318 3430 2375 congrega-

1850 2390 1980 2445 bitis
2006 2406 2353 2462 synagogam,
2399 2392 2529 2448 tuba
2556 2400 2765 2447 canens
2804 2393 3048 2463 quidem,
3074 2394 3166 2449 sed
3202 2411 3313 2450 non
3347 2396 3427 2450 si-

1848 2498 2036 2550 gnum.
2070 2483 2138 2536 Et
2187 2482 2283 2537 ﬁlii
2330 2483 2511 2537 Aaron
2559 2483 2874 2539 sacerdotes
2918 2495 3115 2541 canent
3148 2487 3335 2543 tubis:
3372 2497 3431 2545 et

1848 2576 1954 2628 erit
1982 2574 2140 2629 vobis
2180 2576 2483 2646 legitimum
2526 2576 2921 2646 sempiternum
2954 2578 3011 2632 in
3048 2581 3431 2649 generationes

1849 2674 2062 2720 vestras
2088 2667 2155 2719 ³³.
2188 2686 2206 2718 ι

1920 2757 2117 2811 PALL.
2159 2757 2301 2824 Quid
2346 2758 2512 2829 igitur
2542 2760 2675 2814 illud
2712 2761 2965 2815 tubarum
2998 2779 3096 2833 par
3126 2780 3246 2821 esse
3288 2766 3430 2823 dici-

1851 2848 2015 2903 mus?
2043 2847 2244 2918 quidve
2282 2850 2563 2919 signorum
2606 2850 2981 2909 differentias?
3013 2855 3246 2913 ductiles
3286 2874 3431 2930 pra:-

1853 2949 2022 3003 terea,
2048 2950 2104 2995 et
2123 2955 2188 2994 ex
2212 2951 2439 3011 argento
2462 2958 2568 3012 qua
2598 2944 2666 2997 de
2690 2958 2853 2999 causa
2884 2945 2999 3000 ﬁeri
3021 2947 3220 3017 jussit?

1919 3123 2076 3179 (ΝΒ.
2124 3124 2253 3180 Duae
2289 3125 2510 3195 quidem
2536 3128 2682 3183 tubae
2709 3146 2720 3180 :
2760 3128 2961 3200 duplex
2988 3140 3071 3186 est
3098 3131 3153 3187 in
3183 3135 3435 3194 ecclesiis

1852 3229 2026 3284 genus
2056 3213 2125 3268 ad
2163 3215 2492 3269 hortandum
2535 3218 2959 3275 accommodatae
3003 3222 3431 3294 praedicationis,

1854 3320 2091 3374 quorum
2124 3306 2360 3359 alterum
2401 3307 2469 3361 ad
2515 3320 2663 3362 recta
2694 3307 2948 3379 dogmata
2986 3312 3275 3371 credentes
3302 3332 3433 3387 per-

1853 3393 2025 3459 ducit,
2056 3410 2120 3449 ac
2162 3410 2547 3465 perversorum
2599 3398 2884 3453 hominum
2931 3416 3241 3460 sermonem
3282 3407 3436 3463 velut

1854 3485 2225 3540 adulteratum
2273 3496 2458 3553 notat;
2507 3489 2686 3558 qualis
2727 3505 2909 3546 sermo
2946 3507 3135 3548 eorum
3167 3506 3285 3551 erat
3337 3499 3435 3569 qui

1854 3576 2225 3647 prohibebant
2246 3578 2476 3644 nubere,
2505 3589 2560 3634 et
2594 3581 2989 3637 absurdissime
3016 3583 3288 3641 docebant
3309 3588 3437 3644 abs-

1854 3669 2031 3723 tinere
2075 3685 2105 3723 a
2139 3669 2299 3733 cibis,
2328 3685 2469 3740 quos
2488 3672 2632 3727 Deus
2657 3675 2886 3740 creavit,
2916 3676 2982 3729 ad
3019 3677 3435 3749 percipiendum

1855 3762 2109 3816 ﬁdelibus
2140 3762 2186 3794 ³³
2214 3781 2227 3815 :
2260 3762 2313 3817 in
2358 3764 2445 3819 his
2490 3766 2861 3820 recensuerim
2908 3769 3073 3824 etiam
3116 3771 3435 3828 Judaeorum

1854 3853 2140 3918 doctores;
2190 3854 2283 3923 qui
2322 3854 2376 3908 id
2420 3856 2567 3924 quod
2604 3866 2723 3911 erat
2763 3858 2947 3914 divina
2981 3860 3099 3931 lege
3142 3863 3437 3932 probatum

1853 3951 2016 4012 atque
2049 3943 2341 4008 sancitum,
2371 3952 2630 4013 tanquam
2673 3947 2882 4002 scilicet
2918 3949 3226 4005 obsoletum
3264 3964 3432 4019 esset,

1854 4034 2197 4103 abjicientes,
2244 4050 2426 4103 neque
2470 4036 2581 4089 ullo
2631 4053 2863 4093 numero
2900 4040 3187 4108 habentes,
3226 4043 3282 4099 in
3320 4047 3438 4102 suis

1854 4124 2139 4187 doctrinis,
2172 4123 2533 4193 humanisque
2572 4126 2844 4181 mandatis
2867 4128 3165 4199 discipulos
3209 4135 3431 4203 acquie-

1855 4227 2008 4267 scere
2027 4212 2318 4281 jubebant.
2351 4214 2455 4267 Alii
2502 4230 2723 4285 quoque
2770 4221 3017 4274 nonnulli
3059 4238 3155 4277 eos
3190 4224 3433 4280 circum-

1855 4306 1986 4370 cidi,
2014 4306 2108 4375 qui
2148 4306 2255 4362 ﬁde
2296 4307 2576 4376 justiﬁcati
2620 4319 2826 4375 essent,
2856 4312 3019 4366 stulte
3054 4313 3344 4385 docebant,
3375 4328 3437 4375 ut

1856 4395 1912 4448 in
1956 4395 2133 4450 aliena
2174 4411 2337 4450 carne
2383 4398 2769 4466 gloriarentur,
2799 4408 2859 4453 ut
2884 4403 3146 4472 scriptum
3186 4413 3290 4461 est.
3328 4407 3435 4464 Sed

1855 4485 1923 4541 de
1967 4486 2074 4541 illis
2111 4487 2319 4542 dictum
2351 4496 2434 4542 est
2466 4506 2479 4541 :
2526 4510 2542 4538 ε
2574 4490 2728 4543 Foris
2757 4507 2939 4557 canes,
2966 4493 3101 4549 foris
3136 4498 3264 4552 mali
3300 4514 3437 4569 ope-

1854 4580 1984 4634 rarii
2012 4580 2075 4633 ".
2112 4600 2128 4630 ι
2161 4582 2407 4635 Alterum
2435 4596 2569 4637 vero
2595 4598 2765 4652 genus
2792 4583 2860 4638 ad
2890 4600 3103 4639 morum
3134 4592 3437 4645 correctio-

1854 4687 1981 4726 nem
2014 4671 2188 4737 ducit,
2216 4679 2272 4726 et
2303 4672 2450 4727 illius
2486 4673 2541 4727 in
2569 4673 2791 4728 Christo
2831 4679 3262 4736 conversationis
3291 4681 3437 4738 viam

1854 4760 2114 4814 declarat.
2146 4760 2432 4831 Argenteaa
2465 4770 2593 4815 sunt
2624 4776 2791 4830 porro
2830 4762 2972 4817 tubze
3012 4782 3023 4817 :
3062 4764 3115 4819 in
3156 4781 3266 4835 quo
3304 4783 3436 4837 pro-

1854 4852 1973 4920 pria
2006 4852 2211 4905 metalli
2248 4860 2444 4906 natura
2475 4852 2888 4922 praedicationis
2921 4855 3208 4925 utriusque
3250 4858 3435 4926 splen-

1854 4943 2046 4997 dorem
2068 4957 2447 5013 summamque
2470 4943 2844 5000 sinceritatem
2867 4945 3149 5016 eleganter
3172 4948 3433 5004 ostendit.

1858 5032 2030 5087 Tubis
2067 5048 2199 5088 vero
2237 5042 2518 5099 evocetur,
2551 5035 2747 5104 inquit,
2775 5035 2842 5091 ad
2880 5036 3296 5105 tabernaculum
3332 5053 3434 5108 po-

1858 5125 2038 5193 pulus.
2077 5124 2468 5180 Praedicatione
2507 5126 2656 5179 enim
2688 5140 2785 5181 eos
2810 5126 2904 5195 qui
2932 5126 3081 5180 velut
3126 5127 3181 5180 in
3206 5128 3436 5198 privatis

1858 5216 2227 5270 tabernaculis
2276 5217 2514 5286 degunt,
2563 5216 2629 5271 ad
2675 5216 2937 5271 ecclesias
2986 5231 3433 5289 congregamus:

1856 5324 2014 5379 quos,
2040 5308 2133 5363 ubi
2163 5309 2544 5373 convenerint,
2576 5308 2740 5363 etiam
2780 5308 3087 5371 hortamur,
3114 5320 3172 5365 ut
3198 5325 3229 5365 a
3253 5311 3438 5367 minus

1856 5401 2085 5456 honeste
2118 5400 2278 5455 factis
2306 5401 2370 5455 ad
2403 5414 2468 5455 ea
2518 5415 2639 5470 quae
2666 5399 3035 5456 sanctiﬁcatos
3063 5401 3315 5459 humines
3338 5402 3436 5456 de-

1853 5501 1998 5557 cent,
2035 5492 2471 5562 proﬁciscantur,
2506 5500 2669 5561 atque
2713 5499 2774 5545 ut
2808 5507 2838 5545 a
2874 5491 3117 5561 nequitia
3153 5491 3221 5546 ad
3262 5492 3439 5571 bonos

1854 5598 2038 5637 mores
2066 5582 2472 5652 quodammodo
2504 5582 2831 5653 demigrent,
2860 5582 3119 5652 praeclare
3152 5583 3434 5641 docemus.

1924 5770 1967 5801 ³³
2003 5769 2024 5823 ι
2055 5768 2195 5822 Tim.
2227 5782 2297 5830 tv,
2325 5768 2375 5820 5.
2482 5767 2527 5799 ⁸⁵
2551 5764 2724 5836 Apoc.
2756 5782 2884 5833 χχιι,
2918 5767 3012 5833 l5;
3045 5768 3242 5839 Philip.
3271 5783 3347 5833 ιιι,
3377 5768 3432 5827 2.
