3998 6538
557 360 660 418 399

1578 351 1632 406 S.
1676 353 1949 407 CYRILLI
1989 353 2458 410 ALEXANDRINI
2499 355 2813 411 ARCHIEP.

3713 362 3803 415 400

557 483 638 536 An
694 495 826 535 vero
888 477 1075 549 negari
1134 481 1315 546 potest
1376 473 1508 542 quin
1555 472 1871 541 pradicatio
1919 473 2132 527 facilem

2254 476 2482 544 ἳεύομεν.
2518 461 2588 529 Ἦ
2622 477 2742 546 ούχὶ
2789 475 2945 544 λόγος
2987 477 3065 539 εἰς
3115 476 3379 548 ὀρθότητα
3410 477 3513 548 τὴν
3557 476 3804 547 δογματι-

557 576 1066 644 obsequentemque.
1085 570 1380 632 hominem,
1406 575 1461 621 et
1495 567 1644 622 illius
1678 567 1732 620 in
1759 567 1978 622 Christo
2011 570 2135 624 vita:

557 682 749 721 verum
775 675 1092 726 amatorem,
1117 660 1186 716 ad
1210 670 1414 714 rectam
1441 659 1758 729 dogmatum
1806 661 2133 716 sententiam

558 775 623 815 ac
649 773 859 814 morum
885 754 1280 812 correctionem
1312 752 1612 822 perducat?

629 849 826 904 PALL.
869 848 946 902 Ita
975 846 1172 900 fateor.

630 939 786 995 CYR.
829 936 1000 1006 Igitur
1050 935 1172 989 dua:
1212 939 1341 987 sunt
1391 933 1554 996 tubae,
1595 949 1717 1002 qua:
1763 935 2024 1004 populum
2068 936 2136 989 ad

559 1026 973 1082 tabernaculum
1013 1032 1234 1094 cogunt.
1266 1023 1373 1078 Sed
1412 1024 1456 1078 si
1502 1039 1608 1078 una
1646 1025 1774 1077 tuba
1813 1026 2134 1092 cecinerint,

566 1115 763 1185 inquit,
790 1109 1020 1168 venient
1048 1115 1202 1184 167
1240 1114 1308 1167 ad
1355 1123 1406 1167 te
1448 1128 1638 1167 omnes
1667 1114 1942 1182 principes
1971 1115 2138 1171 duces

559 1208 796 1262 ﬁliorum
826 1207 1012 1261 Israel.
1041 1206 1214 1276 Egerit
1240 1205 1408 1266 enim,
1437 1214 1498 1259 ut
1523 1205 1738 1274 opinor,
1765 1205 2137 1261 admonitione

564 1307 730 1368 atque
798 1298 1182 1354 exhortatione
1243 1296 1319 1350 illi
1379 1311 1597 1366 quoque
1661 1296 1755 1364 qui
1811 1296 2137 1366 perfectiore

559 1399 689 1445 sunt
715 1390 903 1444 habitu
935 1408 946 1441 ;
977 1388 1071 1444 sed
1110 1404 1220 1444 non
1261 1395 1428 1449 tanta,
1473 1395 1734 1456 quantam
1766 1389 1997 1456 requirit
2033 1405 2138 1444 cae-

563 1491 682 1535 tera
707 1480 1036 1535 multitudo:
1065 1480 1136 1534 ob
1156 1495 1387 1548 eamque
1413 1493 1524 1532 rem
1550 1478 1684 1532 alios
1707 1478 1926 1547 quidem
1950 1494 2142 1534 omnes

567 1571 690 1626 duae
714 1571 803 1624 vix
826 1579 1129 1625 convocant
1156 1570 1319 1633 tubae,
1347 1571 1442 1624 sed
1484 1568 1714 1623 eximios
1745 1585 1880 1635 una;
1909 1569 2139 1639 sapienti

565 1678 800 1731 namque
825 1677 995 1731 pauca
1024 1670 1152 1716 sunt
1179 1661 1310 1714 satis
1339 1678 1350 1713 :
1377 1669 1433 1714 et
1456 1660 1796 1714 occasionem
1832 1660 1876 1714 si
1914 1675 2140 1730 accepe-

513 1802 516 1806 .
564 1755 658 1818 rit,
687 1753 907 1824 adjiciet
931 1753 1219 1821 reliquum,
1243 1753 1396 1822 juxta
1423 1751 1593 1806 illud:
1632 1771 1649 1801 ‹
1684 1752 1758 1806 Da
1783 1753 2012 1822 sapienti
2046 1769 2140 1808 oc-

567 1845 866 1907 casionem,
898 1850 954 1898 et
998 1843 1295 1912 sapientior
1339 1842 1476 1907 erit;
1523 1853 1716 1895 notum
1766 1841 1851 1896 fac
1891 1843 2056 1912 justo,
2083 1851 2141 1896 et
2175 1815 2215 1869 Β

566 1936 784 2007 adjiciet
825 1929 1072 2005 accipere
1099 1935 1161 1987 ⁸⁸.
1197 1956 1213 1985 ι
1247 1934 1453 1989 Deinde
1480 1934 1643 2003 jussit
1695 1942 1755 1988 ut
1790 1942 2026 2002 quatuor
2050 1935 2144 1988 da-

567 2037 759 2082 rentur
806 2029 1086 2096 signorum
1131 2025 1477 2088 differentiae,
1505 2026 1705 2094 quibus
1746 2032 1923 2090 castra
1955 2040 2143 2080 move-

567 2127 780 2182 rentur,
805 2134 868 2173 ac
891 2118 1374 2188 proﬁciscerentur
1418 2117 1513 2186 qui
1557 2117 1625 2170 ad
1671 2117 1942 2171 orientem
1971 2126 2027 2172 et
2055 2133 2146 2172 oc-

569 2213 873 2273 cidentem,
921 2210 1231 2280 aquilonem
1274 2217 1330 2263 et
1376 2215 1625 2263 austrum
1671 2217 1887 2262 essent:
1918 2225 2016 2278 per
2042 2211 2145 2264 hoc

571 2304 738 2374 igitur
769 2303 1007 2356 arbitror
1044 2307 1282 2370 quatuor
1314 2299 1735 2368 Evangeliorum
1773 2299 1946 2353 libros
1977 2300 2146 2369 signi-

573 2395 746 2457 ficari,
771 2409 868 2463 per
891 2407 1031 2462 quos
1053 2392 1368 2460 dogmatum
1407 2390 1570 2444 simul
1614 2405 1679 2443 ac
1723 2405 1938 2445 morum
1973 2392 2148 2444 scien-

574 2485 649 2540 tia
688 2485 981 2538 universus
1019 2482 1170 2535 orbis
1195 2481 1478 2535 imbuitur.
1504 2465 1582 2535 Ac
1608 2481 1652 2535 si
1685 2481 1834 2535 aliud
1867 2482 2148 2550 quidpiam

571 2575 992 2646 excogitandum
1019 2573 1421 2641 dicendumque
1447 2573 1538 2636 sit,
1568 2572 1707 2627 nihil
1737 2574 2145 2638 cunctabimus;

572 2676 630 2721 et
657 2666 867 2721 inertia:
900 2681 963 2720 ac
1003 2664 1178 2718 labori
1208 2665 1460 2718 utilitatis
1486 2663 1982 2718 considerationem
2008 2680 2146 2733 prm-

574 2754 835 2808 feremus.
860 2753 1072 2806 Nostra:
1097 2751 1261 2822 igitur
1283 2752 1688 2822 praedicationis
1706 2761 1941 2822 quatuor
1959 2755 2151 2809 discri-

577 2843 723 2898 mina
770 2843 1130 2912 reperiemus,
1175 2858 1275 2912 per
1317 2858 1438 2911 quae
1482 2843 1773 2898 universus
1814 2845 1965 2899 orbis
2009 2845 2152 2915 opti-

574 2949 742 2999 mam,
772 2949 836 2988 ac
859 2949 1048 2987 revera
1083 2933 1520 3002 probatissimam
1554 2933 1678 2988 vita:
1712 2934 1974 2989 rationem
2004 2944 2152 2990 tene-

575 3022 686 3088 bit;
712 3039 878 3076 unum
904 3037 968 3077 ac
993 3022 1248 3092 primum,
1279 3039 1387 3092 quo
1415 3023 1480 3076 ad
1507 3023 1754 3078 veritatis
1783 3025 2148 3095 cognitionem

2239 568 2340 638 κὴν
2365 569 2458 621 καὶ
2480 569 2559 631 εἱς
2588 567 2735 637 ἠθῶν
2763 566 3134 638 ἐπανόρθωσιν
3162 567 3424 638 ἀποφέρει
3457 568 3557 622 τὸν
3605 569 3805 640 ἐπιεικῆ

2239 659 2331 711 καὶ
2359 657 2502 728 ζωῆς
2534 659 2632 730 τῆς
2665 660 2722 711 ἐν
2761 656 2982 728 Χριστῷ
3013 659 3234 728 γνήσιον
3263 660 3539 730 ἐραστήν;

2310 836 2518 889 ΠΑΛΛ.
2550 835 2708 889 Οὕτω
2734 835 2896 906 φημί.
2929 852 2938 861 ·

2309 926 2471 980 ΚΥΡ.
2505 926 2714 980 Οὐκοῦν
2739 926 2834 979 δύο
2869 925 2966 996 μέν
2995 926 3053 978 αἱ
3093 925 3411 993 σάλπιγγες,
3448 926 3506 978 αἱ
3538 924 3811 993 συλλέγουο

2241 1034 2331 1071 σαι
2369 1018 2458 1071 τὸν
2497 1017 2623 1072 λαὸν
2667 1020 2755 1070 ἐπὶ
2786 1019 2882 1088 τὴν
2930 1020 3154 1088 σκηνήν.
3206 1017 3331 1071 Ἐἀν
3379 1017 3434 1070 δέ
3485 1019 3589 1088 μιᾷ
3636 1020 3811 1071 σαλπί-

2242 1126 2408 1173 σωσι,
2461 1110 2630 1180 φησὶ,
2685 1109 3140 1181 προσελεύσονται
3203 1109 3340 1179 πρὸς
3396 1110 3454 1162 σέ
3522 1111 3723 1172 πάντες
3768 1111 3810 1164 οἱ

2239 1198 2499 1268 ἄρχοντες
2533 1198 2766 1268 ἀρχηγοὶ
2813 1196 2945 1249 υἱῶν
2987 1197 3228 1268 Ἰσραήλ.
3259 1199 3379 1249 Δεῖν
3413 1199 3516 1268 μὲν
3548 1197 3658 1268 γὰρ
3695 1201 3810 1253 ὐπο-

2239 1289 2502 1358 λαμὸάνω
2540 1290 2937 1360 παρακλήσεώς
2974 1307 3033 1342 τε
3082 1291 3175 1343 καὶ
3207 1291 3565 1362 προτροπῆς,
3599 1293 3810 1356 καὶτοῖς

2240 1383 2339 1453 τὴν
2365 1383 2477 1448 ἕξιν
2500 1383 2850 1453 τελειοτέροις
2873 1422 2887 1445 ,
2931 1381 3070 1452 πλὴν
3097 1382 3156 1433 ού
3177 1381 3445 1450 τοσαύτης
3479 1384 3725 1454 ὅσησπερ
3755 1384 3810 1437 ἀν

2241 1477 2412 1530 δέοιτο
2432 1477 2525 1529 καὶ
2559 1479 2591 1546 ἡ
2619 1476 2728 1527 τῶν
2767 1475 2967 1544 ἐτέρων
2997 1472 3231 1544 πληθύς·
3256 1473 3344 1525 διὰ
3378 1474 3538 1527 τοῦτο
3572 1475 3696 1538 τοῦς
3726 1476 3810 1544 μὲν

2241 1568 2434 1631 ἄλλους
2485 1569 2728 1629 ἅπαντας
2773 1566 2865 1618 δύο
2915 1564 3068 1634 μόλις
3111 1564 3443 1618 ἀνακαλοῦσι
3502 1563 3807 1633 σάλπιγγες,

2248 1661 2344 1731 μία
2386 1660 2441 1712 δὲ
2487 1659 2614 1722 τοὺς
2658 1657 3093 1728 ἐξειλεγμένους·
3139 1658 3299 1728 ἀρκεῖ
3353 1657 3464 1728 γὰρ
3528 1657 3707 1725 ὀλίγον
3745 1661 3810 1729 τῷ

2248 1751 2415 1821 σοφῷ,
2453 1750 2543 1804 καὶ
2581 1751 2833 1820 ἀφορμὴν
2861 1751 2908 1802 εἱ
2947 1749 3123 1811 λάϐοι,
3166 1749 3467 1819 προσθήσει
3517 1750 3581 1802 το
3622 1749 3807 1815 λεῖπον,

2246 1844 2388 1898 κατά
2425 1845 2485 1897 τὸ
2513 1862 2526 1873 ·
2582 1861 2600 1894 ι
2642 1843 2795 1896 Δίδυυ
2844 1842 2993 1913 σοφῷ
3037 1841 3323 1912 ἀφορμὴν,
3377 1843 3474 1896 καὶ
3522 1843 3809 1914 σοφώτερος

2245 1938 2416 1990 ἔσται·
2441 1937 2671 2007 γνώριζε
2694 1934 2906 2005 δικαίῳ,
2938 1936 3031 1988 καὶ
3053 1934 3351 2004 προσθήσει
3375 1934 3473 1987 τοῦ
3496 1934 3755 2003 δέχεσθαι.
3786 1954 3801 1986 ι

2244 2026 2376 2082 Εἶτα
2413 2027 2749 2100 προστέταχε
2781 2027 3050 2095 τέσσαρας
3088 2025 3355 2078 ποιεῖσθαι
3387 2025 3678 2095 σημασιῶν
3711 2026 3808 2078 δια-

2246 2120 2416 2193 φορὰς
2439 2159 2454 2182 ,
2484 2119 2624 2171 ὥστε
2655 2119 2722 2171 δι’
2753 2116 2931 2170 αὐτῶν
2954 2113 3346 2181 ἀναζευγνύναι
3368 2132 3426 2166 τε
3449 2115 3550 2167 καὶ
3577 2114 3809 2184 ἀπαίρειν

2245 2211 2370 2274 τούς
2401 2229 2460 2263 τε
2507 2211 2642 2281 πρὸς
2670 2207 2752 2278 ἠῶ
2785 2207 2878 2260 καὶ
2927 2206 3068 2268 λίϐα,
3115 2205 3287 2276 βορρᾶ
3321 2206 3414 2258 καὶ
3456 2205 3646 2257 νότον·
3677 2203 3807 2274 οῗμαι

2246 2299 2338 2356 οὖν
2373 2301 2469 2364 τὰς
2497 2300 2772 2370 τέσσαρας
2807 2299 2940 2368 ἡμῖν
2981 2296 3087 2350 τῶν
3122 2295 3472 2364 Εύαγγελίων
3509 2297 3808 2365 συγγραφὰς

2247 2392 2332 2444 διὰ
2363 2391 2552 2445 τούτου
2587 2388 2968 2460 σημαίνεσθαι,
3002 2388 3066 2440 δι’
3098 2381 3171 2439 ὧν
3203 2389 3232 2439 ὁ
3281 2387 3508 2456 σύμπας
3555 2389 3807 2454 παιδαγω-

2248 2486 2423 2551 γεῖται
2453 2483 2657 2552 κόσμος
2691 2481 2824 2550 πρὸς
2861 2479 3198 2549 δογματικήν
3239 2495 3298 2530 τε
3327 2478 3441 2547 ἅμα
3494 2478 3592 2530 καὶ
3637 2478 3808 2548 ἠθικὴν

2249 2575 2582 2641 ἐπιστήμην.
2632 2571 2692 2622 Et
2722 2571 2778 2622 δὲ
2819 2570 2879 2639 δή
2907 2586 2960 2620 τι
2995 2570 3098 2638 χρὴ
3133 2569 3224 2622 καὶ
3255 2569 3442 2639 ἕτερον
3481 2567 3808 2632 ἐπινοοῦντας

2248 2664 2447 2731 λέγειν,
2493 2663 2900 2731 κατοκνήσομεν
2933 2661 3182 2730 οὐδαμῶς
3202 2698 3216 2721 ,

2251 2756 2533 2826 κρείττονα
2561 2754 2659 2824 τὴν
2704 2751 2796 2804 τοῦ
2843 2751 3113 2823 χρησίμου
3149 2752 3465 2820 ποιούμενοι
3505 2751 3696 2822 θήραν.
3723 2753 3807 2805 Λό-

2251 2862 2347 2914 γου
2389 2843 2676 2913 τοιγαροῦν
2707 2841 2800 2894 τοῦ
2850 2843 2979 2910 παρ’
3032 2843 3167 2910 ἡμῖν
3217 2840 3490 2911 τέσσαρας
3531 2842 3808 2912 εὑρήσομεν

2251 2933 2676 3004 τάςδιαφοράς,
2705 2932 2771 2985 δι’
2798 2925 2873 2986 ὧν
2906 2934 2938 3002 ὴ
2975 2931 3239 3002 σύμπασα
3273 2933 3343 3001 γῆ
3393 2931 3488 2984 τὸν
3526 2931 3736 3003 ἄριστόν
3761 2948 3807 2984 τε

2252 3027 2345 3079 καὶ
2372 3025 2652 3093 εὐδόκιμον
2688 3022 2903 3088 ἀληθῶς
2932 3021 3267 3090 κατορθώσει
3297 3021 3439 3090 βίον·
3482 3021 3583 3091 μία
3619 3022 3708 3092 μὲν
3733 3019 3810 3075 οὖν

3265 2658 3432 2712 ὕπνου
3475 2661 3573 2713 καί
3617 2660 3810 2731 ἱδρῶτος

575 3129 642 3168 ac
679 3113 906 3167 luminis
961 3113 1131 3167 divini
1181 3115 1586 3183 susceptionem
1625 3130 1822 3170 vocare
1859 3118 2150 3172 consuevi-

2258 3118 2372 3169 ἐστι
2397 3117 2492 3170 καὶ
2520 3114 2732 3187 πρώτη,
2765 3114 2830 3166 δι’
2856 3108 2922 3184 ἦς
2959 3113 3093 3183 πρὸς
3119 3113 3414 3180 ἐπίγνωσιν
3442 3113 3700 3183 ἀληθείας
3730 3117 3808 3167 καὶ

578 3221 701 3262 mus
763 3221 860 3260 eos
913 3206 1006 3276 qui
1042 3189 1306 3260 creatura:
1352 3205 1532 3274 potius
1559 3221 1721 3275 quam
1756 3207 2001 3262 Creatori
2039 3225 2156 3264 scr-

576 3299 768 3361 viunt,
809 3313 873 3352 ac
917 3299 1081 3351 stulte
1124 3298 1270 3367 ligno
1311 3297 1503 3350 dicunt
1540 3315 1552 3350 :
1589 3298 1749 3351 Pater
1775 3314 1933 3354 meus
1969 3316 2028 3355 es
2062 3309 2118 3355 tu
2141 3343 2154 3366 ,

579 3397 633 3443 et
679 3388 845 3459 lapidi
889 3407 900 3441 :
939 3389 1020 3442 Tu
1039 3404 1124 3441 me
1171 3387 1407 3457 genuisti
1445 3389 1512 3452 ³⁸,
1559 3398 1621 3441 ιιι
1657 3389 1938 3458 prophetae
1974 3393 2158 3447 verbis

580 3490 724 3534 utar.
765 3481 836 3534 lis
879 3489 1062 3535 autem
1102 3480 1197 3550 qui
1235 3481 1348 3550 jam
1393 3480 1766 3546 crediderunt,
1803 3483 1908 3537 tria
1947 3485 2158 3554 reliqua

581 3571 988 3642 pt-aadicationis
1045 3586 1242 3642 genera
1295 3581 1418 3640 apte
1469 3571 1828 3636 convenient;
1885 3574 2156 3643 siquidem

581 3663 748 3718 etiam
789 3663 892 3717 tria
928 3679 1048 3718 esse
1086 3663 1212 3717 vitm
1243 3679 1307 3717 ac
1349 3663 1786 3720 conversationis
1813 3681 2008 3735 genera
2037 3668 2156 3723 Sal-

584 3761 742 3806 vator
786 3752 1002 3817 docuit;
1045 3752 1185 3806 dixit
1229 3753 1401 3817 enim,
1439 3753 1587 3824 jacta
1625 3753 1717 3808 illa
1750 3756 1807 3809 in
1832 3764 2035 3811 terram
2062 3759 2160 3813 bo-

584 3859 712 3897 nam
750 3844 957 3898 semina
990 3843 1184 3898 fecisse
1228 3843 1487 3908 fructum,
1521 3861 1690 3898 unum
1726 3846 1948 3916 quidem
1975 3856 2158 3903 cente-

583 3931 808 3996 simum,
849 3933 1082 3986 alterum
1119 3949 1251 3988 vero
1292 3936 1710 4004 sexagesimum,
1743 3938 1966 3992 tertium
2007 3938 2158 3994 deni-

583 4039 692 4094 que
736 4023 1071 4078 tricesimum
1102 4024 1166 4077 ".
1212 4025 1416 4079 [lorum
1453 4026 1618 4096 igitur
1657 4029 1953 4098 unicuique
1985 4047 2158 4100 genus

587 4113 718 4166 item
759 4123 842 4167 est
885 4114 1158 4183 quoddam
1202 4116 1469 4170 sermonis
1513 4118 1746 4172 maxime
1783 4123 2150 4178 conveniens:

586 4221 764 4274 neque
809 4206 956 4260 enim
1010 4213 1156 4261 recte
1205 4205 1514 4272 fecerimus,
1560 4208 1602 4261 si
1652 4209 1908 4278 legitimis
1948 4214 2152 4283 nuptiis

586 4295 930 4364 conjunctos,
957 4295 1028 4348 ob
1052 4311 1282 4366 eamque
1324 4313 1438 4351 rem
1465 4299 1576 4352 Deo
1609 4314 1672 4353 ac
1698 4301 1902 4356 mundo
1926 4302 2151 4369 divisos,

585 4394 641 4440 et
701 4401 796 4440 eos
842 4387 970 4441 item
1029 4387 1122 4457 qui
1167 4389 1672 4458 prmstantissimam
1725 4406 1790 4444 ac
1844 4391 2152 4462 religiosam

584 4476 776 4540 vitam,
806 4488 900 4533 aut
940 4489 1122 4548 aptam
1169 4481 1492 4533 sacerdotali
1529 4481 1742 4535 muneri
1776 4494 2157 4553 susceperunt,
2192 4471 2234 4524 Ι)

589 4566 782 4621 iisdem
809 4570 1157 4623 sermonibus
1188 4570 1340 4622 nullo
1372 4569 1687 4626 discrimine
1705 4571 1977 4640 juvandos
1998 4583 2160 4643 puta-

588 4658 854 4721 verimus,
887 4658 981 4711 sed
1020 4658 1127 4712 illis
1161 4659 1384 4726 quidem
1425 4659 1712 4714 dicemus:
1747 4679 1764 4709 ‹
1793 4661 2060 4732 Alligatus
2102 4680 2162 4718 es

589 4749 788 4802 uxori?
830 4747 943 4801 noli
984 4764 1230 4817 quaerere
1287 4750 1643 4815 solutionem;
1709 4752 1920 4806 solutus
1975 4770 2035 4809 es
2092 4756 2162 4809 ab

588 4841 794 4894 uxore?
817 4839 928 4893 noli
952 4855 1199 4908 quarere
1224 4856 1448 4895 uxorem
1475 4842 1551 4908 ‘3;
1578 4862 1594 4892 ι
1617 4851 1673 4896 et
1697 4858 2037 4914 quaecunque
2057 4847 2161 4901 alia

588 4931 940 4985 matrimonio
979 4931 1186 5001 junctis
1232 4939 1287 4986 et
1329 4934 1532 4988 sentire
1570 4937 1827 4990 convenit
1860 4945 1914 4990 et
1957 4938 2156 4993 facere.

589 5023 880 5092 Religiosis
907 5030 1112 5086 autem,
1146 5031 1200 5077 et
1225 5023 1315 5092 qui
1351 5025 1640 5080 severioris
1663 5027 1786 5081 vitae
1811 5029 2160 5097 asperitatem

593 5114 824 5168 tolerare
869 5115 1234 5175 decreverint,
1268 5134 1284 5165 ι
1317 5115 1634 5171 Mortificate
1679 5119 1922 5172 membra
1958 5129 2158 5185 vestra,

591 5217 711 5270 qua:
754 5211 879 5256 sunt
920 5219 1083 5272 super
1121 5212 1324 5257 terram
1353 5244 1368 5268 ,
1432 5205 1878 5272 fornicationem,
1926 5209 2162 5264 immun-

592 5291 804 5357 ditiam,
858 5293 1165 5360 libidinem,
1229 5297 1730 5366 concupiscentiam
1791 5300 2075 5354 malam”.
2132 5321 2150 5352 ι

595 5382 757 5452 168
777 5384 843 5436 Et
866 5383 1050 5447 illud,«
1077 5386 1192 5440 Non
1221 5396 1350 5441 sunt
1371 5389 1653 5458 condigna:
1679 5393 1963 5460 passiones
1996 5393 2160 5464 hujus

595 5474 856 5542 temporis
887 5465 954 5528 ad
1002 5475 1244 5540 futuram
1283 5479 1531 5548 gloriam,
1559 5497 1682 5550 quae
1726 5483 2061 5537 revelabitur
2102 5485 2156 5538 in

592 5564 753 5619 nobis
782 5565 846 5618 ⁸ο.
886 5585 904 5616 ι
939 5566 1010 5621 lis
1057 5567 1293 5636 denique
1329 5571 1423 5640 qui
1464 5572 1532 5625 ad
1565 5573 1933 5628 sacerdotium
1981 5578 2156 5631 vocati

681 5692 1008 5768 "_P"'C_'Y-_IX,
1034 5695 1085 5749 9-
1164 5697 1207 5727 "
1230 5697 1387 5768 Rom.
1414 5703 1538 5768 1,7;
1565 5703 1674 5758 Jer.
1704 5720 1761 5768 ιι,
1787 5704 1875 5759 27.

595 5773 689 5825 vn,
716 5760 766 5815 8.
832 5763 875 5795 ⁸ο
900 5765 1058 5820 Rom.
1091 5782 1208 5832 vin,
1237 5767 1322 5821 l8.

1990 5707 2033 5739 ³⁷
2058 5707 2248 5763 Matth.
2275 5723 2389 5775 xm,
2415 5707 2504 5763 23.
2583 5709 2627 5742 ⁸⁸
2652 5707 2673 5763 1
2697 5707 2825 5763 Cor.
2850 5723 2947 5770 vn,
2973 5705 3060 5760 27.

2261 3212 2341 3274 εἱς
2373 3209 2639 3278 ἀνάληψιν
2677 3207 2821 3260 θείου
2863 3206 3040 3276 φωτὸς
3068 3205 3253 3258 καλεῖν
3291 3205 3580 3275 εἰθίσμεθα
3617 3207 3732 3268 τοὺς
3757 3209 3809 3276 τῇ

2261 3302 2436 3356 κτίσει
2469 3301 2617 3370 παρά
2641 3299 2732 3352 τὸν
2765 3298 3003 3367 Κτίστην
3033 3297 3483 3367 λελατρευκότας,
3530 3299 3624 3351 καὶ
3652 3297 3810 3365 λέγον-

2259 3412 2356 3457 τας
2401 3392 2626 3464 ἀμαθῶς
2685 3389 2762 3460 τῷ
2819 3389 2993 3460 ξύλῳ·
3023 3389 3213 3459 Πατήρ
3255 3405 3355 3458 μου
3409 3386 3457 3441 εἷ
3495 3389 3584 3453 σὺ,
3638 3389 3724 3442 καὶ
3749 3388 3810 3456 τῷ

2259 3485 2390 3554 λίθῳ
2417 3502 2432 3516 ·
2477 3485 2549 3536 Σὺ
2583 3481 2878 3551 ἐγέννησας
2939 3498 3041 3550 με,
3090 3479 3232 3532 κατά
3263 3479 3360 3548 τὴν
3411 3479 3508 3533 τοῦ
3560 3481 3807 3552 προφήτου

2259 3576 2466 3645 φωνήν.
2511 3575 2637 3634 Τοῖς
2683 3589 2745 3641 γε
2790 3574 2896 3643 μὴν
2936 3573 3037 3642 ἤδη
3088 3571 3544 3635 πεπιστευκόσιν,
3593 3573 3648 3624 αἱ
3687 3574 3811 3641 τρεῖς

2258 3667 2444 3738 ἕτεραι
2493 3665 2588 3718 τοῦ
2639 3663 2797 3731 λόγου
2848 3661 3102 3732 διαφοραὶ
3156 3662 3414 3732 πρέποιεν
3453 3663 3524 3715 ἂν
3578 3664 3806 3725 εἰκότως·

2259 3758 2378 3810 ἐπεί
2405 3774 2484 3810 τοι
2513 3757 2607 3809 καὶ⁵
2639 3757 2788 3826 τρεῖς
2818 3750 2958 3807 εἶναι
2992 3753 3105 3823 βίου
3139 3754 3234 3805 καὶ
3266 3753 3544 3816 πολιτείας
3577 3753 3811 3822 διαφορὰς

2257 3849 2533 3902 ἐδίδασκεν
2573 3851 2601 3902 0
2629 3849 2854 3917 Σωτήρ·
2889 3845 2994 3916 ἔφη
3037 3847 3145 3914 γὰρ
3183 3845 3286 3908 ὅτι,
3310 3844 3378 3896 τά
3424 3845 3810 3915 καταϐληθέντα

2257 3942 2367 3995 τῶν
2396 3940 2724 4012 σπερμάτων
2755 3940 2846 3992 ἐπὶ
2871 3938 2967 4008 τὴν
2999 3937 3169 4008 καλὴν
3196 3940 3298 4006 γῆν
3347 3937 3577 4007 ἐποίησε
3601 3937 3808 4006 καρπὸν,

2256 4034 2286 4085 0
2311 4033 2407 4102 μὲν
2440 4030 2653 4095 ἐκατὶν,
2683 4031 2712 4081 0
2731 4028 2786 4081 δὲ
2819 4027 3099 4097 ἐξήκοντα,
3129 4028 3158 4079 0
3190 4026 3247 4079 δὲ
3275 4025 3597 4097 τριάκοντα.
3628 4024 3810 4079 Οὐκοῦν

2257 4123 2372 4177 ἐστὶ
2397 4141 2480 4186 τις
2505 4123 2718 4192 ἑκάστῳ
2745 4121 2856 4173 τῶν
2882 4119 3140 4173 τοιούτων
3160 4159 3174 4182 ,
3204 4120 3233 4172 0
3257 4118 3406 4188 αὐτῷ
3435 4119 3670 4188 μάλιστα
3700 4117 3809 4190 πρέ-

2259 4233 2376 4269 πων
2405 4215 2562 4282 λόγος
2587 4226 2601 4242 ·
2628 4213 2688 4265 οὒ
2712 4212 2822 4282 γάρ
2851 4229 2937 4264 πω
2964 4209 3195 4281 δρῶντες
3224 4209 3420 4280 ὀρθῶς,
3448 4212 3579 4271 τοὺς
3609 4207 3719 4278 Θεῷ
3736 4210 3810 4261 καὶ

2257 4307 2448 4378 κόσμῳ
2472 4305 2907 4377 μεμερισμένους
2923 4341 2936 4365 ,
2966 4300 3055 4353 διὰ
3076 4300 3136 4353 τὸ
3155 4303 3296 4352 κατά
3317 4299 3480 4371 νόμον
3505 4298 3810 4368 ὐπεζεῦχθαι

2261 4399 2491 4470 γάμοις,
2524 4397 2619 4450 καλ⁵
2655 4396 2781 4458 τοὺς
2809 4394 2900 4448 τὸν
2935 4392 3266 4463 πανάριστόν
3298 4409 3358 4445 τε
3399 4393 3492 4444 καὶ
3537 4390 3810 4461 ἀσκητικὸν

2263 4487 2689 4557 ἐπανελθμένους
2721 4484 2865 4554 βίον,
2895 4484 3062 4554 ἤγουν
3090 4483 3181 4534 τὸν
3216 4481 3484 4553 ἱερωσύνῃ
3521 4483 3807 4552 πρέποντα.

2260 4582 2372 4642 τοῖς
2390 4579 2524 4640 ἴσοις
2543 4577 2870 4645 ἀφυλάκτοις
2883 4573 3237 4644 ὠφελήσομεν
3255 4571 3451 4640 λόγοις,
3477 4571 3595 4624 ἀλλ’
3614 4571 3809 4630 ἐκεινοις

2267 4671 2364 4741 μὲν
2401 4668 2666 4740 ἐροῦμεν·
2715 4685 2734 4718 ι
2785 4667 3008 4718 Δέδεσαι
3049 4663 3304 4732 γυναικί;
3346 4663 3419 4732 μὴ
3460 4662 3612 4732 ζήτει
3649 4661 3805 4714 λύσιν·

2262 4763 2483 4815 λέλυσαι
2516 4760 2624 4814 ἀπὸ
2652 4758 2942 4828 γυναικός;
2981 4756 3054 4826 μὴ
3081 4756 3230 4825 ζήτει
3257 4757 3489 4822 γυναῖκα
3509 4771 3522 4783 ·
3560 4774 3578 4805 ι
3624 4754 3709 4806 καὶ
3726 4753 3808 4804 ὅσα

2261 4855 2374 4916 τοῖς
2406 4850 2777 4922 γεγαμηκόσιν
2811 4846 3036 4918 ἁρμόζει
3070 4847 3287 4916 φρονεῖν
3317 4862 3374 4897 τε
3406 4845 3500 4896 καὶ
3532 4845 3680 4915 δρᾷν.
3705 4843 3809 4904 Τοῖς

2263 4961 2328 5012 γε
2374 4943 2480 5014 μὴν
2509 4943 2828 5010 ἀσκητικοῖς
2865 4939 2958 4991 καὶ
2993 4938 3276 5007 καρτερεῖν
3321 4935 3611 5003 ἐγνωκόσι·
3663 4953 3681 4984 ι
3723 4933 3807 4986 Νε-

2263 5034 2513 5105 κρώσατε
2549 5033 2618 5084 τὰ
2648 5030 2784 5100 μέλη
2816 5029 2970 5099 ὑμῶν
3013 5027 3080 5080 τὰ
3121 5028 3214 5080 ἐπὶ
3242 5025 3342 5096 τῆς
3385 5026 3522 5093 γῆς,
3559 5023 3804 5097 πορνείαν,

2264 5123 2624 5194 ἀκαθαρσίαν,
2650 5121 2840 5194 πάθος,
2861 5118 3151 5190 ἐπιθυμίαν
3172 5119 3367 5188 κακήν.
3391 5136 3408 5169 ι
3439 5118 3545 5169 Καὶ
3566 5117 3644 5181 τὺ,
3673 5134 3688 5166 ι
3714 5114 3809 5166 υύκ

2263 5217 2388 5280 ἀξια
2413 5193 2478 5267 τά
2513 5193 2812 5284 παθήματα
2839 5211 2932 5264 τοῦ
2960 5211 3056 5263 νῦν
3089 5209 3282 5278 καιροῦ
3315 5207 3448 5280 πρὸς
3485 5209 3585 5278 τὴν
3615 5206 3809 5277 μέλλου-

2266 5323 2362 5359 σαν
2402 5305 2559 5368 δόξαν
2605 5301 3056 5372 ἀποκαλυφθῆναι
3095 5301 3175 5362 εἰς
3217 5301 3383 5369 ἡμᾶς.
3423 5318 3440 5349 ι
3479 5300 3603 5360 Τοῖς
3643 5297 3697 5349 δέ
3729 5310 3806 5346 κε-

2264 5397 2556 5466 κλημένοις
2585 5397 2664 5458 εἱς
2694 5393 3014 5465 ἱερωσύνην·
3059 5411 3076 5442 ι
3115 5391 3287 5461 Χείλη
3327 5389 3515 5460 ἱερέως
3547 5387 3808 5457 φυλάξεται

2262 5487 2500 5556 γνῶσιν,
2545 5487 2639 5540 καὶ
2683 5486 2845 5556 νόμον
2890 5485 3282 5554 ἐκζητήσουσιν
3331 5483 3396 5534 ἐκ
3436 5481 3690 5549 στόματος
3727 5475 3809 5528 αύ-

2262 5577 2378 5640 τοῦ,
2416 5596 2432 5627 ι
2468 5576 2562 5629 καὶ
2599 5577 2698 5629 ὅσα
2741 5574 2992 5645 Τιμοθέῳ
3021 5572 3306 5644 παρεγγυᾷ
3336 5570 3564 5642 γράφων
3598 5570 3626 5622 0
3656 5563 3810 5636 σοφώ·

3160 5705 3202 5738 ³⁸
3225 5703 3434 5760 Coloss.
3480 5719 3558 5769 ιιι,
3583 5704 3637 5769 5;
3667 5701 3804 5757 Rom.
