3998 6502
167 393 270 451 ΓΗ
395 423 414 438 ο
919 415 1002 468 DE
1037 416 1476 479 ADORATIONE
1517 426 1582 481 IN
1625 426 1893 485 SPIRITU
1934 431 2021 485 ET
2065 431 2431 487 VERITATE.
2477 432 2604 486 LIB.
2647 433 2708 486 V.
3326 439 3431 494 402

165 525 331 574 τατος
373 513 602 580 Παῦλος.
641 513 786 591 Ἀρὰ
816 540 906 592 μοι
953 527 1044 580 τοῦ
1079 531 1378 600 πρέποντος
1410 535 1630 609 ἐξέρπει
1675 557 1704 592 τ

1847 539 2085 606 fuerint,
2136 563 2153 592 ‹
2203 543 2368 599 Labia
2414 543 2717 598 sacerdotis
2763 545 3072 600 cnstodient
3119 545 3426 614 scientiam,

163 606 505 711 διηγῇματα,
542 611 636 664 καὶ
684 614 1021 687 ἀποφέρεταί
1058 640 1147 676 ποι
1197 626 1333 698 πρὸς
1373 628 1435 680 τὸ
1480 606 1580 683 οὐκ
1626 631 1711 701 ἔχο

1853 641 1910 688 et
1933 635 2105 705 legem
2137 638 2430 706 exquirent
2469 637 2536 690 de
2574 653 2670 692 ore
2713 639 2832 709 ejus
2853 639 2926 703 ”;
2958 659 2974 690 ι
3004 646 3060 694 et
3087 655 3427 711 quaecunque

285 693 307 704 ν
1240 689 1252 698 ,
1317 689 1323 690 κ
1655 689 1688 701 ,,
1986 689 2041 705 vi
2478 689 2529 690 κέ
2582 689 2665 692 -ν-
2721 689 2828 709 ’δ-“
2913 689 2966 703 τν
3010 689 3057 694 ν*
3090 689 3426 711 -ι-”--··Ί*ν

162 689 384 802 iam?“
427 791 472 802 Μ
620 795 632 802 ᾔ
677 800 682 802 Α
1853 726 1920 780 ad
1973 726 2322 782 Timotheum
2379 729 2626 784 scribens
2668 730 2824 802 jubet
2867 730 2952 785 vir
2993 732 3426 802 sapientissimus

161 783 388 896 ξξιξιυεο
426 791 568 896 Ntlm
618 795 785 896 igitur
830 802 934 896 lue,
981 823 1118 877 quas
1192 827 1223 866 e
1272 813 1572 884 Scripturis
1619 819 1775 874 attuli
1844 826 2212 891 narrationes,
2254 826 2323 880 ab
2391 842 2458 880 eo
2509 783 2901 896 quod'deceat
2934 783 3209 894 aberrrant,
3255 838 3311 884 ct
3357 845 3436 884 eo.

161 875 568 948 detorquentur
601 889 748 956 quod
780 875 1013 953 minime
1035 907 1246 956 rectum
1277 903 1383 957 sit?

228 977 443 1033 ΠΑΛΛ.
476 981 715 1039 Ἦκιστά
745 1005 827 1056 γε.

1923 1005 2119 1060 PALL.
2162 1005 2382 1060 Minime
2412 1020 2560 1058 vero.

158 1154 170 1167 .
228 1066 396 1167 K_1‘P.
466 1071 744 1167 :E‘trtf-‘t‘jpat
805 1080 863 1133 δὲ
928 1083 1010 1136 ὅτι
1075 1085 1257 1156 μόνοις
1316 1090 1580 1161 ἀπονέμει
1631 1095 1711 1146 τοῖ

1918 1096 2074 1150 CYR.
2117 1096 2253 1150 Illud
2281 1104 2462 1151 autem
2503 1097 2904 1151 animadvertas
2935 1097 3122 1161 velim,
3153 1097 3322 1151 Deum
3355 1097 3422 1152 iis

159 1155 410 1258 ίοερᾶσίὲαι
470 1159 724 1258 λαχοῦσι,
780 1168 840 1220 τὸ
896 1155 1196 1244 κεχρῆσθαι
1247 1181 1368 1242 ταῖς
1419 1155 1706 1250 σάλπιγξιν

1847 1189 2113 1243 duntaxat
2169 1188 2262 1258 qui
2330 1190 2643 1245 sacerdotes
2689 1190 2851 1244 electi
2898 1197 3114 1254 essent,
3165 1190 3419 1244 tubarum

155 1247 455 1313 ἀνατιθεὶς,
486 1247 639 1323 οἶμαί
676 1273 800 1320 που,
835 1264 947 1324 τοῖς
972 1263 1080 1316 τῶν
1122 1265 1265 1319 λαῶν
1297 1269 1614 1334 παιδευταῖς
1646 1289 1711 1325 κα

1847 1296 2005 1335 usum
2044 1247 2313 1347 tribuere;
2357 1281 2504 1351 quod
2547 1281 2732 1351 populi
2770 1282 2978 1337 scilicet
3013 1281 3332 1337 doctoribus
3363 1291 3420 1336 et

151 1336 507 1408 ἡγιασμένοις
533 1347 612 1410 είς
650 1349 970 1422 ἱερωσύνην,
996 1355 1088 1408 τὸν
1122 1363 1609 1432 μυσταγωγοῦντα,
1643 1385 1711 1420 κα

1845 1371 2223 1426 sacerdotibus
2265 1371 2598 1427 consecratis
2630 1371 2888 1442 assignet,
2926 1381 2986 1427 ut
3028 1373 3243 1442 Opinor,
3275 1389 3415 1442 prae-

154 1432 263 1528 μην
305 1432 401 1533 καί
444 1437 740 1533 είς-ἔφεσιν
779 1443 982 1515 ἀρετῆς
1011 1432 1376 1522 ὲπαλείιροντα
1413 1456 1587 1525 λόγον.
1638 1462 1711 1512 Διί

1840 1461 2192 1527 dicationem,
2219 1478 2341 1532 quae
2381 1463 2448 1517 dc
2495 1432 2769 1533 mysteriis
2801 1461 3015 1525 doceat,
3045 1471 3100 1516 et
3135 1462 3201 1516 ad
3237 1461 3415 1516 virtu-

149 1523 308 1573 τοῦτο
499 1523 674 1624 οἶμαι,
705 1534 840 1605 πρὸς
873 1540 973 1606 μὲν
1003 1541 1206 1596 Μωσέα
1235 1545 1398 1615 φησί’
1442 1567 1459 1598 ι
1487 1523 1711 1620 ήΠοίησοι

1837 1560 1948 1606 tem
1985 1523 2344 1622 expetendam
2389 1523 2658 1607 instituat.
2702 1553 2888 1623 Itaque
2922 1553 2990 1608 ob
3019 1569 3140 1608 eam
3170 1569 3411 1618 causam,

151 1614 366 1718 σεξυτῷ
386 1614 490 1718 δύο
509 1619 843 1718 ράλπιγγας.
881 1645 898 1678 ι
927 1629 1098 1702 Νόμῳ
1120 1633 1176 1684 δὲ
1203 1614 1388 1708 ὥσπερ
1419 1614 1711 1712 κατασιέραι

1836 1653 1896 1698 ut
1920 1659 2020 1714 ego
2052 1614 2325 1711 existimo,
2376 1646 2511 1700 dicit
2552 1647 2719 1718 Moysi
2756 1664 2768 1699 :
2859 1646 2964 1700 Fac
3003 1645 3101 1701 tibi
3140 1646 3278 1701 duas
3321 1654 3410 1700 tu-

147 1699 318 1805 γίζιιυν
346 1705 410 1758 τὸ
436 1709 652 1805 χρῆμτέν
686 1732 703 1764 ι
740 1717 850 1769 Καὶ
873 1719 922 1769 0E
951 1699 1078 1774 υἱοὶ*
1101 1725 1328 1797 Ἀαρὼν,
1421 1699 1650 1802 (malm:
1684 1753 1709 1788 0

1833 1730 1932 1786 bas
1964 1733 2027 1785 δ’.
2064 1753 2082 1782 ι
2132 1734 2374 1804 Eamque
2419 1750 2532 1789 rem
2560 1735 2728 1788 veluti
2758 1735 2876 1805 lege
2907 1733 3254 1799 confirmans,
3288 1755 3306 1786 ι
3343 1735 3418 1791 Et
3505 1773 3510 1776 -

149 1792 352 1858 ἱερεῖς,
392 1796 677 1854 σαλπιοῦσι
706 1806 822 1868 ταῖς
853 1807 1106 1878 σάλπιγξι
1132 1829 1144 1842 ’
1177 1817 1270 1868 καὶ
1305 1817 1458 1872 ἔσται
1483 1792 1612 1892 ῦμῖν
1645 1824 1711 1876 νό·

1834 1818 1983 1882 ﬁtii,»
2019 1821 2216 1891 inquit,
2253 1792 2468 1877 «.Aaron
2491 1792 3018 1879 sacerdoteshanent
3037 1824 3288 1890 tubis;et
3303 1825 3412 1879 erit

148 1895 318 1950 μιμον
353 1885 573 1943 αἰώνιον
601 1895 678 1954 είς
708 1893 804 1958 τὰς
831 1902 1025 1965 γενεὰς
1050 1904 1224 1970 ὑμῶν.
1264 1926 1282 1959 ι

213 2068 429 2124 ΠΛΔΛ.
475 2071 684 2126 Οὐκοῦν
721 2075 828 2129 τῶν
863 2082 1150 2150 σημασιῶν
1183 2086 1311 2150 τοὺς
1340 2090 1603 2159 τρόπους,
1650 2095 1729 2156 εἰς

142 2158 231 2211 τὸν
262 2160 486 2232 ἑκάστῳ
516 2163 624 2217 τῶν
655 2166 924 2223 εἰωθότων
964 2173 1271 2246 εὐδοκιμεῖν
1302 2158 1516 2234 ἐοικότα
1548 2182 1725 2250 λόγον,

143 2251 589 2342 παραδεξόμεθα.
639 2256 1066 2334 Συναπαροῦμεν
1113 2267 1169 2319 δὲ
1209 2267 1351 2324 οὕτω
1383 2271 1476 2324 καὶ
1521 2290 1726 2342 συγκα-

143 2339 453 2436 ταλύσομεν
482 2349 580 2436 Ῠτῇ
643 2349 874 2422 νεφέλῃ,
937 2357 1215 2423 τουτέστι,
1282 2339 1725 2436 συμϐαδιούμεθα

142 2431 373 2500 νοητῶς,
408 2435 504 2488 καὶ⁵
534 2444 1060 2514 συναναπαυσάμεθα
1093 2446 1170 2517 τῷ
1199 2450 1441 2522 Χριστῷ.

206 2691 385 2789 _KTP.
414 2690 488 2750 Εὖ
523 2696 723 2768 λέγεις.
765 2703 928 2759 Τουτὶ
965 2708 1074 2780 γὰρ
1106 2711 1252 2779 ἡμᾶς
1281 2713 1564 2770 ἀναπείσει
1590 2735 1722 2789 φρο-

136 2783 272 2878 νεῖν,
294 2786 397 2878 καὶ
413 2790 691 2859 προφήτου
709 2790 864 2860 λόγος
886 2795 1021 2866 ἔχων
1047 2799 1165 2852 ὠδί’
1187 2819 1204 2850 ι
1221 2801 1330 2855 Καὶ
1349 2803 1464 2868 νῦν,
1484 2783 1718 2878 Ἰσραὴλ,

134 2872 186 2925 τί
221 2875 431 2946 Κύριος
455 2881 482 2932 ὁ
507 2880 636 2945 Θεὸς
663 2885 911 2956 ἐπιζητεῖ
939 2890 1090 2961 παρά
1117 2892 1232 2953 σοῦ,
1254 2893 1368 2946 ἀλλ’
1400 2896 1432 2966 ἥ
1462 2895 1522 2949 τὸ
1547 2872 1720 2954 ποιεῖν

134 2966 335 3035 κρῖμα,
368 2969 463 3021 καὶ
495 2970 715 3044 ἀγαπᾷν
746 2975 896 3041 ἕλεος
915 3017 928 3039 ,
961 2982 1054 3032 καὶ
1083 2981 1298 3053 ἕτοιμον
1330 2979 1466 3038 εἶναι
1495 2988 1588 3041 τοῦ
1623 3007 1720 3044 πο-

135 3057 394 3126 ρεὺεσθαι
425 3062 563 3130 μετά
591 3064 797 3135 Κυρίου
825 3067 959 3122 Θεοῦ
975 3087 1083 3151 [dou
1109 3088 1123 3138 ;
1167 3092 1185 3124 ι

201 3245 420 3301 ΠΑΛΛ.
473 3249 607 3303 Ἀλλ’
637 3251 717 3304 ὅτι
746 3253 845 3320 μὲν
871 3255 1060 3326 χρῆμα
1104 3258 1288 3324 καλὸν,
1324 3266 1418 3318 καὶ
1459 3266 1550 3319 τοῦ
1584 3285 1719 3322 παν-

132 3334 224 3398 τὸς
269 3336 441 3401 ἀξιον,
475 3341 569 3393 καὶ
597 3342 695 3412 τὴν
725 3345 812 3396 ἐπ’
843 3347 1062 3418 ἀνδρείᾳ
1101 3349 1259 3416 δόξαν
1289 3357 1712 3424 καταπλουτοῦν,

49 3471 58 3489 ,
130 3426 191 3479 τὸ
220 3429 553 3499 πορεύεσθαι
589 3436 727 3504 μετὰ
771 3438 976 3510 Κυρίου
1023 3441 1158 3494 Θεοῦ
1202 3461 1318 3507 σου,
1363 3447 1478 3510 πῶς
1520 3451 1620 3502 οὐκ
1652 3451 1717 3504 ἂν

131 3517 344 3610 γένοιτο
377 3522 578 3592 σαφές;
606 3525 671 3578 Τί
701 3526 744 3579 δ’
773 3527 840 3580 ἂν
880 3530 963 3601 εἴη
997 3533 1156 3588 πάλιν
1189 3535 1275 3598 τὸ,
1302 3535 1516 3610 ἕτοιμον
1554 3536 1713 3606 εἶναι,

131 3609 371 3677 φράσαις
398 3611 466 3665 ἂν
494 3614 731 3670 ὲΘέλοντί
757 3635 868 3688 μοι.

202 3702 367 3794 ΚΥΡ.
412 3704 539 3769 Πῶς
578 3708 687 3780 γὰρ
719 3708 815 3777 οῦ;
846 3712 938 3765 τοῦ
967 3713 1076 3783 γὰρ
1109 3720 1325 3786 φρονεῖν
1355 3736 1414 3772 τε
1448 3721 1543 3773 καί
1584 3722 1715 3794 δρᾷν

130 3793 446 3860 ὶπείγεσθαι
475 3799 544 3852 τὰ
570 3800 725 3866 Θεοῦ,
757 3805 907 3876 παρὰ
933 3808 1096 3872 πόδας
1135 3811 1266 3880 ἡμῖν
1294 3815 1552 3884 κειμένου
1570 3857 1582 3876 ,
1620 3793 1715 3871 καὶ

131 3885 490 3954 ἀπείργοντος
511 3891 744 3957 οὐδενὸς,
771 3894 893 3948 οὔτε
925 3899 1032 3970 μὴν
1053 3901 1400 3968 ἀνθέλκοντος
1430 3907 1507 3970 είς
1537 3908 1715 3963 ἀδόκι-

135 3985 234 4062 μον
264 3971 410 4037 νοῦν,
445 3975 621 4042 τοῦτο,
650 3976 824 4051 οἶμαι,
855 3983 968 4039 ἔστι
1002 3988 1060 4041 τὸ
1093 3989 1306 4062 ἕτοιμον
1329 3988 1466 4047 εἶναι
1497 3996 1591 4048 τοῦ
1619 4015 1714 4051 7:0-

134 4057 388 4127 ρεύεσθαι
429 4065 570 4134 μετά
605 4068 760 4123 Θεοῦ.

130 4326 243 4420 δεῖν
264 4329 344 4398 τῷ
367 4330 488 4402 Θεῷ
512 4332 814 4404 ἐθέλοντας,
850 4340 925 4411 μὴ
957 4343 1062 4412 μὴν
1088 4343 1167 4397 ἔτι
1192 4347 1286 4399 καὶ
1315 4348 1373 4416 ἐξ
1397 4349 1524 4420 ὅλης
1552 4353 1711 4408 τοῦτο

129 4417 262 4489 δρᾷν
291 4422 576 4492 ἑλομένους
600 4426 798 4499 ψυχῆς,
826 4430 1156 4499 ὀκλάζοντας
1177 4437 1235 4490 δὲ
1264 4438 1402 4508 πρὸς
1428 4417 1490 4494 τδ
1513 4443 1707 4500 ἅναλκι

127 4510 228 4560 καὶ
255 4516 722 4584 παραιτουμένους
753 4519 829 4589 (ι)
851 4521 913 4574 τὸ
945 4527 1246 4596 καρτερόν;

201 4599 365 4693 Kl‘l’.
398 4603 558 4669 Τοὺς,
585 4606 644 4659 οἵ
661 4623 724 4675 γε
753 4609 966 4679 βραδεῖς
987 4616 1046 4667 τέ
1065 4618 1192 4682 είσι,
1223 4621 1318 4674 καὶ
1348 4623 1499 4693 μόλις
1533 4627 1708 4693 ἱέντας

130 4689 236 4786 μέν
261 4691 347 4786 επὶ
369 4693 429 4786 τὸ
457 4700 676 4766 φρονεῖν
704 4699 908 4755 ἐθέλειν
932 4705 999 4758 τὰ
1028 4708 1114 4777 ἐφ’
1137 4704 1216 4774 οἷς
1245 4713 1312 4766 ἂν
1339 4689 1521 4786 ⁴ῖιδοιτο
1552 4689 1703 4786 Θεὸς,

126 4780 332 4880 οῦρμὴν
366 4783 446 4837 ἔτι
473 4789 568 4840 καὶ
589 4789 978 4861 ἀντεχομένους
1007 4797 1290 4873 ὁλοκλήρῳ
1314 4780 1524 4880 διανοίᾳ
1552 4780 1706 4864 πολίλ

125 4875 285 4973 τείας
311 4878 676 4973 ἁγιοπρεποῦς
695 4925 709 4948 ,
733 4884 783 4937 οἳ
816 4889 1007 4959 μοῖραν
1037 4892 1136 4960 μὲν
1162 4893 1352 4969 ὥσπερ
1390 4875 1578 4972 ὀλίγην
1607 4904 1706 4973 τῆς

126 4964 354 5060 ἐνούσης
383 4971 564 5036 αὐτοῖς
585 4975 820 5046 σπουδῆς
839 4995 898 5030 τε
923 4982 1019 5032 καὶ
1033 4964 1342 5056 προθυμίας
1369 4964 1701 5060 ἀπονέμουσι

123 5059 196 5126 τῇ
237 5058 315 5122 είς
339 5060 468 5116 Θεὸν
506 5065 716 5138 ἀγάπῃ,
751 5068 811 5120 τὸ
835 5069 892 5122 δέ
923 5088 986 5138 γε
1008 5070 1190 5128 λοιπὸν
1213 5076 1358 5131 ἆπαν
1382 5058 1702 5137 ἀσωτότατά

123 5165 188 5200 τε
220 5152 314 5205 καὶ
349 5156 602 5224 προαλῶς
649 5159 890 5232 δαπανᾷν
919 5162 1190 5232 ἐγνώκασι
1216 5171 1326 5233 τοῖς
1351 5172 1418 5225 ὲν
1438 5173 1572 5244 τῷδε
1601 5176 1700 5248 βίῳ

125 5249 714 5335 περισπασμοῖς,-καὶ
767 5251 1048 5323 ἀνονήτοις
1101 5256 1287 5327 ἱδρῶσι
1343 5261 1436 5313 καὶ
1483 5269 1701 5335 πικροῖς

124 5331 548 5423 φροντίσμασιν,
579 5332 654 5392 ὧν
685 5341 764 5403 είς
799 5341 970 5397 τύπον
996 5344 1061 5398 ἂν
1091 5341 1200 5402 εἷεν
1241 5351 1289 5401 οί
1325 5352 1390 5404 ὲκ
1443 5331 1698 5423 Ῥουδείμ

122 5433 188 5469 τε
215 5419 305 5471 καὶ
327 5423 430 5476 res
448 5440 462 5454 ·
496 5426 808 5498 γέγραπται
833 5431 942 5501 γὰρ
969 5432 1132 5487 πάλιν
1165 5435 1222 5486 ὲν
1245 5438 1358 5498 τοῖς
1395 5419 1692 5509 Ἀριθμοίςο

127 5524 147 5557 ι
191 5509 300 5562 Καὶ
329 5513 542 5584 κτηνῶν
582 5516 790 5588 πλῆθος
829 5515 900 5590 ἦν
942 5525 1058 5586 τοῖς
1122 5525 1257 5589 υἱοῖς
1298 5527 1552 5598 Ῥουδεὶμ
1601 5532 1696 5583 καὶ

201 5662 248 5693 “
274 5665 493 5724 Malach.
523 5686 582 5737 ιι,
613 5672 666 5725 7.
746 5676 790 5705 ’⁵⁸
818 5673 982 5730 Num.
1012 5693 1062 5741 Χ,
1087 5677 1141 5730 ἓ-

203 5773 282 5848 (Ι)
318 5779 462 5846 (Σοάι,
490 5783 639 5851 Vat,
677 5787 1148 5862 παρωθουμένους,
1179 5791 1510 5862 repellentes.

1829 1909 1986 1964 vobis
2024 1911 2329 1982 legitimum
2375 1915 2770 1984 sempiternum
2802 1913 2855 1968 in
2895 1914 3276 1984 generationes
3310 1929 3406 1968 vc—

1830 2009 1971 2055 stras
2000 2002 2063 2055 ".
2099 2023 2115 2051 ι

1898 2091 2094 2147 PALL.
2137 2094 2307 2164 Igitur
2354 2095 2636 2166 signorum
2683 2095 2895 2161 modos,
2926 2111 3235 2154 sermonem
3279 2099 3405 2153 uni-

1827 2181 2024 2251 cuique
2069 2185 2234 2239 statui
2274 2186 2412 2240 bene
2453 2203 2518 2242 ac
2549 2187 2896 2242 laudabiliter
2927 2189 3248 2256 viventium,
3277 2198 3402 2260 apte

1825 2283 1880 2328 et
1919 2276 2327 2331 accommodate
2370 2277 2676 2333 exbibitum
2727 2279 3076 2349 accipiemus.
3119 2281 3198 2334 Ita
3241 2280 3405 2335 simul

1823 2379 2042 2434 quoque
2097 2382 2222 2420 cum
2277 2367 2423 2422 nube
2479 2370 2955 2438 promovebimus,
3009 2369 3284 2440 simulque
3332 2371 3418 2428 ab.

1826 2453 2020 2508 itinere
2078 2456 2454 2522 cessabimus,
2496 2459 2602 2513 hoc
2657 2468 2761 2523 est,
2803 2459 2965 2513 simul
3019 2475 3144 2514 cum
3181 2459 3404 2516 Christo

1823 2543 2180 2600 sniritualiter
2212 2547 2632 2613 ambulabimus,
2670 2549 2939 2619 simulque
2969 2550 3398 2620 requiescemus.

1891 2725 2047 2781 CYR.
2091 2726 2257 2782 Recte
2295 2729 2394 2783 ais.
2443 2727 2534 2783 Sic
2576 2744 2811 2798 namque
2861 2731 3067 2785 sentire
3106 2733 3403 2801 persuadet

1819 2817 2104 2886 prophetae
2124 2833 2341 2887 quoque
2361 2818 2590 2880 dictum,
2614 2819 2760 2888 quod
2785 2819 2863 2873 sic
2886 2819 3052 2874 habet
3073 2839 3117 2873 ε(
3141 2822 3208 2876 Et
3227 2839 3394 2888 nunc,

1820 2907 2007 2972 Israel,
2045 2908 2178 2977 quid
2223 2909 2487 2963 Dominus
2533 2910 2679 2964 Deus
2715 2910 2957 2978 exquirit
2989 2926 3019 2964 a
3053 2918 3126 2972 te,
3159 2911 3266 2966 nisi
3311 2911 3396 2966 fa-

1818 3009 1944 3050 cere
1970 2995 2258 3066 judicium,
2287 3003 2344 3051 et
2375 2997 2602 3067 diligere
2638 2995 3093 3062 misericordiam,
3119 3006 3175 3051 et
3208 3013 3394 3067 prom-

1820 3095 1975 3155 ptum
2039 3102 2160 3142 esse
2224 3087 2292 3142 ad
2353 3087 2743 3142 ambulandum
2809 3103 2934 3142 cum
2994 3089 3225 3144 Domino
3280 3091 3408 3144 Deo.

1743 3165 1785 3222 (ἶ
1821 3186 1914 3230 tuo
1947 3176 2084 3229 δδῖι

1889 3266 2085 3322 PALL.
2130 3268 2294 3338 Atqui
2341 3285 2458 3323 rem
2496 3269 2716 3339 quidem
2763 3284 2882 3324 esse
2929 3269 3214 3325 manifeste
3256 3286 3395 3340 pra:-

1819 3357 2018 3412 claram
2071 3373 2134 3413 ac
2176 3359 2398 3429 plurimi
2446 3359 2771 3423 faciendam,
2799 3369 2854 3414 et
2893 3375 3014 3429 quae
3055 3360 3397 3416 fortitudinis

1817 3449 2132 3518 opinionem
2176 3450 2450 3514 conciliet,
2495 3451 2776 3504 ambulare
2822 3466 2946 3505 cum
2987 3451 3216 3505 Domino
3257 3452 3391 3516 Deo,

1817 3539 1942 3607 quis
1970 3541 2161 3609 neget?
2203 3539 2311 3595 Sed
2359 3550 2537 3595 tamen
2581 3541 2713 3596 illud
2753 3556 2944 3595 rursus
2980 3541 3115 3596 mihi
3153 3543 3407 3614 explices.

1815 3629 2000 3694 velim,
2033 3631 2292 3701 quidnam
2318 3632 2388 3686 sit
2417 3640 2730 3702 promptum
2759 3647 2898 3686 esse.

1884 3721 2039 3776 CYR.
2079 3723 2295 3776 Faciam
2336 3738 2469 3777 vero
2498 3743 2508 3776 :
2539 3739 2636 3777 cur
2675 3724 2821 3779 enim
2869 3724 3106 3795 negem?
3146 3723 3200 3779 Si
3243 3725 3392 3781 enim

1817 3812 1871 3866 in
1900 3823 2160 3884 promptu
2203 3814 2274 3868 sit
2314 3813 2474 3868 nobis
2507 3815 2767 3883 positum,
2801 3824 2862 3868 ut
2890 3830 3010 3884 qua:
3041 3814 3139 3870 Dei
3173 3824 3300 3870 sunt
3335 3823 3396 3871 et.

1815 3905 2135 3970 sentiamus,
2169 3913 2224 3959 et
2254 3906 2509 3961 celeriter
2533 3905 2814 3970 faciamus,
2844 3907 3092 3977 nihilque
3117 3907 3189 3962 sit
3242 3908 3389 3977 quod

1813 3997 2107 4067 prohibeat
2135 4007 2229 4052 aut
2258 3999 2539 4068 pertrahat
2576 3998 2630 4052 in
2672 3999 2968 4068 reprobum
3009 4014 3252 4062 sensum,
3285 3999 3390 4053 hoc

1815 4087 1949 4141 illud
1994 4096 2097 4153 est,
2143 4104 2264 4142 mea
2312 4087 2533 4158 quidem
2571 4088 2862 4152 sententia,
2909 4095 3223 4158 promptum
3268 4103 3394 4145 esse

1813 4178 1880 4233 ad
1907 4178 2294 4233 ambulandum
2325 4195 2447 4234 cum
2476 4179 2606 4232 Deo.

1882 4267 2079 4321 PALL.
2109 4267 2258 4332 Quos
2279 4282 2410 4321 vero
2437 4267 2661 4320 omnino
2693 4265 2928 4320 dicimus
2953 4281 3048 4322 eos
3096 4267 3191 4337 qui
3212 4267 3386 4322 Deum

1812 4356 1968 4425 sequi
2013 4355 2236 4425 cupiant
2259 4355 2502 4424 quidem,
2534 4369 2642 4408 non
2672 4362 2850 4408 tamen
2881 4353 2935 4408 id
2963 4369 3030 4409 ex
3060 4363 3175 4410 toto
3204 4357 3388 4412 animo

1812 4447 1985 4501 velint
2005 4446 2239 4510 edicere,
2264 4447 2360 4502 sed
2383 4463 2494 4516 prae
2513 4446 2725 4518 ignavia
2749 4447 3129 4514 succumbant,
3151 4456 3208 4503 et
3235 4465 3387 4520 aspe-

1812 4553 1994 4592 rarum
2020 4552 2201 4591 rerum
2231 4538 2578 4592 tolerantiam
2605 4537 3002 4607 deprecentur?

1877 4628 2033 4684 CYR.
2071 4627 2196 4694 Qui,
2227 4644 2353 4683 cum
2399 4627 2668 4683 tardiores
2709 4629 2839 4694 sint,
2868 4638 2926 4684 et
2969 4630 3059 4684 vix
3102 4645 3169 4686 eo
3212 4645 3384 4700 usque

1808 4719 2229 4789 progrediantur
2249 4726 2307 4773 ut
2332 4735 2397 4774 ea
2426 4735 2616 4789 sapere
2636 4719 2808 4774 velint
2846 4735 2968 4789 qua:
3009 4722 3120 4775 Deo
3142 4721 3380 4790 placent,

1814 4807 1974 4877 169
2022 4823 2132 4863 non
2188 4816 2370 4863 tamen
2419 4809 2632 4880 integro
2679 4819 2901 4880 totoque
2953 4811 3136 4864 animo
3183 4819 3396 4865 saneta.»

1809 4897 2212 4953 conversationi
2271 4900 2671 4964 adhaerescunt,
2703 4901 2797 4969 qui
2850 4901 2936 4955 sui
2997 4900 3164 4954 studii
3219 4909 3384 4971 atque

1811 4987 2107 5045 alacritatis
2125 4990 2373 5060 exiguam
2397 4999 2606 5061 partem
2627 4991 2824 5048 divina:
2839 4991 3092 5047 charitati
3109 4991 3378 5057 tribuunt,

1809 5078 2082 5148 reliquum
2123 5095 2255 5134 vero
2292 5096 2453 5135 omne
2500 5082 2713 5151 perdite
2756 5090 2811 5136 et
2859 5082 3285 5151 intemperanter
3323 5083 3384 5136 in

1809 5168 1974 5238 hujus
2010 5169 2137 5224 vita:
2171 5171 2622 5227 distractionibus
2663 5172 3054 5240 laboribusque
3092 5172 3402 5228 inutilibus.

1809 5261 2129 5331 acerbisque
2175 5263 2325 5318 curis
2364 5278 2688 5318 consumere
2731 5255 3040 5318 statuerunt
3088 5281 3100 5316 :
3142 5279 3377 5333 quorum

1809 5349 2037 5420 ﬁguram
2077 5368 2187 5406 non
2233 5353 2470 5409 absurde
2530 5360 2719 5407 tenent
2755 5353 2851 5406 filii
2891 5353 3085 5407 Ruben
3122 5360 3177 5407 et
3211 5352 3326 5408 Gad
3359 5371 3374 5406 :

1806 5441 2070 5510 scriptum
2097 5450 2182 5497 est
2217 5444 2364 5498 enim
2391 5444 2520 5498 item
2549 5443 2604 5498 in
2636 5442 2889 5498 Numeris
2917 5462 2928 5496 :
2962 5462 2981 5494 ι
3012 5444 3082 5499 Et
3115 5460 3400 5514 pecorum.-

1804 5533 2097 5590 multitudo
2132 5542 2250 5590 erat
2287 5535 2412 5592 [iliis
2443 5535 2641 5591 Ruben
2665 5544 2720 5591 et
2743 5535 2870 5591 ﬁliis
2893 5535 3029 5602 Gad,
3082 5537 3399 5594 multitudo.

1240 5679 1284 5710 ⁸³
1309 5679 1474 5745 Ibid.,
1517 5681 1567 5736 8.
1645 5684 1689 5715 “
1718 5684 1883 5741 Mich.
1913 5703 1984 5753 \‘I,
2015 5689 2068 5742 8.
