3998 6506
562 446 667 504 ιίῦὗ

1590 448 1647 500 S.
1692 442 1966 500 (ZYKILLI
2008 433 2484 495 ALEXANDKIM
2525 431 2845 487 ARCﬂIEP.

3735 427 3823 483 ιρι

563 568 784 639 copiosa
812 566 987 621 valde.
1016 568 1082 620 Et
1104 565 1359 620 viderunt
1388 565 1663 635 regionem
1689 564 1867 625 Iazcr,
1892 568 1947 614 et
1973 557 2155 629 regio-

2284 555 2369 615 :oi;
2399 552 2533 614 υἱοῖς
2574 550 2679 602 Γὰδ
2701 590 2715 616 ,
2752 548 2956 618 πλῆθος
2994 547 3129 600 πολὺ
3162 544 3390 617 σφόδρα.
3436 546 3547 598 Kal.
3589 538 3721 595 $7.5m
3747 547 3827 615 τὴν

564 675 689 713 nem
713 658 911 715 Galaad
936 676 951 723 ;
976 666 1032 712 et
1053 666 1171 711 erat
1195 657 1367 718 locus,
1385 656 1541 711 locus
1560 654 1886 725 pecoribus;
1910 660 1965 705 et
1992 664 2149 704 acce-

502 780 507 785 ι
565 753 760 806 dentes
792 750 885 804 ﬁlii
916 750 1110 805 Ruben
1149 760 1205 804 et
1230 749 1323 804 ﬁlii
1349 749 1485 811 Gad,
1515 748 1774 803 dixerunt
1818 745 1884 799 ad
1908 745 2150 815 Moysen,

565 852 622 896 et
662 843 886 897 Eleazar
909 842 1272 905 sacerdotem,
1304 853 1360 897 et
1406 826 1475 897 ad
1522 842 1802 911 principes
1835 840 2150 910 Synagogaa.

566 936 814 991 dicentes
845 953 857 988 :
901 936 1155 999 Atarotb,
1189 946 1245 991 et
1268 936 1480 997 Debon,
1517 944 1573 990 et
1600 934 1779 997 Iazer,
1809 942 1865 987 et
1892 931 2150 995 Nambra,

566 1037 623 1083 et
663 1027 865 1091 Sebon,
903 1037 960 1082 et
1015 1028 1216 1092 Eleale,
1271 1038 1327 1084 et
1366 1028 1620 1093 Sabama,
1645 1036 1701 1083 et
1728 1028 1897 1092 Nava,
1930 1035 1987 1081 et
2008 1026 2153 1081 Bean

566 1127 740 1182 terra,
768 1134 934 1189 quam
956 1119 1109 1174 dedit
1141 1120 1405 1174 Dominus
1443 1135 1631 1174 coram
1653 1118 1782 1174 ﬁliis
1812 1119 2000 1183 Israel;
2030 1126 2156 1189 apta

568 1219 654 1266 est
676 1212 972 1282 pecoribus
999 1212 1320 1283 pascendis;
1347 1221 1402 1267 et
1432 1212 1606 1267 servis
1636 1212 1744 1267 tuis
1771 1222 1899 1266 sunt
1934 1226 2153 1281 pecora.

570 1305 640 1360 Et
666 1303 925 1360 dixerunt
953 1324 966 1371 ξ
997 1305 1052 1361 Si
1080 1305 1394 1361 invenimus
1414 1305 1647 1376 gratiam
1676 1320 1861 1361 coram
1894 1314 1968 1370 te,
1995 1304 2159 1359 detur

571 1396 689 1451 haec
705 1405 851 1452 terra
873 1395 1048 1451 servis
1070 1398 1180 1450 tuis
1196 1396 1251 1450 in
1273 1395 1758 1466 possessionem,et
1779 1410 1847 1449 ne
1866 1394 2162 1449 transferas

572 1501 677 1543 nos
707 1495 859 1541 trans
893 1486 1208 1542 Iordanem.
1266 1486 1334 1552 Et
1363 1484 1501 1540 dixit
1539 1484 1748 1556 Moyses
1790 1483 1918 1538 ﬁliis
1957 1484 2071 1539 Gad
2106 1493 2162 1539 et

573 1576 703 1631 ﬁliis
752 1575 949 1644 Ruben
986 1593 999 1629 :
1034 1575 1252 1630 Fratres
1292 1574 1461 1630 vestri
1507 1574 1665 1628 ibunt
1716 1573 1783 1628 ad
1832 1572 2060 1637 bellum,
2107 1581 2164 1627 et

575 1681 677 1721 vos
706 1665 972 1721 sedebitis
1015 1665 1143 1722 hic?
1182 1667 1249 1721 Et
1282 1681 1381 1721 cur
1418 1664 1736 1736 pervertitis
1773 1674 1988 1720 mentes
2026 1664 2165 1719 ﬁlio-

576 1774 701 1813 rum
736 1759 925 1823 Israel,
959 1767 1018 1813 ut
1046 1775 1155 1813 non
1200 1750 1483 1813 transeant
1515 1757 1569 1812 in
1599 1765 1807 1823 terram
1850 1772 2014 1827 quam
2055 1758 2162 1813 Do—

577 1851 762 1906 minus
789 1851 934 1907 Deus
963 1850 1056 1906 dat
1093 1850 1228 1921 ipsis
1256 1850 1345 1903 "?
1377 1872 1395 1902 ι
1441 1850 1670 1915 Deinde,
1707 1850 2035 1921 exprobrata
2059 1850 2168 1906 illis

576 1951 870 2013 parentum
913 1943 1291 2008 contumacia,
1328 1951 1385 1998 et
1433 1943 1501 1998 iis
1544 1930 1990 1999 commemoratis
2046 1957 2168 2012 qua:

576 2050 643 2090 ea
663 2034 730 2090 de
752 2050 915 2090 causa
934 2034 1067 2106 ipsis
1092 2045 1424 2091 evenerant:
1454 2055 1471 2087 ι
1497 2036 1699 2091 Μοι-ιιιί
1722 2050 1959 2105 namque
1982 2043 2130 2099 sunt,
2146 2054 2162 2083 ι

576 2125 780 2198 inquit,
811 2146 828 2178 ι
861 2127 917 2182 in
943 2127 1187 2194 deserto,
1231 2143 1404 2182 tcum
1430 2127 1818 2198 promissionis
1848 2137 2071 2190 terram,
2112 2133 2173 2180 ut

577 2218 655 2279 ita
697 2217 897 2283 dicam,
943 2233 1014 2273 ne
1055 2217 1400 2297 aspexissent
1448 2217 1692 2288 quidem.
1732 2216 1902 2272 Infert
1929 2217 2167 2271 iterum:

587 2331 606 2361 ι
635 2310 705 2366 Ει
745 2324 875 2365 ecce
922 2309 1244 2369 surrexistis
1290 2324 1391 2380 pro
1429 2308 1684 2379 patribus
1711 2308 1931 2370 vestris,
1958 2308 2175 2377 conspi-

581 2402 726 2456 ratio
788 2401 1077 2459 hominum
1132 2410 1524 2472 peccatorum,
1584 2399 1939 2473 utadjiciatis
1993 2399 2174 2454 adhuc

583 2492 653 2547 ad
685 2492 824 2548 iram
855 2492 1249 2563 indignationis
1273 2491 1488 2547 Domini
1520 2492 1790 2547 adversus
1828 2491 2017 2557 Israel,
2047 2492 2176 2562 quia

584 2585 915 2641 avertemini
946 2585 1016 2641 ab
1050 2585 1191 2656 ipso,
1234 2594 1295 2639 ut
1339 2585 1611 2656 adjiciatis
1659 2584 1861 2649 adhuc,
1911 2592 1973 2639 ut
2013 2584 2173 2639 dere-

586 2675 853 2746 linquatis
896 2675 1076 2746 ipsum
1109 2675 1163 2729 in
1197 2674 1440 2738 deserto,
1474 2682 1531 2728 et
1562 2674 1805 2744 peccetis
1853 2674 1907 2728 in
1951 2675 2175 2732 univer-

488 2810 495 2821 .
586 2782 704 2822 sam
753 2767 1234 2839 congregationem
1285 2766 1447 2822 hanc.
1490 2766 1558 2822 Et
1595 2776 1949 2822 accesserunt
1991 2766 2060 2821 ad
2096 2768 2177 2837 ip—

587 2875 709 2915 sum
742 2869 799 2914 et
831 2860 1090 2939 dixerunt
1125 2877 1137 2889 ο
1170 2858 1369 2932 caulas
1412 2859 1599 2914 ovium
1641 2858 2037 2915 aediﬁcabimus
2074 2875 2175 2913 no-

586 2951 674 3011 bis
718 2951 809 3009 hic
846 2951 1142 3022 pecoribus
1187 2951 1415 3015 nostris,
1454 2960 1512 3006 et
1554 2951 1723 3007 urbes
1773 2951 2178 3021 impedimentis

586 3045 814 3109 nostris,
853 3052 910 3100 et
951 3059 1054 3099 nos
1089 3043 1286 3107 armati
1332 3044 1386 3098 in
1428 3042 1610 3115 primo
1647 3042 1839 3099 ordine
1872 3051 2000 3111 ante
2037 3041 2179 3097 ﬁlios

587 3135 777 3200 Israel,
803 3150 1094 3205 quousque
1139 3133 1507 3205 perducamus
1544 3134 1691 3205 ipsos
1723 3134 1780 3188 in
1811 3133 1992 3189 locum
2028 3133 2176 3203 ipso-

2258 642 2443 715 χώραν
2476 642 2681 713 Ἰαζὴρ,
2702 642 2795 694 καὶ
2812 642 2913 712 τὴν
2938 638 3119 711 χώραν
3142 637 3377 703 Γαλαὰδ,
3400 638 3496 691 καὶ
3520 633 3590 707 ἦν
3614 639 3641 690 ὁ
3665 638 3826 702 τόπῳ,

2258 735 2422 797 τόπος
2444 736 2688 804 κτήνεσι.
2713 733 2823 787 Kal.
2854 730 3239 804 προσελθόντες
3261 731 3313 783 οἱ
3335 729 3440 782 υίοὶ
3466 727 3719 797 Ῥουὸεὶμ
3750 731 3829 782 καὶ

2260 830 2310 881 oi
2335 828 2441 880 υἱοὶ
2466 827 2594 893 Γὰδ,
2616 820 2773 881 εἷπον
2802 826 2941 898 πρὸς
2967 825 3174 895 Μωσῆν
3200 824 3294 876 καὶ
3319 822 3455 893 πρὸς
3483 820 3743 891 Ἐλεάζαρ
3760 821 3834 874 τόν

2261 919 2447 991 ἱερέα,
2479 920 2575 972 καὶ
2608 918 2745 990 πρὸς
2786 918 2914 981 τοὺς
2958 918 3227 989 ἄρχοντας
3272 916 3373 988 τῆς
3397 915 3737 983 Συναγωγῆς
3763 914 3838 969 λέ-

2260 1028 2471 1081 γοντες·
2546 1009 2830 1082 Ἀταρὼθ,
2889 1010 2984 1063 καὶ
3034 1007 3244 1061 Δαιὸὼν
3315 1008 3411 1061 καὶ
3481 1006 3704 1076 Ἰαξὴρ,
3760 1008 3838 1061 καὶ

2261 1103 2500 1176 Ναμρά,
2533 1102 2628 1157 καὶ
2677 1101 2918 1155 Ἐσεόὼν
2943 1143 2957 1167 ,
3000 1103 3092 1154 καὶ
3152 1100 3419 1169 Ἐλεαλὴ,
3478 1102 3574 1153 καὶ
3616 1100 3835 1167 Σεΰαμὰ,

2260 1196 2357 1250 καὶ
2382 1195 2600 1257 Ναϐαὺ,
2630 1193 2723 1246 καὶ
2751 1191 2921 1245 Βαιάν
2955 1190 3053 1261 τὴν
3075 1192 3198 1261 γῆν,
3239 1190 3306 1259 ἣν
3338 1188 3626 1260 παρέδωκε
3656 1186 3838 1257 Κύριος

2264 1286 2496 1341 ἐνώπιον
2524 1285 2634 1338 τῶν
2666 1285 2797 1338 υἱῶν
2832 1282 3048 1355 Ἰσραὴλ
3068 1325 3083 1349 ,
3112 1282 3182 1353 γῆ
3213 1279 3581 1351 κτηνοτρόφος
3608 1280 3740 1340 ἐστὶ,
3762 1284 3839 1332 καὶ

2262 1380 2374 1439 τοῖς
2400 1376 2557 1430 παισί
2588 1392 2682 1428 σου
2713 1376 2887 1445 κτήνη
2920 1372 3178 1444 ὑπάρχει.
3207 1372 3320 1425 Kal.
3359 1370 3543 1439 ἔλεγον
3568 1387 3581 1400 '
3617 1370 3681 1422 Ei
3712 1369 3840 1439 εἰρο-

2271 1483 2369 1537 μεν
2415 1467 2577 1536 χάριν
2624 1462 2856 1516 ἐνώπιόν
2900 1479 3018 1525 σου,
3048 1461 3256 1532 δοθήτω
3288 1462 3323 1530 ἡ
3365 1459 3439 1530 γῆ
3480 1458 3623 1526 αὕτη
3652 1461 3759 1521 τοῖς
3784 1461 3841 1511 ol-

2267 1560 2453 1621 κέταις
2483 1575 2577 1611 σου
2618 1558 2677 1609 ἐν
2716 1552 3083 1623 κατασχέσει,
3125 1551 3323 1624 καὶμὴ
3354 1550 3682 1621 διαϐιϐάσῃς
3721 1552 3842 1620 ἡμεῖς

2269 1651 2361 1705 τὸν
2407 1649 2700 1721 Ἰορδάνην.
2744 1647 2854 1700 Kal.
2898 1642 3019 1698 εἷπε
3054 1644 3262 1714 Μωσῆς
3291 1644 3407 1705 τοῖς
3444 1642 3582 1704 υἱοῖς
3629 1640 3733 1694 Γὰδ
3766 1644 3843 1694 καί

2268 1746 2383 1807 τοῖς
2424 1743 2562 1805 υἱοῖς
2610 1739 2903 1810 Ῥουϐείμ·
2945 1738 3008 1791 Οἱ
3042 1734 3261 1804 ἀδελφοὶ
3305 1733 3461 1805 ὑμῶν
3503 1732 3841 1803 πορεύσονται

2270 1839 2351 1900 είς
2400 1834 2490 1888 τὸν
2528 1832 2800 1901 πόλεμον,
2830 1829 2923 1882 καὶ
2958 1830 3115 1899 ὑμεῖς
3159 1825 3461 1881 καθίσεσθε
3509 1824 3718 1889 αὐτοῦ;
3751 1826 3842 1879 Kal

2272 1931 2362 1983 ἵνα
2405 1928 2459 1980 τί
2504 1923 2860 1993 διαστρέφετε
2888 1919 2988 1983 τὰς
3016 1918 3257 1982 διανοίας
3290 1917 3401 1970 τῶν
3446 1915 3582 1969 υἱῶν
3632 1914 3839 1985 Ἰσραὴλ,

2278 2018 2352 2089 μὴ
2394 2016 2645 2087 διαϐῆναι
2688 2015 2770 2077 είς
2801 2011 2900 2083 τὴν
2943 2013 3049 2081 γῆν
3089 2010 3156 2079 ἣν
3199 2009 3407 2079 Κύριος
3438 2009 3467 2060 ὁ
3496 2006 3631 2069 Θεὸς
3658 2005 3843 2058 δίδωσιν

2275 2112 2487 2177 αὐτοῖς
2524 2128 2541 2159 ι
2576 2101 2710 2160 Εἶτα
2739 2104 2876 2176 πρὸς
2906 2102 3118 2166 τούτοις
3147 2100 3515 2162 κατονειδίσας
3546 2098 3730 2159 αὐτοῖς
3756 2096 3841 2148 τῶν

2275 2204 2532 2274 πατέρων
2577 2200 2676 2272 τὴν
2726 2196 3049 2261 ἀπείθειαν,
3098 2196 3192 2249 καὶ
3238 2192 3309 2246 τά
3345 2192 3581 2255 ἐκείνοις
3626 2190 3844 2243 ἐντεῦθεν

2277 2292 2665 2367 συμϐεϐηκότα
2686 2308 2699 2321 ·
2742 2310 2761 2344 ‹
2798 2289 3234 2359 Τετελευτήκασι
3263 2284 3372 2355 γὰρ
3398 2286 3457 2338 ἐν
3493 2286 3559 2355 τῇ
3596 2284 3795 2353 ἐρήμῳ,
3825 2300 3839 2332 ι

2276 2390 2461 2461 φησιν,
2490 2387 2619 2451 οὐδ’,
2640 2386 2761 2439 ὅσον
2788 2385 2989 2447 εἰπεῖν,
3015 2379 3340 2451 τεθεαμένοι
3376 2378 3538 2450 μόνον
3571 2377 3670 2446 τῆς
3702 2378 3846 2443 ἑπαγ-

2276 2481 2461 2551 γελίας
2486 2479 2585 2551 τὴν
2611 2478 2734 2549 γῆν.
2773 2477 3058 2546 Ἑπιιρέρει
3078 2472 3260 2527 πάλιν
3292 2490 3310 2523 ι
3343 2471 3454 2525 Kal.
3483 2470 3595 2523 ἰδοὺ
3615 2468 3847 2537 ἀνέστητε

2275 2576 2398 2630 ἀντὶ
2454 2574 2562 2627 τῶν
2612 2570 2867 2642 πατέρων
2919 2566 3110 2638 ὑμῶν,
3171 2563 3505 2633 σύστρεμμα
3568 2559 3847 2631 ἀνθρώπων

2278 2664 2644 2737 ἁμαρτωλῶν,
2677 2659 2997 2733 προσθεῖναι
3022 2656 3103 2709 ἔτι
3124 2656 3219 2708 ἐπὶ
3254 2653 3347 2707 τὸν
3379 2650 3549 2723 Θυμδν
3578 2650 3679 2720 τῆς
3705 2649 3849 2718 ὀργῆς

2277 2758 2485 2831 Κυρίου
2518 2756 2613 2810 ἐπὶ
2658 2752 2900 2826 Ἰσραὴλ,
2940 2752 3022 2805 ὄτι
3065 2744 3564 2819 ἀποστραφήσεσθε
3589 2744 3683 2796 ἀπ’
3710 2740 3849 2795 αὐτοῦ

2279 2851 2595 2925 προσθεῖναι
2633 2848 2715 2901 ἔτι
2750 2844 3075 2899 καταλιπεῖν
3107 2842 3273 2895 αὐτὸν
3313 2841 3372 2893 ἐν
3404 2840 3471 2909 τῇ
3514 2836 3736 2907 ἐρήμῳ,
3775 2834 3850 2885 καὶ

2278 2944 2583 3016 ἀνομήσετε
2606 2942 2686 3003 είς
2712 2939 2841 3009 ὃλην
2861 2936 2959 3006 τὴν
2984 2932 3306 3004 συναγωγὴν
3320 2930 3553 2998 ταύτην.
3576 2927 3683 2980 Kal.
3711 2942 3852 2996 προσο

2279 3033 2445 3106 ἦλθον
2492 3029 2643 3101 αὑτῷ
2692 3028 2790 3083 καὶ
2827 3026 3049 3094 ἔλεγον*
3096 3022 3387 3085 Ἐπαύλεις
3424 3018 3710 3092 προϐάτων
3733 3016 3851 3068 οἰκο-

2278 3122 2590 3194 δομήσομεν
2623 3112 2726 3174 ὦδε
2768 3119 2883 3180 τοῖς
2917 3118 3176 3185 κτήνεσιν
3208 3112 3391 3185 ἡμῶν,
3419 3111 3518 3165 καὶ
3554 3109 3732 3171 πόλεις
3752 3107 3852 3167 ταῖς

590 3241 713 3299 rum
750 3242 763 3278 :
798 3234 854 3299 et
913 3233 1077 3281 erunt
1139 3223 1534 3302 impedimenta
1566 3202 1780 3280 nostra
1832 3224 1890 3281 in
1947 3202 2179 3282 urbibus

2284 3214 2619 3276 ἀποσκευαῖς
2649 3210 2807 3283 ημῶν
2829 3226 2841 3237 ·
2875 3208 2971 3263 καὶ
3011 3208 3173 3278 ἡμεῖς
3203 3202 3626 3273 ἐνοπλισάμενοι
3667 3217 3852 3269 apag-Ic

590 3294 1094 3393 mliuratis'propter
1136 3294 1481 3370 habitatores
1512 3294 1714 3389 terra};
1762 3329 1944 3385 neque
1992 3329 2179 3377 rever:

2286 3307 2459 3381 λακὴν
2492 3305 2748 3377 πρότεροι
2779 3301 2889 3356 τῶν
2926 3300 3058 3355 υἱῶν
3103 3297 3321 3371 Ἰσραὴλ
3349 3297 3454 3360 ἓως
3483 3294 3549 3349 ἂν
3587 3295 3853 3363 ἀγάγωμεν

593 3418 776 3483 temur
811 3407 878 3483 ad
903 3407 1099 3469 domos
1143 3416 1379 3471 nostras,
1418 3420 1707 3477 quousque
1740 3404 2058 3461 dividantur
2085 3405 2183 3477 ﬁlii

593 3498 763 3573 Israel
804 3499 1187 3571 unusquisque
1222 3499 1277 3561 in
1316 3497 1723 3571 possessionem
1775 3513 1953 3567 suam,
1988 3507 2045 3553 et
2074 3514 2185 3553 non

596 3576 834 3659 amplius
871 3589 1278 3661 possidebimus
1326 3589 1473 3643 inter
1509 3602 1606 3646 eos
1638 3602 1670 3641 a
1707 3594 1859 3655 trans
1888 3586 2187 3645 Iordanem

596 3690 654 3747 et
693 3681 872 3746 ultra;
923 3679 1054 3749 quia
1102 3678 1417 3753 recepimus
1459 3677 1836 3750 possessiones
1874 3688 2093 3733 nostras
2132 3677 2188 3731 in

598 3774 721 3827 loco
754 3780 905 3827 trans
947 3771 1243 3828 Iordanem
1284 3771 1338 3826 in
1384 3771 1602 3826 oriente
1634 3771 1702 3824 ⁸⁸.
1736 3789 1753 3821 ι
1787 3769 2052 3842 lntelligis
2089 3785 2189 3840 pe-

602 3879 795 3919 corum
850 3865 1010 3939 170
1052 3864 1380 3919 alendorum
1438 3871 1495 3918 et
1548 3862 1959 3933 possessionum
2014 3862 2189 3928 cura,

600 3971 897 4027 amoreque
942 3971 1073 4027 erga
1123 3971 1325 4011 uxores
1368 3971 1434 4011 ac
1485 3954 1691 4011 liberos
1742 3956 1996 4009 detentos
2042 3954 2192 4025 ejus-

600 4048 750 4109 modi
777 4048 1033 4125 homines
1056 4047 1209 4105 nullo
1234 4046 1647 4118 modoprorsus
1674 4047 2003 4102 transituros
2024 4045 2193 4102 fuisse

600 4142 919 4208 Iordanem,
957 4150 1121 4212 atque
1171 4140 1311 4196 adeo
1363 4156 1432 4195 ne
1484 4140 1755 4210 attingere
1802 4138 2025 4209 quidem
2078 4153 2195 4193 om-

600 4232 736 4287 nino
771 4232 938 4287 ullam
980 4232 1112 4288 belli
1154 4247 1219 4289 ac
1255 4246 1451 4303 pugnae
1478 4238 1693 4302 partem
1725 4246 1979 4296 ausuros,
2016 4244 2195 4301 neque

601 4340 730 4379 cum
768 4325 892 4382 aliis
934 4324 991 4379 in
1032 4324 1477 4381 communionem
1514 4324 1702 4403 gloria:
1740 4338 1805 4377 ac
1848 4330 2194 4397 speratarum

600 4417 879 4489 bonorum
925 4416 1119 4483 venire
1163 4425 1483 4482 curaturos;
1533 4430 1658 4471 cum
1701 4414 2043 4494 praecipuum
2086 4413 2198 4468 illis

602 4520 661 4566 et
685 4510 986 4581 Optandum
1018 4510 1075 4565 in
1110 4510 1307 4581 primis
1329 4510 1646 4580 videretur,
1678 4509 1756 4565 ibi
1792 4524 2100 4574 remanere,
2127 4524 2197 4564 ne

2287 3400 2483 3464 αὐτοὺς
2514 3400 2595 3463 είς
2622 3397 2712 3452 τὸν
2744 3394 2956 3452 ἑαυτῶν
2984 3394 3149 3448 τόπον
3168 3410 3182 3424 ο
3214 3392 3311 3446 καὶ
3338 3388 3661 3457 κατοικήσει
3689 3388 3719 3456 η
3742 3386 3855 3445 ἀπο-

2291 3470 2457 3566 σκευὴ
2487 3492 2645 3564 ἡμῶν
2679 3493 2738 3545 ἐν
2780 3491 2900 3554 ταῖς
2927 3487 3117 3541 πόλεσι
3152 3482 3595 3555 τετειχισμέναις
3630 3479 3713 3532 διὰ
3746 3476 3853 3540 τοὺς

2290 3583 2682 3646 κατοικοῦντας
2711 3582 2811 3651 τὴν
2841 3582 2971 3651 γῆν
3003 3578 3064 3631 οὐ
3096 3577 3172 3648 μὴ
3204 3572 3649 3643 ἀποστραφῶμεν
3677 3570 3749 3631 εἰς
3774 3567 3855 3628 τὰς

2289 3676 2468 3747 οἰκίας
2499 3677 2532 3747 ἡ
2544 3674 2681 3745 μῶν,
2708 3672 2815 3733 ἕως
2837 3671 2903 3725 ἂν
2933 3665 3415 3739 καταμερισθῶσιν
3446 3665 3495 3717 oi
3526 3663 3632 3716 uici
3671 3658 3855 3729 Ἰσραὴλ

2292 3769 2520 3833 ἕκαστος
2551 3768 2631 3830 είς
2655 3765 2754 3840 τὴν
2784 3762 3149 3835 κληρονομίαν
3180 3758 3365 3814 αὑτοῦ.
3400 3758 3511 3811 Kal.
3548 3755 3723 3809 οὐκέτι
3745 3751 3854 3819 κλη-

2296 3858 2670 3933 ρονομήσομεν
2710 3857 2768 3909 ἐν
2809 3856 2993 3917 αὐτοῖς
3021 3852 3129 3907 ἀπὸ
3156 3850 3251 3904 τοῦ
3278 3850 3453 3921 πέραν
3474 3847 3570 3900 τοῦ
3620 3843 3853 3914 Ἰορδάνου

2294 3954 2388 4006 καλ⁹
2430 3951 2712 4010 ἐπέκεινα,
2752 3948 2836 4021 ότι
2876 3945 3155 4017 ἀπέχομεν
3185 3944 3309 4006 τοὺς
3354 3941 3597 4011 κλήρους
3639 3935 3778 4007 ἡμῶν
3808 3934 3856 3985 ἐν

2293 4044 2372 4116 τῷ
2421 4043 2595 4115 πέραν
2626 4041 2723 4095 τοῦ
2766 4038 3033 4111 Ἰορδάνου
3074 4038 3133 4091 ἐν
3165 4034 3470 4096 ἀνατολαῖς.
3515 4051 3535 4082 ι
3574 4030 3756 4099 Συνίης
3786 4027 3856 4079 ὅτι

2295 4137 2691 4211 κτηνοτροφίας
2723 4134 2889 4188 ἕνεκα
2925 4132 3023 4186 καὶ
3052 4131 3301 4203 κτήσεων
3327 4169 3342 4192 ,
3382 4128 3480 4182 καὶ
3543 4126 3643 4197 τῆς
3680 4126 3751 4186 εἰς
3774 4139 3859 4189 γυο

2295 4230 2492 4295 νγαῖκάς
2519 4246 2580 4284 τε
2609 4227 2703 4285 καὶ
2724 4225 2918 4293 παῖδας
2944 4223 3187 4295 ἀγάπης,
3219 4220 3329 4274 οὐδ’
3356 4219 3423 4273 ἂν
3447 4219 3587 4281 ὅλως
3614 4213 3856 4288 παρῆλθον

2297 4328 2347 4395 oi
2395 4323 2589 4379 τοιοίδε
2635 4321 2728 4376 τὸν
2797 4318 3095 4391 Ἰορδάνην,
3145 4314 3258 4370 ἀλλ’
3305 4314 3412 4367 οὐδ’
3464 4312 3532 4366 ἂν
3577 4313 3696 4365 ὅσον
3744 4308 3857 4368 ὅλως

2299 4418 2602 4489 ἀποθήγειν
2657 4415 2949 4486 ἠνέσχοντο
3000 4412 3242 4482 πολέμου
3285 4408 3381 4461 xal.
3417 4406 3632 4479 μάχης,
3671 4403 3765 4458 οὐδ’
3800 4400 3858 4453 ἂν

2299 4510 2550 4574 εὐκλείας
2602 4511 2716 4572 τοῖς
2761 4507 2944 4571 ἄλλοις
2993 4501 3404 4575 συμμετασχεῖν
3444 4497 3746 4568 ἠθέλησαν,
3780 4489 3859 4543 καὶ

605 4602 811 4672 injecto
854 4601 1101 4672 quidem,
1149 4602 1331 4658 utoita
1370 4601 1570 4667 dicam,
1606 4603 1663 4657 in
1706 4601 1965 4658 Iordanis
1990 4600 2179 4656 ﬂuent:

2301 4605 2409 4659 τῶν
2438 4603 2525 4657 ἐπ’
2557 4600 2772 4656 ἐλπίσιν
2804 4596 3029 4668 ἀγαθῶν
3048 4613 3061 4627 ·
3095 4596 3318 4661 ἄριστον
3345 4591 3403 4644 δὲ
3433 4590 3529 4651 καὶ
3563 4586 3858 4641 πολύευκτον

604 4695 748 4766 pede
785 4713 800 4750 :
830 4695 927 4751 sed
952 4696 1323 4767 exprobrante
1349 4694 1551 4767 Moyse,
1584 4694 1939 4764 divinamque
1973 4696 2111 4749 iram
2140 4703 2201 4749 ut

603 4789 1067 4860 pertimescerent
1089 4804 1154 4844 ac
1176 4788 1557 4855 formidarent,
1579 4788 1933 4853 admonente,
1954 4789 2043 4842 vix
2074 4798 2196 4852 tan-

605 4881 732 4937 dem
780 4881 1114 4951 pollicentur
1157 4895 1216 4936 se
1260 4896 1369 4936 una
1413 4896 1540 4936 eum
1591 4881 1806 4937 caeteris
1866 4880 2200 4939 transituros

604 4990 728 5031 esse
773 4974 1094 5039 Iordanem,
1131 4981 1298 5044 atque
1348 4988 1475 5028 eum
1527 4973 1636 5028 illis
1684 4972 1905 5029 labores
1948 4972 2005 5027 in
2053 4972 2201 5029 bello

606 5077 773 5139 atque
817 5084 999 5139 pugna
1049 5067 1586 5132 communicaturus;
1629 5081 1740 5121 non
1780 5075 1965 5121 tamen
2000 5081 2066 5121 ea
2103 5081 2201 5136 spe

608 5169 871 5231 tanquam
914 5160 1213 5230 participes
1244 5159 1655 5230 possessionum
1700 5173 1810 5213 una
1853 5157 2024 5213 futuri
2067 5158 2198 5222 sint,

611 5252 759 5321 quod
820 5251 1225 5320 possessionem
1280 5257 1432 5305 trans
1483 5248 1780 5304 Iordanem
1839 5248 2196 5317 recepissent.

611 5344 822 5398 Ilorum
854 5342 1163 5411 persimiles
1191 5348 1321 5395 sunt
1350 5340 1624 5404 nonnulli,
1654 5339 1771 5409 qui,
1802 5353 1926 5393 eum
1955 5355 2198 5408 praasen-

612 5434 686 5488 tis
714 5433 841 5488 vitaz
872 5431 1022 5487 curis
1058 5430 1294 5486 districti
1325 5432 1456 5496 sint,
1491 5438 1777 5499 totumque
1810 5444 1905 5483 eor
1937 5428 2005 5483 iis
2035 5430 2203 5484 rebus

613 5525 898 5595 sapiendis
956 5539 1082 5594 quae
1124 5532 1255 5583 sunt
1329 5539 1496 5593 super
1543 5531 1747 5581 terram
1796 5522 2203 5591 quodammodo

614 5618 946 5683 dedicarint,
972 5617 1027 5672 in
1055 5617 1220 5673 rebus
1256 5616 1584 5688 necessariis
1613 5616 1702 5669 vix
1729 5615 1981 5685 exiguam
2014 5631 2201 5670 curam

690 5779 734 5809 ⁸⁸
759 5777 919 5831 Num.
948 5792 1112 5837 χχχιι,
1144 5776 1163 5829 1
1195 5790 1346 5845 seqq.
1415 5775 1460 5805 ’⁵⁸
1485 5773 1647 5837 Ibid,
1696 5774 1880 5828 lli-£9.

696 5916 770 5991 (Ι)
796 5914 929 5974 Cod.
969 5915 1113 5985 ναι,
1150 5917 1240 5969 καὶ
1262 5913 1531 5988 ὀρρωδίαν
1568 5914 1915 5977 ἐπιτιθέντος.

2304 4696 2481 4751 ἐδόκει
2511 4694 2573 4748 τὸ
2606 4692 2786 4764 μένειν
2806 4690 3025 4753 αὐτοὺς,
3059 4686 3206 4758 μηδ’,
3234 4686 3359 4739 ὅσον
3390 4684 3589 4743 εἰπεῖν,
3619 4681 3726 4741 τοῖς
3749 4677 3861 4743 Ἰορο

2305 4766 2465 4843 δάνου
2493 4787 2732 4857 νάμασιν
2765 4782 3019 4845 ἐνθέντας
3040 4780 3132 4834 τὸν
3156 4778 3292 4833 πόδα
3311 4794 3326 4809 ο
3358 4773 3788 4837 κατονειδίζοντος
3809 4766 3862 4819 δὲ

2304 4879 2401 4934 τοῦ
2436 4878 2680 4945 Μωσέως
2713 4875 2807 4933 καὶ
2834 4873 3091 4945 ὀρρωδεῖν
3121 4868 3507 4929 ἀναπείθοντος
3536 4866 3638 4937 (ll,
3671 4857 3863 4915 ὑποόλέρ

2308 4972 2508 5035 πεσοαί
2537 4988 2595 5027 τε
2616 4970 2715 5040 τὴν
2744 4969 2893 5021 Θείαν
2926 4964 3115 5036 ὀργὴν,
3152 4960 3544 5031 ὑπισχνοῦνται
3578 4956 3723 5028 μόλις
3747 4966 3861 5017 συμ-

2309 5062 2743 5136 παρελεύσεσοαι
2792 5062 2890 5129 μὲν
2928 5060 3043 5121 τοῖς
3088 5055 3269 5119 ἄλλοις
3313 5053 3406 5107 τὸν
3454 5051 3745 5122 Ἰορδάνην,
3778 5042 3860 5096 καὶ

2310 5156 2720 5227 συμμετασχεῖν
2768 5151 3011 5223 ἱδρώτων
3053 5150 3235 5212 αὐτοῖς
3278 5146 3386 5201 τῶν
3430 5146 3489 5198 ἐν
3537 5142 3746 5211 πολέμῳ
3776 5136 3859 5188 καὶ

2312 5226 2537 5321 μάχαις*
2565 5248 2628 5301 οὐ
2660 5246 2767 5318 μὴν
2798 5246 2881 5299 ὃτι
2921 5243 3017 5297 καὶ
3047 5238 3479 5313 συμμεριοῦνταί
3512 5253 3674 5305 φασι,
3710 5230 3782 5285 διὰ
3803 5226 3861 5324 τό

2307 5341 2535 5411 ἀπέχειν
2578 5339 2611 5409 ἣ
2665 5339 2923 5407 ἀποσχεῖν
2969 5335 3061 5387 τὸν
3103 5333 3328 5403 κλῆρον,
3366 5332 3425 5384 ἐν
3470 5326 3550 5397 τῷ
3593 5326 3750 5395 πέραν
3776 5334 3859 5369 του

2324 5432 2610 5504 Ἰορδάνου.
2653 5428 2896 5483 Τοιοῦτοί
2934 5443 3080 5489 τινες
3111 5425 3202 5477 τὸν
3231 5423 3432 5494 τρόπον
3479 5419 3633 5481 εἰσιν,
3673 5416 3718 5467 oi

2310 5500 2410 5577 του
2463 5523 2731 5594 παρόντος
2784 5520 2898 5592 βίου
2944 5519 3239 5590 μερίμναις
3292 5508 3723 5581 κατεσφιγμένοι.
3762 5500 3863 5554 Καὶ

2311 5616 2439 5687 ὅλην
2470 5616 2567 5687 μὲν
2590 5614 2780 5685 ὥσπερ
2808 5611 3175 5683 ἀπονέμοντες
3205 5608 3301 5681 τὴν
3330 5604 3556 5679 καρδίαν
3577 5600 3650 5671 τῷ
3673 5594 3860 5669 φρονεῖν
