3998 6548
161 423 250 483 435

793 390 795 392 ’
853 415 942 470 ne
982 414 1424 473 ADORATIONE
1464 417 1533 475 1N
1574 420 1844 482 senum
1880 423 1969 480 ET
2009 423 2376 480 VERITATE.
2419 424 2547 479 un.
2589 425 2652 480 ν.

3272 421 3378 482 406

162 532 342 590 ἑλέσθαι
363 526 427 584 τὰ
459 525 549 579 ἐπὶ
588 527 688 598 τῆς
725 529 848 598 γῆς,
880 530 1035 600 ὀλίγα
1079 532 1136 585 δὲ
1184 534 1338 604 μόλις
1375 538 1483 592 τῶν
1521 539 1691 610 ἀναγ-

1811 543 2090 608 :ollocant,
2125 555 2181 599 ct
2216 562 2280 599 ca
2319 561 2442 615 qua:
2481 545 2575 600 Dei
2619 550 2768 607 sunt,
2799 541 2944 599 inter
2974 543 3118 600 seria
3152 542 3386 598 minime-

161 627 306 681 καίων
332 618 722 692 φροντίζοντες,
758 623 852 676 καὶ
887 623 990 678 ούκ
1030 626 1088 678 ὲν
1129 627 1331 698 σπουδῇ
1376 629 1690 700 ποιούμενοι

158 719 214 771 τὰ
227 714 360 768 Θεοῦ.
391 731 406 762 ι
440 710 628 764 Πολλοὶ
647 713 806 784 γὰρ,›
825 731 898 786 φη
908 716 981 779 σί,
1005 735 1024 767 ι
1044 717 1254 788 κλητοὶ,
1277 719 1519 789 ὀλίγοιδὲ
1539 723 1692 776 ἐκλε-

161 808 273 864 κτοί.
313 825 331 856 ι
364 804 421 856 Ol
449 803 623 856 τοίνυν
653 805 934 870 τελοῦντες
965 809 1066 878 μὲν
1101 811 1159 864 ὲν
1187 813 1302 876 τοῖς
1335 813 1694 884 κεκλημένοις

158 900 230 953 διά
252 914 304 965 γε
332 894 420 965 τὴν
449 893 649 958 πίστιν,
676 896 736 948 ού
767 896 874 968 μὴν
932 897 1014 952 ἔτι
1043 903 1157 964 τοῖς
1183 901 1579 976 ὲξειλεγμένοις
1608 908 1694 960 ὲν-

160 988 392 1058 αρίθμιοι,
424 983 506 1038 διὰ
531 987 593 1037 τὸ
620 986 864 1040 ἀνεῖσθαι
901 988 1038 1060 πρὸς
1064 990 1126 1043 τὸ
1155 993 1277 1063 ἡδὺ,
1326 993 1546 1065 βραδεῖς
1574 995 1686 1048 ἔσθ’

157 1081 228 1133 ὅτε
255 1077 336 1131 καὶ
373 1076 588 1146 ὀκνηροί
621 1075 740 1130 λίαν
772 1079 899 1143 εἰσὶ,
932 1082 1024 1134 καὶ
1053 1085 1184 1154 περὶ
1220 1087 1390 1156 αὐτὴν
1417 1088 1561 1159 τάχα
1590 1106 1693 1142 που

157 1171 237 1239 τὴν
263 1165 345 1219 τοῦ
371 1165 517 1233 ἁγίου
547 1165 922 1237 βαπτίσματος
955 1170 1136 1242 χάριν·
1168 1179 1610 1250 καταπεφρίκασι
1638 1180 1696 1234 δὲ

156 1263 204 1317 τὸ
235 1261 358 1330 ὑπὲρ
384 1258 632 1322 εὐκλείας
665 1260 802 1314 Θεοῦ
837 1264 933 1316 καῖ⁹
970 1264 1239 1333 ὠφελείας
1273 1268 1374 1339 τῆς
1418 1269 1568 1338 σφῶν
1597 1270 1694 1322 αύ-

156 1354 261 1414 τῶν,
294 1353 411 1414 τοὺς
447 1351 623 1420 ἁγίοις
654 1353 966 1424 πρέποντας
1009 1358 1306 1428 ἀνατλῆναι
1344 1361 1559 1426 πόνους,
1603 1362 1696 1416 καὶ

156 1439 508 1496 συνδιώκεσθαι
546 1443 659 1504 τοῖς
685 1444 950 1514 γνησίοις,
985 1449 1033 1501 εί
1066 1449 1162 1502 καὶ
1195 1450 1333 1522 πρὸς
1374 1450 1533 1506 τοῦτο
1571 1453 1696 1522 ἄγοι

154 1534 342 1605 καιρός·
372 1535 825 1601 κατονειδίζοντος
865 1537 922 1592 δὲ
953 1542 1152 1606 αὐτοὺς
1190 1543 1357 1613 νόμου
1397 1544 1494 1598 τοῦ
1524 1545 1693 1610 θείου,

151 1627 228 1677 καὶ
257 1625 658 1696 καταπτοούσης
688 1627 799 1682 ἐσθ’
833 1629 922 1682 ὅτε
951 1633 1050 1702 τῆς
1102 1632 1254 1698 Θείας
1293 1635 1461 1706 ὀργῆς
1480 1675 1494 1698 ,
1527 1637 1697 1691 ῖενται

154 1717 235 1787 μὲν
261 1715 498 1786 ὀκνηρῶς
540 1718 632 1770 ἐπὶ
663 1719 726 1772 τὸ
771 1722 1038 1791 σωτήριον
1073 1723 1377 1795 βάπτισμα,
1411 1728 1506 1780 καὶ
1551 1745 1696 1798 συμ-

149 1809 405 1880 μετέχουσι
435 1809 614 1862 πόνων
644 1813 754 1874 τοῖς
789 1812 1188 1884 ὲξειλεγμένοις
1209 1858 1223 1881 ,
1269 1817 1301 1887 ἢ
1336 1818 1696 1892 μετριώτερον

1791 645 2104 689 numerant.
2145 656 2162 685 ι
2205 636 2356 690 Multi
2398 651 2634 706 namque
2662 643 2791 690 sunt
2817 635 3018 700 vocati,
3043 633 3204 705 pauci
3245 646 3379 688 vero

1791 725 1953 780 electi
1979 725 2045 781 ‘7.
2088 745 2105 777 ι
2146 726 2249 794 Qui
2291 727 2480 798 igitur,
2525 727 2671 798 quod
2711 727 2780 782 ad
2833 725 3255 789 ﬁdcm‘attinct,
3290 724 3378 778 in-

1792 821 1880 868 ter
1925 825 2150 870 vocatos
2193 827 2511 883 censentur,
2560 833 2739 888 neque
2786 825 2970 872 tamen
3019 818 3185 872 etiam
3235 817 3381 871 inter

1793 905 2001 961 electos
2042 917 2429 973 numerantur,
2471 909 2618 978 quod
2659 909 2771 963 sint
2809 908 2877 963 ad
2909 909 3248 978 voluptatem
3286 923 3379 961 re-

1795 996 2108 1064 missiores;
2141 998 2177 1053 ii
2210 1014 2606 1070 nonnunquam
2651 1001 2735 1055 vel
2778 1001 2844 1055 ad
2871 1001 3042 1071 ipsam
3067 999 3240 1054 sancti
3278 999 3380 1052 ha-

1794 1087 2072 1157 ptismatis
2109 1090 2340 1160 gratiam
2392 1092 2529 1148 tardi
2576 1099 2704 1146 sunt
2747 1107 2810 1146 ac
2845 1093 2986 1162 pigri
3029 1091 3322 1145 admodum
3362 1105 3376 1140 :

1796 1177 2026 1234 horrent
2071 1189 2258 1235 autem
2304 1198 2404 1252 pro
2453 1183 2550 1238 Dei
2597 1183 2804 1254 gloria,
2854 1198 3076 1252 suaeque
3127 1180 3382 1235 utilitatis

1795 1285 1960 1326 causa
1989 1272 2210 1329 labores
2241 1275 2477 1330 tolerare
2527 1277 2620 1345 qui
2665 1283 2883 1330 sanctos
2925 1275 3143 1337 decent,
3172 1281 3228 1326 et
3271 1286 3381 1324 una

1796 1376 1922 1417 cum
1960 1363 2110 1419 veris
2149 1365 2244 1420 Dei
2289 1367 2466 1423 servis
2496 1368 2934 1438 persecutionem
2963 1365 3097 1436 pati,
3129 1363 3383 1434 quamvis

1798 1459 2017 1524 tempus
2045 1455 2100 1510 id
2125 1455 2384 1528 emagitet
2411 1477 2422 1510 :
2453 1457 2570 1523 sed,
2595 1457 2962 1528 exprobrante
2989 1457 3097 1510 illis
3118 1456 3209 1509 Dei
3238 1455 3379 1524 lege,

1797 1551 1964 1614 atque
2003 1544 2191 1600 divina
2237 1562 2630 1618 nonnunquam
2673 1548 2755 1601 ira
2798 1562 2894 1601 eos
2939 1547 3271 1606 deterrente,
3311 1542 3381 1596 ad

1797 1636 2037 1692 salutare
2071 1637 2342 1707 baptisma
2383 1647 2606 1709 gravate
2643 1639 2892 1703 veniunt,
2919 1647 2976 1692 et
3000 1637 3217 1691 labores
3255 1649 3381 1688 cum

1797 1726 1990 1783 electis
2028 1728 2384 1798 participant,
2417 1730 2502 1784 vel
2531 1745 2640 1784 una
2678 1743 2804 1783 cum
2843 1727 3058 1782 caeteris
3097 1724 3382 1780 remissius

1794 1820 2114 1890 jejunando,
2146 1822 2232 1877 vel
2278 1821 2441 1876 simul
2487 1822 2665 1876 zelum
2709 1819 3040 1875 assumendo
3079 1816 3379 1881 interdum,

149 1897 595 1969 συννηστεύοντες,
630 1900 662 1970 ἢ
700 1901 792 1954 καὶ
821 1904 1181 1973 συζηλοῢντες
1218 1907 1292 1976 (l)
1314 1907 1426 1960 ἐσθ’
1459 1909 1550 1963 ὅτε
1580 1911 1688 1964 τῶν

1811 1926 1917 1965 :um
1959 1919 2351 1984 oppugnantur
2374 1913 2643 1968 Ecclesiae
2675 1930 2687 1966 :
2721 1927 2832 1967 non
2861 1918 3045 1966 tamen
3072 1911 3238 1965 etiam
3265 1907 3381 1963 ani-

146 1990 539 2061 πολεμουμένων
585 1993 942 2065 Ἐκκλησιῶν,
974 1996 1035 2048 ού
1069 1998 1174 2068 μὴν
1207 1998 1286 2052 ἔτι
1307 2001 1402 2054 καὶ
1424 2018 1701 2073 καταφρο-

143 2086 235 2136 νεῖν
261 2084 361 2135 τῶν
395 2084 452 2135 ὲν
485 2083 678 2154 κόσμῳ
706 2086 1058 2156 πειθόμενοι,
1087 2089 1201 2142 ἀλλ’
1223 2089 1412 2163 ὥσπερ
1441 2093 1570 2147 ἴδιον
1604 2095 1701 2148 καὶ

142 2175 482 2245 ἐκνεμηθέντα
529 2176 713 2239 αὐτοῖς
754 2177 1176 2244 ὑπονοστοῦντες
1209 2181 1440 2253 κλῆρον,
1475 2185 1575 2249 τὰς
1608 2187 1701 2238 ἐπὶ

142 2270 238 2331 τοῖς
287 2266 552 2334 ἐπιγείοις
605 2268 797 2338 ἡδονάς
849 2287 909 2322 τε
967 2271 1062 2324 καὶ
1111 2273 1353 2343 τέρψεις.
1404 2275 1502 2329 Διὰ
1542 2275 1700 2330 τοῦτο

141 2357 350 2424 ἔφασκεν
373 2356 402 2408 ό
433 2355 678 2426 Χριστὸς
707 2362 821 2421 τοῖς
849 2360 948 2429 τῆς
978 2361 1269 2431 ὀρθότητος
1301 2366 1578 2436 ἐρασταῖς,
1607 2368 1701 2420 καὶ

140 2447 353 2499 εὐσεϐεῖν
375 2447 456 2499 ὅτι
481 2445 721 2515 μάλιστα
742 2449 1180 2506 διεσπουδακόσι·
1221 2474 1240 2505 ι
1265 2454 1588 2525 Προσέχετε,
1621 2457 1696 2528 μή

141 2554 252 2589 ποτε
286 2536 632 2608 βαρυνοῶσιν
661 2539 814 2609 ὑμῶν
847 2543 902 2593 αί
944 2541 1162 2614 καρδίαι
1194 2544 1440 2614 φροντίσι
1470 2547 1565 2599 καί⁹
1607 2564 1702 2617 με·

141 2630 334 2699 ρίμναις
375 2629 686 2699 βιωτικαῖς.
726 2651 744 2682 ›
781 2634 853 2686 Ἢ
882 2635 982 2688 οὐκ
1012 2635 1306 2708 ἐπιζήμιον
1341 2633 1480 2693 εἶναι
1512 2639 1616 2711 φὴς
1641 2641 1703 2695 τὸ

139 2723 326 2793 χρῆμα.
355 2716 399 2776 ὧ
425 2725 563 2790 τᾶν;

196 2815 395 2870 ΠΑΛΛ.
432 2815 606 2887 Φημὶ,
642 2816 760 2880 πῶς
797 2817 904 2889 γὰρ
930 2817 1030 2884 ob;

195 2907 350 2961 ΚΥΡ.
395 2909 616 2962 Λεπτδν
643 2909 699 2961 δὲ
737 2912 850 2974 τοῖς
883 2913 1291 2983 γεγραμμένοις
1329 2915 1421 2968 τὸν
1454 2916 1554 2988 τῆς
1585 2915 1703 2969 δια-

133 2997 266 3062 νοίας
292 2997 575 3070 ὀφθαλμὸν
621 3001 810 3066 ἐνιεὶς,
842 3001 1295 3075 καταθαυμάσαις
1329 3002 1390 3062 εὖ
1424 3006 1570 3078 μάλα
1601 3007 1702 3079 τῆς

135 3089 322 3154 εἰκόνος
348 3091 409 3144 τὸ
436 3091 662 3154 κάλλος.

192 3183 390 3235 ΠΑΛΛ.
424 3182 565 3236 Τίνα
590 3183 791 3254 τρόπον
812 3201 826 3248 ;

193 3273 348 3326 ΚΥΡ.
388 3273 455 3328 Οἱ
498 3275 898 3347 κτηνοτροφίας
932 3277 1094 3332 ἕνεκα
1133 3278 1338 3333 παίδων
1376 3297 1436 3334 τε
1465 3281 1558 3335 καὶ
1602 3298 1702 3350 γυ-

132 3366 332 3428 ναικῶν,
368 3366 660 3422 ὲπαύλεὼν
689 3385 748 3422 τε
793 3370 888 3422 καὶ
940 3371 1410 3442 οἰκοδομημάτων,
1467 3373 1560 3428 τὸν
1609 3375 1704 3428 ἐπὶ

132 3457 230 3520 τοῖς
260 3457 505 3527 ἀρίστοις
537 3458 700 3513 ὄκνον
730 3458 1150 3532 είσδεδεγμένοι,
1188 3463 1440 3535 Ῥουὸείμ
1463 3465 1578 3518 ἐστι
1611 3465 1704 3518 καὶ

132 3547 241 3600 Γάδ.

192 3641 392 3693 ΠΑΛΛ.
429 3641 545 3694 Καὶ
589 3641 642 3694 τί
673 3641 739 3712 δὴ
766 3642 924 3696 τοῦτό
957 3644 1134 3710 tactv;

193 3729 342 3784 ΚΥΡ.
383 3730 442 3785 Ὀ
480 3733 589 3802 μὲν
617 3732 725 3804 γὰρ
751 3729 819 3803 ἦν
864 3735 1205 3804 πρωτότοκος
1241 3736 1300 3804 ἐξ
1349 3737 1562 3803 Ἰακὼϐ,
1599 3738 1706 3792 ὁὸὲ

133 3819 446 3893 θεραπαίνης
478 3822 654 3892 ἐξέφυ
683 3826 783 3895 τῆς
815 3824 1045 3893 Ζελφᾶς.

192 3913 392 3969 una.
440 3914 698 3986 Ἀληθές.

192 4004 343 4060 ΚΥΡ.
385 4008 613 4061 Οὐκοῦν
645 4008 980 4079 πρωτότοκοι
1025 4010 1124 4080 μὲν
1155 4009 1243 4062 διὰ
1285 4010 1382 4082 τὴν
1419 4012 1622 4076 πίστιν,
1657 4015 1706 4067 οἱ

130 4095 484 4168 κεκλημένοι,
537 4099 640 4152 καὶ
693 4098 894 4177 κλῆρον
949 4099 1205 4171 λαχόντες
1246 4101 1397 4173 παρὰ
1444 4103 1562 4174 Θεῷ
1616 4104 1707 4158 τὸν

128 4185 411 4258 ἐξαίρετον,
440 4191 587 4244 ὅσον
613 4185 746 4261 ἧκεν
779 4194 857 4255 είς
882 4191 982 4263 τὴν
1011 4191 1194 4263 χάριν,
1240 4195 1300 4247 οὐ
1337 4193 1706 4267 φιλελεύθεροι

127 4276 194 4342 δὲ,
221 4279 307 4334 διά
342 4298 407 4350 γε
451 4282 560 4354 τὴν
611 4286 690 4346 είς
720 4283 789 4337 τὰ
820 4285 1016 4355 αἰσχίω
1062 4287 1236 4357 ῥοπήν
1260 4303 1273 4317 ·
1312 4286 1610 4358 ἐκκλησίαν
1650 4288 1708 4341 δὲ

127 4375 476 4440 πρωτοτόκων
511 4375 1030 4447 ἀπογεγραμμένων
1064 4379 1120 4429 ὲν
1167 4377 1446 4447 οὐρανοῖς,
1472 4379 1594 4441 τοὺς
1651 4381 1708 4433 ὲν

127 4460 292 4516 πίστει
333 4463 843 4533 δεδικαιωμένους,
874 4464 1268 4535 διακεκλῆσθαί
1309 4484 1508 4538 φαμεν.
1568 4468 1706 4522 Ἀλλ’

1802 2019 1952 2059 mum
1998 2005 2287 2072 inducunt,
2335 2015 2396 2060 ut
2436 2022 2558 2077 quae
2601 2007 2656 2060 in
2701 2006 2908 2060 mundo
2948 2012 3078 2060 sunt
3131 2012 3382 2058 contem-

1801 2103 1963 2161 nant;
2009 2097 2102 2150 sed
2152 2097 2220 2150 ad
2267 2105 2613 2152 terrenarum
2659 2111 2842 2151 rerum
2875 2097 3186 2164 voluptates
3218 2102 3386 2162 atque

1801 2185 2220 2252 oblectationes,
2248 2189 2416 2243 veluti
2460 2188 2527 2242 ad
2569 2188 2894 2242 attributam
2931 2187 3036 2242 sibi
3073 2185 3382 2257 posscssio-

1802 2293 1949 2343 nem,
1992 2279 2225 2333 redeunt
2259 2298 2273 2333 :
2312 2279 2546 2350 ideoque
2589 2279 3078 2335 rectae-sententiae
3117 2277 3381 2332 amatori-

1802 2370 1926 2436 bus,
1950 2380 2006 2426 ct
2028 2373 2248 2441 pietatis
2286 2373 2528 2428 colenda:
2563 2371 2825 2427 studiosis
2853 2371 3072 2426 dicebat
3094 2369 3346 2425 Christus
3365 2389 3390 2422 :-

1810 2482 1827 2513 ι
1872 2461 2174 2527 Attendite,
2220 2478 2289 2518 ne
2328 2463 2470 2520 forte
2493 2472 2789 2534 graventur
2813 2461 2980 2519 corda
3012 2467 3195 2515 vestra
3234 2459 3386 2514 curis
3419 2512 3425 2518 .

1801 2561 1859 2607 et
1890 2553 2359 2609 sollicitudinibus
2391 2554 2748 2609 saecularibus
2771 2552 2838 2607 ⁸⁸.
2874 2573 2892 2605 ι
2939 2553 3024 2608 An
3063 2566 3217 2617 vero,
3259 2551 3389 2615 Pal,

1802 2640 1935 2707 ladi,
1963 2657 2073 2697 non
2099 2658 2222 2698 eam
2249 2658 2364 2698 rem
2390 2643 2758 2714 perniciosam
2786 2658 2909 2699 esse
2931 2642 3160 2698 fateris?

1875 2819 2072 2874 PALL.
2114 2819 2317 2886 Quidni
2345 2820 2551 2876 fatear?

1871 2911 2028 2967 CYR.
2070 2911 2257 2982 Atqui,
2326 2913 2372 2968 si
2417 2913 2484 2976 in,
2517 2928 2582 2968 ea
2625 2929 2748 2984 quae
2808 2914 3012 2984 scripta
3056 2919 3387 2968 sunt-acres

1803 3002 1973 3057 animi
2015 3003 2206 3058 oculos
2254 3004 2578 3075 conjeceris,
2609 3005 2808 3066 mirum
2857 3005 2912 3059 in
2955 3005 3178 3062 modum
3219 3003 3395 3074 hujus

1804 3095 2060 3165 imaginis
2081 3095 2552 3164 pulchritudinem
2582 3097 2964 3152 admiraberis.

1875 3185 2070 3241 PALL.
2117 3187 2271 3256 171
2305 3186 2552 3254 Quonam
2585 3188 2781 3243 modo?
3284 3259 3291 3267 ι

1873 3278 2029 3336 CYR.
2057 3280 2161 3348 Qui
2185 3294 2446 3350 pecorum
2476 3279 2798 3335 alendorum
2852 3293 3036 3343 causa,
3056 3277 3382 3332 liberorum-

1804 3385 1911 3439 que
1936 3380 1992 3427 et
2024 3385 2280 3435 uxorum,
2326 3383 2542 3423 necnon
2598 3368 2881 3422 caularum
2925 3375 2982 3422 et
3019 3365 3389 3421 :ediliciorum-

1805 3460 2008 3526 studio,
2035 3461 2211 3533 ignavi
2235 3460 2304 3515 ad
2331 3475 2421 3515 res
2445 3459 2893 3529 praeclarasfacti
2913 3468 3060 3526 sunt,
3086 3458 3283 3514 Ruben
3326 3467 3391 3517 et
3413 3517 3421 3519 ν,

1804 3549 1919 3606 Gad
1947 3551 2192 3607 fuerunt.

1879 3643 2075 3698 PALL.
2111 3645 2254 3711 Quid
2274 3660 2406 3700 vero
2431 3643 2565 3699 illud
2593 3644 2722 3698 est?

1876 3735 2033 3790 CYR.
2062 3737 2162 3791 llic
2198 3738 2344 3791 enim
2369 3745 2488 3793 erat
2509 3753 2575 3792 ex
2599 3736 2768 3792 Jacob
2792 3735 3210 3806 primogenitus,
3245 3735 3384 3793 alter

1805 3839 1873 3879 ex
1903 3825 2101 3894 ancilla
2127 3825 2330 3896 Zelpha
2352 3826 2558 3881 editus.

1878 3916 2076 3970 PALL.
2096 3917 2298 3972 Verum
2324 3927 2425 3972 est.

1876 4008 2032 4064 ΟΥΕ.
2091 4009 2263 4079 igitur
2309 4009 2489 4064 vocati
2533 4007 2787 4064 homines
2838 4015 2967 4062 sunt
3017 4007 3095 4062 illi
3162 4005 3384 4078 quidem

1806 4105 2032 4168 propter
2063 4096 2251 4152 ﬁdem.
2277 4096 2654 4168 puimogeniti,
2703 4095 3192 4171 haereditatequ
3241 4094 3385 4167 apud

1811 4186 2005 4253 Deum,
2031 4188 2176 4258 quod
2198 4188 2266 4243 ad
2294 4189 2526 4259 gratiam
2556 4187 2820 4258 pertinet,
2861 4187 3117 4241 eximiam
3163 4185 3343 4241 sortiti
3368 4202 3386 4254 ;

1809 4279 1905 4333 sed
1929 4286 2107 4334 tamen
2125 4286 2351 4350 propter
2377 4292 2707 4350 propensam
2731 4277 2800 4332 ad
2840 4293 2928 4332 res
2966 4291 3161 4346 parum
3205 4276 3385 4334 hone-

1810 4377 1922 4425 stas
1943 4370 2304 4434 voluntatem,
2333 4385 2443 4424 non
2489 4377 2618 4425 sunt
2659 4367 2936 4423 libertatis
2958 4376 3262 4423 amatores:
3291 4382 3386 4423 eos

1810 4476 1978 4532 porro
2001 4462 2095 4531 qui
2124 4459 2229 4516 ﬁde
2251 4461 2534 4532 iustiﬁcati
2562 4461 2696 4525 sint,
2738 4459 3026 4515 ecclesiam
3050 4459 3386 4531 primogeni-

125 4552 178 4603 ού
214 4554 608 4626 φιλελεύθερος
644 4556 672 4607 ὁ
712 4554 1054 4625 πρωτότοκος
1079 4596 1094 4621 ,
1130 4555 1382 4620 κοινωνὸς
1415 4557 1474 4611 δὲ
1508 4558 1703 4628 μᾶλλον

1811 4563 1993 4608 torum
2018 4552 2424 4622 descriptorum
2469 4553 2526 4606 in
2565 4552 2720 4607 cmlis
2740 4551 3043 4621 appellatos
3082 4567 3204 4608 esse
3248 4549 3386 4607 dici-

126 4643 208 4696 καὶ
239 4647 592 4718 συνεραστὴς
612 4647 724 4710 τοῖς
748 4646 807 4699 τὸ
823 4647 919 4716 τῆς
948 4645 1192 4712 δουλείας
1211 4643 1398 4718 αἶσχος
1413 4647 1474 4701 οὐ
1501 4666 1708 4719 πεφευ-

122 4734 282 4802 γόσιν.
678 4733 684 4736 ’

187 4921 386 4974 [ΙΔΑΛ.
426 4900 677 4992 "Aptata
705 4919 868 4990 ἔφης.

188 5013 345 5068 ΚΥΡ.
385 5014 542 5067 Ἀλλ’
575 5013 677 5084 ἤδη
713 5030 812 5084 μου
844 5013 979 5083 πρὸς
1013 5013 1184 5084 ἀκτὴν
1211 5013 1381 5078 ίόντος
1401 5014 1495 5068 τοῦ
1525 5015 1707 5084 λόγου,

123 5107 208 5157 καί)⁸
236 5107 400 5159 οἱονεί
436 5125 548 5160 που
581 5105 690 5159 τῶν
726 5105 1044 5175 πεισμάτων
1073 5105 1395 5177 ποιουμένου
1429 5107 1527 5171 τὰς
1556 5110 1712 5163 ὲκὸο-

120 5197 227 5262 λὰς,
279 5199 499 5252 ἔπεισιν
551 5199 732 5251 εἰπεῖν
783 5198 876 5250 καὶ
911 5199 1363 5269 προσαναμνῆσαι
1408 5200 1588 5264 πάλιν,
1627 5203 1711 5255 ὅτι

118 5291 212 5361 χρὴ
238 5293 377 5362 πρὸς
409 5293 528 5345 πᾶν
571 5289 751 5344 ὁτιοῦν
787 5289 1130 5360 ἀνδρίζεσθαι
1168 5291 1244 5360 (2)
1273 5291 1382 5344 τῶν
1411 5291 1706 5347 τελούντων

118 5384 188 5446 εἰς
215 5384 427 5454 ὄνησιν,
471 5383 579 5437 καὶ
621 5383 920 5453 γύμνασμα
954 5383 1034 5445 εἰς
1064 5383 1264 5454 ἀρετὴν
1298 5382 1547 5451 ἡγεῖσθαι
1579 5388 1707 5448 τοὺς

117 5474 321 5538 πόνους,
348 5471 674 5527 διακεῖσθαι
701 5471 757 5524 δὲ
778 5471 876 5540 οὐχ
906 5470 1106 5540 ἑτέρως
1133 5469 1166 5540 ἦ
1188 5470 1269 5522 ὅτι
1296 5468 1427 5532 Θεὸς
1458 5470 1488 5522 ό
1519 5467 1708 5532 σώζων

1810 4659 1936 4698 mus
1955 4643 2021 4697 ⁸³.
2051 4643 2267 4698 Verum
2303 4643 2350 4697 is
2394 4643 2802 4714 primogenitus
2841 4644 3068 4698 minime
3117 4641 3388 4698 libertatis

1810 4743 2022 4790 amator
2048 4734 2173 4800 fuit,
2201 4734 2298 4790 sed
2323 4750 2509 4791 comes
2530 4735 2718 4806 potius
2739 4751 2803 4792 ac
2823 4736 3028 4793 sodalis
3049 4749 3244 4796 eorum
3291 4733 3386 4810 qui

1811 4827 2096 4883 servitutis
2120 4827 2362 4883 dedecus
2375 4842 2486 4883 non
2509 4827 2841 4899 effugerunt.

1883 4919 2081 4976 PALL.
2110 4920 2376 4976 Praeclare
2399 4920 2581 4986 dicis,

1882 5012 2041 5068 (ΝΒ.
2073 5012 2186 5067 Sed
2208 5012 2341 5066 mihi
2380 5013 2512 5082 jam,
2541 5011 2673 5066 dum
2721 5011 2898 5067 oratio
2951 5007 3101 5064 subit
3125 5006 3304 5070 littus,
3326 5017 3414 5066 ac,

1814 5103 1984 5158 veluti
2010 5103 2271 5158 rudentes
2275 5103 2430 5175 jacit,
2456 5103 2813 5174 repetendum
2837 5109 3001 5171 atque
3025 5113 3222 5153 rursus
3243 5111 3394 5152 com-

1815 5195 2233 5250 memorandum
2279 5196 2520 5261 videtur,
2574 5203 2830 5266 oportere
2851 5209 2916 5249 ea
2953 5191 3136 5247 omnia
3177 5189 3393 5245 fortiter

1817 5287 2038 5358 aggredi
2092 5303 2215 5358 quae
2241 5295 2372 5344 sunt
2400 5288 2574 5352 utilia,
2599 5285 3015 5357 putandumque
3039 5283 3258 5338 labores
3291 5297 3392 5338 ex-

1816 5378 2196 5434 ercitationem
2239 5394 2360 5436 esse
2395 5379 2639 5445 virtutis,
2665 5391 2844 5448 neque
2869 5376 3031 5432 aliter
3072 5373 3394 5431 existiman-

1819 5469 1972 5536 dum,
2001 5486 2165 5541 quam
2185 5471 2358 5527 Deum
2381 5487 2522 5534 esse,
2543 5470 2636 5542 qui
2659 5469 2893 5527 salutem
2905 5473 3160 5538 praestat,
3188 5463 3416 5538 quique:

181 5631 224 5664 ⁴⁷
246 5632 451 5688 Matth.
480 5647 624 5695 xm,
656 5631 740 5685 M.
785 5630 830 5661 ⁸⁸
850 5629 983 5685 Luc.
1013 5646 1122 5693 xxx,
1149 5627 1236 5686 54.
1281 5627 1325 5659 δ’
1355 5626 1524 5682 Hebr.
1567 5641 1683 5692 xm,
1711 5625 1798 5680 25.

185 5770 260 5832 (Ι)
297 5771 395 5826 Sic
433 5770 572 5825 cod.
613 5769 759 5835 Vat.;
789 5768 975 5824 Sirleti
1010 5783 1164 5831 vero,
1194 5765 1570 5836 συξητοῦντες,

189 5843 260 5912 (:2)
313 5842 458 5898 Cod.
521 5833 752 5905 Vatis,
808 5838 1235 5910 ἀπαρτίζεσθαι,
1286 5833 1571 5907 perfectum
1618 5851 1703 5892 seu

1811 5838 2062 5896 structum
2087 5844 2213 5890 esse.
