  <div class='ocr_page' id='page_1' title='image "/cluster/home/n/w/nwhite01/storage/ocr_20150623/68/hvd.32044019207851/211.png"; bbox 0 0 3998 6506; ppageno 0'>
   <div class='ocr_carea' id='block_1_1' title="bbox 617 386 717 441">
    <p class='ocr_par' dir='ltr' id='par_1_1' title="bbox 617 386 717 441">
     <span class='ocr_line' id='line_1_1' title="bbox 617 386 717 441; baseline -0.03 0"><span class='ocrx_word' id='word_1_1' title='bbox 617 386 717 441; x_wconf 51' lang='grc' dir='ltr'><em>ΚΠ</em></span> 
     </span>
    </p>
   </div>
   <div class='ocr_carea' id='block_1_2' title="bbox 1644 376 2893 439">
    <p class='ocr_par' dir='ltr' id='par_1_2' title="bbox 1644 376 2893 439">
     <span class='ocr_line' id='line_1_2' title="bbox 1644 376 2893 439; baseline 0.005 -7"><span class='ocrx_word' id='word_1_2' title='bbox 1644 376 1700 432; x_wconf 93' lang='lat' dir='ltr'><strong>S.</strong></span> <span class='ocrx_word' id='word_1_3' title='bbox 1746 377 2022 433; x_wconf 78' lang='lat' dir='ltr'><strong>CYRlLLl</strong></span> <span class='ocrx_word' id='word_1_4' title='bbox 2062 378 2537 435; x_wconf 80' lang='lat' dir='ltr'><strong>ALEXANDRINI</strong></span> <span class='ocrx_word' id='word_1_5' title='bbox 2574 380 2893 439; x_wconf 80' lang='lat' dir='ltr'><strong>ARCHIEP.</strong></span> 
     </span>
    </p>
   </div>
   <div class='ocr_carea' id='block_1_3' title="bbox 3774 390 3864 446">
    <p class='ocr_par' dir='ltr' id='par_1_3' title="bbox 3774 390 3864 446">
     <span class='ocr_line' id='line_1_3' title="bbox 3774 390 3864 446; baseline 0 0"><span class='ocrx_word' id='word_1_6' title='bbox 3774 390 3864 446; x_wconf 64' lang='lat'><strong>408</strong></span> 
     </span>
    </p>
   </div>
   <div class='ocr_carea' id='block_1_4' title="bbox 617 489 2196 567">
    <p class='ocr_par' dir='ltr' id='par_1_4' title="bbox 617 489 2196 562">
     <span class='ocr_line' id='line_1_4' title="bbox 617 489 2196 562; baseline -0.006 -9"><span class='ocrx_word' id='word_1_7' title='bbox 617 495 983 561; x_wconf 77' lang='lat' dir='ltr'><strong>adversarios,</strong></span> <span class='ocrx_word' id='word_1_8' title='bbox 1020 494 1152 549; x_wconf 91' lang='lat' dir='ltr'><strong>licet</strong></span> <span class='ocrx_word' id='word_1_9' title='bbox 1196 492 1371 547; x_wconf 89' lang='lat' dir='ltr'><strong>multo</strong></span> <span class='ocrx_word' id='word_1_10' title='bbox 1418 490 1721 562; x_wconf 85' lang='lat' dir='ltr'><strong>majoribus</strong></span> <span class='ocrx_word' id='word_1_11' title='bbox 1764 489 1978 545; x_wconf 83' lang='lat' dir='ltr'><strong>viribus</strong></span> <span class='ocrx_word' id='word_1_12' title='bbox 2038 506 2196 558; x_wconf 87' lang='lat' dir='ltr'><strong>quam</strong></span> 
     </span>
    </p>
   </div>
   <div class='ocr_carea' id='block_1_5' title="bbox 2300 489 3864 567">
    <p class='ocr_par' dir='ltr' id='par_1_5' title="bbox 2307 492 3864 567">
     <span class='ocr_line' id='line_1_5' title="bbox 2307 492 3864 567; baseline 0.006 -22"><span class='ocrx_word' id='word_1_13' title='bbox 2307 492 2443 557; x_wconf 74' lang='grc' dir='ltr'><strong>ἐστὶ,</strong></span> <span class='ocrx_word' id='word_1_14' title='bbox 2479 495 2574 547; x_wconf 68' lang='grc' dir='ltr'><strong>καὶ</strong></span> <span class='ocrx_word' id='word_1_15' title='bbox 2608 495 2671 547; x_wconf 85' lang='grc' dir='ltr'><strong>τὸ</strong></span> <span class='ocrx_word' id='word_1_16' title='bbox 2704 495 2991 549; x_wconf 81' lang='grc' dir='ltr'>καταθλεῖν</span> <span class='ocrx_word' id='word_1_17' title='bbox 3016 494 3275 551; x_wconf 81' lang='grc' dir='ltr'>δύνασθαι</span> <span class='ocrx_word' id='word_1_18' title='bbox 3318 495 3427 551; x_wconf 80' lang='grc' dir='ltr'>τῶν</span> <span class='ocrx_word' id='word_1_19' title='bbox 3473 496 3864 567; x_wconf 71' lang='grc' dir='ltr'><strong>ἀνθεπηκᾶιων</strong></span> 
     </span>
    </p>
   </div>
   <div class='ocr_carea' id='block_1_6' title="bbox 618 580 2192 652">
    <p class='ocr_par' dir='ltr' id='par_1_6' title="bbox 618 580 2192 652">
     <span class='ocr_line' id='line_1_6' title="bbox 618 580 2192 652; baseline -0.007 -6"><span class='ocrx_word' id='word_1_20' title='bbox 618 599 819 646; x_wconf 75' lang='lat' dir='ltr'><strong>nostra:</strong></span> <span class='ocrx_word' id='word_1_21' title='bbox 839 587 970 651; x_wconf 88' lang='lat' dir='ltr'><strong>sint,</strong></span> <span class='ocrx_word' id='word_1_22' title='bbox 1002 586 1233 648; x_wconf 89' lang='lat' dir='ltr'><strong>irruant,</strong></span> <span class='ocrx_word' id='word_1_23' title='bbox 1261 590 1320 636; x_wconf 92' lang='lat' dir='ltr'><strong>ut</strong></span> <span class='ocrx_word' id='word_1_24' title='bbox 1342 582 1562 636; x_wconf 78' lang='lat' dir='ltr'><strong>vincere</strong></span> <span class='ocrx_word' id='word_1_25' title='bbox 1610 580 1907 651; x_wconf 81' lang='lat' dir='ltr'><strong>possimus,</strong></span> <span class='ocrx_word' id='word_1_26' title='bbox 1936 580 2192 652; x_wconf 87' lang='lat' dir='ltr'><strong>largitur.</strong></span> 
     </span>
    </p>
   </div>
   <div class='ocr_carea' id='block_1_7' title="bbox 618 672 2196 743">
    <p class='ocr_par' dir='ltr' id='par_1_7' title="bbox 618 672 2196 743">
     <span class='ocr_line' id='line_1_7' title="bbox 618 672 2196 743; baseline -0.005 -7"><span class='ocrx_word' id='word_1_27' title='bbox 618 682 752 737; x_wconf 86' lang='lat' dir='ltr'><strong>Nam</strong></span> <span class='ocrx_word' id='word_1_28' title='bbox 778 677 924 733; x_wconf 89' lang='lat' dir='ltr'><strong>haud</strong></span> <span class='ocrx_word' id='word_1_29' title='bbox 952 675 1225 730; x_wconf 91' lang='lat' dir='ltr'><strong>inutiliter</strong></span> <span class='ocrx_word' id='word_1_30' title='bbox 1250 673 1533 738; x_wconf 85' lang='lat' dir='ltr'><strong>insudare,</strong></span> <span class='ocrx_word' id='word_1_31' title='bbox 1570 687 1697 727; x_wconf 89' lang='lat' dir='ltr'><strong>cum</strong></span> <span class='ocrx_word' id='word_1_32' title='bbox 1723 688 1824 743; x_wconf 89' lang='lat' dir='ltr'><strong>pro</strong></span> <span class='ocrx_word' id='word_1_33' title='bbox 1857 672 2070 728; x_wconf 88' lang='lat' dir='ltr'><strong>virtute</strong></span> <span class='ocrx_word' id='word_1_34' title='bbox 2111 681 2196 729; x_wconf 80' lang='lat' dir='ltr'><strong>to-</strong></span> 
     </span>
    </p>
   </div>
   <div class='ocr_carea' id='block_1_8' title="bbox 619 764 2198 837">
    <p class='ocr_par' dir='ltr' id='par_1_8' title="bbox 619 764 2198 837">
     <span class='ocr_line' id='line_1_8' title="bbox 619 764 2198 837; baseline -0.004 -11"><span class='ocrx_word' id='word_1_35' title='bbox 619 773 876 835; x_wconf 89' lang='lat' dir='ltr'><strong>leramus,</strong></span> <span class='ocrx_word' id='word_1_36' title='bbox 927 767 1148 824; x_wconf 80' lang='lat' dir='ltr'><strong>docebit</strong></span> <span class='ocrx_word' id='word_1_37' title='bbox 1190 766 1422 837; x_wconf 81' lang='lat' dir='ltr'><strong>Moyses,</strong></span> <span class='ocrx_word' id='word_1_38' title='bbox 1447 764 1542 836; x_wconf 87' lang='lat' dir='ltr'><strong>qui</strong></span> <span class='ocrx_word' id='word_1_39' title='bbox 1596 765 1731 821; x_wconf 93' lang='lat' dir='ltr'><strong>dicit</strong></span> <span class='ocrx_word' id='word_1_40' title='bbox 1766 766 1820 821; x_wconf 91' lang='lat' dir='ltr'><strong>in</strong></span> <span class='ocrx_word' id='word_1_41' title='bbox 1852 766 2198 821; x_wconf 88' lang='lat' dir='ltr'><strong>Deuterono-</strong></span> 
     </span>
    </p>
   </div>
   <div class='ocr_carea' id='block_1_9' title="bbox 619 856 2202 928">
    <p class='ocr_par' dir='ltr' id='par_1_9' title="bbox 619 856 2202 928">
     <span class='ocr_line' id='line_1_9' title="bbox 619 856 2202 928; baseline -0.003 -12"><span class='ocrx_word' id='word_1_42' title='bbox 619 863 762 917; x_wconf 89' lang='lat' dir='ltr'><strong>mio:</strong></span> <span class='ocrx_word' id='word_1_43' title='bbox 792 862 897 916; x_wconf 69' lang='lat' dir='ltr'><strong>«Et</strong></span> <span class='ocrx_word' id='word_1_44' title='bbox 912 858 1294 915; x_wconf 82' lang='lat' dir='ltr'><strong>recordaberis</strong></span> <span class='ocrx_word' id='word_1_45' title='bbox 1337 858 1507 913; x_wconf 88' lang='lat' dir='ltr'><strong>totius</strong></span> <span class='ocrx_word' id='word_1_46' title='bbox 1546 856 1666 923; x_wconf 62' lang='lat' dir='ltr'><strong>vim,</strong></span> <span class='ocrx_word' id='word_1_47' title='bbox 1714 874 1810 928; x_wconf 91' lang='lat' dir='ltr'><strong>per</strong></span> <span class='ocrx_word' id='word_1_48' title='bbox 1835 874 1999 928; x_wconf 91' lang='lat' dir='ltr'><strong>quam</strong></span> <span class='ocrx_word' id='word_1_49' title='bbox 2043 857 2202 913; x_wconf 81' lang='lat' dir='ltr'><strong>duxit</strong></span> 
     </span>
    </p>
   </div>
   <div class='ocr_carea' id='block_1_10' title="bbox 620 949 2196 1020">
    <p class='ocr_par' dir='ltr' id='par_1_10' title="bbox 620 949 2196 1020">
     <span class='ocr_line' id='line_1_10' title="bbox 620 949 2196 1020; baseline -0.002 -13"><span class='ocrx_word' id='word_1_50' title='bbox 620 962 673 1009; x_wconf 92' lang='lat' dir='ltr'><strong>te</strong></span> <span class='ocrx_word' id='word_1_51' title='bbox 700 953 966 1008; x_wconf 90' lang='lat' dir='ltr'><strong>Dominus</strong></span> <span class='ocrx_word' id='word_1_52' title='bbox 987 951 1133 1006; x_wconf 90' lang='lat' dir='ltr'><strong>Deus</strong></span> <span class='ocrx_word' id='word_1_53' title='bbox 1161 958 1289 1004; x_wconf 90' lang='lat' dir='ltr'><strong>tuus</strong></span> <span class='ocrx_word' id='word_1_54' title='bbox 1323 951 1379 1004; x_wconf 92' lang='lat' dir='ltr'><strong>in</strong></span> <span class='ocrx_word' id='word_1_55' title='bbox 1413 949 1666 1014; x_wconf 90' lang='lat' dir='ltr'><strong>deserto;</strong></span> <span class='ocrx_word' id='word_1_56' title='bbox 1723 958 1786 1003; x_wconf 93' lang='lat' dir='ltr'><strong>ut</strong></span> <span class='ocrx_word' id='word_1_57' title='bbox 1830 949 2098 1020; x_wconf 76' lang='lat' dir='ltr'><strong>afﬂigeret</strong></span> <span class='ocrx_word' id='word_1_58' title='bbox 2122 958 2196 1014; x_wconf 92' lang='lat' dir='ltr'><strong>te,</strong></span> 
     </span>
    </p>
   </div>
   <div class='ocr_carea' id='block_1_11' title="bbox 616 1044 2200 1116">
    <p class='ocr_par' dir='ltr' id='par_1_11' title="bbox 616 1044 2200 1116">
     <span class='ocr_line' id='line_1_11' title="bbox 616 1044 2200 1116; baseline -0.002 -13"><span class='ocrx_word' id='word_1_59' title='bbox 616 1056 673 1103; x_wconf 88' lang='lat' dir='ltr'><strong>et</strong></span> <span class='ocrx_word' id='word_1_60' title='bbox 696 1055 934 1102; x_wconf 87' lang='lat' dir='ltr'><strong>tentaret</strong></span> <span class='ocrx_word' id='word_1_61' title='bbox 951 1054 1026 1113; x_wconf 89' lang='lat' dir='ltr'><strong>te,</strong></span> <span class='ocrx_word' id='word_1_62' title='bbox 1056 1054 1112 1100; x_wconf 89' lang='lat' dir='ltr'><strong>et</strong></span> <span class='ocrx_word' id='word_1_63' title='bbox 1136 1045 1354 1116; x_wconf 90' lang='lat' dir='ltr'><strong>cognita</strong></span> <span class='ocrx_word' id='word_1_64' title='bbox 1379 1044 1584 1101; x_wconf 88' lang='lat' dir='ltr'><strong>faceret</strong></span> <span class='ocrx_word' id='word_1_65' title='bbox 1640 1059 1760 1113; x_wconf 71' lang='lat' dir='ltr'><strong>quae</strong></span> <span class='ocrx_word' id='word_1_66' title='bbox 1783 1051 1911 1097; x_wconf 91' lang='lat' dir='ltr'><strong>sunt</strong></span> <span class='ocrx_word' id='word_1_67' title='bbox 1944 1044 2001 1097; x_wconf 93' lang='lat' dir='ltr'><strong>in</strong></span> <span class='ocrx_word' id='word_1_68' title='bbox 2033 1044 2200 1101; x_wconf 86' lang='lat' dir='ltr'><strong>corde</strong></span> 
     </span>
    </p>
   </div>
   <div class='ocr_carea' id='block_1_12' title="bbox 618 1135 2197 1207">
    <p class='ocr_par' dir='ltr' id='par_1_12' title="bbox 618 1135 2197 1207">
     <span class='ocr_line' id='line_1_12' title="bbox 618 1135 2197 1207; baseline -0.003 -13"><span class='ocrx_word' id='word_1_69' title='bbox 618 1148 735 1205; x_wconf 93' lang='lat' dir='ltr'><strong>tuo,</strong></span> <span class='ocrx_word' id='word_1_70' title='bbox 760 1139 806 1194; x_wconf 89' lang='lat' dir='ltr'><strong>si</strong></span> <span class='ocrx_word' id='word_1_71' title='bbox 840 1138 1166 1194; x_wconf 80' lang='lat' dir='ltr'><strong>observabis</strong></span> <span class='ocrx_word' id='word_1_72' title='bbox 1190 1136 1445 1192; x_wconf 90' lang='lat' dir='ltr'><strong>mandata</strong></span> <span class='ocrx_word' id='word_1_73' title='bbox 1466 1138 1605 1207; x_wconf 82' lang='lat' dir='ltr'><strong>ejus,</strong></span> <span class='ocrx_word' id='word_1_74' title='bbox 1646 1151 1717 1193; x_wconf 84' lang='lat' dir='ltr'><strong>an</strong></span> <span class='ocrx_word' id='word_1_75' title='bbox 1750 1135 1939 1190; x_wconf 79' lang='lat' dir='ltr'><strong>non&quot;.</strong></span> <span class='ocrx_word' id='word_1_76' title='bbox 1962 1154 1979 1186; x_wconf 84' lang='grc'><strong>›</strong></span> <span class='ocrx_word' id='word_1_77' title='bbox 2008 1135 2197 1205; x_wconf 85' lang='lat' dir='ltr'><strong>Neque</strong></span> 
     </span>
    </p>
   </div>
   <div class='ocr_carea' id='block_1_13' title="bbox 616 1228 2197 1300">
    <p class='ocr_par' dir='ltr' id='par_1_13' title="bbox 616 1228 2197 1300">
     <span class='ocr_line' id='line_1_13' title="bbox 616 1228 2197 1300; baseline -0.003 -14"><span class='ocrx_word' id='word_1_78' title='bbox 616 1246 751 1286; x_wconf 85' lang='lat' dir='ltr'><strong>vero</strong></span> <span class='ocrx_word' id='word_1_79' title='bbox 772 1232 865 1285; x_wconf 93' lang='lat' dir='ltr'><strong>ille</strong></span> <span class='ocrx_word' id='word_1_80' title='bbox 891 1230 1024 1286; x_wconf 88' lang='lat' dir='ltr'><strong>sinit</strong></span> <span class='ocrx_word' id='word_1_81' title='bbox 1065 1246 1167 1285; x_wconf 89' lang='lat' dir='ltr'><strong>nos</strong></span> <span class='ocrx_word' id='word_1_82' title='bbox 1205 1230 1399 1300; x_wconf 87' lang='lat' dir='ltr'><strong>ignava</strong></span> <span class='ocrx_word' id='word_1_83' title='bbox 1423 1228 1718 1283; x_wconf 83' lang='lat' dir='ltr'><strong>formidine</strong></span> <span class='ocrx_word' id='word_1_84' title='bbox 1763 1228 2043 1291; x_wconf 87' lang='lat' dir='ltr'><strong>laborare,</strong></span> <span class='ocrx_word' id='word_1_85' title='bbox 2070 1242 2197 1282; x_wconf 91' lang='lat' dir='ltr'><strong>cum</strong></span> 
     </span>
    </p>
   </div>
   <div class='ocr_carea' id='block_1_14' title="bbox 618 1319 2198 1393">
    <p class='ocr_par' dir='ltr' id='par_1_14' title="bbox 618 1319 2198 1393">
     <span class='ocr_line' id='line_1_14' title="bbox 618 1319 2198 1393; baseline -0.003 -16"><span class='ocrx_word' id='word_1_86' title='bbox 618 1336 776 1377; x_wconf 84' lang='lat' dir='ltr'><strong>suam</strong></span> <span class='ocrx_word' id='word_1_87' title='bbox 821 1322 969 1376; x_wconf 88' lang='lat' dir='ltr'><strong>illam</strong></span> <span class='ocrx_word' id='word_1_88' title='bbox 1014 1322 1353 1393; x_wconf 78' lang='lat' dir='ltr'><strong>protegentis</strong></span> <span class='ocrx_word' id='word_1_89' title='bbox 1391 1336 1613 1376; x_wconf 89' lang='lat' dir='ltr'><strong>manum</strong></span> <span class='ocrx_word' id='word_1_90' title='bbox 1658 1319 1973 1388; x_wconf 89' lang='lat' dir='ltr'><strong>aspicimus.</strong></span> <span class='ocrx_word' id='word_1_91' title='bbox 2010 1319 2198 1387; x_wconf 86' lang='lat' dir='ltr'><strong>itaque</strong></span> 
     </span>
    </p>
   </div>
   <div class='ocr_carea' id='block_1_15' title="bbox 620 1413 2200 1473">
    <p class='ocr_par' dir='ltr' id='par_1_15' title="bbox 620 1413 2200 1473">
     <span class='ocr_line' id='line_1_15' title="bbox 620 1413 2200 1473; baseline 0.001 -5"><span class='ocrx_word' id='word_1_92' title='bbox 620 1431 818 1471; x_wconf 86' lang='lat' dir='ltr'><strong>rursus</strong></span> <span class='ocrx_word' id='word_1_93' title='bbox 832 1417 899 1471; x_wconf 90' lang='lat' dir='ltr'><strong>ad</strong></span> <span class='ocrx_word' id='word_1_94' title='bbox 927 1417 1075 1473; x_wconf 86' lang='lat' dir='ltr'><strong>hunc</strong></span> <span class='ocrx_word' id='word_1_95' title='bbox 1108 1416 1333 1471; x_wconf 82' lang='lat' dir='ltr'><strong>modum</strong></span> <span class='ocrx_word' id='word_1_96' title='bbox 1350 1416 1573 1472; x_wconf 88' lang='lat' dir='ltr'><strong>scribit:</strong></span> <span class='ocrx_word' id='word_1_97' title='bbox 1626 1435 1642 1466; x_wconf 77' lang='grc' dir='ltr'><strong>ι</strong></span> <span class='ocrx_word' id='word_1_98' title='bbox 1666 1414 1721 1469; x_wconf 92' lang='lat' dir='ltr'><strong>Si</strong></span> <span class='ocrx_word' id='word_1_99' title='bbox 1750 1429 1881 1468; x_wconf 89' lang='lat' dir='ltr'><strong>vero</strong></span> <span class='ocrx_word' id='word_1_100' title='bbox 1908 1413 2117 1468; x_wconf 85' lang='lat' dir='ltr'><strong>dixeris</strong></span> <span class='ocrx_word' id='word_1_101' title='bbox 2142 1414 2200 1469; x_wconf 86' lang='lat' dir='ltr'><strong>in</strong></span> 
     </span>
    </p>
   </div>
   <div class='ocr_carea' id='block_1_16' title="bbox 619 1505 2196 1578">
    <p class='ocr_par' dir='ltr' id='par_1_16' title="bbox 619 1505 2196 1578">
     <span class='ocr_line' id='line_1_16' title="bbox 619 1505 2196 1578; baseline -0.002 -17"><span class='ocrx_word' id='word_1_102' title='bbox 619 1515 807 1562; x_wconf 86' lang='lat' dir='ltr'><strong>mente</strong></span> <span class='ocrx_word' id='word_1_103' title='bbox 835 1516 951 1573; x_wconf 90' lang='lat' dir='ltr'><strong>tua,</strong></span> <span class='ocrx_word' id='word_1_104' title='bbox 973 1508 1145 1578; x_wconf 83' lang='lat' dir='ltr'><strong>Major</strong></span> <span class='ocrx_word' id='word_1_105' title='bbox 1177 1515 1263 1561; x_wconf 90' lang='lat' dir='ltr'><strong>est</strong></span> <span class='ocrx_word' id='word_1_106' title='bbox 1291 1522 1523 1561; x_wconf 88' lang='lat' dir='ltr'><strong>numero</strong></span> <span class='ocrx_word' id='word_1_107' title='bbox 1562 1521 1695 1577; x_wconf 88' lang='lat' dir='ltr'><strong>gens</strong></span> <span class='ocrx_word' id='word_1_108' title='bbox 1721 1505 1838 1561; x_wconf 68' lang='lat' dir='ltr'><strong>inec</strong></span> <span class='ocrx_word' id='word_1_109' title='bbox 1872 1521 2034 1574; x_wconf 90' lang='lat' dir='ltr'><strong>quam</strong></span> <span class='ocrx_word' id='word_1_110' title='bbox 2060 1520 2196 1575; x_wconf 85' lang='lat' dir='ltr'><strong>ego;</strong></span> 
     </span>
    </p>
   </div>
   <div class='ocr_carea' id='block_1_17' title="bbox 620 1597 2203 1670">
    <p class='ocr_par' dir='ltr' id='par_1_17' title="bbox 620 1597 2203 1670">
     <span class='ocr_line' id='line_1_17' title="bbox 620 1597 2203 1670; baseline -0.002 -16"><span class='ocrx_word' id='word_1_111' title='bbox 620 1600 898 1670; x_wconf 90' lang='lat' dir='ltr'><strong>quomodo</strong></span> <span class='ocrx_word' id='word_1_112' title='bbox 946 1608 1141 1670; x_wconf 89' lang='lat' dir='ltr'><strong>potero</strong></span> <span class='ocrx_word' id='word_1_113' title='bbox 1188 1599 1556 1655; x_wconf 80' lang='lat' dir='ltr'><strong>exterminare</strong></span> <span class='ocrx_word' id='word_1_114' title='bbox 1608 1597 1767 1651; x_wconf 89' lang='lat' dir='ltr'><strong>illos?</strong></span> <span class='ocrx_word' id='word_1_115' title='bbox 1821 1613 1933 1651; x_wconf 90' lang='lat' dir='ltr'><strong>non</strong></span> <span class='ocrx_word' id='word_1_116' title='bbox 1980 1597 2203 1651; x_wconf 89' lang='lat' dir='ltr'><strong>timebis</strong></span> 
     </span>
    </p>
   </div>
   <div class='ocr_carea' id='block_1_18' title="bbox 618 1686 2201 1756">
    <p class='ocr_par' dir='ltr' id='par_1_18' title="bbox 618 1686 2201 1756">
     <span class='ocr_line' id='line_1_18' title="bbox 618 1686 2201 1756; baseline -0.001 -13"><span class='ocrx_word' id='word_1_117' title='bbox 618 1687 747 1745; x_wconf 79' lang='lat' dir='ltr'><strong>illos</strong></span> <span class='ocrx_word' id='word_1_118' title='bbox 762 1708 775 1747; x_wconf 90' lang='lat'><strong>:</strong></span> <span class='ocrx_word' id='word_1_119' title='bbox 790 1690 1057 1748; x_wconf 87' lang='lat' dir='ltr'><strong>memoria</strong></span> <span class='ocrx_word' id='word_1_120' title='bbox 1073 1706 1286 1745; x_wconf 90' lang='lat' dir='ltr'><strong>memor</strong></span> <span class='ocrx_word' id='word_1_121' title='bbox 1307 1690 1418 1745; x_wconf 92' lang='lat' dir='ltr'><strong>eris</strong></span> <span class='ocrx_word' id='word_1_122' title='bbox 1440 1703 1633 1743; x_wconf 88' lang='lat' dir='ltr'><strong>eorum</strong></span> <span class='ocrx_word' id='word_1_123' title='bbox 1659 1686 1907 1741; x_wconf 92' lang='lat' dir='ltr'><strong>omnium</strong></span> <span class='ocrx_word' id='word_1_124' title='bbox 1935 1702 2057 1756; x_wconf 65' lang='lat' dir='ltr'><strong>qua:</strong></span> <span class='ocrx_word' id='word_1_125' title='bbox 2072 1686 2201 1741; x_wconf 92' lang='lat' dir='ltr'><strong>fecit</strong></span> 
     </span>
    </p>
   </div>
   <div class='ocr_carea' id='block_1_19' title="bbox 619 1778 2194 1850">
    <p class='ocr_par' dir='ltr' id='par_1_19' title="bbox 619 1778 2194 1850">
     <span class='ocr_line' id='line_1_19' title="bbox 619 1778 2194 1850; baseline -0.002 -14"><span class='ocrx_word' id='word_1_126' title='bbox 619 1780 888 1837; x_wconf 90' lang='lat' dir='ltr'><strong>Dominus</strong></span> <span class='ocrx_word' id='word_1_127' title='bbox 914 1782 1060 1837; x_wconf 89' lang='lat' dir='ltr'><strong>Deus</strong></span> <span class='ocrx_word' id='word_1_128' title='bbox 1081 1791 1209 1837; x_wconf 91' lang='lat' dir='ltr'><strong>tuus</strong></span> <span class='ocrx_word' id='word_1_129' title='bbox 1232 1782 1526 1846; x_wconf 87' lang='lat' dir='ltr'><strong>Pharaoni,</strong></span> <span class='ocrx_word' id='word_1_130' title='bbox 1541 1788 1597 1835; x_wconf 88' lang='lat' dir='ltr'><strong>et</strong></span> <span class='ocrx_word' id='word_1_131' title='bbox 1625 1778 1886 1835; x_wconf 91' lang='lat' dir='ltr'><strong>omnibus</strong></span> <span class='ocrx_word' id='word_1_132' title='bbox 1906 1778 2194 1850; x_wconf 61' lang='lat' dir='ltr'><strong>[Egyptiisz</strong></span> 
     </span>
    </p>
   </div>
   <div class='ocr_carea' id='block_1_20' title="bbox 2300 582 3863 661">
    <p class='ocr_par' dir='ltr' id='par_1_20' title="bbox 2300 582 3863 661">
     <span class='ocr_line' id='line_1_20' title="bbox 2300 582 3863 661; baseline 0.006 -26"><span class='ocrx_word' id='word_1_133' title='bbox 2300 582 2674 654; x_wconf 78' lang='grc' dir='ltr'><strong>δωρούμενος,</strong></span> <span class='ocrx_word' id='word_1_134' title='bbox 2710 586 2813 640; x_wconf 78' lang='grc' dir='ltr'>κᾶν</span> <span class='ocrx_word' id='word_1_135' title='bbox 2846 589 2894 639; x_wconf 79' lang='grc' dir='ltr'><strong>εἰ</strong></span> <span class='ocrx_word' id='word_1_136' title='bbox 2942 588 3078 641; x_wconf 81' lang='grc' dir='ltr'>πολὺ</span> <span class='ocrx_word' id='word_1_137' title='bbox 3131 586 3373 659; x_wconf 80' lang='grc' dir='ltr'><strong>μείζοσιν</strong></span> <span class='ocrx_word' id='word_1_138' title='bbox 3424 589 3608 659; x_wconf 78' lang='grc' dir='ltr'><strong>ἢταῖς</strong></span> <span class='ocrx_word' id='word_1_139' title='bbox 3662 592 3723 642; x_wconf 79' lang='grc' dir='ltr'>ὲν</span> <span class='ocrx_word' id='word_1_140' title='bbox 3751 593 3863 661; x_wconf 73' lang='grc' dir='ltr'><strong>ἡμῖν</strong></span> 
     </span>
    </p>
   </div>
   <div class='ocr_carea' id='block_1_21' title="bbox 2300 676 3865 750">
    <p class='ocr_par' dir='ltr' id='par_1_21' title="bbox 2300 676 3865 750">
     <span class='ocr_line' id='line_1_21' title="bbox 2300 676 3865 750; baseline 0.005 -22"><span class='ocrx_word' id='word_1_141' title='bbox 2300 676 2672 748; x_wconf 78' lang='grc' dir='ltr'>ἁντιφέροιντο</span> <span class='ocrx_word' id='word_1_142' title='bbox 2702 678 2915 742; x_wconf 82' lang='grc' dir='ltr'>ἀλκαῖς.</span> <span class='ocrx_word' id='word_1_143' title='bbox 2957 680 3080 736; x_wconf 77' lang='grc' dir='ltr'><strong>Ὀτι</strong></span> <span class='ocrx_word' id='word_1_144' title='bbox 3111 680 3219 749; x_wconf 83' lang='grc' dir='ltr'><strong>γὰρ</strong></span> <span class='ocrx_word' id='word_1_145' title='bbox 3248 682 3348 734; x_wconf 84' lang='grc' dir='ltr'>οὐκ</span> <span class='ocrx_word' id='word_1_146' title='bbox 3384 680 3641 750; x_wconf 80' lang='grc' dir='ltr'><strong>ἀνόνητον</strong></span> <span class='ocrx_word' id='word_1_147' title='bbox 3687 682 3865 750; x_wconf 78' lang='grc' dir='ltr'><strong>ἱδρῶτα</strong></span> 
     </span>
    </p>
   </div>
   <div class='ocr_carea' id='block_1_22' title="bbox 2300 771 3864 843">
    <p class='ocr_par' dir='ltr' id='par_1_22' title="bbox 2300 771 3864 843">
     <span class='ocr_line' id='line_1_22' title="bbox 2300 771 3864 843; baseline 0.003 -23"><span class='ocrx_word' id='word_1_148' title='bbox 2300 771 2735 841; x_wconf 75' lang='grc' dir='ltr'><strong>καταστάζομεν,</strong></span> <span class='ocrx_word' id='word_1_149' title='bbox 2762 772 2890 834; x_wconf 76' lang='grc' dir='ltr'>τοὺς</span> <span class='ocrx_word' id='word_1_150' title='bbox 2918 772 3059 843; x_wconf 81' lang='grc' dir='ltr'><strong>ὑπὲρ</strong></span> <span class='ocrx_word' id='word_1_151' title='bbox 3089 772 3293 843; x_wconf 79' lang='grc' dir='ltr'><strong>ἀρετῆς</strong></span> <span class='ocrx_word' id='word_1_152' title='bbox 3314 772 3643 836; x_wconf 80' lang='grc' dir='ltr'>ἀνατλάντες</span> <span class='ocrx_word' id='word_1_153' title='bbox 3666 774 3864 839; x_wconf 77' lang='grc' dir='ltr'><strong>πόνους,</strong></span> 
     </span>
    </p>
   </div>
   <div class='ocr_carea' id='block_1_23' title="bbox 2300 859 3868 934">
    <p class='ocr_par' dir='ltr' id='par_1_23' title="bbox 2300 859 3868 934">
     <span class='ocr_line' id='line_1_23' title="bbox 2300 859 3868 934; baseline 0.003 -21"><span class='ocrx_word' id='word_1_154' title='bbox 2300 859 2500 927; x_wconf 80' lang='grc' dir='ltr'><strong>διδάξει</strong></span> <span class='ocrx_word' id='word_1_155' title='bbox 2551 860 2724 930; x_wconf 77' lang='grc' dir='ltr'>λέγων</span> <span class='ocrx_word' id='word_1_156' title='bbox 2777 865 2833 916; x_wconf 79' lang='grc' dir='ltr'>ἐν</span> <span class='ocrx_word' id='word_1_157' title='bbox 2865 862 2945 933; x_wconf 78' lang='grc' dir='ltr'><strong>τῷ</strong></span> <span class='ocrx_word' id='word_1_158' title='bbox 2978 864 3387 934; x_wconf 78' lang='grc' dir='ltr'><strong>Δευτερονομίῳ</strong></span> <span class='ocrx_word' id='word_1_159' title='bbox 3422 866 3660 934; x_wconf 74' lang='grc' dir='ltr'><strong>Μωσῆςο</strong></span> <span class='ocrx_word' id='word_1_160' title='bbox 3721 882 3738 913; x_wconf 76' lang='grc' dir='ltr'><strong>ι</strong></span> <span class='ocrx_word' id='word_1_161' title='bbox 3777 866 3868 918; x_wconf 70' lang='grc' dir='ltr'><strong>Καὶ</strong></span> 
     </span>
    </p>
   </div>
   <div class='ocr_carea' id='block_1_24' title="bbox 2305 954 3869 1029">
    <p class='ocr_par' dir='ltr' id='par_1_24' title="bbox 2305 954 3869 1029">
     <span class='ocr_line' id='line_1_24' title="bbox 2305 954 3869 1029; baseline 0.005 -27"><span class='ocrx_word' id='word_1_162' title='bbox 2305 954 2595 1024; x_wconf 82' lang='grc' dir='ltr'><strong>μνηστήσῃ</strong></span> <span class='ocrx_word' id='word_1_163' title='bbox 2639 956 2818 1008; x_wconf 84' lang='grc' dir='ltr'>πᾶσαν</span> <span class='ocrx_word' id='word_1_164' title='bbox 2853 955 2951 1027; x_wconf 83' lang='grc' dir='ltr'><strong>τὴν</strong></span> <span class='ocrx_word' id='word_1_165' title='bbox 2994 955 3146 1020; x_wconf 80' lang='grc' dir='ltr'>ὁδὸν,</span> <span class='ocrx_word' id='word_1_166' title='bbox 3189 956 3256 1026; x_wconf 81' lang='grc' dir='ltr'>ἢν</span> <span class='ocrx_word' id='word_1_167' title='bbox 3290 956 3464 1029; x_wconf 73' lang='grc' dir='ltr'><strong>ήγαγέ</strong></span> <span class='ocrx_word' id='word_1_168' title='bbox 3514 973 3574 1009; x_wconf 86' lang='grc' dir='ltr'><strong>σε</strong></span> <span class='ocrx_word' id='word_1_169' title='bbox 3607 957 3810 1027; x_wconf 79' lang='grc' dir='ltr'>Κύριος</span> <span class='ocrx_word' id='word_1_170' title='bbox 3845 960 3869 1010; x_wconf 80' lang='grc' dir='ltr'>ὁ</span> 
     </span>
    </p>
   </div>
   <div class='ocr_carea' id='block_1_25' title="bbox 2301 1043 3870 1118">
    <p class='ocr_par' dir='ltr' id='par_1_25' title="bbox 2301 1043 3870 1118">
     <span class='ocr_line' id='line_1_25' title="bbox 2301 1043 3870 1118; baseline 0.003 -22"><span class='ocrx_word' id='word_1_171' title='bbox 2301 1043 2433 1106; x_wconf 82' lang='grc' dir='ltr'><strong>Θεός</strong></span> <span class='ocrx_word' id='word_1_172' title='bbox 2456 1061 2548 1101; x_wconf 79' lang='grc' dir='ltr'>σου</span> <span class='ocrx_word' id='word_1_173' title='bbox 2567 1047 2624 1097; x_wconf 83' lang='grc' dir='ltr'>ὲν</span> <span class='ocrx_word' id='word_1_174' title='bbox 2652 1049 2719 1117; x_wconf 77' lang='grc' dir='ltr'><strong>τῇ</strong></span> <span class='ocrx_word' id='word_1_175' title='bbox 2743 1049 2956 1118; x_wconf 75' lang='grc' dir='ltr'><strong>ἐρήμῳ,</strong></span> <span class='ocrx_word' id='word_1_176' title='bbox 2978 1048 3125 1111; x_wconf 82' lang='grc' dir='ltr'>ὅπως</span> <span class='ocrx_word' id='word_1_177' title='bbox 3141 1046 3207 1100; x_wconf 79' lang='grc' dir='ltr'>ἂν</span> <span class='ocrx_word' id='word_1_178' title='bbox 3230 1046 3458 1117; x_wconf 82' lang='grc' dir='ltr'><strong>κακώσῃ</strong></span> <span class='ocrx_word' id='word_1_179' title='bbox 3485 1064 3541 1099; x_wconf 85' lang='grc' dir='ltr'><strong>σε</strong></span> <span class='ocrx_word' id='word_1_180' title='bbox 3576 1048 3671 1100; x_wconf 77' lang='grc' dir='ltr'><strong>καὶ</strong></span> <span class='ocrx_word' id='word_1_181' title='bbox 3703 1048 3870 1101; x_wconf 69' lang='grc' dir='ltr'>ὲκπεισ</span> 
     </span>
    </p>
   </div>
   <div class='ocr_carea' id='block_1_26' title="bbox 2304 1138 3870 1213">
    <p class='ocr_par' dir='ltr' id='par_1_26' title="bbox 2304 1138 3870 1213">
     <span class='ocr_line' id='line_1_26' title="bbox 2304 1138 3870 1213; baseline 0.001 -24"><span class='ocrx_word' id='word_1_182' title='bbox 2304 1138 2443 1209; x_wconf 77' lang='grc' dir='ltr'><strong>ράσῃ</strong></span> <span class='ocrx_word' id='word_1_183' title='bbox 2468 1154 2549 1201; x_wconf 88' lang='grc' dir='ltr'><strong>σε,</strong></span> <span class='ocrx_word' id='word_1_184' title='bbox 2581 1139 2673 1193; x_wconf 80' lang='grc' dir='ltr'><strong>καὶ</strong></span> <span class='ocrx_word' id='word_1_185' title='bbox 2701 1139 3009 1211; x_wconf 80' lang='grc' dir='ltr'>διαγνωσθῇ</span> <span class='ocrx_word' id='word_1_186' title='bbox 3042 1140 3111 1194; x_wconf 82' lang='grc' dir='ltr'><strong>τὰ</strong></span> <span class='ocrx_word' id='word_1_187' title='bbox 3139 1143 3197 1194; x_wconf 83' lang='grc' dir='ltr'>ὲν</span> <span class='ocrx_word' id='word_1_188' title='bbox 3222 1145 3287 1213; x_wconf 80' lang='grc' dir='ltr'><strong>τῇ</strong></span> <span class='ocrx_word' id='word_1_189' title='bbox 3325 1140 3522 1212; x_wconf 71' lang='grc' dir='ltr'>καρδίᾳ</span> <span class='ocrx_word' id='word_1_190' title='bbox 3556 1156 3673 1204; x_wconf 79' lang='grc' dir='ltr'>σου,</span> <span class='ocrx_word' id='word_1_191' title='bbox 3705 1141 3754 1191; x_wconf 74' lang='grc' dir='ltr'>εἰ</span> <span class='ocrx_word' id='word_1_192' title='bbox 3780 1158 3870 1208; x_wconf 9' lang='grc' dir='ltr'>,φυ-</span> 
     </span>
    </p>
   </div>
   <div class='ocr_carea' id='block_1_27' title="bbox 2300 1229 3869 1305">
    <p class='ocr_par' dir='ltr' id='par_1_27' title="bbox 2300 1229 3869 1305">
     <span class='ocr_line' id='line_1_27' title="bbox 2300 1229 3869 1305; baseline 0.001 -23"><span class='ocrx_word' id='word_1_193' title='bbox 2300 1229 2436 1300; x_wconf 80' lang='grc' dir='ltr'><strong>λάξῃ</strong></span> <span class='ocrx_word' id='word_1_194' title='bbox 2458 1230 2554 1293; x_wconf 81' lang='grc' dir='ltr'>τὰς</span> <span class='ocrx_word' id='word_1_195' title='bbox 2582 1231 2804 1295; x_wconf 66' lang='grc' dir='ltr'><strong>ἐντολὰς</strong></span> <span class='ocrx_word' id='word_1_196' title='bbox 2835 1233 3021 1299; x_wconf 81' lang='grc' dir='ltr'>αὐτοῦ,</span> <span class='ocrx_word' id='word_1_197' title='bbox 3052 1234 3085 1305; x_wconf 85' lang='grc' dir='ltr'>ἦ</span> <span class='ocrx_word' id='word_1_198' title='bbox 3119 1233 3204 1289; x_wconf 75' lang='grc' dir='ltr'><strong>οὗ.</strong></span> <span class='ocrx_word' id='word_1_199' title='bbox 3240 1252 3259 1285; x_wconf 74' lang='grc' dir='ltr'><strong>ι</strong></span> <span class='ocrx_word' id='word_1_200' title='bbox 3290 1233 3485 1287; x_wconf 83' lang='grc' dir='ltr'>Νοσεῖν</span> <span class='ocrx_word' id='word_1_201' title='bbox 3510 1233 3565 1285; x_wconf 78' lang='grc' dir='ltr'>δὲ</span> <span class='ocrx_word' id='word_1_202' title='bbox 3594 1233 3696 1302; x_wconf 77' lang='grc' dir='ltr'><strong>τὴν</strong></span> <span class='ocrx_word' id='word_1_203' title='bbox 3731 1232 3869 1284; x_wconf 75' lang='grc' dir='ltr'>ἀναν-</span> 
     </span>
    </p>
   </div>
   <div class='ocr_carea' id='block_1_28' title="bbox 2300 1318 3870 1394">
    <p class='ocr_par' dir='ltr' id='par_1_28' title="bbox 2300 1318 3870 1394">
     <span class='ocr_line' id='line_1_28' title="bbox 2300 1318 3870 1394; baseline -0.001 -19"><span class='ocrx_word' id='word_1_204' title='bbox 2300 1321 2425 1393; x_wconf 90' lang='grc' dir='ltr'>δρον</span> <span class='ocrx_word' id='word_1_205' title='bbox 2463 1321 2563 1375; x_wconf 83' lang='grc' dir='ltr'>οὐκ</span> <span class='ocrx_word' id='word_1_206' title='bbox 2599 1324 2664 1393; x_wconf 79' lang='grc' dir='ltr'><strong>ἐᾷ</strong></span> <span class='ocrx_word' id='word_1_207' title='bbox 2696 1322 2920 1388; x_wconf 82' lang='grc' dir='ltr'><strong>δειλίαν,</strong></span> <span class='ocrx_word' id='word_1_208' title='bbox 2955 1324 3469 1394; x_wconf 83' lang='grc' dir='ltr'>ἁνασκοπουμένους</span> <span class='ocrx_word' id='word_1_209' title='bbox 3512 1318 3571 1376; x_wconf 81' lang='grc' dir='ltr'>εὖ</span> <span class='ocrx_word' id='word_1_210' title='bbox 3602 1322 3751 1393; x_wconf 79' lang='grc' dir='ltr'>μάλα</span> <span class='ocrx_word' id='word_1_211' title='bbox 3788 1321 3870 1390; x_wconf 74' lang='grc' dir='ltr'><strong>τὴν</strong></span> 
     </span>
    </p>
   </div>
   <div class='ocr_carea' id='block_1_29' title="bbox 2300 1411 3869 1485">
    <p class='ocr_par' dir='ltr' id='par_1_29' title="bbox 2300 1411 3869 1485">
     <span class='ocr_line' id='line_1_29' title="bbox 2300 1411 3869 1485; baseline -0.001 -20"><span class='ocrx_word' id='word_1_212' title='bbox 2300 1411 2395 1465; x_wconf 81' lang='grc' dir='ltr'><strong>τοῦ</strong></span> <span class='ocrx_word' id='word_1_213' title='bbox 2444 1413 2875 1483; x_wconf 74' lang='grc' dir='ltr'><strong>προασπίζοντος</strong></span> <span class='ocrx_word' id='word_1_214' title='bbox 2928 1417 3105 1485; x_wconf 85' lang='grc' dir='ltr'><strong>χεῖρα.</strong></span> <span class='ocrx_word' id='word_1_215' title='bbox 3154 1414 3362 1485; x_wconf 75' lang='grc' dir='ltr'><strong>Γράφει</strong></span> <span class='ocrx_word' id='word_1_216' title='bbox 3410 1413 3468 1467; x_wconf 81' lang='grc' dir='ltr'>δὲ</span> <span class='ocrx_word' id='word_1_217' title='bbox 3523 1413 3667 1466; x_wconf 75' lang='grc' dir='ltr'><strong>οὕτω</strong></span> <span class='ocrx_word' id='word_1_218' title='bbox 3702 1412 3869 1464; x_wconf 69' lang='grc' dir='ltr'>πάλιν·</span> 
     </span>
    </p>
   </div>
   <div class='ocr_carea' id='block_1_30' title="bbox 2309 1502 3868 1576">
    <p class='ocr_par' dir='ltr' id='par_1_30' title="bbox 2309 1502 3868 1576">
     <span class='ocr_line' id='line_1_30' title="bbox 2309 1502 3868 1576; baseline 0.001 -22"><span class='ocrx_word' id='word_1_219' title='bbox 2309 1523 2326 1554; x_wconf 80' lang='grc' dir='ltr'><strong>ι</strong></span> <span class='ocrx_word' id='word_1_220' title='bbox 2352 1504 2477 1557; x_wconf 82' lang='grc' dir='ltr'><strong>Ἐὰν</strong></span> <span class='ocrx_word' id='word_1_221' title='bbox 2500 1503 2558 1556; x_wconf 83' lang='grc' dir='ltr'>δὲ</span> <span class='ocrx_word' id='word_1_222' title='bbox 2591 1504 2759 1576; x_wconf 79' lang='grc' dir='ltr'>λέγῃς</span> <span class='ocrx_word' id='word_1_223' title='bbox 2792 1506 2849 1557; x_wconf 82' lang='grc' dir='ltr'>ὲν</span> <span class='ocrx_word' id='word_1_224' title='bbox 2878 1507 2943 1576; x_wconf 79' lang='grc' dir='ltr'><strong>τῇ</strong></span> <span class='ocrx_word' id='word_1_225' title='bbox 2974 1505 3184 1576; x_wconf 72' lang='grc' dir='ltr'>διανοίᾳ.</span> <span class='ocrx_word' id='word_1_226' title='bbox 3216 1523 3330 1568; x_wconf 76' lang='grc' dir='ltr'>σου,</span> <span class='ocrx_word' id='word_1_227' title='bbox 3357 1507 3439 1558; x_wconf 83' lang='grc' dir='ltr'><strong>ὅτι</strong></span> <span class='ocrx_word' id='word_1_228' title='bbox 3467 1504 3610 1558; x_wconf 79' lang='grc' dir='ltr'><strong>Πολὺ</strong></span> <span class='ocrx_word' id='word_1_229' title='bbox 3632 1506 3699 1556; x_wconf 82' lang='grc' dir='ltr'><strong>τὸ</strong></span> <span class='ocrx_word' id='word_1_230' title='bbox 3738 1502 3868 1567; x_wconf 78' lang='grc' dir='ltr'>ἔθνος</span> 
     </span>
    </p>
   </div>
   <div class='ocr_carea' id='block_1_31' title="bbox 2301 1595 3866 1669">
    <p class='ocr_par' dir='ltr' id='par_1_31' title="bbox 2301 1595 3866 1669">
     <span class='ocr_line' id='line_1_31' title="bbox 2301 1595 3866 1669; baseline -0.003 -18"><span class='ocrx_word' id='word_1_231' title='bbox 2301 1596 2479 1661; x_wconf 81' lang='grc' dir='ltr'><strong>τοῦτο,</strong></span> <span class='ocrx_word' id='word_1_232' title='bbox 2510 1597 2543 1669; x_wconf 81' lang='grc' dir='ltr'><strong>ἢ</strong></span> <span class='ocrx_word' id='word_1_233' title='bbox 2576 1595 2707 1666; x_wconf 73' lang='grc' dir='ltr'><strong>ἐγὼ,</strong></span> <span class='ocrx_word' id='word_1_234' title='bbox 2739 1598 2855 1659; x_wconf 83' lang='grc' dir='ltr'><strong>πῶς</strong></span> <span class='ocrx_word' id='word_1_235' title='bbox 2904 1597 3202 1667; x_wconf 81' lang='grc' dir='ltr'>δυνήσομαι</span> <span class='ocrx_word' id='word_1_236' title='bbox 3233 1596 3608 1667; x_wconf 81' lang='grc' dir='ltr'><strong>ὲξολοθρεῦσαι</strong></span> <span class='ocrx_word' id='word_1_237' title='bbox 3646 1595 3866 1662; x_wconf 74' lang='grc' dir='ltr'>αὑτούςς</span> 
     </span>
    </p>
   </div>
   <div class='ocr_carea' id='block_1_32' title="bbox 2301 1688 3867 1767">
    <p class='ocr_par' dir='ltr' id='par_1_32' title="bbox 2301 1688 3867 1767">
     <span class='ocr_line' id='line_1_32' title="bbox 2301 1688 3867 1767; baseline -0.003 -24"><span class='ocrx_word' id='word_1_238' title='bbox 2301 1690 2363 1749; x_wconf 79' lang='grc' dir='ltr'><strong>οὺ</strong></span> <span class='ocrx_word' id='word_1_239' title='bbox 2394 1690 2678 1767; x_wconf 74' lang='grc' dir='ltr'><strong>φοϐηθήσῃ</strong></span> <span class='ocrx_word' id='word_1_240' title='bbox 2732 1690 2948 1753; x_wconf 78' lang='grc' dir='ltr'><strong>αὐτούς’</strong></span> <span class='ocrx_word' id='word_1_241' title='bbox 2982 1690 3142 1762; x_wconf 78' lang='grc' dir='ltr'>μνείᾳ</span> <span class='ocrx_word' id='word_1_242' title='bbox 3178 1689 3467 1761; x_wconf 79' lang='grc' dir='ltr'><strong>μνησθήσῃ</strong></span> <span class='ocrx_word' id='word_1_243' title='bbox 3510 1689 3612 1742; x_wconf 83' lang='grc' dir='ltr'><strong>ὅσα</strong></span> <span class='ocrx_word' id='word_1_244' title='bbox 3660 1688 3867 1759; x_wconf 75' lang='grc' dir='ltr'><strong>ἐποίησε</strong></span> 
     </span>
    </p>
   </div>
   <div class='ocr_carea' id='block_1_33' title="bbox 2304 1780 3865 1854">
    <p class='ocr_par' dir='ltr' id='par_1_33' title="bbox 2304 1780 3865 1854">
     <span class='ocr_line' id='line_1_33' title="bbox 2304 1780 3865 1854; baseline 0 -19"><span class='ocrx_word' id='word_1_245' title='bbox 2304 1782 2509 1852; x_wconf 83' lang='grc' dir='ltr'>Κύριος</span> <span class='ocrx_word' id='word_1_246' title='bbox 2535 1784 2564 1835; x_wconf 84' lang='grc' dir='ltr'>ὁ</span> <span class='ocrx_word' id='word_1_247' title='bbox 2594 1782 2728 1847; x_wconf 85' lang='grc' dir='ltr'><strong>Θεός</strong></span> <span class='ocrx_word' id='word_1_248' title='bbox 2766 1800 2862 1836; x_wconf 88' lang='grc' dir='ltr'><strong>σου</strong></span> <span class='ocrx_word' id='word_1_249' title='bbox 2909 1782 2988 1853; x_wconf 84' lang='grc' dir='ltr'><strong>τῷ</strong></span> <span class='ocrx_word' id='word_1_250' title='bbox 3034 1780 3255 1854; x_wconf 83' lang='grc' dir='ltr'>Φαραὼ,</span> <span class='ocrx_word' id='word_1_251' title='bbox 3289 1784 3385 1836; x_wconf 76' lang='grc' dir='ltr'><strong>καὶ</strong></span> <span class='ocrx_word' id='word_1_252' title='bbox 3414 1784 3546 1836; x_wconf 82' lang='grc' dir='ltr'>πᾶσι</span> <span class='ocrx_word' id='word_1_253' title='bbox 3576 1786 3691 1845; x_wconf 79' lang='grc' dir='ltr'>τοῖς</span> <span class='ocrx_word' id='word_1_254' title='bbox 3720 1785 3865 1850; x_wconf 76' lang='grc' dir='ltr'>Αιγυ-</span> 
     </span>
    </p>
   </div>
   <div class='ocr_carea' id='block_1_34' title="bbox 620 1861 2196 1947">
    <p class='ocr_par' dir='ltr' id='par_1_34' title="bbox 620 1872 2196 1943">
     <span class='ocr_line' id='line_1_34' title="bbox 620 1872 2196 1943; baseline 0 -16"><span class='ocrx_word' id='word_1_255' title='bbox 620 1872 983 1933; x_wconf 84' lang='lat' dir='ltr'><strong>tentationum</strong></span> <span class='ocrx_word' id='word_1_256' title='bbox 1034 1872 1281 1928; x_wconf 88' lang='lat' dir='ltr'><strong>omnium</strong></span> <span class='ocrx_word' id='word_1_257' title='bbox 1325 1888 1463 1943; x_wconf 87' lang='lat' dir='ltr'><strong>quas</strong></span> <span class='ocrx_word' id='word_1_258' title='bbox 1496 1872 1759 1927; x_wconf 85' lang='lat' dir='ltr'><strong>viderunt</strong></span> <span class='ocrx_word' id='word_1_259' title='bbox 1798 1873 1943 1928; x_wconf 89' lang='lat' dir='ltr'><strong>oculi</strong></span> <span class='ocrx_word' id='word_1_260' title='bbox 1980 1873 2081 1937; x_wconf 89' lang='lat' dir='ltr'><strong>tui,</strong></span> <span class='ocrx_word' id='word_1_261' title='bbox 2124 1872 2196 1927; x_wconf 90' lang='lat' dir='ltr'><strong>si-</strong></span> 
     </span>
    </p>
   </div>
   <div class='ocr_carea' id='block_1_35' title="bbox 2300 1861 3865 1947">
    <p class='ocr_par' dir='ltr' id='par_1_35' title="bbox 2306 1874 3865 1947">
     <span class='ocr_line' id='line_1_35' title="bbox 2306 1874 3865 1947; baseline -0.001 -19"><span class='ocrx_word' id='word_1_262' title='bbox 2306 1875 2485 1938; x_wconf 83' lang='grc' dir='ltr'>πτίοις</span> <span class='ocrx_word' id='word_1_263' title='bbox 2501 1878 2630 1939; x_wconf 78' lang='grc' dir='ltr'><strong>τοὺς</strong></span> <span class='ocrx_word' id='word_1_264' title='bbox 2650 1876 2993 1945; x_wconf 79' lang='grc' dir='ltr'>πειρασμοὺς</span> <span class='ocrx_word' id='word_1_265' title='bbox 3008 1875 3136 1937; x_wconf 85' lang='grc' dir='ltr'>τοὺς</span> <span class='ocrx_word' id='word_1_266' title='bbox 3156 1874 3448 1946; x_wconf 78' lang='grc' dir='ltr'><strong>μεγάλους,</strong></span> <span class='ocrx_word' id='word_1_267' title='bbox 3463 1874 3556 1937; x_wconf 73' lang='grc' dir='ltr'><strong>οὓς</strong></span> <span class='ocrx_word' id='word_1_268' title='bbox 3579 1874 3865 1947; x_wconf 72' lang='grc' dir='ltr'><strong>ἑωράκασιν</strong></span> 
     </span>
    </p>
   </div>
   <div class='ocr_carea' id='block_1_36' title="bbox 620 1964 2200 2036">
    <p class='ocr_par' dir='ltr' id='par_1_36' title="bbox 620 1964 2200 2036">
     <span class='ocr_line' id='line_1_36' title="bbox 620 1964 2200 2036; baseline 0.003 -20"><span class='ocrx_word' id='word_1_269' title='bbox 620 1978 855 2035; x_wconf 82' lang='lat' dir='ltr'><strong>gnarum</strong></span> <span class='ocrx_word' id='word_1_270' title='bbox 898 1964 1387 2036; x_wconf 87' lang='lat' dir='ltr'><strong>prodigiorumque</strong></span> <span class='ocrx_word' id='word_1_271' title='bbox 1438 1979 1765 2035; x_wconf 88' lang='lat' dir='ltr'><strong>magnorum</strong></span> <span class='ocrx_word' id='word_1_272' title='bbox 1827 1965 2083 2031; x_wconf 88' lang='lat' dir='ltr'><strong>illorum;</strong></span> <span class='ocrx_word' id='word_1_273' title='bbox 2142 1973 2200 2021; x_wconf 92' lang='lat' dir='ltr'><strong>et</strong></span> 
     </span>
    </p>
   </div>
   <div class='ocr_carea' id='block_1_37' title="bbox 619 2056 2202 2127">
    <p class='ocr_par' dir='ltr' id='par_1_37' title="bbox 619 2056 2202 2127">
     <span class='ocr_line' id='line_1_37' title="bbox 619 2056 2202 2127; baseline 0 -15"><span class='ocrx_word' id='word_1_274' title='bbox 619 2068 819 2112; x_wconf 87' lang='lat' dir='ltr'><strong>manus</strong></span> <span class='ocrx_word' id='word_1_275' title='bbox 840 2056 988 2111; x_wconf 73' lang='lat' dir='ltr'><strong>ilius</strong></span> <span class='ocrx_word' id='word_1_276' title='bbox 1014 2057 1276 2127; x_wconf 88' lang='lat' dir='ltr'><strong>potentis,</strong></span> <span class='ocrx_word' id='word_1_277' title='bbox 1299 2066 1357 2114; x_wconf 89' lang='lat' dir='ltr'><strong>et</strong></span> <span class='ocrx_word' id='word_1_278' title='bbox 1390 2057 1603 2112; x_wconf 86' lang='lat' dir='ltr'><strong>brachii</strong></span> <span class='ocrx_word' id='word_1_279' title='bbox 1627 2058 1851 2121; x_wconf 73' lang='lat' dir='ltr'><strong>excelsi,</strong></span> <span class='ocrx_word' id='word_1_280' title='bbox 1892 2066 1954 2113; x_wconf 91' lang='lat' dir='ltr'><strong>ut</strong></span> <span class='ocrx_word' id='word_1_281' title='bbox 1992 2057 2202 2113; x_wconf 81' lang='lat' dir='ltr'><strong>eduxe-</strong></span> 
     </span>
    </p>
   </div>
   <div class='ocr_carea' id='block_1_38' title="bbox 617 2146 2204 2216">
    <p class='ocr_par' dir='ltr' id='par_1_38' title="bbox 617 2146 2204 2216">
     <span class='ocr_line' id='line_1_38' title="bbox 617 2146 2204 2216; baseline 0.002 -15"><span class='ocrx_word' id='word_1_282' title='bbox 617 2146 693 2202; x_wconf 92' lang='lat' dir='ltr'><strong>rit</strong></span> <span class='ocrx_word' id='word_1_283' title='bbox 730 2154 781 2201; x_wconf 91' lang='lat' dir='ltr'><strong>te</strong></span> <span class='ocrx_word' id='word_1_284' title='bbox 805 2147 1073 2203; x_wconf 88' lang='lat' dir='ltr'><strong>Dominus</strong></span> <span class='ocrx_word' id='word_1_285' title='bbox 1096 2150 1243 2203; x_wconf 90' lang='lat' dir='ltr'><strong>Deus</strong></span> <span class='ocrx_word' id='word_1_286' title='bbox 1259 2158 1419 2216; x_wconf 85' lang='lat' dir='ltr'><strong>tuus;</strong></span> <span class='ocrx_word' id='word_1_287' title='bbox 1452 2150 1534 2205; x_wconf 92' lang='lat' dir='ltr'><strong>sic</strong></span> <span class='ocrx_word' id='word_1_288' title='bbox 1562 2150 1728 2205; x_wconf 84' lang='lat' dir='ltr'><strong>faciet</strong></span> <span class='ocrx_word' id='word_1_289' title='bbox 1767 2150 2033 2205; x_wconf 89' lang='lat' dir='ltr'><strong>Dominus</strong></span> <span class='ocrx_word' id='word_1_290' title='bbox 2058 2150 2204 2205; x_wconf 89' lang='lat' dir='ltr'><strong>Deus</strong></span> 
     </span>
    </p>
   </div>
   <div class='ocr_carea' id='block_1_39' title="bbox 616 2241 2204 2315">
    <p class='ocr_par' dir='ltr' id='par_1_39' title="bbox 616 2241 2204 2315">
     <span class='ocr_line' id='line_1_39' title="bbox 616 2241 2204 2315; baseline 0.001 -18"><span class='ocrx_word' id='word_1_291' title='bbox 616 2249 807 2297; x_wconf 80' lang='lat' dir='ltr'><strong>noster</strong></span> <span class='ocrx_word' id='word_1_292' title='bbox 837 2241 1098 2296; x_wconf 84' lang='lat' dir='ltr'><strong>omnibus</strong></span> <span class='ocrx_word' id='word_1_293' title='bbox 1126 2242 1384 2312; x_wconf 82' lang='lat' dir='ltr'><strong>gentibus</strong></span> <span class='ocrx_word' id='word_1_294' title='bbox 1406 2259 1543 2313; x_wconf 85' lang='lat' dir='ltr'><strong>quas</strong></span> <span class='ocrx_word' id='word_1_295' title='bbox 1572 2254 1631 2298; x_wconf 91' lang='lat' dir='ltr'><strong>tu</strong></span> <span class='ocrx_word' id='word_1_296' title='bbox 1658 2244 1869 2298; x_wconf 88' lang='lat' dir='ltr'><strong>timesa</strong></span> <span class='ocrx_word' id='word_1_297' title='bbox 1904 2243 2043 2300; x_wconf 85' lang='lat' dir='ltr'><strong>facie</strong></span> <span class='ocrx_word' id='word_1_298' title='bbox 2062 2244 2204 2315; x_wconf 90' lang='lat' dir='ltr'><strong>ipsa-</strong></span> 
     </span>
    </p>
   </div>
   <div class='ocr_carea' id='block_1_40' title="bbox 615 2332 869 2387">
    <p class='ocr_par' dir='ltr' id='par_1_40' title="bbox 615 2332 869 2387">
     <span class='ocr_line' id='line_1_40' title="bbox 615 2332 869 2387; baseline -0.016 -1"><span class='ocrx_word' id='word_1_299' title='bbox 615 2346 739 2387; x_wconf 84' lang='lat' dir='ltr'><strong>rum</strong></span> <span class='ocrx_word' id='word_1_300' title='bbox 763 2332 829 2384; x_wconf 81' lang='grc'><strong>⁸².</strong></span> <span class='ocrx_word' id='word_1_301' title='bbox 852 2350 869 2381; x_wconf 78' lang='grc' dir='ltr'><strong>ι</strong></span> 
     </span>
    </p>
   </div>
   <div class='ocr_carea' id='block_1_41' title="bbox 704 2488 1877 2560">
    <p class='ocr_par' dir='ltr' id='par_1_41' title="bbox 704 2488 1877 2560">
     <span class='ocr_line' id='line_1_41' title="bbox 704 2488 1877 2560; baseline 0.001 -16"><span class='ocrx_word' id='word_1_302' title='bbox 704 2490 751 2519; x_wconf 80' lang='grc'><strong>⁸⁸</strong></span> <span class='ocrx_word' id='word_1_303' title='bbox 777 2489 934 2544; x_wconf 88' lang='lat' dir='ltr'><strong>Deut.</strong></span> <span class='ocrx_word' id='word_1_304' title='bbox 964 2505 1077 2553; x_wconf 79' lang='lat' dir='ltr'><strong>vm,</strong></span> <span class='ocrx_word' id='word_1_305' title='bbox 1102 2488 1156 2544; x_wconf 77' lang='grc'><strong>2.</strong></span> <span class='ocrx_word' id='word_1_306' title='bbox 1255 2490 1297 2520; x_wconf 75' lang='grc'><strong>⁵³</strong></span> <span class='ocrx_word' id='word_1_307' title='bbox 1325 2489 1485 2545; x_wconf 89' lang='lat' dir='ltr'><strong>Deut.</strong></span> <span class='ocrx_word' id='word_1_308' title='bbox 1510 2506 1602 2553; x_wconf 78' lang='lat' dir='ltr'><strong>vn,</strong></span> <span class='ocrx_word' id='word_1_309' title='bbox 1633 2489 1695 2542; x_wconf 82' lang='lat' dir='ltr'><strong>l7</strong></span> <span class='ocrx_word' id='word_1_310' title='bbox 1723 2504 1877 2560; x_wconf 85' lang='lat' dir='ltr'><strong>seqq.</strong></span> 
     </span>
    </p>
   </div>
   <div class='ocr_carea' id='block_1_42' title="bbox 687 2732 1021 2751">
    <p class='ocr_par' dir='ltr' id='par_1_42' title="bbox 687 2732 1021 2751">
     <span class='ocr_line' id='line_1_42' title="bbox 687 2732 1021 2751; baseline 0 -5"><span class='ocrx_word' id='word_1_311' title='bbox 687 2732 1021 2751; x_wconf 56' lang='lat' dir='ltr'><strong>v——-—-—</strong></span> 
     </span>
    </p>
   </div>
   <div class='ocr_carea' id='block_1_43' title="bbox 2304 1964 3845 2036">
    <p class='ocr_par' dir='ltr' id='par_1_43' title="bbox 2304 1964 3845 2036">
     <span class='ocr_line' id='line_1_43' title="bbox 2304 1964 3845 2036; baseline -0.003 -17"><span class='ocrx_word' id='word_1_312' title='bbox 2304 1968 2353 2019; x_wconf 75' lang='lat' dir='ltr'><strong>oi</strong></span> <span class='ocrx_word' id='word_1_313' title='bbox 2383 1966 2655 2036; x_wconf 79' lang='grc' dir='ltr'><strong>ὀφθαλμοί</strong></span> <span class='ocrx_word' id='word_1_314' title='bbox 2684 1983 2778 2019; x_wconf 80' lang='grc' dir='ltr'>σου</span> <span class='ocrx_word' id='word_1_315' title='bbox 2805 1984 2819 1997; x_wconf 91' lang='grc'><strong>·</strong></span> <span class='ocrx_word' id='word_1_316' title='bbox 2859 1966 2929 2017; x_wconf 77' lang='grc' dir='ltr'><strong>τὰ</strong></span> <span class='ocrx_word' id='word_1_317' title='bbox 2962 1967 3185 2036; x_wconf 82' lang='grc' dir='ltr'><strong>σημεῖα,</strong></span> <span class='ocrx_word' id='word_1_318' title='bbox 3219 1965 3315 2018; x_wconf 78' lang='grc' dir='ltr'><strong>καὶ</strong></span> <span class='ocrx_word' id='word_1_319' title='bbox 3346 1964 3415 2019; x_wconf 78' lang='grc' dir='ltr'><strong>τὰ</strong></span> <span class='ocrx_word' id='word_1_320' title='bbox 3448 1965 3651 2034; x_wconf 79' lang='grc' dir='ltr'>τέρατα</span> <span class='ocrx_word' id='word_1_321' title='bbox 3698 1964 3766 2015; x_wconf 77' lang='grc' dir='ltr'><strong>τὰ</strong></span> <span class='ocrx_word' id='word_1_322' title='bbox 3790 1980 3845 2033; x_wconf 79' lang='grc' dir='ltr'><strong>με</strong></span> 
     </span>
    </p>
   </div>
   <div class='ocr_carea' id='block_1_44' title="bbox 2299 2056 3863 2128">
    <p class='ocr_par' dir='ltr' id='par_1_44' title="bbox 2299 2056 3863 2128">
     <span class='ocr_line' id='line_1_44' title="bbox 2299 2056 3863 2128; baseline -0.004 -15"><span class='ocrx_word' id='word_1_323' title='bbox 2299 2059 2444 2127; x_wconf 80' lang='grc' dir='ltr'>γάλα.</span> <span class='ocrx_word' id='word_1_324' title='bbox 2472 2060 2689 2119; x_wconf 75' lang='grc' dir='ltr'>ἐκεῖνα,</span> <span class='ocrx_word' id='word_1_325' title='bbox 2724 2058 2822 2128; x_wconf 79' lang='grc' dir='ltr'><strong>τὴν</strong></span> <span class='ocrx_word' id='word_1_326' title='bbox 2862 2060 3022 2128; x_wconf 84' lang='grc' dir='ltr'>χεῖρα</span> <span class='ocrx_word' id='word_1_327' title='bbox 3048 2057 3145 2127; x_wconf 83' lang='grc' dir='ltr'><strong>τὴν</strong></span> <span class='ocrx_word' id='word_1_328' title='bbox 3169 2056 3461 2127; x_wconf 77' lang='grc' dir='ltr'>κραταιὰν,</span> <span class='ocrx_word' id='word_1_329' title='bbox 3496 2058 3590 2109; x_wconf 76' lang='grc' dir='ltr'><strong>καὶ</strong></span> <span class='ocrx_word' id='word_1_330' title='bbox 3627 2056 3722 2108; x_wconf 73' lang='grc' dir='ltr'><strong>τὸν</strong></span> <span class='ocrx_word' id='word_1_331' title='bbox 3754 2056 3863 2126; x_wconf 81' lang='grc' dir='ltr'>βρα-</span> 
     </span>
    </p>
   </div>
   <div class='ocr_carea' id='block_1_45' title="bbox 2300 2148 3862 2222">
    <p class='ocr_par' dir='ltr' id='par_1_45' title="bbox 2300 2148 3862 2222">
     <span class='ocr_line' id='line_1_45' title="bbox 2300 2148 3862 2222; baseline -0.003 -19"><span class='ocrx_word' id='word_1_332' title='bbox 2300 2151 2454 2222; x_wconf 78' lang='grc' dir='ltr'>χίονα.</span> <span class='ocrx_word' id='word_1_333' title='bbox 2475 2151 2564 2203; x_wconf 84' lang='grc' dir='ltr'><strong>τὸν</strong></span> <span class='ocrx_word' id='word_1_334' title='bbox 2590 2150 2795 2221; x_wconf 75' lang='grc' dir='ltr'>ὑψηλόν</span> <span class='ocrx_word' id='word_1_335' title='bbox 2817 2168 2830 2182; x_wconf 87' lang='grc'><strong>·</strong></span> <span class='ocrx_word' id='word_1_336' title='bbox 2852 2150 2929 2212; x_wconf 85' lang='grc' dir='ltr'>ὡς</span> <span class='ocrx_word' id='word_1_337' title='bbox 2949 2149 3186 2218; x_wconf 80' lang='grc' dir='ltr'><strong>ἐξήγαγέ</strong></span> <span class='ocrx_word' id='word_1_338' title='bbox 3212 2166 3270 2201; x_wconf 87' lang='grc' dir='ltr'>σε</span> <span class='ocrx_word' id='word_1_339' title='bbox 3301 2148 3505 2219; x_wconf 83' lang='grc' dir='ltr'>Κύριος</span> <span class='ocrx_word' id='word_1_340' title='bbox 3530 2149 3560 2200; x_wconf 87' lang='grc' dir='ltr'><strong>ὁ</strong></span> <span class='ocrx_word' id='word_1_341' title='bbox 3584 2148 3719 2210; x_wconf 78' lang='grc' dir='ltr'>Θεός</span> <span class='ocrx_word' id='word_1_342' title='bbox 3751 2164 3831 2199; x_wconf 74' lang='grc' dir='ltr'><strong>σου</strong></span> <span class='ocrx_word' id='word_1_343' title='bbox 3850 2164 3862 2177; x_wconf 82' lang='grc'><em>’</em></span> 
     </span>
    </p>
   </div>
   <div class='ocr_carea' id='block_1_46' title="bbox 2300 2239 3862 2314">
    <p class='ocr_par' dir='ltr' id='par_1_46' title="bbox 2300 2239 3862 2314">
     <span class='ocr_line' id='line_1_46' title="bbox 2300 2239 3862 2314; baseline -0.003 -18"><span class='ocrx_word' id='word_1_344' title='bbox 2300 2241 2475 2305; x_wconf 74' lang='grc' dir='ltr'>οὕτως</span> <span class='ocrx_word' id='word_1_345' title='bbox 2494 2244 2708 2314; x_wconf 81' lang='grc' dir='ltr'><strong>ποιήσει</strong></span> <span class='ocrx_word' id='word_1_346' title='bbox 2739 2243 2942 2313; x_wconf 79' lang='grc' dir='ltr'>Κύριος</span> <span class='ocrx_word' id='word_1_347' title='bbox 2970 2245 2998 2296; x_wconf 84' lang='grc' dir='ltr'>ὁ</span> <span class='ocrx_word' id='word_1_348' title='bbox 3024 2242 3156 2304; x_wconf 79' lang='grc' dir='ltr'><strong>Θεὸς</strong></span> <span class='ocrx_word' id='word_1_349' title='bbox 3182 2241 3341 2312; x_wconf 76' lang='grc' dir='ltr'>ἡμῶν</span> <span class='ocrx_word' id='word_1_350' title='bbox 3368 2243 3502 2295; x_wconf 81' lang='grc' dir='ltr'>πᾶσι</span> <span class='ocrx_word' id='word_1_351' title='bbox 3521 2242 3630 2303; x_wconf 83' lang='grc' dir='ltr'>τοῖς</span> <span class='ocrx_word' id='word_1_352' title='bbox 3651 2239 3862 2303; x_wconf 78' lang='grc' dir='ltr'>ἔθνεσιν,</span> 
     </span>
    </p>
   </div>
   <div class='ocr_carea' id='block_1_47' title="bbox 2300 2331 3415 2407">
    <p class='ocr_par' dir='ltr' id='par_1_47' title="bbox 2300 2331 3415 2407">
     <span class='ocr_line' id='line_1_47' title="bbox 2300 2331 3415 2407; baseline -0.004 -19"><span class='ocrx_word' id='word_1_353' title='bbox 2300 2334 2398 2398; x_wconf 81' lang='grc' dir='ltr'>οὓς</span> <span class='ocrx_word' id='word_1_354' title='bbox 2426 2336 2491 2393; x_wconf 80' lang='grc' dir='ltr'>σὺ</span> <span class='ocrx_word' id='word_1_355' title='bbox 2525 2334 2664 2407; x_wconf 75' lang='grc' dir='ltr'>φοᾶῇ</span> <span class='ocrx_word' id='word_1_356' title='bbox 2698 2336 2809 2388; x_wconf 82' lang='grc' dir='ltr'>ἀπὸ</span> <span class='ocrx_word' id='word_1_357' title='bbox 2833 2332 3127 2406; x_wconf 80' lang='grc' dir='ltr'>προσώπου</span> <span class='ocrx_word' id='word_1_358' title='bbox 3164 2331 3365 2389; x_wconf 78' lang='grc' dir='ltr'>αὐτῶν.</span> <span class='ocrx_word' id='word_1_359' title='bbox 3391 2351 3415 2384; x_wconf 73' lang='grc' dir='ltr'><strong>ι</strong></span> 
     </span>
    </p>
   </div>
   <div class='ocr_carea' id='block_1_48' title="bbox 1217 2910 3288 3119">
    <p class='ocr_par' dir='ltr' id='par_1_48' title="bbox 1217 2910 3288 3119">
     <span class='ocr_line' id='line_1_48' title="bbox 1217 2910 3288 3119; baseline 0 -70"><span class='ocrx_word' id='word_1_360' title='bbox 1217 2918 1614 3049; x_wconf 83' lang='grc' dir='ltr'><strong>ΠΕΡΙ</strong></span> <span class='ocrx_word' id='word_1_361' title='bbox 1695 2918 2037 3119; x_wconf 76' lang='grc' dir='ltr'><strong>ΤῌΣ</strong></span> <span class='ocrx_word' id='word_1_362' title='bbox 2113 2920 2323 3045; x_wconf 86' lang='lat' dir='ltr'><strong>EN</strong></span> <span class='ocrx_word' id='word_1_363' title='bbox 2407 2910 3288 3050; x_wconf 80' lang='grc' dir='ltr'><strong>ΠΝΕΥΜΑΤΙ</strong></span> 
     </span>
    </p>
   </div>
   <div class='ocr_carea' id='block_1_49' title="bbox 1874 3182 2639 3277">
    <p class='ocr_par' dir='ltr' id='par_1_49' title="bbox 1874 3182 2639 3277">
     <span class='ocr_line' id='line_1_49' title="bbox 1874 3182 2639 3277; baseline 0.003 -4"><span class='ocrx_word' id='word_1_364' title='bbox 1874 3186 2073 3273; x_wconf 87' lang='grc' dir='ltr'><strong>ΚΑΙ</strong></span> <span class='ocrx_word' id='word_1_365' title='bbox 2144 3182 2639 3277; x_wconf 86' lang='grc' dir='ltr'><strong>ΑΛΗΘΕΙΑ</strong></span> 
     </span>
    </p>
   </div>
   <div class='ocr_carea' id='block_1_50' title="bbox 1042 3407 3470 3529">
    <p class='ocr_par' dir='ltr' id='par_1_50' title="bbox 1042 3407 3470 3529">
     <span class='ocr_line' id='line_1_50' title="bbox 1042 3407 3470 3529; baseline -0 -1"><span class='ocrx_word' id='word_1_366' title='bbox 1042 3407 2269 3529; x_wconf 85' lang='grc' dir='ltr'><strong>ΠΡΟΣΚΥΝΗΣΕΩΣ</strong></span> <span class='ocrx_word' id='word_1_367' title='bbox 2353 3416 2630 3527; x_wconf 86' lang='grc' dir='ltr'><strong>ΚΑΙ</strong></span> <span class='ocrx_word' id='word_1_368' title='bbox 2722 3408 3470 3529; x_wconf 90' lang='grc' dir='ltr'><strong>ΛΑΤΡΕΙΑΣ</strong></span> 
     </span>
    </p>
   </div>
   <div class='ocr_carea' id='block_1_51' title="bbox 1753 3658 2190 3747">
    <p class='ocr_par' dir='ltr' id='par_1_51' title="bbox 1753 3658 2190 3747">
     <span class='ocr_line' id='line_1_51' title="bbox 1753 3658 2190 3747; baseline -0.002 0"><span class='ocrx_word' id='word_1_369' title='bbox 1753 3658 2190 3747; x_wconf 88' lang='grc' dir='ltr'><strong>ΛΟΓΟΣ</strong></span> 
     </span>
    </p>
   </div>
   <div class='ocr_carea' id='block_1_52' title="bbox 2284 3662 2751 3751">
    <p class='ocr_par' dir='ltr' id='par_1_52' title="bbox 2284 3662 2751 3751">
     <span class='ocr_line' id='line_1_52' title="bbox 2284 3662 2751 3751; baseline 0.004 -2"><span class='ocrx_word' id='word_1_370' title='bbox 2284 3662 2751 3751; x_wconf 81' lang='grc' dir='ltr'><strong>ΕΚΤΟΣ.</strong></span> 
     </span>
    </p>
   </div>
   <div class='ocr_carea' id='block_1_53' title="bbox 741 4074 3751 4197">
    <p class='ocr_par' dir='ltr' id='par_1_53' title="bbox 741 4074 3751 4197">
     <span class='ocr_line' id='line_1_53' title="bbox 741 4074 3751 4197; baseline 0.002 -6"><span class='ocrx_word' id='word_1_371' title='bbox 741 4077 926 4192; x_wconf 88' lang='lat' dir='ltr'><strong>DE</strong></span> <span class='ocrx_word' id='word_1_372' title='bbox 1007 4074 1941 4193; x_wconf 86' lang='lat' dir='ltr'><strong>ADORATIONE</strong></span> <span class='ocrx_word' id='word_1_373' title='bbox 2042 4075 2227 4191; x_wconf 90' lang='lat' dir='ltr'><strong>ET</strong></span> <span class='ocrx_word' id='word_1_374' title='bbox 2336 4075 2819 4197; x_wconf 84' lang='lat' dir='ltr'><strong>CULTU</strong></span> <span class='ocrx_word' id='word_1_375' title='bbox 2926 4083 3071 4195; x_wconf 92' lang='lat' dir='ltr'><strong>IN</strong></span> <span class='ocrx_word' id='word_1_376' title='bbox 3188 4082 3751 4197; x_wconf 85' lang='lat' dir='ltr'><strong>SPIRITU</strong></span> 
     </span>
    </p>
   </div>
   <div class='ocr_carea' id='block_1_54' title="bbox 1789 4339 2711 4447">
    <p class='ocr_par' dir='ltr' id='par_1_54' title="bbox 1789 4339 2711 4447">
     <span class='ocr_line' id='line_1_54' title="bbox 1789 4339 2711 4447; baseline 0 -1"><span class='ocrx_word' id='word_1_377' title='bbox 1789 4342 1961 4446; x_wconf 92' lang='lat' dir='ltr'>ET</span> <span class='ocrx_word' id='word_1_378' title='bbox 2052 4339 2711 4447; x_wconf 81' lang='lat' dir='ltr'><strong>VEBITATE</strong></span> 
     </span>
    </p>
   </div>
   <div class='ocr_carea' id='block_1_55' title="bbox 1747 4588 2741 4672">
    <p class='ocr_par' dir='ltr' id='par_1_55' title="bbox 1747 4588 2741 4672">
     <span class='ocr_line' id='line_1_55' title="bbox 1747 4588 2741 4672; baseline -0.001 0"><span class='ocrx_word' id='word_1_379' title='bbox 1747 4590 2116 4672; x_wconf 84' lang='lat' dir='ltr'><strong>LIBER</strong></span> <span class='ocrx_word' id='word_1_380' title='bbox 2222 4588 2741 4672; x_wconf 85' lang='lat' dir='ltr'><strong>SEXTUS.</strong></span> 
     </span>
    </p>
   </div>
   <div class='ocr_carea' id='block_1_56' title="bbox 614 4912 2196 4998">
    <p class='ocr_par' dir='ltr' id='par_1_56' title="bbox 614 4912 2187 4998">
     <span class='ocr_line' id='line_1_56' title="bbox 614 4912 2187 4998; baseline 0.001 -28"><span class='ocrx_word' id='word_1_381' title='bbox 614 4913 774 4998; x_wconf 57' lang='lat' dir='ltr'><strong>17g</strong></span> <span class='ocrx_word' id='word_1_382' title='bbox 798 4912 866 4968; x_wconf 75' lang='lat' dir='ltr'><strong>Ei</strong></span> <span class='ocrx_word' id='word_1_383' title='bbox 892 4916 983 4985; x_wconf 81' lang='lat' dir='ltr'><strong>qui</strong></span> <span class='ocrx_word' id='word_1_384' title='bbox 1034 4916 1620 4998; x_wconf 39' lang='lat' dir='ltr'><strong>secundum-Italarum</strong></span> <span class='ocrx_word' id='word_1_385' title='bbox 1662 4916 1800 4972; x_wconf 77' lang='lat' dir='ltr'><strong>Deus</strong></span> <span class='ocrx_word' id='word_1_386' title='bbox 1833 4929 1928 4998; x_wconf 67' lang='lat' dir='ltr'><strong>est,</strong></span> <span class='ocrx_word' id='word_1_387' title='bbox 1956 4918 2055 4998; x_wconf 73' lang='lat' dir='ltr'><strong>soli</strong></span> <span class='ocrx_word' id='word_1_388' title='bbox 2094 4934 2187 4971; x_wconf 84' lang='lat' dir='ltr'><strong>nos</strong></span> 
     </span>
    </p>
   </div>
   <div class='ocr_carea' id='block_1_57' title="bbox 2300 4912 3845 4998">
    <p class='ocr_par' dir='ltr' id='par_1_57' title="bbox 2300 4912 3845 4998">
     <span class='ocr_line' id='line_1_57' title="bbox 2300 4912 3845 4998; baseline -0.001 -30"><span class='ocrx_word' id='word_1_389' title='bbox 2300 4916 2439 4998; x_wconf 43' lang='grc' dir='ltr'><strong>Ὅτι,</strong></span> <span class='ocrx_word' id='word_1_390' title='bbox 2453 4913 2570 4982; x_wconf 80' lang='grc' dir='ltr'><strong>χρὴ</strong></span> <span class='ocrx_word' id='word_1_391' title='bbox 2606 4914 2730 4998; x_wconf 62' lang='grc' dir='ltr'><strong>Θεῷ</strong></span> <span class='ocrx_word' id='word_1_392' title='bbox 2756 4912 2840 4998; x_wconf 52' lang='grc' dir='ltr'><strong>ςῷ</strong></span> <span class='ocrx_word' id='word_1_393' title='bbox 2871 4913 3020 4991; x_wconf 60' lang='grc' dir='ltr'><strong>κατὰ</strong></span> <span class='ocrx_word' id='word_1_394' title='bbox 3068 4914 3258 4998; x_wconf 40' lang='grc' dir='ltr'>ξρύισιις</span> <span class='ocrx_word' id='word_1_395' title='bbox 3275 4912 3451 4998; x_wconf 50' lang='lat' dir='ltr'><strong>ﬁeri;</strong></span> <span class='ocrx_word' id='word_1_396' title='bbox 3490 4914 3845 4998; x_wconf 49' lang='grc' dir='ltr'><strong>προσκεῖσθαί</strong></span> 
     </span>
    </p>
   </div>
   <div class='ocr_carea' id='block_1_58' title="bbox 681 4986 2193 5059">
    <p class='ocr_par' dir='ltr' id='par_1_58' title="bbox 681 4986 2193 5059">
     <span class='ocr_line' id='line_1_58' title="bbox 681 4986 2193 5059; baseline 0.001 -20"><span class='ocrx_word' id='word_1_397' title='bbox 681 4986 962 5059; x_wconf 48' lang='lat' dir='ltr'><strong>adhaerere</strong></span> <span class='ocrx_word' id='word_1_398' title='bbox 978 4995 1241 5057; x_wconf 79' lang='lat' dir='ltr'><strong>oportere,</strong></span> <span class='ocrx_word' id='word_1_399' title='bbox 1259 4996 1309 5041; x_wconf 83' lang='lat' dir='ltr'><strong>et</strong></span> <span class='ocrx_word' id='word_1_400' title='bbox 1324 4986 1483 5041; x_wconf 78' lang='lat' dir='ltr'><strong>illum</strong></span> <span class='ocrx_word' id='word_1_401' title='bbox 1506 5003 1572 5041; x_wconf 72' lang='lat' dir='ltr'><strong>ea:</strong></span> <span class='ocrx_word' id='word_1_402' title='bbox 1605 4996 1717 5043; x_wconf 81' lang='lat' dir='ltr'><strong>tota</strong></span> <span class='ocrx_word' id='word_1_403' title='bbox 1754 4992 1939 5043; x_wconf 79' lang='lat' dir='ltr'><strong>anima</strong></span> <span class='ocrx_word' id='word_1_404' title='bbox 1984 4997 2193 5059; x_wconf 84' lang='lat' dir='ltr'><strong>totoque</strong></span> 
     </span>
    </p>
   </div>
   <div class='ocr_carea' id='block_1_59' title="bbox 684 5054 1109 5127">
    <p class='ocr_par' dir='ltr' id='par_1_59' title="bbox 684 5054 1109 5127">
     <span class='ocr_line' id='line_1_59' title="bbox 684 5054 1109 5127; baseline 0 -16"><span class='ocrx_word' id='word_1_405' title='bbox 684 5055 839 5111; x_wconf 84' lang='lat' dir='ltr'><strong>corde</strong></span> <span class='ocrx_word' id='word_1_406' title='bbox 863 5054 1109 5127; x_wconf 67' lang='lat' dir='ltr'><strong>diligere.</strong></span> 
     </span>
    </p>
   </div>
   <div class='ocr_carea' id='block_1_60' title="bbox 680 5167 2195 5246">
    <p class='ocr_par' dir='ltr' id='par_1_60' title="bbox 680 5167 2195 5246">
     <span class='ocr_line' id='line_1_60' title="bbox 680 5167 2195 5246; baseline 0.006 -25"><span class='ocrx_word' id='word_1_407' title='bbox 680 5167 757 5221; x_wconf 88' lang='lat' dir='ltr'><strong>De</strong></span> <span class='ocrx_word' id='word_1_408' title='bbox 795 5167 1108 5225; x_wconf 84' lang='lat' dir='ltr'><strong>Christiana</strong></span> <span class='ocrx_word' id='word_1_409' title='bbox 1141 5169 1364 5241; x_wconf 89' lang='lat' dir='ltr'><strong>quidem</strong></span> <span class='ocrx_word' id='word_1_410' title='bbox 1387 5168 1712 5228; x_wconf 79' lang='lat' dir='ltr'><strong>fortitudine</strong></span> <span class='ocrx_word' id='word_1_411' title='bbox 1745 5175 2055 5246; x_wconf 88' lang='lat' dir='ltr'><strong>roboreque</strong></span> <span class='ocrx_word' id='word_1_412' title='bbox 2086 5176 2195 5246; x_wconf 86' lang='lat' dir='ltr'><strong>spi-</strong></span> 
     </span>
    </p>
   </div>
   <div class='ocr_carea' id='block_1_61' title="bbox 608 5258 2193 5332">
    <p class='ocr_par' dir='ltr' id='par_1_61' title="bbox 608 5258 2193 5332">
     <span class='ocr_line' id='line_1_61' title="bbox 608 5258 2193 5332; baseline 0.006 -19"><span class='ocrx_word' id='word_1_413' title='bbox 608 5258 795 5315; x_wconf 85' lang='lat' dir='ltr'><strong>rituali</strong></span> <span class='ocrx_word' id='word_1_414' title='bbox 824 5260 1033 5318; x_wconf 88' lang='lat' dir='ltr'><strong>dictum</strong></span> <span class='ocrx_word' id='word_1_415' title='bbox 1052 5273 1138 5318; x_wconf 87' lang='lat' dir='ltr'><strong>est</strong></span> <span class='ocrx_word' id='word_1_416' title='bbox 1167 5279 1202 5319; x_wconf 86' lang='lat' dir='ltr'><strong>a</strong></span> <span class='ocrx_word' id='word_1_417' title='bbox 1226 5264 1409 5329; x_wconf 85' lang='lat' dir='ltr'><strong>nobis,</strong></span> <span class='ocrx_word' id='word_1_418' title='bbox 1464 5273 1526 5319; x_wconf 89' lang='lat' dir='ltr'><strong>ut</strong></span> <span class='ocrx_word' id='word_1_419' title='bbox 1569 5266 1808 5331; x_wconf 84' lang='lat' dir='ltr'><strong>videtur,</strong></span> <span class='ocrx_word' id='word_1_420' title='bbox 1836 5267 2064 5332; x_wconf 85' lang='lat' dir='ltr'><strong>Palladi,</strong></span> <span class='ocrx_word' id='word_1_421' title='bbox 2103 5283 2193 5323; x_wconf 86' lang='lat' dir='ltr'><strong>sa-</strong></span> 
     </span>
    </p>
   </div>
   <div class='ocr_carea' id='block_1_62' title="bbox 610 5351 2193 5429">
    <p class='ocr_par' dir='ltr' id='par_1_62' title="bbox 610 5351 2193 5429">
     <span class='ocr_line' id='line_1_62' title="bbox 610 5351 2193 5429; baseline 0.006 -25"><span class='ocrx_word' id='word_1_422' title='bbox 610 5351 713 5417; x_wconf 88' lang='lat' dir='ltr'><strong>tis;</strong></span> <span class='ocrx_word' id='word_1_423' title='bbox 753 5352 956 5423; x_wconf 87' lang='lat' dir='ltr'><strong>quibus</strong></span> <span class='ocrx_word' id='word_1_424' title='bbox 974 5371 1108 5411; x_wconf 81' lang='lat' dir='ltr'><strong>vero</strong></span> <span class='ocrx_word' id='word_1_425' title='bbox 1132 5356 1190 5410; x_wconf 91' lang='lat' dir='ltr'><strong>in</strong></span> <span class='ocrx_word' id='word_1_426' title='bbox 1229 5357 1399 5412; x_wconf 86' lang='lat' dir='ltr'><strong>rebus</strong></span> <span class='ocrx_word' id='word_1_427' title='bbox 1420 5357 1538 5412; x_wconf 66' lang='lat' dir='ltr'><strong>haec</strong></span> <span class='ocrx_word' id='word_1_428' title='bbox 1559 5374 1590 5411; x_wconf 92' lang='lat' dir='ltr'><strong>a</strong></span> <span class='ocrx_word' id='word_1_429' title='bbox 1612 5358 1774 5413; x_wconf 91' lang='lat' dir='ltr'><strong>nobis</strong></span> <span class='ocrx_word' id='word_1_430' title='bbox 1796 5359 2041 5428; x_wconf 63' lang='lat' dir='ltr'><strong>praestari</strong></span> <span class='ocrx_word' id='word_1_431' title='bbox 2066 5375 2193 5429; x_wconf 89' lang='lat' dir='ltr'><strong>pos-</strong></span> 
     </span>
    </p>
   </div>
   <div class='ocr_carea' id='block_1_63' title="bbox 606 5443 2186 5520">
    <p class='ocr_par' dir='ltr' id='par_1_63' title="bbox 606 5443 2186 5520">
     <span class='ocr_line' id='line_1_63' title="bbox 606 5443 2186 5520; baseline 0.006 -22"><span class='ocrx_word' id='word_1_432' title='bbox 606 5443 740 5509; x_wconf 88' lang='lat' dir='ltr'><strong>sint,</strong></span> <span class='ocrx_word' id='word_1_433' title='bbox 767 5459 983 5511; x_wconf 87' lang='lat' dir='ltr'><strong>rursus,</strong></span> <span class='ocrx_word' id='word_1_434' title='bbox 1008 5454 1071 5500; x_wconf 95' lang='lat' dir='ltr'><strong>ut</strong></span> <span class='ocrx_word' id='word_1_435' title='bbox 1099 5447 1361 5516; x_wconf 83' lang='lat' dir='ltr'><strong>arbitror,</strong></span> <span class='ocrx_word' id='word_1_436' title='bbox 1385 5449 1814 5520; x_wconf 82' lang='lat' dir='ltr'><strong>circumspicere</strong></span> <span class='ocrx_word' id='word_1_437' title='bbox 1838 5466 2063 5507; x_wconf 86' lang='lat' dir='ltr'><strong>necesse</strong></span> <span class='ocrx_word' id='word_1_438' title='bbox 2083 5461 2186 5507; x_wconf 89' lang='lat' dir='ltr'><strong>est.</strong></span> 
     </span>
    </p>
   </div>
   <div class='ocr_carea' id='block_1_64' title="bbox 681 5620 1264 5678">
    <p class='ocr_par' dir='ltr' id='par_1_64' title="bbox 681 5620 1264 5678">
     <span class='ocr_line' id='line_1_64' title="bbox 681 5620 1264 5678; baseline 0.002 -3"><span class='ocrx_word' id='word_1_439' title='bbox 681 5620 878 5676; x_wconf 83' lang='lat' dir='ltr'><strong>PALL.</strong></span> <span class='ocrx_word' id='word_1_440' title='bbox 907 5622 1078 5677; x_wconf 83' lang='lat' dir='ltr'><strong>Recte</strong></span> <span class='ocrx_word' id='word_1_441' title='bbox 1106 5622 1264 5678; x_wconf 84' lang='lat' dir='ltr'><strong>dicis.</strong></span> 
     </span>
    </p>
   </div>
   <div class='ocr_carea' id='block_1_65' title="bbox 675 5710 2187 5794">
    <p class='ocr_par' dir='ltr' id='par_1_65' title="bbox 675 5710 2187 5794">
     <span class='ocr_line' id='line_1_65' title="bbox 675 5710 2187 5794; baseline 0.008 -26"><span class='ocrx_word' id='word_1_442' title='bbox 675 5710 833 5768; x_wconf 83' lang='lat' dir='ltr'><strong>CYR.</strong></span> <span class='ocrx_word' id='word_1_443' title='bbox 878 5711 991 5786; x_wconf 84' lang='lat' dir='ltr'><strong>Age</strong></span> <span class='ocrx_word' id='word_1_444' title='bbox 1034 5713 1223 5786; x_wconf 89' lang='lat' dir='ltr'><strong>igitur,</strong></span> <span class='ocrx_word' id='word_1_445' title='bbox 1270 5717 1471 5774; x_wconf 90' lang='lat' dir='ltr'><strong>mentis</strong></span> <span class='ocrx_word' id='word_1_446' title='bbox 1527 5720 1718 5774; x_wconf 89' lang='lat' dir='ltr'><strong>oculos</strong></span> <span class='ocrx_word' id='word_1_447' title='bbox 1758 5720 2187 5794; x_wconf 87' lang='lat' dir='ltr'><strong>circumquaque</strong></span> 
     </span>
    </p>
   </div>
   <div class='ocr_carea' id='block_1_66' title="bbox 606 5805 2185 5878">
    <p class='ocr_par' dir='ltr' id='par_1_66' title="bbox 606 5805 2185 5878">
     <span class='ocr_line' id='line_1_66' title="bbox 606 5805 2185 5878; baseline 0.008 -16"><span class='ocrx_word' id='word_1_448' title='bbox 606 5819 911 5873; x_wconf 74' lang='lat' dir='ltr'><strong>versemus,</strong></span> <span class='ocrx_word' id='word_1_449' title='bbox 937 5805 1117 5878; x_wconf 88' lang='lat' dir='ltr'><strong>iisque</strong></span> <span class='ocrx_word' id='word_1_450' title='bbox 1147 5806 1204 5864; x_wconf 91' lang='lat' dir='ltr'><strong>in</strong></span> <span class='ocrx_word' id='word_1_451' title='bbox 1221 5818 1533 5866; x_wconf 81' lang='lat' dir='ltr'><strong>accuratam</strong></span> <span class='ocrx_word' id='word_1_452' title='bbox 1564 5813 1841 5870; x_wconf 85' lang='lat' dir='ltr'><strong>actionum</strong></span> <span class='ocrx_word' id='word_1_453' title='bbox 1868 5826 2185 5875; x_wconf 87' lang='lat' dir='ltr'><strong>nostrarum</strong></span> 
     </span>
    </p>
   </div>
   <div class='ocr_carea' id='block_1_67' title="bbox 2357 4979 3847 5055">
    <p class='ocr_par' dir='ltr' id='par_1_67' title="bbox 2357 4979 3847 5055">
     <span class='ocr_line' id='line_1_67' title="bbox 2357 4979 3847 5055; baseline -0.005 -16"><span class='ocrx_word' id='word_1_454' title='bbox 2357 4979 2566 5054; x_wconf 47' lang='lat' dir='ltr'><strong>“dim,</strong></span> <span class='ocrx_word' id='word_1_455' title='bbox 2600 4984 2701 5039; x_wconf 74' lang='grc' dir='ltr'><strong>καὶ</strong></span> <span class='ocrx_word' id='word_1_456' title='bbox 2736 4982 2979 5053; x_wconf 76' lang='grc' dir='ltr'><strong>ἀγαπᾷν</strong></span> <span class='ocrx_word' id='word_1_457' title='bbox 3019 4979 3205 5039; x_wconf 73' lang='grc' dir='ltr'>αὺτὸν</span> <span class='ocrx_word' id='word_1_458' title='bbox 3232 4983 3301 5049; x_wconf 80' lang='grc' dir='ltr'><strong>ἐξ</strong></span> <span class='ocrx_word' id='word_1_459' title='bbox 3331 4979 3495 5053; x_wconf 65' lang='grc' dir='ltr'><strong>’ὄλής</strong></span> <span class='ocrx_word' id='word_1_460' title='bbox 3531 4979 3725 5055; x_wconf 52' lang='grc' dir='ltr'><strong>ψυχῆς</strong></span> <span class='ocrx_word' id='word_1_461' title='bbox 3763 4979 3847 5033; x_wconf 73' lang='grc' dir='ltr'><strong>καὶ</strong></span> 
     </span>
    </p>
   </div>
   <div class='ocr_carea' id='block_1_68' title="bbox 2371 5055 2639 5124">
    <p class='ocr_par' dir='ltr' id='par_1_68' title="bbox 2371 5055 2639 5124">
     <span class='ocr_line' id='line_1_68' title="bbox 2371 5055 2639 5124; baseline 0.004 -16"><span class='ocrx_word' id='word_1_462' title='bbox 2371 5055 2639 5124; x_wconf 80' lang='grc' dir='ltr'><strong>καρδίας.</strong></span> 
     </span>
    </p>
   </div>
   <div class='ocr_carea' id='block_1_69' title="bbox 2368 5162 3846 5242">
    <p class='ocr_par' dir='ltr' id='par_1_69' title="bbox 2368 5162 3846 5242">
     <span class='ocr_line' id='line_1_69' title="bbox 2368 5162 3846 5242; baseline -0.007 -15"><span class='ocrx_word' id='word_1_463' title='bbox 2368 5172 2533 5227; x_wconf 85' lang='grc' dir='ltr'><strong>ΚΥΡ.</strong></span> <span class='ocrx_word' id='word_1_464' title='bbox 2554 5169 2955 5242; x_wconf 80' lang='grc' dir='ltr'>Ἀνδρείας’μ.ὲν</span> <span class='ocrx_word' id='word_1_465' title='bbox 2972 5166 3066 5225; x_wconf 79' lang='grc' dir='ltr'><strong>οὖν</strong></span> <span class='ocrx_word' id='word_1_466' title='bbox 3083 5169 3210 5242; x_wconf 83' lang='grc' dir='ltr'>πέρι</span> <span class='ocrx_word' id='word_1_467' title='bbox 3230 5170 3329 5242; x_wconf 83' lang='grc' dir='ltr'><strong>τῆς</strong></span> <span class='ocrx_word' id='word_1_468' title='bbox 3345 5171 3403 5223; x_wconf 80' lang='grc' dir='ltr'>ὲν</span> <span class='ocrx_word' id='word_1_469' title='bbox 3417 5168 3461 5223; x_wconf 81' lang='grc' dir='ltr'>Χ</span> <span class='ocrx_word' id='word_1_470' title='bbox 3474 5168 3637 5241; x_wconf 84' lang='grc' dir='ltr'>ριστῷ</span> <span class='ocrx_word' id='word_1_471' title='bbox 3651 5162 3846 5233; x_wconf 79' lang='grc' dir='ltr'><strong>νοουμέ-</strong></span> 
     </span>
    </p>
   </div>
   <div class='ocr_carea' id='block_1_70' title="bbox 2304 5255 3845 5337">
    <p class='ocr_par' dir='ltr' id='par_1_70' title="bbox 2304 5255 3845 5337">
     <span class='ocr_line' id='line_1_70' title="bbox 2304 5255 3845 5337; baseline -0.001 -20"><span class='ocrx_word' id='word_1_472' title='bbox 2304 5281 2414 5335; x_wconf 54' lang='grc' dir='ltr'>νης,</span> <span class='ocrx_word' id='word_1_473' title='bbox 2438 5267 2534 5316; x_wconf 71' lang='grc' dir='ltr'><strong>καὶ</strong></span> <span class='ocrx_word' id='word_1_474' title='bbox 2558 5263 2940 5334; x_wconf 79' lang='grc' dir='ltr'><strong>πνευματικῆς</strong></span> <span class='ocrx_word' id='word_1_475' title='bbox 2966 5262 3281 5326; x_wconf 80' lang='grc' dir='ltr'><strong>εὐσθενείας</strong></span> <span class='ocrx_word' id='word_1_476' title='bbox 3311 5262 3593 5337; x_wconf 82' lang='grc' dir='ltr'><strong>ἀποχρῶν,</strong></span> <span class='ocrx_word' id='word_1_477' title='bbox 3627 5262 3757 5329; x_wconf 79' lang='grc' dir='ltr'>ἡμῖν,</span> <span class='ocrx_word' id='word_1_478' title='bbox 3776 5255 3845 5315; x_wconf 80' lang='grc' dir='ltr'>ὡς</span> 
     </span>
    </p>
   </div>
   <div class='ocr_carea' id='block_1_71' title="bbox 2293 5344 3845 5426">
    <p class='ocr_par' dir='ltr' id='par_1_71' title="bbox 2293 5344 3845 5426">
     <span class='ocr_line' id='line_1_71' title="bbox 2293 5344 3845 5426; baseline -0.001 -17"><span class='ocrx_word' id='word_1_479' title='bbox 2293 5356 2491 5422; x_wconf 82' lang='grc' dir='ltr'>ἔοικεν,</span> <span class='ocrx_word' id='word_1_480' title='bbox 2511 5356 2873 5426; x_wconf 79' lang='grc' dir='ltr'><strong>ὲκπεποξηται</strong></span> <span class='ocrx_word' id='word_1_481' title='bbox 2902 5355 3058 5425; x_wconf 78' lang='grc' dir='ltr'>λόγος</span> <span class='ocrx_word' id='word_1_482' title='bbox 3080 5394 3095 5420; x_wconf 94' lang='grc'><strong>,</strong></span> <span class='ocrx_word' id='word_1_483' title='bbox 3125 5349 3171 5409; x_wconf 79' lang='grc' dir='ltr'><strong>ὦ</strong></span> <span class='ocrx_word' id='word_1_484' title='bbox 3193 5356 3457 5410; x_wconf 83' lang='grc' dir='ltr'>Παλλάδιε</span> <span class='ocrx_word' id='word_1_485' title='bbox 3476 5374 3489 5387; x_wconf 89' lang='grc'><strong>·</strong></span> <span class='ocrx_word' id='word_1_486' title='bbox 3509 5355 3575 5408; x_wconf 78' lang='grc' dir='ltr'><strong>τὰ</strong></span> <span class='ocrx_word' id='word_1_487' title='bbox 3609 5354 3660 5405; x_wconf 80' lang='grc' dir='ltr'>δὲ</span> <span class='ocrx_word' id='word_1_488' title='bbox 3685 5351 3755 5417; x_wconf 65' lang='grc' dir='ltr'><strong>ἐφ’</strong></span> <span class='ocrx_word' id='word_1_489' title='bbox 3772 5344 3845 5407; x_wconf 74' lang='grc' dir='ltr'><strong>οἷς</strong></span> 
     </span>
    </p>
   </div>
   <div class='ocr_carea' id='block_1_72' title="bbox 2296 5445 3839 5522">
    <p class='ocr_par' dir='ltr' id='par_1_72' title="bbox 2296 5445 3839 5522">
     <span class='ocr_line' id='line_1_72' title="bbox 2296 5445 3839 5522; baseline -0.007 -19"><span class='ocrx_word' id='word_1_490' title='bbox 2296 5448 2363 5503; x_wconf 77' lang='grc' dir='ltr'>ἂν</span> <span class='ocrx_word' id='word_1_491' title='bbox 2394 5448 2610 5518; x_wconf 84' lang='grc' dir='ltr'>γένοιτο</span> <span class='ocrx_word' id='word_1_492' title='bbox 2631 5448 2792 5501; x_wconf 78' lang='grc' dir='ltr'>ταυτὶ</span> <span class='ocrx_word' id='word_1_493' title='bbox 2824 5448 2962 5519; x_wconf 81' lang='grc' dir='ltr'>πρὸς</span> <span class='ocrx_word' id='word_1_494' title='bbox 2996 5451 3029 5519; x_wconf 87' lang='grc' dir='ltr'>ἠ</span> <span class='ocrx_word' id='word_1_495' title='bbox 3040 5450 3178 5519; x_wconf 84' lang='grc' dir='ltr'>μῶν,</span> <span class='ocrx_word' id='word_1_496' title='bbox 3210 5449 3525 5522; x_wconf 80' lang='grc' dir='ltr'>περιαθρεῖν</span> <span class='ocrx_word' id='word_1_497' title='bbox 3545 5445 3804 5515; x_wconf 70' lang='grc' dir='ltr'>ἀναγκαῖον</span> <span class='ocrx_word' id='word_1_498' title='bbox 3825 5478 3839 5501; x_wconf 88' lang='grc'><strong>,</strong></span> 
     </span>
    </p>
   </div>
   <div class='ocr_carea' id='block_1_73' title="bbox 2296 5535 3028 5613">
    <p class='ocr_par' dir='ltr' id='par_1_73' title="bbox 2296 5535 3028 5613">
     <span class='ocr_line' id='line_1_73' title="bbox 2296 5535 3028 5613; baseline 0.003 -19"><span class='ocrx_word' id='word_1_499' title='bbox 2296 5541 2549 5612; x_wconf 82' lang='grc' dir='ltr'><strong>καθάπερ</strong></span> <span class='ocrx_word' id='word_1_500' title='bbox 2579 5535 2816 5613; x_wconf 81' lang='grc' dir='ltr'>ἐγῷμαι,</span> <span class='ocrx_word' id='word_1_501' title='bbox 2848 5541 3028 5596; x_wconf 82' lang='grc' dir='ltr'><strong>πάλιν.</strong></span> 
     </span>
    </p>
   </div>
   <div class='ocr_carea' id='block_1_74' title="bbox 2368 5631 2920 5698">
    <p class='ocr_par' dir='ltr' id='par_1_74' title="bbox 2368 5631 2920 5698">
     <span class='ocr_line' id='line_1_74' title="bbox 2368 5631 2920 5698; baseline 0.002 -11"><span class='ocrx_word' id='word_1_502' title='bbox 2368 5635 2576 5689; x_wconf 79' lang='grc' dir='ltr'><strong>ΠΑΛΛ.</strong></span> <span class='ocrx_word' id='word_1_503' title='bbox 2614 5631 2688 5689; x_wconf 79' lang='grc' dir='ltr'><strong>Εὖ</strong></span> <span class='ocrx_word' id='word_1_504' title='bbox 2721 5635 2920 5698; x_wconf 84' lang='grc' dir='ltr'><strong>λέγεις.</strong></span> 
     </span>
    </p>
   </div>
   <div class='ocr_carea' id='block_1_75' title="bbox 2365 5720 3837 5800">
    <p class='ocr_par' dir='ltr' id='par_1_75' title="bbox 2365 5720 3837 5800">
     <span class='ocr_line' id='line_1_75' title="bbox 2365 5720 3837 5800; baseline -0.008 -19"><span class='ocrx_word' id='word_1_505' title='bbox 2365 5727 2529 5781; x_wconf 81' lang='grc' dir='ltr'>ΚΥΡ.</span> <span class='ocrx_word' id='word_1_506' title='bbox 2561 5727 2699 5799; x_wconf 81' lang='grc' dir='ltr'><strong>Φέρε</strong></span> <span class='ocrx_word' id='word_1_507' title='bbox 2730 5728 2794 5800; x_wconf 79' lang='grc' dir='ltr'>δὴ</span> <span class='ocrx_word' id='word_1_508' title='bbox 2825 5723 2939 5793; x_wconf 75' lang='grc' dir='ltr'>οὖν,</span> <span class='ocrx_word' id='word_1_509' title='bbox 2977 5727 3076 5798; x_wconf 81' lang='grc' dir='ltr'><strong>τῆς</strong></span> <span class='ocrx_word' id='word_1_510' title='bbox 3113 5728 3354 5790; x_wconf 74' lang='grc' dir='ltr'>διανοίας</span> <span class='ocrx_word' id='word_1_511' title='bbox 3383 5727 3477 5780; x_wconf 74' lang='grc' dir='ltr'><strong>τὸν</strong></span> <span class='ocrx_word' id='word_1_512' title='bbox 3504 5721 3759 5794; x_wconf 76' lang='grc' dir='ltr'><strong>ὀφθαλμὸν</strong></span> <span class='ocrx_word' id='word_1_513' title='bbox 3786 5720 3837 5769; x_wconf 81' lang='grc' dir='ltr'>ἐν</span> 
     </span>
    </p>
   </div>
   <div class='ocr_carea' id='block_1_76' title="bbox 2294 5808 3843 5891">
    <p class='ocr_par' dir='ltr' id='par_1_76' title="bbox 2294 5808 3843 5891">
     <span class='ocr_line' id='line_1_76' title="bbox 2294 5808 3843 5891; baseline -0.005 -18"><span class='ocrx_word' id='word_1_514' title='bbox 2294 5818 2477 5891; x_wconf 72' lang='grc' dir='ltr'>κύκλῳ</span> <span class='ocrx_word' id='word_1_515' title='bbox 2516 5819 2985 5891; x_wconf 80' lang='grc' dir='ltr'><strong>περιελίττοντες,</strong></span> <span class='ocrx_word' id='word_1_516' title='bbox 3035 5820 3128 5874; x_wconf 74' lang='grc' dir='ltr'><strong>καὶ</strong></span> <span class='ocrx_word' id='word_1_517' title='bbox 3176 5820 3256 5883; x_wconf 70' lang='grc' dir='ltr'>εἰς</span> <span class='ocrx_word' id='word_1_518' title='bbox 3299 5817 3507 5891; x_wconf 72' lang='grc' dir='ltr'>ἀκριϐῆ</span> <span class='ocrx_word' id='word_1_519' title='bbox 3542 5808 3843 5880; x_wconf 62' lang='grc' dir='ltr'><strong>κατάσκεψιν</strong></span> 
     </span>
    </p>
   </div>
  </div>
