3998 6512
160 390 208 445 4⁸
222 386 271 444 ζ-9

894 387 985 443 DE
1021 387 1465 444 ADORATIONE
1506 386 1573 442 1N
1616 383 1889 441 SPIRITU
1930 386 2017 441 ET
2059 387 2425 443 VERITATE.
2470 386 2595 440 LIB.
2640 385 2725 439 \‘l.

3331 378 3437 436 HG

160 510 274 563 τῶν
305 510 421 563 καθ’
459 508 607 579 ἡμᾶς
641 506 812 572 ἱέντες
851 510 1221 580 πραγμάτων,
1256 510 1657 578 ἀνασκοπῶμεν
1687 499 1746 558 εὖ

1871 507 2365 561 :onsiderationem
2417 507 2679 577 injectis,
2741 503 3033 573 diligenter
3084 499 3434 572 aspiciamus,

166 603 333 674 μάλα,
362 600 452 655 διὰ
487 600 647 664 ποίας
681 602 851 665 ἰόντες
885 602 1100 674 τρίϐου,
1124 605 1370 675 λαμπροί
1393 620 1453 657 τε
1485 599 1746 670 ἐσόμεθα,

162 697 260 749 καλ⁵
285 696 378 763 τὴν
414 696 499 762 ἐφ’
547 694 721 747 ᾶπασι
762 697 877 757 τοῖς
906 697 1317 767 ἐπαινουμένοις
1349 692 1438 751 οἶά
1470 712 1594 749 τινα
1624 692 1749 746 στέ-

162 804 332 856 φανον
366 785 745 856 ἀναδησόμεθα
776 786 975 857 ψῆφον.
1016 791 1085 842 Ἢ
1131 792 1192 843 οὐ
1236 791 1380 844 δοκιῦ
1415 807 1499 843 σοι
1531 789 1750 859 φρονεῖν

162 879 299 952 ὀρθά
318 917 333 943 ,
356 878 415 931 τὸ
445 877 503 930 ἐν
535 894 598 946 γε
622 878 831 942 τούτοις
861 880 1190 952 φιλοκρινεῖν
1223 882 1497 953 ᾑρημένος
1522 899 1538 947 ;

236 1061 444 1113 ΠΑΛΛ.
501 1060 827 1114 Παντάπασι
877 1059 976 1131 μὲν
1011 1055 1126 1116 οὖν,
1188 1061 1360 1131 Φαίην
1391 1061 1501 1131 γὰρ
1550 1060 1619 1114 ἂν
1657 1059 1752 1114 καὶ

166 1152 328 1215 αὐτὸς
379 1151 490 1219 ἐγὼ
534 1152 833 1222 προκλήσει
867 1155 933 1224 τῇ
969 1153 1106 1224 πρὸς
1152 1154 1373 1225 ἀνδρίαν
1406 1152 1754 1224 προκαταθή-

164 1244 357 1312 γεσθαι
393 1244 523 1304 δεῖν,
550 1244 766 1298 ἑλέσθαι
802 1262 861 1298 τε
890 1246 958 1299 τά
985 1246 1052 1299 δι’
1090 1240 1165 1299 ὧν
1197 1246 1262 1299 ἄν
1294 1263 1377 1309 τις
1412 1245 1588 1297 ἔσοιτο
1617 1244 1755 1314 λαμ-

164 1338 323 1407 πρὸς,
357 1338 451 1389 καὶ
468 1337 567 1407 τῆς
595 1338 898 1408 ἀμωμήτου
925 1336 1070 1408 ζωῆς
1100 1338 1314 1409 ἔρχοιτο
1341 1339 1460 1392 κατ’
1491 1339 1643 1393 εὐθύ.
1704 1332 1707 1333 ν

232 1514 402 1567 ΚΥΡ.
428 1514 637 1568 Οὐκοῦν
658 1514 760 1586 ήδη
794 1514 1064 1585 λέγωμεν,
1093 1514 1168 1577 ὡς
1198 1515 1418 1586 ἀπάσης
1450 1517 1548 1587 μὲν
1577 1517 1756 1582 οίκίας

160 1605 418 1675 ἔρεισμα,
452 1606 688 1677 κρηπίςο
718 1606 851 1670 νεὼς
879 1607 939 1660 δὲ
964 1606 1176 1677 τρόπις,
1210 1608 1375 1679 ἀρχήν
1408 1608 1502 1662 τοῦ
1533 1609 1589 1663 δὲ
1621 1628 1756 1664 κατ-

159 1698 364 1770 ορθοῦν
400 1702 507 1771 ῄρη
517 1701 702 1769 μένου,
733 1700 984 1771 θεμέλιος
1005 1700 1072 1754 ἂν
1091 1699 1303 1766 γένοιτο
1326 1702 1419 1755 καὶ
1440 1701 1648 1757 ὑποδάθ
1658 1719 1757 1773 ρας

160 1791 329 1862 ἀρχὴ,
368 1792 466 1862 τῆς
495 1792 753 1862 ἀληθείας
776 1794 808 1863 ἡ
828 1792 1052 1860 γνῶσις,
1083 1794 1177 1848 καὶ
1194 1795 1222 1845 ὁ
1242 1794 1370 1864 περὶ
1399 1793 1633 1857 πίστεως
1656 1796 1756 1865 τῆς

160 1886 241 1947 είς
268 1884 408 1938 Θεὸν
430 1886 525 1938 τὸν
551 1884 649 1939 ἕνα
676 1887 770 1939 καὶ
799 1885 960 1954 φύσει
980 1887 1076 1940 καὶ
1099 1885 1349 1957 ἀληθινὸν
1373 1887 1758 1958 ἀκιὸδήλευτος
1787 1870 1831 1925 Β

160 1973 319 2044 λόγος
341 1993 356 2005 ·
398 1996 417 2029 ι
472 1977 596 2030 Ἐὰν
626 1977 734 2048 γὰρ
766 1978 840 2049 μὴ
879 1979 1206 2051 πιστεύσητε
1229 2020 1244 2045 ,
1284 1980 1392 2034 οὐδ’
1418 1980 1480 2034 ού
1511 1980 1584 2051 μὴ
1630 1997 1758 2034 συν-

159 2069 276 2139 ῆτε,
317 2089 339 2120 ι
374 2071 507 2141 φησὶ
538 2071 598 2125 τὸ
618 2072 860 2143 Γράμμα
904 2072 966 2125 τὸ
994 2073 1161 2143 ἱερόν.
1204 2073 1495 2137 Συνιέντας
1526 2073 1582 2126 δὲ
1605 2071 1759 2126 οὔπω

159 2161 268 2215 τῶν
316 2162 642 2230 ἀναγκαίων
675 2164 830 2219 οὐδὲν
862 2166 1167 2235 ἀπρακτεῖν
1195 2165 1431 2236 ἀνάγκη,
1474 2165 1537 2218 τὸ
1564 2182 1754 2236 κατορ-

163 2252 288 2306 θοῦν
328 2255 434 2308 οὐκ
491 2256 718 2320 εἰδότας.
768 2258 841 2310 Ἦ
887 2258 989 2320 οὐκ
1032 2257 1101 2311 ἂν
1141 2259 1441 2326 ἀναγκαῖον
1485 2254 1627 2311 εῖναι
1653 2258 1760 2328 φὴς

161 2346 301 2416 πρὸς
353 2349 709 2421 εὐδοκίμησιν
736 2354 889 2424 ἡμῖν,
920 2351 1020 2422 τὴν
1054 2354 1147 2406 ἐπὶ
1177 2354 1344 2407 παντὶ
1372 2352 1449 2424 τῷ
1497 2352 1760 2423 πρακτέῳ

160 2438 473 2510 διάσκεψιν,
509 2444 558 2495 εί
595 2444 654 2495 ἐν
693 2443 839 2516 λόγῳ
865 2444 1213 2517 πεποιήμεθα
1237 2444 1295 2498 τὺ
1318 2444 1452 2516 δρᾷν
1479 2443 1677 2515 ὀρθῶς,
1710 2444 1748 2499 ἂ

161 2532 291 2605 ὶρᾷν
320 2536 623 2604 ἀναγκαῖον
643 2553 656 2601 ;

230 2712 450 2766 ΠΑΛΛ.
490 2713 661 2784 Φημί.

228 2801 402 2854 ΚΥΡ.
445 2803 489 2855 Τ
494 2803 658 2874 ροφδς
684 2799 777 2857 οὖν
816 2805 926 2875 ἄρα
969 2807 1259 2873 συνέσεως,
1297 2808 1500 2871 πίστις.
1536 2805 1761 2869 Σύνεσις

160 2892 251 2959 δὲ,
282 2895 399 2947 τῶν
450 2897 741 2965 πρακτέων
788 2899 920 2968 ήμῖν
958 2902 1192 2953 ποιεῖται
1222 2901 1320 2970 τὴν
1355 2900 1609 2970 βάσανον.
1648 2900 1762 2953 Kal.

161 2986 292 3056 γοῦν
323 2988 417 3040 ὅτε
436 2990 550 3051 τοῖς
567 2987 628 3051 ἐξ
664 2989 881 3060 Ἰσραὴλ
907 2992 936 3044 ὁ
960 2991 1071 3045 τῶν
1092 2992 1229 3045 ὅλων
1250 2992 1383 3056 Θεὸς
1411 2990 1761 3060 παιδαγωγὸν

163 3077 354 3149 ὥσπερ
394 3078 519 3132 τινὰ
543 3121 556 3142 ,
600 3081 697 3135 καὶ
746 3081 1005 3152 ἱθυντῆρα
1039 3083 1221 3152 σοφὸν,
1262 3084 1353 3137 τὸν
1385 3083 1473 3137 διὰ
1517 3082 1762 3146 Μωσέως

161 3172 438 3243 ἐπέστησε
463 3173 650 3244 νόμον,
696 3175 1013 3247 ὑποδάθραν
1042 3177 1231 3249 ὥσπερ
1262 3177 1383 3230 τινὰ
1423 3177 1517 3228 καὶ
1556 3176 1762 3229 ἀκατά-

166 3282 383 3319 σειστον
415 3266 613 3338 ἀρχὴν,
658 3267 759 3337 τὴν
804 3268 956 3339 παρά
985 3270 1084 3339 τῆς
1122 3274 1251 3339 μιᾶς
1288 3287 1349 3322 τε
1388 3269 1484 3322 καί¹
1530 3266 1763 3337 ἀληθοῦς

163 3357 436 3427 Θεότητος
461 3357 899 3427 προκατεὸάλετο
928 3358 1156 3427 γνῶσινο
1194 3360 1268 3429 μὴ
1301 3359 1408 3428 γὰρ
1432 3358 1497 3413 ἂν
1524 3357 1762 3427 ἰσχύσειν

163 3452 364 3514 αὐτοὺς
397 3451 756 3521 ὑπελάμϐανε
793 3450 895 3519 τῆς
934 3450 1258 3522 ἀδιαδλήτου
1291 3453 1384 3504 καὶ
1422 3448 1762 3521 ἀκραιφνοῦς

162 3542 463 3612 ἐφικέσθαι
493 3543 661 3613 ζωῆς,
693 3544 861 3615 ήγουν
892 3543 971 3614 τῷ
1002 3542 1110 3595 τῶν
1155 3543 1460 3596 καλλίστων
1489 3543 1759 3613 είσηγητῇ

165 3635 683 3708 καταρυθμίζεσθαι
711 3637 883 3708 νόμῳ,
912 3639 1007 3690 καὶ
1045 3638 1292 3690 ὑπείκειν
1324 3637 1585 3699 ἐντολαῖς,
1616 3639 1665 3689 εί
1690 3636 1765 3707 μὴ

166 3728 428 3800 καθάπερ
458 3728 930 3799 προανατείχισμα
952 3728 1050 3799 τὴν
1080 3730 1172 3781 ἐπὶ
1192 3728 1310 3799 Θεῷ
1342 3729 1527 3781 πίστιν
1553 3729 1766 3792 ἑλόντες

168 3823 245 3885 είς
265 3822 425 3889 νοῦν,
442 3822 818 3893 ἀντιφέροιντο
846 3821 1111 3890 γενναίως
1129 3823 1249 3884 ταῖς
1277 3822 1354 3884 εἰς
1374 3820 1643 3891 ῥᾳθυμίαν
1670 3820 1768 3873 αύ-

166 3914 289 3976 τοὺς
318 3910 652 3975 ἀκονούσαις
678 3912 910 3982 ἡδοναῖς.
944 3913 1090 3966 Ἔδει
1120 3912 1185 3982 δὴ
1216 3908 1329 3975 οῦν,
1354 3912 1479 3973 ἔδει,
1515 3911 1767 3983 καθάπερ

166 4004 287 4057 τινὰ
316 4004 568 4075 ψυχικὴν
604 4005 918 4076 ἀρρωστίαν
938 4048 950 4071 ,
990 4004 1396 4076 προαποϐέσθαι
1439 4007 1565 4069 τοὺς
1595 4005 1762 4058 πάλαι

168 4098 265 4167 τὴν
296 4095 576 4151 πολύθεον
628 4096 917 4168 πλάνησιν,
966 4097 1151 4149 πίστει
1192 4114 1254 4150 τε
1299 4100 1366 4166 τῇ
1404 4099 1483 4160 είς
1515 4098 1649 4150 Θεὸν
1678 4098 1768 4150 τὸν

169 4189 262 4242 ἕνα
289 4188 467 4259 φύσει
502 4188 596 4242 καὶ
622 4188 839 4259 άληθῶς
879 4188 1197 4260 ἐρηρεῖσθαι
1231 4189 1415 4253 καλῶς
1443 4205 1456 4219 ·
1487 4189 1770 4260 τοιγάρτοι

170 4281 261 4334 καὶ
290 4280 516 4351 πρῶτος
536 4281 720 4344 αὐτοῖς
744 4279 1129 4351 προανέλαμψε
1173 4281 1365 4351 νόμος·
1407 4302 1424 4332 ι
1470 4282 1614 4351 Ἐγώ
1653 4284 1769 4351 είμι

170 4371 383 4443 Κύριος
412 4372 440 4423 ό
470 4371 602 4435 Θεός
635 4389 751 4436 σου,
803 4374 953 4435 ὅστις
984 4373 1253 4442 ἐξήγαγὸν
1288 4390 1345 4424 σε
1378 4374 1441 4424 ἐκ
1475 4374 1575 4443 γῆς
1604 4373 1770 4439 Αίγύ-

171 4482 305 4517 πτου
340 4464 408 4530 ἐξ
438 4462 591 4516 οἴκου
635 4463 901 4526 δουλείας.
932 4465 1046 4517 Οὐκ
1084 4463 1298 4516 ἔσονταί
1329 4482 1412 4516 σοι
1450 4463 1562 4517 θεοὶ
1592 4464 1770 4535 ἕτεροι

1853 615 2021 670 quam
2048 599 2430 670 ingredientes
2464 599 2629 663 viam,
2662 597 2794 652 clari
2829 611 2971 661 esse,
3003 602 3060 650 et
3114 593 3205 648 illa
3227 606 3329 663 pro
3353 606 3441 646 rc-

1854 699 1943 744 cte
1988 690 2329 758 honesteque
2378 687 2539 742 factis
2588 686 2987 757 approbatione
3036 684 3189 738 velut
3233 695 3437 737 corona

1853 782 2091 852 quadam
2119 782 2304 836 ornari
2328 782 2623 851 possimus.
2658 780 2740 834 An
2798 779 2896 833 tibi
2946 792 3139 847 parum
3173 783 3321 829 recte
3349 789 3439 828 sa-

1854 890 1984 943 pere
2029 874 2237 938 videor,
2272 874 2428 943 173
2455 873 2549 942 qui
2592 873 2649 926 in
2686 872 2774 926 his
2809 871 2976 925 rebus
3020 869 3152 940 quid
3201 867 3438 936 proban-

1855 966 1987 1021 dum
2009 966 2079 1020 sit
2102 966 2401 1039 decernere
2431 965 2631 1019 velim?

1927 1058 2123 1112 PALL.
2156 1060 2392 1112 Prorsus
2421 1057 2760 1112 rectissime:
2793 1071 2919 1109 nam
2959 1056 3128 1109 etiam
3172 1054 3287 1122 ipse
3325 1066 3436 1104 non

1856 1153 2173 1223 negaverim
2194 1153 2350 1223 prius
2370 1151 2438 1205 ad
2484 1149 2873 1205 fortitudinem
2915 1148 3133 1202 incitari
3162 1156 3436 1216 oportere,

1856 1257 2021 1316 atque
2046 1247 2122 1300 ita
2152 1262 2216 1300 ea
2240 1259 2360 1300 esse
2377 1242 2781 1313 amplectenda,
2808 1258 2906 1311 per
2943 1257 3064 1311 quae
3087 1240 3270 1294 clarus
3294 1253 3435 1302 esse,

1848 1349 2117 1409 rectaque
2138 1339 2207 1393 ad
2239 1339 2409 1392 vitam
2456 1337 2616 1406 culpa
2647 1342 2927 1390 carentem
2951 1332 3244 1403 pervenire
3284 1330 3438 1401 quis-

1857 1448 1964 1503 que
1980 1432 2173 1502 possit.

1927 1524 2086 1579 CYR.
2110 1524 2231 1579 Jam
2271 1522 2439 1593 igitur
2458 1521 2762 1576 ordiamur.
2782 1518 2977 1573 Totius
2999 1516 3222 1586 quidem
3245 1513 3442 1569 domus

1859 1617 2092 1672 firmitas
2114 1624 2199 1671 est
2226 1614 2678 1678 fundamentum;
2720 1610 2877 1665 navis
2908 1624 3042 1664 vero
3088 1606 3310 1663 initium
3353 1620 3443 1659 ca-

1859 1709 2018 1775 rina;
2049 1709 2170 1778 ejus
2208 1714 2393 1761 autem
2440 1705 2537 1775 qui
2594 1703 2819 1758 virtutis
2861 1716 3064 1756 munus
3096 1698 3442 1768 exsequive-

1858 1804 1941 1868 lit,
1973 1802 2413 1867 fundamentum,
2442 1815 2507 1855 ac
2552 1798 2701 1853 basis
2737 1805 2795 1852 et
2824 1796 3064 1858 initium,
3094 1805 3178 1849 est
3200 1791 3444 1863 cognitio

1862 1895 2213 1959 veritatis,ac
2234 1894 2302 1948 de
2322 1892 2430 1947 fide
2454 1892 2510 1946 in
2526 1907 2653 1947 eum
2671 1891 2766 1960 qui
2784 1905 2927 1945 unus
2943 1906 3007 1944 ac
3028 1896 3224 1942 natura
3242 1894 3297 1941 et
3311 1900 3442 1940 vere

1862 1988 2009 2043 Deus
2031 1996 2137 2053 est,
2174 1986 2391 2042 sincera
2417 1985 2774 2056 praedicatio:
2820 2003 2836 2033 ι
2861 1982 2977 2037 Nisi
3009 1980 3159 2036 enim
3190 1978 3444 2035 credide-

1862 2078 2008 2141 ritis,
2038 2094 2149 2133 non
2176 2076 2502 2149 intelligetis
2526 2078 2597 2143 ⁸²,
2632 2096 2651 2127 ι
2712 2075 2893 2144 inquit
2938 2089 3095 2128 sacra
3137 2071 3444 2142 Scriptura.

1861 2172 2019 2239 Quod
2051 2172 2098 2227 si
2126 2171 2265 2225 nihil
2299 2185 2369 2225 ex
2415 2169 2487 2224 iis
2529 2183 2653 2238 quae
2709 2166 3021 2223 necessaria
3067 2173 3197 2220 sunt
3227 2163 3447 2217 intelle-

1861 2263 2125 2329 xerimus,
2156 2276 2372 2316 cessare
2414 2260 2485 2314 ab
2520 2273 2690 2329 opere
2746 2272 2972 2313 necesse
3004 2263 3109 2321 est,
3138 2270 3264 2310 cum
3296 2260 3447 2308 recte

1862 2356 2044 2410 facere
2092 2353 2426 2408 nesciamus.
2473 2351 2558 2405 An
2590 2363 2747 2413 vero,
2772 2349 2817 2403 si
2864 2347 3001 2418 quid
3042 2362 3166 2402 esse
3191 2353 3451 2416 putamus

1861 2463 1927 2504 ea
1959 2454 2109 2502 recte
2132 2444 2335 2511 facere,
2365 2458 2487 2514 quae
2521 2441 2703 2497 facere
2729 2456 2956 2497 necesse
2984 2448 3090 2505 est,
3114 2454 3226 2494 non
3251 2452 3448 2493 neces-

1863 2538 2071 2595 sarium
2102 2552 2223 2592 esse
2239 2535 2450 2602 fateris,
2479 2535 2548 2589 ad
2580 2533 2801 2588 laudem
2852 2530 3274 2601 assequendam,
3302 2530 3450 2584 illam

1862 2634 1931 2688 de
1962 2630 2223 2686 omnibus
2246 2629 2415 2684 rebus
2436 2629 2666 2700 agendis
2716 2624 3171 2698 inquisitionem?

1932 2723 2131 2779 PALL.
2171 2723 2387 2777 Fateor.

1934 2817 2093 2872 CYR.
2122 2817 2221 2871 Est
2246 2815 2415 2886 igitur
2439 2812 2577 2868 fides
2604 2812 2983 2883 intelligentia:
3025 2809 3235 2865 nutrix.
3284 2807 3453 2863 Intel-

1863 2910 2092 2982 ligentia
2117 2923 2251 2977 vero
2274 2922 2362 2962 res
2385 2922 2416 2961 a
2442 2905 2605 2960 nobis
2648 2905 2887 2975 agendas
2909 2902 3207 2958 examinat.
3237 2900 3449 2970 Itaque,

1866 3018 1992 3059 cum
2044 2998 2310 3055 Israelitis
2358 2998 2449 3053 ille
2497 2998 2895 3052 universorum
2945 2995 3092 3048 Deus
3137 2994 3316 3062 legem
3352 3005 3453 3060 per

1865 3096 2089 3166 Moysen
2111 3094 2316 3156 datam,
2343 3091 2516 3146 veluti
2542 3090 2895 3161 paedagogum
2916 3086 3211 3158 quemdam
3236 3083 3453 3154 sapien-

1794 3207 1837 3268 α
1872 3197 2095 3258 temque
2119 3196 2394 3240 rectorem
2424 3182 2703 3253 apposuit,
2747 3190 3010 3249 tanquam
3045 3179 3234 3232 basem
3256 3190 3454 3246 quam—

1866 3281 1992 3336 dam
2023 3289 2081 3335 et
2101 3279 2321 3332 ﬁrmum
2374 3277 2618 3338 initium,
2654 3274 2823 3327 unius
2861 3285 3114 3340 verasque
3141 3267 3455 3323 Divinitatis

1865 3373 2238 3445 cognitionem
2276 3368 2625 3440 prazstruxit;
2654 3379 2834 3434 neque
2858 3362 3007 3417 enim
3031 3360 3259 3431 putabat
3293 3372 3455 3428 posse

1867 3466 1993 3519 illos
2042 3463 2110 3518 ad
2176 3461 2343 3516 vitam
2382 3460 2732 3513 innocentem
2773 3467 3079 3524 puramque
3120 3450 3455 3521 pertingere,

1867 3564 1962 3611 aut
1991 3571 2021 3608 a
2052 3555 2192 3624 lege,
2219 3567 2341 3621 quae
2366 3550 2435 3605 ad
2467 3564 2558 3603 res
2582 3546 2873 3617 praeclaras
2894 3542 3240 3604 hortabatur,
3262 3552 3458 3593 eorum

1868 3658 2054 3697 mores
2074 3639 2352 3711 componi,
2403 3647 2460 3693 et
2505 3637 2667 3691 facile
2724 3632 3003 3688 mandatis
3043 3630 3296 3699 obsequi,
3347 3627 3457 3683 nisi

1869 3736 2020 3790 illam
2046 3736 2104 3789 in
2125 3735 2297 3789 Deum
2341 3732 2505 3787 fidem
2554 3730 2740 3784 animo
2768 3725 3160 3794 suscepissent,
3183 3738 3294 3792 quo
3330 3736 3459 3791 per-

1870 3829 1999 3882 inde
2047 3842 2112 3881 ac
2154 3840 2314 3879 muro
2360 3821 2712 3894 praemuniti,
2762 3817 3174 3887 voluptatibus,
3220 3829 3343 3884 quae
3389 3811 3457 3867 ad

1871 3918 2144 3988 ignaviam
2168 3917 2292 3969 illos
2314 3914 2655 3975 alliciebant,
2681 3917 2905 3965 strenue
2931 3907 3288 3961 obsisterent.
3309 3902 3461 3973 Opus

1870 4011 2042 4081 igitur
2069 4017 2208 4072 erat,
2236 4022 2376 4076 Opus
2412 4014 2553 4068 erat,
2587 4004 2832 4073 inquam,
2866 4010 2927 4055 ut
2953 4001 3033 4054 illi
3059 4008 3278 4054 veteres
3306 3997 3462 4067 prius

1870 4102 2043 4157 veluti
2072 4101 2325 4155 morbum
2368 4097 2661 4168 quemdam
2705 4094 2875 4150 animi
2924 4094 3265 4164 deponerent
3302 4105 3455 4146 erro-

1872 4210 2009 4259 rem,
2034 4209 2144 4263 quo
2194 4190 2493 4245 multitudo
2547 4189 2777 4243 deorum
2820 4187 3123 4251 colebatur,
3160 4192 3219 4239 et
3256 4182 3362 4237 ﬁde
3402 4184 3457 4236 in

1870 4297 1997 4337 eum
2049 4280 2146 4351 qui
2176 4295 2321 4334 unus
2346 4289 2403 4333 et
2436 4286 2635 4332 natura
2674 4288 2732 4331 et
2755 4292 2885 4331 vere
2920 4276 3068 4330 Deus
3118 4283 3227 4338 est,
3249 4273 3461 4343 optime

1873 4374 2372 4435 confirmarentur;
2422 4371 2657 4438 ideoque
2697 4368 2831 4438 ipsis
2872 4368 2965 4422 illa
2994 4368 3171 4437 prima
3200 4367 3288 4421 lex
3316 4380 3461 4435 prm—

1878 4466 2034 4521 fulsit
2061 4483 2073 4517 :
2108 4484 2124 4514 ι
2144 4464 2257 4534 Ego
2286 4478 2409 4517 sum
2443 4463 2710 4516 Dominus
2738 4462 2882 4516 Deus
2907 4468 3055 4526 tuus,
3088 4459 3184 4530 qui
3214 4459 3379 4514 eduxi
3406 4467 3461 4515 te

174 4554 314 4625 πλὴν
347 4553 513 4624 ἐμοῦ.
540 4555 613 4607 Οὐ
641 4556 889 4625 ποιήσεις
913 4555 1127 4625 σεαυτῷ
1154 4556 1396 4620 εἴδωλον,
1426 4556 1546 4609 οὐδὲ
1570 4558 1762 4621 παντὸς

1876 4557 1946 4612 de
1981 4565 2125 4611 terra
2152 4554 2392 4626 Egypti,
2418 4553 2487 4608 de
2511 4553 2676 4607 domo
2700 4552 3003 4607 servitutis.
3039 4551 3159 4607 Non
3171 4558 3336 4607 erunt
3360 4550 3461 4607 tibi

174 4644 437 4714 ὁμοίωμα
463 4644 566 4697 ὅσα
599 4645 656 4697 ἐν
685 4645 762 4715 τῷ
786 4645 1003 4716 οὐρανῷ
1025 4646 1158 4711 ἄνω,
1194 4647 1289 4700 καὶ
1314 4649 1369 4699 ἐν
1394 4650 1459 4718 τῇ
1498 4650 1568 4718 γῇ
1600 4649 1772 4711 κάτω,

173 4736 268 4789 καὶ
306 4737 417 4789 ὃσα
443 4737 501 4789 ὲν
540 4738 656 4800 τοῖς
689 4736 876 4791 ὕδασιν
908 4739 1164 4791 ὑποκάτω
1194 4738 1291 4807 τῆς
1327 4739 1431 4809 γῆς
1455 4781 1470 4804 ,
1503 4743 1562 4792 οὐ
1600 4756 1775 4812 προσ-

176 4830 441 4897 κυνήσεις
470 4828 676 4893 αὐτοῖς,
711 4829 819 4882 οὐδ’
849 4829 910 4881 οὐ
946 4830 1020 4899 μὴ
1050 4829 1355 4901 λατρεύσῃς
1387 4833 1589 4896 αὐτοῖς.
1634 4832 1776 4902 Ἐγὼ

174 4920 286 4989 γάρ
315 4921 439 4989 εἰμι
465 4918 671 4989 Κύριος
698 4922 728 4972 ὁ
772 4920 904 4983 Θεός
931 4937 1025 4972 σου
1053 4960 1067 4983 ,
1098 4920 1127 4972 ὁ
1156 4920 1287 4983 Θεὸς
1328 4922 1599 4994 ζηλωτὴς,
1636 4925 1776 4978 ἀπο-

177 5010 359 5074 διδοὺς
398 5010 675 5081 ἁμαρτίας
704 5011 958 5080 πατέρων
996 5012 1088 5064 ἐπὶ
1126 5012 1293 5064 τέκνα
1320 5013 1425 5071 ἕως
1459 5014 1650 5085 τρίτης
1677 5017 1773 5071 καὶ

176 5104 454 5174 τετάρτης
498 5104 693 5170 γενεᾶς
720 5105 833 5165 τοῖς
874 5103 1092 5172 μισοῦσί
1141 5120 1207 5174 με
1231 5120 1243 5133 ·
1274 5107 1369 5158 καὶ
1405 5105 1575 5159 ποιῶν
1622 5108 1773 5172 ἔλεος

179 5198 257 5259 εἰς
288 5194 542 5266 χιλιάδας
583 5196 697 5257 τοῖς
737 5195 994 5263 ἀγαπῶσί
1048 5212 1148 5266 με,
1189 5196 1283 5247 καὶ
1318 5195 1654 5264 φυλάσσουσι
1703 5199 1772 5253 τά

179 5287 588 5358 προστάγματα
618 5304 742 5356 μου.
783 5306 802 5336 ι
845 5286 991 5339 Ἔδει
1020 5286 1150 5357 γὰρ,
1186 5286 1292 5340 ἔδει
1328 5288 1588 5360 σκληροῖς
1610 5308 1775 5346 κατα·-

180 5378 469 5433 πτοεῖσθαι
493 5379 748 5448 δείμασι,
780 5379 905 5441 τοὺς
935 5378 1247 5450 ἀνεξίτητον
1286 5382 1577 5451 μέλλοντας
1606 5387 1774 5439 ποιεῖ-

183 5469 308 5523 σθαι
339 5470 442 5540 τὴν
471 5469 715 5539 ἐντολήνο
742 5470 1029 5539 τοιγάρτοι
1053 5470 1145 5523 καὶ
1172 5469 1420 5544 ζηλωτὴν
1449 5475 1641 5530 ἑαυτὸν
1666 5478 1775 5530 ὀνο-

186 5562 352 5633 μάζει
389 5562 524 5615 Θεὸν
549 5603 563 5626 ,
594 5562 689 5616 καὶ
733 5562 1007 5633 ἁμαρτίας
1038 5563 1290 5633 πατέρων
1318 5565 1633 5620 ἐπιτιθέντα
1662 5573 1776 5634 τοῖς

183 5654 243 5719 ἐξ
268 5654 473 5718 αὐτῶν,
500 5655 554 5707 εί
572 5671 636 5724 γε
670 5655 792 5708 κατ’
831 5657 1073 5717 ἐκείνους
1100 5653 1306 5709 ἕλοιντο
1332 5656 1502 5728 βιοῦν,
1527 5660 1618 5714 καὶ
1642 5680 1775 5735 προ-

258 5841 304 5875 ⁵²
328 5841 430 5899 lsa.
457 5858 552 5907 vn,
578 5842 630 5895 9.
729 5842 773 5873 ⁸³
797 5840 967 5897 Exod.
994 5858 1084 5908 xx,
1107 5841 1140 5895 2
1163 5856 1317 5911 seqq.

1875 4651 1951 4706 dii
1984 4650 2076 4704 alii
2112 4659 2312 4719 praeter
2341 4663 2428 4703 me
2459 4665 2470 4700 :
2507 4662 2617 4701 non
2658 4645 2827 4701 facies
2851 4642 2949 4700 tibi
2974 4646 3078 4716 ipsi
3103 4645 3333 4710 idolum,
3360 4659 3461 4699 ne-

1879 4760 1987 4815 que
2016 4743 2187 4798 ullius
2220 4742 2301 4796 rei
2328 4741 2706 4807 simulacrum,
2732 4754 3072 4809 quaecunque
3085 4738 3141 4792 in
3167 4738 3306 4792 caelo
3334 4744 3463 4791 sunt

1879 4850 2120 4900 sursum,
2152 4846 2208 4891 et
2245 4849 2590 4905 quaecunque
2626 4832 2683 4886 in
2732 4840 2879 4887 terra
2923 4831 3205 4895 deorsum,
3233 4837 3289 4884 et
3316 4844 3463 4898 qure-

1882 4927 2174 4997 cunquein
2195 4926 2353 4997 aquis
2384 4926 2488 4980 sub
2512 4933 2685 4979 terra:
2737 4940 2847 4979 non
2875 4922 3133 4977 adorabis
3169 4936 3255 4985 ea,
3279 4933 3461 4988 neque

1882 5023 2097 5077 servies
2120 5021 2248 5075 illis.
2283 5021 2396 5091 Ego
2431 5020 2582 5075 enim
2626 5034 2748 5073 sum
2801 5017 3067 5071 Dominus
3118 5016 3264 5069 Deus
3312 5020 3459 5075 tuus,

1884 5115 2029 5168 Deus
2053 5114 2275 5178 zelotes,
2305 5111 2545 5166 reddens
2586 5117 2807 5179 peccata
2838 5116 3057 5177 patrum
3098 5106 3154 5160 in
3186 5104 3348 5169 ﬁlios,
3372 5119 3458 5158 us-

1883 5222 1989 5277 que
2019 5204 2087 5259 ad
2117 5206 2335 5260 tertiam
2391 5211 2448 5257 et
2489 5212 2740 5272 quartam
2783 5200 3217 5271 generationem,
3269 5197 3337 5251 iis
3365 5194 3461 5266 qui

1883 5300 2122 5354 oderunt
2147 5313 2255 5360 me,
2288 5295 2447 5367 174
2463 5302 2519 5350 et
2540 5290 3197 5349 faciensmisericordiam
3213 5289 3270 5342 in
3288 5287 3459 5342 millia

1883 5391 1955 5444 iis
2004 5388 2100 5459 qui
2137 5388 2377 5458 diligunt
2399 5401 2507 5451 me,
2533 5392 2589 5439 et
2615 5390 2837 5439 servant
2880 5388 3153 5452 praacepta
3184 5395 3308 5435 mea
3337 5379 3403 5431 ⁵³.
3435 5396 3453 5429 ι

1880 5481 2183 5553 Oportebat
2231 5480 2379 5534 enim
2430 5485 2490 5532 ut
2514 5476 2669 5531 duris
2720 5474 3024 5530 terroribus
3051 5488 3465 5529 commoveren-

1885 5583 1992 5639 tur,
2011 5571 2106 5642 qui
2134 5568 2393 5624 mandato
2418 5566 2627 5621 aditum
2666 5562 2989 5633 praeclusuri
3010 5569 3199 5627 erant;
3229 5560 3461 5629 ideoque

1882 5678 1935 5722 et
1976 5666 2211 5721 zelotcm
2237 5677 2295 5718 se
2319 5662 2493 5716 Deum
2538 5657 2794 5727 appellat,
2820 5665 2877 5711 et
2901 5663 3124 5727 peccata
3166 5661 3459 5728 parentum
