3998 6506
593 349 690 409 411

1614 367 1670 422 3.
1713 369 1988 426 CYi‘tlLLl
2027 373 2496 432 ALEXANDBINI
2535 379 2832 437 ARCHIEP
3751 394 3835 452 ΗΞ

597 475 788 534 liberis
811 479 1094 552 imponere
1127 499 1187 538 se
1218 485 1380 552 dicit;
1419 487 1462 541 si
1493 495 1670 544 tamen
1707 493 1962 548 similiter
2009 505 2154 566 atqui

2275 502 2510 564 γονικοῖς
2543 501 2874 571 ἁμιλλᾶσθαι
2901 506 3259 576 πταίσμασιν.
3291 505 3365 559 Οὐ
3393 505 3503 578 γὰρ
3533 507 3635 559 πού
3657 526 3836 580 φαμεν,

596 567 674 623 illi
712 571 921 640 vivere,
942 584 998 628 et
1031 591 1155 629 cum
1185 577 1376 645 patriis
1400 589 1609 635 certare
1631 583 1808 653 culpis
1845 586 2034 642 velint.
2059 588 2166 643 Ne-

595 675 703 729 que
753 663 900 717 enim
947 666 1181 720 dicimus
1212 668 1266 722 in
1314 684 1423 724 eos
1484 671 1578 741 qui
1605 673 1742 728 nihil
1811 675 2164 747 deliquerint,

594 764 818 822 peccata
839 766 1128 825 parentum
1153 759 1493 828 redundare;
1550 779 1674 818 cum
1728 765 1950 823 disertis
1986 771 2169 828 verbis

593 850 824 898 testetur
847 847 1050 902 Deusu
1082 849 1202 903 Non
1224 850 1531 906 morientur
1547 863 1735 923 patres
1760 873 1860 928 pro
1888 858 2034 928 ﬁliis,
2065 878 2165 918 ne-

592 950 697 1003 que
728 935 822 989 ﬁlii
843 953 944 1006 pro
967 941 1216 1009 patribus
1243 961 1255 994 :
1293 945 1672 1016 unusquisque
1704 949 1761 1002 in
1811 965 1912 1004 suo
1943 962 2168 1021 peccato

590 1029 859 1086 morietur
891 1034 957 1087 “.
982 1055 999 1085 ι
1032 1035 1161 1102 Sed,
1205 1037 1251 1092 si
1284 1052 1575 1109 parentum
1633 1048 1962 1101 sententiam
2006 1049 2166 1105 liberi

588 1132 910 1190 sequantur,
943 1141 1008 1181 ac
1031 1129 1222 1197 patria:
1266 1131 1563 1202 impietatis
1603 1136 1810 1193 fuerint
1840 1139 2160 1205 imitatores,

585 1215 837 1281 pervenit
859 1216 1079 1273 interim
1099 1223 1166 1276 ad
1193 1224 1340 1294 ipsos
1367 1242 1587 1296 quoque
1610 1230 1703 1283 Dei
1725 1231 2042 1303 indignatio.
2065 1236 2163 1300 Ac,

586 1303 632 1358 si
659 1307 875 1362 eveniat
899 1325 967 1364 ex
998 1311 1168 1381 ipsius
1189 1315 1354 1370 insita
1379 1317 1737 1389 benignitate,
1790 1329 1851 1376 ut
1876 1323 2039 1388 Deus,
2069 1324 2164 1393 qui

584 1407 669 1453 est
705 1415 873 1470 super
913 1405 1118 1471 omnia,
1165 1408 1360 1477 primis
1400 1410 1510 1465 illis
1548 1413 1793 1467 remittat
1814 1430 2006 1484 poenas
2052 1434 2064 1468 :
2107 1425 2165 1471 at

583 1498 734 1544 certe
774 1494 1031 1551 secundis
1084 1499 1326 1567 tandem,
1365 1511 1460 1556 aut
1482 1504 1659 1558 tertiis
1693 1508 2069 1564 commcritam
2095 1509 2164 1564 ab

583 1580 742 1636 initio
779 1583 1018 1641 debitam
1046 1589 1214 1672 impio
1257 1594 1443 1662 generi
1487 1594 1653 1650 infert
1683 1597 1840 1653 iram.
1889 1600 2166 1672 Compulit

584 1668 755 1740 igitur
784 1689 880 1729 eos
909 1677 975 1731 ad
1003 1667 1275 1746 timorem,
1310 1699 1437 1737 cum
1482 1701 1541 1740 se
1587 1687 1820 1743 zelotem
1865 1689 2040 1746 Deum
2065 1709 2164 1764 ap-

583 1763 846 1831 pellavit:
880 1768 987 1821 alia
1017 1785 1236 1840 quoque
1268 1773 1485 1830 ratione
1531 1777 1755 1832 eosdem
1796 1779 1853 1834 in
1881 1780 1988 1837 ﬁde
2027 1763 2162 1839 con-

2273 591 2350 655 ὡς
2377 595 2490 656 τοῖς
2513 610 2575 662 γε
2604 595 2740 660 ὅλως
2771 597 2927 651 οὐδὲν
2957 599 3490 671 πεπλημμεληκόσιν
3516 604 3573 655 αἱ
3607 602 3714 654 τῶν
3747 622 3836 659 πα-

2269 683 2443 752 τέρων
2467 687 3017 758 ἐγκατασκήπτουσιν
3067 692 3357 762 ἁμαρτίαι,
3392 693 3485 745 καί
3519 711 3601 747 τοι
3627 693 3835 768 διαρρή-

2268 773 2364 845 δην
2402 777 2842 850 ἀνακεκραγότος
2873 781 3011 835 Θεοῦ
3035 800 3049 816 ο
3093 802 3113 834 ι
3169 784 3282 836 Οὐκ
3316 784 3715 840 ἀποθανοῦνται
3751 806 3838 845 πα-

2267 866 2424 937 τέρες
2456 868 2594 940 ὑπὲρ
2622 871 2851 936 τέκνων,
2888 873 3009 927 οὐδὲ
3049 875 3217 928 τέκνα
3248 876 3388 947 ὑπὲρ
3415 876 3692 948 πατέριον,
3729 880 3839 934 ἐκα-

2270 974 2394 1024 στος
2427 963 2494 1031 τῇ
2523 963 2717 1017 ἑαυτοῦ
2751 965 2997 1038 ἁμαρτίᾳ
3026 967 3397 1022 ἀποθανεῖται.
3438 988 3456 1020 ι
3503 970 3642 1022 Ἀλλ’
3666 973 3715 1023 εί
3735 975 3837 1038 ταῖς

2266 1047 2376 1104 τῶν
2409 1051 2662 1122 πατέρων
2683 1054 2900 1110 ἕποιντο
2928 1057 3174 1128 γνώμαις
3208 1061 3256 1112 οἱ
3286 1060 3345 1124 ἐξ
3372 1061 3579 1125 αὐτῶν,
3607 1063 3708 1117 καὶ
3731 1081 3838 1130 προ-

2267 1141 2492 1213 γονικῆς
2526 1143 2846 1212 δυσσεϐείας
2865 1147 3072 1202 ἔσοιντο
3101 1151 3358 1222 ζηλωταὶ,
3399 1153 3722 1223 παρατείνει
3749 1173 3836 1209 που

2265 1231 2408 1302 τάχα
2439 1235 2534 1287 καὶ
2562 1237 2642 1299 είς
2670 1237 2866 1302 αὐτοὺς
2892 1241 2920 1292 ὁ
2947 1240 3134 1311 θυμός.
3166 1241 3281 1295 Κᾶν
3312 1245 3360 1295 εἱ
3395 1243 3608 1311 γένοιτό
3648 1261 3760 1307 πως
3787 1246 3836 1310 ἐξ

2266 1327 2509 1397 ἐμφύτου
2571 1330 2981 1402 φιλανθρωπίας
3035 1335 3243 1387 ἀνεῖναι
3292 1338 3406 1399 τοῖς
3466 1335 3708 1407 πρώτοις
3759 1338 3836 1391 τὸν

2268 1416 2412 1487 ὑπὲρ
2456 1417 2634 1473 πάντα
2661 1419 2814 1486 Θεὸν,
2863 1421 2924 1475 τὸ
2954 1422 3280 1488 κολάζεσθαι
3314 1425 3448 1491 δεῖν,
3487 1426 3607 1478 ἀλλ’
3640 1423 3733 1480 οῦν
3753 1429 3835 1498 ὀψὲ

2265 1511 2378 1573 τοῖς
2415 1510 2688 1583 δευτέροις
2712 1513 2878 1583 ἤγουν
2902 1517 3015 1578 τοῖς
3045 1515 3252 1585 τρίτοις
3282 1517 3481 1584 ἐπάγει
3509 1517 3613 1588 τὴν
3654 1519 3712 1570 ἐν
3749 1521 3834 1591 ἀρ-

2266 1605 2388 1672 χαῖς
2418 1603 2495 1674 τῷ
2535 1604 2745 1676 βεϐήλῳ
2769 1605 2918 1674 γένει
2945 1607 3262 1677 πρέπουσάν
3283 1626 3342 1662 τε
3378 1610 3472 1662 καὶ
3497 1611 3843 1680 ὀφειλομένην-

2266 1695 2455 1766 ὀργήν.
2485 1695 2779 1750 Κατεσόϐει
2805 1697 2980 1752 τοίνυν
3007 1699 3086 1761 είς
3105 1699 3166 1752 τὸ
3193 1699 3479 1769 φοϐεῖσθαι
3503 1702 3582 1770 (ί)
3599 1701 3730 1767 δεῖν,
3757 1704 3836 1772 ζη-

2267 1787 2445 1856 λωτὴν
2490 1789 2685 1842 ἐαυτὸν
2713 1789 2994 1860 ὀνομάζων
3036 1790 3200 1843 Θεόν·
3231 1791 3480 1844 ἐϐεϐαίου
3504 1809 3569 1860 γε
3612 1793 3718 1863 μὴν
3760 1799 3837 1848 καὶ

582 1853 836 1923 ﬁrmavit,
873 1860 1182 1928 pollicendo
1225 1864 1502 1921 facturum
1553 1884 1613 1923 se
1642 1871 2076 1928 misericordiam
2107 1876 2154 1931 in

2266 1879 2469 1950 ἑτέρως
2500 1881 2579 1943 εἰς
2611 1881 2792 1934 πίστιν
2823 1883 3020 1945 αὐτοὺς
3047 1927 3061 1946 ,
3096 1885 3271 1936 ποιεῖν
3308 1883 3458 1948 ἕλεος
3489 1886 3572 1948 εἰς
3606 1886 3832 1955 χιλιάδας

581 1944 751 2000 millia
787 1947 854 2001 iis
880 1950 973 2017 qui
1007 1967 1065 2005 se
1092 1952 1403 2024 diligerent.
1435 1957 1534 2013 llis
1580 1959 1822 2014 vicinum
1847 1973 2167 2033 cognatum-

578 2049 685 2103 que
729 2039 1045 2096 mandatum
1090 2043 1323 2114 adjecit;
1376 2048 1455 2102 ait
1495 2049 1676 2105 enim:
1730 2052 1888 2107 «Non
1928 2055 2165 2126 accipies

575 2140 775 2182 nomen
806 2128 1023 2185 Domini
1048 2134 1144 2188 Dei
1183 2136 1262 2189 tui
1299 2137 1355 2191 in
1381 2155 1624 2207 vanum;
1656 2158 1765 2197 non
1792 2145 1941 2199 enim
1973 2147 2164 2202 inson-

576 2223 687 2269 tem
710 2217 938 2275 habebit
959 2222 1226 2280 Dominus
1280 2243 1409 2282 cum
1457 2231 1551 2300 qui
1579 2233 1778 2303 accipit
1816 2251 2017 2292 nomen
2045 2240 2165 2309 ejus

576 2305 633 2360 in
652 2323 856 2364 vanum
885 2313 952 2367 ⁸⁵.
978 2334 996 2364 ι
1035 2315 1151 2372 Hoc
1181 2321 1434 2375 nonnulli
1474 2322 1770 2390 faciebant,
1796 2327 1961 2398 lignis
1994 2345 2059 2384 ac
2076 2305 2162 2386 la-

575 2399 800 2469 pidibus
835 2403 933 2458 Dei
971 2409 1395 2478 appellationem
1426 2413 1762 2483 tribuendo;
1794 2427 1848 2473 et
1884 2419 2018 2475 illud
2066 2437 2165 2478 no-

574 2506 722 2560 men,
755 2497 903 2564 quod
930 2507 1017 2553 est
1043 2515 1212 2571 super
1248 2519 1415 2559 omne
1471 2522 1698 2575 nomen,
1737 2513 1903 2567 stulte
1958 2515 2026 2568 ad
2063 2515 2164 2569 hu-

575 2600 750 2640 manm
767 2603 963 2643 manus
987 2592 1282 2648 artiﬁcium
1340 2605 1505 2668 atque
1534 2615 1756 2670 operam
1804 2603 2114 2675 dejiciendo
2143 2625 2157 2674 ;

573 2675 642 2731 de
661 2678 863 2747 quibus
899 2680 1037 2736 dixit
1059 2684 1202 2739 Deus
1232 2702 1330 2757 per
1353 2689 1503 2745 lsaiae
1533 2707 1726 2747 vocem
1757 2711 1768 2747 :
1811 2715 1828 2745 ι
1861 2696 2160 2767 Postquam

571 2767 737 2839 elegit
766 2771 921 2827 faber
948 2774 1180 2845 lignum,
1212 2781 1501 2838 constituit
1531 2783 1666 2838 illud
1696 2785 1752 2840 in
1780 2801 2062 2854 mensura,
2105 2800 2160 2845 et

571 2859 780 2928 glutine
804 2867 1112 2935 composuit
1140 2868 1274 2924 illud
1315 2881 1375 2925 ut
1400 2873 1635 2929 formam
1665 2876 1790 2943 viri,
1827 2886 1883 2932 et
1934 2888 1995 2933 ut
2039 2880 2162 2949 pul-

571 2949 942 3010 chritudinem
979 2958 1238 3028 hominis,
1295 2971 1354 3018 ut
1383 2973 1652 3022 statueret
1706 2968 1839 3024 illud
1864 2971 1917 3025 in
1958 2971 2155 3040 domo;

569 3043 779 3100 excidit
816 3047 1028 3118 lignum
1054 3066 1084 3105 a
1126 3053 1283 3119 silva,
1317 3058 1465 3126 quod
1500 3058 2073 3130 plantavitDominus,
2102 3073 2160 3121 et

2267 1969 2696 2040 ὑπισχνούμενος
2741 1975 2855 2034 τοῖς
2887 1972 3176 2040 ἀγαπῶσιν
3215 1973 3397 2028 αὐτόν.
3446 1974 3761 2044 Προσετίθει
3788 1976 3834 2028 δὲ

2264 2061 2475 2126 τούτοις
2507 2062 2724 2129 γείτονά
2762 2080 2821 2115 τε
2849 2064 2942 2116 καὶ
2987 2064 3222 2134 ἀδελφὴν
3263 2065 3487 2134 ἐντολήν
3509 2083 3520 2092 ·
3567 2086 3585 2116 ι
3636 2066 3710 2118 Οὐ
3744 2066 3834 2135 γὰρ

2264 2150 2408 2222 λήψῃ
2428 2193 2442 2216 ,
2479 2153 2634 2222 φησὶ,
2667 2152 2727 2205 τὸ
2755 2153 2928 2224 ὄνομα
2965 2154 3170 2225 Κυρίου
3205 2155 3301 2208 τοῦ
3329 2155 3466 2208 Θεοῦ
3498 2173 3595 2209 σου
3628 2156 3717 2208 ἐπὶ
3748 2174 3834 2225 μα-

2263 2245 2402 2314 ταίῳ
2427 2261 2439 2272 ’
2474 2245 2536 2297 ού
2565 2245 2674 2314 γὰρ
2707 2246 2781 2316 μὴ
2818 2247 3096 2319 καθαρίσῃ
3135 2247 3343 2319 Κύριος
3372 2249 3465 2301 τὸν
3507 2247 3833 2317 λαμϐάνοντα

2264 2337 2324 2390 τὸ
2351 2338 2522 2408 ὄνομα
2542 2337 2705 2390 αὑτοῦ
2734 2338 2826 2392 ἐπὶ
2857 2339 3088 2410 ματαίῳ.
3106 2357 3122 2388 ι
3163 2339 3333 2392 Τοῦτό
3365 2356 3511 2402 τινες
3540 2339 3734 2408 ἔδρων,
3757 2337 3833 2402 Eni-

2263 2427 2378 2492 λοις
2407 2446 2470 2482 τε
2501 2430 2595 2483 καὶ
2633 2428 2802 2493 λίθοις
2831 2430 2928 2501 τὴν
2966 2429 3062 2484 τοῦ
3089 2429 3226 2483 Θεοῦ
3256 2430 3448 2501 κλῆσιν
3479 2430 3828 2493 ἀνάπτοντες,

2264 2520 2357 2572 καὶ
2385 2519 2476 2572 τὸν
2515 2521 2656 2592 ὑπὲρ
2679 2521 2787 2573 πᾶν
2811 2520 2982 2592 ὄνομα
3013 2521 3477 2591 κατακομίζοντες
3504 2522 3732 2592 ἀμαθῶς
3764 2523 3830 2586 εἰς

2262 2613 2614 2686 ἀνθρωπίνης
2657 2614 2840 2686 χειρὸς
2870 2613 3244 2685 φιλοτέχνημά
3272 2632 3331 2666 τε
3365 2615 3459 2667 καὶ
3488 2616 3669 2668 πόνον.
3705 2617 3828 2685 Ἔφη

2261 2705 2317 2758 δέ
2349 2723 2451 2758 που
2477 2707 2604 2778 περὶ
2625 2707 2806 2760 αὐτῶν
2826 2706 2914 2760 διὰ
2939 2705 3124 2776 φωνῆς
3153 2707 3377 2761 Ἡσαΐου
3407 2707 3572 2771 Θεὸς·
3605 2727 3623 2758 ι
3665 2709 3828 2761 Ἐκλε-

2264 2796 2496 2869 ξᾶμενος
2533 2799 2742 2851 τέκτων
2772 2797 2927 2862 ξύλον
2947 2839 2961 2863 ,
2989 2797 3217 2869 ἔστησεν
3246 2798 3378 2852 αὐτὸ
3412 2800 3471 2850 ἐν
3503 2799 3689 2870 μέτρῳ
3709 2843 3721 2862 ,
3750 2801 3828 2853 καὶ

2261 2889 2319 2942 ἐν
2369 2889 2914 2961 κὸλλῃ“ὲρρύθμισεν
2960 2889 3112 2952 αὐτὸ,
3166 2889 3262 2943 καὶ
3305 2889 3565 2958 ἐποίησεν
3606 2890 3737 2943 αύτό
3764 2890 3827 2953 ὡς

2265 2982 2479 3053 μορφὴν
2513 2982 2727 3051 ἀνδρὸς.
2763 2982 2858 3035 καὶ
2886 2979 2964 3043 ὡς
2989 2980 3301 3051 ὡραιότητα
3321 2980 3614 3050 ἀνθρώπου
3649 2982 3826 3051 στῆσαι

2259 3073 2393 3127 αὐτὸ
2415 3075 2473 3126 ἐν
2502 3074 2634 3143 οἴκῳ
2657 3091 2672 3104 ο
2697 3071 2860 3142 ἐκοψε
2888 3071 3044 3139 ξύλον
3074 3074 3138 3125 ἐκ
3160 3070 3254 3124 τοῦ
3279 3070 3490 3141 δρυμοῦ
3520 3072 3550 3124 ὃ
3580 3072 3830 3140 ἐφύτευσε

569 3134 748 3192 imber
773 3142 944 3208 auxit,
978 3153 1038 3199 ut
1061 3145 1132 3201 sit
1164 3148 1484 3208 hominibus
1509 3153 1565 3208 in
1589 3156 2029 3214 combustionem
2055 3177 2070 3226 ;
2101 3172 2154 3216 et

2263 3167 2468 3237 Κύριος
2493 3206 2506 3230 ,
2557 3134 2651 3218 καὶ
2679 3134 2834 3227 ὑετὸς
2885 3134 3184 3233 έμήκυνεν,
3216 3134 3323 3216 ἴνα.
3425 3134 3724 3255 ἀνθρώποις
3760 3165 3829 3255 είς

569 3231 850 3303 accipiens
884 3237 953 3291 ab
996 3237 1089 3294 illo
1118 3241 1418 3299 calefactus
1445 3255 1530 3300 est
1556 3264 1568 3299 :
1619 3255 1676 3302 ct
1706 3249 2035 3306 accedentes
2057 3267 2154 3309 co-

566 3336 767 3381 xerunt
797 3345 964 3398 panes
996 3347 1162 3403 super
1188 3334 1321 3405 ipsis
1346 3378 1358 3389 .
1396 3337 1464 3392 de
1497 3339 1712 3410 reliquo
1745 3358 1879 3398 vero
1907 3344 2158 3402 fecerunt

567 3415 792 3481 deos,et
828 3421 1058 3478 adorant
1118 3427 1240 3482 illos
1275 3429 1340 3482 ⁸⁸.
1375 3448 1392 3480 ι
1431 3430 1500 3485 Et
1526 3441 1649 3502 post
1693 3434 1837 3489 alia:
1893 3457 1910 3488 ι
1936 3437 2153 3510 Cogno-

567 3509 704 3564 scite
759 3512 888 3580 quia
929 3514 1070 3570 cinis
1117 3527 1203 3572 est
1244 3534 1340 3574 cor
1373 3536 1588 3589 eorum,
1627 3532 1684 3578 et
1728 3536 1915 3581 errant
1937 3509 2054 3582 ".7;
2085 3530 2152 3586 Hi

567 3599 844 3670 accipiunt
877 3620 1076 3661 nomen
1104 3609 1320 3664 Domini
1363 3613 1420 3666 in
1448 3629 1673 3670 vanum.
1729 3616 2026 3687 Caeterum,
2055 3621 2151 3691 qui

561 3692 676 3762 jam
713 3709 744 3748 e
788 3695 992 3751 diaboli
1037 3698 1251 3770 laqueis
1269 3702 1542 3770 exierunt,
1565 3721 1630 3762 ac
1650 3707 1824 3763 Deum
1847 3727 2038 3766 verum
2060 3728 2153 3768 co-

566 3795 898 3851 gnoverunt,
931 3788 1091 3858 175
1115 3805 1210 3846 eos
1237 3807 1439 3849 censeo
1461 3811 1573 3850 non
1601 3796 1803 3855 debere
1829 3800 1899 3855 ad
1937 3801 2150 3872 ineptas

570 3871 967 3945 intclligentias
1019 3879 1382 3938 claudicando
1419 3883 1549 3949 labi,
1606 3901 1784 3956 neque
1839 3887 1896 3943 in
1943 3871 2046 3944 hac
2091 3906 2149 3947 re

565 3961 900 4034 degenerem,
941 3983 1167 4025 sensum
1201 3973 1369 4029 stulte
1401 3978 1716 4046 complecti,
1759 3978 1816 4034 in
1868 3994 1993 4034 eam
2025 3981 2147 4052 opi-

563 4056 786 4111 nionem
815 4059 1103 4128 adductos,
1136 4065 1354 4121 utalios
1369 4078 1670 4138 agnoscant
1693 4071 1846 4138 deos,
1874 4081 1970 4127 aut
1998 4082 2149 4130 certe

563 4148 907 4206 arbitrentur
961 4155 1189 4210 omnino
1237 4159 1506 4228 quosdam
1554 4177 1697 4228 esse,
1744 4173 1946 4234 praeter
2017 4182 2147 4222 eum

563 4240 658 4309 qui
730 4258 875 4297 unus
911 4255 968 4300 et
999 4262 1166 4303 verus
1203 4250 1294 4304 sit.
1351 4251 1510 4307 «Etsi
1561 4253 1710 4308 enim
1760 4255 2018 4312 dicantur
2065 4258 2144 4314 dii

560 4335 834 4404 nonnulli,
882 4353 946 4394 ac
979 4340 1208 4409 domini,
1247 4353 1303 4400 et
1333 4345 1390 4400 in
1430 4346 1592 4415 coelo,
1631 4357 1688 4404 et
1730 4350 1789 4404 in
1823 4359 1970 4406 terra
2005 4370 2018 4406 :
2049 4353 2146 4410 sed

560 4425 722 4482 nobis
776 4442 920 4485 unus
947 4431 1112 4500 Deus,
1145 4435 1310 4491 Pater
1331 4452 1552 4509 nempe,
1582 4455 1649 4495 ex
1671 4455 1784 4511 quo
1830 4443 2034 4511 omnia,
2090 4454 2146 4500 et

2263 3254 2481 3320 καῦσιν,
2517 3255 2612 3308 καὶ
2640 3252 2818 3307 λαϐὼν
2860 3253 2953 3307 ἀπ’
2993 3251 3182 3317 αὐτοῦ,
3215 3250 3559 3322 ἐθερμάνθη,
3589 3253 3677 3304 καὶ
3704 3252 3830 3305 acati-

2262 3363 2454 3410 σαντες
2486 3344 2692 3414 ἔπεψαν
2736 3343 2934 3415 ἄρτους
2961 3343 3047 3396 ἐπ’
3091 3341 3306 3396 αὐτῶν·
3339 3343 3402 3396 τὸ
3425 3341 3484 3394 δὲ
3519 3342 3697 3395 λοιπὸν
3722 3345 3827 3414 εἰρ-

2260 3438 2503 3508 γάσαντο
2531 3438 2612 3500 είς
2634 3436 2818 3500 θεοὺς,
2846 3437 2938 3489 καὶ
2979 3434 3379 3505 προσκυνοῦσιν
3421 3437 3627 3498 αὐτοῖς.
3673 3455 3689 3486 ι
3725 3437 3828 3490 Καὶ

2263 3529 2382 3600 μεθ’
2405 3530 2567 3600 ἕτερα
2591 3544 2606 3561 ο
2634 3548 2652 3580 ι
2681 3526 2883 3593 Γνῶτε,
2912 3527 2996 3579 ὅτι
3023 3526 3216 3589 σποδὸς
3241 3528 3274 3596 ὴ
3307 3527 3500 3597 καρδία
3522 3528 3715 3592 αὐτῶν,
3741 3528 3825 3581 καὶ

2259 3619 2590 3674 πλανῶνται.
2645 3638 2665 3670 ι
2719 3612 2878 3672 Οὗτοι
2913 3615 3251 3686 λαμϐάνουσι
3301 3614 3364 3668 τὸ
3425 3615 3601 3686 ὄνομα
3637 3616 3824 3686 Κυρίου

2257 3713 2350 3765 ἐπὶ¹
2382 3709 2618 3782 ματαίῳ.
2676 3707 2816 3762 Ἀλλ’
2851 3702 3008 3778 οἶμαι
3043 3705 3153 3758 δεῖν
3187 3705 3313 3767 τοὺς
3344 3706 3398 3759 οἵ
3423 3722 3488 3774 γε
3531 3707 3708 3759 λοιπὸν
3733 3705 3824 3770 ἔξω

2256 3821 2316 3856 τε
2349 3804 2534 3871 πάγης
2572 3800 2825 3870 γεγόνασι
2865 3797 3181 3868 διαϐολικῆς
3205 3838 3220 3862 ,
3249 3797 3342 3851 καὶ
3381 3796 3517 3850 Θεὸν
3569 3797 3820 3865 ἐγνώκασι

2254 3893 2346 3949 τὸν
2374 3891 2650 3963 ἀληθινὸν,
2682 3889 2757 3961 μὴ
2785 3891 2865 3952 εἰς
2913 3887 3130 3959 ψυχρὰς
3159 3887 3410 3951 ὀκλάζειν
3443 3889 3672 3950 ἐννοίας,
3703 3892 3821 3958 μήτε

2254 3986 2364 4056 μὴν
2403 3983 2466 4036 τὸ
2507 3983 2731 4053 ἀγεννὲς
2765 3981 2821 4034 ἐν
2858 3997 2922 4049 γε
2960 3980 3026 4050 δὴ
3065 3979 3241 4050 τούτῳ
3287 3981 3457 4051 τιμᾷν
3509 3981 3816 4050 φληνάφως,

2251 4075 2676 4146 ὰνθελκομένους
2691 4075 2770 4137 είς
2792 4071 2853 4125 τὸ
2873 4072 2981 4133 δεῖν
3004 4071 3225 4143 ἐτέρους
3255 4071 3454 4130 είδέναι
3475 4071 3650 4135 θεοὺς,
3673 4075 3816 4143 ἠγουν

2250 4165 2460 4221 οἴεσθαί
2489 4182 2642 4228 τινας
2673 4163 2943 4235 ὑπάρχειν
2968 4161 3105 4225 ὅλως
3143 4162 3296 4233 παρὰ
3328 4161 3420 4214 τὸν
3451 4162 3551 4214 ἕνα
3587 4164 3678 4216 καὶ
3700 4161 3814 4231 ἀλη-

2252 4259 2360 4322 θῶς
2380 4299 2394 4314 .
2431 4277 2450 4310 ‹
2505 4258 2568 4311 El
2598 4256 2706 4326 γὰρ
2734 4256 2829 4309 καὶ
2878 4253 3122 4323 λέγοιντο
3154 4271 3299 4316 τινες
3326 4252 3443 4306 θεολ⁷
3490 4256 3588 4308 καὶ
3618 4255 3813 4325 κύριοι,

2249 4349 2305 4404 ἕν
2331 4366 2390 4403 τε
2423 4347 2500 4419 τῷ
2534 4345 2769 4418 οὐρανῷ,
2813 4345 2908 4399 καὶ
2941 4345 3032 4397 ἐπὶ
3066 4345 3188 4414 γῆς,
3214 4343 3328 4396 ἀλλ’
3354 4344 3490 4413 ἡμῖν
3520 4341 3603 4408 εἷς
3626 4344 3760 4406 Θεὸς,
3791 4345 3816 4394 ό

2250 4441 2463 4513 Πατὴρ,
2496 4441 2554 4507 ἐξ
2583 4432 2644 4493 οὗ
2679 4439 2748 4492 τὰ
2774 4438 2950 4492 πάντα
2989 4438 3086 4490 καὶ
3107 4437 3269 4507 ἡμεῖς
3302 4437 3383 4498 είς
3407 4438 3575 4490 αὐτόν
3599 4454 3612 4467 ·
3640 4429 3814 4497 καὶεῖς

559 4533 662 4574 nos
681 4520 736 4575 in
758 4521 941 4589 illum;
982 4533 1038 4579 et
1060 4543 1205 4583 unus
1239 4529 1508 4586 Dominus
1542 4532 1705 4589 Jesus
1741 4533 2020 4602 Christus,
2045 4552 2145 4607 per

2258 4534 2448 4605 Κύριος
2486 4530 2693 4603 Ἰησοῦς
2721 4530 2977 4602 Χριστὸς,
3009 4528 3076 4584 δι’
3103 4523 3164 4582 οὗ
3204 4527 3270 4581 τὰ
3301 4529 3481 4582 πάντα
3507 4571 3522 4595 ,
3556 4528 3650 4582 καὶ
3672 4528 3812 4598 ἡμεῖς

556 4623 722 4678 quem
761 4613 963 4680 omnia,
985 4625 1046 4671 et
1075 4632 1177 4672 nos
1227 4635 1329 4688 per
1368 4621 1579 4691 ipsum;
1621 4631 1682 4679 et
1726 4641 1870 4681 unus
1901 4626 2144 4696 Spiritus

558 4709 803 4768 sanctus,
846 4704 903 4758 in
941 4721 1051 4775 quo
1081 4708 1288 4776 omnia,
1329 4720 1386 4765 et
1431 4727 1536 4768 nos
1583 4714 1638 4768 in
1666 4715 1785 4784 ipso
1803 4715 1868 4770 ⁵⁸.
1901 4737 1919 4768 ι
1950 4718 2141 4789 Neque

554 4791 705 4846 enim
739 4793 1047 4852 divinitatis
1080 4807 1333 4856 naturam
1367 4803 1422 4857 in
1469 4807 1649 4860 solum
1680 4824 1851 4863 unum
1882 4810 2056 4865 Deum
2083 4822 2142 4868 et

556 4885 770 4941 Patrem
792 4887 1021 4945 Judaice
1046 4895 1514 4963 contrahemus;;
1547 4899 1644 4953 sed
1685 4900 1834 4955 illam
1871 4903 2142 4972 quodam-

555 4977 719 5032 modo
764 4978 1044 5037 dilatando
1091 4983 1146 5038 in
1197 4997 1442 5043 sanctam
1500 4992 2137 5067 consubstantialemquc

554 5066 898 5141 Trinitatem,
947 5083 1112 5145 atque
1145 5085 1261 5132 tum
1286 5095 1646 5149 personarum
1701 5086 1990 5155 qualitate,
2018 5066 2136 5144 tum

553 5159 860 5232 hypostasis
883 5167 1222 5238 proprietate
1245 5170 1658 5244 distinguendo,
1693 5176 1750 5231 in
1784 5193 1956 5233 unum
2007 5197 2133 5236 rur-

553 5265 647 5306 sus
701 5253 876 5310 Deum
930 5260 1341 5329 contrahemus,
1390 5274 1617 5335 propter
1660 5267 1909 5324 eamdem
1964 5271 2134 5325 trium

551 5343 947 5416 substantiam;
981 5352 1156 5422 etipsi
1185 5355 1512 5421 serviemus,
1544 5359 1837 5431 ipsumque
1869 5362 2134 5418 adorabi-

551 5447 692 5503 mus,
722 5437 1028 5497 invocando
1058 5443 1272 5501 Patrem
1303 5456 1358 5502 et
1391 5449 1589 5504 Filium
1619 5468 1684 5507 ac
1709 5452 1975 5522 Spiritum
2005 5471 2135 5511 san-

549 5532 722 5582 ctum.
765 5549 783 5580 ι
808 5529 928 5586 Non
952 5535 1100 5590 enim
1138 5551 1319 5605 erunt,
1350 5561 1366 5591 ι
1404 5541 1602 5611 inquit,
1636 5564 1653 5596 ι
1697 5544 1773 5599 dii
1812 5547 1904 5602 alii
1935 5558 2136 5618 printer

2245 4627 2314 4681 δι’
2340 4623 2506 4680 αὐτοῦ
2533 4640 2546 4652 ’
2586 4625 2681 4677 καὶ
2697 4622 2755 4679 ἓν
2792 4621 3020 4692 Πνεῦμα
3037 4621 3221 4689 ἆγιον,
3249 4621 3307 4672 ἐν
3331 4613 3376 4688 ᾧ
3399 4620 3471 4673 τὰ
3506 4621 3704 4684 πάντα,
3733 4618 3810 4673 καὶ

2246 4721 2408 4791 ἡμεῖς
2438 4721 2496 4772 ἐν
2527 4716 2702 4788 ataui);
2735 4735 2753 4766 ι
2792 4716 3032 4768 ’Ἡκιστα
3060 4714 3158 4785 μὲν
3187 4712 3298 4784 γὰρ
3329 4711 3430 4784 τὴν
3456 4713 3557 4781 τῆς
3581 4713 3811 4783 θεότητος

2246 4812 2410 4883 φύσιν
2436 4808 2802 4880 συστελοῦμεν
2834 4806 3157 4870 Ἰουδαϊκῶς.
3187 4807 3264 4869 εἰς
3285 4805 3444 4876 μόνον
3467 4805 3565 4858 τὸν
3590 4805 3683 4859 ἕνα
3700 4804 3809 4858 Θεὸν

2245 4905 2340 4959 καὶ
2386 4902 2629 4971 Πατέρα,
2663 4899 3088 4970 κατευρύνοντες
3127 4897 3186 4951 δὲ
3234 4897 3426 4968 ὥσπερ
3469 4899 3554 4960 εἰς
3583 4897 3806 4966 ἁγίανςι

2249 4993 2342 5049 καὶ
2375 4991 2661 5063 ὁμοούσιον
2687 4989 2895 5061 Τριάδα
2919 5005 2933 5019 ·
2969 4990 3063 5042 καὶ
3087 4990 3193 5058 μὴν
3219 4989 3313 5041 καὶ
3338 4987 3650 5058 προσώπων
3681 4983 3808 5039 ποιό-

2245 5103 2390 5157 τητι,
2445 5084 2541 5137 καὶ
2588 5082 2943 5145 ὑποστάσεως
2997 5081 3221 5149 ἰδιότητι
3275 5079 3698 5143 διαστέλλοντες,
3738 5076 3805 5137 εἰς

2241 5181 2339 5234 ἕνα
2375 5177 2439 5249 δὴ
2479 5175 2644 5230 πάλιν
2689 5172 3052 5243 συπελοῦμεν
3086 5171 3240 5236 Θεὸν,
3265 5172 3356 5226 διὰ
3399 5173 3464 5225 τὸ
3508 5173 3609 5243 τῆς
3641 5170 3803 5232 οὐσίας

2239 5270 2454 5332 ταυτὸν,
2475 5267 2570 5322 καὶ
2590 5263 2740 5336 αὐτῷ
2760 5263 3154 5335 λατρεύσομεν,
3177 5262 3327 5333 αὐτῴ
3349 5264 3628 5333 προσκυνή
3638 5277 3799 5332 σομεν,

2239 5358 2658 5430 ἐπικαλούμενοι
2680 5355 2771 5410 τὸν
2787 5355 3010 5426 Πατέρα
3030 5355 3228 5408 καὶτὸν
3250 5354 3379 5407 Υἱὸν
3401 5355 3578 5408 καὶτὸ
3599 5351 3797 5420 Πνεῦμα

2237 5454 2300 5508 τὸ
2319 5452 2495 5520 ἅγιον.
2519 5469 2538 5502 ι
2562 5451 2638 5504 υύ
2657 5449 2769 5520 γὰρ
2798 5446 3033 5510 ἔσονται,
3062 5465 3080 5497 ι
3110 5447 3266 5518 φησὶ,
3289 5466 3306 5497 ι
3341 5446 3455 5499 θεοὶ
3479 5447 3650 5518 ἕτεροι
3678 5443 3800 5515 πλὴν

2249 5545 2406 5618 ἐμοῦ·
2450 5564 2468 5594 ι
2513 5542 2608 5598 καὶ
2633 5541 2796 5598 πάλιν
2821 5557 2836 5572 ·
2875 5559 2894 5592 ‹
2936 5539 3144 5611 Κύριον
3174 5539 3265 5592 τὸν
3293 5537 3425 5592 Θεὸν
3459 5556 3552 5593 σου
3584 5553 3806 5611 προσκιιε

618 5713 667 5744 ⁸³
688 5714 848 5771 Deut.
879 5730 1021 5780 xxnv,
1061 5721 1143 5775 16.
1226 5724 1269 5754 ⁵⁸
1295 5723 1466 5778 Exod.
1495 5743 1582 5791 xx,
1609 5728 1657 5780 7.
1739 5729 1783 5759 σιί
1817 5729 1917 5782 lsa.
1947 5744 2085 5792 κων,
2116 5727 2154 5780 li

2258 5744 2360 5797 sqq.
2431 5724 2659 5789 "lbid.,
2695 5722 2782 5777 20.
2862 5721 2906 5753 ⁵⁸
2947 5720 3118 5776 lCor.
3146 5735 3260 5785 vm,
3288 5721 3341 5785 5,
3370 5719 3421 5773 6.

626 5829 702 5898 (l)
739 5830 828 5887 Sic
853 5833 972 5888 cod.
1000 5834 1119 5889 Vat.
1150 5853 1162 5901 ;
1197 5836 1380 5892 Sirlcti
1412 5848 1613 5904 autem,
1651 5842 1727 5904 εἰς
1752 5841 1810 5894 τὸ
1833 5840 2146 5912 ἐρηρεῖσθαι

2258 5838 2617 5910 (ﬁrmitatem,
2649 5850 2759 5895 non
2791 5834 2949 5890 male.
