3998 6524
583 380 689 437 HS

1627 384 1681 438 s.
1723 382 2000 439 CYRILLI
2041 381 2513 437 ALEXANDRINI
2554 380 2872 437 ARClllEP.
3746 357 3855 439 ἰιι

585 498 720 559 rjtui
752 507 941 568 gratim
974 499 1366 554 contumeliam
1405 498 1669 566 facerent,
1728 500 1783 553 in
1811 515 1920 569 quo
1960 497 2165 553 sancti-

2274 496 2651 566 ἡγιάσθησαν,
2689 496 2783 550 καὶ
2812 495 3065 564 γεγόνασι
3110 495 3211 565 τῆς
3251 495 3398 558 θείας
3426 512 3643 564 φυσεως
3681 517 3857 553 κοινω-

585 592 756 657 ﬁcati,
788 581 1099 661 divinaeque
1124 601 1337 646 natura:
1382 592 1684 661 participes
1724 593 1854 647 facti
1912 601 2071 646 erant
2095 592 2161 643 °°.

585 686 815 743 Utenim
843 684 1096 752 militem,
1129 685 1224 754 qui
1252 685 1502 756 clypeum
1530 686 1815 756 abjecerit,
1847 701 1911 740 ac
1933 685 2000 739 de
2021 700 2165 754 prte-

585 779 661 833 lio
698 778 920 848 fugerit,
966 778 1223 832 secundis
1282 778 1537 849 insigniri
1592 778 2009 833 characteribus
2055 792 2167 831 non

585 877 836 938 oportet;
881 867 976 921 sed
1012 869 1123 937 jam
1152 868 1359 938 puniri,
1391 881 1448 923 et
1486 870 1717 940 ignaviae
1748 884 1938 938 pugnas
1978 870 2161 922 luere:

586 958 655 1011 ad
678 959 934 1013 eumdem
970 959 1213 1024 modum,
1254 962 1347 1031 qui
1386 961 1441 1015 in
1482 960 1621 1015 adeo
1670 970 1955 1032 augustam
2000 969 2166 1029 atque

583 1050 969 1105 admirabilem
993 1054 1226 1122 gratiam
1258 1052 1447 1124 injurii
1486 1052 1712 1119 fuerint,
1744 1068 1842 1107 eos
1871 1068 1981 1106 non
2020 1051 2166 1106 dono

583 1144 825 1197 secundo
868 1142 1108 1213 Spiritus
1146 1146 1350 1211 ornari,
1388 1161 1513 1199 cum
1554 1144 1708 1214 prius
1731 1144 1865 1199 illud
1892 1143 2168 1213 improba-

583 1232 785 1296 verint,
824 1234 919 1288 sed
961 1236 1141 1304 pmnis
1190 1236 1388 1307 subjici
1437 1236 1614 1290 decet.
1670 1236 1804 1289 Nam
1838 1235 2005 1289 semel
2045 1234 2169 1288 illu-

584 1326 807 1381 minatis
854 1343 975 1382 eam
1045 1329 1409 1393 sententiam,
1480 1344 1712 1398 eamque
1769 1327 2167 1398 cogitationum

584 1414 899 1472 ﬁrmitatem
924 1435 1044 1473 esse
1096 1420 1502 1487 assumendam,
1538 1429 1599 1474 ut
1646 1435 1818 1474 unum
1848 1421 2044 1485 sciant,
2071 1420 2167 1489 qui

583 1517 782 1564 natura
811 1512 883 1565 sit
928 1512 1093 1578 Deus,
1143 1520 1199 1567 et
1254 1513 1378 1567 illos
1406 1522 1765 1569 exsecrentur
1816 1512 1917 1582 qui
1966 1522 2166 1582 printer

587 1603 693 1653 hoc
723 1599 873 1654 aliud
907 1601 1189 1671 quidpiam
1224 1602 1460 1657 suadent
1484 1622 1496 1657 :
1517 1602 1929 1672 optandumque
1972 1603 2027 1656 in
2049 1604 2166 1673 pri-

586 1692 694 1746 mis
719 1692 924 1748 ducant
952 1695 1171 1749 inidola
1212 1694 1445 1761 insilire,
1480 1711 1546 1751 ac
1579 1697 1781 1767 templa
1823 1697 2162 1765 disturbare,

584 1793 641 1839 et
668 1785 954 1855 gentilium
986 1788 1214 1843 numina
1267 1787 1405 1842 nihil
1432 1804 1553 1844 esse
1581 1798 1816 1859 putent;
1852 1790 1909 1845 id
1945 1805 2166 1860 quoque

584 1879 790 1933 veteris
811 1879 947 1949 legis
976 1880 1015 1948 ι
1029 1881 1135 1950 77
1160 1881 1315 1936 locus
1330 1881 1555 1937 docebit
1577 1901 1590 1935 :
1617 1883 1887 1953 scriptum
1912 1892 1997 1938 est
2016 1883 2167 1938 enim

584 1966 641 2022 in
668 1969 927 2026 Numeris
959 1990 971 2024 :
1006 1990 1024 2021 ‹
1050 1972 1119 2026 Et
1150 1972 1372 2029 locutus
1404 1983 1489 2029 est
1529 1974 1799 2030 Dominus
1839 1976 1908 2029 ad
1945 1976 2168 2048 Moysen

583 2056 639 2112 in
665 2060 911 2115 occiduis
932 2062 1182 2132 partibus
1234 2063 1392 2119 Moab
1419 2080 1591 2135 pr0pe
1622 2064 1919 2121 Jordanem
1973 2076 2169 2124 contra

580 2146 1075 2217 Jericho,dicens:
1107 2152 1360 2223 Loquere
1388 2154 1517 2209 ﬁliis
1566 2155 1755 2221 Israel,
1812 2165 1869 2210 et
1902 2156 2055 2213 dices
2098 2157 2169 2213 ad

581 2254 712 2295 eos:
743 2241 851 2297 Vos
900 2243 1212 2299 transibitis
1242 2244 1542 2301 Iordanem
1574 2247 1631 2301 in
1656 2257 1855 2302 terram
1883 2247 2164 2317 Chanaan,

580 2343 637 2387 et
668 2334 909 2403 perdetis
945 2352 1137 2391 omnes
1167 2338 1482 2395 habitantes
1518 2341 1575 2395 in
1622 2348 1769 2396 terra
1817 2350 1943 2397 ante
1972 2343 2168 2398 faciem

581 2432 845 2491 vestram,
895 2433 953 2480 et
1005 2426 1268 2483 auferetis
1293 2430 1547 2499 speculas
1594 2444 1809 2497 eorum,
1868 2440 1925 2486 et
1984 2433 2169 2489 omnia

583 2515 731 2570 idola
756 2533 951 2571 eorum
985 2518 1222 2575 conﬂata
1263 2520 1589 2589 destructis,
1646 2531 1702 2578 et
1752 2539 1945 2579 omnes
1979 2526 2168 2581 titulos

581 2622 774 2663 eorum
803 2609 1067 2667 auferetis
1092 2613 1155 2665 θ’.
1188 2633 1206 2663 ι
1239 2614 1505 2685 lntelligis
1531 2615 1716 2686 igitur,
1745 2616 1811 2672 iis
1845 2618 1939 2687 qui
1977 2618 2171 2673 Jorda—

582 2714 711 2755 nem
742 2702 1064 2758 transierint
1121 2719 1262 2774 opus
1308 2721 1428 2762 esse
1448 2715 1509 2761 ut
1548 2723 1674 2762 aras
1695 2716 1751 2763 et
1804 2709 1959 2765 lucos
1985 2726 2016 2765 e
2050 2727 2168 2766 me-

580 2789 676 2846 dio
707 2793 919 2859 tollant,
957 2810 1163 2865 eosque
1198 2796 1318 2853 sine
1348 2800 1700 2855 cunctatione
1723 2817 1830 2857 una
1855 2818 1980 2857 eum
2006 2803 2169 2859 idolis

580 2897 647 2938 ac
670 2884 848 2940 titulis
873 2885 1229 2942 disturbent?
1258 2905 1386 2944 nam
1413 2891 1731 2961 hujusmodi
1756 2894 2004 2963 pestibus
2046 2912 2171 2966 par-

579 2990 729 3044 cere,
764 2978 1117 3034 manifestum
1142 2989 1227 3035 est
1276 2982 1543 3037 indicium
1590 2999 1703 3039 non
1747 2986 1881 3041 satis
1921 3002 2023 3042 nos
2047 3002 2172 3045 esse

581 3071 952 3137 conﬁrmatos,
978 3089 1159 3143 neque
1185 3090 1282 3129 cor
1305 3076 1558 3131 criminis
1602 3093 1804 3149 expers
1827 3080 1940 3134 Deo
1970 3096 2167 3137 conse-

579 3177 785 3229 crasse,
837 3174 1031 3235 aperte
1065 3166 1134 3221 de
1161 3167 1347 3238 impiis
1387 3178 1552 3240 atque
1598 3172 1875 3241 perversis
1920 3172 2164 3229 dicenti:

2269 585 2369 639 νοί,
2409 586 2621 657 Ὥσπερ
2654 587 2763 656 γὰρ
2811 585 3150 657 στρατιώτην
3190 585 3281 637 τὸν
3317 586 3622 655 ῥιψάσπιδά
3668 606 3729 640 τε
3768 591 3853 643 καὶ

2270 677 2673 748 φυγοπόλεμον,
2726 678 2786 730 οὐ
2849 677 3121 747 δευτέροις
3172 677 3435 747 τιμᾶσθαι
3490 680 3851 748 σημάντροις,

2269 769 2384 823 ἀλλ’
2419 770 2521 839 ἤδη
2564 768 2889 834 κολάζεσθαι
2930 769 3036 839 χρὴ
3058 811 3071 832 ,
3111 770 3332 839 καὶτῆς
3368 770 3696 840 ἀνανδρείας
3728 773 3855 825 dm-

2268 861 2506 915 τιννύναι
2539 862 2749 931 λόγους·
2787 862 2877 915 τὸν
2915 862 3098 925 αὑτὸν,
3131 858 3306 931 οἶμαι,
3338 865 3599 933 προσήκει
3634 865 3852 933 τρόπον,

2268 955 2394 1016 τοὺς
2425 953 2567 1006 οὕτω
2602 954 2807 1024 σεπτήν
2836 972 2893 1005 τε
2920 954 3012 1007 καὶ
3046 954 3375 1020 άξιάγαστον
3410 956 3855 1026 περιυῧρίζοντας

2268 1047 2449 1118 χάριν,
2487 1048 2548 1100 οὐ
2594 1047 2687 1099 τοῦ
2721 1046 2977 1119 δευτέρου
3012 1044 3278 1116 τιμᾶσθαι
3320 1046 3639 1115 Πνεῦματος
3680 1048 3852 1110 δόσει,

2269 1140 2368 1210 τῆς
2397 1137 2621 1211 πρώτης
2670 1138 3065 1209 ἀθετουμένης,
3101 1138 3215 1191 ἀλλ’
3250 1139 3349 1209 ἤδη
3395 1143 3603 1204 ποιναῖς
3636 1141 3852 1196 ὑποκεῖ-

2272 1231 2396 1285 σθαι
2422 1232 2641 1302 πρέπει.
2675 1231 2797 1284 Ὅτι
2824 1230 2932 1300 γάρ
2974 1232 3098 1293 τοὺς
3128 1230 3273 1296 ams,
3299 1234 3752 1302 πεφωτισμένους
3784 1238 3853 1299 εἰς

2270 1323 2427 1377 τοῦτο
2469 1324 2603 1379 ἰέναι
2643 1325 2911 1395 προσήκει
2954 1324 3181 1394 γνώμης
3212 1363 3226 1385 ,
3259 1326 3354 1377 καὶ
3394 1325 3743 1395 ἑδραιότητος
3775 1326 3853 1380 λοι

2270 1414 2508 1484 γισμῶν,
2538 1415 2613 1478 ὡς
2642 1414 2843 1467 εἰδέναι
2882 1414 2980 1484 μὲν
3005 1414 3100 1467 ἕνα
3127 1414 3218 1465 τὸν
3248 1413 3407 1482 φύσει
3438 1415 3589 1479 Θεὸν,
3621 1435 3851 1485 καταμυο

2273 1506 2433 1560 σάττε
2442 1506 2563 1560 σθαι
2584 1506 2639 1559 δὲ
2660 1508 2784 1569 τοὺς
2797 1505 2981 1577 ἕτερόν
2996 1523 3047 1559 τι
3064 1505 3214 1575 παρὰ
3233 1504 3390 1558 τοῦτο
3411 1508 3633 1578 είσηγου
3644 1509 3847 1578 μένους,

2271 1601 2363 1653 καὶ
2398 1598 2838 1669 ἐπιθυμημάτων
2874 1597 3146 1651 ποιεῖσθαι
3182 1597 3487 1661 κάλλιστον,
3524 1601 3586 1653 τὸ
3618 1602 3849 1670 ἐπιθρώ-

2273 1710 2424 1747 σκειν
2451 1692 2710 1755 εἰδώλοις,
2747 1692 2841 1745 καὶ
2864 1691 3173 1744 κατασείειν
3197 1692 3380 1755 ναοὺς,
3411 1695 3503 1746 καὶ
3532 1694 3690 1747 οὐδὲν
3716 1698 3848 1763 ἠγεῖ-

2273 1784 2399 1838 seu
2431 1785 2500 1839 τά
2539 1783 2810 1855 Ἑλλήνων
2845 1782 3167 1853 σεϐάσματα
3188 1823 3201 1847 ,
3234 1783 3328 1836 καὶ
3356 1783 3578 1853 ἀρχαῖος
3603 1786 3757 1854 ἡμᾶς
3785 1786 3849 1837 διο

2200 1864 2243 1919 Β
2271 1875 2419 1942 δάξει
2444 1875 2622 1944 λόγος.
2653 1875 2971 1945 Γέγραπται
2998 1872 3105 1944 γὰρ
3126 1874 3183 1925 ὲν
3208 1875 3318 1936 τοῖς
3361 1873 3668 1945 Ἀριθμοῖς·
3704 1896 3722 1925 ι
3754 1875 3848 1927 Καὶ

2273 1968 2505 2040 ὲλάλησε
2558 1969 2766 2039 Κύριος
2817 1966 2952 2036 πρὸς
3008 1965 3216 2036 Μωσῆν
3270 1966 3363 2018 ἐπὶ
3411 1965 3633 2036 δυσμῶν
3688 1966 3847 2019 Μωέισ

2273 2060 2429 2133 παρὰ
2454 2062 2547 2114 τὸν
2593 2059 2869 2131 Ἰορδάνην
2904 2058 3049 2111 κατὰ
3095 2057 3330 2127 Ἰεριχὼ,
3371 2058 3542 2125 λέγων
3567 2074 3582 2088 ·
3614 2058 3848 2129 Λάλησον

2270 2156 2386 2216 τοῖς
2414 2152 2550 2215 υἱοῖς
2592 2150 2845 2221 Ἰσραὴλ,
2895 2150 2989 2202 καὶ
3022 2151 3168 2220 ἐρεῖς
3214 2148 3349 2220 πρὸς
3384 2148 3607 2213 αὐτούς’
3674 2150 3847 2221 Ὑμεῖς

2271 2245 2573 2301 διαϐαίνετε
2616 2245 2706 2297 τὸν
2749 2244 3023 2315 Ἰορδάνην
3068 2244 3149 2305 εἰς
3179 2243 3280 2313 γῆν
3316 2241 3559 2304 Χαναὰν,
3599 2242 3699 2295 καὶ
3752 2245 3845 2295 ἀπο

2274 2339 2452 2390 ολεῖτε
2482 2336 2690 2399 πάντας
2717 2338 2844 2399 τοὺς
2869 2335 3253 2398 κατοικοῦντας
3286 2335 3345 2386 ἐν
3375 2338 3439 2405 τῇ
3469 2337 3538 2404 γῇ
3563 2336 3670 2406 πρὸ
3691 2353 3844 2407 προσ-

2268 2427 2420 2481 ώπου
2455 2428 2633 2497 ὑμῶν.
2689 2429 2801 2480 Kal.
2854 2427 3102 2497 ὲξαρεῖτε
3138 2427 3235 2491 τὰς
3272 2427 3505 2491 σκοπιάς
3529 2427 3728 2493 αὐτῶν,
3763 2430 3843 2481 καὶ

2274 2520 2455 2577 πάντα
2488 2519 2556 2573 τὰ
2601 2519 2795 2573 εἴδωλα
2826 2519 2895 2572 τὰ
2926 2518 3173 2588 χωνευτὰ
3205 2518 3385 2572 αὐτῶν
3415 2519 3665 2572 ἀπολεῖτε
3698 2520 3841 2583 αὐτὰ,

2273 2612 2369 2666 καὶ
2405 2613 2586 2675 πάσας
2617 2610 2717 2675 τὰς
2755 2611 2956 2679 στήλας
2986 2610 3166 2663 αὐτῶν
3194 2611 3464 2683 ὲξαρείτε.
3506 2631 3524 2661 ι
3560 2612 3750 2681 Συνίης
3771 2615 3837 2665 ὅτι

2273 2706 2400 2768 τοὺς
2427 2703 2797 2773 παρελθόντας
2813 2703 2904 2756 τὸν
2944 2702 3240 2773 Ἰορδάνην,
3285 2703 3351 2754 ἐκ
3386 2702 3555 2769 μέσου
3588 2702 3837 2755 ποιεῖσθαι

2274 2798 2380 2868 χρὴ
2434 2795 2650 2866 βωμοὺς
2699 2795 2793 2847 καὶ
2838 2793 3039 2864 τεμένη
3072 2835 3086 2858 ,
3125 2795 3221 2847 καὶ
3273 2796 3462 2857 αὐτοῖς
3495 2794 3728 2857 εἰδώλοις
3759 2798 3836 2847 καὶ

2277 2885 2505 2955 στήλαις
2539 2885 2935 2955 άναμοχλεύειν
2965 2885 3228 2955 ἀμελητίς
3272 2886 3347 2949 ὠς
3370 2886 3433 2939 τό
3466 2902 3526 2952 γε
3556 2885 3714 2953 φειδὼ
3744 2888 3841 2949 τοῖς

2273 2977 2537 3041 τοιούτοις
2555 2978 2717 3048 τυχὸν
2746 2977 3039 3048 ἀπονέμειν
3072 2979 3264 3041 κακοῖς
3297 2978 3530 3048 μήνυσις
3554 2978 3620 3030 ἂν
3646 2977 3839 3043 γένοιτο

2275 3070 2474 3141 σαφὴς,
2502 3069 2596 3123 τοῦ
2632 3069 2707 3141 μὴ
2735 3069 3051 3139 ἐρηρεῖσθαι
3084 3069 3288 3133 καλῶς,
3320 3070 3459 3139 μήτε
3486 3069 3592 3141 μὴν
3623 3070 3836 3123 ἀκαταιο

2273 3164 2456 3216 τίατον
2476 3162 2553 3233 τῷ
2581 3163 2702 3232 Θεῷ
2728 3163 2826 3232 τὴν
2857 3162 3084 3233 καρδίαν
3110 3162 3395 3232 ἀφιεροῦν,
3446 3163 3624 3215 καίτοι
3647 3163 3834 3229 λέγοντι

588 3253 736 3309 «Non
768 3256 1027 3313 adorabis
1059 3258 1193 3315 deos
1220 3261 1487 3331 ipsorum,
1520 3278 1699 3334 neque
1727 3264 1877 3320 coles
1902 3280 2029 3331 eos;
2053 3282 2163 3321 non

2274 3256 2462 3323 σαφῶς
2493 3255 2621 3325 περὶ
2650 3254 2758 3307 τῶν
2795 3254 2969 3307 ἀθέων
3000 3253 3095 3306 καὶ
3134 3252 3387 3324 πονηρῶν
3412 3269 3425 3282 ·
3461 3270 3487 3304 (⁷
3515 3253 3591 3306 Οὐ
3617 3269 3822 3323 προσκυ-

579 3343 748 3401 facics
774 3348 929 3418 juxta
949 3365 1116 3419 opera
1150 3367 1365 3415 eorum,
1401 3354 1495 3408 sed
1521 3354 1860 3411 destruendo
1890 3356 2163 3424 destrues,

576 3444 637 3491 et
660 3439 1001 3494 conterendo
1048 3449 1307 3497 conteres
1350 3444 1543 3499 titulos
1600 3461 1815 3513 eorum,
1856 3456 1912 3501 et
1959 3449 2167 3503 servies

580 3530 814 3587 Domino
863 3533 977 3589 Deo
1006 3542 1136 3599 tuo;
1189 3544 1245 3589 et
1295 3536 1619 3591 benedicam
1661 3554 1861 3608 panem
1909 3551 2085 3607 tuum,
2112 3553 2168 3597 et

580 3620 774 3674 vinum
803 3630 980 3687 tuum,
1007 3634 1064 3679 et
1086 3641 1284 3694 aquam
1328 3636 1503 3692 tuam,
1539 3638 1594 3682 et
1615 3637 1859 3683 avertam
1878 3631 2169 3687 inﬁrmita-

582 3720 693 3766 tem
727 3729 758 3768 a
798 3714 991 3782 vobis;
1040 3732 1150 3772 non
1184 3719 1291 3773 erit
1334 3719 1627 3775 infecunda
1655 3739 1835 3794 neque
1880 3727 2085 3781 sterilis
2112 3727 2164 3780 in

581 3810 729 3857 terra
756 3811 868 3871 tua,
906 3821 1203 3861 numerum
1248 3808 1469 3863 dierum
1515 3819 1736 3867 tuorum
1783 3815 2018 3883 explebo
2042 3817 2107 3870 ⁸⁸.
2141 3837 2159 3869 ι

580 3894 771 3965 Neque
813 3898 963 3952 enim
995 3908 1079 3954 est
1099 3899 1420 3968 obscurum,
1465 3904 1600 3972 quin
1654 3904 1975 3960 hominibus
2019 3907 2167 3963 bene

580 3989 944 4058 conﬁrmatis,
978 4000 1034 4047 et
1067 4008 1134 4047 ex
1175 3994 1386 4065 integra
1410 4004 1596 4052 mente
1637 3997 2024 4053 universorum
2055 4000 2168 4055 Deo

579 4080 804 4148 deditis,
842 4092 1009 4154 atque
1060 4085 1181 4155 ejus
1218 4087 1300 4141 rei
1343 4088 1719 4144 certissimum
1779 4100 2168 4161 argumentum

579 4175 829 4246 praebere
863 4177 1237 4244 studentibus,
1274 4180 1536 4251 idipsum,
1571 4182 1718 4251 quod
1761 4197 1885 4238 aras
1916 4191 1973 4237 et
2030 4183 2166 4238 titu-

578 4266 681 4334 los,
713 4275 769 4323 et
800 4269 1015 4324 ludicra
1039 4270 1328 4326 hominum
1362 4280 1546 4328 mente
1579 4282 1977 4345 corruptorum
2009 4290 2169 4331 ever-

579 4365 724 4428 tunt,
756 4360 944 4417 divina
978 4362 1051 4418 sit
1074 4363 1186 4419 illis
1207 4364 1351 4420 dona
1368 4365 1796 4421 conciliaturum

648 4637 843 4693 PALL.
874 4638 1079 4693 Verum
1111 4649 1212 4695 est.

646 4728 805 4784 CYR.
825 4728 985 4794 Nam,
1006 4732 1053 4784 si
1076 4746 1242 4787 manu
1264 4730 1527 4789 fabricata
1559 4734 1853 4791 simulacra
1870 4735 2129 4795 destruxe
2145 4770 2161 4781 -

578 4820 676 4886 ris,
712 4820 912 4891 inquit,
942 4836 1007 4876 ac
1028 4822 1142 4876 Deo
1164 4823 1420 4878 servieris
1443 4840 1625 4880 mores
1647 4825 1865 4882 illorum
1908 4844 2157 4899 perosus,

584 4931 602 4962 ι
625 4910 952 4967 Benedicam
976 4927 1171 4981 panem
1197 4920 1374 4979 tuum,
1396 4922 1453 4969 et
1470 4915 1659 4969 vinum
1684 4924 1862 4983 tuum,
1888 4927 1944 4974 et
1966 4936 2163 4990 aquam

574 5012 747 5057 tuam.
792 5022 810 5055 ›
841 5004 1102 5075 Mystieus
1136 5004 1228 5059 hic
1258 5020 1439 5060 sermo
1463 5015 1548 5060 est
1570 5016 1731 5077 atque
1757 5010 2011 5077 abditus;
2036 5028 2164 5067 nam

574 5093 809 5149 sinceris
822 5095 920 5149 Dei
944 5094 1253 5150 cultoribus
1276 5095 1366 5149 illa
1385 5095 1591 5150 Christi
1608 5098 1997 5168 mysteriorum
2015 5116 2166 5156 com-

572 5182 896 5249 municatio,
931 5192 988 5239 et
1028 5185 1202 5240 sancti
1240 5185 1586 5255 baptismatis
1608 5188 1782 5257 gratia
1808 5188 1876 5242 ad
1901 5190 2163 5258 spiritua-

572 5274 681 5329 lem
704 5275 1150 5333 benedictionem
1175 5278 1350 5344 valet;
1370 5278 1439 5333 iis
1476 5286 1663 5334 autem
1685 5279 1780 5350 qui
1806 5279 2011 5350 duplici
2031 5291 2160 5337 sunt

572 5366 757 5421 adhuc
782 5368 987 5433 animo,
1017 5377 1075 5425 et
1112 5370 1179 5424 ad
1222 5370 1588 5426 defectionem
1631 5378 1688 5426 et
1721 5373 1998 5442 apostasin
2033 5390 2157 5444 spe-

574 5466 759 5524 ctant,
803 5459 886 5514 ira
939 5468 997 5515 et
1034 5461 1441 5527 condemnatio,
1478 5470 1537 5518 et
1593 5465 1865 5518 malorum
1910 5466 2157 5521 omnium

572 5552 829 5606 cumulus
866 5558 953 5606 est
992 5551 1141 5607 illius
1174 5554 1476 5624 spiritualis
1507 5555 1915 5612 benedictionis
1963 5571 2156 5628 perce-

641 5704 687 5736 “
712 5703 879 5760 Hebr.
907 5722 961 5772 x,
986 5706 1074 5761 29.

649 5818 729 5891 (l)
762 5820 846 5877 Al.
879 5825 988 5878 Καὶ
1018 5822 1126 5895 γάρ
1151 5824 1249 5895 οὺχ
1276 5820 1439 5897 ἧττόν
1466 5844 1515 5881 τι
1541 5845 1589 5882 τ.
1620 5828 1667 5883 δ.
1700 5847 1747 5884 τ.
1780 5848 1837 5901 μ.
1877 5829 2057 5889 ἔσται.

2271 3349 2457 3417 νὴσεις
2487 3351 2597 3411 τοῖς
2630 3348 2772 3411 θεοῖς
2800 3347 3000 3412 αὐτῶν,
3037 3346 3144 3400 οὐδ’
3179 3347 3240 3399 οὐ
3270 3346 3344 3417 μὴ
3372 3345 3673 3418 λατρεύσῃς
3709 3345 3833 3399 κατό

2269 3441 2337 3494 τά
2363 3440 2500 3510 ἔργα
2529 3441 2732 3505 αὐτῶν,
2762 3440 2897 3494 ἀλλὰ
2930 3442 3251 3514 καθαιρέσει
3279 3444 3535 3508 καθελεῖς
3555 3487 3569 3508 ,
3607 3446 3695 3498 καὶ
3723 3462 3831 3497 συν-

2270 3532 2471 3602 τρίϐων
2500 3532 2810 3603 συντρίψεις
2836 3534 2933 3597 τὰς
2966 3535 3165 3607 στήλας
3190 3536 3391 3600 αὐτῶν.
3418 3539 3515 3591 καὶ
3545 3538 3833 3608 λατρεύσεις

2270 3625 2463 3697 Κυρίῳ
2494 3626 2573 3697 τῷ
2603 3627 2720 3698 Θεῷ
2767 3645 2861 3680 σου
2889 3669 2903 3691 ,
2952 3629 3045 3681 καὶ
3091 3630 3372 3700 εὐλογήσω
3413 3631 3507 3683 τὸν
3538 3631 3695 3702 ἄρτον
3732 3649 3831 3695 σου,

2270 3718 2366 3770 καὶ
2394 3718 2485 3771 τὸν
2519 3715 2660 3773 οἶνόν
2696 3736 2787 3772 σου
2817 3760 2831 3782 ,
2858 3720 2951 3773 καὶ
2979 3720 3038 3773 τὸ
3070 3720 3214 3790 ὕδωρ
3250 3738 3339 3773 σου
3366 3738 3381 3752 ο
3414 3724 3511 3774 καὶ
3533 3723 3823 3792 ἀποστρέψει

2274 3812 2549 3882 μαλακίαν
2582 3813 2675 3882 ἀφ’
2732 3812 2887 3883 ὑμῶν
2907 3831 2920 3844 ο
2954 3815 3056 3866 οὐκ
3091 3812 3243 3866 ἔσται
3282 3813 3498 3883 ἄγονος,
3525 3814 3643 3867 οὐδὲ
3670 3818 3829 3885 στεῖρα

2272 3906 2362 3957 ἐπὶ
2396 3905 2497 3976 τῆς
2542 3904 2644 3975 γῆς
2696 3923 2829 3970 σου,
2886 3904 2978 3959 τὸν
3025 3905 3262 3976 ἀριθμὸν
3320 3905 3430 3959 τῶν
3481 3907 3701 3979 ἡμερῶν
3749 3925 3829 3959 σου

2270 3998 2677 4070 ἁναπληρώσω.
2726 4018 2744 4052 ι
2784 4000 2941 4052 Ἔστι
2972 4000 3080 4070 γάρ
3114 4000 3214 4052 οὐκ
3248 4001 3595 4071 άσυμφανὲς,
3628 4002 3697 4064 ὡς
3733 4002 3827 4061 tri;

2270 4090 2410 4155 ἄγαν
2451 4090 2865 4160 ὲρηρεισμένοις
2910 4091 3004 4143 καὶ
3035 4090 3094 4153 ἐξ
3126 4089 3311 4159 ὑγιοῦς
3352 4091 3594 4154 διανοίας
3627 4092 3697 4162 τῷ
3738 4090 3827 4142 τῶν

2270 4180 2407 4233 ὅλων
2461 4180 2579 4251 Θεῷ
2628 4182 3047 4252 προσκειμένοις
3078 4220 3093 4245 ,
3140 4182 3413 4249 ἀπόδειξίν
3462 4200 3524 4236 τε
3570 4182 3663 4235 τοῦ
3708 4181 3824 4252 πρᾶο

2273 4289 2480 4342 γματος
2514 4273 2718 4344 ἐναργῆ
2770 4272 3043 4326 ποιεῖσθαι
3097 4273 3501 4344 μεμελετηκόσι
3531 4314 3547 4337 ,
3578 4273 3639 4326 τὸ
3680 4290 3824 4325 xan-

2272 4366 2439 4418 σείειν
2469 4364 2688 4435 βωμούς
2734 4382 2792 4418 τε
2826 4366 2919 4417 καὶ
2959 4365 3185 4436 στήλας,
3222 4365 3315 4417 καὶ
3339 4365 3649 4436 ἀνθρώπων
3686 4364 3820 4434 ἀθύρ-

2275 4472 2420 4526 ματα
2452 4456 2929 4526 παρεςρθαρμένων
2964 4456 3052 4511 τὸν
3085 4455 3247 4520 νοῦν,
3296 4455 3460 4510 θείων
3512 4456 3665 4511 ἔσται
3698 4474 3823 4527 χαρι-

2275 4546 2499 4616 σμάτων
2534 4546 2817 4617 πρόξενον.

2343 4638 2553 4692 ΠΑΛΛ.
2602 4638 2847 4708 Ἀληθές.

2342 4731 2507 4787 ΚΥΡ.
2550 4731 2611 4783 Et
2659 4730 2769 4801 γάρ
2801 4731 2864 4803 δὴ
2908 4731 3143 4802 καθέλῃς
3173 4732 3238 4784 τά
3283 4733 3659 4803 χειροποιητὰ,
3696 4729 3818 4801 φησί,

2269 4822 2625 4895 λατρεύσειάς
2664 4840 2724 4876 τε
2761 4823 2904 4893 Θεῷ,
2939 4824 3008 4876 τὰ
3050 4827 3178 4895 παρ’
3220 4826 3449 4889 ἐκείνοις
3473 4826 3569 4896 ἔθη
3620 4840 3806 4895 μεμιση

2270 4913 2403 4981 κὼς,
2438 4935 2457 4966 ι
2501 4916 2799 4987 Εὑλογήσω
2843 4916 2935 4970 τὸν
2967 4915 3131 4985 ἄρτον
3173 4936 3285 4983 σου,
3322 4919 3417 4971 καὶ
3444 4918 3537 4971 τὸν
3566 4914 3701 4971 οἶνόν
3728 4931 3815 4978 σου,

2268 5008 2455 5061 καὶτὸ
2489 5007 2632 5078 ὕδωρ
2673 5026 2787 5063 σου.
2833 5028 2850 5059 ι
2906 5010 3181 5073 Μυστικὸς
3234 5011 3261 5060 ὁ
3305 5010 3465 5077 λόγος
3518 5010 3612 5063 καὶ
3661 5006 3816 5079 βαθύς·

2266 5099 2381 5161 τοῖς
2412 5098 2520 5169 γὰρ
2568 5097 2686 5169 Θεῷ
2716 5098 2981 5169 γνησίοις,
3032 5101 3168 5171 πρὸς
3206 5100 3457 5169 εὐλογίας
3502 5102 3653 5155 ἔσται
3685 5115 3817 5151 πνευο

2271 5192 2528 5261 ματικῆς,
2559 5191 2668 5243 τῶν
2693 5190 2785 5243 τοῦ
2817 5192 3052 5263 Χριστοῦ
3087 5193 3406 5264 μυστηρίων
3426 5195 3459 5263 ἡ
3490 5191 3715 5264 μέθεξις,
3745 5190 3816 5243 καὶ

2269 5283 2302 5351 ὴ
2331 5281 2418 5335 διὰ
2448 5281 2542 5335 τοῦ
2576 5281 2729 5351 ἁγίου
2764 5282 3141 5355 βαπτίσματος
3176 5286 3357 5355 χάρις.
3390 5287 3515 5347 Τοῖς
3549 5302 3609 5352 γε
3638 5285 3731 5354 μὴν
3755 5282 3814 5334 διο

2266 5373 2530 5445 ψυχοῦσιν
2566 5375 2678 5439 ἔτι,
2719 5378 3103 5449 κεκινημένοις
3141 5380 3221 5442 είς
3245 5379 3566 5440 ἀπόστασιν,
3596 5376 3720 5448 ὀργὴ
3742 5373 3815 5426 καὶ

2266 5468 2607 5540 κατάκριμα’
2649 5470 2742 5523 καὶ
2781 5468 2833 5522 τί
2860 5470 2969 5540 γάρ
3001 5471 3122 5541 οὐχὶ
3148 5470 3258 5525 τῶν
3290 5469 3499 5537 δεινῶν,
3531 5470 3591 5522 τὸ
3618 5467 3813 5539 μεταλα-

2268 5564 2381 5631 χεῖν
2396 5562 2511 5615 ἐστι
2530 5560 2608 5634 (1)
2637 5562 2737 5633 τῆς
2755 5562 3005 5633 εὐλογίας
3022 5563 3120 5635 τῆς
3142 5564 3515 5635 πνευματικῆς
3535 5582 3547 5629 ;
3564 5558 3815 5620 καὶτοῦτο,

1175 5717 1221 5749 ον
1252 5709 1413 5764 Num.
1443 5727 1592 5777 xxm,
1619 5711 1801 5767 50-52.
1883 5712 1927 5745 ⁸⁸
1952 5714 2125 5770 Exod.
2159 5732 2271 5785 xnt,
2297 5717 2487 5775 24-26.
