3998 6512
146 369 229 422 H7
797 353 886 406 DE
922 352 1362 409 ADORATIONE
1397 353 1463 408 ΙΝ
1505 350 1774 407 SPIRITU
1812 351 1900 406 ET
1942 351 2308 407 V'ERITATE.
2351 352 2480 408 UB.
2520 354 2608 409 Vl.

3244 355 3349 410 “8

144 481 286 553 οἶμαι,
322 478 473 537 ἔστιν,
516 471 544 524 δ
593 469 686 524 καὶ
717 471 745 523 ὁ
795 471 954 538 σοφὸς
986 469 1090 539 ἔφη
1132 469 1377 535 Παῦλος,
1425 471 1506 522 ὅτι
1548 490 1564 520 ι
1617 469 1674 521 '0

1779 469 1894 538 ptio
1922 487 1934 521 :
1961 469 2123 538 idque
2151 469 2283 524 illud
2311 479 2414 532 est,
2441 479 2502 524 ut
2525 479 2679 540 puto,
2701 468 2846 540 quod
2869 469 3086 553 sapiens
3106 468 3191 522 vir
3209 468 3350 524 Pau-

145 574 308 629 ἐσθίων
351 567 435 621 καὶ
484 563 651 616 πίνων
686 562 750 614 τὸ
796 561 953 632 σῶμα
989 562 1084 614 καὶ
1127 557 1266 631 αἷμα
1302 560 1396 614 τοῦ
1434 559 1670 632 Χριστοῦ

143 661 354 725 ἀναξίως,
381 653 691 724 κατάκριμα
723 651 898 722 ἐαυτῷ
927 652 1096 704 ἐσθίει
1137 653 1230 704 καὶ
1263 651 1400 714 πίει,
1445 651 1518 722 μὴ
1557 651 1672 704 δια-

143 754 309 825 κρίνων
328 748 384 802 τὸ
407 746 557 814 σῶμα
583 745 806 814 Κυρίου.
833 742 1182 813 Δοκιμαξέτω
1216 742 1325 804 δὲ,›
1367 744 1552 813 φησὶν,
1599 761 1614 792 ι
1644 744 1672 794 6

140 844 384 914 ἄνθρωπος
421 837 626 897 ἑαυτὸν,
653 836 746 887 καὶ
767 836 886 887 τότε
909 836 970 887 ἐκ
992 833 1085 886 τοῦ
1112 834 1278 903 ἄρτου
1307 833 1554 897 ἐσθιέτω,
1579 833 1674 886 καὶ

143 940 195 988 ὲκ
217 932 296 986 τοῦ
339 927 589 998 ποτηρίου
627 927 851 978 πινέτω·
888 945 906 975 ι
951 925 1145 978 Ἔσται
1185 923 1364 977 τοίνυν
1399 924 1537 994 πρὸς
1580 923 1671 975 εὑ-

140 1026 312 1092 λογίας,
347 1020 491 1088 φησὶ,
523 1018 629 1070 τῶν
657 1018 826 1084 ἁγίων
880 1017 1194 1086 μυστηρίων
1228 1017 1261 1086 ή
1296 1015 1529 1084 μέθεξις,
1561 1019 1674 1078 τοῖς

141 1136 191 1188 γε
229 1116 294 1175 ὡς
334 1098 541 1180 ἀληθῶς
572 1108 1006 1179 φιλοθεωτάτοις.
1058 1108 1168 1160 Καὶ
1198 1108 1673 1177 ἀπαλλαγήσονται

139 1211 185 1263 δὲ
241 1201 590 1276 μαλακισμοῦ,
647 1201 913 1263 τουτέστι,
967 1199 1062 1252 τοῦ
1115 1203 1291 1253 νοσεῖν
1345 1200 1576 1269 ἑτοίμως
1613 1199 1674 1252 τὸ

139 1299 310 1354 ἀδικεῖν
341 1293 595 1360 πεφυκὸς,
617 1293 710 1345 καὶ
737 1291 1074 1360 ἀποκομίζον
1105 1293 1182 1354 είς
1201 1291 1493 1362 ἀνανδρίαν
1513 1309 1526 1322 ·
1559 1290 1671 1343 ἀλλ’

136 1389 234 1442 οὑδὲ
261 1387 434 1453 ἄγονος
453 1363 626 1443 ἔσται,
661 1382 845 1453 φησὶν,
877 1383 935 1433 ὲν
963 1381 1165 1444 αὑτοῖς,
1195 1381 1314 1434 οὑδὲ
1335 1383 1541 1452 στεῖρα.
1573 1382 1612 1433 Γ
1616 1398 1672 1434 o-

137 1477 377 1548 νιμωτάτη
398 1465 506 1546 γὰρ
530 1475 678 1528 πᾶσα
711 1472 960 1545 θεοφιλὴς
987 1475 1080 1527 καὶ
1100 1473 1218 1526 ὁσία
1233 1472 1400 1544 ψυχὴ,
1423 1474 1517 1527 καὶ
1543 1491 1676 1545 καρ-

136 1574 237 1634 ποῖς
274 1568 436 1636 ἁγίοις
477 1569 812 1639 κατάκομος,
846 1568 990 1640 φημὶ
1030 1567 1088 1621 δὲ
1136 1567 1198 1638 δή
1239 1567 1421 1632 πάλιν,
1474 1570 1588 1632 τοῖς
1618 1567 1676 1634 ἐξ

135 1662 307 1732 ἀρετῆς
338 1658 470 1728 αὑχή
481 1674 666 1726 μασιν.

192 1751 378 1806 ΠΑΛΛ.
418 1741 550 1802 Ὧδε
591 1749 724 1820 ἔχει.

1775 561 1861 614 lus
1892 560 2028 614 dixit
2054 579 2066 614 :
2109 579 2128 614 ι
2167 561 2270 627 Qui
2293 561 2587 616 manducat
2609 569 2664 616 et
2687 561 2826 616 bibit
2850 549 3052 616 Christi
3076 574 3276 629 corpus
3296 568 3352 613 et

1775 649 2094 718 sanguinem
2116 649 2361 720 indigne,
2380 649 2651 719 judicium
2676 649 2779 703 sibi
2802 649 3095 703 manducat
3113 658 3169 702 et
3186 647 3347 713 bibit,

1777 754 1886 793 non
1907 738 2214 808 dijudicans
2225 754 2443 806 corpus.
2464 738 2664 793 Probet
2677 746 2910 801 autem,»
2935 736 3162 805 inquit,¢
3184 735 3351 789 homo

1774 846 1832 884 se
1856 831 2066 898 ipsum;
2095 839 2150 884 et
2173 840 2306 884 tunc
2327 830 2395 886 de
2425 845 2564 899 pane
2594 830 2688 883 illo
2709 829 2856 893 edat,
2886 829 3033 883 etde
3063 827 3232 882 calice
3261 826 3349 881 bi-

1774 922 1866 976 bat
1903 923 1966 974 ".
2003 942 2022 972 ι
2054 922 2126 975 lis
2155 921 2322 990 igitur
2357 921 2449 990 qui
2474 937 2602 975 vere
2638 921 2734 975 Dei
2772 930 2899 975 sunt
2927 928 3223 984 amatores,
3251 933 3351 990 pro

1774 1012 2176 1076 benedictione,
2209 1011 2405 1081 inquit,
2436 1012 2597 1082 178
2623 1012 2728 1066 erit
2758 1012 2848 1066 illa
2873 1020 3186 1066 sanctorum
3232 1021 3350 1081 my-

1775 1105 2068 1160 steriorum
2100 1103 2550 1169 communicatio;
2582 1111 2639 1157 et
2678 1104 2747 1158 ab
2790 1102 3105 1156 inﬁrmitate
3148 1102 3351 1156 libera-

1775 1197 2003 1261 buntur,
2037 1195 2092 1249 id
2117 1203 2220 1259 est,
2255 1211 2325 1249 ne
2354 1195 2524 1249 libere
2548 1195 2599 1249 ei
2625 1195 2816 1249 morbo
2849 1194 3227 1256 succumbant,
3256 1193 3350 1262 q'ui

1775 1290 1944 1352 lmdit,
1971 1296 2025 1343 et
2046 1288 2114 1342 ad
2139 1287 2410 1358 ignaviam
2435 1287 2691 1350 abducit;
2725 1302 2901 1356 neque
2927 1285 3238 1348 infecunda,
3270 1285 3354 1340 in-

1776 1379 1914 1448 quit,
1933 1379 2040 1432 erit
2064 1377 2119 1430 in
2144 1377 2270 1441 illis,
2291 1392 2468 1445 neque
2484 1376 2718 1431 sterilis:
2738 1376 3126 1431 fecundissima
3149 1374 3352 1446 qbippe

1776 1479 1861 1523 est
1889 1469 2066 1523 omnis
2089 1469 2183 1523 Dei
2213 1483 2403 1522 amans
2430 1475 2486 1522 et
2524 1476 2712 1522 sancta
2752 1468 2952 1532 anima,
2993 1476 3049 1523 et
3081 1466 3354 1523 fructibus

1777 1560 2001 1625 sanctis,
2027 1560 2219 1631 gloria,
2252 1559 2496 1628 inquam,
2531 1560 2796 1614 virtutum
2821 1566 3034 1614 ornata.

1851 1739 2044 1794 PALL.
2073 1739 2164 1794 Sic
2189 1755 2246 1794 se
2269 1754 2358 1793 res
2381 1738 2566 1794 habet.

189 1843 338 1896 ΚΥΡ.
378 1841 809 1895 Εὑκατάσειστον
857 1841 912 1893 δὲ
958 1841 1057 1910 τὴν
1105 1841 1334 1912 καρδίαν
1388 1840 1531 1911 ἔχειν
1578 1843 1676 1895 οὑκ

1848 1829 2005 1884 CYR.
2035 1829 2173 1896 Quia
2205 1845 2337 1884 vero
2368 1830 2618 1884 mutabili
2655 1830 2821 1885 corde
2850 1845 2952 1886 nos
2980 1845 3101 1885 esse
3130 1829 3354 1885 minime

132 1936 238 1998 ἐῶν,
267 1933 584 2005 εὑμηχανῶς
631 1935 911 2006 ἐπιτρέπει
961 1935 1093 2004 πρὸς
1125 1935 1186 1987 τὸ
1215 1935 1324 1988 δεῖν
1358 1935 1572 1988 ἑλέσθαι
1613 1936 1675 1988 τὸ

133 2025 334 2097 βεϐηκὸς
359 2027 434 2088 είς
466 2025 668 2087 πίστιν,
700 2026 793 2079 καί
826 2027 906 2088 εἰς
938 2026 1217 2078 εὐσέϐειαν
1245 2025 1514 2094 ἀσφαλές·
1548 2027 1676 2078 ποτὲ

133 2119 216 2189 μὲν
254 2117 352 2188 γὰρ
394 2115 678 2186 λογισμοῖς
719 2119 833 2181 τοῖς
881 2116 1210 2188 καθήκουσιν
1268 2117 1676 2187 μεταπαιδεύων

130 2214 205 2265 ἐπὶ
227 2211 280 2264 τὸ
318 2211 560 2280 ἄμεινον,
607 2209 1039 2273 ἀποσπουδάζειν
1091 2207 1322 2273 κελεύει,
1380 2207 1577 2277 μᾶλλον
1620 2207 1676 2261 δὲ

134 2298 541 2372 ἀποστρέφεσθαι
593 2298 892 2363 παντελῶς,
918 2299 992 2364 ὼς
1036 2298 1254 2369 ὀλέθρου
1305 2297 1584 2367 πρόξενον,
1617 2299 1676 2350 τὸ

131 2393 256 2445 θύειν
281 2389 514 2454 εἰδώλοις
542 2390 575 2461 ἦ
622 2393 968 2461 προσκυνεῖν,
1006 2390 1258 2458 διαϐολῆς
1295 2390 1396 2460 τῆς
1422 2391 1672 2459 ἐσχάτης,

133 2488 305 2557 μᾶλλον
327 2485 380 2538 δὲ
401 2484 722 2547 δυσσεϐείας
747 2484 845 2553 τῆς
872 2486 1132 2538 ἀνωτάτω
1157 2484 1372 2546 δεικνὺς
1393 2484 1678 2536 ἀνάπλεων

129 2579 211 2647 τὴν
242 2577 438 2630 τοιάνδε
468 2575 647 2629 νόσον⁸
677 2576 804 2629 ποτὲ
833 2577 887 2628 δὲ
919 2576 1012 2628 καὶ
1045 2575 1232 2644 φόϐον,
1271 2575 1362 2628 τὸν
1392 2577 1484 2628 τοῦ
1516 2576 1678 2628 mid-

130 2671 293 2733 ζεσθαι
337 2669 502 2736 λέγω,
543 2668 886 2736 παιδαγωγὸν
921 2667 1109 2736 ὥσπερ
1153 2668 1275 2719 τινὰ
1307 2669 1402 2719 καὶ
1436 2671 1678 2735 γενναῖον

127 2767 238 2832 ἡμῖν
267 2764 563 2831 ἐπιστήσας
605 2761 841 2830 φύλακα,
875 2761 1192 2830 περιτρέπει
1228 2761 1562 2830 πανταχόθεν
1588 2761 1678 2813 ἐπὶ

129 2857 176 2906 τὸ
225 2855 440 2924 ἀρέσκον
499 2853 662 2924 αὐτῷ.
712 2854 821 2905 Καὶ
871 2852 1002 2921 γοῦν
1051 2855 1108 2905 ἐν
1146 2851 1223 2922 τῷ
1275 2853 1678 2922 Δευτερονομίῳ

129 2947 270 3012 φησὶν
307 2948 333 2997 ὁ
373 2945 645 3014 μακάριος
687 2943 892 3013 Μωσῆς
917 2959 929 2972 ο
968 2963 985 2994 ι
1026 2945 1137 2997 Καὶ
1185 2943 1357 2996 ταῦτα
1409 2945 1477 2998 τὰ
1512 2961 1680 3015 προσ-

128 3041 351 3105 τάγματα
385 3039 478 3090 καὶ
528 3035 596 3088 τὰ
642 3037 906 3106 κρίματα,
941 3034 1292 3105 ἃφυλάξεσθε
1335 3037 1428 3089 τοῦ
1456 3037 1678 3104 ποιῆσαι

127 3131 204 3183 ἐπὶ
238 3131 327 3198 τῆς
373 3132 504 3200 γῆς,
555 3130 620 3200 ήν
649 3129 848 3200 Κύριος
883 3132 911 3182 ὁ
939 3128 1068 3192 Θεὸς
1095 3128 1200 3181 τῶν
1244 3128 1494 3199 πατέρων
1526 3128 1678 3198 ὑμῶν
1707 3157 1747 3212 c

127 3221 312 3273 δίδωσιν
345 3223 468 3291 ὑμῖν
507 3223 562 3273 ὲν
593 3220 779 3292 κλήρῳ
808 3220 986 3283 πάσας
1010 3221 1107 3282 τὰς
1135 3220 1367 3290 ἡμέρας,
1415 3219 1479 3282 ἃς
1523 3220 1679 3289 ὑμεῖς

123 3314 237 3384 ζῆτε
270 3314 356 3366 ἐπὶ
392 3313 499 3383 τῆς
536 3314 657 3384 γῆς.
723 3312 994 3382 Ἀπωλεία
1022 3311 1271 3364 ἀπολεῖτε
1304 3313 1508 3374 πάντας
1555 3311 1680 3373 τοὺς

129 3405 319 3466 τόπους,
347 3407 402 3457 ὲν
441 3400 527 3468 οἷς
586 3404 922 3475 ἐλάτρευσαν
969 3405 1085 3456 ἐκεῖ
1133 3402 1199 3454 τὰ
1235 3402 1363 3472 ἔθνη
1401 3386 1512 3466 τοῖς
1539 3401 1680 3465 θεοῖς

129 3496 305 3556 αὐτῶν,
331 3495 421 3559 οὓς
448 3497 610 3566 ὑμεῖς
632 3496 731 3565 κλη
742 3497 1014 3566 ρονομεῖτε
1039 3494 1234 3556 αὑτοὺς
1265 3494 1356 3546 ἐπὶ
1380 3494 1486 3546 τῶν
1511 3493 1680 3564 ὀρέων

129 3586 221 3638 τῶν
254 3586 484 3656 ὑψηλῶν,
527 3587 623 3639 καὶ
656 3587 747 3638 ἐπὶ
779 3585 886 3638 τῶν
913 3585 1092 3648 θινῶν,
1131 3586 1224 3637 καὶ
1256 3585 1515 3638 ὑποκάτω
1567 3584 1682 3636 δέν-

128 3674 236 3743 ὅρου
263 3675 464 3738 δασέος.
519 3678 632 3730 Καὶ
666 3677 1046 3746 κατασκάψετε
1077 3675 1202 3738 τοὺς
1236 3675 1450 3745 βωμοὺς
1482 3673 1678 3738 αὑτῶν,

131 3767 208 3818 καὶ
240 3769 554 3839 συντρίψετε
589 3768 692 3831 τὰς
730 3767 930 3838 στήλας
964 3765 1164 3829 αὐτῶν,
1198 3767 1292 3818 καὶ
1319 3766 1385 3818 τά
1417 3765 1552 3836 ἄλση
1581 3766 1680 3818 αὑο

130 3856 221 3909 τῶν
259 3860 534 3930 mecm,
586 3861 679 3913 καὶ
710 3861 776 3912 τά
805 3859 1018 3928 γλυπτά
1049 3859 1157 3912 τῶν
1193 3857 1331 3912 θεῶν
1360 3857 1540 3911 αὑτῶν
1577 3874 1680 3909 κα-

130 3949 402 4004 τακαύσετε
431 3953 589 4022 πυρὶ,
619 3952 712 4005 καὶ
739 3951 990 4006 ἀπολεῖτε
1013 3950 1072 4003 τὸ
1092 3951 1262 4021 ὄνομα
1284 3950 1463 4002 αὑτῶν
1497 3950 1560 4001 ὲκ
1586 3948 1680 4001 τοῦ

130 4039 270 4092 τόπου
304 4043 531 4096 ἐκείνου.
567 4063 586 4094 ι
617 4045 678 4096 Oi
703 4044 798 4114 μὲν
842 4042 1110 4112 Ἑλλήνων
1142 4042 1293 4110 σοφοὶ
1318 4041 1412 4094 καὶ
1435 4040 1678 4108 λογάδες,

129 4134 322 4200 ποιηταὶ
363 4134 419 4186 δὲ
463 4134 721 4204 μάλιστα,
749 4134 1000 4206 ὀρειάδας
1027 4131 1178 4195 τινὰς
1211 4133 1303 4186 καὶ
1331 4131 1681 4202 ἁμαδρυάδας

128 4222 422 4292 ὀνομάζουσι
462 4227 704 4298 νύμφας,
757 4227 875 4297 ἦτοι
923 4225 1202 4296 δαίμονας.
1255 4225 1377 4277 Eiet
1403 4224 1458 4277 δὲ
1505 4224 1554 4276 οἳ
1589 4224 1682 4277 καὶ

126 4317 221 4377 τοῖς
267 4317 403 4370 κατὰ
454 4318 620 4370 τόπον
677 4317 936 4388 ὑψώμασι
971 4317 1098 4379 τοὺς
1131 4314 1280 4386 παρά
1332 4315 1483 4383 σφίσι
1516 4315 1681 4384 τιμᾷν

127 4404 365 4474 ήρημένοι
393 4407 574 4470 Θεοὺς,
607 4407 821 4477 βωμοὺς
847 4407 1090 4468 ἱστάντες
1119 4407 1176 4457 ἐν
1197 4405 1368 4474 δρεσι,
1405 4403 1681 4473 βουθυτεῖν

1777 1917 2001 1987 patitur,
2038 1917 2331 1974 artiﬁciose
2360 1917 2430 1972 ad
2468 1919 2822 1974 stabilitatem
2862 1918 2987 1973 ﬁdei
3028 1919 3354 1989 pietatisque

1778 2008 2091 2063 ﬁrmitatem
2133 2009 2565 2078 amplectendam
2608 2009 2878 2064 convertit
2916 2027 2928 2062 :
2962 2021 3356 2079 nonnunquam

1776 2099 1925 2152 enim
1959 2099 2417 2154 convenientibus
2457 2101 2763 2154 rationibus
2787 2099 2852 2153 ad
2893 2099 2945 2152 id
2989 2099 3358 2168 quod'melius

1776 2197 1862 2244 est
1912 2191 2223 2256 traducens,
2251 2191 2521 2246 idolorum
2549 2191 2880 2247 sacriﬁcium
2911 2184 3357 2246 adorationemvc

1778 2285 2072 2356 negligere,
2099 2287 2209 2339 imo
2229 2301 2360 2339 vero
2388 2286 2627 2341 aversari
2652 2301 2900 2355 prorsus,
2928 2291 2990 2338 ut
3015 2283 3207 2338 mortis
3228 2299 3360 2338 con-

1778 2378 2100 2432 ciliatricem
2121 2379 2308 2449 jubet;
2334 2378 2604 2449 ejusmodi
2631 2378 2880 2432 morbum
2910 2376 3219 2448 gravissimi
3245 2375 3356 2430 cri-

1779 2471 1962 2535 minis,
1988 2472 2098 2525 imo
2120 2487 2253 2525 vero
2278 2481 2535 2526 extremae
2560 2468 2856 2539 impietatis
2878 2469 3098 2538 plenum
3121 2483 3241 2522 esse
3265 2466 3361 2520 de-

1779 2571 2088 2616 monstrans
2127 2580 2138 2614 :
2176 2577 2571 2631 nonnunquam
2609 2577 2740 2615 vero
2766 2570 2993 2624 metum,
3037 2574 3232 2629 paenae,
3271 2558 3358 2611 in-

1779 2666 1963 2720 quam,
1989 2649 2360 2715 formidinem,
2397 2650 2566 2704 veluti
2602 2649 2952 2719 paedagogum
2985 2647 3243 2716 aliquem,
3273 2655 3358 2701 at-

1779 2759 1884 2812 que
1931 2759 2182 2798 severum
2227 2743 2531 2806 custodem,
2578 2741 2740 2795 nobis
2778 2755 3078 2810 opponens,
3115 2737 3358 2807 undique

1780 2837 1847 2891 ad
1887 2838 1940 2891 id
1979 2839 2124 2906 quod
2154 2839 2258 2893 sibi
2306 2838 2482 2908 placet
2522 2833 2764 2890 adducit.
2791 2834 2978 2901 Itaque
3009 2832 3065 2885 in
3090 2831 3358 2885 Deutero-

1780 2931 1965 2984 nomio
2019 2931 2195 3000 inquit
2221 2931 2415 2984 beatus
2455 2929 2706 2999 Moyses:
2746 2947 2761 2977 ι
2797 2927 2863 2980 Et
2905 2926 3020 2978 haec
3048 2931 3176 2977 sunt
3214 2937 3359 2992 pra:-

1781 3030 1937 3091 cepta
1960 3030 2015 3076 et
2035 3021 2241 3092 judicia
2276 3036 2397 3090 qua:
2439 3019 2752 3082 servabitis,
2783 3026 2843 3071 ut
2867 3015 3079 3070 faciatis
3132 3013 3186 3067 in
3214 3022 3361 3068 terra

1782 3129 1945 3184 quam
1973 3113 2236 3167 Dominus
2263 3113 2406 3165 Deus
2428 3119 2646 3180 patrum
2670 3117 2980 3163 vestrorum
3007 3106 3098 3160 dat
3121 3105 3277 3159 vobis
3303 3105 3361 3160 in

1782 3207 2202 3278 possessionem,
2247 3203 2504 3258 omnibus
2548 3201 2746 3257 diebus
2795 3199 2997 3269 quibus
3039 3213 3138 3252 vos
3177 3196 3362 3251 vivitis

1781 3315 1946 3369 super
1991 3307 2216 3353 terram.
2247 3295 2564 3351 Perditione
2605 3293 2849 3364 perdetis
2893 3291 3076 3346 omnia
3114 3290 3253 3354 loca,
3301 3288 3360 3343 in

1779 3391 1982 3460 quibus
2011 3389 2320 3443 servierunt
2349 3393 2540 3456 gentes
2579 3385 2685 3438 diis
2724 3398 2938 3445 eorum,
2967 3396 3088 3450 quae
3110 3396 3208 3433 vos
3230 3395 3360 3449 pos-

1779 3480 2050 3544 sidebitis,
2076 3481 2129 3534 in
2163 3478 2442 3533 montibus
2463 3477 2715 3541 excelsis,
2741 3485 2796 3530 et
2819 3475 2873 3528 in
2900 3473 3150 3535 collibus,
3180 3479 3234 3526 et
3255 3470 3360 3525 sub

1781 3573 1977 3626 arbore
2000 3586 2170 3641 opaca
2203 3588 2216 3623 :
2239 3578 2296 3624 et
2317 3569 2578 3624 evertetis
2603 3584 2726 3623 aras
2747 3580 2960 3627 eorum,
2985 3572 3041 3618 et
3063 3562 3363 3617 conteretis

1781 3662 1972 3717 titulos
2012 3676 2226 3725 eorum,
2268 3669 2324 3714 et
2362 3663 2516 3715 lucos
2544 3675 2737 3714 eorum
2779 3656 3094 3719 succidetis,
3131 3662 3187 3708 et
3212 3654 3361 3708 scul-

1781 3756 1935 3826 ptilia
1976 3755 2206 3808 deorum
2247 3769 2439 3807 eorum
2471 3751 2808 3806 comburetis
2849 3747 2982 3818 igni,
3021 3755 3077 3801 et
3117 3745 3364 3815 perdetis

1781 3860 1982 3898 nomen
2019 3858 2211 3898 eorum
2246 3857 2314 3896 ex
2344 3843 2465 3896 loco
2489 3842 2583 3896 illo
2620 3841 2686 3894 ⁷ο.
2722 3859 2738 3890 ι
2784 3839 3096 3893 Graecorum
3137 3835 3364 3905 quidem

1781 3933 2056 4003 sapientes
2077 3940 2132 3986 et
2164 3931 2350 3986 eximii
2375 3933 2520 3986 inter
2553 3940 2801 3990 caeteros,
2833 3935 3006 3998 poetae
3027 3941 3157 3981 vero
3186 3925 3362 3980 maxi-

1782 4041 1900 4089 me,
1954 4023 2186 4079 oreadas
2237 4023 2500 4093 quasdam
2541 4031 2596 4077 et
2638 4019 3036 4090 hamadryadas
3073 4018 3362 4089 nymphas,

1782 4117 2056 4172 daemones
2079 4115 2354 4179 videlicet,
2381 4115 2673 4184 appellant.
2701 4113 2874 4167 Erant
2897 4111 3065 4166 etiam
3089 4109 3205 4179 qui,
3235 4124 3364 4164 cum

1781 4209 1916 4263 locis
1937 4207 2264 4262 editioribus
2293 4222 2423 4260 suos
2454 4205 2587 4259 deos
2607 4202 2860 4258 venerari
2881 4203 3104 4264 vellent,
3135 4199 3247 4254 aris
3269 4215 3338 4254 ex

1781 4299 2007 4356 structis
2055 4299 2110 4351 in
2155 4297 2455 4359 montibus,
2500 4295 2667 4349 boves
2707 4294 2993 4346 immolare
3029 4290 3361 4359 studebant;

1781 4401 1836 4445 et
1874 4405 2000 4445 cum
2034 4389 2182 4443 circa
2213 4387 2570 4442 formosiores
2609 4385 2836 4439 arbores
2867 4391 3076 4437 statuas
3100 4391 3155 4436 et
3186 4382 3362 4436 simu-

127 4495 448 4560 ἐσπούδαζον,
475 4498 570 4550 καί⁵
596 4501 706 4562 τοῖς
735 4499 842 4551 τῶν
866 4497 1096 4568 δένδρων
1119 4497 1498 4567 εύφυεστέροις
1528 4514 1678 4567 περι-

1783 4481 1928 4534 lacra
1975 4477 2285 4532 daemonum
2347 4475 2790 4536 constituissent,
2845 4472 3042 4526 ovibus
3089 4469 3366 4525 caedendis

130 4583 416 4653 ιδρύσαντες
455 4589 554 4658 ἕλη
591 4590 680 4640 καὶ
711 4588 1000 4658 δαιμονίων
1038 4588 1354 4657 ἰνδάλματα,
1401 4587 1679 4656 μηλοσφα-

124 4677 252 4742 γίαις
278 4680 597 4750 ἐκέχρηντο.
640 4679 774 4732 Ἀλλ’
793 4675 860 4749 ἦν
882 4680 1174 4747 ἀναγκαῖον
1203 4677 1678 4748 κατορῤωδοῦντας

125 4769 255 4820 οὐδὲν
295 4773 420 4834 τοὺς
467 4773 574 4824 ὑπὸ
601 4771 718 4841 Θεῷ
744 4771 1036 4840 γεγονότας
1077 4769 1153 4840 τῷ
1186 4771 1303 4823 κατ’
1334 4767 1591 4839 ἀλήθειάν
1617 4786 1677 4822 τε

124 4856 203 4905 καὶ
227 4857 398 4923 φύσει,
421 4859 491 4910 τά
517 4858 623 4910 τῶν
653 4858 1016 4927 πλανωμένων
1039 4858 1348 4910 κατασείειν
1363 4857 1674 4929 ἀθύρματα,

124 4945 206 4995 καὶ
247 4947 350 4997 τῶν
398 4949 532 5018 παρ’
570 4948 796 5011 ἐκείνοις
837 4948 977 5001 ἐθῶν
1017 4948 1091 5010 ὼς
1141 4949 1412 5001 ἀπωτάτω
1461 4951 1678 5021 χωρεῖν.

124 5034 391 5107 Τοιγάρτοι
429 5039 564 5110 φησὶ
619 5040 809 5092 πάλιν·
863 5059 880 5090 ι
935 5037 1060 5091 Ἐὰν
1091 5038 1147 5090 δὲ
1182 5038 1536 5113 ὲξολοθρεύσῃ
1571 5040 1684 5094 Κύ-

128 5142 224 5194 ριος
265 5131 292 5181 ὁ
343 5130 477 5193 Θεός
526 5147 616 5182 σου
654 5131 722 5182 τὰ
753 5129 900 5200 ἔθνη,
956 5131 1034 5192 εἰς
1072 5127 1164 5199 οὓς
1201 5130 1264 5181 σὺ
1301 5129 1538 5200 πορεύσῃ
1569 5131 1686 5182 ἐκεῖ

122 5218 203 5271 τοῦ
237 5221 644 5292 κληρονομῆσαι
695 5221 790 5292 τὴν
840 5221 943 5292 γῆν
985 5220 1185 5283 αὐτῶν,
1239 5221 1346 5273 ἀπὸ
1393 5221 1682 5290 προσώπου

124 5325 226 5373 σου,
253 5314 342 5364 καὶ
381 5312 947 5383 κατακληρονομήσῃς
973 5311 1192 5372 αὑτοὺς,
1233 5312 1326 5362 καὶ
1353 5313 1683 5382 κατοικήσῃς

123 5399 172 5450 ὲν
221 5403 285 5470 τῇ
345 5403 415 5471 γῇ
464 5401 666 5459 αὑτῶν.
712 5401 943 5472 πρόσεχε
996 5398 1197 5468 σαυτῷ,
1248 5399 1322 5470 μὴ
1361 5399 1675 5473 ἐκζητήσῃς

125 5491 547 5560 ἐπακολουθῆσαι
590 5495 770 5555 αὐτοῖς
821 5491 959 5563 μετά
1004 5491 1064 5544 τὸ
1108 5490 1548 5562 ὲξολοθρευθῆναι
1582 5496 1684 5547 αὑ-

121 5581 234 5643 τοὺς
282 5582 391 5634 ἀπὺ
439 5582 733 5653 προσώπου
786 5598 909 5639 σου,
960 5581 1019 5632 οὑ
1078 5580 1152 5650 μὴ
1204 5579 1509 5652 ὲκζητήσῃς
1557 5584 1684 5648 τοὺς

123 5669 262 5735 θεοὺς
284 5673 491 5736 αὑτῶν,
519 5673 712 5740 λέγων,
746 5673 868 5736 Πῶς
897 5671 1106 5725 ποιοῦσι
1125 5671 1192 5724 τά
1216 5671 1341 5742 ἔθνη
1373 5672 1542 5728 ταῦτα
1569 5677 1681 5740 τοῖς

185 5792 226 5825 ⁸⁸
251 5793 270 5848 1
295 5793 423 5851 Cor.
457 5811 536 5860 xr,
559 5794 646 5861 9.7,
679 5796 768 5852 28.
846 5797 892 5829 ⁷⁰
931 5797 1090 5851 Deut.
1133 5812 1228 5859 xu,
1257 5795 1366 5849 1-5.

1785 4585 2008 4640 operam
2035 4569 2255 4622 dabant.
2291 4567 2397 4621 Sed
2432 4582 2655 4620 necesse
2693 4574 2811 4620 erat
2840 4571 2920 4628 ut,
2961 4563 3012 4617 ei
3044 4562 3140 4632 qui
3167 4571 3364 4616 natura

1784 4670 1839 4715 et
1879 4677 2006 4716 vere
2049 4661 2192 4714 Deus
2228 4669 2330 4723 est,
2361 4659 2589 4730 subjecti
2620 4659 2892 4721 homines,
2916 4655 3055 4710 nihil
3099 4655 3362 4724 pertime-

1781 4763 2016 4817 scentes,
2045 4753 2346 4808 errantium
2390 4752 2674 4806 hominum
2706 4751 2915 4807 ludicra
2941 4747 3361 4811 demolirentur,

1779 4857 1834 4903 et
1857 4848 1924 4903 ab
1960 4848 2175 4901 illorum
2207 4846 2452 4899 moribus
2478 4845 2793 4916 longissime
2824 4843 3166 4898 recederent.
3204 4839 3362 4893 Ideo-

1781 4956 1888 5010 que
1924 4955 2116 4993 rursus
2153 4938 2287 4992 dicit
2315 4956 2326 4990 :
2365 4957 2381 4988 ι
2416 4936 2552 4992 Cum
2582 4935 2743 5005 179
2770 4929 3220 4989 exterminavcrit
3252 4930 3362 4984 D0-

1783 5031 1964 5084 minus
1986 5031 2130 5084 Deus
2159 5039 2284 5084 tuus
2307 5037 2494 5098 gentes
2539 5041 2676 5095 quas
2704 5033 2758 5078 tu
2784 5021 3130 5094 ingredieris,
3159 5026 3217 5072 ut
3239 5033 3366 5086 pos-

1783 5123 1962 5178 sideas
1996 5129 2214 5184 terram,
2249 5137 2278 5175 a
2312 5121 2446 5174 facie
2474 5128 2586 5182 tua,
2611 5125 2665 5171 et
2697 5115 3008 5186 possederis
3029 5131 3146 5178 eos,
3175 5125 3229 5170 et
3263 5115 3362 5171 ha-

1785 5217 2044 5272 bitaveris
2067 5215 2120 5268 in
2146 5224 2290 5269 terra
2314 5213 2579 5282 ipsorum,
2603 5226 2732 5266 cave
2759 5209 2855 5264 tibi
2884 5209 3010 5279 ipsi,
3035 5224 3108 5262 ne
3142 5208 3365 5266 studeas

1788 5308 1947 5379 sequi
1969 5323 2082 5369 eos,
2109 5314 2392 5376 postquam
2418 5304 2760 5359 exterminati
2782 5301 2986 5356 fuerint
3005 5318 3034 5355 a
3064 5300 3200 5356 facie
3239 5311 3359 5368 tua;

1788 5415 1896 5453 non
1928 5397 2180 5466 exquires
2212 5397 2345 5451 deos
2369 5393 2790 5458 eorum,dicens
2815 5411 2827 5445 :
2850 5391 3135 5458 Quomodo
3159 5391 3364 5446 faciunt

1785 5499 1975 5561 gentes
2019 5489 2102 5544 ιιιε
2149 5488 2258 5543 diis
2296 5488 2430 5551 suis,
2481 5487 2559 5540 sic
2601 5495 2657 5540 et
2707 5501 2808 5556 ego
2854 5485 3084 5550 faciam;
3132 5500 3240 5540 non
3283 5483 3364 5538 sic

1784 5581 1953 5634 facies
1981 5578 2211 5632 Domino
2240 5577 2352 5631 Deo
2379 5585 2473 5630 tuo
2503 5595 2514 5628 :
2546 5576 2982 5630 abominationes
3023 5576 3169 5630 enim
3225 5589 3362 5643 quas

1784 5672 2049 5729 Dominus
2089 5671 2224 5735 odit,
2258 5670 2506 5726 fecerunt
2539 5669 2646 5725 diis
2685 5670 2827 5735 suis;
2857 5684 2983 5723 nam
3022 5667 3188 5723 etiam
3223 5664 3367 5722 ﬁlios
