3998 6502
609 324 712 381 M9

1646 323 1699 378 S.
1743 323 2016 379 CYRILLI
2055 320 2524 377 ALEKANDRINI
2560 323 2878 382 ARCHIEP.
3773 327 3858 382 Ηθ

611 462 740 501 suos
775 457 830 502 et
871 449 1012 502 filias
1056 462 1185 501 suas
1223 459 1555 501 comburunt
1590 445 1700 516 igni
1745 445 1854 500 diis
1890 445 2006 500 suis
2048 445 2114 495 τ’.
2167 462 2184 492 ι

2294 443 2432 505 Θεοῖς
2478 447 2679 511 αὐτῶν,
2713 451 2923 518 ποιήσω
2953 463 3045 502 και
3073 449 3200 514 ἐγώ·
3233 449 3293 501 οὐ
3328 449 3563 518 ποιήσῃς
3590 446 3736 500 οὕτω
3766 445 3860 500 Κυ-

612 539 757 593 Ιῖοιιθ
795 539 1048 608 prohibet
1085 539 1310 592 omnino
1364 538 1641 608 legislator
1690 554 1758 592 ne
1785 538 2083 592 errantium
2113 536 2189 589 ri-

613 639 702 685 tus
725 629 1038 693 imitentur,
1064 639 1119 684 et
1143 629 1212 683 ab
1237 629 1403 698 impia
1430 629 1520 683 illa
1550 629 1851 683 liberorum
1873 628 2020 683 caede
2043 643 2192 682 rece-

610 721 742 776 dere
765 722 955 792 jubet,
988 721 1214 789 illosque
1255 721 1538 790 sanguinis
1565 720 1816 790 cupidos,
1846 729 1902 774 et
1941 720 2058 774 falsi
2090 736 2190 773 no-

611 815 774 868 minis
841 813 974 868 deos
1042 821 1392 881 corruptores
1461 828 1525 866 ac
1588 812 1894 882 perditorcs
1966 812 2190 866 humani

609 906 827 975 generis
868 920 987 958 esse
1030 905 1294 975 coarguit,
1320 904 1412 974 qui
1439 904 1744 967 teterrime,
1772 919 1883 972 pra:
1926 919 2021 960 sua
2065 904 2191 958 libi-

609 996 760 1060 dine,
785 996 899 1064 ipsa
924 1011 1142 1065 quoque
1167 995 1490 1050 necessariae
1513 995 1907 1050 benevolentia:
1920 995 2042 1066 jura
2063 1010 2194 1050 con-

609 1096 856 1142 temnant
900 1105 912 1141 :
957 1107 974 1138 ‹
1025 1087 1243 1143 Creavit
1275 1089 1422 1143 enim
1457 1088 1640 1141 omnia
1674 1088 1847 1150 Deus,
1887 1097 1947 1141 ut
1986 1095 2189 1149 essent,

610 1185 666 1232 et
687 1178 953 1232 salutares
976 1187 1103 1231 sunt
1127 1177 1504 1248 generationes
1528 1176 1742 1239 mundi,
1766 1185 1823 1230 et
1855 1192 1964 1230 non
1993 1185 2077 1230 est
2103 1176 2192 1230 in-

611 1269 855 1324 ferorum
881 1285 1110 1339 regnum
1137 1269 1193 1323 in
1232 1277 1397 1322 terra.
1427 1267 1634 1321 Invidia
1661 1282 1790 1321 vero
1813 1267 2018 1321 diaboli
2044 1283 2194 1322 mors

611 1360 859 1416 introivit
882 1361 936 1414 in
961 1360 1222 1414 mundum
1243 1362 1308 1414 ⁷⁸.
1342 1379 1359 1410 ι
1389 1361 1467 1414 Ac
1489 1359 1672 1413 divina
1692 1359 1914 1428 quidem
1941 1361 2194 1414 voluntas

607 1455 808 1510 evertit
838 1463 1092 1518 mortem,
1131 1453 1530 1521 interitumque
1572 1452 1826 1514 destruit,
1869 1460 1924 1506 et
1966 1467 2030 1506 ea
2073 1468 2194 1521 qua:

611 1556 759 1609 sunt,
785 1547 966 1616 perire
1008 1561 1115 1600 non
1157 1546 1398 1615 patitur;
1437 1545 1643 1598 creavit
1684 1545 1852 1608 enim,
1884 1553 1944 1598 ut
1985 1552 2189 1608 essent,

611 1637 815 1700 omnia,
842 1638 984 1691 sicut
1011 1637 1276 1705 scriptum
1310 1643 1393 1688 est
1425 1651 1436 1686 :
1466 1633 1559 1702 qui
1599 1650 1730 1688 vero
1762 1635 2068 1689 dxemonum
2093 1650 2190 1689 cu-

612 1728 836 1798 piditate
865 1738 1120 1797 tanquam
1144 1726 1353 1780 retibus
1377 1724 1443 1778 ad
1465 1739 1710 1780 errorem
1744 1726 2004 1796 pertracti
2040 1737 2186 1790 sunt,

609 1835 802 1875 eorum
843 1820 1144 1882 interitum,
1186 1819 1300 1888 qui,
1343 1826 1403 1871 ut
1430 1817 1698 1878 viverent,
1732 1827 1858 1872 sunt
1889 1818 2058 1884 editi;
2089 1835 2184 1874 e0-

610 1926 842 1978 rumque
883 1917 1138 1973 mortem,
1181 1910 1297 1978 qui,
1339 1918 1398 1963 ut
1431 1919 1636 1972 essent,
1663 1909 1832 1964 creati
1857 1918 2008 1973 sunt,
2035 1912 2186 1964 velut

608 2002 956 2056 condimenta
1000 2002 1246 2072 quaedam
1301 2011 1357 2056 ct
1407 2003 1788 2057 odoratissima
1838 2003 2189 2074 thymiamata

608 2093 821 2149 Satanze
847 2094 1106 2147 offerunt.
1137 2094 1514 2149 Pulcherrime
1555 2095 1720 2164 igitur
1755 2094 1971 2148 illorum
2009 2111 2192 2150 mores

606 2185 944 2256 gravissimis
977 2185 1305 2240 criminibus
1339 2201 1458 2240 esse
1506 2186 1697 2254 plenos
1725 2185 1988 2249 ostendit,
2023 2186 2164 2240 viola

607 2279 764 2348 rique
801 2279 942 2348 apud
976 2294 1071 2332 eos
1113 2287 1386 2343 naturam,
1419 2279 1784 2348 optabilisque
1819 2294 1947 2348 erga
1987 2279 2190 2334 liberos

606 2370 810 2424 amoris
851 2372 974 2439 jura
1006 2370 1352 2433 conculcari;
1388 2379 1448 2424 ut
1481 2370 1793 2424 auditorum
1825 2369 2066 2424 animum
2102 2369 2188 2424 in-

607 2478 870 2533 genuum,
899 2471 954 2516 et
986 2463 1243 2515 vitiorum
1271 2462 1574 2525 inimicum,
1603 2463 1668 2516 ad
1695 2477 1756 2516 ea
1789 2462 2185 2531 amplectenda,

607 2553 934 2623 fortiterque
969 2553 1304 2622 arripienda,
1342 2569 1464 2623 quae
1501 2554 1615 2622 ipse
1655 2552 1818 2606 vellet
1862 2566 1926 2605 ac
1950 2551 2187 2622 juberet,

606 2642 885 2712 aptissime
913 2643 1227 2696 transferat.
1254 2645 1431 2712 Atque
1454 2644 1570 2697 hzec
1602 2642 1668 2696 ad
1694 2643 1910 2697 illorum
1943 2643 2190 2713 impieta-

606 2742 716 2788 tem
738 2734 1084 2788 evertendam
1116 2735 1243 2788 olim
1275 2734 1453 2788 edicta
1487 2744 1634 2788 sunt.
1662 2733 1931 2804 Supremo
1960 2743 2187 2804 praeter-

604 2837 668 2876 ea
708 2825 976 2894 supplicio
1025 2825 1224 2888 sanxit,
1247 2825 1290 2878 si
1325 2826 1449 2894 quis
1485 2824 1860 2879 confirmatum
1909 2825 2186 2880 hominem

604 2923 661 2969 et
685 2915 778 2984 qui
811 2916 1058 2970 veritatis
1087 2917 1454 2985 cognitionem
1493 2917 1582 2986 pic
1616 2917 1966 2986 suscepisset,
1992 2933 2022 2971 a
2059 2932 2187 2972 sen-

605 3006 774 3060 tentia
817 3005 1090 3061 dcducere
1145 3017 1424 3062 tentasset.
1477 3007 1567 3063 Sic
1613 3009 1761 3063 enim
1818 3024 2010 3063 rursus
2046 3009 2125 3063 ait
2169 3027 2184 3064 :

2296 534 2394 603 ρίῳ
2425 534 2501 604 τῷ
2534 535 2650 605 Θεῷ
2681 554 2771 588 σου
2793 555 2806 566 ο
2836 539 2906 590 τὰ
2929 538 3037 608 γὰρ
3069 538 3431 608 βδελύγματα,
3473 540 3510 592 ἀ
3530 538 3732 606 Κύριος
3757 539 3859 607 Epi-

2295 641 2479 694 σησεν,
2511 628 2772 695 ἐποίησαν
2800 634 2910 691 τοῖς
2937 628 3078 692 θεοῖς
3105 631 3304 692 αὐτῶν,
3337 630 3419 682 ὅτι
3448 632 3543 681 καὶ
3569 630 3698 691 τοὺς
3726 629 3859 694 υἱοὺς

2294 717 2472 770 αὐτῶν
2507 719 2730 782 καὶτὰς
2777 720 3082 790 θυγατέρας
3132 721 3309 775 αὐτῶν
3369 722 3762 775 κατακαίουσιν
3809 724 3859 774 ἐν

2296 809 2429 876 πυρὶ
2479 811 2591 872 τοῖς
2627 809 2769 873 Θεοῖς
2812 813 3010 864 αὐτῶν.
3060 831 3077 862 ι
3113 809 3187 866 Εὖ
3223 830 3283 879 γε
3339 815 3366 866 6
3417 813 3716 882 νομοθέτης
3745 813 3861 866 ἀπο·

2295 899 2493 966 φάσκει
2523 899 2797 963 παντελῶς
2839 900 2949 953 τῶν
2979 901 3345 971 πλανωμένων
3369 901 3466 973 τὴν
3497 903 3755 972 μίμησιν,
3782 904 3862 957 καὶ

2294 987 2595 1060 ἀποφοιτᾷν
2623 985 2681 1042 εὖ
2714 992 2859 1058 μάλα
2889 990 3100 1044 κελεύει
3121 993 3218 1062 τῆς
3245 991 3507 1063 ἀνηλεοῢς
3529 993 3640 1046 τῶν
3666 993 3860 1046 τέκνων

2296 1078 2529 1146 σφαγῆς.
2565 1078 2801 1149 Φθόρους
2823 1080 2877 1132 δὲ
2903 1081 2994 1132 καὶ
3019 1080 3303 1150 λυμεῶνας
3330 1081 3429 1150 τῆς
3457 1081 3861 1151 ἀνθρωπὸτητος

2293 1167 2420 1230 τοὺς
2449 1169 2808 1239 φιλαιμάτους
2831 1189 2892 1224 τε
2919 1171 3010 1224 καὶ
3037 1171 3425 1242 ψευδωνύμως
3456 1171 3669 1242 ἐλέγχει
3695 1171 3858 1236 θεοὺς,

2294 1258 2389 1310 καὶ
2421 1255 2615 1321 αὐτοὺς
2649 1260 2858 1330 ἀγρίως
2885 1263 3012 1326 τοὺς
3036 1262 3132 1332 τῆς
3160 1263 3464 1330 ἀναγκαίας
3493 1264 3860 1334 φιλοστοργίας

2295 1348 2658 1418 ἀτιμάζοντας
2678 1349 2898 1417 νόμους,
2915 1351 3002 1404 διά
3023 1367 3084 1417 γε
3107 1351 3166 1404 τὸ
3192 1351 3342 1421 σφίσι
3366 1352 3578 1406 δοκοῦν·
3605 1373 3623 1405 ι
3647 1355 3858 1407 Ἔκτισε

2298 1438 2395 1508 μὲν
2450 1439 2557 1509 γὰρ
2608 1441 2687 1502 είς
2733 1440 2794 1491 τὸ
2837 1436 2980 1494 εἶναι
3037 1442 3104 1495 τά
3146 1442 3324 1496 πάντα
3357 1443 3510 1508 Θεὸς,
3549 1443 3643 1497 καὶ
3697 1446 3858 1515 συντή-

2298 1547 2401 1602 ριοι
2433 1532 2487 1582 αἱ
2518 1531 2764 1598 γενέσεις
2783 1532 2874 1585 τοῦ
2916 1535 3146 1604 κόσμου,
3189 1535 3282 1587 καὶ
3315 1536 3414 1588 οὐκ
3439 1535 3586 1590 ἐστιν
3617 1536 3750 1607 ᾷδου
3780 1537 3858 1606 βα·

2297 1623 2491 1676 σίλειον
2526 1626 2617 1676 ἐπί
2644 1626 2765 1695 γῆς.
2799 1625 2981 1696 Φθόνῳ
3017 1626 3073 1678 δὲ
3111 1627 3361 1680 διαϐόλου
3394 1627 3621 1691 θάνατος
3656 1630 3738 1691 είς
3783 1631 3858 1682 τὸν

2295 1716 2498 1786 κόσμον
2521 1718 2788 1789 εἰσῆλθεν.
2823 1738 2841 1768 ι
2871 1719 2978 1772 Καὶ
3003 1721 3036 1788 ἡ
3068 1720 3164 1789 μὲν
3193 1719 3313 1773 θεία
3338 1720 3552 1792 θέλησις
3573 1722 3855 1791 ἀνατρέπει

2295 1807 2544 1874 θάνατον,
2574 1813 2668 1862 καὶ
2710 1810 2968 1863 καταλύει
2999 1810 3205 1882 φθοράν
3227 1828 3240 1842 ·
3283 1812 3460 1865 καὶτὸ
3493 1813 3589 1865 οὐκ
3619 1807 3763 1866 εἶναι
3800 1816 3856 1867 τὲ

2294 1899 2420 1952 ὄντα
2459 1901 2558 1969 (ll,
2599 1903 2775 1971 μισεῖ·
2828 1902 3012 1955 ἔκτισε
3046 1904 3154 1974 γὰρ
3185 1905 3266 1966 είς
3296 1903 3358 1956 τὸ
3399 1899 3537 1957 εἶναι
3571 1905 3636 1957 τὰ
3673 1906 3851 1964 πάντα,

2295 1992 2436 2044 καθά
2470 1987 2796 2062 γέγραπται.
2833 1995 2898 2046 Οἱ
2939 1995 2996 2046 δὲ
3050 1997 3168 2058 ταῖς
3203 1994 3308 2047 τῶν
3337 1995 3627 2065 δαιμονίων
3679 1996 3856 2048 ττλεον⁹

2295 2083 2465 2148 εξίαις
2497 2085 2952 2154 σεσαγηνευμένοι
2985 2085 3119 2156 πρὸς
3151 2085 3436 2155 πλάνησιν,
3468 2086 3718 2158 καθάπερ
3744 2088 3854 2157 ἠδύ-

2298 2193 2500 2246 σματα,
2522 2179 2616 2229 καὶ
2637 2177 2745 2229 τῶν
2760 2177 2842 2229 ὅτι
2863 2177 3094 2246 μάλιστα
3111 2178 3362 2248 χρηστῶν
3381 2179 3472 2230 καὶ
3491 2179 3855 2248 εὐοσμοτάτων

2296 2268 2675 2338 θυμιαμάτων,
2734 2269 3160 2338 προσκομίζουσι
3218 2268 3294 2338 τῷ
3347 2270 3560 2340 Σατανᾷ
3616 2270 3730 2322 τῶν
3776 2272 3854 2323 ἐπὶ

2295 2359 2406 2430 ζωῇ
2441 2360 2738 2428 γεγονότων
2769 2361 2859 2412 τὸν
2896 2360 3138 2430 ὄλεθρον,
3169 2362 3263 2414 καὶ
3290 2361 3398 2414 τῶν
3426 2362 3760 2432 ὲκτισμένων
3787 2364 3854 2426 είς

2291 2452 2352 2504 τὸ
2379 2447 2537 2514 εἶναι,
2571 2452 2662 2504 τὸν
2696 2452 2940 2506 θάνατον.
2969 2451 3323 2520 Εὐφυέστατα
3351 2453 3548 2517 τοίνυν,
3576 2455 3678 2525 τῆς
3702 2456 3851 2524 ἐσχά-

2289 2561 2390 2614 της
2419 2544 2590 2609 δεῖξαι
2629 2544 2884 2612 διαϐολῆς
2930 2545 2996 2597 τὰ
3024 2547 3155 2616 παρ’
3185 2546 3412 2610 ἐκείνοις
3444 2545 3664 2617 ἐμπλεω
3704 2547 3852 2617 +509-

2291 2635 2427 2706 λήθη
2472 2635 2566 2688 καὶ⁵
2603 2633 2763 2703 φύσιν
2807 2635 3189 2705 ἀδικουμένην,
3245 2636 3338 2688 καὶ
3383 2635 3481 2705 τῆς
3530 2635 3850 2688 πολυεύκτου

2293 2727 2632 2796 φιλοπαιδίας
2683 2726 3101 2796 πεπατημένους
3146 2726 3403 2796 θεσμοὺς,
3453 2726 3762 2797 μετασοεῶν
3798 2725 3848 2782 εὖ

2295 2822 2439 2891 μάλα
2474 2823 2564 2875 τὸν
2600 2823 2792 2890 εὐγενῆ
2830 2823 2924 2875 καὶ
2959 2821 3254 2890 μισόκακον
3293 2820 3417 2873 νοῦν
3447 2821 3555 2873 τῶν
3578 2822 3849 2892 ἀκραιιμέ-

2292 2931 2396 2966 νων
2448 2915 2540 2968 ἐπὶ
2575 2915 2637 2967 τὸ
2683 2915 2880 2986 χρῆναι
2917 2915 3083 2984 τιμᾷν
3129 2914 3224 2967 καὶ
3281 2912 3598 2967 ἀνθελέσθαι
3650 2914 3849 2984 γοργῶς

2297 3004 2442 3076 άπερ
2490 3005 2556 3059 ἂν
2599 3006 2763 3069 αὐτὸς
2812 3005 3052 3076 βούλοιτό
3095 3022 3155 3058 τε
3189 3005 3284 3058 καὶ
3337 3005 3507 3072 λέγοι.
3553 3004 3664 3058 Καὶ
3703 3007 3848 3058 ταυτὶ

611 3114 632 3148 ι
660 3095 814 3163 Quod
838 3098 882 3151 si
907 3100 1210 3153 surrexerit
1233 3100 1287 3153 in
1312 3100 1496 3154 medio
1522 3100 1600 3155 tui
1622 3101 1910 3171 propheta,
1937 3102 2022 3157 vel
2045 3117 2188 3157 som-

2295 3097 2414 3166 μὲν,
2464 3098 2542 3161 είς
2579 3097 2890 3169 ἀνατροπὴν
2929 3098 3028 3168 τῆς
3079 3098 3212 3168 παρ’
3258 3095 3487 3159 ἐκείνοις
3517 3095 3844 3166 ἀνοσιότητος

601 3188 763 3244 nians
779 3190 1135 3254 somnium,et
1155 3190 1369 3246 dederit
1387 3191 1485 3244 tibi
1505 3192 1717 3262 signum
1741 3201 1834 3247 aut
1854 3193 2184 3264 prodigium,

601 3287 659 3336 et
677 3281 890 3335 venerit
917 3282 1134 3351 signum
1169 3290 1264 3336 aut
1289 3283 1598 3354 prodigium
1645 3283 1793 3353 quod
1821 3284 2037 3340 locutus
2066 3286 2186 3340 fue-

602 3371 679 3426 rit
705 3372 772 3426 ad
800 3379 874 3436 te,
906 3372 1126 3428 dicens:
1154 3374 1376 3437 Eamus,
1407 3384 1462 3428 et
1494 3375 1801 3430 serviamus
1827 3376 1934 3430 diis
1969 3377 2184 3441 alienis,

607 3464 768 3534 180
799 3481 938 3534 quos
965 3481 1072 3519 non
1116 3466 1385 3521 novistis:
1424 3483 1534 3521 non
1575 3467 1814 3522 audietis
1852 3469 2020 3523 verba
2057 3486 2186 3540 pro-

602 3555 781 3625 phetae
804 3555 972 3618 illius,
1000 3565 1093 3609 aut
1117 3558 1236 3627 ejus
1259 3559 1354 3626 qui
1401 3557 1698 3612 somniavit
1728 3559 2036 3624 somnium;
2059 3561 2186 3629 quia

603 3651 778 3698 tentat
801 3660 898 3697 vos
927 3645 1192 3700 Dominus
1216 3647 1360 3700 Deus
1394 3655 1596 3710 vester,
1629 3655 1687 3701 ut
1737 3648 1872 3701 sciat
1896 3664 1964 3702 an
1997 3648 2190 3718 diliga-

604 3734 676 3788 tis
715 3735 1004 3790 Dominum
1039 3737 1208 3792 Deum
1240 3747 1484 3792 vestrum
1531 3756 1596 3794 ex
1620 3749 1733 3794 toto
1766 3741 1932 3796 corde
1980 3750 2186 3805 vestro,

602 3831 660 3878 et
692 3839 758 3877 ex
795 3834 904 3878 tota
936 3826 1117 3880 anima
1140 3835 1323 3881 vestra
1357 3845 1368 3880 :
1402 3837 1527 3897 post
1557 3829 1851 3884 Dominum
1877 3831 2049 3884 Deum
2089 3848 2186 3885 ve-

604 3923 779 3971 strum
807 3918 1177 3983 ambulabitis,
1206 3927 1261 3973 et
1285 3918 1462 3988 ipsum
1506 3920 1792 3985 timebitis,
1835 3931 1892 3975 et
1932 3921 2186 3977 mandata

601 4009 723 4077 ejus
756 4011 1101 4074 custodietis,
1127 4020 1183 4065 et
1205 4029 1395 4067 vocem
1421 4015 1540 4084 ejus
1567 4014 1830 4078 audietis,
1871 4023 1927 4069 et
1950 4015 2028 4069 illi
2067 4031 2186 4070 ser-

601 4097 765 4152 vietis
787 4139 800 4162 ,
827 4108 882 4153 et
907 4099 982 4153 illi
1020 4101 1399 4168 adluerebitis;
1427 4112 1482 4158 et
1516 4104 1781 4174 prOpheta
1812 4105 1926 4170 ille,
1953 4107 2043 4160 vel
2091 4107 2184 4176 qui

601 4191 876 4246 somnium
900 4194 1212 4258 somniavit,
1240 4197 1508 4250 morietur
1535 4215 1546 4249 :
1575 4197 1792 4252 locutus
1821 4208 1907 4253 est
1950 4199 2098 4253 enim
2125 4210 2187 4255 ut

599 4283 898 4339 abduceret
926 4293 976 4340 te
1002 4301 1033 4340 a
1064 4287 1298 4341 Domino
1320 4289 1432 4342 Deo
1463 4296 1557 4342 tuo
1582 4289 1647 4342 ⁷³.
1684 4308 1701 4339 ι
1729 4288 1900 4355 Quam
1931 4292 2075 4362 justa
2101 4301 2185 4348 est

600 4376 717 4432 haec
744 4378 850 4441 lex,
875 4394 936 4432 ac
966 4378 1078 4432 Deo
1099 4379 1461 4434 conveniens!
1489 4381 1624 4435 Nam
1645 4382 1690 4436 si
1716 4397 2005 4452 corporum
2039 4385 2185 4438 occi-

2291 3188 2663 3258 ὲνομοθετεῖτο
2691 3187 2876 3242 πάλαι.
2904 3186 3196 3259 Καθορίζει
3217 3187 3272 3242 δὲ
3301 3187 3530 3243 θάνατον
3567 3187 3660 3240 τοῦ
3701 3204 3844 3259 μετα-

2289 3281 2496 3334 πείθειν
2533 3281 2805 3346 ἐθέλοντος
2829 3282 2920 3334 τδν
2943 3283 3040 3353 ὲρη
3051 3280 3350 3353 ρεισμένον,
3374 3280 3585 3350 καὶτῆς
3612 3279 3845 3349 ἀληθείας

2288 3374 2385 3444 τὴν
2426 3373 2625 3441 γνῶσιν
2665 3373 2926 3441 φιλοθέως
2953 3373 3375 3444 εἰσδεδεγμένον.
3415 3374 3563 3442 Ἔφη
3589 3373 3692 3444 γὰρ
3715 3372 3844 3425 οὕτω

2289 3465 2448 3517 πάλιν
2469 3481 2481 3492 ’
2521 3484 2537 3515 ι
2585 3464 2710 3516 Ἐἀν
2734 3465 2789 3518 δὲ
2816 3466 3022 3535 ἀναστῇ
3049 3465 3107 3516 ὲν
3137 3464 3220 3516 σοὶ
3248 3464 3535 3533 προφήτης
3559 3463 3592 3532 ἢ
3617 3462 3844 3514 ἐνυπνια-

2289 3555 2512 3625 ξάμενος
2547 3556 2608 3608 τὸ
2629 3557 2899 3619 ἐνύπνιον,
2931 3556 3026 3610 καὶ
3045 3555 3120 3626 δῷ
3143 3572 3225 3608 σοι
3249 3557 3475 3626 σημεῖον
3497 3553 3532 3625 ἢ
3558 3554 3732 3624 τέρας,
3762 3552 3845 3604 καὶ

2289 3646 2417 3719 ἔλθῃ
2442 3647 2503 3699 τὸ
2535 3651 2758 3718 σημεῖον
2805 3648 2838 3719 ἢ
2868 3648 2930 3701 τὸ
2962 3648 3146 3719 τέρας,
3181 3647 3209 3700 6
3239 3647 3468 3717 ὲλάλησε
3503 3645 3637 3719 πρὸς
3667 3646 3741 3705 σὲ,
3762 3645 3842 3696 λέ-

2287 3755 2399 3806 γων
2417 3755 2429 3767 ·
2464 3740 2824 3810 Πορευθῶμεν
2851 3739 2948 3791 καὶ
2966 3739 3351 3810 λατρεύσωμεν
3377 3739 3521 3800 θεοῖς
3544 3737 3740 3807 ἑτέροις
3759 3737 3841 3798 0-3.;

2287 3833 2387 3884 οὐκ
2415 3832 2612 3896 οἴδατε,
2643 3833 2742 3885 οὐκ
2780 3831 3079 3884 ἀκούσεσθε
3115 3831 3222 3883 τῶν
3257 3831 3431 3897 λόγων
3461 3828 3554 3882 τοῦ
3587 3831 3838 3900 προφήτου

2289 3925 2495 3977 ἐκείνου
2537 3923 2570 3992 ἢ
2620 3924 2713 3976 τοῦ
2765 3921 3221 3992 ὲνυπνιαβμένου
3260 3921 3318 3974 τὸ
3364 3920 3618 3975 ἐνύπνιον
3663 3924 3839 3980 ἐκεῖνο,

2287 4015 2367 4066 ὅτι
2398 4012 2645 4081 πειράζει
2680 4012 2882 4083 Κύριος
2909 4015 2936 4065 6
2967 4011 3100 4074 Θεός
3131 4029 3225 4064 σου
3259 4013 3402 4082 ὑμᾶς
3433 4011 3531 4066 τοῦ
3567 4011 3765 4075 εἰδέναι,
3796 4012 3840 4064 εί

2287 4108 2540 4174 ἀγαπᾶτε
2581 4106 2672 4158 τὸν
2704 4106 2834 4158 Θεὸν
2879 4104 3032 4176 ὑμῶν
3058 4104 3117 4169 ἐξ
3149 4105 3274 4175 ὅλης
3303 4104 3404 4173 τῆς
3433 4105 3658 4175 καρδίας
3685 4103 3838 4174 ὑμῶν,

2287 4201 2379 4253 καὶ
2407 4199 2466 4265 ἐξ
2482 4199 2610 4267 ὅλης
2634 4200 2732 4265 τῆς
2751 4197 2930 4267 ψυχῆς
2957 4196 3108 4267 ὑμῶν
3127 4211 3141 4226 ⁸
3173 4196 3349 4249 ὀπίσω
3378 4197 3590 4267 Κυρίου
3613 4196 3699 4248 τοῦ
3720 4193 3838 4247 Θεοῦ

2287 4289 2440 4358 ὑμῶν
2471 4286 2820 4359 πορεύσεσθε,
2848 4288 2941 4340 καὶ
2971 4286 3162 4338 τοῦτον
3196 4285 3574 4357 φοϐηθήσεσοε
3593 4326 3608 4347 ,
3641 4285 3723 4337 καὶ
3751 4285 3839 4346 τὰς

2288 4379 2504 4442 ἐντολὰς
2527 4378 2693 4432 αὐτοῦ
2711 4377 3033 4447 φυλάξεσθε,
3065 4377 3160 4432 καὶ
3187 4378 3288 4448 τῆς
3310 4379 3495 4448 φωνῆς
3515 4376 3676 4431 αὐτοῦ
3697 4375 3837 4430 ἀκού.

601 4469 820 4523 soribus
854 4470 1078 4524 omnino
1117 4471 1253 4524 mori
1297 4486 1521 4527 necesse
1553 4482 1639 4528 est
1677 4475 1980 4529 secundum
2007 4476 2185 4546 leges,

2293 4472 2472 4534 σεσθε,
2516 4473 2611 4525 καὶ
2647 4471 2794 4542 αὑτῷ
2832 4470 3167 4533 δουλεύσετε,
3211 4471 3305 4522 καὶ
3348 4470 3498 4540 αὑτῷ
3553 4467 3828 4540 προστεθή-

602 4561 876 4629 qnomodo
893 4576 999 4615 non
1011 4561 1383 4630 mquissimum
1403 4572 1486 4617 est
1513 4572 1572 4616 ut
1586 4563 1729 4618 idem
1753 4565 2047 4622 discrimen
2064 4568 2189 4622 sub-

2292 4561 2472 4616 σεσθε.
2535 4562 2646 4615 Καὶ
2700 4563 2730 4613 6
2786 4563 3071 4632 προφήτης
3127 4561 3333 4623 ἐκεῖνος
3385 4559 3419 4629 ἦ
3451 4562 3479 4613 6
3528 4560 3588 4612 τὸ
3615 4559 3836 4612 ἐνύπνιον

602 4660 709 4714 eat,
729 4651 822 4719 qui
839 4652 1022 4705 animo
1038 4653 1409 4720 perniciosum
1427 4669 1670 4710 errorem
1690 4657 1976 4722 invexerit,
1995 4667 2051 4713 et
2065 4674 2189 4714 eum

2292 4652 2746 4724 ὲνυπνιαζόμενος
2798 4654 3034 4716 ἐκεῖνος,
3062 4653 3443 4706 ἀποθανεῖται’
3480 4653 3698 4723 ὲλάλησε
3737 4654 3836 4720 γὰρ

602 4743 720 4812 qui,
748 4745 902 4813 juxta
927 4743 1228 4798 Salvatoris
1248 4745 1420 4814 ipsius
1439 4761 1650 4811 vocem,
1678 4763 1905 4817 corpore
1927 4758 2189 4819 praestan-

2292 4746 2669 4818 ἀποπλανῆσαί
2721 4763 2779 4799 σε
2819 4745 2926 4800 ἀπὸ
2972 4745 3177 4816 Κυρίου
3223 4747 3316 4800 τοῦ
3347 4747 3482 4800 Θεοῦ
3534 4764 3644 4800 σου.
3700 4764 3717 4796 ι
3753 4745 3838 4805 Ὠς

603 4835 710 4889 tior
725 4843 827 4898 est,
849 4835 901 4888 in
922 4835 1246 4904 perditionis
1268 4837 1453 4891 foveas
1478 4839 1808 4907 eonjecerit?
1824 4840 2189 4896 Justissimum

2292 4840 2437 4903 ὅσιός
2463 4857 2522 4893 τε
2569 4839 2664 4892 καὶ
2690 4838 2810 4908 Θεῷ
2850 4837 3076 4908 πρέπων
3116 4839 3146 4890 6
3175 4839 3373 4908 νόμοςί
3409 4841 3470 4892 Εἰ
3503 4839 3608 4910 γάρ
3638 4855 3708 4892 τοι
3731 4838 3836 4899 τοῖς

602 4928 770 4999 igitur
795 4927 1004 4996 putavit
1032 4927 1177 4982 Deus
1219 4936 1279 4982 ut
1301 4937 1549 4983 extremo
1580 4931 1845 5000 supplicio
1866 4931 2044 4988 lueret
2068 4947 2186 5003 pte-

2292 4933 2388 4990 εῶν
2439 4929 2708 5000 σωμάτων
2747 4931 3032 4997 φονευταῖς
3075 4929 3250 4999 πάντη
3303 4946 3362 4982 τε
3412 4930 3508 4982 καὶ
3553 4929 3744 4988 πάντως
3774 4925 3836 4977 τὺ

601 5035 700 5074 nas
720 5019 984 5088 deceptor
1017 5026 1072 5072 et
1097 5018 1386 5088 impostor;
1411 5019 1768 5091 eamdemque
1793 5022 2046 5079 similiter
2066 5041 2186 5096 pm-

2292 5024 2599 5080 ὲκτεθνάναι
2635 5023 2744 5076 δεῖν
2785 5021 2976 5091 ἕψεται
3027 5021 3171 5074 κατὰ
3208 5021 3438 5092 νόμους,
3479 5019 3596 5084 πῶς
3633 5020 3692 5073 ἄν
3723 5017 3834 5085 οὐχὶ

600 5127 726 5164 nam
751 5111 1010 5164 adversus
1030 5126 1125 5165 eos
1148 5111 1454 5175 constituit,
1480 5111 1573 5181 qui
1612 5112 1788 5168 levem
1817 5114 2188 5186 mobilemque

603 5201 843 5254 animum
862 5201 1128 5271 ejusmodi
1147 5201 1464 5256 hominibus
1479 5201 1878 5257 adhibuissent.
1891 5202 1992 5258 Cui
2009 5204 2178 5269 enim,

605 5291 802 5360 inquit,
825 5292 1064 5363 effugere
1090 5292 1312 5357 licebat,
1333 5292 1400 5346 ad
1425 5293 1714 5347 veritatem
1731 5292 1976 5361 vigilanti
1998 5293 2184 5348 animo

605 5383 941 5452 respicienti,
981 5385 1026 5438 is
1071 5400 1232 5453 quam
1267 5384 1338 5439 ob
1377 5399 1596 5439 causam
1641 5391 1836 5454 sponte
1879 5383 1946 5437 ad
1995 5383 2183 5453 perni-

604 5473 743 5530 ciem
787 5474 1017 5545 refugit?
1047 5495 1064 5524 ι
1099 5475 1254 5542 Quod
1294 5476 1338 5531 si
1367 5477 1624 5531 inventus
1664 5474 1832 5529 fuerit
1869 5475 1925 5529 in
1954 5491 2062 5530 una
2090 5493 2185 5531 ur-

2301 5114 2700 5170 κινδυνεύσειεν
2755 5113 2978 5176 εἰκότως
3033 5113 3062 5166 6
3106 5111 3254 5183 ψυχῇ
3315 5110 3417 5182 τὴν
3455 5110 3684 5180 ὀλέθρων
3720 5108 3834 5158 ἐπι-

2291 5207 2472 5277 φέρων
2523 5205 2808 5275 πλάνησιν,
2857 5204 2951 5259 καὶ
3001 5203 3212 5276 βόθροις
3248 5204 3348 5274 τῆς
3392 5201 3658 5262 ἀπωλείας
3688 5197 3835 5258 ἐνιεὶς

2289 5299 2389 5366 τὴν
2435 5296 2643 5368 ἀμείνω
2691 5295 2959 5367 σώματος,
2981 5297 3122 5349 κατά
3161 5295 3260 5365 τὴν
3291 5293 3457 5350 αὐτοῦ
3490 5292 3578 5345 τοῦ
3608 5289 3836 5356 Σωτῆρος

2293 5387 2511 5456 φωνὴνς
2563 5385 2774 5456 Χρῆναι
2813 5385 2911 5455 μὲν
2952 5385 3014 5454 δὴ
3048 5385 3148 5455 τὴν
3176 5385 3260 5453 ἐφ’
3305 5383 3497 5453 αἵματι
3531 5374 3835 5450 πράττεσθαι

2292 5479 2470 5550 δίκην,
2506 5478 2596 5532 τὸν
2629 5476 2920 5532 ἀπατεῶνα
2947 5477 3041 5532 καὶ
3073 5475 3398 5549 βωμολόχον,
3435 5471 3655 5527 ἐδικαίου
3677 5465 3833 5530 Θεός·

677 5631 716 5660 ⁷⁸
751 5631 908 5691 Deut.
938 5647 1029 5692 an,
1055 5630 1141 5684 9.9.
1185 5633 1253 5714 ‘7'
1281 5634 1406 5700 Sap.
1443 5649 1480 5694 I,
1511 5631 1605 5695 14;
1634 5647 1691 5694 Il,
1717 5629 1786 5684 Ἣ
1885 5631 1932 5660 ⁷³
1954 5630 2115 5685 Deut.
2136 5647 2250 5695 xm,
2275 5631 2390 5687 1-5.

680 5769 752 5838 (1)
808 5770 879 5823 Sic
935 5769 1099 5823 codex
1162 5770 1487 5828 Vaticanus;
1543 5769 1712 5823 codex
1763 5768 1990 5832 Sil'leti,
2027 5769 2284 5838 ὀνόματα.
