3998 6502
175 345 262 402 ΕΙ

898 343 983 397 DE
1023 340 1460 398 ADORATIONE
1501 343 1567 397 IN
1605 343 1871 402 SPIRITU
1913 347 1998 401 ET
2039 345 2403 402 V’ERITATE.
2449 343 2572 398 LIB.
2615 342 2700 396 VI.

3301 343 3406 400 Ην.

172 461 346 532 ποινὴν
384 460 440 512 δε
483 461 578 529 τήν
606 460 726 528 ἴσην
772 458 1208 528 καταψηφίζεται
1241 460 1334 512 καὶ.
1361 459 1450 512 τὸν
1480 459 1719 530 εὐπαρά‹

1828 461 1979 517 bium
2010 471 2246 527 tuarum,
2275 477 2411 532 quas
2430 458 2696 514 Dominus
2721 457 2866 511 Deus
2906 463 3031 511 tuus
3057 457 3148 512 dat
3177 457 3296 525 tibi,
3320 459 3404 514 vir

172 551 326 621 φορόν
357 567 415 602 τε
463 549 555 602 καὶ
599 548 836 618 ἐλαφρὸν
883 549 1311 601 ὑποτεθεικότων
1346 551 1456 611 τοῦ⁵
1504 549 1727 602 τοιοῖσδε

170 642 305 699 νοῦν.
355 640 501 706 Ἑξὸν
547 639 654 709 γὰρ
687 639 925 702 εὐκόλως
967 639 1269 710 διαδράναι,
1300 640 1484 710 φησὶν,
1528 641 1728 710 ἀνανή-

171 750 328 804 φοντα
365 733 498 802 πρὸς
548 731 610 783 τὸ
653 730 872 801 ἀληθὲς,
931 729 1233 784 ἐθελούσιον
1282 729 1396 783 ἀνθ’
1453 730 1574 783 ὅτου
1628 731 1728 798 τὴν

169 826 242 889 είς
262 843 325 893 γε
373 825 433 876 τὸ
478 822 695 877 ἀδικοῦν
731 821 1044 893 ἀποδρομὴν
1077 821 1402 892 έποιήσατο;
1443 841 1462 871 ‹
1515 821 1639 874 Ἐἀν
1670 820 1728 876 δὲ

169 919 356 991 εὑρεθῇ
381 919 439 970 έν
477 918 558 970 σοὶ
589 918 646 968 ὲν
673 917 770 986 μιᾷ
799 914 908 990 τῶν
949 913 1156 968 πόλεών
1201 932 1317 978 σου,
1349 907 1423 967 ὦν
1454 912 1654 984 Κύριος
1701 913 1730 965 ὁ

168 1012 290 1074 Θεός
319 1026 414 1062 σου
442 1007 624 1062 δίδωσί
675 1025 781 1067 σοι,
813 1007 952 1076 ἀνὴρ
978 1006 1010 1074 ἢ
1047 1005 1203 1074 γυνὴ,
1236 1005 1381 1066 ὅστις
1411 1005 1624 1074 ποιήσει
1667 1003 1730 1056 τὸ

170 1103 395 1173 πονηρὸν
424 1100 665 1154 ἐναντίον
717 1097 925 1168 Κυρίου
957 1097 1051 1149 τοῦ
1099 1096 1232 1150 Θεοῦ
1276 1113 1390 1158 σου,
1441 1093 1729 1166 παρελθεῖν

166 1196 256 1264 τήν
302 1194 567 1263 διαθήκην
620 1189 806 1251 αὐτοῦ,
871 1190 964 1242 καὶ
1011 1187 1338 1250 ἀπελθόντες
1391 1187 1728 1258 λατρεύσωσι

167 1287 298 1346 θεοῖς
319 1285 545 1354 ἑτέροις,
584 1283 678 1334 καὶ
704 1281 1156 1352 προσκυνήσωσιν
1185 1279 1387 1342 αὐτοῖς,
1428 1277 1504 1347 τῷ
1527 1277 1662 1348 ἡλίῳ
1693 1277 1726 1348 ἢ

166 1381 226 1447 τῇ
261 1375 535 1445 σελήνῃ,ἣ
569 1373 727 1427 παντὶ
759 1371 866 1424 τῶν
899 1372 961 1424 ἐκ
985 1370 1081 1423 τοῦ
1118 1370 1321 1439 κόσμου
1345 1369 1438 1422 τοῦ
1478 1369 1725 1440 οὐρανοῦ,

166 1469 198 1521 ἃ
226 1468 284 1520 οῦ
322 1464 623 1536 προσέταξέ
657 1480 759 1524 σοι,
797 1463 889 1516 καὶ
928 1463 1026 1515 οὐκ
1066 1460 1339 1531 ἀνηγγέλη
1373 1477 1486 1523 σοι,
1515 1461 1609 1513 καὶ
1633 1461 1727 1513 ἐκο

165 1557 388 1627 ζητήσει
426 1555 652 1625 σφόδρα,
695 1553 790 1607 καὶ
834 1553 941 1606 ίδοί)
987 1551 1183 1621 ἀληθὲς
1221 1549 1412 1618 γέγονε
1463 1551 1522 1603 τὸ
1556 1550 1726 1620 ῥῆμα,

163 1647 449 1716 γεγένηται
483 1645 545 1698 τὸ
574 1644 848 1716 βδέλυγμα
872 1641 1026 1696 τοῦτο
1055 1643 1111 1694 ἐν
1139 1642 1376 1712 ’1σραήλ’
1407 1641 1498 1694 καὶ
1523 1640 1730 1706 ἐξάξεις

161 1739 246 1791 τὸν
303 1739 592 1808 ἄνθρωπον
632 1738 859 1799 ἐκεῖνον,
893 1735 925 1805 ἦ
965 1735 1066 1804 τὴν
1089 1735 1325 1802 γυναῖκα
1376 1732 1615 1803 ἐκείνην,
1653 1733 1730 1784 οῖ-

161 1845 301 1892 τινες
335 1829 595 1898 ἐποίησαν
619 1827 678 1880 τὺ
704 1829 934 1895 πρᾶγμα
959 1826 1020 1877 τὸ
1041 1825 1274 1895 πονηρὸν
1306 1823 1484 1888 τοῦτο,
1524 1824 1619 1878 καὶ
1650 1823 1728 1876 λι-
1759 1814 1800 1869 Β

161 1919 483 1990 θοϐολήσετε
531 1918 729 1980 αὐτοὺς
789 1919 846 1970 ὲν
898 1915 1086 1981 λίθοις,
1139 1917 1235 1968 καὶ
1285 1915 1726 1984 τελευτήσουσιν⁹

159 2012 245 2064 ἐπὶ
275 2011 403 2062 δυσὶ
436 2009 699 2080 μάρτυσιν
727 2008 760 2078 ἢ
792 2005 882 2060 ἐπὶ
909 2006 1056 2077 τρισὶ
1086 2004 1353 2075 μάρτυσιν
1379 2003 1730 2057 ἀποθανεῖται

156 2102 183 2154 ὁ
211 2101 607 2170 ἀποθνήσκωνο
644 2099 746 2151 οὑκ
803 2095 1152 2150 ἀποθανεῖται
1194 2095 1278 2163 ἐφ’
1327 2095 1408 2148 ἑνὶ
1464 2095 1727 2166 μάρτυρι*

155 2193 244 2245 καὶ
280 2193 317 2258 ἡ
369 2191 490 2261 χεὶρ
519 2191 628 2243 τῶν
662 2189 954 2261 μαρτύρων
982 2187 1136 2240 ἔσται
1174 2187 1262 2239 ἐπ’
1308 2186 1456 2258 αὐτῷ
1489 2187 1548 2238 έν
1582 2185 1731 2257 πρώ-

154 2300 260 2345 τοις
307 2281 616 2335 θανατῶσαι
646 2281 829 2347 αὑτὸν,
864 2281 958 2333 καὶ
1003 2282 1036 2349 ή
1067 2281 1186 2350 χεὶρ
1217 2278 1311 2332 τοῦ
1345 2279 1546 2343 παντὸς
1596 2277 1728 2332 λαοῦ

153 2377 238 2430 ἐπ’
273 2375 527 2444 ὲσχάτων
547 2390 558 2402 ·
594 2375 689 2427 καὶ
722 2373 938 2445 ὲξαρεῖς
957 2373 1048 2427 τὸν
1076 2373 1310 2442 πονηρὸν
1357 2371 1414 2438 ἐξ
1444 2371 1598 2442 ὑμῶν
1630 2371 1728 2424 αὐ-

152 2464 272 2515 τῶν·
325 2483 344 2513 ι
381 2463 516 2517 Θεοῦ
546 2464 655 2534 γὰρ
687 2462 1014 2532 ἠδικημένου
1049 2463 1176 2531 περὶ
1204 2461 1264 2514 τὸ
1293 2461 1423 2514 ῖδιον
1457 2460 1726 2530 σέϐασμα,

151 2555 208 2607 τὸ
236 2553 604 2623 ὲποικτείρειν
636 2554 735 2606 οὐκ
773 2553 1033 2620 ἀσφαλές.
1086 2551 1409 2623 Ἐπιζήμιον
1441 2552 1497 2604 δὲ
1529 2551 1725 2622 κομιδῆ

149 2643 207 2697 τὸ
235 2644 314 2714 μὴ
351 2645 412 2696 ὲν
455 2644 632 2714 καιρῷ
677 2644 1068 2714 μαλακίζεσθαι
1099 2645 1236 2714 πρὸς
1288 2644 1578 2715 ἀνάνδρους
1607 2643 1727 2712 φιλ-

150 2733 408 2804 αλληλίας
429 2749 444 2764 ⁸
489 2737 584 2788 καὶ
619 2736 794 2800 τοῦτο,
835 2731 1006 2804 οἶμαι,
1035 2735 1181 2787 ἐστιν
1205 2735 1342 2806 ὅπερ
1363 2733 1465 2804 ἔφη
1488 2734 1723 2804 Κύριος·

152 2843 170 2877 ι
222 2827 278 2878 '0
311 2827 546 2894 ἀγαπῶν
575 2825 784 2898 πατέρα
813 2827 846 2896 ἢ
881 2827 1090 2896 μητέρα
1126 2826 1266 2896 ὑπὲρ
1292 2826 1413 2896 ἐμὲ,
1462 2826 1562 2878 οῦκ
1603 2826 1721 2878 ἔστι

149 2932 248 2985 μου
281 2917 456 2982 ἄξιος.
499 2937 516 2968 ι
566 2919 803 2988 Ἐρῤἐτω
823 2917 930 2988 γὰρ
963 2917 1055 2968 καὶ
1081 2917 1203 2968 τότε
1248 2915 1410 2985 νόμος
1442 2916 1723 2987 φιλοστορ-

144 3006 287 3072 γίας,
342 3008 436 3060 καὶ
481 3008 715 3076 φυσικῆς
765 3007 983 3076 ἀγάπης
1045 3006 1274 3076 οἰχέσθω
1330 3006 1581 3077 δύναμις,
1631 3007 1724 3059 καὶ

142 3099 247 3149 πᾶν
298 3097 478 3151 ὁτιοῦν
508 3098 617 3150 τῶν
667 3097 909 3167 ἡκόντων
945 3099 1024 3160 εἰς
1054 3096 1484 3166 φιλανθρωπίαν,
1523 3098 1615 3150 καὶ
1656 3097 1721 3150 ἵν’

1829 562 1923 606 aut
1954 554 2152 607 mulier
2208 569 2328 622 qua:
2354 551 2518 604 faciat
2542 548 2746 602 malum
2783 546 2836 600 in
2863 554 3155 615 conspectu
3189 547 3405 602 Domini

1831 643 1931 708 tui,
1956 653 2014 697 ut
2040 642 2509 713 transgrediuntur
2531 649 2746 708 pactum
2766 637 2904 707 ejus,
2928 644 2982 689 et
3001 637 3265 692 abeuntes
3285 653 3406 692 ser-

1827 736 2031 790 vierint
2054 735 2160 788 diis
2187 733 2400 795 alienis,
2433 741 2489 786 et
2520 730 2867 785 adoraverint
2890 729 3032 794 illos,
3057 729 3227 784 solem
3248 729 3404 784 vide-

1829 828 1975 891 licet,
2000 836 2094 880 aut
2119 827 2326 888 lunam,
2363 829 2454 876 aut
2479 821 2730 891 quemvis
2761 821 2930 874 alium
2965 827 3219 873 ornatum
3257 820 3401 884 cmli,

1829 933 1950 988 qua:
1987 933 2095 971 non
2122 916 2356 986 praecepi
2389 914 2511 977 tibi,
2552 929 2730 981 neque
2765 912 3085 968 annuntiata
3111 920 3239 966 sunt
3265 911 3360 966 tibi
3387 929 3400 966 :

1829 1017 1883 1064 et
1909 1007 2262 1078 investigabis
2288 1005 2607 1075 diligenter;
2633 1012 2688 1058 et
2721 1018 2849 1058 ecce
2876 1019 3068 1058 verum
3099 1002 3300 1056 factum
3322 1009 3406 1057 est

1831 1085 2079 1164 verbum,
2104 1109 2159 1153 et
2183 1099 2323 1152 facta
2359 1107 2442 1152 est
2465 1095 2796 1150 abominatio
2820 1095 2934 1150 lucc
2958 1095 3014 1148 in
3037 1095 3200 1148 Israel
3228 1113 3247 1147 ι
3266 1095 3404 1149 edu-

1830 1208 1919 1248 ces
1940 1193 2217 1246 hominem
2242 1191 2414 1253 illum,
2436 1189 2522 1242 vel
2548 1188 2832 1241 mulierem
2856 1188 3022 1251 illam,
3042 1187 3135 1256 qui
3156 1187 3406 1242 fecerunt

1831 1299 1947 1339 rem
1973 1284 2112 1337 hanc
2132 1282 2350 1343 malam,
2373 1288 2428 1334 et
2451 1277 2762 1348 lapidabitis
2779 1291 2874 1330 eos
2898 1277 3190 1346 lapidibus,
3215 1287 3270 1332 et
3290 1294 3406 1331 mo-

1830 1376 2043 1430 rientur
2083 1393 2096 1427 :
2140 1374 2196 1428 in
2222 1371 2439 1427 duobus
2467 1369 2717 1432 testibus,
2745 1368 2831 1421 vel
2869 1368 2926 1420 in
2962 1368 3140 1424 tribus
3175 1369 3406 1423 testibus

1831 1463 2217 1534 morietur,qui
2243 1461 2478 1516 moritur
2496 1477 2510 1524 ;
2529 1475 2637 1514 non
2657 1459 2924 1512 morietur
2949 1458 3004 1511 in
3019 1474 3127 1512 uno
3153 1465 3287 1513 teste
3317 1477 3328 1512 :
3351 1469 3406 1514 et

1831 1571 2078 1620 manus,»
2108 1553 2339 1623 inquit,c
2371 1549 2590 1604 testium
2615 1548 2721 1601 erit
2743 1563 2908 1617 super
2933 1547 3110 1616 ipsum
3135 1546 3190 1600 in
3215 1547 3406 1616 primis

1830 1647 1897 1702 ad
1938 1643 2375 1701 interficiendum
2418 1655 2566 1702 cum,
2606 1647 2662 1692 et
2702 1653 2895 1691 manus
2937 1636 3102 1691 totius
3137 1637 3321 1706 populi
3349 1637 3406 1690 in

1829 1731 2090 1793 extremis
2118 1755 2128 1790 :
2157 1745 2214 1790 et
2248 1731 2514 1788 auferetis
2537 1730 2736 1783 malum
2775 1745 2803 1781 a
2829 1727 2986 1782 vobis
3008 1728 3142 1796 ipsis
3165 1727 3230 1783 7‘.
3265 1746 3281 1777 ι
3309 1727 3406 1782 Dei

1829 1846 2063 1900 namque
2097 1828 2246 1883 cultu
2272 1825 2472 1880 violato
2504 1820 2881 1874 misericordia
2913 1819 3270 1883 commoveri,
3299 1818 3404 1872 mi-

1831 1923 1976 1978 nime
2007 1931 2184 1978 tutum
2218 1929 2328 1982 est;
2370 1913 2464 1970 sed
2493 1913 2548 1966 in
2574 1912 2766 1982 primis
2801 1911 3167 1982 periculosum
3196 1910 3404 1980 impor-

1831 2020 1964 2066 tuno
1983 2020 2223 2080 tempore
2241 2009 2308 2062 ad
2326 2020 2528 2063 mutua-
2540 2003 2934 2058 benevolentia:
2953 2002 3219 2072 ignaviam
3237 1999 3406 2054 emol-

1829 2105 1914 2158 liri
1947 2121 1958 2156 :
1988 2103 2152 2172 idque
2173 2102 2303 2156 illud
2328 2111 2432 2165 est,
2454 2102 2671 2171 opinor,
2692 2095 2837 2167 quod
2858 2095 2934 2148 ait
2959 2093 3209 2148 Christus
3229 2111 3272 2146 ει
3300 2091 3404 2158 Qui

1829 2204 1972 2249 amat
1994 2203 2201 2264 patrem
2226 2203 2320 2248 aut
2344 2202 2572 2247 matrem
2599 2192 2719 2262 plus
2745 2204 2908 2259 quam
2943 2201 3050 2252 me,
3075 2201 3184 2240 non
3209 2195 3292 2240 est
3317 2201 3404 2241 mc

1830 2287 2028 2357 dignus
2045 2289 2110 2340 '”'.
2133 2307 2150 2337 ι
2177 2287 2363 2341 Valeat
2383 2285 2528 2339 enim
2541 2300 2606 2339 eo
2631 2293 2875 2352 tempore
2894 2279 3112 2350 pietatis
3133 2279 3402 2349 ιειιρχ,

1827 2379 2050 2433 recedat
2093 2378 2357 2434 naturalis
2399 2379 2601 2433 amoris
2646 2378 2750 2440 vis,
2805 2385 2860 2430 ct
2903 2391 2966 2429 ea
3011 2373 3194 2427 omnia
3247 2388 3401 2442 quic-

1826 2485 2041 2538 eunque
2067 2471 2132 2524 ad
2160 2470 2444 2524 hominum
2469 2469 2818 2523 dilectionem
2852 2473 3119 2536 spectant,
3145 2473 3220 2527 et,
3246 2473 3306 2517 ut
3331 2463 3404 2518 ita

1826 2559 2093 2623 dicamus,
2119 2559 2208 2629 pia
2230 2559 2433 2613 duritia
2451 2560 2661 2614 colatur
2677 2559 2839 2612 Deus.
2860 2557 2941 2611 An
2963 2571 3094 2610 vero
3118 2571 3227 2608 non
3250 2553 3402 2623 pium

1823 2661 1943 2700 esse
1973 2662 2185 2711 censes,
2211 2648 2305 2716 qui
2331 2648 2532 2701 nullam
2571 2663 2790 2702 causam
2827 2646 3010 2700 dicere
3051 2644 3259 2714 possint
3305 2659 3404 2698 cur

1825 2737 2145 2802 defecerint,
2170 2749 2226 2793 et
2266 2740 2319 2792 in
2360 2739 2635 2809 apostasin
2669 2737 2805 2808 lapsi
2843 2738 2972 2801 sint,
3015 2753 3112 2791 eos
3133 2735 3250 2790 sine
3293 2735 3401 2790 ulla

1823 2827 2174 2882 miseratione
2202 2829 2416 2897 puniri;
2444 2829 2645 2898 quippe
2686 2829 2778 2898 qui
2823 2829 2969 2882 illam
3013 2844 3177 2897 supra
3218 2827 3400 2881 omnia

1823 2919 2048 2990 gloriam
2076 2920 2376 2985 offendant,
2423 2936 2658 2989 eumque
2705 2929 2909 2974 temere
2949 2921 3146 2990 injuria
3184 2918 3400 2972 allicere

1823 3025 1932 3062 non
1977 3019 2294 3073 vereantur,
2337 3010 2422 3063 eui
2449 3026 2665 3078 aequum
2707 3018 2827 3064 erat
2868 3008 3182 3064 stabilitatis
3217 3007 3399 3062 studio

1825 3097 2066 3152 laetitiam
2092 3100 2326 3154 afferre?

143 3186 316 3251 οὕτως
347 3191 612 3258 εἴπωμεν,
638 3188 703 3240 δι’
732 3186 987 3247 εὐσεϐοῦς
1019 3187 1383 3258 σκληρότητος
1419 3185 1805 3257 θεραπευέσθω
1840 3186 1994 3250 Θεὸς.
2031 3189 2100 3240 Ἦ
2166 3190 2274 3258 γὰρ
2327 3189 2427 3260 οὐχ
2491 3191 2636 3242 ὅσιον
2677 3185 2816 3241 εἶναι
2851 3187 2974 3258 φὴς,
3044 3188 3170 3251 τοὺς
3222 3187 3396 3259 ἀπρο-

148 3282 408 3350 φάσιστον
459 3280 678 3349 ἔχοντας
721 3279 818 3349 τὴν
863 3280 1183 3341 ἀπόστασιν,
1234 3277 1558 3340 κολάζεσθαι
1606 3277 1715 3330 δεῖν
1753 3277 2296 3349 ἀφιλοικτειρμόνως,
2331 3281 2406 3344 ὡς
2444 3282 2541 3352 τὴν
2600 3281 2857 3334 ἐπέκεινα
2898 3279 3112 3332 πάντων
3159 3280 3397 3332 καταλυο

145 3375 380 3438 ποῦντας
425 3373 602 3437 δόξαν,
633 3373 726 3427 καὶ
765 3374 1004 3442 ὑϐρίζειν
1051 3373 1376 3442 ἀφυλάκτως
1420 3372 1480 3425 οὑ
1512 3371 2001 3443 παραιτουμένους,
2029 3370 2174 3444 ὂνῆν
2227 3374 2288 3445 δή
2322 3392 2423 3428 που
2478 3378 2722 3446 κρεῖττον
2752 3377 2871 3437 ταῖς
2932 3373 3010 3435 είς
3075 3372 3398 3443 ἑδραιότητα

145 3468 563 3537 κατευςραίνειν
599 3467 853 3529 σπουδαῖς
875 3483 888 3529 ;

209 3561 422 3613 ΠΑΛΛ.
469 3561 672 3621 Ὀσιον,
708 3560 822 3621 πῶς
853 3560 960 3629 γὰρ
988 3558 1083 3624 οῦς

212 3651 374 3704 ΚΥΡ.
421 3652 784 3720 Μεμνήσομαι
831 3651 888 3703 δὲ
920 3651 1217 3713 διειπὸντος
1262 3650 1428 3704 αὐτοῦ
1470 3655 1582 3715 τοῖς
1616 3652 1716 3720 ἀρ-

140 3742 480 3811 χαιοτέροιςο
521 3761 538 3792 ι
577 3743 642 3793 Τί
687 3741 918 3811 εῦροσαν
959 3743 1008 3793 οἱ
1039 3741 1271 3811 πατέρες
1316 3741 1468 3810 ὑμῶν
1503 3743 1560 3793 ὲν
1595 3743 1717 3812 ἐμοὶ

141 3830 540 3902 πλημμέλημα,
575 3831 658 3883 ὅτι
697 3830 1016 3899 ἀπέστησαν
1043 3831 1134 3882 ἀπ’
1169 3829 1302 3900 ἐμοῦ
1351 3830 1588 3900 μακρὰν,
1621 3831 1716 3884 καὶ

135 3921 512 3991 ἐπορεύθησαν
546 3921 720 3974 ὀπίσω
756 3921 867 3974 τῶν
913 3921 1176 3991 ματαίων,
1229 3921 1324 3974 καὶ
1369 3921 1715 3992 ἐματαιώθηρ

138 4029 266 4077 σαν;
305 4033 324 4064 ›
363 4011 771 4084 Κατατεθηπὼς
801 4015 856 4066 δὲ
898 4013 1087 4082 ὥσπερ
1135 4015 1218 4066 ἐπ’
1251 4015 1511 4083 ἀκράτοις
1566 4014 1713 4084 ἀμα-

138 4104 276 4166 θίαις
326 4104 452 4165 τοὺς
502 4103 561 4167 ἐξ
609 4104 844 4174 Ἰσραὴλ,
879 4098 979 4156 ὧδέ
1017 4105 1090 4173 πή
1126 4121 1320 4173 φησιν·
1359 4123 1376 4155 ι
1425 4102 1643 4174 Ἐξέστη
1687 4106 1713 4156 ὁ

133 4194 361 4262 οὐρανὸς
395 4194 486 4246 ἐπὶ
515 4195 711 4264 τούτῳ,
737 4197 828 4246 καὶ
855 4195 1072 4264 ἔφριξεν
1099 4195 1190 4245 ἐπὶ
1215 4193 1396 4246 πλεῖον
1428 4195 1460 4263 ἡ
1489 4193 1556 4263 γῆ
1585 4193 1712 4261 σφό-

135 4284 250 4354 εςια,
285 4285 438 4351 λέγει
487 4285 725 4354 Κύριος·
760 4287 841 4338 ὅτι
870 4287 963 4339 δύο
997 4286 1208 4356 πονηρὰ
1249 4285 1503 4355 ἐποίησεν
1535 4287 1562 4337 ὁ
1587 4285 1712 4348 λαός

139 4392 256 4444 μου.
309 4377 436 4446 Ἐμὲ
479 4377 803 4444 ἐγκατέλιπε
860 4377 1040 4448 πηγὴν
1094 4377 1283 4440 ὓδατος
1339 4376 1558 4441 ζῶντος,
1616 4377 1711 4429 καὶ

135 4461 350 4532 ὤρυξαν
379 4467 592 4528 ἑαυτοῖς
631 4465 865 4530 λάκκους
917 4465 1428 4536 συντετριμμένους,
1462 4465 1594 4532 οἳ,οὑ
1617 4465 1708 4518 δυ·

134 4555 385 4622 νήσονται
432 4555 577 4627 ὕδωρ
628 4559 888 4627 συνέχειν.
929 4578 945 4606 ι
1005 4557 1293 4621 Εὐϐουλίας
1334 4557 1441 4627 γὰρ
1493 4556 1710 4627 ἀπάσης

130 4645 474 4714 ἁξαμαρτεῖν
514 4647 758 4717 οἰηθείην
809 4649 874 4703 ἂν
921 4649 1116 4716 ἔγωγε.
1155 4649 1247 4700 καὶ
1291 4647 1434 4717 μάλα
1484 4648 1708 4709 εἰκότως

129 4737 278 4797 τοῖδςν
313 4737 364 4789 οἵ
386 4755 450 4804 γε
491 4740 590 4808 τῆς
619 4742 696 4802 εἰς
725 4741 856 4793 Θεὸν
909 4739 1308 4807 ἀποφοιτῶντες
1333 4739 1608 4808 λατρείας,
1643 4741 1704 4808 τῇ

133 4825 309 4877 κτίσει
352 4828 675 4899 λατρεύουσι
719 4829 871 4900 παρά
916 4830 1006 4882 τὸν
1039 4829 1277 4899 Κτίστην
1313 4829 1406 4881 καλ⁸
1449 4830 1702 4898 Ποιητὴν,

1739 3564 1783 3622 C
1884 3556 2082 3614 PALL.
2109 3555 2343 3610 Prorsus
2379 3553 2529 3623 pium
2559 3571 2571 3605 :
2601 3551 2836 3622 quidni?

1893 3651 2050 3705 CYR.
2095 3645 2548 3703 Commemorabo
2591 3653 2770 3698 autem
2812 3642 2932 3712 ejus
2971 3641 3160 3705 verba,
3201 3640 3396 3711 priscis

1819 3742 1926 3796 illis
1952 3738 2270 3794 hominibus
2310 3736 2586 3790 dicentis:
2624 3754 2640 3784 ι
2682 3732 2823 3800 Quid
2868 3732 3202 3785 invenerunt
3228 3734 3281 3783 in
3309 3747 3395 3786 me

1815 3842 1999 3903 patres
2020 3831 2189 3886 vestri
2216 3828 2424 3892 delicti,
2451 3827 2578 3897 quia
2602 3831 2944 3881 recesserunt
2967 3823 3125 3892 longe
3151 3838 3179 3876 a
3208 3839 3313 3885 me,
3338 3830 3394 3877 et

1815 3924 2070 3978 abierunt
2090 3930 2213 3992 post
2235 3920 2526 3981 vanitates,
2551 3925 2606 3971 et
2627 3914 2753 3969 vani
2779 3913 2906 3968 facti
2931 3921 3060 3967 sunt
3081 3912 3159 3965 "?
3187 3937 3202 3961 ι
3231 3912 3394 3966 Cum-

1814 4029 1921 4082 que
1954 4012 2190 4066 filiorum
2225 4010 2390 4064 Israel
2419 4006 2585 4062 veluti
2610 4019 2816 4060 meram
2842 4003 3126 4057 stultitiam
3152 4002 3390 4056 demira-

1815 4114 1988 4168 retur,
2023 4104 2134 4158 ait:
2172 4123 2187 4154 ι
2221 4101 2514 4170 Obstupuit
2541 4098 2737 4152 malum
2765 4108 2929 4164 super
2955 4094 3079 4158 hoc,
3107 4103 3161 4148 et
3199 4093 3389 4147 inhor-

1814 4193 1925 4247 ruit
1967 4202 2110 4247 terra
2137 4199 2287 4245 extra
2330 4189 2574 4251 modum,
2608 4185 2742 4239 dicit
2777 4183 3070 4249 Dominus;
3111 4183 3236 4252 quia
3280 4183 3391 4237 duo

1811 4284 1951 4338 mala
1974 4283 2102 4337 fecit
2125 4281 2362 4352 populus
2382 4295 2555 4334 meus:
2582 4294 2667 4332 me
2690 4277 2982 4345 dereliquit
3007 4275 3210 4329 fontem
3236 4291 3390 4344 aquae

1811 4378 1968 4437 κείνω,
1993 4385 2048 4428 et
2070 4374 2329 4428 foderunt
2353 4371 2456 4425 sibi
2492 4371 2644 4425 lacus
2679 4369 2970 4431 contritos,
2997 4366 3090 4436 qui
3123 4381 3231 4420 non
3258 4382 3390 4434 pos-

1812 4473 1941 4519 sunt
1967 4479 2161 4532 aquam
2190 4462 2472 4517 continere
2497 4461 2562 4513 7".
2595 4479 2612 4509 ›
2643 4459 2750 4514 Eos
2775 4457 2921 4512 enim
2957 4457 3026 4511 ab
3063 4455 3211 4510 omni
3240 4466 3388 4510 reeto

1810 4557 2036 4610 consilio
2060 4556 2338 4618 aberrare,
2368 4552 2512 4607 haud
2538 4550 2773 4606 absurde
2800 4548 3128 4611 censuerim,
3154 4547 3246 4616 qui
3271 4547 3384 4601 dis-

1811 4647 2073 4701 cedentes
2119 4662 2148 4700 a
2193 4646 2289 4700 Dei
2341 4645 2522 4707 cultu,
2583 4650 2851 4698 creaturae
2901 4639 3150 4695 serviunt
3204 4639 3386 4708 potius

1808 4754 1972 4809 quam
2011 4737 2256 4793 Creatori
2299 4745 2462 4807 atque
2501 4733 2816 4799 Conditori;
2844 4739 2938 4786 aut
2979 4729 3046 4784 ad
3084 4729 3385 4800 turpiorem

1807 4830 1985 4884 adhuc
2008 4845 2254 4884 errorem
2277 4829 2502 4898 delapsi,
2531 4828 2762 4882 adorant
2784 4841 2950 4896 opera
2976 4840 3233 4880 manuum
3262 4839 3384 4880 sua-

129 4917 303 4972 h‘ow
338 4917 415 4970 ἔτι
465 4921 598 4991 πρὸς
647 4922 840 4990 αἰσχίω
885 4919 1365 4990 καταθρώσκοντες
1413 4919 1697 4988 πλάνησιν,

1821 4937 1924 4974 'um
1952 4938 1964 4974 :
1993 4937 2116 4974 cum
2141 4928 2285 4974 esset
2308 4920 2585 4990 perfacile,
2606 4919 2649 4972 si
2671 4927 2819 4973 recte
2844 4932 3035 4986 sapere
3059 4915 3380 4977 voluissent,

131 5010 494 5076 προσκυνοῦσι
524 5015 634 5076 τοῖς
662 5013 840 5083 ἔργοις
876 5012 980 5064 τῶν
1011 5011 1210 5082 χειρῶν
1256 5011 1462 5063 αὐτῶνο
1498 5011 1588 5064 καί
1618 5027 1700 5062 τοι

125 5095 192 5168 ἦν
243 5103 498 5167 εὐκόλως,
530 5105 688 5174 εἴπερ
733 5106 934 5158 ’έλοιντο
966 5107 1180 5174 φρονεῖν
1208 5103 1402 5174 ὀρθῶς,
1433 5103 1532 5172 τῆς
1563 5103 1700 5174 ὑπὲρ

129 5191 314 5244 πάντα
355 5196 446 5247 καὶ
480 5197 718 5266 ἀρρήτου
764 5197 976 5264 φύσεως
1003 5194 1438 5248 καταθεάσασθαι
1477 5194 1536 5247 τὸ
1569 5194 1702 5247 κάλ-

123 5281 215 5344 λος
246 5284 355 5336 ἀπὸ
390 5286 618 5350 κτίσεως
661 5288 888 5358 κόσμου,
923 5289 1016 5340 καὶ
1052 5290 1112 5338 ἐκ
1143 5287 1242 5355 τῆς
1270 5285 1378 5338 τῶν
1399 5285 1700 5352 γεγονότων

123 5373 428 5443 εὐρυθμίας
469 5377 562 5428 τὸν
594 5379 884 5448 ταξίαρχον
913 5379 1006 5431 καὶ
1037 5377 1278 5447 ἡγεμόνα
1315 5376 1409 5429 καὶ
1435 5375 1696 5445 δημιουρ-

121 5464 219 5530 γὸν
245 5464 394 5517 τοῦδε
414 5467 506 5519 τοῦ
531 5470 727 5532 παντὸς
755 5473 974 5523 ἐννοεῖν.
1014 5469 1173 5521 Ἀλλά
1197 5469 1296 5539 τὴν
1319 5467 1461 5520 οῦτω
1489 5467 1694 5537 σεπτήν

122 5572 179 5608 τε
217 5558 312 5609 καιί
339 5561 662 5635 ἀξιάγαστον
707 5563 928 5634 γνώμην
973 5564 1381 5626 διαπτῦσαντες,
1415 5559 1558 5622 τινὲς
1585 5558 1695 5610 τῶν

855 5741 900 5772 ⁷⁸
924 5738 1088 5792 Matth
1102 5754 1172 5802 .x,
1205 5739 1291 5791 '57.

191 5741 241 5771 ""
265 5741 779 5810 Deut.xvn,‘.’.seqq.
855 5741 900 5772 ⁷⁵
924 5738 1172 5802 Matuta,
1205 5739 1291 5791 '57.
1369 5738 1415 5767 ⁷⁸
1441 5736 1553 5791 Jer.
1580 5750 1639 5799 tt,
1668 5735 1719 5789 5.

1802 5029 2027 5067 summae
2065 5014 2214 5068 illius
2239 5021 2293 5068 et
2331 5012 2624 5066 inelfabilis
2664 5020 2874 5065 natura:
2914 5006 3381 5078 pulchritudinem

1799 5105 2179 5175 contemplari,
2209 5121 2385 5175 neque
2431 5105 2606 5158 solum
2643 5120 2709 5158 ex
2752 5111 3003 5156 creatura
3044 5099 3254 5163 mundi,
3283 5098 3380 5154 sed

1799 5198 1964 5250 etiam
2033 5212 2100 5250 ex
2141 5212 2326 5252 rerum
2394 5212 2514 5265 qum
2559 5194 2789 5248 condita:
2831 5200 2958 5246 sunt
3009 5191 3379 5245 concinnitate

1800 5288 2103 5359 principem
2130 5304 2193 5342 ac
2226 5288 2421 5342 ducem
2455 5296 2510 5342 et
2535 5287 2782 5356 Opiﬁcem
2820 5285 2981 5353 hujus
3004 5282 3379 5338 universitatis

1799 5377 2124 5450 intelligere.
2174 5379 2278 5433 Sed
2317 5377 2562 5432 nonnulli
2609 5394 2639 5430 e
2683 5375 2878 5444 priscis
2917 5375 3025 5428 illis
3062 5374 3379 5428 hominibus

1797 5471 2086 5525 consilium
2105 5471 2242 5525 adeo
2262 5468 2671 5540 suspiciendum
2695 5476 2750 5522 ct
2770 5467 3093 5521 admirabile
3116 5481 3377 5536 respuen-

1799 5569 1898 5625 tes,
1924 5577 2110 5624 aurea,
2135 5571 2194 5614 ut
2215 5570 2299 5614 est
2321 5559 2460 5629 apud
2479 5558 2696 5613 Grzecos
2721 5565 2927 5627 poetas,
2952 5572 3051 5628 pro
3071 5557 3228 5611 aereis
3251 5569 3379 5624 per-

1799 5735 1841 5767 "
1887 5735 2025 5789 Ibid.
2081 5735 2163 5798 1‘2,
2199 5734 2260 5785 I5
