3998 6508
637 341 745 398 4‘23

1659 336 1715 390 S.
1757 335 2032 390 CYR‘lLLl
2073 334 2550 391 ALEXANDRINI
2588 335 2911 392 ARCIIIEP.
3754 354 3833 414 ηι

639 466 1013 512 mutaverunt.
1043 456 1244 523 Quare,
1272 455 1483 525 abjecta
1519 454 1638 517 Dei,
1665 453 1760 523 qui
1788 452 2090 506 secundum
2120 469 2216 506 na-

2326 454 2716 526 ἀρχαιοτέρων,
2746 470 2952 525 χρυσεα
2981 453 3248 523 χαλκείων
3268 455 3577 527 ἠλλάξαντο,
3603 467 3725 521 κατὰ
3739 476 3834 539 τοὺς

642 557 820 602 turam
865 557 968 610 est,
1009 547 1328 600 adoratione
1369 543 1658 614 pueriliter
1695 543 1947 596 conversi
1989 552 2117 596 sunt
2155 542 2224 595 ad

642 640 892 694 inutilem
917 648 972 692 et
996 653 1195 692 vanum
1223 636 1494 690 idolorum
1521 636 1750 690 cultum.
1778 636 1962 705 Itaque
1987 635 2226 690 dedecus

643 731 761 784 risu
799 730 1022 797 dignum
1059 742 1160 781 suo
1187 727 1351 796 capiti
1394 735 1767 795 asperserunt,
1797 742 2004 795 suaque
2032 734 2226 796 sponte

641 821 864 890 superni
889 819 1078 872 auxilii
1106 818 1518 872 destitutionem
1544 818 1778 887 amplexi
1816 827 1962 872 sunt.
1988 818 2226 888 Ideoque

641 915 777 968 dixit
802 916 944 968 Deus
973 932 1019 966 ε(
1053 914 1123 969 Ut
1142 913 1382 967 dedecus
1401 912 1541 966 furis
1563 927 1686 965 cum
1710 911 2088 982 deprehensus
2110 911 2226 966 fue-

639 1007 731 1069 rit,
761 1005 839 1059 sic
875 1005 1206 1059 erubescent
1245 1003 1341 1056 filii
1370 1003 1558 1066 Israel,
1589 1002 1714 1072 ipsi,
1745 1012 1802 1056 et
1828 1017 1981 1072 reges
2006 1017 2222 1067 eorum,

638 1106 695 1152 et
718 1098 996 1168 principes
1036 1097 1304 1166 ipsorum,
1347 1104 1402 1150 et
1439 1095 1754 1149 sacerdotes
1777 1109 1991 1158 eorum,
2015 1102 2072 1147 et
2094 1109 2224 1164 pro-

639 1190 820 1259 pheta:
846 1205 1069 1243 eorum:
1101 1189 1248 1259 ligno
1274 1188 1532 1241 dixerunt
1567 1205 1578 1239 :
1608 1188 1769 1241 Pater
1794 1202 1949 1241 meus
1970 1202 2031 1241 es
2057 1197 2144 1253 tu;
2170 1196 2226 1242 et

639 1281 834 1350 lapidi:
863 1281 944 1335 Tu
971 1281 1206 1352 genuisti
1233 1296 1340 1334 me.
1368 1280 1436 1333 Et
1458 1287 1747 1334 verterunt
1770 1279 1836 1332 ad
1862 1295 1948 1333 me
1976 1289 2144 1348 terga,
2170 1287 2225 1334 et

639 1389 749 1426 non
774 1373 941 1427 facies
967 1389 1125 1437 suas;
1177 1381 1234 1427 et
1263 1373 1317 1426 in
1340 1380 1585 1441 tempore
1610 1372 1878 1426 malorum
1910 1371 2066 1440 182
2093 1386 2253 1425 δυο-α

640 1479 764 1518 rum
793 1464 979 1519 dicent
1003 1483 1014 1516 :
1037 1463 1231 1534 Surge,
1257 1472 1313 1518 et
1336 1463 1480 1518 salva
1505 1479 1624 1518 nos.
1652 1463 1721 1517 Et
1751 1464 1842 1517 ubi
1869 1473 1996 1517 sunt
2021 1464 2096 1517 dii
2122 1465 2222 1528 tui,

639 1571 779 1625 quos
819 1557 996 1612 fecisti
1042 1557 1141 1610 tibi
1185 1557 1323 1626 ipsi?
1351 1556 1406 1610 Si
1434 1564 1658 1625 surgent
1682 1564 1738 1609 et
1777 1556 2064 1610 salvabunt
2090 1565 2140 1609 te
2169 1556 2223 1609 in

641 1658 886 1720 tempore
927 1649 1236 1704 aﬂlictionis
1265 1648 1406 1702 tum?
1441 1651 1568 1717 quia
1603 1649 1756 1718 juxta
1794 1662 2086 1700 numerum
2129 1663 2222 1723 nr-

641 1739 792 1793 bium
822 1749 1039 1793 tuarum
1073 1745 1231 1791 erant
1257 1737 1331 1790 dii
1360 1738 1460 1800 tui,
1485 1737 1650 1801 Juda;
1677 1737 1904 1807 etjuxta
1928 1752 2220 1790 numerum

2329 547 2457 616 mp‘
2481 546 2705 616 Ἕλλησι
2736 545 2965 616 ποιητάς
2999 546 3177 616 (1).Τὸ
3201 547 3310 619 γάρ
3329 565 3413 601 τοι
3430 551 3613 620 χρῆναι
3637 558 3835 628 μεθέντις

2326 638 2445 708 Θεῷ
2475 638 2554 709 τῷ
2581 638 2722 692 κατὰ
2751 639 2914 706 φύσιν
2945 643 3294 709 προσκυνεῖν,
3337 647 3690 713 μειρακιωδῶς
3714 653 3836 724 ἐτρά-

2326 744 2490 781 ποντο
2530 728 2664 798 πρὸς
2708 728 2963 798 ἀνόνητον
3011 729 3442 802 είκαιολατρείαν
3477 735 3576 801 (er
3627 739 3834 814 αίσχύνην

2326 821 2418 872 καὶ
2469 819 2682 888 γέλωτα
2721 821 2822 890 τῆς
2867 821 3076 873 ἑαυτῶν
3107 823 3465 891 καταχέοντες
3495 827 3737 897 κεφαλῆς,
3767 837 3835 888 καὶ

2324 912 2646 981 ἐπικουρίας
2689 911 2791 980 τῆς
2839 911 3045 966 ἄνωθεν
3111 912 3442 983 αὐτόκλητον
3488 916 3727 986 ᾑρημένοι
3765 925 3834 994 τὴν

2324 1007 2662 1060 ἀπόπτωσιν.
2724 1006 2834 1058 Καὶ
2884 1007 3014 1074 γοῦν
3074 1005 3177 1076 ἔφη
3232 1005 3396 1070 Θεόςο
3450 1025 3468 1060 ι
3531 1009 3611 1072 Ὠς
3658 1014 3835 1087 αἰσχύνη

2325 1099 2562 1152 κλέπτου
2608 1099 2736 1152 ὅταν
2787 1097 2919 1168 ἁλῷ,
2979 1096 3152 1160 οὕτως
3193 1096 3631 1167 αίσχυνθήσονται
3673 1102 3715 1154 οἱ
3759 1106 3835 1157 υἱοὶ

2339 1190 2552 1262 Ἰσραὴλ
2582 1191 2756 1253 αὐτοὶ,
2782 1191 2875 1242 καὶ
2895 1191 2942 1242 οί
2975 1188 3212 1259 βασιλεῖς
3237 1189 3438 1255 αὐτῶν,
3457 1191 3544 1242 καὶ
3561 1193 3608 1244 oi
3633 1193 3836 1263 ἄρχοντες

2325 1283 2525 1344 αὐτῶν,
2550 1283 2646 1335 καὶ
2673 1283 2722 1333 οἱ
2755 1283 2916 1351 ἱερεῖς
2947 1279 3146 1342 αὐτῶν,
3177 1281 3270 1333 καὶ
3297 1282 3345 1332 οἱ
3381 1284 3649 1350 προφῆται
3670 1284 3834 1337 αὐτῶν·

2322 1372 2400 1442 τῷ
2431 1371 2571 1440 ξύλῳ
2603 1365 2781 1435 εἶπαν,
2817 1371 2898 1422 ὅτι
2934 1369 3124 1439 Πατήρ
3158 1387 3260 1438 μου
3309 1363 3359 1421 εἷ
3385 1369 3474 1434 σὺ,
3507 1372 3594 1422 καὶ
3619 1370 3687 1440 τῷ
3715 1372 3832 1444 λίθῳ·

2326 1466 2398 1517 Σὺ
2446 1464 2744 1531 ἐγέννησας
2775 1478 2864 1531 με.
2894 1461 3006 1514 Καὶ
3051 1460 3320 1530 ἔστρεψαν
3358 1461 3449 1514 ἐπ’
3477 1461 3573 1530 ἐμὲ
3608 1462 3747 1527 νῶτα,
3769 1469 3836 1519 καὶ

2325 1557 2693 1627 οἰδ-πρόσωπα
2740 1553 2920 1606 αὐτῶν
2946 1569 2960 1584 ο
3001 1554 3096 1606 καὶ
3143 1555 3200 1606 ἐν
3235 1551 3312 1621 τῷ
3357 1553 3535 1623 καιρῷ
3569 1553 3667 1608 τῶν
3699 1558 3835 1610 κακῶν

2325 1648 2502 1700 αὐτῶν
2544 1647 2789 1718 ἐροῦσινο
2847 1644 3081 1698 Ἀνᾶστα
3107 1645 3203 1696 καὶ
3242 1643 3417 1696 σῶσον
3466 1645 3626 1713 ἡμᾶς.
3653 1646 3834 1700 Κσὶποῦ

2327 1739 2462 1792 εἰσὶν
2493 1740 2541 1792 οί
2582 1737 2692 1790 θεοί
2725 1754 2840 1802 σου,
2879 1735 2972 1800 οὓς
3010 1734 3273 1805 ἐποίησας
3320 1735 3537 1805 σαντῷς
3571 1735 3628 1788 Εἰ
3657 1737 3837 1807 ἀναστή-

639 1833 849 1887 viarum
875 1831 1197 1892 Jerusalem,
1227 1829 1608 1884 sacriﬁcabant
1632 1830 1778 1882 Baal.
1799 1828 1910 1884 Cur
1930 1829 2217 1898 loquimini

2326 1849 2506 1885 σονται
2547 1832 2640 1883 καὶ
2687 1829 2921 1883 σώσουσι
2973 1846 3032 1881 σε
3064 1830 3120 1882 ἐν
3160 1827 3236 1897 τῷ
3265 1828 3444 1900 καιρῷ
3476 1829 3572 1898 τῆς
3594 1831 3833 1891 κακώσεώς

638 1926 703 1980 ad
728 1925 846 1978 me?
868 1923 1068 1978 Omnes
1086 1937 1183 1976 vos
1208 1921 1371 1991 impie
1393 1921 1602 1991 egistis,
1625 1930 1678 1975 et
1700 1936 1890 1975 omnes
1911 1936 2009 1974 vos
2033 1921 2218 1990 inique

637 2015 844 2071 fecistis
881 2015 935 2068 in
961 2031 1068 2078 me,
1095 2013 1234 2068 dicit
1257 2013 1524 2067 Dominus
1548 2013 1611 2065 ⁷⁸.
1645 2033 1662 2062 ι

2329 1942 2460 1990 σου;
2511 1925 2592 1977 ὅτι
2625 1923 2767 1977 κατὰ
2805 1923 3035 1994 ἀριθμὸν
3067 1924 3175 1976 τῶν
3218 1920 3425 1974 πόλεών
3482 1939 3571 1974 σου
3605 1918 3722 1993 ἦσαν
3757 1924 3835 1976 θεοί

2328 2032 2446 2075 σου,
2497 2013 2688 2076 Ἰούδα,
2728 2015 2820 2066 καὶ
2865 2013 3008 2068 κατὰ
3052 2012 3284 2083 ἀριθμὸν
3325 2012 3519 2064 διόδων
3565 2015 3654 2082 τῆς
3690 2013 3836 2082 Ἰερου-

639 2111 818 2182 σαλὴμ
838 2154 851 2174 ,
908 2111 1062 2163 ἔθυον
1116 2109 1194 2180 τῷ
1240 2090 1410 2161 Βαάλ.
1461 2108 1623 2160 Ἱνατί
1683 2107 1903 2160 λαλεῖτε·
1951 2111 2088 2179 προς
2133 2124 2231 2176 με;
2264 2109 2468 2173 Πάντες
2494 2109 2651 2181 ὑμεῖς
2681 2110 2993 2180 ὴνομήσατε
3020 2108 3238 2178 είςέμὲ,
3263 2106 3412 2174 λέγει
3442 2106 3655 2176 Κύριος.
3685 2125 3700 2156 ι

707 2201 904 2255 PALL.
929 2199 1103 2255 Grave
1128 2216 1321 2254 revera
1348 2200 1580 2263 crimen,
1608 2198 1828 2270 Cyrille.

705 2292 862 2347 (ΠΒ.
901 2276 1007 2346 8(ἴά
1046 2301 1133 2346 est
1171 2291 1390 2360 aliquis,
1418 2298 1480 2343 ut
1521 2291 1739 2360 opinor,
1767 2305 2161 2360 nonnunquam
2188 2306 2219 2344 e

636 2391 829 2438 nostro
852 2399 1072 2452 quoque
1097 2397 1332 2437 numero
1355 2382 1536 2436 adhuc
1561 2397 1672 2436 non
1696 2381 1990 2436 admodum
2016 2381 2220 2436 conﬁr-

637 2485 846 2538 matus,
891 2476 985 2544 qui
1031 2474 1269 2528 fucatam
1314 2490 1377 2528 ac
1419 2474 1728 2528 simulatam
1771 2489 1898 2544 erga
1937 2474 2218 2529 Christum

637 2562 962 2615 cbaritatem
1007 2569 1267 2624 sectetur,
1315 2571 1371 2615 et
1412 2563 1532 2616 ovis
1571 2563 1974 2632 quodammodo
2020 2565 2218 2634 pellem

638 2654 743 2707 sibi
769 2654 1252 2722 circumposuerit,
1281 2669 1478 2723 nempe
1519 2662 1580 2708 ut
1613 2654 1680 2708 ad
1716 2656 1952 2724 speciem
1977 2672 2097 2711 esse
2123 2657 2219 2712 Dei

637 2754 852 2798 amator
876 2745 1150 2808 videatur,
1179 2761 1302 2800 eum
1347 2753 1489 2799 terra
1532 2746 1624 2809 sit,
1653 2754 1708 2800 et
1735 2746 1990 2802 immanis
2016 2747 2217 2813 bellua,

639 2837 909 2906 malignus
950 2837 1080 2891 item
1121 2852 1184 2891 ac
1209 2838 1427 2903 varius;
1455 2839 1592 2893 adeo
1635 2847 1693 2892 ut
1731 2838 1877 2892 domi
1907 2839 2129 2908 quidem
2157 2857 2222 2896 ae

639 2924 707 2979 de
745 2935 926 2990 nocte,
970 2927 1224 2990 latenter,
1270 2927 1515 2996 inquam,
1554 2927 1950 2982 daemoniorum
1991 2930 2221 2984 cultum

2398 2203 2610 2258 ΠΔΛΛ.
2653 2202 2831 2255 Δεινόν
2861 2217 2924 2269 γε
2943 2201 3018 2264 ὡς
3049 2200 3263 2270 ἀληθῶς
3287 2200 3346 2253 τὸ
3368 2200 3580 2269 χρῆμα,
3603 2193 3644 2252 ὦ
3664 2202 3761 2253 τᾶν.

2393 2292 2559 2344 ΚΥΡ.
2611 2291 2748 2343 Ἀλλ’
2795 2291 2824 2344 ὁ
2860 2290 2959 2360 μέν
2988 2306 3070 2352 τις
3108 2288 3218 2342 ἐσθ’
3257 2289 3344 2342 ὅτε
3375 2287 3489 2341 τῶν
3515 2287 3769 2340 τελούντων
3795 2290 3835 2341 ἐν

2323 2381 2475 2451 ἡμῖν,
2512 2380 2901 2451 ἐρηρεισμένος
2942 2379 3001 2433 δὲ
3044 2378 3198 2432 οὔπω
3233 2379 3376 2441 λίαν,
3432 2377 3835 2431 maxuma

2323 2475 2418 2529 καὶ
2471 2469 2632 2544 νόθην
2669 2473 2767 2542 τὴν
2805 2475 2885 2536 εἰς
2922 2472 3159 2543 Χριστὸν
3202 2470 3564 2540 ἐπιτηδεύσας
3600 2471 3834 2538 ἀγάπησιν,

2325 2568 2420 2619 καὶ
2446 2560 2559 2629 οἷος
2601 2565 2788 2635 ὥσπερ
2835 2563 3030 2617 κώδιον
3075 2563 3254 2633 ἐαυτῷ
3292 2561 3590 2634 περιτιθεὶς
3629 2563 3683 2615 τὸ
3709 2562 3835 2614 δοκεῖν

2323 2655 2462 2710 εἶναι
2508 2657 2780 2728 Θεοφιλὴς,
2825 2656 3019 2726 πικρὸν
3067 2655 3162 2708 καὶ
3217 2656 3429 2708 ἀνόσιον
3487 2654 3634 2706 ἐσται
3677 2653 3832 2720 Θηρίον.

2325 2750 2549 2820 κέρκωψ
2594 2767 2653 2802 τε
2684 2751 2777 2802 καὶ
2815 2748 3264 2818 ἀλλοπρόσαλλος,
3303 2747 3378 2803 ὡς
3403 2749 3545 2798 οἴκοι
3585 2747 3668 2797 καὶ
3706 2746 3834 2802 νυκτὶ,

2324 2844 2466 2915 φημὶ
2495 2843 2559 2912 δὴ
2583 2843 2643 2896 τδ
2671 2841 2989 2911 λεληθότως,
3018 2843 3138 2902 ταῖς
3172 2841 3280 2892 τῶν
3315 2839 3606 2908 δαιμονίων
3641 2838 3835 2904 προσκεῖ-

2325 2938 2448 2990 σθαι
2484 2935 2780 3005 λατρείαις,
2829 2931 3036 2986 οἴεσθαι
3080 2932 3137 2984 δέ
3179 2949 3280 2984 που
3329 2930 3476 2984 κατὰ
3522 2930 3580 2982 τὸ
3605 2928 3742 2990 εἰκὸς,
3771 2927 3836 2978 καὶ

638 3015 709 3069 sit
733 3015 985 3081 deditus;
1013 3015 1159 3070 idem
1188 3024 1392 3080 tamen,
1420 3026 1481 3071 ut
1504 3018 1803 3072 verisimile
1837 3027 1954 3083 est,
1982 3028 2139 3089 putet
2162 3037 2219 3076 se

2327 3027 2488 3080 αὑτὸν
2509 3024 2766 3078 δύνασθαι
2796 3022 3077 3092 διαδράναι
3106 3022 3260 3079 Θεὸν,
3292 3021 3387 3073 καὶ
3417 3019 3512 3072 τὸν
3544 3021 3634 3087 τῆς
3654 3017 3834 3086 agger.»

638 3123 797 3179 posse
822 3109 991 3162 Deum
1020 3124 1238 3178 quoque
1265 3109 1444 3178 ipsum
1482 3110 1746 3180 effugere,
1774 3119 1830 3164 et
1853 3111 2001 3165 illam
2028 3113 2222 3167 inell‘a-

638 3200 764 3254 bilis
803 3201 950 3254 illius
990 3207 1197 3254 natura:
1240 3201 1657 3271 intelligentiam
1685 3202 1893 3257 fallere.
1919 3205 2099 3259 Facile
2123 3217 2222 3259 au-

639 3300 748 3368 tem
788 3291 1004 3346 ostendi
1041 3299 1242 3360 potest,
1269 3290 1362 3360 qui
1406 3292 1478 3344 ita
1522 3293 1744 3356 sentiat,
1770 3309 1895 3347 eum
1937 3296 2222 3364 gentilium

639 3399 858 3453 quoque
895 3383 1126 3437 stultitia
1161 3382 1404 3450 turpiora
1447 3383 1706 3452 cogitare.
1733 3384 1867 3437 Nam
1909 3384 2222 3440 Grzecorum

639 3475 986 3544 sapientibus
1009 3475 1111 3536 sol,
1138 3475 1232 3543 qui
1259 3473 1516 3528 conditus
1533 3491 1595 3527 ac
1620 3475 1794 3530 factus
1809 3486 1910 3539 est,
1928 3477 2220 3542 luminare,

641 3565 884 3635 inquam,
911 3564 1047 3619 illud
1085 3581 1362 3634 magnum,
1389 3575 1446 3620 et
1469 3565 1535 3618 ad
1564 3566 1667 3620 hoc
1694 3567 1871 3636 ipsum
1901 3583 1929 3621 a
1954 3569 2066 3622 Deo
2089 3585 2222 3624 eon-

640 3656 839 3720 ditum,
863 3658 988 3727 jure
1029 3656 1238 3726 optimo
1273 3657 1458 3711 omnia
1486 3659 1735 3728 aspicere
1765 3667 1820 3713 et
1845 3660 2028 3714 omnia
2053 3676 2220 3715 exau-

641 3748 763 3802 dire
787 3748 1117 3802 videbatur.:
1144 3749 1411 3818 putabant
1431 3750 1601 3813 enim,
1627 3750 1772 3819 quod
1797 3767 1898 3819 pro
1920 3751 2031 3804 Deo
2053 3751 2225 3805 susci-

641 3848 887 3910 peretur,
916 3839 968 3894 id
1001 3839 1201 3894 divina!
1237 3849 1444 3895 natura:
1480 3841 1910 3910 proprietatibus
1932 3842 2221 3910 praeditum

640 3946 762 3985 esse
785 3941 1041 4000 oportere
1069 3950 1081 3984 :
1106 3940 1188 3986 est
1209 3941 1391 3986 autem
1413 3949 1640 3987 summa:
1663 3942 1870 3986 naturae
1892 3935 2220 4003 proprietas,

641 4021 825 4075 omnia
868 4021 1011 4076 scire
1049 4030 1211 4092 atque
1254 4024 1584 4092 perspicere.
1627 4022 1733 4078 Sed
1774 4024 1850 4077 illi
1886 4025 2106 4092 quidem
2151 4025 2224 4080 ita

640 4108 956 4162 sentiebant
980 4126 990 4161 :
1019 4108 1084 4162 ad
1109 4125 1210 4161 nos
1230 4125 1361 4162 vero
1384 4110 1529 4163 Deus
1549 4109 1679 4162 olim
1704 4110 2002 4164 clamabat:
2033 4131 2050 4160 ι
2082 4113 2225 4166 Dens

640 4199 1020 4269 propinquans
1058 4214 1159 4268 ego
1201 4215 1343 4262 sum,
1371 4199 1505 4252 dicit
1528 4200 1812 4264 Dominus,
1841 4209 1896 4254 et
1933 4217 2043 4254 non
2083 4202 2225 4255 Deus

640 4292 708 4346 de
741 4293 912 4362 longe
939 4309 951 4344 :
988 4301 1043 4345 et
1085 4308 1114 4344 a
1157 4308 1242 4345 me
1265 4292 1636 4345 abscondetur
1676 4292 1884 4362 aliquid
1911 4293 1994 4346 "?
2025 4312 2041 4343 ι
2076 4294 2221 4348 Nihil

2328 3116 2542 3186 φύσεως
2570 3111 3039 3183 παραλογίσασθαι
3063 3110 3206 3164 νοῦν.
3247 3109 3499 3178 Ἐκδείξῃ
3525 3107 3567 3160 δ’
3599 3108 3656 3160 ἄν
3682 3123 3747 3166 τις
3771 3107 3835 3156 καὶ

2325 3201 2444 3254 λίαν
2483 3202 2740 3271 ἀμογητὶ,
2775 3200 2866 3252 τὸν
2913 3193 3023 3266 ᾧγε
3053 3199 3212 3251 ταυτὶ
3257 3197 3496 3266 πάρεστι
3539 3197 3743 3264 φρονεῖν.
3769 3193 3834 3260 τῆς

2337 3294 2602 3363 Ἑλλήνιον
2639 3290 2964 3360 ἀϐελτηρίας
2996 3289 3064 3342 τὰ
3107 3289 3304 3358 αἰσχίω
3333 3286 3727 3357 βεϐουλημένον.
3750 3285 3835 3346 Τοῖς

2329 3386 2426 3455 μὲν
2466 3385 2571 3454 γὰρ
2608 3385 2733 3454 παρ’
2783 3383 3009 3452 Ἕλλησι
3054 3385 3236 3450 σοφοῖς
3270 3382 3491 3434 κτιστδν
3524 3382 3613 3434 καὶ
3642 3380 3836 3446 rem,th

2325 3477 2472 3540 ὄντα,
2505 3477 2658 3528 πάντ’
2695 3476 2894 3545 ἐφορᾷν
2920 3475 3012 3526 καὶ
3043 3474 3199 3526 πάντ’
3224 3473 3540 3536 ἐπακούειν,
3564 3471 3716 3543 ὀρθῶς
3736 3471 3835 3538 ἔχειν

2325 3570 2500 3622 ἐδόκει
2540 3569 2631 3620 τὸν
2680 3567 2830 3637 ἣλιον
2866 3567 2963 3636 (5),
3002 3566 3095 3619 τὸν
3136 3566 3398 3636 φωστῆρα
3445 3565 3538 3618 τὸν
3582 3563 3743 3635 μέγαν,
3772 3563 3837 3614 καὶ

2325 3661 2412 3712 ἐπ’
2453 3660 2600 3730 αύτῷ
2638 3660 2702 3730 δὴ
2737 3659 2914 3728 τούτῳ
2956 3658 3325 3730 πεποιημένον
3357 3658 3514 3730 παρὰ
3536 3656 3688 3710 Θεοῦ·
3715 3655 3837 3724 ᾤοντο

2325 3753 2433 3822 γὰρ
2473 3753 2581 3804 δεῖν
2625 3753 2684 3804 τὸ
2713 3753 2769 3804 ἐν
2801 3751 2935 3805 Θεοῦ
2969 3751 3121 3817 τάξει
3167 3749 3632 3822 παρειλημμένον,
3661 3752 3752 3810 τοῖς
3768 3747 3837 3814 τῆς

2327 3843 2476 3906 Θείας
2515 3843 2730 3911 φύσεως
2764 3843 3158 3896 καταπλουτεῖν
3202 3840 3529 3912 ἀξιώμασιν.
3574 3838 3835 3910 Ἀξίωμαῶ

2323 3935 2422 4004 τῆς
2449 3936 2708 3988 ἀνωτάτω
2733 3934 2966 4002 φύσεως,
2997 3933 3065 3986 τὰ
3089 3934 3266 3988 πάντα
3295 3933 3496 3986 εἰδέναι
3525 3935 3613 3986 καὶ
3635 3931 3835 4000 καθορᾲν.

2338 4025 2476 4078 Ἀλλ’
2508 4027 2702 4077 ἐκεῖνοι
2733 4024 2830 4094 μὲν
2870 4027 2926 4076 ἐν
2955 4024 3161 4086 τούτοις
3180 4041 3194 4055 ·
3227 4026 3358 4094 ἡμῖν
3389 4025 3448 4076 δὲ
3482 4024 3608 4086 Θεὸς
3631 4021 3838 4090 ἐπεφώνει

2327 4117 2520 4171 πάλαι·
2557 4137 2573 4167 ι
2611 4117 2740 4179 Θεὸς
2781 4115 3010 4184 ἐγγίζων
3048 4115 3156 4184 ἐγώ
3195 4116 3522 4186 είμι,·λέγει
3554 4116 3750 4184 Κύριος,
3775 4114 3840 4163 καὶ

2325 4209 2444 4278 οὐχὶ
2474 4209 2604 4271 Θεὸς
2637 4207 2947 4278 πόρρωθεν·
2988 4209 3061 4277 μὴ
3092 4208 3186 4260 ἀπ’
3221 4208 3354 4277 ἐμοῦ
3388 4206 3793 4278 κρυὸήσεταίτις
3821 4224 3833 4249 ι

2327 4299 2493 4354 Λάθοι
2531 4299 2638 4370 γὰρ
2681 4299 2833 4351 οὐδὲν
2877 4298 2968 4350 τόν
3015 4313 3079 4364 γε
3113 4297 3326 4367 ἀληθῶς
3373 4297 3534 4366 φύσει
3581 4296 3716 4349 Θεόν.
3762 4293 3839 4345 Καὶ

638 4385 787 4436 enim
826 4383 996 4437 latere
1024 4391 1205 4452 potest
1243 4397 1369 4436 eum
1434 4384 1527 4452 qui
1570 4390 1765 4437 natura
1805 4399 2040 4453 vereque
2081 4387 2222 4440 Deus

2333 4390 2760 4462 μυσταγωγείτω
2781 4393 2808 4442 ὁ
2837 4389 3103 4460 μακάριος
3127 4389 3292 4442 Δαὸὶδ
3313 4389 3489 4457 λέγων
3508 4406 3522 4418 ο
3547 4409 3564 4438 ι
3596 4387 3760 4439 Σύνετε
3777 4383 3837 4450 εξ,

640 4483 744 4528 est.
784 4475 952 4543 ldqne
994 4475 1214 4527 divinus
1239 4475 1406 4528 David
1437 4490 1535 4529 nos
1560 4474 1780 4529 docebit
1815 4475 2044 4531 dicens:
2080 4497 2097 4526 ι
2131 4478 2220 4531 ln-

645 4565 894 4633 telligite,
922 4565 1247 4633 insipientes
1275 4565 1327 4617 in
1371 4565 1593 4634 populo,
1619 4573 1676 4619 et
1719 4566 1892 4630 stulti,
1927 4566 2221 4635 aliquando

644 4657 817 4725 sapite
837 4675 848 4709 :
869 4657 960 4726 qui
980 4657 1243 4725 plantavit
1267 4672 1478 4720 aurem,
1503 4673 1612 4710 non
1631 4658 1848 4712 audiet?
1869 4667 1922 4712 et
1946 4659 2039 4728 qui
2068 4658 2224 4713 finxit

645 4749 888 4810 oculum,
917 4764 1026 4801 non
1051 4748 1359 4801 considerat
1379 4748 1459 4800 ‘°?
1492 4768 1510 4797 ›
1537 4749 1802 4803 Dicebant
1830 4750 1977 4803 enim
2011 4751 2223 4804 scilicet

645 4839 896 4893 nonnulli
925 4855 1034 4908 pra:
1067 4838 1298 4892 stultitia
1327 4856 1339 4891 :
1374 4857 1391 4887 ι
1420 4838 1540 4892 Non
1578 4839 1784 4893 videbit
1810 4839 2091 4903 Dominus,
2121 4855 2220 4894 ne-

644 4948 752 5001 que
797 4932 1068 5002 intelliget
1111 4932 1256 4986 Deus
1295 4931 1463 4986 Jacob
1490 4931 1554 4986 ⁸⁸.
1592 4951 1608 4982 ι
1659 4932 1852 4986 Annon
1880 4933 2224 5002 desipientia;

644 5040 870 5079 summa:
896 5033 981 5079 est
1003 5025 1209 5088 dicere,
1237 5025 1462 5078 minime
1489 5039 1614 5078 eum
1639 5025 1799 5087 seire,
1826 5025 1918 5094 qui
1954 5025 2223 5095 cognitio-

644 5117 731 5170 nis
773 5117 1012 5172 tributor
1035 5117 1134 5182 sit;
1165 5134 1228 5171 ac
1269 5124 1463 5186 putare
1503 5132 1629 5171 eum
1654 5131 1764 5169 non
1805 5117 2086 5182 exaudire,
2128 5117 2224 5188 qui

643 5205 793 5261 hunc
817 5223 1034 5262 sensum
1061 5209 1226 5264 rebus
1252 5226 1282 5263 a
1307 5225 1365 5263 se
1399 5208 1634 5262 conditis
1662 5207 1908 5262 dederit?

2328 4483 2558 4552 ἄφρονες
2595 4482 2654 4534 ἐν
2687 4480 2764 4551 τῷ
2787 4481 2918 4551 λαῷ,
2965 4481 3058 4533 καὶ⁵
3091 4481 3283 4552 μωροί,
3322 4481 3454 4532 ποτέ
3490 4480 3792 4548 φρονήσατε’
3820 4472 3838 4522 ὃ

2328 4573 2600 4642 φυτεύσας
2624 4573 2682 4626 τὺ
2709 4571 2821 4636 οὖς,
2859 4573 2958 4625 οὐκ
2986 4570 3236 4637 ἀκούσει;
3279 4573 3371 4624 καὶ
3395 4573 3424 4622 ὁ
3466 4572 3665 4632 πλάσας
3689 4566 3838 4634 ὀφθαλ-

2331 4666 2484 4734 μοὺς,
2503 4664 2621 4733 οὐχὶ
2643 4665 2922 4726 κατανοεῖ;
2951 4681 2968 4712 ι
2989 4662 3285 4730 Ἔςησκον,
3303 4657 3477 4732 οἶμαι,
3496 4661 3632 4722 τινὲς
3652 4659 3705 4722 ἐξ
3721 4660 3841 4712 ἀπν-

2327 4757 2478 4820 εσίας
2497 4772 2510 4787 ο
2549 4775 2566 4806 ι
2610 4755 2722 4807 Οὐκ
2755 4753 2943 4822 ὄψεται
2972 4752 3176 4824 Κύριος
3197 4795 3211 4818 ,
3243 4753 3350 4805 οὐδ’
3377 4754 3437 4805 οὐ
3461 4753 3671 4822 συνήσει
3692 4753 3716 4801 ὁ
3744 4747 3840 4805 Θεὸς

2337 4848 2550 4903 Ἰακώϐ.
2596 4867 2614 4900 ι
2655 4849 2726 4900 Ἥ
2772 4848 2873 4900 οὐκ
2919 4845 3123 4916 ἠλίθιον
3162 4843 3378 4916 κομιδῇ,
3417 4847 3480 4898 τὸ
3520 4846 3649 4915 μήτε
3689 4839 3840 4894 εἰδέναι

2323 4943 2503 5012 λέγειν
2529 4942 2620 4995 τὸν
2647 4941 2747 5010 τῆς
2785 4938 3038 5008 γνώσεως
3074 4940 3331 5009 χορηγὸν,
3383 4940 3518 5010 μήτε
3547 4937 3646 5007 μὴν
3673 4932 3841 4988 ἐπαίειν

2325 5030 2559 5092 οἴεσθαι,
2599 5030 2690 5083 τὸν
2723 5032 2834 5092 τοῖς
2879 5027 3008 5098 παρ’
3044 5027 3208 5081 αὑτοῦ
3235 5028 3481 5097 γεγονόσι
3509 5028 3571 5080 τὸ
3599 5025 3763 5098 χρῆμα
3785 5020 3842 5071 δι·

2323 5125 2481 5179 δόντα
2504 5143 2518 5191 ;

715 5387 761 5418 "
783 5387 893 5441 Jer.
926 5403 984 5451 ιι,
1013 5387 1201 5441 26-29.
1263 5388 1308 5419 ⁷⁸
1338 5387 1452 5441 Jer.
1487 5402 1641 5451 χχιιι,
1667 5386 1775 5440 233
1833 5388 1879 5418 ⁸ο
1911 5389 2052 5443 Psal.
2078 5405 2222 5454 xcnt,

2346 5391 2398 5446 9.
2475 5391 2517 5423 ⁸¹
2558 5391 2720 5456 lbid.,
2753 5391 2804 5444 7.

716 5527 790 5597 (Ι)
821 5527 1088 5582 Homerus
1117 5528 1273 5583 Iliad.
1303 5529 1356 5594 ς’
1391 5548 1403 5582 :

717 5599 956 5662 Χρϋσεα
974 5599 1298 5666 χαλκείων,
1327 5601 1663 5669 ἑκατόμϐοι’
1688 5603 2065 5659 ἐννεαϐοίων.

679 5686 785 5812 Χ)
808 5686 941 5742 Cod.
969 5689 1112 5774 Ἶρι..
1136 5689 1593 5762 εἰδωλολατρεξαν.
1615 5691 1879 5762 Superius
1899 5693 2043 5749 idem
2064 5695 2211 5762 cod.,

753 5774 809 5810 ον
834 5758 1110 5812 λατοειαν.

647 5757 809 5812 ἕωλον
834 5758 1110 5830 λατρείαν.

2391 5535 2464 5606 (5)
2507 5535 2801 5606 llomerum
2854 5536 3124 5606 intelligit,
3150 5537 3242 5606 qui
3297 5537 3489 5590 Iliados
3535 5533 3689 5606 tertio
3732 5531 3842 5596 Aga-

2318 5605 2662 5661 memnonem
2695 5606 2748 5659 in
2780 5605 2984 5661 foedere
3010 5605 3188 5661 Solem
3217 5607 3550 5662 invocantem
3572 5605 3690 5658 fecit
3720 5621 3730 5653 :

2334 5697 2563 5763 Ἠέλιος
2587 5697 2636 5754 θ’
2662 5698 2728 5764 ὃς
2761 5697 2934 5753 πάντ’
2961 5700 3178 5770 ἐφορᾷς
3211 5702 3308 5756 καί
3353 5701 3519 5756 πάντ’
3548 5697 3844 5759 ἐπακούεις.
3931 5771 3933 5776 Ι
