3998 6506
146 393 234 451 ιςςδ
818 381 906 439 DE
943 383 1391 445 ADORATIONE
1426 386 1491 440 ΙΝ
1529 384 1725 441 ΞΡιῐὶῐῗ

1780 386 1799 442 3
1840 382 1927 441 ΕΤ
1968 380 2343 442 VERITATE.’
2378 386 2504 443 LIB.
2548 387 2631 443 Vl.
3257 391 3359 446 £26

202 504 386 561 ΠΑΛΛ.
436 496 714 552 Ἀπίθανον
747 497 1043 561 παντελῶς.
1701 506 1744 561 Α

1701 506 1744 561 Α
1846 498 2040 555 PALL.
2078 501 2391 556 Absurdum
2417 503 2662 556 omnino.

200 596 345 652 ΚΥΡ.
385 588 785 662 Προσκννητέον
812 584 906 642 οῦν
935 589 1045 659 ἄρα
1080 590 1228 660 μόνῳ
1259 605 1318 641 τε
1346 589 1439 643 καὶ
1461 588 1675 661 ὁλοτρό-

1845 590 2002 645 CYR.
2048 591 2141 645 Ille
2181 592 2348 662 igitur
2376 592 2526 646 solus
2564 602 2729 661 atque
2774 590 2952 644 modis
2981 591 3239 645 omnibus
3277 603 3358 645 est

142 704 240 749 πως
278 680 451 752 Κυρίῳ
491 677 569 749 τῷ
628 675 768 748 Θεῷ,
821 678 964 731 κατά
991 679 1091 741 τάς
1119 678 1369 751 Γραφάς,
1411 680 1581 749 ἑτέρῳ
1618 678 1674 732 δὲ

1775 681 2087 736 adorandus
2124 683 2388 738 Dominus
2429 683 2609 748 Deus,
2656 692 2717 737 ut
2758 682 3056 753 Scriptura:
3102 683 3354 750 tradunt;

140 779 252 849 παρ’
279 774 429 829 αὑτὸν
446 768 638 823 οὐδενί.
675 769 988 839 Γέγραπται
1017 770 1145 842 γὰρ,
1173 770 1253 823 ’ότι
1290 790 1310 821 ι
1334 770 1549 833 Τέλειος
1576 769 1673 841 ἔσῃ

1774 771 1916 827 alius
1938 786 2070 828 vero
2093 782 2291 843 praeter
2318 775 2495 844 ipsum
2520 776 2725 830 nullus.
2756 775 3032 845 Scriptum
3059 784 3145 830 est
3168 776 3315 829 enim
3343 793 3353 827 :

137 868 347 925 ἐναντίον
372 861 569 933 Κυρίου
600 861 696 915 τοῦ
722 861 859 915 Θεοῦ
895 879 1011 916 σου.
1057 881 1074 913 ι
1110 863 1398 933 Τελειότης
1429 861 1486 916 δὲ
1514 879 1675 915 πνευ-

1782 882 1801 911 ‹
1824 863 2104 918 Perfectus
2118 865 2230 918 eris
2245 872 2374 918 ante
2392 865 2684 921 Dominum
2696 867 2868 921 Deum
2890 876 3041 921 tuum
3060 868 3124 919 ⁸⁸.
3151 886 3169 916 ι
3200 866 3356 936 133

139 959 332 1033 ματικὴ,
370 956 428 1010 τὸ
466 954 747 1026 ἱδρυμένον
787 956 845 1008 ἐν
879 955 1093 1019 πίστει,
1130 956 1222 1009 καὶ
1249 954 1551 1026 ἀμώμητον
1595 956 1674 1020 είς

1779 954 1944 1009 Porro
1978 954 2282 1024 spiritualis
2307 956 2572 1027 perfectio
2597 966 2682 1012 est
2708 957 2939 1012 ﬁrmitas
2965 957 3112 1022 ﬁdei,
3141 967 3198 1011 et
3220 957 3358 1012 inte-

136 1050 377 1122 λατρείαν,
409 1046 503 1098 καὶ
547 1043 649 1113 τῆς
696 1044 775 1108 είς
814 1043 947 1098 Θεὸν
990 1046 1211 1117 ἀγάπης
1259 1046 1320 1098 τὸ
1353 1046 1674 1117 ἀδιάϐλητον

1777 1059 1869 1113 ger
1892 1044 2092 1108 cultus,
2122 1052 2177 1099 et
2219 1045 2724 1116 irreprehensibilis
2766 1046 2823 1101 in
2860 1047 3033 1103 Deum
3071 1047 3356 1103 charitatis

134 1141 321 1202 κάλλος.

1774 1135 2148 1205 pulchritudo.

192 1230 380 1287 HAAA.
414 1220 570 1280 Οῦτω
603 1225 767 1296 φημί.

1845 1226 2045 1281 PALL.
2079 1226 2171 1282 Sic
2196 1228 2393 1283 sentio.

190 1316 333 1378 ΚΥΡ.
376 1314 503 1391 Ἆρ’
547 1315 677 1385 οὖν,
712 1313 759 1374 ὦ
800 1318 1105 1385 Παλλάδιε,
1152 1321 1282 1385 τοὺς
1327 1321 1529 1392 ἥκιστα
1572 1321 1671 1391 μὲν

1841 1317 1998 1373 CYR.
2024 1319 2167 1373 Num
2192 1319 2378 1390 igitur,
2404 1314 2631 1384 Palladi,
2655 1320 2751 1389 qui
2778 1320 3006 1374 minime
3030 1320 3107 1373 illi
3133 1319 3356 1389 quidem

129 1418 250 1478 Θεοῖς
276 1412 505 1484 ἑτέροις,
551 1405 720 1483 ἧγουν
761 1413 826 1483 τῇ
878 1412 1053 1465 κτίσει
1091 1413 1245 1485 παρά
1276 1414 1366 1467 τὸν
1392 1414 1672 1467 Κτίσαντα

1776 1409 1908 1464 deos
1935 1410 2144 1466 alienos
2166 1419 2262 1466 aut
2283 1420 2433 1467 certe
2457 1419 2765 1466 creaturam
2789 1411 2975 1481 potius
2999 1426 3163 1481 quam
3186 1411 3355 1466 Crea-

131 1505 421 1577 προσκυνεῑν
453 1499 767 1573 ἑλομένουςο
809 1501 1170 1574 πειθομένους
1218 1504 1294 1576 (l)
1338 1504 1397 1558 δὲ
1440 1505 1541 1559 οὐκ
1573 1501 1671 1558 οἶδ’

1774 1509 1951 1554 torem
1990 1498 2223 1555 adorare
2264 1500 2321 1554 in
2359 1501 2602 1556 animum
2642 1499 2990 1566 induxerint;
3030 1499 3126 1555 sed
3165 1499 3352 1564 iidem,

126 1600 252 1659 ὅπως
292 1595 405 1657 ταῖς
449 1592 561 1645 τῶν
608 1592 1140 1664 είδωλολατρούντων
1188 1593 1667 1665 ψευδομαντείαις,

1773 1590 1959 1645 nescio
1982 1601 2090 1661 qua
2117 1591 2328 1647 ratione
2354 1598 2561 1657 tamen,
2584 1591 2738 1647 falsis
2768 1591 2913 1647 idola
2935 1591 3234 1647 colentium
3257 1606 3352 1645 va-

67 1670 70 1673 Δ
128 1686 295 1757 μώμου
322 1682 410 1737 καὶ
446 1682 627 1747 αἰτίας
654 1683 1073 1757 ἀπαλλάξομενς
1115 1684 1148 1754 ἢ
1178 1683 1288 1737 τῶν
1324 1685 1404 1746 είς
1434 1684 1646 1739 ἀπόσταη

1776 1682 1978 1738 ticiniis
2000 1682 2164 1739 ﬁdem
2189 1683 2413 1749 habent,
2436 1699 2533 1740 eos
2555 1684 2984 1755 reprehensione
3006 1692 3169 1753 atque
3192 1683 3355 1754 culpa

125 1794 198 1830 σιν
231 1774 580 1847 ἐγκλημάτων
626 1774 942 1847 ἐλευθέρους
989 1776 1306 1846 ἀποφαίνειν
1339 1778 1452 1841 τοῖς
1495 1793 1557 1845 γε
1590 1776 1670 1840 ’ὡς

1775 1790 1965 1831 vacare
2004 1772 2292 1832 dicemus?
2340 1785 2437 1831 aut
2472 1777 2694 1833 eosdem
2734 1777 3081 1834 desertorum
3124 1776 3354 1832 crimine

124 1868 310 1940 ἀληθῶς
335 1868 576 1939 γνησίοις
602 1869 875 1940 ἀσφαλέςς
1699 1858 1703 1916 ἶ

1776 1869 1977 1923 liberos
2014 1869 2390 1939 pronuntiare,
2416 1870 2485 1928 iis
2525 1878 2705 1926 tutum
2742 1886 2863 1927 esse
2888 1871 3224 1941 putabimus,
3259 1871 3355 1941 qui

1772 1971 1902 2016 vere
1934 1962 2258 2032 sincereque
2282 1962 2380 2017 Dei
2406 1972 2681 2018 amatores
2701 1964 2846 2019 sint?

184 2046 372 2099 ΠᾹΔΛ.
401 2040 694 2117 υὺδαμῶςι

1844 2052 2040 2108 PALL.
2068 2054 2310 2109 Minime.

183 2136 327 2190 ΚΥΡ.
393 2136 838 2206 Ἀστρογοητεῖαι
890 2134 950 2190 δὲ
1014 2138 1108 2191 καὶ
1168 2136 1518 2211 κληδονισμοὶ
1577 2138 1672 2192 καὶ

1841 2145 1998 2201 CYR.
2022 2147 2309 2202 Astrorum
2330 2164 2551 2219 quoque
2573 2149 2923 2221 praestigiosaa
2943 2149 3357 2204 observationes

121 2228 507 2296 ψευδομαντεῖαι
529 2266 545 2289 ,
576 2228 670 2281 καὶ
710 2227 1085 2299 δαιμονιώδεις
1123 2229 1484 2299 φενακισμοὶ,
1533 2229 1671 2300 πρέ-

1777 2243 1827 2290 ει
1845 2236 2049 2301 omiua,
2075 2246 2131 2291 et
2156 2236 2304 2291 falsae
2328 2237 2717 2304 divinationes,
2742 2246 2799 2293 et
2826 2238 3174 2293 daemoniacae
3196 2237 3356 2293 dece-

124 2334 253 2372 ποιεν
274 2316 355 2383 ἂν,
385 2313 543 2388 οἶμαί
572 2334 696 2383 που,
734 2318 917 2389 μόνοις
931 2336 991 2373 τε
1017 2320 1111 2373 καὶ
1132 2320 1279 2391 τάχα
1293 2323 1404 2384 τοῖς
1428 2319 1673 2373 ὲκτοπώ-

1777 2326 2008 2397 ptiones,
2055 2327 2165 2381 illis
2200 2329 2352 2392 solis,
2379 2336 2442 2384 ut
2467 2330 2688 2399 opinor,
2741 2332 3099 2396 conveniunt,
3153 2331 3356 2401 quibus

122 2421 235 2462 τατα
293 2407 801 2479 προτεθυμημένοις
854 2408 953 2480 τὴν
1002 2408 1175 2464 ἀκλεᾶ
1240 2413 1336 2465 καὶ
1396 2410 1671 2481 ἐπάρατον

1776 2417 2164 2473 absurdissime
2204 2419 2383 2489 placet
2425 2420 2716 2492 ignobilem
2764 2430 2929 2493 atque
2958 2422 3355 2480 exsecrabilem

120 2499 533 2570 εἰδωλολατρείαν
566 2499 952 2566 είσοικίζεσθαι
984 2502 1125 2556 κατά
1144 2502 1290 2559 νοῦν.

1769 2508 2041 2564 idolorum
2073 2511 2283 2565 cultum
2325 2513 2381 2566 in
2409 2512 2655 2567 animum
2688 2514 2997 2570 admittere.

179 2591 366 2644 ΠΑΛΛ.
419 2586 634 2661 Ὀρθῶς
679 2590 835 2664 ἔφης.
902 2592 1141 2647 Ἐπείτοι
1194 2595 1291 2648 καὶ
1341 2594 1483 2660 θεῖος
1537 2600 1668 2670 ἡμῖν

1841 2599 2038 2656 PALL.
2072 2600 2241 2657 Recte
2268 2601 2426 2659 dicis.
2468 2604 2603 2659 Nam
2647 2604 2872 2661 divinus
2911 2618 3151 2677 quoque,
3174 2619 3356 2661 sermo

120 2683 374 2754 παρεγγυᾷ
418 2681 618 2751 λόγος,
671 2682 771 2754 τήν
818 2683 900 2747 είς
948 2702 1012 2753 γε
1060 2684 1283 2750 τούτους
1334 2688 1670 2759 αἰσχρότητα

1775 2691 1930 2748 nobis
1952 2693 2202 2763 praecipit
2237 2694 2506 2766 ejusmodi
2536 2712 2719 2751 rerum
2747 2696 2988 2752 dedecus
3016 2712 3081 2752 ac
3112 2697 3354 2767 turpitu-

120 2773 603 2843 καταμυσάττεσθαι
649 2773 781 2828 δεῖν.
839 2775 995 2846 Ἔχει
1039 2776 1096 2830 δὲ
1140 2776 1332 2842 οὕτως’
1389 2800 1406 2831 ι
1451 2779 1577 2834 Ἐὰν
1608 2781 1665 2834 δὲ

1778 2783 1953 2839 dinem
1989 2784 2315 2840 abominari.
2343 2785 2434 2841 Sic
2456 2796 2639 2842 autem
2670 2788 2833 2845 habet
2863 2807 2876 2843 :
2910 2809 2927 2841 ι
2959 2789 3095 2844 Cum
3121 2805 3255 2845 vero
3276 2790 3357 2844 in-

117 2867 332 2938 εισέλθῃς
359 2869 434 2931 είς
464 2866 568 2939 τὴν
602 2867 737 2939 γῆν,
773 2867 841 2938 ἢν
892 2867 1097 2939 Κύριος
1119 2870 1148 2922 ὁ
1180 2868 1313 2934 Θεός
1362 2888 1454 2923 σου
1483 2871 1666 2926 δίδωσί

1776 2891 1989 2945 gressus
2016 2874 2187 2931 lueris
2216 2876 2272 2931 in
2301 2887 2502 2933 terram
2551 2895 2712 2948 quam
2757 2880 3023 2935 Dominus
3054 2882 3200 2937 Deus
3230 2891 3355 2938 tuus

119 2977 205 3023 σοι,
245 2961 299 3013 οὐ
346 2957 577 3034 μαθήσῃ
625 2959 800 3012 ποιεῖν
851 2961 994 3014 κατά
1042 2961 1110 3015 τὰ
1157 2961 1503 3035 βδελύγματα
1559 2965 1667 3019 τῶν

1776 2968 1862 3025 dat
1891 2967 2009 3034 tibi,
2038 2984 2149 3023 non
2171 2967 2351 3025 disces
2372 2970 2554 3027 facere
2573 2973 2727 3043 juxta
2751 2973 3192 3030 abominationes
3221 2992 3355 3046 gen-

117 3049 260 3104 ὲθνῶν
276 3050 516 3103 ἐκείνων’
547 3051 646 3122 οὐχ
666 3050 1025 3122 εὑρεθήσεται
1056 3054 1114 3105 ἐν
1145 3054 1227 3107 σοὶ
1257 3054 1667 3128 περικαθαίρων

1777 3058 1904 3113 tium
1950 3059 2209 3114 illarum:
2239 3077 2349 3115 non
2373 3063 2687 3118 invenietur
2719 3064 2775 3118 in
2800 3073 2856 3120 te
2896 3066 3137 3122 lustrans
3179 3066 3356 3122 ﬁlium

116 3143 190 3195 τὸν
226 3142 332 3195 υἱὸν
374 3141 547 3195 αὐτοῦ
596 3142 692 3196 καὶ
736 3143 835 3213 τὴν
870 3142 1147 3217 θυγατέρα
1187 3145 1352 3199 αὑτοῦ
1401 3148 1460 3201 ἐν
1509 3149 1663 3218 πυρὶ,

1774 3166 1950 3216 suum,
1984 3160 2080 3205 aut
2106 3151 2271 3206 ﬁliam
2309 3168 2463 3208 suam
2501 3154 2557 3208 in
2587 3155 2732 3227 igne,
2769 3156 3023 3213 divinans
3057 3158 3353 3217 divinatio-

116 3235 485 3305 μαντευόμενος
546 3234 837 3306 μαντείαν,
893 3238 989 3291 καὶ
1037 3216 1525 3310 κληδονιζόμενος,
1570 3216 1695 3293 καὶ⁴

1773 3259 1916 3325 nem,
1959 3251 2017 3299 et
2052 3245 2325 3309 ominans,
2370 3253 2427 3301 et
2459 3262 2757 3317 augurans,
2808 3249 3107 3315 veneﬁcus,
3161 3253 3352 3308 incan-

114 3327 486 3397 οἰωνιζόμενος,
540 3327 869 3400 φαρμακὸς,
905 3328 1120 3400 ἐπᾴδων
1167 3329 1456 3401 ἐπαοιδήν,
1493 3333 1664 3399 ἐγγα-

1773 3345 1889 3392 tans
1946 3337 2416 3405 incantationem,
2471 3340 2776 3412 Pythonem
2834 3342 3067 3409 habens,
3119 3353 3175 3400 et
3220 3361 3352 3416 por-

118 3418 418 3489 στρίμυθος,
469 3418 573 3472 καὶ
614 3418 1054 3489 τερατοσκόπος,
1107 3420 1202 3473 καὶ
1269 3419 1493 3489 ἐρωτῶν
1538 3421 1666 3486 τοὺς

1777 3437 2044 3484 Lentorum
2086 3431 2386 3500 inspector,
2434 3439 2494 3486 et
2535 3432 2880 3504 interrogans
2925 3443 3173 3491 mortuos
3214 3455 3227 3490 :
3271 3445 3356 3493 est

114 3510 328 3583 νεκρούς
353 3510 467 3564 ἔστι
506 3508 620 3581 γάρ
646 3508 923 3581 βδέλυγμα
948 3510 1143 3582 Κυρίῳ
1181 3509 1259 3581 τῷ
1286 3510 1406 3583 Θεῷ
1432 3530 1526 3566 σου
1557 3514 1664 3577 πᾶς

1777 3521 1912 3576 enim
1938 3523 2280 3579 abominatio
2322 3524 2554 3579 Domino
2578 3524 2693 3580 Deo
2737 3533 2834 3580 tuo
2874 3526 3054 3582 omnis
3091 3528 3188 3597 qui
3224 3528 3356 3584 facit

117 3604 258 3657 ποιῶν
294 3603 486 3660 ταῦτα.
536 3622 556 3656 ι
603 3602 714 3656 Καὶ
760 3601 879 3673 μεθ’
903 3601 1068 3676 ’έτερα
1097 3602 1260 3657 πάλιν
1306 3603 1458 3675 φησί·
1501 3625 1519 3657 ι
1560 3604 1664 3658 Τέ-

1777 3613 1895 3669 talia
1917 3613 1985 3666 ⁸³.
2020 3632 2037 3664 ι
2072 3613 2142 3668 Ει
2164 3624 2288 3684 post
2328 3614 2435 3669 alia
2476 3630 2671 3671 rursus
2710 3616 2790 3670 ait
2826 3634 2840 3669 :
2879 3636 2897 3668 ι
2928 3617 3210 3674 Perfectus
3243 3620 3356 3676 eris

115 3694 229 3758 λειος
250 3692 338 3766 ἔσῃ
360 3692 545 3748 ἔναντι
567 3693 775 3765 Κυρίου
799 3692 891 3746 τοῦ
914 3691 1048 3747 Θεοῦ
1078 3711 1195 3746 σου·
1220 3694 1289 3748 τὰ
1312 3694 1438 3766 ἔθνη
1466 3695 1661 3762 ταῦτα,

1778 3722 1948 3761 :oram
1971 3708 2204 3762 Domino
2224 3710 2337 3763 Deo
2364 3717 2459 3763 tuo
2486 3727 2499 3763 :
2537 3720 2725 3781 gentes
2754 3711 2839 3766 ha:
2870 3727 3006 3782 quas
3030 3722 3085 3767 tu
3110 3714 3357 3783 posside-

114 3785 189 3849 οὓς
209 3789 265 3840 σὺ
286 3785 859 3858 κατακληρονομήσεις
883 3784 1103 3848 αὐτοὺς,
1124 3779 1270 3838 οὗτοι
1291 3785 1663 3857 κληδονισμῶν

1775 3797 1871 3862 bis,
1902 3797 1987 3852 hae
2006 3798 2189 3853 omina
2211 3809 2268 3855 et
2289 3800 2656 3857 divinationes
2676 3803 2902 3859 audient
2926 3823 2939 3857 :
2962 3804 3063 3860 tibi
3086 3822 3220 3861 vero
3242 3823 3354 3863 non

116 3879 190 3931 καὶ
208 3878 462 3949 μαντειῶν
478 3877 827 3932 ἀκούσονται·
855 3875 938 3929 σοὶ
961 3875 1019 3929 δὲ
1038 3876 1138 3947 οὐχ
1162 3874 1334 3939 οὕτως
1349 3875 1518 3931 ἔδωκε
1551 3875 1664 3931 Κύ-

1776 3886 1846 3942 sic
1873 3886 2028 3943 dedit
2062 3887 2329 3945 Dominus
2350 3890 2497 3946 Deus
2530 3900 2685 3959 tuus;
2712 3893 3035 3965 prophetam
3070 3908 3137 3949 ex
3168 3895 3355 3951 fratri-

117 3986 208 4039 ριος
231 3971 256 4022 ὁ
292 3969 420 4034 Θεός
453 3987 575 4023 σου.
623 3969 916 4040 Προφήτην
950 3968 1014 4020 ἐκ
1046 3967 1156 4021 τῶν
1186 3967 1428 4037 ἀδελφῶν
1461 3984 1556 4022 σου
1587 3969 1665 4033 ὡς

1773 3978 1869 4035 bus
1892 3978 2019 4045 tuis,
2044 3987 2105 4035 ut
2125 3996 2235 4047 me,
2256 3982 2796 4039 excitabitDominus
2818 3985 2963 4040 Deus
2982 3994 3136 4052 tuus;
3170 3986 3352 4056 ipsum

112 4061 192 4131 ἐμὲ
216 4063 499 4133 ἀναστήσει
531 4061 735 4129 Κύριος
765 4062 794 4115 ὁ
827 4059 961 4123 Θεός
987 4075 1103 4112 σου·
1146 4058 1335 4132 [αὐτοῦ
1365 4060 1663 4114 ἀκούσεσθε

1773 4070 2020 4138 audietis,
2043 4072 2199 4143 juxta
2235 4074 2421 4129 omnia
2450 4090 2791 4145 quwcunque
2834 4077 3042 4147 petiisti
3066 4093 3097 4132 a
3120 4077 3352 4133 Domino

113 4154 227 4206 διατὰ
251 4152 419 4207 πάντα
441 4153 549 4206 ὅσα
574 4150 758 4222 ᾐτήσω
785 4152 935 4222 παρὰ
980 4150 1185 4223 Κυρίου
1234 4150 1328 4205 τοῦ
1375 4151 1511 4206 Θεοῦ
1543 4151 1660 4225 σου]

1552 4151 1660 4225 που]
1766 4163 1877 4218 Deo
1902 4173 1997 4218 tuo
2022 4164 2079 4219 in
2103 4164 2310 4232 Horeb,
2338 4165 2395 4219 in
2420 4165 2509 4220 die
2536 4168 2972 4239 congregationis
2999 4168 3063 4222 ⁸⁸.
3114 4188 3131 4220 ι

112 4242 158 4295 ἐν
188 4243 371 4315 Χωρήὸ
391 4247 457 4315 τῇ
483 4242 673 4315 ἡμέρᾳ
700 4241 799 4313 τῆς
833 4241 1149 4312 ἐκκλησίας.
1183 4260 1203 4292 ι

166 4336 315 4390 ΚΥΡ.
346 4331 519 4403 Εὖγε,
551 4328 600 4389 ὦ
630 4334 873 4405 φιλότης.
911 4332 1185 4405 Ἐψόμεθα
1221 4332 1331 4405 γὰρ
1362 4334 1482 4405 οὐχὶ
1503 4351 1663 4405 τερα-

1831 4343 1991 4398 CYR.
2024 4343 2291 4398 Praeclare
2337 4343 2440 4406 ais,
2487 4343 2691 4398 Palladi
2720 4362 2733 4397 :
2759 4359 2939 4415 neque
2969 4344 3115 4399 enim
3152 4362 3349 4417 seque-

114 4430 365 4494 τοσκόποις
397 4436 479 4482 τε·
503 4431 601 4482 καὶ
640 4428 1068 4500 νεκρομάντεσιν
1088 4471 1103 4495 ,
1140 4426 1255 4481 ἀλλ’
1280 4426 1402 4481 οὐδὲ
1435 4428 1663 4497 πτήσεις

1775 4449 1890 4487 mur
1912 4441 2294 4503 portentorum
2328 4434 2688 4503 conjectores,
2719 4441 2776 4488 et
2805 4436 3196 4491 necromantiae
3222 4451 3354 4506 ope-

114 4520 198 4574 τῶν
219 4520 445 4589 οἰωνῶν,
468 4521 550 4582 ὡς
578 4520 777 4591 ἀληθές
794 4537 847 4573 τι
878 4519 1070 4591 χρῆμα
1094 4518 1533 4590 παραδεξόμεθα,
1558 4517 1661 4572 κᾶν

1772 4540 1882 4578 ram
1926 4524 2121 4579 dantes
2163 4524 2313 4595 :jam
2354 4539 2487 4578 vero
2523 4540 2703 4595 neque
2729 4526 2944 4581 volatus
2984 4527 3200 4592 avium,
3231 4535 3351 4582 lan-

172 4611 401 4684 φέροιντο
431 4611 574 4685 πρὸς
617 4610 824 4677 δεξιὸν,
865 4610 965 4664 εἴτ’
992 4606 1088 4664 οὖν
1118 4614 1197 4673 είς
1231 4608 1510 4681 εὐώνυμον
1546 4606 1623 4679 (2)
1644 4624 1659 4638 °

1775 4628 1934 4683 quam
1953 4628 2145 4667 verum
2163 4614 2371 4684 aliquid
2390 4614 2769 4684 polliceantur,
2788 4616 3143 4687 accipiemus,
3163 4633 3354 4688 quam-

111 4704 192 4757 κᾶν
234 4706 279 4757 εί
323 4705 460 4777 πρὸς
507 4704 748 4774 ἑσπέραν
786 4720 847 4757 τε
871 4705 965 4757 καὶ
1000 4703 1135 4773 πρὸς
1159 4702 1263 4772 ήῶ’
1302 4703 1513 4774 μωρίας
1554 4702 1664 4772 γὰρ

1773 4704 1854 4758 vis
1893 4703 2239 4758 dextrorsum
2295 4703 2544 4759 ferantur
2586 4710 2683 4758 aut
2727 4704 3127 4773 sinistrorsum,
3160 4715 3257 4762 aut
3284 4708 3352 4763 ad

117 4798 240 4850 ταυτὶ
262 4798 359 4868 τῆς
394 4798 661 4868 ἐσχάτης.
712 4796 988 4866 Ἠγεμόνα
1020 4795 1077 4849 δὲ
1103 4798 1197 4849 τοῦ
1232 4795 1433 4859 παντὸς
1475 4779 1679 4847 ποιούί

1773 4810 2023 4851 occasum
2048 4795 2133 4851 vel
2169 4795 2238 4849 ad
2282 4804 2462 4850 ortum
2509 4795 2641 4851 solis
2666 4814 2678 4849 :
2705 4805 2834 4852 sunt
2856 4799 3003 4852 enim
3031 4798 3148 4853 haec
3169 4808 3352 4854 extre-

110 4905 237 4957 μενοι
265 4890 352 4943 τὸν
386 4888 627 4960 Χριστὸν
657 4888 746 4942 τὸν
770 4888 837 4941 δι’
869 4889 1016 4959 ἡμᾶς
1040 4886 1162 4942 καθ’
1184 4887 1332 4957 ἡμᾶς
1353 4887 1659 4957 προφήτην,

1775 4900 1871 4939 mae
1922 4883 2233 4939 dementiae.
2283 4885 2489 4941 Ducem
2535 4902 2668 4942 vero
2713 4887 2783 4942 ad
2829 4887 3014 4942 omnia
3058 4902 3354 4959 sequemur

115 4978 218 5047 παρ’
260 4979 420 5032 αὐτοῦ
468 4978 757 5049 ληψόμεθα
802 4977 909 5031 τῶν
944 4977 1260 5046 ἀναγκαίων
1299 4977 1397 5048 τὴν
1439 4978 1658 5046 γνῶσιν,

1775 4976 2073 5043 Christum,
2104 4978 2257 5033 illum
2288 4988 2513 5050 propter
2552 4994 2653 5035 nos
2688 4980 2927 5035 similem
2963 4979 3124 5035 nobis
3148 4979 3354 5035 factum

109 5070 184 5119 καὶ
206 5070 343 5141 αὐτῷ
374 5068 875 5142 προσεδρεύσομεν,
902 5068 1159 5139 οἰμώζειν
1194 5068 1381 5139 μακρά
1402 5070 1524 5133 ταῖς
1552 5069 1662 5123 τῶν

1772 5078 1825 5123 et
1856 5068 2209 5139 prophetam;
2241 5071 2310 5125 ab
2338 5070 2457 5141 ipso
2487 5071 2821 5142 accipiemus
2868 5086 3057 5125 rerum
3096 5086 3351 5126 necessa-

111 5159 373 5228 Ξαιμονίων
406 5160 794 5230 ψευδοεπείαις
829 5160 926 5214 καὶ
968 5158 1030 5212 τὸ
1069 5158 1343 5231 ἐρρῶσθαι
1386 5158 1659 5227 λέγοντες.

1775 5160 1975 5215 riarum
2018 5162 2406 5232 cognitionem,
2444 5162 2659 5233 ipsique
2689 5163 3075 5227 assidebimus,
3117 5177 3181 5217 ac
3220 5162 3354 5218 falsa

109 5249 245 5320 Μόνφ
268 5252 374 5322 γὰρ
396 5252 594 5322 ῶσπερ
619 5251 681 5304 τὸ
711 5251 908 5323 χρῆναι
938 5250 1223 5316 ζωοποιεῖν
1248 5251 1341 5304 καὶ
1366 5250 1664 5321 κατάρχειν

1770 5250 2167 5307 daemoniorum
2206 5254 2428 5308 oracula
2469 5254 2793 5325 abjiciemus
2820 5262 2876 5309 et
2915 5264 3349 5310 contemnemus.

112 5338 196 5392 τῶν
220 5343 351 5396 ὅλων
372 5384 390 5411 ,
420 5344 670 5414 φυσικῶς
701 5361 762 5397 τε
792 5344 886 5397 καὶ
920 5343 1105 5406 ίδικῶς
1143 5342 1491 5417 ἀνακείσεται
1524 5342 1660 5413 Θεῷ·

1776 5341 1938 5415 184
1963 5343 2034 5400 Ut
2076 5344 2226 5398 enim
2265 5346 2433 5401 rebus
2468 5346 2742 5401 universis
2764 5356 2821 5401 et
2843 5347 3011 5401 vitam
3036 5345 3277 5401 tribuere
3298 5353 3355 5401 et

164 5477 203 5509 ⁸⁹
224 5480 377 5535 Deut.
405 5480 675 5546 “111,15.
754 5479 803 5513 ⁸³
848 5477 987 5534 ibid.
1013 5478 1184 5549 ,εδ-ιε.
1264 5477 1307 5509 ⁸⁸
1347 5474 1485 5531 ibid.
1530 5475 1717 5532 15-15.

190 5594 232 5667 ί)
264 5595 397 5651 Cod.
430 5597 580 5661 Vat.,
615 5594 1070 5667 προοδιειμιένουςἶ
1084 5664 1092 5667 _
1536 5641 1595 5667 _._r
1772 5598 2107 5659 Πείθεσθαι,
2134 5596 2253 5650 τῶν
2280 5597 2407 5650 οὔτι
2428 5594 2830 5667 μετατρέπομ’,
2845 5595 2972 5650 οὐδ’
3008 5592 3254 5665 ἀλεγίζω

190 5597 206 5648 l
264 5595 397 5651 Cod.
430 5597 580 5661 νει..
615 5594 1065 5667 προσκειμένους.
1552 5641 1561 5649 ,

165 5594 232 5734 iii
261 5667 439 5722 Verba
465 5667 688 5721 Homeri
714 5667 950 5734 latenter
981 5664 1188 5718 indicat
1222 5677 1344 5732 qua:
1363 5673 1507 5734 sunt
1528 5663 1664 5720 Ilia-

1552 5641 1561 5649 .
1772 5598 2107 5659 Πείθεσθαι,
2134 5596 2253 5650 τῶν
2280 5597 2407 5650 οὔτι
2428 5594 2822 5664 μετατρέπομ’
2845 5595 2972 5650 οὐδ’
3008 5596 3075 5650 tu

1496 5663 1664 5720 ίΙΙὶα-
1766 5667 1889 5719 Ιιττ’
1912 5668 2009 5719 ἐπὶ
2050 5667 2194 5727 δέξι’
2227 5667 2357 5719 ἴωσι
2391 5665 2541 5733 πρὸς
2566 5664 2652 5732 ἠῶ
2686 5668 2735 5718 τ’
2763 5666 2972 5732 ἠέλιόν
2991 5683 3075 5729 τε,

112 5734 180 5789 los
204 5733 269 5800 Μ,
296 5739 389 5792 ubi
417 5738 618 5791 Hector
646 5737 714 5791 ad
748 5733 1192 5806 Polydamantem
1224 5733 1436 5806 inquit:

1776 5737 1898 5792 Εἶτ’
1925 5738 2017 5791 ἐπ’
2033 5736 2312 5806 ἀριστερὰ
2335 5736 2493 5805 τοίγε
2511 5736 2646 5790 ποτὶ
2668 5734 2847 5805 ζόφον
2865 5736 3150 5805 ἠερόεντα

112 5807 246 5875 Τιένη
284 5807 333 5861 δ’
363 5806 630 5861 Οὶιινοῖσι
670 5804 1190 5871 τανυπτερύγεσσι
1224 5804 1491 5871 κελεύεις

398 5904 668 5985 Pyram“
716 5902 845 5977 Gn.)
867 5899 1138 5973 LXVIII.
2884 5892 2957 5955 14
