3998 6556
686 374 799 435 η,
1694 374 1749 427 s.
1783 372 2054 429 CYRILIJ
2093 373 2559 430 ALEXANDBINI
2599 377 2897 435 ARCHIEP
3757 404 3826 462 ιιι

692 515 872 559 ortum
897 501 1049 565 dare,
1083 496 1383 553 secundum
1404 504 1753 549 'naturainac
1781 496 2000 564 proprie
2033 496 2132 549 soli
2154 496 2265 550 Deo

2245 512 2265 550 )
2296 502 2340 558 Α
2368 496 2469 597 τὸν
2489 496 2892 597 αὐτὸνᾉ,ᾲοῖμαι,
2924 503 3156 597 τρόπον,
3194 506 3373 559 καὶτὸ
3397 508 3593 566 πάντων
3626 514 3738 587 ἔχειν
3759 528 3824 597 τὴν

694 592 1045 650 tribuendum
1068 598 1182 643 est:
1214 589 1313 651 sic,
1339 596 1399 640 ut
1425 586 1641 655 opinor,
1665 586 1910 640 omnium
1932 602 2149 657 quoque
2179 603 2265 641 re-

2247 618 2265 627 -
2367 590 2585 658 γνῶσιν.
2622 594 2781 649 Ἴδιον
2814 596 2870 648 δὲ
2898 596 3114 666 φύσεως
3157 599 3258 669 τῆς
3290 600 3477 673 αὑτοῦ,
3502 604 3556 657 τὺ
3579 586 3735 666 εἰδέναι
3761 586 3826 673 σέ.

694 702 813 740 rum
857 682 1219 752 cognitionem
1267 679 1472 733 habere
1504 696 1528 730 -:
1555 687 1639 732 est
1685 687 1869 732 autem
1905 680 2025 749 ejus
2057 687 2267 734 natura:

2249 696 2267 734 θ
2367 682 2483 751 φῶς
2524 683 2605 776 τὰ
2659 687 2931 757 ἐσόμενα,
2997 690 3092 744 καὶ
3151 691 3561 764 συνειλεγμένην
3613 699 3760 776 ὥσπερ
3791 713 3828 763 ἐν

692 778 974 847 proprium
1004 788 1091 828 res
1113 772 1324 826 futuras
1346 770 1633 825 manifeste
1659 771 1823 836 scire,
1852 779 1908 825 et
1928 787 2112 826 rerum
2136 771 2263 825 uni-

2246 801 2263 811 -
2366 774 2544 845 ἑαυτῷ
2570 778 2668 848 τὴν
2692 778 2800 833 τῶν
2824 780 2962 835 ὅλων
2990 783 3193 853 εἴδησιν
3223 784 3385 856 ἔχειν.
3424 787 3494 839 Ἦ
3518 789 3621 859 οὐχὶ
3787 818 3825 855 τι

690 881 973 924 versarum
1018 864 1405 934 cognitionem,
1432 863 1491 917 in
1531 878 1589 918 se
1630 864 1751 932 ipso
1776 862 1947 917 veluti
1970 862 2262 917 collectam

1665 877 1751 932 pso
1776 862 1947 917 veluti
1970 862 2262 917 collectam
2364 869 2458 921 καὶ
2478 869 2715 940 ἀτρεκὴς
2740 872 2769 924 ὁ
2789 871 2881 926 ἐπὶ
2904 872 3038 942 τῷδε
3061 873 3244 943 λόγοςς

688 973 892 1016 tenere.
923 958 1005 1013 An
1046 957 1147 1011 tibi
1176 971 1369 1026 parum
1410 955 1686 1024 sapienter
1715 969 1777 1008 ac
1810 970 1938 1010 vere
1966 954 2152 1011 dicere
2183 956 2264 1010 vi-

891 1050 916 1085 9

686 1052 916 1106 demur?

756 1135 949 1191 PALL.
983 1134 1097 1189 lmo
1126 1149 1260 1189 vero
1285 1133 1540 1187 maxime.

1514 1151 1540 1185 ξ,
2430 1128 2642 1183 ΠΑΛΛ.
2687 1130 2836 1185 Πάνυ
2864 1128 2960 1202 μὲν
2980 1124 3093 1187 οὖν.

750 1227 908 1282 CYR.
944 1227 1003 1281 ln
1031 1227 1211 1297 ipsum
1240 1226 1406 1296 igitur
1430 1225 1800 1294 peccabimus,
1825 1234 1882 1278 et
1904 1225 1972 1278 ad
1998 1224 2143 1280 illius
2169 1242 2260 1281 su-

2249 1258 2260 1267 .
2431 1220 2593 1273 ΚΥΡ.
2629 1221 2724 1285 Είς
2753 1222 2916 1276 αὑτὸν
2948 1218 3041 1277 οὖν
3070 1223 3178 1294 ἄρα
3207 1224 3667 1300 πλημμελήσομεν,
3683 1237 3753 1290 καὶ
3776 1242 3828 1305 εις

681 1333 884 1387 premas
912 1318 1099 1387 gloriae
1129 1316 1384 1389 injuriam
1415 1322 1664 1370 nostrum
1700 1316 1908 1371 crimen
1937 1316 2256 1385 pertinebit,

2247 1358 2256 1381 ,
2357 1310 2456 1379 τὴν
2498 1311 2759 1368 ἀνωτάτω
2789 1312 2946 1378 δόξαν
2993 1316 3028 1386 ἡ
3070 1314 3289 1387 γραφὴ,
3335 1319 3385 1370 εί
3437 1318 3659 1391 βεϐήλοις
3691 1344 3737 1380 τε
3766 1335 3826 1386 καὶ

674 1408 727 1463 si
760 1408 989 1463 nefariis
1035 1416 1090 1462 et
1138 1408 1372 1477 impuris
1420 1407 1706 1476 spiritibus
1742 1406 1920 1461 inesse
1970 1406 2253 1462 credemus

2247 1423 2260 1462 ι
2357 1401 2689 1472 ἀκαθάρτοις
2747 1403 3051 1475 πνεύμασιν
3099 1407 3299 1461 ἐνεῖναι
3341 1409 3676 1483 πιστεύσομεν
3708 1420 3759 1474 τὰ
3785 1422 3826 1477 δι’

671 1514 744 1555 ea
797 1500 998 1570 quibus
1027 1499 1118 1553 ille
1149 1498 1461 1563 decoratur,
1488 1506 1544 1553 et
1570 1498 1863 1553 admodum
1892 1498 2121 1569 insignis
2151 1509 2250 1554 est.

2247 1540 2253 1553 ,
2357 1483 2432 1545 ὧν
2467 1490 2629 1556 αὐτὸς
2672 1492 3128 1549 κατακαλλύνοιτό
3168 1514 3228 1550 τε
3277 1498 3372 1552 καὶ
3411 1497 3627 1572 ὑπάρχει
3653 1505 3743 1561 λίαν
3765 1512 3826 1565 ἐκ.

678 1590 969 1646 ,ἰσιῐγοιιὶηι
988 1590 1134 1645 adeo
1166 1590 1330 1645 stulte
1370 1590 1738 1645 sentientibus
1766 1589 1957 1644 licebit
1998 1589 2133 1644 illud
2160 1606 2255 1644 su-

2249 1621 2255 1631 .
2356 1585 2591 1653 πρεπής.
2653 1583 2795 1655 Ὦρα
2860 1582 2962 1657 ἤδη
3025 1587 3401 1659 διακειμένους
3466 1592 3558 1647 ὡδὶ
3615 1597 3828 1670 φληνάςως

678 1680 920 1749 spicari:
947 1680 1113 1733 vitam
1155 1694 1374 1748 quoque
1420 1679 1663 1733 tribuere
1692 1693 1875 1748 posse,
1917 1688 2082 1747 atque
2119 1679 2256 1734 adeo

2249 1699 2256 1730 ,
2355 1671 2598 1726 ὑπονοεῖν
2644 1674 2739 1727 καὶ
2781 1674 3064 1738 ζωοποιεῖν
3110 1675 3405 1742 δύνασθαι,
3452 1681 3543 1734 καὶ
3577 1681 3633 1755 δὴ
3669 1688 3739 1742 καὶ
3768 1692 3828 1762 δη.

674 1771 1017 1827 conditorem
1042 1786 1163 1826 esse
1184 1770 1459 1834 Satanam,
1491 1770 1536 1825 si
1564 1786 1683 1839 qua:
1719 1770 1964 1823 omnium
1986 1778 2253 1838 pmstan-

2249 1800 2253 1809 .
2287 1822 2326 1845 ἢ
2359 1763 2615 1835 μιουργόν
2644 1765 2909 1837 ὑπάρχειν
2938 1768 3031 1823 τὸν
3064 1770 3330 1836 Σατανᾶν,
3357 1771 3500 1825 είτά
3530 1775 3710 1831 πάντων
3733 1781 3828 1845 ἑξαε-

674 1863 883 1917 tissima
909 1872 1056 1926 sunt,
1080 1871 1135 1917 et
1166 1863 1385 1932 proprie
1410 1862 1506 1917 Dei
1532 1870 1740 1916 natura:
1764 1861 2107 1925 tribuuntur,
2141 1876 2251 1915 non

2248 1888 2251 1915 η
2285 1822 2327 1881 Β
2359 1822 2498 1922 pera.
2532 1822 2632 1907 καὶ
2682 1822 2865 1919 ίδικίῦς
2925 1857 3264 1928 ἀνακείμενα
3394 1822 3513 1915 ίτῶ

672 1951 847 2005 solum
878 1950 980 2020 ipsi
1015 1950 1399 2015 concedemus,
1430 1965 1618 2004 verum
1652 1951 1818 2005 etiam
1859 1958 2055 2004 natura
2090 1951 2251 2005 insita

2246 1974 2252 2004 ι
2362 1943 2698 2014 χαριούμεθά
2736 1963 2797 1999 τε
2848 1946 3028 2018 αὐτῷ,
3071 1950 3166 2002 καὶ
3215 1955 3645 2021 προσπεφυκέναι
3687 1964 3825 2030 φαμέν·

670 2056 790 2096 esse
828 2042 1076 2096 dicemus
1104 2060 1116 2094 :
1146 2043 1432 2111 proprium
1475 2051 1559 2096 est
1600 2058 1766 2111 porro
1793 2050 1960 2111 atque
1990 2042 2249 2096 eximium

2248 2072 2250 2096 ι
2352 2034 2480 2088 ίδιον
2517 2037 2574 2090 δὲ
2600 2038 2695 2091 καὶ
2727 2038 3003 2111 ἐξαίρετον
3034 2043 3236 2111 ἀγαθὸν
3256 2045 3356 2116 τῆς
3383 2047 3635 2103 ἀνωτάτω
3656 2053 3827 2121 φύσεως,

668 2148 896 2187 summa:
922 2133 1069 2186 illius
1088 2140 1297 2187 natura:
1326 2132 1529 2186 bonum
1552 2132 1797 2201 cognitio
1824 2147 2009 2187 rerum
2038 2132 2247 2187 futura-

2179 2150 2250 2187 »ει-
2347 2127 2457 2180 τῶν
2494 2128 2766 2199 ἐσομένων
2802 2131 2835 2202 ὴ
2866 2131 3086 2199 γνῶσις.
3123 2135 3193 2187 Ἢ
3216 2135 3318 2189 οὐκ
3355 2136 3552 2209 ἀληθὲς
3574 2140 3602 2192 ὅ
3626 2158 3758 2213 φημις

669 2238 810 2276 tum.
842 2221 927 2276 An
950 2237 1142 2277 verum
1165 2237 1275 2277 non
1301 2230 1386 2276 est
1406 2222 1553 2291 quod
1579 2222 1735 2277 dico?

737 2311 936 2367 PALL.
966 2311 1037 2367 Et
1068 2312 1292 2382 quidem
1322 2313 1555 2366 maxime
1582 2331 1595 2366 :
1621 2312 1700 2365 ait
1735 2312 1881 2367 enim
1922 2314 2251 2382 quibusdam

2248 2363 2251 2370 θ
2420 2300 2628 2356 ΠΑΛΛ.
2673 2302 2784 2355 Καὶ
2812 2303 2978 2373 μάλα.
3010 2305 3149 2374 Φησὶ
3190 2307 3300 2378 γάρ
3325 2307 3415 2363 διά
3452 2312 3624 2381 φωνῆς
3654 2314 3827 2378 Ἠσαίου.

668 2401 958 2471 peszaiaa
985 2417 1200 2468 vocem,
1224 2404 1321 2472 qui
1345 2419 1411 2457 ea
1451 2419 1571 2472 quae
1602 2403 1699 2458 Dei
1727 2411 1877 2469 sunt,
1922 2404 1990 2458 ad
2029 2413 2247 2460 creatu-

2346 2392 2485 2461 πρός
2528 2409 2680 2456 τινας
2732 2394 3086 2459 ἀνατιθέντας
3138 2399 3205 2468 τῇ
3260 2398 3437 2453 κτίσει
3487 2401 3554 2455 τά
3598 2404 3676 2457 τοῦ
3720 2408 3828 2463 Θεοῦ·

670 2488 1116 2545 ram'deferrent:
1153 2508 1171 2540 ι
1203 2490 1529 2545 Mementote
1556 2490 1774 2556 horum,
1796 2499 1852 2545 et
1874 2491 2245 2561 ingemiscite;

2354 2500 2371 2533 ι
2403 2482 2691 2553 Μνήσθητε
2717 2484 2913 2552 ταῦτα,
2962 2488 3056 2541 καὶ
3086 2489 3395 2556 στενάξατεο
3427 2498 3770 2567 μετανοήσατε,
3790 2504 3824 2553 οξ

655 2580 1046 2648 paenitentiam
1086 2580 1253 2651 agite,
1292 2581 1387 2649 qui
1415 2580 1641 2645 erratis;
1679 2589 1735 2635 et
1771 2579 1947 2635 redite
1980 2580 2166 2647 corde,
2194 2593 2234 2636 ει

2346 2573 2778 2644 πεπλανημένοι,
2799 2576 3162 2648 ἐπιστρέψατε
3181 2581 3249 2650 τῇ
3274 2580 3497 2653 καρδίᾳ.
3521 2583 3606 2636 καὶ
3630 2587 3829 2659 μνήσθητε

656 2679 999 2726 mementote
1032 2672 1281 2741 priorum
1319 2686 1350 2725 a
1390 2671 1609 2735 saeculo,
1637 2670 1765 2739 quia
1790 2685 1892 2740 ego
1931 2685 2051 2724 sum
2079 2672 2235 2738 Deus,

2347 2663 2590 2735 πρότερα
2627 2665 2737 2719 ἀπὸ
2781 2666 2875 2720 τοῦ
2911 2668 3138 2732 αἰῶνος,
3179 2670 3260 2723 ὅτι
3294 2671 3406 2739 ἐγώ
3457 2674 3571 2743 εἰμι
3610 2673 3739 2743 Θεὸς,
3767 2679 3829 2730 καί

656 2770 722 2817 et
749 2778 858 2817 non
892 2771 976 2819 est
998 2763 1144 2818 alius
1170 2772 1368 2832 praeter
1396 2777 1504 2827 me,
1529 2762 1864 2817 annuntians
1884 2762 2037 2832 prius
2061 2770 2235 2818 extre-

2344 2755 2445 2808 ούκ
2488 2754 2633 2809 ἐστιν
2672 2754 2752 2808 ἔτι
2796 2756 2933 2828 πλὴν
2973 2758 3108 2828 ἐμοῦ
3149 2759 3503 2828 ἀναγγέλλων
3546 2764 3761 2835 πρότερον
3788 2767 3831 2817 τὰ

659 2869 774 2919 vina,
801 2861 1096 2924 antequam
1133 2853 1263 2907 fiant
1288 2861 1343 2907 et
1365 2852 1527 2906 simul
1552 2852 1820 2921 completa
1848 2851 1981 2915 sint,
2008 2859 2064 2906 et
2086 2850 2198 2906 dixi
2229 2869 2238 2905 :

2342 2845 2568 2918 ἔσχατα,
2607 2847 2737 2919 πρὶν
2764 2849 2903 2903 αὑτά
2933 2849 3218 2918 γενέσθαι,
3248 2853 3343 2906 καὶ
3371 2852 3493 2922 ἅμα
3533 2857 3827 2925 συνετελέσθη,

662 2943 837 2999 Omne
882 2944 1173 2998 consilium
1210 2957 1394 2996 meum
1434 2941 1629 3005 stabit;
1673 2948 1731 2995 et
1782 2940 1964 2995 omnia
1993 2956 2114 3009 qua:
2145 2939 2241 2994 dc-

2344 2939 2438 2992 καὶ
2478 2938 2628 2993 εἶπαο
2670 2941 2828 2996 Πᾶσά
2875 2959 2976 3013 μου
3018 2944 3051 3013 ἡ
3099 2942 3263 3016 βουλὴ
3291 2946 3570 3016 στήσεται,
3602 2949 3683 3003 καὶ
3708 2951 3830 3003 πάντα

654 3033 813 3088 »σι-ενί
848 3033 1045 3089 faciam
1078 3033 1146 3087 ⁸⁸.
1179 3052 1197 3084 ι
1231 3033 1298 3088 Ut
1337 3032 1483 3086 enim
1510 3030 1828 3086 ostenderet
1863 3046 1972 3084 non
2009 3045 2129 3086 esse
2161 3032 2233 3085 al-

2343 3028 2443 3084 ὅσα
2492 3030 2881 3103 βεϐούλευμαι.
2930 3035 3159 3105 ποιήσω.
3200 3057 3221 3088 ι
3270 3037 3523 3108 Μήνυσιν
3564 3038 3657 3110 γὰρ
3697 3040 3830 3111 ὥσπερ

654 3134 843 3179 terum
884 3131 1084 3195 prater
1107 3139 1167 3179 se
1191 3131 1384 3177 natura
1422 3138 1485 3176 ac
1509 3136 1639 3176 vere
1673 3122 1867 3186 Deum,
1894 3120 2233 3176 auditoribus

2268 3159 2310 3216 Ο
2344 3121 2437 3216 τοῦ
2459 3122 2547 3216 μὴ
2591 3123 2778 3216 ἓτερον
2826 3121 2964 3216 εἷναί
3010 3142 3134 3179 τινα
3164 3125 3295 3198 παρ’
3324 3126 3492 3181 αὐτὸν
3528 3128 3670 3197 φύσει
3691 3146 3738 3183 τε
3769 3132 3834 3184 tu".

658 3216 794 3271 illud
834 3224 1093 3286 tanquam
1131 3215 1397 3269 indicium
1440 3213 1645 3277 attulit,
1689 3227 1886 3283 nempe
1912 3212 2237 3267 annuntiare

2278 3211 2309 3216 ’⁷
2344 3211 2561 3282 ἀληθῶς
2591 3213 2724 3266 Θεὸν
2749 3216 2861 3276 τοῖς
2888 3215 3258 3285 ἀκροωμένοις
3286 3215 3455 3270 ἐτίθει
3476 3217 3535 3270 τδ
3558 3218 3832 3287 ἀνατγέλλειν

652 3327 716 3365 se
738 3325 900 3381 posse
922 3318 1187 3374 extrema,
1219 3310 1537 3379 priusquam
1565 3306 1777 3360 fierent.
1894 3309 1903 3323 ’
2202 3326 2207 3331 -

2202 3326 2207 3331 -
2342 3300 2603 3356 δύνασθαι
2631 3302 2700 3355 τὰ
2731 3302 2931 3374 ἔσχατα
2967 3303 3099 3374 πρὶν
3131 3305 3269 3358 αύτά
3288 3306 3561 3375 γενέσθαι.

724 3401 881 3456 CYR.
908 3401 1176 3456 Praeclare
1213 3401 1313 3464 ais,
1345 3398 1572 3453 Palladi.
1606 3396 1713 3451 Sed
1744 3396 1930 3460 velim,
1968 3404 2027 3451 ut
2056 3395 2236 3451 adhuc

2410 3394 2577 3448 ΚΥΡ.
2617 3389 2691 3448 Εὖ
2730 3411 2831 3463 γε,
2869 3387 2914 3449 ὧ
2955 3394 3241 3450 Παλλάδιε.
3287 3397 3589 3471 Βουλοίμην
3621 3399 3661 3451 δ’
3700 3400 3750 3453 ἂν
3780 3400 3832 3452 Ls

654 3494 946 3565 vitigenter
975 3493 1262 3547 veritatem
1286 3490 1660 3560 dispiciamus,
1699 3496 1862 3558 atque
1894 3488 2027 3542 illud
2050 3487 2233 3542 consi-

2340 3483 2774 3555 περιαθροῦντας
2804 3480 2862 3539 εὖ
2904 3485 3051 3556 μάλα
3075 3487 3135 3541 τὸ
3167 3487 3382 3557 ἀληθὲς,
3416 3489 3515 3543 καὶ
3543 3491 3649 3545 τόδε
3676 3492 3833 3545 διασχο-

654 3586 933 3649 deremus,
950 3599 1058 3654 qua
1076 3582 1373 3647 ratione,si
1392 3580 1616 3635 omnino
1648 3580 1792 3634 inter
1828 3595 1925 3635 eos
1948 3595 2233 3635 censemur

2340 3576 2481 3628 πεῖν⁸
2505 3573 2627 3629 τίνα
2672 3576 2872 3647 τρόπον
2900 3576 2979 3630 ἔτι
2999 3616 3015 3642 ,
3054 3578 3103 3630 εί
3151 3579 3396 3649 τελοῖμεν
3438 3581 3573 3645 ὅλως
3602 3581 3652 3635 ἓν
3680 3599 3732 3649 γε
3756 3585 3834 3644 τοῖς

653 3676 748 3745 ~1ui
781 3683 928 3730 recte
968 3683 1026 3728 et
1054 3672 1370 3743 evangelice
1401 3672 1587 3726 vivere
1617 3670 1828 3734 volunt,
1854 3669 2111 3724 falsarum
2144 3667 2231 3723 di—

2338 3667 2578 3721 ὲθέλουσι
2616 3667 2767 3738 βιοῦν
2802 3667 2975 3739 ὀρθῶς
2998 3686 3058 3723 τε
3082 3670 3176 3723 καὶ
3204 3671 3574 3740 εὐαγγελικῶς
3592 3714 3606 3737 ,
3634 3675 3732 3737 ταῖς
3761 3672 3833 3724 τῶν

651 3765 994 3821 vinationum
1017 3762 1420 3818 assentationes
1451 3776 1772 3831 sequamur;
1810 3766 1865 3812 et
1893 3774 2017 3813 cum
2048 3759 2121 3813 ita
2153 3758 2228 3813 si-

2335 3758 2771 3830 ψευδομαντειῶν
2800 3759 3059 3823 θωπείαις
3105 3759 3344 3833 ἑψόμεθα
3382 3763 3480 3816 καὶ
3516 3763 3576 3833 δὴ
3615 3764 3695 3817 καὶ
3716 3780 3835 3833 προσ-

640 3870 776 3915 Jnus
811 3853 1040 3918 intenti,
1093 3860 1351 3922 tanquam
1407 3851 1477 3906 ab
1542 3850 1650 3903 illis
1702 3845 1909 3918 aliquid
1960 3863 2088 3902 vere
2141 3848 2219 3901 di-

2335 3852 2650 3920 εσχηκότες,
2682 3851 2758 3915 ὼς
2801 3851 2887 3921 είη
2928 3869 3014 3917 τις
3055 3852 3215 3921 λόγος
3237 3854 3266 3907 ό
3297 3856 3427 3924 παρ’
3456 3855 3629 3909 αὐτῶν
3664 3854 3832 3925 ἀληθὴς.

648 3955 840 4009 catur,
892 3943 1168 4015 quomodo
1218 3957 1327 3997 non
1368 3941 1669 3997 Salvatoris
1715 3940 1887 3994 nostri
1928 3953 2117 3993 vocem
2158 3938 2227 3994 de

2332 3940 2454 4011 οὐχ).
2484 3944 2584 4011 τῆς
2627 3941 2721 3995 τοῦ
2772 3942 3024 4014 Σωτῆρος
3070 3943 3434 4016 καθοριοῦμεν
3465 3947 3641 4017 φωνῆς
3671 3945 3723 3999 τὸ
3757 3946 3837 3997 δια-

648 4035 936 4099 mendacio
970 4034 1418 4090 condemnemus.
1450 4031 1599 4086 Dixit
1624 4029 1771 4085 enim
1802 4028 2046 4100 profecto
2068 4044 2224 4083 arro-

2330 4031 2619 4102 ψεύδεσθαι
2648 4033 2777 4087 δεῖν.
2815 4033 2961 4105 Ἔφη
2998 4035 3107 4106 γάρ
3136 4052 3239 4089 που
3270 4036 3363 4089 καλ⁸
3395 4037 3536 4108 πρὸς
3557 4038 3670 4100 τοὺς
3698 4034 3837 4097 ἀλαζό-

644 4127 903 4197 gantibus
924 4124 1285 4195 superbisque
1316 4121 1522 4177 Iudaeis
1548 4138 1561 4173 :
1592 4139 1609 4171 ι
1640 4117 1749 4173 Vos
1773 4134 1841 4173 ex
1866 4126 2019 4189 patre
2041 4125 2223 4174 vestro

2331 4139 2429 4186 νας
2454 4122 2549 4176 καὶ
2575 4123 2838 4195 ὑϐριστάς
2872 4123 3178 4190 Ἰουδαίους
3207 4146 3226 4178 ι
3269 4126 3459 4198 Ὑμεῖς
3486 4129 3551 4182 ἐκ
3578 4127 3666 4181 τοῦ
3685 4126 3837 4196 πατρὸς

642 4215 863 4270 diabolo
882 4214 1035 4277 estis,
1062 4221 1118 4268 et
1138 4210 1412 4266 desideria
1432 4210 1606 4279 patris
1624 4209 1792 4263 vestri
1819 4208 1986 4263 vultis
2010 4207 2219 4275 facere;

2330 4213 2484 4284 ὑμῶν
2530 4215 2624 4268 τοῦ
2666 4214 2914 4268 διαϐόλου
2965 4217 3090 4269 ὲστὲ
3118 4257 3133 4281 ,
3184 4217 3281 4272 καὶ
3330 4218 3431 4282 τὰς
3471 4219 3739 4289 ἐπιθυμίας
3772 4215 3835 4269 τοῦ

630 4306 734 4367 ille
759 4302 1032 4359 homicida
1056 4301 1161 4357 fuit
1181 4300 1251 4356 ab
1274 4300 1452 4365 initio,
1484 4308 1541 4354 et
1568 4300 1623 4353 in
1654 4298 1883 4353 veritate
1905 4313 2016 4352 non
2040 4299 2209 4365 stetit;

2330 4302 2535 4373 πατρὸς
2561 4303 2715 4374 ὑμῶν
2758 4304 2942 4358 θέλετε
2986 4308 3179 4360 ποιεῖν·
3212 4309 3421 4372 ἐκεῖνος
3458 4308 3839 4379 ἀνθρωποκτόνος

622 4396 805 4467 185
847 4396 975 4466 quia
1013 4410 1123 4448 non
1158 4401 1243 4448 est
1282 4391 1487 4447 veritas
1526 4391 1583 4445 in
1624 4389 1743 4460 ipso
1770 4409 1783 4444 :
1809 4405 1934 4445 cum
1972 4390 2201 4461 loquitui

2325 4386 2395 4463 ἦν
2423 4391 2521 4445 ἀπ’
2567 4392 2762 4465 ἀρχῆς,
2796 4394 2891 4447 καὶ
2921 4396 2980 4448 ὲν
3020 4398 3087 4466 τῇ
3133 4396 3363 4469 ἀληθεία
3395 4399 3493 4468 οὐχ
3535 4399 3756 4467 ἔστηκεν,
3780 4397 3836 4449 ὅτι

640 4486 1007 4549 mendacium,
1032 4501 1099 4541 ex
1138 4484 1376 4554 propriis
1418 4482 1691 4553 loquitur;
1728 4481 1853 4551 quia
1880 4480 2111 4536 mendax
2135 4490 2219 4537 est

2260 4501 2298 4557 ι)
2327 4482 2425 4534 οὐκ
2468 4480 2615 4536 ἔστιν
2662 4482 2889 4554 ἀλήθεια
2935 4484 2994 4538 ὲν
3026 4485 3192 4556 αὐτῷ·
3223 4487 3350 4541 ὅταν
3396 4488 3557 4542 λαλεῖ
3586 4488 3643 4542 τδ
3675 4487 3839 4557 ψεῦδος.

624 4578 779 4646 ipse,
804 4584 861 4630 et
896 4583 1050 4645 pater
1080 4577 1200 4645 ejus
1231 4575 1295 4628 ⁸⁸.
1331 4594 1349 4625 ι
1382 4573 1668 4640 Quomodo
1702 4573 1892 4644 igitur,
1928 4574 2020 4642 qui
2062 4589 2203 4628 men-

2326 4571 2393 4625 ὲκ
2423 4570 2531 4625 τῶν
2560 4571 2703 4626 ίδίων
2730 4571 2913 4638 λαλεῖ,
2943 4575 3023 4628 ὅτι
3064 4574 3305 4647 ψευστής
3340 4578 3489 4633 ἐστιν
3531 4577 3701 4641 αὐτὸς,
3731 4575 3840 4630 καὶὸ

640 4666 746 4720 dax
764 4674 869 4729 est,
894 4681 1062 4719 verax
1082 4665 1189 4718 erit
1210 4665 1490 4733 unquam?
1513 4671 1607 4717 aut
1639 4663 1913 4733 quomodo
1935 4679 2044 4717 non
2068 4663 2219 4717 omni

2325 4658 2508 4732 πατὴρ
2530 4658 2718 4717 αὐτοῦ.
2759 4680 2779 4714 ι
2806 4663 2941 4717 Τίνα
2971 4663 3035 4734 δὴ
3063 4659 3159 4717 οὖν
3186 4664 3339 4718 ἔσται
3362 4667 3567 4737 τρόπον
3595 4664 3842 4737 νημερτὴς.

637 4771 707 4811 ex.
722 4763 876 4826 parte
893 4753 1146 4817 mendax,
1166 4754 1260 4822 qui
1280 4752 1333 4805 in
1348 4753 1576 4807 veritate
1592 4768 1701 4807 non
1720 4753 1902 4807 stetit?
1916 4752 2106 4807 Nonne
2120 4752 2216 4823 igi-

2322 4750 2597 4821 ψευστής;
2629 4752 2745 4814 πῶς
2780 4752 2836 4806 δὲ
2868 4753 2989 4824 οὐχὶ
3026 4755 3203 4825 πάντη
3255 4772 3311 4809 τε
3342 4757 3438 4811 καὶ
3462 4758 3673 4819 πάντως
3700 4757 3840 4823 ἀμαρ-

618 4857 729 4901 ηιιιτ
760 4847 895 4918 jam,
938 4844 1165 4907 Palladi,
1194 4843 1370 4897 cuivis
1410 4843 1759 4897 manifestum
1780 4844 1906 4908 erit,
1940 4845 1983 4899 si
2011 4843 2197 4899 dtemo-

2322 4842 2545 4914 τοεπὴς,
2594 4844 2622 4895 ὁ
2666 4844 2741 4913 μὴ
2790 4844 3037 4915 έστηκὼς
3083 4846 3143 4900 ὲν
3189 4850 3257 4917 τῇ
3306 4847 3570 4920 ἀληθείας
3620 4843 3734 4916 ’Ἆρ’
3774 4840 3842 4897 οὖν

633 4939 854 4994 niorum
900 4937 1132 4993 vocibus
1176 4936 1463 4990 veritatem
1519 4934 1845 5001 tribuemus,
1898 4936 2013 4993 fore
2057 4948 2117 4993 ut
2145 4939 2212 4995 de

2323 4934 2578 5004 ἐναργὲς,
2626 4928 2671 4987 ὦ
2710 4934 3007 5001 Παλλάδιε,
3052 4937 3215 4992 παντί
3266 4956 3369 4991 που
3402 4938 3617 5003 λοιπὸν,
3656 4939 3728 4991 ὅτι
3754 4938 3843 4995 ταῖς

634 5027 920 5083 mendacio
943 5026 1225 5082 Christum
1248 5026 1699 5091 condemnemus,
1731 5032 1788 5079 et
1814 5027 2033 5082 mentiri
2062 5029 2211 5083 veri-

2319 5022 2428 5077 τῶν
2490 5023 2781 5095 δαιμονίων
2842 5029 3049 5094 φωναῖς
3115 5028 3177 5080 τὸ
3233 5029 3432 5101 ἀληθὲς
3498 5028 3841 5099 ἀπονέμοντες,

631 5128 799 5175 tatem
834 5117 1123 5174 dicamus?

2320 5114 2820 5197 καταψηφιούμεθα
2853 5115 2947 5168 τοῦ
2980 5118 3219 5188 Χριστοῦ
3248 5120 3347 5189 τὴν
3373 5119 3753 5191 ψευδομυθίαν,
3774 5115 3844 5169 καὶ

2318 5203 2635 5272 ψευδοεπεῖν
2665 5204 2898 5275 ἐροῦμεν
2925 5203 3023 5275 τὴν
3048 5204 3309 5276 ἀλήθειαν
3332 5224 3347 5273 ;

699 5290 896 5351 PALL.
930 5290 1085 5345 Haud
1110 5291 1270 5362 longe
1291 5289 1588 5344 aberimus.

1463 5304 1588 5343 nus.
2388 5294 2595 5347 HAAA.
2627 5292 3042 5365 Κινδυνεύομεν.

700 5381 857 5437 CYR.
882 5380 1192 5448 Quinetiam
1226 5384 1372 5450 (nam
1406 5380 1543 5434 illud
1569 5393 1785 5448 quoque
1826 5380 1893 5435 iis
1915 5396 2037 5450 quas
2064 5381 2209 5437 dicta

2390 5384 2555 5437 ΚΥΡ.
2584 5382 2794 5447 ’Ἄλλως
2834 5401 2893 5436 τε
2918 5423 2932 5447 ,
2967 5382 3259 5457 προσθείην
3292 5386 3401 5457 γὰρ
3427 5387 3541 5448 τοῖς
3574 5382 3845 5454 εἰρημένοις

632 5480 761 5527 sunt
820 5470 1131 5543 adjiciam),
1168 5487 1200 5526 a
1237 5470 1457 5528 Christo
1502 5469 1817 5535 didicimus,
1867 5471 2209 5542 impurorum

2316 5476 2412 5530 καὶ
2457 5476 2609 5530 τόδε·
2658 5474 3017 5546 δεδιδάγμεθα
3068 5475 3220 5546 παρά
3268 5476 3543 5549 Χριστοῦ,
3596 5476 3715 5537 τοὺς
3761 5471 3848 5525 τῶν

633 5561 925 5630 spirituum
947 5561 1117 5617 verba
1142 5577 1254 5617 non
1282 5562 1594 5627 admittere,
1618 5576 1687 5616 ne
1719 5561 1763 5615 si
1788 5563 1957 5619 velint
1986 5565 2207 5637 quidem

2314 5566 2642 5639 ἀκαθάρτων
2671 5567 2998 5638 πνευμάτων
3030 5566 3104 5638 μὴ
3157 5567 3471 5638 προσίεσθαι
3518 5567 3737 5634 λόγους,
3763 5559 3848 5614 κᾶν

710 5731 755 5763 ⁸⁸
798 5732 905 5791 lea.
944 5746 1085 5805 τινι,
1132 5730 1283 5785 8-l0.
1366 5732 1413 5763 ⁸⁸
1441 5731 1597 5786 Joan.
1646 5746 1758 5797 vm,
1786 5732 1856 5787 44
