4072 6522
637 328 735 385 451
1648 323 1703 378 S.
1750 321 2026 378 CYRILL!
2067 320 2535 381 ALEXANDRI‘NI
2574 323 2889 386 ARCHIEP.
3731 338 3815 402 8Ξί

633 445 898 498 ditionem
947 442 1137 497 abibit.
1176 440 1361 508 Neque
1399 437 1545 491 enim
1575 437 1856 506 Scriptura
1903 437 1972 490 iis
2005 436 2100 505 qui
2152 451 2218 488 ex

2208 451 2218 488 ἱ
2248 445 2291 502 Α
2322 438 2477 508 λόγος
2506 441 2567 494 ού
2592 445 2705 506 τοῖς
2734 444 2800 496 ὲκ
2831 442 2986 508 Θεοῦ,
3017 444 3094 515 μὴ
3126 444 3350 513 γένοιτο,
3381 453 3730 521 πραττομένοις
3762 463 3816 514 τὰ

636 539 748 592 Deo
767 537 946 591 futura
982 535 1312 606 praedicunt,
1344 547 1531 602 poenas
1553 530 1860 594 constituit,
1902 528 2047 583 absit
2075 545 2087 580 :
2116 543 2214 582 ex-

2209 557 2214 567 »
2323 530 2398 593 ὡς
2419 530 2584 585 Θεοῦ·
2614 534 2698 586 ὅτι
2744 536 2878 604 μηδὲ
2910 535 3138 605 ψεύδους
3176 536 3454 608 ἐλευθέραν
3475 541 3718 598 ἐποιοῦντο
3739 551 3817 619 τὴν

637 630 870 701 cipiatur
897 627 1042 681 enim
1071 641 1099 679 a
1127 639 1286 694 paena
1326 623 1416 676 ille
1454 629 1768 676 sanctorum
1816 619 2212 690 prophetarum

2207 639 2212 671 ι
2323 627 2744 693 προαγόρευσιν.
2788 626 3010 697 Ἐπειδὴ
3039 628 3096 680 δὲ
3141 629 3241 681 οὐκ
3279 627 3336 694 ἐξ
3373 629 3608 700 ἀληθείας
3629 634 3815 703 ἑλόντες,

635 721 772 778 ordo
799 738 811 773 :
841 720 935 774 sed
959 719 1024 772 iis
1049 718 1142 787 qui
1167 717 1279 779 illa,
1302 723 1562 785 tanquam
1588 728 1652 767 ex
1671 714 1780 767 Deo
1802 713 1933 776 sint,
1965 710 2210 781 lingunt;

2209 756 2210 764 η
2321 711 2571 767 λαλοῦσιν
2616 715 2653 768 ἃ
2686 717 2753 769 ἂν
2790 716 3096 786 βούλοιντο,
3125 720 3218 773 καὶ
3243 719 3304 772 τὸ
3329 720 3464 774 κατά
3493 724 3616 790 σφᾶς
3641 725 3817 795 αὐτοὺς,

632 811 778 885 quod
821 807 1150 881 praedicendi
1203 821 1407 860 munus
1459 821 1529 859 ne
1573 803 1861 858 mendacio
1889 801 2111 871 quidem
2147 800 2212 852 li-

1464 821 1529 859 ne
1573 803 1861 858 mendacio
1889 801 2111 871 quidem
2147 800 2212 852 li—
2326 801 2586 874 ταύτῃτοι
2617 804 3072 877 διημαρτήκασιν.

631 905 823 958 berum
864 900 1084 956 faciant.
1136 899 1344 968 Itaque,
1390 896 1539 966 quia,
1587 911 1714 950 cum
1751 911 1781 948 a
1810 895 2044 949 veritate
2093 905 2204 944 non
2244 893 2581 961 acceperint,
2614 897 2916 966 loquuntur
2967 913 3090 968 quae
3144 898 3335 952 volunt
3369 915 3434 954 ex
3469 919 3524 958 se
3560 904 3692 975 ipsis,
3725 908 3823 964 ideo

701 1003 877 1050 ccant.

763 1011 877 1048 ant.

630 1011 895 1143 pePCALL.
947 1085 1090 1141 Num
1127 1085 1294 1155 igitur
1342 1084 1397 1136 in
1444 1082 1549 1137 hoc
1602 1082 1991 1152 dignoscemus
2026 1084 2214 1130 utrum

2391 1072 2602 1126 IIAAA.
2639 1067 2764 1144 Ἆρ’
2797 1070 2912 1136 οὖν,
2944 1075 3002 1128 ὲν
3050 1074 3185 1145 τῷδε
3229 1076 3611 1144 διαγνωσόμεθα
3659 1083 3822 1154 πότερα

630 1181 775 1235 Deus
808 1180 900 1245 sit,
929 1178 1024 1248 qui
1061 1191 1322 1246 responsa
1357 1173 1594 1238 dederit,
1645 1189 1714 1227 an
1765 1172 1844 1226 illi
1883 1186 1951 1224 ex
1994 1182 2052 1222 se
2082 1165 2218 1236 ipsis

2215 1201 2218 1212 .
2317 1163 2450 1226 Θεὸς
2478 1167 2506 1217 6
2529 1166 2931 1237 χρησμωδοτῶν
2958 1169 3128 1233 ἐστιν,
3157 1169 3324 1239 ήγουν
3347 1169 3530 1223 ἐκεῖνοι
3556 1172 3743 1227 λαλοῦσι
3770 1177 3823 1229 τὰ

629 1275 925 1342 loquantur
944 1271 969 1324 ?

2317 1256 2468 1327 σφῶν
2501 1258 2712 1322 αύτῶνξ
3484 1311 3487 1316 .

699 1362 860 1418 CYR.
885 1362 954 1416 Et
979 1359 1201 1430 quidem
1228 1357 1474 1413 maxime
1505 1375 1520 1409 :
1552 1370 1681 1410 nam
1708 1353 1762 1408 id
1802 1367 2021 1422 quoque
2052 1351 2216 1406 nobis

2388 1351 2554 1404 ΚΥΡ.
2592 1353 2704 1405 Kal.
2732 1354 2877 1423 μάλα
2901 1373 2914 1385 ·
2948 1356 3091 1424 θεῖος
3124 1357 3233 1429 γάρ
3257 1358 3355 1411 καὶ
3379 1359 3518 1428 ἡμᾶς
3552 1359 3671 1428 πρὸς
3703 1359 3827 1414 τοῦτο

629 1453 815 1507 divina
842 1452 928 1505 lex
951 1451 1060 1522 jam
1097 1447 1474 1520 persuadebit.
1511 1446 1602 1500 Sic
1625 1445 1771 1500 enim
1807 1443 1947 1498 dixit
1980 1445 2125 1500 Deus
2155 1443 2211 1497 in

2320 1442 2482 1506 εὐθὺς
2527 1445 2811 1499 ἀναπείσει
2873 1449 3056 1519 νόμος.
3113 1451 3260 1521 Ἔφη
3312 1451 3417 1521 γάρ
3457 1449 3589 1502 οὕτω
3632 1451 3742 1514 Θεὸς
3781 1455 3827 1505 ὲν

630 1542 1052 1600 Deuteronomio
1077 1558 1091 1596 :
1121 1561 1138 1593 ι
1165 1540 1319 1607 Quod
1345 1541 1388 1595 si
1405 1539 1606 1594 dixerit
1627 1538 1899 1608 quispiam
1924 1537 1978 1590 in
2001 1536 2165 1592 corde
2196 1555 2210 1590 :

2324 1535 2757 1608 Δευτερονομίῳ·
2807 1559 2825 1591 ι
2872 1540 2998 1594 Ἐὰν
3041 1541 3099 1595 δὲ
3138 1541 3272 1614 λέγῃ
3294 1559 3378 1605 τις
3418 1544 3473 1595 ὲν
3511 1541 3702 1612 καρδίξν
3729 1543 3826 1606 Πῶς

628 1635 915 1702 Quomodo
936 1649 1330 1705 cognoscemus
1372 1632 1601 1686 verbum
1631 1630 1779 1700 quod
1814 1630 2084 1683 Dominus
2103 1643 2214 1683 non

2320 1626 2645 1696 γνωσόμεθα
2693 1629 2770 1682 τὺ’
2803 1631 2985 1702 ῥῆμα,
3031 1634 3061 1686 ὃ
3109 1634 3209 1687 οὐκ
3239 1633 3466 1703 ὲλάλησε
3511 1633 3718 1704 Κύριοςς
3749 1635 3825 1687 ὅσα

629 1735 714 1782 est
749 1726 998 1781 locutus?
1022 1739 1360 1796 quaecunque
1385 1723 1604 1779 locutus
1633 1722 1799 1776 fuerit
1827 1721 1917 1774 ille
1943 1719 2211 1790 propheta

2246 1792 2278 1796 ᾗ
2323 1716 2417 1769 ἐὰν
2460 1716 2668 1791 λαλήσῃ
2713 1723 2742 1773 6
2795 1725 3084 1796 προφήτης
3130 1727 3337 1788 ἐκεῖνος
3398 1727 3490 1779 ἐπὶ
3535 1725 3608 1796 τῷ
3649 1726 3828 1794 ὀνόματι

630 1819 684 1873 in
720 1819 941 1873 nomine
959 1817 1195 1881 Domini,
1224 1817 1276 1871 id
1302 1824 1486 1871 autem
1511 1830 1617 1870 nec
1647 1814 1850 1869 factum
1888 1811 2077 1875 fuerit,
2111 1826 2213 1865 ne-

2245 1792 2288 1847 Β
2318 1807 2552 1879 Κυρίου,
2604 1812 2700 1864 καὶ¹
2749 1792 3090 1887 μὴ-γένηται
3131 1817 3193 1870 τὸ
3249 1817 3403 1888 ῥῆμα
3443 1818 3471 1870 ὅ
3514 1792 3605 1871 οὐκ
3645 1792 3828 1886 ἐλάλησε

627 1921 734 1976 que
763 1907 1054 1977 contigerit
1092 1907 1197 1961 hoc
1227 1905 1484 1970 verbum,
1519 1903 1666 1975 quod
1714 1919 1823 1957 non
1870 1909 1956 1957 est
1996 1901 2216 1956 locutus

2317 1904 2541 1975 Κύριος,
2561 1908 2618 1959 ὲν
2643 1905 2868 1977 ἀσεϐείᾳ
2896 1906 3157 1978 ἐλάλησεν
3181 1908 3209 1961 6
3247 1909 3549 1978 προφήτης,
3569 1908 3660 1961 οὑκ
3681 1908 3830 1983 ἀφέξε-

629 1997 925 2062 Dominus,
978 1998 1034 2051 in
1073 1999 1354 2068 impietate
1393 1998 1613 2052 locutus
1645 2005 1730 2050 est
1769 1995 1858 2048 ille
1899 1993 2211 2063 propheta:

2319 1997 2412 2051 σθε
2442 1998 2538 2050 ἀπ’
2562 1998 2746 2052 αὐτοῦ.
2782 2017 2800 2048 ι
2822 1996 3067 2061 Ἀκούεις
3096 1999 3177 2050 ὅτι
3200 1997 3301 2062 τὰς
3329 2000 3386 2051 ὲν
3416 2001 3523 2061 τοῖς
3548 2015 3831 2069 προηγορευ-

625 2105 734 2144 non
797 2090 1148 2145 abstinebitis
1203 2091 1272 2145 ab
1316 2090 1412 2145 illo
1434 2089 1503 2141 ".
1535 2109 1552 2140 ι
1597 2086 1862 2156 lntelligis
1911 2100 1980 2139 ex
2027 2098 2214 2138 rerum

2320 2087 2500 2159 μένοις
2534 2089 2856 2156 ἀποτεύξεις
2909 2089 3184 2154 ἀπόδειξιν
3221 2090 3443 2144 ἔσεσθαί
3486 2107 3638 2160 φησιν
3669 2091 3832 2161 ἐναργῆ

625 2179 1012 2248 praedictarum
1049 2180 1404 2235 frustratione
1432 2179 1802 2234 certissimum
1831 2182 2214 2246 argumentum

2314 2179 2409 2233 τοῦ
2447 2179 2521 2250 μὴ
2567 2182 2631 2233 ὲκ
2675 2180 2812 2233 Θεοῦ
2857 2181 3418 2252 κεχρησμωδοτῆσθαί
3465 2199 3550 2245 τι;
3596 2181 3721 2249 φιλεῖ
3750 2180 3832 2249 γὰρ

624 2271 768 2326 sumi
795 2312 809 2336 ,
846 2272 995 2342 quod
1033 2287 1146 2326 non
1175 2287 1244 2326 ex
1277 2273 1390 2326 Deo
1423 2269 1708 2341 quidpiam
1738 2267 2064 2338 praedictum
2095 2265 2167 2319 sit
2197 2283 2211 2318 :

2316 2271 2578 2342 ἀλήθειαν
2637 2273 2670 2340 ἡ
2725 2272 2971 2342 ἀλήθεια.
3027 2271 3282 2325 Τοιοῦτόν
3343 2272 3400 2325 τί
3457 2289 3584 2343 φησι
3645 2270 3722 2324 διὰ
3759 2270 3833 2340 τῆς

624 2363 872 2418 veritatis
919 2363 1067 2418 enim
1094 2364 1269 2418 amica
1308 2371 1394 2417 est
1418 2363 1642 2415 veritas.
1688 2358 2012 2429 llujusmodi
2047 2356 2212 2426 quid—

2331 2363 2594 2434 Ίερεμίου
2628 2364 2832 2433 φωνῆς’
2875 2383 2892 2415 ι
2945 2362 3078 2427 Θεὸς
3119 2363 3357 2432 ὲγγίζων
3399 2364 3507 2432 ἐγώ
3551 2365 3685 2433 είμι,
3721 2363 3833 2429 λέγει

624 2455 750 2509 dam
781 2455 948 2510 etiam
978 2469 1076 2525 per
1102 2455 1355 2510 Ieremia:
1381 2467 1572 2508 vocem
1601 2452 1678 2506 ait
1705 2469 1718 2504 :
1751 2471 1768 2502 ι
1812 2451 1957 2504 Deus
1981 2449 2212 2519 propin-

2315 2453 2547 2525 Κύριος,
2577 2455 2671 2507 καὶ
2709 2456 2830 2525 οὐχὶ
2855 2455 2988 2518 Θεὸς
3017 2455 3325 2526 πόρρωθεν·
3359 2458 3408 2509 εί
3439 2456 3740 2526 κρυϐήσεται
3763 2453 3834 2506 ἀν-

624 2560 802 2615 quans
825 2561 926 2616 ego
946 2561 1090 2610 sum,
1115 2545 1250 2600 dicit
1266 2544 1549 2608 Dominus,
1575 2551 1630 2598 et
1648 2558 1758 2597 non
1775 2543 1918 2596 Deus
1935 2541 2002 2595 de
2017 2543 2210 2610 longe;

2316 2546 2533 2616 θρωπος
2574 2549 2631 2600 ὲν
2679 2548 2998 2617 κρυφαίοις,
3031 2551 3125 2601 καὶ
3156 2548 3268 2617 ὲγὼ
3313 2550 3415 2602 ούκ
3453 2548 3643 2617 ὂψομαι
3677 2546 3836 2606 adadv;

624 2637 669 2690 si
695 2636 1065 2692 abscondetur
1091 2638 1256 2691 homo
1293 2637 1349 2690 in
1380 2635 1637 2700 occultis,
1666 2643 1722 2690 et
1760 2649 1863 2703 ego
1884 2647 1992 2686 non
2012 2631 2212 2686 videbo

2314 2635 2407 2705 Μὴ
2431 2635 2552 2705 οὐχ).
2570 2635 2662 2688 τὸν
2690 2635 2920 2706 οὐρανὸν
2953 2637 3046 2689 καὶ
3090 2636 3189 2707 τὴν
3219 2637 3334 2706 γῆν.
3358 2636 3466 2706 ἐγὼ
3493 2635 3700 2706 πληρῶς
3723 2632 3838 2701 λέγει

623 2729 786 2784 eum?
816 2729 975 2800 187
990 2729 1183 2785 Nonne
1200 2731 1398 2786 caelum
1419 2736 1475 2783 et
1488 2737 1689 2782 terram
1707 2741 1808 2797 ego
1828 2721 2212 2794 impleo?dicit

2315 2727 2540 2799 Κύριος.
2583 2728 2842 2780 Ἤκουσα
2891 2727 2926 2781 ἃ
2970 2727 3222 2781 λαλοῦσιν
3257 2730 3309 2782 οί
3352 2729 3651 2799 προφῆται,
3681 2725 3713 2779 ἃ
3738 2740 3840 2793 προ-

623 2821 906 2876 Dominus.
960 2820 1162 2875 Audivi
1213 2835 1336 2889 quae
1368 2819 1672 2887 loquuntur
1717 2814 2042 2885 prophette,
2091 2826 2214 2880 quae

2315 2819 2640 2890 φητεύουσιν
2669 2820 2718 2872 οἱ
2751 2821 3027 2891 προφῆται
3059 2821 3118 2874 ὲν
3148 2821 3229 2892 τῷ
3253 2821 3484 2892 ὀνόματί
3514 2837 3611 2890 μου
3635 2818 3835 2887 ψευδῆ.ι

624 2913 957 2981 prophetam
1007 2913 1062 2965 in
1111 2911 1333 2966 nomine
1360 2926 1484 2965 meo
1519 2910 1657 2964 falsa
1685 2911 1754 2960 θ’.
1791 2926 1810 2958 ›
1852 2904 2081 2968 Deinde,
2117 2918 2211 2956 ac—

2316 2904 2450 2962 Είτα
2489 2909 2580 2963 διὰ
2629 2911 2796 2980 μέσου
2831 2912 2958 2974 τοὺς
2988 2910 3098 2965 τῶν
3130 2910 3290 2964 θείων
3327 2912 3508 2982 νόμων
3549 2909 3841 2979 καταφρονή-

623 3002 906 3057 cusatione
959 3001 1110 3072 gravi
1149 3001 1367 3055 divinas
1402 2999 1554 3070 leges
1609 2992 2080 3052 contemnentium
2119 2991 2208 3043 in-

2317 3018 2516 3065 σαντας
2571 3005 3034 3076 ἐπαιτιασάμενος
3104 3007 3164 3060 οὐ
3225 3007 3472 3078 μικρῶς,
3533 3003 3718 3074 ἐναργῆ
3767 3000 3843 3069 τὴν

625 3095 872 3165 terjecta,
912 3109 1037 3164 quae
1071 3093 1461 3163 praedictiones
1487 3107 1555 3145 ex
1582 3091 1694 3145 Deo
1715 3087 1846 3151 sint,
1879 3099 2070 3156 quaeve
2097 3099 2209 3137 non

2240 3125 2283 3184 Ο
2315 3093 2592 3158 ἀπόδειξιν
2625 3095 2732 3148 τῶν
2753 3113 2811 3148 τε
2845 3097 2913 3149 ὲκ
2941 3094 3079 3150 Θεοῦ
3107 3097 3200 3150 καὶ
3244 3097 3322 3168 μὴ
3349 3139 3366 3164 ,
3402 3098 3583 3152 δίδωσι
3625 3096 3712 3166 τὴν
3740 3093 3843 3184 ἀλή-

623 3186 753 3250 sint,
782 3194 1042 3256 tanquam
1068 3185 1298 3240 evidens
1317 3183 1580 3238 indicium
1606 3180 1786 3244 affert,
1810 3178 1981 3247 ipsam
2011 3189 2209 3243 nempe

2248 3177 2281 3184 ⁷
2319 3188 2489 3242 θειαν.
2528 3189 2675 3259 Ἔφη
2719 3189 2826 3259 γὰρ
2868 3187 3067 3242 πάλινο
3107 3207 3125 3240 ι
3179 3187 3238 3241 Ὀ
3271 3191 3596 3262 προφήτης,
3648 3189 3699 3239 ὲν
3735 3177 3772 3252 ᾧ
3798 3183 3844 3234 τὸ

627 3277 929 3331 veritatem.
960 3276 1052 3331 Ait
1093 3277 1242 3330 enim
1275 3276 1478 3330 iterum
1520 3292 1535 3327 :
1575 3293 1591 3324 ι
1633 3271 1942 3340 Propheta,
1997 3267 2054 3321 in
2100 3281 2212 3336 quo

2317 3279 2564 3331 ἐνύπνιον
2599 3278 2765 3331 αὐτοῦ
2787 3319 2801 3343 ,
2831 3282 2925 3332 καὶ
2955 3283 3014 3333 ὲν
3057 3273 3101 3348 ᾧ
3141 3282 3171 3333 6
3210 3280 3372 3349 λόγος
3407 3298 3508 3351 μου
3535 3277 3663 3353 πρὸς
3697 3273 3843 3334 αὺτδν.

623 3378 706 3424 est
740 3370 1036 3432 somnium,
1084 3376 1142 3422 et
1196 3369 1252 3421 in
1282 3382 1392 3436 quo
1431 3374 1516 3420 est
1561 3379 1743 3419 sermo
1797 3377 1987 3424 meus,
2021 3365 2210 3413 narret

2314 3371 2670 3442 διηγησάσθω
2695 3372 2787 3427 τὸν
2809 3371 2965 3441 λόγον
2993 3389 3094 3443 μου
3119 3375 3204 3427 ἐπ’
3231 3373 3518 3444 ἀληθείας.
3562 3392 3579 3423 ι
3620 3371 3699 3433 Ὠς
3720 3370 3845 3436 είπερ

623 3460 854 3517 verbum
881 3474 1063 3514 meum
1087 3460 1143 3512 in
1167 3459 1402 3513 veritate
1429 3457 1494 3508 ⁸³.
1533 3475 1550 3506 ι
1591 3455 1750 3517 Nam,
1783 3453 1829 3507 si
1862 3450 1995 3522 quid
2030 3449 2208 3504 visum

2314 3480 2366 3516 τι
2402 3464 2646 3532 φαίνοιτο
2679 3464 2781 3534 τῆς
2817 3464 3078 3534 ἀληθείας
3115 3466 3440 3536 ἡμαρτηκὸς
3461 3504 3474 3528 ,
3509 3462 3770 3526 ὲκδείξειεν
3798 3458 3849 3512 ἂν

625 3551 791 3607 fuerit
828 3567 860 3605 a
887 3551 1120 3606 veritate
1158 3549 1472 3617 discrepare
1496 3587 1512 3610 ,
1548 3544 1684 3599 illud
1713 3545 1894 3614 ipsum
1941 3541 2207 3596 continuo

2314 3555 2447 3607 αὐτὸ
2497 3555 2658 3619 εὐθὺς
2689 3555 2958 3627 ψευδοεπῆ
3003 3556 3096 3610 τὸν
3121 3559 3464 3629 γεννήτορα,
3518 3557 3610 3610 καὶ
3639 3553 3736 3609 ἀπὸ
3773 3551 3850 3618 τῆς

623 3657 784 3696 suum
829 3651 1114 3712 parentem
1147 3649 1312 3710 atque
1365 3647 1646 3692 auctorem
1709 3650 1830 3691 esse
1883 3632 2205 3687 mendacem

2315 3647 2508 3702 ἑαυτοῦ
2559 3647 2829 3703 λαλοῦντα
2877 3649 3141 3722 καρδίας,
3181 3650 3282 3703 οὐκ
3322 3650 3439 3704 ἀπὸ
3475 3649 3725 3721 στόματος
3762 3645 3851 3699 Κυ-

627 3732 820 3802 prodet
845 3773 861 3796 ,
897 3739 952 3786 et
978 3747 1008 3785 a
1033 3746 1134 3786 suo
1165 3729 1332 3784 corde
1378 3729 1715 3798 loquentem,
1744 3742 1855 3781 non
1879 3741 1947 3780 ex
1971 3739 2066 3779 ore
2102 3724 2207 3778 Do-

1399 3736 1715 3798 oquentem,
1744 3742 1855 3781 non
1879 3741 1947 3780 ex
1971 3739 2066 3779 ore
2102 3724 2207 3778 Do-
2315 3736 2432 3808 ρίου
2453 3779 2466 3804 ,
2497 3738 2644 3792 καθὰ
2674 3739 3003 3812 γέγραπται,

626 3823 783 3895 mini,
807 3823 950 3878 sicut
970 3822 1236 3891 scriptum
1263 3831 1366 3876 est.

689 3913 888 3968 PALL.
947 3913 1203 3968 Placetne
1262 3911 1492 3982 aliquid,
1547 3911 1694 3982 quod
1754 3907 2069 3964 necessario
2134 3905 2205 3959 sit

2382 3914 2593 3969 ΠΑΛΛ.
2640 3915 2828 3970 Βούλει
2872 3933 2926 3970 τι
2968 3917 3153 3989 θῶμεν
3187 3919 3300 3972 τῶν
3328 3918 3649 3987 ἀναγκαίων
3680 3915 3751 3976 είς
3776 3910 3852 3981 βά-

626 4005 1002 4075 quarrendum,
1031 4019 1438 4074 proponamus;
1474 4019 1544 4057 an
1565 4002 1621 4056 id
1659 4001 1888 4056 missum
1914 3997 2200 4062 faciamus,

2314 4027 2500 4075 σανον,
2535 4011 2568 4081 ἦ
2597 4011 2865 4082 παρέντες
2902 4012 3071 4083 τωμεν
3093 4052 3107 4076 ,
3131 4007 3277 4087 ᾗπερ
3304 4013 3376 4067 ἂν
3404 4013 3434 4065 ὀ
3463 4012 3556 4076 σὸς
3585 4010 3722 4080 ἡμᾶς
3741 4007 3849 4060 ἀπο·

624 4112 687 4152 ac
709 4097 892 4167 patius
908 4111 1201 4167 pergamus
1218 4111 1327 4166 quo
1346 4110 1447 4150 nos
1467 4103 1560 4150 tua
1577 4094 1798 4148 duxerit
1813 4092 1989 4148 oratio
2008 4091 2031 4142 ?

1137 4111 1201 4150 us
1218 4111 1327 4166 quo
1346 4110 1447 4150 nos
1467 4103 1560 4150 tua
1577 4094 1798 4148 duxerit
1813 4092 1989 4148 oratio
2008 4091 2031 4142 ?
2311 4103 2514 4174 κομίσῃ
2549 4102 2705 4171 λόγος
2723 4120 2736 4168 ;

691 4188 848 4244 CYR.
878 4188 1068 4259 Atqui,
1090 4188 1320 4252 Palladi,
1343 4203 1466 4258 quae
1484 4187 1552 4241 ad
1575 4187 1870 4242 utilitatem
1891 4187 2202 4242 necessaria

2381 4196 2545 4250 ΚΥΡ.
2593 4196 2703 4250 Καὶ
2741 4196 2881 4266 μὴν,
2911 4190 2960 4250 ὧ
2993 4196 3280 4261 Παλλάδιε,
3314 4197 3433 4250 τῶν
3462 4192 3760 4264 ἀναγκαίων
3789 4188 3852 4249 εἷς

621 4292 770 4347 sunt,
791 4296 902 4336 non
929 4280 986 4334 in
1008 4280 1253 4336 minimis
1265 4279 1520 4335 ducimus
1544 4296 1556 4332 :
1581 4280 1766 4349 itaque
1788 4278 2159 4333 minuslibere
2182 4315 2199 4341 ,

2309 4287 2494 4359 ὄνησιν
2525 4287 2585 4340 ού
2616 4286 2822 4358 βραχὺς
2856 4290 2993 4360 ἡμῖν
3017 4291 3044 4342 6
3075 4289 3251 4356 λόγος·
3283 4289 3364 4353 ὡς
3397 4290 3461 4342 τό
3491 4305 3573 4342 τοι
3607 4285 3678 4357 μὴ
3719 4284 3855 4353 φάναι

622 4375 666 4429 si
686 4374 818 4444 quid
838 4373 1088 4429 videatur
1113 4372 1384 4444 proferre,
1406 4372 1662 4442 equidem
1685 4368 2200 4441 reprehendendum

2307 4379 2368 4431 τὸ
2409 4378 2601 4433 δοκοῦν
2643 4380 2947 4452 ἐλευθέρως
2993 4381 3432 4452 ὲπαιτιασαίμην
3483 4381 3585 4445 ἂν,
3618 4378 3706 4432 καὶ
3740 4371 3857 4446 μάλα

623 4475 844 4534 putem;
867 4464 1030 4534 idque
1045 4465 1169 4534 jure
1182 4465 1411 4534 optimo.
1434 4462 1804 4530 Quamobrem
1825 4460 1966 4515 nihil
1985 4460 2203 4514 veritus

1825 4460 1966 4515 nihil
1985 4460 2203 4514 veritus
2235 4475 2281 4533 ι)
2307 4469 2552 4535 εἰκότωςο
2588 4469 2765 4543 φράζε
2794 4471 2858 4542 δὴ
2880 4466 2973 4524 οὖν
2995 4472 3232 4543 ὀκνήσας
3253 4472 3432 4526 οὐδέν.

624 4557 734 4621 dic,
758 4557 805 4610 si
825 4555 958 4625 quid
991 4557 1151 4610 velis.

695 4646 891 4700 PALL.
914 4645 971 4701 Si
991 4661 1101 4701 non
1121 4646 1189 4700 ab
1210 4661 1305 4702 ore
1343 4647 1561 4702 Domini
1585 4647 1888 4715 loquuntur
1922 4647 2198 4712 nonnulli,

2380 4649 2590 4701 ΠΑΛΛ.
2615 4649 2678 4701 El
2711 4647 2786 4719 μὴ
2813 4647 2922 4702 ἀπὸ
2951 4648 3217 4716 στόματος
3239 4648 3452 4718 Κυρίου
3477 4643 3696 4700 λαλοῦσί
3717 4656 3856 4702 τινες,

622 4737 716 4791 sed
753 4745 1025 4800 eructant,
1064 4745 1125 4791 ut
1152 4737 1251 4799 ais,
1277 4736 1344 4790 de
1373 4736 1539 4790 corde
1559 4752 1658 4790 suo
1686 4753 1700 4803 ;
1737 4751 1977 4806 quonam
2028 4736 2198 4807 igitur

2309 4740 2624 4810 ἐρεύγονται
2655 4738 2744 4804 δὲ,
2781 4739 2857 4803 ὡς
2907 4739 3013 4808 φὴς
3032 4781 3046 4804 ,
3077 4741 3148 4794 τά
3193 4740 3304 4792 ἀπὸ
3350 4739 3588 4809 καρδίας
3607 4775 3621 4798 ,
3668 4735 3776 4787 τίνα
3805 4729 3857 4797 δὴ

623 4827 786 4882 modo
815 4836 1066 4882 sanctum
1109 4826 1439 4890 Samuelem,
1481 4828 1865 4899 quamvisjam
1895 4839 2198 4892 mortuum,

2309 4830 2509 4902 τρόπον
2539 4830 2631 4883 καί
2680 4847 2763 4883 τοι
2805 4830 3076 4884 τεθνεῶτα
3115 4831 3207 4883 τὸν
3240 4830 3400 4898 ἀγιον
3435 4827 3687 4898 Σαμουὴλ
3723 4826 3751 4893 ἡ
3785 4823 3857 4887 ἔγ·

621 4915 943 4988 Pythonissa
989 4916 1079 4970 illa
1116 4915 1314 4970 mulier
1378 4917 1444 4972 ad
1486 4916 1614 4972 Saul
1667 4919 1943 4989 produxit,
1984 4920 2077 4989 qui
2119 4919 2197 4973 illi

2309 4921 2682 4993 γαστρίμυθος
2737 4923 2920 4992 ἐκείνη
2971 4921 3110 4994 γυνὴ
3160 4923 3511 4993 παρεκόμισε
3562 4919 3638 4989 τῷ
3688 4911 3853 4970 Σαοὺλ.

623 5025 803 5062 rerum
847 5007 1156 5064 futurarum
1192 5009 1399 5065 exitum
1437 5012 1766 5081 exponeret?
1806 5012 1932 5066 llaec
1949 5011 2097 5066 enim
2123 5011 2202 5065 sic

2306 5013 2367 5065 τὸ
2415 5013 2523 5066 τῶν
2563 5013 2838 5082 ἐσομένων
2883 5013 3031 5083 αὐτῷ
3077 5013 3452 5083 σαφηνιοῦντα
3495 5011 3701 5082 «ripae;
3730 5004 3860 5059 ταυτὶ

621 5116 739 5154 esse
759 5111 930 5170 gesta,
952 5116 1130 5172 neque
1148 5101 1307 5158 aliter
1329 5102 1617 5167 accidisse,
1643 5103 1866 5174 quidam
1891 5115 2102 5174 putant.

2307 5101 2414 5172 γὰρ
2448 5095 2550 5154 ὦδε
2599 5100 2914 5171 πεπρᾶχθαι
2936 5141 2949 5166 ,
2983 5102 3077 5155 καὶ
3108 5102 3208 5172 οὐχ
3255 5101 3466 5170 ἑτέρως
3499 5100 3645 5170 ἔχειν
3687 5092 3858 5148 οίονταί

2304 5210 2466 5256 τινες.

682 5272 840 5327 ογιι.
857 5275 999 5329 Num
1021 5289 1080 5332 tu
1101 5295 1319 5350 quoque
1339 5297 1447 5336 non
1469 5282 1544 5337 ita
1564 5297 1621 5337 se
1642 5299 1754 5338 rem
1779 5282 1983 5337 habere
2006 5295 2164 5352 putas
2181 5324 2194 5346 ,

2373 5285 2537 5338 ΚΥΡ.
2583 5286 2697 5338 Οῐει
2745 5284 2801 5338 δὲ
2854 5287 3016 5350 αὐτὸς
3057 5287 3155 5356 οὑχ
3199 5279 3302 5339 ὧδε
3351 5287 3540 5357 ἔχειν,
3586 5288 3678 5339 καὶ
3718 5283 3863 5357 λογιεί

622 5364 677 5414 in
700 5377 875 5448 eoque
898 5367 1394 5427 rectiusexistimas
1413 5389 1425 5426 :
1446 5388 1513 5428 an
1532 5374 1761 5430 ridicule
1783 5375 1916 5446 justi
1942 5376 2047 5428 viri
2074 5376 2193 5429 ani-

2302 5375 2462 5430 τοῦτο
2512 5374 2767 5448 ἄμεινον,
2813 5379 2983 5448 ήγουν
3029 5355 3324 5449 φληνάφως
3541 5379 3636 5433 τοῦ
3679 5355 3863 5431 δικαίοῦ

623 5466 767 5503 mam
826 5467 1014 5506 revera
1063 5469 1305 5514 coactam
1369 5478 1489 5542 esse
1542 5465 1718 5529 dicis,
1757 5478 1812 5522 et
1871 5467 2194 5524 muliercula

2301 5469 2480 5539 ψυχὴν
2511 5468 2862 5523 ἐκσεῦιάσθαι
2891 5471 2997 5542 φὴς
3031 5473 3170 5527 κατά
3195 5472 3256 5526 τὸ
3283 5472 3510 5542 ἀληθὲς,
3547 5472 3641 5526 καὶ
3663 5464 3862 5538 γυναίου

620 5551 848 5597 vocante
873 5545 1121 5601 venisse?
1397 5523 1430 5553 χ
1708 5523 1717 5529 ⁷
2085 5523 2090 5524 7

1397 5523 1430 5553 χ
2302 5523 2596 5625 καλοῦντος
2621 5561 2833 5629 ὲλθεῖνς

713 5725 756 5754 ⁹¹
790 5724 950 5780 Deut.
994 5744 1148 5785 mn.
1177 5730 1270 5788 21.
1304 5732 1392 5784 22.
1471 5735 1516 5765 "
1539 5735 1649 5789 Jer.
1676 5751 1831 5800 xxut,
1857 5736 2050 5796 23-25.
2129 5740 2176 5772 ”
2205 5740 2340 5795 ibid.
2368 5741 2457 5796 28.
