3998 6562
161 499 248 555 433

832 492 921 548 DE
956 492 1401 556 ADORATIONE
1438 496 1503 549 IN
1545 495 1814 552 SPIRITU
1856 496 1943 551 ET
1984 495 2352 552 VERITATE.
2394 495 2523 549 LIB.
2566 495 2633 551 Vl

3258 497 3369 552 43-:

222 603 397 660 uAAA.
439 580 545 653 Ούκ
578 579 644 652 ἀν
690 600 870 672 ἔχοιμι
921 605 1106 673 σαφῶς
1155 608 1349 660 εἰπεῖν.
1420 605 1683 670 Ενδείξειε

1862 605 2059 660 PALL.
2108 610 2378 676 equruem
2423 612 2770 676 compertum
2818 620 2927 660 non
2986 605 3166 661 habeo
3235 607 3370 676 quid

158 698 285 763 δ’ᾶν,
316 690 455 762 οἶμαι
481 708 601 755 που,
631 692 693 745 τὸ
721 693 938 764 ἀληθὲς,
968 698 1001 765 ἡ
1026 696 1281 766 βάσανος.

214 872 356 927 ΚΥΡ.
398 862 466 921 Εῦ
510 866 666 938 ἔφης.
714 867 923 922 Οὐκοῦν
971 870 1149 923 ἐκεῖνο
1197 870 1290 923 καὶ
1338 871 1442 941 πρό
1484 888 1549 940 γε
1579 872 1688 923 τῶν

158 956 307 1023 ἀλλων
350 960 907 1031 πολυπραγμονείσθω
949 963 1119 1026 τέως,
1155 961 1385 1033 πότερον
1430 963 1522 1017 διὰ
1552 963 1688 1017 Θεοῦ

154 1052 690 1126 πολυπραγμονοῦνται
717 1054 808 1106 καὶ
836 1054 1215 1126 τερατεύονται
1248 1055 1344 1108 καὶ
1381 1056 1689 1127 ἀποπεραί-

154 1166 281 1204 νουσι
314 1146 480 1209 ταυτὶ,
510 1146 679 1217 ἤγουν
706 1145 794 1200 διὰ
837 1146 1091 1218 πονηρῶν
1123 1148 1452 1219 πνευμάτων
1481 1142 1562 1212 οἷς
1597 1166 1691 1221 με-

152 1239 259 1307 λέτη
286 1236 342 1289 τὸ
376 1235 730 1305 ἐπιτήδευμα.

209 1331 397 1384 ΠΑΛΛ.
444 1327 553 1380 Καὶ
597 1327 679 1391 τίς
712 1328 778 1382 ἂν
804 1329 884 1393 εἰς
931 1330 1092 1384 τοῦτο
1140 1330 1418 1402 λογισμῶν
1461 1335 1693 1400 ἀτοπίας

150 1418 369 1488 ἀφίκοιτο
394 1415 477 1478 ἂν,
506 1415 581 1479 ὼς
608 1416 816 1470 οῖεσθαι
845 1416 933 1472 διὰ
961 1416 1097 1472 Θεοῦ
1120 1420 1511 1490 τερατεύεσθαι
1535 1426 1694 1478 ταυτὶ

150 1506 490 1578 νεκρομάντας
522 1524 581 1560 τε
611 1509 706 1561 καὶ
743 1509 1219 1582 ἐγγαστριμύθους
1249 1512 1345 1566 καὶ
1372 1514 1691 1583 ἐπαοιδούς;

148 1600 570 1669 Διαμεμνήσομαι
622 1599 730 1672 γὰρ
781 1601 877 1654 τοῦ
929 1600 1095 1672 νόμου
1120 1641 1135 1667 ,
1187 1605 1386 1668 παντὸς
1438 1605 1694 1678 ἑλομένου

146 1692 281 1746 τοῦτο
315 1691 444 1763 δρᾷν
488 1692 682 1763 ποινὴν
720 1691 1105 1764 καθορίζοντος
1132 1696 1234 1767 τὴν
1266 1698 1523 1770 ἐσχάτην.
1560 1695 1697 1753 Εἶτα

147 1785 249 1847 πῶς
271 1784 364 1837 ούκ
387 1783 741 1853 ἀπόπληκτον
777 1785 981 1838 ἐννοεῖν
1002 1828 1018 1854 ,
1046 1786 1138 1839 τὸν
1166 1786 1384 1860 Θανάτῳ
1410 1791 1697 1846 καταδεδι-

144 1875 409 1945 κασμένον,
443 1873 549 1927 οὐκ
594 1875 821 1946 ἀπᾴδειν
853 1875 1009 1947 Θεῷ;
1047 1878 1123 1931 Ού
1147 1879 1257 1951 γάρ
1298 1897 1388 1934 πω
1418 1883 1529 1946 τοῖς
1566 1884 1697 1936 ἐαυ-

143 1967 222 2020 τοῦ
246 1967 591 2036 διαμαχεῖται
621 1967 825 2037 νόμοις,

199 2058 349 2111 ΚΥΡ.
377 2058 615 2128 ’Δριστα
642 2058 847 2131 διανοῇ.
881 2060 992 2125 Τάς
1042 2061 1100 2115 δὲ
1143 2062 1251 2117 τῶν
1294 2064 1466 2134 ἁγίων
1515 2066 1695 2138 ψυχὰς

143 2146 385 2216 σωμάτων
438 2146 869 2218 ἀπηλλαγμένας
934 2152 1309 2223 παρερῤίφθαι
1360 2155 1695 2227 νομιοῦμεν,

139 2237 219 2288 καὶ
242 2235 392 2304 λόγου
429 2235 533 2306 μὲν
564 2235 847 2303 ἀξιοῦσθαι
880 2240 1129 2311 μηδενὸς,
1161 2243 1318 2312 ἥκειν
1350 2243 1407 2297 δὲ
1434 2244 1532 2316 ἤδη
1561 2246 1699 2318 πρὸς

140 2325 278 2380 τοῦτο
307 2326 709 2398 ταλαιπωρίας,
735 2328 812 2393 ὡς
836 2332 931 2385 καὶ
957 2336 1216 2404 πονηροῖς
1245 2334 1340 2389 καὶ
1366 2334 1698 2408 ἀκαθάρτοις

137 2419 437 2473 ὑποκεῖσθαι
497 2420 814 2492 πνεύμασι,
865 2423 961 2478 καὶ
1013 2424 1350 2497 άνεθελήτως
1381 2428 1697 2485 ἀκολουθεῖν

139 2511 545 2581 περιτρέπουσιν
589 2512 828 2577 εὐκόλως
850 2510 1012 2586 οἷπερ
1035 2513 1099 2569 ἂν
1128 2514 1334 2571 ἕλοιντο
1363 2517 1545 2589 τυχόν.
1571 2519 1703 2573 Καί-

134 2618 202 2654 τοι
232 2602 289 2654 τὸ
326 2602 429 2673 τῆς
466 2602 899 2673 ’Δποκαλύψεως
942 2604 1147 2675 βιϐλίον
1185 2608 1319 2679 ἡμῖν
1362 2610 1635 2674 συντιθεὶς
1670 2610 1699 2663 ὁ

138 2694 277 2761 σοφὸς
320 2694 610 2767 Ἰωάννης,
646 2695 675 2749 ὃ
701 2697 797 2750 καὶ
818 2700 945 2760 ταῖς
972 2698 1081 2754 τῶν
1109 2701 1374 2773 Πατὲρων
1408 2702 1700 2775 τετίμηται

131 2785 333 2856 ψήφοις.
370 2787 473 2850 τὰς
523 2786 639 2841 τῶν
687 2788 859 2856 ἁγίων
904 2788 1082 2862 ψυχὰς
1131 2793 1223 2846 ὑπ’
1269 2793 1400 2846 αὐτὸ
1450 2794 1510 2847 τὸ
1557 2794 1701 2848 θεῖον

132 2876 402 2932 τεθεᾶσθαι
433 2878 834 2950 θυσιαστήριον
853 2921 868 2946 ,
892 2880 1264 2936 διε6ε6αιοῦτο
1292 2883 1477 2953 σαφῶς
1496 2924 1510 2939 .
1536 2886 1602 2939 Εἰ
1644 2885 1703 2939 δὲ

133 2966 213 3020 καὶ
244 2968 299 3034 ἐξ
346 2968 537 3022 αὐτῶν
576 2969 800 3023 ἕλκουσι
842 2970 953 3024 τῶν
994 2972 1108 3027 ἀνω
1152 2973 1365 3043 μονῶν,
1397 2976 1492 3029 καὶ
1518 2976 1704 3031 τόπων

131 3056 284 3121 αὐτάς
348 3056 481 3111 τῶν
533 3060 851 3130 ἐερωτάτων
904 3062 1366 3133 κατακομίζουσιν
1438 3065 1703 3134 ἀφειδῶς,

132 3148 475 3219 ἀπείργοντος
503 3150 725 3216 οὐδενὸς
746 3190 762 3215 ,
787 3150 1019 3222 βάσιμος
1059 3153 1158 3223 μὲν
1181 3153 1353 3208 ἀπασι
1374 3158 1487 3219 τοῖς
1517 3156 1707 3228 δαιμο-

128 3240 246 3302 νίοις
265 3242 293 3294 ὁ
315 3242 559 3310 οὐρανὸς
578 3282 591 3304 ,
627 3243 944 3312 ἀνοίγνυται
976 3243 1034 3297 δὲ
1061 3243 1200 3299 κατὰ
1240 3245 1302 3298 τὸ
1329 3246 1478 3310 είκδς
1520 3247 1704 3310 αὐτοῖς

130 3332 212 3384 καὶ
252 3334 282 3403 ἡ
327 3331 425 3385 τοῦ
459 3334 805 3405 παραδείσου
838 3334 1004 3405 πύλη’
1039 3339 1362 3407 παραχωρεῖ
1386 3337 1464 3402 δὲ,
1496 3337 1572 3401 ὡς
1596 3338 1705 3391 ἐοι-

128 3441 242 3488 κεν,
272 3427 366 3479 καὶ
410 3428 444 3496 ἡ
477 3425 715 3496 φλογίνη
752 3427 1030 3497 ῥομφαία,
1062 3428 1158 3481 καὶ
1194 3428 1316 3499 οὐχὶ
1353 3429 1454 3499 τῆς
1494 3429 1702 3484 εἰσόδου

130 3514 210 3567 καὶ
234 3516 413 3583 ἐξόδου
440 3518 617 3587 μόνον
644 3519 847 3582 αὐτοῖς’
878 3518 994 3572 ἀλλ’
1029 3520 1079 3571 εἰ
1110 3518 1384 3589 βούλοιντό
1414 3537 1570 3584 τινας
1608 3522 1705 3575 καὶ

123 3607 215 3660 τῶν
245 3609 375 3663 εῐσω
409 3609 730 3678 γεγονότων
758 3612 1073 3683 ἐκκομίζειν
1104 3613 1169 3666 ἐκ
1208 3613 1543 3685 παρρησίας
1586 3610 1707 3668 εἶτα

124 3697 229 3768 οὐχὶ
267 3700 329 3771 δὴ
378 3701 549 3756 τοῦτό
609 3702 755 3766 ἐστι,
790 3703 888 3773 τὴν
938 3705 995 3756 ἐν
1040 3703 1261 3776 Χριστῷ
1296 3704 1576 3777 διασύρειν
1606 3704 1696 3758 ἐλ-

124 3791 258 3855 uitia,
291 3792 389 3847 κα)⁸
408 3793 739 3864 τρισάθλιον
762 3795 1082 3864 ὑποφαίνειν
1108 3795 1218 3850 τῶν
1237 3796 1706 3869 τεθαυμασμένων

126 3879 206 3933 τὸν
238 3882 347 3951 βίον
366 3901 380 3950 ;

185 3975 389 4029 ΠΔΛΛ.
427 3978 685 4031 Ἔοικεν.

186 4066 341 4121 ΚΥΡ.
377 4069 497 4120 Καὶ
546 4068 661 4140 μὴν
691 4070 793 4124 οὐκ
823 4070 1167 4142 ἀσυμφανές.
1200 4071 1325 4136 Πῶς
1358 4071 1417 4125 δέ
1444 4067 1512 4143 ἦν
1550 4071 1707 4143 ἀμει·

124 4171 200 4207 νον
240 4155 315 4225 τῷ
366 4157 679 4229 θαυμασίῳ
730 4160 959 4230 Παύλῳ,
1006 4159 1070 4213 τὸ
1118 4160 1420 4226 ἀναλῦσαι,
1466 4161 1561 4214 καὶ
1611 4163 1708 4214 σὺν

124 4245 328 4317 Χριστῷ
357 4243 547 4316 εἶναι;
591 4252 659 4305 El
691 4250 803 4323 γάρ
844 4252 909 4323 δὴ
951 4251 1243 4324 μέλλοιμεν
1290 4252 1402 4306 τῶν
1449 4253 1708 4322 ἐπιγείων

120 4344 591 4411 αποφοιτήσαντες
612 4382 628 4407 ,
684 4343 781 4396 καί⁸
829 4343 928 4397 σὺν
959 4345 1185 4415 Χριστῷ
1227 4346 1512 4413 γεγονότες
1533 4387 1547 4411 ,
1586 4348 1702 4409 τοῖς

121 4428 515 4503 ἀντικειμένοις
567 4432 897 4487 ὑποκεῖσθαι
938 4432 1251 4504 πνεύμασι,
1275 4434 1577 4489 κεκένωται
1610 4435 1711 4506 μὲν

116 4520 147 4589 ή
174 4523 349 4586 πίστις
371 4561 388 4588 ,
422 4523 585 4577 κατά
624 4523 689 4578 τὸ
731 4524 1122 4595 γεγραμμένον
1141 4564 1156 4590 ,
1196 4524 1258 4578 τὸ
1284 4526 1340 4579 δὲ
1370 4528 1623 4597 ἐνδημεῖν
1651 4528 1709 4579 ἐν

1793 696 2004 761 dicam;
2052 696 2169 764 sed,
2197 697 2301 752 nisi
2342 697 2519 761 fallor,
2558 696 2694 767 quid
2721 711 2913 753 verum
2945 697 3038 762 sit,
3068 698 3373 754 declarabit

1791 788 2097 859 inquisitio.

1859 878 2016 934 CYR.
2055 879 2225 934 Recte
2248 878 2406 934 dicis.
2426 879 2596 950 Igitur
2618 878 2753 935 illud
2781 889 2909 935 ante
2945 880 3051 936 alia
3082 878 3375 951 diligenter

1794 968 2019 1026 interim
2048 970 2465 1042 investigemus,
2497 980 2684 1026 utrum
2702 970 2801 1026 Dei
2830 987 3062 1027 munere
3092 972 3212 1027 haec
3243 987 3374 1042 por—

1794 1074 1942 1120 tenta
1984 1063 2153 1118 edant
2200 1073 2367 1134 atque
2409 1062 2665 1129 efﬁciant,
2713 1064 2810 1134 qui
2859 1064 3173 1136 bujusmodi
3211 1064 3379 1121 rebus

1793 1154 2037 1221 student,
2079 1169 2150 1208 an
2186 1154 2459 1209 malorum
2498 1154 2793 1225 spirituum
2824 1170 3009 1225 opera.

1864 1327 2059 1382 PALL.
2097 1326 2230 1394 Quis
2250 1341 2381 1381 vero
2401 1325 2470 1381 ad
2504 1335 2611 1381 tam
2636 1326 2850 1396 ineptas
2871 1327 3231 1399 cogitationes
3249 1344 3378 1400 per—

1793 1415 1999 1481 veniat,
2036 1427 2097 1472 ut
2133 1417 2433 1473 arbitretur
2456 1415 2555 1471 Dei
2588 1431 2756 1486 opera
2789 1428 3044 1487 portenta
3064 1418 3181 1474 haec
3215 1420 3380 1475 edere

1794 1520 2202 1575 necromantas,
2256 1521 2312 1566 et
2350 1512 2641 1583 pythones,
2680 1521 2737 1567 et
2774 1511 3193 1567 incantatores?
3243 1512 3381 1567 Nam

1795 1612 1987 1658 contra
2001 1602 2447 1658 commemorabo
2472 1604 2651 1675 legem
2679 1618 2804 1674 quae
2828 1602 3159 1673 supplicium
3196 1612 3382 1660 extre-

1799 1710 1950 1749 mum
1991 1695 2258 1761 decernit,
2303 1695 2558 1766 quisquis
2596 1696 2713 1751 haec
2768 1694 2951 1751 facere
2988 1710 3157 1750 ausus
3192 1694 3380 1752 fuerit.

1796 1787 1962 1860 Atqui
1987 1788 2263 1859 quomodo
2283 1802 2394 1842 non
2418 1787 2695 1843 dementia
2725 1787 2797 1843 sit
2826 1788 3069 1857 cogitare
3116 1802 3242 1842 eum
3285 1787 3382 1859 qui

1798 1878 1994 1949 capitis
2042 1877 2464 1942 condemnetur,
2508 1878 2622 1932 Deo
2666 1891 2775 1931 non
2825 1876 3152 1947 displicere?
3192 1876 3383 1947 Neque

1726 1962 1771 2017 Β
1796 1970 1946 2025 enim
1975 1970 2066 2025 ille
2104 1985 2228 2025 eum
2251 1970 2366 2025 suis
2413 1969 2627 2041 legibus
2650 1984 2893 2040 pugnare
2925 1967 3233 2024 censendus
3277 1978 3380 2023 est.

1860 2061 2024 2132 188
2036 2059 2193 2116 CYR.
2207 2060 2425 2130 Optime
2445 2060 2807 2117 ratiocinaris.
2821 2060 2941 2116 Jam
2954 2074 3085 2115 vero
3096 2059 3203 2115 isto
3219 2059 3384 2115 modo

1801 2163 2121 2207 sanctorum
2134 2152 2383 2206 virorum
2404 2151 2636 2215 animas,
2658 2166 2780 2220 quae
2804 2166 2835 2205 e
2855 2149 3383 2220 corporibusexces-

1797 2250 2010 2306 serunt,
2042 2249 2387 2310 contemptas
2418 2254 2540 2294 esse
2574 2240 2911 2309 putabimus,
2936 2254 3117 2310 neque
3146 2239 3258 2294 ullo
3282 2254 3386 2293 nu-

1799 2347 1951 2387 mero
1969 2331 2182 2396 haberi,
2214 2341 2380 2403 atque
2430 2330 2569 2386 adeo
2589 2330 2648 2384 in
2669 2345 2765 2385 eas
2789 2330 3040 2386 miserias
3070 2330 3383 2401 pervenire,

1800 2435 1861 2481 ut
1886 2425 2052 2480 etiam
2077 2440 2317 2496 nequam
2360 2422 2647 2495 spiritibus
2668 2423 2932 2494 subjecta:
2968 2423 3099 2489 sint,
3120 2434 3178 2479 et
3202 2421 3387 2478 invitat

1801 2527 2104 2588 sequantur
2132 2532 2249 2583 eos,
2280 2531 2614 2608 quocpnque
2659 2515 2741 2570 illi
2772 2515 3070 2581 voluerint,
3098 2514 3253 2570 nullo
3285 2530 3385 2569 ne-

1800 2608 1949 2679 gotio
1997 2605 2474 2664 circumferentes.
2522 2605 2689 2678 Atqui
2734 2606 2978 2662 Joannes
3014 2606 3105 2661 ille
3143 2605 3384 2675 sapiens.

1801 2699 1895 2769 qui
1940 2697 2299 2770 Apoealypsis
2343 2697 2593 2753 libellum
2635 2695 2988 2767 conscripsit,
3020 2695 3118 2766 qui
3159 2696 3385 2750 Patrum

1797 2789 2010 2861 judicio
2054 2788 2449 2860 comprobatus
2495 2796 2601 2853 est,
2650 2795 2972 2843 sanctorum
3021 2786 3236 2841 animas
3280 2785 3386 2841 sub

1804 2883 1923 2953 ipso
1946 2883 2041 2937 Dei
2068 2883 2309 2939 altarise
2350 2882 2722 2953 conspexisse,
2770 2888 2961 2951 aperte
3002 2879 3292 2936 conﬁrmat
3312 2880 3382 2933 ".

1803 2972 1960 3040 Quod
2006 2973 2052 3027 si
2075 2988 2169 3029 eas
2193 2988 2261 3027 ex
2306 2973 2414 3028 illis
2443 2986 2664 3042 quoque
2708 2971 2966 3042 supernis
3006 2970 3389 3028 mansionibus

1806 3067 2053 3133 trahunt,
2080 3074 2136 3122 et
2156 3065 2224 3120 de
2250 3064 2638 3132 sacratissimis
2681 3063 2822 3120 locis
2861 3062 3122 3118 deferunt
3165 3077 3385 3127 secure,

1807 3158 2029 3214 nemine
2070 3156 2423 3229 prohibente,
2452 3158 2693 3226 primum
2745 3153 3006 3211 omnibus
3031 3153 3257 3224 quidem
3280 3153 3389 3209 da:-

1809 3248 2011 3305 moniis
2036 3258 2124 3304 est
2148 3248 2206 3303 in
2229 3249 2429 3303 caelum
2452 3262 2729 3312 accessus,
2755 3246 2955 3302 deinde
2976 3245 3176 3301 iisdem
3211 3253 3386 3316 patet,

1808 3347 1871 3395 ut
1905 3354 2250 3411 consequens
2273 3348 2378 3404 est,
2421 3338 2662 3409 paradisi
2701 3338 2898 3408 janua:
2924 3338 3072 3394 cedit
3120 3346 3390 3409 praeterea

1806 3428 2053 3485 ﬂammea
2078 3431 2172 3485 illa
2208 3430 2557 3500 rhomphaea:
2583 3427 2664 3483 sic
2685 3427 2833 3482 enim
2852 3430 3117 3498 consequi
3139 3426 3384 3490 videtur,

1808 3538 1990 3593 neque
2035 3523 2346 3595 ingressum
2371 3529 2535 3591 atque
2576 3520 2787 3575 exitum
2812 3519 2922 3573 illis
2959 3518 3125 3573 modo
3149 3517 3391 3573 liberum

1807 3614 2049 3684 praebet;
2099 3613 2198 3669 sed
2231 3613 2362 3667 licet
2402 3612 2484 3667 eis
2527 3610 2716 3675 etiam,
2752 3610 2800 3665 si
2822 3609 3011 3674 libeat,
3061 3609 3277 3679 aliquos
3323 3624 3395 3666 eo

1808 3705 2086 3775 ingressos
2109 3704 2349 3759 educere
2378 3720 2391 3757 :
2418 3717 2602 3757 nonne
2632 3716 2765 3772 ergo
2788 3701 2894 3756 hoc
2912 3710 3020 3766 est,
3047 3716 3201 3770 spem
3226 3714 3391 3771 quam

1810 3797 1865 3853 in
1891 3797 2114 3854 Christo
2134 3798 2424 3860 habemus,
2464 3793 2743 3850 irridere?
2776 3803 2834 3850 et
2875 3792 3244 3849 miserrimam
3268 3808 3393 3849 esse

1808 3889 2103 3945 ostendere
2119 3888 2531 3944 admirabilium
2557 3888 2805 3942 virorum
2828 3885 3042 3941 vitam?

1881 3978 2080 4034 PALL.
2107 3980 2186 4035 ita
2208 3979 2449 4036 videtur.

1880 4070 2041 4127 CYR.
2071 4071 2179 4126 Sed
2206 4072 2355 4128 idem
2384 4071 2611 4128 minime
2653 4072 2956 4127 obscurum
2978 4078 3081 4127 est.
3108 4069 3397 4137 Quomodo

1810 4171 1993 4219 autem
2018 4164 2215 4220 melius
2236 4174 2357 4221 erat
2374 4165 2536 4220 beato
2580 4165 2752 4221 Paulo
2781 4163 3006 4229 resolvi,
3038 4172 3097 4219 et
3117 4179 3242 4219 esse
3266 4178 3395 4218 cum

1813 4254 2038 4310 Christo
2062 4254 2109 4287 "
2131 4254 2155 4308 ?
2178 4254 2339 4320 Nam,
2383 4254 2430 4310 si
2473 4262 2664 4325 postea
2706 4269 2871 4324 quam
2897 4268 2928 4308 e
2962 4252 3202 4308 terrenis
3228 4252 3400 4307 rebus

1810 4344 2239 4408 excesserimus,
2261 4353 2469 4399 etcum
2493 4342 2717 4399 Christo
2744 4342 3036 4405 fuerimus,
3060 4339 3400 4396 adversariis

1813 4435 2101 4506 Spiritibus
2123 4433 2454 4506 subjiciendi
2492 4448 2704 4497 sumus,
2732 4430 3014 4487 exinanita
3042 4438 3127 4486 est
3154 4428 3310 4493 ﬁdes,
3336 4436 3400 4483 ut

1814 4525 2081 4595 scriptum
2126 4533 2213 4581 est
2230 4526 2278 4560 “
2302 4541 2318 4591 ;
2367 4539 2432 4579 ac
2472 4523 2684 4579 versari
2711 4523 2770 4577 in
2800 4536 3057 4592 corpore,
3084 4534 3250 4591 quam
3269 4533 3397 4574 esse

120 4610 340 4682 σώματι,
368 4614 468 4669 τοῦ
488 4618 741 4669 συνεῖναι
764 4614 1006 4686 Χριστῷ,
1031 4615 1139 4678 πᾶς
1155 4632 1243 4679 τις
1271 4610 1384 4682 οὖν,
1411 4613 1586 4689 οἶμαι,
1614 4618 1702 4673 καὶ

1810 4632 1939 4673 cum
1962 4615 2205 4681 Christo,
2227 4614 2429 4686 quivis,
2456 4615 2675 4685 opinor,
2698 4615 2858 4685 longe
2882 4612 3241 4684 praestantius
3274 4625 3399 4666 esse

115 4702 458 4776 ἀσυγκρίτως
488 4707 807 4774 διενεγκεῖν
847 4706 1231 4778 ἐπιψηφιεῖται
1259 4707 1447 4761 λοιπὸν
1467 4748 1482 4772 ,
1527 4708 1625 4763 καὶ⁹
1647 4708 1709 4764 τὸ

116 4793 197 4845 ἐπὶ
227 4796 424 4850 τούτου
462 4798 956 4869 δυσανεκτότεροψ
986 4797 1067 4853 ἔτι
1102 4798 1201 4868 μὲν
1228 4798 1339 4869 γὰρ
1366 4800 1424 4854 ἐν
1455 4798 1592 4869 τῷδε
1629 4799 1709 4870 τῷ

114 4882 203 4955 βίῳ
248 4888 593 4960 ποιούμενοι
622 4888 723 4951 τὰς
743 4888 1058 4960 διατριϐὰς,
1087 4888 1212 4960 οὐχὶ
1250 4891 1364 4953 τοῖς
1397 4889 1492 4943 τοῦ
1519 4890 1706 4945 διαδό-

112 4973 196 5028 λου
247 4978 581 5050 θελήμασιν
624 4977 1044 5051 ύπεξεύγμεθα,
1085 4979 1367 5051 πατοῦμεν
1417 4980 1476 5034 δὲ
1521 4981 1709 5035 ἐπάνω

112 5062 276 5131 ὄφεων
319 5069 423 5122 καὶ
482 5068 779 5141 σκορπίων
819 5069 1058 5140 μᾶλλον,
1104 5070 1202 5123 καὶ
1231 5071 1324 5123 ἐπὶ
1366 5071 1551 5125 πᾶσαν
1605 5072 1707 5143 τὴν

111 5154 328 5229 δύναμιν
356 5159 461 5212 τοῦ
495 5158 708 5232 ἐχθροῦ
732 5201 747 5226 ,
777 5160 923 5214 κατά
952 5160 1053 5232 τὴν
1078 5160 1175 5214 τοῦ
1207 5160 1462 5232 Σωτῆρος
1493 5163 1701 5234 φωνήν.

111 5242 232 5302 Εἶτα
269 5251 373 5306 σὺν
404 5250 656 5322 Χριστῷ
693 5253 1001 5320 γεγονότες,
1035 5252 1155 5323 πῶς
1191 5254 1250 5305 ἐν
1301 5253 1542 5325 χείροσιν
1589 5255 1712 5309 ἐσό-

111 5340 276 5406 μεθα;
306 5343 437 5408 πῶς
460 5344 530 5397 δὲ
564 5342 733 5408 αὐτὸς
761 5342 1017 5415 ἀληθεύει
1047 5343 1240 5412 λέγων’
1281 5362 1300 5394 ι
1346 5343 1430 5397 Td:
1460 5344 1711 5417 πρόϐατα

106 5434 168 5489 τὰ
208 5436 320 5507 ἐμά
364 5438 477 5508 τῆς
529 5439 725 5508 φωνῆς
776 5454 877 5507 μου
922 5436 1217 5503 ἀκούουσι,
1253 5435 1411 5506 κάγὼ
1456 5437 1712 5507 γινώσκω

106 5526 257 5589 αὐτὰ,
280 5528 382 5580 καὶ
401 5526 922 5598 ἀκολουθοῦσίδμοι,
955 5526 1110 5596 κάγὼ
1138 5526 1332 5597 δίδωμι
1355 5527 1712 5599 αὐτοῖςιζωὴν

106 5618 336 5684 αἰώνιον,
390 5620 498 5674 καὶ
546 5619 618 5673 οὑ
669 5620 744 5692 μὴ
790 5619 1099 5674 ἀπόλωνται
1142 5620 1222 5685 είς
1256 5619 1348 5673 τὸν
1389 5620 1586 5688 αίῶνα,
1618 5622 1712 5676 καὶ

104 5707 194 5778 οὐχ
220 5711 478 5780 ἁρπάσει
521 5726 619 5773 τις
648 5708 789 5764 αύτά
816 5711 882 5764 ἐκ
908 5710 1016 5764 τῶν
1054 5709 1255 5782 χειρῶν
1298 5726 1423 5782 μου·
1452 5714 1481 5765 ὁ
1517 5712 1711 5783 Πατήρ

166 5888 211 5920 ’⁸
232 5890 410 5953 Apoc.
456 5907 541 5959 vr,
572 5890 632 5945 9.
708 5891 752 5926 "
776 5889 974 5950 Philip.
1005 5906 1041 5955 ι,
1083 5891 1175 5946 25.
1253 5891 1297 5923 ’⁸
1322 5892 1476 5948 Rom.
1517 5907 1587 5958 Iv,
1623 5891 1704 5947 il.

1812 4708 2043 4778 posthac
2086 4707 2394 4779 iudicabit;
2435 4717 2511 4771 et,
2556 4706 2705 4777 quod
2763 4706 2868 4761 hoc
2894 4705 3016 4776 ipso
3062 4718 3283 4775 quoque
3327 4701 3401 4757 sit

1813 4794 1995 4855 min'us
2028 4797 2343 4863 ferendum,
2386 4798 2453 4863 si,
2482 4812 2608 4853 cum
2634 4797 2818 4853 adhuc
2844 4796 2899 4851 in
2922 4796 3025 4851 bac
3050 4795 3161 4850 vita
3208 4809 3389 4849 versae

1813 4904 1958 4955 mur,
1997 4890 2229 4961 subjecti
2255 4890 2482 4945 minime
2511 4904 2704 4946 sumus
2726 4888 2931 4943 diaboli
2971 4886 3397 4958 cupiditatibus,

1812 4980 1909 5035 sed
1934 4981 2211 5036 calcamus
2232 4981 2419 5052 potius
2468 4995 2635 5051 super
2657 4988 2942 5050 serpentes
2971 4987 3027 5033 et
3050 4978 3394 5049 scorpiones,

1811 5080 1869 5126 et
1889 5086 2058 5143 super
2078 5087 2297 5128 omnem
2314 5081 2640 5144 potestatem
2666 5072 2898 5135 inimici,
2915 5072 3071 5142 juxta
3095 5069 3400 5125 Salvatoris

1808 5165 1983 5220 nostri
2010 5180 2201 5220 vocem
2235 5165 2304 5219 ⁸⁷.
2332 5166 2499 5237 Ergo,
2541 5166 2636 5219 ubi
2656 5180 2781 5220 cum
2827 5163 3052 5219 Christo
3099 5160 3396 5228 fuerimus,

1809 5254 2086 5323 quomodo
2098 5257 2286 5327 pejore
2308 5255 2629 5311 conditione
2652 5253 2823 5308 futuri
2850 5252 3087 5308 sumus?
3110 5250 3387 5321 quomodo

1810 5344 1977 5401 etiam
2002 5361 2170 5401 verax
2189 5346 2298 5402 erit
2324 5347 2462 5416 ipse,
2486 5359 2613 5401 cum
2636 5343 2812 5399 dicit:
2841 5360 2859 5393 ι
2882 5341 3023 5396 Oves
3047 5357 3182 5397 meae
3204 5356 3395 5397 vocem

1812 5454 1990 5494 meam
2018 5439 2284 5505 audiunt;
2321 5448 2377 5492 et
2398 5453 2499 5509 ego
2537 5451 2806 5507 cognosco
2850 5450 2974 5501 eas,
2997 5444 3054 5490 et
3090 5444 3399 5505 sequuntur

1815 5544 1940 5596 me;
1968 5537 2025 5584 et
2065 5528 2232 5584 vitam
2273 5538 2538 5584 aeternam
2573 5526 2645 5581 do
2672 5527 2788 5592 eis;
2819 5534 2876 5582 et
2907 5540 3019 5580 non
3052 5526 3313 5596 peribunt
3339 5527 3395 5581 in

1817 5628 2105 5683 aeternum,
2123 5628 2179 5674 et
2200 5635 2310 5676 non
2332 5617 2511 5689 rapiet
2529 5632 2622 5673 eas
2645 5616 2935 5688 quisquam
2956 5615 3027 5672 de
3049 5632 3212 5671 manu
3234 5631 3355 5672 mea
3379 5634 3393 5670 :

1820 5712 1982 5767 Pater
2009 5727 2187 5779 meus,
2220 5711 2315 5783 qui
2345 5711 2498 5767 dedit
2521 5711 2677 5777 mihi,
2712 5710 2970 5767 omnibus
3003 5711 3178 5783 major
3200 5719 3316 5777 est;
3339 5717 3399 5765 et

1782 5892 1825 5924 ⁸⁷
1851 5890 1983 5946 Luc.
2016 5907 2068 5956 κ,
2116 5890 2197 5944 19.
