3998 6502
629 454 737 510 455

1655 457 1709 512 S.
1745 457 2022 513 CYRILLI
2061 451 2531 511 ALEXANDRINI
2572 449 2885 507 ARCHIEP.
3772 448 3852 503 436

631 586 796 628 nemo
820 579 1001 642 potest
1029 586 1222 642 rapere
1250 586 1317 627 ex
1341 586 1503 625 manu
1533 571 1711 627 Patris
1744 573 1851 627 mei
1875 573 1996 626 "th
2035 572 2206 627 Dece-

2314 580 2418 640 μου
2442 567 2502 631 ὃς
2534 548 2703 620 ἔδωκέ
2741 582 2861 636 μοι,
2899 560 3118 616 πάντων
3164 559 3367 631 μείζων
3410 559 3529 613 ἐστὶ
3551 600 3566 622 ,
3600 560 3689 613 καί
3714 561 3852 625 οὖδεξ

632 666 714 735 pit
732 664 898 720 etiam
924 664 1133 719 scilicet
1162 662 1323 733 189
1351 664 1575 733 pietatis
1599 665 1653 717 in
1680 664 1961 719 Christum
1978 663 2207 719 athletas

2312 660 2534 713 δύναται
2578 658 2848 730 ἁρπάζειν
2876 656 2940 708 ἐκ
2964 656 3062 725 τῆς
3098 652 3279 724 χειρὸς
3302 652 3396 704 τοῦ
3437 651 3653 723 Πατρός
3693 669 3807 723 pm;
3833 674 3848 705 ι

632 754 984 809 beatissimus
1010 752 1228 817 Petrus,
1261 766 1387 806 cum
1409 752 1478 807 ad
1512 753 1661 808 hunc
1696 753 1920 808 modum
1945 754 2166 827 scripsit
2194 770 2206 805 :

2313 751 2656 820 Πεφενάκικε
2682 749 2741 802 δὲ
2778 749 2921 818 τάχα
2960 763 3063 799 που
3095 746 3193 814 τῆς
3225 746 3304 809 είς
3343 743 3581 814 Χριστὸν
3609 744 3851 809 εὐσεϐείας

640 865 657 896 ι
686 845 875 913 Itaque
922 852 978 899 et
1012 843 1046 897 ii
1071 842 1165 912 qui
1208 843 1496 914 patiuntur
1529 844 1832 899 secundum
1872 844 2207 899 voluntatem

2314 843 2441 906 τοὺς
2481 838 2741 910 ἀθλητὰς,
2778 835 3070 908 γεγραφὼς
3100 835 3195 888 ὡδὶ
3236 836 3329 889 καὶ
3357 836 3386 888 ὁ
3430 832 3733 902 σοφώτατος
3772 835 3851 888 Πέ-

629 936 746 1001 Dei,
776 934 923 992 ﬁdeli
954 934 1199 990 Creatori
1243 935 1628 990 commendent
1654 936 1865 991 animas
1893 952 2039 991 suas.
2063 936 2109 968 ⁹⁹
2136 955 2149 989 :
2184 957 2201 987 ι

628 1026 785 1092 Quod
818 1027 864 1081 si
898 1027 1009 1081 Deo
1040 1026 1475 1081 commendatam
1506 1027 1743 1082 animam
1772 1029 1916 1098 cogit
1959 1028 2204 1096 Satanas,

635 1119 855 1189 agitque
890 1133 956 1173 ac
993 1117 1100 1172 fert
1144 1134 1479 1190 quocunque
1516 1136 1618 1191 pro
1660 1129 1906 1189 tempore
1949 1122 2204 1189 voluerit,

629 1207 907 1277 quomodo
936 1207 1026 1261 ille
1051 1219 1365 1263 sanctorum
1390 1219 1692 1279 protector,
1728 1211 1822 1280 qui
1854 1210 2207 1281 uniuscujus-

630 1313 737 1369 que
790 1298 1044 1368 spiritum
1067 1299 1235 1353 veluti
1260 1299 1569 1369 depositum
1590 1301 2029 1356 commendatum
2052 1317 2209 1356 acce-

629 1388 731 1457 pit,
767 1386 945 1442 ﬁdelis
985 1386 1212 1457 intelligi
1236 1388 1471 1458 poterit?
1492 1389 1856 1444 Deliramenta
1890 1389 2055 1459 igitur
2080 1398 2209 1444 sunt

631 1476 770 1543 hinc,
806 1476 919 1531 imo
962 1492 1094 1531 vero
1137 1485 1328 1547 stupor
1372 1478 1648 1545 immanis,
1688 1488 1881 1549 putare
1926 1480 2210 1549 prophetae

632 1568 873 1623 animam
922 1583 1117 1623 revera
1161 1568 1377 1639 frigidis
1433 1570 1828 1625 scelestissimae
1870 1571 2207 1625 muliercula:

633 1661 976 1718 caminibus
1017 1678 1085 1717 ex
1128 1661 1410 1716 attributis
1452 1662 1555 1716 sibi
1603 1662 1826 1717 sedibus
1863 1677 1983 1718 esse
2021 1662 2204 1718 detra~

633 1761 775 1808 ctam
784 1795 797 1807 .

703 1842 899 1897 PALL.
922 1843 1179 1910 Quaenam
1222 1843 1389 1913 igitur
1422 1842 1589 1899 fuerit
1626 1860 1840 1910 rerum,
1892 1861 2029 1915 quas
2077 1858 2206 1900 con-

2310 947 2459 1001 τρος·
2508 948 2527 981 ι
2574 929 2739 980 Ὥστε
2788 927 2881 979 καὶ
2928 925 3033 977 ὑπὸ
3080 923 3257 977 ἄλλων
3303 923 3607 991 πάσχοντες
3650 922 3775 976 κατὰ
3804 924 3852 975 τὸ

2312 1018 2527 1089 θέλημα
2565 1015 2762 1079 αὐτοῦ,
2798 1012 2972 1085 πιστῷ
3007 1012 3219 1084 κτίστῃ
3264 1011 3744 1082 παρατιθέσθωσαν
3774 1010 3852 1074 τὰς

2312 1109 2493 1180 ψυχὰς
2522 1107 2723 1163 αὐτῶν.
2766 1124 2783 1157 ι
2818 1106 2880 1158 Εἰ
2909 1103 2966 1157 δὲ
3011 1103 3088 1175 τῷ
3116 1102 3236 1173 Θεῷ
3282 1102 3685 1173 παρατεθεῖσαν
3708 1102 3851 1176 ψυχὴν

2311 1199 2554 1272 βιάζεται
2579 1200 2608 1252 ὁ
2647 1197 2921 1260 Σατανᾶς,
2955 1196 3104 1273 ἄγων
3151 1209 3211 1247 τε
3248 1193 3342 1247 καὶ
3394 1194 3581 1267 φέρων
3622 1188 3765 1266 οἷπερ
3801 1197 3852 1250 ἂν

2309 1292 2482 1347 ἕλοιτο
2528 1291 2673 1345 κατά
2714 1289 2958 1360 καιροὺς,
3010 1286 3128 1350 πῶς
3170 1286 3237 1340 ἂν
3275 1289 3450 1347 νοοῖτο
3500 1286 3689 1350 πιστὸς
3716 1288 3741 1339 ὀ
3766 1288 3855 1363 τῶν

2310 1383 2482 1451 ἁγίων
2526 1379 2917 1453 προεστηκὼς,
2964 1378 3059 1431 καὶ
3097 1377 3260 1431 οίονεὶ
3308 1376 3769 1452 παρακαταθήκην
3804 1380 3850 1432 τὺ

2309 1474 2539 1529 ἑκάστου
2572 1471 2789 1543 πνεῦμα
2814 1468 3026 1535 λαϐὡν;
3061 1469 3241 1541 Δῆρος
3280 1463 3378 1521 οὖν
3423 1466 3535 1538 ἄρα
3584 1469 3851 1533 ταυτὶ,κσὶ

2307 1562 2622 1635 ἀποπληξία
2674 1561 2854 1632 δεινὴ,
2904 1559 2964 1613 τὸ
3006 1559 3148 1613 κατὰ
3216 1558 3478 1630 ἀλήθειαν
3528 1557 3733 1611 οῑεσθαι
3773 1561 3850 1630 τὴν

2307 1659 2587 1728 προφήτου
2605 1654 2787 1725 φωνὴν
2811 1654 3042 1725 ψυχραῖς
3056 1651 3292 1722 ἐπῳδαῖς
3317 1651 3540 1720 γυναίου
3573 1653 3851 1721 μυσαρωτάρ

2308 1765 2398 1802 του
2420 1748 2527 1803 τῶν
2565 1746 2973 1819 ὲκνεμηθέντων
2998 1744 3137 1816 αὐτῇ
3175 1744 3513 1798 καθελκύσαι
3549 1744 3745 1797 τόπων.

2378 1841 2587 1895 ΠΑΛΛ.
2624 1840 2723 1903 -Τίς
2773 1834 2869 1893 οὖν
2913 1836 2980 1891 ἂν
3041 1836 3255 1905 γένοιτο
3303 1835 3413 1889 τῶν
3454 1834 3851 1905 θεωρημάτωνό

631 1933 950 1989 siderandas
974 1910 1378 2005 proposuimus.
1416 1935 1739 2005 explicatio?
1778 1952 1902 1991 nam
1928 1937 2045 1994 haec
2070 1935 2207 1991 adeo

2311 1933 2503 2001 λόγος;
2533 1931 2733 2005 χρῆναι
2762 1929 2872 2000 γὰρ
2903 1923 3056 2000 οἶμαι
3088 1928 3154 1981 τὰ
3178 1925 3355 1990 οὕτως
3385 1924 3591 1996 αίσχρά
3622 1924 3733 1996 μηδ’
3755 1924 3851 1977 ὅσον

634 2024 815 2095 turpia
839 2039 912 2079 ne
939 2025 1280 2095 simplicibus
1303 2026 1546 2097 quidem,
1582 2035 1641 2081 ut
1670 2028 1742 2082 ita
1772 2027 1971 2093 dicam,
2008 2028 2207 2098 cogita-

2311 2026 2504 2089 εἰπεῖν,
2535 2022 2642 2076 κᾶν
2668 2022 2798 2091 γοῦν
2830 2021 2887 2072 ὲν
2912 2018 3095 2089 ψιλαῖς
3119 2017 3350 2080 ἐννοίαις
3380 2017 3519 2070 ἑλεῖν
3536 2056 3552 2070 .

632 2115 875 2172 tionibus
898 2116 1235 2173 admittenda
1268 2134 1486 2174 censeo.

701 2206 861 2263 (ΠΗ.
905 2209 1208 2280 Propositis
1250 2210 1407 2281 prius
1452 2227 1620 2267 sacra:
1654 2213 1951 2284 Scripturze
1988 2213 2206 2278 verbis,

633 2308 751 2355 tum
787 2315 910 2370 quae
942 2302 1127 2356 animo
1167 2312 1466 2357 occurrunt
1507 2319 1877 2374 exponemus,
1913 2314 1968 2359 et
2009 2305 2211 2375 ubique

633 2391 893 2447 decorum
920 2393 1209 2465 diligenter
1232 2393 1609 2449 retinebimus.
1638 2395 1716 2450 Ea
1732 2395 1813 2451 sic
1834 2395 2072 2451 habent:
2101 2417 2117 2449 ‹
2144 2398 2213 2452 Et

635 2479 856 2537 Samuel
883 2490 1135 2537 mortuus
1163 2490 1249 2537 est
1284 2489 1375 2537 :et
1395 2483 1726 2553 planxerunt
1749 2498 1876 2538 eum
1920 2484 2211 2540 universus

634 2568 802 2625 Israel
834 2577 923 2625 :et
948 2570 1281 2641 sepelierunt
1300 2586 1424 2625 eum
1450 2571 1505 2625 in
1527 2570 1884 2636 Armathaim,
1916 2572 1971 2626 in
1993 2572 2212 2628 civitate

633 2665 756 2736 eius
773 2681 787 2717 :
800 2671 857 2718 et
873 2662 1005 2718 Saul
1017 2663 1242 2719 abstulit
1256 2664 1658 2735 pythonicos,et
1674 2664 1982 2734 cognitores
1995 2680 2023 2719 a
2044 2676 2208 2720 terra.

635 2755 706 2810 Et
721 2764 1119 2827 congregantur
1133 2755 1411 2827 allophyli,
1424 2764 1479 2810 et
1494 2755 1739 2819 veniunt,
1759 2764 1813 2809 et
1828 2765 2217 2811 castrametan-

637 2856 730 2901 tur
762 2845 817 2899 in
845 2844 1045 2900 Sonam
1085 2862 1099 2899 :
1138 2854 1195 2900 et
1226 2851 1517 2915 congregat
1536 2844 1662 2899 Saul
1692 2859 1909 2900 omnem
1934 2845 2211 2900 hominem

638 2934 825 2998 Israel,
854 2942 911 2989 et
944 2933 1462 2989 castrametanturin
1480 2932 1702 2989 Gelhoe.
1738 2934 1805 2989 Et
1822 2934 2101 2991 viditSaul
2119 2951 2212 2990 ca-

635 3033 750 3083 atra
773 3025 1190 3096 allaphylorum,
1214 3032 1271 3080 et
1284 3022 1469 3080 timuit
1484 3064 1499 3091 ,
1517 3034 1573 3081 et
1587 3034 1994 3082 consternatum
2020 3038 2103 3083 est
2119 3044 2214 3083 cor

632 3116 754 3189 ejus
779 3116 938 3171 valde
968 3134 983 3170 τη
1021 3123 1077 3170 et
1094 3113 1372 3172 consuluit
1405 3113 1534 3173 Saul
1560 3132 1659 3187 per
1688 3117 2000 3184 Dominum,
2018 3128 2074 3173 et
2100 3134 2207 3173 non

2317 3119 2674 3193 παρεμϐολὴν
2724 3119 2835 3173 τῶν
2907 3118 3253 3187 ἀλλοφύλων,
3308 3118 3403 3172 καὶ
3461 3115 3729 3187 ἐφοϐήθη.
3777 3114 3850 3166 καὶ

631 3205 916 3278 respondit
953 3208 1006 3263 ei
1042 3207 1306 3263 Dominus
1358 3222 1458 3278 per
1512 3209 1742 3273 somnia,
1784 3223 1963 3278 neque
2009 3210 2063 3264 in
2094 3225 2207 3265 ma-

2316 3212 2516 3283 ὲξέστη
2560 3214 2595 3281 ἡ
2648 3210 2848 3282 καρδία
2909 3209 3072 3264 αὑτοῦ
3124 3209 3349 3280 σφόδρα.
3397 3207 3510 3262 Kal
3567 3206 3848 3279 £137,967,“

631 3297 869 3365 nitestis,
905 3314 1087 3369 neque
1144 3297 1202 3354 in
1239 3298 1542 3370 prophetis.
1584 3300 1654 3354 Et
1695 3299 1834 3354 dixit
1863 3299 1990 3355 Saul
2036 3301 2207 3356 servis

2311 3303 2485 3359 Σαοὺλ
2523 3303 2610 3356 διὰ
2648 3301 2880 3373 Κυρίου,
2916 3302 3013 3355 xal
3060 3301 3161 3353 οὐκ
3190 3299 3462 3372 ἀπεκρίθη
3494 3298 3646 3371 αὐτῷ
3684 3297 3849 3368 Κύριος

631 3388 1041 3456 suis:Qu:erite
1063 3390 1197 3444 mihi
1236 3390 1527 3445 mulierem
1572 3390 1944 3462 pythonissam
1967 3432 1982 3456 ,
2021 3398 2077 3446 et
2120 3391 2210 3447 ibo

2379 2205 2548 2261 ΚΥΡ.
2591 2201 2733 2257 Αύτὺ
2768 2200 3105 2273 παραθέντες
3152 2199 3210 2253 τὸ
3247 2200 3489 2270 Γράμμα
3528 2198 3594 2251 τὸ
3625 2198 3850 2266 [sponsi

2315 2298 2396 2360 είς
2445 2294 2568 2349 νοῦν
2615 2294 2759 2347 ἰόντα
2813 2293 2934 2345 τότε
2987 2292 3131 2359 σαφῆ
3169 2291 3610 2361 καταστήσομεν,
3644 2289 3850 2357 πανταχῆ

2308 2386 2403 2440 τοῦ
2434 2385 2740 2456 πρέποντος
2776 2382 2946 2455 ἀπρὶξ
2974 2382 3230 2453 ἡμμένοι.
3258 2382 3414 2451 Ἔχει
3442 2381 3499 2433 δὲ
3530 2378 3691 2433 οὕτω
3724 2398 3741 2430 ι
3765 2380 3847 2432 Καὶ

2310 2477 2567 2550 Σαμουὴλ
2598 2475 2861 2539 ἀπέθανε,
2889 2475 2985 2528 καὶ
3017 2473 3280 2543 ὲκόψαντο
3309 2472 3474 2526 αὐτὸν
3501 2473 3617 2535 πᾶς
3650 2470 3846 2540 Ἰσραὴλ,

2310 2571 2406 2625 καὶ
2445 2570 2743 2624 θάπτουσιν
2776 2566 2937 2621 αὐτὸν
2965 2566 3023 2619 ὲν
3063 2564 3400 2636 Ἀρμαθαῖμ,
3432 2564 3490 2617 έν
3521 2562 3679 2615 πόλει
3698 2561 3847 2615 ιιιῖιτοοῖι⁸

2311 2664 2407 2717 καὶ
2444 2661 2617 2716 Σαοὺλ
2664 2658 2905 2731 περιεῖλε
2935 2658 3062 2721 τοὺς
3108 2656 3620 2728 ἐγγαστριμύθους,
3649 2654 3848 2716 καὶτοὺς

2313 2752 2558 2825 γνὼστας
2594 2751 2702 2806 ἀπὸ
2733 2751 2835 2821 τῆς
2861 2750 2987 2819 γῆς.
3033 2750 3143 2802 Kal
3173 2747 3622 2818 συναθροίζονται
3654 2746 3699 2799 οἱ
3723 2745 3847 2799 ἀλλό-

2313 2846 2498 2915 φυλοι,
2527 2845 2621 2899 καὶ
2648 2843 2899 2914 ἔρχονται
2924 2842 3019 2894 καὶ
3052 2840 3529 2912 παρεμϐάλλουσιν
3557 2842 3643 2904 εις
3668 2840 3849 2909 Σωνάμ.

2313 2937 2425 2992 Kal
2474 2934 2817 3004 συναθροίζει
2864 2932 3040 2987 Σαοὺλ
3078 2932 3256 2985 πάντα
3303 2931 3475 3003 ἄνδρα
3516 2930 3743 3003 Ἰσραὴλ,
3776 2930 3850 2981 καὶ

2314 3027 2793 3098 παρεμϐάλλουσιν
2844 3026 2924 3089 είς
2970 3024 3223 3078 Γελϐουὲ.
3263 3025 3375 3078 Kal
3424 3019 3531 3077 εἶδε
3574 3022 3739 3076 Σαοὺλ
3772 3023 3849 3091 τὴν

631 3480 705 3535 ad
750 3480 921 3544 illam,
955 3488 1013 3535 et
1056 3496 1296 3551 quaeram
1326 3497 1423 3550 per
1456 3480 1623 3535 illam.
1670 3482 1738 3536 Et
1768 3482 2024 3537 dixerunt
2063 3484 2209 3538 servi

631 3570 753 3640 eius
779 3569 847 3625 ad
878 3586 1008 3625 eum
1040 3587 1057 3625 :
1099 3571 1241 3626 Ecce
1264 3570 1465 3626 mulier
1485 3572 1802 3642 pythonissa
1833 3581 1917 3628 est
1950 3574 2007 3628 in
2058 3573 2207 3627 Aen-

632 3659 755 3716 dor.
785 3659 856 3715 Et
874 3669 1168 3731 coopertus
1181 3670 1266 3716 est
1280 3660 1430 3727 Saul,
1455 3671 1511 3717 et
1526 3662 1703 3716 induit
1723 3678 1781 3717 se
1798 3664 2043 3719 vestibus
2058 3665 2205 3729 aliis,

631 3761 692 3808 et
713 3751 865 3807 vadit
895 3750 1015 3823 ipse
1056 3760 1114 3808 et
1163 3751 1274 3807 duo
1330 3752 1436 3807 viri
1472 3768 1595 3808 cum
1646 3754 1765 3824 ipso
1810 3753 1877 3809 ad
1921 3755 2207 3810 mulierem

632 3851 817 3910 nocte,
858 3850 915 3898 et
941 3843 1079 3899 dixit
1094 3842 1173 3898 illi
1199 3860 1211 3897 :
1236 3842 1425 3898 Divina
1442 3843 1578 3899 mihi
1595 3845 1652 3900 in
1668 3845 1933 3917 Pythone,
1953 3854 2010 3901 et
2041 3861 2207 3901 evoca

634 3931 704 3986 ad
739 3945 826 3986 me
852 3947 1235 4002 quemcunque
1269 3931 1457 3987 dixero
1485 3932 1606 3988 tibi.
1654 3933 1721 3990 Et
1750 3933 1889 3989 dixit
1918 3934 2115 3989 mulier
2140 3934 2208 3989 ad

633 4021 792 4077 illum
818 4038 833 4075 :
864 4021 1007 4077 Ecce
1036 4023 1146 4093 jam
1171 4030 1229 4076 tu
1258 4023 1402 4077 nosti
1426 4038 1767 4093 quaecunque
1787 4024 1919 4081 fecit
1951 4024 2079 4079 Saul
2101 4065 2115 4089 ,
2149 4036 2209 4081 ut

631 4111 1021 4167 exterminavit
1056 4113 1381 4184 pythonicos
1410 4122 1467 4169 et
1509 4114 1821 4185 cognitores
1849 4114 1917 4169 de
1947 4121 2119 4180 terra;
2151 4122 2208 4169 et

632 4218 735 4259 cur
770 4213 830 4260 tu
870 4203 1151 4259 insidiaris
1189 4204 1389 4259 animm
1414 4219 1571 4267 meae,
1602 4214 1663 4260 ut
1692 4204 1910 4259 occidas
1937 4206 2095 4259 eam?
2142 4205 2209 4260 Et

630 4292 835 4363 iuravit
861 4292 941 4347 illi
968 4292 1118 4359 Saul,
1139 4293 1328 4349 dicens
1357 4311 1375 4347 εν
1401 4294 1548 4349 Vivit
1569 4295 1865 4360 Dominus,
1905 4296 1949 4350 si
1993 4296 2209 4351 eveniet

631 4384 737 4439 tibi
764 4385 899 4445 mali
940 4385 1221 4456 quidpiam
1265 4385 1320 4439 in
1365 4386 1536 4440 verbo
1572 4386 1697 4442 hoc.
1737 4387 1805 4443 Et
1841 4387 1980 4443 dixit
2010 4388 2210 4443 mulier

633 4474 785 4530 Sauli
804 4491 819 4529 :
840 4475 1013 4541 Quem
1034 4477 1283 4533 excitabo
1298 4476 1396 4531 tibi
1412 4479 1435 4531 ?
1450 4479 1517 4534 Et
1537 4478 1673 4533 dixit
1692 4496 1705 4531 :
1729 4478 1888 4549 19o
1899 4478 2205 4534 Samuelem

2310 3395 2370 3449 ὲν
2415 3396 2526 3458 τοῖς
2558 3392 2861 3457 ἐνυπνίοις,
2903 3392 2997 3445 καὶ
3041 3393 3098 3444 ὲν
3139 3393 3253 3455 τοῖς
3296 3391 3505 3465 δήλοις,
3537 3390 3635 3444 καὶ
3679 3392 3731 3442 ὲν
3763 3389 3850 3448 τοῖς

2310 3490 2636 3560 προφήταις.
2671 3486 2781 3539 Kal
2812 3481 2935 3537 εἷπε
2974 3483 3147 3536 Σαοὺλ
3187 3484 3301 3545 τοῖς
3336 3480 3530 3535 παισὶν
3562 3479 3738 3536 αὐτοῦ·
3768 3480 3850 3548 Ζη-

2308 3577 2512 3649 τήσατέ
2541 3593 2631 3647 μοι
2662 3577 2894 3644 γυναῖκα
2918 3571 3391 3643 ὲγγαστρίμυθον,
3422 3570 3519 3623 καὶ
3553 3568 3849 3641 πορεύσομαι

2311 3668 2448 3741 πρὸς
2498 3668 2695 3738 αὐτὴν,
2742 3666 2838 3720 καὶ
2884 3665 3105 3736 ζητήσω
3153 3664 3212 3717 ἐν
3261 3663 3442 3733 αὐτῇ.Δ
3472 3662 3588 3716 Kal
3636 3659 3773 3714 εἷπον
3811 3661 3848 3711 οξ

2309 3761 2506 3823 παῖδες
2534 3757 2699 3813 αὐτοῦ
2732 3757 2867 3829 πρὸς
2893 3757 3075 3810 αὐτόν’
3129 3755 3262 3808 Ἰδοὺ
3290 3753 3429 3823 γυνὴ
3451 3750 3849 3823 ὲγγαστρίμυθος

2309 3855 2368 3907 ὲν
2400 3851 2650 3923 ’Δενδώμ
2681 3851 2790 3905 Kal
2827 3847 3235 3917 συνεκαλύψατο
3254 3846 3448 3901 Σαούλο
3490 3846 3589 3911 καλ⁸
3632 3841 3850 3912 περιεϐάη

2310 3944 2434 3998 λετο
2460 3943 2652 4014 ἱμάτια
2679 3942 2843 4012 ἔτερα
2860 3980 2875 4000 ,
2905 3940 2997 3993 καὶ⁹
3044 3938 3335 4010 πορεύεται
3365 3937 3530 4001 αὐτὸς
3558 3933 3757 3989 καὶδύο
3779 3934 3850 3986 άν-

2307 4034 2433 4104 δρες
2481 4033 2598 4103 μετ’
2645 4027 2810 4085 αὐτοῦ
2831 4071 2846 4095 ,
2898 4029 2992 4082 καὶ
3037 4026 3286 4099 ἔρχονται
3322 4026 3462 4097 πρὸς
3511 4026 3614 4096 τὴν
3654 4026 3850 4093 γυναῖκα

2308 4124 2536 4188 νυκτὸς,
2590 4123 2685 4176 καὶ
2728 4118 2885 4175 εἶπεν
2922 4119 3083 4190 αὐτῇ
3128 4118 3445 4173 Μάντευσαι
3492 4116 3559 4187 δή
3596 4134 3684 4186 μοι
3714 4116 3765 4168 ἓν
3791 4113 3851 4180 τῷ

2310 4211 2753 4284 ὲγγαστριμύθῳ,
2773 4209 2867 4265 καὶ
2884 4209 3125 4279 ἀνάγαγέ
3156 4227 3246 4282 μοι
3277 4208 3337 4261 ὃν
3362 4208 3458 4260 ὲάν
3482 4208 3624 4261 εἴπω
3648 4222 3741 4259 σοι.
3764 4203 3852 4257 Kal

2310 4300 2462 4357 εἶπεν
2515 4300 2664 4373 αὐτῷ
2688 4302 2722 4369 ἡ
2759 4300 2922 4370 γυνή’
2959 4298 3091 4351 Ἰδοὺ
3139 4296 3203 4367 δὴ
3234 4297 3298 4349 σὺ
3327 4292 3477 4358 οἶδας
3518 4297 3619 4348 ὅσα
3662 4293 3851 4361 ἐποίησε

2310 4392 2482 4448 Σαοὺλ
2531 4392 2610 4456 ὡς
2651 4390 3015 4461 ὲξωλόθρευσε
3063 4390 3189 4451 τοὺς
3238 4385 3743 4467 ἐγγαστριμύθους,
3778 4381 3852 4434 καὶ

2310 4487 2436 4549 τοὺς
2463 4483 2713 4553 γνὼστας
2740 4481 2849 4535 ἀπὸ
2877 4481 2977 4551 τῆς
3003 4482 3130 4551 γῆς,
3160 4482 3255 4534 καὶ
3293 4480 3435 4533 ίνατί
3476 4478 3539 4530 σὺ
3573 4473 3854 4544 παγιδεύεις

632 4566 814 4621 excita
834 4567 991 4621 mihi.
1024 4568 1094 4623 Et
1111 4567 1249 4623 vidit
1280 4570 1481 4624 mulier
1510 4570 1840 4635 Samuelem,
1865 4582 1920 4625 et
1941 4571 2207 4626 exclama-

2311 4576 2410 4647 τὴν
2466 4573 2647 4644 ψυχήν
2708 4590 2831 4644 μου,
2887 4572 3195 4625 θανατῶσαι
3246 4571 3450 4640 αὑτήν;
3507 4567 3619 4622 Kal
3670 4565 3853 4634 ὤμοσεν

632 4655 715 4711 vit
737 4670 871 4711 voce
902 4670 1115 4726 magna.
1150 4657 1219 4713 Et
1246 4658 1381 4715 dixit
1418 4660 1616 4715 mulier
1651 4661 1719 4715 ad
1757 4660 1887 4716 Saul
1930 4662 2080 4717 :Cur
2114 4662 2211 4716 de-

632 4746 831 4817 cepisti
853 4761 940 4802 me
958 4746 1051 4802 Yet
1066 4753 1123 4801 tu
1146 4761 1207 4804 es
1222 4748 1373 4803 Saul.
1398 4749 1611 4805 Etdixit
1632 4750 1709 4805 illi
1734 4767 1829 4807 rex
1851 4752 1958 4807 :Ne
1977 4738 2171 4807 timeas
2189 4769 2205 4818 ;

632 4837 726 4892 dic
752 4852 918 4907 quem
954 4836 1180 4893 videris.
1226 4838 1457 4893 Etdixit
1495 4839 1573 4894 illi
1612 4840 1813 4896 mulier
1855 4860 1871 4895 ι
1910 4843 2051 4898 Deos
2094 4843 2207 4898 vidi

631 4930 1040 4986 ascendentese
1063 4937 1229 4985 terra.
1255 4930 1325 4984 Et
1353 4929 1491 4984 dixit
1516 4931 1583 4985 ad
1608 4931 1754 4986 illam
1792 4949 1807 4986 :
1846 4931 1990 4999 Quid
2008 4949 2209 5005 cogno-

633 5018 795 5073 visti?
817 5018 889 5073 Et
911 5017 1053 5073 dixit
1079 5017 1160 5072 illi
1190 5034 1205 5071 :
1239 5018 1431 5073 Virum
1457 5026 1670 5074 rectum
1706 5022 2091 5082 ascendentem
2135 5022 2204 5078 de

631 5114 799 5170 terra,
833 5114 890 5160 et
928 5106 1020 5161 hic
1068 5105 1302 5163 amictus
1336 5107 1598 5177 diploide.
1628 5110 1698 5165 Et
1751 5111 2004 5181 cognovit
2039 5111 2201 5176 Saul,

632 5195 779 5266 quod
809 5195 1025 5253 Samuel
1060 5205 1208 5252 esset
1244 5196 1357 5262 hic,
1412 5206 1470 5253 et
1514 5198 1795 5255 inclinavit
1835 5216 1894 5256 se
1930 5202 1984 5256 in
2010 5202 2206 5257 faciem

634 5302 789 5341 suam
812 5288 869 5342 in
892 5297 1114 5354 terram,
1140 5296 1199 5345 et
1218 5288 1468 5345 adoravit
1498 5305 1647 5369 eum.
1680 5293 1748 5348 Et
1770 5292 1912 5347 dixit
1936 5293 2154 5349 Samuel
2190 5312 2203 5347 :

633 5378 746 5433 Cur
771 5378 1211 5448 inquietastime,
1252 5390 1315 5437 ut
1334 5383 1728 5438 ascenderem?
1756 5384 1824 5439 Et
1864 5384 2001 5439 dixit
2033 5385 2159 5440 Saul
2189 5404 2201 5439 :

634 5465 894 5523 Coarctor
916 5469 1107 5535 valde;
1148 5480 1205 5525 et
1235 5472 1491 5543 allophyli
1523 5472 1728 5529 bellum
1765 5484 1963 5545 gerunt
2010 5474 2204 5528 adver-

633 5576 755 5615 sum
782 5576 899 5628 me;
928 5572 985 5617 et
1020 5564 1167 5619 Deus
1211 5569 1435 5623 recessit
1473 5584 1506 5623 a
1538 5584 1649 5631 me,
1678 5577 1735 5624 et
1777 5585 1886 5625 non
1928 5570 2207 5625 exaudivit

634 5664 722 5706 me
746 5650 947 5715 adhuc,
983 5668 1160 5722 neque
1186 5654 1241 5708 in
1270 5670 1432 5712 manu
1463 5658 1876 5728 prophetarum,
1907 5674 2085 5730 neque
2109 5675 2207 5730 per

707 5833 751 5874 ’δ
775 5831 909 5887 Jnan
960 5850 1013 5898 χ,
1039 5829 1213 5888 Ξῖοὲς)
1308 5837 1349 5867 ⁹⁵¹
1377 5834 1392 5889 l
1420 5835 1565 5891 Pctr.
1595 5852 1665 5901 ιν,
1700 5837 1778 5891 l9.

2311 4665 2448 4735 αὐτῇ
2483 4664 2676 4727 Σαοὺλ,
2718 4663 2912 4729 λέγων·
2949 4662 3023 4731 Ζῇ
3058 4659 3285 4730 Κύριος,
3315 4660 3363 4711 εί
3396 4654 3761 4728 ἀπαντήσεταί
3786 4669 3852 4705 σοι

2309 4754 2493 4808 ἀδικία
2521 4756 2579 4805 ὲν
2607 4750 2840 4822 τῷλόγῳ
2860 4748 3055 4819 τούτῳ.
3076 4748 3184 4801 Kal
3207 4743 3359 4799 εἶπεν
3379 4748 3412 4815 ἡ
3430 4745 3565 4814 γυνὴ
3586 4742 3662 4813 τῷ
3687 4736 3850 4794 Σαούλ’

2310 4846 2444 4898 Τίνα
2475 4844 2739 4912 ἀναγάγω
2767 4858 2849 4895 σοι
2874 4856 2889 4907 ;
2918 4840 3029 4892 Kal
3057 4834 3200 4891 εἶπεν
3232 4837 3339 4890 Τὸν
3365 4835 3618 4907 Σαμουὴλ
3640 4826 3852 4899 ἀνάγαγέ

2313 4954 2423 5009 μοι.
2476 4935 2589 4989 Kal
2633 4928 2773 4986 εἶδεν
2804 4934 2838 5004 ἡ
2863 4917 3002 5001 γυνὴ
3036 4930 3129 4983 τὸν
3151 4928 3405 5000 Σαμουὴλ
3424 4967 3440 4992 ,
3481 4926 3570 4980 καὶ
3616 4922 3850 4991 ἀνεϐόησε

2312 5029 2465 5099 φωνῇ
2498 5024 2731 5097 μεγάλῃ.
2769 5024 2881 5077 Kal
2908 5017 3060 5076 εἷπεν
3092 5022 3126 5091 ἡ
3156 5021 3296 5091 γυνὴ
3324 5019 3462 5089 πρὸς
3486 5016 3674 5071 Σαούλ·
3711 5009 3852 5067 ἰνατί

2311 5116 2657 5191 παρελογίσω
2690 5133 2786 5187 pe;
2820 5116 2913 5169 καὶ
2943 5115 3006 5168 σὺ
3047 5108 3098 5167 εἶ
3134 5112 3326 5166 Σαούλ.
3366 5111 3479 5165 Kal
3504 5105 3657 5163 εἶπεν
3686 5105 3808 5174 αὐτῇ
3828 5102 3853 5153 6

2315 5207 2586 5282 βασιλεύς
2612 5206 2704 5277 Μὴ
2739 5205 2928 5275 φοϐοῦ,
2959 5202 3112 5258 εἷπον
3144 5204 3268 5256 τίνα
3290 5202 3556 5274 ἑώρακας.
3590 5198 3701 5253 Kal
3723 5191 3854 5249 εἶπεν

2314 5298 2524 5372 αὐτῷή
2576 5286 2736 5369 γυνή’
2771 5297 2937 5359 Θεοὺς
2985 5295 3205 5366 ἑώρακα
3253 5292 3641 5352 ἀναϐαίνοντας
3683 5289 3743 5341 ἐκ
3770 5283 3857 5372 τῆς

2311 5370 2443 5457 γῆςζ
2477 5388 2586 5441 Kal
2620 5381 2773 5438 εἶπεν
2801 5384 2958 5455 αὐτῇ·
3008 5383 3073 5436 Τί
3118 5382 3323 5451 ἐγνως;
3357 5382 3467 5435 Καὶ
3509 5374 3658 5431 εἶπεν
3697 5370 3853 5441 αὐτῷ’

2315 5478 2517 5550 Ἀνδρα
2563 5477 2743 5550 ϐρθιον
2789 5475 3149 5531 ἀναϐαίνοντα
3197 5474 3263 5527 ὲκ
3300 5472 3403 5544 τῆς
3429 5470 3549 5541 γῆς,
3583 5469 3677 5520 καὶ
3720 5459 3857 5550 mino;

2316 5548 2566 5625 διπλοΐδα
2592 5548 3055 5641 ἀναϐεϐλημένος.
3084 5568 3197 5623 Kal
3229 5566 3370 5635 έγνω
3394 5561 3575 5625 Σαοὺλ,
3608 5560 3690 5612 ὅτι
3718 5548 3856 5614 οὗτος

2321 5661 2602 5734 Σαμουὴλ,
2636 5662 2729 5715 καὶ
2774 5660 2973 5731 ἔκυψεν
3011 5660 3106 5713 ἐπὶ
3136 5659 3427 5730 πρόσωπον
3468 5649 3626 5708 αὐτοῦ
3658 5648 3747 5703 ἐπὶ
3771 5645 3855 5714 τὴν
