3998 6524
570 381 673 439 Ᾱ59

573 489 786 563 angelis
820 502 884 542 ea
908 500 1050 556 quae,
1092 481 1139 539 si
1163 480 1200 536 ii
1241 477 1538 535 didicerint
1576 478 1672 548 qui
1717 479 1937 533 curiose
1963 477 2156 541 SCiSCi-z

575 594 782 647 tantur,
835 577 1131 636 admodum
1168 573 1549 637 intabescent;
1602 585 1777 640 eaque
1817 569 2154 649 prmnotione

577 676 746 732 veluti
766 670 1092 745 quibusdam
1110 667 1205 723 ira:
1227 680 1289 720 ac
1304 679 1597 734 poenarum
1622 662 1731 730 sibi
1748 662 2154 731 imminentium

576 766 837 840 primitiis
870 759 1289 832 torquebuntur.
1340 756 1401 811 In
1443 755 1650 817 sanctis
1684 754 1833 809 enim
1874 754 2159 829 prOphetis

578 860 841 921 insident,
889 855 1079 925 eisque
1140 848 1625 905 communicantur
1677 846 2003 915 plerumque
2048 862 2155 899 non

580 950 756 1005 tristia
802 948 1002 1012 solum,
1046 951 1103 998 et
1137 941 1341 1015 quibus
1381 952 1615 996 mcerere
1638 944 1693 991 et
1718 938 1773 1003 in
1798 937 1952 992 luctu
1976 938 2159 1007 jacere

578 1038 850 1111 quispiam
891 1034 1096 1106 possit;
1140 1030 1236 1085 sed
1269 1030 1436 1084 etiam
1486 1041 1826 1097 quaecunque
1882 1025 2167 1086 nonnullis.

496 1168 499 1169 ν
579 1130 782 1186 laetitiae
804 1136 858 1182 et
876 1122 1206 1197 iucunditati
1235 1120 1418 1175 futura
1444 1125 1575 1179 sunt
1604 1136 1621 1178 ε,
1647 1116 1833 1187 impiis
1868 1126 2049 1179 autem
2095 1131 2160 1181 ac

580 1221 811 1278 nefariis
830 1216 1233 1274 divinationum
1250 1211 1511 1267 studiosis
1540 1210 1688 1269 Deus
1717 1208 1858 1274 mala
1879 1224 2010 1278 qua
2027 1208 2163 1279 ipsis

581 1318 846 1366 eventura
870 1316 998 1363 sunt
1022 1305 1217 1375 aperit.

654 1398 854 1455 PALL.
899 1394 1184 1469 Quomodo
1224 1401 1429 1456 autem,
1480 1395 1573 1451 aut
1597 1385 1741 1443 unde
1781 1386 1896 1451 haec
1940 1385 2160 1459 probari

586 1490 886 1562 poterunt?

654 1583 814 1639 CYR.
866 1578 950 1649 Ab
970 1577 1107 1650 ipsis
1126 1575 1354 1630 Litteris
1402 1573 1759 1637 sacris;nam
1808 1586 1929 1640 quae
1969 1568 2164 1640 priscis

588 1674 698 1729 illis
738 1670 1054 1737 hominibus
1082 1665 1434 1729 acciderunt,
1473 1663 1676 1741 scripta
1728 1669 1856 1717 sunt
1890 1671 1951 1716 ut
1994 1660 2165 1731 figura

588 1766 751 1821 nobis
767 1772 970 1827 essent,
994 1769 1050 1816 et
1073 1758 1268 1814 modus
1279 1772 1387 1828 quo
1408 1755 1634 1827 mystice
1660 1754 2054 1808 imbueremur.
2081 1751 2164 1805 An

1602 369 1657 424 s.
1697 367 1971 423 CYRILLI
2014 368 2487 432 ALEXANDle
2524 348 2845 422 Aeetam

2260 480 2372 543 λων
2415 479 2493 542 εἰς
2536 474 2876 548 ἀνθρώπινον
2929 472 3089 539 νοῦν,
3138 474 3281 544 ἅπερ
3321 473 3388 529 ἄν
3427 474 3477 527 εί
3520 474 3735 545 μάθοιεν
3770 484 3815 534 οι

2258 570 2634 639 φιλοπευστείν
2675 566 2942 639 ᾑρημένοι
2961 608 2981 633 ,δ
3026 566 3501 635 κατατακήσονται
3552 565 3703 632 λίαν,
3732 572 3814 625 καὶ

2257 643 2511 733 ἀπαρχὴν
2539 661 2729 728 ὣσπερ
2748 656 2868 709 τινὰ
2896 655 2999 724 τῆς
3030 654 3211 723 σφίσιν
3244 654 3643 726 ὲπηρτημένης
3666 658 3817 728 ὀργῆς

2258 770 2315 806 τε
2339 752 2433 804 καὶ
2456 750 2612 819 δίκης
2641 747 2974 817 ὑπομένουσι
3000 746 3100 816 τὴν
3129 745 3463 816 πρόγνωσιν.
3502 744 3704 813 ’Δγίοις
3732 748 3819 816 μὲν

2259 843 2368 915 γὰρ
2420 842 2727 911 προφήταις
2793 835 3236 900 ἐπαναπαύεται,
3290 837 3387 890 καὶ
3449 836 3821 899 ἀνακοινοῦται

2260 933 2546 998 πολλάκις,
2568 930 2688 1001 οὐχὶ
2720 930 2789 1002 δὴ
2818 928 2955 999 μόνα
2979 928 3049 982 τὰ
3079 925 3399 997 σκυθρωπὰ,
3428 927 3525 979 καὶ
3543 920 3735 996 οἷσπερ
3762 928 3820 981 ἂν

2259 1042 2343 1087 τις
2392 1022 2794 1091 ὲπιστυγνάσας
2834 1018 3052 1073 καθίσει
3098 1016 3383 1088 δακρύων,
3411 1015 3553 1070 ἀλλά
3600 1018 3690 1069 καὶ
3731 1020 3820 1075 ὅσα

2261 1114 2396 1186 πρὸς
2434 1113 2696 1183 εὐθυμίας
2737 1111 2831 1164 καὶ
2876 1104 3179 1180 εὐημερίας
3214 1106 3366 1163 ἔσται
3407 1106 3574 1159 τισίν’
3607 1107 3819 1173 ἀνοσίοις

2260 1204 2317 1257 δὲ
2346 1204 2439 1257 xa‘t
2481 1201 2857 1270 ὲναγεστάτοις
2891 1198 3279 1269 φιλομάντεσι,
3314 1196 3387 1251 τὰ
3429 1198 3617 1265 σφίσιν
3654 1200 3815 1265 nimi;

2261 1296 2493 1366 ἐσόμενα
2521 1292 2906 1346 διεκκαλύπτει
2939 1291 3106 1345 κακά.

2332 1387 2541 1439 ΠΑΛΛ.
2572 1384 2681 1437 Καὶ⁸
2704 1384 2786 1447 τίς
2816 1384 2849 1453 ἢ
2884 1381 3050 1436 πόθεν
3083 1381 3148 1436 ἂν
3172 1380 3384 1449 γένοιτο
3406 1378 3618 1434 τούτων
3638 1381 3760 1451 ήμῖν
3787 1384 3819 1455 ή

2264 1480 2446 1541 πίστις

2334 1570 2499 1623 ΚΥΡ.
2550 1568 2684 1625 Ἀπό
2715 1583 2779 1636 γε
2813 1566 2922 1620 τῶν
2950 1564 3110 1636 ιερῶν
3135 1564 3506 1636 Γῳμμάτωψ
3532 1564 3696 1629 τύπος
3728 1566 3820 1637 γὰρ

2262 1662 2397 1733 ἡμῖν
2443 1660 2539 1713 καὶ
2582 1657 2975 1731 μυσταγωγίας
3014 1658 3301 1727 ἀνεγράφη
3349 1656 3587 1727 τρόπος,
3625 1658 3690 1709 τά
3726 1658 3820 1720 τοῖς

2265 1752 2641 1823 ἀρχαιοτέροις
2682 1748 3088 1820 συμϐεϐηκότα.
3132 1747 3200 1803 Ἦ
3235 1746 3347 1818 γὰρ
3388 1747 3491 1800 οὐκ
3539 1741 3717 1813 οἶσθα,
3751 1747 3818 1801 ὅτι

589 1864 815 1928 ignoras
832 1854 990 1924 Balac
1023 1849 1197 1919 filium
1236 1847 1471 1916 Sephor,
1512 1847 1666 1900 illum
1708 1844 2066 1901 Moabitarum
2109 1851 2166 1901 et

2284 1844 2452 1899 ἂαλάκ
2489 1845 2517 1895 6
2544 1841 2638 1896 τοῦ
2667 1838 2931 1911 Σεπφὼρ,
2975 1842 3005 1895 ὁ
3042 1837 3352 1895 Μωαϐιτῶν
3380 1838 3471 1894 καὶ
3494 1837 3821 1907 Μαδιηναίων

589 1946 1013 2002 Madianitarum
1060 1952 1373 2014 tyrannum,
1412 1953 1541 1993 cum
1585 1937 1783 1993 fortem
1824 1944 1877 1993 et
1914 1935 2172 1991 invictam

589 2036 812 2094 lsraelis
865 2031 1281 2101 multitudinem
1336 2029 1770 2100 pertimesceret,
1817 2042 1879 2082 ac
1914 2026 2067 2080 brevi
2115 2040 2174 2080 se

589 2142 717 2182 cum
770 2124 986 2193 caeteris
1037 2121 1297 2199 gentibus
1343 2119 1507 2174 simul
1543 2117 1847 2188 periturum
1893 2115 2174 2174 existima-

590 2224 695 2281 ret,
737 2214 991 2273 mercede
1017 2222 1175 2283 pacta
1196 2210 1522 2268 conduxisse
1544 2208 1793 2264 Balaam?
1824 2228 1841 2260 ι
1869 2207 2027 2272 Veni,
2049 2225 2066 2257 ι
2089 2206 2177 2263 in-

591 2307 732 2377 quit,
777 2325 794 2357 ι
823 2315 880 2360 ει
900 2304 1133 2359 maledic
1157 2302 1370 2372 Israeli.
1390 2300 1636 2370 Cumque
1658 2300 1935 2355 venissent
1955 2296 2134 2352 nuntii
2161 2314 2175 2350 :

592 2395 980 2463 Diversamini,
1004 2416 1021 2447 ι
1050 2394 1249 2463 inquit,
1274 2414 1293 2445 ι
1315 2393 1403 2448 hic
1419 2400 1579 2447 nocte
1599 2392 1731 2459 hac;
1759 2399 1816 2445 et
1839 2387 2182 2459 respondebo

594 2489 763 2559 vobis
778 2487 1044 2559 quidquid
1065 2487 1266 2543 dixerit
1278 2486 1544 2557 Dominus
1565 2484 1630 2540 ad
1650 2500 1737 2539 me
1752 2482 1794 2536 ’⁵.
1808 2502 1824 2534 ι
1852 2481 2184 2553 192(1um-

597 2594 705 2650 que
738 2578 934 2648 frigida
964 2587 1023 2645 et
1058 2594 1091 2632 ιι
1122 2576 1405 2647 daemoniis
1439 2575 1681 2639 immissa
1730 2574 1941 2631 somnia
1976 2587 2185 2643 quaereb

597 2651 704 2737 ιῖει,
728 2681 783 2728 et
803 2687 926 2742 quae
940 2686 1004 2726 ex
1031 2669 1366 2726 carminibus
1385 2677 1441 2724 et
1456 2667 1677 2740 magicis
1707 2666 1917 2721 artibus
1932 2666 2038 2721 sibi
2057 2682 2187 2721 con-

596 2762 808 2829 tingere
830 2761 1100 2825 solebant,
1160 2767 1455 2829 separaret.
1501 2758 1792 2815 Dominum
1829 2755 1966 2813 dixit
1999 2770 2186 2811 secum

596 2840 913 2906 locuturum
940 2870 953 2905 :
979 2852 1152 2909 Deum
1174 2850 1320 2904 enim
1344 2865 1403 2915 se
1442 2849 1632 2913 audire
1656 2849 1962 2905 simulabat.
1989 2846 2189 2915 Quam—

597 2942 693 3001 vis
706 2952 895 3011 autem.
918 2956 1087 2997 sacrae
1110 2940 1334 2999 Littera:
1358 2939 1639 2995 consuetis
1654 2939 2058 3001 incantatorum
2089 2955 2188 2994 vo-

599 3034 760 3089 cibus
785 3043 1030 3099 utantur,
1064 3048 1174 3088 non
1205 3040 1388 3089 tamen
1434 3032 1714 3102 sapienter
1742 3032 2188 3087 existimabimus

598 3139 727 3196 eum
756 3124 850 3194 qui
882 3132 1080 3179 natura
1127 3132 1186 3180 et.
1229 3138 1363 3180 vere
1391 3123 1539 3179 Deus
1571 3133 1676 3189 est,
1708 3123 1860 3179 velut
1893 3138 1961 3177 ex
2002 3122 2187 3177 chari—

2272 1936 2557 2007 τύραννος,
2582 1932 2680 2004 τὴν
2709 1930 3151 2001 ἀκαταγώνιστόν
3184 1946 3243 1983 τε
3277 1930 3374 1982 καὶ
3407 1928 3709 1999 ἄθραυστον
3742 1927 3818 1981 τοῦ

2287 2027 2502 2100 Ἰσραὴλ
2527 2024 2952 2099 κατορριικδήσας
2981 2021 3225 2093 πληθὺν,
3248 2021 3342 2077 καὶ
3379 2020 3586 2074 αὐτίκα
3611 2018 3672 2088 δή
3702 2019 3821 2088 μάλα

2275 2122 2389 2184 τοῖς
2419 2119 2625 2189 ἑτέροις
2650 2115 2829 2170 ἔθνεσι
2854 2112 3261 2168 συνδιόλλυσθαι
3288 2109 3691 2175 πεπιστευκὼς,
3716 2128 3821 2163 κατε

2279 2209 2567 2281 εμισθοῦτο
2589 2208 2681 2263 τὸν
2705 2207 2935 2276 Βαλαάμ
2959 2223 2975 2271 ;
3001 2224 3019 2257 ι
3041 2203 3211 2273 Δεῦρο
3238 2202 3323 2273 δῆ,
3342 2222 3361 2254 ι
3381 2203 3583 2271 λέγων,
3605 2222 3623 2252 ι
3642 2203 3820 2270 ἐπάρα-

2282 2302 2371 2356 σαί
2397 2318 2486 2371 μοι
2516 2300 2613 2353 τὸν
2641 2298 2875 2371 Ἰσραήλ.
2894 2294 3110 2366 Ἐπειδὴ
3131 2293 3187 2346 δὲ
3208 2289 3342 2364 ἧκον
3364 2295 3415 2346 οἱ
3443 2290 3715 2361 πρέσϐεις·
3733 2292 3822 2345 Καί

2279 2394 2548 2450 ταλύσατε
2577 2392 2762 2458 αὐτοῦ,
2792 2411 2812 2444 ι
2838 2390 2994 2461 φησὶ,
3036 2408 3055 2440 ι
3076 2390 3172 2459 τὴν
3194 2387 3364 2441 νύκτα
3385 2428 3401 2452 ,
3430 2386 3531 2441 καὶ
3555 2385 3820 2456 ἀποκριθή-

2284 2504 2450 2559 σομαι
2477 2487 2605 2558 ὑμῖν
2631 2486 2863 2556 πρᾶγμα
2900 2483 2929 2535 ὃ
2950 2481 3046 2536 ὲάν
3075 2480 3288 2552 λαλήσῃ
3314 2478 3524 2549 Κύριος
3556 2479 3685 2550 πρὸς
3708 2496 3782 2549 με.
3802 2498 3818 2531 ι

2296 2577 2603 2651 Ὀνειράτια
2633 2576 2689 2629 δὲ
2717 2574 2900 2647 ψυχρά
2931 2573 3028 2628 καὶ
3058 2571 3387 2644 δαιμονιώδη
3420 2568 3640 2642 ζητῶν,
3668 2572 3749 2623 καὶ
3773 2572 3821 2637 ἐξ

2286 2671 2501 2743 ἐπῳδῆς
2519 2668 2661 2741 τάχα
2685 2685 2789 2721 που
2818 2668 2911 2721 καὶ
2937 2665 3277 2737 μαγγανείας
3306 2662 3455 2734 αὐτῷ
3491 2663 3824 2734 συμϐαίνοντα

2288 2759 2627 2834 προσδοκῶν,
2670 2758 2876 2830 Κύριον
2921 2756 3027 2825 ἔφη
3060 2755 3314 2826 λαλήσειν
3348 2753 3520 2825 αύτῷ·
3561 2752 3825 2809 θεοκλυτεῖν

2287 2855 2397 2922 γὰρ
2457 2851 2781 2921 ἐσκήπτετο.
2829 2847 2970 2901 Ἀλλ’
3024 2849 3073 2901 εί
3130 2846 3225 2901 καὶ¹
3268 2848 3389 2908 ταῖς
3443 2843 3697 2917 συνήθεσι
3740 2843 3824 2897 τῶν

2288 2945 2500 3015 γοήτων
2526 2943 2731 3013 φωναῖς
2769 2940 2830 2993 τὸ
2858 2938 3101 3011 Γράμμα
3126 2938 3329 3009 χρῆται
3358 2937 3421 2991 τὸ
3455 2937 3639 3008 ίερδν,
3659 2936 3746 2990 ούκ
3766 2936 3817 2989 ἂν

2289 3031 2606 3103 οἰηθείημεν
2653 3028 2829 3103 ὀρθῶς
2871 3027 3233 3101 φρονοῦντες,
3271 3027 3404 3082 Θεὸν
3440 3028 3539 3082 τὸν
3573 3027 3719 3096 φύσει
3752 3028 3824 3079 καὶ

2292 3121 2509 3192 ἀληθῶς
2535 3122 2655 3183 ταῖς
2681 3119 2922 3191 βεϐήλων
2954 3118 3153 3172 ἐνιέναι
3168 3118 3367 3188 ψυχαῖς
3394 3116 3472 3180 ὡς
3494 3116 3559 3184 ὲξ
3572 3116 3827 3186 ἀγάπηςτδ

600 3222 712 3267 tate
736 3212 1090 3284 profanorum
1110 3212 1401 3271 hominum
1430 3213 1631 3281 animis
1660 3212 1957 3267 immittere
1980 3211 2180 3266 verita-

2284 3212 2612 3284 ιίιληθὲς,κα)⁸
2634 3211 2788 3283 ἀνδρὶ
2820 3208 3053 3281 μυσαρῷ
3080 3209 3175 3263 καὶ
3201 3209 3361 3279 γόητι
3389 3207 3827 3279 καὶείδωλολάτρη

601 3309 734 3367 tem,
777 3310 834 3357 et
876 3318 1007 3358 eum
1029 3303 1253 3358 homine
1307 3301 1759 3367 sceleratissimo,
1803 3311 1859 3357 et
1903 3316 2082 3370 mago,
2124 3311 2183 3357 et

602 3393 767 3459 idolis
782 3392 968 3449 dedito
990 3394 1663 3465 colloqui.Verumtamen,
1689 3413 1707 3444 ι
1731 3393 1913 3458 Venit,
1940 3413 1957 3445 )
1983 3393 2180 3463 inquit,

615 3502 634 3534 ι
670 3484 816 3541 Deus
839 3485 906 3539 ad
930 3484 1169 3549 Balaam,
1209 3494 1268 3539 et
1296 3484 1436 3539 dixit
1475 3484 1554 3540 illi
1585 3525 1598 3538 .
1631 3483 1773 3550 Quid
1802 3484 2053 3539 homines
2090 3484 2182 3539 isti

606 3589 777 3644 penes
799 3584 852 3631 te
875 3575 934 3628 '?
961 3595 979 3627 ι
1010 3576 1197 3647 quue
1217 3591 1437 3631 causam
1483 3577 1751 3631 adventus
1795 3591 1986 3631 eorum
2012 3592 2182 3645 expo-

606 3677 775 3721 nente
803 3685 825 3721 ι
851 3686 868 3717 ι
901 3666 1066 3734 Dixit,
1090 3686 1109 3717 ›
1133 3667 1333 3737 inquit,
1353 3685 1371 3719 ι
1400 3668 1665 3723 Dominus
1688 3668 1904 3723 Balaam
1936 3686 1947 3721 :
1973 3667 2053 3722 Ne
2092 3683 2186 3722 eas

610 3769 736 3809 cum
759 3754 888 3819 illis,
917 3769 1097 3824 neque
1119 3755 1417 3821 maledicas
1439 3756 1642 3826 pepulo
1669 3774 1682 3809 :
1710 3764 1795 3811 est
1831 3757 1979 3812 enim
2017 3758 2186 3812 bene.

610 3844 794 3900 dictus
807 3846 847 3898 ⁸.
882 3864 902 3895 ι
930 3845 1069 3911 Ecce
1090 3846 1204 3916 jam
1226 3855 1412 3915 aperte
1462 3845 1657 3901 beatus
1692 3847 1919 3917 angelus
1957 3863 2023 3901 ex
2056 3862 2184 3917 per-

611 3949 744 3989 sona
774 3936 870 3990 Dei
898 3934 1250 4005 deeeptorem
1292 3935 1447 3990 illum
1489 3946 1652 4005 atque
1706 3947 2025 4009 nugatorem
2065 3953 2185 3992 ma-

612 4042 741 4093 gum
766 4026 985 4090 avertit,
1038 4041 1109 4081 ne
1132 4026 1461 4082 maledicere
1484 4027 1683 4087 audeat
1702 4028 1782 4083 illi
1814 4030 1907 4099 qui
1933 4030 2057 4083 sita
2074 4029 2188 4082 Deo

611 4115 956 4181 benedictus,
981 4130 1161 4184 neque
1178 4116 1380 4171 divinis
1401 4116 1641 4172 decretis
1680 4127 1917 4188 Opponat
1960 4118 2186 4172 humani

613 4205 955 4275 infelicisque
980 4205 1197 4260 consilii
1222 4212 1573 4261 commenta:
1614 4222 1725 4262 non
1749 4206 1896 4277 quod
1942 4207 2033 4261 illa
2073 4222 2187 4261 ma-

611 4298 837 4353 ledictio
866 4296 1083 4352 ofﬁcere
1118 4296 1326 4367 aliquid
1358 4306 1578 4367 posset;
1628 4298 1726 4354 sed
1773 4308 1834 4353 ut
1884 4306 2070 4369 aperte
2123 4314 2186 4354 ae

613 4388 923 4453 manifeste,
954 4387 1133 4457 quiin
1166 4387 1479 4458 huiusmodi
1527 4403 1681 4457 spem
1714 4388 1879 4443 stulte
1919 4388 2189 4444 adductus

613 4486 780 4541 esset,
825 4492 925 4546 per
956 4476 1113 4529 illum
1150 4491 1371 4546 quoque
1425 4477 1627 4531 certior
1686 4476 1863 4543 fieret,
1906 4494 2188 4548 nunquam

2289 3303 2633 3375 προσλαλεῖν.
2662 3302 2829 3375 Πλὴν,
2866 3322 2884 3354 ι
2920 3298 3113 3364 Ἦλθε,
3154 3319 3172 3353 ι
3202 3301 3391 3371 φησὶν,
3424 3320 3445 3353 ι
3475 3302 3507 3354 6
3539 3300 3668 3364 Θεὸς
3710 3298 3818 3370 πρὸς

2290 3395 2539 3466 Βαλαὰμ,
2564 3396 2661 3450 καὶ
2683 3391 2836 3450 εἶπεν
2865 3394 3040 3466 αύτῷί
3062 3395 3128 3448 Τί
3156 3396 3207 3449 oi
3235 3394 3515 3466 ἄνθρωποι
3546 3389 3681 3448 οὗτοι
3708 3393 3827 3463 παρά

2292 3487 2402 3552 σοί;
2431 3506 2449 3538 ι
2476 3486 2584 3540 Τοῦ
2618 3486 2676 3541 δὲ
2704 3487 2803 3556 τῆς
2833 3484 3071 3555 ἀφίξεως
3092 3485 3189 3557 τὴν
3219 3484 3401 3539 αἰτίαν
3430 3482 3823 3553 ἀπηγγελκότος,

2301 3597 2319 3629 ι
2356 3572 2514 3641 Εἷπε,
2551 3596 2570 3628 ι
2613 3575 2800 3648 φησιν,
2830 3595 2851 3627 ι
2887 3578 2915 3629 6
2940 3575 3070 3640 Θεὸς
3093 3576 3229 3648 πρὸς
3248 3575 3498 3645 Βαλαάμ·
3533 3576 3607 3629 Οὐ
3629 3573 3825 3645 πορεύσῃ

2294 3670 2409 3739 μετ’
2446 3668 2647 3731 αὐτῶν,
2687 3668 2795 3721 οὐδ’
2824 3668 2883 3720 ού
2919 3666 2994 3739 μὴ
3014 3668 3299 3739 καταράσῃ
3325 3667 3416 3721 τὸν
3435 3667 3589 3721 λαόν·
3620 3664 3823 3734 ἔστιγὰρ

2293 3760 2490 3833 εύλογη
2500 3761 2681 3832 μένος.
2698 3780 2716 3813 ι
2737 3759 2867 3814 Ἰδοὺ
2886 3759 2951 3832 δὴ
2969 3760 3155 3830 σαφῶς
3176 3761 3239 3813 ὲκ
3264 3758 3561 3831 προσώπου
3594 3756 3683 3812 τοῦ
3697 3755 3827 3823 Θεοῦ,

2291 3854 2320 3906 6
2349 3853 2618 3923 μακάριος
2663 3851 2896 3921 ἄγγελος
2932 3851 3027 3905 τὸν
3066 3850 3363 3909 ἀπατεῶνα
3396 3850 3492 3904 καὶ
3518 3848 3822 3921 είκαιόμυθον

2291 3941 2593 4014 ἀποτρέπει
2650 3941 2826 4011 γόητα
2867 3939 2961 3993 τὸν
3008 3939 3373 4009 εὐλογημένον
3420 3939 3580 4010 παρά
3618 3937 3724 4007 Θεῷ
3766 3937 3823 4005 μὴ

2291 4031 2602 4105 ἐπαρᾶσθαι
2655 4031 2877 4102 ζητεῖν,
2931 4031 3067 4103 μηδὲ
3115 4033 3237 4093 ταῖς
3284 4028 3493 4085 ἀνωθεν
3554 4027 3824 4095 ἀντεξάγειν

2291 4124 2496 4194 ψήφοις
2548 4123 2616 4178 τὰ
2660 4123 2721 4190 ἐξ
2768 4122 3120 4196 ἀνθρωπίνης
3184 4121 3508 4183 δυσϐουλίας
3568 4119 3825 4190 εύρέματα,

2291 4213 2390 4283 οὐχ
2416 4211 2492 4275 ὡς
2522 4211 2623 4282 τῆς
2664 4211 2804 4282 ἀρᾶς
2836 4210 3125 4281 ίσχυούσης
3159 4209 3386 4274 ἀδικεῖν,
3422 4208 3539 4261 ἀλλ’
3566 4209 3650 4261 ἶνα
3677 4205 3827 4275 σαφῶς

2291 4321 2352 4357 τε
2378 4304 2476 4357 καὶ
2518 4303 2765 4373 ἐναργῶς
2811 4303 2840 4355 6
2878 4302 2979 4373 τὴν
3025 4302 3280 4373 τοιαύτην
3313 4301 3507 4355 ἐλπίδα
3545 4299 3823 4372 παραλόγως

2294 4393 2726 4465 είσδεδεγμένος,
2758 4392 3172 4465 πληροφοροῖτο,
3199 4393 3290 4447 καὶ
3327 4392 3393 4446 δι’
3425 4391 3611 4456 αὑτοῦ,
3631 4390 3699 4453 ὡς
3738 4388 3821 4441 aint

2296 4487 2363 4541 ἂν
2402 4486 2612 4556 γένοιτό
2637 4502 2765 4540 ποτε
2797 4485 3118 4548 Μωαϐίταις
3143 4484 3177 4555 ἢ
3201 4483 3558 4555 Μαδιηναίοις
3586 4480 3821 4550 ἁλώσιμος

613 4565 730 4621 fore
764 4575 829 4619 ut
862 4581 892 4619 a
911 4565 1165 4621 Moabitis
1197 4567 1283 4621 vel
1306 4566 1616 4637 Madianitis
1638 4567 1804 4623 israel
1847 4583 2180 4639 expugnare-

2296 4578 2325 4629 6
2386 4555 2638 4648 Ἰσραὴλ,
2690 4574 3121 4648 προασπίζοντός
3180 4593 3242 4629 τε
3294 4576 3389 4628 καὶ
3439 4570 3823 4645 ύπεραθλοῦντος

615 4665 727 4721 tur,
762 4656 849 4711 cui
889 4665 1169 4725 protector
1193 4670 1339 4714 esset
1392 4673 1455 4713 ac
1499 4668 1870 4729 propugnator
1905 4661 2071 4727 Deus,
2096 4660 2190 4731 qui

616 4748 888 4818 populum
910 4747 1263 4801 benedictum
1286 4749 1500 4818 sibique
1537 4750 1782 4804 deditum
1821 4766 1920 4806 sua
1942 4752 2193 4824 benigni-

617 4843 727 4891 tate
751 4834 1011 4894 muniret.
1037 4835 1215 4904 Atque
1248 4836 1366 4893 hzec
1388 4838 1609 4907 quidem
1652 4839 1845 4895 beatus
1885 4843 2112 4913 angelus
2135 4851 2193 4897 et

615 4928 777 4994 dixit,
802 4938 859 4983 et
874 4926 1056 4983 facere
1079 4929 1359 4997 praecepit.
1381 4928 1510 4994 Sed,
1533 4941 1886 5002 posteaquam
1902 4935 2190 5003 promissis

618 5020 947 5075 muneribus
970 5018 1039 5073 ad
1061 5019 1318 5089 eumdem
1341 5020 1429 5076 ille
1454 5030 1608 5077 vates
1644 5023 1857 5079 illectus
1904 5034 2007 5089 cst,
2046 5026 2195 5095 quod

617 5110 851 5167 fortasse
876 5111 933 5166 id
959 5126 1091 5167 vere
1140 5126 1200 5166 se
1231 5113 1614 5182 praestiturum
1665 5116 2004 5187 Opinaretur,
2045 5118 2196 5185 abire

620 5202 842 5270 quidem
868 5201 1119 5274 permisit
1154 5205 1381 5274 angelus
1405 5224 1425 5271 ;ν
1445 5206 1539 5262 sed
1588 5206 1643 5261 in
1666 5208 1849 5264 media
1874 5220 2202 5280 conspectus

623 5298 710 5349 est
760 5291 849 5344 via
871 5284 1102 5363 fulgenti
1145 5294 1325 5365 gladio
1372 5312 1384 5347 ε
1434 5295 1628 5366 inquo
1674 5298 1961 5355 manifeste
2008 5300 2197 5356 docuit

622 5394 772 5445 eum,
811 5382 857 5434 si
884 5383 1207 5452 maledicere
1251 5386 1417 5452 vellet
1452 5387 1521 5442 iis
1558 5388 1652 5458 qui
1689 5389 1969 5447 benedicti
2013 5400 2191 5457 erant,

622 5468 828 5525 bellum
854 5481 909 5525 et
929 5472 1190 5529 adversus
1212 5476 1405 5542 Deum,
1439 5485 1494 5531 et
1530 5478 1796 5534 adversus
1817 5480 2038 5551 angelos
2072 5496 2193 5536 sus-

625 5568 785 5631 ceptu
794 5576 934 5615 rum.
954 5563 1311 5633 Posteaquam
1329 5582 1462 5623 vero
1480 5568 1547 5623 ad
1564 5570 1910 5627 Madianitam
1924 5572 2192 5642 pervenit,

705 5738 921 5811 *Num.
960 5756 1089 5805 xm,
1116 5739 1233 5794 6-8.
1312 5742 1332 5773 ⁸
1358 5743 1493 5799 ibid.
1521 5746 1572 5800 9.
1651 5746 1670 5775 ‘
1695 5745 1831 5804 ibid.
1860 5746 1943 5805 12.

2298 4668 2455 4736 Θεοῦ,
2490 4668 2584 4722 καὶ
2618 4671 2739 4733 ταῖς
2769 4666 3079 4740 εὐμενείαις
3117 4667 3548 4738 ἀνατειχίςοντος
3586 4665 3673 4719 τὸν
3706 4659 3827 4729 αύτῷ

2299 4758 2693 4829 προσκείμενον
2743 4758 2838 4811 καὶ
2879 4754 3241 4826 εύλογηθέντα
3301 4754 3451 4809 λαόν.
3498 4752 3654 4807 Ἀλλά
3696 4748 3824 4804 ταυτὶ

2301 4848 2401 4918 μὲν
2433 4849 2462 4901 6
2502 4846 2791 4911 θεσπέσιος
2828 4846 3059 4916 ἄγγελος
3097 4846 3202 4918 ἔφη
3246 4864 3306 4899 τε
3342 4846 3438 4898 καὶ
3481 4845 3608 4916 δρᾷν
3652 4839 3821 4895 ἐνετέλ-

2296 4936 2441 4988 λετοο
2474 4934 2667 5012 ἐπειδὴ⁵
2699 4935 2757 4988 δὲ
2782 4938 2902 4999 ταῖς
2920 4934 3030 4988 τῶν
3056 4934 3246 5006 δώρων
3275 4933 3626 5004 ὑποσχέσεσιν
3647 4928 3731 4982 ἐπὶ
3761 4923 3823 4993 τῷ

2298 5026 2499 5098 χρῆναι
2533 5026 2768 5095 βαδίζειν
2812 5027 2841 5078 6
2872 5026 3062 5095 μάντις
3087 5026 3416 5092 ὲδελεάζετο,
3464 5025 3599 5093 τάχα
3630 5039 3722 5087 που
3745 5016 3821 5072 καὶ

2299 5116 2515 5188 ἀληθῶς
2566 5116 2806 5187 ἰσχύσειν
2854 5118 3206 5188 ὑπειληφὼς,
3244 5118 3380 5173 ίέναι
3428 5118 3526 5188 μὲν
3568 5110 3821 5184 ἑφίησινό

2301 5206 2566 5291 μακαριος
2598 5207 2827 5275 ἄγγελος
2847 5248 2862 5270 ,
2900 5208 3041 5271 κατὰ
3083 5208 3256 5280 μέσην
3295 5208 3353 5262 δὲ
3409 5207 3561 5276 ὤφθη
3588 5204 3679 5275 τὴν
3709 5199 3818 5291 ὀξὺν,

2303 5288 2797 5371 συναστραπτούσῃ
2845 5298 3089 5370 ῥομφαίᾳ
3114 5338 3128 5363 ,
3163 5298 3431 5352 διδάσκων
3466 5293 3692 5365 ἐναργῶς
3716 5288 3821 5351 ὼςά

2299 5392 2533 5462 πόλεμος
2555 5390 2704 5462 αύτῴ
2729 5389 2867 5460 πρὸς
2916 5407 2977 5442 τε
3001 5388 3131 5441 Θεὸν
3161 5388 3257 5442 καὶ
3278 5386 3553 5455 ἀγγέλους,
3577 5385 3624 5436 εί
3649 5378 3821 5449 ἐπαρᾶι

2304 5484 2428 5538 σθαι
2459 5484 2701 5556 βούλοιτο
2723 5485 2851 5547 τοὺς
2877 5481 3293 5552 εύλογημένους.
3341 5477 3553 5548 Ἐπειδὴ
3576 5478 3629 5530 δὲ
3657 5474 3820 5542 ἀφῖκτο

2302 5576 2438 5646 πρὸς
2498 5576 2590 5630 τὸν
2645 5575 3013 5644 Μαδιηναῖον,
3065 5573 3279 5644 βωμοὺς
3338 5573 3435 5642 μὲν
3486 5568 3696 5637 ἀνίστη,
3741 5560 3817 5615 καὶ
