4072 6504
184 382 266 440 ιιι
872 382 961 437 DE
999 381 1443 443 ADORATIONE
1475 381 1549 438 lN
1586 379 1856 438 SPIRITU
1897 383 1988 438 ET
2031 384 2397 443 VERITATE.
2430 382 2563 443 LIB.
2608 388 2693 443 γι.
3325 374 3434 448 ne

184 498 450 571 βουθυτεῖν
490 496 731 551 ἐκέλευεο
782 498 1070 568 προφήτης
1113 499 1170 553 δέ
1214 495 1283 570 ἦν
1335 498 1535 562 εὐθὺς,
1579 500 1679 569 οὐχ
1720 500 1749 552 ὁ

1863 516 1973 558 iras
1995 504 2284 569 exstruxit,
2317 513 2373 559 et
2397 504 2566 560 boves
2590 504 2876 560 immolare
2911 505 3098 577 jussit,
3138 507 3433 577 prepheta-

184 588 442 659 συνήθης,
476 588 572 641 καὶ
608 586 979 659 ψευδηγόρος,
1010 587 1147 642 ἀλλά
1191 589 1311 661 θείᾳ.
1337 606 1398 642 τε
1432 590 1529 642 καὶ
1571 590 1747 660 ἀπορο

1863 606 1959 661 que
1978 593 2090 662 jam
2112 592 2289 648 factus
2316 601 2420 659 est,
2447 610 2558 649 non
2579 594 2756 664 qualis
2778 604 2906 650 ante
2953 596 3188 662 solebat,
3234 598 3428 662 falsus,

185 683 321 756 ρήτῳ
363 679 593 751 δυνάμει
648 680 1026 753 παρετρέπετο
1072 682 1206 753 παρ’
1254 681 1446 736 ἐλπίδα
1505 681 1644 752 πρὸς
1688 681 1750 734 τὸ

1863 685 1949 740 sed
1972 686 2025 739 vi
2049 685 2233 741 divina
2248 695 2304 741 et
2327 686 2588 741 ineffabili
2615 697 2814 757 praeter
2838 703 2990 759 spem
3016 688 3071 742 in
3089 691 3433 745 contrarium

182 774 432 828 ἐναντίον.
488 772 770 843 Ἐπηρᾶτο
817 773 917 844 μὲν
953 772 1063 844 γὰρ
1096 773 1385 844 οὐδαμῶς,
1428 772 1653 846 ηὐλόγει
1691 772 1749 826 δὲ

1863 784 1937 833 est
1959 793 2277 833 conversus.
2322 780 2441 833 Non
2494 780 2641 833 enim
2676 780 2982 846 maledixit,
3029 780 3125 836 sed
3148 782 3433 837 benedixit

184 867 375 937 μᾶλλον
411 866 505 921 τὸν
543 866 795 938 Ἰσραὴλ,
829 866 924 921 καὶ
950 869 1176 938 πικραῖς
1208 867 1385 938 ἐνίησι
1432 866 1631 929 λύπαις
1659 864 1750 919 τὸν

1863 869 2037 939 potius
2058 869 2264 936 Israeli,
2290 879 2347 925 et
2373 870 2430 925 in
2456 872 2685 926 acerbos
2725 872 2945 927 dolores
2968 873 3205 943 conjecit
3250 873 3431 929 Balac.

181 959 375 1012 Βαλάκ.
401 958 717 1030 Γέγραπται
745 959 802 1013 δὲ
832 958 1028 1024 οὕτως·
1060 960 1143 1014 ὅτι
1178 978 1197 1012 ι
1246 959 1536 1030 Ἐθυμὼθη
1564 957 1752 1012 Βαλὰκ

1863 959 1947 1015 Sic
1987 975 2225 1030 namque
2260 962 2527 1032 scriptum
2549 973 2671 1018 est:
2715 982 2733 1013 ι
2779 963 3100 1034 Indignatus
3140 975 3226 1020 est
3272 963 3433 1019 Balac

180 1051 261 1103 καὶ
298 1049 665 1121 συνεκρότησε
693 1052 813 1114 ταῖς
855 1052 1046 1122 χερσὶν
1075 1049 1262 1115 αὐτοῦ,
1289 1051 1385 1106 καὶ
1413 1046 1535 1104 εἷπε
1565 1048 1753 1102 Βαλὰκ

1863 1049 2119 1106 adversus
2139 1050 2378 1117 Balaam,
2396 1062 2452 1108 et
2474 1052 2765 1123 complosit
2789 1069 2982 1109 manus
3010 1070 3159 1119 suas,
3186 1064 3244 1109 et
3293 1054 3434 1110 dixit

182 1138 306 1208 πρὸς
389 1137 641 1208 Βαλαάμ’
715 1138 1148 1210 Καταράσασθαι
1208 1138 1299 1195 τὸν
1369 1139 1565 1211 ἐχθρόν
1646 1153 1751 1209 μου

1863 1142 2011 1198 Balac
2032 1142 2099 1197 ad
2123 1143 2341 1197 Balaam
2368 1162 2381 1198 :
2410 1144 2482 1201 Ut
2505 1145 2866 1201 malediceres
2915 1146 3141 1201 inimico
3179 1162 3303 1203 meo
3340 1164 3434 1201 vo.

181 1230 417 1300 κέκληκά
462 1246 554 1293 σε,
603 1230 699 1283 καὶ
754 1229 863 1284 ἰδοὺ
920 1230 1163 1299 εὐλογῶν
1224 1230 1534 1302 ηὐλόγησας
1577 1228 1752 1301 τούτῳ

1863 1233 1971 1288 cavi
1997 1241 2309 1299 te;etecce
2328 1235 2660 1291 benedicens
2702 1236 3036 1292 benedixisti
3072 1252 3200 1292 eum
3244 1240 3429 1293 tertio.

180 1322 361 1391 τρίτῳ.
395 1322 506 1376 Καὶ
533 1318 655 1375 εἷπε
685 1322 916 1392 Βαλαὰμ
945 1322 1085 1394 πρὸς
1111 1322 1315 1379 Βαλάκ’
1353 1323 1488 1393 Οὐχὶ
1515 1323 1608 1376 καὶ
1637 1324 1753 1386 τοῖς

1863 1327 1920 1382 Et
1934 1326 2073 1382 dixit
2097 1326 2314 1382 Balaam
2339 1328 2407 1382 ad
2432 1328 2591 1384 Balac
2616 1346 2629 1382 :
2653 1329 2846 1383 Nonne
2869 1330 3036 1384 etiam
3062 1330 3275 1385 nuntiis
3300 1331 3430 1395 tuis,

178 1412 426 1480 ἀγγέλοις
476 1429 572 1465 σου
611 1406 693 1474 οἷς
735 1411 1062 1475 ἀπέστειλας
1094 1413 1231 1482 πρός
1272 1430 1341 1484 με
1378 1412 1638 1485 ἐλάλησα,
1664 1412 1752 1467 λέ-

1863 1436 1994 1491 quos
2047 1420 2244 1475 misisti
2283 1420 2351 1475 ad
2399 1438 2506 1486 me,
2533 1423 2752 1477 locutus
2776 1436 2897 1477 sum
2924 1421 3115 1477 dicens
3152 1438 3166 1474 :
3201 1421 3258 1476 Si
3296 1421 3435 1475 mihi

178 1520 302 1575 γων·
381 1505 509 1558 Ἐάν
558 1521 648 1575 μοι
696 1503 774 1575 δῷ
806 1502 992 1558 Βαλὰκ
1047 1504 1229 1576 πλήρη
1271 1504 1361 1558 τὸν
1396 1499 1550 1559 οἷκον
1582 1504 1750 1558 αὐτοῦ

1863 1512 2015 1583 I93
2032 1512 2250 1568 dederit
2272 1513 2435 1569 Balac
2457 1514 2676 1584 plenam
2701 1513 2926 1568 domum
2950 1529 3107 1569 suam
3131 1521 3360 1584 argento
3377 1521 3436 1569 et

176 1599 436 1670 ἀργυρίου
469 1598 566 1651 καὶ
593 1596 821 1669 χρυσίου
842 1636 858 1661 ,
905 1598 968 1652 ού
1006 1598 1309 1668 δυνήσομαι
1337 1596 1653 1667 παραϐῆναι
1689 1596 1753 1649 τὸ

1863 1620 2012 1669 auro,
2051 1611 2367 1674 nonpolero
2393 1604 2673 1674 praeterire
2722 1605 2951 1660 verbum
2996 1604 3234 1670 Domini,
3275 1612 3336 1659 ut
3356 1604 3437 1659 fa-

179 1690 327 1760 ῥῆμα
377 1689 584 1758 Κυρίου
630 1689 855 1759 ποιῆσαι
906 1688 1039 1743 αὐτὸ
1083 1688 1248 1742 καλὸν
1288 1688 1322 1758 ἢ
1354 1686 1593 1758 πονηρὸν
1620 1686 1751 1756 παρ’

1863 1693 1993 1749 ciam
2016 1693 2117 1763 ipsi
2143 1693 2351 1748 bonum
2374 1703 2470 1748 aut
2506 1694 2711 1749 malum
2744 1710 2776 1750 a
2798 1710 2885 1750 me
2911 1695 3030 1766 ipso
3048 1696 3072 1749 ?
3093 1710 3436 1766 quaecunque

176 1777 400 1843 ἑαυτοῦ;
432 1781 535 1832 ὅσα
574 1776 641 1832 ἀν
684 1776 814 1850 είπῃ
857 1794 948 1847 μοι
997 1776 1153 1841 Θεὸς,
1182 1776 1355 1833 ταῦτα
1385 1775 1515 1849 ἐρῶ.
1558 1794 1576 1827 ι
1611 1775 1749 1829 Σύν-

1863 1784 2058 1839 dixerit
2107 1784 2243 1839 mihi
2287 1785 2455 1851 Deus,
2496 1785 2613 1840 haec
2665 1785 2910 1841 dicam".
2952 1804 2970 1837 ι
3017 1784 3437 1841 Consueverunt

177 1871 301 1941 ηθες
340 1871 440 1941 μέν
484 1864 578 1923 οῦν
631 1871 745 1932 τοῖς
799 1869 1231 1940 ψευδομάντεσι,
1286 1868 1380 1922 καὶ
1408 1870 1531 1929 ταῖς
1583 1868 1754 1931 οὕτως

1863 1878 2005 1932 enim
2045 1877 2166 1932 falsi
2200 1877 2539 1933 divinatores
2566 1878 2634 1932 iis
2656 1894 2876 1949 quoque
2900 1877 3190 1934 fallacibus
3218 1878 3297 1932 uti
3334 1893 3435 1933 vo-

1855 1970 2031 2036 cibus,
2070 1985 2135 2025 ac
2160 1969 2419 2025 simulare
2450 1985 2508 2024 se
2536 1969 2947 2025 sciscitantibus
2975 1985 3167 2026 verum
3208 1969 3436 2025 omnino

1856 2080 2239 2134 responsuros.
2298 2064 2389 2119 Sic
2438 2065 2603 2134 igitur
2653 2065 2875 2128 habeto,
2900 2080 3093 2120 verum
3116 2063 3289 2133 loqui,
3314 2077 3436 2118 esse

1788 1839 1830 1896 Β

177 1959 479 2029 ἀπατηλαὰῖ
547 1958 855 2030 κεχρῆσθαι
924 1960 1128 2027 φωναῖς
1152 1997 1168 2021 ,
1226 1956 1621 2026 σκεπτομένοις
1672 1956 1754 2009 ὅτι

176 2054 353 2123 πάντη
387 2070 448 2105 τε
482 2052 579 2105 καὶ
623 2052 843 2115 πάντως
882 2054 996 2114 τοῖς
1024 2050 1407 2119 φιλοπευστείν
1456 2048 1752 2110 ἐθέλουσιν,

178 2144 358 2214 ἐροῦσι
385 2142 448 2197 τὸ
483 2142 705 2213 ἀληθές.
738 2142 904 2205 Σύνες
932 2141 989 2194 δέ
1021 2142 1104 2195 ὃτι
1135 2140 1196 2194 τὺ
1244 2141 1408 2211 φάναι
1436 2139 1499 2192 τὸ
1527 2140 1756 2211 ἀτρεκὲς

178 2234 453 2305 ἀλλότριον
485 2233 585 2304 τῆς
614 2231 867 2287 ἐπαοιδοῦ
905 2249 966 2286 τε
1009 2233 1106 2286 καὶ
1131 2232 1311 2303 μάγου
1340 2231 1554 2301 τέχνης·
1587 2246 1757 2300 προσ-

180 2326 386 2394 γένοιτο
432 2325 477 2378 δ’
531 2326 596 2379 ἂν
626 2323 742 2378 ἐσθ’
788 2325 879 2378 ὅτε
923 2322 1075 2391 παρά
1103 2322 1240 2376 Θεοῦ
1288 2323 1383 2375 ἐπὶ
1407 2321 1487 2392 τῷ
1524 2322 1624 2385 τὰς
1646 2322 1757 2374 τῶν

182 2418 421 2488 βιὸήλων
452 2415 650 2487 ψυχὰς,
678 2418 746 2488 τῇ
776 2415 885 2469 τῶν
912 2414 1190 2486 ἐσομένων
1218 2411 1616 2486 προαγορεύσει
1648 2412 1756 2465 δει-

179 2511 279 2574 νῶς
309 2507 799 2577 κατακομιζοντος.

242 2599 455 2651 ΠΑΛΛ.
492 2596 781 2667 Πείθομαι.

244 2690 413 2743 ΚΥΡ.
452 2690 573 2743 Ὅτι
609 2687 718 2759 γὰρ
754 2686 1031 2758 μεμίσηκε
1070 2686 1168 2741 καὶ
1200 2682 1471 2753 παραλύει
1498 2682 1631 2746 Θεὸς
1658 2683 1758 2746 τὰς

178 2781 428 2844 τοιαύτας
464 2781 629 2851 ἥτουν
656 2778 914 2851 γοητείας
942 2778 1035 2831 καί
1060 2775 1460 2847 είκαιομυθίας,
1489 2775 1660 2843 σαφὲς
1692 2774 1758 2827 ἂν

182 2873 388 2940 γένοιτο
438 2871 695 2939 λέγοντος
735 2869 929 2923 αὑτοῦ⁸
971 2886 991 2921 ι
1027 2869 1169 2936 Ἐγὼ
1220 2867 1426 2938 Κύριος
1474 2869 1503 2920 ὁ
1547 2866 1752 2929 Θεόςοι

180 2964 273 3017 καὶ
301 2960 530 3033 προσέτι
583 2958 825 3023 τούτοις·
866 2959 1003 3020 «Τίς
1035 2958 1224 3029 ἔτερος
1263 2956 1606 3012 διασκεδάσει
1656 2972 1758 3027 ση-

186 3057 306 3125 μεῖα
331 3051 793 3124 ἐγγαστριμύθων
817 3052 914 3105 καὶ
943 3050 1042 3115 τὰς
1084 3047 1344 3121 μαντείας
1377 3048 1486 3102 ἀπὸ
1506 3047 1755 3119 καρδίας,

1854 2158 1923 2213 ab
1943 2159 2347 2214 incantatorum
2391 2168 2449 2214 et
2464 2173 2747 2229 magorum
2765 2167 2881 2213 arte
2899 2172 3127 2226 prorsus
3150 2157 3391 2211 alienum
3411 2173 3425 2208 :

1858 2250 1975 2305 fieri
2001 2260 2187 2305 autem
2230 2251 2507 2305 interdum
2532 2262 2593 2305 ut
2614 2266 2645 2304 a
2678 2250 2790 2305 Deo
2822 2249 3029 2304 veritas
3083 2247 3434 2318 adiungatur,

1856 2349 1919 2395 ut
1938 2341 2278 2398 nefariorum
2319 2341 2603 2397 hominum
2645 2341 2813 2396 animi
2846 2340 3203 2411 prredictione
3250 2353 3437 2393 rerum

1856 2433 2166 2491 futurarum
2189 2436 2548 2492 vehementer
2582 2444 2831 2491 aestuent.

1928 2612 2125 2668 PALL.
2147 2613 2451 2668 Assentior.

1927 2703 2084 2759 CYR.
2110 2705 2247 2760 Nam
2284 2704 2467 2759 odisse
2503 2705 2675 2759 Deum
2712 2701 3025 2773 hujusmodi
3061 2701 3177 2757 sive
3200 2701 3441 2771 magicas

1856 2796 2203 2867 disciplinas,
2229 2795 2344 2851 sive
2368 2802 2576 2850 temere
2608 2792 2757 2848 fusas
2777 2808 2961 2857 voces,
2997 2805 3201 2860 easque
3238 2789 3441 2845 dissol-

1857 2904 2011 2954 vere,
2054 2889 2266 2958 liquere
2302 2888 2507 2957 pOterit
2550 2902 2618 2942 ex
2655 2886 2775 2956 ejus
2818 2883 3025 2949 verbis,
3067 2897 3194 2938 cum
3241 2882 3378 2936 dicit
3421 2898 3437 2936 :

1866 3001 1884 3033 ι
1924 2981 2038 3052 Ego
2070 2980 2337 3035 Dominus
2380 2980 2524 3034 Deus
2559 2978 2615 3043 ⁸;
2661 2997 2680 3028 ι
2717 2986 2775 3033 et
2824 2975 2892 3031 ad
2940 2975 3059 3030 hzec
3100 2983 3363 3044 praeterea
3422 2990 3437 3027 :

1867 3092 1885 3123 ι
1915 3072 2050 3139 Quis
2071 3071 2212 3127 alius
2235 3069 2525 3139 dissipabit
2559 3069 2712 3139 signa
2758 3066 3083 3137 pythonum,
3124 3072 3181 3119 et
3224 3061 3440 3116 divina-

182 3146 543 3217 ἀποστρέφων
567 3144 864 3216 φρονίμους
886 3145 966 3207 είς
990 3143 1059 3196 τά
1078 3142 1275 3206 ὀπίσω,
1312 3141 1408 3197 καὶ
1428 3142 1530 3210 τὴν
1564 3140 1759 3212 βουλὴν

1863 3164 2040 3219 tiones
2062 3162 2130 3217 de
2153 3162 2338 3225 corde,
2366 3167 2696 3215 convertens
2709 3156 3012 3228 prudentes
3037 3163 3364 3216 retrorsum,
3385 3159 3444 3207 et

182 3241 359 3294 αὐτῶν
405 3237 693 3309 μωρεύων,
734 3236 830 3291 καὶ
871 3234 1033 3288 ἱστῶν
1086 3235 1307 3307 ῥήματα
1361 3234 1550 3298 παιδὸς
1594 3231 1758 3287 αὐτοῦ

1863 3254 2158 3309 consilium
2199 3267 2395 3308 eorum
2439 3251 2666 3306 stultum
2725 3248 2972 3304 faciens?
3024 3256 3081 3301 et
3110 3244 3445 3301 confirmans

184 3333 301 3393 καὶη
325 3332 431 3404 τὴν
482 3329 678 3404 βουλὴν
724 3328 832 3383 τῶν
871 3328 1123 3397 ἀγγέλων
1169 3324 1337 3381 αὑτοῦ
1383 3324 1664 3397 ἀληθεύων
1690 3342 1706 3392 ;
1735 3343 1754 3377 ο

185 3427 463 3489 Μαντείας
493 3406 594 3496 μέν
626 3423 736 3496 γάρ
778 3420 879 3487 τὰς
909 3421 1018 3477 ἀπὸ
1061 3421 1314 3493 καρδίας,
1343 3419 1545 3483 ἑώλους
1576 3434 1636 3471 τε
1667 3416 1763 3471 καὶ

185 3519 501 3591 ψευδοεπεῖς
550 3517 844 3587 ἀποφαίνει
865 3531 880 3547 ·
934 3513 1031 3569 τοῦ
1077 3530 1141 3583 γε
1200 3513 1309 3585 μὴν
1366 3510 1498 3566 ίδίου
1553 3509 1759 3574 παιδὸς,

186 3611 434 3665 τουτέστι
463 3607 724 3680 Χριστοῦ,
757 3609 938 3663 πάντα
973 3606 1075 3677 μὲν
1123 3605 1307 3675 ἵστησι
1355 3604 1514 3673 λόγον
1534 3619 1549 3634 ο
1572 3602 1678 3675 τήν
1706 3601 1763 3655 δὲ

190 3700 383 3772 βουλὴν
414 3698 540 3765 ,τῶν
590 3698 837 3767 ἀγγέλων
877 3697 1068 3761 αὑτοῦ,
1109 3695 1409 3762 τουτέστιν,
1437 3695 1475 3751 ἀ
1529 3694 1598 3748 ἂν
1635 3693 1762 3765 βού-

186 3792 361 3845 λοιντο
390 3791 595 3855 λαλεῖν,
645 3792 696 3843 οί
740 3790 842 3862 τῆς
890 3791 976 3844 ἐπ’
1020 3788 1184 3845 αὑτοῦ
1234 3789 1471 3851 πίστεως
1500 3787 1762 3858 κήρυκες,

1863 3348 2031 3403 verba
2068 3348 2224 3419 pueri
2268 3348 2381 3413 sui,
2406 3354 2463 3402 et
2499 3347 2829 3403 sententiam
2860 3345 3182 3399 nuntiorum
3215 3356 3444 3398 suorum

1864 3455 2048 3494 veram
2078 3439 2443 3509 comprobans
2463 3439 2529 3493 ’ί
2559 3458 2577 3490 ι
2608 3437 2984 3493 Divinationes
3006 3436 3155 3491 enim
3179 3434 3247 3490 de
3276 3434 3446 3490 corde

1859 3533 2095 3602 jactatas
2115 3547 2284 3585 vanas
2322 3547 2386 3587 ac
2400 3531 2693 3586 mendaces
2714 3529 2989 3593 ostendit;
3010 3527 3106 3584 sed
3140 3527 3298 3598 pueri
3333 3527 3446 3591 sui,

1866 3621 1922 3676 id
1944 3630 2048 3687 est,
2072 3620 2300 3686 Christi,
2325 3620 2506 3675 omnia
2543 3620 2711 3674 verba
2746 3617 3035 3673 confirmat
3067 3634 3082 3671 :
3117 3614 3447 3671 sententiam

1864 3731 2031 3786 porro
2051 3714 2378 3770 nuntiorum
2400 3727 2650 3777 suorum,
2690 3711 2744 3767 id
2767 3719 2953 3766 autem
2974 3718 3078 3775 est,
3106 3722 3449 3779 quaecunque

1864 3808 2142 3864 voluerint
2174 3806 2327 3877 loqui
2367 3805 2515 3871 ﬁdei,
2540 3820 2662 3875 quae
2685 3803 2742 3858 in
2778 3819 2904 3858 eum
2944 3802 3201 3865 habetur,
3236 3814 3449 3871 preco-

188 3881 361 3935 ταῦτα
388 3881 445 3935 δέ
470 3880 650 3935 πάντα
678 3880 936 3950 ἀληθείας
965 3879 1187 3951 έμπλεω
1214 3877 1468 3941 δεικνύει,
1515 3876 1760 3948 σημείοις

1864 3915 1983 3965 nes,
2019 3899 2136 3954 haec
2170 3899 2398 3954 omnino
2434 3897 2685 3953 veritatis
2727 3911 2849 3951 esse
2880 3896 3041 3966 plena
3071 3893 3451 3955 demonstrat,

187 3991 247 4027 τε
280 3974 372 4027 καὶ
417 3972 612 4045 τέρασι
658 3972 1123 4045 προσμαρτυρῶν,
1157 3971 1254 4026 καὶ
1290 3973 1411 4034 ταῖς
1444 3968 1638 4033 ἄλλαις
1667 3965 1760 4020 τοῦ

1866 4004 1991 4044 cum
2016 3988 2126 4042 illis
2148 3988 2320 4058 signis
2350 3996 2518 4056 atque
2549 3983 2821 4055 prodigiis
2867 3965 3184 4044 attestetur,
3229 3988 3287 4033 et
3325 3975 3456 4031 aliis

196 4065 517 4134 Πνεύματος
543 4064 872 4135 ἐνεργείαις.
908 4065 1057 4135 Ἔφη
1084 4063 1141 4116 δέ
1174 4080 1279 4117 που
1301 4061 1487 4129 πάλιν,
1516 4076 1760 4114 κατονει-

1868 4078 2107 4149 Spiritus
2141 4078 2314 4134 sancti
2363 4076 2791 4148 operationibus.
2839 4074 2988 4129 Dixit
3018 4072 3185 4128 etiam
3233 4084 3447 4132 rursus,

187 4156 353 4220 δίςων
376 4158 488 4211 τισὶ
533 4157 604 4212 τά
657 4156 793 4210 Θεοῦ
824 4156 976 4228 νόμῳ
1012 4154 1514 4225 κεκιϐδηλευμένα·
1554 4172 1573 4204 ι
1602 4152 1760 4224 Στῆθι

1867 4186 1994 4227 cum
2034 4170 2365 4241 quibusdam
2401 4171 2543 4224 facta
2593 4185 2715 4238 quae
2749 4166 2847 4221 Dei
2886 4166 3004 4236 lege
3040 4162 3451 4232 improbantur,

188 4251 370 4304 τοίνυν
396 4252 455 4304 ἐν
482 4252 603 4314 ταῖς
634 4249 910 4312 ἐπαοιδαῖς
954 4265 1071 4314 σου,
1109 4246 1205 4301 καὶ
1244 4250 1313 4318 τῇ
1343 4244 1509 4317 πολλῇ
1542 4261 1760 4317 φαρμα-

1867 4265 2224 4335 exprobraret
2254 4282 2266 4316 :
2302 4282 2319 4314 ι
2360 4262 2452 4317 Sta
2478 4262 2641 4331 igitur
2662 4261 2716 4313 in
2753 4255 3219 4313 incantationibus
3244 4253 3370 4316 tuis,
3393 4260 3452 4309 et

188 4343 322 4413 κεία
361 4359 474 4408 σου,
508 4341 545 4397 ἀ
580 4340 884 4413 ἐμάνθανες
909 4341 976 4394 ἐκ
1012 4338 1265 4411 νεότητός
1321 4355 1438 4399 σου.
1470 4340 1519 4391 εί
1562 4337 1760 4406 δυνήσῃ

1870 4356 1928 4411 in
1960 4355 2151 4410 multis
2178 4352 2460 4409 veneficiis
2499 4352 2628 4413 tuis,
2678 4365 2800 4420 qua:
2820 4347 3061 4404 didicisti
3098 4346 3441 4415 ajuveutute

190 4431 567 4504 ὠφεληθῆναι·
606 4431 944 4495 κεκοπίακας
972 4432 1032 4485 ἐν
1060 4431 1179 4494 ταῖς
1226 4428 1439 4501 βουλαῖς
1486 4444 1602 4493 σου,
1642 4428 1760 4498 στή-

1872 4456 2003 4513 tua;
2027 4447 2073 4501 si
2108 4445 2316 4516 poteris
2350 4443 2577 4515 juvari;
2622 4441 2881 4497 laborasti
2911 4440 2968 4494 in
3012 4437 3256 4494 consiliis
3298 4435 3404 4490 tuis
3435 4453 3451 4489 :

190 4542 373 4578 τωσαν
402 4526 497 4583 καὶ
533 4524 864 4579 σωσάτωσάν
893 4541 952 4577 σε
974 4524 1025 4577 oi
1051 4522 1371 4595 ἀστρολόγοι
1394 4520 1488 4576 τοῦ
1515 4519 1760 4591 οὐρανοῦ¹

1874 4548 2021 4595 stent
2040 4546 2097 4593 et
2114 4515 2333 4593 rsalvent
2358 4545 2409 4589 te
2454 4532 2711 4603 astrologi
2743 4532 2888 4596 εαξη,
2937 4530 3033 4601 qui
3066 4526 3451 4596 contemplan-

193 4615 251 4677 οι
308 4614 534 4686 ὁρῶντες
569 4615 698 4676 τοὺς
731 4613 985 4684 ἀστέρας,
1024 4611 1503 4681 ἀναγγειλάτωσάν
1549 4627 1632 4663 σοι
1664 4610 1693 4663 ὅ
1714 4626 1760 4662 τι

1875 4641 1964 4686 tur
1988 4629 2211 4693 stellas;
2242 4626 2571 4682 annuntient
2610 4624 2713 4679 tibi
2763 4622 2899 4694 quid
2942 4628 3238 4678 venturum
3279 4617 3352 4672 sit
3394 4616 3449 4670 in
3508 4662 3515 4670 .

196 4709 382 4780 μέλλει
420 4710 513 4765 ἐπὶ
564 4708 627 4769 ob.
679 4708 952 4781 ἔρχεσθαι.
978 4727 996 4760 ι
1048 4709 1215 4779 Ὀρᾶς
1270 4702 1366 4762 οὖν
1407 4705 1484 4770 ὡς
1531 4705 1760 4775 γέλωτος

1875 4731 1929 4779 te
1961 4723 2024 4775 ‘°.
2072 4741 2091 4773 ι
2113 4720 2282 4776 Vides
2306 4720 2473 4789 igitur
2511 4717 2787 4788 quomodo
2820 4716 2933 4771 risu
2969 4713 3189 4784 dignam
3218 4719 3275 4766 et
3296 4722 3454 4779 pror-

195 4796 355 4866 ἀξίαν
400 4800 493 4853 καὶ
542 4798 797 4869 ἀνωφελῆ
846 4797 1125 4862 παντελῶς
1143 4796 1242 4870 τὴν
1272 4797 1549 4869 ἐπάρατον
1572 4796 1760 4867 ἀστρο-

1872 4823 1968 4864 sus
2000 4806 2273 4870 inutilem,
2320 4804 2469 4859 illam
2498 4803 2897 4860 exsecrabilem
2943 4816 3011 4857 ex
3037 4806 3316 4857 astrorum
3354 4795 3453 4849 ob-

196 4889 449 4958 γοητείαν
500 4889 795 4961 ἀπελέγχει
830 4889 982 4954 Θεός.
1022 4890 1145 4944 Ὀτι
1188 4890 1248 4944 δὲ
1276 4889 1441 4944 πάλιν
1472 4888 1676 4959 πρέποι
1702 4887 1760 4942 ἂν

1872 4898 2182 4955 servatione
2206 4896 2600 4951 divinationem
2628 4893 2875 4965 coarguit
2914 4892 3079 4946 Deus.
3108 4886 3216 4957 Ipsi
3240 4898 3370 4940 vero
3395 4892 3454 4937 et

196 4978 347 5050 αὐτῷ
373 4983 465 5041 καὶ
497 4981 643 5053 μόνῳ
682 4981 745 5036 τὸ
775 4982 1065 5053 νημερτὲς,
1117 4982 1213 5037 καὶ
1241 4981 1301 5036 τὸ
1323 4982 1540 5052 ἕτοιμον
1580 4982 1661 5045 είς
1686 4979 1760 5033 λό-

1873 4990 2097 5061 quidem
2119 4988 2222 5044 soli
2249 4987 2547 5045 convenire
2586 4986 2896 5049 veritatem,
2939 4997 3048 5053 qua
3080 4977 3454 5050 praedicuntur

196 5086 332 5138 γους
362 5074 487 5137 τοὺς
518 5074 651 5145 περὶ
688 5072 797 5127 τῶν
827 5072 1046 5128 ἔσεσθαι
1079 5074 1547 5145 προσδοκωμένων
1589 5073 1760 5128 ἀπλα-

1872 5098 1939 5140 ea
1983 5097 2106 5154 quae
2141 5090 2293 5138 certo
2329 5089 2597 5136 eventura
2637 5085 2949 5149 sperantur,
2989 5090 3059 5130 ex
3109 5086 3176 5128 eo
3215 5082 3451 5142 agnosce

194 5160 332 5227 νῶς,
365 5163 525 5217 ἄκουε
555 5164 808 5233 λέγοντος
831 5164 919 5219 διὰ
943 5165 1129 5236 φωνῆς
1166 5166 1392 5220 Ἠσαίου
1415 5181 1428 5196 ο
1468 5184 1485 5217 ι
1513 5164 1760 5236 Μνήσθηι

1874 5171 2021 5244 quod
2068 5188 2166 5242 per
2201 5171 2353 5226 Isaiae
2388 5186 2580 5225 vocem
2633 5168 2876 5239 loquitur
2925 5182 2937 5219 :
2988 5183 3007 5216 ι
3061 5159 3453 5218 Reoordamini

194 5272 265 5308 τε
296 5256 476 5325 ταῦτα,
507 5258 603 5312 καὶ
626 5257 918 5325 στενάξατε
941 5275 955 5290 ”
987 5260 1379 5332 μετανοήσατε,
1412 5260 1462 5313 οί
1490 5259 1760 5329 πεπλανη-

1875 5266 2094 5330 horum,
2124 5273 2179 5321 et
2202 5264 2576 5335 ingemiscite;
2615 5259 2995 5332 paenitentiam
3038 5258 3203 5329 agite,
3239 5256 3335 5328 qui
3357 5271 3453 5311 er-

198 5348 378 5415 μένοι,
422 5350 791 5422 ἐπιστρέψατε
830 5355 899 5424 τῇ
954 5354 1174 5427 καρδίᾳ,
1232 5354 1329 5408 καὶ
1393 5352 1667 5425 μνήσθητε
1702 5353 1773 5408 τά

196 5438 437 5509 πρότερα
464 5443 572 5496 ἀπὸ
590 5442 687 5497 τοῦ
713 5443 910 5507 αἰῶνος
930 5461 944 5475 ·
972 5445 1056 5499 ὅτι
1083 5444 1193 5513 ἐγώ
1227 5447 1343 5516 είμι
1376 5445 1527 5510 Θεὸς,
1556 5445 1648 5499 καὶ
1671 5446 1773 5499 οὐκ

195 5528 354 5583 ἔστιν
384 5532 517 5604 πλὴν
565 5531 735 5604 ἐμοῦ’
769 5534 1118 5603 ἀναγγέλλων
1157 5536 1419 5607 πρότερον
1452 5536 1520 5590 τὰ
1568 5534 1774 5605 ἔσχατα

199 5622 340 5690 πρὶν
362 5626 494 5679 αὐτὰ
513 5626 791 5695 γενέσθαι,
824 5628 917 5680 καὶ
939 5628 1054 5697 ἅμα
1082 5627 1458 5698 συνετελέσθη.
1486 5628 1595 5682 Καὶ
1619 5624 1769 5682 εἶπαο

1875 5356 2042 5422 ratis;
2068 5354 2455 5411 convertimini
2491 5354 2680 5418 corde,
2710 5362 2767 5407 et
2806 5347 3174 5407 recordamini
3204 5347 3455 5418 priorum

1875 5465 1904 5503 a
1928 5449 2148 5513 saeculo,
2173 5448 2301 5519 quia
2330 5446 2489 5518 194
2507 5462 2608 5517 ego
2634 5460 2755 5501 sum
2779 5445 2946 5508 Deus,
2973 5451 3031 5498 et
3063 5457 3174 5497 non
3196 5448 3279 5496 est
3316 5454 3459 5510 prata

1877 5549 1960 5597 ter
2007 5557 2131 5608 me;
2166 5542 2260 5611 qui
2312 5538 2576 5595 annuntio
2619 5538 2774 5608 prius
2811 5535 3105 5592 novissima
3160 5541 3457 5600 antequam

1880 5631 2032 5698 ﬁant,
2075 5641 2131 5687 et
2169 5632 2329 5688 simul
2368 5640 2743 5687 consummata
2793 5629 2921 5685 sint.
2960 5628 3030 5683 Et
3066 5624 3178 5683 dixi
3228 5641 3241 5677 :
3280 5620 3456 5677 Omne

330 5804 645 5872 .\'um,xxrv,
681 5806 863 5862 lO—l3.
940 5809 1083 5864 'lsa.
1114 5825 1252 5873 xuv,
1280 5809 1366 5865 24.
1446 5813 1466 5842 ’
1494 5811 1625 5867 ibid.
1652 5812 1741 5865 25.
1828 5811 1991 5867 |°lsa.
2020 5828 2179 5876 χιιι-ιι,
2214 5812 2294 5876 12,
2321 5811 2404 5866 l3.
