4072 6506
562 421 669 480 ΗΞ

1600 410 1655 466 S.
1697 408 1973 466 CYIULLI
2010 400 2480 461 ΑιΕλΑΝυιιιΜ
2514 401 2832 452 Αιιωιιωι.

3729 383 3835 440 3/»

563 548 746 589 meum
785 530 1075 586 consilium
1126 526 1327 591 stabit;
1379 533 1434 579 et
1463 524 1647 578 omnia
1688 536 2030 593 quaecunque
2064 517 2151 573 dc-

2260 510 2421 565 ῐΙάσά
2458 526 2564 581 μου
2596 510 2631 579 ή
2660 507 2823 579 βουλὴ
2851 505 3124 575 στήσεται,
3157 502 3252 558 καὶ
3281 502 3459 557 πάντα
3496 502 3599 555 ὅσα
3643 502 3828 572 βούλο-

561 623 735 687 crevi,
771 622 964 677 faciam
992 620 1053 673 “.
1098 638 1116 669 ι
1171 618 1285 673 Soli
1327 616 1496 687 igitur
1536 616 1670 679 Deo,
1720 616 1815 686 qui
1862 622 1948 670 est
1986 627 2150 683 supra

560 715 768 778 omnia,
795 729 825 767 a
854 711 1014 766 nobis
1038 718 1122 765 est
1167 708 1557 772 tribuendum,
1599 707 1782 762 futura
1825 719 1940 763 tum
1988 705 2152 776 plane

560 806 724 869 scire,
754 815 868 859 tum
895 816 1024 856 vero
1061 815 1218 870 posse
1245 807 1397 854 certe
1440 799 1782 868 praedicere;
1818 812 1976 867 nugze
2019 808 2153 848 vero

569 896 757 951 futiles
799 905 856 949 et
874 893 1048 947 aniles
1088 891 1320 953 fabellae,
1356 890 1589 945 fallacia:
1626 903 1871 959 quoque
1906 902 1971 941 ac
2012 900 2153 955 pne-

561 987 737 1056 stigim
770 994 919 1049 sunt,
951 1000 1072 1054 quie
1108 984 1177 1037 ab
1200 983 1325 1038 aliis
1368 980 1794 1052 proﬁciscuntur
1841 996 1854 1031 :
1897 978 1992 1048 qui
2026 991 2152 1030 cum

562 1079 676 1133 sint
722 1085 906 1131 mente
943 1084 1227 1145 corrupta,
1266 1074 1334 1129 de
1377 1072 1545 1129 corde
1590 1088 1691 1127 suo
1729 1072 2053 1140 loquuntur,
2092 1075 2155 1122 ut

561 1169 833 1239 scriptum
872 1175 957 1223 est
978 1208 993 1233 ,
1020 1176 1076 1222 et
1090 1183 1156 1222 ex
1177 1166 1416 1221 falsitate
1430 1163 1686 1236 paranda:
1704 1160 1949 1234 pecuniae
1990 1175 2153 1215 occa-

561 1262 776 1317 sionem
809 1267 1085 1331 quaerunt.

632 1352 835 1408 PALL.
879 1351 1083 1406 Verum
1123 1357 1227 1405 est.
1256 1348 1351 1404 Sic
1392 1348 1541 1403 enim
1574 1362 1633 1402 se
1675 1361 1765 1401 res
1789 1344 1958 1400 habet
1993 1358 2153 1415 pror-

562 1460 679 1501 sus.
842 1446 843 1449 “

630 1536 790 1593 CYR.
828 1532 913 1590 Ab
938 1534 1039 1588 hac
1076 1532 1244 1604 igitur
1266 1547 1484 1602 quoque
1518 1544 1578 1584 re
1616 1527 2055 1592 abstinebimus;
2096 1533 2154 1581 et

562 1625 756 1682 relicta
780 1639 1042 1696 perversa
1070 1624 1178 1687 via,
1208 1639 1307 1694 per
1334 1631 1540 1677 rectam
1567 1619 1922 1685 incedemus;
1950 1633 2014 1673 ac
2038 1617 2153 1672 Deo

564 1730 785 1788 semper
807 1716 1003 1771 eodem
1027 1715 1191 1770 modo
1214 1715 1541 1779 innitemur,
1564 1720 1621 1769 et
1636 1719 1953 1768 sanctorum
1977 1709 2152 1764 homi-

563 1824 697 1864 num
725 1806 955 1863 vocibus
977 1806 1271 1862 veritatem
1300 1805 1627 1861 tribuemus.

630 1900 829 1957 PALL.
857 1900 925 1954 Et
946 1899 1169 1970 quidem
1200 1899 1456 1954 maxime.

631 1991 790 2047 (ΠΒ.
817 1989 961 2057 Quid
982 1991 1144 2063 ?non.
1159 1989 1293 2045 illud
1323 2004 1543 2060 quoque
1570 1996 1837 2060 praeterea
1862 2002 2152 2043 exsecran-

559 2084 691 2138 dum
718 2081 1061 2151 putabimus,
1091 2089 1420 2151 partemque
1444 2095 1566 2136 esse
1589 2080 1838 2135 dicemus
1863 2078 2149 2150 gentilium

560 2174 891 2245 impietatis,
944 2173 1057 2243 igni
1101 2183 1158 2228 et
1183 2189 1326 2242 aqua
1376 2172 1607 2243 purgari
1652 2172 1893 2236 scilicet,
1934 2178 1992 2225 et
2028 2168 2154 2223 aliis

559 2268 891 2339 quibusdam
925 2266 1197 2337 ejusmodi
1234 2267 1257 2319 Ἰ

626 2356 826 2413 PALL.
866 2356 1097 2411 Maxime
1162 2372 1315 2412 vero.
1367 2356 1555 2425 Itaque
1606 2355 1793 2410 divina
1846 2354 1935 2410 lex
1968 2353 2148 2409 dixit:

570 2467 586 2498 ι
618 2447 738 2502 Non
774 2446 1091 2501 invenietur
1142 2445 1198 2499 in
1254 2452 1306 2500 te
1351 2461 1595 2517 purgans
1632 2444 1807 2499 ﬁlium
1849 2459 2013 2499 suum
2056 2452 2152 2498 aut

561 2537 729 2593 ﬁliam
756 2554 913 2593 suam
946 2538 1056 2608 igni
1086 2539 1148 2591 ".
1185 2557 1202 2589 ι

628 2715 786 2769 CYR.
813 2716 987 2782 Quam
1016 2724 1164 2772 recte
1187 2716 1275 2771 lex
1299 2717 1461 2771 nobis
1492 2718 1598 2773 ista
1624 2706 2035 2787 pronuntiavit,
2071 2726 2148 2782 et,

562 2822 631 2861 ne
659 2804 875 2871 ﬁerent,
912 2807 1228 2877 prohibuit!
1274 2809 1536 2863 Estenim
1562 2824 1627 2863 ea
1670 2824 1779 2874 res,
1832 2818 1892 2864 ut
1930 2810 2147 2880 opinor,

563 2898 893 2954 temeritatis
931 2899 1113 2969 plena,
1154 2908 1211 2955 et
1253 2900 1486 2956 rationis
1524 2902 1747 2972 optimae
1777 2917 1845 2957 ac
1885 2901 2153 2972 sapientis

562 3006 763 3060 expers
792 3008 806 3042 :
831 3006 996 3060 quam
1022 2991 1172 3046 enim
1204 2992 1499 3048 utilitatem
1528 2992 1730 3048 aﬁ‘erre
1777 2993 1937 3048 nobis
1978 2992 2153 3063 possit

564 3082 707 3152 ignis
723 3090 921 3136 natura
940 3082 963 3135 ?
982 3083 1261 3151 quomodo
1280 3084 1446 3140 etiam
1467 3084 1615 3139 faces
1643 3084 1699 3139 in
1720 3084 1911 3139 orbem
1934 3084 2151 3154 agitatae

2260 620 2380 673 μαι,
2417 603 2649 672 ποιήσω.
2674 620 2692 651 ι
2730 600 2893 670 Μόνῳ
2923 597 2988 667 δὴ
3011 594 3104 650 οὖν
3136 594 3481 650 ἀνακείσεται
3511 595 3650 666 πρὸς
3675 595 3832 666 ήμῶν

2254 693 2335 765 τῷ
2374 694 2591 747 πάντων
2634 691 2895 745 ἐπέκεινα
2944 688 3086 759 Θεῷ,
3129 687 3191 741 τὸ
3241 686 3491 741 διειδέναι
3531 702 3591 740 τε
3626 684 3830 755 σαφῶς,

2256 784 2353 840 καὶ
2405 783 2799 855 προαγορεύειν
2853 781 3106 845 ἀπλανῶς
3135 779 3393 833 δύνασθαι
3441 778 3514 831 τὰ
3564 778 3829 848 ἐσόμενα·

2258 875 2409 929 ὕθλοι
2429 875 2485 928 δὲ
2514 875 2689 938 άλλως
2716 874 2811 927 καὶ
2853 872 3074 944 γραώδη
3109 870 3374 943 μυθάρια,
3411 869 3742 941 βωμολοχίαι
3772 885 3830 921 τε

2255 968 2350 1022 καὶ
2379 967 2724 1038 φενακισμοὶ,
2770 966 2840 1020 τὰ
2884 966 3013 1037 παρ’
3041 963 3263 1036 ἑτέρων,
3304 963 3355 1016 οἳ
3384 961 3480 1016 τὸν
3517 959 3644 1016 νοῦν
3687 976 3832 1031 παρα

2256 1059 2547 1130 εφθορότες
2595 1057 2665 1111 τὰ
2705 1056 2813 1111 ἀπὸ
2853 1055 3080 1127 καρδίας
3109 1052 3286 1107 αὐτῶν
3330 1050 3574 1118 λαλοῦσι,
3600 1049 3743 1104 κατά
3770 1048 3833 1102 τδ

2254 1150 2662 1223 γεγραμμένον,
2689 1150 2784 1204 καὶ
2816 1147 3216 1222 ἀργυρολογίας
3256 1147 3400 1217 ἀφορ
3412 1144 3519 1216 μὴν
3547 1140 3827 1197 ποιοῦνται

2254 1244 2315 1296 τὸ
2340 1242 2554 1312 ψεῦδος.

2325 1336 2534 1389 ΠΑΛΛ.
2586 1332 2830 1404 Ἀληθές.
2866 1332 3021 1402 Ἔχει
3051 1331 3159 1403 γὰρ
3201 1323 3327 1391 ὧδε.
3353 1329 3448 1383 καὶ
3478 1329 3577 1400 οὐχ
3600 1328 3846 1399 ἑτέρως..

2323 1504 2490 1562 ΚΥΡ.
2540 1505 2878 1576 ’Δφεξόμεθα
2937 1505 3001 1577 δὴ
3049 1500 3142 1561 οὖν
3177 1505 3272 1559 καὶ
3313 1504 3489 1568 τοῦδε,
3527 1505 3622 1559 καὶ⁸
3667 1500 3842 1576 οἷμον¹

2254 1599 2483 1669 ἀφέντες
2528 1599 2627 1669 τὴν
2679 1599 3143 1670 διεστραμμένην,
3201 1597 3532 1670 βαδιούμεθα
3576 1598 3677 1669 τὴν
3736 1600 3846 1666 ἐπ’,

2254 1690 2404 1754 εύθὺ,
2436 1689 2557 1761 Θεῷ
2593 1690 2942 1761 μονοτρόπως
2978 1690 3385 1761 προσκείμενοι,
3431 1690 3529 1743 καὶ
3571 1692 3692 1753 ταῖς
3719 1689 3844 1755 τῶν,

2259 1784 2434 1853 mm
2462 1784 2669 1853 φωναῖς
2698 1781 3157 1854 ἱπιψηφιζόμενοι
3185 1781 3282 1853 τὴν
3307 1782 3588 1854 ἀλήθειαν.

2181 1864 2227 1924 Β
2329 1874 2540 1927 ΠΑΛΛ.
2581 1874 2693 1928 Καὶ
2728 1873 2891 1941 μάλα.

2332 1964 2497 2019 ΚΥΡ.
2540 1964 2606 2017 Τί
2660 1964 2717 2018 δὲ
2769 1964 2890 2035 οὐχὶ
2922 1964 3143 2017 κάκεῖνο
3189 1962 3325 2034 πρὸς
3379 1961 3589 2026 τούτοις
3624 1958 3846 2035 ἡγησόὲ

2255 2055 2397 2127 μεθα
2441 2054 2737 2125 στυγητδν,
2788 2033 2979 2125 μοῖράν
3015 2071 3075 2107 τε
3105 2033 3244 2107 εἷναί
3286 2071 3465 2125 φαμεν
3505 2033 3845 2124 summa;

2261 2144 2579 2216 ἀθεότητος,
2608 2144 2677 2198 τό
2714 2160 2775 2197 τε
2831 2142 3319 2214 περικαθαίρεσθαι
3347 2143 3519 2213 φιλεῖν
3554 2143 3700 2213 τάχα
3730 2160 3835 2196 που

2253 2238 2387 2308 πυρὶ
2419 2237 2513 2289 καὶ
2539 2235 2713 2299 ὕδατι,
2744 2235 2838 2290 καὶ
2878 2235 3087 2307 ἑτέροις
3114 2234 3226 2288 τισὶ
3253 2234 3515 2298 τοιούτοις
3558 2228 3847 2305 τρόποιςςῗ

2326 2328 2533 2382 ΠΑΛΛ.
2605 2328 2718 2380 Καὶ
2774 2326 3013 2398 μάλιστά
3068 2343 3153 2395 γε.
3206 2326 3496 2397 Τοιγάρτοι
3545 2327 3642 2380 καὶ
3691 2325 3836 2380 θεῖον

2253 2419 2356 2490 ἔφη
2404 2417 2785 2491 χρησμὼδημα
2823 2418 3040 2489 σαφῶς·
3079 2437 3097 2470 ι
3124 2418 3237 2489 Οὐχ
3266 2417 3619 2489 εὑρεθήσεται
3663 2420 3724 2472 έν
3750 2418 3838 2471 σοὶ

2253 2511 2659 2584 περικαθαίρων
2692 2512 2782 2565 τὸν
2817 2512 2931 2564 υίδν
2958 2512 3122 2566 αὐτοῦ
3160 2512 3192 2583 ἢ
3226 2512 3324 2582 τὴν
3363 2510 3637 2583 θυγατέρα
3664 2511 3835 2566 αὐτοῦ

2260 2608 2319 2659 ὲν
2346 2604 2498 2676 πυρί.
2527 2622 2545 2655 ι

2330 2696 2496 2750 ΚΥΡ.
2545 2695 2631 2759 Ὧς
2663 2690 2723 2750 εὖ
2745 2712 2807 2765 γε
2846 2697 2979 2766 ήμῖν
3012 2698 3042 2749 ό
3077 2695 3238 2767 νόμος
3264 2695 3607 2768 προσεφώνει
3644 2686 3845 2763 ταυτὶ,

2254 2791 2349 2844 καὶ
2395 2790 2646 2860 ἀπέφησε
2698 2789 2761 2843 τὸ
2789 2790 2962 2862 δρᾷνι
2998 2789 3350 2863 Είκαιότητος
3396 2792 3506 2865 γὰρ
3564 2790 3717 2866 οἶμαι
3768 2797 3832 2850 τὸ

2253 2882 2450 2954 χρῆμαξ
2492 2882 2707 2953 μεστὸν,
2761 2882 2852 2936 καὶ
2891 2882 3150 2954 λογισμοῦ
3198 2882 3521 2955 τητώμενον,
3548 2885 3641 2939 τοῦ
3697 2906 3833 2941 παν.-

2252 2970 2476 3041 αρίστου
2505 2974 2602 3024 καὶ
2649 2969 2812 3039 σοφοῦ
2833 2988 2847 3003 ·
2875 2971 3057 3043 ὀνήσει
3077 2972 3183 3043 γάρ
3210 2974 3351 3027 κατά
3385 2975 3506 3028 τίνα
3531 2974 3593 3047 δή
3632 2978 3833 3046 τρόπον

2256 3062 2290 3132 ή
2324 3062 2495 3129 πυρὸς
2520 3061 2670 3131 ἡμᾶς
2697 3062 2891 3131 φύσις;
2920 3064 3014 3116 καὶ
3038 3064 3194 3135 δᾷδες
3247 3066 3305 3119 ὲν
3336 3066 3520 3138 κύκλῳ
3548 3071 3832 3141 περιθέου-

562 3150 689 3228 eum
718 3174 811 3244 qui
856 3150 1121 3244 peccarit,
1150 3175 1428 3231 liberare?
1452 3175 1599 3231 [Eris
1618 3175 1864 3246 quidem,
1892 3150 1993 3231 aut
2009 3176 2150 3230 alte-

2257 3168 2345 3204 σαι
2372 3150 2489 3215 πῶς
2515 3151 2583 3205 ἂν
2616 3152 2878 3218 ὲξέλοιντο
2931 3154 3023 3207 τὸν
3057 3156 3453 3227 ἡμαρτηκότας
3491 3160 3707 3213 Χαλκοῦ
3731 3162 3835 3232 μιν

2263 3245 2371 3274 ναὶ...
2426 3246 2595 3274 ιυ-....
2664 3245 2856 3274 ιρι---
2911 3246 3168 3274 -.η-..ζ-..ρ
3215 3248 3357 3274 -...λ-
3408 3248 3541 3274 FA..-
3613 3252 3825 3274 10-1---.

563 3262 681 3317 rius
708 3262 978 3333 ejusmodi
1021 3264 1264 3319 materiae
1302 3265 1498 3321 sordes
1543 3266 1804 3337 excoquit
1836 3267 1921 3322 vis
1963 3265 2147 3337 ignis;

564 3348 766 3402 mentis
779 3357 963 3403 autem
986 3358 1080 3404 aut
1111 3352 1308 3407 anima:
1329 3353 1702 3423 impuritatem
1725 3369 1965 3424 quonam
1989 3355 2154 3410 modo

565 3441 885 3494 consumat?
907 3440 1101 3495 Nonne
1122 3441 1291 3512 igitur
1332 3443 1449 3497 haec
1480 3444 1714 3500 ridicula
1736 3454 1886 3511 sunt,
1908 3453 1963 3501 et
1985 3462 2154 3502 vana-

566 3545 690 3583 rum
722 3532 1122 3602 cogitationum
1151 3536 1506 3589 commenta?

633 3618 833 3674 PALL.
866 3621 946 3675 Ita
973 3636 1221 3691 prorsus.

636 3709 795 3764 CYR.
842 3711 1234 3769 Libentissime
1271 3720 1457 3769 autem
1512 3714 1581 3769 iis
1623 3715 1717 3785 qui
1756 3715 1902 3771 inter
1934 3717 2153 3774 Graacos

565 3802 771 3872 egregii
798 3802 1093 3868 habentur,
1121 3806 1328 3875 quique
1349 3805 1665 3876 hujusmodi
1698 3809 1876 3879 turpia
1902 3809 2151 3864 instituta

566 3901 623 3947 et
649 3893 999 3958 invenerunt,
1041 3902 1097 3950 et
1119 3895 1243 3950 aliis
1284 3896 1652 3963 tradiderunt,
1696 3900 1952 3969 equidem
1995 3902 2150 3957 dixe-

566 3981 670 4034 rim
698 3999 713 4034 :
738 3980 893 4047 Quod
918 3992 1164 4038 vestrum
1187 3992 1272 4039 est
1301 3984 1632 4041 consilium?
1667 4004 1786 4054 vos,
1829 3998 2153 4059 praestantes

569 4072 671 4127 viri
692 4088 756 4128 ac
784 4075 1060 4145 sapientes
1079 4078 1296 4147 appello
1317 4119 1333 4145 ,
1368 4094 1495 4133 cum
1537 4080 1755 4153 Tityum
1788 4082 1964 4145 illum,
1984 4098 2148 4153 quem

564 4173 752 4219 ortum
785 4181 855 4221 ex
890 4175 1039 4222 terra
1075 4168 1291 4236 dicitis,
1328 4170 1474 4239 apud
1511 4171 1717 4228 inferos
1756 4175 2058 4244 torquetis,
2094 4183 2152 4230 et

565 4258 814 4315 vultures
828 4259 1123 4326 adhibetis,
1148 4262 1241 4332 qui
1269 4270 1526 4335 tanquam
1557 4266 1801 4322 convivae
1819 4267 2005 4337 jecore
2047 4283 2148 4337 pa-

566 4358 812 4415 scantur,
846 4350 994 4420 quod
1016 4352 1271 4409 mulieris
1292 4356 1530 4426 speciem
1556 4358 1880 4423 admiratus,
1904 4358 2150 4415 libidinis

568 4441 761 4497 morbo
785 4442 1085 4499 laborarit?
1110 4445 1339 4503 Tantalo
1368 4460 1551 4506 autem
1578 4450 1814 4521 lapidem
1858 4451 2146 4507 imminere

566 4532 772 4597 dicitis,
815 4549 1051 4606 eumque
1084 4538 1505 4609 intemperantis
1540 4542 1741 4613 linguae
1764 4558 1955 4613 pmnas
1990 4544 2142 4609 dare,
2180 4568 2221 4623 ο

550 4625 756 4690 pueris
779 4624 1027 4682 fabulose
1051 4629 1304 4685 traditis?
1334 4633 1490 4702 195
1516 4644 1649 4689 rota:
1678 4650 1897 4704 quoque
1924 4635 2145 4690 diutur-

568 4714 655 4769 nis
684 4730 750 4770 ac
772 4725 1040 4786 perpetuo
1055 4718 1405 4776 circumactis
1418 4724 1881 4780 conversionibus
1894 4725 2143 4781 Ixionem

567 4806 824 4878 alligatis,
852 4817 909 4862 et
935 4808 992 4862 in
1016 4825 1081 4864 ea
1104 4825 1295 4881 ptnnas
1321 4812 1473 4868 luere
1495 4814 1682 4870 dicitis
1720 4814 1950 4872 fallaciae
1999 4818 2147 4874 illius

566 4915 689 4969 qua:
719 4902 918 4957 vestris
941 4901 1048 4958 diis
1073 4903 1301 4960 minime
1329 4905 1611 4976 displicuit
1638 4925 1651 4962 :
1686 4924 1785 4964 vos
1821 4910 1970 4980 ipsos
2010 4926 2144 4966 vero

567 5005 632 5045 ac
651 4999 880 5047 casteros
902 4994 1153 5063 quamvis
1168 4996 1507 5066 gravissimis
1544 4999 1987 5071 turpissimisque
2024 5019 2143 5057 ma-

568 5084 638 5138 lis
661 5086 976 5151 teneamini,
1001 5088 1112 5157 igni
1134 5102 1199 5143 ac
1219 5090 1389 5145 ramis
1425 5089 1690 5158 liberatis,
1721 5102 1784 5147 ut
1810 5092 1915 5164 ipsi
1951 5094 2143 5164 opina-

567 5176 703 5229 mini
729 5193 744 5241 ;
767 5185 823 5231 et
839 5179 1226 5247 perditissimis
1251 5181 1569 5238 hominibus
1591 5184 1885 5240 criminum
1908 5186 2144 5241 ablutio-

568 5277 697 5315 nem
721 5265 1058 5321 conceditis?
1083 5269 1242 5341 Tityo
1265 5284 1419 5334 vero,
1468 5287 1653 5340 quaeso
1679 5282 1756 5340 te,
1797 5282 1855 5327 et
1900 5274 1968 5329 iis
2006 5290 2144 5344 quos

571 5353 735 5407 modo
767 5355 1065 5422 nominavi,
1091 5361 1233 5431 ignis
1255 5362 1489 5433 penuria
1502 5362 1733 5419 fortasse
1756 5364 1894 5419 adeo
1918 5365 2146 5419 acerbas

570 5459 763 5514 poenas
786 5445 1084 5516 imposuit?
1110 5452 1273 5522 Atqui
1306 5454 1397 5509 ille
1418 5465 1602 5511 vestra
1627 5457 1886 5527 opinione
1917 5456 2148 5512 furacis-

570 5538 764 5602 simus,
796 5539 889 5607 qui
914 5539 1092 5609 ignem
1115 5544 1182 5598 ad
1224 5545 1476 5604 homines
1504 5548 1721 5613 detulit,
1760 5549 2144 5605 Prometheum

571 5626 716 5691 dico,
755 5628 800 5682 si
842 5627 985 5684 ullus
1024 5630 1248 5687 omnino
1289 5634 1454 5689 etiam
1503 5636 1595 5690 ille
1631 5636 1753 5701 fuit,
1793 5636 1933 5707 ignis
1986 5650 2144 5691 usum

657 5804 826 5860 “153.
867 5821 1043 5863 XXM'I.
1075 5805 1225 5861 8-10.
1308 5811 1347 5843 ¹²
1376 5810 1536 5866 Deut.
1568 5827 1714 5875 imit,
1748 5811 1825 5863 10.

2263 3245 2373 3316 γὰρ
2426 3246 2595 3316 ήγουν
2663 3245 2856 3317 ἐτέρας
2911 3246 3168 3316 τοιαύτης
3214 3248 3357 3312 τινὸς
3408 3248 3560 3320 ὕλης,
3611 3252 3834 3324 ἐκτήκει

2258 3337 2349 3391 τὸν
2384 3336 2553 3408 ῥύπον
2602 3339 2635 3409 ή
2676 3339 2844 3410 πυρός
2892 3337 3043 3409 βολή.
3091 3339 3202 3393 Νοῦ
3242 3340 3298 3395 δὲ
3344 3343 3439 3395 καὶ
3471 3342 3648 3414 ψυχῆς
3676 3344 3838 3415 βεϐή-

2253 3428 2435 3494 λωσιν,
2452 3430 2574 3483 τίνα
2602 3430 2803 3501 τρόπον
2826 3432 3043 3500 ἀφανιεῖ
3061 3448 3074 3496 ;
3093 3427 3163 3484 *Α
3175 3434 3221 3503 ρ’
3242 3428 3355 3501 οὖν,
3372 3435 3434 3489 οὐ
3451 3434 3685 3504 γέλωτος
3721 3436 3823 3508 ήδη

2253 3521 2430 3583 ταυτὶ,
2464 3522 2559 3575 καὶ
2594 3522 2887 3592 φληνάφων
2919 3522 3136 3578 ιννοιῶν
3156 3524 3434 3596 εὑρέματα
3460 3542 3475 3591 ;

2326 3616 2530 3669 HAAA.
2573 3616 2896 3671 Παντάπασι
2927 3617 3025 3687 μὲν
3047 3612 3159 3671 οὖν.

2324 3706 2488 3759 ΚΥΡ.
2530 3706 2699 3776 Φαίην
2728 3706 2773 3759 δ’
2804 3706 2873 3761 ἂν
2901 3707 2978 3770 ὡς
3006 3708 3202 3779 ἥδιστα
3223 3711 3337 3771 τοῖς
3375 3709 3645 3779 Ἑλλήνων
3672 3710 3834 3780 λογά-

2255 3814 2358 3859 σιν,
2393 3797 2443 3850 οῖ
2482 3796 2590 3851 τῶν
2618 3797 2872 3852 τοιούτων
2906 3798 3150 3870 αἰσχρῶν
3184 3799 3634 3870 ἐπιτηδευμάτων
3666 3803 3831 3874 εὑρε-

2252 3892 2342 3944 ταὶ
2367 3891 2646 3960 γεγόνασι,
2679 3892 2772 3946 καὶ
2808 3894 2921 3956 τοῖς
2965 3891 3144 3955 ἀλλοις
3179 3893 3468 3963 εἱσηγηταί
3490 3909 3505 3923 ’
3534 3893 3601 3946 Τί
3626 3894 3692 3965 δὴ
3715 3894 3827 3966 ἀρα

2252 3981 2506 4051 δρῶντες,
2530 3975 2830 4050 ὧγενναῖοι
2869 3983 2965 4036 καὶ
3001 3983 3175 4051 σοφοὶ,
3207 3982 3298 4036 τδν
3335 3983 3433 4054 μὲν
3460 3983 3655 4038 Τιτυδν
3685 3987 3831 4039 ἐκεῖ·

2252 4091 2360 4138 νον,
2386 4075 2446 4127 ὃν
2474 4074 2704 4143 ὲκφύναι
2726 4074 2911 4144 λέγετε
2932 4074 3057 4145 γῆς,
3081 4076 3159 4138 είς
3186 4074 3313 4146 ᾅδου
3340 4074 3621 4140 κολάζετε,
3650 4076 3831 4145 Tum;

2252 4166 2401 4238 αύτῷ
2434 4168 2811 4239 περιιστάντες
2867 4167 2977 4221 τῶν
3020 4168 3243 4238 ἡπάτων
3296 4166 3648 4239 δαιτυμόνας.
3680 4169 3828 4241 ὤραν

2249 4258 2330 4311 ὃτι
2359 4258 2582 4328 γυναίου
2618 4258 2981 4330 τεθαυμακὼς
3006 4259 3331 4330 ἠρῤώστησε
3360 4260 3461 4331 τήν
3492 4262 3824 4334 έπιθυμίανς

2250 4350 2511 4422 Ταντάλῳ
2542 4350 2617 4415 ,δὲ
2662 4350 2808 4404 λίθον
2851 4351 3190 4422 ἐπηρτῆσθαι
3246 4369 3405 4421 φατε,
3440 4355 3535 4406 καὶ
3575 4354 3821 4427 γλώττης

2250 4440 2412 4495 αὐτὸν
2454 4439 2753 4495 ἀκολάστου
2806 4440 3226 4512 εἰσπράττεσθαι
3276 4440 3431 4505 δίκας
3476 4441 3822 4511 μυθολογεῖτε

2250 4536 2361 4597 τοῖς
2388 4533 2566 4599 νέοις;
2595 4532 2794 4587 κύκλου
2825 4533 2883 4586 δὲ
2920 4535 3159 4604 μακραῖς
3190 4535 3285 4586 καὶ
3317 4535 3648 4604 ἀεικινήτοις
3676 4553 3821 4606 περι·

2255 4627 2534 4699 στροφαῖς,
2569 4626 2663 4679 τὸν
2707 4624 2898 4691 Ἰξίονα
2938 4624 3359 4695 καταδήσαντες,
3386 4625 3576 4697 ποινήν
3598 4628 3819 4699 ἀνατλῆς

2253 4736 2339 4772 ναι
2370 4718 2463 4771 ἐπὶ
2520 4716 2659 4788 τῷδέ
2696 4734 2854 4786 φατε,
2879 4719 2993 4780 τοῖς
3025 4716 3083 4783 ἐξ
3112 4716 3328 4788 ἀπάτης
3365 4717 3520 4787 ὑμῶν
3575 4718 3675 4772 οὐκ
3707 4721 3815 4774 ἀπ-

2254 4809 2490 4882 ᾴδουσαν
2535 4809 2694 4876 θεοῖς,
2732 4809 2874 4879 σφᾶς
2917 4808 2975 4863 δὲ
3004 4809 3199 4872 αὐτοὺς
3247 4809 3340 4863 καὶ
3389 4810 3617 4881 ἑτέρους
3652 4812 3816 4865 καίτοι

2256 4903 2448 4967 δεινοῖς
2486 4902 2581 4956 καὶ
2614 4902 3015 4964 ὲκτοπωτάτοις
3035 4899 3322 4964 ἐναλόντας
3344 4903 3557 4966 κακοῖς,
3577 4902 3705 4973 πυρὶ
3724 4903 3813 4954 καὶ

2254 4991 2464 5056 θαλλοῖς
2514 4992 2909 5055 ἀπαλλάττετε,
2938 4991 3188 5062 καθάπερ
3217 4991 3393 5045 οἴεσθέ
3424 5008 3550 5059 που,
3580 4992 3672 5046 καὶ
3708 4991 3811 5043 τῶν

2254 5083 2617 5154 ἐγκλημάτων
2649 5082 2935 5155 χαρίζεσθε
2969 5083 3069 5153 τὴν
3105 5082 3379 5154 ἀπόνιψιν,
3424 5084 3523 5137 καί
3563 5101 3646 5138 τοι
3680 5082 3810 5151 ἀγαν

2250 5173 2738 5243 κατεγνωσμένοις.
2770 5172 2948 5244 Τιτυῷ
2966 5172 3043 5240 δὲ,
3069 5172 3192 5227 εἰπέ
3218 5191 3328 5245 μοι,
3359 5173 3454 5227 καὶ
3481 5176 3597 5235 τοῖς
3619 5172 3811 5244 ἀρτίως

2246 5263 2674 5335 ὼνομασμένοις,
2699 5263 2760 5315 τὺ
2784 5265 2841 5317 ὲν
2871 5264 3045 5335 ἐνδείᾳ
3065 5264 3204 5335 τάχα
3225 5283 3325 5319 που
3350 5264 3603 5334 γενέσθαι
3627 5265 3803 5337 "VP?"

2249 5355 2493 5427 σκληρὰν
2545 5355 2641 5409 καὶ
2682 5354 3015 5426 ἀδιεξίτητον
3053 5357 3268 5411 ἐπίθετε
3306 5357 3497 5428 δίκην;
3543 5357 3652 5412 Καὶ
3706 5355 3807 5425 μὴν

2245 5449 2273 5502 ὃ
2302 5465 2367 5517 γε
2406 5446 2529 5502 καθ’
2553 5449 2697 5518 ὑμᾶς
2720 5447 3109 5512 κλεπτίστατος
3151 5448 3245 5501 καὶ
3296 5449 3467 5520 πυρὸς
3511 5447 3805 5519 ἀνθρώποις

2247 5539 2622 5612 διακομιστὴς,
2660 5540 2751 5593 τὸν
2790 5539 3081 5613 Προμηθέα
3134 5540 3298 5609 λέγω,
3332 5540 3385 5593 εί
3409 5540 3494 5603 τίς
3540 5557 3643 5610 περ
3679 5539 3806 5596 ὅλως

2253 5634 2504 5694 κάκεῖνος
2529 5628 2619 5703 ἦν,
2651 5632 2748 5703 τὴν
2776 5632 2946 5702 πυρὸς
2979 5631 3226 5687 ἐπλούτει
3257 5631 3470 5704 χρῆσιν,
3501 5634 3594 5687 καὶ
3622 5628 3722 5701 πρό
3742 5642 3803 5694 γε
