4072 6504
532 406 634 462 4⁵47

1548 400 1603 454 S.
1638 397 1908 454 CYRILLI
1947 397 2410 453 ALEXANDRINI
2450 396 2764 453 ARClllEP.

3673 390 3772 448 “8

534 533 777 589 gressus,
817 516 1004 587 abjicit
1030 524 1255 578 vestem,
1283 513 1427 568 radit
1465 524 1656 584 caput,
1686 514 1863 583 ipsum
1886 530 2102 585 quoque
2131 549 2142 576 λ

2243 514 2368 566 Ωστε
2415 512 2510 566 καὶ
2545 512 2597 563 εί
2639 528 2724 572 τις
2769 510 2948 563 αὐτῶν
2996 510 3089 563 ἐπὶ
3148 498 3352 580 τύμϐον
3395 508 3485 573 ίοι,
3521 509 3615 561 καὶ
3666 512 3774 571 τοῖς

535 612 744 665 crinem
772 618 1025 676 tanquam
1045 607 1319 675 impurum
1334 605 1655 659 detondens.
1674 605 1718 659 A
1729 605 1928 674 quibus
1942 605 2108 660 rebus

534 713 657 752 esse
681 696 839 750 nobis
866 694 1253 757 recedendum,
1281 695 1692 764 cavendumque
1717 710 1787 749 ne
1808 710 1903 750 eos
1925 695 2109 749 imite-

539 806 687 853 mur,
715 789 898 842 divina
935 788 1020 841 lex
1057 788 1245 841 docuit
1274 806 1286 841 :
1323 788 1460 842 dixit
1484 790 1630 843 enim
1660 790 1894 845 iterum:
1944 807 1961 840 ι
1989 790 2112 845 Non

538 878 861 942 lustrabitis,
902 893 1012 932 non
1060 877 1353 948 imponetis
1376 880 1655 934 calvitium
1691 895 1857 951 super
1887 889 2107 936 mortuo

543 969 685 1022 inter
707 967 899 1021 oculos
919 967 1203 1021 vestros”.
1227 986 1244 1017 ι
1273 967 1570 1022 Gentilium
1593 969 1741 1022 enim
1763 970 1965 1040 egregii
1983 970 2117 1025 scri-

542 1070 731 1130 ptores
754 1059 1062 1129 Apollinem
1102 1056 1311 1130 ﬁngunt
1347 1058 1508 1113 deum
1531 1100 1545 1123 ,
1571 1076 1734 1128 quem
1760 1061 1924 1115 etiam
1956 1062 2118 1117 Phae-

542 1152 671 1206 bum
697 1150 989 1221 appellant,
1019 1150 1072 1204 id
1096 1158 1215 1213 est,
1241 1165 1438 1220 purum
1473 1158 1530 1204 et
1571 1150 1936 1219 impollutum,
1960 1166 2116 1205 eum-

542 1244 779 1313 demque
815 1259 933 1298 esse
974 1258 1137 1313 quem
1182 1243 1351 1297 solem
1395 1242 1604 1297 dicunt.
1632 1241 1911 1306 Φοιϐἁζειν
1956 1242 2121 1313 igitur

545 1337 833 1399 dicebant,
865 1352 927 1392 ac
966 1336 1252 1405 φοιϐἄσθαι
1286 1351 1479 1390 rursus
1523 1351 1590 1390 ex
1631 1335 1819 1392 Graeca
1862 1336 2120 1406 loquendi

544 1424 967 1488 consuetudine,
996 1424 1143 1494 quod
1183 1440 1413 1495 purgare
1456 1432 1542 1479 est
1558 1431 1734 1494 atque
1777 1426 2035 1495 purgari,
2062 1434 2125 1480 ut

549 1513 652 1584 ipsi
677 1522 891 1583 putant,
910 1523 964 1567 et
988 1522 1047 1567 ut
1068 1522 1152 1568 est
1174 1512 1228 1567 in
1251 1513 1492 1582 ipsorum
1511 1514 1743 1584 legibus.
1762 1515 1844 1570 Ah
1868 1516 1935 1570 iis
1960 1516 2126 1585 igitur

550 1603 688 1658 adeo
714 1604 967 1673 turpibus
987 1611 1151 1674 atque
1173 1603 1512 1659 deformibus
1532 1604 2007 1660 observationibus
2027 1620 2128 1661 nos

553 1692 801 1747 divinum
848 1708 1179 1763 responsum
1224 1702 1475 1761 coercet;
1504 1709 1683 1765 neque
1711 1695 1858 1749 enim
1895 1703 2129 1750 mortem

552 1798 850 1853 corporum
890 1798 1011 1837 esse
1035 1782 1203 1837 animi
1230 1782 1584 1852 pollutionem
1627 1791 1821 1854 putare
1850 1785 2127 1850 convenit,

2211 604 2319 658 τῶν
2356 602 2668 656 τεθνεώτων
2706 601 2965 672 ἐμϐάλλοι
3008 602 3267 671 σὴμασιν,
3306 598 3521 669 ίμάτιον
3566 598 3773 653 ἀποϐα-

2209 694 2338 761 λὼν,
2376 694 2627 764 ψιλοῦται
2672 694 2768 764 τὴν
2822 692 3085 762 κεφαλὴν,
3121 691 3214 744 καὶ
3245 689 3415 762 αὐτὴν
3468 689 3776 762 ἀποκείρων

2211 791 2287 855 ὼς
2318 788 2734 861 μεμολυσμένην
2780 788 2878 859 τὴν
2906 787 3088 856 τρίχα,
3113 779 3188 840 ὧν
3212 786 3295 839 ὃτι
3326 784 3606 857 προσῆκεν
3642 783 3779 837 ἀπο-

2216 880 2406 950 φοιτᾷν
2436 879 2532 933 καὶ
2570 876 2959 951 παραιτεῖσθαι
2985 877 3084 945 τὴν
3130 872 3380 943 μίμησιν,
3411 873 3442 926 6
3470 872 3611 934 θεῖος
3637 873 3782 942 ἡμᾶς

2214 974 2499 1027 ἐπαίδευσε
2530 972 2714 1042 νόμος.
2753 971 2897 1038 Ἔφη
2950 968 3055 1038 γάρ
3085 967 3272 1021 πάλιν*
3312 985 3330 1017 ι
3359 966 3438 1019 Ού
3474 964 3784 1035 φοιϐἡσετε,

2215 1066 2317 1120 οὐκ
2351 1064 2637 1136 ἐπιθήσετε
2687 1062 3033 1132 φαλάκρωμα
3063 1061 3156 1113 ἐπὶ
3204 1057 3407 1129 νεκρῷ,
3474 1056 3576 1110 ἀνά
3624 1056 3787 1125 μέσον

2218 1155 2511 1227 ὀφθαλμῶν
2536 1153 2711 1225 ὑμῶν.
2744 1173 2761 1205 ι
2806 1153 3072 1221 Ἐλλήνων
3096 1150 3203 1221 γὰρ
3232 1151 3283 1203 οἱ
3312 1149 3554 1217 λογάδες,
3596 1146 3787 1199 Ἀπόλ-

2219 1248 2365 1301 λωνα
2412 1244 2765 1317 μυθολογοῦσι
2810 1243 2952 1307 θεὸν,
2991 1242 3051 1295 ὃν
3082 1242 3177 1295 καὶ
3218 1240 3404 1294 Φοῖϐον
3443 1236 3786 1308 ὀνομάζουσι,

2220 1338 2490 1405 τουτέστι,
2521 1336 2761 1408 καθαρὸν
2790 1335 2884 1389 καὶ
2917 1334 3202 1405 ἀμίαντον.
3229 1332 3334 1385 Τὸν
3370 1331 3530 1383 αὑτὸν
3558 1329 3615 1381 δὲ
3655 1323 3792 1380 εἶναι

2221 1430 2301 1503 τῷ
2338 1430 2476 1502 ἡλίῳ
2520 1430 2673 1498 φασί.
2716 1427 2997 1491 Φοιϐάζειν
3028 1421 3120 1480 οὖν
3152 1424 3410 1494 ἔφασκον,
3446 1423 3539 1475 καὶ
3602 1420 3793 1490 φοιϐἄ-

2226 1503 2350 1576 σθαῖ
2382 1521 2563 1587 πάλιν,
2600 1519 2744 1573 κατά
2780 1518 3065 1589 συνήθειαν
3102 1516 3201 1589 τὴν
3236 1514 3576 1585 Ἑλληνικὴν,
3599 1511 3661 1563 τὸ
3693 1528 3795 1564 κα-

2227 1613 2435 1685 θαίρειν
2479 1628 2539 1665 τε
2588 1610 2683 1666 καὶ
2727 1608 3107 1680 καθαίρεσθαι,
3133 1605 3276 1659 κατά
3314 1622 3377 1675 γε
3407 1603 3467 1658 τὸ
3494 1604 3677 1665 αὐτοῖς
3714 1601 3799 1653 δοο

2228 1703 2381 1769 κοῦν,
2414 1702 2510 1757 καὶ
2544 1701 2669 1764 τοὺς
2699 1699 2847 1771 παρά
2882 1697 3063 1766 σφίσιν
3094 1697 3278 1756 αὐτοῖς
3308 1695 3528 1764 νόμους.
3576 1689 3801 1760 Ἀπείρ-

2228 1809 2316 1861 γει
2343 1791 2408 1863 δὴ
2443 1784 2536 1844 οὖν
2561 1790 2710 1861 ἡμᾶς
2758 1787 2820 1841 τὸ
2853 1786 2994 1840 θεῖον
3047 1782 3426 1857 χρησμῴδημα
3476 1779 3584 1834 τῶν
3628 1778 3803 1840 οὕτως

552 1882 650 1929 aut
671 1874 986 1929 existimare
1009 1872 1292 1928 cadaveris
1327 1882 1622 1944 conspectu
1649 1874 1892 1931 maculas
1923 1875 1977 1929 iu
2001 1890 2127 1929 cor-

2243 1861 2474 1954 αίσχρῶν
2513 1881 2609 1934 καὶ
2630 1878 3050 1935 ἀκαλλεστάτων
3080 1873 3542 1947 ἐπιτηδευμάτων.
3573 1871 3647 1926 Οὐ
3674 1871 3804 1939 γάρ-

553 1966 718 2021 dibus
739 1966 1121 2036 aspicientium
1137 1965 1371 2035 imprimi
1390 1983 1404 2032 ;
1421 1982 1598 2036 neque
1613 1975 1905 2037 propterea
1920 1967 2129 2022 crimen

2243 1994 2317 2030 τοι
2352 1974 2619 2045 προσήκει
2657 1970 2933 2043 μολυσμὸν
2978 1967 3229 2040 ἡγεῖσθαι
3282 1964 3483 2036 ψυχῆς,
3544 1964 3636 2017 τὸν
3692 1961 3807 2015 τῶν

556 2055 815 2121 tondere;
845 2054 899 2109 id
943 2055 1088 2109 enim
1134 2054 1492 2109 vanissimum
1518 2062 1622 2120 est,
1659 2070 1717 2115 et
1750 2056 2130 2126 abjectissimaa

2243 2067 2507 2138 σωμάτων
2552 2062 2813 2128 θάνατον,
2867 2060 2993 2115 οὔτε
3070 2059 3176 2132 μὴν
3230 2058 3439 2113 οίεσθαι
3514 2057 3634 2119 ταῖς
3696 2052 3808 2107 τῶν

554 2146 832 2216 opinionis
855 2146 1098 2216 plenum.
1132 2146 1285 2217 197
1314 2145 1578 2202 Prmclare
1604 2147 1770 2217 igitur
1808 2147 1931 2202 lex:
1965 2166 1983 2198 ι
2011 2147 2133 2201 Non

2243 2155 2489 2229 ὁρώντων
2524 2155 2775 2227 καρδίαις
2812 2149 3284 2222 ἐναπομάττεσθαι
3327 2146 3517 2220 ῥύπον,
3550 2146 3650 2216 τὴν
3706 2142 3811 2196 ἐπὶ

558 2237 882 2301 lustrabitis,
916 2256 933 2288 ι
968 2237 1177 2308 inquit;
1203 2253 1385 2306 neque
1419 2237 1566 2291 enim
1589 2238 1858 2309 ejusmodi
1884 2239 2134 2309 purgatio

558 2327 800 2381 animum
821 2329 994 2397 juvat,
1036 2327 1132 2382 sed
1177 2327 1325 2383 lzedit
1351 2328 1568 2399 potius;
1598 2330 1721 2383 nam
1756 2338 1812 2384 et
1836 2330 2138 2385 utilissimae.

561 2420 662 2474 viae
685 2420 1053 2491 cognitionem
1090 2420 1289 2487 aufert,
1316 2430 1372 2476 et
1408 2422 1478 2476 ab
1502 2422 1755 2478 utilitatis
1788 2422 2138 2495 indagatione

564 2526 664 2565 nos
688 2511 930 2567 abducit.
965 2511 1219 2567 Ineamus
1254 2512 1403 2568 enim
1444 2513 1587 2568 hanc
1629 2515 1894 2570 rationem
1925 2534 1938 2569 ε
1967 2516 2141 2588 Leges

564 2611 693 2657 sunt
716 2604 861 2673 apud
898 2620 998 2659 nos
1022 2621 1215 2659 eorum
1257 2604 1351 2675 qui
1376 2621 1539 2675 super
1577 2614 1780 2661 terram
1814 2608 2017 2664 habent
2042 2609 2142 2664 im-

567 2694 814 2763 perium,
856 2711 978 2764 qua:
1017 2695 1273 2751 omnibus
1300 2695 1504 2766 ubique
1539 2695 1888 2762 hominibus,
1921 2714 2043 2767 qua:
2064 2696 2144 2751 fa-

568 2784 764 2839 cienda
813 2787 923 2841 sint
955 2787 1204 2858 jubeant,
1233 2788 1670 2860 prohibeantque
1712 2791 2017 2845 contraria:
2047 2789 2145 2844 sed

570 2889 759 2945 paruas
794 2876 1035 2947 effugere
1067 2892 1257 2932 earum
1282 2879 1575 2936 violatione
1612 2880 1960 2935 commeritas
1983 2894 2146 2935 nemo

571 2968 796 3038 poterit,
816 2968 917 3021 nisi
941 2967 1288 3038 imperatoris
1308 2970 1359 3025 ei
1383 2970 1721 3041 benignitate
1743 2970 2145 3025 condonentur.

574 3058 777 3112 Eadem
801 3075 1020 3130 quoque
1038 3061 1270 3125 ratione,
1288 3062 1382 3131 qui
1407 3061 1622 3116 divinas
1643 3062 1791 3131 leges
1806 3069 2149 3132 contempse-

576 3148 667 3213 rit,
698 3148 815 3203 fieri
842 3166 1014 3219 purus
1038 3166 1147 3205 non
1172 3160 1371 3222 potest,
1390 3151 1497 3207 nisi
1522 3151 1576 3205 id
1593 3150 1765 3205 divini
1790 3150 2033 3205 numinis
2054 3150 2152 3205 be-

578 3239 776 3295 neficio
800 3216 1045 3296 lucratus
1070 3216 1254 3297 fuerit.
1286 3242 1341 3297 Si
1374 3242 1521 3297 enim
1552 3241 1693 3313 ignis
1716 3249 1811 3295 aut
1833 3256 1987 3311 aqua:
2009 3241 2157 3312 leges
2182 3216 2224 3274 θ

576 3330 924 3395 violavimus,
950 3340 1007 3386 et
1042 3333 1255 3402 peccati
1297 3332 1439 3387 ratio
1467 3332 1533 3386 ad
1573 3333 1663 3387 illa
1704 3340 1948 3402 spectat,
1974 3331 2159 3385 abluat

578 3439 721 3493 aqua
746 3424 983 3493 culpam,
1011 3433 1279 3493 excoquat
1316 3424 1509 3479 sordes
1535 3424 1703 3494 ignis;
1729 3424 2041 3479 condonent
2063 3438 2160 3495 pro

580 3530 681 3569 suo
698 3514 843 3585 jure,
871 3515 1072 3584 quibus
1090 3515 1384 3580 voluerint,
1402 3515 1665 3579 crimina;
1687 3515 1769 3569 sin
1794 3526 1977 3571 autem
1998 3530 2162 3569 verax

580 3614 667 3660 est
691 3605 781 3660 ille
807 3607 900 3675 qui
924 3605 1060 3661 dicit
1081 3607 1313 3662 Domino
1345 3626 1357 3660 :
1387 3627 1405 3658 ι
1433 3607 1557 3662 Tibi
1582 3608 1681 3662 soli
1705 3608 1947 3678 peccavi,
1968 3617 2024 3663 et
2046 3623 2162 3661 mu-

587 3699 702 3752 lum
729 3712 911 3751 coram
939 3706 993 3752 te
1021 3696 1126 3753 feci
1148 3699 1190 3729 ¹⁸
1221 3715 1234 3751 :
1266 3718 1283 3750 ι
1317 3698 1482 3770 (unus
1506 3700 1653 3754 enim
1692 3707 1776 3754 est
1798 3699 2072 3771 legislator
2101 3713 2165 3754 ac

586 3788 773 3861 iudex)
817 3806 983 3859 quam
1007 3789 1078 3845 ob
1117 3805 1338 3846 causam
1359 3830 1374 3855 ,
1409 3806 1476 3846 eo
1502 3790 1741 3847 demisso
1760 3831 1774 3856 ,
1810 3805 1979 3860 penes
2002 3805 2164 3861 quem

588 3891 639 3936 ct
667 3881 933 3951 puniendi
976 3890 1081 3947 est,
1106 3890 1162 3937 et
1203 3883 1550 3938 condonandi
1594 3891 1869 3953 potestas,
1909 3883 1977 3937 ad
2003 3883 2167 3937 anilia

588 3982 898 4029 commenta
929 3972 1279 4040 delabuntur,
1304 3974 1415 4045 igni
1450 3982 1506 4029 et
1526 3989 1681 4046 aqua:
1720 3974 2024 4029 tribuentes
2047 3990 2167 4030 eam

591 4066 930 4131 facultatem,
954 4075 1017 4120 ut
1042 4082 1201 4137 posse
1224 4065 1539 4121 existiment
1562 4066 1709 4137 ipsos
1731 4082 1761 4121 a
1785 4066 1961 4136 culpis
1985 4066 2168 4121 absol-

609 4171 755 4210 vere.
795 4155 978 4226 Apage
1014 4155 1084 4209 ab
1108 4156 1210 4210 hac
1232 4156 1563 4222 temeritate,
1588 4156 1846 4222 obsecro;
1880 4155 2078 4212 accede
2103 4155 2171 4211 ad

593 4262 721 4303 eum
744 4247 836 4317 qui
862 4247 1011 4302 solus
1034 4255 1118 4302 est
1140 4255 1336 4303 natura
1362 4248 1528 4314 Deus,
1553 4259 1610 4304 et
1631 4263 1757 4303 eum
1786 4247 1933 4302 illico
1982 4248 2173 4303 dicen-

2241 2247 2421 2319 νεκρῷ
2471 2246 2621 2312 θέαν,
2662 2243 2772 2298 οὐδ’
2816 2238 2883 2299 αὖ
2926 2245 3019 2296 ἐπὶ
3047 2241 3184 2311 τῷδε
3227 2239 3491 2310 προσήκει
3526 2235 3620 2306 τὴν
3647 2233 3813 2306 τρίχα

2240 2337 2450 2410 ψιλοῦν.
2474 2336 2686 2407 Κομιδῆ
2718 2334 2828 2406 γὰρ
2848 2333 3015 2387 ἐωλον
3042 2332 3137 2385 καὶ
3165 2330 3265 2401 τῆς
3296 2326 3632 2400 χαμαιζήλου
3651 2324 3814 2393 δόξης

2244 2433 2304 2487 τὸ
2333 2432 2524 2503 χρῆμα
2560 2428 2775 2501 μεστόν.
2799 2421 2873 2480 Εὖ
2898 2442 2960 2493 γε
2984 2424 3048 2495 δὴ
3063 2418 3156 2477 οὖν
3183 2422 3213 2475 6
3242 2421 3406 2492 νόμος
3432 2419 3513 2485 τὸ,
3554 2437 3572 2470 ι
3597 2417 3670 2471 Οὐ
3700 2433 3816 2486 φοι-

2246 2525 2501 2596 ϐήσετε,»
2540 2519 2722 2591 φησίν·
2753 2518 2814 2572 ού
2863 2517 2971 2588 γὰρ
3022 2513 3258 2587 ἡτοιάδε
3313 2512 3580 2583 κάθαρσις
3628 2509 3819 2577 ὀνήσει

2246 2614 2446 2686 ψυχήν,
2480 2614 2657 2667 ἀδικεῖ
2688 2611 2747 2665 δέ
2785 2610 3005 2681 μᾶλλον,
3032 2606 3127 2662 καλ⁸
3162 2606 3262 2679 τήν
3287 2605 3488 2675 γνῶσιν
3515 2617 3819 2673 παραιρου⁹

2254 2707 2391 2778 μένη
2411 2706 2511 2775 τῆς
2545 2701 2999 2772 ἐπωφελεστάτης
3036 2698 3178 2760 ὁδοῦ,
3213 2698 3310 2751 καὶ
3324 2697 3424 2766 τῆς
3465 2694 3559 2748 τοῦ
3609 2692 3823 2763 συμφέ-

2254 2813 2437 2868 ροντος
2479 2793 2888 2864 ἀποκομίζουσα
2944 2792 3136 2862 θήρας.
3178 2784 3516 2858 Σκεψώμεθα
3552 2784 3660 2853 γὰρ
3697 2782 3821 2835 ὡδί·

2253 2888 2422 2958 Νόμοι
2452 2887 2581 2957 παρ’
2614 2887 2748 2955 ἡμῖν
2777 2883 2885 2936 τῶν
2936 2882 3028 2935 ἐπὶ
3074 2881 3177 2949 γῆς
3226 2876 3568 2950 κρατούντων
3595 2875 3721 2937 είσὶ,
3750 2875 3830 2928 τὰ

2256 2976 2507 3051 πρακτέα
2549 2977 2639 3030 καὶ
2696 2974 2794 3046 μὴ,
2832 2974 2943 3035 τοῖς
2990 2968 3303 3042 ἁπανταχοῦ
3350 2966 3703 3039 βραϐεύοντες
3757 2982 3829 3017 τι

2256 3068 2351 3120 καλ⁸
2383 3067 2801 3135 ἀποφάσκοντες
2828 3079 2841 3091 °
2876 3061 2994 3115 ἀλλ’
3023 3061 3123 3114 οὐκ
3161 3062 3227 3115 ἄν
3268 3075 3351 3122 τις
3385 3056 3601 3111 δύναιτο
3634 3055 3833 3122 διαφυ-

2258 3160 2374 3227 γεῖν
2411 3157 2509 3220 τάς
2551 3156 2645 3209 ἐπὶ
2692 3156 2815 3217 ταῖς
2870 3150 3214 3223 παραϐάσεσι
3262 3149 3439 3211 δίκας.
3473 3148 3547 3218 μὴ
3596 3145 3714 3216 ούχὶ
3762 3144 3836 3197 τὸ

2258 3248 2502 3304 ἀνεῖσθαι
2543 3248 2652 3301 δεῖν
2694 3246 2795 3316 τῆς
2870 3242 3133 3316 βασιλέως
3186 3240 3524 3314 ἡμερότητος
3581 3236 3837 3306 ἐφιείσης

2258 3339 2427 3411 αὐτῷ,
2455 3337 2610 3393 Κατά
2638 3336 2731 3391 τὸν
2755 3334 2873 3389 ἴσον
2907 3334 3039 3405 γοῦν
3081 3332 3303 3403 τρόπον,
3323 3331 3353 3384 6
3376 3329 3485 3383 τῶν
3519 3328 3677 3382 θείων
3706 3326 3836 3381 άλο·

2258 3435 2434 3505 γήσας
2462 3430 2665 3501 νόμων,
2693 3428 2796 3481 οὐκ
2824 3427 2890 3480 ἂν
2911 3425 3122 3494 γένοιτο
3150 3421 3414 3491 καθαρὸς,
3449 3418 3523 3489 μή
3545 3418 3665 3488 οὐχὶ
3701 3416 3840 3486 θείῳ

2260 3524 2491 3595 νεύματι
2515 3522 2576 3576 τὸ
2604 3521 2795 3591 χρῆμα
2848 3515 3260 3586 πεπλουτηκώς.
3293 3514 3357 3568 El
3389 3515 3488 3585 μὶν
3523 3510 3631 3580 γάρ
3660 3508 3840 3581 πυρὸς

2262 3618 2297 3687 ἡ
2329 3616 2517 3678 ὓδατος
2544 3611 3013 3684 παραϐεϐήκαμεν
3057 3608 3275 3679 νόμους,
3310 3605 3406 3661 καὶ
3446 3607 3476 3659 6
3504 3604 3604 3673 τῆς
3651 3604 3843 3671 ἀμαρ-

2263 3709 2383 3773 τίας
2420 3707 2579 3776 λόγος
2622 3707 2701 3767 είς
2749 3706 2931 3757 ἐκεῖνα
2980 3700 3188 3771 βλέπει,
3216 3696 3558 3752 ἀπονιπτέτω
3588 3695 3649 3748 τὸ
3688 3692 3845 3763 ὕδωρ

2263 3800 2361 3871 τήν
2402 3799 2643 3869 γραφὴν,
2687 3792 3044 3865 κατατηκέτω
3086 3791 3179 3845 τὸν
3237 3788 3408 3861 ῥύπον
3453 3786 3516 3840 τὸ
3559 3785 3691 3855 πῦρ,
3738 3785 3845 3841 καὶ

2266 3890 2525 3946 ἀνιέντων
2553 3889 2639 3942 ἐπ’
2664 3885 2931 3955 ἐξουσίας,
2961 3878 3043 3948 οἷς
3071 3883 3137 3939 ἂν
3165 3881 3370 3936 ἕλοιντο
3396 3880 3465 3933 τὰ
3492 3878 3841 3951 ἐγκλήματα·

2268 3984 2317 4036 εί
2362 3982 2418 4035 δὲ
2466 3980 2673 4053 ἀληθὴς
2710 3980 2739 4033 6
2781 3977 2960 4046 λέγων
3006 3974 3142 4047 πρὸς
3183 3972 3276 4027 τὸν
3327 3972 3493 4026 Θεόνο
3529 3968 3659 4022 «Σοὶ
3692 3967 3848 4039 μόνῳ

2268 4075 2533 4145 ἥμαρτον,
2573 4070 2669 4124 καλ⁵
2712 4069 2775 4123 τὸ
2822 4066 3057 4138 πονηρὸν
3125 4062 3355 4118 ἐνώπιόν
3399 4079 3494 4115 σου
3535 4060 3785 4129 ἐποίησα,
3818 4077 3840 4109 ι

2271 4159 2351 4229 εἷς
2383 4165 2491 4236 γὰρ
2523 4164 2551 4216 ὁ
2576 4160 2872 4233 νομοθέτης
2909 4159 3001 4212 καὶ
3031 4156 3244 4227 κριτὴς,
3284 4153 3401 4208 ἀνθ’
3433 4154 3556 4207 ὅτου
3589 4149 3849 4222 μεθέντες

2270 4258 2362 4311 τὸν
2398 4255 2493 4310 τοῦ
2526 4254 2756 4309 κολάσαι
2791 4268 2852 4305 τε
2895 4250 2990 4304 καὶ⁵
3026 4250 3232 4302 ἀνεῖναι
3277 4244 3489 4317 κύριον,
3531 4244 3612 4306 είς
3672 4257 3848 4311 γραοσ

599 4348 710 4395 tem
733 4339 923 4395 audies
948 4358 993 4393 ε(
1016 4340 1131 4411 Ego
1155 4356 1277 4395 sum
1300 4339 1395 4409 qui
1423 4339 1579 4395 deleo
1601 4348 1820 4410 peccata
1839 4348 1927 4393 tua
1951 4348 2142 4411 propte

2274 4348 2508 4419 πρεπεῖς
2558 4343 2769 4406 ἐννοίας
2816 4337 3314 4402 κατολισθαίνουσι,
3362 4336 3499 4407 πυρὶ
3544 4333 3641 4386 καὶ
3692 4330 3850 4384 ὕδατι

602 4447 710 4498 me,
750 4445 808 4487 et
849 4448 961 4486 non
986 4447 1197 4487 memor
1218 4431 1397 4487 ero“.
1431 4452 1449 4484 ι
1482 4430 1608 4487 Haec
1628 4439 1713 4488 est
1743 4449 1872 4488 vera
1899 4434 2142 4505 purgatio

2274 4441 2531 4511 νέμοντες
2559 4437 2620 4490 τὸ
2659 4432 3025 4489 ἀπαλλάττειν
3068 4429 3325 4483 δύνασθαι
3358 4427 3469 4481 τῶν
3507 4424 3853 4495 αίτιαμάτων

600 4520 693 4575 hic
714 4519 1017 4589 spiritualis
1040 4520 1331 4590 splendor:
1358 4536 1482 4574 nam
1523 4521 1694 4576 abluti
1720 4538 1940 4587 sumus,
1966 4532 2142 4593 peccal

2243 4571 2249 4605 ,
2277 4529 2509 4594 αύτούς.
2539 4529 2758 4597 Ἀπαγε
2799 4527 2902 4597 τῆς
2945 4522 3282 4588 δυσϐουλίας,
3312 4512 3855 4614 meamea-13:96am

602 4610 983 4664 remissionem
1029 4609 1134 4665 ﬁde
1180 4610 1236 4664 in
1278 4610 1559 4667 Christum
1596 4610 1809 4682 adepti;
1851 4611 2142 4667 sanctiﬁcal

2282 4620 2428 4693 μόνῳ
2470 4617 2549 4690 τῷ
2592 4618 2735 4673 κατά
2774 4616 2938 4687 φύσιν
2990 4614 3132 4685 Θεῷ,
3184 4613 3277 4666 καὶ
3336 4608 3549 4681 ἀκούσῃ
3598 4606 3854 4675 λέγοντος

601 4701 768 4755 etiam
789 4701 1005 4756 lavacro
1032 4701 1483 4771 regenerationis,
1508 4718 1571 4757 ac
1593 4702 1777 4757 divina
1804 4704 1978 4759 sancti
2004 4703 2142 4775 Spiri

2279 4710 2481 4776 εὐθύς*
2518 4727 2537 4762 ι
2583 4707 2723 4777 Ἐγώ
2756 4710 2872 4780 είμι
2920 4709 2950 4762 6
3001 4704 3296 4773 ἐξαλείφων
3344 4699 3444 4765 τάς
3494 4698 3723 4769 ἀνομίας
3754 4711 3859 4748 σου

605 4800 694 4846 tus
715 4792 889 4863 gratia
916 4792 1257 4861 locupletati,
1283 4793 1377 4863 qui
1403 4793 1543 4865 ignis
1564 4793 1738 4849 instar
1761 4795 2000 4850 maculas
2017 4835 2031 4861 ,
2054 4810 2142 4865 qu:

2278 4803 2443 4856 ἕνεκα
2478 4800 2634 4871 ἐμοῦ,
2662 4799 2757 4852 καὶ
2803 4798 2865 4852 ού
2908 4795 3311 4869 μνησθήσομαι.
3356 4810 3374 4843 ι
3407 4788 3555 4859 Αὕτη
3587 4786 3860 4856 κάθαρσις

606 4884 661 4938 in
688 4891 905 4938 nostros
939 4883 1153 4939 animos
1184 4884 1428 4951 irruunt,
1468 4885 1623 4955 quasi
1666 4885 1849 4956 paleas
1884 4886 2142 4941 consumil

2280 4892 2519 4965 ἀληθής·
2552 4889 2710 4944 τοῦτο
2755 4888 3075 4959 λαμπρότης
3124 4888 3158 4957 ἡ
3203 4880 3547 4953 πνευματική
3577 4892 3591 4907 ’
3631 4874 3862 4965 διεσιξή·

607 4975 842 5044 Ideoque
884 4973 1011 5044 jure
1056 4976 1237 5045 inquit
1262 4975 1545 5046 Scriptura
1590 4975 1855 5032 divinitus
1890 4976 2142 5048 inspirata

2284 4964 2465 5055 γμεθα
2497 4982 2608 5053 γὰρ
2639 4984 2824 5051 ἡμεῖς.
2857 4980 3037 5032 πίστει
3079 4980 3146 5048 τῇ
3192 4977 3272 5039 είς
3317 4971 3554 5045 Χριστὸν
3602 4964 3865 5055 κεκερδεξ

606 5067 815 5136 Spiritu
841 5077 1031 5123 sancto
1054 5077 1110 5123 et
1134 5068 1243 5139 igni
1269 5083 1368 5123 nos
1388 5083 1508 5124 esse
1531 5067 1910 5139 baptizatos".

2288 5052 2444 5138 κότες
2480 5052 2586 5143 τῆς
2622 5070 2899 5143 ἁμαρτίας
2935 5070 3035 5139 τὴν
3089 5068 3303 5136 ἄφεσιν,
3343 5059 3667 5135 ἡγιασμένοι
3693 5056 3746 5110 δέ
3771 5052 3865 5124 τῷ

610 5157 821 5228 λουτρῷ
861 5159 962 5229 τῆς
995 5158 1438 5229 παλιγγενεσίας,
1488 5158 1580 5211 καὶ
1624 5159 1723 5231 τὴν
1763 5160 1914 5213 θείαν
1958 5159 2187 5226 ἑαυτοὺς
2224 5162 2751 5222 καταπλουτίσαντες
2782 5158 2960 5229 χάριν,
3025 5156 3123 5227 τὴν
3176 5153 3270 5207 τοῦ
3301 5151 3445 5205 θείου
3516 5146 3863 5215 Πνεύματοςο

610 5244 639 5297 ἱ
685 5249 781 5300 καὶ
833 5249 1002 5319 πυρὸς
1042 5249 1217 5319 δίκην,
1282 5240 1371 5302 οἷά
1415 5265 1537 5301 τινα
1588 5250 1851 5319 συρφετὸν
1896 5249 1989 5304 τὸν
2033 5253 2153 5315 ταῖς
2219 5253 2514 5325 ἡμετέραις
2593 5250 2852 5312 διανοίαις
2916 5244 3409 5315 ἐγκατασκήψαντα
3481 5237 3696 5307 δαπανᾷ
3754 5249 3868 5303 μο-

612 5337 841 5407 λυσμόν.
886 5339 974 5391 Ἑν
1020 5338 1298 5409 Πνεύματι
1342 5339 1452 5410 γὰρ
1494 5337 1633 5410 ἀγίῳ
1678 5339 1772 5392 καὶ
1829 5339 1963 5412 πυρὶ
2024 5340 2381 5412 βεϐαπτίσθαι
2443 5340 2590 5413 ἡμᾶς
2636 5338 2784 5410 φησι]
2812 5336 3067 5407 ταύτῃτοι
3124 5333 3346 5396 δικαίως
3406 5332 3441 5402 ἡ
3503 5328 3872 5382 θεόπνευστος

616 5429 834 5499 Γραφὴ.

689 5520 887 5577 ιοιι.
932 5523 991 5577 In
1038 5523 1355 5584 idololatria:
1392 5528 1557 5602 igitur
1588 5542 1821 5583 numero
1864 5526 2188 5582 habebimus

620 5616 785 5673 etiam
830 5633 956 5672 tunc
978 5621 1254 5673 errorem?

2286 5520 2301 5535 ’
2362 5522 2573 5577 ΠΔΛΔ.
2626 5521 2714 5574 Ἐν
2747 5518 2908 5590 μοίρᾳ
2936 5515 3000 5587 δὴ
3038 5508 3131 5568 οὖν
3169 5509 3616 5583 είδωλολατρείας
3644 5503 3873 5575 λογιού-

2300 5615 2438 5687 μεθά
2470 5632 2572 5668 που
2600 5612 2694 5668 καὶ
2722 5613 2823 5684 τὴν
2847 5609 2939 5663 ἐπὶ
2964 5606 3099 5679 τῷδε
3132 5605 3418 5675 πλάνησιν.

703 5798 742 5829 ⁸⁵
766 5799 923 5854 Ιιευι.
955 5818 1059 5865 ιμ’,
1093 5802 1135 5854 l.
1219 5803 1258 5834 "
1295 5802 1433 5858 Psal.
1462 5818 1509 5865 ι,
1549 5802 1597 5856 6.
1684 5802 1723 5833 ¹⁶
1749 5801 1850 5855 lsa.
1911 5814 2054 5863 xui,
2083 5797 2142 5853 2::

2252 5796 2289 5827 ⁸⁷
2325 5794 2513 5850 Matth.
2540 5807 2617 5855 tu,
2652 5789 2736 5844 ll.
