3998 6496
170 322 269 388 349⁷

864 324 953 385 DE
989 324 1433 390 ADORATIONE
1469 328 1539 390 IN
1581 327 1851 393 SPIRITU
1891 335 1982 394 ET
2021 334 2390 400 VERITATE.
2433 345 2561 403 LIB.
2602 334 2688 406 Vl.~

3293 359 3399 416 450

228 443 377 501 ΚΥΡ.
417 420 565 496 Πάνυ
604 441 705 512 μὲν
736 437 850 496 οὖν.
897 443 1210 515 ’Δθεότητος
1252 448 1364 521 γὰρ
1407 450 1469 503 τὸ
1515 451 1684 523 χρῆμα

1878 454 2036 511 CYR.
2087 458 2319 516 Maxime
2341 478 2494 518 vero.
2539 465 2637 519 Est
2666 466 2812 520 enim
2854 482 2919 523 ea
2966 484 3058 526 res
3100 465 3397 543 impietatis

168 537 363 610 μεστόν.
410 533 800 599 Συπετάξαιτο
823 535 882 590 δὲ
905 537 1118 602 τούτοις
1145 540 1240 593 καὶ
1270 541 1628 615 ἐπαριθμοῖτο
1647 547 1714 602 ἂν

163 626 385 688 εἰκότως,
422 623 483 676 τὸ
519 623 730 678 οῐεσθαι
757 624 828 679 τὰ
869 626 1185 698 ἀνθρώπινα
1210 632 1324 694 τοῖς
1352 632 1553 703 ἑτέρων
1568 634 1714 688 διοι-

163 714 357 770 κεῖσθαι
386 712 675 783 νεύμασιν,
708 714 802 769 καὶ
834 714 943 769 τῶν
991 716 1116 771 καθ*
1150 720 1301 789 ἡμᾶς
1331 721 1572 791 ἀνῆφθαι
1608 724 1711 796 τὴν

160 804 385 872 ἐξουσίαν
423 804 521 874 οὐχ
556 806 707 874 ἡμᾶς
747 805 965 870 αὐτοὺς,
1006 807 1121 860 ἀλλ’
1154 808 1248 876 οὓς
1280 811 1346 865 ἂν
1375 811 1583 867 ἕλοιντο
1610 832 1711 884 μυ-

161 895 457 950 θοπλαστετν
494 896 544 947 οἱ
574 895 684 948 τῶν
708 895 881 961 οὕτως
908 898 1187 953 ἀπιθάνων
1234 901 1521 973 δογμάτων
1548 905 1709 977 εὐρε-

156 986 252 1041 ταί.
284 985 633 1057 Εἱμαρμένην
693 987 803 1059 γὰρ
837 990 933 1043 καὶ
975 989 1160 1061 Τύχην
1201 993 1296 1046 καὶ
1335 993 1575 1059 Γένεσιν,
1607 995 1708 1049 οὐκ

156 1074 261 1131 οῖδα
282 1077 426 1140 ὅπως
447 1077 871 1151 οἰακοστρόφους
893 1077 1086 1151 ὥσπερ
1104 1081 1257 1146 τινάς
1287 1084 1608 1153 ἐφιστάντες
1625 1085 1707 1157 τῷ

155 1168 261 1240 βίῳ,
290 1167 515 1222 ἕκαστον
560 1168 659 1239 μὲν
698 1169 859 1241 ήμῶν
898 1171 1001 1225 οὐκ
1032 1166 1174 1226 εἶναι
1210 1190 1345 1242 φασι
1385 1173 1496 1228 τῶν
1554 1192 1698 1247 πρα-

164 1256 319 1310 κτέων
375 1255 606 1327 θελητὴν
652 1258 687 1329 ἢ
747 1259 971 1332 κύριον·
1001 1261 1231 1329 ἄγεσθαι
1253 1262 1311 1316 δὲ
1342 1263 1600 1337 καθάπερ
1642 1265 1703 1330 ἐξ

150 1346 427 1415 ἀναγκαίου
474 1348 678 1420 δεσμοῦ
725 1349 864 1423 πρὸς
915 1350 979 1405 τὸ
1025 1353 1144 1416 τοῖς
1186 1352 1453 1422 κρατοῦσι
1482 1354 1695 1412 δοκοῦν.

150 1431 267 1489 Εἶτα
310 1435 362 1488 τί
402 1435 470 1490 ἂν
502 1436 716 1505 γένοιτό
764 1456 897 1493 ποτε
939 1440 1034 1496 τοῦ
1065 1440 1273 1496 τοιοῦδε
1322 1442 1695 1517 ἀλογώτερονς

149 1525 251 1589 πῶς
284 1524 325 1577 δ’
354 1524 422 1578 ἂν
453 1526 718 1596 μειζόνων
748 1527 1010 1599 ἠδίκησεν
1037 1529 1067 1581 ό
1093 1530 1341 1594 Σατανᾶς
1379 1530 1441 1584 τὸ
1464 1531 1573 1587 τῶν
1606 1533 1699 1587 ἀν-

145 1616 356 1688 θρώπιον
384 1616 562 1684 γένος,
593 1620 628 1689 ἢ
653 1619 741 1673 ὅτε
792 1620 1069 1692 προσῆκεν
1086 1616 1189 1676 ὧδε
1216 1625 1436 1693 φρονεῖν
1464 1626 1558 1679 καὶ
1579 1626 1697 1679 δια-

142 1707 429 1777 λογίζεσθαι
478 1710 719 1776 διαθείς;
763 1710 882 1775 πῶς
919 1712 1031 1785 γὰρ
1088 1713 1157 1767 ἂν
1222 1713 1303 1768 ετι
1346 1715 1696 1787 βουλεύσαιτο

140 1802 201 1855 τά
225 1800 450 1872 χρηστὰ,
495 1802 589 1855 καὶ
631 1802 952 1875 ὲθελουργὸς
998 1806 1086 1859 ἐπ’
1117 1808 1259 1861 αὐτά
1287 1825 1372 1873 τις

141 1890 358 1960 Γεγονὼς
385 1891 444 1944 δὲ
484 1892 579 1945 καὶ
614 1894 673 1945 ὲν
699 1896 812 1957 τοῖς
838 1895 1100 1964 αἱσχίοσι,
1129 1898 1225 1949 καὶ
1256 1900 1624 1971 πεφρονηκὼς
1653 1902 1691 1957 ἃ

141 1982 206 2053 μὴ
231 1983 349 2053 χρὴ,
371 1982 494 2047 πῶς
524 1983 591 2038 ἂν
619 1985 814 2038 ἑαυτὸν
843 1986 1065 2057 αιτιῷτο
1096 1989 1190 2042 καὶ
1232 1991 1544 2064 κατα-τήξας
1572 1996 1695 2058 ταῖς

137 2074 312 2138 λύπαις
342 2075 414 2130 τά
460 2075 667 2147 ἀμείνω
720 2078 1209 2148 μεταϐουλεύσαιτο
1244 2086 1461 2153 φρονεῖν
1488 2102 1549 2139 τε
1596 2087 1691 2141 καὶ

134 2166 275 2236 δρᾷνς
311 2165 525 2237 Ὠσπερ
556 2166 666 2236 γάρ
701 2170 817 2232 τοῖς
859 2167 960 2239 τὴν
986 2168 1259 2226 θάλατταν
1282 2173 1560 2230 διάττουσι
1595 2178 1690 2231 καὶ

134 2254 350 2308 διαπλεῖν
394 2254 697 2327 ᾑρημένοις
759 2259 910 2313 πᾶσά
982 2276 1102 2323 πως
1148 2265 1261 2328 τοῖς
1320 2267 1385 2319 ὲκ
1432 2268 1689 2340 πρύμνης

131 2346 335 2415 ἄγεσθαι
380 2348 599 2419 ἀνάγκη
637 2349 932 2421 πνεύμασι,
964 2354 1059 2406 καὶ
1087 2355 1533 2423 καταὸιάζεσθαι-
1554 2378 1690 2415 παν-

131 2438 254 2508 ταχῆ
283 2438 420 2508 πρὸς
452 2440 513 2494 τὸ
538 2440 618 2511 τῷ
640 2442 966 2499 συνωθοῦντι
990 2444 1179 2501 δοκοῦν
1199 2462 1212 2478 ·
1235 2447 1380 2503 οὕτω
1402 2469 1507 2505 που
1540 2453 1674 2506 πάν-

131 2547 226 2594 τως
272 2531 363 2585 καὶ
399 2533 537 2603 ἡμῖν
582 2534 769 2598 αὐτοῖς
816 2541 1169 2609 παραχωρεῖν
1222 2541 1540 2611 ἀναγκαῖον,
1598 2545 1685 2614 ἐφ’

138 2623 258 2693 ὅπερ
280 2621 344 2677 ἂν
380 2622 560 2678 ἕλοιτο
590 2625 931 2697 διακομίζειν
955 2630 991 2700 ὴ
1025 2628 1199 2702 Τύχη,
1234 2632 1331 2686 καὶ
1361 2632 1430 2688 τά
1464 2634 1685 2689 δυσδιάο

127 2716 432 2785 φυκτα.κατ’
456 2716 700 2782 ἐκείνους
734 2722 836 2791 τῆς
878 2721 1237 2794 Εἱμαρμένης
1267 2726 1574 2797 πνεύματα.
1611 2729 1684 2783 Ἢ

126 2812 211 2863 οὐκ
236 2809 406 2881 ὀρθῶς
445 2810 697 2882 εἰρῆσθαι
724 2812 881 2866 ταυτὶ
907 2814 1001 2867 καὶ
1031 2814 1194 2879 αὐτὸς
1215 2817 1377 2891 οἰήσῃ
1405 2819 1568 2872 πάλιν
1595 2838 1609 2886 ;

186 3074 376 3131 ΠΔΛΛ.
404 3056 534 3140 Πῶς
561 3077 673 3149 γὰρ
694 3078 756 3133 οῦ
781 3095 797 3145 ;

185 3167 336 3225 ΚΥΡ.
375 3169 591 3225 οὐκοῦν
623 3171 830 3241 ⁴ήλίθιον
851 3174 1070 3246 κομιδῆ,
1097 3176 1190 3230 τὸν
1220 3178 1322 3247 μὲν
1350 3178 1555 3248 ἀγαθὸν
1581 3184 1677 3237 κα)⁵
1706 3157 1750 3217 c

121 3259 315 3330 ἐπιεικῆ
360 3259 666 3329 στεφανοῦν
699 3261 967 3329 ἐπαίνοις,
1002 3266 1098 3319 καὶ
1144 3268 1312 3338 τιμῆς
1344 3270 1553 3337 ἀξιοῦν,
1581 3272 1674 3327 τὸν

119 3351 167 3404 δὲ
196 3349 426 3422 πονηρὸν
474 3351 570 3406 καὶ
617 3351 916 3409 ἀκόλαστον
966 3355 1219 3430 βδελυρὸν
1260 3360 1514 3431 ἡγεῖσθαι
1575 3365 1674 3420 καὶ

123 3442 512 3514 διεπτυσμὲνον.

179 3536 374 3590 ΠΔΛΔ.
413 3535 552 3591 Τίνα
581 3537 688 3609 φῂς
717 3539 919 3611 τρόπον
949 3558 966 3607 ;

177 3627 329 3681 ΚΥΡ.
370 3628 520 3696 Ὅτι,
572 3622 620 3684 ὦ
666 3631 953 3696 Παλλάδιε,
995 3634 1220 3702 Γένεσίς
1258 3657 1319 3694 τε
1369 3643 1464 3697 καὶ
1519 3645 1673 3719 Τύχη

120 3717 417 3787 νενικήκασι
463 3719 591 3775 κατ’
626 3721 846 3785 αὐτοὺς,
877 3723 973 3778 καὶ
1007 3726 1348 3802 ἀνεθελήτως
1377 3734 1466 3787 ἐπ’
1500 3717 1670 3807 ἄμφω

119 3806 169 3858 τὺ
202 3808 506 3879 τρισάθλιον
543 3810 653 3867 τῶν
683 3812 776 3867 επὶ
818 3814 921 3886 τῆς
974 3819 1080 3891 γῆς
1123 3822 1459 3896 ἀποφέρουσι
1490 3806 1669 3898 γένος.

131 3896 441 3954 Ἐθελούσιον
471 3900 531 3955 δὲ
574 3904 705 3974 παρ’
737 3905 869 3976 ἡμῖν
893 3907 1068 3964 οὐδέν.
1095 3912 1167 3965 ’Ἡ
1200 3914 1309 3986 γάρ
1336 3916 1458 3989 οὐχὶ
1481 3896 1545 3973 τὸ
1571 3938 1665 3976 πει

119 3989 267 4054 φυκός
288 4007 339 4045 τι
375 3994 552 4048 κινεῖν
579 3996 673 4048 καὶ
703 3995 1017 4069 δυνάμενον,
1045 4001 1219 4059 αῐτιον
1240 4005 1309 4061 ἂν
1335 4009 1421 4070 ειη
1453 4011 1551 4066 τοῦ
1582 4031 1669 4068 κι-

116 4079 296 4135 νεῖσθαι
322 4084 435 4148 τοῖς
469 4084 603 4156 παρ’
631 4085 797 4143 αὐτοῦ
824 4090 1165 4163 κινουμένοις
1189 4111 1206 4159 ;

173 4261 369 4318 ΠΔΛΛ.
407 4264 580 4336 Φημί.

173 4350 325 4405 ΚΥΡ.
354 4353 465 4407 Ἴθι
492 4350 586 4409 οὖν
605 4355 695 4412 διά
719 4374 783 4425 γε
812 4359 923 4415 τῶν
951 4362 1081 4417 ἴσων
1105 4364 1328 4422 ιννοιῶν
1360 4370 1452 4427 ἐπὶ
1478 4375 1548 4429 τά
1574 4377 1669 4430 ἀν-

1815 546 1995 616 plena.
2023 550 2123 606 llis
2144 553 2267 623 jure
2302 558 2633 627 conjungere
2670 567 2833 628 atque
2859 559 3221 622 adnumerare
3243 568 3391 627 licet.

1815 639 1961 707 quod
1988 643 2240 697 nonnulli
2266 654 2464 714 putant
2488 662 2575 702 res
2607 647 2874 705 humanas
2897 651 3128 709 aliorum
3163 658 3394 716 nutibus

1813 730 2129 799 gubernari,
2165 737 2552 808 actionumque
2578 746 2889 797 nostrarum
2932 753 3257 815 potestatem
3281 767 3389 809 non

1811 818 1880 873 de
1922 821 2084 877 nobis
2109 823 2245 893 ipsis
2268 827 2536 896 pendere,
2568 831 2663 885 sed
2711 832 2780 887 de
2820 834 2890 890 iis
2926 852 3046 907 quae
3076 838 3391 912 dogmatum

1808 910 1952 966 adeo
1966 913 2330 972 absurdorum
2356 918 2736 979 inventoribus
2758 924 2959 997 fingere
2978 910 3218 988 libuerit.
3252 934 3388 990 Nam

1808 1002 2002 1057 Fatum
2018 1013 2073 1060 et
2089 1003 2408 1076 Fortunam,
2427 1021 2481 1068 et
2501 1013 2717 1083 Ortum,
2732 1020 2916 1076 nescio
2939 1038 3175 1092 quonam
3200 1027 3390 1116 modo,

1806 1096 1963 1165 quasi
1993 1098 2403 1168 gubernatores
2428 1106 2692 1174 quosdam
2717 1109 2845 1164 vitae
2880 1111 3165 1170 hominum
3206 1096 3385 1189 impo:

1804 1195 2019 1255 nentes,
2054 1191 2215 1263 198
2239 1205 2491 1250 asserunt
2509 1214 2618 1253 non
2641 1215 2761 1255 esse
2811 1218 3258 1278 unumquemque
3280 1227 3384 1266 no-

1804 1285 1981 1334 strum
2016 1297 2200 1337 rerum
2233 1284 2609 1342 faciendarum
2638 1300 2919 1349 auctorem
2946 1312 3009 1351 ac
3054 1299 3336 1355 dominum
3364 1321 3380 1369 ;

1802 1369 1899 1424 sed
1924 1379 2182 1441 tanquam
2206 1377 2519 1431 necessario
2544 1379 2783 1447 quodam
2807 1383 3026 1439 vinculo
3050 1389 3133 1458 agi
3156 1404 3257 1458 pro
3281 1392 3385 1444 im-

1800 1464 2111 1531 perantium
2136 1466 2387 1522 arbitrio.
2425 1468 2567 1536 Quid
2612 1471 2832 1527 tandem
2859 1476 3130 1546 ejusmodi
3160 1496 3219 1535 re
3257 1498 3379 1539 esse

1798 1563 1982 1624 potest
2004 1555 2469 1615 irrationabilius?
2490 1577 2656 1632 quam
2678 1579 2810 1619 vero
2837 1569 3095 1639 majorem
3122 1572 3378 1644 injuriam

1799 1649 2086 1705 hominum
2133 1653 2325 1722 generi
2373 1653 2576 1711 inferre
2610 1658 2881 1727 potuisset
2928 1660 3173 1732 Satanas,
3213 1682 3377 1736 quam

1797 1753 1924 1794 cum
1948 1743 2226 1811 persuasit
2268 1751 2521 1813 oportere
2565 1754 2628 1800 ut
2664 1746 2731 1801 ad
2769 1746 2918 1804 hunc
2955 1751 3176 1806 modum
3204 1754 3375 1808 senti-

1417 1809 1486 1864 t'ot
1523 1812 1691 1915 1:91“;
1725 1816 1767 1872 Β
1795 1841 1918 1888 rent
1936 1809 2099 1904 atque
2122 1809 2747 1907 cogitarent7quomodo
2769 1840 2916 1895 enim
2949 1842 3017 1897 de
3042 1844 3208 1899 rebus
3230 1846 3376 1915 opti-

1795 1927 1901 1981 mis
1926 1927 2235 1982 consultare
2262 1928 2494 1998 aliquis,
2519 1938 2575 1985 et
2600 1946 2664 1986 ea
2709 1943 2902 2002 sponte
2937 1936 3159 2006 aggredi
3203 1940 3376 2007 possit

1789 2019 2073 2088 unquam?
2096 2019 2215 2074 Jam
2265 2035 2418 2088 vero,
2450 2021 2541 2091 qui
2569 2022 2626 2077 in
2652 2025 2908 2093 turpibus
2943 2026 3101 2082 factis
3125 2038 3377 2087 versatus

1791 2109 1881 2174 sit,
1909 2119 1965 2165 et
1988 2126 2052 2166 ea
2076 2126 2350 2181 propenso
2374 2112 2558 2167 animo
2578 2123 2835 2181 sectatus,
2863 2132 2984 2186 quae
3004 2135 3111 2173 non
3134 2129 3369 2190 oportet,

1790 2217 2027 2271 quonam
2078 2204 2240 2258 modo
2265 2218 2323 2258 se
2351 2204 2466 2274 ipse
2494 2206 2793 2273 accusabit,
2823 2223 2886 2264 ac
2930 2225 3163 2267 maerore
3205 2215 3374 2270 conii-

1789 2293 1960 2361 ciens,
1988 2294 2056 2349 ad
2083 2295 2311 2350 meliora
2350 2303 2469 2349 tum
2493 2296 2775 2365 sapienda,
2806 2306 2919 2352 tum
2948 2300 3215 2372 facienda,
3246 2322 3371 2361 mu-

1789 2392 1893 2439 tata
1921 2386 2210 2452 sententia,
2236 2394 2519 2440 convertet
2536 2388 2560 2439 ?
2576 2387 2647 2443 Ut
2670 2390 2817 2442 enim
2845 2390 2881 2444 ii
2904 2393 2997 2461 qui
3020 2408 3170 2450 mare
3187 2405 3369 2453 trans-

1786 2477 2025 2542 mittere,
2052 2485 2222 2547 atque
2258 2479 2519 2549 trajicere
2541 2481 2754 2547 volunt,
2774 2485 2998 2540 omnino
3022 2501 3246 2542 necesse
3286 2499 3370 2542 est

1787 2577 1847 2623 ut
1870 2585 1899 2624 e
1923 2570 2089 2641 puppi
2141 2570 2401 2627 ﬂantibus
2424 2575 2607 2629 ventis
2645 2585 2894 2645 agantur,
2930 2586 2985 2633 et
3023 2595 3092 2633 eo
3130 2596 3230 2650 per
3254 2581 3366 2635 vim

1784 2657 2120 2725 deferantur,
2166 2675 2276 2729 quo
2324 2660 2485 2716 ﬂatus
2508 2662 2862 2733 impulerint:
2894 2666 2995 2737 sic:
3016 2668 3179 2722 etiam
3209 2669 3368 2725 nobis

1786 2749 1937 2819 ipsis,
1988 2765 2319 2821 quocunque
2353 2752 2596 2807 Fortuna
2652 2771 2753 2810 nos
2774 2757 2985 2812 deferre
3017 2759 3282 2827 voluerit,
3311 2772 3368 2817 et

1783 2856 1930 2894 aurae
1954 2840 2237 2907 Fatorum,
2264 2850 2324 2895 ut
2349 2842 2450 2912 ipsi
2480 2852 2708 2913 putant,
2740 2845 3081 2903 inevitabiles
3100 2893 3113 2915 ,
3139 2865 3367 2919 prorsus

1784 2932 2085 2988 concedere
2106 2942 2331 2990 necesse
2352 2944 2454 2991 est.
2484 2935 2672 2991 Nonne
2696 2944 2845 2993 recte
2868 2938 2986 2993 haec
3010 2955 3042 2994 a
3064 2940 3224 2995 nobis
3244 2956 3364 2996 esse

1784 3022 1929 3079 dicta
1956 3026 2273 3081 existimas?

1854 3114 2051 3169 PALL.
2076 3115 2277 3182 Quidni
2300 3117 2647 3172 existimem?

1848 3206 2003 3262 CYR.
2032 3208 2205 3279 Igitur
2231 3210 2460 3265 stultum
2508 3228 2637 3267 sane
2664 3220 2768 3279 est,
2810 3214 3103 3271 honestum
3137 3216 3360 3286 quidem

1776 3314 1840 3353 ac
1862 3299 2095 3369 probum
2113 3300 2295 3355 virum
2318 3316 2515 3357 ornare
2541 3304 2817 3371 laudibus,
2833 3315 2887 3359 et
2907 3307 3114 3361 honore
3134 3307 3359 3379 dignum

1770 3388 2057 3460 judicare;
2112 3390 2427 3460 improbum
2473 3409 2607 3450 vero
2653 3403 2816 3466 atque
2861 3397 3356 3470 intemperantem,

1778 3488 1994 3550 turpem
2019 3490 2211 3551 putare
2235 3492 2400 3553 atque
2427 3493 2803 3542 contemnere.

1846 3571 2041 3627 PALL.
2068 3572 2183 3640 Qua
2216 3574 2428 3630 ratione
2454 3576 2602 3632 istud
2626 3580 2865 3634 asseris?

1845 3660 2002 3717 CYR.
2028 3662 2187 3731 Quia,
2216 3665 2445 3733 Palladi,
2473 3666 2643 3724 Ortus
2685 3686 2747 3724 ac
2773 3672 3015 3727 Fortuna
3055 3688 3122 3727 ex
3163 3690 3355 3732 eorum

1773 3752 2032 3822 opinione
2055 3756 2342 3826 superiora
2382 3766 2550 3827 sunt;
2577 3769 2633 3815 et
2657 3760 2944 3818 hominum
2969 3764 3063 3835 qui
3104 3766 3159 3821 in
3182 3768 3356 3824 terris

1772 3854 2064 3901 versantur
2096 3848 2470 3906 miserrimum
2500 3853 2684 3923 fgenus
2709 3865 2907 3925 praeter
2936 3861 3271 3916 voluntatem
3295 3863 3353 3918 in

1771 3943 1986 4005 partem
2018 3945 2307 4010 utramque
2338 3940 2703 4012 detorquent:
2736 3963 2916 4017 neque
2947 3950 3090 4020 apud
3123 3967 3223 4007 nos
3249 3953 3351 4007 ali-

1771 4027 1904 4097 quid
1936 4029 2308 4087 voluntarium
2352 4051 2365 4086 :
2408 4035 2541 4105 quid
2574 4036 2760 4092 enim?
2797 4054 2978 4097 nonne
3006 4043 3061 4098 id
3105 4045 3252 4115 quod
3283 4047 3351 4101 ad

1771 4117 2102 4172 movendum
2139 4119 2399 4177 idoneum
2452 4131 2535 4179 est
2568 4141 2633 4179 ac
2672 4136 2887 4197 potens,
2919 4146 3081 4188 causa
3128 4144 3214 4190 est
3249 4152 3350 4193 cur

1769 4221 1834 4261 ea
1872 4219 2217 4279 moveantur,
2250 4228 2372 4283 quae
2398 4214 2467 4269 ab
2505 4231 2572 4271 eo
2602 4223 2929 4275 moventur?

1842 4298 2038 4355 PALL.
2075 4302 2291 4357 Fateor.

1841 4389 1997 4445 CYR.
2034 4392 2203 4465 Perge
2243 4395 2411 4466 igitur
2444 4413 2544 4467 per
2577 4400 2798 4456 easdem
2833 4403 3209 4478 intelligentia:
3246 4428 3347 4468 no-

116 4440 361 4512 θρὼπινα,
393 4446 495 4500 καὶ
514 4448 817 4521 ἀναμέτρει
841 4452 910 4508 τά
934 4454 1056 4509 καθ’
1086 4457 1258 4527 ἡμᾶς,
1281 4462 1375 4516 καὶ
1397 4464 1465 4518 ἶν’
1492 4466 1662 4537 ἐσμὲν

1851 4440 1997 4445 ---υ
2035 4440 2202 4465 ...μον
2243 4440 2401 4466 Ἰνη..
2445 4440 2532 4467 Ιιν-
2577 4440 2798 4456 νυσυυηι
2833 4440 3209 4478 ιιιυιιιιδῠιιιιω
3246 4440 3343 4468 ιιυ·

1794 4482 1945 4539 iones
1972 4485 2038 4538 ad
2069 4502 2158 4540 res
2207 4486 2494 4555 humanas,
2526 4499 2582 4544 et
2628 4508 2720 4548 res
2759 4505 2974 4553 nostras
3010 4500 3232 4557 metire:
3267 4504 3343 4559 ita

114 4532 263 4587 κακοῦ
286 4536 665 4609 περιαθρήσῃς
679 4535 738 4594 εὖ
772 4541 938 4611 μάλα,
968 4545 1017 4598 si
1045 4545 1122 4618 μή
1155 4552 1275 4613 ταῖς
1303 4552 1516 4608 ἑαυτῶν
1542 4532 1663 4610 tea-

114 4622 318 4689 λουσίοις
337 4628 605 4699 ροπαῖς,ἥ
627 4630 746 4696 τάν,
767 4632 801 4701 ἢ
818 4633 913 4686 ἐπὶ
937 4634 1035 4687 τάν
1053 4636 1177 4707 ῐμεν
1191 4656 1251 4692 τε
1281 4641 1376 4695 καὶ
1402 4642 1632 4699 διασπεύ
1646 4675 1664 4688 -

110 4711 271 4781 δομεν,
300 4718 719 4789 ’κεκρατήμεθα
766 4720 824 4774 δὲ
872 4722 1061 4796 ὥσπερ
1112 4728 1203 4781 καὶ⁵
1248 4730 1661 4806 ὑπενηνήμεθα

110 4806 206 4865 τοῖς
245 4806 448 4878 ἑτέρων
488 4807 672 4877 ζυγοῖς
722 4812 878 4881 ἄγειν
925 4833 984 4869 τε
1028 4819 1122 4871 καὶ
1160 4820 1349 4892 φέρειν
1408 4824 1477 4880 τά
1536 4828 1659 4882 καθ’

112 4896 258 4964 ἡμᾶς,
290 4892 438 4970 ᾗπερ
476 4901 544 4954 ἂν
584 4901 812 4969 ἕλοιντο,
853 4905 1193 4978 δυναμένοις.
1220 4914 1302 4969 Τά
1326 4918 1512 4972 εἰκότα
1542 4921 1654 4993 γὰρ

112 4985 195 5076 ἥδη
225 4990 568 5060 φρονοῦντες.
604 4995 813 5061 ἑαυτοῖς
848 4997 948 5068 μὲν
979 4999 1060 5054 ἔτι
1088 5002 1199 5057 τῶν
1218 5009 1509 5076 πρακτέων
1523 4985 1655 5066 ἀναζ

111 5075 324 5148 θήσομεν
356 5081 533 5147 οὐδὲν,
574 5084 853 5156 ἀνάψομεν
891 5089 949 5142 δὲ
977 5091 1177 5161 μᾶλλον
1210 5075 1308 5159 τάς
1329 5098 1415 5166 ἐφ’
1453 5098 1657 5156 ἅπασιν

109 5168 287 5237 αἰτίας,
337 5175 452 5241 τοῖς
504 5175 589 5245 ἐφ’
629 5177 810 5231 ὁτιοῦν
855 5181 964 5235 τῶν
1002 5184 1144 5238 κατά
1187 5187 1413 5259 γνώμην
1470 5192 1656 5258 αὐτοῖς

105 5260 472 5333 πηδαλιονχείν
518 5265 785 5322 εἰωθόσιν.
831 5270 1156 5345 Ἀφεστήξει
1197 5278 1264 5348 δὴ
1316 5277 1411 5335 οὖν
1460 5283 1652 5359 ὥσπερ

107 5350 308 5406 ἐπαίνου
337 5354 538 5418 παντὸς
564 5357 593 5409 ὀ
613 5356 843 5425 δίκαιος,
872 5360 1017 5417 οὕτω
1047 5365 1142 5419 καὶ
1173 5370 1366 5441 ποινῆς
1393 5375 1422 5426 ό
1439 5350 1647 5444 ἄδικος,

105 5442 295 5497 καὶτοῦ
322 5445 651 5517 κολάζεσθαι
674 5449 805 5505 δεῖν.

166 5535 359 5593 ΠᾹΔΛ.
410 5540 704 5612 Ὀρθότατα
744 5544 948 5619 διανοῇ.

162 5625 313 5682 ΚΥΡ.
346 5630 489 5702 Εἰκῆ
529 5635 819 5706 τοιγαροῦν
852 5637 1221 5710 θαυμάζουσιν
1246 5647 1299 5701 οι
1327 5649 1435 5706 τῶν
1473 5653 1651 5709 τοιού-

103 5728 195 5766 των
244 5719 530 5791 δογμάτων
580 5726 799 5797 εὑρεταὶ
851 5718 1068 5787 Σόλωνά
1110 5751 1169 5789 τε
1217 5738 1306 5792 τὸν
1369 5742 1663 5823 Ἀθήνῃσιῖ

1769 4572 1823 4627 in
1840 4589 1949 4644 quo
1964 4576 2230 4631 malorum
2250 4579 2774 4653 cumulojaceamus,
2795 4587 2999 4657 optime
3010 4595 3338 4663 perspicies:

1767 4662 1813 4715 si
1856 4677 1966 4717 non
2001 4663 2104 4734 ipsi
2139 4667 2343 4722 nostris
2380 4669 2707 4730 voluntariis
2736 4675 2963 4734 nutibus
2984 4688 3079 4735 aut
3108 4662 3210 4740 hac
3244 4696 3342 4741 aut

1765 4750 1892 4805 illac
1922 4750 2263 4823 ingredimur
2290 4773 2353 4812 ac
2383 4774 2777 4831 properamus;
2803 4764 2900 4821 sed
2934 4769 3340 4839 quodammodo

1768 4849 2041 4907 tenemur,
2075 4852 2131 4898 et
2175 4846 2412 4901 aliorum
2442 4849 2572 4921 jugo
2605 4852 2835 4923 subjecti
2871 4872 3080 4925 sumus,
3123 4861 3217 4930 qui
3250 4880 3339 4920 res

1766 4941 1983 4988 nostras
1998 4950 2158 5004 agere
2174 4951 2238 4990 ac
2260 4936 2404 4993 ferre
2428 4940 2663 5005 valeant,
2690 4960 3014 5016 quacunque
3042 4950 3334 5007 voluerint.

1764 5023 1883 5079 Jam
1913 5026 2082 5092 enim,
2102 5026 2147 5081 si
2176 5031 2528 5099 congruentia
2582 5035 2974 5104 cogitabimus,
3006 5041 3165 5098 nobis
3205 5044 3339 5114 ipsis

1763 5124 1946 5185 partes
1973 5132 2159 5172 rerum
2197 5121 2527 5192 agendarum
2566 5126 2870 5183 tribuemus
2892 5130 3088 5197 nullas,
3124 5135 3218 5190 sed
3252 5153 3338 5192 re-

1763 5222 1886 5261 rum
1904 5209 2148 5264 omnium
2165 5228 2359 5269 causas
2379 5215 2445 5270 iis
2461 5217 2644 5286 potius
2657 5218 3056 5290 assignabimus
3069 5241 3190 5295 quae
3210 5244 3333 5295 nos,

1761 5298 1917 5367 quasi
1951 5300 2282 5371 gubernator
2304 5306 2516 5361 clavum
2536 5317 2747 5377 tenens,
2772 5325 2874 5381 pro
2888 5328 3079 5369 eorum
3104 5318 3334 5376 arbitrio

1762 5388 2041 5460 impellere
2075 5392 2304 5448 soleant.
2341 5397 2532 5452 Aberit
2571 5400 2755 5470 igitur,
2793 5410 2853 5456 ut
2887 5404 2955 5459 ab
2979 5408 3127 5463 omni
3168 5411 3334 5469 laude

1756 5480 1962 5551 justus,
2000 5483 2080 5538 sic
2110 5484 2345 5555 injustus
2382 5504 2413 5542 a
2453 5505 2614 5559 poena
2649 5500 2811 5563 atque
2847 5498 3137 5568 supplicio.

1833 5573 1994 5643 199
2026 5574 2223 5631 PALL.
2252 5578 2576 5637 Rectissime
2618 5584 2851 5656 colligis.

1784 5660 1968 5722 ξογιι.
1991 5662 2206 5721 Talium
2242 5684 2373 5741 ergo
2409 5670 2725 5743 dogmatum
2764 5676 3084 5738 inventores
3120 5691 3326 5740 temere

1757 5750 2014 5809 Solonem
2043 5756 2196 5812 illum
2228 5762 2373 5829 apud
2390 5762 2659 5831 Athenas,
2687 5766 2988 5825 Draconem
3011 5787 3228 5842 quoque
3260 5769 3325 5831 ac
