4072 6512
631 332 729 389 ﬂii

1653 322 1710 377 S.
1749 319 2031 375 CYRILLI
2067 314 2538 373 ALEXANDle
2572 313 2889 371 ARCIIIEP.

3776 318 3867 371 452

633 446 939 515 Lycurgum
955 439 1316 505 admirantur,
1339 448 1595 508 tanquam
1608 436 1941 506 optimarum
1960 432 2204 503 discipli-

2321 429 2589 502 δράκοντά
2610 447 2669 483 τε
2700 429 2794 482 καὶ
2822 424 3161 496 Λυκοῦργον,
3187 424 3264 488 ὡς
3292 424 3590 493 παγκάλων
3622 424 3869 496 paeana.

633 550 828 589 narum
844 541 1117 595 auctores,
1137 540 1197 585 ut
1219 530 1315 601 qui
1338 531 1483 600 leges
1505 528 1710 584 Graecis
1727 525 2200 598 praestautissimas

633 624 956 681 invenerint.
983 621 1123 688 Quid
1137 621 1285 675 enim
1303 630 1385 675 est
1410 636 1477 676 ex
1499 636 1565 675 ea
1588 636 1647 675 re
1669 618 1965 682 commodi,
1998 616 2046 671 si
2062 616 2201 671 nihil

631 717 691 770 in
725 723 910 771 nostra
926 713 1089 767 situm
1118 721 1202 767 est
1221 721 1525 782 potestate;
1556 710 1652 765 sed
1677 710 1861 780 potius
1879 725 1948 764 ex
1970 708 2202 763 aliorum

630 817 769 861 nutu
811 814 999 859 nostra
1045 803 1230 859 omnia
1272 802 1550 872 pendent?
1585 801 1890 870 eodemque
1937 806 2202 869 praeterea

630 895 892 966 pondere,
929 893 1230 961 eodemque
1255 892 1377 946 loco
1415 892 1541 955 erit,
1577 892 1671 961 qui
1723 891 1871 960 leges
1898 890 2196 960 ignoravit,

631 1002 742 1057 quo
792 985 870 1039 illi
915 984 1011 1055 qui
1057 994 1284 1047 norunt,
1330 983 1375 1037 si
1427 982 1743 1036 volentibus
1785 981 1934 1034 nulla
1980 980 2209 1034 facultas

630 1093 753 1147 quae
783 1077 954 1132 velint
974 1076 1147 1130 libere
1187 1074 1422 1129 faciendi
1451 1074 1634 1128 datur.
1662 1072 1975 1139 Quinetiam
2023 1072 2205 1142 legum

630 1178 884 1224 auctores
905 1169 1062 1238 longe
1089 1166 1463 1236 iniquissimos
1488 1165 1739 1219 homines
1777 1165 1942 1219 fuisse
1967 1179 2207 1233 pronun-

633 1262 711 1316 tio
746 1301 762 1326 ,
806 1260 1057 1331 quamvis
1090 1258 1380 1314 maximam
1415 1257 1494 1311 illi
1515 1257 1741 1329 iustitiae
1764 1256 2078 1325 opinionem
2102 1255 2208 1308 sibi

631 1349 1088 1420 comparaverint.
1128 1349 1266 1403 Nam
1313 1363 1509 1418 segnes
1537 1356 1702 1416 atque
1749 1346 2090 1415 negligentes
2115 1360 2211 1399 ne-

641 1438 758 1492 scio
781 1453 888 1507 qua
912 1437 1124 1492 ratione
1143 1436 1581 1506 puniendosesse
1594 1435 2039 1498 decreverunt,et
2060 1450 2211 1489 acer—

635 1528 733 1582 bas
757 1527 1271 1597 violatarumlegum
1294 1541 1486 1597 pinnas
1512 1526 1643 1581 dare
1668 1526 1997 1591 voluerunt;
2026 1525 2211 1595 pueris

634 1626 817 1671 autem
843 1617 999 1686 quasi
1027 1618 1244 1688 regulas
1267 1616 1553 1686 quasdam,
1587 1625 1643 1670 et
1670 1615 1829 1670 laude
1861 1614 2212 1686 dignissimas

635 1707 759 1762 Viue
789 1707 1139 1764 instituenda:
1170 1708 1408 1762 rationes
1435 1706 1783 1762 tradiderunt
1825 1724 1839 1772 ;
1870 1707 2038 1776 idque
2066 1706 2212 1761 fece-

2304 542 2413 579 των
2431 522 2749 595 εἰσηγητάς,
2765 521 2860 576 καὶ
2880 520 3079 591 νόμους
3100 521 3212 582 τοῖς
3235 519 3459 590 Ἕλλησι
3484 521 3611 584 τοὺς
3630 520 3872 591 ἀρίστους

2306 616 2696 688 ὲξευρηκότας.
2731 613 2868 668 Ποία
2897 613 3008 683 γὰρ
3036 613 3102 665 ἐκ
3133 611 3288 665 τοῦδε
3319 611 3506 665 λοιπον
3532 613 3567 683 ἡ
3600 611 3805 683 ὄνησις,
3830 618 3873 668 εί

2305 707 2471 779 μηδὲν
2492 707 2578 776 ἐφ’
2606 708 2760 776 ἡμῖν,
2792 704 3033 774 ἀνῆπται
3060 702 3120 756 δὲ
3152 702 3352 772 μᾶλλον
3374 702 3444 756 τά
3461 704 3495 772 ὴ
3504 702 3621 774 μῶν
3643 704 3871 774 ἑτέροιςς

2301 802 2361 854 ὲν
2392 800 2491 869 ἴσῳ
2520 798 2580 852 δέ
2604 814 2707 850 που
2733 797 2832 851 καὶ
2860 796 2917 850 ὲν
2947 794 3119 865 όμοίῳ
3146 794 3353 854 λοιπὸν,
3387 796 3503 858 τοῖς
3528 797 3654 859 τοὺς
3686 796 3875 865 νόμους

2303 891 2487 956 εἰδόσι,
2515 891 2611 945 καὶ
2645 892 2674 943 ὁ
2702 888 2924 951 τούτους
2961 885 3271 957 ἡγνοηκὼς,
3300 886 3351 938 εί
3387 886 3462 957 μὴ
3502 888 3725 956 μέτεστι
3756 887 3875 958 δρᾷν

2300 985 2416 1046 τοῖς
2437 982 2714 1037 ἐθέλουσιν
2740 977 3063 1041 ἐλευθέρως,
3095 976 3132 1030 ἀ
3160 976 3226 1030 ἂν
3253 977 3455 1030 ἓλοιντο
3476 977 3662 1047 τυχὸν,
3689 977 3878 1030 ἀδικω-

2302 1076 2498 1137 τάτους
2527 1073 2585 1127 δὲ
2621 1072 2742 1125 λίαν
2772 1071 2899 1133 τοὺς
2932 1068 3041 1123 τῶν
3077 1068 3258 1139 νόμιον
3298 1068 3587 1139 ὑφηητάς
3633 1067 3877 1136 γενέσθαι

2304 1165 2471 1236 φημὶ,
2500 1163 2593 1236 καί
2629 1180 2713 1216 τοι
2739 1144 2997 1229 πλείστην
3041 1160 3175 1230 ὅσην
3215 1158 3373 1223 δόξαν
3415 1159 3767 1230 δικαιοσύνης
3799 1160 3876 1228 ἐφ’

2306 1235 2869 1327 ἑαυτοῖξῇρημὲνους.
2902 1252 3114 1324 Χρῆναι
3141 1252 3251 1322 γάρ
3279 1250 3345 1322 δὴ
3371 1250 3873 1321 νενομοθετήκασιν,

2304 1351 2407 1404 οὐκ
2442 1344 2539 1401 οἶδ’
2579 1349 2728 1410 ὅπως
2749 1386 2765 1411 ,
2796 1345 2925 1409 τοὺς
2965 1342 3344 1416 ῥᾳθυμοῦντας
3390 1341 3754 1407 κολάζεσθαι,
3795 1342 3880 1396 καὶ

2309 1441 2512 1511 πικρὰς
2542 1442 2644 1511 τῆς
2680 1437 3047 1507 παραϐάσεως
3072 1434 3422 1489 ἀποτιννύναι
3449 1434 3626 1498 δίκας,
3660 1436 3880 1496 κανόνας

2307 1527 2367 1581 δὲ
2419 1528 2610 1596 ὥσπερ
2672 1528 2787 1589 τοῖς
2863 1524 3006 1588 νέοις
3062 1524 3158 1577 καὶ
3220 1522 3596 1591 παιδαγωγίας
3657 1522 3881 1593 τρόπους

2309 1620 2868 1684 ἀξιεπαινετωτάτους
2906 1613 3374 1686 παραδεδώκασιν,
3402 1615 3435 1685 ἢ
3459 1613 3533 1678 ὡς
3556 1614 3616 1667 ὃν
3646 1614 3741 1682 ἀφ’
3766 1613 3884 1683 ἡμίν

2312 1710 2529 1773 αὐτοῖς,
2566 1708 2627 1762 τὸ
2653 1706 2891 1762 διαϐιοῦν
2925 1704 3140 1758 ἑλέσθαι
3170 1705 3384 1775 σεμνῶς
3404 1703 3477 1774 ,δὴ
3506 1704 3607 1757 οὑκ
3636 1699 3741 1757 οἷδ’
3782 1703 3809 1756 ὅ
3836 1719 3883 1755 τι

637 1808 785 1862 runt,
812 1807 907 1852 aut
930 1797 1080 1868 quod
1131 1798 1187 1852 in
1241 1806 1428 1852 nostra
1463 1796 1718 1851 facultate
1751 1796 1915 1852 situm
1955 1806 2215 1867 putarent

2321 1801 2744 1871 πεφρονηκότες.
2764 1798 2901 1869 Φαίη
2932 1798 2977 1851 δ’
3006 1797 3091 1862 ἃν,
3114 1793 3288 1867 οἶμαι,
3315 1796 3417 1858 τίς·
3439 1791 3601 1864 Εὖγε,
3618 1790 3671 1849 ὧ
3694 1794 3883 1858 Σόλων,

636 1889 920 1943 honestam
952 1888 1119 1943 vitam
1150 1888 1470 1954 instituere;
1514 1896 1607 1941 aut
1637 1888 1823 1943 nescio
1864 1888 2011 1959 quod
2034 1889 2213 1945 consi-

635 1979 768 2034 lium
799 1979 971 2035 secuti
1010 1980 1139 2034 sint.
1172 1979 1381 2035 Dixerit
1404 1986 1607 2043 autem,
1640 1988 1698 2033 ut
1726 1979 1942 2048 opinor,
1970 1980 2209 2050 aliquis:

634 2070 901 2126 Praeclare
923 2071 1169 2142 quidem,
1211 2086 1244 2125 ο
1269 2070 1456 2135 Solon,
1485 2070 1631 2141 leges
1658 2071 1802 2125 illius
1830 2070 2011 2126 saaculi
2034 2070 2212 2125 homi-

636 2161 800 2215 nibus
824 2161 1097 2216 tradidisti
1120 2179 1135 2228 ;
1164 2162 1260 2216 sed
1286 2178 1423 2231 opus
1439 2173 1556 2217 erat
1575 2171 1633 2215 ut
1658 2163 1787 2215 Fato
1810 2170 2069 2232 prazlcrea
2093 2177 2216 2233 per-

638 2252 918 2316 suaderes,
972 2253 1206 2314 sineret,
1237 2270 1331 2308 eos
1374 2254 1468 2323 qui
1511 2256 1660 2324 leges
1700 2265 2044 2323 acceperant,
2092 2270 2214 2324 quae

637 2343 839 2397 vellent
862 2352 919 2398 et
940 2345 1143 2399 sentire
1170 2354 1226 2400 et
1262 2343 1463 2399 facere.
1490 2344 1595 2398 Sed
1626 2352 1702 2408 tu,
1742 2344 1876 2398 nihil
1901 2344 1968 2398 de
1986 2360 2214 2414 persua-

636 2434 818 2489 dendo
854 2436 1129 2501 laborans,
1155 2438 1301 2507 leges
1343 2437 1602 2491 sanxisti:
1653 2436 1873 2491 ridebas
1898 2438 2101 2506 quippe
2150 2447 2210 2492 et

639 2523 754 2594 ipse
779 2524 920 2579 hanc
945 2525 1210 2591 fabulam,
1247 2536 1303 2581 et
1328 2542 1514 2581 rerum
1537 2526 1869 2595 agendarum
1892 2526 2208 2581 facultatem

639 2606 810 2683 penes
833 2629 933 2668 nos
954 2629 1074 2668 esse
1120 2613 1352 2679 sciebas,
1380 2624 1438 2668 et
1480 2612 1621 2667 hanc
1660 2612 1904 2683 iniquam
1940 2620 1995 2668 et
2019 2629 2214 2667 caacam

640 2705 922 2759 actionum
967 2705 1335 2761 humanarum
1362 2706 1657 2762 Fortunam
1702 2705 2039 2775 repellebas:
2075 2706 2213 2760 alio-

640 2794 739 2865 qui
763 2811 1048 2867 nunquam
1087 2797 1481 2861 existimasses,
1509 2796 1773 2866 optimum
1799 2797 2020 2867 quidem
2040 2798 2214 2853 civem

644 2901 773 2941 eum
812 2903 932 2942 esse
979 2888 1291 2943 habendum
1331 2888 1425 2958 qui
1471 2895 1583 2942 tum
1617 2889 1741 2958 pius
1777 2898 1939 2953 esset,
1981 2896 2095 2943 tum
2132 2890 2213 2945 le-

2317 1891 2657 1961 ενομοθὲτεις
2674 1892 2787 1953 τοῖς
2806 1888 2951 1942 τότε·
2970 1887 3085 1942 ἀλλ’
3107 1886 3216 1941 ἔδει
3240 1903 3343 1940 που
3373 1886 3591 1950 πάντως
3611 1904 3885 1959 προσανα-

2319 1984 2532 2037 πείθειν
2574 1982 2685 2054 τὴν
2707 1979 3063 2051 Εἱμαρμένην
3103 1981 3313 2048 ἐφεῖναι
3357 1981 3469 2043 τοῖς
3495 1978 3885 2049 νομοθετουμέ-

2318 2091 2430 2138 νοις
2456 2074 2492 2129 ἀ
2514 2074 2581 2128 ἂν
2609 2072 2882 2143 βούλοιντο
2902 2072 3118 2141 φρονεῖν
3140 2086 3202 2124 τε
3224 2070 3317 2124 καὶ
3333 2070 3487 2140 δρᾷν.
3520 2070 3888 2139 Ἐνομοθὲτιις

2319 2166 2377 2219 δὲ
2416 2166 2477 2219 ού
2519 2161 2829 2227 πεπεικὼς·
2870 2161 3062 2231 ἐγέλας
3098 2159 3155 2214 δέ
3182 2178 3283 2214 που
3326 2162 3463 2232 τάχα
3491 2161 3587 2214 καὶ
3613 2160 3785 2224 αὐτὸς
3806 2162 3890 2213 τὸν

2325 2255 2522 2328 μῦθον,
2552 2254 2650 2310 καὶ
2686 2253 2909 2325 κυρίους
2946 2251 3218 2322 ἠπίστασο
3252 2251 3360 2306 τῶν
3390 2251 3686 2322 πρακτέων
3724 2253 3886 2322 ἡμᾶς,

2322 2352 2423 2421 τήν
2444 2366 2502 2403 τε
2534 2348 2720 2402 ἀδικον
2747 2345 2843 2399 καὶ⁵
2869 2344 3076 2415 τυφλὴν
3105 2343 3215 2397 τῶν
3241 2343 3596 2415 ἀνθρωπίνων
3632 2342 3890 2415 πραγμά-

2322 2458 2430 2494 των
2451 2438 2741 2499 ἀπεσόϐεις
2760 2435 2963 2507 Τύχηνο
2986 2436 3019 2507 ἢ
3046 2435 3159 2506 γὰρ
3182 2436 3284 2488 ούκ
3305 2434 3371 2490 ἀν
3388 2434 3497 2504 ᾤου
3515 2433 3652 2498 δεῖν,
3675 2434 3891 2504 ἄριστον

2328 2530 2426 2601 μὲν
2452 2525 2594 2583 εἶναι
2615 2528 2841 2599 πολίτην
2866 2528 3117 2581 ὑπονοεῖν
3136 2566 3151 2591 ,
3177 2525 3268 2579 τὸν
3292 2524 3491 2595 εὐσεϐῆ
3514 2541 3576 2578 τε
3607 2526 3709 2577 καὶ
3738 2540 3892 2593 νομο-

2326 2621 2543 2689 φύλακα
2563 2659 2579 2684 ,
2606 2619 2828 2689 καὶτῆς
2866 2620 2949 2682 εἰς
2984 2618 3152 2689 ἀκρον
3186 2617 3487 2680 ἐπιεικείας
3516 2616 3763 2688 ἀνῆρθαι
3804 2614 3894 2685 τὴν

2323 2711 2503 2776 δόξαν,
2540 2710 2760 2781 ἀχρεῖον
2792 2709 2848 2762 δὲ
2877 2704 2945 2763 αῦ
2981 2709 3075 2763 κα)⁵
3104 2711 3219 2771 τοῖς
3245 2709 3545 2779 αἰσχίστας
3571 2705 3895 2780 ὲναριθμοῦ-

2327 2819 2508 2872 μενον,
2528 2802 2618 2855 τὸν
2641 2801 2915 2873 ἐρρῶσθαι
2941 2799 3218 2870 φράζοντα
3240 2802 3354 2864 τοῖς
3366 2800 3447 2865 είς
3468 2799 3744 2871 ὀρθότητα
3764 2815 3895 2867 συμο

2324 2890 2673 2945 ϐουλεύσουσι
2707 2889 2942 2943 διάττειν
2969 2890 3190 2959 νόμοιςῖ

640 2993 770 3048 gum
792 2988 1073 3045 servator;
1118 2989 1174 3033 et
1223 2980 1288 3034 ad
1335 2995 1605 3033 summam
1653 2980 1946 3049 probitatis
1980 2981 2208 3052 gloriam
2252 2998 2318 3053 pe
2334 2983 2601 3056 rtigisset;
2644 2984 2899 3039 inutilem
2937 2997 3150 3049 rursus,
3190 2991 3247 3038 et
3271 2982 3414 3038 inter
3439 2984 3795 3055 turpissimos
3815 2997 3895 3037 re-

642 3070 1001 3136 censendum,
1047 3074 1142 3142 qui
1186 3073 1401 3145 legibus
1451 3082 1661 3128 rectum
1704 3073 1829 3127 vitae
1862 3073 1966 3128 iter
1995 3073 2218 3143 aggredi
2257 3076 2637 3142 suadentibus,
2664 3077 2889 3132 multam
2915 3076 3147 3132 salutem
3170 3074 3417 3132 dixisset.

712 3164 911 3219 PALL.
938 3164 1355 3235 Elegantissime
1375 3175 1540 3235 atque
1564 3164 1792 3234 optime.

697 3256 855 3312 ΟΥΕ.
875 3256 1017 3321 Quid
1032 3272 1184 3321 vero,
1198 3257 1402 3312 Palladi
1423 3276 1438 3324 ;
1464 3272 1760 3327 puerorum
1786 3256 2157 3313 institutiones
2174 3267 2231 3314 et

644 3348 870 3411 monita,
914 3348 1328 3402 exhortationes
1368 3364 1589 3419 quoque
1628 3348 1696 3402 ad
1748 3348 2032 3411 virtutem,
2087 3366 2230 3419 quas

644 3444 902 3505 parentes
944 3436 1135 3491 liberis
1174 3445 1231 3492 et
1267 3436 1510 3508 magistri
1554 3437 1620 3491 ad
1646 3452 1702 3491 sc
1726 3437 2121 3493 ventitantibus
2137 3439 2233 3494 ad-

648 3528 857 3593 hibent,
885 3544 1067 3583 nonne
1100 3546 1269 3584 vanas
1291 3546 1411 3585 esse
1445 3529 1727 3593 dicemus;
1773 3534 1817 3583 si
1844 3529 1988 3583 viam
2026 3546 2139 3585 non
2161 3548 2230 3587 ex

648 3628 833 3672 nostra
852 3619 1126 3673 sententia
1162 3619 1475 3689 ingredi,et
1498 3619 1623 3673 vitae
1665 3619 1917 3671 semitam
1942 3627 2128 3676 tenere
2150 3621 2233 3677 in-

648 3707 864 3763 terdum
889 3724 920 3762 a
945 3716 1129 3763 nostra
1150 3711 1428 3764 voluntate
1455 3709 1686 3764 alienam
1703 3708 1949 3778 cogimur
1972 3710 1995 3763 ?

721 3798 916 3854 PALL.
942 3800 1010 3853 Et
1032 3799 1256 3869 quidem
1282 3800 1540 3854 maxime.
1754 3790 1757 3793 ’

720 3888 879 3943 CYR.
910 3886 968 3942 Si
996 3889 1123 3957 quis
1140 3896 1406 3959 praeterea
1430 3889 1719 3945 adversum
1744 3907 1948 3961 pueros
1966 3906 2113 3954 suos,
2139 3900 2233 3943 aut

650 3981 787 4037 alios
802 3980 1017 4049 aliquos
1036 3982 1671 4051 commoveatur,eisquc
1696 3992 1901 4036 rectam
1923 3980 2234 4050 castigatio-

651 4084 776 4126 nem
800 4069 1080 4135 adhibeat,
1117 4070 1559 4141 2001audesne
1585 4071 1699 4141 ipse
1728 4068 2234 4143 hujusmodihomi-

652 4180 803 4230 nem,
826 4181 897 4220 an
922 4164 1171 4233 iniquum
1197 4170 1375 4233 putes,
1404 4162 1497 4232 qui
1515 4162 1743 4216 consilio
1768 4163 1952 4217 nescio
1976 4177 2085 4231 quo
2111 4176 2231 4214 om-

651 4255 805 4310 nium
838 4255 998 4309 nobis
1024 4255 1292 4308 malorum
1337 4260 1590 4306 auctores
1642 4252 2056 4323 irreprehensos
2081 4250 2234 4306 abire

652 4348 826 4415 sinat;
852 4362 948 4403 eos
976 4361 1109 4402 vero
1136 4346 1229 4415 qui
1254 4353 1451 4415 praeter
1472 4346 1808 4399 voluntatem
1828 4352 1884 4399 et
1906 4360 1973 4399 ex
1994 4343 2235 4399 necessi-

666 4448 768 4494 ;ate
791 4438 858 4493 ad
897 4438 1014 4493 haec
1034 4436 1255 4492 adducti
1273 4436 1404 4501 sint,
1432 4435 1747 4490 multandos
1772 4435 1967 4507 putet?

714 4529 914 4585 PALL.
942 4529 1181 4599 Equum
1206 4527 1375 4594 dicis;
1405 4542 1653 4598 magnam
1677 4526 1824 4581 enim
1847 4527 2014 4582 habet
2037 4526 2230 4597 proba-

661 4620 929 4675 bilitatem
954 4620 1149 4675 oratio.

721 4710 878 4766 CYR.
904 4707 1058 4776 Quod
1084 4716 1268 4764 autem
1292 4708 1409 4763 haec
1446 4708 1667 4765 illorum
1693 4710 1881 4782 opinio
1906 4711 1978 4766 sit
2003 4723 2234 4766 summa

660 4799 957 4871 impietatis
1000 4799 1180 4870 plena,
1220 4798 1350 4853 hinc
1375 4797 1589 4855 disces:
1641 4801 1871 4866 etenim,
1905 4815 2031 4854 cum
2074 4799 2240 4870 hujus

661 4893 1037 4949 universitatis
1059 4892 1215 4963 quasi
1238 4892 1669 4963 gubernatorem,
1687 4892 1978 4963 quemdam
2012 4901 2069 4948 et
2096 4908 2238 4962 pra:-

662 4987 835 5047 sidem
862 4986 1035 5041 Deum
1074 4985 1144 5039 ab
1190 5001 1253 5040 ea
1288 5000 1453 5054 quam
1497 4985 1682 5052 habet,
1707 4986 1881 5057 gloria
1912 4984 2236 5047 deturbent,

663 5094 898 5149 cumque
943 5077 999 5133 in
1042 5092 1162 5132 eam
1203 5075 1631 5147 progrediantur
1680 5076 1988 5142 audaciam,
2041 5084 2101 5130 ut
2126 5076 2243 5130 suis

668 5171 819 5225 illum
865 5170 1203 5225 ornamentis
1249 5170 1475 5224 omnino
1512 5170 1785 5238 spolient;
1833 5186 1933 5225 suo
1975 5168 2237 5239 suffragio

668 5277 852 5316 rerum
894 5269 1205 5315 nostrarum
1259 5267 1587 5331 potestatem
1638 5260 1706 5315 iis
1749 5261 1916 5316 rebus
1954 5260 2239 5315 ascribunt

667 5368 790 5421 quae
827 5352 947 5421 .rsis
961 5362 1166 5407 temere
1193 5351 1503 5407 intuentem
1520 5352 1781 5419 veniunt;
1811 5352 2063 5423 quamvis
2082 5368 2239 5409 crea-

669 5456 846 5499 turam
869 5458 1083 5499 onmem
1115 5443 1353 5499 motibus
1386 5446 1533 5502 haud
1557 5446 1900 5502 moderatore
1916 5448 2238 5505 carentibus

739 5648 946 5721 (i)‘Sic
996 5650 1120 5708 cod.
1176 5652 1389 5721 Vatic,;
1431 5650 1616 5707 Sirleti
1666 5650 1863 5716 codex,
1901 5650 2239 5706 διδασκάλων

667 5720 722 5775 δὲ
750 5719 943 5793 vasa;
969 5722 1272 5794 ὁμιληταῖς.
1309 5719 1512 5777 Vocem
1556 5721 1845 5794 ὁμιληταῖς
1878 5722 1947 5777 ad
1975 5738 2031 5778 se
2066 5723 2235 5782 uentis

2265 4499 2311 4555 D

2250 3172 2295 3230 C
2397 3169 2604 3223 IIAAA.
2653 3168 3000 3223 ’Δστειότατά
3040 3185 3098 3222 τε
3130 3169 3226 3221 καὶ
3258 3167 3461 3239 σφόδρα
3489 3168 3673 3233 καλῶς
3706 3169 3860 3241 ἔφης.

2400 3262 2565 3316 ΚΥΡ.
2608 3262 2674 3315 Τί
2705 3262 2785 3326 δὲ,
2825 3255 2871 3315 ὦ
2911 3260 3169 3332 φιλότης;
3215 3261 3337 3331 οὐχὶ
3376 3258 3476 3323 τάς
3522 3262 3898 3331 παιδαγωγίας

2328 3354 2425 3408 καὶ
2455 3353 2553 3417 τὰς
2587 3353 2891 3424 ὑποθήκας,
2924 3352 3021 3408 καὶ
3052 3352 3158 3423 μὴν
3183 3351 3279 3406 καὶ
3322 3352 3652 3423 προκλήσεις
3686 3354 3792 3418 τὰς
3819 3357 3902 3407 ἐπ’

2329 3448 2566 3519 ἀρετὴν,
2597 3447 2776 3518 ἇσπερ
2822 3447 2889 3501 ἂν
2933 3448 3172 3500 ποιοῖντο
3212 3445 3446 3516 πατέρες
3494 3446 3595 3517 μὲν
3631 3447 3725 3516 ἀφ’
3749 3450 3899 3511 υίοῖς,

2329 3537 2633 3592 διδάσκαλοι
2661 3537 2717 3590 δὲ
2755 3536 3043 3606 ὁμιληταῖς
3082 3535 3185 3605 (1),
3221 3535 3434 3598 είκαίας
3464 3531 3606 3589 εῖναι
3636 3539 3902 3609 φήσομεν,

2330 3632 2381 3685 εί
2426 3629 2800 3700 καταστείχειν
2834 3629 3050 3701 ἀνάγκη
3096 3628 3197 3699 τὴν
3225 3629 3290 3681 ού
3330 3629 3470 3683 κατά
3500 3627 3732 3700 γνώμην
3767 3630 3903 3694 όδδν,

2330 3722 2427 3776 καὶ
2459 3721 2574 3791 βίου
2603 3719 2791 3791 τρίϐον
2822 3720 2960 3774 ίὲναι
2991 3719 3091 3791 τὴν
3116 3717 3440 3788 ἀνεθέλητον
3466 3718 3580 3773 ἐσθ’
3606 3721 3732 3785 ὃτες

2402 3814 2613 3867 ΠΑΛΔ.
2643 3813 2754 3867 Καὶ
2787 3812 2953 3883 μάλα.

2403 3904 2570 3959 ΚΥΡ.
2597 3904 2660 3957 Ei
2681 3904 2738 3957 δὲ
2762 3903 2827 3974 δὴ
2850 3904 2946 3957 καὶ
2974 3903 3160 3959 παισὶν
3184 3904 3356 3967 ίδίοις,
3374 3904 3540 3974 ἢγουν
3560 3904 3777 3975 ἑτέροις
3798 3903 3910 3956 τισὶ

2334 3996 2856 4067 πεπλημμεληκόσιν
2882 3996 3231 4067 ὲποτρύνοιτό
3251 4013 3334 4061 τις
3361 3998 3455 4050 καὶ
3474 3981 3644 4069 ὀρθὴν
3671 3999 3909 4049 ποιεῖται

2332 4089 2431 4157 τὴν
2457 4084 2768 4158 ἐπίπληξιν,
2794 4089 3115 4152 ἐπαινέσαιτε
3149 4088 3217 4143 ἂν
3246 4089 3339 4143 τὸν
3368 4087 3609 4142 τοιοῦτον
3646 4088 3815 4150 αὐτὸς
3832 4130 3848 4153 ,
3876 4087 3910 4157 ἢ

2333 4178 2518 4233 ἄδικον
2561 4177 2715 4250 λογιῇ
2739 4219 2751 4243 ,
2792 4180 2919 4243 τοὺς
2965 4180 3065 4250 μὲν
3098 4180 3353 4235 ἀπάντων
3396 4182 3530 4251 ἡμῖν
3565 4180 3678 4235 τῶν
3723 4179 3911 4234 κακῶν

2334 4268 2539 4333 αἰτίους
2565 4269 2990 4341 ἀνεπιτιμήτους
3018 4272 3112 4341 ὲᾷν
3148 4271 3248 4324 οὐκ
3272 4268 3367 4325 οἷδ’
3395 4272 3542 4334 ὅπως
3573 4271 3913 4343 ᾑρημένως,

2332 4358 2459 4422 τούς
2501 4375 2567 4428 γε
2618 4359 2745 4431 μὴν,
2788 4358 3130 4431 ἀνεθελήτως
3183 4376 3243 4413 τε
3274 4361 3368 4413 καὶ
3412 4359 3473 4424 ἐξ
3517 4362 3765 4429 ἀνάγκης
3820 4361 3914 4413 ἐπὶ

2335 4450 2508 4505 ταῦτα
2532 4451 2805 4522 ἠγμένους
2834 4451 3131 4523 ὑποφέρειν
3157 4453 3277 4516 ταῖς
3306 4452 3517 4516 δίκαις;

2409 4542 2618 4597 ΠΑΛΔ.
2645 4543 2850 4597 Ἔοικε.
2888 4543 3030 4597 Πολὺ
3058 4542 3166 4613 γὰρ
3188 4542 3301 4614 εχει
3326 4544 3387 4597 τὸ
3415 4543 3641 4597 πιθανὸν
3668 4543 3699 4597 δ
3728 4544 3914 4613 λόγος.

2410 4720 2577 4775 ΚΥΡ.
2633 4719 2925 4791 Ἕμπλεως
2973 4718 3030 4772 δὲ
3082 4719 3164 4773 ὅτι
3211 4716 3530 4781 δυσσεϐείας
3577 4717 3758 4781 αὐτοῖς
3816 4716 3919 4778 τῆς

2338 4810 2577 4882 ἐσχάτης
2607 4812 2639 4880 ή
2668 4809 2847 4863 τοιάδε
2872 4807 3030 4873 δόξα,
3056 4806 3355 4862 κάντεῦθεν
3381 4807 3505 4880 εἴσῃ
3532 4823 3614 4861 τοι
3632 4823 3649 4839 ·
3678 4805 3771 4860 τόν
3801 4806 3918 4875 γὰρ

2339 4900 2493 4955 τοῦδε
2520 4900 2613 4955 τοῦ
2649 4900 2851 4963 παντὸς
2879 4898 3265 4969 οίακοστρόφον
3301 4897 3491 4969 ὥσπερ
3517 4898 3637 4952 τινὰ
3664 4899 3758 4951 καὶ
3788 4898 3947 4977 tam.

2343 4992 2544 5063 στάτην
2570 4990 2722 5055 Θεὸν,
2749 4990 2846 5062 τῆς
2871 4989 3095 5059 ἐνούσης
3128 4988 3278 5059 αὐτῷ
3314 4988 3694 5051 κατασείοντες
3726 4987 3916 5055 δόξης,
3940 4984 3947 4997 ’

2343 5082 2438 5136 xui
2476 5082 2557 5144 είς
2586 5080 2742 5134 τοῦτο
2786 5079 2970 5132 λοιπὸν
3005 5079 3173 5142 ίόντες
3214 5078 3485 5149 θράσους,
3521 5078 3597 5141 ὡς
3622 5076 3729 5130 τῶν
3759 5076 3949 5147 tam,

2343 5174 2575 5227 είσάπαν
2602 5170 2917 5242 ἀλλοτριοῦν
2946 5170 3277 5242 αὐχημάτων
3306 5170 3502 5235 αὐτὸν,
3532 5170 3729 5240 ψήφοις
3754 5165 3921 5229 ἰδίοις
3944 5157 3963 5177 ³

2344 5265 2500 5319 αὐτοὶ
2525 5264 2587 5316 τὸ
2605 5262 2713 5318 τῶν
2738 5262 2863 5317 καθ’
2889 5263 3038 5333 ἡμᾶς
3063 5261 3395 5331 ἀπονέμουσι
3412 5261 3624 5333 κράτος
3640 5300 3656 5326 ,
3677 5260 3789 5321 τοῖς
3836 5258 3923 5319 εἰς

2344 5356 2465 5411 νοῦν
2494 5357 2721 5426 ἥκουσιν
2755 5354 2945 5419 ἀπλῶς
2965 5371 2980 5385 ο
3008 5355 3104 5407 καί
3129 5370 3211 5407 τοι
3234 5354 3335 5425 τὴν
3364 5354 3541 5406 κτίσιν
3569 5354 3779 5407 ἃπασαν
3810 5349 3922 5401 οὐκ

2342 5448 2793 5519 ἀνεπιστατήτοις
2827 5448 3092 5519 κινήμασι
3126 5444 3431 5517 φερομένην
3469 5443 3696 5514 δρῶντες
3726 5441 3815 5504 είς
3846 5436 3926 5492 τὰ

2347 5652 2579 5707 tantibus
2629 5651 2879 5717 reddidi,
2933 5659 2993 5705 ut
3035 5652 3173 5707 solet
3217 5651 3408 5708 Cicero
3458 5632 3742 5720 discipulos
3812 5638 3925 5701 vo-'

2342 5737 2489 5777 care.
