3998 6492
184 340 285 395 455

901 330 991 388 DE
1029 331 1471 389 ADORA'I'IONE
1506 335 1570 389 IN
1614 335 1883 394 SPIRITU
1924 339 2013 395 ET
2055 342 2421 399 VERITATE.
2466 343 2592 399 LIB.
2637 345 2720 398 \‘l.

3325 355 3424 406 454

184 454 376 512 οἰκεῖα.
412 444 475 499 Τί
516 445 628 519 γὰρ
674 445 773 500 οὐκ
811 444 869 499 ἐν
903 446 1095 515 κόσμῳ
1125 445 1427 515 πράττεται
1475 446 1583 501 τῶν
1630 452 1747 522 περὶ

1864 458 1920 512 in
1949 470 2079 511 suos
2103 457 2244 512 fines
2287 456 2514 515 tendere
2546 458 2788 514 videant.
2833 458 2975 525 Quid
3021 460 3171 515 enim
3195 461 3251 517 in
3272 478 3398 520 crea

185 550 282 617 τὴν
308 542 477 598 κτίσιν
502 555 518 604 ;
546 538 600 591 τί
623 538 681 591 δὲ
704 537 812 593 τῶν
840 537 1008 593 ὀντων
1032 537 1152 608 οὐχὶ
1183 538 1284 609 τὴν
1317 538 1455 592 ίδίαν
1477 539 1748 610 τετήρηκε

183 640 347 704 τάξιν,
379 636 471 689 καὶ
524 630 807 705 μονονουχὶ
838 630 932 685 τδν
971 630 1269 701 ταξίαρχον
1313 632 1619 699 ἀναφωνεῖ;
1655 637 1751 687 καὶ

182 735 260 786 ὅτι
297 729 475 799 νόμοις
520 724 850 789 ὑπέζευκται
903 722 1003 793 βοᾷ
1047 723 1142 777 καὶ
1191 722 1425 793 νεύμασι
1470 724 1750 777 διοικεῖται

183 827 287 887 τοῖς
310 820 400 876 τοῦ
428 820 649 891 κρατεῖν
681 817 977 887 ἰσχύοντος,
1011 818 1157 888 φημὶ
1183 817 1249 888 δὴ
1274 818 1432 872 Θεοῦ.
1460 819 1750 891 Τοιγάρτοι

184 918 273 970 καὶ
302 916 330 967 ὀ
352 911 633 974 Θεσπέσιος
658 908 899 972 Παῦλοςο
932 928 952 960 ι
987 909 1070 963 Τά
1104 910 1216 980 γὰρ
1248 909 1457 982 ἀόρατα
1498 910 1687 975 αὐτοῦ,
1724 932 1741 964 ι

184 1007 359 1077 φησιν,
386 1023 403 1055 ι
423 1002 530 1056 ἀπὸ
558 1000 1011 1071 κτίσεωςκόσμου
1048 1003 1161 1064 τοῖς
1185 1003 1454 1073 ποιήμασι
1486 1002 1751 1075 νοούμενα

190 1096 497 1167 καθορᾶται,
518 1093 555 1163 ἥ
575 1108 635 1144 τε
663 1091 829 1155 ἀΐδιος
854 1089 1018 1144 αὑτοῦ
1042 1090 1274 1171 δύναμις
1301 1093 1397 1148 καὶ
1416 1092 1648 1166 θειότης,
1669 1094 1749 1155 εἰς

181 1186 238 1241 τδ
278 1181 415 1239 εἶναι
452 1180 653 1243 αὐτοὺς
698 1178 1140 1251 ἀναπολογήτους
1161 1197 1176 1212 ο
1212 1180 1347 1234 διότι
1397 1182 1615 1251 γνόντες
1659 1182 1750 1236 τὸν

183 1278 325 1341 Θεδν,
354 1274 451 1344 οὐχ
469 1273 545 1337 ὡς
574 1271 705 1325 Θεὸν
733 1270 1011 1337 ἐδόξασαν,
1037 1271 1153 1325 ἀλλ’
1185 1272 1624 1344 ἐματαιώθησαν,
1657 1275 1750 1327 καὶ

189 1365 467 1436 ἐσκοτίσθη
496 1365 531 1436 ἡ
552 1363 809 1427 ἀσύνετος
826 1363 1003 1417 αὐτῶν
1023 1363 1238 1434 καρδία’
1269 1366 1587 1434 φάσκοντες,
1613 1359 1749 1419 εἶναι

184 1459 332 1529 σοφοὶ
364 1455 787 1528 ἐμωράνθησαν.
838 1473 856 1505 ι
908 1455 1033 1519 Πῶς
1063 1456 1174 1528 γὰρ
1206 1457 1305 1510 οὐκ
1353 1457 1749 1529 ἐμωράνθησαν

180 1552 317 1624 ἕτερ’
339 1548 476 1603 ἀττα
513 1547 669 1618 παρά
694 1562 753 1600 τε
778 1546 838 1600 τὸ
877 1545 998 1617 ἔχον
1034 1546 1233 1618 ὀρθῶς,
1278 1549 1428 1617 σφίσι
1461 1564 1521 1601 τε
1562 1550 1747 1611 αὐτοῖς

179 1645 268 1697 καὶ
315 1640 420 1714 μὴν
466 1638 564 1693 καὶ
600 1638 807 1709 ἑτέροις
849 1642 1064 1710 φρονεῖν
1094 1638 1585 1710 συμϐουλεύοντες;
1620 1640 1752 1693 Καί.

176 1752 255 1789 τοι
283 1734 337 1787 τί
369 1733 435 1803 δή
482 1748 613 1785 ποτε
661 1731 794 1802 φαίη
824 1748 907 1794 τις
937 1731 1005 1784 ἂν
1038 1732 1152 1795 τοῖς
1191 1731 1364 1795 οὓτως
1394 1731 1600 1796 ἀθλίοις
1638 1734 1751 1785 ἐπιο

1854 562 1979 608 tura
2008 552 2191 622 agitur
2218 550 2614 605 immoderate?
2657 551 2859 620 quidve
2886 553 2943 606 in
2976 552 3143 607 rebus
3164 562 3248 610 est
3282 559 3424 626 quod

1851 660 1961 699 non
1987 657 2146 697 suum
2162 640 2412 696 ordinem
2436 641 2652 696 servet?
2675 656 2738 696 ac
2761 657 2870 697 non
2897 643 3110 698 ordinis
3124 646 3424 717 principem

1850 731 2251 803 propemodum
2275 729 2434 784 effari
2469 729 2744 795 videatur,
2765 740 2821 785 et
2844 731 3079 789 clamare
3102 750 3160 789 se
3189 735 3309 805 ejus
3326 736 3421 791 ob-

1853 831 2167 890 temperare
2188 820 2425 889 legibus,
2465 821 2693 891 ejusque
2718 823 2947 880 nutibus
2966 827 3103 896 regi,
3136 827 3231 897 qui
3254 827 3425 897 ipsam

1850 910 2133 965 continere
2157 925 2219 963 ac
2238 910 2381 964 tueri
2406 910 2604 975 valeat,
2632 910 2747 975 Dei,
2763 913 2984 983 inquam
3006 916 3030 969 ?
3055 917 3240 987 Itaque
3263 919 3425 973 etiam

1849 999 2044 1054 beatus
2070 1000 2293 1064 Paulus,
2327 1018 2345 1050 ι
2375 1000 2698 1065 Invisibilis,
2734 1021 2749 1051 ι
2789 1002 2988 1072 inquit,
3023 1024 3040 1055 ι
3070 1006 3190 1075 ejus
3225 1022 3254 1061 a
3279 990 3422 1062 crea~

1850 1101 1973 1146 tura
1996 1091 2188 1146 mundi
2213 1106 2312 1162 per
2348 1107 2413 1145 ea
2458 1107 2579 1161 qua:
2600 1091 2746 1146 facta
2784 1103 2932 1158 sunt,
2977 1095 3254 1153 intellecta
3301 1115 3422 1154 con-

1849 1185 2161 1255 spiciuntur
2203 1201 2217 1249 ;
2245 1184 2574 1253 sempiterna
2604 1198 2822 1252 quoque
2843 1186 2962 1255 ejus
2986 1188 3184 1253 virtus,
3210 1199 3265 1245 et
3286 1190 3416 1245 divi-

1848 1277 1992 1331 nitas
2025 1296 2038 1331 :
2066 1276 2141 1330 ita
2168 1284 2230 1330 ut
2271 1275 2379 1330 sint
2417 1273 2852 1330 inexcusabiles:
2883 1279 3031 1346 quia,
3072 1295 3197 1334 cum
3225 1296 3425 1352 cognoo

1848 1367 2057 1421 vissent
2080 1367 2271 1431 Deum,
2297 1381 2408 1420 non
2434 1376 2494 1421 ut
2509 1367 2681 1421 Deum
2701 1366 3161 1435 gloriﬁcaverunt,
3188 1378 3283 1425 aut
3305 1386 3417 1441 gra-

1851 1459 1955 1513 tias
1978 1468 2207 1529 egerunt
2231 1475 2247 1523 ;
2273 1458 2369 1513 sed
2417 1458 2771 1515 obscuratum
2796 1470 2879 1515 est
2904 1461 3173 1531 insipiens
3220 1477 3317 1517 cor
3338 1477 3422 1517 eo-

1852 1566 1994 1615 rum,
2027 1543 2533 1606 etevanuerunt'in
2564 1552 2994 1623 cogitationibus
3019 1554 3159 1619 suis;
3185 1553 3429 1608 dicentes

1849 1656 1907 1695 se
1922 1656 2040 1696 esse
2056 1642 2349 1712 sapientes,
2369 1642 2520 1697 stulti
2539 1642 2667 1697 facti
2688 1651 2817 1698 sunt
2839 1644 2901 1697 ".
2928 1665 2945 1697 ι
2975 1644 3261 1711 Quomodo
3284 1645 3429 1699 enim

1852 1749 1961 1787 non
1988 1734 2141 1787 stulti
2166 1732 2294 1788 facti
2322 1742 2471 1799 sunt,
2521 1736 2616 1805 qui
2662 1737 2766 1790 alia
2800 1737 3050 1806 quaedam
3081 1737 3152 1793 ab
3187 1753 3255 1793 eo
3284 1737 3430 1809 quod

190 1822 441 1895 νήχεσθαι
488 1820 789 1891 λογισμοῖς,
847 1820 983 1891 μηδὲ
1042 1823 1226 1886 αὐτοῖς
1280 1821 1591 1885 ἀνδάνοντος
1637 1825 1747 1886 τοῖς

1854 1837 2065 1881 rectum
2090 1825 2180 1890 sit,
2204 1827 2411 1881 sentire
2437 1835 2553 1881 tum
2578 1826 2684 1882 sibi
2710 1828 2834 1899 ipsi,
2855 1838 2971 1883 tum
2987 1846 3123 1885 vero
3142 1832 3307 1884 etiam
3324 1846 3429 1885 c.2-

176 1914 300 1986 παρ⁹
338 1913 465 1983 ὑμῖν
517 1913 768 1982 ποιηταῖς
810 1910 905 1964 τοῦ
956 1910 1167 1982 μύθους
1229 1910 1493 1982 Ἀνῆφθαι
1536 1911 1645 1983 γὰρ
1681 1912 1747 1984 δὴ

175 2006 278 2061 τῶν
318 2003 611 2076 πρακτέων
648 2004 748 2065 τὰς
789 2003 1125 2075 οίκονομίας,
1169 2005 1269 2075 οὐχ
1310 2004 1531 2077 ἐτέρους
1560 2005 1745 2073 τινὰς,

175 2094 282 2150 ἀλλ’
314 2095 463 2165 ἡμᾶς
488 2094 690 2155 αὐτοὺς
712 2088 771 2146 εὖ
802 2092 947 2163 ἔχειν
968 2093 1165 2149 ἐδόκει.
1190 2095 1299 2147 Καὶ
1328 2094 1460 2163 γοῦν
1496 2096 1748 2166 ὀμηρος

178 2188 290 2258 μὲν,
326 2186 384 2239 ἐν
414 2185 639 2248 οίκείοις
666 2185 959 2256 ποιήμασι,
988 2185 1080 2239 τὸν
1107 2186 1441 2257 πανάριστον
1472 2186 1629 2257 ὑμῶν
1651 2186 1749 2240 καὶ

176 2276 372 2332 ὕπατον
406 2278 511 2331 Δία
546 2279 662 2341 τοῖς
685 2277 894 2348 ἑτέροις
920 2277 1023 2349 ἔφη
1052 2278 1486 2350 προσδιειλέχθαι
1521 2278 1742 2349 δαίμοσι

174 2370 409 2442 περὶτῆς
428 2369 691 2439 Αἰγίσθου
718 2370 987 2442 μοιχείας,
1007 2371 1221 2442 καὶτῆς
1250 2371 1343 2424 ἐπὶ
1367 2370 1503 2445 τῷδε
1525 2371 1739 2442 ποινῆς

1852 1915 1987 1971 teris
2016 1916 2351 1986 persuadent
2384 1918 2428 1950 ¹⁹
2447 1918 2471 1971 ?
2492 1917 2681 1987 Atqui,
2708 1919 2855 1975 dicet
2880 1921 3101 1990 aliquis,
3136 1923 3269 1993 quid
3294 1938 3429 1994 opus

1851 2016 1938 2064 est
1959 2008 2016 2062 in
2042 2008 2129 2064 bis
2151 2008 2289 2064 adeo
2322 2009 2635 2066 infelicibus
2657 2014 2986 2068 commentis
3029 2012 3270 2081 fluitare,
3295 2030 3423 2069 cum

1854 2100 1959 2155 boc
1984 2099 2302 2171 ﬁgmentum
2345 2117 2415 2157 ne
2446 2104 2646 2159 vestris
2688 2105 2913 2175 quidem
2958 2107 3133 2176 poetis
3176 2107 3432 2177 placeat?

1854 2190 2066 2263 Quippe
2113 2194 2208 2263 qui
2236 2210 2423 2248 rerum
2458 2197 2792 2267 agendarum
2817 2198 3270 2269 gubernationem
3318 2214 3429 2254 non

1846 2284 1915 2338 ad
1959 2285 2173 2353 aliquos
2218 2286 2373 2350 alios,
2407 2286 2505 2341 sed
2556 2286 2623 2341 ad
2664 2303 2764 2342 nos
2805 2288 2954 2357 ipsos
2993 2289 3277 2362 pertinere
3306 2289 3431 2360 jure

1849 2376 2186 2430 censuerint.
2214 2377 2405 2446 Itaque
2449 2378 2720 2433 Homerus
2742 2379 2797 2432 in
2839 2379 2954 2434 suis
2976 2380 3244 2449 poematis
3277 2380 3430 2434 illum

172 2472 401 2519 vestrum
426 2478 693 2534 perquam
729 2464 998 2534 optimum
1027 2479 1090 2519 ac
1129 2479 1405 2519 summum
1453 2466 1664 2529 Jovem,
1704 2479 1829 2520 cum
1868 2467 2083 2522 caeteris
2118 2468 2197 2522 ait
2233 2468 2340 2523 diis
2377 2467 2708 2523 collocutum
2732 2468 2799 2523 de
2820 2468 3054 2540 Egistbi
3084 2470 3354 2525 adulterio
3378 2486 3433 2549 οι

172 2570 321 2630 paena
348 2557 426 2613 illi
452 2557 642 2613 debita
668 2574 681 2612 :

170 2667 239 2727 Ὠ
264 2673 463 2736 πόποι,
490 2667 620 2725 οἷον
637 2670 712 2738 δή
735 2689 811 2725 νυ
837 2671 1011 2737 θεοὺς
1030 2672 1238 2741 ,ϐροτοὶ
1267 2674 1599 2727 αἱτιόωνται
1616 2672 1637 2725 .'

194 2742 288 2806 Ἐξ
308 2741 512 2810 ἡμέων
532 2741 643 2811 γάρ
670 2757 819 2810 φασι
840 2740 974 2795 κάκ’
1004 2740 1268 2810 ἔμμεναι,
1286 2745 1341 2796 οἱ
1366 2741 1435 2795 δὲ
1460 2742 1559 2795 καί
1579 2742 1748 2795 αὐτοὶ

178 2814 389 2881 Σφίσιν
436 2812 889 2880 ἀτασθαλίῃσιν
935 2811 1089 2879 ὑπὲρ
1130 2811 1323 2881 μόρον
1352 2811 1749 2952 #7965101)-

1858 2670 2046 2742 Quamr
2071 2680 2267 2742 temere
2311 2670 2804 2742 culpqntrhomines
2844 2689 2930 2742 pm
2965 2678 3183 2731 numina
3232 2678 3435 2735 divum!

1854 2739 1938 2814 Ea:
1962 2740 2317 2814 nobis‘etenim‘
2344 2739 2488 2814 mala
2522 2741 2703 2793 dicunt
2730 2739 2878 2814 esse}
2897 2744 2988 2795 sed
3024 2747 3124 2814 ipsi

1846 2809 2059 2863 Prwter
2089 2811 2204 2879 fata
2234 2811 2342 2863 suis
2368 2811 2645 2879 patiuntur
2665 2819 2739 2863 tot
2767 2812 2913 2866 mala
2942 2809 3129 2885 culpis.

189 2974 456 3043 ’Δνθῖὄτου
477 2972 589 3045 γὰρ
615 2974 891 3045 δὴ,φησ¹ιν,
909 2972 1262 3028 ἐπαιτιῶνταί
1280 2992 1425 3038 τινες
1443 2976 1570 3039 τοὺς
1588 2975 1743 3038 θεοὺς

1851 2972 2018 3040 Quam
2047 2973 2117 3027 ob
2144 2988 2388 3038 causam,
2412 2975 2873 3045 inquit,nonnulli
2892 2978 3295 3040 deosaccusant
3310 2992 3432 3041 tan-

170 3062 238 3126 ὡς
263 3064 385 3135 παρ’
412 3063 598 3118 αὐτῶν
623 3063 837 3134 ἔχοντες
875 3063 944 3117 τὰ
975 3064 1144 3131 κακὰ,
1174 3064 1269 3117 καὶ
1305 3065 1427 3136 οὐχὶ
1449 3064 1516 3136 δὴ
1545 3063 1745 3137 μᾶλλον

1851 3080 2012 3133 quam
2036 3063 2105 3118 ab
2124 3064 2232 3118 illis
2258 3065 2314 3117 in
2340 3080 2397 3120 se
2411 3065 2569 3135 201
2584 3067 2722 3121 mala
2747 3068 3091 3137 dcriventur,
3122 3089 3186 3129 ac
3205 3090 3315 3131 non
3330 3092 3433 3146 po-

171 3157 260 3226 τῆς
306 3155 453 3226 σφῶν
510 3155 690 3210 αὐτῶν
759 3157 1035 3227 ἁμαρτίας
1095 3158 1612 3229 κατακεκράγασιν,
1672 3157 1747 3221 ὼς

172 3247 395 3318 ἐνιείσης
440 3247 643 3311 αὐτοὺς
695 3251 1037 3318 συμφοραῖς,
1068 3248 1164 3303 καὶ
1203 3251 1323 3313 ταῖς
1363 3250 1505 3321 ὺπέρ
1543 3250 1744 3321 μόρον,

171 3339 436 3406 τουτέστι,
468 3340 569 3393 καὶ
611 3342 731 3402 ταῖς
782 3339 925 3411 ὑπὲρ
970 3339 1355 3411 Εἱμαρμένην,
1408 3334 1529 3411 ἦτοι
1577 3342 1640 3395 τὸ
1679 3343 1745 3412 τῇ

172 3431 486 3504 Εἱμαρμένῃ
513 3431 726 3486 δοκοῦν.
745 3431 954 3485 Οὐκοῦν
981 3434 1140 3504 ειπερ
1162 3432 1337 3486 ἐλοιτό
1364 3451 1447 3497 τις
1467 3433 1748 3489 διαϐιῶναι

175 3521 262 3591 μὲν
289 3519 485 3593 ὀρθῶς,
513 3520 903 3585 εύὸουλοτάτας
931 3522 986 3574 δὲ
1010 3522 1107 3575 καὶ
1132 3522 1543 3586 ἐπιεικεστάτας
1568 3522 1667 3587 τὰς
1688 3525 1747 3578 ἐν

172 3611 293 3682 τῷδε
318 3612 394 3681 τῷ
425 3611 535 3683 βίῳ
564 3612 838 3666 ποιεῖσθαι
858 3612 1160 3683 διατριὸἀς,
1182 3612 1536 3683 ὀρθοποδήσει
1561 3630 1620 3667 τε
1655 3616 1749 3668 καὶ

170 3703 465 3776 διανήξεται
495 3704 567 3759 τὰ
593 3704 775 3773 δεινὰ,
820 3704 1047 3776 γνώμης
1087 3703 1226 3775 ἔχων
1253 3704 1419 3776 ὀρθῆς
1456 3706 1550 3759 καὶ
1596 3706 1749 3760 ἀδια-

175 3795 389 3863 στρόφου
410 3795 652 3865 καρπὸν,
677 3794 739 3847 τὸ
771 3796 847 3866 μὴ
873 3793 1137 3847 ἐναλῶναι
1165 3796 1353 3857 κακοῖς
1374 3812 1386 3824 ·
1423 3794 1519 3848 καὶ
1543 3794 1747 3866 ἀληθὴς

174 3886 202 3937 ὁ
224 3886 391 3956 λόγος,
441 3887 563 3955 Ἐφ’
605 3888 739 3957 ¹ἡμῖν
783 3886 890 3957 γὰρ
929 3886 1115 3949 αὐτοῖς
1158 3886 1310 3949 ἐστι,
1344 3885 1406 3938 τὸ
1450 3887 1539 3939 ἐπ’
1582 3885 1757 3955 ἀμφιιί

177 3973 397 4044 βλέπειν,
441 3974 588 4046 πρός
633 3990 695 4029 τε
737 3974 798 4028 τὸ
837 3972 1040 4043 ἀγαθόν
1081 3990 1225 4045 φημι
1268 3973 1455 4027 καὶτὸ
1484 3974 1744 4028 ἐναντίον·

176 4066 261 4119 καὶ
288 4066 334 4118 oi
360 4066 459 4136 μὲν
483 4067 546 4120 ἐν
568 4065 714 4136 λόγῳ
740 4063 1101 4135 πεποιημένοι
1122 4100 1140 4128 ,
1158 4063 1220 4118 τὸ
1250 4062 1629 4132 θαυμάζεσθαι
1651 4079 1749 4117 πε-

176 4154 330 4222 φυκὸς
356 4154 453 4209 καὶ
478 4154 581 4226 τὴν
601 4156 681 4219 είς
704 4152 972 4226 ὀρθότητα
994 4153 1201 4226 τρίὸον,
1230 4154 1288 4208 ἐν
1318 4154 1467 4225 καλῷ
1492 4155 1749 4226 γενήσον-

175 4258 257 4294 ται
281 4243 373 4313 τῆς
402 4243 609 4315 ἀρετῆς
630 4260 644 4274 ο
675 4242 726 4297 οί
766 4241 825 4296 δέ
866 4241 1247 4306 ἀποκλίνοντες
1286 4243 1367 4305 είς
1393 4241 1453 4295 τὸ
1484 4242 1747 4308 ἐναντίον,

177 4333 261 4384 καὶ
292 4333 398 4387 τῶν
434 4334 738 4405 ἀμεινόνων
770 4333 1064 4403 προθέντες
1091 4332 1152 4387 τὸ
1184 4332 1400 4388 ἀδικοῦν
1422 4372 1437 4397 ,
1468 4333 1623 4388 αὐτοὶ
1650 4334 1748 4405 τὴν

182 4422 302 4477 ἰδίαν
366 4425 828 4497 καταφθείροντες
889 4425 1067 4496 ζωὴν,
1128 4424 1309 4479 ἁλοῖεν
1367 4422 1434 4479 ἂν
1490 4423 1748 4479 αὐθένται

176 4516 307 4578 τινὲς
342 4518 437 4570 καὶ
470 4516 733 4588 όλετῆρες
766 4516 932 4570 δεινοὶ
958 4517 1059 4588 τῆς
1096 4516 1248 4587 σφῶν
1294 4515 1473 4570 αὐτῶν
1505 4516 1749 4587 κεφαλῆς

179 4606 595 4679 ἐξεληλεγμένοι.
625 4609 749 4662 Ὅτι
778 4608 835 4662 δὲ
872 4609 956 4679 ἐφ’
984 4609 1117 4680 ἡμῖν
1158 4608 1343 4671 αὐτοῖς
1366 4607 1428 4660 τὸ
1463 4608 1551 4660 ἐπ’
1581 4608 1748 4678 ἄμφω

179 4696 383 4767 βλέπειν
421 4701 689 4766 κείσεται,
716 4701 967 4773 καθάπερ
1004 4700 1141 4771 ἔφην
1165 4700 1370 4772 ἀρτίως
1391 4740 1406 4765 ,
1431 4701 1523 4754 καὶ
1547 4701 1749 4753 ἀναπε-

180 4790 443 4855 πτωκότες
475 4794 558 4855 είς
593 4791 808 4864 ἡδονὰς,
834 4792 935 4864 τῆς
960 4792 1069 4846 τῶν
1094 4791 1486 4864 συμφερόντων
1511 4792 1747 4861 διαμαρ-

179 4881 396 4952 τάνομεν
423 4882 620 4955 θήρας,
656 4884 824 4954 σαφές
851 4884 917 4938 ἂν
942 4885 1168 4953 γένοιτο,
1208 4882 1531 4945 διαὸοῶντος
1562 4884 1747 4953 ἐτέρου

182 4969 278 5024 τῶν
295 4972 420 5044 παρ’
441 4975 629 5038 αὐτοῖς
652 4972 910 5046 ποιητῶν⁶
932 4973 1228 5046 Εὐριπίδης
1247 4968 1399 5036 οὗτος
1415 4968 1499 5043 ἦν.
1528 4971 1749 5026 Γύναιον

185 5058 273 5127 μὲν
308 5062 418 5134 γάρ
474 5064 571 5117 ἐπὶ
621 5064 827 5135 σκηνῆς
879 5062 1197 5137 ἀρῤωστοῦν
1251 5064 1425 5118 ἐποίει
1473 5064 1574 5135 τὴν
1619 5062 1748 5117 ἀκό-

183 5146 364 5205 λαστον
392 5153 604 5227 ἡδονὴν,
627 5150 747 5208 εἶτα
775 5156 875 5209 οὐκ
907 5148 1006 5208 οἷδ’
1031 5156 1179 5220 ὅπως
1211 5153 1530 5245 φιλοσοφοῦν
1557 5153 1747 5220 ἔδειξε,

187 5240 271 5293 καὶ
296 5239 475 5310 λέγον

195 5431 511 5507 Τροιζήνιαι
537 5440 849 5507 γυναῖκες,
882 5443 946 5496 ατ
972 5442 1095 5497 τόδ’
1127 5443 1392 5507 ἔσχατον

192 5502 397 5557 Otum;
436 5502 632 5575 χώρας
662 5502 995 5579 Πελοπείας
1028 5502 1368 5582 προνῶἓτιον
1392 5561 1407 5586 ,

262 5613 301 5645 "
326 5615 485 5672 Rom.
513 5635 553 5686 ι,
575 5622 762 5679 20-22.
846 5627 889 5660 ι’
923 5627 1026 5685 Job
1056 5644 1131 5695 ιι,

271 5727 341 5797 (ι)
372 5728 591 5812 Odyss.-

1851 3157 1960 3211 tius
2008 3157 2075 3210 de
2104 3157 2219 3210 suis
2268 3156 2511 3226 ipsorum
2538 3160 2781 3227 peccatis
2824 3172 3266 3231 conqueruntur,
3308 3184 3433 3241 qua:

1851 3247 1907 3301 in
1928 3247 2181 3301 miserias
2215 3262 2312 3301 eos
2355 3246 2677 3317 conjiciunt,
2708 3265 2912 3319 easque
2944 3260 3145 3322 praeter
3162 3256 3279 3311 Fati
3302 3274 3435 3315 con-

1850 3338 2140 3402 ditionem,
2170 3346 2267 3391 aut
2297 3346 2495 3407 praeter
2537 3337 2593 3392 id
2620 3339 2768 3408 quod
2817 3340 2951 3395 Fato
3001 3342 3291 3400 decretum
3335 3348 3429 3404 sit.

1850 3427 1905 3482 Si
1931 3426 2056 3497 quis
2102 3425 2268 3497 igitur
2300 3426 2599 3481 constituat
2641 3437 2789 3483 recte
2810 3428 3020 3495 vivere,
3066 3439 3123 3485 et
3145 3434 3434 3503 sapientis-

1849 3522 1987 3577 sime
2021 3521 2337 3592 optimeque
2378 3519 2435 3573 in
2475 3520 2579 3574 hac
2617 3522 2730 3576 vita
2771 3523 2999 3587 versari,
3045 3524 3092 3579 is
3113 3533 3169 3580 et
3218 3534 3431 3581 rectum

1849 3625 2073 3666 cursum
2106 3609 2339 3673 tenebit,
2374 3617 2429 3663 et
2449 3624 2480 3663 e
2507 3610 2728 3665 casibus
2760 3613 2970 3681 asperis
2991 3614 3263 3681 elabetur,
3296 3632 3435 3673 suae-

1849 3717 1955 3771 que
1979 3708 2145 3757 recta:
2172 3716 2236 3754 ac
2263 3702 2433 3755 firmae
2454 3701 2743 3757 sententiae
2769 3702 2923 3758 hunc
2968 3703 3214 3762 fructum
3244 3708 3431 3776 perci-

1847 3794 1982 3863 piet,
2017 3802 2078 3846 ut
2112 3792 2269 3847 malis
2315 3807 2430 3847 non
2476 3782 2821 3863 implicetur:
2868 3795 3034 3865 idque
3085 3798 3433 3856 verissimum

1847 3894 1951 3941 est.
1978 3886 2037 3939 In
2058 3894 2246 3939 nostra
2268 3900 2505 3955 namque
2527 3893 2614 3940 est
2646 3884 2905 3941 facultate
2930 3887 3120 3953 situm,
3168 3887 3226 3943 in
3254 3898 3433 3945 utram

1847 3974 2081 4029 velimus
2118 3981 2332 4043 partem
2381 3981 2654 4042 spectare,
2699 3972 2768 4027 ad
2809 3973 3037 4040 bonum,
3090 3974 3334 4044 inquam,
3361 3990 3432 4029 an

1849 4074 2041 4119 contra
2074 4063 2142 4118 ad
2167 4063 2370 4118 malum
2401 4081 2415 4117 2
2444 4079 2508 4118 ac
2554 4063 2649 4132 qui
2690 4065 2809 4135 ejus
2835 4065 2982 4135 quod
3007 4073 3199 4135 suapte
3235 4073 3431 4120 natura

1849 4164 1933 4211 est
1959 4155 2253 4210 honestum
2276 4162 2334 4209 et
2354 4153 2694 4220 admirabile,
2720 4164 2774 4211 et
2789 4157 2926 4211 recti
2947 4156 3162 4211 itineris
3183 4173 3432 4227 magnam

1849 4246 2119 4301 rationem
2144 4246 2368 4312 habent,
2410 4246 2478 4300 ad
2504 4246 2727 4301 virtutis
2749 4248 3037 4302 commoda
3067 4248 3429 4319 pertenient;

1851 4335 1946 4405 qui
1969 4350 2099 4390 vero
2148 4334 2206 4389 in
2228 4336 2561 4390 contrariam
2615 4344 2827 4405 partem
2873 4336 3219 4403 deflexerint,
3266 4346 3323 4394 et
3344 4354 3434 4394 res

1852 4423 2192 4495 perniciosas
2213 4424 2436 4493 optimis
2453 4426 2819 4494 pra'tulerint,
2844 4442 2956 4481 sua:
2977 4427 3083 4498 ipsi
3115 4428 3240 4484 vitae
3261 4428 3432 4485 inter-

1854 4515 1993 4570 itum
2022 4514 2322 4579 afferendo,
2348 4524 2606 4584 tanquam
2633 4516 2719 4570 sui
2744 4516 2986 4588 ipsorum
3023 4519 3217 4590 capitis
3244 4519 3430 4575 sicarii

1857 4620 1921 4660 ac
1971 4603 2261 4675 parricida:
2306 4605 2574 4659 teterrimi
2618 4607 2855 4662 convicti
2892 4608 3244 4664 tenebuntur.
3296 4610 3432 4666 Esse

1854 4707 2038 4753 autem
2082 4697 2139 4750 in
2160 4705 2348 4751 nostra
2371 4697 2539 4751 situm
2572 4707 2875 4768 potestate,
2902 4700 2960 4754 in
2997 4710 3177 4757 utram
3200 4700 3434 4757 velimus

1854 4796 2066 4858 partem
2092 4794 2363 4856 spectare,
2392 4794 2454 4841 ut
2475 4788 2639 4843 modo
2650 4788 2784 4856 dixi,
2810 4798 2865 4845 et
2889 4790 3020 4844 dum
3043 4790 3112 4845 ad
3125 4792 3433 4863 voluptates

1853 4877 2149 4941 inhiamus,
2196 4877 2458 4934 aberrare
2483 4893 2515 4934 a
2540 4894 2727 4933 rerum
2770 4880 2988 4934 utilium
3020 4881 3429 4947 consecutione,

1854 4969 2206 5039 perspicuum
2230 4967 2346 5023 fieri
2374 4978 2555 5040 potest
2586 4971 2900 5026 testimonio
2935 4971 3162 5026 alterius
3184 4972 3429 5043 ipsorum

1855 5066 2063 5129 poene:
2092 5057 2388 5127 Euripides
2408 5057 2501 5112 hic
2522 5067 2625 5113 est.
2644 5059 2694 5114 Is
2721 5060 2922 5130 quippe
2951 5061 3330 5117 mulierculam
3370 5062 3429 5117 in

1853 5164 2015 5204 scena
2062 5149 2479 5219 intemperantis
2532 5148 2779 5205 lididinis
2840 5151 3035 5205 morbo
3082 5151 3426 5207 laborantem

1852 5242 2010 5296 facit:
2059 5241 2259 5296 deinde
2304 5242 2469 5297 modo
2517 5242 2707 5297 nescio
2744 5258 2854 5312 quo
2897 5242 3142 5299 eamdem
3188 5243 3429 5314 philoso-

1853 5336 2113 5406 phantem
2135 5334 2348 5389 inducit
2372 5334 2446 5406 (2)
2478 5350 2541 5391 ac
2560 5336 2832 5391 dicentem
2854 5354 2866 5390 :

1997 5446 2044 5518 ρ
2062 5462 2178 5516 qua:
2198 5462 2473 5517 supremas
2506 5448 2660 5518 hasce
2681 5447 2885 5518 Pelopii
2922 5448 3021 5502 soli

1998 5515 2428 5581 Habitatis'oras,
2452 5517 2696 5571 mulieres
2720 5515 3043 5601 Trabzeniw,’

1928 5732 2003 5801 ('2)
2033 5733 2090 5786 In
2125 5733 2403 5806 Hippolyto
2426 5744 2694 5790 coronato.
