3998 6502
596 346 701 405 435

721 467 859 524 Olim
880 469 996 538 ipsa
1025 478 1246 538 meeum,
1273 466 1428 519 tarda
1461 466 1586 538 dum
1613 481 1717 519 nox
1741 465 1959 538 labitur,

738 538 849 607 Hoc
871 534 1028 592 anxie
1052 537 1285 607 quasivi,
1315 536 1571 606 quomodo
1601 544 1649 607 et
1674 534 1858 605 quibus

736 606 1001 677 Corrupto
1022 605 1193 660 causis
1219 605 1417 659 vitaait
1442 605 1767 677 mortalium.

736 679 812 732 Ac
840 676 962 730 mihi
986 676 1226 730 videntur
1254 692 1357 728 non
1396 691 1422 727 e
1444 692 1628 745 sensus
1652 676 1860 745 ingenio

734 746 800 816 In
824 762 989 816 prava
1018 746 1147 815 ferri
1179 753 1197 798 ὲ
1228 760 1459 816 namque
1484 743 1665 799 multis
1695 743 1783 797 cor
1807 743 1965 816 sapit.

734 765 800 801 ιη
861 765 989 799 rava
1018 765 1146 815 [errr
1179 765 1197 798 ἰ
1228 765 1459 816 namque
1484 765 1665 799 mutus
1695 765 1783 797 (ἷοΓ
1807 765 1965 812 δαριι.

734 765 969 898 haec
984 816 1131 898 origo
1157 824 1233 897 est
1259 817 1450 898 omnis,
1479 823 1537 868 ut
1561 806 1931 898 opinor,mali
1949 830 1966 865 :

732 885 893 956 lltilia
909 885 1081 956 cuncti
1096 887 1292 956 scimus
1319 893 1368 938 et
1391 886 1749 956 cognoscimus
1772 897 1789 937 :

737 953 841 1007 Sed
863 955 1149 1025 refugimus
1170 954 1400 1025 laborent
1428 952 1611 1009 {alius
1634 954 1873 1025 ignavia,

732 1025 880 1093 Alius
906 1022 1120 1077 honesto
1146 1023 1271 1093 dum
1294 1023 1623 1093 uoluptatem
1650 1022 1772 1093 ante
1804 1022 1927 1091 fert,

730 1092 993 1166 [el/cane,
1016 1094 1100 1146 vel
1128 1092 1283 1166 illum
1309 1110 1326 1148 :
1352 1090 1460 1147 vita
1488 1090 1825 1166 nummultas
1846 1092 2019 1146 habet.

731 1161 995 1234 Nugando
1017 1170 1153 1234 totos
1175 1161 1271 1234 ille
1304 1165 1564 1234 consumit
1589 1163 1697 1216 dies
1724 1179 1741 1217 :

733 1228 888 1287 Hunc
914 1231 1047 1287 nihil
1070 1232 1262 1304 agendi
1280 1231 1434 1286 dulce
1460 1231 1683 1287 delectat
1704 1228 1931 1287 malum.

662 1346 927 1417 lntelligis
967 1362 1079 1401 non
1100 1346 1421 1411 Fortunam,
1453 1362 1562 1401 non
1588 1345 1805 1408 Ortum,
1838 1360 1951 1399 non
1985 1345 2180 1399 Fatum

591 1435 790 1506 priscis
833 1434 942 1489 illis
983 1435 1119 1490 viris
1148 1435 1480 1505 culpandum
1508 1434 1705 1499 videri,
1752 1434 1909 1503 quasi
1933 1449 2033 1503 per
2068 1434 2181 1488 vim

592 1544 751 1583 nosa
794 1534 944 1582 recta
972 1528 1269 1591 sententia,
1298 1526 1477 1596 iisque
1524 1524 1691 1579 rebus
1736 1525 1998 1595 depellat,
2042 1538 2181 1595 quas

597 1618 864 1674 honestas
909 1634 1031 1674 esse
1078 1618 1481 1674 didicerimus?
1520 1616 1793 1686 Corrupta
1839 1632 2077 1686 namque
2097 1623 2182 1671 est

589 1710 703 1766 vita
727 1712 1064 1777 mortalium,
1092 1711 1290 1782 inquit,
1318 1725 1430 1765 non
1451 1724 1483 1763 e
1510 1724 1705 1763 sensus
1729 1707 1968 1779 ingenio,
1996 1707 2050 1761 id
2072 1714 2177 1769 est,

1619 340 1673 400 S.
1714 334 1991 401 CYRILLI
2029 334 2499 401 ALEXANDRINI
2536 340 2856 403 ARCHIEP.
3742 354 3829 413 ιω

2203 469 2249 523 Α
2283 464 2426 530 Ἤδη
2454 466 2585 534 ποτ’
2626 464 2829 531 ἄλλως
2854 467 3075 534 νινλιτός
3100 466 3170 519 ἐν
3201 460 3408 534 μαλρῷ
3440 468 3632 533 χρόνῳ

2281 532 2527 605 Θνητῶν
2556 530 2892 605 ἐφρόντισκ
2994 530 3337 605 διέφθαρται
3361 530 3525 601 me}.

2279 604 2400 674 Kal
2417 620 2516 669 μοι
2552 603 2844 659 δοκοῦσιν
2872 603 2952 659 οὗ
2985 603 3134 659 κατὰ
3167 603 3406 674 γιαῦμῃς
3426 609 3616 674 φύσιν

2280 671 2589 744 Πράσσςειν
2620 674 2853 727 κάκιον-⁸
2882 676 3015 744 ἐστι
3034 676 3145 743 γὰρ
3175 671 3241 727 τὸ
3279 671 3346 744 εὖ
3376 671 3621 744 φρονεῖν

2282 741 2634 812 Μαλλοῖσιν.
2683 743 2866 797 Ἀλλὰ
2894 741 3051 810 τῇδέ
3079 741 3561 812 ἀθρητέοντόδεδ

2285 812 2362 884 Τὰ
2392 808 2606 884 χρήστ’
2633 808 3002 884 ἐπιστάμεθα
3028 817 3125 869 καί
3149 808 3546 884 γιὸτρσκομεν,

2285 883 2422 952 Οὐκ
2443 883 2823 952 ἐκπονοῦμεν
2856 882 2975 948 δὲ,
3011 888 3065 938 ol
3103 882 3219 952 μὲν
3251 882 3465 951 ἀργίας
3500 886 3647 950 ὕπο,

2286 953 2350 1002 οἱ
2375 951 2427 1002 δ’
2460 950 3039 1020 ήδονὴνίπροθέντες
3068 950 3201 1009 ἀντὶ
3234 950 3345 1007 τοῦ
3366 955 3557 1009 καλοῦ

2288 1022 2526 1093 Ἄλλην
2552 1024 2683 1075 τιν’.
2709 1022 2857 1093 ,Εἰσὶ
2892 1023 2946 1077 δ’
2981 1023 3196 1092 ἡδοναί
3242 1025 3464 1079 πολλαί
3482 1025 3651 1093 βίου,

2280 1090 2516 1161 Μακρηί
2538 1108 2602 1147 τε
2646 1092 2899 1162 λέσχαι,
2935 1090 3037 1148 καὶ
3079 1096 3281 1165 σχολὴ
3305 1128 3320 1159 ,
3354 1097 3613 1165 τερπνὸν
3636 1090 3829 1158 κακόν.

2353 1340 2549 1412 Συνίης
2593 1340 2742 1404 ὅπως
2771 1342 2833 1395 σὺ
2866 1341 3050 1413 Τύχην
3075 1376 3092 1406 ,
3129 1340 3192 1396 οὐ
3228 1343 3450 1399 Γίνεσιν
3470 1385 3486 1411 ,
3526 1347 3625 1417 οὐχ
3656 1350 3831 1421 Εἱμαῤ.

2286 1430 2457 1501 μένην
2484 1432 2600 1493 τοῖς
2629 1429 3010 1500 ἀρχαιοτέροις
3038 1430 3318 1485 αίτιᾶσθαι
3342 1432 3513 1497 δοκεῖ,
3541 1431 3619 1497 ὡς
3643 1436 3837 1501 ἐξωθοῦ-

2283 1538 2384 1575 σαν
2432 1522 2582 1593 ἡμᾶς
2622 1523 2721 1575 σὺν
2760 1520 2853 1593 βίᾳ
2880 1522 2980 1593 τῆς
3023 1522 3380 1594 ἐγνωσμένης
3410 1523 3733 1595 ὀρθότητος,
3761 1531 3837 1583 καὶ

2281 1609 2359 1667 ὧν
2400 1613 2467 1667 ἂν
2499 1612 2767 1684 μάθοιμεν
2814 1609 2956 1668 εἶναι
3006 1614 3294 1685 χρηστῶν;
3331 1614 3664 1687 Διίφθαρται
3690 1619 3838 1690 γάρὸ

2283 1704 2396 1775 βίος
2428 1704 2535 1760 τῶν
2558 1705 2655 1758 ἐπὶ
2674 1707 2774 1777 τῆς
2800 1706 2928 1777 γῆς,
2953 1706 3145 1777 φησὶν,
3161 1707 3225 1760 οὐ
3257 1707 3400 1761 κατά
3428 1708 3655 1779 γνώμης
3679 1710 3833 1778 φύσιν,

590 1817 701 1858 non
730 1820 799 1859 eo
820 1804 971 1875 quod
1014 1819 1245 1875 pravum
1282 1810 1484 1857 natura
1507 1816 1731 1857 sensum
1762 1800 2002 1855 habeant
2044 1816 2056 1851 :
2088 1797 2183 1853 sed

2287 1799 2598 1861 τουτέστιν,
2624 1798 2725 1868 οὐχ
2767 1799 2849 1852 ὅτι
2888 1799 3133 1870 πονηρὰν
3166 1798 3352 1869 ἔχουσι
3384 1800 3530 1854 κατά
3572 1796 3728 1869 φύσιν
3756 1804 3835 1875 τὴν

589 1897 736 1969 quod
768 1913 831 1953 ea
864 1912 987 1967 quae
1018 1903 1169 1952 recte
1206 1900 1532 1957 senserunt,
1569 1892 1871 1947 laborando
1910 1891 2177 1962 perﬁcere

588 1989 805 2044 nolunt.
830 1989 991 2058 202
1022 1989 1090 2043 Et
1111 2004 1233 2058 qua!
1256 1988 1422 2058 hujus
1450 1986 1529 2041 rei
1566 2000 1732 2040 causa
1756 1984 1873 2039 est?
1895 1983 2010 2038 Aut
2026 1986 2177 2042 enim

588 2081 824 2153 ignavia,
861 2080 1060 2151 inquit,
1090 2080 1164 2134 ita
1206 2079 1329 2133 illos
1362 2076 1654 2148 impedivit
1676 2085 1738 2131 ut
1762 2075 1833 2130 ad
1856 2076 2032 2131 otium
2062 2078 2177 2133 hae-

591 2182 808 2241 rerent;
836 2182 934 2228 aut
982 2173 1234 2242 voluptas
1266 2170 1450 2241 aliqua
1482 2169 1609 2225 vita:
1643 2169 1969 2239 subrepens,
1992 2177 2049 2224 et
2078 2169 2179 2224 ad.

588 2280 784 2321 versus
810 2264 1069 2320 utilitatis
1087 2263 1362 2317 rationem
1391 2256 1517 2316 sese
1538 2275 1841 2330 opponens,
1864 2276 1896 2316 a
1928 2276 2181 2317 necessa-

590 2352 689 2408 riis
712 2353 881 2409 rebus
901 2351 1276 2422 adipiscendis
1291 2350 1540 2415 abduxit,
1564 2351 1745 2406 etalio
1766 2360 2007 2407 mentem
2026 2368 2183 2408 aver-

592 2444 660 2498 tit
684 2460 700 2509 ;
727 2444 1034 2500 faciliorem
1072 2458 1195 2499 esse
1218 2442 1460 2499 suadens
1483 2444 1650 2509 viam,
1684 2459 1792 2514 qua
1815 2444 1883 2498 ad
1907 2444 2181 2515 ignaviam

592 2535 857 2590 tenditur.
895 2535 1327 2591 Innumerabilia
1356 2536 1443 2589 his
1464 2534 1707 2605 adjicere
1741 2550 1810 2588 ex
1847 2550 2049 2590 eorum
2077 2551 2181 2590 au-

590 2628 841 2683 ctoribus
862 2628 1257 2698 potuissemus,
1274 2636 1330 2681 et
1349 2628 1575 2698 quidem
1598 2627 1874 2686 facillime.
1897 2627 2004 2683 Sed
2021 2628 2179 2683 audi-

592 2721 829 2784 toribus,
857 2736 979 2791 quae
1017 2730 1146 2777 sunt
1176 2722 1330 2785 satis,
1362 2722 1557 2776 eadem
1585 2721 1831 2792 jucunda
1863 2735 2007 2786 esse,
2058 2721 2183 2792 quis

591 2811 843 2866 dubitet?
868 2811 1056 2881 Itaque
1081 2811 1351 2866 orationis
1378 2811 1661 2867 fastidium
1680 2811 1972 2882 fugiemus.

662 2899 859 2955 PALL.
885 2900 1055 2955 Recte
1077 2900 1176 2954 ais.
1198 2899 1327 2965 Sed,
1352 2900 1400 2954 si
1416 2900 1521 2965 vis,
1550 2901 1826 2970 inquiunt,
1849 2899 1965 2955 haec
1990 2900 2178 2956 mitte:

592 2990 727 3046 illud
754 2990 942 3061 potius
967 2992 1169 3062 cogita,
1198 2992 1477 3062 quomodo
1508 2992 1788 3061 sapienter
1826 2992 2179 3063 respondeas,

2284 1890 2529 1961 γνώμηνο
2554 1892 2670 1946 ἀλλ’
2692 1893 2775 1946 ὅτι
2806 1890 2880 1961 μὴ
2902 1891 3154 1945 ἐκπονεῖν
3180 1892 3425 1946 ἐθέλουσι
3451 1892 3522 1946 τά
3547 1894 3835 1966 ἐγνωσμένα

2284 1984 2518 2055 χρηστά.
2552 1984 2664 2039 Καὶ
2710 1982 2793 2047 τίς
2840 1985 2874 2054 ἡ
2904 1984 3061 2038 τοῦδε
3087 1985 3396 2055 πρόφασις;
3446 1987 3521 2039 Ἦ
3554 1987 3662 2058 γὰρ
3685 1986 3831 2055 ὄκνος,

2286 2075 2473 2147 φησιν,
2508 2074 2739 2148 ἐπέδησε
2787 2075 2927 2146 πρὸς
2971 2076 3194 2146 ἀργίαν,
3240 2077 3275 2148 ἡ
3309 2093 3397 2140 τις
3433 2078 3542 2131 τῶν
3588 2080 3720 2132 κατά
3760 2084 3832 2135 τὸν

2289 2165 2401 2237 βίον
2431 2167 2634 2237 ἡδονῶν
2670 2166 3166 2238 ἅντεισδραμοῦσα,
3195 2168 3363 2236 φησὶ,
3395 2170 3494 2222 καὶ⁸
3537 2170 3635 2222 τοῦ
3662 2175 3833 2240 συμφέ-

2292 2273 2481 2327 ροντος
2503 2257 2924 2328 ἀντανίσχουσα,
2957 2261 3057 2329 τῆς
3072 2258 3183 2311 τῶν
3209 2259 3531 2327 ἀναγκαίων
3556 2260 3827 2333 ἀπεκόμιζε

2288 2350 2481 2421 Θήρας,
2507 2351 2604 2406 καὶ
2646 2350 3056 2423 ἀπεϐουκόλησε
3088 2351 3183 2405 τδν
3213 2352 3370 2417 νοῦν,
3413 2352 3693 2426 λειοτέραν
3720 2358 3832 2411 ἀπο-

2288 2442 2555 2511 φαίνουσα
2592 2441 2692 2513 τὴν
2723 2441 2805 2505 είς
2845 2441 3120 2513 ρᾳθυμίαν
3156 2442 3299 2499 ὁδόν.
3342 2444 3533 2516 Μυρία
3570 2445 3831 2503 δέἂντοὸ-

2286 2549 2402 2596 τοις
2440 2532 2901 2603 ἐπεσωρεύσαμεν
2929 2532 3038 2586 τῶν
3068 2536 3200 2605 παρ’
3228 2534 3434 2599 αὐτοῖς,
3474 2536 3573 2590 καὶ
3604 2539 3762 2608 ῥᾷστά
3780 2557 3831 2609 ’τι

2287 2623 2371 2694 δή.
2414 2624 2489 2678 Τὸ
2524 2623 2581 2678 δι
2618 2624 2904 2695 ἀποχρῶν,
2939 2626 3020 2678 ὅτι
3061 2628 3174 2689 τοῖς
3216 2626 3590 2698 ἀκροωμένοις
3622 2631 3737 2701 ἡδὺ,
3768 2634 3830 2696 τίς

2290 2714 2356 2768 ἂν
2379 2716 2684 2781 ἐνδοιάσαις
2716 2716 2995 2787 τοιγάρτοι
3026 2716 3444 2788 καὶδιωσόμεθα
3465 2720 3560 2773 τοῦ
3590 2722 3735 2790 λόγον
3759 2725 3831 2778 rh

2288 2809 2465 2879 ὄχλον.

2361 2902 2567 2955 ΠΔΔΛ.
2607 2899 2812 2971 Ὀρθῶς
2840 2898 2996 2970 ἔφης.
3041 2900 3182 2954 Ἀλλ’
3203 2901 3253 2953 εἱ
3281 2900 3483 2970 βούλει,
3508 2905 3658 2971 φασι,
3692 2904 3830 2958 ταῦτα

2289 2995 2353 3066 δὴ
2380 2993 2563 3065 μέθες.
2600 2991 2825 3045 Διανοοῦ
2860 2991 2917 3045 δέ
2945 2993 3094 3057 ὅπως
3122 2992 3440 3065 ἀπολογήσῃ
3474 2994 3672 3063 σοφῶς,
3700 2999 3829 3064 είπερ

590 3082 638 3136 si
664 3082 759 3152 qui
786 3088 839 3137 te
866 3090 1083 3153 rogent,
1102 3099 1353 3153 quaenam
1380 3085 1557 3154 possit
1576 3084 1875 3155 excogitari
1910 3083 2051 3139 ratio
2075 3084 2182 3138 lin-

2291 3084 2501 3155 ἔροιντὸ
2538 3100 2705 3147 τινες,
2729 3082 2813 3146 τίς
2862 3082 2929 3136 ἀν
2972 3085 3143 3136 νοοῖτο
3185 3084 3349 3154 τυχὸν
3388 3087 3419 3139 ὁ
3469 3085 3626 3153 λόγος
3661 3087 3748 3155 τῆς
3784 3087 3829 3138 ἐν

591 3172 677 3243 jus
706 3180 911 3228 nostra:
941 3173 1327 3244 inaequalitatis
1352 3182 1407 3229 et
1430 3174 1786 3239 confusionis,
1814 3190 1936 3245 qua:
1964 3189 2183 3230 sursum

2287 3178 2422 3245 ἡμῖν
2465 3174 2816 3245 ἀνισότητος,
2861 3174 2959 3228 καὶ
3004 3172 3099 3226 τοῦ
3147 3174 3259 3229 ἀνω
3296 3192 3358 3228 τε
3404 3175 3500 3229 καὶ
3546 3178 3689 3231 κάτω
3725 3179 3830 3250 παρ’

596 3265 854 3321 leorsum
880 3272 938 3319 et
962 3273 1164 3336 prater
1187 3267 1450 3321 meritum
1474 3266 1802 3337 plerumque
1835 3267 2028 3322 turbat
2063 3281 2185 3321 om-

594 3354 684 3410 aia
714 3372 727 3408 :
752 3370 883 3410 nam
909 3370 1232 3425 perversum
1274 3356 1560 3411 hominem
1584 3356 1928 3412 fortunatum
1962 3373 2026 3412 ac
2048 3358 2189 3414 divi-

594 3456 705 3504 tem
725 3447 914 3503 videre
938 3448 1090 3514 licet,
1132 3455 1190 3503 et
1226 3448 1470 3503 vicissim
1508 3464 1887 3519 saepenumero
1926 3451 2184 3521 probum,

594 3546 650 3594 et
667 3538 899 3594 summis
913 3539 1173 3595 laudibus
1188 3538 1439 3610 dignum,
1467 3538 1525 3594 in
1551 3540 1848 3595 contrariis
1870 3542 2037 3599 rebus
2057 3558 2186 3599 ver-

596 3630 729 3686 sari.

662 3720 821 3776 CYR.
852 3719 1163 3776 Obscurum
1188 3729 1273 3776 est
1295 3721 1351 3777 id
1390 3720 1659 3792 profecto,
1684 3730 1740 3777 et
1763 3722 1997 3777 arduum
2030 3740 2184 3789 sane,

597 3811 827 3877 Pa.ladi,
856 3811 1024 3881 idque
1048 3813 1423 3883 pervestigare
1459 3812 1621 3877 velle,
1649 3827 1771 3867 mea
1794 3814 2017 3882 quidem
2056 3831 2185 3871 sen-

597 3902 799 3969 tentia,
831 3902 1089 3958 humana:
1113 3913 1325 3958 natura:
1366 3902 1592 3957 modum
1627 3902 1910 3974 egreditur
1934 3920 1997 3960 ac
2019 3919 2185 3975 supe-

599 4002 687 4047 rat
730 4012 744 4047 :
791 3994 998 4051 divinis
1031 3995 1180 4050 enim
1205 3994 1428 4067 iudiciis
1470 3996 1778 4052 concedere
1816 4010 2043 4051 necesse
2078 4004 2182 4051 est.

597 4083 691 4149 Ac,
720 4084 994 4154 siquidem
1019 4094 1169 4140 recte
1195 4086 1401 4141 sentire
1439 4087 1695 4151 velimus,
1738 4086 1840 4141 soli
1872 4086 1951 4141 illi
1989 4100 2184 4156 supre-

596 4189 697 4230 ma:
745 4183 802 4229 et
865 4175 1281 4246 incorruptibili
1326 4177 1498 4231 menti
1549 4177 1713 4247 hujus
1773 4175 2186 4247 gubernationis

593 4266 881 4321 scientiam
908 4267 1249 4335 tribuemus;
1279 4268 1348 4323 ad
1386 4284 1451 4323 ea
1478 4268 1662 4338 potius
1684 4283 1807 4338 quin
1830 4275 1958 4324 sunt
1988 4268 2044 4322 in
2065 4282 2183 4321 ma-

608 4354 774 4410 nibus
796 4371 1110 4427 pergemus,
1137 4372 1261 4427 qua:
1297 4357 1465 4411 etiam
1490 4372 1617 4413 cum
1641 4357 1830 4412 labore
1856 4357 1949 4411 vix
1972 4372 2000 4411 a
2024 4355 2186 4411 nobis

593 4448 975 4514 inveniuntur,
1014 4456 1075 4503 ut
1109 4449 1410 4520 Scriptura:
1436 4449 1743 4504 tradunt“.
1771 4448 1899 4514 Sed,
1927 4450 2056 4520 quia
2084 4450 2186 4506 de-

594 4537 869 4593 fendenda
896 4547 1001 4602 est,
1026 4540 1244 4609 opinor,
1284 4556 1315 4594 a
1340 4540 1523 4604 nobis,
1562 4541 1656 4595 ubi
1685 4540 1841 4595 locus
1864 4541 2045 4605 datur,
2072 4541 2189 4598 haec

598 4628 739 4682 ratio
775 4646 789 4681 :
832 4644 930 4699 age
969 4638 1072 4684 nos
1105 4645 1324 4699 quoque
1362 4630 1431 4685 ad
1460 4630 1594 4686 illud
1635 4630 1940 4687 veniamus.
1980 4633 2189 4687 Vanam

599 4733 723 4774 esse
765 4720 928 4789 paulo
952 4728 1079 4775 ante
1104 4720 1399 4791 impiorum
1431 4721 1716 4776 hominum
1746 4722 2067 4793 Opinionem
2091 4740 2184 4779 ar-

599 4809 922 4882 guebamus,
948 4824 1074 4865 cum
1113 4810 1262 4865 haud
1290 4811 1486 4867 alienis
1526 4811 2063 4879 ratiocinationibus,
2090 4815 2188 4869 sed

599 4902 924 4958 necessariis
949 4902 1243 4958 sententiis
1288 4902 1707 4958 ostenderemus
1741 4904 1969 4959 humani
2012 4905 2184 4959 animi

600 4993 971 5065 gubernacula
1018 5007 1130 5047 non
1178 5008 1349 5064 penes
1386 4991 1581 5049 Ortum
1631 5009 1784 5061 esse,
1840 5011 2022 5066 neque
2064 4996 2184 5051 Fati

597 5085 799 5140 durum
817 5095 875 5141 et
898 5084 1220 5143 inevitabile
1252 5086 1446 5157 jugum
1484 5086 1647 5141 nobis
1685 5086 2003 5157 impositum
2045 5088 2185 5145 :sed

598 5192 785 5231 rerum
820 5193 943 5247 qua;
967 5178 1246 5234 electione
1267 5177 1407 5232 ﬁunt
1437 5168 1765 5249 potéstatem
1796 5195 1967 5250 penes
1995 5181 2186 5237 unius-

601 5270 865 5339 cujusque
882 5270 1176 5326 arbitrium
1202 5287 1347 5337 esse,
1374 5272 1428 5326 in
1445 5271 1717 5342 nobisque
1740 5271 1875 5342 ipsis
1907 5272 2096 5338 situm,
2122 5282 2185 5329 ut

601 5360 966 5431 quodcunque
986 5364 1165 5419 visum
1188 5363 1378 5429 fuerit,
1417 5364 1599 5421 facere
1636 5362 2041 5435 aggrediamur,
2067 5366 2185 5420 sive

604 5454 735 5509 illud
769 5453 973 5510 bonum
1019 5457 1113 5522 sit,
1160 5458 1276 5514 sive
1330 5460 1556 5514 malum.
1604 5457 1873 5529 Equidem
1899 5456 2183 5515 felicitatis

668 5609 715 5641 ”
751 5607 880 5679 Sap.
916 5625 991 5674 Ix,
1030 5610 1116 5665 16.

677 5764 753 5832 (Ι)
790 5765 880 5821 Sic
903 5766 1024 5823 cod.
1068 5766 1267 5846 Vatic.;
1297 5766 1470 5823 codex
1498 5765 1707 5840 Sirleti,
1754 5764 1846 5836 ιῷ.

2288 3261 2447 3327 ἀξίαν
2489 3261 2601 3316 ἔσθ’
2652 3262 2762 3316 ὅτε.
2807 3262 3196 3335 Εὑημεροῦντα
3246 3264 3343 3335 μὲν
3391 3266 3502 3335 γάρ
3551 3269 3645 3319 καὶ
3692 3267 3830 3320 πλου-

2287 3356 2486 3410 τοῦντα
2526 3354 2619 3409 τὸν
2662 3354 2901 3427 πονηρὸν
2944 3352 3260 3425 καταθεῷτό
3302 3372 3387 3420 τις
3434 3355 3536 3420 ἀν,
3573 3358 3629 3410 ἐν
3659 3375 3715 3426 τι
3739 3360 3833 3420 τοῖς

2288 3447 2556 3510 ἐναντίοις
2596 3446 2860 3516 γεγονότα
2904 3444 3167 3511 πολλάκις
3200 3445 3297 3499 τδν
3334 3446 3579 3518 ἐπιεικῆ,
3618 3449 3705 3501 καὶ
3741 3446 3830 3500 τῶν

2288 3538 2370 3601 είς
2391 3535 2547 3607 λῆξιν
2576 3536 2822 3608 ἡκόντων
2850 3535 3089 3590 ἐπαίνων
3110 3536 3352 3609 ἐμπλεω.

2360 3714 2523 3768 ΚΥΡ.
2556 3714 2907 3768 Δυσέποπτον
2944 3713 3161 3785 ἀληθῶς
3199 3716 3293 3768 καὶ
3321 3715 3642 3785 δυσέφικτον
3666 3718 3830 3790 κομιδῆ

2287 3806 2348 3861 τδ
2388 3806 2580 3880 χρῆμά
2612 3809 2782 3872 ἐστιν,
2817 3800 2863 3860 ὣ
2900 3806 3196 3874 Παλλάδιε,
3227 3807 3321 3861 καὶ
3359 3807 3423 3861 τὸ
3463 3810 3623 3862 ταυτὶ
3653 3810 3711 3879 δὴ
3736 3808 3833 3879 βώ-

2286 3899 2478 3953 λεσθαι
2526 3899 3008 3971 πολυπραγμονεῖν
3068 3898 3235 3968 φαίην
3286 3899 3355 3953 ἀν
3397 3900 3577 3969 ἔγωγε
3620 3900 3722 3954 τῶν
3752 3901 3832 3972 τῆς

2286 3990 2706 4062 ἀνθρωπότητος
2752 3989 2970 4061 μέτρων
3020 3989 3281 4043 ἐπέκεινά
3326 4006 3384 4044 τε
3438 3993 3537 4045 καὶ
3582 3994 3828 4047 ἀνωτάτω.

2287 4078 2465 4145 Θείοις
2519 4080 2628 4152 γὰρ
2685 4081 2919 4152 κρίμασι
2982 4083 3336 4153 παραχωρεῖν
3398 4083 3711 4151 ἀναγκαῖονο
3758 4084 3831 4137 καὶ

2286 4171 2447 4242 εῐπερ
2491 4171 2747 4242 ἐλοίμεθα
2792 4172 3245 4244 φρονεῖν’ῳθῶς,
3292 4172 3441 4247 μόνῳ
3483 4174 3572 4244 δὴ,
3604 4176 3738 4247 μόνῳ
3772 4174 3832 4245 τῷ

2287 4262 2579 4336 ὑπερτάτῳ
2620 4264 2715 4317 καὶ
2757 4264 3022 4335 ἀκηράτῳ
3057 4242 3134 4335 νῷ
3165 4263 3242 4335 (1)
3274 4242 3724 4338 τῆξοίκονομίας

2285 4357 2487 4423 γνῶσιν
2510 4356 2865 4419 ἀνάπτοντες,
2880 4354 3015 4426 πρὸς
3029 4357 3096 4409 τά
3112 4357 3170 4410 ἐν
3186 4373 3245 4427 χε
3256 4357 3341 4429 ρσὶ
3360 4358 3704 4430 βαδιοὺμεθα,
3718 4360 3749 4413 ἃ
3762 4358 3832 4413 καὶ

2291 4447 2389 4499 σὺν
2436 4437 2527 4517 βῖᾳ
2579 4446 2731 4517 μόλις
2787 4447 2924 4517 πρὸς
2969 4446 3128 4518 ἡμῶν
3170 4446 3525 4518 εὑρίσκεται,
3584 4452 3718 4504 κατὰ
3756 4450 3833 4511 τὰς

2292 4537 2536 4608 Γραφάς.
2580 4536 2799 4609 Ἐπειδὴ
2844 4538 2901 4591 δὲ
2950 4534 3103 4610 οἶμαι
3148 4538 3258 4592 δεῖν
3300 4540 3442 4593 κατὰ
3485 4541 3549 4593 τὸ
3594 4540 3832 4611 ἐγχωροῦν

2287 4628 2590 4698 ἐπαμύνειν
2641 4629 2789 4701 ἡμᾶς
2850 4628 2929 4699 τῷ
2990 4629 3168 4701 λόγῳ,
3217 4630 3351 4701 φέρε
3410 4631 3507 4685 xal
3560 4634 3720 4704 ἡμεῖς
3764 4631 3831 4685 ἐπ’

2286 4718 2464 4773 ἐκεῖνο
2508 4720 2697 4792 ἴωμεν.
2748 4720 2965 4774 Ἐωλονν
2984 4721 3186 4792 ἀρτίως
3228 4721 3340 4774 τῶν
3379 4722 3561 4776 ἀθέων
3590 4724 3683 4795 τὴν
3707 4723 3832 4787 δόξαν

2286 4812 2699 4883 ἀπηλέγχομεν,
2719 4813 2819 4867 οὐκ
2841 4810 3155 4883 ἐξαγωνίοις
3175 4812 3251 4885 (‘2)
3275 4813 3551 4885 χρώμενοι
3572 4816 3830 4886 λογισμοῖς,

2291 4904 2406 4960 ἀλλ’
2460 4906 2519 4971 ἐξ
2577 4904 2895 4973 ἀναγκαίων
2938 4904 3161 4958 ἐννοιῶν
3190 4905 3631 4976 ἀποφαίνοντες,
3655 4909 3727 4962 ὅτι
3755 4908 3831 4978 τῆς

2291 4995 2580 5066 ἀνθρώπου
2640 4996 2883 5061 διανοίας
2937 4996 2999 5050 οὐ
3046 4996 3260 5065 γένεσις
3305 4998 3421 5067 ἔχει
3477 4998 3607 5062 τοὺς
3651 5000 3827 5061 οἴακας,

2294 5087 2408 5141 ἀλλ’
2440 5087 2548 5141 οὐδ’
2581 5086 2939 5160 Εἱμαρμένης
2974 5088 3107 5159 ἡμῖν
3149 5088 3383 5160 σκληρός
3412 5105 3471 5141 τε
3517 5090 3611 5143 καὶ
3652 5087 3828 5141 δυσδιά-

2291 5200 2494 5253 φυκτος
2551 5182 2881 5255 ἐπέρῤιπται
2927 5180 3126 5251 ζυγὸς,
3173 5181 3291 5235 ἀλλ’
3334 5182 3417 5235 ὅτι
3457 5181 3624 5252 κυρία
3651 5178 3746 5232 τῶν
3782 5179 3828 5228 ἐν

2291 5275 2502 5347 αίρὲσει
2531 5274 2824 5346 πρακτέων
2854 5276 2886 5343 ἡ
2928 5274 3161 5328 ἐκάστου
3208 5273 3435 5345 γνώμη,
3481 5274 3576 5328 καὶ
3611 5273 3691 5341 ἐφ’
3718 5270 3827 5341 ἡμῖν

2290 5368 2476 5429 αὐτοῖς
2501 5366 2563 5421 τὸ
2596 5366 2816 5419 ἑλέσθαι
2849 5366 2984 5439 δρᾷν
3009 5366 3071 5419 τὸ
3093 5365 3315 5434 δοκοῦν,
3357 5365 3457 5419 εἶτ’
3487 5364 3707 5434 ἀγαθὸν,
3735 5360 3825 5414 εἴτε

2290 5456 2514 5526 φαῦλον.
2558 5455 3051 5527 Καταλογισαίμην
3079 5454 3189 5528 γὰρ
3227 5453 3403 5524 ἔγωγε
3436 5454 3536 5527 τῆς
3564 5448 3825 5534 εὐημερίας

2362 5759 2439 5835 (Ξῖ
2467 5763 2773 5836 tegebatur
2811 5765 2905 5834 οὐχ
2938 5765 3069 5829 ἐξαγ
