4072 6516
223 413 294 468 457
892 409 985 463 DE
1016 404 1463 464 ΑυοιιΑΠοΝε
1501 405 1568 460 1N
1610 404 1747 461 SPW

1850 406 1879 462 U
1919 405 2011 461 ET
2051 406 2418 464 VERITA‘I’E.
2464 408 2592 465 LIB.
2634 410 2721 466 Vl.

3328 412 3432 467 138

222 528 311 590 τοὺς
332 523 560 596 τρόπους
609 522 753 576 κατά
785 539 848 592 γε
878 523 941 575 τὸ
977 525 1090 586 τοῖς
1122 524 1288 593 ἱεροῖς
1320 522 1646 594 Γράμμασιν
1686 519 1744 575 εὖ

1851 537 2070 591 genera,
2097 532 2156 577 ut
2179 538 2346 578 saetae
2370 522 2593 578 Litterae
2615 523 2941 592 approbant,
2970 524 3150 579 nonin
3176 525 3244 581 iis
3269 527 3433 581 rebus

218 622 321 689 ἔχειν
344 614 749 687 ὑπειλημμένον
770 653 784 675 ,
814 616 916 668 οὐκ
941 616 999 668 ἐν
1026 609 1109 679 οἷς
1140 616 1200 667 τὸ
1227 614 1480 686 βδελυρὸν
1506 615 1599 668 καὶ
1626 616 1748 685 γήϊ-

219 729 280 765 νον
300 710 347 781 δὴ
384 711 535 763 τουτί⁸
574 708 827 779 σπαταλᾷ
860 708 1120 779 σαρκίον,
1152 706 1268 761 ἀλλ’
1298 708 1383 776 ἐφ’
1422 701 1504 771 οἷς
1548 706 1616 761 ἂν
1655 708 1747 776 γέ-

216 820 317 858 νοιτο
344 804 445 873 τῆς
493 802 717 856 αἰωνίου
769 801 917 871 ζωῆς
966 799 1296 871 μεταλαχεῖν
1340 799 1602 854 δύνασθαι
1649 800 1747 872 τὴν

215 897 315 968 ὑπὲρ
346 896 508 965 σῶμα
545 894 743 965 ψυχήν·
775 890 885 947 εἷεν
913 894 957 947 δ’
980 893 1067 958 ἀν,
1110 891 1288 965 οἶμαι,
1330 893 1519 959 ταυτὶ,
1559 893 1628 947 τά
1667 895 1747 957 εἰς

216 988 368 1060 ἀρετὴν
397 986 790 1059 σπουδάσματα
810 1027 824 1049 ,
854 986 947 1039 καὶ
977 986 1010 1057 ὴ
1042 987 1102 1039 ἐν
1135 985 1318 1038 πίστει
1346 1001 1405 1038 τε
1437 985 1531 1039 καὶ
1564 984 1748 1057 ἔργοις

215 1080 509 1152 λαμπρότης.
557 1078 621 1131 El
681 1077 781 1149 μὲν
827 1074 920 1132 οὖν
963 1078 1025 1131 οὐ
1082 1076 1304 1145 μέτεστι
1348 1079 1463 1141 τοῖς
1504 1076 1747 1131 ἐθέλουσι

217 1171 486 1243 εωφρονεῖν,
518 1169 620 1223 κάν
659 1170 708 1221 εί
740 1167 935 1239 φαῦλοί
964 1184 1110 1230 τινες
1136 1161 1269 1231 εἷεν,
1299 1166 1398 1220 εἶτ’
1429 1160 1522 1219 οὖν
1553 1164 1749 1235 ἀγαθοὶ

213 1264 301 1325 τοὺς
330 1262 564 1332 τρόπους
588 1300 604 1324 ,
639 1259 884 1333 ἡκόντων
923 1260 1004 1322 είς
1045 1259 1212 1329 μέσον
1258 1260 1307 1312 οἱ
1357 1257 1744 1327 διελέγξοντες.

212 1355 255 1408 Et
277 1354 318 1406 δὲ
348 1355 403 1406 ἐν
431 1352 644 1424 αἱρέσει
675 1353 938 1435 κειμένου
958 1351 1054 1405 τοῦ
1093 1349 1391 1423 κατορθοῦν
1425 1350 1744 1422 ἐλευθέρως,

212 1442 310 1498 ἆᾶν
336 1443 580 1514 βούλοιτό
606 1459 721 1506 τις,
759 1442 854 1495 καὶ
893 1442 1011 1496 ἐνὸν
1046 1441 1217 1496 ἅπασι
1248 1442 1368 1514 μετ’
1401 1440 1649 1507 ἐξουσίας
1685 1439 1748 1493 τὸ

211 1534 461 1607 εὐημερεῖν
490 1533 708 1587 ἑλέσθαι
741 1533 1147 1603 πνευματικῶς,
1177 1533 1389 1596 καὶτῆς
1409 1530 1617 1587 ἀνωθεν
1659 1531 1749 1586 εὐ-

210 1626 352 1689 κλείας
390 1627 448 1679 ἐν
478 1628 579 1697 ίσιρ
612 1627 937 1698 μεταλαχεῖν
960 1669 974 1688 ,
1007 1625 1393 1683 πλεονεκτοῦσι
1417 1644 1585 1692 τινες,
1618 1627 1651 1698 ἢ
1689 1628 1747 1679 ἐν

209 1713 384 1784 πλούτῳ
415 1714 516 1777 τάς
549 1716 847 1786 ὑπεροχὰς,
873 1716 906 1787 ἦ
933 1718 992 1770 ἐν
1010 1715 1279 1789 δοξαρίοις
1312 1718 1526 1789 ἔχοντες
1557 1733 1750 1787 κοσμι-

208 1804 319 1866 κοῖς,
354 1802 429 1876 μὴ
480 1804 641 1859 τοῦτο
692 1807 842 1877 ἡμᾶς
884 1807 1021 1879 πρὸς
1067 1807 1265 1871 ἀθέους
1312 1809 1466 1873 τινάς
1511 1810 1604 1863 καὶ
1649 1809 1749 1880 τῆς

205 1895 402 1966 ἀληθοῦς
461 1897 721 1967 γνώσεως
782 1900 1299 1973 ἐκμεμοχλευμένας
1362 1902 1747 1974 ἀποκομιζέτω

203 1986 345 2052 δόξας,
373 1989 451 2053 ὡς
482 1990 692 2045 οἴεσθαι
722 1995 836 2056 τοῖς
881 1992 1005 2048 καθ’
1040 1994 1218 2065 ημᾶς,
1253 1995 1611 2066 Εἱμαρμένης
1653 1997 1747 2050 καὶ

204 2079 349 2149 Τύχης
398 2082 771 2137 immersam
834 2082 1021 2152 ζυγόν.
1086 2084 1244 2138 Ἀλλά
1293 2085 1592 2155 γραφέσθω
1646 2085 1745 2157 μέν

200 2196 282 2245 τις,
322 2177 371 2229 εί
411 2175 700 2246 βούλεται,
745 2177 855 2231 τῶν
910 2179 968 2231 ἐν
1022 2178 1238 2250 πλούτῳ
1286 2180 1384 2242 τὰς
1434 2178 1745 2245 πλεονεξίας

201 2270 299 2324 lim
347 2268 541 2339 ὥσπερ
576 2268 965 2338 πεποιημένων
1005 2268 1240 2338 ἀγαθὸν,
1276 2271 1338 2323 τὸ
1379 2272 1512 2324 πᾶσι
1545 2270 1744 2335 κοινὸν,

201 2364 236 2415 εί
269 2362 421 2432 λόγος
456 2362 605 2433 ἀπῆν
647 2364 676 2415 ό
722 2360 1062 2430 πλεονεξίας.
1112 2362 1649 2434 Πολυπραγμονείτω
1691 2364 1747 2418 δὲ

202 2452 374 2523 μᾶλλον
410 2453 510 2507 τοῦ
555 2456 918 2523 πεποιηκότος
954 2454 1055 2524 τὴν
1106 2453 1382 2525 βούλησιν·
1413 2456 1470 2508 ἐν
1509 2458 1598 2526 ἴση
1638 2455 1748 2529 γάρ

199 2542 317 2610 τάξει
360 2546 430 2599 τά
463 2545 589 2601 καθ’
632 2547 781 2617 ἡμᾶς
828 2546 1234 2617 οἰκονομεῖσθαι
1286 2566 1346 2601 τε
1390 2550 1486 2602 καὶ
1518 2550 1746 2623 ὁρᾶσθαι

196 2637 357 2703 θέλων,
391 2637 669 2701 πλουσίοις
716 2638 817 2709 μὲν
862 2639 1241 2710 παραγγέλλει
1284 2639 1374 2693 τὸν
1417 2641 1749 2711 συναχθέντα

196 2729 393 2783 πλοῦτον
440 2730 546 2783 ἀπε
556 2730 802 2800 μπολᾷν,
856 2730 951 2784 καὶ
989 2732 1113 2794 ταῖς
1163 2730 1274 2784 τῶν
1313 2734 1747 2803 πτωχευομένων

192 2819 440 2892 διανέμειν
462 2820 695 2893 χρείαις,
711 2820 874 2893 δόξης
900 2820 959 2875 δὲ
979 2822 1076 2875 καὶ
1104 2823 1376 2895 ὑπεροχῆς
1398 2824 1500 2877 οὐκ
1529 2824 1747 2895 ἐφίησιν

196 2913 323 2985 ἑρᾷν.
360 2915 481 2966 Ὀτι
530 2912 587 2965 δὲ
627 2911 729 2982 τὴν
783 2912 1004 2982 ἰσότητα
1046 2916 1159 2976 τοῖς
1210 2914 1303 2967 ἐπὶ
1352 2913 1457 2984 γῆς
1490 2914 1747 2985 βραόεύει

194 3004 325 3070 Θεὸς,
353 3004 586 3075 χαλεπὸν
614 3003 766 3056 οὐδὲν
796 3003 1026 3058 συνιδεῖν
1050 3004 1145 3057 καὶ
1183 3004 1241 3070 ἐξ
1273 3006 1441 3075 αὐτῆς
1474 3006 1621 3077 ημᾶς
1648 3006 1747 3077 τῆς

191 3096 265 3149 τοῦ
296 3097 541 3167 σώματος
569 3094 937 3166 κατασκευῆς.
974 3096 1050 3149 Οὐ
1072 3094 1182 3167 γάρ
1211 3092 1349 3152 οἶδεν
1377 3099 1411 3167 ἡ
1444 3095 1626 3165 φύσις,
1655 3097 1746 3150 τὸν

192 3187 232 3239 iv
272 3186 429 3259 πενίᾳ
460 3189 555 3241 καὶ
602 3186 855 3258 πλούτῳ,
897 3187 990 3239 τὸν
1038 3188 1275 3259 δυσγενῆ
1324 3187 1421 3241 καὶ
1470 3188 1742 3259 λαμπρὸν,
1772 3218 1816 3276 C

190 3280 263 3334 τὸν
291 3281 482 3351 εὐγενῆ
522 3280 616 3335 καὶ
649 3279 1090 3350 κατερῤιμμένον
1111 3317 1125 3342 ,
1162 3279 1255 3334 καὶ
1297 3280 1387 3333 τὸν
1429 3281 1487 3333 ἐν
1514 3277 1644 3351 δόξῃ
1674 3281 1741 3350 τῇ

190 3371 314 3428 κατά
340 3372 486 3425 τόνδε
530 3370 624 3425 τὸν
666 3370 805 3441 βίονο
838 3369 956 3426 ἀλλ’
1004 3369 1092 3441 ἴση
1127 3370 1215 3425 διὰ
1244 3372 1463 3425 πάντων
1486 3371 1741 3442 ἀπροσω-

190 3463 455 3533 πολήπτως
482 3462 737 3535 ἔρχεται,
773 3466 889 3527 τοῖς
928 3464 1112 3526 αὐτοῖς
1150 3463 1489 3517 ἀποτελοῦσα
1536 3463 1744 3535 μορίοις

190 3553 395 3607 ἕκαστον
429 3556 510 3617 εἱς
555 3554 618 3607 τὸ
660 3551 865 3625 ἀρτίως
916 3552 1038 3623 ἔχον
1086 3553 1276 3625 σχῆμά
1310 3570 1370 3606 τε
1400 3553 1495 3608 καὶ
1526 3554 1741 3618 κάλλοςο

191 3646 269 3697 καὶ
294 3645 387 3714 μία
428 3645 529 3716 μὲν
548 3644 721 3715 ὁδὸςη
750 3644 968 3697 πάντων
1000 3647 1079 3708 είς
1100 3644 1334 3714 γένεσιν,
1373 3644 1473 3715 μία
1508 3645 1565 3699 δὲ
1598 3643 1745 3716 ζωῆς

190 3735 455 3800 ἀπόθεσις,
496 3736 558 3788 οὐ
592 3734 682 3789 τὸν
717 3734 818 3805 μὲν
861 3736 1077 3789 ἀνιεῖσα
1122 3734 1356 3807 βρόχων,
1386 3735 1477 3787 τὸν
1517 3736 1575 3788 δὲ
1614 3734 1745 3789 εἵσω

191 3826 463 3900 ποιουμένη
508 3826 692 3897 τυχὸν,
736 3826 873 3879 ἀλλά
920 3825 1154 3900 σκληρόν
1200 3843 1259 3878 τε
1296 3825 1389 3878 καὶ
1432 3825 1745 3896 ἀνεξίτητον

192 3920 337 3971 παντὶ
373 3919 451 3991 τῷ
485 3919 839 3989 πεποιημένῳ
874 3918 936 3971 τὸ
965 3918 1117 3982 τέλος
1146 3920 1446 3986 ἐπάγουσα.
1472 3914 1598 3989 τΑρ’
1629 3914 1742 3983 οὖν,

192 4010 295 4062 εἰπέ
320 4028 426 4080 μοι,
466 4010 838 4065 δυσκάτοπτον
868 4008 969 4075 ἔτι,
1015 4010 1216 4081 μᾶλλον
1246 4010 1305 4063 δὲ
1331 4011 1451 4081 οὐχὶ
1480 4011 1641 4064 παντί
1668 4028 1746 4082 τῳ

192 4102 358 4157 λοιπὸν
390 4104 647 4176 ἐναργὲς,
679 4103 761 4157 ὅτι
800 4103 898 4173 τῆς
945 4101 1094 4164 θείας
1138 4100 1336 4173 βουλῆς
1364 4105 1392 4156 ό
1427 4103 1649 4167 σκοπὸς,
1686 4104 1746 4155 τὸ

190 4194 241 4245 ἐν
271 4194 465 4265 ἰσότητι
508 4194 610 4267 ζῇν
636 4196 761 4256 τοὺς
789 4194 882 4246 ἐπὶ
908 4194 1047 4265 γῆςς
1082 4195 1282 4248 Ἀκουε
1308 4194 1365 4247 δὲ
1395 4194 1666 4263 λέγοντος,
1697 4196 1745 4247 εἰ

190 4284 341 4349 δοκεῖ,
368 4288 457 4341 καλ⁵
495 4287 563 4340 δι’
598 4286 717 4349 ἐνὸς
756 4286 866 4339 τῶν
910 4286 1229 4358 προφητῶνο
1260 4307 1278 4338 ι
1310 4287 1447 4358 Οὐχὶ
1492 4287 1622 4350 Θεὸς
1666 4280 1746 4350 εἷς

186 4376 382 4433 ἔκτισεν
420 4380 608 4452 mm;
652 4378 777 4448 οὐχ).
827 4379 1018 4449 Πατὴρ
1064 4373 1145 4443 εἷς
1191 4379 1410 4434 πάντων
1451 4380 1646 4451 quo»);
1695 4379 1746 4433 τί

187 4469 550 4537 ἐγκατελίπετε
580 4470 813 4533 ἕκαστος
853 4470 946 4523 τὸν
975 4470 1201 4541 ἀδελφὸν
1234 4470 1436 4536 αὐτοῦς
1477 4489 1498 4524 ι
1531 4470 1742 4524 Οὐκοῦν

1844 614 2165 669 collocanda
2207 626 2361 685 puto,
2418 615 2699 685 inquibus
2731 615 2907 686 turpis
2950 617 3065 673 hmc
3110 626 3166 672 et
3212 628 3429 675 terrena

1848 718 1979 757 caro
2007 705 2224 760 lascivit
2251 722 2263 759 :
2292 705 2388 761 sed
2428 706 2481 760 in
2519 707 2609 770 iis.
2636 719 2734 776 per
2753 714 2876 777 qum
2909 707 3145 773 animus,
3175 708 3268 779 qui
3305 726 3423 765 eor-

1844 807 1983 862 pore
2009 795 2250 849 nobilior
2280 806 2385 859 est,
2413 797 2791 867 consequitur,
2827 805 2887 851 ut
2923 797 3163 853 caelestis
3191 799 3316 853 vitae
3360 798 3433 854 sit

1845 886 2162 957 particeps:
2192 888 2305 943 haec
2328 896 2511 943 autem
2537 899 2687 954 sunt,
2717 898 2779 943 ut
2800 888 3015 960 Opinor,
3046 890 3292 961 impensa
3319 891 3429 946 vir-

1851 978 1952 1033 tuti
1982 978 2186 1044 studia,
2210 988 2268 1033 et
2296 978 2421 1035 ﬁdei
2462 978 2842 1051 factorumque
2867 982 3105 1037 claritas.
3156 982 3215 1039 Si
3264 983 3433 1055 igitur

1849 1069 2164 1124 volentibus
2197 1079 2567 1142 temperanter
2591 1072 2778 1127 vivere
2804 1088 2911 1127 non
2944 1073 3095 1139 licet,
3132 1068 3291 1145 203
3316 1077 3432 1130 sive

1845 1162 1927 1217 illi
1954 1162 2113 1217 malis
2143 1164 2413 1228 moribus,
2438 1164 2555 1219 sive
2583 1163 2743 1219 bonis
2769 1164 2980 1234 pmditi
3023 1166 3165 1230 sint;
3206 1166 3432 1222 veniant

1847 1256 1904 1311 in
1929 1255 2194 1320 medium,
2221 1257 2316 1327 qui
2342 1255 2398 1311 id
2414 1257 2765 1312 convincam.
2797 1257 2913 1321 Sin,
2943 1259 3194 1328 quamvis
3227 1260 3282 1315 in
3314 1262 3429 1314 elc-

1848 1348 2031 1404 etione
2057 1348 2129 1403 sit
2152 1348 2415 1418 positum,
2449 1358 2509 1403 ut
2527 1364 2650 1419 qua:
2672 1351 2907 1422 quisque
2931 1352 3083 1409 velit.
3110 1353 3283 1407 libere
3310 1368 3431 1422 per-

1850 1438 2031 1506 ﬂciat;
2060 1449 2117 1495 et
2145 1441 2403 1496 omnibus
2451 1441 2524 1497 sit
2551 1450 2827 1512 potestas,
2880 1444 3124 1499 velintne
3160 1445 3428 1515 spirituali

1847 1528 2110 1585 felicitate
2140 1531 2367 1600 pollere,
2393 1540 2450 1587 et
2471 1547 2765 1603 supernam
2784 1534 3012 1604 glorianti
3031 1550 3095 1589 ex
3119 1551 3277 1606 aequo
3304 1553 3427 1607 par-

1850 1621 2110 1692 ticipare;
2161 1631 2340 1678 tamen
2384 1625 2633 1679 nonnulli
2680 1626 2805 1695 plus
2835 1620 3074 1683 habendi
3118 1627 3287 1692 avidi,
3344 1628 3430 1684 vel

1849 1716 2046 1787 opibus
2070 1717 2365 1782 excellunt,
2402 1719 2486 1773 vel
2530 1719 2805 1774 mundana
2828 1720 3081 1791 gloriola,
3124 1739 3230 1777 non
3267 1722 3433 1778 debet

1850 1823 1952 1863 nos
1970 1824 2033 1863 ea
2056 1824 2144 1864 res
2169 1808 2236 1863 ad
2267 1809 2466 1879 impias
2494 1811 2779 1881 quasdam,
2804 1821 2860 1866 et
2883 1828 2913 1866 a
2950 1828 3078 1867 vera
3116 1814 3431 1883 cognitione

1853 1908 2090 1955 remotas
2119 1901 2407 1970 opiniones
2426 1901 2726 1967 abducere,
2758 1912 2817 1956 ut
2842 1902 3096 1959 humanis
3121 1906 3284 1960 rebus
3309 1922 3431 1962 esse

1850 1988 1962 2045 Fati
1987 2004 2054 2044 ac
2079 1988 2534 2062 Fortunaejugum
2558 1990 2873 2063 impositum
2898 2002 3174 2063 putemus.
3204 1994 3310 2050 Sed
3336 2012 3429 2050 ac-

1849 2092 2023 2151 cuset,
2044 2085 2091 2140 si
2120 2085 2209 2140 cui
2232 2085 2430 2155 placet,
2456 2086 2689 2142 divitum
2728 2088 3105 2158 cupiditatem,
3143 2091 3258 2161 qui,
3282 2092 3429 2161 quod

1848 2186 1934 2233 est
1961 2177 2220 2233 onmibus
2251 2194 2563 2243 commune,
2587 2179 2633 2235 si
2663 2179 2805 2234 ratio
2836 2181 3153 2253 cupiditatis
3189 2184 3427 2249 abesset,

1850 2275 2109 2339 tanquam
2150 2269 2436 2340 proprium
2484 2269 2590 2325 sibi
2632 2280 2909 2341 arrogant.
2954 2273 3220 2343 Exquirat
3246 2276 3431 2347 potius

1846 2358 2164 2415 Conditoris
2192 2362 2674 2433 voluntatem,qni,
2699 2378 2823 2417 cum
2850 2379 2940 2419 res
2956 2362 3223 2421 humanas
3244 2384 3430 2437 aequa-

1850 2446 1947 2500 bili
1985 2447 2181 2502 ordine
2215 2457 2273 2503 et
2300 2449 2587 2518 procurari
2616 2458 2673 2503 et
2707 2451 2943 2520 spectari
2972 2452 3125 2518 velit,
3166 2452 3432 2509 divitibus

1848 2538 2071 2608 quidem
2118 2540 2369 2611 praecipit
2420 2541 2681 2597 collectas
2720 2557 2853 2614 opes
2901 2542 3231 2611 distrahere,
3277 2554 3333 2601 et
3374 2545 3431 2601 in

1848 2645 2153 2700 pauperum
2186 2646 2321 2686 usus
2353 2632 2710 2698 distribuere,
2753 2634 2983 2705 gloriam
3011 2651 3145 2690 vero
3178 2651 3245 2692 ac
3290 2654 3431 2707 prae-

1847 2722 2103 2776 stantiam
2126 2722 2381 2777 adamare
2404 2739 2516 2778 non
2538 2725 2839 2794 permittit;
2859 2724 3187 2789 Hominibus
3222 2739 3430 2796 autem,

1848 2810 1944 2881 qui
1976 2820 2269 2866 versantur
2297 2812 2353 2866 in
2387 2815 2570 2875 terris,
2588 2815 2958 2883 mqualitatem
2986 2832 3018 2871 ιι
3043 2819 3158 2873 Deo
3174 2820 3429 2888 praeseri-

1848 2904 1928 2967 bi,
1962 2904 2110 2959 haud
2132 2904 2351 2960 diliieile
2388 2914 2493 2971 est,
2535 2921 2604 2961 ex
2654 2907 2771 2976 ipsa
2803 2908 2970 2964 etiam
3002 2911 3256 2981 corporis
3294 2926 3429 2967 eon-

1848 2995 2136 3052 stitutione
2165 2997 2499 3067 perspicere.
2525 2996 2714 3067 Neque
2754 2999 2903 3054 enim
2939 3002 3189 3071 agnoscit
3234 3010 3431 3059 natura

1848 3103 2147 3160 pauperem
2198 3106 2262 3145 ac
2312 3089 2559 3155 divitem,
2611 3105 2719 3144 non
2753 3091 3047 3161 ignobilem
3091 3102 3149 3147 et
3197 3094 3429 3160 clarum.

1849 3180 2095 3236 nobilem
2125 3189 2183 3235 et
2214 3180 2515 3252 abiectum,
2552 3189 2608 3235 et
2648 3181 2813 3251 hujus
2836 3184 3031 3237 mundi
3068 3184 3244 3254 gloria
3264 3201 3429 3242 orna-

1850 3282 1997 3339 tum;
2029 3272 2125 3328 sed
2164 3287 2464 3342 peromnes
2490 3272 2775 3342 aequabilis
2795 3272 2913 3328 sine
2955 3280 3275 3345 acceptione
3301 3293 3431 3348 per-

1848 3378 2109 3419 sonarum
2133 3362 2357 3429 incedit,
2378 3362 2681 3434 iisdemque
2699 3363 2963 3419 membris
2984 3365 3218 3420 absolvit
3236 3384 3430 3438 quem-

1849 3472 1957 3527 que
1996 3455 2063 3510 ad
2108 3455 2380 3526 expletam
2424 3454 2612 3525 ﬁgurae
2645 3455 3188 3529 pulchritudinisque
3244 3460 3430 3531 perte-

1850 3548 2123 3604 ctionem:
2150 3562 2258 3601 una
2288 3555 2373 3601 est
2394 3546 2559 3601 etiam
2576 3546 2839 3601 omnibus
2860 3547 2926 3602 ad
2954 3557 3136 3603 ortum
3159 3550 3268 3615 via,
3287 3566 3434 3607 unus

1850 3653 2110 3693 excessus
2134 3653 2165 3692 e
2188 3637 2328 3703 vita;
2358 3654 2468 3692 non
2487 3638 2657 3692 alium
2684 3654 2715 3693 e
2737 3638 2949 3708 laqueis
2971 3640 3225 3707 absolvit,
3260 3643 3433 3700 alium

1853 3729 2127 3784 irretitum
2154 3737 2306 3785 tenet
2330 3747 2344 3784 :
2381 3729 2576 3783 duram
2610 3745 2744 3785 vero
2771 3739 2827 3785 et
2851 3730 3226 3788 inevitabilem
3250 3737 3431 3791 omni~

1852 3821 1977 3886 bus,
2022 3837 2144 3892 quae
2172 3822 2394 3877 condita
2449 3831 2597 3885 sunt,
2645 3822 2769 3877 ﬁnis
2816 3824 3204 3879 necessitatem
3246 3827 3430 3886 allen.

1852 3914 1993 3968 Num
2021 3912 2207 3983 igitur,
2234 3930 2421 3984 quaeso
2461 3923 2535 3977 te,
2560 3914 2858 3969 obscurum
2897 3924 2982 3970 est
3003 3916 3207 3983 adhuc,
3234 3934 3305 3976 an
3330 3936 3432 3993 po-

1854 4003 1966 4060 tius
1989 4003 2166 4059 cuivis
2210 4004 2581 4069 manifestum,
2623 4019 2745 4060 esse
2772 4004 2973 4061 divinae
3008 4007 3278 4065 voluntati
3301 4026 3432 4080 pro-

1852 4095 2113 4165 positum,
2146 4102 2205 4148 ut
2232 4095 2502 4160 homines,
2524 4095 2620 4165 qui
2652 4096 2708 4150 in
2732 4099 2897 4155 terris
2939 4098 3165 4170 degunt,
3203 4102 3432 4171 aequali-

1854 4198 1938 4243 ter
1969 4188 2154 4242 vivant
2174 4187 2319 4243 250d
2341 4187 2470 4242 audi
2498 4188 2679 4243 adhuc
2700 4189 2976 4255 eumdem,
2996 4191 3043 4245 si
3064 4191 3300 4257 videtur,
3334 4208 3434 4262 per

1852 4280 2146 4351 quemdam
2189 4295 2220 4334 e
2274 4280 2560 4352 prephetis
2600 4280 2874 4337 dicentem
2913 4300 2926 4337 :
2973 4302 2993 4334 ι
3046 4283 3240 4339 Nonne
3289 4285 3435 4341 Deus

1854 4386 1999 4425 unus
2024 4369 2233 4425 creavit
2266 4370 2407 4423 nos?
2437 4385 2619 4426 nonne
2637 4386 2781 4427 unus
2795 4379 2881 4425 est
2913 4373 3161 4427 omnium
3183 4384 3433 4431 nostrum

1854 4459 2038 4514 Pater?
2056 4474 2156 4512 cur
2171 4457 2469 4527 reliquistis
2492 4459 2870 4530 unusquisque
2897 4461 3121 4519 fratrem
3138 4480 3299 4519 suum
3316 4468 3359 4497 “
3377 4467 3427 4519 τι

186 4562 227 4611 εἰ
248 4562 305 4615 τὸ
323 4562 396 4634 τῷ
416 4565 744 4636 πεποιηκότι
767 4563 957 4620 δοκοῦν
982 4563 1321 4637 παραλύουσί
1347 4581 1510 4629 τινες,
1535 4562 1747 4618 ἐθελούο

1855 4550 1912 4605 Si
1942 4550 2037 4620 qui
2064 4551 2233 4621 igitur
2266 4548 2584 4606 Conditoris
2624 4552 2827 4622 placita
2860 4554 3091 4621 violant,
3140 4558 3289 4631 quod
3334 4574 3434 4614 vo-

189 4667 286 4705 σιον
310 4654 519 4726 ἔχοντες
558 4657 644 4726 ἐφ’
674 4658 812 4728 ὅπερ
842 4656 908 4709 ἀν
941 4657 1146 4711 ἕλοιντο
1176 4655 1285 4709 τῶν
1326 4655 1619 4727 πρακτέων
1648 4654 1747 4720 τὴν

190 4747 341 4818 ῥοπὴν
365 4751 651 4821 (τετίμηκε
682 4750 791 4824 γάρ
821 4749 1102 4821 ἐλευθερίᾳ
1124 4749 1223 4820 τὴν
1248 4749 1409 4819 φύσιν
1431 4750 1460 4801 ὁ
1485 4751 1746 4820 Δημιουρ-

186 4836 305 4907 γδς).
335 4842 484 4895 οὐδὲν
518 4843 660 4914 πρὸς
692 4844 783 4897 τὸν
821 4844 1000 4911 λόγον,
1033 4842 1155 4895 ἐπεί
1181 4859 1265 4897 τοι
1293 4841 1388 4897 καὶ
1428 4842 1608 4912 νόμων
1638 4840 1748 4895 τῶν

186 4930 289 4981 καθ’
309 4934 341 5001 ἡ
352 4937 454 5004 μᾶς
477 4935 790 5006 ὑπερορῶσί
808 4952 969 4998 τινες.
1005 4933 1165 4999 Ἀλλ’,
1193 4930 1347 5005 οἶμαί
1372 4950 1435 5002 γε
1461 4932 1548 5005 δὴ,
1580 4950 1747 4988 κατα-

182 5020 375 5087 ψέξειεν
403 5026 470 5080 ἂν
498 5026 697 5091 οὐδεὶς,
730 5028 783 5079 εἴ
809 5043 872 5095 γε
918 5024 1042 5080 νοῦν
1085 5024 1219 5097 ἔχοι,
1247 5025 1357 5079 τῶν
1396 5024 1577 5095 νόμων
1615 5026 1744 5088 τοὺς

182 5112 405 5183 ὁριστὰς,
438 5117 733 5189 ἐπαιτιῷτο
764 5116 809 5171 δ’
847 5117 913 5171 ἂν
961 5116 1165 5189 μᾶλλον
1202 5116 1297 5170 καὶ
1343 5114 1554 5187 σφόδρα
1602 5116 1746 5169 εἰκό-

182 5221 276 5270 τως
320 5212 444 5274 τοὺς
494 5211 862 5282 ὑπερφρονεῖν
913 5210 1202 5281 ἑλομένους
1247 5206 1355 5260 τῶν
1405 5205 1742 5273 ἀναγκαίων.

181 5295 335 5352 Ὅταν
369 5301 545 5357 τοίνυν
581 5302 1033 5373 πλημμελοῦντες
1074 5299 1275 5369 λέγωσί
1315 5313 1483 5362 τινες·
1540 5297 1747 5351 Ἐδόκει

179 5406 273 5443 που
303 5395 441 5465 τάχα
481 5398 548 5467 τῇ
592 5396 746 5472 Τύχῃ
767 5436 781 5459 ,
816 5397 932 5460 καὶ,
980 5393 1333 5465 Εἱμαρμένης
1365 5387 1433 5463 ἦν
1461 5385 1615 5455 οὗτος
1651 5390 1741 5443 ἐπ’

179 5482 293 5551 ἐμοὶ
332 5490 551 5554 σκοπὸς,
603 5489 687 5555 τίς
725 5491 754 5542 ὁ
802 5488 1003 5561 λῆρος,
1053 5482 1099 5541 ὦ
1127 5482 1297 5552 οὗτοι,
1344 5486 1438 5539 καὶ
1484 5483 1623 5556 πρός
1678 5500 1743 5553 γε

167 5574 625 5645 ,ἠμῶνσλελέξεται
650 5597 664 5646 ;
693 5581 759 5633 Τί
805 5580 861 5634 δέ
912 5580 977 5652 δὴ
1002 5578 1278 5651 γράφεσθε
1319 5578 1382 5631 τὸ
1423 5576 1617 5648 μηδὲν,
1647 5575 1748 5646 τῆς

166 5650 322 5732 ίσψῶν
358 5672 535 5726 αὐτῶν
574 5671 839 5743 ἐλαφρίας
881 5672 941 5724 οὐ
975 5670 1413 5739 κατεγνωκότεςς
1458 5667 1598 5723 Ἀλλ’
1621 5668 1656 5737 ἦ
1682 5684 1744 5735 γε

238 5844 282 5878 ⁸⁸
312 5846 534 5904 Malach.
571 5865 629 5911 ll,
661 5849 745 5902 15.

489 5943 762 6007 I’A'ruct.
811 5944 926 6003 lin.
976 5940 1234 6002 LXVIII.

1854 4642 2107 4697 luntariis
2143 4642 2211 4696 ad
2256 4642 2460 4707 omnia,
2509 4658 2631 4712 qua:
2652 4643 2832 4699 facere
2868 4646 3166 4713 voluerint,
3209 4649 3439 4705 nutibus

1854 4734 2103 4788 ferantur
2139 4732 2251 4803 (ille
2299 4749 2536 4805 namque
2578 4734 2843 4791 Conditor
2883 4738 3139 4795 libertate
3182 4749 3435 4797 naturam

1858 4824 2213 4895 honestavit),
2241 4824 2296 4879 id
2323 4825 2547 4895 quidem
2582 4826 2813 4882 nihilad
2857 4844 3003 4895 rem;
3053 4830 3272 4899 quando
3314 4833 3440 4901 qui-

1854 4916 1979 4970 dem
2001 4914 2166 4969 etiam
2190 4915 2338 4986 leges
2355 4914 2623 4969 humanas
2638 4917 2889 4976 nonnulli
2919 4927 3298 4975 contemnunt.
3329 4920 3438 4978 Sed

1857 5020 2040 5063 tamen
2068 5016 2323 5062 auctores
2342 5006 2546 5077 legum,
2571 5006 2679 5062 nisi
2703 5007 2879 5071 fallor,
2904 5022 3067 5061 nemo
3094 5023 3261 5062 sanus
3294 5016 3441 5065 vitu~

1856 5107 2013 5172 peret
2038 5118 2051 5156 :
2073 5106 2297 5154 accuset
2320 5098 2540 5169 potius,
2582 5106 2639 5153 et
2664 5097 2887 5169 quidem
2915 5098 3041 5168 jure
3081 5098 3311 5167 optimo,
3341 5116 3441 5160 eos

1854 5192 1950 5263 qui
1999 5190 2211 5255 malint,
2262 5206 2385 5261 qute
2429 5180 2560 5245 sunt
2598 5198 2804 5245 nostra:
2850 5188 3075 5245 utilitati
3128 5193 3441 5249 necessaria

1852 5296 2225 5341 contemnere.
2256 5282 2419 5356 204
2439 5284 2577 5339 Cum
2601 5282 2784 5352 itaque
2820 5292 3049 5352 peccant
3078 5284 3351 5349 nonnulli,
3378 5300 3442 5341 ac

1846 5359 2060 5444 dicunt,
2105 5378 2194 5434 Sic
2239 5378 2495 5433 Fortunae
2514 5375 2729 5440 visum;
2775 5384 2851 5438 et,
2891 5373 3012 5430 Huc
3037 5392 3220 5431 meum
3244 5377 3440 5434 Fatum

1847 5476 2153 5551 spectabat,
2201 5488 2447 5545 quaenam
2472 5472 2589 5527 hac
2623 5479 2709 5527 est
2734 5470 3026 5527 deliratio?
3066 5489 3165 5529 vos
3201 5475 3437 5544 appello.

1853 5572 1947 5627 Sic
1993 5571 2143 5626 enim
2189 5585 2221 5623 a
2259 5568 2421 5623 nobis
2470 5573 2619 5621 certe
2657 5564 2876 5621 dicetur
2912 5564 3097 5633 :Quid
3144 5566 3437 5631 accusatis,

1851 5663 1998 5732 quod
2032 5674 2301 5732 nusquam
2330 5668 2412 5713 cst
2434 5659 2457 5711 ?
2482 5673 2545 5711 ac
2580 5668 2819 5712 vestram
2846 5658 3088 5731 ipsorum
3122 5658 3306 5729 p0tius
3327 5673 3439 5717 non

3012 5927 3079 5993 15
