3998 6508
584 385 690 443 δῦῦ

1608 382 1662 436 S.
1704 381 1981 438 CYRILLI
2020 379 2490 439 ALEXANDRINI
2529 379 2851 436 ARCHIEP.
3724 388 3807 439 460

586 498 861 557 damnatis
892 470 1209 554 levitatem?
1232 465 1398 566 Atqui
1421 494 1606 550 divina
1628 495 1919 567 Scriptura
1956 497 2045 563 iis,
2071 498 2165 567 qui

2278 495 2396 548 θεία
2439 494 2630 566 Γραφὴ
2668 493 3066 565 παραφωνήσει
3097 491 3158 546 τὸ
3199 490 3398 564 ἀληθὲς
3435 494 3547 555 τοῖς
3575 493 3647 563 μὴ
3680 494 3808 563 ὀρθο-

585 599 737 646 recte
759 589 971 661 ingredi
1006 586 1305 652 noluerint,
1329 601 1522 641 verum
1559 587 1981 657 pronuntiabit:
2024 608 2042 641 ι
2073 588 2163 643 ln-

588 684 848 756 sipientia
875 681 979 735 viri
1024 680 1193 735 violat
1228 679 1345 734 vias
1365 679 1506 751 ejus,
1532 679 1708 734 Deum
1743 688 1930 735 autem
1971 695 2162 736 causa-

588 786 679 831 tur
712 775 768 830 in
791 773 953 829 corde
980 788 1078 827 suo
1096 772 1163 827 ".
1194 790 1212 822 ›
1253 771 1298 826 Α
1320 786 1452 826 vera
1486 770 1658 842 igitur
1700 772 1975 827 sententia
2004 772 2165 828 aber-

587 873 798 929 rarunt,
826 864 921 935 qui
958 861 1152 918 Ortum
1178 868 1235 916 et
1273 861 1489 928 Fatum,
1512 872 1571 918 et
1607 862 1940 917 levissimam
1965 862 2164 917 Fortu-

585 970 712 1010 nam
735 953 941 1009 nostris
982 952 1152 1008 rebus
1181 952 1567 1024 prmiecerunt,
1606 968 1671 1007 ac
1702 968 1813 1007 non
1833 953 2016 1022 potius
2054 954 2165 1008 Deo

584 1061 770 1101 rerum
830 1045 1288 1117 gubernationem
1360 1043 1713 1099 tribuendam
1784 1054 2161 1115 putaverunt;

585 1137 840 1209 quamvis
912 1137 1062 1193 dicat
1106 1136 1399 1192 Christus:
1448 1157 1465 1187 ι
1498 1137 1691 1191 Nonne
1756 1136 1866 1190 duo
1917 1151 2167 1205 passeres

585 1242 707 1284 asse
732 1227 1017 1282 veneunt?
1040 1235 1097 1281 et
1117 1243 1261 1281 unus
1281 1243 1349 1282 ex
1372 1226 1507 1296 ipsis
1530 1243 1640 1281 non
1677 1226 1835 1281 cadet
1858 1242 2025 1297 super
2050 1234 2164 1280 ter-

585 1334 703 1374 ram
727 1319 844 1373 sine
871 1319 1031 1373 Patre
1056 1326 1263 1383 vestro,
1288 1318 1380 1388 qui
1404 1326 1490 1372 est
1524 1318 1580 1371 in
1613 1316 1806 1371 caelis?
1843 1316 2021 1371 Vestri
2063 1332 2163 1369 au-

586 1418 698 1464 tem
734 1409 918 1479 capilli
940 1408 1139 1481 capitis
1161 1423 1353 1463 omnes
1377 1408 1653 1462 numerati
1686 1415 1832 1461 sunt.
1862 1407 2041 1461 Nolite
2068 1406 2166 1477 igi-

588 1509 681 1555 tur
706 1500 901 1555 timere
931 1518 944 1553 :
973 1499 1165 1553 multis
1182 1498 1501 1570 passeribus
1521 1498 1778 1552 meliores
1800 1498 1933 1551 estis
1955 1498 2157 1552 vos".p

588 1590 848 1645 Providet
868 1590 1090 1660 quidem
1116 1590 1372 1644 omnibus
1394 1589 1715 1644 mortalibus
1752 1587 2047 1654 Conditor;
2068 1587 2165 1643 sed

592 1690 775 1734 tamen
800 1679 1095 1749 unicuique
1120 1678 1421 1749 permittit,
1446 1677 1592 1747 quod
1627 1677 1731 1731 sibi
1781 1676 2051 1742 videatur,
2083 1678 2163 1732 fa-

590 1786 738 1835 cere,
768 1779 822 1825 et
844 1786 1225 1841 quamcunque
1250 1769 1503 1833 voluerit,
1522 1770 1664 1823 viam
1691 1769 1900 1839 ingredi
1918 1770 1983 1825 “.
2007 1771 2164 1824 Post-

2269 585 2450 638 ποδεῖν
2495 585 2813 656 ᾑρημένοιςο
2848 603 2867 637 ι
2928 584 3233 656 ’Δφροσύνη
3282 583 3477 655 ἀνδρὸς
3529 583 3808 653 λυμανεῖται

2268 675 2365 737 τὰς
2395 674 2551 737 ὁδοὺς
2582 673 2767 727 αὐτοῦ·
2804 673 2894 728 τὸν
2938 673 2995 726 δὲ
3028 673 3161 726 Θεὸν
3201 673 3509 728 αἰτιάσεται
3543 677 3611 744 τῇ
3648 676 3812 746 καρδίᾳ

2269 762 2457 817 αὐτοῦ.
2498 782 2517 815 ι
2577 762 2837 835 Ἀληθοῦς
2868 758 2961 817 οῦν
2999 763 3107 834 ἄρα
3138 764 3551 835 διημαρτήκασι
3595 764 3737 835 δόξης
3772 770 3813 819 el

2268 854 2487 909 Γένεσίν
2520 873 2579 909 τε
2614 855 2709 908 καὶ
2747 856 3106 927 Εἱμαρμένην
3136 856 3231 909 καὶ
3271 855 3458 926 Τύχην
3497 855 3810 927 εὐδιαρμπι-

2268 963 2393 1000 στον
2436 950 2548 1011 τοῖς
2605 947 2725 1001 καθ’
2779 948 2926 1018 ἡμᾶς
2981 948 3408 1016 ἐπιστήσαντες⁹
3464 947 3560 999 καὶ
3603 946 3715 1016 οὐχὶ
3757 947 3812 1019 δὴ

2271 1038 2471 1108 μᾶλλον
2499 1037 2619 1108 Θεῷ
2666 1038 3063 1108 προσνέμοντες
3108 1037 3205 1108 τὴν
3235 1037 3344 1091 τῶν
3383 1038 3715 1108 πραγμάτοιν
3745 1040 3811 1091 οί-

2268 1124 2555 1195 κονομίαν⁸
2606 1124 2785 1178 καίτοι
2826 1124 3073 1193 λέγοντος
3100 1124 3196 1178 τοῦ
3234 1126 3493 1193 Χριστοῦ·
3530 1145 3549 1177 ι
3588 1126 3713 1196 Οὐχὶ
3737 1127 3811 1181 δύο

2270 1216 2528 1288 στρουθία
2565 1216 2829 1287 ἀσσαρίου
2867 1216 2989 1280 ἑνὸς
3028 1215 3321 1282 πωλεῖταις
3354 1218 3450 1270 καὶ
3486 1216 3547 1270 ἒν
3575 1217 3632 1283 ἐξ
3660 1218 3810 1271 αὐτῶν

2266 1308 2326 1360 ού
2351 1308 2598 1361 πεσεῖται
2632 1309 2725 1362 ἐπὶ
2751 1308 2848 1379 τὴν
2874 1309 3000 1381 γῆν,
3037 1308 3165 1362 ἄνευ
3201 1308 3293 1362 τοῦ
3328 1309 3545 1381 Πατρὸς
3573 1310 3715 1380 ὑμῶν
3733 1311 3811 1364 τοῦ

2266 1401 2325 1453 ὲν
2365 1401 2478 1463 τοῖς
2510 1400 2759 1471 οὐρανοῖς
2784 1442 2797 1454 .
2846 1401 3030 1472 ’Υμῶν
3060 1401 3116 1455 δὲ
3161 1403 3217 1455 αἱ
3248 1402 3432 1473 τρίχες
3460 1402 3564 1473 τῆς
3608 1404 3812 1476 κεφαλῆς

2265 1490 2641 1562 ἠριθμημέναι
2668 1490 2797 1547 είσί.
2832 1492 2925 1564 Μὴ
2960 1490 3054 1547 οῦν
3091 1493 3365 1564 φοϐεῖσθεο
3413 1493 3628 1547 πολλῶν
3651 1497 3811 1564 crine.

2268 1582 2398 1637 (lin
2432 1583 2726 1655 διαφέρετε
2769 1584 2948 1656 ὑμεῖς.
2995 1604 3015 1638 ι
3052 1586 3279 1656 Προνοεῖ
3318 1585 3418 1657 μὲν
3456 1586 3569 1657 γὰρ
3607 1586 3705 1639 τῶν
3736 1587 3815 1640 ἐπὶ

2264 1675 2364 1746 τῆς
2393 1674 2499 1746 γῆς
2542 1677 2571 1729 ό
2615 1676 2992 1749 Δημιουργὸς,
3035 1676 3253 1748 ἑκάστῳ
3282 1693 3346 1746 γε
3378 1677 3486 1748 μὴν
3534 1677 3710 1748 ἐφίησι
3737 1680 3813 1732 καὶ

2266 1768 2400 1838 δρᾷν
2437 1767 2499 1819 τὸ
2536 1767 2751 1831 δοκοῦν,
2786 1769 2881 1821 καὶ
2912 1768 2981 1839 ἢν
3030 1767 3095 1823 ἂν
3145 1768 3388 1839 βούλοιτο
3428 1769 3665 1840 βαδίζειν
3694 1770 3808 1825 όόόν.

586 1876 817 1931 eaquam
843 1876 975 1915 vero
1003 1873 1324 1929 perversum
1355 1866 1439 1913 est
1463 1858 1746 1912 hominum
1772 1872 1963 1927 genus,
1988 1857 2165 1927 legem

2279 1855 2496 1927 Ἐπειδὴ
2525 1856 2581 1909 δὲ
2622 1838 2949 1930 ἠρρώστησε
2981 1858 3078 1929 τὴν
3116 1838 3477 1931 παρατροπην
3507 1859 3573 1913 τὸ
3613 1859 3699 1913 ἐπὶ
3734 1860 3813 1931 τῆς

587 1952 732 2006 illico
774 1950 928 2005 dedit
967 1952 1021 2005 in
1047 1950 1405 2021 adjutorium,
1452 1959 1513 2005 ut
1563 1950 1831 2020 scriptum
1865 1957 1968 2003 est.
2009 1948 2164 2002 Peri-

585 2041 832 2096 culosum
864 2041 1031 2112 igitur
1047 2040 1432 2103 est‘omnibus,
1462 2041 1559 2111 qui
1586 2039 1790 2095 Christi
1818 2039 1978 2093 [idem
2012 2054 2166 2093 acce-

587 2132 789 2202 perint,
836 2148 901 2186 ae
949 2141 1189 2187 veterem
1261 2132 1414 2186 illum
1460 2147 1707 2186 errorem
1743 2131 2162 2201 dereliquerint,

584 2222 828 2277 anilibus
852 2222 1054 2277 fabulis
1078 2223 1277 2277 abduci
1303 2222 1372 2277 ad
1398 2238 1485 2287 ea,
1513 2238 1634 2292 qua:
1664 2238 1771 2276 non
1795 2231 2031 2291 oportet,
2057 2231 2111 2275 et
2135 2238 2164 2275 a

585 2332 713 2369 sana
746 2314 1017 2369 sententia
1038 2313 1379 2382 detorqueri,
1411 2322 1469 2367 ut
1502 2313 1864 2375 arbitrentur,
1894 2312 2000 2368 hoc
2024 2310 2163 2366 ‘uni-

584 2421 838 2471 versum,
882 2413 977 2458 aut
1001 2413 1147 2459 certe
1184 2404 1485 2470 hominem,
1524 2404 1764 2460 Fortuna
1790 2422 1851 2459 ac
1875 2404 2005 2459 Fato
2030 2405 2163 2475 regi,

586 2513 708 2567 quae
731 2511 958 2567 prorsus
981 2496 1129 2551 nulla
1153 2506 1300 2551 sunt.

656 2672 857 2728 PALL.
902 2672 1439 2728 Periculosissimum
1485 2688 1633 2727 sane.
1675 2672 1831 2736 Nam,
1886 2673 1979 2741 qui
2018 2672 2164 2743 ejus-

588 2763 736 2819 modi
775 2774 881 2829 est,
940 2763 1167 2819 omnino
1218 2764 1511 2819 adversum
1550 2780 1607 2818 se
1643 2763 1885 2835 judicent
1926 2778 2163 2819 commo-

585 2855 757 2912 vebit.

659 2946 816 3003 CYR.
843 2946 961 3003 Jam
988 2961 1118 3001 vero
1142 2962 1324 3001 nonne
1351 2947 1730 3017 turpissimum
1770 2961 1888 3001 esse
1916 2944 2084 3009 dices,
2112 2954 2167 3000 et

588 3038 858 3112 ejusmodi
882 3038 1040 3092 malis
1062 3037 1370 3108 proximum
1394 3055 1457 3093 ac
1480 3039 1719 3092 vicinum
1745 3037 1877 3091 illud
1911 3038 2164 3103 alterum,

590 3130 709 3185 dies
732 3129 989 3184 videlicet
1029 3129 1357 3194 observare,
1398 3136 1455 3184 et
1496 3129 1679 3193 horas,
1721 3136 1779 3183 et
1822 3137 2085 3199 tempora,
2112 3137 2167 3184 et

583 3237 779 3287 annos,
804 3236 869 3277 ac
889 3221 1099 3276 lunaris
1120 3220 1267 3293 globi
1312 3229 1427 3275 tum
1475 3222 1863 3287 accretionem,
1908 3230 2023 3276 tum
2060 3222 2158 3277 dc-

592 3324 628 3366 ;
651 3310 973 3365 ementum?

657 3395 856 3450 PALL.
881 3396 950 3450 Et
977 3395 1199 3465 quidem
1245 3397 1479 3453 maxime
1518 3417 1531 3452 :
1591 3415 1827 3470 namque
1866 3400 1954 3466 iis,
1994 3400 2088 3471 qui
2134 3417 2166 3457 e

587 3487 845 3557 gentibus
870 3486 938 3542 ad
980 3489 1211 3542 salutem
1238 3490 1481 3544 revocati
1510 3499 1688 3555 erant,
1727 3491 2074 3561 apertissime
2112 3492 2165 3546 id

590 3593 688 3648 pro
715 3578 947 3634 crimine
970 3579 1160 3650 objicit
1182 3581 1377 3636 beatus
1401 3581 1621 3647 Paulus,
1644 3598 1771 3637 cum
1794 3582 1927 3637 dicit
1959 3601 1971 3635 :
2011 3602 2028 3635 ι
2059 3583 2165 3638 Sed

589 3677 705 3722 tum
734 3668 957 3738 quidem
982 3684 1092 3724 non
1126 3679 1519 3741 cognoscentes
1539 3673 1732 3737 Deum,
1765 3674 2037 3729 serviistis
2076 3676 2164 3742 iis,

586 3760 679 3828 qui
708 3768 903 3813 natura
928 3775 1036 3815 non
1090 3770 1217 3816 sunt
1240 3762 1347 3829 dii;
1415 3780 1560 3819 nunc
1598 3780 1730 3819 vero
1772 3776 2167 3836 cognoscentes

587 3849 759 3902 Deum
782 3889 797 3912 ,
828 3849 937 3903 imo
963 3864 1092 3905 vero
1113 3854 1315 3922 cogniti
1338 3868 1368 3907 a
1401 3855 1533 3921 Deo,
1578 3857 1855 3927 quomodo
1892 3860 2166 3914 converti-

587 3938 721 3993 mini
742 3954 933 3993 rursus
966 3939 1032 3993 ad
1062 3940 1278 3995 infirma
1320 3952 1376 3997 et
1396 3960 1566 4015 egena
1616 3946 1924 4011 elementa,
1967 3949 2168 4018 quibus

586 4045 780 4085 rursus
820 4029 1003 4084 denuo
1043 4032 1251 4087 servire
1295 4034 1501 4088 vultis?
1547 4035 1674 4088 Dies
1726 4035 2065 4101 observatis,
2113 4045 2169 4092 et

587 4134 824 4183 menses,
850 4128 905 4174 et
929 4136 1125 4186 annos,
1151 4132 1207 4176 et
1231 4133 1474 4193 tempora
1498 4142 1512 4191 ;
1535 4126 1699 4181 timeo
1717 4143 1831 4194 vos,
1858 4144 1924 4183 ne
1947 4128 2086 4184 forte
2113 4130 2167 4183 in

584 4225 785 4265 vanum
818 4212 1183 4268 laboraverim
1212 4215 1266 4269 in
1294 4218 1470 4273 vobis.
1500 4219 1545 4250 "
1596 4240 1613 4270 ι

654 4302 815 4372 205
847 4302 1005 4358 CYR.
1047 4304 1319 4363 Horarum
1348 4310 1515 4381 igitur
1559 4328 1621 4365 ac
1665 4311 1879 4368 dierum
1910 4314 2169 4369 observa-

585 4392 681 4457 tio,
711 4408 927 4448 necnon
954 4402 1215 4465 praeterea
1250 4406 1579 4470 temporum,
1621 4402 1689 4456 ab
1724 4403 1792 4457 iis
1814 4445 1828 4469 ,
1859 4404 1953 4475 qui
1995 4422 2167 4459 unum

586 4491 638 4536 et
664 4491 853 4538 natura
906 4486 1075 4541 Deum
1106 4505 1215 4543 non
1260 4491 1530 4560 ignorant,
1574 4493 1685 4548 imo
1732 4511 1902 4561 vero,
1960 4498 2054 4567 qui
2098 4496 2167 4551 ab

588 4586 703 4640 Ipso
751 4589 848 4641 per
882 4574 1043 4629 ﬁdem
1084 4587 1213 4631 sunt
1270 4581 1493 4651 cogniti,
1537 4591 1591 4637 et
1615 4584 1681 4638 ad
1723 4587 2167 4656 conjunctionem

587 4659 773 4728 gratia:
793 4675 1022 4717 munere
1040 4666 1245 4730 vocati,
1288 4668 1465 4722 aliena
1511 4686 1738 4739 prorsus
1781 4681 1894 4739 est;
1922 4690 2047 4727 nam
2077 4690 2167 4730 re-

588 4760 826 4806 trorsum
862 4753 1003 4807 redit
1046 4757 1141 4826 qui
1177 4758 1282 4812 hoc
1319 4758 1500 4814 facere
1526 4762 1784 4827 voluerit,
1811 4775 1866 4819 et
1918 4765 2066 4819 illam
2110 4767 2167 4821 in

586 4841 803 4897 Christo
820 4842 1046 4913 gloriam
1068 4846 1645 4919 abjicit,animumque
1669 4867 1826 4906 suum
1856 4870 1963 4909 non
1986 4855 2169 4912 adhuc

585 4933 855 4991 libertatis
885 4946 1184 4993 amatorem
1209 4950 1409 5005 servat,
1443 4941 1539 4996 sed
1575 4944 1737 4999 stulte
1761 4947 1944 5015 potius
1969 4948 2173 5004 veteris

584 5026 791 5081 erroris
810 5028 1006 5098 jugum
1053 5028 1223 5095 subit,
1272 5046 1398 5085 cum
1428 5046 1555 5087 eum
1606 5034 1894 5102 honorem,
1944 5038 2037 5109 qui
2071 5040 2170 5094 Dei

585 5118 837 5185 proprius
862 5126 966 5184 est,
990 5119 1279 5176 elementis
1294 5121 1729 5192 mundidel‘erat;
1750 5136 1827 5205 et,
1842 5144 1963 5199 qua:
1986 5130 2054 5184 ad
2076 5148 2166 5185 or-

585 5216 722 5270 tum,
747 5207 1064 5265 Conditoris
1100 5220 1238 5266 nutu
1274 5222 1467 5271 vocata
1508 5226 1658 5284 sunt,
1697 5233 1761 5273 ea
1784 5222 2013 5275 summis
2048 5222 2167 5292 glo-

586 5297 682 5351 rize
707 5303 1046 5357 ornamentis
1069 5302 1309 5362 decoret.
1330 5307 1617 5364 Elementa
1644 5326 1811 5382 porro
1838 5314 2026 5367 mundi
2068 5330 2168 5384 ap-

586 5388 751 5456 pellat
805 5388 1100 5459 Apostolus
1146 5396 1267 5452 illas
1316 5399 1473 5468 quasi
1524 5403 1826 5471 particulas
1872 5404 2160 5469 universi,

588 5488 831 5551 tempora
874 5496 1069 5553 nempe
1094 5501 1156 5540 ac
1181 5504 1399 5544 menses
1434 5498 1490 5547 et
1534 5491 1731 5547 horum
1770 5494 2160 5560 dimensiones,

587 5584 705 5637 quae
726 5585 825 5639 per
853 5571 1017 5628 horas
1039 5590 1101 5629 ac
1126 5576 1243 5632 dies
1264 5578 1419 5633 ﬁunt.
1439 5581 1575 5637 Nam
1616 5583 1744 5653 quia
1785 5585 2162 5642 continuatum

2265 1945 2368 2016 γῆς
2405 1945 2590 2014 γένος,
2622 1946 2786 2017 νόμον
2821 1946 2982 2011 εὐθὺς
3013 1948 3093 2010 εις
3143 1946 3396 2020 βοήθειαν
3424 1948 3659 2013 δέδωκε,
3690 1950 3812 2003 κατά

2264 2035 2325 2090 τὸ
2352 2038 2758 2109 γεγραμμένον.
2786 2036 3060 2107 Σφαλερὸν
3085 2033 3179 2092 οὖν
3206 2038 3317 2110 ἄρα
3357 2040 3521 2093 παντί
3556 2056 3631 2110 τῳ
3659 2040 3814 2093 λοιπὸν

2264 2130 2364 2199 τὴν
2406 2131 2485 2193 είς
2524 2127 2761 2201 Χριστὸν
2795 2128 2978 2182 πίστιν
3010 2129 3425 2201 είσδεδεγμένῳ,
3484 2129 3579 2183 καί
3618 2130 3706 2203 την
3731 2133 3812 2203 ἀρε

2266 2220 2425 2291 χαίαν
2490 2220 2704 2287 ἐκείνην
2752 2220 3059 2275 διελάσαντι
3105 2222 3406 2292 πλάνησιν,
3453 2222 3514 2275 τὸ
3575 2222 3812 2295 γραώδεπι

2270 2310 2459 2382 μύθοις
2485 2311 2857 2383 ἀποφέρεσθαι
2892 2312 3025 2384 πρὸς
3069 2312 3106 2366 ἀ
3150 2313 3227 2384 μὴ
3257 2312 3373 2378 δεῖ,
3405 2312 3625 2384 καὶτῆς
3659 2314 3812 2382 ὑγιοῦς

2266 2404 2697 2475 ἀποκομίζεσθαι
2735 2404 2926 2477 δόξης,
2964 2404 3041 2470 ὡς
3082 2405 3200 2458 τόδε
3242 2406 3305 2458 τὸ
3337 2404 3587 2476 σύμπαν,
3611 2408 3813 2477 ἧτοιτδν

2268 2484 2575 2570 ἄνθρωπον,
2613 2499 2847 2569 ἡνιοχεῖν
2876 2496 3083 2551 οἴεσθαι
3118 2497 3302 2571 Τύχην
3327 2514 3387 2550 τε
3430 2499 3525 2551 καὶ
3558 2498 3812 2570 Εἱμαρμέ-

2270 2608 2387 2661 νην,
2427 2589 2524 2654 τάς
2552 2591 2653 2643 οὐκ
2685 2590 2851 2654 οὔσας
2875 2590 3032 2654 ὅλως.

2341 2683 2546 2737 ΠΑΑΛ.
2580 2680 3024 2753 Σφαλερώτατον.
3056 2682 3369 2753 Καταθήξει
3398 2681 3510 2754 γάρ
3537 2681 3604 2736 ἂν
3626 2681 3811 2736 ότοιοῦσ

2267 2792 2357 2839 τος
2389 2776 2563 2846 πάντη
2592 2792 2651 2828 τε
2683 2774 2776 2829 καὶ
2804 2776 3020 2839 πάντως
3050 2773 3137 2845 ἐφ’
3165 2774 3344 2846 ἑαυτῷ
3369 2775 3461 2829 τὸν
3495 2776 3705 2848 κριτήν.

2339 2949 2503 3003 ΚΥΡ.
2540 2949 2605 3003 Τί
2632 2948 2719 3017 δές
2746 2949 2807 3003 ού
2843 2950 3174 3023 πάναισχρον
3204 2946 3343 3006 εἶναι
3370 2952 3476 3024 φὴς
3498 2954 3596 3007 καὶ
3626 2953 3817 3025 manu.

2274 3055 2363 3111 ρον
2409 3040 2624 3109 άληθῶς
2670 3042 2780 3103 τοῖς
2823 3040 3050 3094 τοιοῖσδε
3083 3044 3273 3105 κακοῖς
3313 3041 3373 3095 τὸ
3402 3042 3621 3114 ἡμέρας
3648 3044 3813 3113 ἐπιτη-

2272 3131 2407 3200 ρεῖν,
2438 3130 2533 3182 καῖ⁵
2556 3128 2725 3199 ὥρας,
2751 3130 2846 3183 καὶ
2875 3130 3121 3202 καιροὺς,
3150 3132 3245 3185 καὶ
3280 3133 3583 3199 ἐνιαυτοὺς,
3616 3128 3752 3199 αῦξίν
3768 3151 3815 3186 τε

2270 3219 2360 3271 καὶ
2383 3217 2561 3288 φθίσιν
2590 3218 2683 3274 τοῦ
2709 3221 3027 3293 σεληνιακοῦ
3063 3222 3261 3277 κύκλου
3284 3240 3299 3290 ;

2340 3396 2550 3451 IIAAA.
2589 3398 2699 3451 Καὶ
2735 3398 2902 3469 μάλα.
2946 3399 3266 3471 Σαφέστατα
3304 3403 3414 3476 γάρ
3447 3407 3562 3471 τοῖς
3590 3406 3647 3472 ἐξ
3676 3406 3817 3460 ἐθνῶν

2267 3488 2739 3561 άνασεσωσμένοις
2770 3491 3023 3564 ἔγκλημα
3052 3497 3282 3550 ποιεῖται
3311 3497 3380 3549 τὸ
3426 3496 3639 3569 χρῆμα,
3673 3498 3817 3567 λέγων

2267 3580 2295 3632 ό
2345 3579 2643 3643 θεσπέσιος.
2660 3580 2892 3646 Παῦλος·
2945 3601 2965 3634 ι
3015 3583 3173 3638 Ἀλλά
3205 3586 3329 3639 τότε
3363 3588 3464 3658 μὲν
3510 3590 3612 3642 οὐκ
3650 3589 3818 3655 είδότες

2267 3667 2421 3733 Θεὸν,
2452 3668 2800 3724 ἐδουλεύσατε
2828 3675 2939 3736 τοῖς
2980 3674 3139 3743 φύσει
3172 3676 3251 3747 μὴ
3295 3672 3417 3731 οὖσι
3454 3676 3618 3741 θεοῖς’
3655 3679 3738 3731 νῦν
3772 3679 3818 3732 δὲ

2266 3759 2486 3829 γνόντες
2526 3761 2617 3816 τὸν
2648 3762 2802 3828 Θεὸν,
2849 3764 3047 3835 μᾶλλον
3080 3765 3137 3819 δὲ
3176 3768 3516 3837 γνωσθέντες
3558 3770 3659 3824 ὑπὸ
3684 3770 3817 3831 Θεοῦ.

2267 3852 2384 3917 πῶς
2418 3855 2772 3926 ἐπιστρέφετε
2815 3857 2976 3911 πάλιν
3005 3858 3099 3911 ἐπὶ
3137 3860 3207 3913 τὰ
3254 3861 3459 3932 ἀσθενῆ
3524 3864 3618 3916 καὶ
3656 3866 3821 3933 πτωχὰ

2270 3947 2537 4015 στοιχεῖα,
2571 3940 2653 4009 οἷς
2688 3946 2855 4001 πάλαι
2903 3948 3109 4002 ἀνωθεν
3144 3948 3413 4003 δουλεύειν
3454 3951 3662 4019 θέλετε;
3705 3954 3819 4023 ἠμέ-

2268 4048 2368 4101 ρας
2416 4034 2859 4104 παρατηρεῖσθε,
2892 4036 2985 4089 καὶ
3013 4037 3209 4107 μῆνας,
3262 4040 3356 4092 καὶ
3400 4041 3712 4108 ἐνιαυτοὺς,
3742 4042 3821 4095 καὶ

2267 4122 2509 4193 καιρούς’
2557 4124 2829 4197 φοϐοῦμαι
2881 4127 3051 4197 ὑμᾶς,
3091 4130 3167 4201 μή
3200 4148 3316 4195 πως
3370 4134 3494 4205 εἰκῆ
3546 4136 3821 4188 κεκοπίακα

2267 4214 2347 4276 είς
2377 4215 2540 4284 ὑμᾶς.
2572 4233 2592 4267 ι

2340 4306 2502 4361 ΚΥΡ.
2562 4308 2627 4360 Ἦ
2674 4307 2836 4381 ὡρῶν
2890 4309 2997 4382 ἄρα
3066 4312 3161 4364 καὶ
3211 4312 3437 4386 ἠμερῶν
3501 4316 3818 4389 έπιτήρησις,

2269 4398 2566 4469 προσθείην
2592 4400 2637 4453 δ’
2672 4399 2735 4454 ἂν
2765 4402 2847 4455 ὃτι
2877 4402 2971 4456 καὶ
2999 4404 3032 4474 ἡ
3072 4403 3302 4476 καιρῶν,
3338 4406 3681 4479 ἀνάρμοστος
3708 4426 3820 4463 παν·

2269 4486 2439 4551 τελῶς
2466 4491 2578 4553 τοῖς
2607 4489 2698 4543 τὸν
2720 4489 2818 4543 ’ἐνα
2853 4509 2910 4544 τε
2938 4494 3031 4545 καὶ
3059 4493 3216 4561 φύσει
3242 4494 3375 4550 Θεὸν
3402 4497 3508 4551 ούκ
3531 4499 3818 4569 ἠγνοηκόσι,

2273 4576 2474 4647 μᾶλλον
2506 4578 2562 4630 δὲ
2593 4579 2705 4643 τοῖς
2736 4579 2828 4633 ὑπ’
2854 4582 3021 4635 αὐτοῦ
3065 4583 3153 4637 διά
3190 4584 3431 4651 πίστεως
3460 4588 3817 4661 ἐγνωσμένοις,

2270 4668 2363 4721 καὶ⁵
2391 4670 2471 4732 είς
2508 4670 2815 4741 οἰκειότητα
2846 4672 3199 4745 κεκλημένοις
3226 4678 3325 4749 τὴν
3354 4678 3443 4733 διὰ
3476 4680 3573 4751 τῆς
3599 4682 3815 4753 χάριτος

2271 4759 2554 4813 ὑπονοστεῖ
2590 4761 2698 4833 γὰρ
2739 4761 2954 4827 άνόπιν,
2982 4764 3044 4817 rb
3082 4766 3141 4818 έν
3173 4767 3395 4839 Χριστῷ
3435 4772 3691 4842 καύχημα
3734 4788 3817 4843 μευ

2271 4850 2406 4917 θεὶς,
2436 4852 2464 4905 ό
2494 4851 2655 4906 τοῦτο
2698 4853 2833 4924 δρᾷν
2860 4856 3154 4925 ᾑρημένοςο
3202 4862 3295 4914 καὶ
3338 4861 3709 4936 φιλελεύθερον
3730 4865 3815 4935 μιν

2270 4943 2452 4997 ούκέτι
2494 4943 2585 4998 τὸν
2632 4947 2830 4999 οίκεῖον
2879 4936 3175 5002 διεσὶῢσατο
3230 4951 3388 5019 νοῦν,
3446 4954 3727 5025 φληνάφως
3771 4955 3818 5009 δὲ

2273 5035 2964 5127 μᾶλλονῌτὸντῆςιάρχαίας
2990 5039 3309 5113 πλανησεως
3339 5045 3625 5127 ύποτρέχει
3655 5046 3818 5115 ζυγὸν,

2268 5128 2381 5189 τοῖς
2406 5125 2501 5179 τοῦ
2536 5126 2743 5198 κόσμου
2790 5130 3074 5201 στοιχείοις
3106 5133 3270 5205 τιμὴν
3303 5125 3623 5209 ἀπονέμων,
3665 5140 3820 5206 ἤνπερ

2271 5219 2338 5272 ἂν
2366 5217 2474 5287 ἔχοι
2498 5217 2652 5283 Θεὸς,
2684 5221 2775 5272 καὶ
2810 5224 2931 5284 ταῖς
2961 5222 3221 5277 ἀνωτάτω
3264 5229 3545 5297 στεφανῶν
3568 5230 3820 5291 εύκλείαις

2268 5308 2336 5361 τά
2382 5307 2693 5379 κεκλημένα
2740 5312 2877 5383 πρὸς
2913 5313 3134 5379 γένεσιν
3172 5317 3284 5378 τοῖς
3336 5318 3433 5373 τοῦ
3482 5322 3818 5390 πεποιηκότος

2272 5401 2527 5472 νεύμασι.
2571 5402 2817 5474 Στοιχεῖα
2851 5403 2905 5457 δὲ
2948 5405 3156 5475 κόσμου
3202 5410 3336 5480 φησὶ
3379 5410 3447 5466 τά
3490 5413 3644 5467 οἱονεὶ
3674 5413 3823 5483 μόρια

2270 5491 2363 5545 τοῦ
2393 5492 2610 5561 παντὸς,
2642 5493 2870 5565 καιρούς
2906 5512 2966 5548 τε
3007 5498 3102 5550 καλ⁸
3136 5498 3314 5570 μῆνας
3335 5541 3350 5567 ,
3382 5504 3476 5556 καὶ
3512 5503 3599 5567 τὰς
3628 5502 3821 5555 τούτων

2271 5587 2691 5659 ἀναμετρήσεις,
2718 5588 2807 5643 διά
2831 5606 2888 5642 τε
2920 5589 3080 5662 ὡρῶν
3116 5592 3211 5646 καὶ
3238 5595 3460 5669 ἡμερῶν
3479 5593 3821 5665 ἀποτελουμέ-

654 5764 698 5794 ²¹
737 5763 897 5818 Prov.
922 5779 1032 5832 xu,
1074 5766 1126 5821 5.
1206 5770 1251 5801 ”
1271 5769 1463 5827 Matth.
1493 5791 1544 5841 ιι,
1583 5776 1672 5841 “.9,
1716 5779 1802 5833 3|.
1886 5782 1930 5813 "
1957 5782 2061 5839 lsa.
2112 5799 2161 5836 vi

2268 5784 2481 5853 passim.
2562 5787 2604 5818 ’⁸
2642 5786 2818 5840 Galat.
2850 5804 2919 5854 ιν,
2953 5789 3101 5844 9-H.
