4072 6508
246 420 332 480 [si

949 421 1037 476 DE
1076 416 1515 477 ADORATIONE
1554 418 1627 477 IN
1668 418 1941 477 SPIRITU
1980 421 2069 476 ET
2106 421 2473 479 VERITATE.
2517 422 2642 477 LIB.
2684 421 2771 477 Vl.

3382 423 3486 480 £62

247 552 350 597 νας.
387 530 589 605 Συνεχῆ
639 532 748 604 γάρ
787 532 916 587 ὄντα
968 533 1061 587 τὸν
1109 535 1327 606 χρόνον,
1384 534 1479 588 καὶ
1520 533 1803 605 ἀείρρυτον

1918 545 2024 589 erat
2047 541 2286 604 tempus,
2312 550 2375 590 ac
2400 543 2666 605 perpetuo
2703 533 2877 587 fluens
2905 532 2959 587 in
2984 533 3243 589 ulteriora
3271 533 3477 590 fereba—

246 628 421 696 ἔχοντα
449 626 548 697 τὴν
580 626 660 689 είς
694 624 755 678 τὸ
796 625 985 696 πρόσω
1022 627 1224 700 φορὰν,
1260 629 1380 691 ταῖς
1426 627 1533 681 τῶν
1578 628 1804 701 καιρῶν,

244 717 387 770 ὡρῶν
405 734 463 769 τε
490 717 586 770 καὶ
614 716 836 789 ἡμερῶν
863 718 1021 771 οἱονεί
1061 736 1178 782 πως
1205 719 1292 774 διὰ
1332 718 1495 791 μέσον
1529 738 1806 792 παρεγκο-

1911 635 2020 693 tur,
2049 643 2150 698 per
2174 637 2481 698 temporum
2505 636 2561 683 et
2585 629 2868 691 horarum,
2891 642 2954 681 ac
2972 626 3187 681 dierum
3211 628 3367 697 quasi
3404 626 3486 682 in-

1909 719 2278 790 terruptiones
2300 735 2363 774 ac
2389 720 2757 775 revolutiones
2780 719 2961 773 denuo
2986 718 3298 781 redeuntes,
3333 733 3485 773 men-

245 812 361 872 mi;
399 811 491 861 καὶ
520 809 925 879 ἀνακυκλήσεσι
950 808 1071 874 ταῖς
1096 813 1177 873 εἰς
1202 809 1359 875 αὖθις
1392 805 1458 867 αὖ
1497 812 1718 884 μέτροις
1746 828 1805 866 τε

1918 810 2054 864 suris
2107 826 2171 864 ac
2213 812 2460 865 numeris
2507 810 2740 880 subjecit
2783 809 2947 864 Deus.
2992 807 3141 879 Opus
3188 808 3334 864 enim
3352 824 3482 878 pro-

243 903 328 953 καὶ
348 900 601 971 ἀριθμοῖς
628 900 862 965 ὑπέταξε
893 901 1045 963 Θεός.
1077 903 1225 956 Ἔδει
1252 902 1380 974 γάρ,
1430 903 1537 957 ἔδει
1565 907 1679 969 τοῖς
1708 906 1806 958 οὐκ

242 993 467 1064 ἄναρχον
493 993 712 1063 ἔχουσιν
736 994 815 1053 εἰς
845 992 905 1049 τὸ
928 990 1068 1047 εἶναι
1107 994 1413 1065 διεκδολῆν,
1442 999 1538 1051 καὶ
1572 999 1696 1052 ὅσον
1720 1000 1809 1051 ού-

239 1084 375 1136 δέπω
407 1084 543 1155 πρὸς
573 1084 635 1137 τὸ
654 1083 753 1152 τῆς
788 1080 923 1147 ἰδίας
953 1082 1101 1154 ζωῆς
1130 1086 1478 1158 ἀφιξομένοις
1509 1089 1683 1154 τέλος,
1716 1092 1809 1145 καὶ

241 1175 423 1247 χρόνου
451 1174 547 1228 τοῦ
583 1175 789 1230 τοιοῦδε
831 1175 992 1248 τυχὸν
1011 1216 1027 1243 ,
1051 1177 1355 1247 ἀρχομένου
1385 1195 1466 1245 τε,
1495 1182 1639 1252 φημὶ
1662 1222 1675 1242 ,
1716 1184 1809 1236 κα)⁵

241 1267 509 1337 λήγοντος.
548 1269 641 1322 καὶ
672 1270 785 1332 τοῖς
820 1266 921 1321 οῦκ
951 1263 1104 1322 οὖσιν
1134 1271 1221 1323 ἀεὶ
1254 1271 1356 1343 τὴν
1380 1273 1589 1328 οἰκείαν
1619 1274 1809 1346 ὥσπερ

242 1358 699 1428 συγκαθιστάντος
742 1360 923 1429 φύσιν.
967 1359 1478 1434 Είσκεκομισμὲνου
1519 1368 1808 1438 τοιγαροῦν

236 1448 444 1511 οὖδενὸς
496 1447 687 1522 ἑτέρου
741 1448 854 1514 τοῖς
900 1452 996 1505 ἐπὶ
1042 1455 1144 1523 τῆς
1192 1453 1297 1524 γῆς
1328 1454 1416 1510 διά
1463 1474 1521 1511 τε
1577 1459 1805 1529 καιρῶν,

238 1536 391 1610 ὡρῶν
439 1557 495 1593 τε
530 1540 625 1593 καὶ
661 1540 919 1612 ἡμερῶν,
961 1541 1103 1612 πλὴν
1152 1544 1235 1597 ὅτι
1282 1547 1377 1599 καὶ
1420 1546 1589 1617 μόνης
1621 1553 1719 1621 τῆς
1750 1554 1809 1605 ὲν

238 1629 416 1702 κύκλῳ
466 1632 761 1703 διαδρομῆς
812 1634 907 1687 καὶ
950 1634 1378 1708 ἀναμετρῆσεως
1430 1639 1712 1710 ἀκριϐοῦς,
1754 1640 1808 1696 τί

239 1720 678 1792 μυθοπλαστοῦσί
710 1740 856 1787 τινες
888 1723 924 1778 ἃ
950 1726 1046 1779 καὶ
1075 1726 1285 1795 γελοῖον
1315 1728 1551 1795 ὲννοεῖν;
1589 1733 1684 1785 καὶ
1711 1732 1807 1797 τὰς

237 1814 331 1884 μὲν
366 1814 481 1868 τῶν
519 1814 678 1886 ὡρῶν
718 1816 1128 1888 ἀγαθοεργοὺς,
1163 1817 1263 1881 τὰς
1307 1817 1401 1885 δὲ,
1450 1823 1511 1875 οὐ
1554 1823 1808 1889 τοιαύτας

1908 898 2053 954 fecto
2075 896 2199 964 fuit,
2228 904 2309 963 ut,
2341 915 2573 970 quorum
2600 898 2850 954 essentia:
2877 915 2986 954 non
3013 898 3085 953 ita
3112 899 3401 964 exsistunt,
3423 907 3486 954 ut

1909 999 2133 1045 careant
2154 990 2335 1057 initio,
2375 1000 2429 1047 et
2452 1007 2573 1062 qum
2596 988 2912 1063 propediem
2936 991 3005 1046 ad
3029 992 3153 1046 vita:
3176 991 3338 1046 tinem
3362 1006 3485 1061 per-

1910 1084 2147 1134 ventura
2184 1088 2334 1145 sunt,
2361 1088 2424 1134 ut
2456 1094 2520 1134 ea
2547 1086 2763 1149 tempus
2795 1079 2961 1134 etiam
2999 1079 3269 1149 ejusmodi
3318 1080 3487 1134 babe-

1912 1180 2054 1235 rent,
2094 1171 2242 1240 quod
2298 1180 2355 1226 et
2392 1170 2660 1241 inciperet
2698 1170 2958 1224 nimirum
2990 1179 3046 1225 et
3082 1170 3376 1237 desineret,
3407 1182 3487 1227 at-

1908 1277 2019 1332 que
2040 1259 2108 1318 ad
2146 1278 2231 1328 ea,
2257 1279 2379 1334 quae
2418 1276 2529 1317 non
2577 1277 2795 1332 semper
2825 1272 2973 1328 sunt,
3008 1263 3297 1332 cogitatam
3343 1277 3484 1334 quo-

1909 1353 2202 1409 dammodo
2230 1354 2667 1410 accommodaret
2689 1353 3109 1409 naturam.'Cum
3127 1354 3313 1425 itaque
3335 1370 3485 1410 mor-

1912 1445 2115 1502 talibus
2139 1461 2239 1517 per
2260 1455 2527 1517 tempora,
2552 1454 2607 1501 et
2630 1445 2813 1509 horas,
2841 1462 2908 1501 ac
2930 1447 3046 1501 dies
3076 1448 3215 1503 nihil
3241 1448 3313 1502 sit
3338 1447 3486 1502 aliud

1910 1536 2212 1603 invectum,
2244 1538 2352 1594 nisi
2376 1539 2465 1593 illa
2490 1532 2551 1593 in
2581 1538 2771 1593 orbem
2802 1539 3108 1603 conversio,
3142 1547 3201 1596 et
3232 1549 3486 1596 accurata

1910 1627 2203 1696 dimensio,
2234 1630 2367 1701 quid
2392 1638 2497 1694 est,
2538 1630 2683 1701 quod
2712 1647 2776 1685 ea
2803 1631 3051 1687 nonnulli
3104 1631 3349 1688 fabulose
3382 1632 3484 1687 fin-

1910 1730 2065 1793 gunt,
2092 1738 2214 1793 quae
2235 1723 2307 1778 sit
2333 1724 2420 1778 vel
2439 1723 2679 1793 cogitare
2700 1722 3013 1787 ridiculum,
3030 1732 3085 1778 et
3107 1723 3243 1779 alias
3265 1724 3487 1794 quidem

1911 1813 2074 1869 horas
2096 1813 2368 1869 beneﬁeas
2383 1832 2502 1873 esse
2532 1815 2706 1885 aiunt,
2748 1815 2883 1875 alias
2907 1832 3085 1877 secus,
3126 1831 3327 1886 easque
3365 1816 3489 1872 dilio

237 1898 371 1959 εἷναί
409 1924 564 1973 φασι,
598 1908 693 1961 καὶ
726 1908 931 1979 ἀκριϐῆ
962 1909 1081 1963 λίαν
1111 1910 1388 1965 ποιοῦνται
1419 1910 1518 1983 τὴν
1552 1914 1811 1987 ἐπιτηρη-

1918 1906 2232 1975 gentissime
2272 1908 2589 1976 observant,
2616 1911 2832 1984 illisque
2857 1912 3129 1975 tribuunt,
3164 1919 3246 1974 ut,
3286 1908 3488 1979 quibus

238 2013 340 2061 σιν,
377 1996 573 2061 αὐταῖς
601 1997 967 2069 ἀπονέμοντες
998 1998 1061 2053 τὸ
1100 2000 1325 2069 ἐπάγειν
1349 2001 1607 2058 δύνασθαι
1649 2006 1711 2059 τό
1740 2021 1799 2059 τε

237 2085 531 2158 εὐημερεῖν
566 2087 660 2140 καὶ
687 2087 749 2140 τὺ
789 2088 1055 2153 ἐναντίον,
1085 2082 1169 2153 οἷς
1211 2090 1278 2144 ἂν
1312 2090 1517 2145 ἕλοιντο
1548 2094 1740 2163 τυχὸν,
1775 2096 1810 2165 ἢ

235 2171 317 2243 οἷς
372 2178 446 2234 ἂν
497 2178 667 2243 αύτάς
714 2180 929 2251 ἀνάγκη
982 2182 1341 2253 ωμὸαίνεινς
1382 2178 1507 2255 Ἆρ’
1552 2180 1647 2240 οὖν
1693 2188 1813 2258 οὐχὶ

235 2267 398 2339 λῆρός
428 2286 488 2322 τε
530 2270 637 2341 ῆδη
675 2271 834 2325 ταυτὶ
874 2272 968 2326 καὶ
1001 2272 1409 2344 Ϊφρενοὸλάόεια
1449 2275 1620 2347 δεινὴ,
1660 2278 1810 2349 πάγη

232 2360 288 2416 δέ
311 2378 399 2426 τις
430 2361 713 2433 διαϐολικῆ
746 2362 1199 2436 φιλοκακούργως
1226 2364 1637 2437 ἐσκευασμένης

301 2454 515 2507 ΠΑΛΛ.
547 2454 715 2525 Φημὶ,
748 2455 843 2509 καὶ
868 2453 1018 2509 ἔστιν
1050 2456 1301 2528 ἐναργές.

299 2543 474 2599 ΚΥΡ.
513 2545 723 2615 Ὠσπερ
764 2544 874 2615 γάρ
912 2542 1192 2615 ἐλέγομεν,
1236 2545 1318 2598 ὅτι
1366 2544 1602 2617 Μοίραις
1630 2564 1688 2600 τε
1721 2549 1815 2601 καὶ

233 2632 383 2708 Τύχη
435 2636 528 2687 καὶ
561 2634 862 2705 ἀλλοτρίοις
898 2635 1130 2706 νεύμασι
1163 2635 1233 2689 τά
1256 2634 1377 2690 καθ’
1406 2637 1633 2701 ἑαυτοὺς
1668 2638 1815 2709 ἡμᾶς

232 2725 501 2779 ἀνάπτειν
536 2725 855 2790 ἀνέπειθον¹,
890 2727 1093 2781 εἰκαῖον
1137 2728 1268 2797 ἡμῖν
1319 2727 1707 2797 ἀποφαίνοντες
1754 2730 1815 2783 τὸ

230 2816 532 2886 ἐπιμελὲς,
583 2819 678 2870 καὶ
730 2816 1001 2889 μερίμνης
1039 2816 1467 2889 άποκομίζοντες
1515 2818 1615 2889 τῆς
1674 2818 1814 2890 ὑπὲρ

231 2909 382 2976 σφῶν
424 2907 639 2962 αύτὼνο
671 2907 814 2963 οὕτω
845 2908 1073 2963 κάνθάδε
1119 2910 1218 2981 τὴν
1250 2910 1420 2981 αὐτὴν
1469 2912 1600 2983 ἡμῖν
1656 2909 1813 2982 ἐξαρ-

226 2999 456 3061 τύοντες
501 2998 789 3069 πλάνησιν,
832 2999 1083 3069 καθάπερ
1114 2997 1173 3063 ἐξ
1207 3000 1507 3067 ἀναγκαίου
1550 2999 1715 3069 ζυγοῦ
1746 3001 1815 3054 τὰ

228 3088 290 3155 ἐξ
320 3090 553 3162 ἡμερῶν
585 3092 680 3144 καὶ⁵
705 3090 863 3161 ὡρῶν
896 3089 1238 3162 ὲπηρτῆσθαί
1269 3109 1421 3161 φασι,
1450 3093 1564 3156 τοῖς
1595 3092 1687 3145 ἐπὶ
1713 3092 1811 3162 τῆς

228 3182 352 3254 τῆς,
386 3182 792 3252 δυσδιάφυκτον
835 3180 1026 3253 ἔχοντα
1054 3180 1154 3254 τὴν
1185 3182 1528 3254 διεκδρομηνσ
1563 3183 1656 3236 καὶ
1683 3182 1809 3252 τόγε

229 3273 545 3345 Δπαράδοξον
576 3272 596 3345 (
614 3274 972 3345 γραοπρεπὴς
1019 3272 1117 3345 μὲν
1158 3272 1264 3345 γὰρ
1293 3275 1321 3327 ό
1351 3272 1555 3327 τοιόσδε
1588 3272 1811 3344 μῦθος),

228 3360 413 3427 Mltos;
458 3362 521 3416 δὲ
555 3363 669 3425 τοῖς
706 3360 834 3433 περὶ
862 3358 1067 3414 τούτων
1099 3360 1396 3432 νηρίθμους
1422 3358 1659 3431 ὁρῶντες
1688 3360 1811 3411 ἐπο-

232 3458 403 3526 μένας
428 3455 535 3518 τὰς
556 3452 903 3518 ἀποτεύξεις,
934 3454 994 3506 οὐ
1024 3450 1339 3523 χαρίζονται
1371 3452 1447 3524 (l)
1474 3453 1539 3522 τῇ
1568 3450 1736 3522 πείρᾳ
1756 3450 1817 3505 τὸ

225 3548 538 3619 δελέγχειν
575 3545 835 3600 δύνασθαι
880 3544 973 3598 τὸν
1012 3532 1350 3614 φενακισμόν
1377 3560 1389 3572 ·
1421 3542 1735 3613 φαυλότητα
1761 3540 1818 3596 δὲ

228 3638 686 3710 καταγράφοντες
717 3634 875 3707 ὼρῶν
903 3652 963 3689 τε
996 3635 1091 3689 καὶ
1123 3634 1365 3706 ἡμερῶν,
1399 3634 1493 3687 καὶ
1525 3636 1644 3696 ταῖς
1664 3634 1744 3696 είς
1758 3632 1819 3686 τὸ

230 3733 384 3802 μεῖον
416 3730 501 3799 (2)
535 3726 863 3782 καταδύσεσι
895 3725 989 3780 τοῦ
1020 3725 1324 3797 σεληνιαίου
1351 3723 1556 3779 κύκλου
1598 3725 1696 3795 τὴν
1724 3724 1819 3777 αύ-

225 3822 325 3894 τὴν
357 3823 671 3889 ἐπάγοντες
698 3818 897 3889 ψῆφον,
928 3819 957 3872 ὅ
982 3817 1035 3872 τί
1066 3834 1198 3871 ποτε
1220 3816 1328 3889 ἀρα
1362 3818 1519 3887 φαῖεν
1544 3818 1629 3872 ἄν.
1660 3818 1725 3870 Ei
1753 3818 1817 3887 δὴ

227 3913 485 3985 βούλοιτό
517 3928 602 3974 τις
632 3910 690 3964 ὲν
722 3908 843 3982 ὥρᾳ
879 3909 979 3981 μιᾷ
1027 3909 1124 3964 καὶ⁹
1154 3911 1213 3962 ὲν
1244 3908 1429 3981 ἡμέρᾳ
1470 3907 1656 3979 τυχὸν,
1687 3910 1819 3972 τοὺς

230 4005 333 4075 μὲν
376 4006 551 4066 ὄντας
593 4003 650 4055 ὲν
698 4000 1043 4072 εὐημερίαις,
1094 4000 1218 4063 τοὺς
1264 3998 1321 4053 δὲ
1368 4002 1489 4063 ταῖς
1561 4000 1819 4070 ἐσχάταις

229 4095 537 4155 ἐναλόντας
590 4092 933 4162 συμφοραῖς,
982 4088 1415 4160 ἀπαριθμεῖσθαι
1473 4086 1568 4141 καὶ
1616 4088 1816 4157 λέγειν,

226 4186 411 4240 καίτοι
500 4184 563 4237 τὸ
631 4181 790 4252 φύσει
856 4178 1059 4251 φαῦλον
1129 4179 1291 4233 παντί
1363 4196 1440 4245 τῳ
1501 4179 1679 4248 γένοιτ
1753 4178 1819 4233 ἂν

226 4277 417 4329 ὁποῖον
470 4269 613 4328 εῖναι
658 4272 752 4325 καὶ
785 4272 1062 4340 πέφυκεν
1099 4270 1255 4340 εῐπερ
1284 4265 1378 4323 οὖν
1424 4271 1573 4322 ἐστιν
1613 4269 1731 4341 ὥρα
1759 4287 1818 4323 τε

224 4360 325 4420 καῖ
361 4364 489 4435 ⁴ιγὼς
518 4365 628 4427 τοῖς
650 4364 744 4416 ἐπὶ
775 4362 878 4431 γῆς
906 4361 1193 4431 ἐπιζήμια,
1222 4358 1274 4411 τί
1309 4358 1383 4429 μὴ
1410 4360 1489 4421 είς
1529 4359 1738 4422 πάντας
1762 4360 1820 4411 ὲν

228 4457 331 4529 ἴσῳ
359 4458 436 4511 τὰ
465 4455 528 4520 ἐξ
554 4454 737 4508 αὐτῶν
766 4453 1058 4522 διαστείχει
1086 4450 1255 4521 βλάϐη
1282 4464 1297 4478 ⁶
1322 4450 1438 4504 ἀλλ’
1462 4452 1512 4503 oi.
1547 4450 1650 4519 μέν
1684 4453 1820 4504 εἰσιν

1915 1997 2209 2063 voluerint,
2234 2008 2329 2055 aut
2361 2002 2562 2070 quibus
2589 2002 2733 2074 ipsas
2761 2004 3079 2075 contingere
3117 2016 3341 2057 necesse
3363 2001 3486 2058 fue-

1915 2088 2024 2151 rit,
2060 2089 2130 2142 iis
2167 2090 2486 2147 hominibus
2526 2103 2639 2148 tum
2684 2096 2899 2151 felicem
2940 2110 3253 2151 successum
3289 2094 3488 2149 afferre

1913 2180 2143 2250 possint,
2164 2188 2279 2235 tum
2304 2192 2495 2239 contra
2533 2183 2855 2242 infelicem?
2886 2185 3079 2242 Nonne
3105 2186 3221 2241 haec
3249 2186 3359 2257 jam
3394 2184 3489 2240 de-

1913 2271 2036 2326 liria
2065 2279 2213 2338 sunt,
2239 2290 2303 2328 ac
2333 2278 2566 2332 maxima
2590 2277 2884 2344 dementia,
2928 2287 2983 2334 et
3011 2278 3240 2349 laqueus
3264 2275 3488 2349 quidam

1914 2364 2220 2421 diabolicus
2244 2367 2439 2423 callide
2475 2371 2741 2439 paratus?

1986 2456 2181 2511 PALL.
2212 2457 2441 2525 Fateor;
2473 2469 2530 2515 et
2555 2470 2638 2516 est
2662 2458 2715 2516 id
2741 2478 2872 2517 sane
2892 2459 3137 2517 evidens.

1984 2545 2141 2602 CYR.
2172 2547 2241 2604 Ut
2270 2548 2417 2603 enim
2442 2551 2605 2619 paulo
2627 2558 2753 2607 ante
2778 2550 3116 2616 dicebamus,
3153 2549 3369 2606 suaderi
3396 2567 3493 2605 no-

1918 2635 2004 2689 bis
2025 2634 2093 2691 ab
2119 2636 2246 2702 illis,
2274 2647 2335 2694 ut
2376 2638 2523 2695 Fatis
2546 2655 2610 2696 ac
2634 2639 2893 2697 Fortuna:
2916 2642 3217 2712 alienisque
3246 2640 3493 2696 arbitriis

1920 2742 2009 2781 res
2031 2736 2250 2781 nostras
2280 2728 2654 2795 ascribamus;
2695 2745 2818 2786 cum
2856 2744 3049 2786 vanam
3095 2747 3216 2787 esse
3246 2740 3490 2787 nostram

1920 2819 2260 2890 diligentiam
2286 2822 2666 2891 pronuntient,
2691 2833 2746 2880 et
2770 2823 3045 2879 abducant
3068 2840 3099 2879 a
3123 2840 3253 2879 cura
3275 2840 3376 2895 pro
3396 2838 3495 2879 no-

1922 2909 2006 2965 bis
2031 2910 2164 2981 ipsis
2179 2908 2559 2982 suscipienda;
2584 2912 2663 2967 sic
2700 2912 2755 2967 in
2780 2913 2883 2968 hac
2909 2929 3129 2984 quoque
3151 2922 3305 2984 parte
3333 2929 3493 2968 eum-

1919 3002 2042 3057 dem
2064 3002 2223 3057 nobis
2251 3018 2493 3058 errorem
2520 3014 2832 3070 struentes,
2873 3006 3087 3061 dierum
3121 3015 3285 3077 atque
3329 3006 3494 3061 hora-

1921 3106 2042 3145 rum
2089 3106 2269 3156 casus,
2313 3091 2487 3156 aiunt,
2549 3091 2714 3163 206
2757 3101 3016 3163 tanquam
3067 3110 3134 3149 ex
3182 3096 3495 3149 necessario

1915 3180 2048 3249 jugo
2073 3179 2396 3235 mortalibus
2411 3180 2718 3246 imminere,
2742 3197 2879 3252 quos
2902 3179 3261 3238 decliuaresit
3282 3182 3495 3240 diﬂicil-

1918 3270 2109 3324 limum
2140 3286 2154 3322 :
2180 3276 2236 3324 et
2261 3269 2407 3340 quod
2438 3270 2639 3325 mirum
2668 3279 2753 3327 est
2796 3272 2981 3341 (anilis
3006 3273 3153 3329 enim
3176 3283 3259 3329 est
3302 3274 3494 3345 hujus-

1918 3359 2066 3413 modi
2114 3358 2321 3431 fabula)
2358 3377 2482 3415 cum
2523 3362 2795 3432 ejusmodi
2830 3380 3004 3435 nugas
3058 3361 3496 3421 innumerabiles

1917 3449 2302 3505 frustrationes
2347 3452 2595 3505 comitari
2614 3451 2857 3516 videant,
2901 3468 3010 3508 non
3056 3461 3235 3509 tamen
3279 3456 3498 3525 experi-

1920 3550 2107 3596 mento
2134 3542 2465 3607 concedunt,
2496 3554 2556 3599 ut
2582 3543 2690 3598 hoc
2713 3558 2905 3599 eorum
2941 3555 3312 3600 commentum
3337 3562 3496 3602 coar-

1918 3650 2087 3705 guere
2108 3636 2300 3704 possit,
2331 3635 2425 3690 sed
2449 3635 2609 3691 horas
2646 3651 2709 3690 ac
2730 3644 2974 3707 tempora
3012 3638 3367 3708 malignitatis
3400 3654 3495 3694 ac-

1919 3726 2182 3789 cusando,
2205 3725 2458 3796 idemque
2481 3726 2750 3797 judicium
2775 3726 2842 3782 de
2866 3726 3250 3793 decrementis,
3272 3744 3392 3800 qua:
3416 3730 3497 3783 1η-

1920 3831 2003 3870 me
2040 3814 2234 3886 globus
2259 3816 2437 3880 subit,
2486 3815 2734 3881 ferendo,
2789 3817 3009 3887 quidvis
3050 3819 3269 3875 tandem
3313 3820 3498 3875 dicere

1920 3913 2201 3976 poterunt.
2225 3905 2282 3960 Si
2315 3907 2438 3975 quis
2455 3905 2621 3977 igitur
2643 3908 2775 3964 velit
2802 3909 2858 3963 in
2875 3908 3065 3964 eadem
3097 3910 3251 3975 hora,
3271 3910 3495 3967 eodem‘

1921 4012 2028 4067 que
2054 3996 2142 4052 die
2155 3997 2389 4053 fortasse
2413 3998 2549 4052 alios
2572 4013 2838 4068 prospero
2858 4013 3115 4054 successu
3154 4001 3327 4067 laetos,
3363 4004 3500 4058 alios

1922 4088 2173 4142 maximis
2215 4087 2619 4143 calamitatibus
2655 4103 2952 4158 oppressos
2993 4104 3284 4147 numerare
3322 4108 3383 4147 ac
3410 4093 3496 4148 di-

1921 4194 2071 4242 cere,
2108 4179 2279 4249 atqui,
2330 4179 2475 4248 quod
2504 4188 2695 4249 suapte
2723 4188 2919 4234 natura
2935 4182 3230 4251 malignum
3256 4190 3360 4254 est,
3383 4183 3498 4238 cui-

1922 4264 2004 4321 vis
2029 4267 2133 4322 tale
2158 4267 2229 4321 sit
2253 4282 2477 4321 necesse
2502 4274 2612 4328 est,
2640 4265 2798 4336 quale
2825 4276 2885 4319 ut
2916 4276 3080 4331 esset,
3114 4267 3196 4321 illi
3229 4279 3313 4323 est
3334 4269 3497 4341 jnge-

1922 4360 2097 4415 nilum
2136 4376 2148 4412 :
2178 4359 2221 4413 si
2248 4359 2413 4429 igitur
2436 4366 2564 4413 sunt
2601 4358 2733 4411 hora
2761 4366 2923 4427 atque
2951 4373 3147 4413 aurora
3186 4361 3501 4418 hominibus

1923 4448 2104 4513 noxia,
2130 4465 2229 4502 cur
2261 4464 2369 4502 non
2402 4448 2469 4501 ad
2509 4462 2700 4503 omnes
2738 4448 3023 4518 aequaliter
3058 4464 3251 4505 eorum
3295 4452 3499 4507 incom-

226 4553 286 4603 ὲν
305 4552 429 4612 τοῖς
461 4547 607 4614 ἄγαν
626 4543 1052 4605 εύκταιοτάτοις,
1083 4544 1130 4596 οί
1157 4542 1214 4596 δὲ
1237 4541 1551 4594 διολώλασιν
1581 4541 1691 4594 ἐσθ’
1708 4543 1817 4604 ὅτε,

1925 4540 2084 4594 moda
2123 4538 2471 4609 perveniunt,
2520 4536 2613 4591 sed
2654 4537 2745 4593 alii
2786 4554 2968 4594 rerum
2996 4550 3123 4597 sunt
3152 4543 3501 4612 exoptatissio

227 4642 325 4693 καὶ
356 4638 463 4691 τοῦ
496 4636 635 4707 πρὸς
662 4635 816 4705 λῆξιν
845 4634 1013 4697 ίόντος
1044 4632 1265 4703 ἐμπλεω
1299 4631 1472 4687 κακοῦ
1496 4674 1509 4696 ,
1548 4632 1718 4703 μῦθος
1746 4632 1817 4703 τῷ

1930 4648 2141 4686 marum
2183 4638 2462 4700 compotes
2508 4630 2664 4695 facti,
2718 4631 2809 4686 alii
2837 4632 3034 4702 perditi
3080 4633 3395 4699 interdum,
3438 4651 3504 4691 ac

227 4732 333 4803 βίῳ
367 4729 667 4800 γεγόνασι,
699 4726 793 4780 καὶ
817 4726 1021 4795 σκηνῆς
1050 4724 1307 4788 ὑπόθεσις
1331 4726 1636 4797 τραγικῆς;
1685 4724 1825 4778 Ἀλλ’

226 4823 386 4877 ἔστιν
420 4820 555 4873 ἰδεῖν
590 4820 703 4880 τοῖς
729 4833 795 4885 γε
832 4815 1077 4887 ἀκρισῶς
1105 4815 1347 4868 ἐθέλουσι
1384 4815 1445 4868 τὸ
1474 4816 1555 4870 ὅτι
1593 4816 1826 4887 μάλιστα

225 4911 526 4974 λυσιτελὲς
555 4910 754 4964 εἰδέναι
779 4925 841 4961 τε
883 4908 976 4961 καὶ
1004 4908 1276 4968 ἐκπονεῖν,
1312 4906 1394 4960 ὅτι
1433 4906 1575 4961 κατὰ
1601 4907 1701 4978 τὴν
1729 4907 1826 4959 αὑ-

224 5006 330 5075 τὴν
360 5001 590 5076 ἡμέραν
606 5018 666 5054 τε
691 5000 787 5055 καὶ
816 5000 966 5071 ὥραν
996 4998 1179 5069 τυχὸν,
1212 5000 1239 5051 ό
1262 4997 1410 5051 δεῖνα
1446 4998 1545 5067 μὲν
1566 4996 1681 5068 ἥλω
1711 5015 1829 5067 μοι·

226 5098 395 5169 χείας
422 5096 458 5165 ἢ
490 5093 651 5162 φόνου
679 5092 775 5147 καὶ
802 5091 1008 5161 πικράς
1042 5092 1152 5153 τοῖς
1176 5088 1486 5153 δικάζουσιν
1518 5089 1827 5143 άποτιννύει

224 5190 329 5254 τὰς
361 5189 555 5252 δίκας,
585 5188 613 5240 ό
638 5185 786 5240 δεῖνα
808 5183 863 5238 δὲ
902 5179 969 5237 αὖ
1005 5180 1359 5254 σωφροσύνης
1385 5197 1446 5233 τε
1479 5180 1571 5234 καὶ
1604 5181 1826 5250 κοσμιό-

224 5296 405 5353 τητος
429 5282 531 5353 καὶ
558 5279 657 5350 τῆς
677 5280 815 5349 ὑπὲρ
828 5279 965 5347 ἄγαν
982 5274 1280 5338 ἐπιεικείας
1305 5273 1547 5337 ἐπαίνοις
1563 5274 1824 5346 ἐντρυφᾷ.

419 5351 551 5423 οὔτε
568 5369 659 5422 τὸν
679 5368 980 5422 ἀκόλαστον
1009 5363 1319 5435 ἀπείρξειεν
1336 5364 1406 5417 ἂν
1432 5363 1617 5433 ἡμέρα
1643 5377 1702 5415 τε
1735 5363 1830 5415 καὶ

225 5462 358 5535 ὥρα
370 5462 712 5533 σῳφρονεῐν,
740 5457 863 5512 οὔτε
888 5458 994 5527 μὴν
1009 5456 1101 5509 τὸν
1117 5454 1333 5523 ἐπιεικῆ
1351 5454 1445 5508 καὶ
1464 5453 1710 5523 κόσμιον,
1731 5468 1829 5505 κα-

174 5540 179 5543 ·
223 5551 536 5623 ταθήξειεν
576 5549 643 5603 ἂν
675 5549 757 5612 είς
794 5546 1069 5617 ἀκοσμίαν
1106 5544 1201 5599 καὶ
1236 5543 1583 5607 ἀκολάστους-
1601 5543 1829 5615 ἡδονάς·

188 5638 202 5705 ,⁵
223 5647 445 5718 γνώμη
480 5642 537 5696 δὲ
582 5639 786 5713 μᾶλλον
823 5640 857 5709 ἡ
894 5636 1155 5708 ἐλευθέρα
1186 5635 1322 5706 πρὸς
1356 5635 1464 5689 πᾶν
1501 5632 1702 5700 ὁτιοῦν,
1733 5632 1829 5686 καὶ

1925 4723 2155 4777 summis
2178 4723 2335 4777 malis
2373 4722 2659 4787 cumulati,
2696 4723 2751 4777 in
2786 4723 3027 4779 fabulam
3067 4724 3255 4795 vulgi,
3313 4733 3370 4781 et
3396 4734 3506 4780 tra-

1924 4811 2057 4880 gicae
2096 4825 2273 4865 secure
2308 4822 2690 4881 argumentum
2715 4812 3009 4868 abierunt?
3034 4812 3161 4879 Sed,
3187 4814 3504 4885 quicunque

1924 4901 2214 4971 diligenter
2238 4901 2383 4970 quod
2414 4902 2469 4956 in
2507 4902 2701 4971 primis
2720 4903 2961 4974 espedit,
2989 4903 3042 4957 id
3066 4912 3180 4957 tum
3215 4919 3376 4958 nosse
3403 4920 3502 4957 vo-

1924 4994 2065 5055 lunt,
2096 5002 2211 5047 tum
2233 5007 2364 5047 vero
2378 4993 2543 5047 etiam
2567 4993 2623 5048 in
2650 5007 2717 5049 eo
2739 4994 3041 5058 elaborare,
3067 4994 3133 5048 iis
3154 4994 3340 5049 videre
3377 4996 3508 5050 licet

1932 5083 2124 5139 eodem
2141 5082 2230 5138 die
2256 5093 2419 5155 atque
2443 5084 2576 5138 hora
2597 5084 2824 5140 fortasse
2848 5085 2996 5141 hunc
3019 5084 3242 5154 quidem
3268 5085 3335 5141 de
3353 5087 3508 5141 adul-

1934 5176 2076 5231 terio
2104 5184 2197 5230 aut
2220 5176 2366 5230 czede
2393 5176 2727 5239 convictum,
2771 5175 2997 5229 acerbas
3015 5173 3295 5245 iudicibus
3317 5191 3506 5247 pmnas

1925 5267 2229 5329 exsolvere,
2257 5268 2489 5323 alterum
2512 5281 2644 5322 vero
2667 5264 3038 5338 temperantiae
3065 5276 3230 5339 atque
3252 5266 3510 5324 honesta-

1927 5357 2001 5412 tis
2021 5372 2358 5429 summmque
2391 5357 2682 5429 probitatis
2714 5352 2971 5417 laudibus
3014 5354 3143 5411 frui.
3178 5356 3285 5414 Sed
3327 5374 3507 5431 neque

1930 5449 2388 5520 intemperantem
2433 5445 2731 5523 illumjdles
2762 5455 2859 5502 aut
2882 5446 3015 5509 liora
3039 5448 3324 5521 prohibuit
3374 5466 3509 5523 quo-

1935 5544 2119 5597 minus
2144 5547 2515 5612 temperanter
2553 5528 2797 5605 viveret;
2835 5554 3015 5611 neque
3045 5555 3239 5596 rursus
3273 5542 3508 5613 probum

1935 5641 1991 5690 et
2012 5632 2320 5690 modestum
2341 5632 2406 5693 ad
2432 5632 2813 5704 petulantiam,
2856 5640 2914 5687 et
2951 5630 3381 5703 intemperantes
3414 5647 3513 5688 vo-

374 5762 395 5827 )
437 5755 643 5827 Codex”
685 5753 873 5827 Sirleti
938 5751 1035 5827 ούχ
1067 5747 1404 5827 βρίζοντσι,
1482 5763 1587 5803 non
1640 5744 1933 5803 declarant.

330 5762 395 5827 Ι)
437 5762 625 5812 Codex
685 5762 873 5809 Sirleti
938 5762 1035 5820 οὑχ
1094 5762 1195 5820 apt;

304 5762 392 5901 Ei)
427 5827 564 5883 Cod.
602 5826 799 5891 Vatic.,
830 5826 907 5887 είς
930 5822 990 5875 τὸ
1014 5822 1195 5891 μέσον.

214 6000 247 6017 δ
