4072 6512
560 378 662 437 465

1584 377 1640 430 S.
1682 376 1959 431 CYRILLI
1998 378 2466 436 ALEXANDRINI
2507 379 2823 436 ARCHIEP.

3714 378 3818 432 464

560 490 799 559 luptates
823 487 1058 558 impulit,
1086 486 1177 541 sed
1201 485 1488 540 arbitrium
1524 486 1708 555 potius
1748 487 1815 541 ad
1856 489 2038 542 omnia
2078 489 2132 543 Ii-

2244 492 2503 563 ἀνειμένη
2532 492 2697 562 ῥοπὴ,
2728 490 2817 544 τὸν
2843 490 2941 561 μὲν
2966 489 3025 543 ὲν
3052 488 3302 556 ἐκείνοις,
3326 490 3417 544 τὸν
3448 490 3493 542 δ’
3522 488 3591 545 αὐ
3621 494 3680 545 έν
3706 493 3823 545 τού-

558 583 776 646 bcrum,
797 590 853 636 et
876 579 1137 635 remissus
1156 594 1218 633 ac
1245 579 1459 633 solutus
1493 578 1793 633 voluntatis
1829 590 2018 644 nutus,
2063 582 2139 634 al-

559 684 741 730 terum
774 671 997 742 quidem
1022 678 1083 724 ut
1123 670 1180 723 in
1202 668 1316 725 illis
1355 680 1691 737 versaretur,
1722 671 1956 726 alterum
1983 683 2044 728 ut
2084 672 2138 725 in

559 766 646 820 his
665 774 826 827 esset;
850 761 1051 821 effecit.
1083 760 1251 831 Igitur
1280 761 1336 815 in
1368 761 1528 817 nobis
1554 771 1658 825 est,
1707 777 1818 817 non
1845 762 1901 817 in
1926 770 2137 833 tempo-

562 871 684 910 rum
716 853 1059 908 naturalibus
1080 853 1439 921 qualitatibus
1478 851 1667 919 situm,
1714 854 1882 908 vitam
1926 862 1983 908 et
2013 870 2137 909 cum

558 944 742 1000 laetitia
773 942 1078 1004 traducere,
1107 949 1163 995 et
1185 958 1364 997 secus.

626 1034 823 1089 PALL.
895 1035 972 1088 Ita
1034 1031 1271 1086 videtur.
1321 1033 1539 1090 Etenim
1583 1049 1644 1090 es
1689 1042 1839 1090 recta
1891 1035 2138 1090 oratione

555 1141 710 1181 usus.

623 1217 781 1272 CYR.
808 1216 1189 1272 Extimescunt
1214 1226 1398 1272 autem
1426 1217 1484 1271 in
1518 1217 1711 1287 primis
1752 1218 2006 1288 quintum
2041 1232 2136 1272 oc-

554 1319 849 1380 tavumque
873 1311 1041 1375 diem,
1066 1322 1122 1367 et
1145 1320 1409 1367 excusant
1451 1312 1832 1367 excusationes
1865 1311 1919 1366 in
1942 1327 2136 1381 pecca-

552 1403 647 1467 tis,
676 1403 773 1458 sed
795 1418 960 1474 quam
984 1403 1196 1474 frigidis
1224 1413 1387 1474 atque
1432 1403 1673 1459 anilibus
1703 1404 2137 1458 ratiocinationi-

556 1495 660 1550 bus
696 1494 940 1559 ﬂuitent,
989 1496 1267 1551 hominem
1303 1495 1593 1566 prudentia
1633 1496 1923 1565 prmditum
1966 1496 2139 1550 latent

555 1587 833 1641 neminem
863 1604 874 1639 :
909 1602 1036 1641 nam
1078 1586 1345 1641 furiarum
1373 1587 1733 1656 quarumdam
1756 1586 2046 1656 originem,
2074 1601 2138 1640 ac

554 1679 973 1744 daamoniorum,
1014 1695 1136 1749 qua:
1174 1680 1297 1734 aliis
1336 1678 1658 1734 immaniora
1699 1678 1831 1741 sint,
1859 1685 2133 1741 exortum,

553 1786 743 1840 poenas
775 1770 938 1831 etiam
987 1786 1051 1825 ae
1092 1772 1312 1836 multas,
1336 1780 1392 1825 et
1438 1770 1700 1827 nonnulla
1738 1770 1841 1825 alia
1868 1778 2133 1839 prmterea

2240 600 2353 646 τοις
2399 582 2649 651 γενέσθαι
2684 579 3119 654 παρεσκεύασεν.
3169 581 3378 634 Οὐκοῦν
3421 582 3481 635 ὲν
3525 582 3678 653 ἡμῖν,
3726 582 3821 637 καὶ

2240 673 2340 726 οὐκ
2366 674 2425 726 ὲν
2453 675 2573 736 ταῖς
2594 673 2703 727 τῶν
2725 673 2930 744 καιρῶν
2954 671 3202 743 ποιότησι
3229 675 3509 742 φυσικαῖς,
3534 672 3653 727 τότε
3679 673 3825 728 διευ-

2242 765 2529 836 θυμεῖσθαι
2557 764 2694 831 ἔστι,
2724 764 2819 819 καὶ
2848 763 2908 817 τὸ
2942 761 3020 835 μὴ
3046 762 3219 829 οὕτως
3247 764 3389 835 ἕχον.

2311 1034 2521 1087 ΠΔΛΛ.
2556 1033 2790 1088 Ἔοικεν.
2823 1034 2999 1100 Εὐθὺς
3026 1032 3135 1107 γὰρ
3159 1035 3187 1089 ό
3213 1032 3393 1104 λόγος.

2308 1213 2475 1268 ΚΥΡ.
2520 1213 2821 1269 Ἑκδεδίασι
2847 1214 2905 1269 δὲ
2942 1216 3027 1271 δτι
3057 1216 3294 1289 μάλιστα
3338 1217 3439 1289 τήν
3468 1234 3528 1272 τε
3563 1216 3820 1288 πέμπτην

2241 1303 2333 1358 καὶ
2356 1304 2551 1375 ὀγδόην
2591 1305 2829 1378 ἡμέραν,
2871 1306 2967 1360 καὶ
3000 1308 3430 1380 προφασίζονται
3472 1308 3570 1381 μὲν
3600 1310 3817 1380 προφά-

2242 1409 2353 1456 σεις
2378 1392 2438 1445 ὲν
2472 1393 2789 1467 ἁμαρτίαις,
2818 1394 3076 1467 λελήθασι
3105 1396 3164 1451 δὲ
3203 1397 3313 1451 τῶν
3346 1398 3689 1471 ἀρτιφρόνων
3728 1399 3807 1451 οὐ·

2237 1483 2363 1536 δένα
2379 1482 2609 1554 ψυχροῖς
2638 1485 2734 1538 καὶ
2751 1484 3054 1557 γραώδεσιν
3088 1487 3473 1559 ὲπινηχόμενοι
3495 1488 3777 1558 λογισμοῖς
3802 1504 3833 1545 ’,

2238 1571 2498 1642 ὲριννύων
2520 1573 2629 1645 γάρ
2650 1590 2813 1629 τινων
2844 1575 3059 1645 γένεσιν
3086 1578 3182 1631 καὶ
3205 1578 3495 1649 δαιμονίων
3525 1578 3817 1643 ἀνάδειξιν,

2236 1661 2273 1714 δι
2306 1660 2395 1714 καὶ
2441 1661 2551 1714 τῶν
2597 1662 2773 1717 ἄλλων
2810 1665 2961 1719 ἐστὶν
2990 1666 3342 1738 ἀγριώτερα,
3392 1669 3582 1732 ποινάς
3622 1685 3683 1721 τε
3723 1669 3821 1722 καὶ

2237 1751 2413 1816 δίκας,
2444 1753 2538 1806 καί
2558 1769 2679 1807 τινα
2703 1756 2839 1826 πρὸς
2861 1756 3070 1820 τούτοις
3090 1756 3273 1828 ἕτερα,
3304 1757 3597 1829 φληνάφως
3624 1758 3820 1823 αὐταῖς

552 1862 836 1933 nugatorie
863 1862 949 1915 his
978 1861 1219 1916 intexere
1245 1860 1431 1915 miseri
1462 1876 1570 1914 non
1600 1860 1952 1915 erubescunt.
1980 1857 2132 1925 Quod

2237 1843 2622 1909 ὲπιπλέκοντες
2643 1884 2658 1910 ,
2697 1846 2796 1899 οὐκ
2826 1846 3151 1919 ἐρυθριῶσιν
3193 1851 3241 1901 oi
3275 1848 3524 1912 τάλανες.
3564 1849 3625 1901 Εί
3656 1849 3713 1902 δὲ
3750 1850 3820 1921 δὴ

552 1954 597 2016 si
644 1954 787 2007 lunae
829 1953 1023 2024 globus
1066 1961 1225 2006 antea
1290 1952 1485 2022 plenus
1535 1952 1647 2022 jam
1698 1951 1764 2007 ad
1811 1950 2130 2006 decremen-

551 2052 667 2098 tum
690 2054 877 2114 vergat
899 2044 1057 2114 207
1091 2042 1191 2113 (sic
1210 2043 1357 2098 enim
1381 2060 1479 2114 per
1504 2054 1912 2098 menstruorum
1934 2041 2135 2111 spatio-

551 2149 674 2187 rum
709 2134 901 2187 orbem
941 2131 1243 2187 reﬂectitur
1275 2147 1423 2186 nunc
1465 2130 1811 2194 decrescens,
1846 2143 1996 2182 nunc
2030 2141 2131 2180 au-

551 2241 798 2296 gescens,
835 2234 898 2279 ut
937 2224 1016 2278 illi
1045 2223 1364 2279 fabricatori
1411 2222 1588 2277 visum
1637 2220 1766 2291 est),
1809 2224 2030 2275 cessant
2064 2216 2133 2271 ab

550 2317 697 2371 omni
723 2332 909 2385 opere,
934 2314 1305 2384 profectiones
1326 2312 1491 2367 etiam
1518 2312 1572 2366 in
1597 2311 1767 2365 alium
1792 2308 1939 2364 diem
1970 2321 2131 2377 pror-

550 2423 646 2462 sus
666 2407 941 2477 rejiciunt,
982 2404 1127 2475 quod
1168 2420 1293 2459 cum
1318 2418 1385 2458 eo
1429 2402 1609 2457 sidere
1633 2401 1867 2456 deiicere
1918 2405 2135 2453 nostras

549 2494 718 2547 etiam
763 2509 851 2549 res
871 2492 1227 2556 arbitrentur,
1259 2501 1314 2546 et
1343 2506 1466 2546 cum
1497 2490 1631 2545 illud
1679 2490 1745 2545 ad
1788 2487 2131 2543 imminutio-

550 2603 676 2642 nem
707 2586 868 2650 redit,
888 2586 1127 2640 humana
1152 2600 1370 2655 quoque
1397 2583 1557 2638 simul
1590 2583 1872 2637 tabescere
1912 2588 2128 2652 putent.

550 2678 627 2732 Ac
684 2677 899 2747 siquid,
959 2676 1177 2730 illorum
1255 2674 1547 2729 stultitiam
1599 2672 1902 2737 irridendo,
1945 2673 2133 2729 dicere

551 2768 634 2823 fas
667 2777 771 2832 cst,
800 2768 851 2822 id
882 2774 1113 2837 pavent,
1154 2766 1301 2836 quod
1334 2764 1531 2820 ostreis
1564 2773 1621 2819 et
1659 2764 1907 2819 oleribus
1948 2764 2131 2819 infeli-

550 2860 787 2915 cissimis
814 2867 897 2915 est
932 2857 1453 2930 pertimescendum.
1519 2855 1842 2927 llujusmodi
1895 2872 2132 2926 namque

549 2966 781 3022 corpora
814 2950 1046 3005 fortasse
1075 2959 1170 3004 aut
1209 2950 1376 3003 etiam
1406 2948 1611 3018 majora
1638 2962 1859 3017 quoque
1898 2962 1961 3001 ac
1991 2962 2129 3016 pra:-

550 3044 815 3097 stantiora
843 3042 1085 3097 sinamus
1106 3050 1316 3095 natura:
1332 3039 1386 3093 vi
1409 3038 1653 3110 ejusdem
1672 3037 1978 3092 affectionis
2004 3052 2131 3091 sen-

550 3151 673 3190 sum
704 3134 1006 3206 percipere,
1037 3148 1102 3188 ea
1143 3132 1375 3196 ratione,
1410 3128 1604 3201 Opiﬁci
1634 3129 1851 3200 cognita
1876 3147 1888 3181 :
1916 3128 2127 3182 lubrica

548 3202 784 3295 namque
804 3202 889 3279 est
914 3222 970 3276 in
994 3220 1310 3292 hujusmodi
1337 3219 1504 3275 rebus
1546 3218 1851 3288 inquisitio,
1878 3225 2126 3289 praestat-
2155 3202 2197 3257 (ἶ

543 3334 656 3390 que
693 3316 910 3371 curiose
958 3328 1067 3368 non
1127 3311 1437 3381 inquirere;
1480 3319 1535 3363 at
1582 3319 1732 3364 certe
1770 3309 1838 3363 ab
1883 3309 2124 3363 humano

548 3411 731 3465 animo
753 3424 818 3463 ea
865 3421 955 3461 res
993 3404 1171 3459 aberit
1217 3419 1281 3457 ac
1320 3402 1480 3472 longe
1526 3409 1733 3456 remota
1788 3402 1917 3455 erit.
1964 3401 2122 3463 Nam,

546 3501 766 3555 etiamsi
805 3498 961 3554 sidus
982 3495 1116 3550 illud
1141 3494 1423 3549 decrescat
1450 3492 1611 3556 forte,
1640 3493 1723 3546 vir
1746 3500 1892 3545 certe
1915 3500 2122 3559 tempe-

549 3601 765 3655 rans,et
792 3590 1110 3645 moderatus
1166 3586 1525 3639 nihilominus
1568 3584 1711 3639 idem
1761 3582 2123 3653 permanebit,

547 3699 727 3753 neque
771 3682 919 3736 illius
966 3679 1185 3733 animus
1228 3693 1335 3731 una
1379 3692 1504 3731 cum
1531 3677 1651 3747 ejus
1676 3675 1876 3730 sideris
1916 3674 2127 3744 fulgore

547 3775 850 3835 minuetur,
876 3787 1054 3841 neque
1102 3770 1344 3839 ipsarum
1378 3782 1559 3822 rerum
1595 3776 1791 3821 natura
1830 3766 1881 3819 vi
1930 3764 2128 3819 sideris

546 3875 755 3930 coacta,
779 3865 847 3920 ad
870 3862 1173 3933 turpiorem
1217 3859 1570 3915 melioremve
1618 3866 1822 3911 statum
1858 3855 2127 3926 demigra-

547 3959 649 4013 bit.
677 3957 906 4026 Semper
934 3953 1083 4009 enim
1114 3952 1227 4006 fere
1251 3966 1367 4013 eos,
1394 3950 1489 4020 qui
1514 3950 1804 4021 prmclaras
1834 3964 1922 4003 res
1945 3963 2129 4017 gesse-

549 4056 714 4111 runt,
760 4043 1119 4113 consequitur
1161 4040 1407 4095 omnium
1456 4040 1722 4095 bonorum
1767 4038 2025 4108 adeptio,
2073 4045 2129 4091 et

546 4148 739 4196 contra
773 4137 1057 4199 malorum,
1078 4132 1345 4187 factorum
1366 4143 1619 4187 auctores
1638 4131 1861 4202 prmmia
1895 4130 2003 4185 illis
2042 4129 2125 4183 di-

545 4232 806 4304 gnissima
873 4226 1225 4281 comitantur.
1271 4223 1437 4278 Miror
1481 4233 1686 4288 autem,
1741 4239 1881 4287 cur,
1934 4222 2127 4277 decre-

545 4332 733 4381 scente
757 4320 979 4392 quidem
1013 4319 1163 4383 luna,
1191 4328 1247 4374 et
1272 4318 1338 4372 ad
1367 4316 1530 4371 finem
1553 4315 1757 4370 mensis
1778 4314 2126 4377 decurrente,

548 4416 744 4471 iisdem
784 4410 1123 4472 hominibus,
1174 4423 1298 4463 cum
1329 4408 1670 4461 leneratores
1697 4409 1827 4468 sint,
1862 4414 1917 4459 et
1956 4420 2127 4474 pecu-

545 4509 763 4562 niarum
791 4516 920 4558 sane
970 4500 1196 4569 cupidi,
1246 4508 1527 4553 accrescat
1583 4496 1779 4560 fenus,
1823 4504 2125 4566 contraque
2160 4542 2203 4597 υ

542 4607 797 4652 mutuum
830 4592 1163 4648 sumentium
1200 4604 1475 4644 crumenm
1496 4589 1735 4643 leviores
1771 4588 1934 4654 ﬁant;
1962 4598 2123 4642 crete-

542 4706 632 4745 ras
660 4702 820 4757 porro
851 4700 938 4738 res
961 4699 1066 4738 una
1092 4698 1217 4737 cum
1241 4680 1419 4735 sidere
1444 4679 1758 4733 necessario
1784 4678 2123 4741 decrescere,

540 4796 603 4835 ac
636 4776 798 4832 simul
822 4773 961 4829 allici
984 4770 1170 4826 nescio
1195 4784 1433 4839 quonam
1468 4767 1629 4822 modo
1670 4768 2001 4837 putaverint.
2044 4768 2122 4822 An

538 4874 657 4927 hmo
686 4885 794 4924 non
820 4867 963 4920 risus
989 4879 1053 4918 ac
1079 4861 1327 4917 stultitim
1352 4859 1514 4929 plena
1539 4874 1659 4914 esse
1698 4858 1933 4913 affirmas
1960 4859 1982 4911 ?

608 4958 806 5015 PALL.
836 4954 1068 5010 Maxime
1092 4966 1242 5007 vero.
1446 5020 1473 5033 θ’

605 5049 762 5105 CYR.
812 5044 919 5101 Sed
969 5040 1327 5123 Opinionibns
1368 5038 1507 5094 adeo
1549 5038 1731 5093 stultis
1764 5038 1901 5093 velle
1944 5038 2120 5108 longis

538 5137 1005 5211 disputationibus
1027 5149 1357 5205 repugnare,
1383 5147 1584 5186 vanum
1613 5140 1719 5196 est,
1743 5147 1861 5185 mea
1895 5131 2119 5201 quidem

536 5232 807 5289 sententia
831 5226 1150 5283 :suntenim
1172 5240 1271 5280 sua
1282 5231 1498 5301 sponte,
1523 5223 1687 5278 etiam
1710 5223 1862 5277 nullo
1878 5221 2116 5285 dicente,

540 5333 743 5394 turpes.
772 5322 1070 5389 Pergamus
1092 5333 1241 5373 nunc
1267 5315 1335 5371 ad
1369 5316 1503 5370 illud
1544 5314 1745 5385 potius.

608 5411 805 5486 PALL.
832 5407 1136 5475 Quodnam,
1166 5406 1336 5476 rogo?

607 5505 766 5561 CYR.
801 5497 1120 5557 Abominari
1163 5497 1297 5551 mihi
1345 5496 1575 5553 Satanas
1600 5495 1821 5551 videtur
1864 5505 1921 5550 et
1955 5498 2118 5567 quin-

538 5608 654 5657 tum
684 5607 740 5653 et
766 5605 1020 5652 octavum
1067 5590 1245 5653 diem,
1285 5598 1340 5644 et
1385 5588 1538 5644 illum
1578 5603 1646 5643 ex
1690 5589 1852 5658 pleno
1912 5589 2119 5643 lumine

538 5692 681 5745 lunae
716 5704 1027 5752 recessum,
1072 5689 1153 5742 vel
1192 5689 1594 5761 conjunctionis
1635 5698 1872 5758 tempus,
1916 5690 1969 5743 id
2009 5699 2114 5751 est.

611 5810 688 5880 (l)
719 5808 851 5862 Cod.
886 5807 1087 5869 Vatia,
1124 5806 1262 5860 ὁδοῦ.

2242 1934 2335 1988 καὶ
2365 1936 2781 2008 ὐπονοστήσειεν
2819 1939 2912 1991 ἐπὶ
2941 1939 3000 1993 τὸ
3048 1942 3197 2009 μεῖον
3244 1941 3272 1993 ό
3321 1942 3450 2012 πρὶν
3502 1942 3821 2012 πλησιφαὴς

2236 2028 2311 2081 ὢν
2335 2028 2435 2099 ἤδη
2464 2030 2561 2100 τῆς
2593 2031 2821 2102 σελήνης
2846 2031 3067 2097 κύκλος,
3087 2035 3421 2107 διατορνεύει
3454 2036 3562 2107 γὰρ
3585 2030 3687 2090 ὧδε
3707 2037 3822 2091 τῶν

2239 2124 2504 2194 μηνιαίων
2540 2123 2924 2194 διαστημάτων
2959 2124 3020 2177 τὸ
3056 2125 3423 2197 ἀνακύκλημα
3463 2126 3724 2196 φθίνουσά
3758 2143 3821 2180 τε

2236 2213 2330 2266 καὶ
2355 2211 2591 2277 αὔξουσα
2626 2214 2769 2266 κατά
2797 2229 2860 2282 γε
2890 2213 2952 2267 τὸ
2980 2216 3370 2287 τεχνησαμένῳ
3396 2216 3586 2270 δοκοῦν
3608 2236 3623 2251 ο
3646 2235 3820 2271 κατα-

2234 2305 2459 2376 λήγουσι
2491 2306 2590 2377 μὲν
2621 2305 2786 2377 ἔργου
2812 2307 3034 2370 παντὸς,
3067 2308 3446 2379 ὑπερτίθενται
3474 2309 3530 2363 δὲ
3557 2309 3649 2362 καὶ
3674 2310 3817 2363 ἀπο-

2233 2398 2437 2468 δημίας
2488 2399 2669 2465 πάντη
2721 2415 2781 2451 τε
2837 2398 2930 2451 καὶ
2979 2399 3194 2462 πάντως
3227 2399 3547 2470 συμφθίνειν
3581 2401 3819 2471 οίὸμενοι

2234 2488 2311 2560 τῷ
2361 2491 2613 2563 στοιχείῳ
2656 2489 2728 2543 τὰ
2758 2489 2881 2542 καθ’
2909 2490 3060 2560 ἡμᾶς
3084 2531 3098 2552 ,
3134 2488 3231 2543 καὶ
3271 2492 3393 2553 ταῖς
3423 2491 3505 2555 είς
3552 2490 3615 2544 τὸ
3661 2492 3819 2560 μεῖον

2235 2582 2605 2653 ὐποστροφαῖς
2639 2580 3067 2653 συνεκτήκεσθαι
3094 2580 3165 2635 τὰ
3206 2581 3544 2654 ἀνθρώπινα.
3590 2583 3732 2636 Ἀλλ’
3768 2588 3820 2638 εἰ

2233 2674 2337 2744 χρή
2370 2690 2422 2726 τι
2441 2674 2561 2735 ταῖς
2594 2672 2815 2727 ἐκείνων
2836 2672 3153 2737 ἀσυνεσίαις
3176 2673 3593 2745 ἐπιμειδιῶντας
3616 2678 3818 2740 εἰπεῖν,

2232 2763 2323 2816 τὸν
2351 2762 2621 2835 ὀστρείοις
2651 2762 2939 2832 πρέποντα
2973 2764 3067 2817 καὶ
3106 2766 3219 2828 τοῖς
3252 2764 3362 2817 τῶν
3407 2764 3653 2836 λαχάνων
3684 2767 3819 2821 ἀτυο

2232 2852 2513 2924 χεστάτοις
2561 2854 2891 2924 εἰσδέχονται
2933 2854 3118 2924 φόϐον.
3164 2855 3399 2927 Σώματα
3450 2856 3550 2927 μὲν
3595 2856 3704 2930 γάρ
3750 2860 3820 2912 τά

2230 2944 2409 2998 τοιάδε
2424 2943 2585 3016 τυχὸν
2605 2945 2773 3016 ἧγουν
2790 2944 2858 2999 τὰ
2877 2944 2958 2999 ἔτι
2986 2945 3155 3017 μείζω
3174 2963 3233 2999 τε
3258 2948 3352 3001 καὶ
3379 2948 3817 3019 προφερέστερα,

2232 3035 2489 3107 πασχέτω
2526 3035 2774 3106 φυσικῶς
2818 3036 2920 3109 τὴν
2957 3037 3332 3109 συναίσθησιν,
3368 3038 3490 3092 καθ’
3526 3038 3583 3091 δν
3612 3033 3756 3092 οἶδεν
3790 3046 3820 3093 'a

2233 3129 2575 3202 Δημιουργδς
2615 3128 2796 3198 λόγον’
2834 3128 3140 3201 ἐπισφαλὴς
3173 3128 3282 3198 γὰρ
3314 3130 3370 3183 ὲν
3395 3128 3604 3193 τούτοις
3631 3131 3663 3201 ἡ
3714 3131 3816 3201 βά-

2235 3236 2392 3285 σανος
2415 3260 2431 3286 ,
2466 3219 2561 3274 καὶ
2600 3220 2699 3273 οὐκ
2734 3220 2964 3294 ἀκερδὲς
3003 3221 3065 3275 τὸ
3112 3220 3426 3294 ἄπραγμον,
3473 3222 3710 3286 διανοίας
3755 3223 3813 3275 δὲ

2224 3311 2572 3384 ἀνθρωπίνης
2591 3312 2883 3385 ἀφεστήξει
2910 3314 3045 3368 πολὺ
3068 3314 3163 3368 καὶ
3190 3315 3411 3387 μακράν
3430 3332 3530 3369 που
3550 3314 3609 3369 τδ
3620 3314 3813 3385 χρῆμα

2226 3405 2490 3462 κείσεται.
2539 3407 2603 3461 Εἰ
2634 3406 2743 3479 γάρ
2775 3407 2869 3461 καὶ
2894 3407 3070 3476 φθίνει
3096 3408 3256 3478 τυχὸν
3288 3408 3350 3461 τὸ
3379 3411 3657 3480 στοιχεῖον,
3693 3410 3814 3463 ἀλλο

2227 3499 2254 3551 ὃ
2272 3514 2333 3565 γε
2362 3497 2593 3569 σώφρων
2613 3499 2708 3551 καὶ
2731 3497 2977 3569 ἐμμελὴς
2992 3498 3152 3552 οὐδὲν
3168 3495 3331 3571 ἦττον
3364 3498 3515 3553 ἔσται
3543 3497 3807 3564 τοιοῦτος,

2229 3590 2321 3643 καὶ
2344 3590 2443 3644 οὐκ
2459 3589 2525 3643 ἂν
2544 3591 2659 3654 ταῖς
2689 3591 2901 3644 ἐκείνου
2932 3590 3208 3661 συνιζήσει
3236 3590 3433 3660 αὐγαῖς
3454 3591 3547 3645 ἐπὶ
3573 3591 3634 3645 τὸ
3658 3594 3813 3662 μεῖον

2228 3684 2257 3734 ὁ
2285 3680 2429 3746 νοῦς,
2472 3680 2579 3735 οὐδ’
2608 3681 2674 3735 ἂν
2714 3681 3003 3751 μεταθεῖτο
3042 3683 3150 3735 τῶν
3197 3682 3539 3753 πραγμάτων
3570 3681 3604 3753 ἠ
3645 3680 3810 3751 φύσις

2232 3772 2327 3824 ἐπὶ
2352 3772 2413 3824 τὸ
2444 3772 2651 3843 αἴσχιόν
2688 3788 2749 3824 τε
2779 3772 2874 3825 καὶ¹
2904 3773 3129 3843 ἄμεινον
3155 3775 3276 3837 ταῖς
3302 3772 3395 3827 τοῦ
3422 3773 3691 3844 στοιχείου
3722 3771 3814 3825 δυο

2232 3864 2429 3934 νάμεσι
2466 3863 2985 3936 κατηναγκασμένη.
3056 3864 3166 3919 Ἀεὶ
3218 3865 3327 3937 γάρ
3362 3882 3477 3929 πως
3525 3882 3812 3939 συμπαρο-

2234 3958 2434 4028 μαρτεῖ
2457 3959 2571 4020 τοῖς
2612 3956 2709 4027 μὲν
2739 3956 2847 4010 τῶν
2874 3957 3111 4029 ἀρίστων
3142 3958 3494 4029 δημιουργοῖς
3521 3958 3582 4011 τὸ
3611 3959 3813 4029 χρῆναι

2235 4048 2561 4119 μεταλαχεῖν
2588 4048 2789 4111 παντὸς
2822 4048 3052 4118 ἀγαθοῦ,
3078 4052 3191 4113 τοῖς
3228 4067 3289 4118 γε
3319 4052 3426 4121 μὴν
3448 4049 3561 4102 τῶν
3588 4051 3813 4120 φαύλων

2232 4139 2529 4211 ἐργάταις,
2571 4140 2639 4197 τά
2688 4142 2871 4205 αὐτοῖς
2928 4142 3011 4195 ὅτι
3049 4141 3284 4213 μάλιστα
3338 4142 3805 4213 πρεπωδέστατα.

2231 4231 2509 4303 Θαυμάζω
2538 4231 2596 4287 δὲ
2632 4234 2714 4287 ὅτι
2744 4233 3039 4305 φθινούσης
3072 4233 3302 4305 σελήνης
3328 4273 3342 4297 ,
3382 4235 3477 4287 καὶ
3519 4236 3599 4299 είς
3630 4236 3811 4289 τὸτοῦ

2235 4321 2409 4393 μηνὸς
2431 4321 2762 4395 διερπούσης
2789 4323 2962 4388 τέλος,
2997 4325 3264 4394 χρήσταις
3301 4325 3400 4395 μὲν
3448 4319 3602 4378 οῦσιν
3626 4326 3815 4388 αὐτοῖς

2234 4416 2328 4467 καὶ
2363 4414 2504 4483 ἄγαν
2546 4414 3015 4486 ὲρασιχρημάτοις
3056 4414 3379 4481 αὐξάνουσιν
3407 4416 3454 4469 οί
3490 4416 3679 4481 τόκοι,
3715 4418 3816 4469 καὶ

2234 4506 2500 4578 ἀδρότερα
2540 4506 2650 4559 τῶν
2695 4506 3079 4561 δεδανεικότων
3119 4509 3463 4563 ἀποτελεῖται
3510 4509 3582 4562 τά
3612 4509 3814 4580 βαλάνο-

2236 4616 2357 4664 τια,
2399 4599 2931 4671 συγκατισχνοῦσθαι
2956 4597 3013 4654 δὲ
3038 4602 3113 4672 τῷ
3141 4604 3390 4673 στοιχείῳ
3412 4603 3507 4656 καὶ
3534 4605 3814 4675 συναῤῥω·

2237 4691 2381 4741 στεῖν
2416 4689 2731 4757 ἀναγκαίως
2754 4688 2824 4742 τὰ
2850 4690 3016 4759 ἕτερα
3044 4691 3151 4745 τῶν
3182 4692 3547 4763 πραγμάτων,
3576 4694 3675 4747 οὐκ
3708 4689 3813 4745 οἷδ’

2232 4783 2379 4843 ὅπως
2406 4779 2792 4850 ὑπειλήφασιν.
2821 4782 2890 4833 Ἢ
2924 4782 3025 4834 οὐκ
3064 4777 3203 4835 εἶναι
3239 4784 3347 4853 φὴς
3381 4783 3716 4853 γελοιότητός
3742 4801 3813 4837 τε

2232 4872 2325 4925 καὶ
2356 4871 2647 4934 ἀσυνεσίας
2687 4871 2907 4942 ἐμπλεω
2934 4873 3091 4925 ταυτί
3116 4890 3130 4938 ;

2299 4963 2506 5015 ﬂAAA.
2545 4963 2694 5015 Πάνυ
2723 4963 2822 5034 μὲν
2855 4959 2967 5019 οὖν.

2299 5053 2463 5107 ΚΥΡ.
2488 5054 2561 5107 Τὸ
2594 5054 2693 5124 μὲν
2722 5058 2834 5119 τοῖς
2862 5056 3036 5119 οὕτως
3060 5057 3351 5129 φληνάφως
3372 5059 3813 5132 ὐπειλημμένοις

2229 5148 2473 5218 μακροὺς
2491 5148 2810 5216 ἀντεξάγειν
2836 5147 3049 5218 λόγους,
3084 5153 3292 5203 εἰκαῖον
3318 5145 3475 5221 οίμαί
3495 5169 3616 5206 που.
3636 5152 3820 5206 Noae?

2226 5238 2333 5311 γάρ
2370 5238 2432 5304 ἐξ
2477 5239 2707 5307 ἑαυτῶν,
2758 5239 2859 5294 κάν
2887 5241 2936 5292 εἰ
2977 5250 3052 5312 μη
3088 5259 3175 5305 τις
3217 5242 3399 5312 λέγοι,
3441 5244 3505 5299 τὸ
3550 5243 3813 5308 ἀκαλλὲς.

2232 5333 2429 5401 Ἴωμεν
2452 5332 2509 5385 δὲ
2539 5332 2738 5402 μᾶλλον
2766 5333 2851 5385 ἐπ’
2878 5334 3056 5387 έκεῖνο
3074 5334 3211 5389 νυνί.

2300 5417 2508 5470 ΠΔΛΛ.
2544 5416 2617 5469 Τὸ
2647 5419 2797 5471 ποῖον
2818 5435 2833 5483 ;

2296 5508 2461 5564 ΚΥΡ.
2501 5510 3030 5580 Καταμυσάττεσθαί
3061 5528 3153 5582 μοι
3174 5512 3322 5567 δοκεῖ
3342 5513 3441 5584 τήν
3464 5530 3522 5568 τε
3546 5511 3821 5583 πέμπτην

2228 5600 2323 5653 καὶ
2358 5598 2550 5671 ὀγδόην
2584 5601 2797 5673 ἡμέραν
2822 5604 2851 5656 ό
2876 5603 3124 5669 Σατανᾶς
3142 5644 3155 5668 ,
3182 5605 3277 5661 καὶ
3299 5605 3400 5677 τὴν
3436 5606 3535 5678 τῆς
3574 5604 3820 5673 σελήνης

2228 5692 2288 5742 ἐκ
2318 5688 2660 5761 πλησιφαοῦς
2690 5691 2881 5748 ἀνὸπιν
2908 5692 3045 5763 ὁδὸν,
3074 5695 3192 5766 ἦτοι
3226 5695 3325 5766 τῆς
3356 5696 3571 5751 συνόδου
3599 5695 3668 5767 (ι)
3701 5694 3820 5748 τὸν
