3998 6494
194 420 292 479 163

887 418 976 474 DE
1016 420 1453 479 ADORATIONE
1493 423 1559 478 IN
1596 422 1864 480 SPIRI'I'U
1905 420 1994 478 ET
2034 421 2402 478 \‘ERITA’I‘E.
2438 420 2564 473 LIB.
2606 418 2691 471 VI.

3313 416 3423 473 ίσῦ

194 536 394 607 καιρὸν,
421 533 689 598 τουτέστι,
720 533 819 605 τὴν
837 540 1459 611 τεσσαρεσκαιδεκάτην,
1484 540 1549 594 δι’
1569 541 1749 595 αίτίαν

1883 540 2129 596 lecimum
2151 548 2406 609 quartum
2423 535 2592 599 diem,
2618 535 2689 589 ob
2716 550 2835 589 eam
2874 549 3093 587 causam
3131 550 3143 587 :
3169 533 3418 604 quamvis

192 626 454 694 τοιαύτην,
481 623 586 678 κᾶν
612 626 663 677 εί
689 628 1061 696 παμποίκιλος
1084 630 1162 685 ὢν
1198 632 1293 685 καὶ
1321 633 1516 704 δριμὺς
1543 633 1624 696 είς
1651 650 1748 686 κα-

194 716 473 787 κουργίαν,
509 715 708 787 ἐτέρας
747 718 931 782 αὐτοῖς
974 720 1262 775 ἐπιπλέκει
1310 723 1410 786 τὰς
1454 723 1746 794 ἀφορμάς·

191 808 311 869 τοὺς
345 806 452 875 γάρ
479 822 563 859 τοι
594 807 819 878 καιροὺς
851 810 971 879 ἦτοι
996 810 1094 875 τὰς
1125 812 1362 884 ἡμέρας,
1388 815 1447 866 ἐν
1476 809 1564 877 αἷς
1587 815 1751 868 αὐτὸν

192 898 285 966 τῆς
329 896 452 950 καθ’
482 898 640 968 ἡμῶν
676 900 988 970 τυραννίδος
1018 902 1343 957 ἀπολισθεῖν
1381 904 1747 976 συμϐέϐηκεν,

192 987 591 1057 ἐπιλάμψαντος
632 990 767 1059 ἡμῖν
808 989 903 1043 τοῦ
956 992 1296 1060 Μονογενοῦς
1346 996 1404 1048 ἐν
1438 993 1753 1066 ἀνθρωπεία

194 1080 365 1147 μορφῇ
392 1079 488 1131 καὶ
526 1080 585 1132 ἐν
624 1081 758 1134 εἴδει
787 1082 865 1151 τῷ
905 1082 1028 1135 καθ’
1053 1084 1199 1154 ἡμᾶς
1219 1123 1235 1147 ,
1264 1086 1407 1155 τάχα
1430 1104 1534 1140 που
1571 1086 1664 1140 καὶ
1694 1087 1754 1139 ἐν

191 1169 367 1237 ψιλαῖς
394 1170 624 1235 ἐννοίαις
655 1171 797 1224 ἑλεῖν
832 1173 931 1226 οὐκ
969 1174 1244 1244 ἀνέχεται.

260 1262 463 1315 ΠΔΛΔ.
496 1263 620 1327 Πῶς
640 1263 705 1335 δὴ
728 1266 866 1336 φής;

260 1353 417 1407 ΚΥΡ.
450 1354 526 1408 Οὐ
546 1354 677 1425 γὰρ,
705 1350 752 1409 ὧ
775 1356 1059 1444 Παλλάδιε,
1088 1361 1336 1432 πέμπτος
1385 1360 1516 1431 ἡμῖν
1549 1361 1754 1430 ἀπαρι-

193 1444 402 1515 θμεῖται
425 1445 637 1514 καιρὸς,
661 1449 690 1499 ὁ
710 1447 809 1517 τῆς
834 1449 929 1502 τοῦ
960 1452 1214 1522 Σωτῆρος
1248 1450 1404 1521 ἡμῶν
1430 1450 1755 1521 ἐπιδημίαςς

260 1535 466 1590 ΠΑΛΛ.
509 1537 738 1608 Συνίημι
781 1538 810 1592 δ
855 1542 994 1612 φὴς,
1036 1542 1142 1596 ἀπό
1166 1560 1231 1610 γε
1275 1542 1376 1611 τῆς
1400 1542 1759 1611 εύαγγελικῆς

192 1626 523 1697 παραϐολῆς.
590 1628 995 1701 Ἐξεληλυθέναι
1040 1633 1151 1703 γὰρ
1197 1632 1303 1703 ἔφη
1350 1632 1616 1703 Χριστὸς,
1666 1633 1759 1686 τὸν

168 1718 300 1778 τοῖς
329 1716 589 1799 ἐργάταις
621 1720 702 1782 είς
732 1720 822 1773 τὸν
852 1722 1150 1792 ἀμπελῶνα
1197 1723 1576 1794 μισθούμενον,
1631 1723 1760 1793 περὶ

191 1804 340 1875 ὥραν
361 1806 607 1881 πρώτην,
640 1809 833 1881 τρίτην
865 1828 927 1865 τε
959 1814 1053 1868 καὶ
1078 1814 1264 1885 ἐκτην,
1298 1816 1394 1869 καὶ
1418 1814 1641 1885 ἐννάτην
1666 1815 1761 1868 και¹

1852 639 1912 687 ut
1936 640 2021 686 est
2042 631 2227 685 varius
2249 638 2307 684 et
2329 643 2456 683 acer
2485 626 2553 681 ad
2592 626 2847 681 astutiam
2867 664 2883 688 ,
2916 623 3052 678 alias
3088 624 3195 678 illis
3228 637 3421 678 causas

1853 731 2035 778 nectat
2063 741 2074 775 :
2105 737 2231 776 nam
2262 729 2508 789 tempora
2551 723 2645 770 aut
2668 717 2806 780 dies,
2846 716 3048 784 quibus
3073 715 3250 784 ipsum
3274 730 3305 768 c
3336 722 3420 783 ty-

1853 814 2104 878 rannide,
2128 827 2234 882 qua
2259 810 2418 864 nobis
2440 808 2844 870 dominabatur,
2867 806 3148 861 deturbari
3171 792 3423 873 contigit,

1853 920 1977 960 cum
2004 905 2095 959 ille
2125 902 2447 973 Unigenitus
2474 900 2529 953 in
2554 900 2790 953 humana
2814 898 2989 952 forma
3012 906 3067 952 et
3097 897 3277 967 specie
3319 911 3420 949 no-

1854 996 1957 1052 stri
1986 996 2154 1052 simili
2182 995 2342 1049 nobis
2360 992 2675 1054 affulsisset,
2699 990 2929 1044 fortasse
2957 1004 3024 1043 ne
3049 988 3279 1058 simplici
3300 986 3423 1055 qui-

1854 1089 1979 1145 dem
2019 1087 2345 1159 cogitatione
2368 1083 2654 1153 complecti
2675 1082 2929 1137 sustinet.

1926 1268 2091 1339 208
2111 1266 2306 1323 PALL.
2336 1262 2620 1330 Quomodo
2659 1259 2803 1315 istud
2843 1257 3078 1313 asseris?

1927 1360 2087 1413 CYR.
2115 1357 2330 1419 Nonne,
2352 1352 2579 1415 Palladi,
2605 1350 2797 1420 quinto
2820 1348 2940 1403 loco
2962 1363 2992 1401 a
3028 1346 3188 1400 nobis
3216 1354 3429 1414 tempus

1860 1450 1992 1506 illud
2020 1454 2362 1509 numeratur,
2387 1459 2496 1514 quo
2520 1441 2766 1497 Salvator
2797 1446 2983 1494 noster
3012 1436 3276 1491 advenit?

1932 1539 2128 1595 PALL.
2160 1536 2409 1606 Intelligo
2438 1550 2504 1589 ex
2532 1534 2624 1588 illa
2648 1528 2925 1600 Evangelii
2944 1526 3221 1597 parabola.
3242 1525 3435 1580 Exisse

1860 1634 2005 1689 enim
2028 1631 2106 1685 ait
2135 1628 2408 1690 Christus,
2459 1639 2609 1688 eum,
2657 1622 2751 1693 qui
2798 1619 3079 1690 operarios
3103 1616 3171 1671 ad
3216 1615 3430 1670 vineam

1861 1720 2204 1778 conducebat
2235 1720 2382 1774 circa
2407 1718 2600 1772 horam
2624 1714 2880 1786 primam,
2920 1709 3161 1771 tertiam,
3200 1714 3429 1768 sextam,

1826 1824 1837 1829 “
1861 1827 2061 1868 nonam
2088 1820 2145 1866 et
2169 1809 2533 1873 undecimam,
2553 1806 2607 1861 id
2623 1815 2728 1870 est,
2749 1812 2995 1859 extremo
3017 1808 3281 1868 tempore,
3306 1810 3432 1851 cum

195 1898 506 1970 ἑνδεκάτην,
533 1901 843 1969 τουτέστιν,
872 1904 931 1956 ἐν
955 1904 1032 1974 τῷ
1070 1906 1366 1977 τελευταίῳ
1395 1905 1572 1978 καιρῷ
1590 1946 1602 1970 ,
1636 1904 1755 1959 καθ’

1887 1918 1981 1973 pse
2000 1902 2257 1973 apparuit
2285 1909 2342 1955 et
2363 1899 2568 1955 aﬁ‘ulsit
2586 1897 2766 1953 nobis.

194 1990 251 2043 δν
277 1991 524 2063 ἐπεφάνη
551 2009 613 2045 τε
645 1995 741 2047 καὶ⁵
772 1993 1090 2066 ἐπέλαμψεν
1114 1998 1267 2069 ἡμῖν.

265 2084 429 2139 ΚΥΡ.
481 2086 892 2157 Νουνεχέστατά
923 2106 987 2156 γε
1023 2090 1117 2143 καὶ
1152 2090 1273 2143 λίαν
1302 2089 1478 2160 ὀρθῶς
1510 2088 1756 2162 εἴρηκας.

196 2180 259 2232 Τί
288 2178 374 2245 δέ;
415 2179 538 2250 ούχὶ
562 2182 629 2251 τῇ
668 2180 890 2253 πέμπτῃ
921 2183 1016 2236 τοῦ
1057 2183 1338 2237 Σαϐϐάτου
1365 2182 1760 2255 παραδεδόσθαι

198 2271 377 2339 φαμὲν
415 2270 603 2335 αὐτὸν,
644 2271 738 2324 καὶ
778 2273 862 2335 εἰς
894 2273 1071 2343 ἀρχὰς
1110 2274 1303 2344 ὥσπερ
1327 2275 1482 2344 ἥκειν
1506 2275 1602 2343 τῆς
1634 2272 1761 2342 ὅλης

188 2361 530 2433 οἰκονομίας,
558 2362 627 2416 δι’
652 2356 722 2435 ἧς
747 2364 798 2416 οί
826 2364 1026 2429 πάντες
1052 2364 1482 2435 ἀνασεσώσμεθα
1499 2405 1512 2429 ,
1541 2366 1634 2419 τὸν
1658 2383 1762 2419 σω-

196 2454 378 2523 τήριον
408 2453 551 2525 ὑπὲρ
585 2455 618 2524 ἡ
629 2453 745 2524 μῶν
778 2455 1103 2519 ἀνατλάντος
1134 2456 1367 2527 σταυρὸν
1390 2454 1486 2509 τοῦ
1524 2456 1591 2508 δι’
1615 2458 1763 2527 ἡμᾶς

195 2543 681 2615 ἐνηνθρωπηκότος
702 2561 718 2611 ;

265 2635 478 2691 IIAAA.
508 2635 618 2688 Kal.
644 2634 810 2706 μάλα.

265 2724 433 2777 ΚΥΡ.
469 2724 805 2796 Κατήργηκε
833 2725 890 2778 δὲ
922 2726 1012 2780 τὸν
1046 2724 1296 2790 θάνατον,
1320 2728 1415 2780 καί⁵
1443 2726 1641 2781 ἀνεϐίω
1666 2726 1766 2779 πά-

199 2815 299 2879 λιν,
332 2814 647 2879 σκυλεύσας
670 2815 764 2870 τὸν
786 2814 939 2887 ᾅδην,
972 2818 1074 2870 οὐκ
1096 2819 1153 2870 ἐν
1177 2817 1360 2891 ὀγδόῃ,
1399 2819 1667 2884 τουτέστι,
1698 2821 1766 2890 τῇ

204 2906 301 2977 μιᾷ
316 2905 433 2959 τῶν
457 2904 750 2959 Σαϐϐἀτων
763 2945 779 2971 ,

269 2998 481 3051 ΠΔΛΛ.
504 2998 626 3051 Οὐκ
648 2998 975 3068 ἀμφίϐολον.

270 3086 440 3141 ΚΥΡ.
474 3087 586 3140 Καὶ
612 3085 743 3155 γοῦν
764 3088 794 3139 ὁ
822 3086 988 3142 πάλαι
1017 3087 1182 3158 νόμος
1211 3089 1311 3159 τὴν
1334 3088 1393 3142 ἐν
1421 3089 1586 3161 σαρκὶ
1614 3106 1770 3162 περι-

1935 2068 2093 2137 (ΖΥΒᾏ
2130 2079 2567 2136 Prudentissime
2595 2075 2818 2147 quidem
2845 2089 2910 2130 ac
2957 2072 3265 2129 rectissime
3291 2069 3435 2125 dixi-

1865 2174 1956 2229 sti.
1980 2172 2121 2239 Quid
2136 2171 2340 2241 porro?
2353 2183 2536 2225 nonne
2554 2168 2747 2239 quinta
2766 2162 2989 2221 Sabbati
3012 2162 3271 2217 traditum
3318 2174 3437 2215 esse

1868 2266 2020 2320 illum
2060 2264 2325 2327 dicimus,
2350 2278 2415 2318 ac
2443 2261 2595 2317 velut
2628 2258 2699 2314 ad
2738 2256 2894 2313 initia
2918 2254 3236 2329 pervenisse
3270 2253 3439 2308 totius

1867 2355 2309 2427 dispensationis,
2335 2367 2436 2425 per
2472 2367 2636 2424 quam
2679 2349 2937 2407 omnibus
2974 2347 3134 2405 nobis
3166 2354 3250 2401 est
3286 2353 3439 2415 parta

1868 2451 2035 2513 salus,
2062 2463 2186 2503 cum
2207 2456 2434 2517 propter
2455 2459 2560 2500 nos
2579 2444 2743 2498 homo
2758 2440 2955 2505 factus,
2975 2452 3197 2494 crucem
3222 2451 3320 2506 pro
3340 2451 3439 2490 no-

1871 2541 1956 2595 bis
1979 2540 2275 2594 salutarem
2300 2534 2564 2608 pertulit?

1941 2630 2141 2685 PALL.
2170 2628 2402 2684 Maxime
2431 2639 2588 2681 vero.

1939 2723 2097 2779 (ΝΒ.
2128 2723 2356 2776 Mortem
2384 2732 2548 2790 porro
2578 2729 2762 2773 nonne
2803 2708 3096 2773 destruxit,
3130 2716 3314 2777 atque,
3357 2705 3442 2759 in-

1872 2814 2006 2869 feris
2038 2810 2377 2883 exspoliatis,
2409 2808 2611 2864 revixit
2636 2806 2838 2862 iterum
2872 2810 3069 2859 octavo
3100 2797 3214 2865 die,
3252 2794 3311 2852 id
3335 2800 3444 2858 est,

1876 2922 1981 2961 una
2012 2904 2382 2961 Sabbatorum
2401 2901 2427 2954 ?

1946 2995 2145 3052 PALL.
2170 2994 2393 3050 Minime
2416 2991 2472 3047 id
2493 2987 2715 3061 quidem
2736 2984 3091 3056 ambiguum.‘

1944 3086 2103 3142 CYR.
2126 3084 2436 3152 Quinetiam
2476 3079 2702 3149 antiqua
2738 3078 2829 3132 lex
2865 3072 3339 3131 circumcisionem
3378 3071 3447 3126 il—

201 3175 396 3279 τομὴν,
428 3173 779 3228 ύποτῦπωσίν
820 3193 945 3229 τινα
976 3175 1079 3245 τῆς
1105 3178 1164 3229 ἐν
1207 3177 1483 3248 πνεύματι
1513 3177 1610 3231 καὶ
1637 3161 1770 3249 ἀλη-

1883 3178 1985 3233 Iam
2032 3178 2089 3231 in
2123 3190 2307 3240 carne,
2345 3187 2469 3243 quae
2512 3169 2718 3240 efﬁgies
2753 3166 3001 3238 quaedam
3043 3171 3189 3219 esset
3206 3162 3351 3218 illius
3392 3161 3449 3216 in

1947 3267 1959 3278 ο
2000 3266 2032 3279 α.
2136 3272 2148 3279 .
2296 3264 2329 3279 ι.
2376 3270 2417 3279 ,κ
2480 3256 2907 3279 Αεμ---..ΑΑ2-ΞΑ-2-
2962 3252 3219 3279 -οαιιΑΑΑ“ξ.
3260 3257 3449 3279 Ληοιιυη

202 3266 344 3337 θείᾳ,
376 3266 637 3319 διετύπου
668 3265 1008 3337 πράττεσθαι
1050 3265 1194 3319 κατὰ
1222 3266 1322 3337 τὴν
1352 3268 1567 3338 ὀγδόην.
1610 3267 1776 3338 Περι-

202 3358 342 3428 τομὴ
370 3357 434 3411 δέ
460 3374 522 3427 γε
564 3357 666 3429 τῆς
714 3357 949 3428 ἀρχαίας
1005 3358 1284 3429 ἐκείνηςή
1334 3359 1776 3432 προφερεστέρα,

204 3449 520 3518 τουτέστιν,
560 3450 595 3520 ἡ
638 3451 696 3500 ἐν
725 3449 1023 3519 πνεύματι,
1077 3449 1395 3520 Πνεύματός
1430 3451 1582 3505 ἐστιν
1621 3450 1779 3518 ἁγίου

210 3539 447 3609 μέθεξις,
475 3540 568 3593 καὶ
599 3539 760 3612 χάρις
795 3542 829 3612 ἡ
858 3541 916 3593 ἐν
957 3541 1172 3612 ἀρχαῖς,
1214 3540 1305 3612 ἢν,
1332 3541 1562 3613 ἐπείπερ
1598 3542 1665 3595 ἐκ
1691 3559 1780 3595 νε-

208 3634 352 3703 κρῶν
397 3632 621 3695 ἀνεϐίω,
671 3631 836 3687 πάλιν
883 3633 1230 3687 ἀνεκαίνισεν
1280 3634 1415 3703 ἡμῖν
1457 3636 1486 3687 ό
1513 3634 1779 3705 Χριστὸς,

208 3724 380 3794 λέγων
404 3741 419 3756 ο
456 3743 475 3776 ι
512 3724 723 3779 Λάϐετε
746 3724 973 3795 Πνεῦμα
1000 3724 1177 3795 ἀγιον.
1220 3745 1239 3778 ι
1279 3726 1422 3798 Ἔφη
1456 3726 1516 3780 δέ
1556 3744 1657 3780 που
1687 3728 1782 3781 καὶ

207 3818 236 3869 δ
274 3817 545 3888 μακάριος
595 3817 839 3880 Παῦλος,
870 3816 953 3870 ὅτι
1003 3836 1023 3869 ι
1085 3817 1160 3871 Τὸ
1191 3817 1384 3888 Πάσχα
1410 3817 1586 3889 ςήμῶν
1618 3816 1781 3889 ἐτύθη

211 3907 465 3976 Χριστός.
508 3926 527 3959 ι
569 3906 781 3979 Ἡμέρα
803 3924 868 3976 γε
899 3907 1006 3978 μὴν
1036 3908 1136 3978 τῆς
1162 3908 1431 3979 σωτηρίου
1460 3907 1663 3978 ταύτης
1688 3907 1785 3961 καὶ

215 3999 549 4053 πολυεύκτου
604 3997 841 4069 σφαγῆς,
876 4000 911 4068 ἡ
951 3999 1092 4053 κατά
1130 3998 1359 4069 σελήνην
1394 4015 1783 4070 τεσσαρεσκαι-

210 4089 431 4158 δεκάτη.
467 4088 623 4143 Οὖτω
654 4090 747 4143 καὶ
772 4090 802 4142 ό
832 4088 996 4159 νόμος
1032 4090 1307 4160 προανεκή
1318 4105 1507 4160 ρυττεν
1541 4088 1785 4161 ἐναργῶς

211 4178 307 4249 τῆς
332 4178 432 4232 τοῦ
458 4179 709 4250 Σωτῆρος
738 4178 895 4250 ἡμῶν
935 4180 1151 4250 σφαγῆς
1178 4180 1270 4233 τὸν
1303 4179 1514 4251 καιρὸν,
1544 4179 1616 4250 ῆν
1642 4179 1785 4251 ὑπὲρ

210 4272 307 4342 τῆς
330 4270 432 4327 τοῦ
460 4272 665 4342 κόσμου
698 4270 846 4337 ζωῆς
878 4270 1363 4342 ὑπομεμενηκέναι
1397 4270 1578 4340 φαμὲν
1598 4270 1782 4325 αὐτόν’

218 4380 238 4414 ι
271 4363 350 4433 Τῇ
391 4362 500 4433 γὰρ
526 4360 748 4431 δεκάτῃ,
779 4360 935 4431 φησὶ,
976 4359 1072 4414 τοῦ
1097 4358 1267 4430 μηνὸς
1294 4359 1389 4413 τοῦ
1415 4361 1657 4430 πρώτου,
1688 4360 1786 4415 λα-

214 4450 459 4505 ϐέτωσαν
476 4451 687 4513 ἑαυτοῖς
712 4450 985 4521 πρόϐατον
1005 4450 1128 4502 κατ’
1155 4448 1361 4511 οἴκους,
1387 4450 1507 4501 κατ’
1529 4448 1785 4520 ἀριθμὸν,

1879 3266 2077 3337 spiritu
2098 3272 2156 3321 ει
2195 3264 2428 3319 veritate
2470 3256 2931 3322 circumcisionis,
2962 3252 3224 3325 praecepit
3258 3257 3453 3306 octavo

1879 3357 1969 3413 die
1996 3357 2136 3412 ﬁeri.
2158 3353 2523 3411 Circumcisio
2548 3358 2734 3406 autem
2754 3346 2933 3405 veteri
2970 3346 3064 3402 illa
3084 3341 3450 3415 praestantior,

1879 3450 2016 3513 haec,
2048 3448 2293 3517 inquam,
2328 3445 2387 3498 in
2410 3441 2632 3513 spiritu,
2658 3438 2835 3496 sancti
2856 3436 3096 3508 Spiritus
3120 3440 3204 3489 est
3226 3430 3451 3503 partici-

1880 3538 2049 3609 patio,
2077 3545 2133 3593 et
2157 3536 2333 3607 gratia
2358 3534 2471 3599 illa,
2511 3546 2674 3602 quam
2719 3529 2779 3583 in
2799 3526 3028 3584 exordio
3050 3523 3453 3584 habueramus;

1879 3644 2065 3702 quam,
2090 3628 2187 3683 ubi
2211 3643 2244 3682 ε
2268 3623 2504 3680 mortuis
2522 3622 2721 3678 revixit
2752 3619 3030 3683 Christus,
3053 3616 3238 3671 denuo
3268 3611 3453 3673 nobis,

1879 3719 2252 3781 instauravit,
2322 3716 2568 3771 dicens:
2629 3732 2649 3766 ι
2685 3712 2933 3782 Accipite
3002 3706 3268 3778 Spiritum
3329 3719 3457 3758 san-

1883 3821 2034 3868 ctum
2054 3812 2122 3865 ’³.
2155 3830 2173 3860 ι
2202 3807 2351 3870 Dixit
2372 3805 2540 3861 etiam
2564 3805 2762 3860 beatus
2783 3802 2985 3858 Paulus
3010 3817 3025 3853 :
3058 3818 3076 3850 ι
3105 3796 3313 3854 Pascha
3356 3808 3458 3849 no-

1883 3913 2081 3967 strum,
2106 3894 2420 3956 immolatus
2450 3907 2535 3953 est
2557 3895 2812 3951 Christus
2825 3894 2892 3947 ".
2930 3911 2948 3944 ι
2978 3892 3107 3946 Dies
3146 3896 3327 3943 autem
3354 3901 3459 3940 uu-

1879 3997 1971 4066 jus
2000 3993 2256 4049 salutaris
2296 3999 2353 4046 et
2380 3986 2806 4059 exoptatissimae
2836 3980 3223 4038 immolationis
3264 3988 3348 4033 est
3372 3976 3459 4030 illa

1883 4097 1951 4137 ex
1974 4082 2119 4136 lunae
2133 4095 2298 4135 cursu
2322 4076 2752 4148 quartadecima.
2784 4072 2865 4128 Ita
2908 4071 2999 4125 lex
3016 4081 3236 4139 quoque
3270 4072 3461 4135 aperte

1885 4172 2203 4243 praedicavit
2246 4166 2545 4225 Salvatoris
2596 4163 2774 4220 nostri
2826 4158 3214 4216 immolationis
3270 4155 3414 4209 diem
3446 4194 3459 4214 ,

1884 4277 2051 4332 quam
2096 4261 2253 4315 illum
2276 4273 2379 4330 pro
2402 4255 2597 4312 mundi
2633 4255 2745 4308 vita
2803 4248 3132 4306 sustinuisse
3172 4244 3407 4300 dicimus
3446 4259 3459 4293 :

1893 4372 1913 4404 ε
1950 4350 2173 4406 Decima
2196 4349 2365 4412 enim,
2394 4346 2595 4417 inquit,
2620 4344 2711 4398 die
2746 4339 2954 4396 mensis
2984 4336 3149 4409 primi
3191 4332 3464 4403 accipiant

1886 4441 1994 4498 sibi
2016 4453 2172 4495 ovem
2199 4452 2298 4507 per
2322 4436 2544 4501 domos;
2580 4434 2735 4505 juxta
2759 4443 3073 4493 numerum,
3111 4425 3312 4495 inquit,
3341 4423 3462 4477 ani-

212 4540 365 4611 φησι,
403 4539 581 4611 ψυχῆς
606 4514 918 4604 συλλέξουσι
938 4580 953 4604 ,
1002 4538 1096 4592 καὶ
1140 4537 1294 4590 ἔσται
1328 4514 1773 4609 διατετηρημένω

1889 4544 1992 4586 mae
2014 4527 2292 4597 colligent,
2317 4533 2374 4580 et
2407 4523 2716 4580 servabitur
2738 4535 2913 4591 usque
2944 4518 3016 4574 ad
3052 4514 3464 4587 quartumdeci-

214 4632 314 4694 ἐως
348 4631 451 4700 τῆς
480 4630 1080 4702 τεσσαρεσκαιδεκάτης
1119 4627 1212 4682 τοῦ
1244 4627 1409 4699 μηνὸς
1438 4627 1652 4693 τούτου,
1686 4629 1783 4682 καὶ¹

215 4723 512 4792 σφάξουσιν
553 4722 714 4776 αὐτὸν
744 4722 881 4793 πρὸς
909 4722 1147 4792 ἑσπέραν
1180 4722 1289 4773 πᾶν
1326 4719 1389 4772 τὸ
1421 4717 1625 4789 πλῆθος
1667 4718 1783 4771 τῶν

214 4813 345 4867 υίῶν
392 4813 631 4884 Ἰσραήλ.
667 4833 686 4865 ι
732 4813 981 4876 Ἀκούεις
1010 4814 1157 4877 ὅπως
1177 4812 1285 4865 ἀπὸ
1303 4811 1534 4882 δεκάτης
1557 4809 1781 4880 ληφθὲν,

214 4906 293 4968 είς
322 4902 921 4974 τεσσαρεσκαιδεκάτην
966 4902 1295 4972 ἐφυλάττετο
1343 4902 1457 4965 τοῖς
1513 4900 1681 4953 πάλαι
1724 4898 1785 4952 τὸ

218 4996 440 5064 ἱερεῖον,
486 4993 574 5046 ἵνα
611 4993 705 5047 τὸν
748 4993 1000 5064 πέμπτον
1049 4994 1247 5063 νοήσῃς
1286 4990 1498 5061 καιρὸν,
1552 4989 1676 5044 καθ’
1727 4988 1787 5044 ὃν

215 5084 508 5154 γενόμενος
535 5082 821 5154 ἄνθρωπος
843 5083 935 5135 τὸν
957 5082 1095 5155 ὑπὲρ
1122 5080 1279 5152 ἡμῶν
1300 5080 1509 5150 ὑπέστη
1538 5079 1787 5144 θάνατον,

218 5176 515 5245 φθινούσης
546 5176 647 5245 ἧδη
687 5175 791 5245 τῆς
819 5175 1070 5244 σελήνης,
1100 5173 1135 5245 ἧ
1174 5172 1270 5227 καί¹
1319 5172 1400 5237 είς
1431 5172 1607 5243 ἀρχάς
1631 5170 1789 5225 τέτα-

218 5285 346 5321 κται
371 5268 470 5337 τῆς
492 5265 688 5330 νυκτός
712 5283 727 5332 ;
755 5266 1071 5337 Μυστηρίου
1093 5265 1150 5318 δέ
1182 5264 1243 5319 τὸ
1266 5267 1454 5336 χρῆμα
1477 5263 1667 5329 τύπος,
1697 5265 1791 5317 καὶ

218 5359 626 5430 ὑποσημαίνειν
650 5358 826 5413 ἔοικεν
850 5358 1068 5428 ἰσχνῶς,
1084 5357 1182 5427 τῆς
1199 5356 1294 5411 τοῦ
1317 5356 1565 5411 διαϐόλου
1589 5356 1791 5410 πλεον-

220 5449 369 5517 εξίας
428 5451 527 5523 τὴν
573 5452 766 5507 ἀνόπιν
808 5451 950 5516 ὁδὸν,
993 5452 1087 5505 xa‘t
1124 5450 1416 5506 κατάδυσιν
1464 5450 1652 5521 ὥσπερ
1690 5450 1788 5519 τὴν

222 5542 365 5598 κατά
398 5543 571 5614 βραχὺ
607 5543 743 5613 πρὸς
789 5543 852 5597 τό
894 5543 1087 5598 ἀναλκι
1133 5543 1228 5597 καὶ
1271 5542 1503 5596 είσάπαν
1533 5539 1781 5603 ἀσθενές.

223 5634 457 5706 Σελήνης
485 5634 543 5688 δέ
571 5651 686 5699 πως
711 5633 894 5705 ἐπέχει
922 5633 1110 5688 τύπον.
1148 5634 1213 5686 Ἀ
1224 5650 1341 5703 ρχει
1375 5632 1482 5702 γὰρ
1505 5632 1599 5684 καὶ
1626 5629 1787 5692 αὐτὸς

295 5812 517 5869 “Joan.
546 5827 635 5876 xx,
670 5811 757 5864 Ὦ.
849 5810 935 5865 "’I
980 5809 1101 5865 Cor.
1152 5826 1203 5873 v,
1246 5808 1295 5861 7.

1890 4633 2041 4675 mum
2079 4615 2289 4671 mensis
2328 4614 2493 4685 hujus
2518 4613 2688 4676 diem,
2711 4618 2770 4667 et
2807 4606 3171 4665 immolabunt
3208 4605 3353 4660 illam
3396 4602 3465 4657 ad

1889 4722 2174 4779 vesperam
2198 4705 2379 4761 omnis
2405 4704 2701 4759 multitudo
2719 4702 2959 4758 ﬁliorum
2979 4698 3149 4755 Israel
3167 4698 3235 4750 ’⁸.
3256 4716 3273 4748 ι
3295 4694 3469 4750 Audis

1891 4819 1923 4857 a
1949 4799 2160 4856 decima
2182 4796 2271 4853 die
2291 4804 2565 4867 sumptam
2586 4795 2864 4849 victimam
2897 4806 3070 4861 usque
3095 4791 3151 4844 in
3185 4796 3468 4858 quartum-

1891 4895 2167 4951 decimum
2218 4890 2365 4946 diem
2389 4887 2596 4944 servari
2619 4902 2650 4942 a
2672 4884 2955 4941 veteribus
2993 4880 3101 4936 illis
3132 4879 3464 4949 utquintum

1894 4985 2166 5056 intelligas
2189 4992 2428 5053 tempus,
2450 4994 2559 5051 quo
2584 4977 2762 5032 factus
2800 4975 2987 5038 homo,
3016 4972 3165 5025 illam
3188 4986 3287 5041 pro
3309 4968 3468 5024 nobis

1886 5085 2120 5133 mortem
2137 5073 2385 5146 pertulit,
2404 5071 2756 5127 decrescente
2778 5067 2889 5136 iam
2915 5064 3067 5127 luna,
3094 5076 3216 5131 qua:
3253 5059 3322 5116 ad
3364 5072 3467 5113 no-

1887 5170 1992 5227 ctis
2014 5167 2309 5239 imperium
2330 5163 2572 5236 perfecta
2592 5160 2858 5217 estiErat
2879 5165 3061 5213 autem
3084 5170 3145 5211 ea
3161 5169 3250 5209 res
3269 5160 3471 5225 myste—
3548 5152 3554 5159 ’

1887 5262 1957 5317 rii
1979 5261 2172 5332 ﬁgura,
2197 5266 2255 5313 et
2277 5255 2554 5313 subtiliter
2568 5249 2880 5323 signiﬁcare
2902 5246 3123 5302 videtur
3138 5242 3470 5314 fore,209

1888 5363 1951 5410 ut
1973 5351 2177 5409 diaboli
2206 5348 2524 5421 tyrannicus
2540 5345 2631 5399 ille
2655 5342 2970 5398 dominatus
2994 5348 3143 5395 retro
3179 5332 3469 5408 sublapSus
3544 5384 3554 5392 .

1896 5445 2224 5506 referretur,
2255 5455 2319 5496 ac
2344 5438 2545 5494 sensim
2584 5433 2958 5490 inﬁrmitatem
3000 5439 3166 5503 atque
3198 5431 3470 5499 impoten-

1894 5538 2023 5592 tiam
2052 5536 2283 5592 subiret.
2328 5532 2380 5587 Is
2427 5543 2591 5601 porro
2634 5529 2777 5583 lunae
2801 5522 3202 5596 quodammodo
3240 5519 3473 5591 ﬁguram

1895 5627 2162 5691 sustinet;
2208 5638 2332 5678 nam
2372 5620 2487 5691 ipse
2538 5619 2686 5675 nocti
2740 5620 2995 5688 imperat,
3036 5616 3090 5670 id
3131 5621 3234 5678 est,
3260 5612 3348 5676 iis,
3372 5610 3477 5681 qui

1376 5807 1422 5837 "
1468 5803 1637 5860 Exod.
1689 5800 1924 5866 xu,3-5.
