3998 6504
587 406 693 463 46⁸1

1615 410 1668 462 s.
1707 405 1981 463 cmeu
2020 405 2487 462 numnum
2526 397 2835 463 ARCHIEP-
3246 392 3247 395 ‘
3328 378 3333 385 ’
3731 404 3813 460 ωε

586 522 793 577 suntin
819 524 1078 588 tenebris,
1104 534 1158 578 et
1183 524 1362 578 adhuc
1386 520 1703 589 demittant,
1730 532 1785 578 et
1808 523 2009 577 divinae
2066 538 2155 577 co-

2270 524 2355 594 τῆς
2380 524 2592 590 νυκτὸς,
2617 522 2887 588 τουτέστι,
2911 520 3018 574 τῶν
3044 521 3100 573 ἰν
3122 519 3316 573 σκότει
3338 520 3428 572 καὶ
3461 517 3815 581 νυσταζόντων

584 613 851 683 gnitionis
882 614 1087 668 lumine
1118 622 1308 667 carent
1336 632 1347 667 :
1371 629 1491 669 esse
1536 621 1719 668 autem
1763 614 1912 668 hunc
1946 628 2153 667 morem

587 704 885 774 Scriptura:
908 704 1171 759 divinitus
1196 704 1493 773 inspiratur,
1508 712 1571 758 ut
1590 704 1737 758 nocti
1758 710 2039 772 comparet
2071 717 2160 757 er-

589 796 824 849 rantium
846 810 1087 865 gregem,
1113 794 1241 848 audi
1266 794 1397 864 quid
1423 796 1572 851 dicat
1606 796 1851 850 omnium
1894 793 2161 848 Dominus

583 884 807 948 Iudaeis,
843 902 967 939 cum
996 886 1190 941 civitas
1217 886 1314 941 illa
1331 886 1631 941 Jerusalem
1658 886 1726 941 ad
1751 886 1894 940 idola
1930 884 2163 939 colenda

588 978 901 1033 revertisset
943 997 955 1031 :
994 998 1011 1029 ‹
1043 980 1202 1034 Nocti
1227 978 1522 1033 assimilavi
1563 986 1801 1031 matrem
1848 984 1994 1029 tuam
2026 993 2038 1028 :
2077 976 2155 1029 si-

586 1069 730 1123 milis
773 1069 950 1124 factus
996 1079 1080 1124 est
1124 1071 1361 1140 populus
1416 1086 1591 1133 meus,
1641 1085 1703 1123 ac
1740 1069 1784 1122 si
1811 1084 1920 1122 non
1960 1067 2159 1122 habeat

585 1159 871 1214 scientiam
891 1162 978 1213 ⁸³⁸.
1008 1182 1025 1211 ι
1054 1160 1322 1230 lntelligis
1337 1161 1482 1214 enim
1509 1169 1725 1214 noctem
1744 1160 2015 1229 appellare
2041 1173 2155 1222 eos,

584 1252 675 1322 qui
700 1253 1069 1335 cognitionem
1114 1268 1260 1309 vera:
1285 1253 1433 1307 illius
1467 1262 1523 1308 et
1558 1253 1860 1308 secundum
1905 1261 2157 1306 naturam

584 1344 888 1399 divinitatis
923 1361 1032 1398 non
1073 1345 1379 1399 haberent?
1414 1344 1540 1400 Odit
1576 1346 1742 1414 igitur
1780 1344 1870 1399 ille
1912 1345 2157 1397 omnium

584 1436 759 1491 hostis
783 1444 1031 1507 tempora
1049 1446 1106 1491 et
1147 1438 1286 1501 dies,
1330 1438 1532 1507 quibus
1572 1438 1689 1505 ipse
1724 1436 1945 1505 quidem
1968 1436 2154 1505 periit,

585 1543 685 1582 nos
706 1544 839 1582 vero
854 1529 1053 1583 servati
1080 1545 1288 1583 sumus.
1327 1528 1586 1598 Quisquis
1606 1537 1787 1583 autem
1821 1543 1945 1582 cum
1969 1528 2060 1581 illo
2088 1528 2160 1582 si-

586 1621 697 1673 mul
719 1620 856 1683 odit,
882 1635 949 1674 ex
972 1620 1119 1674 illius
1141 1621 1306 1675 etiam
1333 1630 1489 1689 parte
1524 1622 1651 1685 erit,
1690 1630 1745 1675 et
1776 1636 1899 1675 cum
1925 1620 2019 1674 illo
2038 1634 2157 1674 sor-

586 1716 696 1763 tem
722 1709 966 1773 habebit,
995 1718 1054 1763 ut
1085 1718 1353 1780 perpetuo
1376 1711 1665 1781 puniatur.

654 1800 846 1854 PALL.
889 1800 946 1853 lu
986 1810 1147 1869 parte
1190 1802 1359 1871 igitur
1400 1801 1625 1856 nefaria:
1659 1818 1851 1857 revera
1875 1843 1892 1867 ,
1929 1802 2157 1872 Deoque

2264 614 2375 677 ἔτι.
2426 614 2520 668 καὶ
2548 613 2646 686 τὴν
2692 613 2793 683 τῆς
2824 610 3152 681 θεογνωσίας
3193 610 3295 664 οὐκ
3332 609 3567 681 ἐχόντων
3619 609 3810 679 αὐγήνο

2263 706 2345 758 ὅτι
2390 705 2448 758 δὲ
2490 708 2560 777 τῇ
2602 706 2762 759 νυκτὶ⁵
2809 702 3167 774 παρεικάζειν
3218 701 3339 765 ἔθος
3382 704 3448 771 τῇ
3493 699 3815 771 θεοπνεύστῳ

2262 797 2456 869 Γραφῇ
2490 796 2589 868 τὴν
2634 796 2741 851 τῶν
2790 794 3257 866 ἐπιπλανωμένων
3306 793 3532 864 ἀγέλην,
3576 791 3737 845 ἄκουε
3772 796 3815 847 τὲ

2264 904 2428 958 φησιν
2457 891 2485 941 ὁ
2530 888 2747 944 πάντων
2803 887 3081 957 Δεσπότης
3118 887 3258 957 πρὸς
3294 884 3611 947 Ἰουδαίους,
3643 884 3813 937 ὑπονο.

2268 979 2502 1050 στούσης
2535 979 2670 1052 πρὸς
2688 978 3098 1050 είδωλολατρίαν
3117 977 3217 1046 τῆς
3244 975 3621 1047 Ἰερουσαλήμ·
3636 973 3814 1027 «Νυκτὶ

2263 1070 2522 1140 ὼμοίωσα
2553 1071 2649 1142 τὴν
2691 1070 2901 1141 μητέρα
2933 1087 3048 1123 σου·
3080 1067 3332 1139 ὡμοιώθη
3372 1070 3401 1120 ὁ
3438 1068 3566 1130 λαός
3610 1084 3729 1135 μου,
3751 1067 3812 1129 ὡς

2264 1163 2364 1215 οὐκ
2400 1160 2537 1232 ἔχων
2561 1162 2781 1229 γνῶσιν.
2821 1180 2841 1213 ι
2876 1162 3070 1230 Συνίης
3098 1160 3181 1213 ὅτι
3210 1160 3379 1213 νύκτα
3405 1158 3543 1228 φησὶ
3582 1160 3709 1219 τοὺς
3733 1158 3814 1210 οὐκ

2266 1253 2487 1324 ἔχοντας
2516 1253 2718 1322 γνῶσιν
2744 1253 2842 1322 τῆς
2862 1252 3096 1323 ἀληθοῦς
3123 1252 3217 1305 καὶ
3243 1251 3385 1305 κατά
3408 1250 3568 1320 φύσιν
3598 1249 3812 1319 δηλονότι

2266 1342 2548 1411 θεότητος;
2581 1340 2875 1411 Μεμίσηκε
2902 1340 3193 1411 τοιγαροῦν
3212 1341 3241 1393 ὁ
3271 1342 3487 1395 πάντων
3512 1340 3707 1410 ἐχθρὸς
3723 1358 3814 1394 και·

2268 1433 2395 1503 ροὺς
2429 1431 2521 1484 καὶ
2548 1431 2761 1501 ἡμέρας
2787 1432 2908 1485 καθ’
2937 1431 3031 1495 οὓς
3058 1426 3275 1485 διόλωλε
3304 1431 3402 1502 μὲν
3434 1431 3625 1493 αὐτὸς,
3653 1432 3813 1484 ἀνασε-

2268 1520 2524 1590 σώσμεθα
2558 1521 2615 1573 δὲ
2641 1523 2819 1592 ἡμεῖς.
2837 1522 2894 1576 Ὀ
2913 1521 2969 1575 δὲ
2999 1522 3094 1574 σὺν
3120 1521 3313 1591 ἐκείνῳ
3342 1520 3514 1592 μισῶν
3547 1521 3648 1590 τῆς
3678 1522 3813 1575 αὑτοῦ

2269 1611 2487 1681 μερίδος
2514 1611 2688 1675 ἔσται,
2722 1612 2817 1666 καὶ
2844 1611 3043 1683 κλῆρον
3074 1611 3185 1679 ἕξει
3218 1611 3315 1665 σὺν
3346 1611 3516 1683 αὐτῷ,
3554 1611 3618 1665 τὺ
3640 1612 3814 1665 ἀκατα-

2266 1702 2479 1772 λήκτως
2503 1703 2828 1767 κολάξεσθαι
2860 1703 2991 1758 δεῖν.

2338 1795 2545 1849 ΠΑΛΛ.
2593 1796 2681 1849 Ἐν
2714 1795 2877 1868 μοίρᾳ
2915 1795 2980 1867 δὴ
3013 1790 3106 1849 οὖν
3141 1797 3240 1866 τῆς
3272 1794 3589 1865 ὡςάληθῶς
3618 1795 3813 1867 βεϐήλου

586 1891 770 1947 invisa:
816 1892 1137 1951 idololatriae
1177 1893 1341 1947 etiam
1378 1893 1693 1964 huiusmodi
1736 1910 1827 1951 res
1866 1898 2164 1953 constitue-

2272 1902 2331 1938 τε
2352 1886 2447 1939 καὶ
2477 1886 2764 1957 θωμισοῦς
2794 1884 3229 1955 εἰδωλολατρίας,
3251 1886 3345 1938 καὶ
3370 1884 3549 1938 τοιάδε
3581 1884 3811 1955 θήσομεν,

584 1998 725 2046 mus,
759 1991 819 2036 ut
854 1983 943 2037 illa
970 1984 1162 2053 procul
1193 1983 1362 2037 dubio
1384 1984 1791 2049 constituimus,
1817 2001 1938 2055 qua:
1972 1986 2041 2041 de
2081 2004 2167 2053 ea,

582 2088 704 2142 quae
738 2076 1018 2141 generatio
1036 2074 1363 2144 appellatur,
1390 2075 1681 2129 vanissime
1704 2076 1989 2131 dicuntur.

652 2160 807 2215 ΟΥΕ.
852 2162 948 2217 Sic
966 2163 1130 2218 velim
1177 2163 1410 2230 habeas;
1453 2181 1563 2219 non
1620 2165 1782 2220 aliter
1833 2182 1892 2221 se
1938 2167 2165 2236 habere,

584 2253 1047 2320 quemadmodum
1074 2253 1191 2323 ipsa
1214 2269 1431 2324 quoque
1450 2269 1636 2309 rerum
1661 2256 1996 2324 experientia
2019 2272 2173 2311 coar-

583 2344 721 2413 guit.
751 2343 835 2398 Ad
863 2345 978 2399 ιιωο
1012 2345 1146 2399 illud
1179 2362 1399 2415 quoque
1424 2340 1584 2402 nobis
1621 2346 1872 2401 odiosum
1898 2347 1953 2401 in
1977 2348 2171 2417 primis

583 2448 709 2488 esse
749 2434 935 2499 debet,
971 2435 1223 2490 deditum
1261 2451 1383 2491 esse
1421 2436 1686 2506 auguriis,
1716 2437 2170 2492 insusurrationi-

586 2522 691 2577 bus
716 2531 881 2592 atque
919 2525 1255 2580 carminibus
1303 2542 1316 2578 :
1364 2541 1490 2579 nam
1523 2526 1809 2596 gentilium
1842 2528 2088 2583 nonnulli
2114 2528 2170 2583 in

586 2629 707 2668 eam
736 2614 937 2669 mentis
988 2615 1266 2669 levitatem
1307 2616 1444 2685 lapsi
1490 2624 1639 2681 sunt,
1664 2626 1725 2671 ut
1770 2626 2027 2688 putarent
2067 2634 2169 2673 no-

586 2713 829 2759 strarum
867 2721 1055 2759 rerum
1101 2706 1468 2777 cognitionem
1494 2707 1550 2761 in
1575 2709 1769 2763 avibus
1808 2725 2027 2779 quoque
2071 2725 2171 2779 per

586 2811 721 2851 θοι-οι
736 2796 1094 2852 volitantibus
1116 2797 1356 2852 insitam.
1393 2799 1579 2868 Itaque
1611 2801 1827 2856 volatus
1861 2817 2079 2872 quoque
2102 2802 2168 2856 ad

587 2889 858 2942 orientem
881 2897 937 2941 et
980 2888 1345 2952 occidentem,
1389 2889 1457 2942 ad
1503 2890 1753 2945 dextram
1797 2899 1853 2946 et
1890 2892 2169 2946 sinistram

587 2981 803 3036 curiose
828 2978 1202 3049 pervestigant
1250 2994 1314 3033 ac
1333 3019 1347 3042 ,
1374 2978 1549 3033 sicubi
1597 2995 1796 3034 canere
1823 2983 2013 3035 cornix
2050 2982 2168 3038 visa

586 3071 781 3133 fuerit,
819 3070 1083 3124 adhibent
1116 3084 1279 3123 aures
1317 3085 1381 3124 ac
1421 3078 1677 3140 tanquam
1708 3074 1912 3143 aliquid
1951 3077 2171 3131 verissi-

586 3178 737 3217 mum
761 3162 1061 3231 accipiunt,
1108 3161 1341 3231 indeque
1393 3162 1502 3217 laeti
1532 3164 1784 3231 redeunt,
1829 3183 2008 3237 neque
2041 3184 2169 3223 eru-

588 3254 819 3309 bescunt
842 3252 1051 3317 miseri,
1078 3252 1157 3307 rei
1195 3252 1337 3307 adeo
1356 3254 1706 3318 venerabilis,
1729 3258 2033 3327 prephetize
2054 3261 2163 3315 vim

589 3344 817 3399 aviculis
838 3343 1106 3397 tribuere.
1126 3342 1449 3413 Huiusmodi
1474 3346 1905 3404 autem‘honesta
1934 3351 2163 3417 scilicet,

592 3442 650 3489 ut
682 3434 785 3504 ipsi
823 3449 1011 3488 secum
1060 3441 1277 3502 putant,
1332 3435 1473 3488 ratio
1521 3435 1832 3506 allingitur;
1884 3456 1983 3509 per
2022 3442 2167 3511 ipsas

589 3523 757 3587 enim,
786 3523 1061 3591 inquiunt,
1089 3519 1169 3575 dii
1194 3521 1512 3576 ostendunt.
1554 3523 1668 3577 Nos
1694 3533 1876 3578 autem
1902 3526 2035 3580 deos
2057 3544 2167 3583 non

589 3629 710 3668 esse
751 3613 987 3667 dicimus
1028 3621 1303 3682 apostatas
1345 3613 1596 3682 angelos,
1643 3628 1675 3667 a
1707 3616 1909 3684 quibus
1950 3617 2016 3671 ad
2066 3633 2168 3672 nos

592 3702 860 3773 praclari,
886 3701 933 3755 si
956 3701 1069 3756 Deo
1093 3704 1289 3772 placet,
1316 3710 1479 3772 atque
1510 3702 1861 3761 admirabiles
1890 3707 2168 3776 propheta:

590 3803 649 3850 et
673 3810 855 3849 rerum
882 3793 1192 3847 futurarum
1217 3794 1428 3863 praiscii
1449 3794 1719 3865 legantur,
1742 3805 1933 3866 arguta
1950 3800 2165 3863 cornix,

591 3892 649 3939 et
691 3900 905 3955 prmpes
950 3883 1238 3953 accipiter,
1278 3890 1335 3937 et
1373 3883 1539 3937 varia:
1584 3883 1877 3953 palumbes
1919 3884 2002 3956 (ut
2036 3885 2169 3955 ipsis

592 3975 881 4046 gentilium
924 3983 1212 4030 auctorum
1249 3974 1433 4029 verbis
1472 3975 1617 4046 utar)
1656 3984 1712 4030 et
1758 3985 1967 4031 caetera
2006 3992 2165 4043 aves;

591 4068 754 4136 210
776 4067 977 4137 dignos,
1003 4066 1213 4122 scilicet
1251 4066 1453 4122 talibus
1481 4066 1588 4122 diis
1623 4068 1936 4138 prophetas,
1968 4069 2169 4138 quibus

593 4156 672 4210 illi
709 4156 949 4226 garritus
968 4156 1050 4224 ad,-
1071 4170 1168 4210 vos
1189 4155 1535 4222 deferendos,
1569 4158 1853 4223 insonent;
1880 4173 1978 4214 vos
2002 4160 2167 4215 etiam

592 4248 781 4304 felices
799 4264 863 4303 ac
889 4248 1103 4313 beatos,
1129 4249 1224 4319 qui
1250 4249 1387 4303 tales
1412 4248 1643 4304 deorum
1664 4249 1993 4320 interpretes
2022 4254 2169 4309 nacti

591 4342 745 4408 sitis;
777 4342 933 4398 obliti
972 4351 1163 4398 autem
1203 4343 1358 4406 estis,
1386 4348 1448 4395 ut
1486 4357 1583 4397 res
1617 4342 1879 4409 declarat,
1920 4346 2169 4414 quamvis

590 4444 902 4489 vestrorum
949 4442 1236 4506 poetarum
1280 4434 1571 4505 opiniones
1614 4435 1874 4491 admirari
1920 4438 2165 4504 soleatis,

2272 1976 2525 2050 καθάπερ
2564 1976 2756 2048 ἀμέλει
2783 1976 2878 2030 καὶ
2905 1976 3005 2047 τὴν
3032 1976 3161 2048 περὶ⁵
3191 1977 3292 2046 τῆς
3330 1974 3679 2047 καλουμένης
3699 1978 3811 2044 γενέο

2273 2086 2410 2132 σεως
2436 2067 2834 2138 είκαιομυθίαν.

2342 2160 2506 2214 ΚΥΡ.
2554 2161 2641 2225 Ὠς
2672 2156 2730 2213 εὖ
2757 2159 2866 2214 ίσθι
2895 2177 2998 2225 τοι,
3034 2159 3110 2231 μὴ
3140 2158 3339 2231 ἑτέρως
3378 2159 3542 2230 ἔχειν,
3580 2159 3720 2213 καθὰ
3746 2160 3818 2213 καὶ

2272 2250 2411 2322 αὑτὴ
2440 2250 2688 2322 διήλεγξε
2716 2249 2825 2303 τῶν
2859 2250 3202 2321 πραγμάτων
3230 2252 3263 2321 ἠ
3292 2249 3548 2321 βάσανος.
3579 2250 3689 2303 Καὶ
3710 2250 3816 2321 πρός

2270 2360 2335 2411 γε
2367 2342 2431 2415 δὴ
2458 2342 2666 2407 τούτοις
2702 2344 3137 2414 καταστυγητέον
3162 2339 3219 2397 εὖ
3268 2342 3413 2414 μάλα
3447 2344 3542 2395 καὶ
3575 2342 3640 2396 τὸ
3672 2357 3816 2411 προσ-

2273 2434 2493 2492 κεῖσθαι
2526 2435 2703 2504 φιλεῖν
2733 2435 3012 2505 ἀνονήτοις
3042 2435 3475 2499 οίωνοσκοπίαις,
3500 2435 3816 2505 ψιθυρισμοῖς

2269 2545 2330 2581 τε
2360 2528 2455 2582 καὶ
2483 2526 2713 2597 ἐπῳδαῖς
2737 2544 2750 2557 ·
2784 2526 2876 2580 νοῦ
2908 2525 3017 2597 γὰρ
3059 2526 3322 2597 ὲλαφρίας
3364 2529 3446 2591 εις
3474 2527 3636 2580 τοῦτο
3674 2525 3818 2579 διωλυ-

2274 2617 2505 2690 σθήκασί
2541 2633 2685 2680 τινες
2721 2614 2828 2669 τῶν
2878 2615 3008 2687 παρ’
3049 2615 3327 2684 Ἕλλησιν,
3373 2617 3452 2679 ὡς
3486 2615 3693 2670 οῐεσθαι
3729 2614 3818 2668 τῶν

2271 2708 2392 2763 καθ’
2420 2709 2570 2779 ἡμᾶς
2593 2706 2935 2779 πραγμάτων
2966 2705 3067 2778 τὴν
3096 2706 3316 2774 γνῶσιν,
3340 2708 3435 2761 καὶ¹
3463 2709 3575 2770 τοῖς
3602 2708 3685 2769 εἰς
3706 2706 3819 2777 ἀέρι

2270 2801 2581 2855 διάττουσιν
2610 2798 2893 2867 ἐγκεῖσθαι
2921 2800 3166 2868 πτηνοῖς.
3197 2798 3491 2869 Τοιγάρτοι
3523 2797 3619 2852 καὶ
3643 2797 3732 2859 τὰς
3753 2798 3820 2857 είς

2272 2894 2345 2948 ἕω
2367 2911 2428 2947 τε
2454 2893 2548 2946 καὶ
2582 2894 2661 2954 είς
2699 2890 2962 2961 ἑσπέραν,
2994 2892 3074 2954 είς
3101 2890 3277 2957 δεξιόν
3300 2907 3360 2943 τε
3395 2891 3493 2943 καὶ
3520 2891 3598 2953 είς
3644 2887 3817 2943 εὐώνυ-

2274 3003 2373 3057 μον
2422 2979 2873 3055 περιεργάζονται
2915 2982 3171 3051 πτήσεις
3211 2978 3315 3034 κᾶν
3357 2981 3406 3032 εί
3438 2978 3715 3051 κράξουσά
3750 2994 3820 3029 πω

2273 3076 2513 3147 φαίνοιτο
2546 3072 2782 3147 κορώνη,
2813 3073 2875 3126 τὸ
2913 3068 3002 3136 οὖς
3036 3072 3446 3143 ὑποστήσαντες
3471 3111 3488 3137 ,
3517 3070 3759 3139 καθάπερ
3776 3086 3819 3121 τι

2270 3168 2377 3222 τῶν
2410 3168 2550 3236 ἀγαν
2577 3165 2957 3235 ἀληθεστάτων
2986 3164 3321 3234 ἐκδέχονται,
3370 3162 3463 3216 καὶ
3493 3161 3819 3215 ὑπονοστούπι

2273 3258 2551 3329 χαίροντες
2570 3275 2583 3288 ο
2611 3255 2973 3327 ἐπερυθριῶσι
3003 3255 3057 3308 δὲ
3082 3254 3334 3325 οὐδαμῶς
3366 3254 3414 3306 οἱ
3444 3252 3668 3306 δείλαιοι
3689 3293 3704 3314 .
3737 3252 3819 3320 τῆς

2272 3348 2413 3401 οὕτω
2444 3346 2651 3416 σεπτῆς
2672 3346 3010 3415 προφητείας
3035 3345 3133 3416 τὴν
3153 3343 3382 3414 δύναμιν
3404 3344 3480 3413 (l)
3504 3342 3819 3402 ἀνατιθέντες

2276 3437 2597 3507 στρουθίοις.
2635 3436 2836 3506 Σεμνὸς
2872 3435 2930 3488 δὲ
2963 3435 3148 3497 αὐτοῖς
3179 3434 3542 3504 ὲκπεποίηται
3580 3431 3819 3486 τοιουτοσὶ

2274 3528 2459 3598 λόγος,
2488 3529 2679 3599 ὥσπερ
2718 3527 2920 3581 οἴονται
2955 3524 3096 3579 κατὰ
3141 3526 3280 3593 σφᾶς
3321 3523 3551 3587 αὐτούς’
3594 3523 3820 3591 φαίνουσι

2273 3623 2382 3693 γὰρ
2414 3621 2482 3675 δι’
2513 3620 2693 3675 αὐτῶν
2731 3621 2781 3672 οἱ
2824 3618 2968 3682 θεοὶ,
2998 3618 3183 3689 φησίν.
3231 3618 3421 3688 Ἡμεῖς
3466 3617 3525 3670 δὲ
3565 3616 3713 3678 θεοὺς
3736 3615 3817 3667 οὐκ

2274 3710 2412 3766 εἷναί
2441 3729 2621 3783 φαμεν
2663 3711 2791 3774 τοὺς
2815 3709 3128 3773 ἀποστάτας
3161 3707 3427 3776 ἀγγέλους
3446 3747 3461 3770 ,
3490 3706 3621 3777 παρ’
3652 3699 3720 3759 ὧν
3754 3706 3819 3768 είς

2273 3809 2420 3879 ἡμᾶς
2452 3805 2646 3876 ἀγαθοί
2671 3822 2731 3858 τε
2769 3805 2862 3858 καὶ
2896 3803 3217 3870 ἀξιάγαστοι
3244 3800 3520 3871 προφῆται
3549 3798 3819 3867 κεχειροτό-

2274 3916 2483 3970 νηνται,
2513 3898 2610 3952 καὶ
2633 3895 2741 3949 τῶν
2767 3894 3044 3965 ἐσομένων
3066 3894 3117 3947 οἱ
3143 3891 3404 3960 γνῶσται,
3424 3892 3462 3960 ἢ
3490 3906 3549 3943 τε
3571 3887 3819 3958 λακέρυζα

2274 3987 2511 4061 κορώνη,
2540 3987 2636 4041 καὶ
2660 3986 2766 4058 μὴν
2791 3987 2886 4039 καὶ
2909 3984 3227 4055 ὠκύπτερος
3250 3980 3396 4053 ἴρηξ,
3429 3979 3612 4045 ξουθαί
3634 3996 3690 4031 τε
3726 3979 3817 4030 πέ-

2274 4083 2448 4147 λειαι,
2488 4080 2633 4134 κατά
2672 4094 2738 4147 γε
2780 4078 2908 4141 τοὺς
2950 4076 3078 4147 παρ’
3104 4073 3335 4144 Ἕλλησι
3373 4073 3597 4140 λόγους,
3640 4072 3729 4124 καὶ
3760 4067 3819 4120 τὰ

2273 4175 2436 4245 ἔτερα
2468 4172 2577 4226 τῶν
2608 4167 2928 4240 στρουθίων,
2961 4165 3101 4232 ἄξιοί
3130 4182 3194 4234 γε
3226 4165 3276 4217 οί
3312 4161 3588 4232 προφῆται
3620 4158 3723 4212 τῶν
3746 4160 3818 4210 ἐν·

2273 4262 2547 4334 ηχούντων
2586 4260 2769 4322 αὐτοῖς
2812 4257 2880 4311 τὰ
2914 4258 2992 4320 είς
3036 4256 3182 4325 ἡμᾶς
3210 4252 3404 4314 αὐτοὺς
3448 4249 3815 4319 τερετίσματα·

2272 4355 2511 4411 δλϐιοιδὲ
2536 4354 2629 4407 καὶ
2650 4353 2813 4423 ὑμεῖς
2825 4351 2919 4405 καὶ
2938 4346 3290 4417 ἀξιοζήλωτοι
3310 4343 3564 4398 τοιούτων
3587 4341 3816 4411 τυχόντες

2272 4449 2381 4503 τῶν
2414 4446 2691 4518 θεηγόρων
2711 4460 2726 4475 ·
2755 4441 3048 4512 ἐκλέλησθε
3074 4440 3133 4492 δὲ
3173 4438 3251 4501 ὡς
3291 4437 3436 4490 ἔοικε
3481 4435 3575 4489 καὶ
3603 4434 3699 4496 τὰς
3724 4431 3817 4484 τῶν

594 4525 733 4595 ipsis
751 4540 969 4596 quoque
1004 4540 1125 4581 eam
1156 4524 1450 4580 ridiculam
1491 4525 1696 4591 videri,
1731 4534 1789 4581 et
1827 4542 2000 4599 nugas
2019 4543 2164 4594 esse,

2275 4542 2405 4611 παρ’
2444 4539 2573 4608 ὑμῖν
2607 4534 2847 4604 ποιητῶν
2878 4530 3249 4601 θαυμάζοντες
3281 4527 3462 4594 δόξας,
3502 4528 3584 4621 ὅτι
3618 4523 3707 4577 καὶ
3734 4522 3817 4621 αύ-

594 4631 660 4671 ac
724 4631 841 4670 rem
904 4630 1135 4685 prorsus
1203 4617 1459 4672 inutilem
1517 4617 1821 4687 putavisse.
1896 4619 2164 4678 Homerus

2278 4634 2393 4695 τοῖς
2439 4629 2613 4684 ἐδόκει
2641 4625 2702 4679 τὸ
2724 4626 2912 4696 χρῆμα
2935 4621 3210 4691 διαγελᾷν,
3251 4618 3409 4672 ὕθλον
3436 4634 3498 4669 τε
3526 4611 3663 4669 εἶναι
3684 4613 3815 4685 νομί·

594 4709 743 4764 enim
772 4725 785 4760 :

876 4925 1024 4998 Mitte
1057 4925 1281 4997 agedum
1308 4922 1561 4998 uolucres,
1586 4927 1790 4996 ignave,
1818 4928 2014 4998 inquit,

593 4998 711 5055 Sive
736 4998 844 5052 illa!
867 4997 938 5050 ad
958 4994 1224 5059 dextram,
1246 4994 1472 5064 solisque
1497 4994 1737 5064 feruntur
1762 4999 1830 5051 ad
1860 4994 2027 5063 ortus,

593 5070 696 5124 Seu
718 5069 887 5139 magis
919 5066 989 5119 ad
1019 5066 1229 5130 lwvam,
1254 5064 1428 5119 densa:
1455 5080 1616 5135 regna
1639 5067 1852 5121 humida
1886 5072 2071 5125 noctis.

593 5182 887 5254 Euripides
909 5195 1042 5236 vero
1057 5180 1279 5235 stultam
1304 5193 1418 5232 rem
1442 5194 1560 5233 esse
1582 5178 1852 5244 decernit,
1874 5182 2167 5240 observare

594 5277 779 5330 aviu‘m
831 5274 1046 5328 volatus
1071 5289 1083 5324 :
1108 5286 1235 5326 nam
1276 5270 1551 5325 Theseum
1619 5271 1799 5340 inquit
1837 5272 1941 5342 (5),
1978 5274 2165 5331 furore

596 5366 861 5419 adversus
904 5362 1255 5432 Hippolytum
1308 5360 1480 5415 ﬁlium
1535 5360 1958 5429 inﬂammatum,
2001 5372 2164 5435 atque

596 5456 762 5510 etiam
791 5462 853 5508 ut
895 5452 1047 5507 illum
1086 5467 1116 5506 e
1180 5452 1360 5522 patrio
1402 5453 1519 5508 solo
1564 5453 1804 5524 pelleret:
1827 5456 2161 5523 molientem,

596 5561 721 5600 cum
754 5544 843 5599 ille
870 5541 1077 5597 diceret
1104 5559 1117 5592 :

665 5658 728 5688 ³³⁸
772 5654 909 5709 Osee
945 5669 995 5707 tv
1040 5653 1093 5714 4,
1126 5652 1178 5705 6.

702 5752 749 5822 l)
775 5750 916 5822 Cod,
950 5748 1149 5822 Vatis,
1182 5750 1432 5821 δήλωσιν,
1466 5751 1923 5822 signiﬁcalimmn.

702 5752 720 5806 l
775 5752 907 5805 Cod.
950 5752 1037 5803 Vm

674 5752 749 5892 i9;
781 5820 935 5874 Iliad.
970 5819 1037 5872 Μ.

2270 4724 2384 4788 ζειν
2428 4721 2581 4784 αὐτὸ,
2614 4718 2706 4772 καὶ
2740 4716 2847 4769 τῶν
2885 4711 3199 4781 ἀναγκαίων
3243 4709 3421 4764 οὐδέν.
3455 4708 3698 4779 Ὅμηρος
3730 4704 3817 4774 μιν

2267 4814 2399 4885 γάρ·

2351 4929 2419 4981 ’Ὠ
2451 4925 2665 4983 πέπον,
2695 4918 2944 4983 οἰωνοὺς
2972 4915 3091 4990 μὲν
3114 4915 3204 4990 ἔρ,
3238 4913 3528 4990 ςρῃσὶνβ),

2348 4997 2468 5051 Εἶτ’
2501 4995 2596 5048 ἐπὶ
2625 4990 2768 5055 δέξι⁹
2801 4990 2930 5042 ἔωσι
2957 4983 3108 5054 πρὸς
3126 4984 3213 5052 ὴώ
3231 4983 3517 5055 τνήέλιόν
3534 4998 3616 5055 τε,

2345 5066 2468 5122 Εἶτ’
2500 5064 2591 5117 ἐπ’
2626 5052 2928 5129 ἀριστερὰ,
2951 5052 3041 5109 τοι
3060 5071 3127 5122 γε
3159 5054 3299 5107 ποτὶ
3330 5052 3510 5123 ζόφον
3532 5053 3815 5119 ἠερόεντα.

2272 5177 2568 5251 Εὐριπίδης
2630 5173 2689 5226 δὲ
2734 5170 2922 5239 σαφῶς
2966 5167 3062 5222 καὶ
3098 5164 3404 5234 ἀναφανδὸν
3436 5162 3704 5235 καθορίζει
3764 5162 3816 5212 τὸ

2276 5271 2504 5342 μάταιον
2528 5265 2624 5319 τοῦ
2665 5258 3143 5316 κατασκεπτεσθαι
3178 5258 3287 5311 δεῖν
3332 5257 3434 5319 τὰς
3465 5256 3666 5310 οἰωνῶν
3712 5255 3815 5306 δια-

2271 5356 2709 5432 πτήσεις.Θησέα
2725 5354 2822 5423 μὲν
2848 5350 2953 5421 γάρ
2982 5349 3279 5419 Ἱππολύτῳ
3300 5348 3433 5419 φησὶ
3459 5344 3817 5414 ἐπιμαίνεσθαι

2268 5452 2349 5525 τῷ
2376 5450 2562 5519 οἰκείῳ
2602 5445 2773 5506 παιδὶ,
2805 5443 2898 5495 καὶ
2928 5441 2992 5511 δὴ
3023 5441 3118 5493 κα¹ι
3158 5438 3348 5511 ὲξελᾷν
3374 5438 3471 5510 τῆς
3505 5436 3815 5505 ὲνεγκούση.

2276 5546 2597 5617 ἐπιχειρεῖν.
2642 5537 2885 5594 Ἑκείνοιι
2913 5534 2972 5587 δὲ
2991 5534 3312 5602 φάσκοντος·

2353 5749 2428 5817 (3)
2459 5746 2514 5801 In
2540 5742 2818 5807 Hippo/vito
2850 5748 3117 5793 coronato.
