3998 6530
178 422 280 477 ιῦθ

246 536 381 590 ΟὔΙν
411 534 614 601 ὅρκον,
645 534 785 587 οὔτε
815 533 1045 596 πίστιν,
1071 534 1214 589 οὐδὲ
1241 534 1517 601 μάντεων

243 602 448 675 φήμας
467 604 747 674 ἓλέγξας,
778 602 1022 672 ἄκριτον
1048 603 1366 672 ἐκϐάλλεις
1392 621 1469 675 με
1498 604 1631 674 γῆς.

177 719 354 792 Θησέα
380 718 521 789 πρὸς
546 716 708 771 τοῦτο
737 719 913 772 εἰπεῖν
934 734 949 750 ·

250 833 314 888 Ἠ
338 832 556 897 δέλτος
583 832 690 900 ἥδε
715 833 944 900 κλῆρον
972 835 1043 888 οὐ
1074 832 1395 903 δεδεγμένη

242 903 571 974 Κατηγορεῒ
588 920 706 974 σου
732 904 935 958 πιστά·
972 904 1116 970 τοὺς
1139 906 1190 959 δ’
1222 905 1374 974 ὑπὲρ
1406 905 1559 973 κάρα

242 972 577 1039 Φοιτῶντας
604 973 820 1043 ὄρνεις,
852 976 1034 1030 πόλλ’
1061 976 1176 1045 ἐγὼ
1208 972 1439 1045 χαίρειν
1464 972 1639 1046 λέγω.

176 1086 280 1138 Καὶ
310 1084 415 1155 μὴν
444 1086 744 1156 ἀξιόχρεως
776 1089 809 1157 ἡ
840 1084 975 1141 Θεοῦ
1004 1088 1155 1161 φωνὴ
1183 1090 1381 1158 γένοιτ’
1413 1090 1499 1154 ἂν,
1530 1091 1625 1145 καὶ
1651 1090 1751 1160 τῆς

916 418 1004 474 DE
1045 417 1487 476 ADORATIONE
1524 419 1591 474 IN
1633 415 1903 473 SPINTU
1942 418 2033 475 ET
2074 418 2435 477 VENTATE.
2479 422 2606 477 LIB.
2655 423 2737 478 Vl.

3313 423 3442 487 47%)

1774 536 1821 590 Α
1915 533 2023 610 Nec
2042 536 2571 610 jusjurandumnec
2601 537 2761 604 fidem
2786 548 3078 608 expendens
3109 542 3255 610 prius
3275 583 3289 607 ,

1927 604 2031 657 Nec
2055 604 2196 659 dicta
2224 615 2426 672 vatum,
2452 607 2649 661 indicta
2674 625 2754 661 me
2778 604 2939 663 causa
2969 604 3154 680 ejicis'?

1858 713 2133 770 Theseum
2160 715 2228 770 ad
2254 717 2369 772 haec
2394 719 2739 788 respondisse
2767 735 2780 772 :

1962 827 2087 902 ch
2106 831 2223 899 ipsa
2250 838 2298 882 te
2320 831 2538 895 tabella,
2572 834 2726 886 sortis
2753 833 2884 886 nihil
2905 850 3057 902 egens

1961 899 2206 963 Accusat,
2230 902 2337 953 [nec
2360 904 2617 955 convincit
2645 919 2662 955 :
2684 904 2817 956 istas
2841 899 3017 957 autem
3048 922 3168 959 aves

1966 967 2154 1022 Valere
2171 970 2352 1040 jubeo,
2382 988 2499 1042 qua:
2525 988 2687 1042 supra
2710 983 2867 1043 caput
2891 974 3091 1027 volant.

1856 1082 2020 1152 Atqui
2054 1084 2149 1137 Dei
2179 1100 2282 1139 vox
2309 1094 2458 1140 certe
2487 1086 2719 1141 idoneus
2752 1096 2837 1141 est
2863 1096 3073 1152 auctor,
3097 1103 3269 1159 eaque
3301 1091 3441 1145 ﬁdes

176 1178 229 1228 ἐν
255 1175 423 1247 δέλτῳ
458 1177 699 1247 γραφῆς,
734 1178 975 1248 ἀμείνων
1013 1182 1046 1251 ἡ
1076 1180 1282 1247 πίστις,
1321 1182 1478 1253 εἴπερ
1506 1183 1625 1236 ἐστὶ⁵
1657 1183 1749 1235 καὶ

1855 1174 2055 1230 litteris
2086 1176 2256 1231 libelli
2280 1177 2510 1239 certior,
2554 1177 2827 1247 siquidem
2869 1180 3088 1233 mentiri
3132 1196 3242 1235 non
3290 1190 3375 1235 est
3404 1198 3435 1236 a

175 1267 492 1335 ψευδοεπεῖν
532 1268 634 1322 οὐκ
664 1269 893 1333 ἀπεικὸς
930 1272 1079 1340 ἡμᾶς
1102 1286 1115 1300 ·
1152 1272 1317 1342 μηδὲν
1355 1273 1411 1326 δὲ
1440 1274 1708 1345 ἁμαρτεῖν
1731 1312 1746 1336 ,

176 1357 282 1409 ἐστι
314 1355 475 1420 Θεοῦ,
519 1360 614 1411 καὶ
644 1358 707 1411 τὸ
760 1359 960 1429 ἀληθὲς
989 1361 1071 1414 ὅτι
1120 1362 1355 1432 μάλιστα
1390 1364 1564 1431 φίλον.
1606 1363 1750 1418 Ἀλλ’

174 1449 283 1518 ᾔδει
314 1466 418 1502 που
464 1449 685 1513 πάντως
714 1452 840 1515 τοὺς
876 1452 1014 1523 ὑπὲρ
1056 1453 1201 1522 κάρα
1235 1455 1536 1521 φοιτῶντας
1570 1454 1751 1524 ὄρνεις

174 1540 380 1611 Θησεὺς
408 1579 425 1604 ,
454 1542 609 1595 οὐδὲν
658 1542 819 1605 ὄντας
861 1543 1160 1608 παντελῶς.
1206 1545 1415 1599 Οὐκοῦν
1453 1545 1750 1609 δαιμονίοις

180 1633 272 1701 μὲν
319 1633 613 1687 ἀναθετέον
644 1634 761 1689 οῦτι
801 1654 888 1689 πω
920 1636 1031 1689 τῶν
1065 1637 1341 1707 ἐσομένων
1384 1638 1483 1709 τὴν
1522 1639 1746 1707 γνῶσιν,

174 1723 288 1793 Θεῷ
334 1724 391 1777 δὲ
426 1726 633 1796 μᾶλλον
663 1728 835 1799 αὐτὴν
866 1730 1283 1801 προσνεμοῦμεν
1322 1730 1399 1795 ὡς
1448 1731 1746 1805 ἐξαίρετον.

177 1816 283 1868 Καὶ
312 1816 653 1887 φενακισμὺς
683 1817 837 1872 ἔσται
875 1819 1081 1884 λοιπὸν,
1109 1819 1181 1874 τὰ
1211 1822 1322 1875 τῶν
1353 1823 1580 1894 ὀρνίθων
1610 1842 1747 1895 μαν-

1855 1266 2018 1321 nobis
2039 1267 2277 1322 alienum
2307 1285 2319 1321 :
2347 1268 2446 1323 sed
2468 1268 2604 1322 nihil
2627 1283 2875 1338 peccare,
2898 1269 2994 1324 Dei
3020 1278 3105 1324 est
3128 1272 3434 1341 proprium.

1855 1360 2018 1429 eique
2042 1362 2245 1416 veritas
2271 1369 2501 1432 cognata
2532 1362 2788 1416 maxime.
2816 1362 2922 1416 Sed
2950 1363 3158 1417 sciebat
3180 1364 3438 1419 videlicet

1856 1450 2081 1504 omnino
2120 1450 2367 1505 Theseus
2412 1464 2542 1505 aves
2582 1465 2747 1519 supra
2792 1459 2957 1519 caput
3006 1452 3254 1506 volantes
3296 1454 3436 1507 nihil

1855 1556 1976 1596 esse
2016 1557 2264 1612 prorsus.
2313 1542 2435 1596 Non
2478 1540 2645 1612 igitur
2690 1541 2977 1597 daemoniis
3023 1542 3135 1596 ullo
3158 1543 3321 1598 modo
3353 1553 3438 1598 est

1855 1634 2179 1688 ascribenda
2230 1648 2417 1688 rerum
2459 1633 2771 1688 futurarum
2818 1634 3088 1705 cognitio,
3138 1635 3233 1689 sed
3289 1635 3435 1690 illam

1855 1724 2039 1794 potius
2058 1726 2168 1778 Deo
2202 1734 2461 1794 tanquam
2488 1724 2821 1795 praecipuam
2842 1728 3178 1795 tribuemus;
3206 1740 3260 1785 et
3280 1746 3438 1800 nugae

1854 1824 2018 1870 erunt
2061 1820 2291 1885 posthac
2331 1817 2513 1871 avium
2560 1819 2980 1888 prtedictiones;
3025 1838 3089 1876 ac
3130 1822 3264 1878 ﬁdes
3308 1824 3437 1878 huic

176 1905 419 1975 τεῦματα
442 1948 459 1972 ,
494 1886 591 1961 καὶ
647 1909 884 1974 διανοίας
913 1911 1014 1965 οὐκ
1037 1912 1315 1982 ἀσφαλοῦς
1346 1886 1565 1984 ἔλεγχος
1594 1886 1749 1991 έναρτ

1854 1910 1934 1964 rei
1958 1909 2225 1975 adhibita,
2251 1912 2453 1967 mentis
2485 1928 2678 1981 parum
2704 1912 2875 1967 ﬁrma:
2898 1914 3162 1970 indicium
3186 1917 3432 1971 evidens.

178 1996 296 2068 τὴς,
323 1999 355 2069 ἡ
396 2000 496 2060 ἐπὶ
546 1999 682 2070 τῷδε
707 2002 911 2064 πίστις.
958 2005 1069 2059 Καὶ
1105 2006 1270 2069 αὐτὸς
1298 2006 1361 2060 δέ
1386 2008 1488 2060 πού
1534 2025 1700 2079 φησιν
1722 2008 1753 2061 ὁ

178 2089 359 2159 νόμος’
397 2109 419 2142 ι
479 2093 595 2145 Οὐκ
624 2095 959 2161 οίωνιεῖσθε,
1000 2115 1020 2150 ι
1060 2096 1314 2168 βδελυρὸν
1349 2098 1412 2151 τὸ
1454 2098 1645 2171 χρῆμα
1672 2100 1753 2154 εἰ·

178 2181 296 2245 δὼς,
344 2182 443 2238 καὶ
482 2185 566 2238 ὅτι
601 2186 839 2255 μάλιστα
872 2191 1352 2262 κατεστυγημένον
1382 2192 1537 2263 παρά
1564 2208 1628 2261 γε
1673 2192 1753 2263 τῷ

180 2272 387 2325 πάντων
422 2273 718 2344 κρατοῦντι
750 2275 891 2347 Θεῷ.

244 2364 451 2419 ΗΔΔΛ.
488 2358 618 2419 Ὧδε
643 2366 820 2421 ταῦτα
848 2368 994 2439 ἔχειν
1019 2370 1113 2423 καὶ
1137 2370 1289 2442 αὐτῷ
1324 2389 1414 2443 μοι
1439 2373 1608 2428 δοκεῖ.

244 2453 403 2509 ΚΥΡ.
453 2455 673 2527 Ἐπειδὴ
702 2457 759 2511 δὲ
789 2458 973 2523 πάλιν,
1006 2460 1100 2514 καὶ
1127 2462 1156 2515 ὁ
1184 2461 1439 2533 λαθραῖος
1472 2458 1628 2528 οὗτος
1657 2465 1752 2520 καὶ

181 2544 531 2616 γραοπρεπὴς
563 2545 894 2618 ψιθυρισμὸς
913 2588 927 2611 ,
959 2551 1213 2622 γοητείας
1242 2551 1310 2606 ἂν
1356 2553 1442 2625 εἴη
1475 2558 1641 2628 μοῖρα
1681 2559 1753 2614 τά

182 2636 268 2689 καὶ
294 2636 519 2706 τρόπος.
561 2640 849 2711 Τοιγάρτοι
887 2644 982 2696 καὶ
1010 2645 1039 2697 ὁ
1064 2644 1356 2711 θεσπέσιος
1386 2649 1597 2721 Μωσῆς
1622 2651 1751 2716 τοὺς

183 2727 374 2783 ἄνωθεν
405 2730 544 2800 ἡμῖν
584 2730 935 2804 διεσαφήνισε
964 2733 1165 2804 νόμους
1184 2777 1199 2800 ,
1229 2737 1316 2789 ἀεὶ
1360 2738 1650 2793 συνάπτων
1680 2739 1751 2794 τὰ

184 2819 652 2891 πλημμελήματα,
694 2824 787 2877 καὶ
826 2824 991 2878 οἱονεί
1036 2841 1153 2890 πως
1194 2826 1265 2881 ὲν.
1292 2829 1612 2903 ἀδελφότητι
1653 2832 1753 2887 καὶ

182 2911 406 2981 όμοφυϊᾳ
452 2912 623 2977 τιθεὶς
658 2918 726 2986 τῇ
774 2917 1098 2988 φαρμακείᾳ
1142 2919 1244 2991 τὴν
1282 2920 1516 2993 ὲπωδήν.
1571 2941 1591 2975 ι
1635 2925 1751 2978 Οὐκ

184 3002 323 3055 ἔσται
350 3003 481 3075 γὰρ.
505 3004 764 3073 ἔφασκεν,
795 3009 854 3060 ὲν
879 3008 1008 3078 ὑμῖν
1039 3012 1438 3082 μαντευόμενος
1467 3015 1748 3085 μαντείαν,

183 3094 549 3166 οἰωνιζόμενος
587 3099 681 3156 καί
710 3099 1183 3171 κληδονιζόμε-νος,
1217 3107 1529 3175 φαρμακδς,
1560 3108 1751 3162 ἐπαοι-

1853 2000 1974 2071 lpsa
2011 2018 2230 2073 quoque
2272 2004 2519 2073 profecto
2572 2005 2659 2060 lex
2703 2006 2780 2059 ait
2831 2023 2844 2059 :
2908 2026 2925 2058 ι
2978 2009 3099 2062 Νοιι
3143 2010 3441 2080 angui-abi-

1854 2093 1989 2148 mini
2018 2095 2093 2161 ²⁹;
2129 2115 2147 2147 ι
2179 2095 2327 2165 quod
2352 2112 2474 2151 eam
2506 2113 2624 2151 rem
2656 2099 3049 2153 exsecrandam
3082 2115 3204 2155 esse
3229 2101 3435 2165 'seiret,

1852 2192 1911 2243 et
1941 2188 2188 2243 omnium
2214 2187 2546 2244 dominatori
2565 2189 2696 2254 Deo,
2722 2189 2779 2244 in
2811 2191 3003 2260 primis
3026 2192 3291 2247 odiosam.

1932 2363 2133 2420 PALL.
2169 2365 2297 2421 Haec
2320 2364 2403 2420 ita
2427 2381 2485 2421 se
2512 2365 2718 2422 habere
2756 2366 2892 2421 mihi
2934 2381 3152 2436 quoque
3193 2366 3439 2421 videtur.

1919 2456 2078 2513 CYR.
2110 2455 2417 2513 lncantatio
2456 2473 2649 2513 rursus
2682 2467 2739 2513 et
2777 2456 2867 2511 illa
2912 2458 3126 2512 occulta
3165 2465 3222 2512 et
3275 2458 3439 2513 anilis

1852 2548 2238 2615 insusurratio,
2279 2550 2503 2620 magica:
2536 2549 2671 2604 artis
2709 2564 2835 2618 pars
2860 2556 3024 2618 atque
3062 2549 3276 2619 species
3316 2564 3438 2604 esse

1850 2640 2088 2695 videtur.
2127 2640 2319 2710 Itaque
2349 2642 2515 2695 etiam
2546 2641 2741 2696 beatus
2764 2640 2974 2711 Moyses
2996 2655 3260 2710 supernas
3289 2640 3441 2710 leges

1849 2730 2012 2786 nobis
2034 2730 2353 2797 declaravit,
2374 2731 2467 2801 qui
2493 2747 2711 2801 semper
2740 2731 2856 2785 haec
2882 2739 3105 2800 peccata
3129 2730 3435 2800 conjunxit,

1849 2829 1907 2877 et
1945 2829 2208 2893 tanquam
2255 2832 2504 2895 cognata,
2559 2823 2849 2893 alﬁniaque
2898 2822 3132 2878 crimina
3177 2838 3287 2877 una
3310 2838 3439 2877 eum

1849 2913 2136 2971 veneﬁciis
2157 2915 2585 2970 ineantationem
2618 2914 2915 2970 recensuit.
2942 2913 3034 2980 Ait
3056 2912 3238 2968 enim:
3268 2932 3287 2963 ι
3317 2911 3437 2967 Non

1849 3004 1959 3059 erit
1980 3003 2040 3060 in
2060 3004 2498 3060 vobisdivinans
2517 3006 2619 3073 21
2632 3006 2675 3074 ι
2712 3003 3126 3067 divinationem,
3162 3008 3442 3072 augura‘ns

1849 3101 1907 3150 et
1950 3095 2240 3161 ominans,
2308 3094 2621 3160 veneﬁcus,
2666 3094 3006 3159 incantator,
3052 3102 3440 3166 portentorum

182 3186 280 3251 δὸς,
299 3189 722 3259 τερατοσκόπος,
746 3193 842 3245 καλ⁷
857 3193 1314 3264 ὲγγαστρίμυθος,
1334 3198 1429 3251 καὶ
1455 3200 1749 3269 ἐπερωτῶν

1854 3188 2207 3253 observator,
2264 3197 2322 3244 et
2367 3189 2663 3260 pythonem
2707 3188 2936 3253 habens,
2983 3197 3042 3245 et
3091 3189 3440 3259 interrogans

183 3278 297 3341 τοὺς
324 3279 572 3350 νεκρούς.
620 3300 639 3332 ι
693 3281 855 3336 Ἀλλὰ
878 3286 1026 3337 νοσεῖ
1061 3284 1161 3355 μὲν
1195 3286 1435 3357 ὴὲπῳδὴ
1460 3288 1521 3342 τὸ
1557 3290 1752 3344 πάναι-

185 3386 334 3440 σχρον
360 3371 576 3443 κομιδῇ,
603 3372 774 3426 καὶτὸ
794 3375 853 3427 ὲν
871 3374 1026 3445 κακῷ
1051 3376 1264 3430 κεῖσθαι
1289 3376 1431 3442 λίαν,
1456 3379 1753 3452 ἀνεπτόην-

184 3477 264 3514 ται
291 3462 346 3514 δὲ
371 3461 471 3515 οὐκ
489 3457 588 3517 οἷδ’
604 3464 755 3528 ὃπως
787 3466 869 3528 εἰς
894 3464 1055 3521 τοῦτό
1089 3483 1256 3531 τινες,
1292 3470 1474 3522 ἐκεῖνο
1500 3470 1752 3539 λέγοντες

188 3552 261 3606 ὅτι
303 3553 505 3633 Κύριον
549 3555 778 3611 Σαϐαὼθ
827 3558 1155 3628 ὀνομάζουσι
1201 3562 1599 3633 κατεπᾴδοντες
1636 3565 1750 3627 τοῖς

186 3630 585 3716 ὴρῤωσττξκόσιν
618 3648 668 3700 οί
700 3647 808 3701 τῶν
845 3649 1066 3704 τοιῶνδε
1114 3630 1424 3721 μελεδωνοί.
1454 3653 1638 3725 Ταύτῃ
1667 3671 1750 3708 τοι

190 3736 271 3789 καὶ
294 3737 582 3807 ἐμπεδοῦν,
611 3738 695 3792 ὅτι
725 3738 801 3812 μὴ
840 3742 1067 3814 αἰσχρὸν
1110 3740 1198 3813 εἴη
1233 3742 1422 3797 λονιτὺν
1450 3743 1515 3798 τὸ
1554 3744 1750 3815 ἐπιτή-

188 3826 343 3898 δευμα
371 3869 386 3894 ,
438 3831 880 3888 διασπεύδουσιν.
930 3835 1180 3890 Ἐοίκασι
1220 3835 1277 3889 δὲ
1312 3836 1508 3907 ψυχρῷ
1542 3855 1603 3891 τε
1655 3838 1752 3893 καὶ

189 3918 393 3991 ἀδρανεῖ
434 3922 576 3993 πρὸς
615 3924 834 3995 ἀπάτην
874 3925 975 3978 καὶ
1014 3925 1453 3996 φρενοϐλάϐειαν»
1479 3927 1751 3998 ἀποκομίο

189 4008 359 4073 ζεσθαι
387 4012 637 4084 λογισμῷ
658 4030 672 4044 ·
719 4015 998 4085 τοιγάρτοι
1029 4015 1123 4070 τοῦ
1160 4018 1486 4090 πράγματος
1514 4020 1599 4073 ἇτι
1645 4020 1751 4091 μά-

190 4100 329 4156 λιοτα
356 4104 643 4175 δυσαχθὲς,
671 4108 804 4162 αὐτὸ
827 4107 890 4178 δὴ
924 4108 1083 4162 τοῦτό
1106 4111 1274 4166 ἐστιν.
1317 4110 1507 4182 Ἡμεῖς
1528 4113 1639 4185 γὰρ
1664 4113 1747 4181 τὺ,

190 4193 375 4263 Κύριος
394 4196 646 4263 Σαϐαὼθ,
668 4198 744 4268 τῷ
774 4199 884 4253 τῶν
916 4200 1051 4253 ὅλων
1073 4201 1462 4274 ἀναφωνοῦμεν
1486 4204 1607 4276 Θεῷ
1623 4246 1638 4270 ,
1662 4205 1752 4259 60-.-

192 4283 911 4361 ξολογεῖνὲθέλρντεςοέτέρῳ
939 4306 1002 4359 γε
1021 4290 1128 4361 μὴν
1145 4291 1253 4346 τῶν
1274 4292 1442 4346 όντων
1462 4292 1644 4357 οὐδενὶἸ
1653 4293 1751 4366 τὴν

192 4375 379 4429 τοιάνδε
398 4377 593 4448 κλῆσιν
620 4380 848 4450 ἐφίεμεν
869 4381 1032 4452 ἔχειν.
1060 4379 1156 4447 Εἷς
1172 4382 1280 4454 γὰρ
1302 4383 1396 4438 καὶ
1420 4383 1581 4454 μόνος
1602 4385 1751 4440 ἐστὶν

194 4466 221 4518 ό
248 4465 346 4520 τῶν
372 4467 653 4539 δυνάμεων
681 4471 907 4542 Κύριος.
947 4473 1009 4526 Οἱ
1037 4472 1127 4536 δὲ’,
1163 4472 1262 4545 νην
1286 4474 1461 4538 οὕτως
1494 4475 1750 4547 ὑπερφυᾶ

196 4555 277 4608 καὶ
306 4556 697 4631 εὐκλεεστάτην
727 4561 1067 4632 ἐπωνυμίαν,
1110 4564 1233 4635 ἢτοι
1269 4564 1600 4635 δοξολογίαν,
1640 4584 1746 4623 πα-

197 4647 568 4717 ραρρίπτουσιν
617 4651 855 4715 εὐκόλως
900 4649 982 4717 οἷς
1018 4653 1089 4708 ἂν
1116 4654 1323 4710 ἕλοιντο
1366 4656 1478 4711 τῶν
1514 4659 1747 4714 συναθυ-

196 4735 377 4804 ρόντων
403 4741 588 4804 αὐτοῖς
615 4742 929 4814 δαιμονίων,
963 4747 1056 4800 καὶ
1083 4750 1194 4811 τοῖς
1227 4748 1330 4818 τῆς
1356 4752 1749 4821 τερατουργίας

194 4824 352 4879 αὐτῶν
378 4827 719 4899 ὑποκριταῖς,
746 4830 845 4900 τὴν
864 4831 984 4902 Θεῷ
1005 4834 1099 4888 καὶ
1120 4834 1267 4907 μόνῳ
1290 4838 1749 4911 πρεπωδεστάτην

195 4916 478 4983 χαρίζονται
503 4918 683 4987 δόξαν,
710 4921 1098 4989 κολακεύοντές
1116 4942 1175 4979 τε
1197 4926 1297 4980 καὶ
1308 4926 1749 4998 κολακευόμενοι,

196 5005 279 5058 καὶ
304 5005 397 5093 τῆς
425 5007 568 5063 οὕτω
587 5010 769 5081 δεινῆς
800 5012 1119 5079 δυσσεϐείας
1150 5015 1250 5086 τὴν
1284 5018 1611 5092 ὑπερϐολὴν,
1642 5022 1746 5093 τῆς

196 5094 270 5163 ἐφ’
288 5091 364 5160 οἷς
385 5098 450 5152 ἂν
479 5100 688 5155 ἕλοιντο
717 5104 1023 5176 συνδρομῆς
1056 5106 1425 5178 ἀπονέμοντες
1453 5091 1747 5176 εἰςάντέκ-

195 5200 335 5240 τισιν.
376 5188 653 5261 Θεομάχον
674 5193 781 5264 γὰρ
809 5195 897 5249 ἀεὶ
934 5196 1028 5249 καὶ
1055 5198 1462 5266 φιλοδοξότατον
1483 5202 1591 5257 τῶν
1629 5204 1746 5257 δαι-

200 5277 377 5344 μονίων
411 5281 471 5335 τὸ
501 5285 711 5352 στῖφος.
750 5285 873 5357 Χρὴ
897 5288 1211 5359 τοιγαροῦν,
1255 5291 1331 5365 μὴ
1369 5296 1492 5357 ταῖς
1518 5294 1748 5349 ἐκείνων

202 5366 328 5435 ἡμᾶς
382 5375 852 5447 συναποφέρεσθαι
904 5378 1291 5448 δυσϐουλίαις,
1342 5383 1645 5457 ἀποφοιτᾷν
1688 5386 1745 5441 δὲ

202 5458 381 5548 μᾶλλον
438 5462 513 5527 ὡς
557 5465 879 5533 ἀπωτάτω,
918 5468 1011 5524 καὶ
1054 5470 1129 5541 μὴ
1157 5475 1415 5545 πονηροῖς
1456 5476 1748 5548 προσέχειν

202 5547 437 5641 ξατροῖςῆ
462 5570 519 5606 τε
529 5560 881 5628 ρατουργοῖς,
912 5562 1027 5625 τοῖς
1059 5561 1302 5635 δαίμοσι,
1344 5547 1537 5636 μισθὸν
1559 5547 1749 5641 ὥσπερ

205 5638 308 5692 τινὰ
336 5641 440 5698 τῶν
463 5646 542 5709 εἰς
569 5648 716 5717 ἡμᾶς
743 5649 1076 5743 ἀθυρμάτων
1102 5654 1378 5721 ὲξαιτοῦσι
1410 5658 1507 5726 τὰς
1538 5638 1744 5733 δυσφηί-

267 5822 306 5854 υ
335 5820 504 5880 chit.
550 5844 656 5893 XIX,
688 5828 775 5885 ‘26.
851 5831 896 5863 ’°
924 5830 1062 5888 lbid.
1092 5834 1182 5891 51.

1861 3286 2111 3334 mortuos
2153 3280 2220 3333 ³ο.
2268 3298 2285 3330 ι
2340 3279 2649 3343 Caeterum,
2695 3294 2821 3334 cum
2869 3279 3171 3334 incantatio
3226 3279 3436 3348 turpis-

1853 3367 1992 3422 sima
2035 3367 2128 3431 sit,
2177 3382 2243 3423 ac
2300 3366 2684 3432 vitiosissima,
2735 3374 2920 3422 tamen
2967 3367 3155 3422 nescio
3195 3382 3438 3437 quonam

1855 3456 2021 3511 modo
2043 3472 2165 3512 eam
2208 3457 2461 3511 nonnulli
2513 3457 2882 3521 admirantur,
2925 3464 3092 3527 atque
3127 3456 3259 3511 illud
3281 3457 3437 3511 aiunt

1851 3546 2146 3602 Dominum
2170 3546 2410 3602 Sabaoth
2453 3562 2796 3617 nuncupare,
2839 3561 2965 3601 cum
3013 3562 3177 3617 super
3202 3545 3436 3602 inﬁrmis

1851 3653 2076 3694 carmen
2117 3638 2436 3703 incantant,
2480 3637 2576 3707 qui
2627 3638 2898 3710 ejusmodi
2956 3651 3107 3695 artes
3153 3644 3439 3694 exercent.

1852 3730 1968 3786 Hac
2003 3731 2217 3787 ratione
2243 3730 2571 3786 conﬁrmare
2598 3738 2891 3796 conantur,
2931 3730 3125 3787 abesse
3144 3746 3176 3785 a
3200 3729 3439 3799 turpitu-

1851 3821 1980 3877 dine
2004 3822 2112 3876 hoc
2131 3821 2374 3877 studium
2397 3837 2425 3887 ;-
2450 3820 2709 3876 videntur
2742 3831 2927 3877 autem
2963 3820 3162 3892 frigida
3198 3820 3439 3891 quadam

1851 3924 2018 3984 atque
2042 3913 2262 3969 inﬁrma
2286 3912 2705 3971 ratiocinatione
2731 3912 2798 3968 ad
2824 3914 2973 3968 hune
3003 3928 3247 3967 errorem
3272 3920 3437 3980 atque

1852 4006 2188 4062 dementiam
2234 4003 2601 4069 abduci.,Hoc
2643 4004 2792 4059 enim
2840 4004 3021 4073 ipsum
3065 4011 3151 4057 est
3194 4003 3250 4056 in
3276 4005 3355 4056 ea'
3377 4017 3436 4057 re

1852 4098 2341 4165 molestissimum;
2376 4112 2480 4153 nos
2524 4096 2675 4151 enim
2719 4096 2821 4150 hac
2857 4110 3013 4159 voce,
3045 4094 3312 4149 Dominus
3341 4093 3438 4149 Sa-

1852 4192 2042 4258 baoth,
2080 4192 2253 4247 Deum
2298 4190 2688 4245 universorum
2726 4188 3085 4258 appellamus,
3118 4202 3244 4242 cum
3279 4186 3435 4240 illum

1851 4281 2159 4355 gloriﬁcare
2188 4281 2463 4343 volumus,
2505 4292 2695 4349 neque.
2728 4278 2811 4334 rei
2854 4285 3119 4348 praeterea
3158 4291 3225 4331 ex
3245 4277 3435 4331 omnis

1850 4377 1977 4443 bus,
2001 4392 2125 4447 quae
2145 4384 2297 4442 sunt,
2320 4378 2419 4432 ulli
2441 4377 2585 4432 hanc
2597 4372 3017 4446 appellationem
3040 4369 3434 4441 permittimus.

1851 4469 2006 4525 Unus
2029 4470 2177 4525 enim
2227 4485 2294 4523 ac
2337 4469 2491 4525 solus
2529 4476 2614 4524 est
2653 4466 2998 4523 exercituum
3034 4463 3320 4519 Dominus.
3367 4462 3435 4518 lli

1852 4575 1984 4615 vero
2003 4560 2142 4615 adeo
2180 4560 2563 4616 admirabilem
2600 4567 2658 4615 et
2691 4558 2985 4629 gloriosam
3012 4555 3436 4626 appellationem

1853 4664 1954 4703 seu
1972 4648 2429 4720 gloriﬁcationem
2452 4648 2738 4707 daemoniis
2759 4663 2869 4703 una
2891 4662 3078 4703 secum
3119 4645 3441 4705 ludentibus

1854 4740 2057 4811 quibus
2078 4741 2375 4806 voluerint,
2400 4740 2560 4796 facile
2583 4739 2902 4812 projiciunt,
2927 4746 2984 4794 et
3016 4737 3125 4795 illis
3156 4744 3437 4807 portento—

1857 4848 1980 4887 rum
2011 4848 2239 4888 suorum
2269 4832 2553 4889 actoribus
2596 4832 2849 4903 gloriam,
2887 4847 3012 4902 quas
3049 4832 3163 4885 Deo
3197 4829 3296 4883 soli
3324 4844 3437 4883 ma-
3528 4904 3533 4909 _

1857 4922 2002 4977 xime
2030 4922 2311 4986 convenit,
2338 4923 2669 4993 largiuntur,
2698 4922 2985 4977 adulantes
3008 4921 3170 4976 simul
3192 4929 3248 4974 et
3270 4921 3434 4974 vicis-

1851 5013 1954 5070 sim
1982 5012 2293 5068 adulatione
2316 5013 2482 5083 capti,
2507 5020 2559 5068 et
2598 5029 2697 5083 pro
2731 5027 2940 5076 rerum,
2976 5026 3113 5081 quas
3139 5011 3433 5074 voluerint,

1852 5114 2076 5171 eventu,
2118 5106 2262 5160 hanc
2305 5112 2419 5160 tam
2456 5113 2620 5161 terrae
2662 5104 2962 5174 impietatis
3003 5101 3435 5172 magnitudinem

1854 5198 2127 5254 mercedis
2166 5198 2304 5253 loco.
2338 5197 2668 5268 rependunt.
2722 5197 2820 5251 Est
2861 5194 3008 5249 enim
3039 5194 3434 5249 daemoniorum

1853 5292 2053 5347 cohors
2076 5291 2189 5345 Deo
2205 5304 2421 5360 semper
2432 5289 2676 5353 inimica,
2694 5296 2751 5343 et
2765 5287 3213 5358 appetentissima
3228 5286 3435 5357 gloriae.

1854 5385 1973 5439 Non
2016 5383 2184 5453 igitur
2238 5380 2694 5437 committendum
2738 5387 2824 5434 est
2877 5387 2940 5433 ut
2991 5379 3209 5433 illorum
3255 5378 3437 5448 pravis

1857 5475 2109 5532 consiliis
2133 5474 2505 5536 abducamnr;
2546 5470 2642 5527 sed
2682 5470 2868 5540 potius
2901 5471 2972 5526 ab
2994 5470 3101 5526 illis
3126 5486 3289 5540 quam
3312 5471 3436 5525 lon-

1859 5569 2082 5640 gissime
2135 5564 2561 5630 discedendum;
2619 5578 2800 5633 neque
2861 5564 3021 5619 malis
3088 5563 3319 5617 medicis
3373 5576 3438 5615 ac

1858 5668 2245 5731 portentorum
2296 5654 2618 5713 auctoribus
2658 5654 2942 5711 daemoniis
2983 5653 3439 5723 auscultandum.
