4072 6548
538 394 638 461 471

1573 398 1627 456 S.
1669 396 1942 457 CYRILLI
1982 395 2452 457 ALEXANDRINI
2491 397 2810 458 ARCHIEP.

3703 396 3814 453 472

535 538 764 577 suarum
798 537 855 577 in
892 536 995 578 nos
1037 516 1497 584 iudiﬂcationum,
1533 520 1773 575 nefarias
1811 521 1910 576 has
1937 521 2129 576 laudes

2240 527 2382 597 μίας.
2425 524 2497 578 Σὺ
2531 524 2587 578 δὲ
2619 522 2675 576 et
2702 542 2755 576 τι
2786 521 2896 574 τῶν
2931 521 3025 574 τοῦ
3057 519 3308 590 σώματος
3353 519 3558 591 μορίων
3596 519 3816 588 ἀλγεῖς,

534 612 809 670 mercedis
824 614 1105 684 cujusdam
1126 614 1299 668 instar
1316 612 1681 683 exigentibus.
1704 612 1786 668 Tu
1801 628 1951 677 vero,
1966 613 2011 667 si
2022 629 2130 682 qua

536 706 635 761 tibi
655 722 783 777 pars
799 705 1228 776 corporisdolet,
1247 713 1303 761 et
1319 720 1446 760 vere
1462 704 1645 761 credis
1668 705 1785 760 haec
1808 704 1995 767 verba,
2022 705 2129 759 Do-

536 797 720 852 minus
738 792 976 852 Sabaoth
994 838 1008 862 ,
1023 807 1080 853 et
1107 797 1243 852 alias
1257 797 1572 868 huiusmodi
1585 797 1983 868 appellationes
1993 812 2132 866 quas

536 881 650 943 Deo
672 889 765 958 qui
784 889 1088 944 secundum
1114 897 1490 954 naturamest,
1519 889 1705 943 divina
1723 888 2009 957 Scriptura
2036 887 2131 940 tri-

535 978 790 1041 huit,vim
804 979 1007 1035 habere
1018 990 1182 1050 putas
1192 979 1429 1050 pellendi
1444 980 1646 1033 malum
1660 978 1814 1041 iilud,
1830 994 1929 1048 pro
1946 989 1996 1033 te
2009 978 2129 1049 ipso

536 1080 729 1140 preces
743 1064 1123 1136 fundensmec
1136 1072 1302 1126 verba
1318 1071 1636 1143 pronuntia;
1650 1071 1729 1129 sic
1741 1072 1889 1127 enim
1901 1073 2127 1138 rectius,

535 1175 700 1235 quam
718 1162 793 1218 illi
804 1164 1013 1230 ,facies,
1025 1179 1206 1234 neque
1223 1164 1457 1234 impuris
1469 1162 1876 1233 spiritibus,sed
1893 1160 2004 1217 Deo
2016 1163 2130 1233 glo-

536 1255 677 1311 riam
699 1257 929 1312 tribues.
942 1256 1396 1313 Commemorabo
1422 1256 1586 1310 etiam
1603 1254 1867 1310 divinitus
1892 1254 2127 1324 inspira-

538 1354 645 1403 tam
670 1346 1010 1418 Scripturam
1031 1364 1152 1418 quae
1166 1348 1244 1403 ait
1274 1366 1287 1400 :
1328 1369 1346 1399 ε
1374 1348 1686 1405 lniirmatur
1709 1347 1835 1417 quis
1864 1346 1918 1400 in
1938 1346 2130 1400 vobis?

539 1440 765 1495 inducat
788 1442 1142 1513 presbyteros
1178 1441 1435 1497 Ecclesia:
1453 1458 1473 1505 ;<
1499 1448 1561 1495 et
1578 1449 1737 1494 orent
1783 1453 1948 1508 super
1974 1453 2123 1501 eum,

541 1542 813 1603 tingentes
834 1550 962 1589 eum
1006 1534 1129 1590 oleo
1166 1535 1221 1589 in
1250 1534 1472 1589 nomine
1529 1531 1779 1596 Domini;
1832 1539 1886 1584 et
1948 1531 2125 1586 oratio

540 1627 665 1683 ﬁdei
693 1627 927 1683 salvabit
951 1627 1252 1691 infirmum,
1278 1634 1335 1681 et
1356 1624 1635 1681 alleviabit
1658 1623 1811 1677 illum
1829 1622 2120 1677 Dominus:

539 1729 596 1774 et
624 1721 670 1775 si
704 1721 760 1775 in
785 1721 1033 1791 peccatis
1056 1721 1147 1783 sit,
1179 1720 1532 1774 remittentur
1557 1717 1609 1772 ei
1638 1717 1707 1768 ⁷⁵³.
1750 1735 1770 1766 ι

612 1789 1007 1880 2‘12_PALL.
1033 1810 1275 1880 Auguria
1314 1808 1480 1879 igitur
1505 1815 1564 1862 et
1594 1806 1902 1861 carminum
1930 1805 2121 1860 incan—
2154 1789 2165 1798 ’

2233 618 2327 669 καὶ⁵
2352 614 2722 676 πεπίστευκας
2754 610 2993 682 ἀληθῶς,
3018 610 3103 663 ὅτι
3131 607 3193 662 τὸ
3214 608 3419 679 Κύριος
3440 606 3693 671 Σαϐαὼθ,
3715 611 3821 662 καὶ

2230 710 2287 762 αῑ
2329 705 2528 760 τοιαίδε
2581 704 2801 775 κλήσεις
2842 701 2908 767 ἃς
2938 700 3057 772 Θεῷ
3100 700 3182 771 τῷ
3228 700 3372 755 κατὰ
3412 700 3576 771 φύσιν
3605 704 3639 772 ἡ
3687 704 3817 756 θεία

2231 797 2528 870 προσνέμει
2555 796 2768 870 Γραφὴ,
2800 794 3014 849 λυτικαί
3038 810 3119 847 σοι
3141 794 3463 864 γενήσονται
3489 792 3583 847 τοῦ
3612 794 3815 857 κακοῦ,

2229 888 2391 953 αὐτὸς
2433 888 2575 959 ὑπὲρ
2616 885 2841 941 σεαυτοῦ
2880 884 3316 957 προσευχόμενος
3337 924 3354 948 ,
3394 883 3670 954 άναφὼνει
3706 884 3815 947 τὰς

2228 981 2429 1048 λέξας’
2480 981 2703 1053 ἄμεινον
2747 979 2859 1051 γὰρ
2996 980 3200 1032 ἐκεῖνοι
3237 978 3491 1045 δράσεις,
3541 977 3659 1048 Θεῷ
3706 979 3817 1048 τὴν

2228 1075 2387 1140 δόξαν
2409 1074 2703 1137 ἀνατιθεὶς,
2737 1073 2833 1127 καὶ⁵
2860 1072 2980 1142 οὐχ).
3001 1073 3116 1134 τοῖς
3140 1069 3472 1141 ἀκαθάρτοις
3509 1069 3817 1139 πνεύμασι.

2228 1166 2596 1237 Μεμνήσομαι
2622 1165 2679 1218 δὲ
2705 1165 2801 1218 καὶ
2829 1163 2930 1233 τῆς
2963 1161 3327 1216 θεοπνεύστου
3371 1160 3592 1231 Γραφῇ
3615 1161 3817 1229 λεγού-

2231 1270 2331 1329 σης
2353 1275 2365 1287 ·
2404 1277 2423 1309 ι
2477 1257 2719 1311 Ἀσθενεῖ
2756 1273 2839 1319 τις
2869 1256 2927 1308 ὲν
2966 1256 3136 1326 ὑμῖν;
3168 1254 3636 1325 προσκαλεσάσθω
3676 1254 3823 1317 τοὺς

2227 1348 2635 1420 πρεσϐυτέρους
2668 1347 2769 1417 τῆς
2806 1346 3153 1417 Ἐκκλησίας,
3192 1345 3286 1400 καὶ
3315 1343 3819 1417 προσευξάσθωσαν

2229 1442 2313 1494 ἐπ’
2337 1439 2508 1510 αὐτῷ,
2535 1435 2858 1508 ἀλείψαντες
2881 1438 3044 1491 αὐτὸν
3071 1436 3256 1507 ἐλαίῳ,
3283 1439 3341 1490 ὲν
3363 1436 3442 1507 τῷ
3464 1436 3687 1507 ὀνόματι
3707 1436 3818 1489 τοῦ

2228 1533 2433 1604 Κυρίου
2455 1550 2467 1562 ·
2498 1532 2640 1601 καὶή
2673 1531 2807 1601 εὐχὴ
2829 1530 2928 1601 τῆς
2953 1532 3191 1594 πίστεως
3208 1528 3480 1583 σώσειτὸν
3509 1530 3817 1598 κάμνοντα,

2227 1628 2321 1681 καὶ
2360 1625 2548 1696 ἐγερεῖ
2574 1622 2733 1677 αὐτὸν
2759 1625 2788 1676 ό
2828 1622 3049 1693 Κύριος,
3080 1620 3183 1676 κᾶν
3207 1620 3485 1692 ἁμαρτίας
3573 1637 3818 1691 πεποιη-

2226 1718 2358 1782 κὼς,
2386 1716 2717 1787 ἀφεθήσεται
2735 1714 2902 1781 αὐτῷ.
2945 1732 2971 1764 r

2297 1810 2505 1865 ΠΔΛΛ.
2532 1808 2907 1863 σῖωνοσκοπία
2934 1807 2998 1878 δὴ
3021 1800 3136 1871 οὖν,
3159 1807 3255 1862 καὶ⁵
3279 1806 3379 1878 μέν
3403 1818 3484 1860 τοι
3507 1805 3603 1859 καῖ⁵
3625 1803 3824 1875 ἐπῳδὴ

545 1904 677 1957 tatio
699 1902 1156 1965 numerentur,~si
1182 1903 1381 1971 placet,
1405 1900 1549 1954 inter
1572 1913 1659 1962 ea,
1682 1913 1803 1967 quae
1833 1898 1952 1967 lege
1972 1896 2125 1950 dam-

2240 1902 2606 1975 συντετάχθω,
2639 1902 2689 1955 εἰ
2707 1902 2873 1967 δοκεῖ,
2902 1901 3017 1964 τοῖς
3044 1902 3109 1953 ὲκ
3146 1900 3314 1970 νόμου
3341 1898 3819 1968 διαὸεὸλημένοις,

541 2006 760 2062 nantur,
788 2005 845 2052 et
889 2008 1012 2067 quae
1051 2011 1082 2052 a
1119 1997 1231 2053 Deo
1263 1995 1579 2066 turpissima
1622 2002 1678 2049 et
1706 1994 1939 2049 maxime
1962 2008 2119 2049 exse-

541 2083 743 2140 oranda
769 2082 1116 2155 iudicantur.

610 2170 768 2239 CYR.
808 2174 1040 2231 Maxime
1076 2191 1227 2231 vero.
1266 2173 1403 2231 Illud
1441 2176 1608 2231 etiam
1644 2175 1975 2239 addiderim,
2001 2175 2125 2231 aliis

542 2280 762 2337 quoque
809 2267 989 2322 modis
1034 2269 1090 2323 in
1144 2267 1318 2323 Deum
1366 2267 1662 2339 iniuriosos
1699 2283 1820 2323 esse
1861 2282 2042 2337 posse,
2069 2274 2124 2321 et

544 2372 661 2415 suae"
695 2374 973 2429 quemque
1023 2374 1154 2430 erga
1184 2374 1313 2414 eum
1350 2359 1651 2428 impietatis
1695 2372 1848 2414 reum
1898 2356 2035 2421 fore,
2064 2371 2128 2411 ac

544 2458 738 2515 pennas
762 2446 1044 2512 daturum,
1078 2448 1124 2502 si
1159 2450 1416 2519 periurus
1441 2449 1570 2511 erit,
1612 2455 1706 2504 aut
1745 2448 2127 2518 blasphemum

544 2538 767 2608 aliquod
827 2539 1096 2603 verbum,
1160 2548 1219 2594 et
1273 2541 1576 2595 absurdum
1623 2540 1692 2596 de
1720 2540 1812 2596 illa
1872 2554 2129 2610 suprema

547 2630 1105 2701 praestantissimaque
1144 2631 1315 2701 gloria
1354 2632 1575 2687 dixerit.
1615 2632 1751 2689 Illud
1788 2633 1935 2688 enim
1974 2631 2131 2702 prius

547 2723 629 2777 ira
661 2738 896 2788 summa,
926 2724 1354 2796 gravissimeque
1393 2741 1559 2794 pinna
1593 2725 1925 2791 vindicatur,
1970 2725 2129 2789 falce,

546 2824 611 2871 ut
632 2815 899 2886 scriptum
950 2823 1055 2882 est,
1108 2827 1466 2873 consumente
1522 2819 1729 2889 periuri
1782 2818 2029 2884 domum,
2074 2829 2133 2876 et

546 2907 800 2963 funditus
832 2916 1113 2963 evertente
1151 2924 1171 2961 ι
1199 2928 1217 2960 ι
1250 2905 1593 2979 ingredietur
1635 2909 1805 2975 enim,
1840 2909 2037 2981 inquit,
2074 2910 2131 2965 in

547 3001 773 3056 domum
802 3000 962 3066 furis,
986 3001 1122 3056 etin
1142 3001 1368 3055 domum
1398 3001 1640 3072 iurantis
1662 3001 1718 3056 in
1756 3002 1979 3058 nomine
2008 3018 2134 3059 meo

548 3093 911 3159 mendaciter,
934 3100 994 3149 et
1024 3094 1340 3165 requiescet
1372 3094 1428 3149 in
1467 3094 1653 3151 medio
1676 3095 1875 3150 domus
1899 3096 2042 3167 eius,
2077 3103 2134 3151 et

2220 1980 2316 2052 καὶ
2353 1999 2469 2061 τοῖς
2515 1996 2575 2049 ὲν
2622 1995 2879 2066 αἰσχίστῃ
2928 1996 3025 2049 καὶ
3072 1990 3455 2065 βδελυρωτάτῃ
3487 1990 3617 2061 δόξῃ
3659 1988 3824 2060 παρὰ

2220 2088 2367 2159 Θεῷ.

2297 2182 2462 2236 ΚΥΡ.
2503 2180 2617 2235 Καὶ
2649 2179 2791 2250 μάλα
2816 2220 2831 2244 ,
2876 2176 3175 2247 προσθείην
3204 2177 3252 2229 δ’
3289 2175 3376 2236 ἂν,
3422 2176 3503 2229 ὅτι
3548 2176 3644 2229 καὶ
3686 2167 3826 2227 καθ’

2225 2273 2442 2345 ἐτέρους
2473 2272 2565 2326 τὸν
2587 2271 2718 2325 Θεὸν
2742 2270 3041 2342 ὑδριοῦμεν
3063 2271 3319 2337 τρόπους,
3347 2271 3442 2324 καὶ
3466 2270 3565 2338 τῆς
3592 2268 3675 2329 εἰς
3707 2267 3829 2319 αὐο

2225 2365 2316 2418 τὸν
2351 2362 2670 2427 δυσσεϐείας
2695 2362 2849 2431 ὄφλοι
2885 2379 2969 2426 τις
3009 2361 3076 2416 ἂν
3103 2363 3322 2434 γραφήν
3358 2378 3419 2415 τε
3465 2361 3563 2413 καὶ⁵
3597 2357 3822 2427 λόγους,

2224 2458 2286 2512 τὸ
2317 2457 2632 2528 ψευδορκεῆ
2660 2455 2968 2527 ᾑρημένος,
2996 2456 3090 2510 καὶ
3113 2455 3176 2508 τὺ
3207 2452 3568 2525 παλίμφημόν
3592 2470 3668 2516 τι,
3718 2450 3831 2505 καὶ

2227 2546 2440 2619 ἀπηχὲς
2477 2549 2652 2601 εἰπεῖν
2681 2548 2826 2602 κατά
2862 2565 2925 2616 γε
2946 2548 3053 2618 ’τῆς
3086 2545 3398 2619 ὗπερτάτης
3430 2546 3524 2600 καὶ
3552 2546 3829 2600 ἀνωτάτω

2227 2638 2406 2711 δόξης.
2445 2638 2519 2693 Τὸ
2549 2639 2647 2710 μὲν
2685 2639 2795 2711 γὰρ
2829 2638 3116 2703 κολάζεται
3147 2642 3214 2710 τῇ
3247 2640 3480 2693 εἰσάπαν
3517 2640 3681 2709 ὀργῇ,
3728 2639 3829 2690 καὶ

2230 2734 2444 2803 ἀσχέτῳ
2472 2731 2652 2803 ποινῇ,
2684 2730 3067 2795 συντελοῦντος
3101 2730 3196 2785 τοῦ
3225 2730 3516 2801 δρεπάνου,
3544 2729 3691 2784 καθὰ
3725 2730 3831 2797 γέ-

2231 2839 2475 2899 γραπται
2496 2866 2511 2888 ,
2546 2827 2645 2897 τὴν
2672 2824 2768 2879 τοῦ
2802 2822 3227 2897 ψευδορκοῦντος
3265 2824 3483 2887 ἑστίαν,
3520 2823 3616 2877 καὶ
3641 2840 3825 2875 καταο

2234 2916 2473 2979 σείοντος
2500 2916 2580 2979 είς
2599 2914 2661 2969 τὺ
2682 2915 2975 2979 παντελές·
3009 2934 3030 2967 ι
3063 2915 3446 2969 Είσελεύσεται
3466 2912 3597 2984 γὰρ,
3628 2913 3835 2983 φησιν.

2233 3011 2314 3073 είς
2358 3008 2452 3063 τὸν
2483 3004 2631 3063 οῐκον
2672 3007 2768 3061 τοῦ
2808 3007 3045 3062 κλέπτου
3067 3049 3082 3073 ,
3126 3006 3220 3061 καὶ
3268 3007 3348 3070 είς
3392 3005 3485 3060 τδν
3527 2999 3680 3058 οἷκον
3729 3002 3840 3057 τοῦ

2234 3098 2529 3172 ὀμνύοντος
2552 3100 2631 3171 τῷ
2661 3099 2885 3171 ὀνόματί
2916 3117 3018 3170 μου
3048 3099 3141 3154 ἐπὶ
3166 3099 3371 3169 ψεύδει,
3399 3097 3494 3152 καὶ
3524 3095 3837 3151 καταλύσει

549 3192 839 3241 consumet
873 3200 1019 3250 eam,
1066 3194 1123 3240 et
1162 3185 1310 3256 ligna
1349 3186 1491 3256 eius,
1527 3194 1584 3240 et
1610 3185 1822 3255 lapides
1840 3186 1963 3257 eius
1990 3187 2075 3239 "z
2108 3205 2126 3237 ι

2240 3196 2295 3247 tv
2332 3194 2481 3265 μέσῳ
2502 3192 2596 3247 τοῦ
2624 3194 2774 3247 οἴκου
2809 3190 2999 3255 αὑτοῦ,
3030 3191 3127 3246 καὶ
3160 3188 3468 3244 συντελέσει
3497 3187 3699 3251 αὐτὸν,
3732 3187 3836 3265 καὶ

551 3277 694 3332 Illud
707 3292 843 3332 vero
859 3277 1100 3332 alterum
1122 3288 1302 3333 morte
1325 3293 1391 3332 ac
1410 3292 1670 3348 supremo
1695 3278 1967 3348 supplicio
1989 3278 2134 3332 mul-

554 3378 720 3424 tatur.
748 3364 869 3425 Non
894 3370 1078 3439 itaque
1099 3370 1156 3424 in
1182 3384 1242 3424 re
1265 3368 1397 3424 falsa
1414 3368 1747 3439 iurandum;
1772 3369 1885 3425 imo
1909 3383 2041 3424 vero
2066 3383 2139 3423 ne

548 3460 847 3533 iurandum
874 3460 1099 3532 quidem
1123 3459 1349 3516 omnino
1374 3474 1391 3512 τ
1413 3460 1469 3514 id
1502 3460 1651 3514 enim
1677 3460 1866 3516 docuit
1888 3474 1991 3516 nos
2016 3458 2138 3515 Sal-

552 3567 731 3623 vator,
756 3572 883 3612 cum
908 3556 1082 3613 dixit:
1107 3555 1220 3610 «Sit
1237 3562 1422 3610 autem
1447 3570 1630 3609 sermo
1654 3565 1859 3619 vester,
1879 3553 1998 3619 Est,
2022 3562 2136 3618 est;

555 3658 614 3705 et
651 3648 794 3712 Non,
820 3662 930 3701 non
962 3647 1149 3717 τιμιοὰ
1201 3653 1387 3700 mitem
1428 3647 1530 3701 his
1555 3646 1929 3701 abundantius
1974 3652 2079 3711 est,
2109 3660 2140 3700 a

557 3738 779 3795 diabolo
801 3746 887 3794 est
924 3738 991 3792 ³⁸.
1024 3758 1045 3789 ι
1083 3738 1271 3808 Neque
1306 3739 1477 3802 enim,
1507 3738 1601 3809 qui
1624 3753 1820 3809 graves
1842 3739 2139 3802 habentur,

557 3838 617 3887 et
641 3830 905 3886 virtutem
935 3827 1040 3885 sibi
1076 3830 1232 3899 quasi
1261 3830 1713 3886 contubernalem
1760 3829 2032 3895 fecerunt,
2074 3828 2144 3885 iis

561 3922 788 3978 omnino
811 3921 1173 3992 iurisiurandi
1198 3922 1344 3976 ullus
1366 3922 1473 3976 erit
1506 3937 1683 3977 usus:
1710 3937 1836 3976 nam
1872 3919 2140 3993 eiusmodi

560 4016 848 4072 hominum
879 4017 993 4071 vita
1036 4014 1185 4087 apud
1219 4016 1441 4085 pietatis
1466 4024 1740 4071 amatores
1778 4023 1926 4070 certe
1948 4030 2144 4085 magno

562 4109 619 4163 hi
639 4108 822 4179 pretio
846 4115 950 4171 est,
986 4123 1167 4178 neque
1202 4109 1281 4162 illi
1308 4108 1445 4163 fides
1478 4123 1587 4162 non
1615 4107 1809 4162 haberi
1844 4107 2020 4170 solet;
2056 4123 2141 4171 ac,

562 4199 608 4254 si
632 4198 766 4269 quid
790 4199 918 4254 talis
942 4198 1028 4254 vir
1045 4198 1185 4255 forte
1222 4199 1449 4263 dixerit,
1478 4198 1625 4253 iilico
1662 4198 1768 4252 tide
1799 4197 2143 4253 audientium

561 4291 862 4361 excipitur.
880 4289 964 4346 Sit
989 4290 1154 4363 igitur
1174 4291 1526 4346 vitanostrie
1559 4290 1700 4345 ratio
1732 4290 2015 4359 prmelara,
2045 4304 2146 4344 ne-

563 4398 671 4452 que
720 4383 867 4437 ullus
886 4383 996 4439 erit
1033 4382 1318 4453 profecto,
1356 4389 1419 4436 ut
1456 4395 1559 4453 ego
1608 4381 1883 4445 arbitror,
1923 4380 2149 4451 iurandi

564 4488 717 4528 usus.
745 4472 842 4528 Sin
865 4488 1011 4543 opus
1023 4473 1132 4526 erit
1151 4471 1473 4541 aliquando,
1500 4470 1648 4542 quod
1670 4471 1960 4533 honorem,
1981 4484 2144 4539 quem

2236 3283 2306 3336 τὰ
2333 3280 2466 3347 ξύλα
2492 3280 2681 3346 αὑτοῦ,
2712 3282 2809 3336 καὶ
2832 3282 2962 3344 τοὺς
2998 3280 3181 3343 λίθους
3214 3277 3401 3334 αὑτοῦ.
3438 3296 3457 3329 ι
3494 3276 3746 3347 Θάτερόν
3768 3292 3835 3346 γε

2241 3374 2370 3445 μὴν,
2417 3372 2477 3428 τὺ
2522 3374 2844 3428 ὲκτεθνάναι
2880 3374 2992 3427 δεῖν
3014 3415 3030 3439 ,
3078 3373 3173 3427 καὶ
3206 3371 3269 3425 τὸ
3304 3371 3522 3426 πάντων
3558 3369 3841 3423 ἐπέκεινα

2236 3468 2346 3522 τῶν
2371 3467 2558 3521 κακῶν
2587 3466 2733 3538 ἔχειν
2763 3466 2864 3537 τὴν
2891 3466 3072 3537 δίκην.
3118 3464 3239 3536 Χρὴ
3269 3461 3558 3535 τοιγαροῦν
3587 3460 3835 3531 ὀμνύναι

2242 3560 2317 3631 μὴ
2351 3560 2446 3613 ἐπὶ
2486 3559 2705 3629 ψεύδειο
2745 3558 2947 3630 μᾶλλον
2977 3558 3034 3612 δὲ
3069 3558 3191 3629 μηδ’
3221 3557 3359 3620 ὅλως
3386 3554 3632 3625 ὀμνύναι.
3661 3552 3847 3606 Τουτὶ

2238 3649 2347 3720 γὰρ
2373 3652 2521 3721 ἡμᾶς
2551 3648 2787 3715 ἐδίδαξεν
2818 3650 2847 3703 ό
2879 3649 3089 3721 Σωτὴρ,
3119 3647 3328 3715 λέγων’
3365 3664 3384 3697 ε
3428 3644 3613 3697 Ἔστω
3645 3642 3845 3714 ὑμῶν,

2239 3742 2302 3795 τὸ
2326 3742 2454 3807 Ναὶ,
2482 3741 2598 3805 ναὶ,
2624 3740 2718 3794 καὶ
2740 3740 2802 3794 τὸ
2820 3738 2920 3804 οῦ,
2948 3739 3031 3794 οὕ’
3066 3738 3127 3793 τὸ
3154 3739 3210 3792 δὲ
3235 3737 3486 3810 περισσὸν
3508 3736 3745 3795 τούτων,
3770 3738 3843 3790 ἐκ

2241 3836 2336 3890 τοῦ
2351 3835 2598 3889 διασόλου
2615 3833 2784 3890 ἐστίν.
2808 3854 2829 3885 ›
2853 3835 3057 3906 Ὅρκου
3078 3833 3187 3905 γὰρ
3207 3833 3344 3896 ὅλως
3362 3830 3463 3884 οὐκ
3486 3830 3641 3883 ἔσται
3668 3830 3841 3900 χρεία

2241 3929 2355 3992 τοῖς
2376 3929 2434 3980 ιν
2458 3925 2726 3998 ὑπολήψει
2748 3926 3098 3998 σεμνότητος,
3126 3927 3219 3979 καὶ
3244 3925 3488 3978 σύνοικον
3510 3921 3706 3995 ὥσπερ
3737 3939 3843 3975 πε·-

2244 4018 2564 4089 ποιημένοις
2589 4016 2688 4088 τὴν
2725 4016 2931 4087 ἀρετήν
2947 4033 2961 4047 ·
3012 4015 3367 4087 ὲκτετίμηται
3393 4015 3501 4083 γὰρ
3529 4013 3655 4067 λίαν
3680 4013 3846 4083 παρὰ

2243 4112 2357 4175 τοῖς
2389 4109 2675 4173 εὐσεσείας
2702 4109 2964 4180 ἐρασταῖς
2993 4107 3101 4161 τῶν
3127 4107 3386 4161 τοιούτων
3407 4106 3436 4159 ό
3476 4105 3612 4174 βίος.
3647 4106 3753 4158 καὶ
3776 4105 3842 4157 τὸ

2245 4197 2596 4255 ἀπιστεῖσθαι
2639 4202 2820 4272 μισεῖν
2846 4216 2861 4229 ·
2890 4200 2997 4254 κᾶν
3023 4200 3077 4253 et
3111 4216 3164 4254 τι
3207 4198 3497 4269 φθέγγοιτο
3522 4197 3691 4266 τυχὸν
3714 4237 3733 4260 ,
3769 4200 3844 4267 τῇ

2249 4293 2362 4347 τῶν
2398 4292 2769 4365 ἀκροωμένων
2809 4292 2973 4355 εὐθὺς
3000 4288 3357 4361 στεφανοῦται
3399 4289 3602 4343 πίστει.
3647 4289 3846 4343 Ἔστω

2249 4383 2545 4456 τοιγαροῦν
2565 4385 2725 4457 ἡμῶν
2763 4385 2995 4456 εὐκλεὴς
3021 4386 3051 4437 ὁ
3074 4384 3206 4454 βίος,
3232 4382 3328 4437 καὶ¹
3350 4382 3584 4451 ἀργήσει
3610 4381 3847 4444 πάντως

2252 4496 2378 4539 που,
2408 4477 2661 4547 καθάπερ
2698 4471 2934 4547 ἐγῷμαι,
2965 4476 3062 4529 καὶ
3100 4477 3133 4544 ἡ
3166 4473 3263 4528 τοῦ
3290 4470 3608 4542 διόμνυσθαι
3646 4472 3842 4543 χρεία.

565 4563 770 4618 sanctis
789 4563 928 4617 viris
948 4563 1141 4617 haberi
1162 4564 1441 4627 convenit,
1459 4562 1708 4618 nonnulli
1730 4561 2005 4616 interdum
2021 4576 2141 4630 par-

2250 4569 2313 4621 Εί
2334 4567 2391 4622 δὲ
2411 4568 2475 4638 δή
2501 4584 2604 4621 που
2626 4567 2857 4635 γένοιτο,
2887 4568 2979 4619 καὶ
3001 4565 3102 4635 τῆς
3130 4566 3211 4627 εἰς
3241 4562 3428 4631 ἁγίους
3449 4561 3614 4632 τιμῆς
3636 4559 3846 4631 ὄλιγω·

546 4654 887 4729 Δνίιδεῐιιὶιιιιι,
917 4655 1063 4709 Deus
1102 4656 1258 4709 testis
1278 4656 1346 4709 ad
1380 4653 1763 4725 iusiurandum
1784 4653 2149 4717 adhibeatur;

566 4759 747 4815 neque
776 4745 1010 4801 ullarum
1047 4745 1279 4799 aliarum
1310 4760 1494 4800 rerum
1528 4759 1729 4798 nomen
1755 4744 2036 4799 aii‘eratur.
2059 4741 2148 4798 ln-

567 4835 909 4892 eonsiderate
930 4850 1169 4905 namque
1184 4836 1294 4905 iam
1327 4834 1656 4889 nonnulliad
1675 4832 1859 4888 futiles
1879 4833 2150 4888 vanitates

566 4934 822 4999 pergunt,
858 4926 1106 4996 nihilque
1144 4926 1352 4981 referre
1376 4924 1608 4996 tingunt,
1634 4940 1760 4979 cum
1793 4940 1894 4994 per
1924 4924 2153 4987 caelum,

566 5034 667 5090 per
689 5019 987 5091 iustitiam,
1021 5032 1124 5089 per
1156 5018 1466 5074 Adrastiam
1512 5016 1735 5081 dicant,
1782 5032 1882 5087 per
1917 5017 2097 5071 lucem
2128 5058 2147 5079 ,

567 5120 666 5178 per
692 5108 1000 5164 lucernam.
1035 5106 1180 5174 Quin
1223 5108 1391 5162 etiam
1421 5106 1531 5161 alia
1561 5105 1811 5176 quaedam
1848 5120 1949 5161 suo
1992 5105 2145 5160 arbi-

569 5205 717 5253 tratu
765 5200 1106 5270 colligentes,
1139 5198 1392 5255 fortassis
1423 5199 1590 5253 etiam
1615 5196 1707 5267 pie
1738 5212 1799 5252 se
1828 5196 2009 5252 facere
2040 5213 2149 5266 pu-

570 5296 711 5353 tant,
744 5304 871 5344 cum
921 5290 1020 5345 Dei
1073 5306 1276 5355 mneo
1324 5289 1598 5359 reiiciant,
1633 5297 1691 5344 et
1731 5304 1819 5351 ea,
1853 5303 1976 5358 qua:
2003 5288 2154 5344 illius

571 5388 735 5442 nutu,
754 5388 816 5435 ut
845 5390 1055 5445 emant,
1084 5392 1277 5438 vocata
1315 5390 1465 5445 sunt,
1498 5381 1693 5453 gloria,
1728 5394 1854 5451 quae
1877 5377 1990 5435 Deo
2017 5394 2154 5435 con-

574 5471 754 5535 venit,
789 5482 1085 5527 exornent.
1117 5473 1444 5544 Huiusmodi
1487 5474 1723 5543 quodam
1761 5486 1956 5528 errore
1997 5471 2153 5528 labo-

573 5577 724 5617 rasse
753 5562 1031 5616 interdum
1052 5562 1307 5620 lsraelem
1341 5565 1701 5634 reperiemus.
1722 5563 1862 5619 Nam
1886 5563 2151 5633 templum

572 5652 735 5721 Illud,
773 5653 921 5725 quod
971 5653 1364 5729 Hierosolymis
1394 5657 1736 5722 habebatur,
1775 5655 2154 5726 proculdubio

2252 4658 2490 4731 ρούντων
2531 4658 2645 4711 ἔσθ’
2692 4658 2782 4711 ὅτε
2826 4658 3010 4719 τινῶν,
3053 4657 3236 4728 ὅρκιος
3272 4655 3416 4708 ἔστω
3455 4652 3608 4715 Θεὸς,
3648 4651 3731 4722 μὴ
3780 4652 3847 4704 τὸ

2250 4750 2455 4821 ἑτέρων
2483 4749 2656 4820 ὄνομα
2680 4746 3145 4818 παρακομιζέσθω
3162 4744 3343 4798 τινῶν.
3382 4738 3851 4812 Ἀπερισκέπτως

2251 4839 2361 4911 γὰρ
2399 4839 2501 4910 ήδη
2540 4838 2687 4901 τινὲς
2710 4839 2791 4900 εἰς
2822 4837 3084 4899 ἐκλύτους
3124 4836 3294 4896 ίόντες
3325 4829 3628 4901 ἔξιτηλίας,
3672 4827 3847 4881 ἀδια-

2254 4933 2442 5004 φορεῖν
2472 4929 2908 4984 ὑποπλάττονται
2926 4970 2942 4994 ,
2973 4929 3039 5000 νὴ
3068 4928 3161 4981 τὸν
3187 4924 3437 4997 οὐρανὸν,
3465 4922 3500 4993 ἢ
3526 4920 3628 4991 τὴν
3647 4919 3849 4991 δίκην,

2252 5023 2318 5095 νὴ
2338 5023 2436 5095 τὴν
2477 5021 2825 5092 Ἀδράστειαν
2854 5022 3126 5089 λέγοντες,
3165 5019 3232 5089 νὴ
3260 5016 3320 5070 τὸ
3352 5015 3487 5085 φῶς,
3523 5012 3591 5083 νὴ
3616 5011 3710 5065 τὸν
3740 5012 3844 5064 λύ-

2253 5131 2398 5187 χνον.
2433 5114 2641 5184 Ἕτερα
2661 5130 2719 5167 τε
2744 5113 2878 5171 ἄττα
2904 5111 3044 5166 κατὰ
3068 5110 3128 5164 τὸ
3162 5107 3313 5178 σφίσι
3336 5104 3524 5159 δοκοῦν
3546 5102 3847 5171 συλλέγον-

2253 5219 2372 5265 τες,
2416 5202 2559 5272 τάχα
2606 5218 2709 5254 που
2748 5201 2844 5255 καὶ
2885 5198 3129 5254 εὐσεϐεῖν
3177 5198 3402 5259 οἷονται,
3440 5194 3503 5246 τὸ
3554 5192 3650 5262 μὲν
3690 5192 3850 5245 θεῖον

2252 5292 2425 5364 ὄνομα
2462 5293 2899 5363 παρωθούμενοι,
2930 5294 2996 5362 τῇ
3021 5291 3077 5344 δὲ
3103 5287 3391 5361 πρεπούσῃ
3416 5284 3537 5355 Θεῷ
3561 5299 3851 5355 καταχρυ-

2256 5384 2476 5449 σοῦντες
2508 5385 2637 5457 δόξῃ
2664 5385 2735 5439 τὰ
2758 5387 2871 5449 τοῖς
2898 5384 3064 5438 αὑτοῦ
3093 5382 3325 5451 νεύμασι
3354 5377 3663 5449 κεκλημένα
3698 5378 3855 5447 πρὸς

2254 5478 2488 5547 γένεσιν.
2524 5477 2797 5549 Τοιαύτην
2820 5477 2948 5531 τινὰ
2979 5475 3245 5545 πλάνησιν
3271 5470 3662 5544 ὴρῤωστηκότα
3695 5470 3857 5522 κατὰ

2256 5570 2481 5639 καιροὺς
2534 5568 2628 5622 τὸν
2694 5566 2911 5639 Ἰσραὴλ
2967 5566 3294 5637 εὑρήσομεν.
3356 5560 3852 5634 Ὀμολογουμένως

2256 5661 2361 5734 γὰρ
2396 5663 2474 5731 τῷ
2507 5662 2627 5733 Θεῷ
2668 5661 2758 5715 τὸν
2796 5662 2855 5713 ὲν
2894 5662 3007 5722 τοῖς
3051 5657 3445 5729 Ἱεροσολύμοις
3482 5652 3855 5722 ἁνεδείμαντο

646 5828 907 5890 "Iacob.
946 5836 1243 5903 v,M,15.
1310 5836 1711 5903 "Zach.v,5.
1792 5828 2299 5907 “Mattli.v,37-‘
