4072 6546
217 398 314 454 873

956 392 1045 450 DE
1084 394 1529 453 ADORATIONE
1568 396 1635 450 IN
1678 392 1950 455 SPIRITU
1990 395 2082 454 ET
2116 400 2486 458 VERITATE.
2524 404 2652 459 LIB.
2696 404 2782 459 Vl.

3370 406 3475 467 474

216 532 358 578 νσον,
394 512 488 568 καὶ
520 510 613 567 ἐπ’
644 512 795 585 αὐτῷ
832 513 897 584 δὴ
932 515 1110 585 τούτῳ
1138 515 1461 587 φρονοῦντες
1494 515 1669 587 μέγα,
1703 516 1781 568 κατ

1906 516 1961 570 in
1986 517 2255 576 honorem
2291 521 2387 577 Dei
2427 530 2832 588 exstruxerant,
2853 531 2909 579 et
2933 539 3058 581 cum
3101 524 3174 581 ob
3207 540 3330 581 eam
3358 542 3476 581 rem

213 608 314 661 τῶν
341 606 425 670 είς
467 604 757 659 εὐσέϐειαν
797 604 1135 677 αὐχημάτων
1177 604 1313 659 εἵσω
1339 604 1590 674 γενέσθαι
1627 621 1790 657 πεπι-

218 695 519 761 στευκότες,
566 696 660 749 καὶ
711 695 1149 769 ἀξιολογωτάτην
1188 694 1248 752 εὖ
1300 698 1446 769 μάλα
1484 698 1587 767 τὴν
1632 698 1790 763 δόξαν

215 787 350 841 ἑλεῖν
373 786 485 840 τῶν
516 787 671 857 σφίσι
687 786 1096 858 διηγγελμινων
1124 787 1213 842 διὰ
1239 787 1333 842 τοῦ
1356 787 1631 856 πανσόφου
1657 788 1789 840 Μω-

167 933 182 952 ,
215 879 345 942 σέως
388 879 551 947 ὀλίγα
578 879 963 950 φροντίσαντες
991 880 1445 952 ἀπεριμερίμνως
1470 879 1752 951 ἡλίσκοντο
1772 896 1788 912 ’

214 972 318 1024 ἀλλ’
349 973 435 1025 ὅτι
465 971 530 1025 τό
554 973 749 1044 χρῆμα
769 972 952 1036 αὐτοῖς
980 973 1040 1026 οὐ
1072 972 1209 1043 πρὸς
1236 972 1487 1027 εὔκλειαν
1514 973 1669 1027 ἔσται
1692 991 1789 1028 πο-

214 1063 317 1127 θίν,
336 1064 434 1116 καὶ
459 1064 722 1131 γάννυται
746 1063 803 1116 δὲ
835 1064 956 1135 οὐχὶ
983 1067 1103 1127 ταῖς
1127 1066 1193 1118 ἐκ
1220 1064 1385 1119 λίθων
1406 1066 1738 1138 οἰκοδομίαις
1762 1070 1792 1121 ὁ

212 1157 363 1222 Θεὸς,
398 1157 647 1210 ἐδίδασκε
671 1155 846 1225 λέγων
864 1172 877 1185 ·
914 1176 934 1209 ι
982 1156 1040 1211 '0
1067 1157 1296 1229 οὐρανός
1319 1174 1410 1229 μοι
1435 1159 1642 1229 θρόνος,
1671 1160 1706 1231 ή
1730 1160 1787 1213 δὲ

212 1252 271 1320 γῆ
306 1249 603 1303 ὑποπόδιον
637 1248 744 1303 τῶν
776 1249 955 1304 ποδῶν
989 1266 1112 1321 μου.
1140 1251 1298 1304 Ποῖον
1327 1247 1475 1306 οἶκον
1506 1251 1788 1323 οἰκοδομή-

214 1342 328 1394 σετέ
357 1358 482 1412 μοις
519 1341 553 1413 ἡ
583 1341 667 1405 τίς
686 1342 853 1403 τόπος
888 1341 988 1412 τῆς
1028 1342 1429 1407 καταπαύσεώς
1465 1361 1599 1415 μους
1634 1343 1785 1411 λέγει

212 1432 431 1499 Κύριος.
467 1452 485 1483 ι
538 1432 877 1505 Ἐμπίπλησι
919 1435 1030 1505 γὰρ
1078 1434 1147 1488 τά
1172 1435 1350 1489 πάντα
1388 1436 1543 1500 Θεὸς,
1570 1436 1665 1490 καὶ
1687 1439 1785 1491 έπ-

212 1525 544 1580 αναπαύεται
571 1527 670 1595 μὲν
697 1526 931 1597 οὐρανῷ,
955 1527 1203 1597 διήκειδὲ
1219 1529 1312 1582 καὶ
1331 1528 1426 1580 ἐπὶ
1442 1530 1539 1599 τῆς
1572 1528 1695 1597 γῆς’
1722 1530 1783 1582 οὐ

208 1620 312 1689 γάρ
356 1620 415 1672 ὲν
452 1618 604 1689 ποσῷ
628 1619 689 1672 τὸ
730 1618 894 1682 θεῖον,
941 1617 1059 1671 ἀλλ’
1096 1614 1286 1687 ὥσπερ
1316 1620 1464 1672 ἐστὶν
1500 1619 1786 1673 ἀπωτάτω

210 1712 507 1778 φαντασίας
541 1712 883 1783 σωματικῆς,
920 1711 1064 1765 οῦτοι
1104 1713 1200 1766 καὶ
1227 1712 1397 1767 τόπου
1430 1712 1524 1765 καὶ
1562 1712 1656 1766 τοῦ
1688 1729 1784 1766 πε-

207 1805 484 1859 ποσῶσθαι
508 1806 705 1860 δοκεῖν.
750 1804 967 1877 Ἐπειδὴ
992 1805 1049 1859 δὲ
1078 1804 1226 1871 ἅπαξ
1268 1805 1507 1863 Ἰουδαῖοι
1534 1805 1783 1873 λέγοντος

206 1857 1118 1969 ἢκουονμονούρανόςμοι-θρόνος,
1141 1857 1175 1966 ἡ
1199 1857 1256 1952 ξιτ
1272 1857 1651 1967 sima.
1669 1857 1782 1953 ἐεῶᾷ
1811 1857 1854 1913 Β

205 1986 379 2045 ποδῶν
408 2009 532 2062 μου,
553 1992 691 2062 πρὸς
716 1990 926 2054 ἑννοίας
960 1990 1131 2054 ίόντες
1155 1991 1256 2043 οὐκ
1279 1990 1564 2059 ἀσφαλεῖς,
1593 1990 1781 2061 ὅρκιον

205 2081 478 2136 ἐποιοῦντο
511 2082 600 2136 τὸν
624 2082 876 2155 οὐρανὸν,
909 2082 1053 2136 θεῖον
1078 2082 1243 2137 αὐτὸν
1265 2081 1624 2152 ὀνομάζοντες
1654 2083 1781 2155 θρό⁴

206 2189 307 2237 νον,
336 2173 540 2245 ὁμοίως
570 2173 630 2227 δὲ
658 2174 755 2228 καὶ
780 2174 882 2246 τὴν
905 2174 1033 2244 γῆν,
1062 2173 1139 2239 ὡς
1172 2174 1277 2229 ὐπὸ
1303 2174 1470 2239 πόδας
1490 2174 1628 2231 Θεοῦ
1661 2192 1779 2230 κει-

208 2266 403 2335 μένην’
448 2264 543 2319 καὶ
586 2265 695 2337 μὴν
737 2264 833 2319 καὶ
872 2265 972 2337 τὴν
1028 2265 1418 2338 Ἰερουσαλὴμ,
1451 2267 1607 2332 πόλις
1645 2268 1776 2342 γὰρ,

205 2359 453 2429 ἔφασκον,
480 2357 599 2413 ἔστι
634 2357 730 2411 τοῦ
766 2358 985 2413 πάντων
1016 2358 1345 2430 κρατοῦντος
1376 2358 1514 2413 Θεοῦ
1532 2398 1549 2427 ,
1577 2360 1778 2414 καίτοι

202 2454 303 2508 τῶν
345 2451 717 2523 ἀρχαιοτέρων
771 2451 943 2521 ἁγίων
988 2451 1085 2515 τὸ,
1118 2452 1194 2523 Ζῇ
1228 2451 1433 2524 Κύριος
1456 2487 1473 2516 ,
1515 2453 1574 2505 ὲν
1611 2452 1777 2523 ὅρκου

203 2542 357 2616 χρεία
395 2544 805 2615 πεποιημένων.
859 2541 1020 2596 Ἀλλὰ
1045 2541 1143 2612 τὴν
1178 2541 1289 2596 τῶν
1347 2541 1622 2597 Ἰουδαίων
1656 2542 1777 2613 ἠλι-

205 2637 468 2707 θιωτὰτην
505 2634 716 2689 ἔννοιαν
743 2633 1230 2704 κατεκιϐδήλευσεν
1260 2635 1288 2688 ὁ
1320 2633 1533 2705 Σωτὴρ,
1568 2633 1642 2705 μὴ
1666 2633 1777 2687 δεῖν

204 2726 543 2798 ἀπόμνυσθαι
582 2725 782 2794 λέγων,
822 2725 959 2796 μήτε
987 2725 1047 2778 ὲν
1084 2722 1163 2795 τῷ
1198 2722 1444 2795 οὐρανῷ,
1473 2725 1555 2778 ὅτι
1588 2723 1777 2795 θρόνος

205 2820 321 2873 ἐστὶ
353 2818 487 2871 Θεοῦ
507 2857 524 2881 ,
568 2818 707 2889 μήτε
738 2818 796 2871 ἐν
825 2819 892 2888 τῇ
936 2817 1007 2886 γῇ
1028 2857 1042 2881 ,
1066 2816 1149 2869 ὅτι
1190 2814 1481 2871 ὑποπόδιόν
1519 2817 1636 2870 ἐστι
1665 2815 1776 2870 τῶν

205 2912 376 2964 ποδῶν
411 2910 600 2973 αὐτοῦ,
644 2912 779 2980 μήτε
819 2910 899 2972 είς
943 2907 1321 2979 Ἱεροσῶυμα,
1362 2910 1445 2963 ὅτι
1484 2907 1639 2972 πόλις
1679 2906 1774 2965 τοῦ

209 3002 436 3075 μεγάλω
482 3000 747 3074 βασιλέως
787 2999 973 3053 ἐστίν’
1011 2997 1049 3052 ἃ
1090 2998 1201 3069 γὰρ
1243 2999 1443 3053 ἐκεῖνοι
1484 2998 1775 3071 ληροῦντες

204 3092 452 3163 ἔφασκον,
474 3090 649 3147 ταῦτα
672 3089 961 3162 χρησίμως
992 3090 1021 3142 ό
1047 3089 1240 3160 Σωτὴρ
1282 3089 1603 3159 ἐφθέγξατο,
1636 3106 1775 3144 παν-

1891 619 2076 665 essent
2097 612 2247 678 elati,
2282 613 2442 685 213
2473 631 2537 671 ac
2568 616 2790 687 pietatis
2825 625 3150 672 ornamenta
3184 632 3243 672 se
3278 634 3475 674 consc-

1890 710 2052 755 cutos
2071 717 2215 767 esse,
2260 713 2318 758 et
2354 705 2621 776 insignem
2650 708 2881 778 gloriam
2924 708 3239 779 percepisse
3280 710 3475 767 crede-

1890 802 2035 857 rent,
2063 809 2185 864 qua:
2208 795 2319 850 illis
2354 812 2385 851 a
2408 798 2810 867 sapientissimo
2836 801 2958 855 viro
2987 801 3170 873 Moyse
3201 812 3476 873 praecepta

1889 892 2069 950 erant,
2100 885 2168 942 de
2200 887 2269 942 iis
2306 904 2419 958 prae
2458 889 2671 945 incuria
2700 907 2894 961 parum
2929 893 3207 949 laborasse
3244 895 3473 949 convin-

1889 974 2189 1042 cebantur;
2230 977 2326 1032 sed
2360 994 2481 1033 eam
2514 996 2631 1035 rem
2680 981 2790 1036 illis
2832 982 3018 1052 gloriae
3060 999 3168 1037 non
3206 982 3473 1049 futuram,

1887 1080 2067 1135 neque
2092 1081 2151 1122 se
2175 1067 2423 1138 lapidum
2456 1072 2930 1127 exstructionibus
2970 1074 3254 1139 delectari,
3281 1075 3475 1130 docuit

1887 1157 2033 1213 Deus
2069 1175 2196 1214 cum
2228 1161 2367 1217 dixit
2402 1178 2415 1214 :
2454 1180 2472 1213 ι
2504 1161 2715 1218 Caelum
2747 1164 2883 1218 mihi
2914 1166 3072 1221 sedes
3102 1174 3207 1231 cst,
3237 1174 3293 1220 et
3326 1176 3472 1221 terra

1886 1248 2185 1304 scabellum
2226 1251 2429 1321 pedum
2461 1267 2730 1307 meorum.
2765 1251 2993 1319 Qualem
3030 1254 3254 1309 domum
3296 1254 3472 1310 aedili—

1887 1338 2084 1394 cabitis
2107 1341 2275 1395 mihi?
2300 1344 2384 1397 vel
2417 1344 2544 1413 quis
2575 1344 2733 1399 locus
2750 1344 3116 1414 requietionis
3140 1346 3316 1399 meae?
3339 1345 3474 1400 dicit

1886 1429 2234 1485 Dominus“.
2255 1452 2273 1483 ι
2309 1432 2670 1502 lmpletenim
2702 1433 2887 1488 omnia
2916 1434 3158 1497 Deus,ac
3175 1434 3473 1504 requiescit

1886 1521 2108 1590 quidem
2145 1522 2202 1577 in
2241 1524 2411 1591 cmlo;
2442 1524 2703 1596 pertingit
2739 1532 2924 1580 autem
2955 1525 3120 1580 etiam
3155 1524 3223 1579 ad
3245 1533 3422 1580 terras
3456 1541 3472 1576 :

1886 1630 2065 1685 neque
2085 1616 2233 1670 enim
2266 1618 2411 1673 mole
2444 1619 2687 1674 cohaeret
2718 1618 2813 1674 Dei
2840 1625 3037 1673 natura
3059 1659 3074 1684 ,
3106 1618 3224 1683 sed,
3261 1626 3321 1673 ut
3353 1620 3473 1673 lon-

1886 1706 2106 1777 gissime
2142 1708 2299 1764 abest
2333 1725 2363 1763 a
2412 1710 2595 1780 specie
2641 1725 2932 1780 corporea,
2967 1710 3048 1765 sic
3079 1710 3245 1765 etiam
3285 1728 3315 1765 a
3348 1710 3471 1766 loco

1887 1803 1944 1851 et
1970 1799 2132 1855 molis
2154 1800 2415 1869 opinione
2454 1808 2700 1857 remotus
2749 1809 2855 1856 est.
2886 1801 2992 1856 Sed
3023 1802 3197 1857 Judaei
3231 1818 3356 1856 cum
3379 1816 3469 1856 se-

1884 1890 1991 1945 mel
2013 1890 2169 1946 illum
2205 1891 2390 1946 dicere
2421 1891 2727 1957 audissent,
2754 1893 2955 1947 coelum
3000 1892 3138 1947 mihi
3181 1892 3342 1947 sedes
3361 1901 3466 1957 est,

1880 1988 1937 2034 et
1968 1988 2114 2035 terra
2142 1980 2440 2036 scabellum
2468 1982 2669 2051 pedum
2699 1998 2969 2047 meorum,
2997 1983 3065 2037 ad
3087 1982 3330 2037 lubricas
3352 1983 3472 2052 opi-

1880 2074 2078 2128 niones
2101 2073 2460 2138 diverterant,
2489 2083 2547 2129 et
2583 2075 2786 2129 malum
2812 2075 2880 2129 ad
2899 2075 3284 2146 jusjurandum
3310 2090 3469 2129 assu-

1880 2166 2125 2232 mebant,
2156 2166 2420 2222 thronum
2474 2166 2610 2221 illud
2634 2167 2882 2221 divinum
2909 2168 3270 2238 appellantes,
3300 2167 3466 2221 simili

1879 2272 2099 2328 quoque
2143 2258 2357 2313 ratione
2398 2266 2625 2323 terram,
2658 2258 2815 2328 quasi
2854 2258 2950 2313 Dei
3009 2259 3246 2329 pedibus
3281 2258 3469 2329 subje-

1884 2356 2062 2414 ctam;
2095 2348 2403 2403 Jerusalem
2431 2358 2718 2418 praterea,
2744 2349 2880 2404 urbs
2907 2350 3053 2404 enim
3091 2358 3196 2414 est,
3223 2348 3469 2414 aiebant,

1878 2442 2138 2498 omnibus
2162 2442 2329 2498 rebus
2359 2443 2701 2511 dominantis
2723 2444 2845 2509 Dei,
2884 2445 3140 2515 quamvis
3176 2444 3351 2498 sancti
3391 2444 3470 2506 illi

1878 2534 2095 2601 priores
2121 2533 2289 2588 verba
2312 2534 2425 2599 illa,
2455 2534 2602 2590 Vivit
2630 2535 2919 2600 Dominus,
2955 2534 3021 2589 ad
3051 2534 3275 2605 jurandi
3307 2549 3471 2588 usum

1876 2625 2323 2694 assumpsissent.
2358 2625 2466 2682 Sed
2504 2625 2825 2682 Judaeorum
2852 2626 3236 2682 stultissimam
3258 2626 3471 2697 cogita—

1880 2717 2082 2771 tionem
2116 2717 2450 2788 improbavit
2481 2717 2770 2783 Dominus,
2811 2717 3020 2783 dicens,
3063 2734 3174 2774 non
3211 2723 3471 2788 Oportere

1870 2809 2063 2877 jurare
2082 2824 2264 2878 neque
2296 2825 2395 2880 per
2422 2810 2647 2875 cmlum,
2680 2810 2810 2881 quia
2841 2811 2999 2867 sedes
3023 2812 3118 2867 Dei
3141 2823 3261 2877 est;
3286 2825 3471 2880 neque

1878 2917 1979 2970 per
2020 2910 2249 2967 terram,
2288 2902 2419 2972 quia
2443 2903 2745 2958 scabellum
2767 2911 2853 2958 est
2872 2904 3073 2974 pedum
3097 2905 3248 2975 ejus;
3288 2918 3470 2973 neque

1876 3012 1976 3066 per
2002 2995 2458 3066 Hierosolymam,
2491 2996 2621 3066 quia
2660 2995 2859 3051 civitas
2880 2996 3064 3067 magni
3091 2996 3237 3066 regis
3257 3004 3343 3051 est
3376 2997 3419 3027 ³⁸
3454 3015 3469 3051 :

1877 3102 2026 3152 nam,
2058 3102 2184 3157 qua:
2209 3084 2290 3140 illi
2316 3093 2587 3159 nugantes
2603 3085 2882 3152 dicebant,
2907 3101 2969 3141 ea
3003 3094 3312 3156 opportune
3348 3086 3472 3141 Sal-

204 3184 338 3256 ταχῆ
368 3183 752 3239 κατάπλαστον
771 3222 787 3247 ,
829 3181 927 3235 καὶ
959 3181 1061 3235 οὐκ
1098 3176 1194 3235 οἶδ’
1239 3180 1360 3236 ὅθεν
1408 3182 1772 3254 ἐξευρημένον

1882 3189 2031 3239 vator
2056 3179 2396 3245 enuntiavit,
2424 3181 2631 3251 ubique
2657 3178 2969 3244 conﬁctam,
3004 3188 3061 3233 et
3084 3179 3269 3234 nescio
3289 3179 3469 3235 unde—

212 3275 438 3346 ὶλέγχων
465 3274 652 3329 αὐτῶν
679 3270 743 3327 τὸ
769 3272 830 3326 ἐν
847 3289 911 3342 γε
939 3271 1152 3336 τούτοις
1174 3272 1419 3335 εὐλαϐές.
1436 3273 1684 3344 υίχέσθω
1708 3273 1775 3345 δὴ

206 3362 293 3420 οὖν
325 3367 417 3419 καὶ
461 3366 496 3437 ἡ
524 3363 617 3417 ἐπὶ
656 3363 793 3436 τῷδε
828 3362 1116 3434 πλάνησις.
1164 3362 1536 3434 Δεδιδάγμεθα
1574 3363 1685 3437 γὰρ
1716 3366 1776 3418 ὲν

207 3460 316 3522 ταῖς
333 3461 497 3529 ὅρκου
522 3457 762 3528 χρείαις,
788 3455 1015 3528 μηδενὸς
1038 3455 1139 3528 μὲν
1158 3455 1349 3528 ἑτέρου
1370 3455 1776 3527 διαμεμνῆσθαι

209 3550 440 3613 πιῖιποτε,
480 3549 755 3604 ποιεῖσθαι
775 3550 832 3603 δὲ
864 3549 1066 3621 μᾶλλον
1095 3549 1175 3613 είς
1204 3548 1392 3603 πίστιν
1428 3548 1645 3620 ἀσφαλῆ
1681 3550 1777 3603 καὶ

210 3641 492 3712 ἀξιόχρεων
509 3680 525 3704 ,
565 3640 628 3693 τὸ
665 3638 796 3703 Ναὶ,
818 3638 929 3703 ναὶ,
965 3637 1062 3691 καὶ
1086 3637 1147 3691 τὸ
1174 3636 1250 3691 Οὐ
1272 3675 1287 3701 ,
1319 3635 1402 3691 οῦ.
1428 3638 1576 3708 Ἔφη
1602 3638 1659 3693 δὲ
1681 3637 1777 3693 καὶ

212 3736 239 3787 ὁ
264 3734 449 3806 ὤμος’
495 3753 515 3785 ι
567 3734 632 3788 Et
664 3732 921 3787 ἀπόλοιτο
956 3730 1397 3803 παρακαταθήκη
1431 3731 1570 3799 πρός
1606 3749 1775 3797 τινος,

214 3826 432 3898 ὲξαιτοίη
460 3826 518 3880 δὲ
544 3826 573 3879 ό
600 3825 724 3890 δοὺς
751 3823 851 3895 τὴν
875 3824 968 3877 ἐπὶ
1006 3822 1143 3893 τῷδε
1174 3822 1379 3888 πίστιν,
1418 3824 1581 3894 ὅρκος
1622 3824 1775 3878 ἔσται

214 3916 296 3969 τοῦ
322 3915 455 3970 Θεοῦ
482 3915 758 3987 άναμέσον
791 3913 1140 3986 ἀμφοτέρων.
1172 3932 1190 3965 ι
1222 3913 1335 3967 Καὶ
1371 3911 1649 3984 ἄνθρωποι
1676 3914 1776 3983 μὲν

216 4008 345 4062 κατὰ
372 4007 469 4062 τοῦ
503 4006 752 4079 μείζονος
785 4004 1111 4077 ὀμνύουσιν
1149 4003 1253 4075 ἔφη
1293 4003 1402 4076 γὰρ
1436 3996 1537 4058 ὧδε
1562 4003 1777 4069 Παῦλος

213 4099 331 4169 ἡμῖν
350 4100 377 4152 ὁ
394 4097 557 4166 σοφός
576 4114 592 4129 ο
621 4095 803 4167 μεῖζον
818 4096 878 4150 δὲ
891 4091 1033 4150 εἶναί
1050 4112 1230 4167 φαμεν
1247 4094 1536 4166 ἀνθρώπου
1553 4136 1569 4162 ,
1592 4098 1777 4154 νοοῦν-

215 4207 294 4255 τες
326 4190 519 4263 ὀρθῶς,
560 4190 624 4243 οὐ
650 4188 731 4260 τῷ
781 4188 1001 4260 μεγέθει
1030 4190 1214 4260 τυχὸν,
1256 4190 1424 4261 ἧγουν
1461 4192 1518 4245 ἐν
1561 4194 1777 4247 συνέσει

217 4283 298 4334 καὶ
324 4286 517 4353 σοφίᾳ,
544 4281 639 4335 καὶ
663 4280 791 4352 δόξῃ
825 4280 1203 4346 πλεονεκτοῦν,
1252 4282 1369 4336 ἀλλ’
1415 4282 1491 4348 ὼς
1532 4283 1594 4337 τὸ
1635 4280 1777 4338 εἶναι

215 4374 413 4439 τοιῶςδε
443 4374 609 4445 τυχὸν
630 4373 784 4443 ἡμῖν.

277 4556 473 4611 ΠΛΔΔ.
500 4557 577 4611 Οὐ
614 4556 841 4626 συνίημι
876 4556 905 4610 ὃ
933 4558 1064 4628 φής.

284 4647 435 4704 ΚΥΡ.
467 4650 580 4703 Καὶ
617 4647 761 4720 μὴν,
794 4642 841 4711 ὦ
878 4648 1176 4714 Παλλάδιε,
1206 4651 1414 4723 σαφὴς,
1449 4653 1525 4716 ῶς
1570 4654 1634 4724 γέ
1684 4673 1775 4726 μοι

221 4740 364 4804 δοκεῖ,
407 4743 502 4796 καὶ
537 4740 775 4814 ἐναργὴς
805 4742 834 4795 ό
880 4742 1058 4810 λόγος.
1110 4744 1183 4797 Ἢ
1231 4744 1342 4816 γὰρ
1386 4747 1509 4817 οὐχὶ
1554 4748 1777 4819 μεγέθει

222 4834 379 4903 φαμὲν
412 4834 520 4888 τῶν
561 4832 922 4903 ἀνθρωπίνων
968 4836 1239 4904 σωμάτων
1266 4836 1566 4907 διενεγκεῖν
1606 4841 1778 4909 ἀσυγ-

222 4920 398 4990 κρίτως
440 4922 611 4978 πολλὰ
652 4921 766 4977 τῶν
805 4925 1192 4996 πεποιημένων
1213 4967 1228 4992 ,
1276 4929 1371 4982 καὶ
1415 4930 1641 5000 προσέτι
1682 4933 1777 4986 τὸν

221 5013 421 5084 οὐρανόν
439 5033 454 5081 ;

281 5106 469 5162 ΠΑΛΔ.
496 5105 601 5162 Καὶ
632 5106 801 5164 πάνυ.

282 5194 430 5249 ΚΥΡ.
465 5197 690 5251 Συνέσει
721 5197 779 5252 δὲ
812 5199 910 5255 καὶ
946 5200 1111 5272 σοφίᾳ
1140 5201 1235 5257 καὶ
1266 5203 1538 5277 ἰσχνότητι
1580 5210 1773 5280 σωμά-

223 5302 332 5351 των,
360 5292 451 5362 οὐχ
475 5292 881 5363 ὑπερφέρουσιν
901 5294 1154 5365 ἄγγελοι;

286 5379 472 5438 EAM.
510 5383 968 5457 ’Υπερφέρουσιν,
999 5388 1136 5444 ἀλλὰ
1167 5390 1261 5445 καὶ
1284 5394 1441 5464 τιμῇ.

284 5471 428 5526 ΚΙῬ.
485 5476 849 5549 Λαμπρότητι
902 5480 963 5533 δὲ
1007 5483 1105 5536 καὶ
1152 5482 1278 5555 δόξῃ
1311 5486 1377 5556 τῇ
1425 5486 1565 5540 κατὰ
1614 5487 1776 5557 σῶμά

228 5576 363 5631 φημι,
394 5568 488 5620 οὐκ
519 5570 923 5643 άπαραδλήτως
956 5574 1194 5645 ἀμείνων
1227 5577 1375 5647 ἡλίου
1403 5579 1599 5648 φύσιςὶ

285 5656 472 5717 ΠΑΛΛ.
515 5664 802 5735 Ἀμείνων.

1876 3289 2003 3331 nam
2050 3273 2333 3328 inventam
2371 3274 2428 3328 in
2463 3271 2780 3344 hujusmodi
2821 3269 2990 3328 rebus
3027 3271 3346 3342 religionem
3384 3288 3484 3327 ara

1876 3386 2046 3443 guere
2099 3371 2311 3425 volens.
2354 3369 2515 3426 Absit
2574 3369 2742 3440 igitur
2776 3368 2943 3424 etiam
2991 3367 3049 3421 in
3094 3366 3367 3437 ejusmodi
3410 3383 3472 3422 re

1875 3465 2065 3520 error!
2092 3463 2397 3519 Didicimus
2416 3462 2699 3527 enim,ubi
2713 3460 3008 3533 jurandum
3040 3460 3133 3525 sit,
3161 3459 3299 3514 nihil
3319 3459 3470 3521 aliud

1876 3571 2310 3613 commemorare
2330 3571 2591 3625 unquam,
2610 3554 2705 3610 sed
2729 3553 2912 3624 potius
2937 3552 3005 3608 ad
3040 3550 3205 3607 ﬁdem
3230 3551 3468 3616 ﬁrmam,

1875 3659 2195 3720 certamque
2225 3647 2530 3703 faciendam
2552 3648 2632 3703 uti
2661 3647 2772 3702 illis
2800 3646 3009 3711 verbis,
3039 3645 3155 3710 Est,
3191 3653 3298 3711 est,
3324 3645 3467 3710 Non,

1876 3760 2010 3800 non.
2044 3745 2192 3800 Dixit
2212 3744 2379 3799 etiam
2436 3743 2526 3799 lex
2560 3759 2573 3796 :
2606 3761 2626 3794 ι
2658 3740 2715 3798 Si
2748 3741 3026 3812 perditum
3052 3739 3220 3795 fuerit
3244 3739 3470 3810 deposi-

1877 3847 1994 3893 tum
2037 3837 2108 3891 ab
2151 3835 2359 3905 aliquo,
2415 3834 2769 3905 exegeritque
2801 3834 2897 3903 qui
2933 3832 3108 3896 dedit,
3145 3831 3202 3885 in
3234 3847 3300 3885 ea
3321 3847 3379 3885 re
3403 3829 3470 3884 ii-

1877 3928 2022 3993 dem,
2061 3924 2447 3998 jusjurandum
2500 3923 2599 3979 Dei
2652 3923 2761 3977 erit
2799 3922 2945 3977 inter
2997 3927 3294 3989 utrumque
3336 3918 3401 3971 ⁸⁶.
3442 3936 3462 3969 ›

1876 4019 2055 4091 Atque
2084 4016 2339 4074 homines
2374 4015 2600 4087 quidem
2623 4031 2721 4085 per
2748 4012 2988 4083 id,quod
3023 4013 3201 4082 majus
3237 4017 3341 4075 est,
3376 4009 3469 4080 ju-

1878 4121 2005 4168 rant
2022 4106 2064 4138 ³⁷
2081 4109 2329 4180 (sicenim
2342 4105 2645 4163 Paulusille
2661 4106 2882 4177 sapiens
2904 4104 3064 4175 dixit)
3087 4104 3264 4174 majus
3284 4110 3470 4156 autem

1876 4219 1997 4258 esse
2054 4201 2297 4265 homine,
2360 4207 2510 4253 recte
2577 4196 2835 4259 dicimus,
2890 4210 3002 4249 non
3062 4193 3138 4258 id,
3168 4191 3313 4262 quod
3349 4206 3468 4244 ma-

1877 4294 2165 4365 gnitudine
2202 4292 2457 4355 fortasse,
2496 4297 2593 4343 aut
2633 4298 2783 4344 certe
2821 4285 3091 4357 sapientia
3128 4292 3292 4353 atque
3332 4299 3468 4353 pru-

1877 4384 2063 4441 dentia
2096 4384 2173 4452 jet
2213 4379 2387 4453 gloria
2430 4377 2605 4435 vincit
2645 4395 2659 4431 :
2700 4376 2799 4432 sed
2858 4374 3007 4446 quod
3067 4380 3181 4428 tota
3228 4372 3468 4428 essentia

1880 4476 1988 4531 tale
2020 4474 2113 4529 sit.

1803 4536 1858 4597 D
1953 4529 2152 4624 DALL.
2179 4563 2335 4632 Quod
2359 4561 2522 4627 dicis,
2553 4575 2751 4632 parum
2783 4529 3050 4629 intelligo.

1951 4661 2110 4719 CYR.
2150 4658 2338 4729 Atqui,
2382 4654 2622 4720 Palladi,
2668 4661 2859 4724 aperta
2895 4660 3001 4716 est,
3041 4658 3104 4705 ut
3174 4647 3310 4703 mihi
3341 4647 3469 4719 qui-

1883 4756 2008 4811 dem
2030 4754 2271 4816 videtur,
2295 4758 2353 4806 et
2379 4748 2609 4805 evidens
2639 4747 2839 4802 oratio.
2865 4745 3060 4802 Nonne
3079 4742 3228 4799 enim
3253 4741 3468 4812 magni-

1886 4848 2075 4906 tudine
2125 4852 2362 4901 fatemur
2392 4842 2585 4906 multa,
2622 4855 2745 4911 qua:
2796 4838 3015 4895 condita
3050 4836 3181 4901 sint,
3213 4833 3471 4891 humanis

1884 4939 2212 5010 corporibus
2247 4937 2411 5005 longe
2445 4940 2730 5004 praestare,
2764 4939 2823 4988 et
2859 4931 2917 4986 in
2943 4929 3031 4985 his
3059 4926 3296 4984 coelum?

1916 5065 1925 5093 ε
1953 5028 2119 5101 214.
2140 5024 2339 5084 PALL.
2366 5024 2435 5079 Et
2461 5022 2683 5094 quidem
2714 5022 2968 5077 maxime.

1952 5122 2109 5181 (ΠΒ.
2158 5116 2460 5177 Prudentia
2484 5132 2619 5173 vero
2660 5131 2728 5171 ac
2760 5114 3051 5184 sapientia,
3083 5122 3140 5168 et
3164 5110 3467 5166 subtilitate

1880 5229 2174 5287 corporum
2200 5226 2384 5268 nonne
2408 5208 2585 5280 angeli
2617 5206 2977 5278 praecellunt?

1950 5310 2147 5367 PALL.
2175 5305 2525 5367 Pmcellunt,
2551 5301 2717 5357 etiam
2753 5299 2983 5354 honore.

1932 5397 2089 5453 CYR.
2118 5394 2227 5452 Sed
2266 5401 2323 5450 et
2362 5400 2629 5462 praeterea
2669 5386 2960 5459 splendore
3007 5402 3073 5443 ac
3110 5386 3306 5458 gloria,
3344 5402 3466 5457 quae

1873 5492 1940 5547 ad
1969 5504 2170 5560 corpus
2191 5486 2455 5558 pertinet,
2494 5498 2678 5543 nonne
2711 5480 2903 5537 multis
2926 5481 3180 5553 partibus
3203 5490 3288 5537 est
3332 5480 3465 5536 solis

1872 5593 2068 5639 natura
2096 5576 2482 5652 praestantior?

1944 5672 2143 5729 PALL.
2170 5669 2387 5727 Fateor.

287 5836 323 5865 “
356 5838 449 5895 iss.
484 5858 626 5911 Lm,
656 5845 704 5899 Ι.
780 5844 1120 5925 "hMatthAr,
1146 5846 1341 5913 διεδ.
1426 5849 1468 5881 ³⁸
1501 5849 1671 5905 Exod.
1700 5866 1830 5917 xm,
1856 5850 1938 5914 l0,
1972 5848 2051 5903 li.
2131 5847 2173 5879 ³⁷
2201 5845 2338 5911 ﬂeb.
2366 5860 2441 5912 vr,
2470 5843 2551 5899 16.
