4072 6502
558 400 663 456 473

1464 386 1471 393 “
1582 403 1636 458 s.
1678 402 1954 459 crium
1999 402 2466 459 ALEXANDRINI
2506 405 2825 461 meum.

3715 411 3819 466 476

628 515 785 571 αγις.
824 514 1070 572 Eﬁicitur
1102 533 1231 589 ergo
1252 560 1264 582 ,
1290 518 1405 574 base
1435 518 1645 590 singula
1667 563 1680 589 ,
1705 522 1749 575 si
1784 538 1851 576 ex
1890 538 1953 576 ea
1985 530 2138 592 parte

2316 523 2478 575 ΚΥΡ.
2523 524 2762 595 ’Δραρεν
2800 518 2929 587 οῦν,
2966 523 3051 576 ὅτι
3100 522 3304 576 τούτων
3338 518 3570 579 ἕκαστον
3614 526 3722 596 ἔχοι
3747 526 3815 582 ἀν
3858 494 3861 509 Ξ

559 622 666 676 qua
702 610 986 678 superiora
1032 619 1157 663 nata
1204 620 1351 675 sunt,
1395 611 1682 665 nobiscum
1729 623 2135 682 comparentur,

562 697 765 753 habere
810 701 932 769 jure
975 700 1182 769 optimo
1223 702 1623 771 praestantiam;
1658 720 1789 757 num
1820 705 1986 775 igitur
2024 706 2140 759 hmc

560 788 628 843 ad
662 790 1021 859 jurisjurandi
1063 806 1221 845 usum
1254 807 1618 857 assumemus,
1660 795 1866 864 Deique
1896 811 2139 851 comme-

562 883 923 936 morationem
950 891 1206 953 tanquam
1236 900 1628 954 supervacuam
1655 887 2012 957 abjiciemus?

631 973 825 1028 PALL.
856 975 1018 1029 Nullo
1049 976 1231 1031 modo.
1320 986 1331 995 ‘

629 1064 785 1120 CYR.
828 1065 923 1121 Est
966 1068 1130 1138 igitur
1163 1084 1526 1139 consequens,
1560 1081 1620 1124 ut
1649 1070 1724 1133 id,
1766 1069 1911 1141 quod
1947 1082 2140 1127 natura

559 1158 812 1227 superius
846 1168 969 1223 est,
1009 1169 1063 1215 et
1105 1162 1363 1215 universa
1414 1163 1667 1217 essentia:
1716 1164 1928 1219 ratione
1976 1166 2143 1221 rebus

558 1246 798 1302 conditis
848 1249 1157 1316 antecellit,
1200 1250 1253 1304 id
1297 1258 1413 1317 est,
1462 1252 1654 1319 Deum,
1700 1255 1865 1308 etiam
1920 1255 2141 1311 homine

560 1339 735 1407 majus
772 1355 893 1394 esse
925 1341 1189 1396 dicamus.

631 1430 828 1484 PALL.
868 1429 1036 1488 Recte
1059 1432 1159 1488 ais.

630 1506 787 1577 ΟῨΒ.
845 1523 1091 1579 Habeant
1142 1528 1308 1598 igitur
1350 1527 1467 1583 hare
1513 1528 1699 1593 verba,
1739 1528 1856 1593 Est,
1902 1538 1957 1583 et
2000 1527 2140 1592 Non,

561 1610 707 1681 apud
743 1629 839 1669 eos
861 1624 1028 1683 certe,
1069 1619 1162 1687 qui
1212 1621 1475 1690 optimam
1517 1621 1643 1676 vitae
1676 1620 1945 1674 rationem
1988 1621 2145 1674 insti-

564 1715 811 1773 tuerunt,
853 1709 1033 1764 locum
1070 1727 1134 1765 ac
1175 1713 1284 1766 vim
1317 1713 1677 1785 jurisjurandi
1702 1756 1715 1778 ,
1760 1731 1823 1769 ac
1862 1726 2011 1769 recte
2056 1714 2146 1767 ﬁr-

563 1808 782 1852 mentur
812 1815 823 1851 :
853 1816 980 1853 nam
1006 1801 1080 1854 ita
1106 1812 1389 1871 sequetur,
1416 1815 1476 1857 ut
1515 1804 1650 1859 ﬁdes
1698 1805 1804 1859 illis
1851 1805 2139 1859 habeatur.

560 1885 713 1952 Quod
743 1886 787 1942 si
819 1888 935 1943 haec
961 1890 1219 1960 loquendi
1241 1891 1433 1956 forma,
1462 1893 1577 1957 Est,
1605 1903 1661 1948 et
1686 1894 1828 1959 Non,
1860 1895 1929 1949 ab
1960 1895 2142 1964 aliquo
2182 1876 2219 1927 Β

466 2028 469 2031 .
561 1986 968 2045 contemnatur,
998 1989 1111 2035 tum
1139 1982 1377 2053 denique
1414 1984 1772 2056 jurisjurandi
1813 2002 1947 2040 usus
1983 1987 2049 2040 ad
2087 1986 2142 2040 id

562 2080 870 2137 revocetur,
906 2073 1052 2142 quod
1086 2083 1169 2129 est
1198 2076 1377 2141 nobis,
1404 2076 1515 2131 imo
1544 2094 1677 2132 vero
1706 2079 1961 2133 universa
1987 2095 2142 2133 crea-

564 2171 685 2215 tura
739 2164 934 2233 majus.
971 2164 1107 2218 Nam
1143 2166 1211 2220 de
1243 2166 1587 2237 blasphemia
1627 2168 1849 2238 quidem
1883 2170 2015 2239 quid
2059 2179 2145 2223 at-

563 2250 701 2306 tinet
747 2252 952 2319 dicere,
993 2272 1209 2327 quaque
1260 2256 1319 2311 in
1362 2274 1421 2312 re
1463 2267 1736 2323 versetur,
1778 2268 1833 2315 et
1888 2260 1955 2314 ad
1981 2277 2143 2331 quam

563 2343 861 2411 perniciem
887 2360 1001 2409 eos,
1021 2350 1114 2415 qui
1140 2347 1254 2416 ipsa
1281 2348 1359 2401 uti
1393 2358 1817 2413 consueverunt,
1847 2351 2147 2420 perducat?

562 2449 725 2501 quam
771 2444 825 2489 et
868 2436 1064 2491 acerba
1092 2447 1266 2493 morte
1302 2440 1389 2493 lex
1434 2441 1772 2496 multandam
1809 2442 2046 2509 censuit,
2090 2452 2146 2498 et

564 2524 681 2594 ipse
705 2524 956 2582 Christus
983 2545 1200 2599 quoque
1226 2522 1635 2588 inevitabilibus
1656 2534 1989 2604 aeternisque
2017 2551 2147 2605 sup—

566 2617 745 2684 pliciis
788 2618 1068 2674 damnavit
1100 2638 1111 2673 :
1148 2641 1165 2671 (
1200 2620 1302 2688 Qui
1332 2624 1478 2678 enim
1512 2624 1713 2680 dixerit
1740 2626 1971 2680 verbum
2003 2642 2141 2681 con-

565 2718 647 2762 tra
690 2708 887 2765 Filium
919 2712 1175 2777 hominis,
1206 2713 1516 2770 dimittetur
1537 2717 1589 2771 ei
1615 2735 1627 2770 :
1656 2718 1749 2787 qui
1786 2727 1971 2773 autem
1995 2717 2149 2772 dixe-

566 2800 639 2856 rit
714 2815 901 2861 contra
947 2806 1213 2876 Spiritum
1274 2818 1546 2873 sanctum,
1596 2827 1705 2864 non
1742 2811 2054 2865 remittetur
2094 2810 2145 2865 ei

564 2912 742 2966 neque
765 2898 819 2951 in
857 2897 960 2952 hoc
984 2900 1203 2963 smculo,
1230 2916 1407 2970 neque
1433 2902 1486 2955 in
1513 2902 1695 2957 futuro
1723 2903 1786 2956 ³⁸.
1826 2923 1842 2952 ι
1879 2902 2146 2973 Spiritum

563 3004 768 3043 vocans
815 2997 1069 3043 naturam
1113 2990 1261 3044 illam
1316 3006 1547 3062 corpore
1601 2994 1942 3063 superiorem
1971 3038 1984 3062 ,
2024 3012 2147 3066 quae

565 3080 708 3135 Deus
752 3088 856 3145 est,
915 3080 971 3135 in
1037 3097 1200 3151 quem
1249 3082 1295 3137 si
1358 3084 1484 3152 quis
1528 3084 1853 3140 eﬁ‘renatam
1904 3088 2145 3158 linguam

2244 613 2468 677 εἰκότως
2495 614 2569 677 ὡς
2598 614 2734 684 πρὸς
2761 615 2913 684 ἡμᾶς
2939 614 3000 666 rb
3033 614 3390 685 ύπερτεροῦν,
3419 616 3539 668 καθ’
3560 616 3587 669 δ
3606 618 3815 685 πέφυκε

2244 704 2419 774 νικᾷν.
2464 706 2666 775 Ὄρκια
2717 705 2781 775 δὴ
2829 700 2921 758 οῦν
2958 706 3115 757 ταυτὶ
3145 706 3518 776 ποιησόμεθα,
3556 710 3817 779 παρέντες

2243 794 2318 857 ὡς
2349 796 2624 865 περιττὸν,
2662 795 2723 848 τὸ
2756 796 3162 867 διαμεμνῆσθαι
3187 797 3321 851 Θεοῦ
3338 816 3361 864 ;ί

2306 977 2517 1030 ΠΛΛΛ.
2559 975 2845 1046 Οὐδαμῶς.

2317 1069 2479 1121 ΚΥΡ.
2520 1068 2735 1121 Ἔοικεν
2776 1064 2869 1121 οὖν
2908 1068 3017 1140 ἄρα
3050 1068 3108 1122 rb
3144 1068 3291 1122 κατὰ·
3326 1070 3487 1138 φύσιν
3528 1070 3817 1138 ύπερτενὲς

2243 1160 2338 1214 καὶ
2374 1159 2479 1229 ὅλῳ
2511 1160 2589 1230 τῷ
2632 1156 2770 1212 εἶναι
2803 1160 2911 1213 τῶν
2945 1161 3332 1231 πεποιημένων
3365 1161 3669 1229 διενεγκδν,
3702 1179 3802 1214 του.

2242 1251 2413 1314 τέστι,
2442 1252 2596 1316 Θεὸν,
2626 1254 2721 1305 καὶ
2749 1252 3037 1324 ἀνθρώπου
3069 1255 3253 1325 μεῖζον
3286 1255 3483 1308 είπεῐν.

2310 1431 2519 1484 ΠᾹΛΛ.
2562 1426 2635 1485 Εὖ
2668 1430 2869 1501 λέγεις.

2314 1524 2477 1577 ΚΥΡ.
2506 1524 2687 1576 Ἔστω
2705 1522 2997 1595 τοιγαροῦν
3021 1522 3082 1578 rb
3104 1523 3234 1589 Ναὶ,
3255 1524 3354 1578 καὶ
3378 1524 3439 1578 rb
3462 1523 3559 1587 Ού,
3584 1525 3738 1593 παρά
3756 1541 3829 1593 γι

2244 1616 2356 1677 τοῖς
2388 1614 2586 1685 ἀριστα
2632 1613 2781 1683 βιοῦν
2824 1615 3158 1686 ᾑρημένοις,
3212 1618 3376 1687 ὅρκου
3423 1617 3583 1687 χρεία
3627 1634 3685 1669 τε
3726 1618 3823 1671 καὶ

2244 1705 2508 1775 δύναμις,
2555 1705 2654 1758 καὶ
2680 1705 3041 1776 διαπεπήχθω
3065 1706 3239 1778 ὀρθῶς
3258 1723 3270 1735 ·
3304 1707 3493 1777 ἕψεται
3524 1708 3631 1777 γὰρ
3677 1706 3833 1760 οὕτω

2248 1798 2342 1850 καί
2368 1797 2433 1850 τὸ
2462 1797 2812 1852 πιστεύεσθαι
2836 1798 2964 1852 δεῖν.
2995 1800 3057 1852 Εἰ
3084 1800 3139 1853 δὲ
3169 1800 3489 1870 ἀτιμάζοιτο
3516 1800 3652 1869 πρός
3674 1818 3831 1863 τινος

2245 1890 2305 1941 τὸ
2340 1890 2447 1942 Ναὶ
2477 1890 2570 1943 καὶ
2597 1890 2658 1943 rb
2686 1889 2783 1955 Οὒ,
2811 1890 2920 1944 τῶν
2948 1892 3126 1960 ὅρκων
3152 1893 3185 1962 ἠ
3215 1892 3374 1962 χρεία
3400 1892 3688 1963 τετράφθω
3710 1892 3823 1944 λοι-

2246 1981 2347 2034 πδν
2383 1982 2476 2034 ἐπὶ
2513 1981 2578 2035 rb
2613 1981 2797 2052 μεῖζον
2830 1982 2863 2052 ἢ
2907 1982 3028 2035 καθ’
3057 1984 3239 2053 ἡμᾶς,
3288 1982 3486 2053 μᾶλλον
3518 1983 3574 2036 δὲ
3606 1983 3639 2053 ἢ
3680 1982 3829 2036 κατά

2246 2073 2427 2125 πᾶσαν
2457 2070 2557 2143 τὴν
2586 2071 2784 2125 κτίσιν.
2826 2072 3151 2142 Δυσφημίαν
3175 2071 3250 2135 δὲ,
3280 2072 3333 2125 τί
3358 2070 3424 2125 ἀν
3456 2072 3672 2142 λέγοιμι
3707 2072 3827 2125 λοι-

2248 2164 2368 2227 πὸν,
2395 2164 2519 2217 ὅποι
2547 2163 2609 2217 τέ
2646 2165 2785 2228 ἐστι,
2811 2166 2906 2217 καὶ
2934 2164 3003 2217 ἵν’
3029 2164 3279 2236 ἀποφέρῃ
3322 2163 3494 2217 κακοῦ
3525 2163 3651 2226 τοὺς
3681 2164 3824 2233 αὐτῇ

2246 2259 2583 2330 χρωμένους,
2631 2260 2699 2330 ἣν
2726 2259 2941 2328 θανάτῳ
2978 2259 3077 2329 μὲν
3115 2257 3297 2331 πικρῷ
3329 2260 3423 2313 καὶ
3459 2260 3488 2312 ό
3531 2258 3698 2311 πάλαι
3737 2275 3829 2311 τιο
3912 2240 3915 2249 Α

2251 2353 2417 2421 μᾶται
2448 2352 2631 2421 νόμος.
2670 2350 3075 2404 Καταδεδίκακε
3106 2351 3161 2404 δὲ
3192 2350 3285 2425 καὶ
3316 2349 3480 2413 αὐτὸς
3509 2350 3539 2401 ὁ
3567 2348 3835 2419 Χριστὸς,

2248 2443 2511 2511 ἀφύκτοις
2544 2460 2606 2496 τε
2637 2444 2733 2495 καὶ
2758 2442 3141 2513 ἀτελευτήτηις
3165 2443 3355 2504 κακοῖς
3376 2457 3392 2474 ο
3429 2461 3448 2493 ι
3492 2443 3586 2504 Ὃς
3613 2440 3722 2511 γὰρ
3755 2439 3828 2494 ἂν

2248 2534 2377 2605 εἴπῃ
2406 2534 2564 2601 λόγον
2586 2532 2728 2587 κατά
2755 2532 2850 2587 τοῦ
2886 2534 3016 2588 Υίοῦ
3041 2533 3136 2587 τοῦ
3160 2532 3467 2606 ἀνθρώπου,
3493 2532 3828 2603 ἀφεθήσεται

2248 2624 2428 2695 αὐτῷ’
2459 2625 2518 2688 ὃς
2550 2625 2595 2677 δ’
2628 2624 2693 2678 ἂν
2724 2626 2853 2697 εἴπῃ
2886 2624 3028 2679 κατά
3049 2623 3143 2677 τοῦ
3181 2624 3498 2694 Πνεύματος
3518 2623 3613 2676 τοῦ
3643 2624 3831 2691 ἀγίου,

2247 2715 2348 2768 οὐκ
2379 2716 2709 2785 ἀφεθήσεται
2776 2714 2956 2784 αὐτῷ,
2991 2713 3115 2768 οὕτε
3150 2716 3209 2767 ὲν
3240 2713 3316 2784 τῷ
3350 2713 3444 2767 νῦν
3473 2713 3661 2777 αἰῶνι,
3697 2712 3829 2766 οὕτε

2249 2810 2308 2862 ὲν
2343 2807 2421 2878 τῷ
2470 2807 2738 2879 μέλλοντι.
2797 2826 2814 2857 ι
2874 2806 3099 2877 Πνεῦμα
3146 2806 3317 2874 λέγων
3349 2805 3446 2877 τὴν
3480 2806 3618 2877 ὑπὲρ
3665 2805 3828 2874 σῶμα

2249 2896 2411 2966 φύσιν
2432 2937 2445 2961 ,
2479 2898 2617 2967 ὅπερ
2657 2896 2775 2949 ἐστὶ
2807 2895 2971 2961 Θεὸς,
3019 2889 3064 2963 ᾧ
3095 2893 3192 2964 τὴν
3224 2892 3472 2962 γλῶτταν
3500 2890 3756 2961 ἀχάλινον
3801 2891 3831 2943 ό

2252 2990 2543 3058 ἐπαφεῖναι
2576 2988 2812 3057 τολμῶν,
2861 2989 2986 3050 τοὺς
3011 2987 3111 3057 τῆς
3158 2984 3558 3056 ἀθυροστομίας
3588 2983 3834 3053 ὲκθεριεῖ

2249 3081 2517 3151 καρπούς.
2568 3101 2587 3133 ι
2625 3081 2793 3151 Χείλη
2829 3080 2939 3151 γάρ
2971 3079 3236 3150 ἄφρονος,
3276 3078 3500 3145 ἄγουσιν
3539 3076 3702 3129 αὑτὸν
3750 3077 3835 3139 είς

564 3173 744 3226 laxare
778 3187 946 3227 ausus
971 3173 1159 3237 fuerit,
1190 3184 1359 3230 metet
1385 3176 1805 3245 intemperantis
1834 3178 2146 3237 dicacitatis

2252 3172 2415 3237 κακά,
2449 3170 2631 3234 καθὼς
2650 3172 2982 3240 γέγραπται.
3011 3170 3085 3223 Τὸ
3106 3168 3350 3239 στόμαδὲ
3380 3167 3544 3221 αὐτοῦ
3572 3167 3634 3221 rb
3652 3166 3833 3237 θρασὺ

563 3263 797 3319 fructus.
835 3284 853 3316 ι
884 3264 1053 3321 Labia
1089 3268 1236 3321 enim
1275 3268 1585 3339 insipientis
1611 3272 1898 3341 impellunt
1923 3290 2050 3328 eum
2074 3275 2142 3330 ad

2252 3263 2481 3318 θάνατον
2514 3263 2886 3318 ἐπικαλεῖται.
2927 3281 2946 3313 ι
2992 3261 3284 3330 Τοιγάρτοι
3331 3259 3427 3314 καὶ
3474 3261 3504 3314 ὁ
3542 3258 3833 3321 θεσπέσιος

563 3355 725 3419 mala,
779 3355 922 3409 sicut
975 3356 1238 3425 scriptum
1293 3364 1406 3422 est;
1464 3373 1527 3413 os
1569 3368 1752 3413 autem
1799 3361 1920 3430 ejus
1966 3361 2145 3415 audax

565 3456 796 3501 mortem
820 3447 1056 3502 invocat.
1078 3447 1122 3478 "
1155 3466 1172 3497 ι
1209 3448 1397 3517 Itaque
1417 3451 1582 3502 etiam
1609 3448 1828 3503 divinus
1864 3449 1955 3503 ille
1991 3450 2146 3504 Psal-

565 3553 781 3592 morum
825 3548 1037 3601 cantor,
1063 3538 1283 3593 dicebat
1327 3557 1339 3592 :
1391 3557 1409 3588 ι
1444 3539 1613 3603 Pone,
1662 3539 1914 3604 Domine,
1956 3549 2147 3595 custo-

564 3629 710 3684 diam
740 3629 821 3684 ori
849 3645 992 3694 meo,
1017 3638 1072 3684 et
1097 3630 1299 3685 ostium
1323 3631 1750 3687 circumstantia:
1773 3632 1933 3686 labiis
1967 3633 2104 3687 meis
2129 3649 2145 3687 :

565 3735 637 3774 ne
680 3719 925 3773 declines
958 3735 1055 3773 cor
1093 3734 1276 3773 meum
1328 3720 1384 3774 in
1417 3720 1587 3775 verba
1615 3722 1838 3777 malitia:
1863 3722 1927 3777 δ’.
1968 3741 1985 3773 ι
2024 3721 2150 3779 Haec

2248 3354 2455 3425 ἔφασκε
2483 3353 2755 3424 Μελῳδόςο
2794 3373 2813 3404 ι
2838 3352 2965 3417 Θοῦ,
2998 3351 3192 3423 Κύριε,
3220 3349 3467 3423 φυλακὴν
3490 3349 3570 3420 τῷ
3597 3348 3853 3418 στόματί»

2253 3464 2390 3519 μου,
2422 3446 2518 3500 καὶ
2569 3445 2741 3517 θύραν
2787 3446 3053 3515 περιοχῆς
3092 3443 3221 3515 περὶ⁷
3257 3442 3325 3496 τά
3376 3442 3527 3513 χείλη
3572 3455 3712 3511 μου’
3752 3440 3849 3511 μὴν

2249 3539 2505 3610 ἐκκλίνῃς
2549 3538 2650 3609 τὴν
2698 3537 2925 3609 καρδίαν
2976 3552 3076 3607 μου
3114 3537 3192 3600 εἰς
3236 3536 3431 3603 λόγους
3465 3533 3757 3604 πονηρίας.
3808 3552 3849 3583 ι-

2250 3629 2376 3685 Εἶεν
2411 3631 2454 3683 δ’
2490 3631 2556 3685 ἂν
2586 3624 2735 3684 οῦτοι
2760 3670 2775 3694 ,
2820 3628 2963 3683 κατὰ
3005 3627 3141 3681 Θεοῦ
3173 3629 3268 3681 καὶ
3306 3628 3403 3698 τῆς
3443 3627 3685 3697 ἀρρήτου
3739 3625 3839 3679 καὶ

2252 3723 2533 3794 ἀκηράτου
2567 3722 2783 3792 φύσεως
2815 3720 3151 3789 ἀνοσιωτάτη
3187 3718 3451 3790 καταϐοή.

566 3824 752 3870 autem
774 3814 941 3869 verba
965 3823 1112 3878 sunt,
1139 3823 1199 3869 ut
1223 3814 1442 3885 opinor,
1474 3814 1654 3886 impia:
1680 3816 1947 3872 adversus
1999 3818 2173 3872 Deum
2210 3826 2265 3874 et
2307 3818 2457 3874 illam
2496 3816 2832 3874 ineﬁ‘abilem
2868 3816 3354 3885 incorruptamque
3388 3819 3641 3867 naturam
3698 3828 3853 3883 que-

569 3909 715 3962 relae.

638 3998 836 4055 PALL.
876 3998 1107 4070 Oportet
1145 4000 1332 4072 igitur,
1380 4001 1475 4072 qui
1526 4010 1676 4058 recto
1701 4003 1897 4059 itinere
1922 4020 2153 4077 pergere

568 4092 686 4147 sine
714 4091 824 4145 ulla
846 4091 1019 4161 culpae
1038 4091 1159 4147 labe
1188 4093 1550 4158 contendunt,
1575 4110 1671 4149 eos
1695 4094 1836 4150 bene
1861 4096 2153 4150 conﬁrma-

569 4192 655 4237 tos
703 4199 822 4237 esse
848 4226 862 4249 ,
906 4194 962 4239 et
1004 4185 1297 4255 ejusmodi,
1347 4194 1409 4240 ut
1454 4188 1629 4242 Deum
1665 4188 1950 4244 oll‘endere
1995 4189 2149 4244 nullo

569 4276 733 4331 modo
758 4278 1087 4332 sustineant.

2329 4001 2537 4055 ΠΑΛΛ.
2574 4000 2666 4052 Δεῖ
2695 3998 2760 4069 δὴ
2791 3996 2885 4052 οὖν
2925 3996 3034 4069 ἀρα
3061 3995 3439 4070 διερηρεῖσθαι.
3468 3996 3672 4060 καλῶς,
3707 3998 3857 4061 τοὺς,-

2256 4098 2393 4151 ίέναι
2445 4093 2542 4164 μὲν
2596 4092 2914 4163 ἀμωμήτως
2951 4091 3057 4161 τὴν
3105 4089 3191 4142 ἐπ’
3224 4089 3351 4142 εὐθὺ
3407 4088 3835 4154 σπουδάζοντας,

2252 4185 2370 4259 Θεῷ
2398 4186 2465 4239 δὲ·
2496 4182 2860 4255 προσκρούειν
2889 4183 2997 4235 ούκ
3024 4182 3402 4252 ἀνεχομένους.

640 4368 796 4424 CYB.
827 4370 902 4424 ιω
930 4371 1126 4425 sentio.
1148 4371 1285 4426 Nam
1318 4371 1582 4427 adversus
1603 4388 1720 4436 eos,
1750 4372 1847 4443 qui
1870 4372 1937 4428 ad
1973 4374 2147 4428 Deum

2326 4370 2490 4425 ΚΥΡ.
2526 4367 2683 4421 (libro)
2712 4364 2876 4437 φημί.
2922 4362 3065 4434 Πρὸς
3092 4362 3200 4433 γάρ
3230 4378 3313 4415 τοι
3352 4360 3477 4456 τοὺς
3509 4361 3845 4456 προσιόντας

568 4460 840 4515 accedunt
860 4476 969 4515 non
993 4477 1125 4516 sano
1148 4462 1334 4527 corde,
1361 4463 1457 4518 sed
1481 4463 1651 4517 dubio
1677 4471 1843 4533 atque
1865 4470 2148 4533 corrupto,

573 4550 718 4620 quod
748 4559 804 4605 et
830 4560 1023 4606 natura
1051 4567 1150 4606 sua
1177 4551 1337 4623 215
1364 4552 1701 4608 imbecillum
1729 4554 1820 4617 sit,
1846 4564 1902 4609 et
1931 4553 1997 4608 ad
2032 4555 2150 4609 rui-

571 4658 697 4695 nam
732 4641 889 4696 facile
929 4642 1261 4712 impellatur,
1300 4644 1569 4713 propheta
1611 4646 1897 4715 loquitur:
1934 4664 1953 4697 ι
1998 4644 2148 4712 Quo-

571 4749 747 4803 usque
792 4732 1171 4787 claudicabitis
1234 4741 1470 4803 utroque
1527 4735 1734 4804 poplite
1780 4736 2005 4791 vestro?
2054 4743 2152 4791 aut

572 4825 697 4880 Raal
726 4825 873 4889 Baal,
901 4833 995 4879 aut
1020 4826 1131 4880 Deo
1170 4826 1283 4880 Deo
1308 4826 1350 4858 ”
1387 4846 1404 4877 ι
1443 4826 1580 4881 Nam
1612 4842 1792 4897 neque
1818 4828 1874 4881 in
1904 4827 2009 4883 ﬁde
2034 4844 2151 4882 om-

564 4919 704 4974 nino
727 4934 920 4972 sanum
965 4933 1118 4983 esse,
1161 4933 1340 4988 neque
1384 4933 1577 4973 rursus
1622 4920 1677 4973 in
1724 4934 1914 4974 errore
1958 4920 2146 4983 ﬁxum,

570 5016 805 5077 utroque
852 5008 1160 5062 claudicare
1204 5015 1309 5071 est,
1348 5008 1403 5062 id
1442 5023 1597 5075 vero,
1629 5018 1687 5063 et
1726 5009 1780 5063 in
1816 5018 2046 5078 utraque
2092 5025 2149 5063 re

570 5100 946 5154 sinceritatem
994 5101 1317 5170 corrumpit.
1366 5098 1723 5156 Occasionem
1769 5116 1937 5171 porro
1986 5102 2151 5172 hujus

570 5188 709 5244 adeo
753 5190 983 5246 inﬁrmze
1031 5191 1348 5261 fragilisque
1395 5196 1595 5250 mentis
1650 5193 1981 5264 quibusdam
2027 5210 2150 5249 esse

571 5279 888 5349 puto,quod
918 5295 1025 5333 non
1052 5296 1204 5345 vero,
1232 5282 1329 5336 sed
1356 5283 1593 5338 conﬁcto
1627 5300 1815 5339 amore
1854 5285 2027 5339 Deum
2068 5283 2151 5338 di-

570 5370 767 5442 ligunt,
793 5384 855 5424 ac
878 5372 1138 5427 simulant
1152 5374 1376 5442 quidem
1395 5390 1453 5429 se
1475 5375 1820 5431 Christianos
1842 5392 1962 5431 esse
1985 5377 2146 5441 velle;

570 5478 681 5517 non
715 5470 896 5517 tamen
941 5463 995 5517 id
1020 5480 1085 5519 ex
1121 5473 1236 5520 toto
1276 5468 1443 5523 corde
1491 5467 1729 5531 faciunt,
1777 5484 1957 5538 neque
2002 5468 2150 5538 quod

570 5552 820 5607 veritatis
863 5556 1170 5611 reverentia
1227 5557 1285 5630 in
1319 5574 1440 5613 eam
1479 5544 1811 5614 sententiam
1856 5559 2149 5622 ducantur,

571 5651 665 5695 aut
702 5643 777 5707 id,
813 5642 957 5714 quod
996 5654 1204 5701 rectum
1239 5657 1343 5715 est,
1380 5650 1562 5721 magni
1588 5650 1824 5715 faciant;
1870 5649 1965 5705 sed
2003 5652 2149 5720 quod

2253 4462 2372 4533 Θεῷ
2405 4460 2479 4532 μὴ
2516 4458 2575 4524 ἑξ
2614 4456 2804 4527 ὑγιοῦς
2841 4454 3096 4527 καρδίας,
3131 4454 3247 4507 ἀλλ’
3290 4454 3532 4507 ὑπόπτου
3565 4454 3660 4507 καὶ
3702 4472 3837 4526 παρ-

2253 4551 2634 4624 εφθαρμένης,
2667 4548 2763 4602 καὶ
2807 4547 3112 4619 ἀρρωστεῖν
3140 4544 3403 4615 ἑλομένης
3432 4544 3493 4597 τὸ
3531 4544 3729 4599 ave:le
3772 4561 3831 4597 τε

2252 4646 2345 4701 καὶ⁵
2374 4642 2796 4698 εὑκατάσειστον
2812 4679 2829 4705 ,
2852 4640 2883 4693 ό
2906 4637 3196 4709 προφήτης
3218 4635 3384 4705 φησίν
3406 4652 3420 4668 ·
3460 4654 3480 4687 ¢
3519 4634 3665 4697 Ἕως
3700 4635 3831 4688 πότε

2252 4738 2542 4811 χωλανεῖτε
2565 4734 2650 4787 ἐπ’
2668 4730 3012 4802 ἀμφοτέραις
3037 4731 3159 4792 ταῖς
3181 4728 3396 4795 ἰγνύαις
3418 4726 3595 4797 ὑμῶν,
3612 4727 3645 4797 ἢ
3662 4728 3833 4789 Βάαλ,

2254 4828 2419 4891 Βάαλ,
2451 4829 2484 4898 ἢ
2518 4824 2641 4896 Θεῷ
2667 4822 2808 4892 Θεῷς
2846 4841 2866 4873 ι
2898 4821 2973 4875 Tb
3006 4819 3117 4890 γάρ
3162 4820 3298 4890 μήτε
3338 4818 3477 4888 πρὸς
3506 4819 3686 4871 πίστιν
3719 4819 3831 4870 είσο

2250 4923 2396 4977 ἀπαν
2436 4918 2619 4988 ὑγιὲς,
2671 4918 2807 4988 μήτε
2852 4912 2961 4984 μὴν
3022 4912 3104 4974 είς
3149 4910 3420 4979 πλάνησιν
3457 4906 3827 4977 διαπεπῆχθαι

2254 5012 2448 5081 φιλεῖν,
2488 5008 2575 5062 ἐπ’
2611 5007 2779 5077 ἄμφω
2802 5021 2862 5057 τε
2890 5000 3150 5073 χωλεύειν
3190 5000 3308 5053 ἐστὶ
3326 5041 3341 5067 ,
3368 5000 3464 5053 καὶ
3496 4998 3621 5068 μὴν,
3649 4998 3710 5050 rb
3739 4997 3823 5062 ἐφ’

2254 5099 2498 5169 ἑκατέρῳ
2529 5092 2885 5164 καταφθείρει
2906 5092 3147 5161 γνήσιον.
3170 5090 3451 5160 Πρόφασις
3476 5088 3534 5142 δὲ
3562 5089 3659 5158 τῆς
3686 5086 3827 5139 οὕτω

2258 5188 2463 5259 σαθρᾶς
2501 5186 2597 5240 καὶ
2627 5183 3013 5238 εὐδιακλάστου
3039 5183 3267 5251 γνώμης
3302 5180 3499 5250 γένοιτ’
3532 5181 3619 5242 ἀν.
3652 5176 3819 5249 οἶμαι,

2260 5281 2372 5335 τισὶ
2398 5278 2460 5333 rb
2482 5276 2863 5331 κατάπλαστον
2888 5272 3158 5327 ποιεῖσθαι
3182 5274 3277 5327 καί
3300 5274 3399 5327 οὐκ
3421 5273 3591 5343 ἀληθῆ
3620 5273 3711 5341 τὴν
3737 5270 3824 5331 εἰς

2256 5373 2390 5427 Θεὸν
2434 5370 2734 5441 ἀγάπησιν,
2761 5366 2858 5421 καὶ⁵
2900 5364 3287 5435 ὑποκρίνεσθαι
3344 5367 3443 5437 μὲν
3488 5365 3547 5418 rb
3594 5379 3826 5435 χριστια-

2257 5468 2422 5533 νίζειν
2452 5462 2757 5537 βούλεσθαι,
2783 5460 2859 5531 μὴ
2888 5457 2995 5530 μὴν
3019 5459 3080 5523 ἐξ
3100 5459 3230 5528 ὅλης
3250 5458 3477 5529 καρδίας
3500 5456 3650 5511 τοῦτο
3669 5454 3820 5522 δρᾷν,

2260 5560 2397 5631 μήτε
2429 5558 2536 5630 μὴν
2563 5554 2702 5611 αίδοῖ
2735 5555 2803 5624 τῇ
2843 5551 2981 5622 πρὸς
3008 5552 3070 5605 rb
3102 5552 3299 5621 ἀληθὲς
3324 5546 3823 5616 ἀναπεπεισμένοι-ις

2258 5651 2352 5704 καὶ
2392 5646 2758 5717 τετιμηκότας
2786 5642 2846 5695 rb
2873 5642 2995 5713 ἔχον
3027 5641 3230 5712 ὀρθῶς
3266 5640 3381 5695 ἀλλ’
3407 5639 3438 5695 ἢ
3489 5635 3824 5709 θηρωμένους

648 5829 690 5859 ³⁸
718 5830 905 5886 Matth.
936 5850 1027 5897 χιι,
1068 5833 1156 5889 5‘2.
1238 5835 1281 5871 ³ο
1321 5833 1479 5888 Prov.
1514 5848 1662 5897 xvm,
1694 5835 1749 5897 6,
1780 5834 1829 5887 7.
1906 5834 1947 5865 ³⁵
1983 5835 2121 5889 Psal.

2258 5874 2269 5898 ,
2299 5834 2353 5897 5,
2380 5833 2429 5887 ll.
2503 5834 2541 5872 δ’
2582 5833 2646 5888 lll
2690 5834 2824 5902 Reg.
2851 5826 3111 5893 xvnt,2l.
