4072 6514
169 374 269 431 £77

884 370 974 426 DE
1010 368 1451 429 ADORATIONE
1488 368 1557 425 IN
1598 364 1867 424 SPIRITU
1904 366 1982 423 E'l
2029 364 2400 423 V'ERITATE.
2440 363 2566 420 LIB.
2609 360 2697 417 Vl.

3323 362 3429 419 478

166 486 225 538 τὸ
257 482 444 557 σφίσιν
461 482 643 547 αὑτοῖς
682 482 803 538 καθ’
838 483 1052 556 ἡδονὴν,
1082 483 1116 555 ἢ
1147 482 1393 537 κινδύνου
1425 482 1618 553 φόϐον,
1654 480 1747 534 καὶ

1857 489 1943 534 aut
1965 479 2324 550 cupiditatem
2358 493 2512 533 suam
2539 479 2903 545 aucupentur,
2929 480 3023 526 aut
3054 470 3285 542 periculi
3314 488 3425 528 me-

167 571 507 644 δυσημερίας
551 572 754 643 ἀγρίαν
796 573 983 642 ἔφοδον
1034 574 1198 627 οἰονεί
1244 569 1748 642 καταγοητεὺοντας

166 666 231 733 τῇ
260 663 444 715 πίστει
484 662 945 733 προσεληλυθέναι
970 663 1168 729 δοκεῖν,
1199 662 1287 717 ἰνα
1313 662 1544 725 πολλοὺς
1576 660 1749 730 ἔχοιεν

167 757 294 818 τοὺς
319 754 603 809 συναθλεῖν
635 754 971 827 ᾑρημένους,
1000 755 1096 809 καὶ
1122 756 1223 825 τὴν
1252 754 1460 809 οἰκείαν
1485 754 1750 817 δανείζειν

169 844 446 913 φροντίδα.
494 845 633 900 Ἀλλ’
660 846 862 916 ἐσχάτη
906 847 1018 909 τοῖς
1046 846 1309 908 τοιούτοις
1337 842 1751 913 ἀπονεμηθήσε-

168 951 256 986 ται
284 934 529 1003 φροντὶς,
573 934 669 987 καὶ⁹
703 936 761 986 ὲν
792 937 903 997 τοῖς
942 934 1023 987 ὅτι
1062 933 1299 1004 μάλιστα
1326 930 1745 1001 καταϐεϐλημέ-

169 1041 281 1087 νοις
310 1024 339 1075 ὁ
367 1022 564 1093 κλῆρος
583 1063 598 1087 ,
627 1022 941 1093 ἀτιμότατοι
969 1040 1028 1077 τε
1066 1025 1161 1077 καὶ
1207 1023 1610 1095 ἀπερριμμένοι
1658 1022 1751 1075 καὶ

173 1116 325 1184 μόλις
366 1115 848 1186 ἀποκερδαίνοντες
879 1115 941 1169 τὸ
974 1115 1255 1180 ἀξιοῦσθαι
1277 1116 1445 1187 ζωῆς,
1478 1117 1657 1169 ἁλοῖεν
1683 1115 1750 1169 ἂν

169 1206 306 1258 Θεοῦ
344 1205 730 1275 βασανίζοντος
774 1207 846 1259 τὰ
888 1209 946 1261 έν
974 1208 1109 1276 ἡμῖν
1137 1206 1532 1278 κεκρυμμέναι
1577 1205 1752 1260 ὁποῖοί

169 1314 316 1361 τινες
344 1294 483 1369 ἦσαν
507 1299 555 1351 οἰ
584 1297 692 1351 ἀπὸ
716 1296 961 1352 Γαϐαών.
988 1298 1489 1370 Προσκεχωρήκασι
1514 1296 1613 1368 μὲν
1645 1297 1753 1369 γὰρ

168 1391 247 1460 τῷ
288 1388 464 1459 Ἰησοῦ
505 1407 658 1451 ποτε.
697 1390 793 1442 καὶ
820 1388 897 1460 τῷ
928 1389 1043 1460 λαῷ
1069 1389 1165 1443 τοῦ
1199 1388 1333 1442 Θεοῦ
1374 1387 1752 1459 προσοικειοῦ-

172 1481 297 1533 σθαι
340 1480 459 1533 λίαν
498 1479 884 1551 ἑξελιπὰρουν·
921 1480 1059 1551 πλὴν
1088 1464 1564 1550 οὑκηάκακουργὸν
1602 1480 1755 1531 ὲποι·

168 1572 330 1625 οῦντο
382 1569 481 1642 τὴν
548 1570 920 1642 προσδρομὴν,
972 1569 1097 1624 οὕτε
1153 1569 1259 1641 μὴν
1316 1568 1495 1639 ἁπλῆν
1544 1584 1603 1621 τε
1657 1568 1753 1622 καὶ

167 1658 577 1729 ἀκαπήλευτον,
608 1660 702 1715 καὶ
723 1658 796 1723 ὡς
828 1658 887 1724 ἐξ
914 1659 1139 1729 ἀγάπης
1162 1660 1261 1730 τῆς
1293 1659 1429 1729 πρὸς
1457 1657 1611 1723 Θεὸν,
1638 1657 1752 1711 ἀλλ’

168 1755 226 1806 ὲν
261 1752 548 1826 ὑποκρίσει
579 1752 674 1805 καὶ
703 1751 859 1821 δόλῳ.
892 1752 1003 1805 Καὶ
1028 1750 1272 1804 διέλαθον
1312 1751 1411 1821 μὲν
1442 1752 1501 1803 ὲν
1533 1735 1750 1822 ἀρχαῖς.

180 1824 418 1915 Ἐπειδὴή
431 1843 489 1896 δὲ
515 1842 693 1914 πικρά
720 1841 957 1912 δρῶντες
986 1830 1291 1914 ἡλίσκοντο,
1320 1842 1414 1896 καί
1440 1842 1757 1916 κατεφωρά-
1786 1824 1831 1884 Β

170 1934 348 2005 θησαν
367 1933 619 1988 κακόνοοί
642 1950 702 1986 τε
723 1932 819 1986 καὶ
833 1930 1268 2003 πολυγνὼμονες,
1292 1933 1350 1986 ἐν
1372 1935 1484 1997 τοῖς
1508 1933 1757 2005 ἐσχάτοις

169 2026 478 2079 ἐτάττοντο.
506 2024 771 2094 Γεγόνασι
799 2022 909 2095 γὰρ
940 2022 1227 2090 ξυλοκόποι
1257 2040 1316 2079 τε
1353 2024 1446 2078 καὶ
1470 2024 1757 2096 ὑδροφόροι

170 2115 324 2185 πάσῃ
360 2116 427 2185 τῇ
474 2116 796 2185 Συναγωγῇ.
841 2114 1005 2185 Ὁρᾷς
1048 2110 1144 2168 οὖν
1189 2114 1311 2169 ὅποι
1338 2116 1666 2186 κατακομιεῖ
1694 2114 1755 2167 τὸ

172 2208 249 2279 μὴ
279 2209 527 2279 γνήσιον,
567 2206 747 2260 καὶτὸ
783 2206 857 2278 μὴ
900 2206 1115 2260 ἑλέσθαι
1139 2209 1304 2278 τιμᾷν
1337 2206 1397 2272 ἐξ
1420 2206 1607 2277 ὑγιοῦς
1642 2207 1757 2261 δια-

178 2300 331 2361 νοίας
377 2298 479 2370 τὴν
541 2298 680 2371 πρὸς
741 2299 929 2368 ἁγίους
984 2299 1294 2369 οἰκειότητα
1355 2302 1752 2371 πνευματικήν.

182 2385 461 2439 ’Δπατῶσι
487 2387 590 2457 μὲν
616 2386 726 2456 γὰρ
752 2385 865 2441 ἔσθ’
889 2387 979 2441 ὅτε
1001 2387 1164 2452 τινὲς,
1195 2389 1286 2440 καὶ
1319 2386 1441 2441 οὔτι
1477 2388 1581 2441 πού
1612 2406 1753 2460 φημι

170 2475 259 2530 τὸν
293 2477 474 2531 πάντα
516 2476 697 2529 εἰδότα
733 2476 993 2547 Χριστὸν,
1020 2477 1149 2541 τοὺς
1186 2478 1245 2531 ὲν
1282 2476 1437 2548 τὺπῳ
1464 2476 1520 2530 δὲ
1554 2477 1754 2548 μᾶλλον

171 2569 337 2623 αὑτοῦ
356 2610 370 2635 ,
398 2568 696 2633 τουτέστιν,
742 2569 869 2633 τοὺς
900 2568 1048 2622 λαῶν
1078 2567 1434 2639 ἡγουμένους.
1489 2568 1753 2640 Καθάπερ

173 2658 367 2727 ἀμέλει
412 2658 655 2711 κάκεῖνοι
710 2656 833 2711 τότε
880 2656 975 2712 τὸν
1032 2657 1240 2729 Ἰησοῦν
1290 2658 1372 2721 εἰς
1425 2658 1610 2712 εἰκόνα
1659 2660 1755 2712 καὶ

174 2750 522 2804 ὑποτύπωσιν
545 2750 947 2828 παρενεχθέντα
970 2750 1234 2823 Χριστοῦ,
1259 2751 1355 2805 καὶ
1385 2751 1755 2807 εἰσελαύνουσι

177 2840 317 2910 μετὰ
347 2841 499 2894 δόλου
532 2842 1053 2912 κατασκιασμάτων,
1087 2844 1145 2895 ὲν
1180 2841 1334 2912 βάθει
1363 2842 1753 2915 διαλογισμῶν,

174 2933 267 2986 καὶ
295 2933 397 3004 τῆς
426 2937 505 2998 εἰς
529 2934 654 2989 νοῦν
686 2934 954 3007 πονηρίας
986 2935 1373 3007 προϊσχόμενοι
1406 2935 1505 3009 τὴν
1532 2937 1757 3008 ὑπόκρι-

176 3039 292 3077 σιν·
352 3026 895 3098 καταγινωσκόμενοι
947 3026 1040 3094 δὲ,
1095 3025 1280 3080 λαθεῖν
1334 3026 1442 3099 γὰρ
1503 3027 1602 3080 οὑκ
1653 3026 1753 3091 ἔνι,

1850 581 1967 625 tum
1995 580 2051 624 et
2073 569 2338 641 gravioris
2373 568 2606 638 alicujus
2639 563 2925 618 infortunii
2956 560 3295 616 imminentis
3327 562 3413 614 im-

1850 675 2039 736 petum
2064 674 2321 735 tanquam
2365 663 2733 719 incantatione
2779 660 3014 732 quadam
3055 660 3427 725 amoliantur,

1851 759 1982 814 dum
2024 758 2093 814 ad
2123 757 2283 812 ﬁdem
2334 754 2601 811 accedere
2631 753 2929 817 videntur,
2972 760 3034 805 ut
3077 751 3283 805 multos
3326 751 3428 803 ha-

1849 851 2035 917 beant,
2062 852 2157 922 qui
2194 847 2575 906 laborantibus
2618 846 2781 902 simul
2829 860 2989 915 opem
3043 842 3187 897 ferre
3232 841 3427 905 velint,

1851 956 2014 1015 atque
2048 945 2157 999 illis
2198 958 2326 998 suas
2371 955 2534 996 curas
2575 922 2980 1009 impertiantur.
3031 932 3138 988 Sed
3179 940 3428 987 extrema

1850 1035 2119 1107 ejusmodi
2159 1033 2475 1089 hominibus
2507 1028 2822 1101 procuratio
2859 1026 3152 1090 tribuetur,
3183 1033 3240 1079 et
3283 1023 3429 1077 inter

1851 1128 2250 1199 ahjectissimos
2272 1125 2524 1180 homines
2566 1137 2686 1177 sors
2720 1135 2911 1175 eorum
2935 1119 3061 1182 erit,
3095 1126 3151 1172 et
3194 1114 3428 1187 ignomi-

1851 1217 2150 1275 niosissimi
2190 1224 2355 1287 atque
2402 1210 2859 1281 contemptissimi
2905 1206 3427 1278 deprchendemur;

1852 1320 1908 1367 et
1930 1310 2025 1381 qui
2060 1310 2152 1363 vix
2186 1308 2241 1363 id
2281 1306 2543 1377 consequi
2581 1303 2815 1375 possint,
2870 1309 2931 1356 ut
2973 1302 3091 1372 ipsa
3122 1300 3233 1353 vita
3278 1296 3432 1368 digni

1853 1418 1974 1459 esse
1996 1401 2307 1466 videantur,
2360 1399 2473 1453 Deo
2508 1395 2856 1466 exquirente,
2881 1407 3004 1463 qua:
3049 1391 3105 1445 in
3149 1389 3309 1444 nobis
3349 1388 3433 1442 la-

1853 1502 2009 1550 tent:
2036 1493 2226 1563 quales
2253 1489 2515 1545 nimirum
2542 1485 2856 1542 Gabaonita:
2894 1482 3149 1545 fuerunt;
3188 1492 3435 1534 accesse-

1854 1592 1984 1639 runt
2022 1582 2171 1638 enim
2212 1581 2251 1636 ii
2292 1578 2567 1651 quondam
2592 1576 2661 1631 ad
2697 1575 2884 1637 Iosue,
2911 1580 2967 1627 et
2992 1579 3053 1626 ut
3078 1585 3200 1625 cum
3224 1568 3433 1638 p0pulo

1852 1674 1952 1729 Dei
1975 1673 2337 1737 sociarentur,
2362 1671 2718 1726 vehementer
2739 1664 3005 1727 orabant;
3050 1669 3431 1716 verumtamen

1855 1781 1967 1820 non
1993 1764 2111 1820 sine
2146 1763 2352 1818 malitia
2396 1776 2576 1831 neque
2603 1755 2925 1827 simpliciter
2957 1763 3014 1809 et
3060 1753 3178 1808 sine
3207 1752 3336 1814 ulla,
3371 1756 3433 1803 ut

1859 1853 1935 1910 ita
1979 1853 2180 1921 dicam,
2231 1859 2539 1908 mercatura
2575 1848 2875 1903 utilitatum
2920 1855 3166 1908 suarum,
3213 1848 3271 1897 et
3307 1848 3433 1893 tan—

1858 1961 2022 2016 quam
2062 1960 2132 2000 ex
2152 1944 2418 1999 charitate
2444 1956 2572 2013 erga
2596 1940 2791 2003 Deum,
2818 1936 2913 1991 sed
2950 1935 3204 1989 simulate
3238 1939 3295 1988 et
3330 1931 3433 1985 do-

1859 2037 1975 2092 lose
1998 2041 2348 2091 accesserant
2372 2034 2437 2087 “.
2472 2032 2551 2087 Ac
2591 2032 2802 2087 latuere
2826 2027 3047 2099 quidem
3074 2042 3104 2080 a
3129 2023 3432 2096 principio;

1857 2128 1978 2195 sed,
2002 2136 2361 2198 posteaquam
2400 2124 2805 2194 deprehensum
2849 2129 2933 2176 est
2956 2120 3080 2173 illos
3107 2118 3289 2190 gravia
3313 2132 3435 2170 mo-

1856 2222 1967 2287 liri,
2000 2230 2058 2277 et
2101 2220 2414 2292 malignitas
2448 2233 2641 2274 eorum
2668 2225 2831 2286 atque
2858 2213 3099 2269 versutia
3126 2218 3431 2280 comperta,

1856 2313 2059 2369 inﬁmis
2103 2311 2426 2367 muneribus
2464 2309 2669 2365 addicti
2712 2316 2841 2363 sunt
2876 2324 2889 2361 :
2930 2304 3067 2361 facti
3120 2310 3249 2359 sunt
3288 2301 3437 2357 enim

1854 2404 2126 2458 universa:
2159 2401 2453 2472 Synagoga:
2490 2397 2706 2470 lignarii
2739 2405 2795 2453 et
2849 2394 3083 2465 aquarii.
3123 2391 3292 2447 Vides
3332 2390 3438 2461 igi-

1857 2508 1946 2553 tur
1971 2512 2081 2567 quo
2123 2494 2394 2566 perducat
2420 2489 2719 2555 simulatio,
2752 2496 2808 2543 et
2832 2487 2977 2542 nolle
3014 2486 3228 2554 integro
3256 2482 3440 2536 animo

1855 2585 2175 2641 societatem
2225 2591 2390 2653 atque
2434 2578 2879 2651 coniunctionem
2913 2573 3257 2644 spiritualem
3309 2587 3440 2625 san-

1856 2684 2072 2731 ctorum
2097 2675 2344 2728 virorum
2387 2670 2664 2742 amplecti.
2720 2669 2937 2725 Fallunt
2982 2664 3132 2721 enim
3167 2662 3440 2718 interdum

1855 2766 2105 2823 nonnulli
2140 2782 2250 2821 non
2276 2765 2468 2834 utique
2492 2762 2794 2826 Christum,
2821 2758 3005 2816 omnia
3031 2755 3320 2817 scientem,
3344 2752 3441 2807 sed

1856 2872 1952 2913 eos
1995 2856 2090 2928 qui
2136 2856 2280 2909 illius
2322 2853 2550 2925 ﬁguram
2608 2859 2816 2915 tenent,
2861 2849 2917 2903 id
2968 2856 3072 2913 est,
3114 2844 3440 2917 populorum

1855 2950 2153 3022 principes,
2200 2957 2260 3002 ut
2289 2946 2367 3001 illi
2399 2945 2659 3000 nimirum
2690 2959 2757 3000 eo
2793 2951 3041 3011 tempore
3072 2939 3248 3009 ipsum
3274 2937 3440 2992 Josue

1856 3044 2188 3105 fefellerunt,
2224 3039 2317 3109 qui
2362 3039 2417 3093 in
2443 3036 2651 3093 Christi
2697 3034 2869 3105 ﬁgura
2912 3042 3077 3101 atque
3114 3030 3350 3099 imagine
3382 3028 3439 3081 in

176 3117 515 3188 σωθήσονται
565 3118 751 3188 μόλις,
790 3120 985 3191 μοῖραν
1025 3117 1241 3189 ἔχοντες
1275 3117 1373 3189 τὴν
1413 3117 1752 3189 δουλοπρεπῆ

1860 3130 2143 3200 Scriptura
2187 3126 2489 3197 productus
2533 3132 2618 3179 est
2657 3141 2670 3177 :
2708 3120 3058 3178 etaccedlmt
3101 3117 3242 3172 dolis
3286 3117 3439 3180 tecti,

175 3211 271 3265 καὶ
296 3210 557 3282 ἐσχάτην·
590 3210 945 3284 ἀνελευθέρου
975 3211 1083 3284 γὰρ
1114 3211 1363 3283 γνώμης,
1404 3210 1586 3279 ἀπάτη
1619 3226 1757 3280 καρ-

178 3304 295 3369 πός.
332 3304 523 3376 Ἦμεξ
547 3304 627 3369 δὲ,
647 3301 729 3369 οἷς
748 3304 810 3358 τὸ
836 3307 1051 3377 φρονεῖν
1073 3303 1240 3373 ὑγιῶς
1260 3302 1331 3356 τά
1350 3302 1444 3356 τοῦ
1473 3302 1608 3356 Θεοῦ
1640 3319 1761 3356 σκο-

176 3394 275 3459 πὸς
299 3395 395 3449 καὶ
416 3394 891 3460 ἀποσπουδάζεται
910 3395 980 3449 τὰ
1000 3394 1186 3462 λοιπά,
1215 3392 1658 3467 προσκεισόμεθα
1680 3391 1759 3465 τῷ

181 3489 295 3559 ἰδίῳ
326 3490 571 3561 Δεσπότῃ
604 3489 699 3543 καὶ
728 3488 847 3561 Θεῷ
875 3489 983 3543 τῶν
1013 3488 1171 3556 ὅλων,
1208 3488 1267 3555 ἐξ
1300 3487 1478 3559 ἁπλῆς
1509 3487 1756 3559 καρδίας,

178 3581 242 3633 ὲκ
268 3579 505 3645 διανοίας
537 3581 724 3653 ὀρθῆς,
759 3578 819 3646 ἐξ
848 3579 1124 3644 ὁλοτελοῦς
1156 3580 1407 3650 ἀγάπης,
1453 3581 1757 3652 ἀρρωστεῖν

178 3673 239 3727 τδ
266 3673 483 3745 δίψυχον
510 3673 613 3727 οὑκ
646 3673 1012 3745 ἀνεχομένης,
1046 3671 1426 3744 ἀποφοιτώσης
1455 3671 1512 3724 δὲ
1555 3686 1756 3725 παντε-

179 3762 285 3829 λῶς
319 3764 462 3834 ὴθῶν
495 3766 590 3818 καὶ
620 3764 983 3836 φρονημάτων
1025 3761 1390 3835 Ἑλληνικῶν,
1435 3762 1531 3815 καὶ
1573 3760 1758 3832 ἰούσης

180 3854 254 3919 ὡς
278 3856 550 3910 ἀπωτάτω
571 3855 667 3910 καὶ
698 3856 842 3927 μάλα
865 3855 1080 3926 γοργῶς
1108 3854 1217 3910 τῶν
1245 3856 1309 3909 ἐκ
1337 3854 1502 3925 νόμου
1530 3853 1757 3907 καταδε-

180 3946 537 4020 δικασμένων.
600 3946 865 4018 Ἐσόμεθα
911 3947 1020 4019 γὰρ
1064 3946 1211 4001 οὕτω
1261 3945 1462 4000 τέλειοι
1514 3945 1758 3999 ἐναντίον

184 4040 384 4111 Κυρίου
408 4040 505 4095 τοῦ
528 4038 688 4105 Θεοῦ,
710 4038 852 4093 κατὰ
869 4041 931 4093 τὸ
949 4037 1357 4112 γεγραμμένον,
1377 4038 1473 4091 καὶ
1491 4037 1757 4107 λαμπροὶ,

184 4133 277 4185 καὶ
312 4132 584 4203 εὐδόκιμοι
615 4132 754 4202 μετὰ
780 4130 891 4186 τῶν
922 4130 1098 4187 ἄλλων
1133 4129 1304 4199 ἁγίων
1336 4130 1394 4182 ὲν
1421 4127 1662 4199 Χριστῷ,
1692 4128 1759 4183 δι’

184 4215 248 4276 οὗ
276 4224 366 4276 καὶ
390 4223 508 4293 μεθ’
533 4217 596 4279 οὑ
621 4222 699 4295 τῷ
723 4222 901 4294 Πατρὶ
922 4221 1051 4287 δόξα
1079 4221 1177 4275 σὺν
1197 4220 1340 4292 ἁγίῳ
1373 4218 1655 4290 Πνεὺματι
1682 4220 1762 4283 εἰς

185 4316 311 4377 τοὺς
339 4315 537 4380 αἰῶνας
561 4314 674 4368 τῶν
700 4314 928 4369 αἰώνων.
978 4315 1174 4385 Ἀμήν.

1862 3220 2177 3289 abditisque
2209 3217 2428 3289 penitus
2467 3215 2731 3278 consiliis,
2781 3212 3059 3280 animique
3101 3207 3326 3271 malitia,
3365 3207 3443 3261 si-

1863 3311 2230 3367 mulationem
2280 3308 2437 3379 quasi
2482 3307 2730 3363 velamen
2776 3302 3177 3375 praetendentes
3210 3317 3222 3352 :
3251 3299 3445 3368 depre-

1868 3403 2028 3460 hensi
2078 3411 2262 3457 autem
2289 3401 2487 3472 (neque
2526 3399 2673 3453 enim
2707 3397 2880 3451 latere
2907 3394 2986 3450 fas
3024 3394 3130 3465 est)
3171 3392 3260 3445 vix
3293 3391 3443 3444 salu-

1864 3504 1973 3550 tem
2007 3492 2344 3557 retinebunt,
2374 3490 2428 3543 in
2453 3488 2707 3544 servilem
2732 3494 2895 3555 atque
2922 3484 3169 3538 inﬁmum
3197 3481 3443 3535 ordinem

1868 3582 2080 3638 redacti
2116 3601 2127 3635 :
2159 3581 2323 3652 216
2372 3588 2455 3634 est
2505 3579 2654 3633 enim
2708 3576 2921 3633 fallacia
2956 3572 3239 3633 illiberalis
3277 3571 3444 3625 animi

1862 3672 2222 3727 fructus.Nos
2247 3678 2452 3735 autem,
2486 3670 2687 3740 quibus
2724 3666 3067 3738 pr0positum
3095 3672 3177 3719 est
3202 3678 3287 3726 ea,
3324 3676 3446 3730 quae

1863 3763 1957 3818 Dei
1998 3771 2145 3827 sunt,
2200 3763 2413 3833 integro
2457 3776 2699 3830 sanoque
2747 3759 2929 3813 animo
2972 3756 3213 3818 sentire,
3253 3760 3309 3808 et
3350 3751 3447 3822 qui

1866 3863 2073 3911 caetera
2108 3854 2453 3925 negligimus,
2497 3853 2728 3907 Domino
2754 3860 2944 3906 nostro
2966 3850 3188 3918 Deoque
3220 3847 3449 3901 univer-

1857 3963 2045 4003 sorum
2080 3946 2317 4015 simplici
2358 3944 2543 4009 corde,
2590 3951 2743 3998 recto
2767 3942 2969 4005 animo,
2996 3948 3052 3994 et
3082 3940 3288 4008 integra
3312 3936 3446 3990 cha-

1860 4041 2024 4095 ritate
2064 4037 2486 4101 adhaerehimus,
2532 4050 2654 4104 quae
2685 4049 2794 4087 non
2829 4032 3057 4102 patitur,
3108 4036 3169 4082 ut
3213 4024 3448 4096 duplicis

1862 4133 2029 4188 animi
2060 4131 2198 4186 vitio
2226 4131 2560 4192 laboremus,
2586 4134 2641 4181 et
2674 4134 2757 4181 est
2786 4141 2816 4179 a
2841 4123 3088 4178 moribus
3127 4131 3289 4189 atque
3318 4132 3447 4171 sen-

1866 4223 2022 4277 sibus
2047 4222 2336 4293 gentilium
2375 4233 2604 4289 prorsus
2630 4216 2830 4278 aliena,
2869 4222 2924 4269 et
2945 4227 3107 4282 quam
3132 4207 3447 4277 longissime

1868 4312 2425 4379 constantissimeque
2452 4308 2723 4377 disjuncta
2762 4306 2829 4358 ab
2858 4304 2943 4367 iis,
2969 4318 3090 4372 quae
3140 4300 3259 4369 lege
3290 4297 3447 4350 dam-

188 4418 403 4465 nantur.
451 4412 531 4466 lta
577 4411 727 4465 enim
766 4410 976 4466 erimus
1018 4409 1246 4481 perfecti
1298 4424 1484 4467 coram
1528 4406 1762 4465 Domino
1799 4407 1932 4475 Deo,
1979 4408 2122 4462 sicut
2185 4405 2450 4473 scriptum
2476 4409 2559 4456 est
2589 4419 2602 4454 :
2636 4399 2769 4454 clari
2794 4398 2957 4452 etiam
3026 4403 3188 4463 atque
3219 4387 3438 4461 probati

191 4498 314 4557 cum
348 4505 465 4560 aliis
488 4504 696 4561 sanctis
717 4505 775 4561 in
790 4504 1028 4570 Christo,
1069 4519 1168 4576 per
1200 4519 1386 4576 quem,
1453 4509 1510 4571 et
1570 4516 1696 4559 cum
1722 4515 1833 4570 quo
1870 4500 1983 4556 Deo
2015 4516 2079 4555 ac
2109 4496 2257 4555 Patri
2282 4495 2456 4569 gloria
2494 4507 2621 4549 cum
2665 4498 2854 4548 sancto
2894 4487 3105 4559 Spiritu
3144 4486 3201 4539 in
3249 4483 3448 4538 saecula

190 4599 526 4654 seculorum.
553 4598 750 4655 Amen.

262 4776 303 4808 "
326 4775 434 4834 los.
464 4795 538 4843 ix,
562 4777 785 4849 passim.
