3998 6498
646 380 751 435 δτι)

1659 383 1715 438 S.
1758 382 2037 438 CYlllLLl
2076 383 2545 442 ALEXANDRINI
2585 387 2903 444 ARCHIEP.

652 536 3837 575 ,ΝΜ

1227 730 1624 860 ΠΕΡΙ
1720 730 2064 856 ΤΗΣ
2157 730 2365 857 EN
2451 722 3333 893 ΠΝΕΥΜΑΤΙ

1878 986 2072 1072 ΚΑΙ
2159 985 2658 1076 ΑΛΗΘΕΙΑ

1073 1206 2298 1327 ΠΡΟΣΚΥΝΗΣΕΩΣ
2390 1213 2672 1326 ΚΑΙ
2732 1204 3478 1327 ΛΑΤΡΕΙΑΣ

1686 1456 2120 1545 ΛΟΓΟΣ
2202 1454 2857 1546 ΕΒΔΟΜΟΣ.

802 1836 984 1950 DE
1053 1833 1989 1951 .ADORATIONE
2085 1835 2270 1947 ET
2344 1826 2839 1947 CULTU
2919 1824 3069 1941 IN
3160 1819 3733 1936 SPIRITU

1820 2104 1985 2206 ET
2080 2096 2743 2206 VERITATE

1690 2324 2065 2406 LIBER
2168 2318 2868 2401 SEPTIMUS.

979 2685 1142 2756 217
1178 2685 1255 2740 De
1283 2685 1543 2739 charitate
1577 2683 1634 2737 in
1673 2681 1884 2751 fratres.

2237 2532 2309 2544 .—

2252 2680 2295 2734 Α

711 2796 851 2856 Cum
880 2798 1107 2855 summis
1137 2797 1413 2864 laudibus,
1440 2804 1497 2853 et
1519 2796 1722 2867 quibus
1745 2793 1907 2867 adjici
1932 2792 2070 2847 nihil
2092 2806 2221 2861 pos-

642 2892 736 2958 sit,
764 2892 851 2948 lex
882 2898 1042 2948 ornet
1066 2891 1303 2963 primum
1337 2890 1470 2945 illud
1503 2898 1668 2960 atque
1706 2900 2029 2958 supremum
2069 2898 2224 2939 man-

641 2986 861 3051 datum,
909 2985 1165 3041 videlicet
1198 3003 1211 3039 :
1251 3003 1269 3036 ι
1300 2984 1503 3055 Diliges
1527 2982 1822 3038 Dominum
1848 2979 2022 3035 Deum
2066 2987 2221 3033 tuum

640 3092 710 3132 ex
737 3084 852 3131 toto
879 3076 1044 3131 corde
1073 3082 1188 3141 tuo,
1214 3082 1272 3130 et
1294 3089 1362 3129 ex
1388 3081 1501 3129 tota
1546 3079 1731 3127 mente
1774 3078 1887 3135 tua,
1911 3078 1967 3125 et
2009 3084 2078 3123 ex
2109 3076 2224 3123 tota

640 3171 846 3224 virtute
875 3176 966 3223 tua
1002 3167 1091 3222 “z
1147 3186 1166 3219 ι
1224 3175 1283 3223 et
1330 3166 1555 3237 adjiciat
1606 3170 1921 3236 praeterea:
1965 3180 1983 3213 ι
2032 3160 2225 3217 Proxi-

641 3277 794 3318 mum
823 3276 1043 3333 quoque
1066 3268 1243 3325 tuum,
1275 3259 1419 3314 sicut
1447 3266 1498 3313 te
1538 3256 1719 3329 ipsum
1747 3254 1794 3287 “
1824 3272 1837 3307 :
1871 3273 1889 3305 ι
1924 3252 2062 3309 Cum
2108 3253 2225 3323 ipse

641 3369 862 3427 qmque
887 3354 1143 3410 Christus
1169 3353 1318 3409 dicat
1348 3358 1558 3422 aperte,
1610 3350 1667 3404 in
1704 3348 1792 3404 his
1816 3347 2034 3403 duobus
2066 3362 2226 3401 man-

643 3445 788 3501 eatis
833 3452 1002 3500 totam
1054 3445 1228 3515 legem
1278 3452 1447 3513 atque
1506 3440 1807 3512 prophetas
1841 3438 2083 3511 pendere
2123 3454 2228 3494 :ac

643 3538 998 3594 dilectionem
1036 3537 1232 3593 beatus
1279 3534 1483 3589 Paulus
1524 3532 1926 3603 plenitudinem
1958 3530 2097 3602 legis
2124 3545 2227 3601 ap-

643 3630 812 3700 pellet
831 3630 899 3693 ",
923 3628 1069 3699 quod
1097 3627 1349 3698 proximo
1382 3626 1586 3683 malum
1623 3640 1734 3679 non
1765 3627 2027 3695 operetur
2053 3641 2066 3677 :
2095 3624 2228 3679 satis

644 3718 782 3773 illud
813 3718 1071 3789 primum,
1098 3726 1157 3773 ut
1184 3717 1563 3788 mihiquidem
1586 3716 1825 3781 videtur,
1852 3721 2041 3770 nostra
2064 3715 2230 3786 218

644 3810 845 3876 oratio,
882 3818 943 3864 ut
974 3826 1062 3865 res
1085 3810 1418 3881 patiebatur,
1454 3808 1788 3880 explicavit,
1841 3823 1966 3863 cum
2007 3823 2224 3862 sursum

642 3916 713 3958 ac
734 3901 1014 3967 deorsum,
1040 3910 1097 3957 et
1120 3902 1275 3975 quasi
1306 3902 1364 3958 in
1408 3902 1600 3956 orbem
1641 3901 1825 3956 omnia
1880 3899 2227 3970 circumqua-

644 4009 753 4064 que
794 3993 1145 4060 lustraverit,
1200 4008 1380 4065 neque
1435 3992 1670 4048 obscure
1702 3992 1973 4057 docuerit,
2025 3992 2149 4063 quis
2192 4008 2223 4047 a
2258 4023 2301 4078 Β

642 4084 808 4140 nobis
834 4083 1091 4155 perfectae
1120 4083 1177 4138 in
1226 4082 1397 4141 Deum
1424 4082 1733 4148 charitatis,
1761 4091 1818 4138 et
1846 4085 1997 4139 omni
2034 4099 2225 4153 repre-

645 4176 912 4232 hensione
948 4176 1193 4232 vacantis
1223 4176 1397 4247 possit
1438 4176 1688 4232 exhiberi
1734 4174 1951 4231 modus.
1979 4175 2091 4246 Age
2121 4175 2226 4247 igi-

645 4273 737 4321 tur
758 4266 891 4321 huic
921 4266 1166 4321 vicinum
1187 4275 1351 4336 atque
1381 4274 1672 4336 cognatum
1691 4265 2047 4335 exquiramus
2073 4281 2227 4320 man-

644 4356 855 4422 datum,
880 4373 945 4412 ac
971 4356 1039 4412 de
1070 4357 1340 4411 charitate
1370 4356 1426 4411 in
1458 4357 1767 4426 proximum
1800 4364 2056 4411 accurate
2090 4372 2224 4411 con-

645 4447 953 4504 sideremus
978 4488 993 4513 ,
1056 4448 1459 4519 diligenterque
1499 4462 1563 4501 ea
1610 4448 2082 4518 pervestigemus,
2127 4463 2227 4519 per

647 4555 770 4610 quia:
803 4539 871 4593 ad
899 4540 1217 4609 praeclaram
1243 4539 1509 4595 virtutem
1541 4538 1830 4608 pervenire
1860 4539 1984 4609 quis
2010 4540 2184 4609 possit
2208 4558 2222 4594 :

648 4644 735 4695 ac,
760 4644 861 4699 pro
896 4628 1168 4683 industria
1209 4629 1265 4682 in
1320 4644 1442 4683 eam
1485 4644 1602 4683 rem
1646 4629 1915 4695 adhibita,
1951 4646 2224 4687 summam

649 4721 879 4793 gloriam
913 4727 1262 4784 consecutus,
1292 4719 1349 4772 in
1378 4718 1625 4774 bonitate
1652 4735 1777 4774 cum
1808 4721 1922 4776 Deo
1955 4729 2013 4777 et
2041 4722 2223 4778 homi-

646 4805 835 4875 nib'us,
865 4820 925 4866 ut
968 4810 1188 4865 divinus
1215 4810 1305 4866 ille
1334 4810 1575 4875 Samuel,
1602 4810 1846 4865 ambulet
1869 4812 1937 4867 “.
1970 4813 2226 4871 Arbitror

644 4904 794 4959 enim
820 4902 986 4958 simul
1025 4917 1151 4957 cum
1183 4903 1273 4957 illa
1291 4886 1426 4973 erga
1464 4903 1636 4957 Deum
1668 4902 1935 4959 charitate
1956 4917 2223 4962 exercen-

2610 2670 2749 2739 Hepi
2778 2667 2889 2737 τῆς
2918 2668 3006 2733 εις
3028 2664 3336 2736 ἀδελφοὺς
3363 2665 3626 2735 ἀγάπης.

2408 2785 2720 2857 Εὑφημῐαις
2752 2778 2906 2855 ἡμῖν,
2933 2775 2978 2834 ὦ
3016 2781 3300 2844 Παλλάδιε,
3327 2782 3451 2844 ταῖς
3481 2781 3564 2843 είς
3616 2778 3755 2849 λῆξιν
3787 2779 3863 2833 καὶ

2317 2880 2578 2935 ἀνωτάτω
2635 2875 3027 2945 στεφανοῦντος
3080 2872 3175 2927 τοῦ
3230 2872 3398 2943 νόμου
3470 2870 3573 2943 τὴν
3604 2870 3862 2941 πρώτηντι

2323 2972 2419 3025 καὶ⁸
2438 2968 2750 3041 ὑπερτάτην
2773 2968 2882 3020 τῶν
2904 2965 3155 3032 ἐντολῶν,
3177 2965 3258 3028 τὸ,
3292 2984 3310 3016 ι
3349 2964 3683 3035 Ἀγαπήσεις
3700 2962 3864 3032 Κύριον

2325 3061 2418 3115 τὸν
2441 3061 2574 3115 Θεόν
2613 3076 2731 3123 σου,
2772 3058 2935 3129 φημὶ,
2964 3058 3023 3122 ἐξ
3047 3057 3175 3129 ὅλης
3200 3057 3301 3127 τῆς
3324 3056 3556 3127 καρδίας
3582 3072 3693 3119 σου,
3716 3056 3796 3108 καὶ
3819 3053 3864 3116 ἐξ

2322 3150 2453 3223 ὅλης
2479 3148 2739 3212 διανοίας,
2767 3146 2864 3200 καὶ
2898 3144 2957 3209 ἐξ
2993 3144 3121 3213 ὅλης
3150 3144 3248 3215 τῆς
3280 3143 3462 3213 ἰσχύος
3493 3160 3624 3195 σουο
3676 3162 3693 3195 ι
3728 3160 3862 3211 προς-

2324 3241 2625 3310 επάγοντος
2642 3240 2699 3294 δὲ
2722 3238 2823 3305 ,ὅτι
2843 3257 2864 3290 ι
2882 3237 2994 3292 Καὶ
3018 3237 3108 3290 τὸν
3131 3235 3362 3306 πλησίον
3379 3252 3473 3288 σου
3500 3234 3579 3299 ὡς
3612 3236 3825 3292 σεαυτὸν.
3845 3253 3859 3282 ι

2328 3332 2424 3387 καὶ
2460 3333 2569 3403 μὴν
2602 3332 2696 3386 καὶ
2725 3329 2892 3385 αὑτοῦ
2918 3328 3013 3383 τοῦ
3040 3327 3281 3400 Χριστοῦ
3308 3327 3614 3396 φάσκοντος
3641 3325 3861 3397 ἐναργῶς,

2326 3426 2410 3480 ὅτι
2440 3426 2497 3479 ὲν
2525 3423 2753 3487 ταύταις
2791 3424 2915 3485 ταῖς
2943 3421 3092 3475 δυσὶν
3121 3420 3365 3483 ἐντολαῖς
3403 3418 3525 3481 ὅλος
3554 3420 3585 3471 ό
3625 3418 3771 3486 νόμος
3792 3416 3864 3468 καὶ

2327 3518 2376 3571 οἱ
2405 3520 2682 3589 προφῆται
2711 3517 3037 3587 κρέμανται,
3077 3513 3356 3587 πλήρωμά
3380 3531 3440 3567 τε
3461 3512 3631 3582 νόμου
3652 3510 3864 3581 ways.

2328 3627 2436 3679 πην
2480 3607 2938 3679 κατονομάζοντος
2977 3606 3073 3660 καὶ
3101 3606 3196 3659 τοῦ
3223 3604 3517 3658 θεσπεσίου
3555 3601 3774 3662 Παύλου.
3798 3601 3865 3653 aa

2327 3719 2409 3755 τοι
2435 3701 2495 3755 τὸ
2532 3700 2700 3773 μηδὲν
2723 3699 2802 3771 τῷ
2827 3698 3057 3770 πλησίον
3084 3696 3416 3769 ἐργάζεσθαι
3446 3696 3637 3759 κακὸν,
3653 3693 3865 3764 ἀποχρῶ-

2329 3809 2427 3846 σαν
2456 3793 2605 3863 ἡμῖν,
2647 3790 2723 3853 ὡς
2765 3788 2898 3859 γοῦν
2924 3788 3113 3859 ἔμοιγε
3161 3787 3328 3849 δοκεῖ,
3360 3786 3459 3856 τὴν
3497 3785 3593 3837 ἐπὶ
3626 3786 3688 3854 τῇ
3710 3782 3863 3852 πρώτῃ

2329 3881 2626 3953 διασκευὴν
2653 3881 2947 3953 ἐποιήσατο
2970 3882 2998 3933 ὁ
3027 3879 3208 3947 λόγος,
3240 3877 3383 3931 κατά
3410 3892 3475 3943 γε
3516 3875 3574 3928 τὲ
3612 3872 3863 3943 ἐγχωροῦν,

2328 3976 2441 4030 ἄνω
2469 3991 2530 4027 τε
2562 3975 2655 4027 καὶ
2693 3973 2868 4038 κάτω,
2898 3970 2995 4025 καὶ
3020 3970 3184 4024 οίονεί
3224 3986 3345 4033 πως
3378 3970 3437 4021 ὲν
3469 3966 3654 4037 κύκλῳ
3691 3980 3866 4034 περινο-

2331 4067 2493 4131 στῶν,
2526 4067 2619 4120 καὶ
2657 4065 2759 4118 οὐκ
2805 4063 3048 4133 ἀγεννῶς
3091 4059 3475 4132 ἀφηγούμενος
3514 4058 3617 4128 τῆς
3656 4058 3730 4119 εἰς
3761 4054 3865 4107 Θεὸν

2329 4161 2552 4229 ἀγάπης
2593 4157 2872 4221 όλοτελοῦς
2909 4174 2969 4211 τε
3012 4157 3109 4209 xa‘t
3141 4154 3443 4225 ἀμωμήτου
3487 4150 3774 4211 παντελῶς,
3800 4146 3865 4204 τίς

2328 4252 2394 4307 ἄν
2433 4252 2642 4320 γένοιτο
2679 4252 2818 4323 πρὸς
2861 4247 3020 4322 ἡμῶν
3053 4250 3083 4302 ὁ
3114 4247 3338 4315 τρόπος.
3387 4244 3527 4317 Φέρε
3557 4244 3623 4315 δὴ
3662 4238 3749 4296 οὖν
3789 4240 3865 4311 τὴν

2325 4341 2545 4411 γείτονά
2568 4358 2627 4394 τε
2658 4342 2756 4394 καὶ
2800 4338 3040 4409 ἀδελφὴν
3079 4334 3627 4408 πολυπραγμονῶμεν
3662 4330 3863 4397 ἐντολὴν,

2326 4431 2422 4486 καὶ
2451 4432 2673 4503 ἀγάπης
2687 4432 2785 4502 τῆς
2801 4432 2880 4493 είς
2903 4429 2995 4482 τὸν
3017 4426 3250 4497 πλησίον
3271 4425 3475 4497 ἀκριδῆ
3507 4420 3773 4491 ποιώμεθα
3789 4416 3864 4487 τὴν

2324 4524 2686 4594 κατάσκεψιν,
2718 4519 3135 4593 ίχνηλατοῦντες
3159 4513 3219 4572 εὖ
3251 4516 3395 4589 μάλα
3420 4520 3490 4570 τά
3508 4516 3573 4569 δι’
3609 4508 3683 4569 ὧν
3708 4514 3768 4565 ἂν
3793 4509 3865 4577 τὲ-

2326 4617 2472 4669 νοιτό
2496 4633 2581 4679 τις
2607 4613 2708 4685 μὲν
2733 4613 2936 4684 ἀρετῆς
2961 4613 3021 4665 ὲν
3044 4610 3230 4681 κύκλῳ
3257 4610 3334 4681 (l)
3366 4608 3537 4679 καλῷ,
3570 4602 3865 4675 φιλοτεχνεις

2323 4708 2382 4762 δὲ
2412 4708 2511 4778 τῆς
2540 4707 2621 4771 είς
2647 4705 2827 4768 τοῦτο,
2874 4702 2975 4776 τὴν
3016 4702 3248 4776 ἀρίστην
3290 4701 3452 4767 δόξαν
3502 4698 3781 4769 ἀράμενος,
3822 4695 3866 4743 ἓν

2325 4796 2627 4867 ἀγαθότητι
2660 4795 2923 4867 βαδιεῖται
2965 4794 3107 4865 μετά
3131 4793 3268 4848 Θεοῦ
3311 4792 3406 4847 καὶ
3434 4788 3726 4861 ἀνθρώπων
3754 4783 3865 4838 κατὰ

2323 4888 2417 4943 τὸν
2450 4886 2739 4941 θεσπέσιον
2776 4886 3053 4958 Σαμουήλ.
3089 4884 3302 4956 Χρῆναι
3334 4883 3444 4953 γὰρ
3466 4879 3638 4951 ἐγωγέ
3664 4895 3790 4947 φημι
3812 4876 3863 4941 τῇ

645 4997 772 5052 dam
812 5006 937 5067 apte
970 5011 1095 5050 esse
1147 4995 1293 5049 illam
1327 4995 1553 5049 alteram
1587 4994 1641 5048 in
1670 4994 1891 5050 fratres.
1932 4996 2090 5064 Nam,
2132 4999 2223 5054 cui

2326 4980 2408 5043 είς
2435 4980 2567 5033 Θεὸν
2594 4978 2786 5050 ἀγάπῃ
2816 4975 3257 5047 συνεπιτηδεύειν
3284 4974 3513 5037 ἀστείως
3532 4972 3629 5043 τὴν
3649 4971 3723 5032 εἰς
3744 4965 3864 5021 ἀδελ-

645 5106 754 5145 una
782 5088 1039 5153 defuerit,
1065 5096 1298 5159 utraque
1334 5087 1478 5142 desit
1501 5103 1728 5143 necesse
1756 5096 1860 5153 est,
1885 5090 2035 5161 juxta
2061 5092 2211 5146 Joan-

646 5183 733 5236 nis
761 5197 973 5236 vocem.
1005 5181 1057 5235 Is
1083 5180 1234 5235 enim
1267 5180 1340 5234 ita
1374 5180 1594 5249 scripsit
1625 5198 1637 5233 :
1680 5199 1698 5231 ι
1750 5180 1807 5236 Si
1838 5182 1963 5251 quis
1998 5182 2221 5245 dixerit,

644 5274 774 5342 quia
811 5273 979 5344 diligo
1028 5273 1201 5327 Deum
1225 5312 1241 5337 ,
1277 5278 1336 5326 et
1377 5271 1603 5326 fratrem
1655 5288 1814 5327 suum
1838 5272 2040 5339 oderit,
2064 5290 2221 5329 men-

2326 5072 2481 5144 φούςο
2514 5073 2591 5137 ὡς
2628 5074 2691 5127 τό
2738 5090 2820 5127 τοι
2867 5072 3156 5126 λείπεσθαι
3209 5071 3361 5141 μιᾶς,
3413 5068 3511 5138 τὴν
3558 5067 3645 5118 ἐπ’
3693 5062 3863 5131 ἀμφοῖν

2327 5164 2618 5228 ἀπότευξιν
2655 5162 2789 5232 ἔχει,
2824 5164 2970 5218 κατά
3019 5180 3084 5232 γε
3130 5161 3231 5225 τὰς
3273 5160 3521 5214 Ἰωάννου
3560 5153 3754 5225 φωνάς.
3787 5150 3865 5201 Γέ-

2325 5272 2504 5326 γραφε
2524 5255 2632 5327 γὰρ
2648 5255 2744 5309 ὡδί
2764 5270 2778 5283 ·
2812 5273 2829 5307 ι
2865 5253 2992 5309 Ἐάν
3010 5271 3094 5317 τις
3110 5253 3261 5325 εἴπῃ,
3286 5252 3369 5306 ὅτι
3400 5247 3619 5319 ’Δγαπῶ
3634 5246 3720 5298 τὸν
3735 5240 3862 5299 Θεὸν,

644 5364 751 5418 dax
778 5373 894 5429 est;
929 5366 1023 5434 qui
1040 5365 1188 5419 enim
1212 5362 1438 5418 fratrem
1464 5378 1623 5417 suum
1666 5377 1777 5417 non
1809 5363 2028 5434 diligit,
2060 5380 2224 5435 quem

2330 5348 2425 5401 καὶ
2451 5346 2543 5401 τὸν
2575 5345 2806 5416 ἀδελφὸν
2844 5345 3006 5400 αὐτοῦ
3044 5346 3214 5417 μισεῖ,
3260 5343 3499 5414 ψεύστης
3525 5338 3698 5393 ἐστίν’
3723 5336 3749 5388 6
3778 5333 3866 5401 γὰρ

716 5516 763 5549 ⁸³
788 5518 947 5573 Deut.
977 5536 1049 5585 vi,
1075 5521 1127 5575 5.
1206 5521 1253 5554 “
1276 5522 1468 5578 Matth.
1508 5537 1638 5586 χχιι,
1670 5519 1759 5576 59.
1834 5520 1880 5554 ⁸⁸
1923 5522 2085 5576 Rom.
2111 5538 2226 5588 xm,

2396 5523 2442 5555 ⁸⁸
2464 5523 2484 5578 l
2509 5524 2645 5595 Reg.
2672 5541 2733 5591 ιι,
2764 5526 2849 5584 26.

826 5674 1026 5748 Κύκλῳ
1078 5674 1428 5733 Subdititiam
1472 5692 1662 5748 vocem
1702 5684 1855 5746 puto.
1893 5679 2043 5735 Solet
2074 5677 2221 5732 enim

2329 5686 2391 5732 ut
2418 5677 2557 5733 solet
2601 5677 2770 5748 etiam
2802 5675 3037 5748 Cyrillus
3079 5674 3291 5737 dicere,
3326 5676 3383 5728 ἐν
3416 5669 3609 5742 βεϐαίῳ
3638 5666 3731 5735 τῆς
3761 5666 3861 5732 d9:-

720 5674 797 5799 ί
826 5674 1026 5756 Κύκλῳ
1078 5674 1453 5760 δυοῢιίἰιίιίιιῐη.
1472 5692 1662 5731 vocem
1702 5684 1855 5746 puto.
1893 5679 2043 5735 Solet
2074 5677 2221 5732 enim

646 5744 767 5814 Cyri
795 5746 1186 5817 lusislciloqui,
1228 5750 1285 5801 ὲν
1316 5748 1464 5817 καλῳ
1496 5744 1631 5801 εἶναι
1662 5748 1746 5801 vel
1777 5750 2046 5814 γενέσθαι.
2078 5749 2223 5803 Prae-

648 5823 795 5869 terea
812 5816 933 5869 cod.
961 5816 1131 5871 V’atic.
1159 5818 1345 5881 habet,
1366 5816 1462 5888 τῆς
1489 5818 1586 5887 μὲν
1602 5819 1798 5889 ἀρετῆς
1813 5817 1871 5873 ὲν
1901 5818 2070 5885 καλῷ,
2087 5826 2217 5884 ctc.,

2328 5749 2428 5819 τῆς
2468 5748 2543 5819 (p.
