3998 6502
672 402 777 458 483

1690 389 1748 442 S.
1788 386 2063 443 CYRILLI
2103 382 2573 442 ALEXANDRINI
2617 383 2935 441 ARCHIEP.

3792 389 3870 445 ίδί

744 517 941 576 PALL.
992 515 1239 583 Quonam
1300 510 1463 566 modo
1517 508 1715 563 divinae
1768 506 1905 576 legis
1967 503 2251 559 admoneri

2427 502 2633 556 ΠΑΛΛ.
2663 502 2772 555 Καὶ
2797 501 2883 565 τίς
2919 500 2987 556 ἂν
3014 499 3223 569 γένοιτο
3253 497 3363 554 τῶν
3390 496 3548 551 θείων
3581 500 3747 569 νόμων
3776 501 3873 570 ήμῖν

675 623 965 683 possumus
994 621 1093 679 per
1118 600 1361 658 ﬁmbrias
1386 615 1451 655 ac
1474 598 1666 654 vittam
1693 593 2140 669 hyacinthinam?

744 790 901 846 ΟΥΕ.
937 786 1128 841 Nonne
1152 783 1327 853 legem
1351 795 1452 851 per
1473 777 1762 848 aenigmata
1796 772 2053 828 traditam
2084 770 2254 825 fuisse

672 880 869 952 priscis
897 877 1005 933 illis
1042 873 1380 937 hominibus,
1415 885 1482 924 ac
1502 868 1672 923 veluti
1690 866 1747 921 in
1778 863 1988 919 umbris
2024 876 2147 918 esse
2170 861 2253 916 fa-

674 972 812 1028 teris
841 972 865 1024 ?

746 1060 942 1117 PALL.
979 1057 1194 1114 Fateor.

741 1154 900 1210 (ΝΒ.
928 1152 1101 1223 Igitur
1134 1146 1366 1203 ﬁmbriis
1394 1159 1460 1199 ac
1490 1139 1677 1198 manui
1722 1139 1915 1194 vittam
1942 1134 2255 1209 hyacinthi-

671 1260 799 1301 nam
828 1243 1071 1312 alligare,
1106 1239 1334 1310 ﬁgurate
1354 1278 1368 1302 ,
1398 1250 1463 1290 ac
1506 1249 1604 1304 per
1626 1231 1856 1301 aenigma
1890 1225 2251 1299 signiﬁcabat,

672 1352 794 1406 quae
824 1333 1069 1389 cmlestia
1095 1335 1258 1395 sunt,
1283 1343 1348 1382 ea
1380 1336 1496 1381 tum
1547 1321 1808 1393 sapienda
1851 1334 1994 1381 esse,
2016 1326 2130 1371 tum
2170 1314 2254 1369 fa-

671 1425 889 1487 cienda,
913 1439 978 1477 ac
998 1437 1265 1491 supernas
1289 1420 1406 1473 illas
1427 1419 1575 1488 leges
1601 1413 1863 1469 memoria
1898 1408 2256 1465 retinendas?

680 1517 878 1587 Lapidi
916 1516 1084 1578 enim,
1130 1513 1237 1566 nisi
1265 1511 1444 1573 fallor,
1486 1508 1705 1570 Indico,
1742 1501 2125 1576 hyacinthino,
2166 1500 2253 1554 in-

676 1625 843 1679 quam
868 1649 882 1673 ,
927 1606 1213 1661 :etherium
1253 1616 1455 1671 corpus
1481 1607 1565 1654 est
1591 1597 1822 1668 quadam
1856 1604 2017 1649 tenus
2044 1592 2250 1656 simile,

673 1716 797 1754 cum
827 1698 1116 1769 splendore
1145 1703 1309 1765 atque
1335 1691 1579 1747 tenebris
1608 1691 1830 1744 mistum
1858 1687 1952 1751 sit,
1983 1692 2151 1755 atque
2196 1684 2253 1738 in

674 1790 784 1843 imo
822 1804 977 1858 aqua:
1004 1784 1421 1841 similitudinem
1448 1781 1678 1845 habeat,
1710 1794 1834 1849 qua:
1874 1776 2165 1831 tremulam
2190 1790 2254 1829 ac

2354 592 2661 662 ἀνάμνησις
2707 591 2797 646 διά
2828 609 2888 645 τε
2919 590 3243 663 κρασπέδων
3291 591 3387 643 καὶ
3433 588 3732 643 ύακινθίνου
3768 592 3873 645 ιιλὼ-

2358 700 2561 755 σματος
2584 700 2599 749 ;

2428 776 2591 831 ΚΥΡ.
2632 776 2709 829 Ού
2748 774 2858 846 γὰρ
2886 775 2951 847 δὴ
2982 774 3075 827 τὸν
3115 773 3279 845 νόμον
3323 771 3727 842 αἰνιγματωδῶς

2355 866 2551 937 λῆσθαι
2580 868 2696 930 τοῖς
2738 866 2910 921 πάλαι
2958 866 3054 920 καὶ
3085 865 3194 936 μὴν
3226 864 3321 919 καὶ
3363 863 3442 926 ὡς
3475 864 3536 916 ὲν
3566 864 3736 928 σκιαῖς
3770 860 3873 918 εἶναι

2355 959 2462 1028 φής
2481 973 2497 1023 ς

2428 1048 2638 1102 ΠΑΛΛ.
2670 1048 2837 1120 Φημί.

2426 1140 2593 1195 ΚΥΡ.
2628 1139 2868 1211 Δίνιγμα
2888 1139 2953 1210 δὴ
2974 1134 3070 1194 οὖν
3093 1137 3188 1194 τοῦ
3221 1138 3330 1192 δεῖν
3353 1136 3592 1202 ἑλέσθαι,
3620 1139 3806 1205 φρονεῖν
3829 1156 3870 1192 τι

2356 1239 2452 1293 καὶ
2486 1237 2621 1308 δρᾷν
2650 1234 2719 1288 τὰ
2752 1235 2812 1301 ἐξ
2835 1231 3089 1306 ούρανοῦ,
3119 1232 3213 1287 καὶ
3257 1231 3368 1285 τῶν
3394 1228 3602 1286 ἄνωθεν
3627 1229 3873 1301 διαμεμνῆ-

2356 1331 2485 1385 σθαι
2515 1328 2720 1399 νόμων,
2784 1324 2847 1380 τὸ
2892 1324 3217 1398 κρασπέδων
3247 1340 3307 1377 τε
3349 1324 3445 1378 καὶ
3490 1321 3658 1392 αὐτῆς
3706 1321 3871 1392 aaddc:

2355 1423 2537 1495 χειρὸς
2567 1422 2627 1476 τὸ
2654 1419 2887 1490 κλῶσμα
2916 1418 2980 1472 τὸ
3011 1415 3351 1480 ὑακίνθινονς
3384 1414 3520 1484 λίθῳ
3551 1416 3657 1486 γὰρ
3678 1409 3869 1487 οἶμαιτῇ

2368 1515 2583 1584 Ἰνδικῇ,
2606 1512 2686 1584 τῷ
2715 1509 3005 1580 ὑακινθίνῳ
3035 1508 3201 1580 φημὶ,
3229 1508 3291 1561 τὺ
3311 1507 3553 1579 αίθέριόν
3578 1525 3689 1569 πως
3709 1508 3872 1573 dare.

2355 1624 2443 1660 ται
2469 1605 2647 1676 σῶμα,
2676 1602 2819 1673 αὐγῇ
2837 1616 2898 1654 τε
2924 1602 3019 1654 καὶ
3045 1599 3225 1671 σκότῳ
3254 1598 3553 1669 συμμιγὲς,
3581 1598 3672 1652 καὶ
3687 1600 3739 1651 ὲν
3756 1599 3871 1668 βάθει

2356 1715 2473 1761 πως
2506 1696 2628 1767 ἔχον
2657 1695 2720 1749 τὸ
2750 1692 3058 1765 ὑδαροειδὲς
3081 1731 3096 1756 ,
3143 1690 3563 1761 ὑποτρέμουσάν
3592 1707 3649 1743 τε
3690 1692 3771 1745 καὶ
3805 1696 3872 1747 εὐ-

2354 1789 2602 1859 διάχυτον
2633 1787 2929 1856 ύποφαῖνον
2964 1784 3063 1856 τὴν
3104 1784 3246 1854 ὄψιν.
3285 1781 3660 1854 ’Δπηρτῆσθαι
3684 1780 3741 1852 δή
3759 1778 3872 1836 οῦνὸ

672 1849 893 1931 “nidi”;
934 1875 1171 1945 δβθείθω
1200 1889 1313 1944 Dm
1349 1888 1407 1927 se
1443 1871 1603 1925 Ϊθτίηο
1656 1870 1820 1938 220
1855 1868 1967 1922 Lex
1999 1867 2165 1938 ίςίιιιτ
2196 1874 2253 1921 εί
2286 1849 2328 1904 Β
2355 1849 2517 1953 νόμος
2553 1880 2664 1933 τῶν
2694 1849 2765 1934 τε.
2794 1849 3119 1949 ἐσθημάτων
3147 1849 3327 1931 αὐτῶν
3350 1849 3445 1931 καί
3477 1849 3588 1947 μήν
3616 1876 3703 1929 καὶ
3731 1849 3871 1947 ἀειρδς

670 1969 915 2024 vestibus
950 1975 1005 2022 et
1044 1965 1229 2020 manui
1252 1965 1442 2018 vittam
1472 1962 1881 2033 hyacinthinam
1916 1959 2125 2030 alligari
2167 1973 2254 2013 sa-

671 2059 843 2131 pienti
869 2057 1098 2113 consilio
1135 2057 1331 2127 jussit,
1368 2052 1773 2125 quodammodo
1811 2053 2067 2115 innuens,
2093 2048 2251 2120 quasi

671 2149 872 2204 mentis
920 2148 1337 2209 vestimentum,
1386 2153 1443 2200 et
1490 2143 1726 2212 amictus
1759 2141 1989 2196 rationis
2032 2140 2133 2194 tibi
2180 2139 2253 2193 sit

670 2240 955 2295 oraculum
996 2237 1215 2292 caelitus
1239 2236 1481 2299 editum,
1528 2234 1619 2288 lex
1643 2232 1811 2288 etiam
1859 2232 1964 2286 rite
2004 2245 2068 2285 ac
2102 2238 2252 2285 recte

672 2328 940 2381 factorum
984 2325 1214 2379 arbitra.
1247 2325 1439 2378 Manus
1471 2323 1620 2378 enim
1645 2336 1877 2392 operum
1903 2331 1989 2375 est
2031 2320 2253 2392 symbo-

673 2418 785 2472 lum
811 2434 825 2470 :
847 2431 969 2487 quae
991 2430 1157 2486 porro
1181 2414 1424 2485 legitime
1459 2412 1597 2467 fiunt
1622 2426 1654 2466 a
1680 2411 1862 2475 nobis,
1903 2426 2133 2481 prorsus
2162 2426 2252 2465 re-

675 2508 1040 2579 prehensione
1063 2513 1281 2567 vacant,
1310 2520 1485 2574 neque
1525 2505 1593 2559 de
1613 2505 1750 2558 vitio
1774 2503 2059 2558 sinistrum
2089 2502 2252 2572 quid-

674 2600 821 2670 piam
856 2600 1079 2653 habent.
1130 2597 1547 2668 Magniiicabant
1595 2596 1778 2665 itaque
1819 2595 2081 2649 Pharisaei
2131 2594 2253 2647 tim-

676 2692 827 2745 brias
868 2706 1031 2754 suas,
1066 2699 1123 2744 et
1171 2688 1476 2743 dilatabant
1511 2686 1846 2758 phylacteria
1879 2700 1975 2740 sua
2001 2724 2016 2747 ,
2053 2683 2108 2739 id
2140 2691 2251 2749 est,

2352 1973 2413 2027 τδ
2452 1973 2679 2044 κλῶσμα
2719 1971 2779 2026 τὸ
2807 1969 3116 2025 ὑακίνθινον
3143 1968 3505 2040 οἰκονομικῶς
3541 1966 3870 2039 προστέταχεν,

2352 2065 2514 2119 οἱονεί
2541 2080 2659 2125 πως
2693 2061 3009 2131 ὑποφωνῶν.
3037 2060 3291 2131 Ἐσθημὰ
3320 2075 3403 2113 σοι
3443 2060 3540 2113 νοῦ
3574 2060 3664 2113 καὶ
3687 2059 3872 2121 διανοίας

2354 2157 2579 2230 ἄμφιον,
2613 2155 2792 2224 λόγιον
2814 2154 2954 2207 ἔστω
2980 2153 3041 2207 τὸ
3062 2153 3121 2218 ἐξ
3141 2152 3393 2225 ούρανοῦ,
3420 2152 3519 2205 καὶ
3546 2152 3722 2217 δεξιῶν
3741 2153 3873 2224 ἔργων

2355 2248 2658 2321 βραϐευτὴς
2690 2249 2719 2301 ὁ
2750 2248 2932 2318 νόμος.
2965 2247 3169 2317 "Ep-you
3188 2246 3300 2317 γὰρ
3315 2244 3380 2316 δή
3411 2243 3677 2315 σύμϐολον
3700 2246 3729 2315 ή
3756 2247 3872 2315 χείρ·

2352 2340 2421 2392 τὰ
2449 2338 2507 2392 δὲ
2532 2341 2810 2408 συννόμως
2836 2334 3089 2407 δρώμενα
3112 2335 3249 2407 πρὸς
3269 2335 3449 2406 ήμῶν,
3469 2335 3683 2397 πάντως
3702 2351 3788 2387 που
3805 2334 3873 2387 καὶ

2353 2430 2758 2500 ἀνεπίπληκτα,
2795 2430 2891 2481 καὶ
2919 2428 2981 2480 τὸ
3013 2428 3070 2481 ὲν
3115 2425 3410 2496 φαυλότητι
3441 2426 3629 2479 σκαιὸν
3662 2426 3752 2479 οὐκ
3773 2427 3871 2495 ἔχει.

2367 2522 2728 2593 Ἐμεγάλυνον
2758 2516 2853 2573 οὖν
2889 2520 2940 2573 οί
2980 2520 3260 2591 Φαρισαῖοι
3288 2517 3358 2572 ’ἑὰ
3392 2517 3673 2588 κράσπεδα
3717 2517 3873 2580 αὐτῶν,

2354 2614 2449 2669 καὶ
2492 2613 2787 2667 ἑπλάτυνον
2826 2612 2896 2666 τὰ
2940 2612 3290 2683 φυλακτήρια
3322 2610 3525 2676 αὐτῶν,
3561 2612 3799 2673 τουτέστι,
3827 2611 3875 2664 τὰ

2352 2707 2451 2775 τῆς
2480 2704 2660 2773 δεξιᾶς
2681 2704 3049 2776 ἀπηρτημένα
3074 2704 3255 2757 δέλτια
3275 2722 3289 2737 ο
3314 2704 3455 2775 πλὴν
3485 2703 3741 2772 ὲγελῶντο
3761 2704 3875 2773 παρὰ

675 2782 965 2837 schedulas
1006 2796 1041 2835 e
1080 2780 1274 2835 dextra
1316 2795 1483 2833 manu
1538 2792 1831 2848 suspensas
1866 2793 1879 2830 :
1931 2775 2251 2830 ridebantur

2355 2795 2609 2868 Χριστοῦ,
2647 2798 2727 2860 είς
2764 2775 3063 2866 φιλοδοξίας
3105 2796 3381 2869 ἀφορμὴν,
3408 2794 3508 2849 καὶ
3535 2795 3633 2848 οὐκ
3678 2796 3749 2859 είς
3776 2796 3876 2848 ἀνά-

677 2883 859 2927 tamen
906 2888 938 2926 a
969 2872 1190 2927 Christo
1213 2913 1226 2936 ,
1266 2871 1413 2941 quod
1450 2886 1570 2925 eam
1596 2886 1714 2924 rem
1757 2869 1826 2923 ad
1868 2867 2047 2922 inanis
2071 2866 2256 2937 gloria:

674 2962 1040 3026 occasionem,
1068 2978 1177 3016 non
1228 2961 1296 3015 ad
1351 2960 1487 3030 legis
1511 2958 2089 3015 commemorationem
2120 2972 2254 3012 con-

673 3055 968 3109 vertissem
993 3056 1057 3109 ".
1076 3053 1222 3108 Fieri
1257 3053 1423 3124 igitur
1453 3060 1654 3123 potest,
1675 3060 1738 3106 ut
1759 3050 2010 3121 quamvis
2044 3049 2099 3105 id
2138 3048 2252 3112 ﬁat,

2358 2906 2553 2963 μνησιν
2578 2889 2671 2943 τοῦ
2716 2890 2883 2960 νόμου
2913 2888 2975 2943 τὸ
3018 2889 3207 2960 χρῆμα
3241 2887 3578 2959 ποιούμενοι.
3610 2888 3777 2941 Ἔστιν
3806 2883 3874 2942 ὥν

2356 2978 2465 3048 ἄρα
2496 2977 2592 3030 καὶ
2614 2976 2856 3047 ἐννόμως
2880 2977 3126 3048 ἁνομεῖν,
3155 2979 3203 3030 εί
3233 2978 3306 3048 μή
3341 2993 3427 3041 τις
3444 2976 3624 3049 ὀρθῶς
3645 2977 3877 3048 ἁποχρῷω

2353 3067 2431 3138 τῷ
2456 3068 2626 3139 νόμῳ.
2651 3067 2763 3120 Καὶ
2790 3067 2967 3129 τοῦτο,
2992 3062 3167 3137 οἶμαι,
3189 3068 3336 3122 ἐστὶν
3357 3070 3499 3140 ὅπερ
3520 3068 3624 3140 ἔφη
3657 3067 3874 3138 Σολομὼν

673 3145 821 3215 quod
857 3146 945 3201 lex
976 3146 1165 3217 jubet,
1208 3154 1390 3200 tamen
1432 3144 1520 3199 lex
1545 3143 1664 3214 ipsa
1688 3144 1946 3205 violetur,
1980 3141 2090 3196 nisi
2137 3140 2251 3210 lege

2363 3180 2380 3211 ι
2418 3159 2531 3213 ἐστι
2581 3160 2786 3222 δίκαιος
2825 3159 3194 3230 ἀπολλύμενος
3233 3160 3291 3213 ἐν
3317 3161 3515 3232 δικαίῳ
3547 3160 3724 3215 αὐτοῦ.
3752 3180 3768 3213 ι
3796 3162 3877 3212 Κο-

674 3237 800 3308 quis
832 3246 982 3291 recte
1018 3244 1226 3290 utatur.
1264 3235 1487 3305 Hocque
1521 3233 1659 3288 illud
1701 3242 1786 3288 est
1808 3273 1823 3297 ,
1859 3232 2077 3302 opinor,
2108 3229 2255 3300 quod

672 3330 751 3383 ait
805 3328 1062 3383 Salomon
1106 3343 1120 3379 :
1180 3344 1198 3377 ι
1228 3326 1326 3380 Est
1371 3326 1572 3396 justus,
1617 3324 1710 3394 qui
1761 3323 1906 3394 perit
1943 3322 2000 3376 in
2040 3320 2256 3392 justitia

673 3434 773 3473 sua
805 3419 870 3472 ⁸³.
907 3437 925 3469 ι
959 3417 1129 3487 Igitur
1170 3416 1268 3471 Dei
1306 3416 1621 3471 mandatum
1680 3416 1738 3469 in
1782 3422 1968 3470 mente
1995 3422 2160 3483 atque
2197 3412 2255 3467 in

672 3507 840 3562 corde
874 3505 1288 3561 inscribendum
1329 3514 1456 3572 est;
1489 3508 1647 3577 cujus
1697 3505 1778 3559 rei
1810 3504 2102 3559 utilitatem
2128 3517 2255 3558 cum

673 3599 1021 3669 perspicuam
1048 3596 1254 3653 faceret
1287 3596 1457 3672 David
1494 3596 1584 3651 ille
1607 3596 1859 3661 divinus,
1906 3595 1974 3650 de
2001 3610 2253 3665 unoquo-

673 3706 781 3759 que
804 3689 924 3744 viro
943 3690 1092 3761 justo
1114 3690 1347 3760 loquens
1370 3690 1486 3743 ait:
1528 3707 1546 3740 ι
1577 3688 1689 3744 Lex
1718 3688 1814 3743 Dei
1836 3688 1959 3760 ejus
1994 3689 2052 3743 in
2087 3688 2255 3743 corde

676 3781 886 3850 ipsius;
916 3789 974 3835 et
1009 3797 1121 3835 non
1161 3781 1663 3852 supplantabuntur
1696 3796 1915 3851 gressus
1947 3782 2070 3852 ejus
2102 3781 2150 3813 "
2182 3798 2195 3835 :
2226 3800 2244 3833 ι

675 3872 811 3927 Illud
840 3874 1010 3937 enim,
1034 3881 1095 3928 ut
1123 3874 1339 3944 opinor,
1371 3874 1533 3944 plane
1578 3874 1930 3929 manifestum
1959 3883 2064 3941 est,
2095 3877 2253 3947 cujus

676 3963 733 4019 in
760 3972 943 4019 mente
972 3965 1059 4020 lex
1105 3965 1293 4019 divina
1331 3964 1500 4020 fuerit
1522 4004 1537 4030 ,
1571 3965 1751 4021 eidem
1791 3967 2016 4021 omnino
2073 3966 2251 4023 inesse

672 4062 939 4125 praeterea
958 4096 974 4120 ,
1005 4064 1065 4110 ut
1091 4056 1264 4126 probe
1296 4055 1654 4111 conﬁrmatus
1683 4064 1741 4111 et
1773 4055 1979 4111 virtute
2008 4056 2081 4110 sit
2138 4065 2249 4112 sta-

673 4146 791 4201 bili.

745 4236 940 4290 PALL.
972 4237 1049 4292 Ita
1080 4252 1138 4292 se
1162 4253 1252 4292 res
1287 4238 1471 4294 habet.

749 4329 906 4385 CYR.
937 4331 1124 4401 Itaque
1150 4332 1299 4401 jugis
1324 4342 1489 4401 atque
1519 4340 1782 4402 perpetua
1808 4331 1944 4403 legis
1967 4328 2248 4386 meditatio

670 4418 742 4473 ad
771 4430 976 4477 rectam
1013 4424 1159 4479 viam
1202 4423 1479 4493 perducit,
1515 4424 1662 4493 quod
1692 4424 1837 4479 idem
1874 4405 2155 4492 est'atque
2179 4423 2247 4476 ad

673 4508 731 4563 id
767 4511 915 4580 quod
947 4512 1059 4567 Deo
1088 4513 1302 4582 placet,
1327 4512 1660 4568 oblivionem
1707 4527 1774 4568 ex
1806 4512 2044 4567 hominis
2066 4512 2249 4566 animo

672 4602 846 4656 veluti
900 4604 1155 4658 tenebras
1189 4603 1453 4674 quasdam
1482 4606 1881 4677 caliginemque
1918 4605 2243 4661 discutiens.

672 4695 864 4765 Neque
890 4711 1025 4749 vero
1068 4696 1352 4767 hucusque
1383 4705 1590 4752 tantum
1624 4714 1948 4769 progressus
1983 4704 2068 4753 est
2088 4697 2251 4768 legis-

672 4786 833 4851 lator;
886 4785 985 4841 sed
1029 4800 1156 4841 cum
1194 4787 1375 4843 adhuc
1408 4789 1605 4843 melius
1644 4789 1904 4859 quiddam
1945 4788 2249 4860 excogitas-

670 4885 808 4942 set;
834 4876 904 4931 ad
936 4877 1282 4933 excitandam
1329 4879 1387 4933 in
1416 4880 1698 4934 laboribus
1731 4879 2098 4950 suscipiendis
2133 4881 2249 4934 ala-

669 4970 917 5026 critatem
946 5010 962 5037 ,
994 4985 1150 5041 spem
1207 4971 1453 5025 omnium
1501 4985 1686 5024 rerum
1716 4971 2250 5040 ex0ptatissimarum

668 5071 931 5133 tanquam
969 5078 1154 5118 escam
1182 5062 1474 5132 quamdam
1509 5062 1774 5132 adiungit.
1814 5062 1906 5117 Ait
1932 5063 2081 5117 enim
2117 5078 2247 5117 rur-

667 5170 763 5208 sus
792 5172 805 5207 :
851 5172 871 5205 ι
900 5152 957 5208 Si
983 5153 1038 5207 in
1065 5152 1356 5222 praeceptis
1380 5153 1518 5207 meis
1544 5153 1978 5218 ambulaveritis,
2011 5161 2067 5209 et
2089 5168 2247 5208 man-

668 5241 794 5298 data
840 5259 961 5298 mea
998 5243 1378 5299 custodieritis
1401 5284 1417 5309 ,
1454 5253 1512 5298 et
1543 5242 1786 5299 feceritis
1815 5260 1879 5298 ea
1902 5285 1916 5308 ,
1952 5244 2098 5300 dabo
2127 5245 2249 5314 plu-

668 5331 812 5385 viam
836 5333 993 5388 vobis
1021 5334 1076 5387 in
1118 5343 1361 5404 tempore
1392 5349 1513 5398 suo,
1569 5342 1625 5389 et
1648 5344 1797 5390 terra
1834 5334 1988 5389 dabit
2015 5350 2249 5405 proven-

670 5433 759 5479 tus
783 5440 935 5488 suos,
972 5434 1030 5481 et
1052 5426 1196 5496 ligna
1223 5427 1401 5497 campi
1432 5426 1666 5483 reddent
1695 5427 1934 5483 fructum
1981 5442 2172 5493 suum;
2193 5436 2249 5483 et

671 5516 1099 5588 comprehendet
1126 5518 1279 5573 vobis
1302 5519 1501 5573 tritura
1523 5519 1879 5583 vindemiam,
1901 5526 1959 5574 et
1973 5517 2250 5574 vindemia

669 5616 993 5673 sementem,
1030 5616 1087 5663 et
1116 5608 1291 5665 edetis
1316 5626 1513 5680 panem
1545 5618 1790 5666 vestrum
1818 5610 1876 5666 in
1915 5612 2247 5676 satietatem,

2281 3213 2323 3267 ϐ

2283 4556 2325 4611 D

2356 3249 2699 3321 ταγραπτέον
2728 3246 2821 3303 οῦν
2843 3249 2952 3321 ἄρα
2984 3251 3081 3319 τὴν
3122 3250 3271 3304 θείαν
3308 3249 3533 3322 ἐντολὴν
3564 3251 3645 3313 είς
3680 3249 3786 3303 νοῦν
3809 3250 3879 3302 καί

2357 3344 2602 3416 καρδίαν,
2638 3344 2732 3397 καὶ
2776 3344 2875 3415 τήν
2903 3359 2968 3412 γε
3007 3343 3100 3397 τοῦ
3139 3343 3465 3415 πράγματος
3498 3345 3683 3415 ὄνησιν
3718 3342 3877 3413 ἐναργῆ

2356 3434 2623 3498 καθιστὰς
2658 3437 2688 3489 ὁ
2727 3434 2868 3497 θεῖος
2908 3434 3012 3506 ἔφη
3060 3434 3225 3488 Δασὶδ
3273 3435 3403 3506 περὶ
3436 3434 3650 3488 δικαίου
3692 3433 3874 3495 παντός’

2362 3544 2381 3578 ι
2430 3526 2489 3580 '0
2527 3526 2691 3597 νόμος
2718 3526 2813 3579 τοῦ
2839 3526 2975 3580 Θεοῦ
3010 3525 3176 3580 αὐτοῦ
3206 3528 3264 3579 ἐν
3287 3529 3353 3597 τῇ
3391 3525 3593 3599 καρδίᾳ
3616 3524 3780 3589 αὑτοῦ,
3806 3524 3877 3577 καὶ

2354 3619 2455 3688 οὐχ
2488 3617 3010 3689 ὑποσκελισθήσεται
3049 3617 3118 3672 τὰ
3146 3618 3459 3690 διαδήματα
3486 3619 3672 3673 αὐτοῦ.
3707 3637 3724 3670 ι
3757 3618 3877 3671 Ἔστι

2355 3711 2484 3782 γὰρ,
2506 3706 2681 3781 οἶμαι,
2704 3712 2796 3764 καὶ
2830 3710 2975 3782 μάλα
3006 3711 3197 3780 σαφὲς,
3234 3709 3310 3774 ὡς
3339 3712 3447 3783 ὅτῳ
3481 3728 3590 3785 περ
3629 3711 3691 3766 ἃν
3715 3711 3741 3763 ὁ
3770 3709 3879 3772 θεῖος

2354 3803 2435 3865 είς
2466 3800 2591 3855 νοῦν
2624 3800 2857 3874 ὑπάρχει
2891 3801 3074 3871 νόμος,
3111 3801 3408 3873 προσέσται
3438 3818 3546 3855 που
3593 3801 3788 3864 πάντως
3810 3802 3878 3852 καὶ

2353 3892 2415 3946 τὸ
2445 3891 2761 3964 ὲρηρεῐσθαι
2796 3892 2999 3960 καλῶς,
3034 3892 3214 3947 καὶτὸ
3246 3895 3304 3948 ὲν
3334 3892 3543 3967 βεϐαίῳ
3588 3892 3781 3948 κεῖσθαι
3807 3892 3879 3961 τῆς

2354 3985 2575 4057 ἀρετῆς.

2424 4234 2633 4290 [ΙΛΣΛ.
2662 4226 2791 4286 Ὧδε
2823 4232 2953 4303 ἔχει.

2421 4326 2582 4378 ΚΥΡ.
2619 4323 2826 4378 Οὐκοῦν
2872 4327 2906 4395 ή
2944 4325 3131 4396 μακρὰ
3175 4326 3270 4379 καὶ
3317 4325 3572 4399 διηνεκὴς
3620 4343 3709 4380 του
3753 4339 3880 4393 νομω

2353 4414 2662 4485 μελέτησις,
2697 4417 3022 4486 ἀποκομίζει
3074 4416 3209 4488 πρὸς
3247 4417 3307 4471 τὸ
3357 4418 3511 4481 εὐθὺ,
3560 4418 3715 4473 τοῦτο
3757 4417 3795 4469 δ’
3833 4416 3881 4468 av

2353 4507 2437 4577 είη
2474 4506 2551 4577 τῷ
2596 4507 2715 4578 Θεῷ
2744 4507 2953 4571 δοκοῦν,
2984 4508 3135 4561 θολὸν
3178 4508 3365 4581 ὥσπερ
3405 4509 3530 4563 τινὰ
3568 4511 3665 4564 καὶ
3698 4508 3881 4579 ὁμίχλην

2352 4601 2452 4670 τῆς
2482 4597 2772 4669 ἀνθρώπου
2799 4599 3056 4662 διανοίας,
3084 4598 3181 4669 τὴν
3211 4599 3379 4670 λήθην
3407 4601 3779 4670 ἐκπέμπουσα.
3799 4598 3882 4649 Καὶ

2353 4690 2415 4743 ού
2448 4690 2611 4761 μέχρι
2640 4689 2845 4743 τούτων
2878 4692 2906 4743 ὁ
2937 4690 3254 4760 νομοθέτης,
3295 4690 3433 4745 ἀλλὰ
3481 4709 3535 4745 τι
3582 4691 3677 4744 καὶ
3704 4692 3883 4759 ἄμεινον

2356 4781 2751 4852 προσεπινοῶν,
2791 4781 2984 4852 δέλεαρ
3015 4781 3202 4855 ὥσπερ
3227 4800 3301 4849 τι,
3326 4782 3426 4853 τῆς
3452 4782 3512 4835 ιν
3541 4799 3605 4851 γε
3636 4781 3883 4851 τῷχρῆναι

2358 4876 2532 4929 ποιεῖν
2570 4873 2904 4945 προθυμίας,
2950 4872 3139 4927 ἐλπίδα
3187 4877 3444 4937 ποιεῖται,
3485 4875 3585 4945 τὴν
3624 4876 3706 4942 ἐφ’
3748 4873 3885 4926 ἅπασι

2355 4968 2470 5029 τοῖς
2490 4964 2911 5027 εὐκταιοτάτοις.
2952 4965 3095 5033 Ἔφη
3129 4964 3234 5036 γὰρ
3265 4964 3425 5018 πάλιν
3446 4982 3460 4995 ⁸
3501 4984 3520 5016 ι
3576 4963 3699 5017 Ἐὰν
3722 4964 3774 5015 ἑν
3798 4962 3884 5019 τοῖς

2356 5056 2741 5127 προστάγμασί
2759 5073 2859 5127 μου
2880 5055 3208 5125 πορεύησθε,
3232 5056 3441 5118 καὶτὰς
3456 5055 3677 5119 ἐντολάς
3691 5072 3782 5124 μου
3808 5070 3886 5118 φυ-

2353 5147 2607 5219 λάξησθε,
2650 5148 2742 5200 καὶ
2772 5148 3035 5219 ποιήσητε
3067 5147 3256 5211 αὑτὰς,
3294 5146 3451 5201 δώσω
3484 5148 3574 5201 τὸν
3613 5146 3756 5201 ὑετὸν
3784 5146 3885 5212 {apii

2355 5240 2414 5291 ἐν
2445 5239 2525 5309 τῷ
2563 5240 2741 5311 καιρῷ
2785 5240 2973 5309 αὑτοῦ,
3018 5243 3112 5296 καὶ
3139 5243 3171 5312 ή
3212 5241 3283 5312 γῆ
3315 5240 3476 5294 δώσει
3508 5239 3580 5293 τὰ
3610 5240 3887 5309 γεννήματα

2351 5331 2541 5400 αὐτῆς,
2577 5333 2671 5386 καὶ
2694 5332 2763 5385 τὰ
2793 5332 2927 5399 ξύλα
2947 5332 3057 5387 τῶν
3082 5332 3280 5388 πεδίων
3301 5332 3571 5387 ἀποδώσει
3599 5331 3687 5388 τὸν
3716 5330 3888 5400 καρπον

2351 5422 2551 5477 αὐτῶν.
2588 5425 2698 5477 Καὶ
2724 5424 3092 5495 καταλήψεται
3130 5427 3260 5496 ὑμῖν
3286 5428 3315 5480 ὁ
3344 5425 3569 5498 ἀλοητδς
3597 5425 3687 5478 τὸν
3714 5437 3890 5495 τρυγη-

2350 5516 2466 5581 τὸν,
2514 5517 2611 5571 καὶ
2639 5518 2668 5570 ὀ
2699 5518 2969 5588 τρυγητδς
3012 5519 3388 5592 καταλήψεται
3430 5520 3517 5573 τὸν
3566 5517 3785 5588 σπόρον,
3815 5512 3890 5565 καὶ

2355 5610 2599 5687 φάγεσθε
2628 5612 2715 5665 τὸν
2747 5612 2909 5683 ἄρτον
2940 5613 3093 5682 ὑμῶν
3115 5615 3193 5676 είς
3228 5611 3563 5683 πλησμονήν,
3611 5610 3705 5664 καὶ
3736 5623 3888 5663 nmo

750 5792 796 5824 ⁸²
835 5791 1023 5847 Matth.
1049 5810 1200 5861 xxm,
1236 5795 1286 5849 5.
1326 5795 1369 5828 ⁸³
1411 5798 1557 5853 Eccl.
1584 5815 1677 5862 vn,
1706 5796 1789 5852 i6.
1868 5797 2080 5852 “Psal.
2121 5810 2300 5863 xxxvr,
2330 5798 2416 5853 51.
