4072 6522
201 422 295 479 485

897 418 986 472 DE
1026 411 1468 470 ADORATIONE
1506 411 1574 467 IN
1609 408 1882 466 SPIRITU
1923 410 2011 465 ET
2055 407 2420 467 V'ERITATE.
2464 409 2591 466 LIB.
2634 410 2744 465 VII.

3350 411 3455 467 486

198 542 386 608 κήσετε
423 536 541 606 μετ’
569 533 872 603 ἀσφαλείας
894 531 991 585 ἐπὶ
1025 530 1129 601 τῆς
1163 533 1266 599 γῆς
1301 526 1476 600 ὑμῶν,
1502 529 1597 581 καὶ
1622 528 1651 581 δ
1675 526 1771 579 πό-

1889 535 1931 581 ει
1966 526 2288 583 habitabilis
2328 542 2454 583 eum
2500 529 2795 583 securitate
2848 527 2901 581 in
2957 535 3102 583 terra
3140 537 3327 585 vestra
3354 573 3369 595 ,
3402 542 3459 587 et

198 633 350 701 λεμος
374 629 437 682 ού
482 625 821 680 διελεύσεται
855 622 946 676 διὰ
980 623 1081 693 τῆς
1115 623 1221 693 γῆς
1260 618 1433 691 ὐμῶν,
1478 620 1574 673 καὶ⁹
1615 618 1771 671 δώσω

198 724 411 796 εἰρήνην
442 721 500 773 ὲν
531 722 598 790 τῇ
625 720 696 789 γῇ
728 715 907 787 ὑμῶν,
950 714 1047 769 καὶ
1075 711 1502 784 κοιμηθήσεσθε,
1538 711 1633 764 καὶ
1673 710 1772 762 οὐκ

198 814 341 867 ἔσται
372 812 401 864 ὁ
430 807 681 877 ἐκφοϐῶν
709 807 876 876 ὑμᾶς,
905 798 998 857 καὶ
1039 800 1228 855 ἀπολῶ
1259 799 1425 872 θηρία
1455 798 1666 869 πονηρά
1709 800 1773 851 ὲκ

197 904 288 973 τῆς
315 902 423 973 τῆς
450 900 629 971 ὖμιῶν-
674 917 693 951 ι
733 895 931 965 Συνίης
955 895 1090 965 ὅστις
1121 892 1401 964 φροντίδος
1431 891 1527 945 καὶ
1568 889 1770 961 ἡμερό·

198 1012 350 1068 τητος
381 994 523 1061 ἀξιοῖ
558 993 650 1047 τὸν
696 988 919 1060 ἐπιεικῆ
965 1003 1025 1041 τε
1067 988 1161 1042 καὶ
1198 984 1639 1058 φιλεργέστατον,
1682 983 1776 1036 καὶ

204 1089 301 1161 μὴν
332 1089 474 1142 αἰδοῖ
498 1089 565 1158 τῇ
598 1085 727 1155 περὶ
756 1083 849 1136 τὸν
870 1080 1035 1152 νόμον
1060 1078 1411 1152 ήττὼμενον;
1438 1076 1694 1148 Πρὼῖμόν
1715 1093 1775 1129 τε

201 1183 301 1252 γὰρ
337 1181 433 1234 καὶ
463 1179 662 1249 δψιμον
690 1174 867 1238 ὑετὸν,
901 1172 1208 1244 εὐκαρπίαν
1235 1187 1295 1224 τε
1320 1169 1419 1241 τὴν
1437 1168 1774 1239 ἀλλεπάλλη-

200 1272 302 1335 λον,
336 1272 433 1324 καὶ
486 1271 594 1341 μὴν
633 1270 728 1323 καὶ
760 1268 927 1338 ἄρτου
961 1264 1299 1335 πλησμονὴν,
1330 1263 1423 1316 καὶ
1453 1261 1563 1315 τῶν
1597 1259 1776 1314 ἐδωδί-

203 1382 311 1436 μων
358 1364 591 1433 ἄφθονον
623 1361 842 1432 χρῆσιν,
895 1360 990 1414 καὶ
1029 1358 1168 1430 πρός
1198 1373 1261 1426 γε
1305 1356 1513 1419 τούτοις
1552 1356 1776 1426 είρήνην

198 1457 502 1529 χαριεῖσθαι
529 1452 1051 1523 κατεπαγγέλλεται.
1094 1451 1198 1503 Τὸν
1236 1448 1346 1520 γάρ
1367 1464 1450 1500 τοι
1480 1446 1575 1500 τοῦ
1611 1446 1775 1515 νόμου

199 1549 413 1617 φύλακα
448 1548 691 1616 γνήσιον,
719 1546 816 1599 καὶ
847 1539 922 1599 ὧν
959 1543 1026 1596 ἂν
1071 1541 1312 1613 βούλοιτο
1343 1539 1476 1603 Θεὸς
1505 1537 1778 1609 ἄπληστον

198 1641 454 1713 ἐραστὴν,
482 1643 600 1703 ταῖς
623 1639 733 1693 τῶν
764 1637 1031 1709 οὐρανίων
1058 1634 1279 1703 ἀγαθῶν
1305 1631 1589 1703 ἀφθονίαις
1615 1647 1780 1684 κατα-

198 1735 423 1806 μεθύειν
466 1734 637 1796 εἰκός
671 1732 776 1803 γῆν
822 1730 921 1803 μὲν
952 1729 1061 1800 γὰρ
1102 1723 1191 1782 οἷά
1221 1744 1281 1780 τε
1322 1726 1539 1798 πίειράν
1576 1740 1636 1777 τε
1685 1723 1780 1776 καὶ

198 1827 421 1881 εῦτοκον
453 1826 553 1898 τὴν
590 1825 680 1879 τοῦ
707 1824 916 1879 δικαίου
950 1821 1146 1894 ψυχὴν,
1183 1818 1581 1891 παράκλησιςὴ
1614 1834 1779 1870 πνευ-

1876 617 2080 672 bellum
2103 634 2211 673 non
2242 620 2597 689 pertransibit
2615 635 2715 689 per
2737 629 2941 674 terram
2963 629 3224 689 vestram,
3247 634 3303 678 et
3317 624 3461 679 dabo

1876 724 2063 779 pacem
2094 709 2150 763 in
2191 717 2336 763 terra
2365 718 2568 775 vestra,
2616 721 2673 765 et
2711 710 3021 776 dormictis,
3066 720 3124 768 et
3168 731 3276 770 non
3310 716 3457 782 erit,

1875 799 2033 869 221
2076 800 2170 869 qui
2195 809 2471 857 exterreat
2496 817 2615 865 vos,
2641 811 2697 856 et
2716 804 2941 873 perdam
2962 807 3133 862 malas
3158 808 3361 867 bestias
3390 811 3459 868 de

1878 903 2029 950 terra
2080 902 2267 950 vestra
2307 896 2373 949 ⁸⁸.
2408 914 2425 946 ι
2458 895 2724 967 Intelligis
2780 905 2983 967 quanta
3005 915 3136 955 cura
3163 910 3327 973 atque
3358 904 3460 961 be-

1876 985 2143 1056 nignitate
2170 985 2429 1057 dignetur
2454 985 2687 1057 probum
2708 986 2911 1051 virum,
2943 997 2998 1043 et
3021 989 3180 1045 bonis
3199 994 3461 1062 operibus

1876 1075 2146 1139 deditum,
2173 1084 2229 1130 et
2263 1075 2357 1145 qui
2387 1075 2562 1146 legem
2599 1080 2964 1133 revereatur?
2998 1080 3132 1136 Nam
3176 1086 3459 1154 tempesti-

1876 1183 2006 1221 vum
2038 1166 2272 1220 imbrem
2300 1175 2466 1236 atque
2500 1167 2803 1222 serotinum
2823 1210 2837 1233 ,
2890 1169 3216 1242 frugumque
3246 1177 3459 1245 copiam

1878 1258 1980 1312 sibi
2014 1258 2247 1312 invicem
2279 1257 2689 1313 succedentium
2710 1300 2724 1324 ,
2751 1262 3015 1331 panisque
3040 1264 3343 1322 satietatem
3365 1308 3378 1332 ,
3406 1276 3461 1323 et

1878 1349 2285 1402 esculentorum
2312 1350 2537 1405 uberem
2581 1349 2845 1415 fructum,
2880 1368 3070 1422 pacem
3097 1366 3359 1425 praeterea
3403 1375 3461 1414 se

1879 1439 2204 1511 largiturum
2238 1441 2549 1511 pollicetur.
2574 1442 2735 1514 Legis
2756 1444 2905 1498 enim
2942 1462 3130 1499 verum
3172 1448 3461 1515 cultorem,

1880 1541 1936 1587 et
1960 1547 2151 1587 eorum
2177 1549 2299 1603 qua:
2320 1534 2433 1589 Deo
2470 1535 2688 1604 placent
2706 1536 3117 1607 cupidissimum
3142 1548 3461 1605 amatorem,

1881 1625 2186 1679 caelestium
2219 1625 2489 1680 bonorum
2531 1627 2867 1683 abundantia
2902 1628 3164 1684 inebriari
3201 1648 3301 1701 par
3336 1643 3421 1688 est
3450 1650 3460 1684 :

1882 1715 1971 1770 illa
2013 1732 2249 1786 namque
2276 1719 2578 1788 spiritualis
2626 1730 2682 1774 et
2719 1736 2956 1791 superna
3005 1725 3309 1779 consolatio
3330 1727 3463 1795 justi

1882 1809 1986 1863 viri
2018 1809 2261 1864 animum
2291 1819 2547 1881 tanquam
2593 1812 2792 1882 pingue
2821 1814 2996 1868 solum
3048 1831 3113 1869 ac
3150 1815 3331 1871 fertile
3359 1818 3465 1871 im-

203 1878 411 1881 """"
468 1878 539 1898 κε
606 1878 639 1879 έν
964 1878 976 1892 ο
1027 1878 1143 1894 ηισ
1265 1878 1276 1891 ι
1426 1878 1437 1889 .
1507 1878 1581 1889 -.

203 1918 408 1989 ματική
441 1934 500 1971 τε
533 1917 629 1971 καὶ
661 1915 867 1970 ἀνωθεν
899 1912 1056 1968 ὑετοῦ
1096 1912 1447 1983 κατάρδουσα
1468 1908 1647 1979 δίκην,
1680 1924 1779 1960 κα-

1889 1901 1997 1956 bris
2038 1903 2208 1958 instar
2250 1878 2486 1975 irrigans
2512 1944 2527 1970 ,
2576 1878 2811 1960 maxime
2856 1906 3377 1980 lzetiiieat,utjuges
3405 1920 3463 1965 et

198 2010 517 2082 τευφραίνει
540 2010 685 2073 λίαν,
722 2007 798 2071 ὡς
820 2006 1080 2077 ἀνελλιπῆ
1107 2006 1202 2058 καὶ
1225 2003 1387 2057 οἰονεὶ
1412 2001 1781 2073 παμποίκιλον

197 2103 293 2174 τῆς
334 2104 419 2167 εἰς
452 2100 584 2156 Θεδν
618 2099 902 2164 εὐσεὸείας
932 2098 1179 2169 ἐκφαίνει
1213 2095 1460 2168 καρπόνο
1493 2096 1683 2167 είρήνη
1723 2094 1781 2147 δὲ

200 2194 481 2261 στεφανοῖ,
525 2190 625 2265 τὴν
653 2192 734 2255 εἰς
761 2185 916 2263 τδεῦ
951 2185 1091 2244 εἶναι
1135 2188 1396 2260 διαμονὴν
1435 2187 1779 2258 είσφέρουσα.

197 2284 407 2355 Γράφει
433 2284 565 2353 γοῦν
593 2284 689 2337 καὶ
710 2285 739 2336 ὀ
769 2281 1009 2347 Παῦλος·
1043 2301 1061 2333 ι
1097 2280 1208 2335 Καὶ
1238 2281 1482 2351 ἡείρήνη
1512 2278 1604 2333 τοῦ
1624 2278 1780 2342 Θεοῦ,

199 2379 232 2447 ἡ
264 2376 620 2448 ὑπερέχουσα
664 2374 843 2428 πάντα
890 2373 1036 2437 νοῦν,
1074 2373 1373 2446 φρουρήσει
1411 2372 1510 2436 τὰς
1559 2372 1783 2442 καρδίας

198 2468 378 2539 ὑμῶν,
412 2469 508 2521 καὶ
556 2468 625 2522 τὰ
657 2468 903 2538 νοήματα
942 2465 1117 2537 ὑμῶν.
1165 2485 1183 2517 ι
1232 2465 1288 2519 Ὀ
1316 2466 1413 2534 τῆς
1450 2465 1661 2518 τοιᾶσδε
1692 2461 1784 2517 οὖν

202 2559 351 2629 παρά
386 2557 525 2611 Θεοῦ
558 2558 872 2629 φιλοτιμίας
916 2555 1255 2629 τετυχηκὼς,
1297 2556 1570 2627 ἀπόλεμόν
1598 2574 1654 2609 τε
1692 2556 1784 2609 καὶ

199 2652 478 2721 εἰρηναῖον
516 2651 813 2704 διατελέσει
854 2649 988 2721 βίον,
1033 2652 1271 2714 εἴκοντος
1310 2648 1526 2720 ἐχθροῦ,
1560 2650 1781 2702 πίπτον-

198 2743 286 2805 τός
305 2759 369 2795 τε
401 2742 497 2795 καὶ
523 2742 809 2812 οἰχομένου
836 2742 973 2814 πρὸς
991 2743 1051 2795 τὸ
1084 2740 1251 2814 μηδὲν
1276 2741 1370 2795 τοῦ
1393 2741 1785 2812 ἁνθεστηκότος

198 2833 429 2897 παντὸς,
459 2835 551 2887 καὶ
581 2833 973 2905 άπρακτούσης
1000 2833 1189 2903 ἐφόδου
1219 2831 1548 2901 διαϐολικῆς,
1580 2834 1673 2885 καὶ
1696 2832 1788 2901 φό-

200 2925 299 2978 ϐου
359 2926 565 2986 παντὸς
599 2924 844 2977 ἐκποδὼν
890 2924 1059 2987 ἰόντος
1111 2923 1367 2986 εὐκόλως.
1404 2923 1507 2977 Τὸν
1541 2923 1701 2977 αὐτὸν
1731 2923 1786 2976 δὲ

197 3015 415 3067 τουτονὶ
444 3014 609 3084 νόμον
641 3015 735 3067 καί
767 3014 825 3066 ὲν
854 3013 932 3084 τῷ
966 3013 1373 3084 Δευτερονομίῳ
1405 3014 1788 3086 γεγραμμένον

200 3104 534 3176 εῦρήσομεν.
557 3102 703 3174 Ἔφη
721 3104 827 3173 γὰρ
860 3104 955 3157 ὡδὶ
975 3104 1148 3175 βραχὺ
1170 3103 1520 3175 παραλλάξας
1544 3121 1557 3137 ⁸
1596 3124 1615 3156 ι
1662 3105 1788 3157 Ἐὰν

195 3197 255 3250 δὲ
294 3198 441 3266 ἀκοῇ
478 3195 835 3267 είσακούσητε
861 3197 1040 3261 πάσας
1061 3197 1160 3260 τὰς
1190 3196 1408 3260 ἐντολάς
1442 3194 1628 3259 αὑτοῦ,
1658 3197 1787 3259 ὅσας
1815 3224 1857 3278 C

199 3287 317 3355 ἐγὼ
366 3287 691 3357 ἐντέλλομαί
747 3304 829 3340 σοι
867 3288 1140 3360 σήμερον,
1196 3288 1415 3359 ἀγαπᾷν
1456 3288 1659 3359 Κύριον
1696 3288 1787 3343 τὸν

198 3380 340 3432 Θεὸν
369 3396 491 3444 σου,
532 3381 627 3433 καὶ
659 3379 948 3450 λατρεύειν
995 3378 1146 3447 αύτῷ
1172 3378 1231 3443 ἐξ
1260 3379 1390 3449 ὅλης
1431 3380 1529 3450 τῆς
1562 3379 1785 3451 καρδίας

201 3489 323 3537 σου,
359 3471 462 3526 καὶ
498 3471 559 3536 ἐξ
604 3471 737 3541 ὅλης
766 3471 866 3541 τῆς
910 3471 1090 3542 ψυχῆς
1131 3488 1247 3537 σου,
1279 3472 1375 3525 καὶ
1402 3469 1563 3524 δώσει
1595 3488 1677 3524 σοι
1698 3470 1787 3525 τὸν

198 3564 359 3617 ὑετὸν
392 3562 496 3633 τῆς
531 3563 638 3633 γῆς
664 3579 782 3626 σου,
822 3561 946 3617 καθ’
973 3562 1124 3632 ὥραν
1161 3561 1412 3634 πρώῖμον
1450 3564 1544 3617 καὶ
1593 3562 1789 3634 ὄψιμον

200 3656 303 3708 καὶ
334 3654 596 3717 εἰσοίσεις
623 3653 717 3706 τὸν
748 3654 894 3706 σῖτόν
920 3670 1012 3706 σου
1040 3652 1136 3706 καὶ
1163 3653 1255 3706 τὸν
1286 3649 1427 3707 οἶνόν
1464 3671 1581 3717 σου,
1613 3656 1705 3708 καὶ
1731 3654 1791 3708 τὺ

199 3744 387 3797 ἐλαιόν
443 3759 561 3807 σου,
589 3744 687 3797 καί
727 3742 923 3806 δώσεις
954 3743 1309 3814 χορτάσματα
1346 3744 1405 3796 ὲν
1449 3746 1564 3806 τοῖς
1602 3745 1793 3814 ἀγροῖς

201 3854 305 3890 σου
350 3836 469 3898 τοῖς
498 3833 724 3905 κτήνεσί
757 3850 873 3887 σου.
911 3852 929 3884 ι
965 3832 1176 3887 Οὐκοῦν
1218 3833 1279 3887 τὸ
1309 3835 1409 3905 μὲν
1446 3834 1695 3905 εύτεχνές
1732 3850 1792 3887 τε

201 3932 306 3985 καὶ
331 3930 631 4004 εὔρυθμον,
652 3931 733 3995 είς
756 3947 820 4000 γε
837 3930 899 3983 τδ
919 3930 1123 4001 χρῆναι
1146 3927 1388 4000 πληροῦν
1407 3927 1443 3982 ἃ
1466 3927 1531 3981 ἂν
1553 3927 1794 3998 βούλοιτο

200 4022 362 4087 Θεδς,
397 4025 432 4093 ή
466 4022 559 4076 τοῦ
599 4022 765 4091 νόμου
811 4022 1097 4093 μελέτησις
1138 4022 1257 4083 ταῖς
1288 4018 1584 4089 ἡμετέραις
1626 4019 1794 4072 εἰσοι-

202 4118 414 4169 κιεῖται
455 4115 679 4187 ψυχαῖς.
719 4113 947 4185 Ἰδρῶτα
990 4112 1048 4166 δὲ
1093 4112 1184 4165 τὸν
1233 4112 1323 4164 ἐπ’
1370 4111 1594 4182 ἀρ;ταῖ;
1616 4111 1796 4165 οἰστῦν

200 4207 504 4276 ἀποφαίνει
532 4206 644 4259 τῶν
673 4204 1098 4275 ἐπηγγελμένων
1126 4204 1159 4273 ή
1196 4201 1403 4271 ἔφεσις.

280 4298 493 4351 ΠΑΛΛ.
553 4294 808 4366 Ἀληθές
851 4292 1233 4362 συναινέσαιμι
1284 4291 1416 4362 γάρ,
1465 4290 1560 4345 καὶ
1594 4290 1799 4361 σφόδρα

200 4388 459 4451 είκότως.
502 4386 754 4455 ’Λγάπης
797 4383 853 4437 δὲ
899 4382 1001 4454 τῆς
1028 4385 1109 4447 εἰς
1151 4381 1243 4436 τὸν
1274 4380 1527 4453 πλησίον,
1570 4380 1692 4433 τίνα
1732 4380 1797 4451 δὴ

200 4480 412 4549 τρόπον
441 4478 766 4549 διαπερανεῖ
803 4493 889 4541 τις
918 4476 984 4531 ἂν
1014 4475 1109 4529 τὸν
1142 4475 1328 4546 νόμον,
1369 4472 1487 4546 ῶρα
1525 4472 1723 4542 λέγειν,
1753 4466 1798 4527 ὦ

198 4569 337 4622 τάν.

283 4656 451 4710 ΚΥΡ.
500 4654 664 4710 ἰτέον
690 4654 756 4727 δὴ
786 4649 880 4709 οῦν
914 4625 1007 4706 tu"
1031 4651 1164 4707 αὐτὸ
1186 4651 1250 4722 δὴ
1280 4650 1459 4705 τοῦτο.
1488 4648 1598 4703 Καὶ
1619 4648 1683 4719 δὴ
1705 4647 1799 4701 λέ-

202 4767 407 4821 γομεν,
434 4752 551 4813 τοῖς
596 4747 767 4820 ἱερεῖς
810 4745 1077 4816 ἑπόμενοι
1120 4742 1579 4815 Γράμμασιν,ὃτι
1623 4741 1799 4811 Μωσῇ

207 4842 593 4914 προστέταχεν
611 4842 641 4894 ὁ
665 4839 774 4892 τῶν
802 4839 941 4892 ὅλων
962 4838 1242 4906 Δεσπότης
1264 4835 1418 4900 Θεὸς,
1444 4833 1802 4903 ὲξεκκλησιά-

210 4950 321 4987 σαι
343 4932 429 4987 τὸν
459 4933 611 4996 λαὸν,
650 4929 748 4984 καὶ
776 4928 883 4982 ύπδ
920 4928 983 4982 τὸ
1016 4928 1146 4981 Σινᾶ
1183 4924 1519 4996 καλούμενον
1549 4924 1672 4995 ὅρος
1707 4941 1804 4977 κα-

208 5025 424 5095 Βαρούς
457 5042 517 5079 τε
563 5022 661 5078 καὶ
700 5021 1068 5094 ἡγνισμένους
1110 5015 1170 5074 εὖ
1230 5018 1378 5089 μάλα
1424 5018 1800 5087 συνενεγκεῖν

210 5117 637 5175 ἁποπλύνασθαι
659 5116 769 5187 γὰρ
795 5116 904 5170 δεῖν
934 5114 1005 5168 τὰ
1026 5115 1226 5185 ἄμφια,
1262 5113 1357 5165 καί⁸
1379 5112 1479 5182 τῆς
1502 5113 1582 5174 εἰς
1613 5112 1804 5179 γυναῖ-

208 5227 334 5271 κας
364 5209 549 5280 ἡδονῆς
586 5206 822 5277 δρᾶσθαι
868 5205 1133 5277 βελτίους,
1164 5205 1245 5268 είς
1289 5205 1437 5270 τρεῖς
1488 5203 1805 5272 διατέταχεν

204 5298 454 5371 ἡμέρας,
484 5300 571 5353 διὰ
591 5298 702 5352 τῶν
728 5298 788 5351 ὲν
812 5296 1062 5369 αἰσθήσει
1094 5295 1191 5350 καὶ
1224 5294 1437 5366 ὁρατῶν
1462 5293 1806 5363 πραγμάτων

204 5390 505 5461 σημαίνων
533 5391 602 5445 τά
630 5389 803 5462 νοητά
824 5406 840 5421 ν
878 5388 1156 5460 λαμπροῖς
1186 5389 1297 5458 γὰρ
1338 5384 1529 5457 ὥσπερ
1558 5384 1805 5455 ἀμφίοις.

199 5486 347 5545 τοῖς
379 5482 436 5547 ἐξ
469 5481 680 5554 ἀρετῶν
716 5481 1000 5553 αὐχήμασι
1038 5476 1564 5550 κατηγλαῖσμένους,
1602 5475 1697 5529 καὶ
1739 5478 1806 5547 τῇ

200 5573 377 5629 κατὰ
395 5575 515 5629 νοῦν
535 5574 855 5647 φαιδρότητι
884 5571 1313 5643 διαπρέποντας,
1335 5568 1430 5623 καὶ
1456 5566 1808 5637 φιλοσαρκίας

206 5664 451 5736 ἁπάσης
502 5667 595 5720 καὶ
650 5662 945 5735 μολυσμῶν
992 5661 1255 5730 ἐπιγείων
1322 5658 1805 5730 ἀπηλλαγμένους,

211 5843 667 5918 θ’,ιεγὶιιιιινῃ
712 5846 824 5902 3-5.
902 5845 948 5878 "
974 5841 1209 5913 Philipp.
1260 5858 1309 5897 tv
1344 5841 1395 5893 7.
1471 5839 1513 5871 ⁸⁷
1561 5838 1718 5893 Deut.
1756 5852 1806 5892 XI

1881 1991 2037 2061 quasi
2077 1993 2409 2064 multiplices
2452 1993 2509 2049 in
2556 1994 2729 2049 Deum
2792 1996 3011 2065 pietatis
3057 1998 3271 2055 fructus
3301 2000 3469 2057 edere

1882 2085 2053 2154 possit
2079 2102 2092 2138 :
2118 2099 2221 2155 pax
2255 2102 2387 2141 vero
2416 2086 2673 2141 eumdem
2696 2097 2944 2154 coronat,
2968 2105 3090 2158 quae
3133 2090 3382 2162 largitur,
3407 2104 3470 2148 ut

1883 2174 1939 2229 in
1986 2191 2073 2241 eo,
2133 2178 2279 2246 quod
2341 2178 2481 2233 bene
2526 2187 2630 2243 est,
2670 2180 2847 2234 valeat
2900 2196 3243 2251 permanere.
3280 2184 3467 2254 Itaque

1883 2266 2078 2321 scribit
2106 2266 2308 2322 Paulus
2337 2285 2351 2320 :
2405 2286 2424 2318 ι
2477 2268 2543 2322 Et
2568 2284 2673 2339 pax
2708 2270 2828 2336 Dei,
2859 2286 2979 2340 quae
3007 2281 3301 2342 exsuperat
3346 2290 3468 2329 om-

1884 2374 2010 2412 nem
2036 2374 2257 2413 sensum
2278 2400 2292 2424 ,
2318 2361 2593 2415 custodiat
2614 2362 2779 2416 corda
2812 2372 2993 2419 vestra
3013 2404 3027 2429 ,
3053 2373 3109 2419 et
3155 2365 3468 2437 intelligen-

1887 2449 1989 2504 tias
2013 2460 2225 2506 vestras
2249 2451 2315 2505 ⁸⁸.
2352 2471 2369 2502 ι
2409 2450 2669 2522 Quisquis
2698 2453 2864 2524 igitur
2902 2456 3171 2525 ejusmodi
3205 2458 3300 2512 Dei
3334 2459 3470 2513 libe—

1886 2543 2159 2597 ralitatem
2204 2553 2401 2599 nactus
2444 2547 2581 2608 erit,
2630 2547 2677 2601 is
2721 2548 2882 2602 bellis
2934 2565 3183 2613 vacuam,
3228 2567 3291 2605 ac
3318 2553 3469 2622 pacis

1885 2635 2100 2704 plenam
2130 2635 2298 2692 vitam
2334 2637 2624 2701 traducet;
2668 2638 2826 2692 cedet
2873 2639 3047 2693 hostis
3080 2642 3345 2711 cadctque
3366 2684 3380 2707 ,
3413 2653 3471 2699 et

1887 2724 1953 2776 ad
1994 2726 2228 2781 nihilum
2276 2729 2484 2783 recidet
2525 2730 2793 2800 quidquid
2840 2731 3093 2797 obsistit,
3133 2744 3189 2788 et
3236 2735 3474 2806 impetus

1887 2818 2192 2873 diabolicus
2218 2819 2411 2874 irritus
2434 2821 2561 2885 erit,
2588 2831 2644 2876 et
2668 2823 2832 2875 timor
2858 2823 3039 2878 omnis
3071 2824 3228 2880 facile
3246 2829 3473 2898 propul-

1888 2911 2116 2965 sabitur.
2149 2911 2298 2964 Hanc
2330 2913 2574 2966 eamdem
2594 2911 2767 2982 legem
2801 2915 2855 2967 in
2887 2916 3312 2972 Deutcronomio
3333 2934 3473 2989 quo-

1888 3015 1993 3069 que
2023 3000 2351 3070 descriptam
2380 3000 2719 3071 reperiemus
2744 3019 2757 3066 ;
2801 3003 2879 3056 sic
2908 3004 3056 3058 enim
3081 3004 3241 3067 dixit,
3284 3009 3474 3075 paucis

1889 3093 2213 3163 permutatis
2239 3112 2250 3146 :
2288 3114 2305 3144 ι
2339 3095 2393 3149 Si
2421 3110 2551 3149 vero
2574 3094 2764 3149 auditu
2790 3096 3078 3152 audieritis
3103 3099 3285 3153 omnia
3322 3116 3476 3155 man-

1890 3185 2013 3240 data
2033 3187 2171 3255 ejus,
2198 3202 2319 3256 qua:
2359 3202 2460 3257 ego
2486 3188 2686 3241 mando
2711 3187 2809 3241 tibi
2846 3188 3007 3242 hodie
3027 3230 3039 3251 ,
3069 3197 3129 3243 ut
3151 3189 3345 3261 diligas
3365 3192 3475 3247 Do-

1892 3278 2099 3332 minum
2123 3279 2292 3333 Deum
2324 3288 2496 3343 tuum,
2525 3288 2581 3334 et
2601 3280 2810 3334 servias
2832 3280 2910 3333 illi
2943 3296 3009 3334 ex
3029 3291 3142 3336 toto
3170 3283 3336 3338 corde
3357 3292 3472 3349 tuo,

1887 3374 1942 3421 et
1979 3383 2045 3421 ex
2081 3376 2191 3422 tota
2224 3367 2403 3422 anima
2455 3376 2567 3434 tua,
2619 3379 2674 3423 et
2696 3368 2851 3424 dabit
2898 3370 2995 3427 tibi
3026 3371 3267 3441 pluviam
3315 3381 3477 3429 terrae

1889 3468 1996 3513 tua:
2039 3473 2139 3512 suo
2172 3467 2416 3528 tempore
2451 3459 2831 3530 tempestivam
2854 3470 2910 3515 et
2952 3462 3268 3527 serotinam,
3301 3473 3355 3517 et
3386 3479 3476 3518 rc-

1888 3549 2092 3605 condes
2122 3550 2364 3604 triticum
2413 3557 2601 3616 tuum,
2635 3560 2693 3605 et
2716 3552 2902 3605 vinum
2952 3559 3105 3606 tuum
3134 3593 3148 3617 ,
3196 3562 3252 3606 et
3293 3555 3475 3607 oleum

1889 3650 2067 3708 tuum,
2092 3650 2148 3696 et
2170 3641 2326 3697 dabis
2356 3641 2554 3711 pabula
2579 3642 2635 3695 in
2673 3643 2818 3712 agris
2850 3642 2961 3696 tuis
2980 3643 3242 3713 jumentis
3262 3644 3469 3697 tuis‘M

1890 3733 2061 3805 Igitur
2093 3734 2203 3788 vim
2253 3734 2356 3788 rite
2392 3741 2449 3787 et
2504 3742 2629 3803 apte
2672 3748 2733 3787 ea
2788 3734 3143 3804 exsequendi,
3185 3751 3305 3805 quae
3347 3735 3480 3790 velit

1891 3825 2068 3890 Deus,
2094 3825 2231 3896 legis
2263 3823 2546 3879 meditatio
2588 3826 2792 3879 nostris
2833 3825 3032 3879 animis
3080 3825 3421 3896 comparabit
3461 3844 3475 3878 ε

1894 3918 2150 3972 sudorem
2177 3933 2343 3987 porro
2390 3933 2488 3988 pro
2514 3917 2718 3971 virtute
2749 3927 3086 3987 susceptum,
3130 3919 3478 3974 tolerabilem

1895 4010 2089 4067 reddet
2117 4010 2511 4081 promissorum
2550 4011 2821 4064 bonorum
2875 4025 3049 4064 amor.

1973 4272 2169 4327 PALL.
2222 4272 2301 4327 Ita
2342 4280 2428 4326 est
2459 4290 2473 4325 :
2500 4272 2775 4326 assentior
2796 4271 2968 4336 enim,
2999 4279 3057 4326 et
3093 4270 3316 4341 quidem
3356 4274 3481 4343 jure

1899 4364 2130 4433 Optimo.
2168 4362 2274 4417 Sed
2299 4363 2411 4432 jam
2436 4369 2654 4431 tempus
2689 4369 2775 4415 est
2799 4361 3110 4431 explicandi
3141 4378 3247 4432 qua
3270 4364 3482 4420 ratione

1899 4457 2074 4527 legem
2110 4455 2176 4510 de
2193 4453 2473 4525 diligendo
2498 4453 2749 4523 proximo
2769 4454 3035 4523 perlicere
3059 4454 3329 4526 quispiam
3354 4473 3480 4527 pos-

1902 4549 1992 4604 sit.

1974 4640 2131 4696 CYR.
2168 4638 2339 4709 Igitur
2354 4637 2422 4692 ad
2457 4638 2599 4692 hanc
2624 4636 2796 4709 ipsam
2832 4638 3255 4710 disputationem
3282 4648 3365 4695 est
3391 4656 3485 4695 ac-

1906 4734 2234 4792 cedendum.
2264 4733 2426 4802 222
2458 4731 2647 4801 Itaque
2681 4731 2917 4787 dicimus
2936 4748 3219 4787 sacrarum
3244 4731 3484 4787 Littera-

1908 4844 2031 4883 rum
2064 4826 2292 4897 vestigia
2318 4831 2734 4895 persequentes,
2768 4824 2932 4895 Moysi
2960 4826 3283 4894 praacepisse
3314 4825 3486 4877 Deum

1909 4920 2063 4974 illum
2096 4912 2481 4972 universorum
2510 4915 2826 4980 Dominum,
2863 4924 2923 4969 ut
2960 4922 3288 4969 convocaret
3311 4928 3487 4983 popu-

1910 5008 2044 5073 lum,
2077 5015 2133 5062 et
2154 5022 2249 5061 eos
2271 5006 2374 5060 sub
2400 5016 2665 5071 montem,
2699 5006 2921 5061 nomine
2951 5005 3101 5067 Sina,
3126 5018 3292 5073 puros
3324 5012 3489 5074 atque

1906 5100 2273 5157 sanctiﬁcatos
2292 5098 2624 5169 perduceret
2650 5116 2663 5151 ε
2684 5098 2849 5169 jussit
2869 5099 3014 5152 enim
3037 5096 3262 5149 abluere
3285 5103 3488 5160 vestes,

1905 5204 1960 5251 et
1986 5210 2015 5250 a
2042 5194 2338 5249 mulierum
2370 5206 2667 5262 congressu
2696 5204 2795 5261 per
2826 5197 2938 5243 tres
2967 5187 3085 5242 dies
3107 5186 3406 5241 abstinere.
3431 5187 3491 5241 In

1907 5304 2018 5359 quo
2042 5301 2143 5357 per
2163 5302 2248 5351 ea,
2273 5299 2396 5356 qua:
2415 5284 2671 5339 sensibus
2686 5280 2930 5351 exposita
2955 5289 3011 5333 et
3032 5278 3385 5349 aspectabilia
3405 5295 3497 5349 ge-

1910 5380 2191 5443 rebantur,
2215 5376 2521 5448 spiritualia
2542 5372 2903 5445 signiﬁcavit:
2932 5369 3234 5441 splendidis
3254 5385 3494 5439 namque

1904 5470 2150 5526 vestibus
2169 5466 2595 5540 quodammodo,
2619 5463 2909 5529 virtutum,
2933 5464 3178 5533 inquam,
3202 5475 3495 5517 ornamen-

1905 5564 1977 5617 tis
2016 5562 2353 5624 honestatos,
2393 5567 2449 5613 et
2492 5556 2662 5612 animi
2702 5555 2979 5610 hilaritate
3026 5554 3289 5625 insignes,
3338 5550 3495 5606 etab

1905 5655 2053 5711 omni
2099 5655 2281 5709 carnis
2322 5654 2604 5723 voluptate
2656 5665 2724 5708 ac
2776 5648 3019 5704 terrenis
3063 5641 3498 5717 inquinamentis

1816 5876 1829 5902 ,
1878 5834 1963 5899 ιδ,
2002 5834 2079 5888 ιδ.
