3998 6502
620 391 721 447 δεῖ

1644 390 1700 444 S.
1741 387 2015 443 CYBILLI
2056 385 2530 442 ALEXANDBINl
2570 384 2888 441 ARClllEP.
3764 390 3846 444 ‘88

618 507 830 564 alienos
848 508 914 563 ad
940 508 1034 563 Dei
1058 516 1410 576 conspectum
1441 520 1626 560 venire
1659 505 1840 570 decet,
1875 506 2190 561 instituente

2301 502 2463 557 οἱονεί
2484 519 2601 566 πως
2624 504 2703 565 εις
2729 501 2854 570 ὄψιν
2881 501 3019 554 ἰέναι
3046 501 3243 571 πρέπει
3269 500 3429 564 Θεοῦ,
3464 500 3844 568 παιδαγωγοῦν

619 613 725 654 nos
753 598 821 653 ad
852 614 973 654 eam
1012 613 1127 652 rem
1157 598 1294 667 lege,
1337 606 1398 651 ut
1418 605 1567 651 certe
1602 596 1812 668 Moyses
1842 606 2056 651 veteres
2080 596 2202 650 illos

622 691 943 747 instituebat
973 707 987 742 :
1010 704 1135 744 nam
1162 689 1252 743 illa
1280 688 1466 759 figurae
1488 700 1647 745 erant
1670 691 1950 744 veriorum
1988 704 2197 744 rerum.

618 780 821 851 lllaque
841 795 941 850 per
967 778 1431 849 sapientissimum
1453 778 1633 835 virum
1659 780 1881 852 Moysen
1902 780 2198 842 institutio,

618 873 960 943 disciplinam
992 872 1128 943 legis
1155 871 1224 926 ad
1260 870 1541 927 Christum
1582 874 1968 943 perducentis,
2006 872 2202 943 priscis

619 964 935 1019 hominibus
968 961 1254 1033 ﬁgurabat.
1291 961 1372 1016 Ad
1397 962 1514 1016 haec
1545 962 1681 1016 illud
1709 978 1927 1032 quoque
1948 960 2198 1017 animad-

618 1055 871 1110 versione
900 1054 1125 1125 dignum
1157 1063 1261 1118 est,
1294 1069 1495 1108 munus
1516 1054 1664 1107 enim
1700 1069 1765 1108 ac.
1790 1068 2024 1123 persona
2057 1053 2198 1123 ejus,

615 1147 711 1217 qui
744 1146 1036 1201 instituere
1060 1146 1277 1209 debeat,
1313 1145 1371 1199 in
1392 1145 1560 1218 Moysi
1587 1160 1823 1215 persona
1851 1146 2057 1215 optime
2080 1160 2201 1199 ser-

617 1248 778 1293 vatur
810 1255 825 1291 :
865 1253 1044 1308 neque
1073 1239 1221 1292 enim
1262 1236 1329 1291 ad
1373 1252 1431 1292 se
1467 1238 1750 1307 populum,
1797 1237 1892 1291 sed
1926 1236 1994 1291 ad
2028 1237 2199 1291 Deum

619 1339 878 1399 tanquam
909 1329 977 1383 ad
1009 1329 1373 1399 legislatorem
1403 1337 1459 1382 et
1484 1329 1789 1390 doctorem,
1817 1343 1882 1383 ac
1906 1344 2089 1383 rerum
2117 1327 2199 1382 fa-

617 1420 939 1474 ciendarum
962 1428 1243 1473 auctorem
1268 1418 1514 1472 adduxit.
1544 1418 1654 1473 Lex
1677 1433 1916 1488 quoque,
1952 1434 2074 1487 quae
2102 1433 2201 1486 per

617 1510 857 1565 litteram
881 1510 1222 1573 instituebat,
1250 1525 1361 1564 non
1391 1510 1457 1564 ad
1489 1525 1548 1565 se
1571 1526 1671 1565 nos
1702 1511 1976 1581 perduxit,
2012 1511 2106 1565 sed
2130 1508 2199 1563 ad

618 1603 792 1658 Deum
819 1602 1080 1666 Verbum,
1116 1602 1210 1672 qui
1249 1611 1475 1673 propter
1510 1618 1611 1656 nos
1644 1601 1982 1657 descendite
2021 1603 2196 1659 cmlis.

616 1694 760 1751 Nam
785 1693 885 1749 tibi
906 1708 1161 1748 verarum
1190 1692 1671 1764 intelligentiarum
1694 1693 1920 1763 vestigia
1946 1694 2199 1764 persequi

619 1794 806 1840 nostra
836 1786 1055 1840 videtur
1087 1786 1301 1840 oratio?

686 1972 883 2028 PALL.
915 1974 1145 2029 Maxime
1184 1990 1336 2029 vero.

683 2064 841 2121 ΟΥΕ.
886 2065 1163 2137 Scriptum
1194 2076 1279 2122 est
1311 2066 1480 2137 igitur
1519 2084 1532 2119 :
1583 2085 1601 2117 ι
1652 2066 1720 2120 Ει
1756 2064 1947 2119 eduxit
1989 2063 2199 2135 Moyses

616 2160 876 2231 populum
902 2160 956 2214 in
980 2175 1271 2215 occursum
1298 2160 1396 2214 Dei
1417 2174 1448 2213 e
1469 2160 1693 2224 castris;
1723 2167 1779 2213 et
1802 2167 2073 2212 steterunt
2094 2156 2198 2212 sub

614 2258 801 2305 monte
844 2250 993 2305 Sina.
1039 2250 1193 2305 Mons
1233 2257 1421 2305 autem
1462 2248 1593 2305 Sina
1636 2257 1784 2303 totus
1823 2248 2089 2312 fumabat,
2129 2264 2197 2302 eo

613 2341 760 2413 quod
790 2340 1164 2397 descendisset
1216 2341 1480 2396 Dominus
1522 2356 1689 2410 super
1740 2341 1920 2410 ipsum
1958 2340 2015 2395 in
2036 2340 2192 2410 igne:

612 2443 671 2489 et
704 2432 1037 2489 ascendebat
1072 2433 1256 2487 fumus
1308 2442 1567 2502 tanquam
1606 2432 1790 2487 fumus
1832 2433 2113 2489 fornacis:
2142 2444 2199 2489 et

612 2523 912 2579 exterritus
942 2531 1029 2579 est
1085 2523 1265 2578 omnis
1314 2523 1549 2593 populus
1568 2523 2196 2578 valdezﬁebantautem

613 2631 778 2671 voces
808 2616 953 2670 tuba:
986 2614 1349 2685 procedentes
1376 2614 1635 2669 fortiores
1667 2614 1843 2669 valde.
1886 2614 2098 2686 Moyses
2119 2615 2199 2670 lo—

613 2705 912 2775 quebatur;
946 2705 1091 2759 Deus
1128 2702 1495 2772 respondebat
1535 2703 1611 2757 illi
1647 2717 1779 2757 voce
1820 2703 1887 2757 ⁸⁸.
1938 2723 1956 2754 ι
2004 2704 2193 2773 Igitur,

612 2796 840 2867 quodin
870 2803 1056 2851 monte
1084 2794 1370 2849 descendit
1398 2795 1564 2858 Deus,
1603 2795 1819 2864 signum
1844 2794 2193 2864 perspicuum

610 2902 733 2943 esse
774 2888 998 2957 poterit,
1054 2902 1163 2941 non
1214 2886 1367 2939 illum
1419 2885 1487 2940 ad
1534 2896 1747 2941 mentes
1798 2886 2197 2956 abjectissimas

611 2977 833 3042 venire;
905 2992 1085 3046 neque
1151 2992 1277 3032 cum
1348 2977 1457 3031 illis
1512 2977 1762 3033 habitare
1825 2978 2033 3041 solere,
2099 2978 2194 3047 qui

613 3079 882 3136 terrenos,
933 3077 991 3125 et
1032 3070 1187 3125 humi
1235 3068 1479 3139 abjectos
1524 3070 1735 3123 animos
1778 3069 2048 3136 habeant;
2096 3070 2193 3126 sed

2302 613 2394 659 τος
2422 598 2572 668 ἡμᾶς
2604 598 2684 659 είς
2709 593 2868 649 τοῦτο
2904 593 3005 647 τοῦ
3033 594 3222 664 νόμου,
3264 594 3518 665 καθάπερ
3564 591 3750 663 ἀμέλει
3774 598 3847 648 καὶ

2299 688 2428 752 τοὺς
2460 688 2628 743 πάλαι
2651 687 2877 756 Μωσῆς
2915 687 3075 740 τύποι
3100 687 3209 758 γὰρ
3237 682 3380 758 ἦσαν
3398 688 3588 740 ἐκεῖνα
3614 686 3719 739 τῶν
3744 688 3848 759 cur;

2300 780 2592 850 θεστέρων.
2641 780 2752 833 Καὶ
2781 782 2815 849 ὴ
2842 778 2931 832 διὰ
2973 778 3069 832 τοῦ
3103 778 3385 845 πανσόφου
3413 776 3663 840 Μωσέως
3689 780 3847 832 utin.

2298 873 2499 941 γωγια,
2534 872 2635 943 τὴν
2664 872 2755 926 διά
2796 870 2893 925 τοῦ
2931 872 3099 942 νόμον
3132 868 3417 924 παίδευσιν
3450 868 3846 939 ἀτωκῦμίζοντος

2297 966 2379 1029 είς
2409 964 2665 1036 Χριστὸν,
2693 963 2973 1017 ὑπετύπου
2997 965 3111 1026 τοῖς
3133 960 3527 1032 ἀρχαιοτέροις.
3565 960 3845 1031 Ἐπιτηρεῖν

2298 1054 2356 1108 δέ
2389 1054 2528 1126 πρὸς
2560 1053 2769 1118 τούτοις
2800 1053 2951 1123 ἀξιον
2977 1053 3201 1108 κακεῖνο
3232 1046 3388 1123 οἶμαί
3413 1067 3541 1105 mo.
3565 1050 3643 1103 Τὸ
3666 1051 3765 1122 γάρ
3781 1070 3845 1107 τοι

2299 1146 2489 1218 χρῆμά
2510 1162 2572 1200 τε
2603 1148 2698 1200 καὶ
2726 1146 3021 1216 πρόσωπον
3048 1144 3142 1198 τοῦ
3167 1143 3535 1211 παιδαγωγεῖν
3550 1142 3842 1209 ὀφείλοντος,

2298 1238 2357 1292 ἐν
2375 1254 2438 1306 γε
2467 1237 2547 1309 τῷ
2571 1238 2816 1302 Μωσέως
2832 1235 3110 1308 προσώπῳ
3133 1237 3432 1306 τετήρηται
3454 1232 3658 1296 καλῶς-
3682 1234 3736 1285 οὐ
3761 1234 3846 1306 γὰρ

2298 1327 2480 1399 ἐαυτῷ
2504 1328 2869 1398 παρέστησεν,
2899 1327 3034 1380 ἀλλὰ
3070 1325 3190 1396 Θεῷ
3232 1325 3324 1377 τὸν
3362 1323 3513 1387 λαὸν,
3550 1324 3713 1375 οίονεί
3754 1341 3844 1389 πως

2301 1418 2605 1491 θεσμοθέτῃ
2646 1420 2741 1473 καὶ
2777 1416 3084 1486 διδασκάλῳ
3134 1414 3229 1468 καὶ
3280 1413 3388 1467 τῶν
3436 1412 3721 1484 πρακτέων
3757 1414 3846 1465 εἰο-

2299 1514 2501 1582 ηγητῇ.
2534 1509 2906 1582 Προσεκόμιζε
2931 1509 2988 1562 δὲ
3017 1508 3114 1561 καὶ
3142 1508 3288 1578 ἡμᾶς
3328 1505 3429 1575 οὐχ
3462 1503 3641 1574 ἐαυτῷ
3664 1502 3745 1555 διὰ
3771 1504 3842 1556 τοῦ

2299 1605 2628 1674 γράμματος
2670 1600 3020 1669 παιδαγωγὸς
3067 1598 3145 1652 ὢν
3182 1600 3213 1653 ὁ
3262 1597 3449 1667 νόμος,
3686 1595 3755 1665 τῷ
3791 1596 3843 1647 δι’

2298 1696 2449 1764 ἡμᾶς
2483 1694 2541 1760 ἐξ
2574 1692 2805 1763 οὐρανοῦ
2853 1692 3316 1761 καταφοιτησαντι
3353 1688 3475 1759 Θεῷ
3506 1688 3687 1757 Λόγῳ.
3726 1684 3843 1757 ’Δρὰ

2301 1802 2384 1839 σοι
2417 1788 2536 1839 κατ’
2562 1787 2707 1856 ἴχνος
2731 1784 2838 1840 τῶν
2859 1784 2960 1854 τῆς
2983 1781 3239 1853 ἀληθείας
3268 1780 3487 1835 ἐννοιῶν
3511 1780 3542 1832 δ
3568 1779 3720 1847 λόγος
3739 1781 3842 1851 ἡμῖν

2228 1842 2271 1897 Β
2302 1878 2440 1931 ἰέναι
2462 1842 2641 1942 δοκεῖς

2369 1970 2578 2022 ΠΑΛΛ.
2601 1968 2750 2021 Πάνυ
2778 1966 2877 2038 μὲν
2905 1961 3020 2021 οὖν.

2367 2062 2532 2116 ΚΥΡ.
2558 2060 2869 2132 Γέγραπται
2893 2058 3095 2121 τοίνυν,
3120 2056 3202 2111 ὅτι
3232 2075 3250 2107 ι
3275 2056 3385 2109 Καὶ
3407 2055 3644 2127 ἐξήγαγε
3668 2052 3840 2124 Μωσῆς

2297 2150 2387 2205 τὸν
2412 2151 2540 2204 λαὸν
2560 2153 2639 2215 εἰς
2666 2152 2986 2219 συνάντησιν
3008 2149 3100 2203 τοῦ
3118 2149 3276 2213 Θεοῦ,
3294 2152 3359 2201 ἐκ
3380 2148 3480 2218 τῆς
3499 2148 3840 2219 παρεμϐολῆς.

2299 2244 2393 2297 καὶ
2421 2244 2773 2315 παρέστησαν
2806 2243 2910 2295 ὑπὸ
2944 2243 3005 2295 τὸ
3038 2242 3162 2313 ὅρος
3195 2242 3258 2295 τὸ
3288 2242 3438 2295 Σινᾶ.
3466 2241 3540 2294 Τὸ
3576 2242 3635 2295 δὲ
3662 2242 3773 2311 δρος
3794 2241 3842 2293 τὸ

2299 2334 2429 2387 Σινᾶ
2465 2331 2790 2396 ἐκαπνίζετο
2818 2332 2938 2385 ὅλον
2981 2330 3070 2384 διὰ
3110 2331 3172 2384 τὸ
3202 2330 3639 2402 καταδεδηκέναι
3673 2330 3840 2399 Κύριον

2299 2423 2385 2477 ἐπ’
2415 2422 2580 2478 αὑτοῦ
2601 2424 2658 2475 ἐν
2688 2420 2845 2492 πυρὶ,
2866 2420 2961 2475 καὶ
2984 2420 3265 2475 ἀνέϐαινεν
3282 2421 3313 2473 ὁ
3341 2419 3547 2482 καπνὸς
3567 2420 3643 2482 ὡς
3669 2420 3841 2481 καπνὸς

2298 2515 2527 2586 καμίνου
2553 2530 2567 2545 ·
2598 2514 2693 2568 καὶ
2724 2514 2916 2583 ἐξέστη
2963 2513 3069 2576 πᾶς
3107 2513 3135 2565 ὁ
3180 2511 3307 2575 λαὸς
3354 2512 3593 2583 σφόδρα·
3626 2513 3840 2580 ἐγένοντο

2296 2606 2353 2659 δέ
2374 2608 2428 2659 at
2468 2606 2643 2675 φωναὶ
2664 2608 2761 2677 τῆς
2785 2603 3083 2672 σάλπιγγος
3113 2602 3501 2673 προϐαίνουσαι
3529 2604 3839 2674 ἰσχυρότεραι

2299 2698 2523 2768 σφόδρα.
2564 2698 2771 2767 Μωσῆς
2810 2696 3019 2751 ἐλάλει·
3051 2698 3080 2749 δ
3103 2694 3161 2748 δέ
3204 2695 3341 2759 Θεὸς
3372 2694 3692 2765 ἀπεκρίνετο
3719 2694 3841 2764 αὐτῷ

2298 2792 2470 2860 φωνῇ.
2535 2807 2553 2840 ι
2608 2789 2682 2842 Τὸ
2723 2788 2825 2859 μὲν
2870 2783 2963 2841 οὖν
3002 2787 3061 2839 ἐν
3115 2786 3233 2856 δρει
3275 2786 3676 2855 καταφοιτῆσαι
3711 2785 3839 2846 Θεὸν,

2300 2884 2526 2952 σημεῖον
2556 2880 2622 2934 ἂν
2651 2880 2861 2948 γένοιτο
2908 2878 3003 2934 καὶ
3057 2877 3202 2949 μάλα
3250 2878 3439 2945 σαφὲς,
3475 2879 3570 2932 τοῦ
3612 2878 3841 2939 διανοίαις

2296 2974 2459 3028 αὐτὸν
2499 2974 2561 3026 οὐ
2600 2972 3061 3043 χθαμαλωτάταις
3086 2975 3395 3043 ἐπιφοιτᾷν.
3424 2971 3549 3025 οὔτε
3583 2973 3688 3041 μὴν
3716 2974 3841 3024 ἐναυ-

2295 3062 2539 3129 λίζεσθαι
2569 3063 2744 3133 φιλεῖν
2776 3065 2888 3127 τοῖς
2911 3064 3110 3132 γεῶδες
3153 3064 3336 3135 ἔχουσι
3377 3062 3471 3118 καὶ
3504 3063 3839 3135 χαμαιρριφές

610 3176 737 3216 cum
771 3177 859 3226 eo,
899 3161 1057 3231 cujus
1099 3160 1315 3215 animus
1365 3161 1421 3214 in
1467 3160 1701 3216 sublime
1745 3161 2099 3226 conscendat,
2140 3170 2190 3217 et

2296 3157 2354 3209 τὸ
2378 3157 2653 3227 φρόνημα,
2685 3154 2799 3208 ἀλλ’
2826 3157 2933 3227 ὅτῳ
2957 3172 3060 3227 περ
3080 3155 3147 3209 ἂν
3173 3158 3202 3209 ὁ
3224 3154 3349 3219 νοῦς
3361 3153 3702 3225 ἀναθρώσκει
3726 3155 3838 3224 πρὸς

610 3252 765 3323 quasi
794 3252 1054 3306 verticem
1080 3251 1356 3305 excelsum
1383 3261 1594 3315 tenens,
1638 3250 1878 3305 humana
1904 3251 2190 3323 despiciat,

610 3343 771 3413 223
797 3353 852 3397 et
874 3358 937 3395 ea
961 3342 1097 3406 sola,
1121 3357 1243 3411 qua:
1266 3342 1363 3396 Dei
1396 3350 1545 3405 sunt,
1576 3348 1807 3411 spectet.
1839 3340 2013 3396 Aliam
2050 3359 2191 3413 quo-

608 3450 718 3505 que
738 3433 1191 3504 significationem
1211 3433 1415 3487 habere
1446 3442 1646 3502 potest,
1674 3432 1968 3488 sublimem
1993 3451 2191 3506 nempe

607 3542 732 3583 esse
757 3526 852 3581 Dei
877 3527 1269 3597 cognitionem,
1294 3533 1347 3580 et
1373 3535 1561 3580 nostra
1596 3525 1912 3581 conditione
1936 3529 2191 3597 superio-

611 3634 751 3682 rem,
785 3618 847 3673 εἰ
889 3618 957 3672 iis
995 3617 1281 3681 duntaxat,
1309 3624 1366 3671 et
1399 3616 1622 3685 quidem
1666 3634 1733 3673 ex
1773 3627 1948 3687 parte,
1982 3619 2191 3689 percipi

611 3723 795 3776 posse,
824 3708 916 3776 qui
960 3723 1059 3776 per
1093 3706 1350 3761 sublimia
1386 3707 1572 3761 volare
1614 3707 1958 3775 studuerint;
2002 3729 2019 3760 ι
2049 3710 2191 3766 Pulli

612 3812 852 3867 namque
892 3798 1129 3852 vulturis
1160 3812 1259 3867 per
1291 3798 1547 3852 sublimia
1578 3798 1765 3853 volant
1790 3800 1858 3864 ⁵³,
1901 3820 1919 3851 ι
1954 3808 2013 3854 ιιι
2049 3804 2189 3857 scri-

610 3897 767 3959 ptum
800 3898 905 3944 est.
950 3888 1123 3943 Simul
1165 3891 1409 3961 intellige
1451 3892 1645 3956 Deum,
1673 3906 1798 3946 cum
1832 3900 2074 3947 veterem
2114 3896 2191 3949 le-

608 3996 731 4049 gem
760 3981 957 4050 priscis
988 3982 1096 4035 illis
1133 3982 1452 4037 hominibus
1482 3984 1676 4047 ferret,
1704 3982 2053 4039 descendisse
2079 4003 2188 4041 non

610 4071 706 4126 ubi
739 4073 975 4140 populus
1017 4082 1156 4136 erat,
1186 4073 1281 4127 sed
1321 4073 1379 4127 in
1419 4074 1711 4129 sublimem
1742 4075 1945 4139 locum,
1981 4086 2037 4131 et
2063 4078 2187 4147 qui-

604 4164 733 4218 dem
759 4166 971 4233 procul.
1002 4166 1327 4220 Recesserat
1352 4166 1498 4220 enim
1535 4181 1567 4220 a
1608 4166 1769 4237 longe
1810 4167 2010 4230 adhuc,
2033 4169 2188 4238 juxta

608 4254 895 4310 Psallentis
921 4270 1108 4309 vocem
1133 4255 1198 4319 ‘°,
1233 4270 1358 4308 cum
1388 4254 1480 4309 ille
1505 4253 1830 4326 Unigenitus
1850 4256 2094 4310 nondum
2118 4256 2185 4310 ad

606 4364 709 4405 nos
736 4364 835 4417 per
865 4364 1084 4403 carnem
1120 4347 1463 4409 accessisset,
1494 4361 1676 4415 neque
1701 4362 1761 4401 se
1808 4346 1877 4401 ad
1906 4347 2053 4401 illam
2087 4363 2183 4402 ex-

606 4441 967 4497 inanitionem
994 4441 1332 4505 demisisset;
1361 4454 1541 4509 neque
1562 4439 1710 4494 enim
1735 4440 1932 4510 priscis
1957 4440 2184 4505 illis,sed

607 4533 769 4587 nobis
808 4532 940 4601 ipsis
980 4533 1086 4587 hoc
1123 4532 1441 4603 mysterium
1474 4539 1559 4584 est
1598 4541 1934 4585 reservatum
1966 4549 1979 4584 :
2008 4531 2185 4587 factus

604 4630 692 4676 est
716 4621 864 4675 enim
895 4622 1037 4675 inter
1065 4636 1186 4683 nos,
1214 4628 1477 4689 quantum
1511 4620 1707 4675 attinet
1737 4620 1805 4675 ad
1840 4620 1987 4675 illam
2020 4636 2181 4691 aspe-

606 4713 865 4766 ctabilem
903 4711 1149 4781 gloriam.
1176 4711 1478 4765 divinitatis
1508 4710 1843 4765 sublimitate
1874 4712 2091 4777 relicta;
2117 4726 2182 4766 ac

606 4813 859 4858 versatus
882 4811 967 4857 est
995 4802 1303 4859 nobiscum.
1329 4811 1390 4856 ut
1425 4818 1567 4857 unus
1597 4819 1627 4857 e
1660 4803 1838 4858 nobis.
1875 4804 2020 4873 Ignis
2052 4819 2181 4858 vero

603 4896 789 4966 specie
832 4893 1121 4950 descendit
1156 4894 1299 4948 Deus
1347 4913 1352 4918 ί
1388 4894 1677 4964 oportebat
1718 4896 1867 4950 enim
1910 4896 2176 4966 profecto,

604 5010 685 5052 ut,
713 4988 809 5057 qui
842 4986 1131 5042 coactione
1172 5000 1237 5039 ac
1269 4985 1388 5055 lege
1426 4985 1647 5055 regendi
1678 4993 1856 5049 erant,
1883 4996 2034 5040 certo
2068 4986 2177 5039 scio

605 5087 728 5133 rent
770 5077 817 5132 si
858 5076 932 5131 ad
980 5074 1252 5146 ignaviam
1301 5074 1578 5129 declinare
1622 5075 1856 5139 vellent,
1903 5075 2008 5129 sibi
2052 5091 2178 5129 cum

604 5171 715 5241 igni
758 5170 1027 5225 rationem
1066 5167 1329 5222 futuram.
1363 5166 1556 5235 Neque
1588 5165 1738 5221 enim
1771 5181 1840 5220 ex
1871 5166 2179 5221 voluntaria

603 5263 917 5327 dilectione,
948 5271 1009 5317 et
1044 5259 1332 5331 spontanei
1374 5258 1543 5313 animi
1590 5257 1887 5314 momentis
1917 5273 1948 5311 a
1985 5258 2179 5329 priscis

603 5355 716 5409 illis
737 5354 1052 5408 hominibus
1075 5354 1168 5408 Dei
1195 5367 1352 5407 amor
1378 5352 1771 5422 praestabatur;
1809 5350 1902 5406 sed
1930 5349 2086 5420 quasi
2112 5365 2178 5403 ex

600 5444 887 5500 coactione
918 5459 982 5499 ac
1008 5443 1204 5498 timore
1230 5462 1243 5497 :
1270 5458 1398 5499 nam
1436 5458 1615 5512 neque
1642 5442 1780 5497 liber
1808 5441 2036 5511 spiritus
2072 5441 2180 5495 illis

601 5540 801 5601 inerat,
840 5551 1019 5607 neque
1070 5535 1399 5606 adoptionis,
1437 5534 1535 5590 sed
1575 5533 1862 5590 servitutis
1908 5533 1966 5586 in
2014 5533 2177 5587 timo—

599 5646 737 5686 rem.
766 5629 1032 5686 Fumabat
1054 5639 1317 5700 praeterea
1338 5643 1516 5693 mons,
1537 5644 1605 5683 eo
1632 5627 1780 5698 quod
1804 5624 2181 5683 descendisset

668 5817 717 5847 “
743 5815 913 5870 Exod.
944 5832 1052 5877 nx,
1089 5815 1255 5868 l7-l9
1291 5816 1333 5847 ”
1360 5815 1461 5869 Job
1486 5832 1536 5877 v,
1592 5815 1675 5867 ll.
1748 5813 1792 5844 ⁶⁶
1824 5814 1966 5869 Psal.
2007 5827 2081 5875 t1,
2114 5811 2166 5864 4.

2294 3252 2354 3305 τὸ
2398 3250 2559 3320 ὑψοῦ,
2594 3251 2689 3304 καὶ
2732 3251 2896 3304 οίονεὶ
2936 3251 3183 3322 κορυφὴν
3224 3249 3661 3322 ὑπερτέλλουσαν
3702 3250 3837 3319 lxi-iv.

2295 3344 2444 3399 κάτω
2474 3361 2574 3397 που
2609 3342 2797 3414 βλέπει
2816 3344 2885 3397 τὰ
2912 3343 3247 3416 ἀνθρώπινα,
3271 3344 3368 3397 καὶ
3392 3344 3532 3413 μόνα
3549 3342 3839 3411 φαντάζοιτο

2293 3437 2364 3492 τὰ
2384 3436 2537 3509 παρά
2554 3435 2692 3507 Θεῷ.
2726 3436 3151 3507 Κατασημήνειε
3174 3436 3220 3489 δ⁴
3241 3435 3307 3489 ἂν
3335 3436 3431 3489 καὶ
3450 3434 3839 3506 {reprimi/hil)

2298 3531 2398 3601 μὲν
2428 3531 2512 3583 ὃτι
2532 3530 2628 3583 καὶ
2660 3528 3031 3600 ὑπερκειμένη
3058 3527 3167 3580 τῶν
3189 3528 3310 3581 καθ’
3337 3528 3489 3597 ἡμᾶς
3513 3527 3548 3597 ἡ
3581 3529 3704 3597 περὶ
3725 3523 3838 3579 Θεοῦ

2296 3622 2518 3689 γνῶσις,
2570 3621 2754 3692 μόνοις
2793 3619 2852 3673 δὲ
2896 3619 3037 3688 τάχα
3068 3635 3172 3671 που
3214 3617 3318 3671 κᾶν
3366 3615 3499 3685 γοῦν
3556 3618 3620 3668 ἐκ
3666 3615 3837 3684 μέρους

2293 3714 2571 3784 ἁλώσιμος
2625 3716 2737 3777 τοῖς
2775 3711 2843 3766 τά
2893 3708 3074 3781 ὑψηλὰ
3135 3709 3390 3763 πέτεσθαι
3440 3706 3835 3779 μεμελετηκόσι·

2298 3828 2317 3860 ι
2355 3809 2587 3862 Nacoao't
2608 3806 2716 3879 γὰρ
2746 3806 2919 3874 γυπὸς
2947 3803 3015 3857 τὰ
3045 3803 3223 3874 ὑψηλὰ
3258 3803 3545 3863 πέτανται.
3586 3821 3604 3854 ι
3637 3799 3767 3854 κατὰ
3789 3796 3837 3849 τὸ

2292 3900 2699 3971 γεγραμμένον.
2744 3899 2831 3950 Ἐν
2861 3897 3034 3966 τούτῳ
3066 3895 3123 3948 δέ
3158 3896 3335 3957 σύνες,
3361 3894 3445 3947 ὅτι
3480 3892 3681 3960 κατέϐη
3724 3888 3837 3951 Θεὸς

2290 3994 2382 4045 τὸν
2404 3993 2631 4063 ἀρχαῖον
2660 3994 2771 4052 τοῖς
2800 3990 2966 4042 πάλαι
2992 3986 3240 4060 διορίζων
3258 3988 3444 4057 νόμον,
3473 3984 3576 4037 οὑκ
3606 3982 3723 4035 ἐνθα
3748 3996 3838 4048 περ

2288 4079 2356 4154 ἦν
2385 4085 2414 4136 ὁ
2446 4082 2594 4145 λαὸς,
2624 4080 2740 4134 ἀλλ’
2772 4079 2907 4149 ὑψοῦ
2942 4080 3037 4134 καὶ
3088 4078 3325 4149 μακράν.
3375 4075 3716 4145 ’Λφειστήκει
3744 4069 3836 4140 γὰρ

2294 4172 2569 4243 μακρόθεν
2596 4172 2674 4223 ἐτι
2703 4169 2844 4221 κατά
2880 4169 2979 4239 τὴν
3003 4168 3098 4221 τοῦ
3129 4166 3439 4227 Ψάλλοντος
3478 4163 3676 4233 φωνὴν,
3701 4160 3837 4213 οὓτω

2288 4265 2570 4334 γεγονότος
2606 4262 2724 4333 μεθ’
2774 4261 2930 4331 ἡμῶν
2971 4258 3268 4330 σαρκικῶς,
3300 4255 3425 4309 οὔτε
3461 4254 3571 4325 μὴν
3605 4251 3833 4311 καθέντος

2289 4356 2477 4411 ἑαυτὸν
2525 4357 2604 4418 εἰς
2655 4354 2885 4406 κένωσιν
2926 4350 3021 4403 τοῦ
3069 4347 3437 4416 Μονογενοῦς·
3487 4349 3558 4404 οὐ
3604 4346 3704 4415 γὰρ
3738 4344 3835 4403 τοῖς

2288 4447 2683 4519 ἀρχαιοτέροις.
2732 4444 2845 4497 ἀλλ’
2890 4445 2971 4507 εἰς
3022 4444 3171 4513 ἡμᾶς
3216 4440 3415 4502 αὐτοὺς
3461 4441 3745 4507 τετήρηται
3784 4433 3836 4484 τὸ

2294 4538 2589 4607 μυστήριον
2610 4550 2623 4563 °
2657 4535 2847 4603 γέγονε
2869 4534 2976 4604 γὰρ
3011 4532 3131 4603 μεθ’
3156 4532 3316 4602 ἡμῶν
3348 4532 3473 4586 ὅσον
3497 4525 3631 4601 ἧκεν
3655 4527 3833 4584 ειπείν,

2290 4630 2368 4690 εἰς
2400 4626 2557 4689 δόξαν
2596 4625 3012 4696 ὀφθαλμοφανῆ,
3042 4622 3111 4677 τὰ
3147 4623 3247 4693 τῆς
3287 4621 3544 4691 θεότητος
3589 4618 3835 4687 ὑψώματα

2290 4715 2693 4778 καταλελοιπώς
2720 4729 2734 4743 ⁸
2768 4713 3110 4767 ἐπολιτεύετο
3130 4713 3187 4767 δέ
3220 4711 3339 4783 μεθ’
3368 4710 3550 4781 ἡμῶν,
3581 4710 3649 4772 ὡς
3680 4702 3757 4769 εἷς
3782 4706 3836 4768 ἐξ

2286 4808 2464 4880 ἡμῶν.
2504 4808 2590 4861 Ἐν
2614 4807 2745 4860 εἴδει
2776 4822 2837 4874 γε
2865 4806 2973 4876 μὴν
2990 4804 3082 4857 τοῦ
3110 4808 3282 4875 πυρὸς
3312 4801 3506 4872 κατῄει
3526 4800 3648 4863 Θεός
3667 4815 3684 4831 θ
3717 4799 3832 4858 εδει,

2286 4904 2398 4964 τοῖς
2433 4900 2647 4969 ἀνάγκη
2674 4900 2768 4953 καὶ
2796 4898 2948 4968 νόμῳ
2974 4897 3100 4959 τοὺς
3136 4892 3603 4963 παιδαγωγεῖσθαι
3630 4891 3833 4962 μέλλον-

2286 5008 2405 5053 τας,
2442 4991 2524 5043 ὅτι
2572 4989 2711 5060 πρὸς
2748 4988 2859 5059 πῦρ
2896 4988 3080 5053 ἕξουσι
3125 4988 3252 5050 τοὺς
3300 4985 3513 5054 λόγους,
3558 4986 3604 5037 sl
3643 4984 3834 5035 ἕλοιντο

2289 5080 2576 5151 ῥᾳθυμεῖν,
2615 5078 2866 5132 διειδέναι
2906 5079 3113 5147 σαφῶς.
3144 5077 3220 5130 Οὐ
3250 5075 3360 5146 γάρ
3405 5075 3465 5142 ἐξ
3513 5074 3720 5142 ἀγάπης
3746 5073 3835 5140 τῆς

2286 5172 2612 5233 ἐθελουσίου,
2645 5172 2739 5225 καὶ
2770 5168 2863 5223 νοῦ
2891 5169 3064 5239 ῥοπῆς
3096 5166 3387 5238 ἐλευθέρας
3416 5168 3704 5236 ἐπράττετο
3730 5164 3832 5222 τοῖς

2286 5263 2666 5334 ἀρχαιοτέροις
2711 5261 2771 5314 τὸ
2804 5259 3073 5328 θεοφιλὲς,
3107 5258 3223 5312 ἀλλ’
3248 5258 3324 5322 ὡς
3366 5257 3428 5321 ἐξ
3466 5256 3699 5324 ἀνάγκης
3748 5252 3834 5303 καὶ

2286 5355 2481 5422 φόϐου·
2518 5352 2738 5424 πνεῦμα
2769 5352 2878 5423 γάρ
2901 5347 2969 5423 ἦν
2996 5352 3094 5404 οὐκ
3119 5348 3426 5420 ἐλεύθερον,
3448 5348 3567 5402 οὒτε
3602 5345 3701 5417 μὴν
3727 5345 3832 5395 υἱο-

2287 5443 2494 5509 θεσίας,
2516 5444 2575 5498 τὸ
2609 5446 2667 5497 ἐν
2686 5445 2893 5506 αὐτοῖς,
2915 5442 3052 5497 ἀλλά
3074 5441 3317 5503 δουλείας
3333 5443 3414 5504 εἰς
3438 5440 3609 5509 φόὸον.
3636 5433 3836 5489 Καπνί-

2287 5535 2441 5601 ζεται
2484 5535 2541 5589 δὲ
2569 5535 2630 5588 τὸ
2659 5535 2784 5605 δρος
2818 5532 2911 5587 διὰ
2947 5533 3009 5585 τὺ
3053 5532 3491 5602 καταδεδηκέναι
3524 5529 3712 5598 Κύριον
3749 5524 3831 5577 ἐπ’

2291 5628 2452 5681 αὑτὸν
2480 5628 2535 5680 ἐν
2562 5627 2727 5697 πυρί·
2762 5625 2857 5679 καὶ
2884 5624 3067 5691 τοῦτο,
3096 5619 3272 5695 οἶμαι,
3308 5624 3424 5677 ἐστὶ
3445 5623 3505 5675 τὸ
3526 5624 3579 5676 ἐν
3596 5618 3831 5687 Ψαλμοῖς
3858 5644 3868 5652 ο
