4072 6562
248 398 344 457 489
936 398 1024 455 DE
1062 397 1503 455 ADOBATIONE
1542 399 1609 456 IN
1651 400 1781 457 SPII

1884 403 1918 459 U
1960 405 2047 458 ET
2087 404 2452 459 VERITATE.
2497 406 2622 460 LIB.
2666 407 2774 460 VII.
3367 402 3471 461 490

249 513 597 585 ὑμνούμενον·
631 533 650 565 ι
686 515 795 568 Καὶ
822 513 975 569 ἔθετο
1004 518 1193 579 σκότος
1215 518 1540 595 ἀποκρυφὴν
1559 519 1744 573 αὑτοῦ.
1777 539 1781 569 1

1905 538 2070 592 super
2106 539 2232 579 eum
2266 524 2528 578 Dominus
2561 523 2617 577 in
2654 524 2774 594 igne
2804 543 2815 575 :
2845 521 3028 592 idque,
3059 530 3117 577 ut
3145 522 3357 591 opinor,
3386 533 3471 578 est

247 607 651 677 Κατασημήνειε
677 606 723 659 δ’
750 606 814 659 ἂν
841 614 935 661 καὶ
963 609 1165 679 ἑτέρως
1186 610 1318 679 ἡμῖν
1342 610 1370 661 6
1399 609 1603 673 καπνὸς
1630 610 1691 663 τὸ
1712 612 1780 663 ἐπ

1906 614 2051 684 quod
2095 615 2149 667 in
2187 615 2417 669 Psalmis
2446 614 2663 669 canitur
2690 633 2702 667 ε
2744 633 2761 664 ι
2795 613 2861 667 Et
2892 614 3073 682 posuit
3104 614 3358 668 tenebras
3390 615 3470 669 la-

243 702 303 769 τῇ
344 701 743 769 καταφρονήσει
791 700 966 770 πάντη
1015 717 1076 752 τε
1124 701 1217 753 καὶ
1281 701 1498 765 πάντως
1546 702 1781 771 ἐσόμενοι

1905 706 2136 759 tibulum
2173 722 2333 760 suum
2358 707 2422 759 ⁶¹.
2460 725 2477 755 ι
2519 706 2693 760 Aliter
2724 720 2940 774 quoque
2975 704 3280 775 significare
3314 705 3471 764 nobis

241 792 490 863 δάκρυονο
515 790 736 864 ἐξέρπει
757 792 866 864 γὰρ
886 792 950 863 δὴ
980 797 1098 857 ταῖς
1121 795 1214 847 τοῦ
1238 794 1448 848 καπνοῦ
1479 795 1781 866 προσϐολαῖε

1902 798 2104 865 poterit
2138 796 2321 851 fumus
2360 797 2624 868 lacrymas
2669 796 2808 859 illas,
2844 804 3067 865 propter
3099 806 3469 866 contemptum

242 885 271 951 ὴ
303 884 356 948 ἐξ
376 882 639 953 ὀμμάτων
673 884 862 954 ἰκμάς.
895 884 957 936 Εἰ
983 883 1039 937 δὲ
1067 884 1309 953 βούλοιτό
1324 903 1408 949 τις
1436 887 1547 948 τοῖς
1576 903 1781 955 προκει·

1901 885 2125 939 omnino
2156 885 2462 942 fundendas
2489 904 2501 939 :
2529 886 2700 940 ellluit
2731 886 2878 940 enim
2915 884 2982 939 ad
3017 885 3303 954 appulsum
3335 886 3468 942 fumi

243 974 413 1043 μένοις
445 973 798 1044 θεωρήμασιν
823 974 1104 1028 ἐπιϐαλεῖν
1123 975 1346 1046 ἑτέρως,
1378 977 1457 1039 εἰς
1479 976 1570 1029 τὸν
1594 975 1681 1029 διά
1705 974 1781 1027 τοί

1901 976 1991 1032 ille
2014 992 2081 1031 ex
2106 978 2281 1032 oculis
2315 978 2531 1032 humor.
2559 978 2713 1044 Quod
2746 977 2791 1032 si
2821 977 2910 1032 cui
2936 976 3225 1046 placuerit,
3248 993 3369 1046 quae
3402 979 3469 1033 ad

238 1063 393 1132 νόμου
421 1063 701 1132 φωτισμὸν
741 1063 1145 1130 καταλογιεῑται
1173 1063 1234 1116 τὸ
1263 1064 1395 1136 πῦρ,
1430 1064 1569 1134 πλὴν
1603 1064 1781 1133 ἀχλύος

1898 1066 2379 1136 contemplandum
2430 1068 2710 1137 proposita
2755 1075 2904 1131 sunt,
2944 1067 3101 1121 aliter
3143 1068 3466 1139 intelligere,

237 1153 294 1206 οὑ
321 1153 460 1222 δίχα·
495 1155 589 1207 καὶ
619 1154 727 1222 γάρ
757 1156 906 1207 ἐστιν
932 1154 1173 1225 ἀμυδρὸς
1200 1156 1294 1208 καὶ
1320 1156 1534 1227 ἀσαφὴς
1558 1156 1586 1209 6
1612 1157 1774 1225 νόμος

1898 1158 2078 1228 ignem
2127 1160 2261 1229 legis
2309 1160 2765 1214 illuminationem
2814 1158 3074 1228 accipiet,
3125 1174 3237 1213 non
3286 1170 3468 1216 tamen

240 1245 319 1296 ιιαὶ
342 1245 401 1296 τὸ
432 1245 499 1296 ἐκ
553 1244 649 1297 τοῦ
681 1246 1009 1314 γράμματος
1057 1248 1445 1316 κατασκίασμα
1494 1249 1658 1318 παχὺ,
1703 1250 1781 1302 κα¹

1895 1252 2012 1305 sine
2045 1252 2308 1323 caligine;
2343 1260 2428 1307 est
2457 1251 2603 1306 enim
2634 1250 2977 1306 tenebricosa
3009 1258 3063 1307 et
3096 1252 3326 1306 obseura
3359 1253 3465 1317 lex,

236 1333 559 1388 καταθολοῦν
582 1336 766 1389 ἱκανὸν
794 1336 884 1388 τὸν
908 1338 1006 1406 τῆς
1030 1337 1268 1400 διανοίας
1293 1337 1586 1407 ὀφθαλμόν.
1626 1340 1795 1410 Ἰσχο-

234 1426 439 1496 ρότεραι
470 1425 527 1478 δὲ
572 1426 966 1497 προϐαίνουσαι
1007 1427 1107 1498 τῆς
1143 1428 1443 1496 σάλπιγγος
1496 1429 1552 1482 αἰ
1595 1431 1789 1497 φωναίο

229 1516 393 1587 μικρά
428 1519 539 1587 γάρ
571 1511 639 1587 ἦν
673 1519 766 1570 καί
797 1516 951 1588 μόλις
978 1518 1387 1586 ἀναφωνοῦντος
1417 1517 1510 1570 τοῦ
1542 1519 1705 1588 νόμου
1735 1520 1793 1572 τὸ

230 1604 281 1658 ἑν
325 1607 543 1675 ἀρχαῖς.
590 1607 806 1677 Ἐπειδὴ
835 1606 892 1660 δὲ
940 1606 1279 1678 προόέὸηκεν
1308 1611 1336 1662 6
1365 1608 1520 1677 λόγος
1548 1611 1680 1679 ἡμῖν
1713 1611 1792 1672 εἰς

226 1698 500 1752 παίδευσιν
553 1697 933 1768 εύαγγελικῆν,
981 1698 1386 1769 ἐπιλάμψαντος
1431 1699 1527 1754 τοῦ
1585 1701 1792 1770 Ἐμμα-

224 1789 397 1858 νουὴλ,
431 1789 781 1859 ἰσχυρότεραι
813 1789 1103 1857 γεγόνασιν
1141 1792 1196 1842 αἰ
1225 1790 1399 1859 φωναί
1420 1808 1433 1822 ο
1465 1790 1790 1855 ἐξάκουστον

1894 1351 1950 1396 et
1993 1343 2082 1396 illa
2116 1343 2313 1398 litterae
2339 1343 2534 1397 umbra
2566 1343 2806 1407 densior,
2840 1351 2895 1397 et
2923 1358 3041 1412 quae
3067 1342 3267 1398 mentis
3295 1344 3469 1398 oculis

1894 1435 2150 1488 tenebras
2192 1435 2364 1504 possit
2405 1434 2711 1489 oﬂ‘undere.
2754 1434 2965 1489 Sensim
3009 1441 3191 1489 autem
3237 1449 3465 1505 progre-

1894 1524 2108 1580 dientes
2128 1526 2470 1597 augebantur
2495 1527 2639 1581 tubae
2662 1536 2824 1581 voces
2850 1544 2862 1579 :
2891 1541 3016 1579 nam
3045 1526 3113 1580 ab
3138 1526 3314 1589 initio,
3340 1540 3462 1580 cum

1892 1624 2113 1669 tenuem
2152 1616 2243 1669 vix
2279 1630 2468 1671 vocem
2511 1617 2787 1671 emitteret
2827 1616 2935 1681 lex,
2967 1616 3062 1670 ubi
3100 1615 3167 1670 ad
3206 1630 3305 1670 nos
3341 1630 3465 1685 pro-

1892 1705 2057 1759 cessit
2106 1693 2368 1771 Verbum,
2399 1713 2454 1760 et
2494 1706 2585 1760 ille
2637 1704 2959 1761 Emmanuel
3018 1705 3088 1760 ad
3145 1703 3459 1761 tradendam

1891 1793 2257 1863 evangelieam
2295 1794 2637 1865 disciplinam
2677 1795 2903 1859 affulsit,
2937 1810 3098 1851 voces
3130 1795 3236 1850 illae
3273 1794 3461 1849 valen-

223 1882 323 1950 γάρ
346 1898 398 1933 τι
424 1882 523 1936 καὶ
568 1882 729 1951 τορὸν
755 1880 1185 1950 ἁναπεφώνηκεν
1216 1882 1244 1933 6
1288 1878 1544 1950 Χριστὸς,
1586 1880 1681 1932 καὶ
1711 1882 1781 1943 εἰς

1890 1882 2058 1937 tiores
2096 1882 2251 1938 facta:
2290 1894 2418 1939 sunt
2452 1885 2651 1957 :224
2690 1885 2898 1940 clarum
2931 1886 3078 1940 enim
3116 1884 3374 1954 quiddam
3406 1889 3460 1939 et

222 1973 390 2024 πᾶσαν
430 1972 534 2042 ῆδη
562 1971 745 2041 διῆκον
783 1972 883 2043 τὴν
913 1970 1256 2043 οἰκουμένην.
1286 1969 1460 2024 Αὑτοῦ
1498 1969 1606 2041 γὰρ
1645 1970 1788 2022 ἔστιν

222 2064 444 2117 ἀκοῦσαι
477 2064 727 2132 λέγοντος
753 2063 839 2116 διὰ
866 2063 1050 2133 φωνῆς
1075 2063 1167 2115 τοῦ
1191 2062 1354 2115 Δαϐίδ
1374 2078 1387 2093 ο
1425 2081 1443 2113 ι
1495 2061 1784 2115 Ἀκούσατε

220 2150 395 2217 ταῦτα,
427 2153 611 2206 πάντα
646 2152 712 2206 τὰ
737 2152 884 2222 ἔθνη·
912 2150 1261 2217 ἐνωτίσασθε,
1293 2150 1491 2214 πάντες
1521 2151 1570 2203 οἰ
1607 2167 1787 2203 κατοι-

221 2243 432 2308 κοῦντες
484 2243 584 2313 τὴν
645 2243 988 2314 οἰκουμένην.
1034 2261 1052 2293 ι
1109 2243 1302 2296 Καίτοι
1347 2242 1447 2313 τῆς
1482 2241 1576 2295 τοῦ
1621 2243 1784 2312 νόμου

219 2335 467 2404 τηνικάδε
497 2335 700 2404 φωνῆς,
736 2334 961 2405 ἑτέρωθι
1003 2334 1103 2404 μὲν
1134 2334 1234 2387 οὐκ
1283 2332 1488 2403 ἰούσης,
1517 2332 1640 2387 οὕτε
1677 2334 1785 2404 μὴν

220 2426 427 2480 ἅπαντα
454 2425 925 2497 μυσταγωγούσης
956 2426 1026 2478 τὰ
1054 2425 1202 2497 ἔθνη,
1235 2427 1403 2497 μόνην
1436 2426 1492 2479 δὲ
1516 2425 1613 2496 τὴν
1653 2426 1782 2478 ’ἰου-

219 2513 367 2568 δαίων
408 2515 783 2586 περιηχούσης
826 2514 1029 2586 χώραν,
1083 2514 1178 2567 καὶ
1214 2512 1672 2584 παιδαγωγούσης
1722 2511 1780 2565 ἒν

218 2607 362 2674 γένος
384 2608 449 2661 τὸ
480 2607 538 2672 ἐξ
580 2608 813 2679 Ἰσραήλ.
856 2608 1016 2675 Ἀλλ’,
1064 2628 1082 2661 ι
1128 2608 1335 2666 Ἐλάλει
1383 2608 1500 2678 μὲν,
1533 2608 1716 2678 φησὶν,
1755 2608 1783 2659 6

217 2696 409 2769 Μωσῆς
431 2716 446 2729 ·
470 2701 499 2751 6
522 2699 579 2752 δὲ
612 2699 765 2762 Θεὸς,
790 2700 1113 2771 ἀπεκρίνετο
1129 2700 1276 2770 αύτῷ
1304 2702 1476 2770 φωνῇ.
1512 2717 1528 2748 ι
1570 2700 1780 2769 Ἐζήτει

220 2790 311 2859 μὲν
336 2791 451 2861 γὰρ
495 2791 570 2855 ὡς
608 2792 854 2855 διάκονος
880 2792 971 2844 τὸν
1015 2792 1177 2863 νόμον
1220 2794 1248 2845 6
1275 2793 1500 2861 Μωσῆς,
1547 2793 1642 2845 καὶ
1674 2790 1780 2847 τῶν

219 2878 363 2934 θείων
408 2881 797 2952 θεσπισμάτων
835 2884 1060 2953 μεσίτης
1088 2883 1179 2935 καὶ
1209 2882 1481 2953 ὑπουργός
1510 2898 1523 2911 ο
1554 2882 1783 2953 ἀπεκρί-

218 2987 327 3024 νετο
357 2971 417 3025 δὲ
450 2973 579 3036 Θεὸς
602 2975 667 3043 τῇ
699 2973 803 3044 ἰδίᾳ
834 2976 1006 3044 φωνῇ,
1043 2973 1307 3038 τουτέστι,
1343 2975 1409 3026 δι’
1442 2974 1599 3027 Υἰοῦ·
1630 2974 1780 3044 φωνὴ

216 3063 316 3134 γὰρ
346 3063 445 3117 καὶ
474 3064 629 3133 λόγος
667 3063 761 3118 τοῦ
792 3065 1023 3135 Πατρὸς,
1060 3065 1089 3116 6
1116 3064 1263 3127 Υἱός.
1318 3065 1409 3129 Ἐξ
1454 3063 1617 3118 αὑτοῦ
1656 3065 1712 3118 δὲ
1752 3065 1781 3117 6

218 3154 396 3223 νόμος,
432 3156 527 3209 καὶ
555 3158 605 3208 εἰ
636 3154 926 3226 λελάληται
970 3155 1036 3208 δι’
1088 3155 1368 3224 ἀγγέλων*
1423 3157 1571 3227 πάρα
1626 3154 1777 3225 γοῦν,

1889 1981 2110 2026 acutum
2151 1972 2394 2026 insonuit
2430 1972 2703 2037 Christus,
2730 1980 2786 2028 et
2826 1972 2972 2043 quod
3014 1978 3189 2027 totum
3219 1973 3332 2042 jam
3364 1987 3455 2025 or-

1888 2063 2013 2118 hem
2042 2072 2310 2118 terrarum
2346 2064 2669 2133 penetravit.
2702 2063 2885 2133 Ipsum
2918 2064 3065 2118 enim
3101 2063 3292 2118 audire
3328 2063 3459 2117 licet

1887 2154 2058 2209 David
2079 2171 2211 2209 voce
2237 2154 2508 2208 dicentem
2540 2172 2552 2208 :
2589 2172 2607 2204 ι
2635 2152 2833 2209 Audite
2857 2155 2991 2218 haec,
3018 2169 3205 2208 omnes
3238 2162 3455 2224 gentes;

1885 2240 2112 2294 auribus
2151 2239 2436 2310 percipite,
2470 2254 2661 2293 omnes
2696 2239 2789 2310 qui
2830 2240 3090 2294 habitatis
3121 2241 3312 2295 orbem
3336 2240 3401 2295 ".
3430 2258 3451 2292 ι

1884 2329 2050 2399 Atqui
2077 2344 2182 2383 vox
2208 2329 2343 2398 legis
2368 2344 2435 2381 eo
2458 2336 2703 2396 tempore
2736 2328 2865 2381 alibi
2896 2342 3003 2381 non
3038 2327 3455 2395 exaudiebatur,

1883 2432 2061 2487 neque
2090 2418 2374 2472 universas
2402 2425 2592 2487 gentes
2623 2416 2874 2481 docebat,
2898 2418 2994 2471 sed
3026 2417 3081 2470 in
3107 2418 3221 2472 sola
3246 2418 3459 2474 Iudaeo-

1884 2525 2005 2564 rum
2040 2510 2260 2581 regione
2291 2508 2604 2572 resonabat,
2629 2517 2684 2563 et
2709 2521 2870 2562 unam
2895 2508 3109 2563 Israelis
3132 2518 3345 2578 gentem
3376 2511 3461 2564 iu-

1882 2602 2162 2656 stituebat.
2198 2600 2302 2655 Sed
2352 2618 2368 2650 ι
2402 2599 2772 2669 Loquebatur,
2798 2599 2996 2669 inquit,
3040 2598 3275 2670 Moyses;
3312 2600 3461 2657 Deus

1880 2708 2012 2748 vero
2064 2692 2428 2762 respondebat
2474 2691 2576 2761 ipsi
2617 2706 2751 2747 voce
2784 2692 2847 2745 ⁶³.
2884 2711 2903 2744 ι
2933 2692 3143 2764 Moyses
3172 2692 3353 2758 enim,
3396 2702 3457 2749 ut

1881 2784 2154 2849 minister,
2192 2792 2249 2839 et
2286 2784 2603 2838 divinorum
2646 2793 3045 2853 pneceptorum
3091 2784 3364 2853 interpres
3402 2795 3459 2839 et

1881 2876 2352 2941 subministrator,
2390 2876 2563 2945 legem
2587 2875 2906 2945 expetebat;
2954 2874 3321 2944 respondebat
3356 2891 3455 2929 au-

1882 2975 1992 3023 tem
2042 2968 2186 3022 Deus
2219 2982 2317 3021 sua
2352 2981 2507 3031 voce,
2554 2965 2609 3020 id
2647 2974 2731 3021 est
2760 2978 2860 3037 per
2892 2966 3091 3020 Filium
3126 2984 3139 3018 :
3173 2980 3279 3021 vox
3308 2967 3453 3022 enim

1881 3069 1937 3114 et
1959 3058 2190 3114 verbum
2222 3059 2400 3113 Patris
2421 3068 2505 3113 est
2532 3059 2702 3114 Filius
2729 3078 2742 3113 :
2771 3074 2837 3114 ex
2866 3060 2985 3128 ipso
3016 3067 3200 3114 autem
3230 3069 3455 3115 auctore

1881 3152 1969 3206 lex
2007 3151 2275 3222 originem
2303 3150 2518 3215 habuit,
2544 3151 2646 3206 etsi
2673 3168 2771 3221 per
2808 3153 3031 3222 angelos
3060 3152 3205 3207 dicta
3231 3162 3347 3219 est;
3384 3153 3452 3208 li-

214 3246 364 3317 είπερ
394 3244 568 3298 ἐλοιτό
594 3260 699 3309 τις,
730 3246 946 3298 ἐπαΐειν
979 3243 1226 3313 λέγοντος
1252 3245 1516 3317 ἐναργῶς·
1552 3266 1570 3298 ι
1605 3247 1777 3312 Αὐτὸς

1884 3250 1968 3296 cet
1999 3246 2168 3305 certe,
2199 3239 2342 3294 sicut
2379 3239 2594 3294 libitum
2622 3240 2806 3303 fuerit,
2842 3240 3020 3310 ipsum
3049 3242 3339 3313 perspicue
3364 3242 3453 3298 di-

213 3338 241 3390 6
264 3336 459 3401 λαλῶν,
494 3336 782 3408 πάρειμι.»
812 3336 949 3399 Καὶ,
985 3354 1002 3387 ι
1037 3336 1151 3389 Οὑκ
1178 3330 1339 3407 ἦλθον
1361 3335 1658 3390 καταλῦσαι
1682 3337 1773 3390 τὸν

1884 3340 2095 3385 centem
2134 3330 2327 3386 audire
2362 3349 2375 3384 :
2418 3351 2435 3382 ε
2471 3332 2610 3402 Ipse,
2651 3332 2747 3401 qui
2788 3332 3072 3402 loquebar,
3114 3335 3305 3389 adsum
3327 3336 3394 3390 ⁸⁵.
3424 3355 3445 3388 ι

213 3428 365 3499 νόμον
397 3428 433 3499 ἦ
462 3428 588 3491 τοὺς
613 3430 920 3497 προφήτας,
950 3426 1086 3479 ἀλλά
1130 3426 1450 3496 πληρῶσαι·
1480 3426 1624 3496 λέγω
1666 3428 1771 3500 γὰρ

1884 3420 1948 3474 Et
1976 3438 1988 3473 :
2022 3438 2040 3470 ι
2069 3419 2191 3474 Non
2228 3420 2355 3474 veni
2411 3420 2623 3475 solvere
2666 3420 2861 3492 legem,
2896 3421 2992 3476 sed
3026 3422 3292 3493 implere:
3326 3424 3454 3483 dico

215 3521 351 3591 ὑμῖν,
379 3521 485 3584 ἕως
508 3521 575 3574 ἀν
604 3519 847 3591 παρέλθῃ
878 3520 907 3571 6
944 3519 1171 3589 οὐρανὸς
1200 3520 1295 3573 καὶ
1331 3520 1363 3589 ἡ
1395 3518 1489 3586 γῆ,
1524 3518 1657 3573 ἰῶτα
1689 3518 1770 3583 ἓν,

1884 3512 2028 3567 enim
2071 3513 2248 3578 vobis,
2289 3510 2468 3569 donec
2510 3522 2751 3569 transeat
2796 3515 2997 3570 caelum
3038 3524 3093 3572 et
3132 3526 3299 3585 terra,
3340 3520 3451 3578 iota

213 3610 243 3679 ἦ
286 3612 381 3681 μία
415 3612 613 3684 κεραία
641 3612 703 3665 οὑ
734 3611 822 3683 μῆ
846 3611 1090 3683 παρέλθῃ
1115 3612 1224 3665 ἀπὸ
1251 3611 1342 3664 τοῦ
1372 3610 1537 3681 νόμου
1567 3610 1672 3672 ἕως
1706 3610 1772 3664 ἂν

1884 3616 2072 3669 unum,
2100 3612 2196 3658 aut
2231 3616 2376 3660 unus
2410 3619 2549 3675 apex
2584 3620 2691 3660 non
2718 3608 3022 3675 praeteribit
3044 3624 3073 3663 a
3100 3610 3238 3680 lege,
3277 3611 3452 3669 donec

214 3703 379 3755 πάντα
403 3704 649 3773 γένηται.
689 3703 750 3755 '0
786 3702 1014 3773 οὑρανὸς
1046 3702 1139 3755 καὶ
1178 3702 1307 3773 ἡγῆ
1352 3698 1769 3771 παρελεύσεται,

1884 3695 2062 3749 omnia
2104 3695 2254 3750 ﬂant.
2290 3695 2501 3751 Caelum
2531 3704 2587 3751 et
2616 3705 2759 3751 terra
2787 3700 3119 3767 tranSibunt,
3150 3703 3318 3758 verba
3348 3720 3449 3759 au-

211 3792 256 3846 o!
277 3794 330 3847 δὲ
353 3792 503 3862 λόγοι
533 3810 636 3864 μου
653 3793 712 3846 ού
740 3793 816 3863 μὴ
843 3793 1174 3864 παρέλθωσι.
1202 3810 1219 3842 ι
1243 3793 1450 3858 Λόγους
1467 3789 1559 3844 οὖν
1582 3791 1766 3857 ἰδίους,

1884 3793 1987 3840 tem
2021 3802 2141 3841 mea
2170 3800 2281 3841 non
2316 3788 2627 3842 transibunt
2655 3789 2719 3843 “.
2754 3810 2771 3841 ι
2809 3791 2916 3845 Sua
2953 3792 3135 3862 itaque
3164 3796 3331 3850 verba
3368 3797 3447 3851 le-

212 3884 295 3937 τὸν
318 3887 479 3956 νόμον
508 3886 794 3939 ἀποκαλεῖ·
830 3887 979 3955 φωνὴ
1002 3885 1109 3956 γάρ
1137 3885 1298 3940 αὑτὸν
1318 3885 1579 3951 λελάληκε
1608 3882 1766 3949 Θεοῦ,

1884 3891 1997 3948 gem
2040 3878 2279 3948 appellat
2314 3897 2327 3932 :
2358 3894 2463 3933 vox
2501 3880 2647 3934 enim
2689 3882 2784 3936 Dei
2834 3883 2985 3937 illam
3021 3886 3353 3951 enuntiavit,
3387 3897 3449 3943 ut

213 3976 451 4048 καθάπερ
489 3977 627 4047 ἔφην
656 3976 879 4048 ἀρτίως,
909 3976 1185 4029 τουτέστιν
1209 3978 1236 4028 6
1276 3976 1422 4039 Υἱός.
1482 3975 1620 4027 Εἶτὰ
1666 3991 1769 4044 φη-

1884 3970 2041 4026 modo
2084 3971 2225 4036 dixi;
2270 3971 2316 4026 is
2353 3980 2438 4027 est
2477 3972 2622 4025 enim
2693 3974 2957 4028 nimirum
3002 3975 3191 4033 Filius.
3240 3978 3447 4032 Deinde

1876 4060 2095 4130 inquit:
2139 4080 2156 4111 ι
2193 4062 2485 4117 Descendit
2517 4062 2781 4118 Dominus
2822 4074 2987 4134 super
3025 4072 3265 4120 montem
3293 4066 3441 4131 Sina,

1874 4164 2039 4221 super
2070 4153 2335 4208 verticem
2380 4154 2604 4217 montis,
2634 4161 2691 4208 et
2723 4156 2941 4209 vocavit
2979 4156 3196 4228 Moysen
3224 4157 3291 4211 ad
3316 4174 3442 4212 ver-

1874 4241 2037 4296 ticem
2060 4242 2288 4308 montis;
2316 4253 2373 4297 et
2397 4244 2645 4299 ascendit
2670 4244 2897 4315 Moyses,
2917 4252 2974 4300 et
2994 4246 3210 4301 locutus
3232 4255 3317 4301 est
3338 4248 3444 4302 Do-

1871 4330 2054 4386 minus
2087 4331 2156 4385 ad
2190 4331 2428 4401 Moysen,
2483 4331 2710 4385 dicens:
2765 4331 3114 4388 Descendens
3145 4334 3440 4392 testificare

214 4084 311 4131 σιν,
341 4068 418 4121 ὅτι
456 4089 474 4120 ι
506 4067 895 4137 Καταδέΰηκεν
911 4070 939 4120 6
964 4066 1170 4138 Κύριος
1189 4067 1281 4119 ἐπὶ
1303 4067 1361 4119 τὸ
1380 4067 1503 4137 ὅρος
1532 4067 1593 4119 τὸ
1616 4066 1765 4129 Σινᾶ,

212 4158 298 4211 ἐπὶ
324 4160 416 4230 τὴν
446 4158 687 4231 κορυφὴν
713 4158 805 4212 τοῦ
836 4158 1018 4230 ὅρους,
1048 4158 1144 4211 καὶ
1172 4157 1399 4212 ἐκάλεσε
1442 4158 1645 4227 Κύριος
1678 4158 1767 4210 τὸν

209 4246 403 4317 Μωσῆν
426 4249 518 4301 ἐπὶ
532 4247 629 4318 τὴν
642 4247 884 4319 κορυφὴν
903 4247 997 4301 τοῦ
1020 4246 1199 4317 ὅρους,
1226 4249 1317 4301 καὶ
1341 4247 1512 4314 ἀνέϐη
1536 4249 1761 4317 Μωσῆς.

209 4337 317 4391 Καὶ
342 4335 486 4391 εἶπεν
505 4340 534 4391 6
562 4338 693 4401 Θεὸς
717 4339 851 4406 πρὸς
880 4337 1087 4407 Μωσῆν
1116 4336 1290 4407 λέγων
1310 4354 1324 4368 ·
1356 4336 1618 4401 Καταϐἀς
1645 4338 1764 4391 δια-

216 4428 476 4498 μάρτυραι
514 4430 591 4500 τῷ
636 4427 753 4499 λαῷ
800 4430 1010 4499 μήποτε
1050 4430 1308 4499 ἐγγίσωσι
1348 4429 1484 4499 πρὸς
1514 4430 1604 4483 τὸν
1632 4428 1763 4483 Θεὸν

1884 4424 2094 4493 pepulo,
2116 4437 2185 4476 ne
2207 4422 2347 4476 forte
2369 4422 2633 4477 accedant
2656 4421 2722 4475 ad
2746 4418 3042 4477 videndum
3064 4424 3259 4491 Deum,
3277 4434 3332 4480 et
3353 4442 3443 4482 ca-

212 4521 548 4591 κατανοῆσαι,
574 4521 668 4574 καὶ
692 4520 832 4591 πέσῃ
865 4519 924 4583 ἐξ
954 4518 1131 4572 αὐτῶν
1161 4514 1393 4590 πλῆθος·
1420 4520 1515 4571 καὶ
1532 4520 1581 4571 οἰ
1598 4521 1761 4589 ἱερεῖς

1884 4513 1962 4568 iat
1988 4528 2056 4568 ex
2082 4513 2214 4583 ipsis
2235 4512 2564 4578 multitudo;
2598 4521 2652 4567 et
2675 4521 3007 4579 sacerdotes,
3039 4514 3132 4585 qui
3170 4514 3441 4572 accedunt

210 4610 257 4661 οἰ
288 4578 583 4678 ἑγγίξοντες
617 4578 923 4683 Κυρίῳητῷ-
942 4609 1059 4681 Θεῷ
1090 4578 1530 4681 ἁγιασθήτωσαν,
1556 4578 1764 4681 μήποτε

1884 4578 2266 4669 ιᾱῢδωί-ηυιη,
2285 4604 2717 4669 sanetiticentur,
2735 4620 2802 4659 ne
2818 4605 2956 4660 forte
2976 4578 3197 4662 recedat
3219 4609 3287 4663 ab
3308 4610 3443 4679 ipsis

212 4700 480 4774 ἀπαλλάξῃ
504 4705 599 4755 ἀπ’
627 4700 805 4755 αὑτῶν
831 4701 1058 4772 Κύριος.
1102 4720 1119 4752 ι
1158 4701 1418 4754 Κάτεισιν
1437 4703 1517 4763 εἰς
1548 4701 1607 4754 τὸ
1638 4700 1761 4772 ὑρος

1884 4696 2211 4751 Dominus“.
2243 4716 2261 4747 ι
2294 4697 2585 4751 Descendit
2609 4696 2665 4750 in
2687 4706 2928 4752 montem
2957 4698 3046 4754 ille
3070 4714 3235 4769 super
3256 4703 3440 4757 omnia

212 4790 238 4838 6
264 4790 391 4861 ὑπὲρ
419 4793 635 4845 πάντων
663 4791 813 4854 Θεὸς,
842 4788 961 4844 εἶτα
986 4790 1320 4861 κεκλημένος
1345 4792 1550 4845 ἄνεισιν
1580 4793 1607 4844 6
1633 4792 1762 4844 Μωο

1884 4789 2046 4851 )eus;
2074 4787 2270 4841 deinde
2293 4794 2518 4841 vocatus
2548 4788 2797 4843 ascendit
2821 4790 3050 4859 Moyses.
3079 4792 3268 4863 Neque
3290 4794 3439 4848 enim

215 4880 323 4948 σῆς.
346 4883 415 4934 Οὑ
441 4883 552 4954 γάρ
572 4884 688 4935 ἐστι
709 4881 818 4935 τῶν
857 4883 1222 4953 ἐνδεχομένων
1258 4881 1471 4952 ἰσχύσαι
1507 4883 1657 4945 τινὰς
1681 4887 1761 4945 εἰς

1884 4878 2134 4949 :ontingit
2155 4885 2215 4931 ut
2235 4878 2302 4932 ad
2326 4878 2716 4934 sublimitatem
2741 4896 2884 4935 verae
2908 4882 3003 4938 Dei
3023 4885 3440 4953 contemplatio-

213 4972 275 5022 τὰ
298 4970 386 5043 τῆς
411 4974 643 5044 ἀληθοῦς
664 4974 919 5038 θεοπτίας
951 4972 1324 5043 ἀναθρώσκειν
1358 4972 1646 5043 ὑψώματα,
1682 4973 1758 5042 μὴ

1884 4970 1954 5024 IIS
1978 4970 2152 5040 possit
2174 4984 2232 5025 se
2255 4970 2542 5041 quisquam
2566 4974 2836 5039 attollere,
2868 4976 2973 5029 nisi
3001 4976 3240 5045 seipsum
3265 4976 3439 5029 demi-

213 5064 322 5134 ούχὶ
348 5068 596 5130 καθέντος
628 5067 824 5119 ἑαυτὸν
852 5066 945 5119 τοῦ
983 5063 1139 5130 Θεοῦ,
1187 5066 1281 5118 καὶ
1317 5068 1436 5127 ταῖς
1465 5064 1760 5135 ἡμετέραις

1884 5061 2175 5124 ιετὶῐῡθιιε,
2197 5068 2252 5115 et
2274 5060 2347 5115 ita
2372 5077 2428 5116 se
2451 5064 2966 5130 aceommodaverit,
2992 5076 3052 5119 ut
3083 5067 3150 5120 ad
3181 5082 3307 5120 eum
3338 5083 3436 5122 no-

214 5152 446 5220 διανοίαις
473 5157 729 5226 προσιτὸν
758 5156 1009 5224 γενέσθαι
1041 5154 1570 5226 παρασκευάζοντος·
1593 5153 1757 5206 αὑτοῦ

1884 5160 1990 5208 ιιτω
2013 5160 2224 5207 mentes
2248 5153 2457 5222 possint
2481 5154 2768 5219 accedere;
2800 5156 2918 5224 ipso
2942 5164 3122 5209 autem
3146 5166 3431 5221 evocante.
3484 5226 3485 5229 η

214 5244 267 5297 δὲ
308 5248 585 5310 καλοῦντος
633 5249 824 5319 ἄνιμεν
864 5246 1006 5299 οὕτω
1055 5245 1207 5313 μόλις
1247 5246 1326 5307 εἰς
1368 5245 1623 5316 ὑπερφυᾶ
1667 5244 1759 5297 καὶ

1884 5242 1955 5296 rix
2002 5242 2221 5297 tandem
2269 5243 2337 5297 ad
2388 5259 2661 5299 summum
2703 5245 2857 5299 illum
2885 5254 2941 5300 et
2970 5247 3247 5301 excelsum
3279 5249 3433 5317 quasi
3484 5255 3493 5315 ς

215 5335 530 5412 ἐξῃρημένην
567 5342 728 5394 οἱονεὶ
762 5339 1025 5408 κορυφὴν,
1059 5337 1158 5400 τὴν
1198 5337 1324 5406 περὶ
1370 5337 1533 5388 αὑτοῦ
1562 5336 1761 5404 γνῶσιν

1884 5333 2149 5399 verticem,
2175 5334 2347 5403 ipsius
2378 5349 2573 5404 nempe
2604 5348 2792 5390 veram
2818 5337 3204 5407 cognitionem,
3241 5352 3433 5394 ascen--

214 5426 381 5501 ἀληθῆ,
445 5432 581 5502 ὅπερ
637 5430 846 5482 ἐποίσει
890 5427 1145 5498 Χριστὸς,
1195 5424 1590 5479 ἀποκαλύπτων
1630 5427 1759 5493 ἡμῖν

1884 5426 2068 5489 limus;
2107 5423 2254 5493 quod
2290 5424 2465 5494 ipsum
2498 5424 2752 5481 Christus
2791 5422 2943 5493 fecit,
2973 5442 3096 5483 cum
3127 5424 3343 5484 Patrem
3370 5442 3435 5484 ac

214 5522 293 5573 τὸν
335 5524 547 5594 Πατέρα
596 5523 691 5575 καλ⁸
740 5523 892 5586 Θεὸν,
944 5521 1037 5574 καὶ¹
1075 5517 1293 5581 ἀστιόἓς
1341 5518 1440 5588 μὲν
1477 5519 1590 5579 τοῖς
1637 5519 1761 5584 ἀγε-

1884 5518 2030 5569 )eum
2071 5515 2229 5569 nobis
2272 5515 2553 5568 revelavit.
2590 5516 2657 5569 Et
2694 5531 2723 5569 a
2763 5519 3029 5588 gregariis
3069 5521 3293 5591 quidem
3332 5521 3433 5575 bo-

215 5607 363 5676 ὶαίοις
399 5615 456 5666 τὸ
489 5616 613 5685 ὅρος
664 5613 989 5683 (ἀνέμϐατος
1024 5612 1129 5681 γὰρ
1177 5611 1289 5672 τοῖς
1337 5608 1549 5672 πολλοῖς
1596 5608 1757 5679 ἡτῆς

1884 5606 2102 5660 ninibus
2139 5618 2296 5659 mons
2320 5604 2460 5659 adiri
2488 5619 2595 5660 non
2629 5615 2843 5676 potest;
2874 5610 3150 5665 inaccessa
3177 5620 3262 5665 est
3284 5611 3432 5664 enim

278 5723 317 5755 θ’
355 5724 489 5779 Psal.
510 5740 638 5789 xm,
667 5724 755 5777 12.
831 5723 878 5755 ⁶¹
906 5723 1051 5778 Psal.
1075 5739 1256 5789 xtvm,
1281 5724 1333 5776 2.
1432 5722 1477 5754 ⁸³
1500 5722 1669 5777 Exod.
1712 5737 1781 5774 xu

1884 5720 1935 5775 9.
2012 5719 2059 5751 ”
2084 5718 2192 5772 Isa.
2230 5730 2320 5782 tu,
2345 5717 2395 5772 6.
2480 5719 2526 5752 ⁸⁵
2560 5718 2750 5776 Matth.
2804 5740 2857 5789 v,
2884 5723 2971 5789 17,
3004 5722 3091 5777 18.
3190 5722 3235 5755 “
3256 5720 3429 5777 Exod.

217 5803 313 5856 nx,
343 5792 524 5848 20-22.
962 5868 965 5871 δ

503 5889 773 5947 PATROL.
815 5886 929 5944 Gn.
980 5883 1239 5941 LXVIII.

2078 5950 2079 5953 η
3008 5883 3074 5950 16
