3998 6510
627 330 725 385 491

1640 338 1695 392 S.
1736 340 2008 394 CYlllLLl
2047 336 2516 397 ALEXANDRINI
2553 342 2871 398 ARCHIEP.

3763 345 3846 402 ιρι

629 451 791 520 vulgo
818 448 965 504 illius
999 463 1267 517 suprema:
1295 448 1621 518 cognitionis
1645 452 1840 518 gratia,
1868 453 2042 523 iisque
2070 454 2198 509 solis

2304 456 2443 523 ἄγαν
2481 460 2810 531 ὑπερτενοῦς
2842 459 3095 529 γνώσεως
3158 461 3377 531 χάρις),
3424 459 3657 530 βάσιμος
3697 462 3745 516 δὲ
3770 470 3846 535 μό·

628 547 838 617 pervia,
856 544 949 614 qui
970 560 1066 614 per
1086 544 1231 597 illam
1257 544 1468 613 ingredi
1492 544 1702 611 scium,
1729 550 1839 600 imo
1863 547 2024 618 225
2045 564 2197 613 vero,

628 637 826 709 quiad
863 652 983 691 eam
1026 651 1140 689 rem
1177 644 1304 689 sunt
1333 653 1362 691 a
1389 636 1500 690 Deo
1525 641 1732 704 vocati,
1760 640 1904 694 sicut
1936 640 2040 694 fuit
2072 657 2199 711 pro-

628 731 716 783 cul
741 728 909 783 dubio
933 728 1161 798 Moyses.
1190 726 1245 781 Si
1279 726 1404 796 quis
1441 727 1608 797 igitur
1633 736 1716 783 est
1745 728 1919 784 ﬁdelis
1946 746 2007 785 ac
2039 746 2203 785 verus

622 836 819 874 servus
857 819 912 872 in
951 818 1116 872 domo
1159 818 1276 883 Dei,
1308 818 1354 873 is
1396 834 1636 888 quoque,
1672 820 1816 875 sicut
1854 820 1967 886 ille,
1995 822 2203 877 electus

616 912 733 966 erit
762 918 816 965 et
845 919 1027 980 aptus,
1061 910 1154 981 qui
1190 911 1439 980 proxime
1474 911 1699 966 accedat
1727 913 1794 966 ad
1820 914 1992 967 Deum
2011 955 2024 979 ,
2055 913 2201 983 quod

609 1004 691 1058 ad
729 1001 1181 1057 sanctiﬁcationis
1221 1011 1386 1073 atque
1425 1004 1753 1074 cognitionis
1778 1005 2001 1059 modum
2028 1006 2202 1075 perti-

622 1102 735 1146 net.
788 1093 902 1147 Hac
943 1107 1183 1162 namque
1222 1093 1434 1148 ratione
1484 1094 1648 1148 simul
1695 1110 1819 1148 cum
1862 1110 1929 1149 eo
1973 1097 2199 1160 erimus,

623 1184 881 1239 dicente:
922 1203 938 1234 ι
964 1184 1052 1238 Tu
1086 1200 1218 1239 vero
1254 1192 1338 1239 sta
1382 1185 1473 1239 hic
1514 1201 1727 1240 mecum
1757 1186 1819 1238 ⁸⁷.
1855 1205 1871 1237 ›
1920 1186 2028 1240 Eos
2061 1203 2200 1257 quo-

623 1294 751 1347 que,
782 1277 877 1348 qui
903 1276 1214 1332 sacerdotio
1240 1286 1367 1332 sunt
1393 1277 1655 1348 insignes,
1684 1279 1904 1349 purgari
1933 1280 2199 1349 praecipit,

618 1370 814 1424 dicens
844 1388 857 1423 :
892 1388 909 1420 ι
939 1368 1017 1423 Ne
1052 1368 1193 1424 forte
1230 1368 1451 1424 recedat
1485 1370 1554 1424 ab
1596 1370 1676 1425 eis
1712 1371 1994 1425 Dominus.
2030 1391 2047 1422 ι
2090 1372 2200 1426 Lu-

624 1461 840 1515 bricum
861 1468 947 1515 est
967 1461 1115 1515 enim
1140 1460 1429 1515 sacerdotii
1459 1477 1659 1516 munus
1676 1503 1690 1527 ,
1732 1478 1912 1531 neque
1954 1464 2144 1532 procul
2172 1480 2203 1518 a

624 1552 908 1622 periculis,
937 1552 1047 1606 imo
1070 1567 1203 1606 vero
1236 1552 1404 1606 etiam
1436 1553 1769 1622 proximum,
1796 1554 1899 1607 nisi
1934 1555 2012 1608 illi
2046 1554 2202 1624 plane

612 1643 768 1698 .adsit
802 1644 929 1698 vitae
962 1642 1249 1713 integritas
1276 1660 1288 1695 :
1319 1652 1536 1698 sanctos
1562 1644 1710 1699 enim
1748 1661 1868 1700 esse
1896 1646 2083 1711 decet,
2109 1647 2203 1717 qui

623 1736 737 1790 Deo
766 1736 1012 1790 omnium
1052 1735 1399 1791 sanctissimo
1437 1737 1647 1791 cultum
1679 1738 1962 1793 exhibent.
1996 1740 2203 1794 Deinde

619 1828 701 1880 ait
728 1845 739 1880 :
775 1846 792 1877 ι
826 1827 894 1881 Ει
930 1827 1068 1881 dixit
1098 1828 1364 1881 Dominus
1389 1828 1591 1899 Moysi:
1624 1829 1793 1892 Vade,
1823 1830 2119 1895 descende,
2148 1841 2203 1885 et

620 1918 858 1973 ascende
888 1927 945 1973 tu
984 1930 1040 1973 et
1068 1920 1249 1973 Aaron
1277 1927 1490 1986 tecum;
1520 1921 1836 1976 sacerdotes
1859 1938 1991 1976 vero
2016 1939 2077 1977 ac
2102 1940 2200 1993 po-

620 2011 785 2080 pulus
828 2026 897 2065 ne
942 2020 1215 2066 conentur
1259 2013 1557 2068 ascendere
1608 2013 1675 2068 ad
1718 2014 1911 2079 Deum,
1948 2031 2017 2069 ne
2060 2016 2202 2070 forte

620 2104 814 2174 perdat
847 2119 915 2158 ex
957 2103 1039 2157 eis
1074 2104 1429 2160 Dominus“.
1466 2124 1482 2156 ι
1528 2105 1791 2160 Ascendit
1837 2107 2067 2178 Moyses,
2104 2108 2198 2163 sed

618 2211 731 2250 non
766 2195 886 2250 sine
916 2195 1120 2259 Aaron,
1146 2196 1241 2265 qui
1279 2195 1509 2267 ﬁguram
1543 2196 1749 2252 Christi
1787 2206 2027 2253 teneant.
2066 2200 2200 2253 Nam

620 2289 707 2342 lex
744 2289 803 2343 in
828 2286 1055 2343 Christo
1101 2288 1444 2343 honorabilis
1488 2297 1593 2355 est,
1623 2299 1678 2343 et
1720 2299 1981 2359 tanquam
2016 2299 2200 2344 sancta

622 2397 721 2449 per
765 2381 920 2435 illum
944 2382 1325 2451 apropeDeum
1362 2389 1565 2437 etcum
1591 2383 1703 2436 Deo
1727 2391 1812 2437 est
1839 2384 1903 2436 ⁸³.
1938 2382 2203 2436 Praedicat

620 2473 771 2527 enim
803 2473 921 2542 ipsa
960 2488 1181 2542 quoque
1214 2473 1523 2543 principem
1560 2474 1713 2527 illum
1750 2474 2119 2538 sacerdotum,
2148 2481 2203 2527 et

621 2566 933 2636 apostolum
971 2565 1337 2619 confessionis
1372 2575 1573 2620 nostra:
1610 2566 1913 2620 secundum
1950 2565 2201 2633 Scriptu-

621 2674 732 2713 ras.
768 2658 850 2712 Sit
886 2658 1053 2729 igitur
1082 2658 1167 2711 lex
1191 2657 1412 2712 Christo
1444 2674 1543 2727 per
1580 2658 1921 2727 spiritualetn
1954 2666 2199 2712 contem-

619 2751 920 2820 plationem
944 2751 1218 2821 adjuncta.
1242 2751 1374 2805 Nam
1396 2752 1566 2822 Moysi
1584 2752 1791 2806 dictum
1815 2762 1929 2806 est:
1958 2772 1975 2802 ι
2000 2752 2202 2805 Ascen-

620 2842 689 2896 de
725 2850 782 2895 tu
806 2851 861 2896 et
883 2841 1086 2896 Aaron.
1122 2862 1139 2892 ι
1179 2872 1249 2882 ——
1279 2862 1295 2892 ι
1327 2841 1457 2907 Quae
1502 2843 1671 2912 igitur
1709 2842 1853 2896 Deus
1896 2841 2198 2911 conjunxit,

619 2930 785 2986 homo
808 2947 916 2985 non
942 2932 1219 3001 separet7°
1237 2973 1251 2995 ,
1286 2952 1303 2982 ι
1335 2932 1511 3001 legem
1536 2932 1605 2985 ab
1628 2948 1693 2986 ea
1716 2931 2197 3000 contemplatione,

617 3037 739 3091 quae
767 3022 820 3075 in
851 3020 1071 3075 Christo
1097 3031 1202 3085 est,
1240 3022 1565 3093 abjungens,
1592 3023 1721 3077 dum
1750 3023 1849 3076 soli
1876 3022 2201 3076 adhaerescit

3176 510 3243 531 8'1

2303 564 2415 613 νοις
2464 554 2577 615 τοῖς
2632 552 2796 605 εἰδόσι
2834 553 3160 622 διαστείχειν
3210 553 3401 623 αὐτὴν,
3450 552 3653 622 μᾶλλον
3682 552 3732 605 δὲ
3772 561 3847 611 καὶ

2302 641 2383 703 εἰς
2427 641 2585 695 τοῦτο
2630 643 2989 714 κεκλημένοις
3036 644 3185 715 παρά
3241 645 3407 709 Θεοῦ,
3462 644 3709 717 καθάπερ
3737 648 3848 719 ἁμέ-

2300 730 2381 783 λει
2405 732 2497 785 καὶ
2522 734 2744 805 Μωσῆς.
2783 735 2850 787 Εί
2871 753 2954 799 τις
2983 732 3075 789 οὖν
3114 737 3222 808 ἄρα
3256 736 3373 789 ἐστὶ
3421 737 3611 800 πιστὸς
3642 740 3729 791 καὶ
3747 745 3849 813 γνή-

2304 841 2416 886 σιος
2466 826 2523 877 ὲν
2571 824 2705 897 οἴκῳ
2744 826 2915 892 Θεοῦ,
2966 829 3117 883 ἔσται
3164 831 3261 883 xal.
3310 830 3474 893 αὐτὸς
3517 832 3639 883 κατ’
3679 834 3848 888 ἐκεῖνον

2301 914 2673 985 ἐξειλεγμένος
2700 917 2796 969 καὶ
2820 918 3143 987 ἐπιτηδείως
3169 919 3309 989 ἔχων
3333 920 3411 983 είς
3441 918 3503 971 τὸ
3528 919 3695 989 ἀγχοῦ
3722 925 3848 988 γενέ-

2304 1005 2425 1057 σθαι
2460 1005 2615 1073 Θεοῦ,
2650 1008 2791 1062 κατά
2816 1025 2879 1077 γε
2901 1007 2992 1063 τὸν
3026 1011 3083 1063 ἐν
3114 1010 3372 1080 ἁγιασμῷ
3414 1013 3505 1065 καί
3533 1012 3730 1081 είδήσει
3750 1018 3849 1085 τρό-

2303 1112 2424 1147 πον.
2466 1096 2811 1167 Συνεσόμεθα
2868 1098 2977 1170 γὰρ
3024 1098 3198 1164 οὕτως
3245 1100 3393 1171 αὐτῷ
3432 1100 3667 1169 λέγοντι·
3722 1124 3740 1157 ι
3788 1107 3846 1159 Σὺ

2301 1186 2358 1239 δὲ
2405 1188 2570 1241 αὑτοῦ
2611 1189 2765 1261 στῆθι
2819 1194 2937 1262 μετ’
2983 1191 3141 1263 ἐμοῦ.
3189 1212 3208 1244 ι
3274 1193 3758 1265 Ἀποκαθαίρεσθαι
3801 1198 3846 1252 ἃ

2301 1281 2410 1334 δεῖν
2446 1282 2571 1344 τοὺς
2616 1283 2883 1355 ἱερωσύνῃ
2932 1286 3411 1356 κατεστεμμένους
3452 1290 3739 1359 παρεγγυᾷ
3774 1289 3844 1342 λέ-

2302 1388 2450 1439 γων·
2498 1392 2515 1423 ι
2576 1374 2800 1443 Μήποτε
2854 1375 3140 1448 ἀπαλλάξῃ
3189 1378 3287 1431 ἀπ’
3337 1378 3520 1431 αὐτῶν
3568 1378 3772 1450 Κύριος.
3824 1400 3840 1434 ι

2304 1465 2579 1536 Σφαλερὸν
2611 1465 2719 1537 γάρ
2751 1467 2953 1539 κομιδῇ
2988 1469 3091 1539 τῆς
3122 1470 3418 1541 ἱερωσύνης
3449 1470 3508 1523 τὸ
3542 1471 3742 1541 χρῆμα,
3771 1474 3845 1525 καὶ

2304 1555 2563 1608 κινδύνων
2593 1559 2693 1610 οὐκ
2742 1559 3035 1626 ἀπωτάτω,
3068 1561 3269 1632 μᾶλλον
3312 1563 3368 1615 δὲ
3402 1563 3498 1615 καὶ
3542 1562 3664 1615 λίαν
3690 1566 3843 1631 ἐγγὺς,

2304 1648 2351 1699 εί
2384 1646 2456 1717 μὴ
2483 1646 2655 1718 ὁρῷτο
2688 1650 2886 1720 προσὸν
2924 1650 2983 1703 τὸ
3019 1652 3321 1723 ἀμώμητον
3351 1655 3430 1716 είς
3477 1653 3647 1723 ζωὴνο
3679 1655 3836 1722 ἁγίους

2304 1737 2412 1810 γάρ
2438 1733 2803 1811 εἶναιπρέπει
2846 1741 2972 1805 τοὺς
3006 1742 3085 1813 τῷ
3118 1745 3379 1814 πανάγνῳ
3429 1745 3844 1813 λειτουργοῦντας

2306 1827 2443 1897 Θεῷ,
2501 1824 2633 1882 Εἶτά
2684 1845 2855 1900 φησιο
2899 1848 2917 1881 ι
2972 1831 3083 1883 Ka1
3136 1826 3258 1884 εἶπε
3300 1832 3503 1903 Κύριος
3555 1834 3634 1903 τῷ
3680 1835 3840 1903 Marsi;

2303 1918 2516 1985 Βάδιζε,
2557 1920 2828 1991 κατάϐηθι
2863 1922 2955 1976 καὶ
2994 1923 3226 1993 ἀνάϐηθι
3268 1924 3331 1976 σὺ
3370 1925 3461 1976 καὶ
3502 1924 3708 1995 Ἀαρὼν
3734 1930 3844 1994 μεεά

2305 2010 2420 2064 σοῦ⁹
2450 2015 2495 2065 οί
2526 2012 2580 2064 δὲ
2607 2014 2771 2083 ἱερεῖς
2808 2014 2902 2067 καὶ
2938 2017 2965 2068 6
2997 2014 3123 2076 λαὸς
3158 2013 3232 2085 μὴ
3264 2013 3639 2083 βιαζέσθωσαν
3669 2016 3841 2084 ἀναδῆ·

2302 2121 2389 2157 ναι
2422 2105 2558 2175 πρὸς
2580 2106 2671 2159 τὸν
2700 2106 2853 2173 Θεὸν,
2885 2108 3094 2178 μήποτε
3140 2107 3384 2179 ἀπολέσῃ
3419 2109 3516 2161 ἀπ’
3548 2108 3722 2161 αὐτῶν
3748 2108 3841 2160 Κύ-

2304 2214 2436 2267 ριος.
2485 2218 2503 2249 ι
2542 2199 2783 2251 Ἀνεισιν
2826 2201 2854 2252 6
2891 2200 3099 2269 Μωσῆς
3128 2200 3223 2252 καὶ
3252 2199 3313 2251 ού
3343 2199 3465 2269 δίχα
3503 2199 3599 2251 τοῦ
3642 2199 3839 2269 Ἀαρὼν,

2300 2288 2358 2353 ὃς
2386 2285 2452 2359 ἦν
2488 2293 2567 2354 εἰς
2594 2291 2766 2344 τύπον
2795 2290 3054 2363 Χριστοῦ.
3086 2291 3278 2362 Τίμιος
3311 2292 3420 2363 γὰρ
3448 2292 3615 2360 νόμος
3643 2293 3697 2343 ὲν
3735 2291 3842 2360 Χρι-

2304 2379 2432 2450 στῷ,
2467 2384 2560 2435 καὶ
2607 2382 2681 2445 ὡς
2714 2382 2867 2450 ἅγιος
2897 2381 2965 2434 δι’
2999 2382 3185 2448 αὑτὸν,
3220 2382 3388 2450 ἐγγὺς
3443 2380 3577 2434 Θεοῦ
3607 2381 3699 2434 xal.
3726 2382 3839 2450 μετά

2300 2469 2458 2523 Θεοῦ.
2492 2472 2851 2542 Διακηρύττει
2886 2472 2993 2542 γὰρ
3021 2471 3115 2524 καὶ
3160 2472 3323 2534 αὐτὸς
3366 2471 3461 2523 τὸν
3496 2471 3747 2542 ἀρχιερέα
3768 2473 3841 2523 καὶ

2300 2562 2593 2615 ἀπόστολον
2628 2563 2725 2632 τῆς
2769 2561 3054 2634 ὁμολογίας
3102 2560 3281 2631 ἡμῶν,
3324 2560 3466 2616 κατά
3495 2561 3591 2624 τὰς
3630 2561 3838 2633 Γραφάς.

2301 2652 2668 2724 Παρεςεύχθω
2689 2650 2781 2708 οὖν
2819 2656 2847 2707 6
2876 2655 3040 2725 νόμος
3078 2653 3319 2726 Χριστῷ,
3353 2653 3442 2706 διά
3482 2654 3582 2724 τῆς
3616 2653 3671 2705 ὲν
3702 2652 3839 2705 πνεύ-

2305 2762 2433 2815 ματι
2478 2744 2729 2817 θεωρίας.
2790 2747 3014 2816 ’Λκήκοε
3054 2746 3163 2816 γὰρ
3203 2748 3231 2798 6
3274 2746 3502 2814 Μωσῆς
3544 2764 3563 2796 ι
3616 2742 3838 2814 ’Δνάϐηθι

2302 2837 2365 2887 σὺ
2394 2826 2487 2888 καὶ
2515 2836 2741 2906 Ἀαρών.
2771 2854 2894 2887 ι-ι
2924 2840 2991 2889 Ἃ
3017 2833 3108 2890 οῦν
3138 2837 3268 2899 Θεὸς
3300 2835 3639 2902 συνέζευξεν,
3666 2835 3839 2906 ἄνθρω-

2299 2940 2398 2986 πος
2432 2924 2506 2994 μὴ
2546 2925 2843 2995 χωριζέτω,
2878 2944 2895 2975 ι
2935 2927 3034 2996 τῆς
3064 2926 3121 2978 ὲν
3150 2925 3369 2995 Χριστῷ
3405 2925 3638 2995 Θεωρίας
3667 2927 3837 2977 ἀποκο-

2301 3014 2475 3083 μίζων
2508 3016 2601 3068 τὸν
2631 3017 2924 3088 νόμονςίδιά
2951 3018 3010 3071 τὸ
3045 3018 3182 3091 μόνη
3212 3017 3573 3087 προσκεῖσθαι
3612 3021 3670 3088 τῇ
3714 3021 3838 3089 σκιᾷ,

617 3110 846 3174 umbrae,
876 3120 932 3165 et
972 3111 1265 3166 veritatem
1308 3114 1375 3167 ad
1417 3115 1711 3185 imaginem
1750 3113 2044 3185 ﬁgurarum
2086 3128 2195 3167 non

2301 3108 2393 3160 καὶ
2426 3108 2500 3179 μὴ
2527 3112 2607 3173 είς
2634 3110 2818 3163 εἰκόνα
2847 3111 2954 3163 τῶν
2978 3110 3161 3165 τύπων
3189 3110 3588 3180 παραδέχεσθαι
3614 3111 3709 3181 τὴν
3736 3112 3842 3181 6.1+,-

617 3201 877 3257 admittit.
918 3204 1026 3258 Sed
1072 3219 1289 3258 sacrum
1338 3206 1472 3259 illud
1516 3223 1687 3276 genus
1724 3209 1780 3263 in
1813 3220 2054 3267 montem
2092 3228 2200 3267 una

617 3309 742 3349 cum
772 3294 986 3364 p0pulis
1014 3297 1312 3351 ascendere
1338 3297 1690 3365 prohibetur;
1729 3315 1908 3370 neque
1935 3304 2081 3356 enim
2110 3303 2197 3367 iis,

615 3385 712 3456 qui
758 3387 876 3456 lege
922 3396 1210 3455 reguntur,
1250 3404 1428 3458 neque
1475 3390 1561 3454 iis,
1587 3392 1681 3460 qui
1727 3391 1906 3447 adhuc
1943 3393 2097 3448 illum
2144 3396 2201 3450 in

616 3477 831 3532 umbris
874 3478 1083 3532 cultum
1129 3479 1412 3544 exhibent,
1442 3480 1631 3535 datum
1670 3498 1701 3537 a
1739 3483 1850 3538 Deo
1882 3494 1986 3550 est,
2012 3495 2071 3540 ut
2108 3488 2200 3542 illa

613 3568 832 3621 excelsa
873 3581 939 3620 ac
979 3582 1191 3620 summa
1234 3566 1508 3638 dogmata,
1535 3585 1658 3638 qua:
1691 3570 1759 3624 ad
1802 3572 1976 3641 ipsius
2015 3576 2201 3645 cogni-

616 3657 824 3710 tionem
868 3655 1169 3724 pertinent,
1211 3656 1364 3712 adire
1412 3659 1652 3727 possint;
1693 3660 1790 3714 sed
1830 3672 2105 3717 servatum
2142 3666 2197 3719 id

617 3746 804 3816 potius
832 3755 917 3800 est
961 3746 1050 3812 iis,
1080 3748 1176 3817 qui
1226 3748 1281 3801 in
1325 3747 1430 3803 ﬁde
1470 3749 1775 3820 justiﬁcati,
1808 3761 1864 3806 et
1902 3753 1955 3806 in
1980 3753 2197 3810 Christo

615 3837 685 3892 ad
712 3837 1085 3893 obedientiam
1110 3846 1275 3909 atque
1310 3841 1681 3909 cognitionem
1706 3841 1864 3913 longe
1912 3844 2002 3898 illa
2023 3847 2198 3901 veteri

615 3931 1057 4001 praestantiorem
1082 3938 1210 3986 sunt
1237 3932 1438 3985 vocati.
1467 3931 1601 3986 Nam
1641 3933 1973 3988 eminentem
2007 3936 2195 4004 cogni-

614 4021 821 4077 tionem
842 4020 1049 4077 Christi
1076 4022 1273 4078 beatus
1296 4038 1513 4093 quoque
1531 4024 1733 4079 Paulus
1754 4033 1838 4079 est
1857 4025 2192 4081 admiratus:

614 4129 678 4169 ac
696 4114 854 4168 testis
875 4114 1003 4168 huic
1019 4115 1098 4168 rei
1116 4114 1223 4168 erit
1239 4114 1355 4183 ipse
1371 4130 1590 4185 quoque
1607 4115 1874 4181 Salvator,
1894 4117 1988 4185 qui
2009 4126 2196 4187 aperte

614 4214 732 4260 tum
769 4205 837 4261 de
876 4206 1057 4271 nobis,
1091 4215 1207 4261 tum
1241 4223 1375 4261 vero
1415 4207 1483 4262 de
1528 4208 1616 4273 iis,
1646 4210 1739 4278 qui
1778 4226 1808 4264 e
1840 4225 2040 4279 genere
2068 4219 2196 4265 sunt

614 4296 800 4361 Israel,
840 4296 976 4351 dicit
1017 4315 1029 4350 :
1080 4316 1099 4348 ι
1150 4298 1314 4353 Vobis
1364 4299 1552 4354 datum
1596 4309 1681 4354 est
1730 4316 1890 4356 nosse
1936 4304 2195 4373 mysteria

613 4386 770 4455 regni
800 4386 1088 4451 cmlorum,
1127 4386 1237 4442 illis
1276 4396 1460 4443 autem
1493 4404 1600 4443 non
1628 4399 1711 4444 est
1739 4389 1929 4444 datum
1955 4393 2021 4444 τί.
2059 4412 2077 4442 ι
2117 4393 2192 4447 Ac

2300 3199 2471 3254 θειαν.
2516 3202 2743 3272 Εἴρηταί
2785 3221 2848 3271 γε
2903 3203 3011 3273 μὴν
3055 3204 3348 3272 ἀναφοιτᾷν
3380 3204 3460 3264 είς
3497 3203 3558 3254 τὺ
3592 3203 3711 3272 ὅρος
3750 3206 3841 3264 :03;

2298 3293 2490 3364 δήμοις
2525 3293 2659 3364 ὁμοῦ
2692 3295 2752 3347 τὸ
2778 3295 2930 3364 γένος
2965 3296 3023 3348 τὸ
3058 3296 3223 3365 ἱερόν.
3253 3295 3326 3346 Ού
3358 3293 3465 3366 γάρ
3498 3297 3607 3356 τοῖς
3632 3296 3689 3346 ὲν
3716 3295 3839 3363 νόμῳ

2300 3386 2860 3457 παιδαγωγουμένοις,
2897 3388 3019 3439 οὐδὲ
3062 3390 3174 3450 τοῖς
3208 3387 3287 3439 ἔτι
3335 3386 3433 3456 τὴν
3478 3385 3538 3439 ὲν
3573 3388 3739 3447 σκιαῖς
3762 3402 3838 3435 τε·

2299 3476 2448 3529 λοῦσι
2495 3476 2785 3546 λατρείαν,
2835 3476 3042 3530 δέδοται
3086 3477 3235 3546 παρά
3278 3474 3414 3528 Θεοῦ
3456 3474 3518 3527 τὸ
3550 3476 3603 3526 ὲν
3642 3472 3839 3542 ὑψηλοῖς

2298 3565 2391 3617 καὶ
2446 3564 2772 3636 ύπερτάτοις
2838 3565 2972 3619 ἰέναι
3033 3566 3268 3635 δόγμασι
3332 3568 3444 3629 τοῖς
3498 3565 3623 3635 περὶ
3670 3561 3836 3615 αὐτοῦ’

2295 3656 2590 3725 τετήρηται
2635 3656 2692 3708 δὲ
2733 3656 2931 3724 μᾶλλον
2965 3659 3076 3719 τοῖς
3108 3658 3163 3708 ἐν
3202 3656 3383 3709 πίστει
3409 3655 3835 3723 δεδικαιωμένος,

2297 3748 2391 3799 καὶ
2422 3749 2478 3800 ὲν
2512 3747 2735 3819 Χριστῷ
2781 3748 3146 3819 κεκλημένοις
3193 3750 3271 3810 είς
3304 3749 3573 3819 ὑπακοὴν,
3608 3750 3693 3800 καὶ
3723 3747 3835 3799 πολὺ

2294 3834 2393 3902 τῆς
2441 3834 2805 3906 ἀρχαιοτέρας
2849 3836 3229 3905 διενεγκοῦσαν
3271 3837 3495 3905 γνῶσιν.
3542 3836 3835 3906 Τεθαύμαιε

2295 3926 2403 3996 γὰρ
2447 3927 2507 3979 τὸ
2539 3928 2805 3998 ὑπερέχον
2849 3928 2949 3996 τῆς
2990 3927 3244 3993 γνώσεως
3298 3928 3391 3981 τοῦ
3436 3928 3667 3999 Χριστοῦ
3709 3929 3836 3979 καὶὸ

2297 4017 2585 4082 θεσπέσιος
2606 4018 2835 4082 Παῦλοςο
2866 4022 3201 4090 μαρτυρήσει
3223 4019 3277 4072 δὲ
3302 4022 3395 4072 καὶ
3418 4021 3579 4081 αὐτὸς
3602 4022 3629 4071 6
3652 4019 3834 4087 Σωτὴρ,

2296 4108 2422 4178 περί
2452 4125 2509 4161 τε
2543 4108 2702 4179 ἡμῶν
2735 4110 2956 4162 καὶτῶν
2985 4108 3044 4174 ἐξ
3078 4111 3309 4180 αἵματος
3346 4110 3582 4180 Ἰσραὴλ,
3618 4112 3833 4177 ἀναφανο

2294 4199 2383 4252 δὸν
2413 4199 2609 4267 λέγων,
2643 4202 2723 4254 ὅτι
2768 4219 2785 4251 ι
2835 4201 2996 4271 Ὑμῖν
3032 4202 3238 4255 δέδοται
3259 4201 3461 4269 γνῶναι
3496 4202 3562 4254 τὰ
3596 4202 3834 4271 μυστήρια

2296 4291 2394 4360 τῆς
2423 4290 2703 4361 βασιλείας
2733 4290 2839 4343 τῶν
2871 4291 3139 4363 οὐρανῶν,
3181 4292 3410 4355 ἐκείνοις
3433 4291 3515 4344 δὲ.
3544 4293 3604 4344 οὐ
3636 4291 3835 4343 δέδοται.

2294 4382 2404 4435 Καὶ
2452 4382 2581 4452 περὶ
2636 4382 2733 4451 μὲν
2792 4382 2900 4435 τῶν
2965 4383 3255 4436 Ἰουδαίων·
3309 4402 3327 4433 ι
3388 4383 3592 4451 Ἀφετε
3646 4382 3834 4441 αὐτοὺς,

614 4475 683 4530 de
704 4475 909 4531 Iudaeis
935 4476 1157 4546 quidem
1190 4494 1201 4530 :
1237 4497 1253 4529 ι
1284 4478 1457 4535 Sinite
1496 4482 1652 4548 illos;
1681 4482 1809 4537 caeci
1851 4492 1997 4549 sunt,
2025 4483 2192 4539 duces

2298 4472 2482 4541 τυφλοί
2526 4473 2697 4536 εἰσιν,
2749 4473 2934 4544 ὁδηγοὶ
2965 4474 3198 4541 τυφλῶν.
3249 4493 3267 4524 ι
3321 4471 3749 4544 Προσπεφώνηκε
3786 4469 3835 4521 δὲ

620 4580 893 4619 caecorum
931 4568 996 4620 ".
1033 4588 1052 4618 ι
1108 4567 1215 4623 Eos
1263 4578 1478 4635 autem,
1525 4573 1619 4640 qui
1671 4573 1851 4643 ipsum
1906 4584 2191 4639 noverant,

617 4670 813 4710 rursus
834 4655 1104 4712 allocutus
1123 4666 1228 4723 est,
1254 4679 1271 4709 ι
1300 4660 1478 4715 Vestri
1506 4672 1687 4717 autem
1711 4664 1857 4721 beati
1880 4667 2046 4731 oculi,
2065 4669 2194 4737 quia

616 4745 836 4810 vident,
862 4754 919 4799 et
938 4761 1102 4802 aures
1122 4740 1338 4812 vestrai,
1358 4750 1485 4818 quia
1512 4752 1824 4809 audiunt".
1859 4776 1876 4805 ι
1914 4758 2077 4828 226
2100 4758 2195 4813 His

617 4835 686 4892 de
714 4836 882 4891 rebus
902 4852 1028 4892 cum
1054 4838 1204 4907 loqui
1228 4838 1479 4895 desiisset
1503 4841 1592 4897 ille
1619 4844 1999 4901 universorum
2027 4849 2190 4915 Deus,

614 4930 914 4999 praecipere
967 4931 1274 4996 exorditur,
1328 4941 1384 4988 et
1434 4933 1503 4989 de
1562 4935 1728 4991 rebus
1776 4939 1999 5008 optimis
2043 4941 2190 5013 leges

613 5021 971 5077 constituere.
1013 5022 1203 5093 Itaque
1240 5024 1321 5079 sic
1364 5026 1483 5080 ait:
1526 5045 1544 5077 ι
1582 5026 1696 5098 Ego
1738 5029 2002 5086 Dominus
2044 5031 2190 5088 Deus

616 5121 763 5179 tuus,
788 5115 882 5184 qui
911 5116 1078 5170 eduxi
1119 5123 1171 5171 te
1206 5116 1274 5172 de
1306 5125 1447 5173 terra
1472 5118 1710 5190 Egypti,
1742 5121 1810 5177 de
1832 5123 1994 5178 domo
2017 5125 2191 5179 servi-

615 5207 748 5261 tutis
771 5224 784 5260 :
817 5223 927 5261 non
955 5215 1117 5262 erunt
1145 5208 1242 5263 tibi
1270 5209 1346 5263 dii
1374 5210 1465 5264 alii
1491 5220 1688 5279 praeter
1715 5227 1801 5266 me
1828 5213 1894 5265 “.
1926 5233 1945 5264 ι
1982 5213 2191 5269 Decens

613 5310 748 5350 vero
785 5298 902 5351 suis
939 5298 1152 5367 legibus
1201 5299 1334 5354 fecit
1376 5300 1688 5365 exordium,
1728 5316 1787 5357 se
1837 5316 1957 5356 esse
2006 5301 2195 5357 dicens

613 5400 762 5449 eum,
808 5388 901 5456 qui
950 5389 1171 5442 illorum
1222 5390 1277 5444 in
1324 5390 1558 5462 [Egypto
1593 5391 1968 5463 prodigiorum
2003 5402 2194 5448 auctor

611 5475 812 5542 fuerit;
856 5478 950 5545 qui
995 5479 1259 5535 adversus
1303 5481 1618 5550 iniquorum
1658 5482 2007 5540 dominorum
2042 5483 2191 5537 insa-

610 5565 789 5630 niam,
838 5568 1174 5634 universam,
1223 5578 1282 5624 ut
1327 5587 1437 5625 uno
1478 5572 1649 5627 verbo
1691 5572 1903 5639 dicam,
1938 5574 2192 5629 excitarit

685 5680 907 5751 'f’_Dent.
945 5696 996 5743 v,
1031 5682 1118 5735 51.
1189 5683 1234 5713 ⁸⁸
1249 5684 1420 5738 Exod.
1450 5702 1558 5749 xix,
1585 5687 1674 5740 24.
1749 5689 1791 5718 ⁶⁹
1815 5686 1981 5742 Hebr.
2002 5703 2079 5749 ιιι,
2106 5687 2157 5751 5,
2182 5689 2233 5745 6.

603 5746 663 5817 ,⁷⁸
693 5749 880 5804 Matth.
908 5767 1019 5819 xm,
1051 5752 1135 5805 16.
1212 5754 1258 5784 ’⁸
1286 5754 1461 5808 Levit.
1486 5746 1557 5821 xi,
1589 5758 1657 5811 45
1678 5773 1692 5822 ;
1716 5757 1883 5813 Exod.
1908 5774 1994 5820 xx,
2032 5746 2084 5811 δ’.

2296 4564 2457 4618 πάλιν
2502 4568 2613 4627 τοῖς
2652 4565 2949 4633 ἐγνωκόσιν
2996 4566 3177 4617 αὐτόν·
3210 4582 3229 4616 ι
3287 4565 3471 4634 ’Υμῶν
3502 4564 3561 4616 δὲ
3608 4562 3834 4633 μακάριοι

2293 4658 2342 4709 οί
2386 4655 2672 4727 ὀφθαλμοὶ,
2705 4658 2785 4709 ὅτι
2835 4655 3111 4725 βλέπουσι,
3151 4657 3247 4709 καί
3290 4658 3359 4709 τὰ
3404 4651 3522 4709 ὦτα
3566 4655 3724 4725 ὑμῶν,
3766 4653 3834 4704 ὅτι

2294 4748 2605 4802 ἀκούουσιν.
2642 4768 2660 4799 ι
2708 4748 2923 4820 Ἐπειδὴ
2947 4748 3001 4802 δὲ
3030 4750 3155 4812 τοὺς
3181 4749 3311 4820 περὶ
3334 4747 3543 4800 τούτων
3563 4745 3833 4814 διεπέραινε

2292 4840 2485 4908 λόγους
2530 4842 2558 4892 ὁ
2588 4838 2694 4892 τῶν
2740 4840 2879 4892 ὅλων
2905 4840 3067 4904 Θεὸς,
3112 4839 3338 4911 ἄρχεται
3361 4838 3712 4909 θεσμοθετεῖν,
3751 4834 3834 4886 καὶ

2294 4934 2421 4996 τοὺς
2453 4933 2539 5000 ἐφ’
2571 4931 2742 4989 ἅπασι
2781 4934 2892 4997 τοῖς
2932 4931 3177 5003 ἀρίστοις
3207 4930 3409 4997 ὁρίζειν
3452 4930 3667 5000 νόμους.
3698 4925 3834 4979 οὕτω

2292 5027 2352 5079 τέ
2388 5040 2573 5096 φησιν·
2605 5044 2623 5077 ι
2669 5023 2811 5092 Ἐγὼ
2853 5022 3056 5095 Κύριος
3093 5025 3123 5076 6
3163 5022 3295 5085 Θεός
3328 5037 3445 5085 σου,
3478 5021 3626 5084 ὅστις
3664 5016 3834 5087 ιξήγα-

2293 5118 2389 5187 τόν
2432 5134 2491 5171 σε
2540 5116 2605 5171 ὲκ
2656 5115 2759 5185 γῆς
2805 5113 3105 5184 Δίγύπτου,
3155 5113 3215 5178 ἐξ
3258 5114 3407 5166 οίκου
3457 5110 3705 5173 δουλείαςο
3744 5107 3834 5159 οὐκ

2296 5208 2508 5261 ἔσονταί
2537 5224 2618 5261 σοι
2664 5205 2775 5258 θεοὶ
2804 5204 2980 5276 ἕτεροι
3026 5203 3165 5271 πλὴν
3194 5203 3350 5274 ἐμοῦ.
3393 5222 3412 5253 ι
3449 5202 3750 5274 Πρέπουσαν
3782 5194 3831 5247 δὲ

2293 5303 2407 5365 τοῖς
2441 5300 2624 5368 νόμοις
2664 5298 2959 5368 ἐποιήσατο
3004 5293 3103 5366 τὴν
3131 5294 3329 5365 ἀρχὴν,
3362 5292 3553 5345 ἑαυτὸν
3593 5285 3715 5343 εἶναι
3754 5285 3833 5336 λέο

2294 5409 2405 5460 γων
2448 5392 2539 5445 τὸν
2592 5392 2651 5445 ὲν
2704 5388 2966 5458 Αἰγύπτῳ
3007 5385 3393 5457 τερατουργόν’
3439 5385 3530 5436 τὸν
3580 5384 3687 5443 ταῖς
3731 5375 3831 5429 τῶν

2294 5479 2765 5534 πλεονεκτούντων
2795 5477 3014 5547 μανίαις
3052 5476 3202 5544 ὅλην,
3234 5475 3309 5537 ὼς
3337 5474 3467 5536 ἔπος
3502 5472 3681 5530 είπείν,
3712 5479 3831 5519 κατ·

2294 5572 2652 5640 εξανιστάντα
2680 5571 2777 5640 τὴν
2797 5567 2995 5623 κτίσιν·
3050 5566 3237 5628 ὑετούς
3264 5583 3323 5618 τε
3362 5564 3457 5617 καὶ
3489 5559 3708 5633 χαλάζας
3751 5554 3828 5618 ἐξ·

2293 5692 2336 5722 "
2364 5690 2529 5745 Marc.
2555 5704 2609 5753 x,
2635 5688 2693 5742 9.
2765 5684 3018 5741 “Matth.
3052 5700 3167 5750 χιιι,
3204 5683 3288 5737 ll.
3371 5682 3417 5713 "
3447 5678 3627 5736 Matth.
3647 5692 3721 5740 xv,
3746 5671 3825 5727 u.
