3998 6530
219 463 310 522 ηδ
447 435 451 438 ’
891 447 980 502 DE
1021 443 1459 501 ADOKATIONE
1499 442 1566 497 IN
1602 440 1871 498 SPIRITU
1913 441 2000 495 ET
2041 441 2404 496 VERITATE.
2447 441 2574 494 ΜΒ.
2621 439 2726 494 VII.

3327 438 3429 498 494

219 573 486 637 ωπλικότα,
511 567 605 620 καὶ
619 564 727 619 τῶν
744 562 1023 632 στοιχείων
1042 559 1344 632 μεταϐολάς
1368 558 1754 628 ὲπιδεδειχότα,

1879 565 2199 620 :reaturam;
2249 555 2344 626 qui
2388 555 2592 609 imbres
2636 561 2691 608 et
2735 550 3056 623 grandinem
3100 551 3342 614 armarit,
3377 562 3433 607 et

218 671 301 727 καὶ
336 665 438 725 τοῖς
469 663 834 730 πρωτοτόκοις
866 658 956 710 τὸν
1003 657 1221 726 οἰκτρὸν
1253 655 1464 709 ὲνιέντα
1504 653 1750 719 θάνατον,

219 757 301 811 καὶ
335 748 513 804 σκότον
553 746 739 808 αὐτοῖς
787 739 1134 814 καταχέαντα
1166 743 1260 797 τὸν
1298 743 1618 815 τριήμερον·
1665 741 1756 794 τὸν

214 847 291 903 διὰ
317 842 483 914 μέσων
522 839 658 891 ἰέναι
691 835 949 906 κυμάτων
977 831 1056 898 οἷς
1091 836 1157 888 ἂν
1190 834 1363 887 ἐθέλοι
1396 832 1755 903 δωρούμενον,

217 938 298 994 καὶ
327 929 554 1003 ἀμογητὶ
585 925 952 998 συνθραύοντα
981 927 1107 987 τοὺς
1147 922 1569 993 ἀνθεστηκότας.
1611 922 1759 975 Ἔδει

216 1030 330 1098 γὰρ,
358 1021 456 1075 εδει
477 1020 550 1090 μὴ
577 1018 790 1084 ἀγνοεῖν
815 1016 940 1078 τοὺς
968 1014 1066 1083 τῆς
1097 1013 1246 1076 θείας
1277 1013 1497 1082 ἐντολῆς
1539 1009 1761 1081 ὑποτρέ-

215 1131 387 1191 χοντας
427 1111 517 1163 τὸν
568 1107 750 1176 ζυγὸν,
791 1108 890 1176 ὅση
938 1105 1023 1166 τίς
1074 1106 1221 1156 ἐστιν
1263 1105 1296 1173 ἡ
1329 1102 1423 1155 τοῦ
1467 1100 1759 1172 νομοθέτου

213 1211 457 1278 δύναμις,
500 1203 594 1255 καὶ⁵
645 1202 727 1254 ὅτι
777 1195 1138 1269 προσκρούειν
1171 1195 1352 1257 αὐτοῖς
1381 1195 1481 1246 οὐκ
1523 1192 1762 1262 ἀσφαλὲς

213 1304 281 1372 τῷ
302 1299 469 1352 πάντα
498 1293 732 1354 εὐκόλως
759 1287 1057 1360 κατορθοῦν
1100 1286 1356 1356 ἰσχύοντι.

276 1475 472 1530 ΠΑΛΛ.
510 1473 595 1534 Ὧς
621 1465 681 1524 εὖ
711 1485 775 1537 γε
797 1470 932 1538 ἡμῖν
958 1467 987 1520 6
1012 1463 1308 1536 νομοθέτης
1333 1464 1426 1518 καὶ
1448 1463 1764 1536 θεοπρεπῶς

214 1561 837 1630 ὲτκέπτετοῙΚατάγχει
875 1559 982 1628 γάρ
1032 1572 1148 1618 πως
1200 1555 1288 1608 ἀεὶ
1330 1554 1389 1606 τὸ
1421 1555 1583 1626 δεῖμα
1627 1555 1766 1626 πρὸς

212 1658 535 1718 εὐπείθειαν,
564 1655 658 1708 καὶ
689 1652 877 1720 ὥσπερ
914 1648 1032 1702 τινὰ
1062 1646 1240 1699 πῶλον
1278 1646 1489 1717 εὐήνιον
1519 1649 1766 1717 ἀπεργάο

213 1746 350 1810 ζεται
373 1745 460 1798 τὸν
486 1743 668 1813 ἀπηνῆ
703 1740 796 1794 καὶ
826 1728 1190 1806 δυσάγωγον.’

275 1920 426 1976 ΚΥΡ.
475 1917 776 1988 Ὀρθότατα
813 1915 969 1987 ἔφης.
1009 1917 1324 1988 Ἀποφήσας
1349 1915 1415 1986 δὴ
1438 1873 1530 1969 οὖν
1552 1915 1612 1968 τὸ
1637 1914 1762 1987 χρῆι
1797 1936 1836 1992 Β

210 2031 290 2067 ναι
311 2013 446 2073 θεοῖς
466 2009 794 2079 προσκυνεῖν
825 2007 1055 2079 ἑτέροις,
1077 2009 1172 2060 καὶ
1197 2008 1298 2078 τὴν
1320 2006 1540 2061 εἰδώλου
1563 2008 1764 2070 παντὸς

210 2105 430 2173 ποίησιν,
465 2099 780 2172 ὲξομοίωμά
804 2116 863 2152 τε
893 2099 988 2152 καὶ
1025 2098 1264 2169 γραφὴν,
1293 2100 1390 2152 καὶ
1432 2098 1496 2152 τὸ
1538 2099 1765 2169 προσνέ-

211 2212 322 2269 μειν
368 2193 682 2263 ἀποτολμᾷν
722 2191 784 2244 τὸ
834 2190 935 2260 τῆς
975 2189 1229 2260 θεότητος
1271 2189 1443 2260 ὄνομα
1491 2191 1612 2253 ταῖς
1655 2188 1765 2241 τῶν

209 2284 662 2356 ἀγαλματουργῶν
694 2283 1047 2353 ἐπιστήμαις,
1076 2281 1256 2344 δίκαις
1297 2280 1614 2350 ύπενεγκὼν
1645 2283 1767 2343 ταῖς

206 2381 448 2451 ἐσχάταις
479 2378 497 2448 (
521 2396 538 2429 ι
573 2377 647 2429 Ού
673 2376 782 2446 γὰρ
803 2376 969 2446 λήψῃ.
989 2374 1143 2444 φησὶ,
1160 2374 1227 2428 τὰ
1248 2373 1420 2445 ὄνομα
1442 2373 1646 2444 Κυρίου
1669 2372 1764 2426 τοῦ

207 2470 332 2524 Θεοῦ
371 2487 460 2523 σου
501 2469 595 2522 ἐπὶ
647 2467 882 2538 ματαίῳ,
926 2468 1007 2520 ὅτι
1037 2468 1098 2522 οὐ
1135 2466 1210 2538 μὴ
1245 2465 1518 2536 καθαρίσῃ
1567 2465 1768 2535 Κύριος

205 2566 289 2617 τὸν
307 2562 650 2633 λαμϐάνοντα
673 2561 734 2613 τὸ
758 2560 926 2630 ὄνομα
949 2559 1114 2612 αὑτοῦ
1144 2559 1236 2612 ἐπὶ
1269 2558 1485 2628 ματαίῳ
1511 2557 1579 2627 ι),
1609 2574 1770 2610 κατα-

209 2654 447 2727 ρυθμίζει
499 2651 684 2704 λοιπὸν
736 2650 806 2702 τά
854 2649 1203 2720 ἀνθρώπινα,
1260 2650 1355 2702 καὶ
1405 2648 1594 2719 ὥσπερ
1647 2648 1769 2701 τινὰ

207 2745 396 2799 κανόνα
420 2743 559 2814 πρὸς
577 2743 637 2796 τὸ
663 2742 789 2796 εὐθὺ
831 2744 952 2805 ταῖς
981 2742 1236 2795 ἁπάντων
1269 2740 1570 2803 πολιτείαις
1597 2738 1769 2810 ὁρίζει

203 2837 287 2890 τὸν
316 2837 501 2907 νόμονσ
539 2834 758 2904 ἁπάσης
787 2833 843 2887 δὲ
877 2833 1025 2904 ἡμᾶς
1051 2832 1328 2903 ἐξίστησιν
1357 2830 1652 2904 ἁμαρτίας,
1679 2830 1772 2884 τὸν

207 2929 298 2999 τῆς
337 2929 396 2980 ὲν
437 2925 663 2998 Χριστῷ
691 2924 1038 2992 δικαιοσύνης
1081 2923 1178 2976 καὶ
1216 2922 1324 2994 πρό
1357 2938 1422 2990 γε
1453 2922 1560 2976 τῶν
1595 2921 1772 2976 ἄλλων

205 3033 404 3087 καταση
415 3018 622 3086 μαίνων
645 3014 856 3087 καιρὸν,
881 3014 1002 3068 καθ’
1025 3014 1084 3068 ὃν
1117 3016 1150 3085 ἡ
1185 3014 1483 3082 τελεωτάτη
1506 3012 1772 3084 λύτρωσις

207 3110 351 3178 καὶὴ
388 3107 724 3178 φαυλότητος
771 3106 1111 3178 καταφθορά,
1144 3106 1239 3159 καὶ
1277 3104 1668 3175 ἁναμόρφωσις
1693 3105 1772 3166 είς

203 3200 260 3250 τὸ
283 3198 374 3251 ἀπ’
409 3197 610 3268 ἀρχῆς,
637 3198 732 3250 καὶ
768 3197 912 3268 ζωῆς
954 3196 1354 3267 ἀνακαινισμὸς
1409 3197 1507 3265 τῆς
1538 3197 1594 3249 ὲν
1619 3194 1771 3264 ἁγιό-

204 3291 318 3360 τητί
352 3307 410 3343 τε
457 3291 554 3343 καὶ
598 3287 862 3360 φιλοθεῖᾳ.
906 3288 1197 3360 Τοιγάρτοι
1229 3287 1382 3358 φησί·
1425 3305 1444 3339 ι
1489 3286 1770 3357 Μνήσθητι

203 3383 295 3451 τὴν
326 3381 543 3452 ἡμέραν
568 3380 678 3432 τῶν
702 3380 1000 3433 Σαϐϐάτων
1035 3377 1285 3447 ἀγιάζειν
1311 3378 1503 3447 αὐτήν·
1541 3376 1599 3443 ἓξ
1631 3375 1768 3446 ἡμέ-

207 3488 299 3540 ρας
330 3471 565 3542 ἐργάση,
590 3472 681 3524 καὶ
711 3471 956 3542 ποιήσεις
980 3470 1157 3524 πάντα
1197 3471 1267 3522 τὰ
1298 3468 1436 3540 ἔργα
1466 3485 1582 3529 σου,
1627 3467 1770 3537 τῇδὲ

203 3563 378 3633 ἡμέρᾳ
420 3565 489 3633 τῇ
541 3562 746 3634 ἐϐδόμῃ
786 3562 1040 3616 Σάϐϐατα
1065 3602 1080 3628 ,
1128 3561 1434 3622 ἀνάπαυσις
1480 3557 1668 3628 Κυρίῳ
1695 3557 1773 3626 τῷ

205 3651 316 3722 Θεῷ
357 3669 480 3705 σου·
517 3653 581 3705 ού
614 3655 860 3723 ποιήσεις
893 3653 951 3704 ἐν
986 3653 1125 3722 αὐτῇ
1158 3652 1265 3703 πᾶν
1296 3650 1479 3720 ἔργον,
1518 3649 1583 3701 σὺ
1614 3648 1708 3701 καὶ
1744 3649 1773 3700 ό

205 3746 310 3808 υἱός
338 3763 432 3798 σου
468 3745 570 3798 καὶ
614 3746 648 3816 ὴ
691 3745 937 3816 θυγάτηρ
979 3761 1074 3796 σου
1099 3782 1114 3806 ,
1145 3745 1174 3797 6
1204 3745 1335 3806 παῖς
1378 3759 1470 3815 σου
1505 3743 1597 3795 καὶ
1649 3757 1775 3794 παι-

205 3838 356 3909 δίσκη
405 3855 524 3902 σου,
561 3839 590 3891 ὁ
626 3839 750 3909 βοῦς
802 3856 896 3892 σου
941 3841 1036 3893 καὶ
1072 3838 1133 3891 τὸ
1164 3836 1456 3903 ύποζύγιόν
1487 3854 1612 3899 σου,
1668 3837 1775 3889 πᾶν

204 3931 259 3983 τὸ
287 3933 484 4002 κτῆνός
519 3947 636 3996 σου,
666 3932 760 3984 καὶ
789 3933 818 3985 6
845 3931 1186 4002 προσήλυτος
1213 3930 1243 3982 ό
1273 3929 1554 4002 παροικῶν
1583 3930 1640 3981 ὲν
1672 3926 1774 3981 σοί.

217 4020 299 4071 Ἐν
328 4023 436 4091 γάρ
471 4020 532 4085 ἓξ
576 4021 812 4091 ἡμέραις
863 4019 1086 4089 ἐποίησε
1137 4019 1340 4092 Κύριος
1369 4019 1460 4073 τὸν
1524 4017 1776 4088 οὐρανὸν,

208 4111 295 4164 καὶ
342 4111 442 4181 τὴν
486 4115 616 4181 γῆν,
648 4113 743 4165 καὶ
789 4111 888 4181 τὴν
931 4111 1229 4175 θάλασσαν,
1279 4114 1374 4167 καὶ⁹
1401 4111 1578 4165 πάντα
1621 4109 1688 4163 τὰ
1722 4111 1779 4162 ἐν

208 4203 402 4266 αὐτοῖς,
458 4204 559 4256 καὶ
609 4203 920 4256 κατέπαυσε
955 4207 1021 4274 τῇ
1077 4203 1259 4275 ἡμέρᾳ
1291 4208 1357 4276 τῇ
1411 4205 1635 4280 ἑϐδόμῃ.
1683 4211 1781 4264 Διά

207 4290 356 4346 τοῦτο
383 4294 658 4364 ηύλόγησε
692 4293 892 4364 Κύριος
921 4294 1018 4365 τὴν
1045 4295 1258 4366 ἡμέραν
1283 4297 1383 4368 τὴν
1407 4297 1664 4370 ἑϐδόμην,
1689 4301 1781 4352 καὶ

206 4383 428 4451 ἡγίασεν
460 4384 656 4453 αὑτήν.

272 4474 479 4528 ΠΑΛΛ.
516 4474 628 4527 Καὶ
655 4478 708 4527 τί
739 4474 803 4546 δὴ
831 4475 989 4529 τοῦτό
1014 4478 1192 4543 ὲστιν;
1223 4480 1285 4532 οὐ
1317 4480 1424 4550 γάρ
1449 4497 1528 4533 τοι
1558 4481 1780 4552 συνίημι

209 4565 407 4632 σαφῶς.
445 4565 806 4636 Ἀγιάσαιμεν
844 4567 888 4618 δ’
923 4566 988 4619 ἂν
1017 4566 1138 4620 τίνα
1163 4567 1364 4638 τρόπον
1387 4568 1484 4639 τὴν
1510 4569 1616 4623 τῶν
1643 4571 1781 4622 Σαϐ-

207 4655 378 4709 ϐάτων
407 4658 626 4728 ἡμέραν
643 4675 658 4722 ;

271 4749 432 4802 ΚΥΡ.
459 4749 652 4801 Βούλει
697 4748 944 4819 λέγωμεν
986 4749 1144 4817 ὀλίγα
1174 4750 1309 4803 ἅττα
1342 4768 1468 4822 περι
1498 4752 1778 4806 Σαϐϐάτου

205 4841 294 4892 καὶ
337 4841 438 4910 τῆς
484 4843 546 4892 ἐν
599 4840 747 4910 αύτῷ
804 4841 1178 4911 τετιμημένης
1222 4841 1457 4911 άργίας;
1515 4841 1623 4896 εἷεν
1671 4845 1779 4914 γὰρ

202 4933 263 4984 ἂν
295 4934 441 4986 οὕτω
471 4935 571 4987 καὶ
604 4933 748 5003 μάλα
796 4932 943 5000 σαφῆ
971 4932 1050 4984 τὰ»
1081 4931 1263 4985 θεόθεν
1294 4935 1425 5002 ἡμῖν
1473 4950 1780 5004 κεχρησμο-

205 5022 323 5092 δοτη
331 5023 493 5093 μένα.

272 5118 479 5170 ΠΑΛΛ.
519 5115 664 5168 Πάνυ
705 5114 804 5183 μὲν
837 5109 952 5166 οὖν.

272 5208 436 5262 ΚΥΡ.
475 5207 554 5258 Τὸ
600 5205 894 5268 Σάϐϐατόν,
929 5198 974 5256 ὦ
1021 5203 1278 5258 Παλλάδιε
1301 5245 1314 5269 ,
1361 5204 1648 5261 τελευταία
1679 5206 1777 5276 τῆς

202 5299 492 5369 ἑϐδομάδος
525 5296 792 5367 τυγχάνον
845 5297 1062 5367 ἡμέρα,
1097 5297 1540 5367 κατασημήνειεν
1567 5293 1654 5362 ἂν,
1693 5295 1774 5351 οἴ-

205 5391 296 5456 μαί
351 5406 483 5452 που,
536 5389 626 5440 τὸν
677 5391 776 5458 τῆς
807 5386 900 5440 τοῦ
965 5388 1216 5458 Σωτῆρος
1274 5389 1430 5458 ἡμῶν
1477 5389 1775 5461 ἐπιδημίας

199 5477 408 5547 καιρὸν,
437 5477 500 5538 ὃς
537 5477 745 5546 πέφηνε
785 5475 882 5545 μὲν
912 5477 1004 5528 ἐπὶ
1047 5476 1322 5548 συντελείᾳ
1361 5479 1453 5530 καὶ
1495 5481 1777 5550 μονονουχὶ

201 5567 330 5640 πρὸς
355 5571 559 5628 αὑταῖς
581 5568 677 5638 ἤδη
709 5569 804 5620 τοῦ
838 5568 1106 5638 παρόντος
1128 5569 1325 5632 αἰῶνος
1355 5571 1604 5641 δυσμαῖς,
1633 5573 1774 5642 ἀρχὴ

197 5657 252 5712 δὲ
300 5661 393 5714 καὶ
440 5660 586 5730 θύρα
635 5660 729 5712 καὶ
773 5660 890 5721 ὁδὸς
941 5661 1074 5729 ἡμῖν
1125 5661 1338 5728 γένονεν
1393 5666 1470 5724 είς
1526 5665 1780 5734 ἀπόνιψιν

297 5849 345 5882 τ’
369 5846 552 5902 Exod.
581 5863 644 5900 xx
670 5887 682 5910 ,
716 5848 764 5900 7.
816 5845 1016 5899 "ibid.
1051 5845 1134 5901 10,
1168 5844 1253 5896 Η.

1857 649 2254 702 elementorum
2297 647 2756 701 commutationes
2799 644 3130 710 ostenderit;
3156 643 3248 714 qui
3284 659 3430 699 mor-

1858 749 1969 794 tem
2016 739 2395 809 prilnogenitis
2441 737 2810 793 miserabilem
2853 735 3167 802 immiserit;
3209 736 3304 806 qui
3339 737 3409 791 tri

1860 830 2070 884 duanas
2101 831 2210 884 illis
2238 831 2492 885 tenebras
2524 829 2812 895 effuderit;
2844 827 2938 898 qui
2968 843 3066 898 per
3096 828 3307 884 medios
3328 828 3432 884 ﬁu~

1859 930 2002 984 ctus,
2035 922 2237 991 quibus
2265 921 2521 984 voluerit,
2559 921 2640 976 ire
2665 921 3018 986 concesserit,
3054 921 3148 991 qui
3183 919 3438 976 adversa—

1861 1012 1973 1067 rios
2002 1013 2153 1066 nullo
2189 1013 2411 1082 negotio
2442 1013 2785 1066 contriverit.
2827 1012 2979 1082 Opus
3009 1013 3154 1068 enim
3191 1015 3438 1084 profecto

1861 1114 1999 1170 erat,
2036 1113 2115 1169 ut,
2147 1105 2239 1175 qui
2275 1105 2590 1159 divinorum
2642 1113 3038 1176 praeceptorum
3070 1106 3259 1176 jugum
3302 1106 3439 1161 sub—

1863 1199 2027 1260 irent,
2067 1196 2103 1250 ii
2137 1212 2247 1252 non
2293 1196 2632 1266 ignorarent,
2676 1203 2879 1265 quanta
2923 1204 3071 1252 esset
3115 1197 3442 1268 legislatoris

1863 1297 2126 1360 potestas,
2168 1305 2232 1344 ac
2274 1288 2480 1343 scirent
2519 1287 2744 1342 minime
2784 1287 2887 1342 sibi
2925 1303 3046 1344 esse
3080 1297 3278 1356 tutum,
3313 1306 3440 1345 eum

1863 1381 2164 1447 oﬁ‘endere,
2195 1381 2288 1451 qui
2323 1380 2590 1450 perﬁcere
2623 1379 2807 1434 omnia
2837 1379 2994 1434 facile
3022 1389 3226 1450 posset.

1934 1471 2130 1528 PALL.
2171 1471 2500 1526 Praaclarum
2533 1485 2684 1534 sane,
2713 1485 2776 1524 ac
2802 1470 2914 1524 Deo
2943 1469 3324 1540 dignissimum
3357 1471 3439 1527 le-

1865 1564 2138 1633 gislatoris
2181 1562 2509 1618 consilium:
2547 1577 2673 1616 nam
2723 1577 2942 1630 semper
2992 1561 3107 1617 fere
3157 1572 3337 1618 metus
3372 1563 3439 1618 ad

1865 1653 2234 1709 obedientiam
2278 1653 2467 1723 adigit,
2501 1661 2558 1708 et
2597 1651 2876 1707 hominem
2915 1653 3168 1722 quamvis
3205 1652 3443 1708 eﬁ'rena-

1866 1752 1983 1798 tum
2020 1753 2184 1814 atque
2218 1743 2492 1799 difﬁcilem
2521 1784 2535 1808 ,
2575 1743 2731 1814 quasi
2766 1759 3006 1813 equum,
3043 1743 3198 1800 freno
3227 1743 3443 1801 obtem-
3484 1755 3504 1774 ⁶

1867 1846 2150 1908 perantem
2184 1837 2381 1892 reddit.

1935 1925 2092 1983 CYR.
2135 1928 2463 1984 Rectissime
2502 1926 2661 1981 dicis.
2692 1925 2826 1982 Cum
2868 1927 3036 1998 igitur
3068 1926 3443 1998 prohibuisset

1867 2019 1999 2074 deos
2039 2020 2176 2074 alios
2204 2019 2457 2084 adorare,
2489 2027 2546 2074 et
2586 2019 2794 2074 idolum
2823 2018 3055 2090 quodvis
3097 2018 3181 2074 vel
3214 2020 3444 2074 simula-

1866 2125 2021 2164 crum
2077 2119 2171 2165 aut
2218 2110 2491 2181 picturam
2533 2109 2811 2181 efﬁngere,
2857 2124 3093 2179 cumque
3137 2117 3444 2165 extremum

1867 2203 2196 2272 supplicium
2247 2201 2641 2268 constituisset,
2674 2203 2718 2257 si
2751 2202 2844 2272 qui
2892 2203 3196 2258 divinitatis
3245 2219 3447 2259 nomen

1869 2292 2122 2347 lictorum
2177 2294 2599 2347 simulacrorum
2669 2290 2918 2347 artiﬁciis
2973 2292 3220 2347 tribuere
3279 2307 3448 2346 ausus

1866 2393 2016 2439 esset
2050 2403 2062 2437 :
2108 2404 2126 2435 ι
2163 2385 2350 2454 Neque
2390 2384 2538 2438 enim
2582 2383 2840 2454 accipies,
2876 2383 3074 2454 inquit,
3104 2397 3306 2439 nomen
3343 2383 3452 2439 Do-

1868 2479 2003 2533 mini
2034 2479 2129 2534 Dei
2160 2479 2240 2533 tui
2281 2479 2338 2532 in
2382 2492 2614 2542 vanum;
2655 2476 2786 2546 quia
2830 2491 2940 2530 non
2979 2491 3182 2546 purum
3223 2475 3453 2532 habebit

1868 2571 2133 2627 Dominus
2158 2569 2420 2639 eum,.qui
2443 2568 2644 2640 accipit
2670 2583 2871 2623 nomen
2893 2567 3013 2639 ejus
3037 2567 3095 2622 in
3109 2582 3312 2623 vanum
3330 2568 3400 2635 ",
3425 2587 3443 2619 ι

1870 2675 1985 2719 tum
2017 2663 2084 2717 ad
2139 2678 2227 2717 res
2259 2662 2530 2716 humanas
2564 2661 2970 2730 componendas
2999 2660 3362 2725 convertitur,
3396 2668 3455 2718 et

1869 2758 2045 2827 legem
2090 2755 2246 2825 quasi
2299 2755 2545 2824 regulam
2587 2752 2902 2824 quamdam,
2933 2767 3042 2822 qua
3067 2751 3201 2822 quid
3241 2759 3455 2809 rectum

1871 2848 1962 2912 sit,
1989 2847 2329 2916 exquiratur,
2359 2845 2604 2900 omnium
2639 2843 2922 2900 hominum
2950 2845 3078 2901 vita:
3103 2847 3411 2917 praescribit
3436 2864 3451 2901 :

1871 2949 2036 3010 atque
2069 2939 2136 2993 ab
2172 2937 2448 2993 universis
2498 2953 2600 2992 nos
2642 2937 2885 3007 peccatis
2931 2946 3107 3003 arcet,
3149 2954 3275 2993 cum
3326 2948 3457 2994 ante

1871 3031 1976 3086 alia
2019 3030 2168 3085 illius
2207 3029 2260 3084 in
2301 3028 2527 3084 Christo
2565 3029 2794 3100 justitize
2834 3035 3050 3099 tempus
3091 3029 3360 3101 designat,
3397 3032 3456 3087 in

1872 3135 1984 3190 quo
2013 3118 2412 3190 perfectissima
2446 3118 2538 3172 illa
2584 3118 2912 3188 redemptio,
2938 3127 2994 3174 et
3030 3119 3292 3175 vitiorum
3319 3122 3455 3178 abo-

1872 3212 2013 3274 litio,
2049 3220 2103 3266 et
2133 3211 2200 3266 ad
2241 3210 2538 3280 pristinum
2583 3218 2787 3264 statum
2837 3209 3174 3276 reformatio,
3202 3218 3259 3267 et
3306 3212 3454 3277 vitae,

1874 3317 1995 3371 quae
2031 3301 2088 3356 in
2127 3300 2416 3356 sanctitate
2445 3316 2509 3354 ac
2547 3299 2643 3354 Dei
2680 3315 2867 3355 amore
2896 3300 3138 3364 ducitur,
3175 3302 3458 3357 renovatio

1873 3393 2121 3464 contigit.
2145 3393 2332 3462 itaque
2359 3393 2434 3447 ait
2462 3411 2473 3445 :
2508 3412 2525 3444 ‹
2553 3393 2867 3449 Recordare
2893 3393 3040 3448 diem
3068 3392 3456 3459 Sabbatorum,

1873 3495 1934 3538 ut
1966 3483 2276 3553 sanctiﬁces
2318 3484 2470 3538 illum
2505 3503 2516 3537 :
2552 3500 2646 3540 sex
2684 3485 2882 3540 diebus
2916 3485 3253 3555 operaberis,
3287 3493 3346 3541 et
3375 3484 3458 3540 fa-

1872 3576 1986 3630 cies
2011 3575 2192 3629 omnia
2227 3590 2395 3646 opera
2427 3583 2519 3630 tua
2548 3593 2560 3628 :
2589 3577 2678 3631 die
2705 3585 2888 3631 autem
2938 3577 3171 3646 septimo
3199 3575 3458 3641 Sabbata,
3553 3564 3570 3581 ’

1873 3668 2098 3739 requies
2122 3669 2355 3723 Domino
2393 3669 2508 3724 Deo
2538 3676 2669 3723 tuo:
2697 3684 2807 3723 non
2845 3669 3011 3725 facies
3050 3669 3104 3723 in
3143 3668 3262 3738 ipso
3297 3682 3460 3722 omne

1874 3773 2034 3828 opus,
2069 3767 2151 3821 tu,
2181 3766 2238 3812 et
2283 3757 2429 3812 ﬁlius
2461 3766 2608 3822 tuus,
2643 3766 2701 3814 et
2735 3758 2845 3813 ﬁlia
2880 3767 2992 3823 tua,
3022 3773 3218 3814 servus
3248 3766 3376 3813 tuus
3403 3765 3461 3814 et

1876 3851 2071 3906 ancilla
2105 3857 2216 3914 tua,
2249 3851 2349 3905 bos
2390 3859 2519 3905 tuus
2545 3858 2601 3905 et
2630 3851 2914 3921 subjugale
2957 3858 3110 3905 tuum
3131 3891 3146 3915 ,
3177 3865 3340 3905 omne
3367 3851 3459 3920 ju-

1878 3951 2127 3996 mentum
2178 3942 2339 4012 227
2391 3950 2567 4005 tuum,
2615 3949 2672 3996 et
2724 3942 3054 4012 proselytus,
3100 3941 3195 4011 qui
3247 3940 3462 3996 habitat

1879 4035 2024 4104 apud
2054 4044 2106 4089 te
2142 4053 2154 4087 :
2186 4050 2280 4089 sex
2313 4035 2462 4089 enim
2493 4033 2691 4089 diebus
2724 4035 2853 4089 fecit
2881 4035 3144 4089 Dominus
3171 4034 3368 4089 cmlum
3403 4041 3461 4089 et

1881 4135 2085 4182 terram
2125 4134 2182 4182 et
2220 4142 2370 4181 mare
2408 4134 2464 4180 et
2493 4126 2676 4180 omnia
2705 4140 2826 4195 qua:
2864 4125 2920 4180 in
2958 4125 3040 4180 eis
3073 4137 3224 4189 sunt,
3273 4134 3332 4179 et
3368 4140 3459 4180 re-

1880 4219 2092 4288 quievit
2115 4219 2205 4274 die
2244 4218 2479 4288 septimo
2513 4236 2524 4270 :
2559 4226 2852 4288 propterea
2876 4217 3157 4272 benedixit
3196 4215 3462 4272 Dominus

1883 4307 1992 4361 diei
2023 4307 2278 4377 septimo,
2309 4316 2365 4360 et
2394 4305 2756 4362 sanctiﬁcavit
2787 4305 2941 4359 illum
2977 4306 3041 4358 ⁷⁸.
3082 4323 3100 4356 ›

1955 4481 2148 4536 PALL.
2175 4481 2316 4547 Quid
2343 4497 2472 4535 vero
2497 4480 2642 4535 istud
2666 4482 2791 4536 est?
2818 4497 2930 4534 non
2952 4481 3099 4535 enim
3140 4481 3272 4535 satis
3295 4479 3459 4534 intel-

1884 4573 2013 4643 ligo.
2048 4571 2296 4639 Quonam
2335 4586 2466 4626 vero
2493 4571 2656 4626 modo
2681 4571 2824 4626 diem
2854 4571 3218 4628 Sabbatorum
3256 4571 3461 4626 sancti-

1811 4634 1854 4688 Β
1887 4634 2209 4718 ﬁcabimus?

1947 4757 2102 4813 ΟΥΕ.
2143 4758 2307 4813 Visne
2331 4757 2399 4812 de
2441 4756 2678 4811 Sabbato
2702 4755 2758 4810 ét
2783 4756 2850 4810 de
2893 4755 3216 4817 cessatione,
3243 4768 3364 4823 quae
3406 4767 3463 4806 in

1884 4865 1950 4903 eo
1973 4849 2270 4919 agebatur,
2306 4863 2479 4918 pauca
2516 4847 2804 4922 dicamus?
2834 4848 2911 4903 lta
2934 4847 3082 4900 enim
3119 4841 3465 4915 apertissima

1885 4948 2066 5004 erunt,
2089 4955 2209 5010 qua:
2227 4940 2385 4994 nobis
2406 4939 2672 4993 divinitus
2700 4944 2972 5008 praecepta
2995 4944 3142 4992 sunt.

1957 5119 2150 5174 PALL.
2181 5118 2322 5173 Sane
2351 5117 2595 5188 quidem.

1952 5209 2107 5264 CYR.
2135 5209 2457 5270 Sabbatum,
2488 5206 2714 5269 Palladi,
2743 5203 2972 5260 ultimus
3015 5201 3276 5258 nimirum
3327 5198 3465 5255 heb-

1885 5301 2129 5356 domadae
2152 5300 2290 5363 dies,
2319 5299 2588 5370 designat,
2616 5307 2680 5352 ut
2717 5294 2971 5353 existimo
2991 5334 3005 5360 ,
3051 5303 3270 5364 tempus
3305 5291 3462 5357 illud,

1881 5409 1991 5463 quo
2014 5392 2260 5448 Salvator
2278 5397 2463 5446 noster
2480 5387 2721 5452 advenit,
2750 5387 2842 5458 qui
2862 5385 3112 5458 apparuit
3137 5384 3228 5440 ille
3242 5381 3465 5454 quidem

1883 5487 1937 5540 in
1965 5482 2460 5543 consummatione,
2487 5494 2550 5534 ac
2575 5477 2977 5550 propemodum
3013 5477 3116 5533 sub
3153 5477 3332 5548 ipsum
3366 5489 3468 5530 sae-

1884 5577 1991 5631 culi
2023 5574 2306 5646 praesentis
2334 5581 2627 5631 occasum;
2659 5569 2754 5624 sed
2782 5569 2866 5624 ad'
2893 5568 3234 5624 ablutionem
3267 5579 3462 5637 pecca—

1891 5675 2089 5723 torum.
2132 5666 2199 5721 ad
2236 5664 2544 5720 libertatem
2596 5672 2814 5733 quoque
2845 5677 2924 5730 ac
2973 5660 3369 5721 remissionem,
3396 5654 3464 5710 ad
