4072 6508
534 388 638 447 L95
1564 383 1617 437 S.
1659 382 1932 438 CYRlLLI
1973 380 2439 436 ALEXANDRINI
2478 380 2793 436 ARCHIEP.
3674 384 3777 439 496

536 501 999 571 incorruptionem
1025 512 1088 552 ac
1126 497 1312 558 vitam,
1334 495 1398 549 ad
1429 512 1579 565 spem
1605 496 1841 565 denique
1865 497 2103 552 futuram

2225 495 2499 568 ἱμαρτίας,
2535 496 2612 557 εἰς
2650 494 2960 566 ἐλευθερίαν
2994 494 3086 547 καὶ
3118 494 3331 565 ἄφεσιν.
3358 496 3438 559 εἰς
3471 496 3779 568 ἀφθαρσίαν

534 594 753 650 initium
779 600 835 646 et
866 592 1032 661 janua
1056 599 1109 643 et
1133 588 1218 641 via
1241 587 1399 641 nobis
1422 595 1504 640 est
1535 587 1729 641 factus.
1760 588 1941 642 Multis
1977 604 2108 643 vero

2225 589 2303 643 ιαί
2332 590 2410 652 εἰς
2438 586 2602 658 ζωὴν,
2634 588 2726 640 καὶ
2776 588 2854 649 εἰς
2889 585 3080 640 ἐλπίδα
3120 586 3219 658 τὴν
3254 587 3570 658 μέλλουσαν.
3606 591 3777 644 Πολυ-

533 685 712 740 modis
728 684 893 745 hunc,
912 680 1003 750 qui
1030 680 1084 733 in
1109 678 1326 733 Christo
1353 679 1695 749 intelligitur,
1714 680 2107 736 sabbatismum

2225 680 2424 751 τρόπως
2455 680 2510 733 δὲ
2555 682 2691 752 ἡμῖν,
2724 679 2817 733 τὸν
2847 680 2904 731 ὲν
2948 679 3172 751 Χριστῷ
3205 681 3490 751 νοούμενον
3521 683 3781 737 σαϐϐατι-

534 788 812 827 sacrarum
838 784 1054 840 quoque
1080 768 1412 824 Litterarum
1438 768 1569 824 ﬁdes
1586 771 1745 825 nobis
1770 772 2003 828 latenter
2027 774 2110 830 in-

534 864 735 927 sinuat,
762 878 907 916 nunc
929 860 1151 932 quidem
1170 877 1293 915 cum
1312 861 1696 927 cessationem,
1717 879 1821 933 qua
1850 874 2108 935 tanquam

534 972 563 1010 a
596 954 833 1026 peccatis
856 959 1122 1019 cessatur,
1146 952 1429 1018 describit,
1482 963 1535 1009 et
1575 956 1829 1011 acerbam
1860 956 2111 1027 inprimis

534 1057 695 1117 atque
717 1060 965 1116 asperam
994 1044 1046 1098 in
1077 1052 1510 1116 transgressores
1535 1062 1751 1117 poenam
1789 1048 2106 1115 constituit;

535 1152 682 1192 nunc
725 1151 876 1201 vero,
919 1152 1044 1191 cum
1084 1136 1541 1207 redemptionem,
1583 1154 1704 1207 quae
1746 1138 1801 1191 in
1833 1153 1899 1192 eo
1946 1137 2023 1203 ﬁt,
2048 1153 2111 1193 ac

535 1227 920 1293 remissionem
956 1237 1012 1283 et
1035 1228 1476 1293 instructionem,
1499 1244 1605 1298 qua
1641 1229 1706 1282 ad
1729 1228 1973 1283 futurum
2008 1244 2109 1284 εαξ-

536 1319 721 1374 culum
766 1334 1024 1393 paramur
1067 1326 1122 1373 et
1146 1318 1523 1390 accingimur,
1550 1319 1777 1389 ﬁgurate
1817 1318 2109 1390 signiﬁcat.

606 1410 803 1465 PALL.
843 1410 1066 1480 Explica
1091 1411 1256 1483 igitur
1291 1426 1527 1481 quonam
1552 1419 1729 1481 pacto.
1759 1409 1818 1465 ld
1858 1412 2004 1466 enim
2042 1411 2111 1467 li-

538 1499 865 1555 bentissime
884 1500 1195 1565 didicerim.

606 1590 765 1651 (ΝΒ.
791 1591 895 1646 Per
932 1591 1126 1657 ﬁdem,
1156 1591 1401 1656 Palladi,
1446 1607 1567 1661 qua:
1605 1592 1661 1645 in
1706 1590 1929 1649 Christo
1954 1593 2115 1651 intel-

452 1750 471 1764 ε
540 1680 759 1752 ligitur,
810 1681 1106 1737 Sabbatum
1159 1680 1517 1752 spiritualiter
1566 1682 1947 1748 celebramus,
1988 1700 2113 1739 cum

541 1788 571 1827 a
617 1772 1040 1829 distentionibus
1089 1772 1250 1843 hujus
1292 1772 1482 1825 mundi
1539 1788 1835 1837 cessamus,
1862 1783 1915 1828 et
1951 1791 1978 1829 a
2020 1791 2113 1829 va-

2212 772 2347 841 σμὸν
2382 771 2473 824 καὶ
2498 772 2530 843 ἡ
2553 770 2660 826 τῶν
2686 770 2846 844 ἱερῶν
2872 771 2911 822 Γ
2918 773 3220 841 ραμμάτων
3251 775 3544 829 αἰνίττεται
3573 775 3778 840 πίστις,

2209 860 2298 913 ὁτὲ
2332 861 2428 930 μὲν
2459 861 2557 931 τὴν
2590 860 2646 912 ὲν
2692 860 2870 932 ἑαυτῷ
2910 860 3243 930 κατάληξιν,
3269 861 3366 931 τὴν
3396 862 3471 925 ῶς
3504 862 3563 928 ἐξ
3592 865 3776 935 ἀμαρ-

2210 951 2340 1006 τιῶν
2371 951 2766 1021 ύπογράφουσα
2788 989 2803 1013 ,
2846 950 2940 1003 καὶ
2970 950 3065 1019 τὴν
3102 952 3186 1004 ὃτι
3221 951 3455 1021 μάλιστα
3488 955 3690 1023 πικράν
3718 971 3777 1007 τε

2212 1043 2304 1096 καὶ
2354 1043 2535 1113 ἀπηνῆ
2587 1041 2681 1094 τοῦ
2731 1042 3159 1112 παραϐαίνοντος
3188 1043 3550 1115 καθορίζουσα
3588 1046 3775 1117 δίκην,

2210 1136 2299 1189 ὁτὲ
2344 1135 2399 1188 δὲ
2434 1131 2500 1189 αὖ
2539 1134 2636 1205 τὴν
2668 1136 2725 1187 ὲν
2760 1133 2909 1203 αύτῷ
2937 1133 3203 1204 λύτρωσίν
3234 1151 3295 1186 τε
3325 1136 3421 1189 καὶ
3461 1137 3655 1205 ἄφεσιν
3698 1140 3776 1201 εἰς

2212 1228 2542 1299 ἐλευθερίαν,
2567 1228 2661 1279 καὶ
2698 1225 2801 1296 μὴν
2830 1225 2925 1278 καὶ⁵
2956 1226 3319 1297 εύτρεπισμὸν
3366 1228 3456 1281 τὸν
3496 1231 3575 1294 εἰς
3609 1230 3777 1284 αἰῶνα

2211 1318 2303 1371 τὸν
2335 1318 2594 1387 μέλλοντα
2618 1315 2861 1379 τυπικῶς
2898 1316 3292 1384 ὑποφαίνουσα.

2282 1410 2490 1462 ΠΑΛΛ.
2545 1410 2723 1480 Φράξε
2766 1409 2830 1480 δὴ
2875 1403 2967 1462 οὖν
3000 1410 3166 1472 ὅπως.
3216 1409 3429 1481 Εἰδείην
3468 1412 3574 1483 γὰρ
3606 1413 3672 1465 ἂν
3703 1413 3780 1477 ὡς

2212 1501 2407 1573 ἥδιστά
2435 1519 2519 1570 γε.

2286 1594 2451 1649 ΚΥΡ.
2498 1594 2600 1647 Διά
2637 1594 2904 1656 πίστεως,
2947 1587 2995 1646 ῶ
3024 1592 3308 1659 Παλλάδιε,
3336 1595 3435 1665 τῆς
3470 1597 3528 1649 ὲν
3559 1598 3783 1669 Χριστῷ

2216 1685 2510 1756 νοουμένης
2553 1683 2939 1755 πνευματικῶς
2975 1683 3389 1755 σαϐϐατίζομεν,
3428 1687 3535 1740 τῶν
3562 1690 3618 1740 ἐν
3644 1688 3785 1758 τῷδε

2216 1777 2405 1847 κόσμῳ
2438 1777 2837 1848 περισπασμῶν
2886 1776 3307 1846 καταλήγοντες,
3347 1780 3439 1831 καὶ
3480 1783 3787 1851 περιφορᾶς

543 1880 614 1918 no
683 1879 872 1919 errore
938 1864 1375 1933 requiescimus,
1432 1873 1487 1918 et
1542 1880 1572 1917 a
1634 1865 1876 1934 nequitia
1939 1865 2116 1921 disce-

2225 1846 2431 1933 εἰκαίας
2461 1846 2893 1939 ἀποπαυόμενοι,
2941 1867 3036 1922 καὶ
3066 1868 3396 1939 φαυλότητος
3422 1846 3787 1941 ἀπονοσνφιζό-

541 1953 744 2019 dimus,
793 1961 849 2008 et
885 1954 1093 2022 peccati
1142 1954 1332 2025 jugum
1380 1954 1719 2010 excutientes
1768 1955 1832 2009 ad
1890 1956 2117 2010 liberam

543 2043 1029 2099 sanctiﬁcationem
1069 2044 1398 2098 relaxantur.
1447 2045 1634 2115 Itaque
1682 2044 1876 2099 beatus
1918 2046 2119 2100 Paulus

542 2136 611 2189 de
645 2134 733 2199 iis,
764 2134 859 2204 qui
883 2133 1129 2195 nondum
1161 2133 1532 2197 crediderant,
1576 2134 1754 2204 inquit
1790 2153 1801 2187 :
1842 2154 1859 2184 ι
1908 2134 2120 2201 Quibus

542 2241 674 2281 vero
696 2226 938 2282 oﬂ'ensus
959 2225 1063 2279 fuit
1084 2224 1440 2294 quadraginta
1467 2226 1665 2280 annis?
1707 2241 1887 2281 nonne
1915 2226 2001 2290 iis,
2026 2226 2118 2297 qui

542 2334 652 2373 non
689 2318 1233 2386 obtemperaverunt,
1273 2330 1506 2385 quorum
1547 2317 1809 2371 cadavera
1848 2326 2120 2388 prostrata

541 2420 674 2463 sunt
699 2409 754 2475 in
780 2408 1038 2463 deserto?
1071 2407 1282 2473 Quibus
1306 2422 1439 2461 vero
1457 2408 1694 2477 juravit,
1738 2424 1849 2463 non
1891 2410 2120 2465 introire

547 2503 605 2575 in
637 2502 883 2571 requiem
916 2498 1107 2570 ipsius,
1135 2497 1240 2555 nisi
1278 2498 1366 2564 iis,
1404 2500 1497 2569 qui
1542 2499 1806 2554 increduli
1862 2500 2123 2557 fuerunt?

546 2603 603 2650 et
629 2593 882 2659 videmus
924 2590 1069 2667 quod
1120 2605 1229 2644 non
1286 2598 1583 2661 potuerunt
1641 2584 1848 2663 ingredi
1898 2603 2124 2664 propter

548 2680 1010 2737 incredulitatem.
1056 2678 1369 2741 Timeamus
1406 2679 1592 2751 igitur,
1620 2696 1689 2735 ne
1723 2681 1886 2746 forte,
1931 2684 2120 2737 relicta

547 2771 943 2843 pollicitatione
966 2769 1285 2824 introeundi
1310 2770 1366 2823 in
1390 2771 1636 2840 requiem
1654 2771 1845 2841 ipsius,
1872 2772 2122 2827 videatur

546 2860 745 2932 aliquis
766 2875 833 2915 ex
854 2860 1013 2914 vobis
1055 2859 1295 2915 defuisse
1324 2862 1390 2913 ⁷⁷.
1430 2880 1447 2912 ι
1490 2861 1556 2915 Et
1578 2871 1699 2931 post
1724 2862 1827 2917 alia
1853 2882 1866 2915 :
1894 2882 1911 2915 ι
1954 2864 2125 2935 Igitur

553 2949 891 3020 relinquitur
926 2948 1295 3005 sabbatismus
1336 2950 1541 3019 populo
1580 2950 1674 3004 Dei
1716 2952 1782 3005 ⁷³⁸.
1832 2970 1849 3003 ι
1880 2954 1949 3006 At
1992 2967 2125 3007 vero

546 3041 679 3113 quid
702 3041 958 3112 prohibet
1006 3040 1302 3112 quominus
1337 3041 1503 3111 228
1528 3056 1658 3095 vere
1701 3041 1808 3096 dici
1854 3042 2046 3112 possit,
2077 3042 2121 3098 si

2222 1978 2395 2031 μενοι,
2442 1962 2534 2016 καὶ
2579 1960 2671 2018 τὸν
2712 1962 2811 2030 τῆς
2860 1960 3134 2033 ἁμαρτίας
3177 1962 3543 2027 διεκδύνοντες
3596 1964 3789 2033 ζυγὸν,

2218 2053 2481 2124 ἀνείμεθα
2522 2053 2708 2109 λοιπὸν
2753 2056 2832 2117 εἰς
2864 2053 3150 2125 ἐλεύθερον
3186 2055 3479 2126 ἁγιασμόν.
3512 2057 3620 2109 Kal.
3650 2058 3792 2125 γοῦν

2219 2148 2249 2200 ὁ
2282 2145 2565 2209 θεσπέσιος
2610 2144 2819 2209 Παῦλος
2852 2146 2981 2217 περὶ
3022 2144 3130 2199 τῶν
3160 2144 3314 2199 οὔπω
3344 2148 3795 2201 πεπιστευκότων

2220 2237 2370 2307 φησι·
2428 2255 2447 2288 ι
2506 2237 2629 2291 Τίσι
2691 2237 2749 2290 δὲ
2806 2235 3148 2309 προσώχθισε
3196 2238 3604 2310 τεσσαράκοντα
3650 2239 3791 2308 Em;

2220 2327 2337 2397 οὐχὶ
2370 2329 2481 2391 τοῖς
2529 2326 2927 2398 ἀπειθήσασιν,
2971 2320 3046 2382 ῶν
3080 2327 3150 2380 τὰ
3194 2327 3343 2381 κῶλα
3389 2328 3580 2382 ἔπεσον
3619 2330 3679 2382 ὲν
3716 2332 3793 2401 τῇ

2221 2420 2447 2492 ἐρήμῳ;
2478 2421 2601 2474 Τίσι
2642 2420 2697 2474 δὲ
2731 2420 2915 2491 ῶμοσε
2956 2419 3034 2490 μὴ
3078 2420 3338 2474 εἰσελθεῖν
3367 2422 3448 2486 εἰς
3476 2420 3574 2493 τὴν
3610 2423 3794 2476 κατά-

2223 2529 2420 2571 παυσιν
2452 2512 2639 2575 αὑτοῦ,
2675 2512 2725 2565 εἰ
2762 2512 2836 2583 μὴ
2878 2513 2991 2576 τοῖς
3037 2510 3404 2582 ἀπειθήσασι;
3438 2513 3530 2567 καὶ
3577 2512 3791 2583 βλέποι-

2226 2620 2323 2673 μεν
2360 2604 2440 2658 ὄτι
2486 2604 2588 2661 οὐκ
2644 2604 2992 2675 ἠδυνήθησαν
3044 2603 3304 2657 εἰσελθεῖν
3361 2604 3425 2657 δι’
3482 2603 3791 2659 ἀπείθειαν.

2221 2694 2554 2765 Φοϐηθῶμεν
2587 2690 2680 2749 οὖν
2717 2696 2924 2765 μήποτε
2956 2694 3423 2766 καταλειπομένης
3459 2695 3799 2764 ἐπαγγελίας

2223 2784 2484 2843 εἰσελθεῖν
2532 2787 2610 2849 εἰς
2658 2785 2758 2856 τὴν
2803 2784 3147 2839 κατάπαυσιν
3198 2785 3385 2849 αὐτοῦ,
3426 2784 3554 2855 δοκῇ
3598 2802 3682 2848 τις
3724 2785 3800 2850 ἐξ

2224 2876 2375 2947 ὑμῶν
2414 2876 2795 2949 ὑστερηκέναι.
2844 2895 2864 2927 ι
2914 2876 3023 2930 Καὶ
3054 2874 3171 2945 μεθ’
3201 2875 3381 2947 ἕτερα·
3414 2895 3432 2928 ι
3476 2878 3617 2946 ’Δρα
3652 2878 3797 2929 ἁπο-

2223 2969 2468 3023 λείπεται
2518 2967 2881 3037 σαϐϐατισμὸς
2923 2967 3002 3037 τῷ
3043 2967 3158 3037 λαῷ
3192 2966 3289 3020 τοῦ
3349 2966 3504 3022 Θεοῦ.
3537 2986 3554 3018 ι
3596 2967 3801 3020 Καίτοι

2226 3060 2342 3123 πῶς
2374 3060 2474 3113 οὐκ
2504 3058 2699 3129 ἀληθὲς
2718 3099 2733 3123 ,
2778 3059 2853 3123 ὡς
2891 3060 3046 3130 εἰπερ
3076 3060 3219 3112 ἐστὶν
3247 3060 3275 3112 ό
3306 3059 3688 3129 σαϐϐατισμὸς,
3728 3060 3803 3112 τὸ

547 3133 916 3189 sabbatismus
939 3149 1049 3188 non
1105 3133 1255 3188 aliud
1297 3132 1390 3197 sit,
1446 3148 1609 3202 quam
1647 3133 1703 3187 in
1728 3132 1966 3188 Sabbato
2001 3150 2121 3189 ces-

2229 3151 2385 3221 μόνον
2428 3150 2619 3220 ἀργεῖν
2665 3151 2721 3202 ὲν
2766 3150 3061 3221 Σαϐϐάτῳ,
3109 3150 3225 3214 πῶς
3270 3151 3370 3204 οὐκ
3412 3150 3660 3222 εἰσῆλθεν
3708 3155 3803 3216 εἰς

548 3238 669 3279 sare
693 3265 706 3288 ,
735 3224 1010 3294 quomodo
1032 3240 1140 3279 non
1164 3232 1248 3279 est
1275 3224 1555 3295 ingressus
1574 3224 1735 3278 Israel
1762 3224 1816 3277 in
1858 3224 2121 3294 requiem,

548 3330 674 3368 cum
697 3314 845 3369 illam
869 3315 925 3369 in
960 3315 1198 3371 Sabbato
1213 3314 1573 3370 cessationem
1598 3296 1968 3370 observaverit
1982 3316 2004 3368 ?
2019 3314 2126 3370 Sed

549 3407 812 3461 nimirum
837 3421 901 3460 ea
928 3421 1016 3460 res
1038 3406 1210 3477 ﬁgura
1232 3414 1355 3460 erat
1378 3406 1529 3460 illius
1553 3405 1608 3459 in
1646 3405 1869 3461 Christo
1906 3408 2127 3477 requie-

551 3500 643 3562 tis,
671 3507 728 3553 et
768 3498 915 3568 quod
964 3498 1142 3568 ii,qui
1186 3496 1292 3551 ﬁde
1326 3496 1780 3567 justiﬁcarentur,
1825 3514 1855 3553 a
1902 3509 2127 3569 peccato

549 3589 817 3644 oessaturi
841 3597 1044 3643 essent.
1074 3589 1261 3658 Itaque
1299 3587 1577 3657 lapidibus
1600 3587 1759 3641 obrui
1788 3588 1952 3658 jussit
1983 3590 2129 3645 Deus

549 3692 677 3732 eum
707 3677 803 3746 qui
828 3676 1066 3731 Sabbato
1091 3676 1234 3747 ligna
1258 3675 1552 3744 collegerat
1576 3674 1643 3740 ";
1662 3673 1808 3743 quod
1832 3674 1978 3730 illius
1995 3690 2126 3745 sup-

552 3766 777 3837 plicium
819 3765 1119 3833 Spiritualis
1175 3780 1239 3819 ac
1296 3761 1621 3818 necessariae
1666 3762 1746 3816 rei
1790 3762 1961 3833 ﬁgura
2000 3762 2123 3817 fuit.

552 3853 813 3925 Nunquid
833 3854 981 3909 enim
1009 3868 1117 3908 non
1146 3853 1376 3924 lignum,
1405 3851 1553 3921 quod
1580 3867 1610 3907 e
1648 3866 1747 3907 sua
1790 3851 1959 3922 stirpe
1996 3868 2126 3907 exa-

555 3945 689 4009 ruit,
713 3944 961 3999 avulsum
1002 3952 1059 3998 et
1116 3944 1227 4015 jam
1262 3943 1549 4007 siccatum,
1588 3940 1938 3997 mortalitatis
1978 3958 2125 4014 sym-

554 4036 740 4093 bolum
766 4036 951 4100 fuerit,
971 4050 1034 4090 ac
1056 4044 1317 4106 praeterea
1343 4035 1484 4107 ignis
1506 4033 1862 4091 alimentum?

620 4328 819 4385 PALL.
843 4328 921 4383 ita
944 4338 1046 4384 est.

620 4419 777 4477 ΟΥΕ.
822 4420 1105 4491 Ejusmodi
1153 4422 1382 4476 omnino
1429 4432 1513 4476 est
1558 4430 1840 4493 peccatum
1868 4423 2128 4479 aerumnis

2226 3240 2323 3311 τὴν
2347 3238 2689 3297 κατάπαυσιν
2733 3239 2761 3290 ὁ
2798 3238 3048 3310 Ἰσραὴλ,
3079 3239 3171 3292 καί
3199 3256 3281 3292 τοι
3312 3238 3409 3309 τὴν
3442 3241 3498 3292 ὲν
3529 3238 3805 3309 Σαϐϐάτῳ

2228 3334 2475 3405 τηρήσας
2513 3331 2744 3401 ἀργίαν;
2799 3331 2937 3385 Ἀλλ’
2966 3328 3032 3402 ἦν
3061 3332 3140 3393 εἰς
3180 3329 3349 3383 τύπον
3387 3330 3448 3383 τὸ
3474 3330 3662 3401 χρῆμα
3688 3333 3800 3399 τῆς

2226 3426 2283 3478 ὲν
2304 3423 2522 3496 Χριστῷ
2588 3422 3028 3487 καταπαύσεως,
3075 3423 3169 3475 καὶ
3222 3421 3317 3475 τοῦ
3361 3422 3682 3493 καταλήξειν
3733 3423 3805 3487 ἐξ

2226 3514 2502 3586 ἁμαρτίας
2539 3513 2915 3583 δικαιουμένου
2960 3514 3026 3583 τῇ
3072 3512 3274 3566 πίστει.
3320 3513 3607 3583 Τοιγάρτοι
3626 3513 3802 3566 ’λιθό·

2226 3603 2448 3658 λευστον
2482 3604 2801 3659 ὲκτεθνάναι
2833 3604 2941 3657 δεῖν
2981 3604 3233 3657 ἐκέλευσε
3265 3603 3393 3668 Θεὸς
3441 3604 3532 3657 τὸν
3558 3606 3616 3656 ὲν
3656 3604 3803 3657 Σαϐ-

2227 3697 2375 3769 ϐάτῳ
2416 3696 2740 3767 συλλέγοντα
2775 3694 2907 3761 ξύλα
2936 3714 2947 3725 ·
2983 3698 3016 3767 ἡ
3046 3695 3104 3749 δὲ
3148 3695 3234 3748 ἐπ’
3263 3695 3455 3766 ἐκείνῳ
3483 3696 3628 3766 δίκη,
3665 3714 3798 3765 νοη-

2226 3790 2318 3844 τοῦ
2364 3792 2460 3849 καὶ
2503 3789 2803 3859 ἀναγκαίου
2844 3789 3170 3860 πράγματος
3211 3787 3556 3850 ύποτύπωσις
3593 3784 3681 3857 ἧν,
3717 3790 3795 3840 Ἢ

2216 3881 2333 3953 ¹γὰρ
2364 3881 2483 3951 ούχὶ
2510 3881 2573 3936 τὸ
2600 3882 2665 3935 ὲκ
2695 3880 2794 3951 τῆς
2838 3880 3042 3941 οἰκείας
3086 3878 3242 3949 ῥίζης
3273 3878 3533 3939 αὑανθὲν,
3564 3880 3801 3931 ἐκκεκα-

2228 3972 2498 4043 θαρμένον
2545 3972 2641 4031 καὶ
2688 3970 2950 4043 ξηρανθὲν
2990 3971 3093 4041 ἤδη
3137 3968 3321 4034 ξύλον,
3366 3969 3684 4040 νεκρότητος
3726 3968 3799 4022 ἂν

2227 4066 2313 4136 εἴη
2364 4063 2660 4136 σύμϐολον;
2713 4063 2799 4133 εἴη
2850 4062 2894 4116 δ’
2943 4062 3010 4117 ἂν
3055 4061 3151 4114 καὶ
3216 4060 3417 4131 ἑτέρως
3460 4061 3630 4131 πυρὸς
3673 4061 3800 4114 δια-

2226 4154 2399 4225 τροφὴ
2421 4170 2435 4220 ;

2297 4326 2505 4381 IIAAA.
2546 4324 2788 4396 Ἀληθές.

2298 4420 2465 4474 ΚΥΡ.
2526 4417 2760 4488 Τοιαύτη
2800 4416 2880 4482 τίς
2920 4416 3064 4470 ἐστιν
3107 4417 3147 4486 ἡ
3188 4415 3583 4487 παμμόχθηρος
3612 4417 3800 4488 ἁμαρ-

554 4512 797 4581 plenum,
824 4513 981 4591 quasi
1006 4512 1308 4567 mortalitas
1334 4514 1601 4583 quaedam,
1627 4525 1681 4570 et
1726 4515 1949 4571 immitis
1972 4515 2121 4570 ﬁam-

2230 4510 2343 4580 τία,
2375 4510 2637 4584 νεκρότης
2675 4509 2862 4581 ῶσπερ
2886 4526 2989 4576 τις,
3037 4508 3131 4565 καὶ
3173 4508 3272 4578 τῆς
3298 4510 3570 4580 ἀνημέρου
3604 4510 3804 4579 φλογὸς

554 4616 656 4656 ma:
678 4602 794 4656 suis
816 4602 1156 4656 amatoribus
1178 4603 1343 4673 impia
1370 4606 1573 4658 nutrix.
1601 4605 1923 4675 Quicunque
1942 4608 2126 4678 igitur,

553 4706 664 4763 quo
701 4698 947 4761 tempore
991 4707 1019 4744 a
1065 4692 1307 4761 peccatis
1352 4695 1554 4748 cessari
1590 4695 1771 4760 debet,
1810 4699 2042 4752 mortuis
2073 4706 2131 4753 et

558 4780 934 4847 infructuosis,
982 4781 1243 4851 Operibus
1261 4782 1453 4837 intenti
1489 4794 1614 4838 sunt
1660 4796 1732 4849 et,
1758 4788 1966 4857 alrjccta
2015 4791 2129 4845 vir-

555 4882 691 4936 tute,
726 4873 1121 4942 eoncupiscunt
1157 4888 1243 4937 ea,
1284 4889 1381 4943 per
1422 4891 1543 4944 qua:
1578 4876 1709 4945 ipsis
1750 4881 2017 4949 supplicia
2071 4882 2126 4936 in

552 4975 820 5019 retentum
856 4970 1120 5033 parentur
1154 4972 1210 5017 et
1230 4964 1457 5019 flamma:
1488 4967 1878 5034 accendantur,
1924 4970 1960 5024 ii
2011 4980 2127 5025 tum

554 5056 673 5125 jure
714 5054 921 5123 optimo
964 5064 1141 5109 morte
1178 5054 1418 5109 damnati
1447 5058 1622 5127 justas
1664 5076 1852 5129 poenas
1889 5064 2128 5119 sustine—

550 5144 714 5208 bunt,
740 5143 885 5215 quod
912 5159 1037 5198 cum
1063 5144 1225 5201 liceat
1247 5147 1430 5215 quiete
1456 5148 1660 5215 vivere,
1686 5162 1879 5221 sponte
1911 5155 1979 5209 ad
1996 5171 2126 5226 sup—

558 5234 719 5303 plicia
764 5241 951 5287 ruunt.
1022 5234 1365 5303 lugredimur
1402 5237 1568 5308 igitur
1610 5240 1664 5296 in
1714 5244 1982 5311 requiem,
2036 5246 2128 5315 qui

557 5322 911 5388 credidimus,
935 5323 1082 5393 juxta
1101 5324 1243 5379 beati
1259 5326 1408 5381 Pauli
1433 5344 1621 5384 vocem
1643 5332 1709 5383 ⁸ο.
1728 5332 1913 5402 Itaque
1927 5350 2024 5403 per
2039 5337 2131 5391 Je-

560 5417 784 5467 remlam
812 5412 1060 5484 increpat
1096 5414 1239 5470 Deus
1286 5432 1402 5483 eos,
1448 5420 1540 5489 qui
1602 5438 1699 5492 per
1743 5434 2027 5491 peccatum
2076 5428 2130 5481 in

560 5504 787 5576 ﬁguram
810 5504 1108 5560 admissum
1130 5507 1595 5575 pulchritudinem
1634 5515 1879 5570 veritatis
1920 5517 2130 5573 adulte-

558 5594 790 5660 rabant;
831 5594 904 5649 ait
926 5593 1140 5669 itaque:
1174 5615 1191 5647 ι
1223 5597 1369 5654 Vade
1391 5609 1446 5655 ct
1483 5610 1564 5657 sta
1603 5604 1658 5657 in
1690 5605 1863 5674 portis
1895 5604 2128 5662 ﬁliorum

2234 4604 2425 4658 ἀνοσία
2461 4604 2659 4675 τροφὸς
2699 4606 2810 4666 τοῖς
2851 4602 3139 4671 ἀγαπῶσιν
3182 4602 3375 4673 αὑτήν.
3416 4603 3582 4655 Ὅταν
3619 4603 3804 4655 τοίνυν

2236 4696 2312 4761 ὡς
2340 4700 2398 4751 ὲν
2436 4696 2613 4768 καιρῷ
2661 4697 3039 4767 καταλήξεως,
3074 4688 3172 4766 τῆς
3218 4696 3277 4761 ἐξ
3309 4696 3591 4767 ἁμαρτιῶν
3633 4696 3802 4764 λέγω,

2236 4787 2443 4856 νεκρῶν
2473 4787 2567 4840 καὶ
2596 4787 2860 4857 ἀκάρπων
2902 4786 3076 4856 ἔργων
3104 4785 3309 4861 ἐχοιντό
3330 4803 3473 4849 τινες
3491 4826 3506 4849 ,
3544 4787 3637 4839 καὶ
3665 4788 3808 4855 ἁγα-

2239 4880 2347 4949 πᾷν
2375 4878 2606 4945 ἕλοιντο,
2644 4878 2897 4949 μεθέντες
2937 4878 3034 4949 τὴν
3070 4878 3377 4949 ἀρετὴν,τά
3407 4878 3473 4931 δι’
3515 4872 3589 4932 ῶν
3619 4879 3807 4943 αὐτοῖς

2236 4973 2316 5033 εἰς
2356 4970 2527 5023 αἰῶνα
2574 4971 2759 5022 ποιναί
2809 4970 2902 5024 καὶ
2944 4970 3139 5039 φλόγες
3181 4969 3525 5033 ὲξάπτοιντο,
3567 4970 3666 5040 τὴν
3712 4972 3806 5022 ἐπὶ

2236 5061 2450 5133 θανάτῳ
2497 5062 2833 5133 κατάρρησιν
2884 5059 3242 5129 ὑπομενοῦσιν
3269 5060 3513 5127 εἰκότως,
3552 5060 3633 5114 ὅτι
3676 5060 3805 5114 καί-

2234 5171 2317 5207 τοι
2350 5155 2424 5224 μὴ
2468 5153 2615 5223 βιοῦν
2645 5153 2947 5224 ἀνειμένως
2977 5152 3117 5217 ἐξὸν,
3152 5152 3389 5207 ἐθελοντὶ
3412 5153 3808 5223 διαστείχουσιν

2237 5247 2332 5299 ἐπὶ
2359 5246 2421 5299 τὸ
2448 5244 2769 5309 κολάζεσθαι
2800 5244 2929 5298 δεῖν.
2965 5244 3336 5315 Εἰσερχόμεθα
3362 5244 3427 5314 δὴ
3470 5239 3560 5298 οὖν
3599 5246 3679 5307 εἰς
3704 5244 3806 5313 τὴν

2239 5335 2583 5389 κατάπαυσιν
2621 5338 2668 5388 οἰ
2713 5334 3135 5397 πιστεύσαντες,
3164 5335 3305 5388 κατά
3346 5353 3408 5403 γε
3433 5336 3529 5406 τὴν
3567 5334 3660 5388 τοῦ
3697 5352 3807 5404 μα-

2239 5429 2429 5499 καρίου
2454 5427 2668 5480 Παύλου
2690 5427 2893 5497 φωνήν.
2917 5426 3026 5479 Kal.
3045 5426 3174 5495 γοῦν
3197 5426 3287 5480 διά
3305 5427 3487 5498 φωνῆς
3517 5427 3807 5496 Ἱερεμίου,

2238 5520 2361 5583 τοὺς
2390 5519 2455 5572 δι’
2488 5519 2764 5590 ἁμαρτίας
2792 5518 2889 5589 τῆς
2912 5519 2989 5581 εἰς
3018 5518 3107 5571 τὸν
3129 5518 3316 5585 τύπον,
3338 5520 3400 5573 τὸ
3422 5521 3517 5589 τῆς
3545 5518 3809 5587 ἀληθείας

2238 5613 2754 5685 παρασημαίνοντας
2812 5610 3005 5673 κάλλος
3060 5612 3371 5667 ἐπαιτιᾶται
3420 5611 3547 5673 Θεὸς
3590 5609 3808 5676 λέγων*

625 5773 668 5806 "’
692 5771 855 5829 Hebr.
889 5788 965 5840 nr,
997 5772 1197 5842 17-19;
1226 5791 1298 5841 ιγ,
1328 5776 1378 5831 1.
1450 5776 1497 5808 ⁷⁸
1522 5775 1687 5830 llebr.
1720 5792 1790 5841 tv,
1814 5778 1867 5835 9.
1922 5780 2152 5836 "’Num.
2183 5800 2270 5851 xv,
2308 5786 2377 5840 52
2452 5788 2496 5819 ⁵ο
2529 5787 2696 5843 llebr.
2732 5807 2801 5856 iv,
2841 5794 2891 5845 5.
