  <div class='ocr_page' id='page_1' title='image "/cluster/home/n/w/nwhite01/storage/ocr_20150623/68/hvd.32044019207851/256.png"; bbox 0 0 4072 6522; ppageno 0'>
   <div class='ocr_carea' id='block_1_1' title="bbox 264 350 3475 420">
    <p class='ocr_par' dir='ltr' id='par_1_1' title="bbox 264 350 3475 420">
     <span class='ocr_line' id='line_1_1' title="bbox 264 350 3475 420; baseline 0.001 -6"><span class='ocrx_word' id='word_1_1' title='bbox 264 356 350 414; x_wconf 74' lang='grc'><strong>427</strong></span> <span class='ocrx_word' id='word_1_2' title='bbox 928 355 1015 410; x_wconf 87' lang='lat' dir='ltr'><strong>DE</strong></span> <span class='ocrx_word' id='word_1_3' title='bbox 1054 357 1492 416; x_wconf 75' lang='lat' dir='ltr'><strong>ADORATIONE</strong></span> <span class='ocrx_word' id='word_1_4' title='bbox 1529 350 1596 416; x_wconf 78' lang='lat' dir='ltr'><strong>IN</strong></span> <span class='ocrx_word' id='word_1_5' title='bbox 1636 359 1903 418; x_wconf 82' lang='lat' dir='ltr'><strong>SPIRITU</strong></span> <span class='ocrx_word' id='word_1_6' title='bbox 1944 361 2031 417; x_wconf 83' lang='lat' dir='ltr'><strong>ET</strong></span> <span class='ocrx_word' id='word_1_7' title='bbox 2068 362 2434 419; x_wconf 81' lang='lat' dir='ltr'><strong>VERITATE.</strong></span> <span class='ocrx_word' id='word_1_8' title='bbox 2476 362 2604 418; x_wconf 85' lang='lat' dir='ltr'><strong>LIB.</strong></span> <span class='ocrx_word' id='word_1_9' title='bbox 2645 362 2751 418; x_wconf 74' lang='lat' dir='ltr'><strong>VII,</strong></span> <span class='ocrx_word' id='word_1_10' title='bbox 3366 360 3475 420; x_wconf 69' lang='lat'><strong>493</strong></span> 
     </span>
    </p>
   </div>
   <div class='ocr_carea' id='block_1_2' title="bbox 267 464 1811 546">
    <p class='ocr_par' dir='ltr' id='par_1_2' title="bbox 267 464 1788 535">
     <span class='ocr_line' id='line_1_2' title="bbox 267 464 1788 535; baseline 0.003 -15"><span class='ocrx_word' id='word_1_11' title='bbox 267 490 283 520; x_wconf 72' lang='grc' dir='ltr'><strong>ί</strong></span> <span class='ocrx_word' id='word_1_12' title='bbox 318 464 515 520; x_wconf 81' lang='grc' dir='ltr'>Βάδισον</span> <span class='ocrx_word' id='word_1_13' title='bbox 556 465 651 518; x_wconf 79' lang='grc' dir='ltr'>καὶ</span> <span class='ocrx_word' id='word_1_14' title='bbox 693 464 848 535; x_wconf 79' lang='grc' dir='ltr'>στῆθι</span> <span class='ocrx_word' id='word_1_15' title='bbox 890 468 947 520; x_wconf 82' lang='grc' dir='ltr'>ὲν</span> <span class='ocrx_word' id='word_1_16' title='bbox 981 467 1175 531; x_wconf 83' lang='grc' dir='ltr'>πύλαις</span> <span class='ocrx_word' id='word_1_17' title='bbox 1207 470 1340 523; x_wconf 84' lang='grc' dir='ltr'>υίῶν</span> <span class='ocrx_word' id='word_1_18' title='bbox 1368 470 1497 524; x_wconf 79' lang='grc' dir='ltr'>λαοῦ</span> <span class='ocrx_word' id='word_1_19' title='bbox 1556 488 1680 535; x_wconf 86' lang='grc' dir='ltr'>σου,</span> <span class='ocrx_word' id='word_1_20' title='bbox 1730 475 1788 525; x_wconf 83' lang='grc' dir='ltr'>ὲν</span> 
     </span>
    </p>
   </div>
   <div class='ocr_carea' id='block_1_3' title="bbox 1912 464 3468 546">
    <p class='ocr_par' dir='ltr' id='par_1_3' title="bbox 1912 470 3468 546">
     <span class='ocr_line' id='line_1_3' title="bbox 1912 470 3468 546; baseline 0.002 -19"><span class='ocrx_word' id='word_1_21' title='bbox 1912 475 2075 543; x_wconf 78' lang='lat' dir='ltr'><strong>)Opllli</strong></span> <span class='ocrx_word' id='word_1_22' title='bbox 2094 475 2193 538; x_wconf 87' lang='lat' dir='ltr'><strong>tui,</strong></span> <span class='ocrx_word' id='word_1_23' title='bbox 2222 491 2318 545; x_wconf 88' lang='lat' dir='ltr'><strong>per</strong></span> <span class='ocrx_word' id='word_1_24' title='bbox 2337 490 2474 545; x_wconf 87' lang='lat' dir='ltr'><strong>quas</strong></span> <span class='ocrx_word' id='word_1_25' title='bbox 2494 474 2875 546; x_wconf 81' lang='lat' dir='ltr'><strong>ingrediuntur</strong></span> <span class='ocrx_word' id='word_1_26' title='bbox 2891 488 3047 545; x_wconf 77' lang='lat' dir='ltr'><strong>reges</strong></span> <span class='ocrx_word' id='word_1_27' title='bbox 3064 470 3224 539; x_wconf 88' lang='lat' dir='ltr'><strong>Juda,</strong></span> <span class='ocrx_word' id='word_1_28' title='bbox 3242 484 3297 529; x_wconf 89' lang='lat' dir='ltr'><strong>et</strong></span> <span class='ocrx_word' id='word_1_29' title='bbox 3311 489 3468 545; x_wconf 85' lang='lat' dir='ltr'><strong>egre-</strong></span> 
     </span>
    </p>
   </div>
   <div class='ocr_carea' id='block_1_4' title="bbox 263 554 1811 635">
    <p class='ocr_par' dir='ltr' id='par_1_4' title="bbox 263 554 1791 627">
     <span class='ocr_line' id='line_1_4' title="bbox 263 554 1791 627; baseline 0.005 -19"><span class='ocrx_word' id='word_1_30' title='bbox 263 554 333 621; x_wconf 73' lang='grc' dir='ltr'>αἶς</span> <span class='ocrx_word' id='word_1_31' title='bbox 359 556 751 627; x_wconf 78' lang='grc' dir='ltr'><strong>εἰσπορεύονται</strong></span> <span class='ocrx_word' id='word_1_32' title='bbox 793 556 1033 627; x_wconf 81' lang='grc' dir='ltr'><strong>βασιλεῖς</strong></span> <span class='ocrx_word' id='word_1_33' title='bbox 1072 559 1259 624; x_wconf 82' lang='grc' dir='ltr'><strong>Ἰούδα,</strong></span> <span class='ocrx_word' id='word_1_34' title='bbox 1292 562 1385 614; x_wconf 77' lang='grc' dir='ltr'>καὶ</span> <span class='ocrx_word' id='word_1_35' title='bbox 1420 563 1475 615; x_wconf 79' lang='grc' dir='ltr'>ἑν</span> <span class='ocrx_word' id='word_1_36' title='bbox 1512 559 1600 626; x_wconf 74' lang='grc' dir='ltr'>αἷς</span> <span class='ocrx_word' id='word_1_37' title='bbox 1628 564 1791 616; x_wconf 73' lang='grc' dir='ltr'>ἐκπο-</span> 
     </span>
    </p>
   </div>
   <div class='ocr_carea' id='block_1_5' title="bbox 1912 554 3471 635">
    <p class='ocr_par' dir='ltr' id='par_1_5' title="bbox 1912 565 3471 635">
     <span class='ocr_line' id='line_1_5' title="bbox 1912 565 3471 635; baseline 0.003 -18"><span class='ocrx_word' id='word_1_38' title='bbox 1912 565 2120 620; x_wconf 91' lang='lat' dir='ltr'><strong>liuntur</strong></span> <span class='ocrx_word' id='word_1_39' title='bbox 2155 582 2251 635; x_wconf 89' lang='lat' dir='ltr'><strong>per</strong></span> <span class='ocrx_word' id='word_1_40' title='bbox 2270 582 2383 631; x_wconf 86' lang='lat' dir='ltr'><strong>eas,</strong></span> <span class='ocrx_word' id='word_1_41' title='bbox 2403 576 2459 621; x_wconf 85' lang='lat' dir='ltr'><strong>et</strong></span> <span class='ocrx_word' id='word_1_42' title='bbox 2500 567 2554 620; x_wconf 90' lang='lat' dir='ltr'><strong>in</strong></span> <span class='ocrx_word' id='word_1_43' title='bbox 2585 565 2841 621; x_wconf 92' lang='lat' dir='ltr'><strong>omnibus</strong></span> <span class='ocrx_word' id='word_1_44' title='bbox 2865 566 3039 634; x_wconf 88' lang='lat' dir='ltr'><strong>portis</strong></span> <span class='ocrx_word' id='word_1_45' title='bbox 3052 566 3349 622; x_wconf 80' lang='lat' dir='ltr'><strong>Jerusalem</strong></span> <span class='ocrx_word' id='word_1_46' title='bbox 3372 583 3388 633; x_wconf 90' lang='lat'><strong>;</strong></span> <span class='ocrx_word' id='word_1_47' title='bbox 3413 577 3471 622; x_wconf 89' lang='lat' dir='ltr'><strong>et</strong></span> 
     </span>
    </p>
   </div>
   <div class='ocr_carea' id='block_1_6' title="bbox 262 649 1811 729">
    <p class='ocr_par' dir='ltr' id='par_1_6' title="bbox 262 649 1792 721">
     <span class='ocr_line' id='line_1_6' title="bbox 262 649 1792 721; baseline 0.003 -19"><span class='ocrx_word' id='word_1_48' title='bbox 262 649 475 721; x_wconf 81' lang='grc' dir='ltr'>ρεύονται</span> <span class='ocrx_word' id='word_1_49' title='bbox 526 650 584 701; x_wconf 76' lang='grc' dir='ltr'>ἐν</span> <span class='ocrx_word' id='word_1_50' title='bbox 635 651 848 714; x_wconf 81' lang='grc' dir='ltr'>αὑταῖς,</span> <span class='ocrx_word' id='word_1_51' title='bbox 900 651 996 703; x_wconf 72' lang='grc' dir='ltr'>καὶ</span> <span class='ocrx_word' id='word_1_52' title='bbox 1038 651 1097 703; x_wconf 77' lang='grc' dir='ltr'>ὲν</span> <span class='ocrx_word' id='word_1_53' title='bbox 1155 652 1358 715; x_wconf 83' lang='grc' dir='ltr'><strong>πάσαις</strong></span> <span class='ocrx_word' id='word_1_54' title='bbox 1421 656 1543 717; x_wconf 86' lang='grc' dir='ltr'>ταῖς</span> <span class='ocrx_word' id='word_1_55' title='bbox 1598 654 1792 718; x_wconf 86' lang='grc' dir='ltr'><strong>πύλαις</strong></span> 
     </span>
    </p>
   </div>
   <div class='ocr_carea' id='block_1_7' title="bbox 1912 649 3473 729">
    <p class='ocr_par' dir='ltr' id='par_1_7' title="bbox 1912 656 3473 729">
     <span class='ocr_line' id='line_1_7' title="bbox 1912 656 3473 729; baseline 0.001 -18"><span class='ocrx_word' id='word_1_56' title='bbox 1912 656 2045 711; x_wconf 77' lang='lat' dir='ltr'><strong>lices</strong></span> <span class='ocrx_word' id='word_1_57' title='bbox 2067 656 2134 711; x_wconf 90' lang='lat' dir='ltr'><strong>ad</strong></span> <span class='ocrx_word' id='word_1_58' title='bbox 2153 673 2248 711; x_wconf 89' lang='lat' dir='ltr'><strong>eos</strong></span> <span class='ocrx_word' id='word_1_59' title='bbox 2272 676 2284 710; x_wconf 89' lang='lat'><strong>:</strong></span> <span class='ocrx_word' id='word_1_60' title='bbox 2316 658 2513 713; x_wconf 89' lang='lat' dir='ltr'><strong>Audite</strong></span> <span class='ocrx_word' id='word_1_61' title='bbox 2532 658 2758 712; x_wconf 85' lang='lat' dir='ltr'><strong>verbum</strong></span> <span class='ocrx_word' id='word_1_62' title='bbox 2785 657 3022 723; x_wconf 81' lang='lat' dir='ltr'><strong>Domini,</strong></span> <span class='ocrx_word' id='word_1_63' title='bbox 3047 673 3202 729; x_wconf 87' lang='lat' dir='ltr'><strong>reges</strong></span> <span class='ocrx_word' id='word_1_64' title='bbox 3232 658 3393 723; x_wconf 90' lang='lat' dir='ltr'><strong>Juda,</strong></span> <span class='ocrx_word' id='word_1_65' title='bbox 3415 665 3473 714; x_wconf 89' lang='lat' dir='ltr'><strong>et</strong></span> 
     </span>
    </p>
   </div>
   <div class='ocr_carea' id='block_1_8' title="bbox 269 738 1811 820">
    <p class='ocr_par' dir='ltr' id='par_1_8' title="bbox 269 738 1793 813">
     <span class='ocr_line' id='line_1_8' title="bbox 269 738 1793 813; baseline 0.003 -19"><span class='ocrx_word' id='word_1_66' title='bbox 269 738 608 811; x_wconf 67' lang='grc' dir='ltr'>Ἰερουσαλήμ·</span> <span class='ocrx_word' id='word_1_67' title='bbox 637 740 730 793; x_wconf 81' lang='grc' dir='ltr'>καὶ</span> <span class='ocrx_word' id='word_1_68' title='bbox 753 741 898 808; x_wconf 79' lang='grc' dir='ltr'>ἐρεῖς</span> <span class='ocrx_word' id='word_1_69' title='bbox 925 741 1061 811; x_wconf 84' lang='grc' dir='ltr'>πρὸς</span> <span class='ocrx_word' id='word_1_70' title='bbox 1090 742 1305 807; x_wconf 85' lang='grc' dir='ltr'>αὐτούς·</span> <span class='ocrx_word' id='word_1_71' title='bbox 1324 744 1613 798; x_wconf 84' lang='grc' dir='ltr'>Ἀκούσατε</span> <span class='ocrx_word' id='word_1_72' title='bbox 1637 745 1793 813; x_wconf 80' lang='grc' dir='ltr'>λόγον</span> 
     </span>
    </p>
   </div>
   <div class='ocr_carea' id='block_1_9' title="bbox 1912 738 3474 820">
    <p class='ocr_par' dir='ltr' id='par_1_9' title="bbox 1912 747 3474 820">
     <span class='ocr_line' id='line_1_9' title="bbox 1912 747 3474 820; baseline 0.003 -19"><span class='ocrx_word' id='word_1_73' title='bbox 1912 749 2072 803; x_wconf 75' lang='lat' dir='ltr'><strong>)mnis</strong></span> <span class='ocrx_word' id='word_1_74' title='bbox 2086 747 2290 812; x_wconf 84' lang='lat' dir='ltr'><strong>Judaea,</strong></span> <span class='ocrx_word' id='word_1_75' title='bbox 2309 757 2359 804; x_wconf 85' lang='lat' dir='ltr'><strong>et</strong></span> <span class='ocrx_word' id='word_1_76' title='bbox 2380 750 2558 804; x_wconf 89' lang='lat' dir='ltr'><strong>omnis</strong></span> <span class='ocrx_word' id='word_1_77' title='bbox 2571 748 2993 818; x_wconf 73' lang='lat' dir='ltr'><strong>Jerusalem,qui</strong></span> <span class='ocrx_word' id='word_1_78' title='bbox 3012 748 3354 819; x_wconf 79' lang='lat' dir='ltr'><strong>ingredimini</strong></span> <span class='ocrx_word' id='word_1_79' title='bbox 3374 766 3474 820; x_wconf 89' lang='lat' dir='ltr'><strong>per</strong></span> 
     </span>
    </p>
   </div>
   <div class='ocr_carea' id='block_1_10' title="bbox 259 828 1811 906">
    <p class='ocr_par' dir='ltr' id='par_1_10' title="bbox 259 828 1793 902">
     <span class='ocr_line' id='line_1_10' title="bbox 259 828 1793 902; baseline 0.005 -18"><span class='ocrx_word' id='word_1_80' title='bbox 259 828 456 902; x_wconf 81' lang='grc' dir='ltr'>κυρίου,</span> <span class='ocrx_word' id='word_1_81' title='bbox 482 830 722 898; x_wconf 81' lang='grc' dir='ltr'>βασιλεῖς</span> <span class='ocrx_word' id='word_1_82' title='bbox 758 831 929 885; x_wconf 85' lang='grc' dir='ltr'><strong>Ἰούδα</strong></span> <span class='ocrx_word' id='word_1_83' title='bbox 966 832 1061 886; x_wconf 75' lang='grc' dir='ltr'>καὶ</span> <span class='ocrx_word' id='word_1_84' title='bbox 1082 835 1233 887; x_wconf 83' lang='grc' dir='ltr'>πᾶσα</span> <span class='ocrx_word' id='word_1_85' title='bbox 1274 836 1501 891; x_wconf 79' lang='grc' dir='ltr'><strong>Ἰουδαία</strong></span> <span class='ocrx_word' id='word_1_86' title='bbox 1527 838 1621 890; x_wconf 56' lang='grc' dir='ltr'><strong>καί⁸</strong></span> <span class='ocrx_word' id='word_1_87' title='bbox 1644 840 1793 891; x_wconf 71' lang='grc' dir='ltr'>πᾶσα</span> 
     </span>
    </p>
   </div>
   <div class='ocr_carea' id='block_1_11' title="bbox 1912 828 3473 906">
    <p class='ocr_par' dir='ltr' id='par_1_11' title="bbox 1912 837 3473 903">
     <span class='ocr_line' id='line_1_11' title="bbox 1912 837 3473 903; baseline 0.003 -13"><span class='ocrx_word' id='word_1_88' title='bbox 1912 845 2080 903; x_wconf 52' lang='lat' dir='ltr'><strong>vortas</strong></span> <span class='ocrx_word' id='word_1_89' title='bbox 2112 837 2228 892; x_wconf 86' lang='lat' dir='ltr'><strong>has.</strong></span> <span class='ocrx_word' id='word_1_90' title='bbox 2257 838 2378 895; x_wconf 67' lang='lat' dir='ltr'><strong>llaec</strong></span> <span class='ocrx_word' id='word_1_91' title='bbox 2397 839 2529 893; x_wconf 83' lang='lat' dir='ltr'><strong>dicit</strong></span> <span class='ocrx_word' id='word_1_92' title='bbox 2540 839 2800 892; x_wconf 87' lang='lat' dir='ltr'><strong>Dominus</strong></span> <span class='ocrx_word' id='word_1_93' title='bbox 2820 856 2832 891; x_wconf 89' lang='lat'><strong>:</strong></span> <span class='ocrx_word' id='word_1_94' title='bbox 2853 838 3136 895; x_wconf 88' lang='lat' dir='ltr'><strong>Custodite</strong></span> <span class='ocrx_word' id='word_1_95' title='bbox 3152 839 3360 895; x_wconf 86' lang='lat' dir='ltr'><strong>animas</strong></span> <span class='ocrx_word' id='word_1_96' title='bbox 3379 854 3473 894; x_wconf 91' lang='lat' dir='ltr'><strong>ve-</strong></span> 
     </span>
    </p>
   </div>
   <div class='ocr_carea' id='block_1_12' title="bbox 268 920 1811 1000">
    <p class='ocr_par' dir='ltr' id='par_1_12' title="bbox 268 920 1796 995">
     <span class='ocr_line' id='line_1_12' title="bbox 268 920 1796 995; baseline 0.006 -22"><span class='ocrx_word' id='word_1_97' title='bbox 268 920 618 991; x_wconf 77' lang='grc' dir='ltr'>Ὶερουσαλὴμ,</span> <span class='ocrx_word' id='word_1_98' title='bbox 653 924 747 975; x_wconf 72' lang='grc' dir='ltr'>καὶ</span> <span class='ocrx_word' id='word_1_99' title='bbox 786 923 836 975; x_wconf 76' lang='lat' dir='ltr'><strong>oi</strong></span> <span class='ocrx_word' id='word_1_100' title='bbox 879 924 1327 995; x_wconf 76' lang='grc' dir='ltr'><strong>εἰσπορευόμενοι</strong></span> <span class='ocrx_word' id='word_1_101' title='bbox 1359 928 1418 980; x_wconf 80' lang='grc' dir='ltr'>ἐν</span> <span class='ocrx_word' id='word_1_102' title='bbox 1443 931 1564 991; x_wconf 89' lang='grc' dir='ltr'>ταῖς</span> <span class='ocrx_word' id='word_1_103' title='bbox 1597 928 1796 992; x_wconf 82' lang='grc' dir='ltr'>πύλαις</span> 
     </span>
    </p>
   </div>
   <div class='ocr_carea' id='block_1_13' title="bbox 1912 920 3473 1000">
    <p class='ocr_par' dir='ltr' id='par_1_13' title="bbox 1912 930 3473 1000">
     <span class='ocr_line' id='line_1_13' title="bbox 1912 930 3473 1000; baseline 0.002 -18"><span class='ocrx_word' id='word_1_104' title='bbox 1912 939 2056 992; x_wconf 72' lang='grc' dir='ltr'>ητιιε,</span> <span class='ocrx_word' id='word_1_105' title='bbox 2078 938 2133 986; x_wconf 90' lang='lat' dir='ltr'><strong>et</strong></span> <span class='ocrx_word' id='word_1_106' title='bbox 2151 945 2219 985; x_wconf 90' lang='lat' dir='ltr'><strong>ne</strong></span> <span class='ocrx_word' id='word_1_107' title='bbox 2234 930 2461 1000; x_wconf 89' lang='lat' dir='ltr'><strong>portetis</strong></span> <span class='ocrx_word' id='word_1_108' title='bbox 2475 936 2643 986; x_wconf 82' lang='lat' dir='ltr'><strong>Onera</strong></span> <span class='ocrx_word' id='word_1_109' title='bbox 2658 931 2713 985; x_wconf 91' lang='lat' dir='ltr'><strong>in</strong></span> <span class='ocrx_word' id='word_1_110' title='bbox 2729 931 2815 986; x_wconf 75' lang='lat' dir='ltr'><strong>die</strong></span> <span class='ocrx_word' id='word_1_111' title='bbox 2843 930 3226 995; x_wconf 88' lang='lat' dir='ltr'><strong>Sabbatorum,</strong></span> <span class='ocrx_word' id='word_1_112' title='bbox 3241 938 3297 984; x_wconf 88' lang='lat' dir='ltr'><strong>et</strong></span> <span class='ocrx_word' id='word_1_113' title='bbox 3311 944 3473 985; x_wconf 84' lang='lat' dir='ltr'><strong>omne</strong></span> 
     </span>
    </p>
   </div>
   <div class='ocr_carea' id='block_1_14' title="bbox 259 1018 1811 1094">
    <p class='ocr_par' dir='ltr' id='par_1_14' title="bbox 259 1018 1797 1094">
     <span class='ocr_line' id='line_1_14' title="bbox 259 1018 1797 1094; baseline 0.004 -23"><span class='ocrx_word' id='word_1_114' title='bbox 259 1019 471 1081; x_wconf 76' lang='grc' dir='ltr'><strong>ταύταις.</strong></span> <span class='ocrx_word' id='word_1_115' title='bbox 517 1019 654 1072; x_wconf 84' lang='grc' dir='ltr'>Τάδε</span> <span class='ocrx_word' id='word_1_116' title='bbox 691 1018 839 1087; x_wconf 85' lang='grc' dir='ltr'>λέγει</span> <span class='ocrx_word' id='word_1_117' title='bbox 870 1020 1092 1091; x_wconf 72' lang='grc' dir='ltr'>Κύριοςσ</span> <span class='ocrx_word' id='word_1_118' title='bbox 1122 1022 1467 1077; x_wconf 78' lang='grc' dir='ltr'>Φυλάσσεσθε</span> <span class='ocrx_word' id='word_1_119' title='bbox 1493 1024 1591 1086; x_wconf 82' lang='grc' dir='ltr'><strong>τὰς</strong></span> <span class='ocrx_word' id='word_1_120' title='bbox 1616 1023 1797 1094; x_wconf 76' lang='grc' dir='ltr'>ψυχὰς</span> 
     </span>
    </p>
   </div>
   <div class='ocr_carea' id='block_1_15' title="bbox 1912 1018 3467 1094">
    <p class='ocr_par' dir='ltr' id='par_1_15' title="bbox 1912 1020 3467 1091">
     <span class='ocr_line' id='line_1_15' title="bbox 1912 1020 3467 1091; baseline 0 -18"><span class='ocrx_word' id='word_1_121' title='bbox 1912 1034 2037 1089; x_wconf 79' lang='lat' dir='ltr'><strong>)pus</strong></span> <span class='ocrx_word' id='word_1_122' title='bbox 2054 1036 2122 1075; x_wconf 91' lang='lat' dir='ltr'><strong>ne</strong></span> <span class='ocrx_word' id='word_1_123' title='bbox 2139 1020 2430 1086; x_wconf 83' lang='lat' dir='ltr'><strong>faciatis,et</strong></span> <span class='ocrx_word' id='word_1_124' title='bbox 2444 1037 2511 1076; x_wconf 87' lang='lat' dir='ltr'><strong>ne</strong></span> <span class='ocrx_word' id='word_1_125' title='bbox 2526 1022 2733 1076; x_wconf 81' lang='lat' dir='ltr'><strong>exeati&#39;s</strong></span> <span class='ocrx_word' id='word_1_126' title='bbox 2748 1026 2847 1091; x_wconf 87' lang='lat' dir='ltr'><strong>per</strong></span> <span class='ocrx_word' id='word_1_127' title='bbox 2860 1029 3048 1091; x_wconf 84' lang='lat' dir='ltr'><strong>portas</strong></span> <span class='ocrx_word' id='word_1_128' title='bbox 3070 1020 3393 1084; x_wconf 75' lang='lat' dir='ltr'><strong>Jerusalem,</strong></span> <span class='ocrx_word' id='word_1_129' title='bbox 3415 1027 3467 1074; x_wconf 88' lang='lat' dir='ltr'><strong>et</strong></span> 
     </span>
    </p>
   </div>
   <div class='ocr_carea' id='block_1_16' title="bbox 258 1110 1796 1187">
    <p class='ocr_par' dir='ltr' id='par_1_16' title="bbox 258 1110 1796 1187">
     <span class='ocr_line' id='line_1_16' title="bbox 258 1110 1796 1187; baseline 0.003 -24"><span class='ocrx_word' id='word_1_130' title='bbox 258 1110 407 1180; x_wconf 82' lang='grc' dir='ltr'>ὑμῶν,</span> <span class='ocrx_word' id='word_1_131' title='bbox 445 1111 537 1163; x_wconf 78' lang='grc' dir='ltr'>καὶ</span> <span class='ocrx_word' id='word_1_132' title='bbox 582 1111 656 1183; x_wconf 80' lang='grc' dir='ltr'>μὴ</span> <span class='ocrx_word' id='word_1_133' title='bbox 695 1111 879 1183; x_wconf 80' lang='grc' dir='ltr'>αἴρετε</span> <span class='ocrx_word' id='word_1_134' title='bbox 901 1113 1262 1185; x_wconf 80' lang='grc' dir='ltr'>βαστάγματα</span> <span class='ocrx_word' id='word_1_135' title='bbox 1291 1116 1347 1167; x_wconf 80' lang='grc' dir='ltr'>ὲν</span> <span class='ocrx_word' id='word_1_136' title='bbox 1380 1117 1447 1186; x_wconf 82' lang='grc' dir='ltr'><strong>τῇ</strong></span> <span class='ocrx_word' id='word_1_137' title='bbox 1476 1116 1662 1187; x_wconf 78' lang='grc' dir='ltr'>ἡμέρᾳ</span> <span class='ocrx_word' id='word_1_138' title='bbox 1688 1115 1796 1168; x_wconf 78' lang='grc' dir='ltr'>τῶν</span> 
     </span>
    </p>
   </div>
   <div class='ocr_carea' id='block_1_17' title="bbox 259 1201 1795 1278">
    <p class='ocr_par' dir='ltr' id='par_1_17' title="bbox 259 1201 1795 1278">
     <span class='ocr_line' id='line_1_17' title="bbox 259 1201 1795 1278; baseline 0.003 -23"><span class='ocrx_word' id='word_1_139' title='bbox 259 1201 544 1267; x_wconf 80' lang='grc' dir='ltr'>Σαὸδάτων,</span> <span class='ocrx_word' id='word_1_140' title='bbox 571 1202 664 1255; x_wconf 71' lang='grc' dir='ltr'>καὶ</span> <span class='ocrx_word' id='word_1_141' title='bbox 694 1205 802 1256; x_wconf 83' lang='grc' dir='ltr'>πᾶν</span> <span class='ocrx_word' id='word_1_142' title='bbox 818 1203 978 1275; x_wconf 79' lang='grc' dir='ltr'>ἔργον</span> <span class='ocrx_word' id='word_1_143' title='bbox 1006 1204 1068 1257; x_wconf 90' lang='grc' dir='ltr'><strong>ού</strong></span> <span class='ocrx_word' id='word_1_144' title='bbox 1096 1206 1372 1275; x_wconf 79' lang='grc' dir='ltr'>ποιήσετε,</span> <span class='ocrx_word' id='word_1_145' title='bbox 1406 1207 1498 1259; x_wconf 74' lang='grc' dir='ltr'>καὶ</span> <span class='ocrx_word' id='word_1_146' title='bbox 1523 1207 1598 1278; x_wconf 76' lang='grc' dir='ltr'>μὴ</span> <span class='ocrx_word' id='word_1_147' title='bbox 1629 1208 1795 1260; x_wconf 74' lang='grc' dir='ltr'>ἐκπο-</span> 
     </span>
    </p>
   </div>
   <div class='ocr_carea' id='block_1_18' title="bbox 260 1293 1798 1370">
    <p class='ocr_par' dir='ltr' id='par_1_18' title="bbox 260 1293 1798 1370">
     <span class='ocr_line' id='line_1_18' title="bbox 260 1293 1798 1370; baseline 0.003 -24"><span class='ocrx_word' id='word_1_148' title='bbox 260 1293 453 1365; x_wconf 86' lang='grc' dir='ltr'>ρεύεσθε</span> <span class='ocrx_word' id='word_1_149' title='bbox 480 1297 603 1358; x_wconf 79' lang='grc' dir='ltr'>ταῖς</span> <span class='ocrx_word' id='word_1_150' title='bbox 634 1295 829 1360; x_wconf 83' lang='grc' dir='ltr'>πύλαις</span> <span class='ocrx_word' id='word_1_151' title='bbox 866 1296 1239 1368; x_wconf 81' lang='grc' dir='ltr'>Ἰερουσαλὴμ,</span> <span class='ocrx_word' id='word_1_152' title='bbox 1287 1298 1381 1351; x_wconf 67' lang='grc' dir='ltr'>καὶ</span> <span class='ocrx_word' id='word_1_153' title='bbox 1417 1297 1491 1370; x_wconf 80' lang='grc' dir='ltr'>μὴ</span> <span class='ocrx_word' id='word_1_154' title='bbox 1536 1298 1798 1368; x_wconf 81' lang='grc' dir='ltr'>ἐκφέρετε</span> 
     </span>
    </p>
   </div>
   <div class='ocr_carea' id='block_1_19' title="bbox 257 1383 1799 1459">
    <p class='ocr_par' dir='ltr' id='par_1_19' title="bbox 257 1383 1799 1459">
     <span class='ocr_line' id='line_1_19' title="bbox 257 1383 1799 1459; baseline 0.003 -25"><span class='ocrx_word' id='word_1_155' title='bbox 257 1383 593 1454; x_wconf 79' lang='grc' dir='ltr'>βαστάγματα</span> <span class='ocrx_word' id='word_1_156' title='bbox 621 1384 679 1452; x_wconf 75' lang='grc' dir='ltr'>ἐξ</span> <span class='ocrx_word' id='word_1_157' title='bbox 716 1385 903 1439; x_wconf 78' lang='grc' dir='ltr'>οἰκιῶν</span> <span class='ocrx_word' id='word_1_158' title='bbox 936 1386 1090 1457; x_wconf 86' lang='grc' dir='ltr'>ὑμῶν</span> <span class='ocrx_word' id='word_1_159' title='bbox 1127 1387 1186 1438; x_wconf 80' lang='grc' dir='ltr'>ἐν</span> <span class='ocrx_word' id='word_1_160' title='bbox 1217 1389 1281 1459; x_wconf 82' lang='grc' dir='ltr'><strong>τῇ</strong></span> <span class='ocrx_word' id='word_1_161' title='bbox 1314 1386 1497 1458; x_wconf 72' lang='grc' dir='ltr'>ἡμέρᾳ</span> <span class='ocrx_word' id='word_1_162' title='bbox 1522 1386 1631 1439; x_wconf 83' lang='grc' dir='ltr'><strong>τῶν</strong></span> <span class='ocrx_word' id='word_1_163' title='bbox 1662 1386 1799 1440; x_wconf 77' lang='grc' dir='ltr'>Σαδ-</span> 
     </span>
    </p>
   </div>
   <div class='ocr_carea' id='block_1_20' title="bbox 258 1474 1801 1549">
    <p class='ocr_par' dir='ltr' id='par_1_20' title="bbox 258 1474 1801 1549">
     <span class='ocr_line' id='line_1_20' title="bbox 258 1474 1801 1549; baseline 0.003 -24"><span class='ocrx_word' id='word_1_164' title='bbox 258 1474 434 1537; x_wconf 78' lang='grc' dir='ltr'>6ἀτων,</span> <span class='ocrx_word' id='word_1_165' title='bbox 475 1474 663 1538; x_wconf 86' lang='grc' dir='ltr'>καθὼς</span> <span class='ocrx_word' id='word_1_166' title='bbox 702 1476 1055 1549; x_wconf 78' lang='grc' dir='ltr'>ἐνετειλάμην</span> <span class='ocrx_word' id='word_1_167' title='bbox 1086 1480 1200 1541; x_wconf 87' lang='grc' dir='ltr'>τοῖς</span> <span class='ocrx_word' id='word_1_168' title='bbox 1228 1477 1500 1549; x_wconf 77' lang='grc' dir='ltr'>πατράσιν</span> <span class='ocrx_word' id='word_1_169' title='bbox 1528 1476 1681 1545; x_wconf 84' lang='grc' dir='ltr'>ὑμῶν</span> <span class='ocrx_word' id='word_1_170' title='bbox 1705 1477 1801 1531; x_wconf 78' lang='grc' dir='ltr'>καὶ</span> 
     </span>
    </p>
   </div>
   <div class='ocr_carea' id='block_1_21' title="bbox 254 1564 1801 1636">
    <p class='ocr_par' dir='ltr' id='par_1_21' title="bbox 254 1564 1801 1636">
     <span class='ocr_line' id='line_1_21' title="bbox 254 1564 1801 1636; baseline 0.003 -19"><span class='ocrx_word' id='word_1_171' title='bbox 254 1564 340 1617; x_wconf 74' lang='grc' dir='ltr'><strong>ὁύκ</strong></span> <span class='ocrx_word' id='word_1_172' title='bbox 371 1566 641 1636; x_wconf 64' lang='grc' dir='ltr'>ἥκουσαν,</span> <span class='ocrx_word' id='word_1_173' title='bbox 692 1569 785 1621; x_wconf 75' lang='grc' dir='ltr'>καὶ</span> <span class='ocrx_word' id='word_1_174' title='bbox 829 1570 930 1621; x_wconf 85' lang='grc' dir='ltr'>οὑκ</span> <span class='ocrx_word' id='word_1_175' title='bbox 960 1568 1174 1622; x_wconf 76' lang='grc' dir='ltr'>ἔκλιναν</span> <span class='ocrx_word' id='word_1_176' title='bbox 1202 1569 1265 1622; x_wconf 81' lang='grc' dir='ltr'>τὸ</span> <span class='ocrx_word' id='word_1_177' title='bbox 1310 1565 1402 1633; x_wconf 82' lang='grc' dir='ltr'>οὖς</span> <span class='ocrx_word' id='word_1_178' title='bbox 1444 1568 1656 1631; x_wconf 75' lang='grc' dir='ltr'>αὐτῶν,</span> <span class='ocrx_word' id='word_1_179' title='bbox 1706 1568 1801 1622; x_wconf 79' lang='grc' dir='ltr'>καὶ</span> 
     </span>
    </p>
   </div>
   <div class='ocr_carea' id='block_1_22' title="bbox 254 1655 1802 1737">
    <p class='ocr_par' dir='ltr' id='par_1_22' title="bbox 254 1655 1802 1737">
     <span class='ocr_line' id='line_1_22' title="bbox 254 1655 1802 1737; baseline 0.003 -32"><span class='ocrx_word' id='word_1_180' title='bbox 254 1655 571 1725; x_wconf 75' lang='grc' dir='ltr'>ὲσκλήρυναν</span> <span class='ocrx_word' id='word_1_181' title='bbox 608 1658 701 1711; x_wconf 84' lang='grc' dir='ltr'>τὸν</span> <span class='ocrx_word' id='word_1_182' title='bbox 727 1658 1011 1737; x_wconf 40' lang='grc' dir='ltr'>τράχηλον.</span> <span class='ocrx_word' id='word_1_183' title='bbox 1032 1658 1212 1713; x_wconf 75' lang='grc' dir='ltr'>αὐτῶν</span> <span class='ocrx_word' id='word_1_184' title='bbox 1238 1658 1380 1729; x_wconf 75' lang='grc' dir='ltr'>ὑπὲρ</span> <span class='ocrx_word' id='word_1_185' title='bbox 1403 1659 1530 1722; x_wconf 81' lang='grc' dir='ltr'>τοὺς</span> <span class='ocrx_word' id='word_1_186' title='bbox 1559 1657 1802 1728; x_wconf 73' lang='grc' dir='ltr'>πατέρας</span> 
     </span>
    </p>
   </div>
   <div class='ocr_carea' id='block_1_23' title="bbox 253 1747 1800 1821">
    <p class='ocr_par' dir='ltr' id='par_1_23' title="bbox 253 1747 1800 1821">
     <span class='ocr_line' id='line_1_23' title="bbox 253 1747 1800 1821; baseline 0.001 -22"><span class='ocrx_word' id='word_1_187' title='bbox 253 1747 433 1813; x_wconf 80' lang='grc' dir='ltr'>αὐτῶν,</span> <span class='ocrx_word' id='word_1_188' title='bbox 467 1749 562 1801; x_wconf 75' lang='grc' dir='ltr'>τοῦ</span> <span class='ocrx_word' id='word_1_189' title='bbox 606 1751 680 1821; x_wconf 83' lang='grc' dir='ltr'>μὴ</span> <span class='ocrx_word' id='word_1_190' title='bbox 727 1750 959 1804; x_wconf 76' lang='grc' dir='ltr'>ἀκοῦσαί</span> <span class='ocrx_word' id='word_1_191' title='bbox 1008 1767 1131 1821; x_wconf 87' lang='grc' dir='ltr'>μου,</span> <span class='ocrx_word' id='word_1_192' title='bbox 1164 1750 1258 1804; x_wconf 80' lang='grc' dir='ltr'>καὶ</span> <span class='ocrx_word' id='word_1_193' title='bbox 1302 1750 1397 1803; x_wconf 80' lang='grc' dir='ltr'>τοῦ</span> <span class='ocrx_word' id='word_1_194' title='bbox 1441 1748 1516 1820; x_wconf 82' lang='grc' dir='ltr'>μὴ</span> <span class='ocrx_word' id='word_1_195' title='bbox 1544 1748 1800 1813; x_wconf 77' lang='grc' dir='ltr'>δέξασθαι.</span> 
     </span>
    </p>
   </div>
   <div class='ocr_carea' id='block_1_24' title="bbox 1900 1112 3471 1181">
    <p class='ocr_par' dir='ltr' id='par_1_24' title="bbox 1900 1112 3471 1181">
     <span class='ocr_line' id='line_1_24' title="bbox 1900 1112 3471 1181; baseline 0 -16"><span class='ocrx_word' id='word_1_196' title='bbox 1900 1127 1967 1166; x_wconf 92' lang='lat' dir='ltr'><strong>ne</strong></span> <span class='ocrx_word' id='word_1_197' title='bbox 1990 1112 2286 1181; x_wconf 76' lang='lat' dir='ltr'><strong>exportetis</strong></span> <span class='ocrx_word' id='word_1_198' title='bbox 2314 1116 2483 1167; x_wconf 84' lang='lat' dir='ltr'><strong>onera</strong></span> <span class='ocrx_word' id='word_1_199' title='bbox 2505 1128 2535 1167; x_wconf 89' lang='lat' dir='ltr'><strong>e</strong></span> <span class='ocrx_word' id='word_1_200' title='bbox 2561 1112 2815 1167; x_wconf 88' lang='lat' dir='ltr'><strong>domibus</strong></span> <span class='ocrx_word' id='word_1_201' title='bbox 2843 1112 3044 1168; x_wconf 80' lang='lat' dir='ltr'><strong>vestris</strong></span> <span class='ocrx_word' id='word_1_202' title='bbox 3066 1114 3121 1166; x_wconf 88' lang='lat' dir='ltr'><strong>in</strong></span> <span class='ocrx_word' id='word_1_203' title='bbox 3151 1113 3239 1168; x_wconf 89' lang='lat' dir='ltr'><strong>die</strong></span> <span class='ocrx_word' id='word_1_204' title='bbox 3262 1112 3471 1167; x_wconf 77' lang='lat' dir='ltr'><strong>Subba-</strong></span> 
     </span>
    </p>
   </div>
   <div class='ocr_carea' id='block_1_25' title="bbox 1900 1201 3473 1273">
    <p class='ocr_par' dir='ltr' id='par_1_25' title="bbox 1900 1201 3473 1273">
     <span class='ocr_line' id='line_1_25' title="bbox 1900 1201 3473 1273; baseline 0 -18"><span class='ocrx_word' id='word_1_205' title='bbox 1900 1209 2101 1266; x_wconf 90' lang='lat' dir='ltr'><strong>torum,</strong></span> <span class='ocrx_word' id='word_1_206' title='bbox 2130 1208 2185 1256; x_wconf 90' lang='lat' dir='ltr'><strong>et</strong></span> <span class='ocrx_word' id='word_1_207' title='bbox 2209 1217 2370 1257; x_wconf 91' lang='lat' dir='ltr'><strong>omne</strong></span> <span class='ocrx_word' id='word_1_208' title='bbox 2394 1218 2533 1273; x_wconf 81' lang='lat' dir='ltr'><strong>Opus</strong></span> <span class='ocrx_word' id='word_1_209' title='bbox 2552 1219 2620 1258; x_wconf 91' lang='lat' dir='ltr'><strong>ne</strong></span> <span class='ocrx_word' id='word_1_210' title='bbox 2664 1203 2879 1257; x_wconf 79' lang='lat' dir='ltr'><strong>faciatis</strong></span> <span class='ocrx_word' id='word_1_211' title='bbox 2907 1221 2919 1256; x_wconf 89' lang='lat'>:</span> <span class='ocrx_word' id='word_1_212' title='bbox 2946 1204 3279 1259; x_wconf 86' lang='lat' dir='ltr'><strong>sanetiﬁcate</strong></span> <span class='ocrx_word' id='word_1_213' title='bbox 3325 1201 3473 1257; x_wconf 91' lang='lat' dir='ltr'><strong>diem</strong></span> 
     </span>
    </p>
   </div>
   <div class='ocr_carea' id='block_1_26' title="bbox 1901 1290 3476 1365">
    <p class='ocr_par' dir='ltr' id='par_1_26' title="bbox 1901 1290 3476 1365">
     <span class='ocr_line' id='line_1_26' title="bbox 1901 1290 3476 1365; baseline 0.001 -19"><span class='ocrx_word' id='word_1_214' title='bbox 1901 1290 2284 1359; x_wconf 86' lang='lat' dir='ltr'><strong>Sabbatorum,</strong></span> <span class='ocrx_word' id='word_1_215' title='bbox 2310 1292 2452 1347; x_wconf 82' lang='lat' dir='ltr'><strong>sicut</strong></span> <span class='ocrx_word' id='word_1_216' title='bbox 2474 1293 2703 1365; x_wconf 77' lang='lat' dir='ltr'><strong>praecepi</strong></span> <span class='ocrx_word' id='word_1_217' title='bbox 2726 1293 2974 1365; x_wconf 87' lang='lat' dir='ltr'><strong>patribus</strong></span> <span class='ocrx_word' id='word_1_218' title='bbox 3004 1295 3203 1349; x_wconf 90' lang='lat' dir='ltr'><strong>vestris</strong></span> <span class='ocrx_word' id='word_1_219' title='bbox 3229 1310 3245 1359; x_wconf 91' lang='lat'><strong>;</strong></span> <span class='ocrx_word' id='word_1_220' title='bbox 3283 1301 3339 1348; x_wconf 90' lang='lat' dir='ltr'><strong>et</strong></span> <span class='ocrx_word' id='word_1_221' title='bbox 3363 1308 3476 1348; x_wconf 87' lang='lat' dir='ltr'><strong>non</strong></span> 
     </span>
    </p>
   </div>
   <div class='ocr_carea' id='block_1_27' title="bbox 1900 1383 3477 1455">
    <p class='ocr_par' dir='ltr' id='par_1_27' title="bbox 1900 1383 3477 1455">
     <span class='ocr_line' id='line_1_27' title="bbox 1900 1383 3477 1455; baseline 0.001 -18"><span class='ocrx_word' id='word_1_222' title='bbox 1900 1383 2195 1438; x_wconf 86' lang='lat' dir='ltr'><strong>audierunt</strong></span> <span class='ocrx_word' id='word_1_223' title='bbox 2242 1400 2421 1455; x_wconf 90' lang='lat' dir='ltr'><strong>neque</strong></span> <span class='ocrx_word' id='word_1_224' title='bbox 2472 1386 2875 1441; x_wconf 84' lang='lat' dir='ltr'><strong>inclinaverunt</strong></span> <span class='ocrx_word' id='word_1_225' title='bbox 2919 1390 3107 1440; x_wconf 86' lang='lat' dir='ltr'><strong>aurem</strong></span> <span class='ocrx_word' id='word_1_226' title='bbox 3173 1399 3352 1449; x_wconf 88' lang='lat' dir='ltr'><strong>suam,</strong></span> <span class='ocrx_word' id='word_1_227' title='bbox 3418 1392 3477 1438; x_wconf 81' lang='lat' dir='ltr'><strong>et</strong></span> 
     </span>
    </p>
   </div>
   <div class='ocr_carea' id='block_1_28' title="bbox 1900 1474 3475 1546">
    <p class='ocr_par' dir='ltr' id='par_1_28' title="bbox 1900 1474 3475 1546">
     <span class='ocr_line' id='line_1_28' title="bbox 1900 1474 3475 1546; baseline -0.001 -18"><span class='ocrx_word' id='word_1_228' title='bbox 1900 1474 2312 1530; x_wconf 89' lang='lat' dir='ltr'><strong>obduravcrunt</strong></span> <span class='ocrx_word' id='word_1_229' title='bbox 2344 1477 2615 1532; x_wconf 88' lang='lat' dir='ltr'><strong>cervicem</strong></span> <span class='ocrx_word' id='word_1_230' title='bbox 2638 1480 2794 1531; x_wconf 80' lang='lat' dir='ltr'><strong>suam</strong></span> <span class='ocrx_word' id='word_1_231' title='bbox 2818 1477 2942 1546; x_wconf 88' lang='lat' dir='ltr'><strong>plus</strong></span> <span class='ocrx_word' id='word_1_232' title='bbox 2966 1491 3129 1545; x_wconf 86' lang='lat' dir='ltr'><strong>quam</strong></span> <span class='ocrx_word' id='word_1_233' title='bbox 3160 1484 3343 1545; x_wconf 84' lang='lat' dir='ltr'><strong>patres</strong></span> <span class='ocrx_word' id='word_1_234' title='bbox 3376 1489 3475 1529; x_wconf 82' lang='lat' dir='ltr'><strong>eo-</strong></span> 
     </span>
    </p>
   </div>
   <div class='ocr_carea' id='block_1_29' title="bbox 1902 1564 3476 1637">
    <p class='ocr_par' dir='ltr' id='par_1_29' title="bbox 1902 1564 3476 1637">
     <span class='ocr_line' id='line_1_29' title="bbox 1902 1564 3476 1637; baseline -0.001 -19"><span class='ocrx_word' id='word_1_235' title='bbox 1902 1580 2045 1630; x_wconf 87' lang='lat' dir='ltr'><strong>rum,</strong></span> <span class='ocrx_word' id='word_1_236' title='bbox 2078 1581 2145 1621; x_wconf 91' lang='lat' dir='ltr'><strong>ne</strong></span> <span class='ocrx_word' id='word_1_237' title='bbox 2188 1566 2448 1622; x_wconf 84' lang='lat' dir='ltr'><strong>audirent</strong></span> <span class='ocrx_word' id='word_1_238' title='bbox 2494 1582 2601 1633; x_wconf 89' lang='lat' dir='ltr'><strong>me,</strong></span> <span class='ocrx_word' id='word_1_239' title='bbox 2638 1573 2818 1637; x_wconf 83' lang='lat' dir='ltr'><strong>neque</strong></span> <span class='ocrx_word' id='word_1_240' title='bbox 2846 1568 3193 1637; x_wconf 83' lang='lat' dir='ltr'><strong>perciperent</strong></span> <span class='ocrx_word' id='word_1_241' title='bbox 3228 1564 3476 1635; x_wconf 84' lang='lat' dir='ltr'><strong>discipli-</strong></span> 
     </span>
    </p>
   </div>
   <div class='ocr_carea' id='block_1_30' title="bbox 1901 1657 3474 1729">
    <p class='ocr_par' dir='ltr' id='par_1_30' title="bbox 1901 1657 3474 1729">
     <span class='ocr_line' id='line_1_30' title="bbox 1901 1657 3474 1729; baseline 0 -19"><span class='ocrx_word' id='word_1_242' title='bbox 1901 1672 2028 1710; x_wconf 88' lang='lat' dir='ltr'><strong>nam</strong></span> <span class='ocrx_word' id='word_1_243' title='bbox 2061 1657 2127 1711; x_wconf 70' lang='grc' dir='ltr'><strong>δι.</strong></span> <span class='ocrx_word' id='word_1_244' title='bbox 2162 1676 2179 1708; x_wconf 83' lang='grc'><strong><em>›</em></strong></span> <span class='ocrx_word' id='word_1_245' title='bbox 2209 1657 2329 1712; x_wconf 83' lang='grc' dir='ltr'>Νοη</span> <span class='ocrx_word' id='word_1_246' title='bbox 2353 1658 2527 1712; x_wconf 88' lang='lat' dir='ltr'><strong>solum</strong></span> <span class='ocrx_word' id='word_1_247' title='bbox 2572 1657 2761 1729; x_wconf 81' lang='lat' dir='ltr'><strong>igitur,</strong></span> <span class='ocrx_word' id='word_1_248' title='bbox 2788 1666 2849 1712; x_wconf 87' lang='lat' dir='ltr'><strong>ut</strong></span> <span class='ocrx_word' id='word_1_249' title='bbox 2872 1658 2940 1713; x_wconf 90' lang='lat' dir='ltr'><strong>ab</strong></span> <span class='ocrx_word' id='word_1_250' title='bbox 2963 1657 3111 1713; x_wconf 90' lang='lat' dir='ltr'><strong>omni</strong></span> <span class='ocrx_word' id='word_1_251' title='bbox 3148 1660 3313 1727; x_wconf 84' lang='lat' dir='ltr'><strong>opere</strong></span> <span class='ocrx_word' id='word_1_252' title='bbox 3353 1670 3474 1710; x_wconf 90' lang='lat' dir='ltr'><strong>ces-</strong></span> 
     </span>
    </p>
   </div>
   <div class='ocr_carea' id='block_1_31' title="bbox 1904 1746 3476 1818">
    <p class='ocr_par' dir='ltr' id='par_1_31' title="bbox 1904 1746 3476 1818">
     <span class='ocr_line' id='line_1_31' title="bbox 1904 1746 3476 1818; baseline 0.001 -20"><span class='ocrx_word' id='word_1_253' title='bbox 1904 1755 2088 1801; x_wconf 88' lang='lat' dir='ltr'><strong>sarent</strong></span> <span class='ocrx_word' id='word_1_254' title='bbox 2136 1746 2409 1813; x_wconf 85' lang='lat' dir='ltr'><strong>Sabbato,</strong></span> <span class='ocrx_word' id='word_1_255' title='bbox 2463 1748 2661 1818; x_wconf 87' lang='lat' dir='ltr'><strong>jussit,</strong></span> <span class='ocrx_word' id='word_1_256' title='bbox 2722 1748 2817 1803; x_wconf 82' lang='lat' dir='ltr'><strong>sed</strong></span> <span class='ocrx_word' id='word_1_257' title='bbox 2884 1754 2955 1803; x_wconf 85' lang='lat' dir='ltr'><strong>ne</strong></span> <span class='ocrx_word' id='word_1_258' title='bbox 3022 1763 3191 1803; x_wconf 90' lang='lat' dir='ltr'><strong>onera</strong></span> <span class='ocrx_word' id='word_1_259' title='bbox 3251 1746 3476 1817; x_wconf 78' lang='lat' dir='ltr'><strong>quidem</strong></span> 
     </span>
    </p>
   </div>
   <div class='ocr_carea' id='block_1_32' title="bbox 253 1835 1811 1912">
    <p class='ocr_par' dir='ltr' id='par_1_32' title="bbox 253 1836 1797 1911">
     <span class='ocr_line' id='line_1_32' title="bbox 253 1836 1797 1911; baseline 0.001 -22"><span class='ocrx_word' id='word_1_260' title='bbox 253 1837 497 1893; x_wconf 74' lang='grc' dir='ltr'>παιδείαν.</span> <span class='ocrx_word' id='word_1_261' title='bbox 552 1859 569 1887; x_wconf 80' lang='grc' dir='ltr'><strong>ι</strong></span> <span class='ocrx_word' id='word_1_262' title='bbox 606 1840 681 1893; x_wconf 84' lang='grc' dir='ltr'>Ού</span> <span class='ocrx_word' id='word_1_263' title='bbox 714 1841 874 1910; x_wconf 88' lang='grc' dir='ltr'>μόνον</span> <span class='ocrx_word' id='word_1_264' title='bbox 910 1840 974 1911; x_wconf 82' lang='grc' dir='ltr'>δὴ</span> <span class='ocrx_word' id='word_1_265' title='bbox 1004 1836 1099 1895; x_wconf 77' lang='grc' dir='ltr'>οὖν</span> <span class='ocrx_word' id='word_1_266' title='bbox 1142 1840 1203 1894; x_wconf 79' lang='grc' dir='ltr'><strong>τὺ</strong></span> <span class='ocrx_word' id='word_1_267' title='bbox 1248 1839 1361 1893; x_wconf 80' lang='grc' dir='ltr'>δεῖν</span> <span class='ocrx_word' id='word_1_268' title='bbox 1399 1839 1561 1911; x_wconf 69' lang='grc' dir='ltr'>ἔργου</span> <span class='ocrx_word' id='word_1_269' title='bbox 1594 1836 1797 1900; x_wconf 82' lang='grc' dir='ltr'>παντὸς</span> 
     </span>
    </p>
   </div>
   <div class='ocr_carea' id='block_1_33' title="bbox 1912 1835 3336 1912">
    <p class='ocr_par' dir='ltr' id='par_1_33' title="bbox 1912 1839 3336 1912">
     <span class='ocr_line' id='line_1_33' title="bbox 1912 1839 3336 1912; baseline 0.001 -18"><span class='ocrx_word' id='word_1_270' title='bbox 1912 1839 2183 1906; x_wconf 74' lang='lat' dir='ltr'><strong>:ﬁ‘errent,</strong></span> <span class='ocrx_word' id='word_1_271' title='bbox 2210 1857 2347 1897; x_wconf 86' lang='lat' dir='ltr'><strong>neve</strong></span> <span class='ocrx_word' id='word_1_272' title='bbox 2370 1850 2523 1897; x_wconf 76' lang='lat' dir='ltr'><strong>extra</strong></span> <span class='ocrx_word' id='word_1_273' title='bbox 2561 1851 2748 1912; x_wconf 87' lang='lat' dir='ltr'><strong>portas</strong></span> <span class='ocrx_word' id='word_1_274' title='bbox 2768 1842 3070 1898; x_wconf 83' lang='lat' dir='ltr'><strong>Jerusalem</strong></span> <span class='ocrx_word' id='word_1_275' title='bbox 3097 1840 3336 1897; x_wconf 76' lang='lat' dir='ltr'><strong>exirent.</strong></span> 
     </span>
    </p>
   </div>
   <div class='ocr_carea' id='block_1_34' title="bbox 251 1929 3477 2006">
    <p class='ocr_par' dir='ltr' id='par_1_34' title="bbox 251 1929 3477 2006">
     <span class='ocr_line' id='line_1_34' title="bbox 251 1929 3477 2006; baseline 0.001 -26"><span class='ocrx_word' id='word_1_276' title='bbox 251 1929 561 2001; x_wconf 83' lang='grc' dir='ltr'>καταλήγειν</span> <span class='ocrx_word' id='word_1_277' title='bbox 608 1930 667 1984; x_wconf 79' lang='grc' dir='ltr'>ἑν</span> <span class='ocrx_word' id='word_1_278' title='bbox 728 1932 990 2003; x_wconf 52' lang='grc' dir='ltr'><strong>ὣϐὁάτῳ</strong></span> <span class='ocrx_word' id='word_1_279' title='bbox 1032 1931 1421 2003; x_wconf 80' lang='grc' dir='ltr'>προστέταχεν,</span> <span class='ocrx_word' id='word_1_280' title='bbox 1479 1930 1616 1985; x_wconf 80' lang='grc' dir='ltr'>ἀλλὰ</span> <span class='ocrx_word' id='word_1_281' title='bbox 1680 1929 1775 1983; x_wconf 76' lang='grc' dir='ltr'>καὶ</span> <span class='ocrx_word' id='word_1_282' title='bbox 1840 1929 2203 2005; x_wconf 84' lang='grc' dir='ltr'>βαστάγματα</span> <span class='ocrx_word' id='word_1_283' title='bbox 2254 1934 2330 2006; x_wconf 83' lang='grc' dir='ltr'>μὴ</span> <span class='ocrx_word' id='word_1_284' title='bbox 2374 1935 2651 2006; x_wconf 81' lang='grc' dir='ltr'>ἐκφέρειν,</span> <span class='ocrx_word' id='word_1_285' title='bbox 2696 1936 2832 2006; x_wconf 79' lang='grc' dir='ltr'>μήτε</span> <span class='ocrx_word' id='word_1_286' title='bbox 2873 1935 2979 2006; x_wconf 79' lang='grc' dir='ltr'>μὴν</span> <span class='ocrx_word' id='word_1_287' title='bbox 3025 1932 3328 2005; x_wconf 71' lang='grc' dir='ltr'>ὲξοίχεσθαί</span> <span class='ocrx_word' id='word_1_288' title='bbox 3382 1947 3477 1985; x_wconf 72' lang='grc' dir='ltr'><strong>ποι</strong></span> 
     </span>
    </p>
   </div>
   <div class='ocr_carea' id='block_1_35' title="bbox 251 2021 1178 2097">
    <p class='ocr_par' dir='ltr' id='par_1_35' title="bbox 251 2021 1178 2097">
     <span class='ocr_line' id='line_1_35' title="bbox 251 2021 1178 2097; baseline 0.009 -26"><span class='ocrx_word' id='word_1_289' title='bbox 251 2021 545 2093; x_wconf 79' lang='grc' dir='ltr'>περαιτέρω</span> <span class='ocrx_word' id='word_1_290' title='bbox 572 2023 757 2077; x_wconf 82' lang='grc' dir='ltr'>πυλῶν</span> <span class='ocrx_word' id='word_1_291' title='bbox 800 2025 1178 2097; x_wconf 81' lang='grc' dir='ltr'>Ἰερουσαλήμ.</span> 
     </span>
    </p>
   </div>
   <div class='ocr_carea' id='block_1_36' title="bbox 201 2114 1626 2192">
    <p class='ocr_par' dir='ltr' id='par_1_36' title="bbox 201 2114 1626 2192">
     <span class='ocr_line' id='line_1_36' title="bbox 201 2114 1626 2192; baseline 0.007 -29"><span class='ocrx_word' id='word_1_292' title='bbox 201 2118 203 2125; x_wconf 84' lang='lat'>‘</span> <span class='ocrx_word' id='word_1_293' title='bbox 309 2114 506 2170; x_wconf 81' lang='grc' dir='ltr'><strong>ΠΔΛΛ.</strong></span> <span class='ocrx_word' id='word_1_294' title='bbox 548 2116 681 2171; x_wconf 82' lang='grc' dir='ltr'>Εἶτα</span> <span class='ocrx_word' id='word_1_295' title='bbox 711 2118 795 2183; x_wconf 87' lang='grc' dir='ltr'><strong>τίς</strong></span> <span class='ocrx_word' id='word_1_296' title='bbox 818 2118 885 2173; x_wconf 85' lang='grc' dir='ltr'>ἂν</span> <span class='ocrx_word' id='word_1_297' title='bbox 909 2120 995 2192; x_wconf 78' lang='grc' dir='ltr'>εἴη</span> <span class='ocrx_word' id='word_1_298' title='bbox 1027 2120 1121 2174; x_wconf 75' lang='grc' dir='ltr'>καὶ</span> <span class='ocrx_word' id='word_1_299' title='bbox 1149 2118 1353 2174; x_wconf 90' lang='grc' dir='ltr'>τούτων</span> <span class='ocrx_word' id='word_1_300' title='bbox 1384 2119 1412 2173; x_wconf 85' lang='grc' dir='ltr'>ὁ</span> <span class='ocrx_word' id='word_1_301' title='bbox 1436 2118 1626 2188; x_wconf 81' lang='grc' dir='ltr'>λόγος;</span> 
     </span>
    </p>
   </div>
   <div class='ocr_carea' id='block_1_37' title="bbox 310 2294 1807 2369">
    <p class='ocr_par' dir='ltr' id='par_1_37' title="bbox 310 2294 1807 2369">
     <span class='ocr_line' id='line_1_37' title="bbox 310 2294 1807 2369; baseline 0.001 -23"><span class='ocrx_word' id='word_1_302' title='bbox 310 2294 462 2348; x_wconf 81' lang='grc' dir='ltr'><strong>ΚΥΡ.</strong></span> <span class='ocrx_word' id='word_1_303' title='bbox 499 2295 710 2368; x_wconf 84' lang='grc' dir='ltr'>Νοητὺς</span> <span class='ocrx_word' id='word_1_304' title='bbox 750 2296 814 2368; x_wconf 72' lang='grc' dir='ltr'>δὴ</span> <span class='ocrx_word' id='word_1_305' title='bbox 846 2298 940 2351; x_wconf 73' lang='grc' dir='ltr'>καὶ</span> <span class='ocrx_word' id='word_1_306' title='bbox 974 2296 1363 2369; x_wconf 83' lang='grc' dir='ltr'>πνευματικὸς,</span> <span class='ocrx_word' id='word_1_307' title='bbox 1398 2298 1491 2351; x_wconf 72' lang='grc' dir='ltr'>καὶ</span> <span class='ocrx_word' id='word_1_308' title='bbox 1545 2296 1807 2349; x_wconf 74' lang='grc' dir='ltr'>ἐπέκεινα</span> 
     </span>
    </p>
   </div>
   <div class='ocr_carea' id='block_1_38' title="bbox 249 2384 1802 2460">
    <p class='ocr_par' dir='ltr' id='par_1_38' title="bbox 249 2384 1802 2460">
     <span class='ocr_line' id='line_1_38' title="bbox 249 2384 1802 2460; baseline 0.003 -24"><span class='ocrx_word' id='word_1_309' title='bbox 249 2384 345 2437; x_wconf 86' lang='grc' dir='ltr'>τῶν</span> <span class='ocrx_word' id='word_1_310' title='bbox 390 2385 603 2450; x_wconf 80' lang='grc' dir='ltr'>τύπων,</span> <span class='ocrx_word' id='word_1_311' title='bbox 655 2389 749 2441; x_wconf 76' lang='grc' dir='ltr'>καὶ</span> <span class='ocrx_word' id='word_1_312' title='bbox 799 2389 957 2452; x_wconf 79' lang='grc' dir='ltr'>σκιᾶς</span> <span class='ocrx_word' id='word_1_313' title='bbox 987 2389 1227 2460; x_wconf 75' lang='grc' dir='ltr'>ἀμείνων</span> <span class='ocrx_word' id='word_1_314' title='bbox 1279 2389 1380 2458; x_wconf 78' lang='grc' dir='ltr'>τῆς</span> <span class='ocrx_word' id='word_1_315' title='bbox 1422 2386 1802 2457; x_wconf 76' lang='grc' dir='ltr'>ἀρχαιοτέρας.</span> 
     </span>
    </p>
   </div>
   <div class='ocr_carea' id='block_1_39' title="bbox 251 2477 1804 2551">
    <p class='ocr_par' dir='ltr' id='par_1_39' title="bbox 251 2477 1804 2551">
     <span class='ocr_line' id='line_1_39' title="bbox 251 2477 1804 2551; baseline 0.003 -24"><span class='ocrx_word' id='word_1_316' title='bbox 251 2477 437 2548; x_wconf 73' lang='grc' dir='ltr'>Ἐργου</span> <span class='ocrx_word' id='word_1_317' title='bbox 488 2479 590 2551; x_wconf 81' lang='grc' dir='ltr'>μὲν</span> <span class='ocrx_word' id='word_1_318' title='bbox 629 2479 737 2549; x_wconf 83' lang='grc' dir='ltr'><strong>γὰρ</strong></span> <span class='ocrx_word' id='word_1_319' title='bbox 778 2480 871 2533; x_wconf 81' lang='grc' dir='ltr'>τοῦ</span> <span class='ocrx_word' id='word_1_320' title='bbox 915 2481 1050 2550; x_wconf 86' lang='grc' dir='ltr'>πρὸς</span> <span class='ocrx_word' id='word_1_321' title='bbox 1081 2479 1391 2551; x_wconf 77' lang='grc' dir='ltr'>φαυλότητα</span> <span class='ocrx_word' id='word_1_322' title='bbox 1429 2479 1804 2551; x_wconf 82' lang='grc' dir='ltr'>τετραμμένου</span> 
     </span>
    </p>
   </div>
   <div class='ocr_carea' id='block_1_40' title="bbox 246 2569 1808 2642">
    <p class='ocr_par' dir='ltr' id='par_1_40' title="bbox 246 2569 1808 2642">
     <span class='ocr_line' id='line_1_40' title="bbox 246 2569 1808 2642; baseline 0.003 -24"><span class='ocrx_word' id='word_1_323' title='bbox 246 2584 298 2620; x_wconf 87' lang='grc' dir='ltr'><strong>τε</strong></span> <span class='ocrx_word' id='word_1_324' title='bbox 331 2569 421 2623; x_wconf 76' lang='grc' dir='ltr'>καὶ</span> <span class='ocrx_word' id='word_1_325' title='bbox 466 2569 760 2640; x_wconf 76' lang='grc' dir='ltr'>βλέποντος</span> <span class='ocrx_word' id='word_1_326' title='bbox 796 2572 875 2637; x_wconf 81' lang='grc' dir='ltr'>εἰς</span> <span class='ocrx_word' id='word_1_327' title='bbox 918 2571 1213 2642; x_wconf 79' lang='grc' dir='ltr'>κατάληξιν</span> <span class='ocrx_word' id='word_1_328' title='bbox 1264 2570 1400 2623; x_wconf 77' lang='grc' dir='ltr'>ἰέναι</span> <span class='ocrx_word' id='word_1_329' title='bbox 1439 2570 1649 2623; x_wconf 82' lang='grc' dir='ltr'>κελεύει</span> <span class='ocrx_word' id='word_1_330' title='bbox 1680 2570 1808 2631; x_wconf 82' lang='grc' dir='ltr'>τοὺς</span> 
     </span>
    </p>
   </div>
   <div class='ocr_carea' id='block_1_41' title="bbox 244 2660 1809 2734">
    <p class='ocr_par' dir='ltr' id='par_1_41' title="bbox 244 2660 1809 2734">
     <span class='ocr_line' id='line_1_41' title="bbox 244 2660 1809 2734; baseline 0.001 -22"><span class='ocrx_word' id='word_1_331' title='bbox 244 2663 295 2713; x_wconf 73' lang='grc' dir='ltr'>ἐν</span> <span class='ocrx_word' id='word_1_332' title='bbox 328 2662 547 2734; x_wconf 77' lang='grc' dir='ltr'>Χριστῷ</span> <span class='ocrx_word' id='word_1_333' title='bbox 573 2664 1019 2729; x_wconf 74' lang='grc' dir='ltr'>σαϐϐατίξοντας,</span> <span class='ocrx_word' id='word_1_334' title='bbox 1055 2662 1349 2733; x_wconf 77' lang='grc' dir='ltr'>βάσταγμα</span> <span class='ocrx_word' id='word_1_335' title='bbox 1366 2679 1428 2731; x_wconf 80' lang='grc' dir='ltr'><strong>γε</strong></span> <span class='ocrx_word' id='word_1_336' title='bbox 1454 2662 1560 2732; x_wconf 82' lang='grc' dir='ltr'>μὴν</span> <span class='ocrx_word' id='word_1_337' title='bbox 1585 2660 1809 2730; x_wconf 80' lang='grc' dir='ltr'><strong>ὲπωμά-</strong></span> 
     </span>
    </p>
   </div>
   <div class='ocr_carea' id='block_1_42' title="bbox 244 2748 1808 2823">
    <p class='ocr_par' dir='ltr' id='par_1_42' title="bbox 244 2748 1808 2823">
     <span class='ocr_line' id='line_1_42' title="bbox 244 2748 1808 2823; baseline 0.001 -23"><span class='ocrx_word' id='word_1_338' title='bbox 244 2748 340 2801; x_wconf 79' lang='grc' dir='ltr'>διον</span> <span class='ocrx_word' id='word_1_339' title='bbox 368 2751 636 2807; x_wconf 71' lang='grc' dir='ltr'>ποιεῖσθαι</span> <span class='ocrx_word' id='word_1_340' title='bbox 689 2752 874 2823; x_wconf 81' lang='grc' dir='ltr'>μηδέν.</span> <span class='ocrx_word' id='word_1_341' title='bbox 916 2752 1054 2815; x_wconf 81' lang='grc' dir='ltr'>Τοὺς</span> <span class='ocrx_word' id='word_1_342' title='bbox 1097 2752 1204 2822; x_wconf 77' lang='grc' dir='ltr'><strong>γὰρ</strong></span> <span class='ocrx_word' id='word_1_343' title='bbox 1253 2749 1400 2817; x_wconf 70' lang='grc' dir='ltr'>ἅπαξ</span> <span class='ocrx_word' id='word_1_344' title='bbox 1436 2749 1523 2804; x_wconf 80' lang='grc' dir='ltr'><strong>διὰ</strong></span> <span class='ocrx_word' id='word_1_345' title='bbox 1571 2749 1672 2819; x_wconf 83' lang='grc' dir='ltr'>τῆς</span> <span class='ocrx_word' id='word_1_346' title='bbox 1715 2749 1808 2802; x_wconf 86' lang='grc' dir='ltr'>πί-</span> 
     </span>
    </p>
   </div>
   <div class='ocr_carea' id='block_1_43' title="bbox 243 2844 1808 2917">
    <p class='ocr_par' dir='ltr' id='par_1_43' title="bbox 243 2844 1808 2917">
     <span class='ocr_line' id='line_1_43' title="bbox 243 2844 1808 2917; baseline 0.002 -22"><span class='ocrx_word' id='word_1_347' title='bbox 243 2859 400 2909; x_wconf 81' lang='grc' dir='ltr'>στεως</span> <span class='ocrx_word' id='word_1_348' title='bbox 426 2847 487 2899; x_wconf 84' lang='grc' dir='ltr'><strong>τὸ</strong></span> <span class='ocrx_word' id='word_1_349' title='bbox 525 2846 803 2900; x_wconf 82' lang='grc' dir='ltr'>δύσοιστον</span> <span class='ocrx_word' id='word_1_350' title='bbox 821 2846 1037 2916; x_wconf 82' lang='grc' dir='ltr'>ἀληθῶς</span> <span class='ocrx_word' id='word_1_351' title='bbox 1061 2846 1160 2916; x_wconf 81' lang='grc' dir='ltr'>τῆς</span> <span class='ocrx_word' id='word_1_352' title='bbox 1188 2844 1463 2917; x_wconf 82' lang='grc' dir='ltr'>ἁμαρτίας</span> <span class='ocrx_word' id='word_1_353' title='bbox 1490 2845 1654 2916; x_wconf 80' lang='grc' dir='ltr'>ἄχθος</span> <span class='ocrx_word' id='word_1_354' title='bbox 1673 2845 1808 2899; x_wconf 86' lang='grc' dir='ltr'>ἀπο-</span> 
     </span>
    </p>
   </div>
   <div class='ocr_carea' id='block_1_44' title="bbox 242 2933 1811 3007">
    <p class='ocr_par' dir='ltr' id='par_1_44' title="bbox 242 2933 1811 3007">
     <span class='ocr_line' id='line_1_44' title="bbox 242 2933 1811 3007; baseline 0.001 -22"><span class='ocrx_word' id='word_1_355' title='bbox 242 2933 593 3007; x_wconf 74' lang='grc' dir='ltr'>ϐεϐληκότας,</span> <span class='ocrx_word' id='word_1_356' title='bbox 633 2937 753 3000; x_wconf 78' lang='grc' dir='ltr'><strong>πῶς</strong></span> <span class='ocrx_word' id='word_1_357' title='bbox 787 2938 888 2990; x_wconf 81' lang='grc' dir='ltr'><strong>ούκ</strong></span> <span class='ocrx_word' id='word_1_358' title='bbox 920 2936 1268 3005; x_wconf 79' lang='grc' dir='ltr'>ἀπόπληκτον</span> <span class='ocrx_word' id='word_1_359' title='bbox 1302 2935 1577 2999; x_wconf 86' lang='grc' dir='ltr'>παντελῶς</span> <span class='ocrx_word' id='word_1_360' title='bbox 1620 2936 1683 2989; x_wconf 83' lang='grc' dir='ltr'>τὸ</span> <span class='ocrx_word' id='word_1_361' title='bbox 1716 2936 1811 2990; x_wconf 75' lang='grc' dir='ltr'>καὶ</span> 
     </span>
    </p>
   </div>
   <div class='ocr_carea' id='block_1_45' title="bbox 240 3014 1811 3098">
    <p class='ocr_par' dir='ltr' id='par_1_45' title="bbox 240 3014 1811 3098">
     <span class='ocr_line' id='line_1_45' title="bbox 240 3014 1811 3098; baseline 0.003 -22"><span class='ocrx_word' id='word_1_362' title='bbox 240 3026 311 3089; x_wconf 84' lang='grc' dir='ltr'>εἰς</span> <span class='ocrx_word' id='word_1_363' title='bbox 332 3022 485 3093; x_wconf 79' lang='grc' dir='ltr'>αὖθις</span> <span class='ocrx_word' id='word_1_364' title='bbox 501 3027 656 3098; x_wconf 83' lang='grc' dir='ltr'>αύτῷ</span> <span class='ocrx_word' id='word_1_365' title='bbox 680 3027 1175 3097; x_wconf 70' lang='grc' dir='ltr'>καταφορτίζεσθαι</span> <span class='ocrx_word' id='word_1_366' title='bbox 1195 3028 1325 3094; x_wconf 86' lang='grc' dir='ltr'>δεῖν,</span> <span class='ocrx_word' id='word_1_367' title='bbox 1357 3029 1451 3081; x_wconf 74' lang='grc' dir='ltr'>καὶ</span> <span class='ocrx_word' id='word_1_368' title='bbox 1481 3014 1811 3081; x_wconf 67' lang='grc' dir='ltr'>ὑποπίπτειν</span> 
     </span>
    </p>
   </div>
   <div class='ocr_carea' id='block_1_46' title="bbox 242 3118 1811 3191">
    <p class='ocr_par' dir='ltr' id='par_1_46' title="bbox 242 3118 1811 3191">
     <span class='ocr_line' id='line_1_46' title="bbox 242 3118 1811 3191; baseline 0.002 -22"><span class='ocrx_word' id='word_1_369' title='bbox 242 3118 445 3172; x_wconf 75' lang='grc' dir='ltr'>ἑλέσθαι</span> <span class='ocrx_word' id='word_1_370' title='bbox 489 3120 656 3174; x_wconf 84' lang='grc' dir='ltr'>πάλιν</span> <span class='ocrx_word' id='word_1_371' title='bbox 686 3122 797 3184; x_wconf 90' lang='grc' dir='ltr'>τοῖς</span> <span class='ocrx_word' id='word_1_372' title='bbox 818 3122 898 3184; x_wconf 85' lang='grc' dir='ltr'><strong>είς</strong></span> <span class='ocrx_word' id='word_1_373' title='bbox 930 3119 1240 3191; x_wconf 85' lang='grc' dir='ltr'>φαυλότητα</span> <span class='ocrx_word' id='word_1_374' title='bbox 1264 3119 1486 3188; x_wconf 76' lang='grc' dir='ltr'>ζυγοῖς;</span> <span class='ocrx_word' id='word_1_375' title='bbox 1523 3118 1716 3172; x_wconf 84' lang='grc' dir='ltr'>Πυλῶν</span> <span class='ocrx_word' id='word_1_376' title='bbox 1754 3119 1811 3172; x_wconf 83' lang='grc' dir='ltr'>δὲ</span> 
     </span>
    </p>
   </div>
   <div class='ocr_carea' id='block_1_47' title="bbox 240 3209 1811 3282">
    <p class='ocr_par' dir='ltr' id='par_1_47' title="bbox 240 3209 1811 3282">
     <span class='ocr_line' id='line_1_47' title="bbox 240 3209 1811 3282; baseline 0.001 -20"><span class='ocrx_word' id='word_1_377' title='bbox 240 3211 363 3265; x_wconf 79' lang='grc' dir='ltr'>εἴσω</span> <span class='ocrx_word' id='word_1_378' title='bbox 407 3211 658 3277; x_wconf 76' lang='grc' dir='ltr'>καθίζειν</span> <span class='ocrx_word' id='word_1_379' title='bbox 703 3212 813 3265; x_wconf 84' lang='grc' dir='ltr'>τῶν</span> <span class='ocrx_word' id='word_1_380' title='bbox 851 3212 952 3281; x_wconf 76' lang='grc' dir='ltr'>τῆς</span> <span class='ocrx_word' id='word_1_381' title='bbox 992 3210 1368 3282; x_wconf 83' lang='grc' dir='ltr'>Ἰερουσαλὴμ,</span> <span class='ocrx_word' id='word_1_382' title='bbox 1401 3210 1463 3263; x_wconf 87' lang='grc' dir='ltr'>τὸ</span> <span class='ocrx_word' id='word_1_383' title='bbox 1502 3209 1581 3280; x_wconf 73' lang='grc' dir='ltr'>μὴ</span> <span class='ocrx_word' id='word_1_384' title='bbox 1616 3210 1811 3280; x_wconf 81' lang='grc' dir='ltr'>χρῆναι</span> 
     </span>
    </p>
   </div>
   <div class='ocr_carea' id='block_1_48' title="bbox 242 3299 1812 3376">
    <p class='ocr_par' dir='ltr' id='par_1_48' title="bbox 242 3299 1812 3376">
     <span class='ocr_line' id='line_1_48' title="bbox 242 3299 1812 3376; baseline -0.003 -20"><span class='ocrx_word' id='word_1_385' title='bbox 242 3303 438 3369; x_wconf 85' lang='grc' dir='ltr'>πόλεως</span> <span class='ocrx_word' id='word_1_386' title='bbox 467 3306 624 3376; x_wconf 71' lang='grc' dir='ltr'>ἡμᾶς</span> <span class='ocrx_word' id='word_1_387' title='bbox 654 3303 753 3373; x_wconf 82' lang='grc' dir='ltr'>τῆς</span> <span class='ocrx_word' id='word_1_388' title='bbox 779 3303 940 3370; x_wconf 76' lang='grc' dir='ltr'>ἁγίας</span> <span class='ocrx_word' id='word_1_389' title='bbox 959 3300 1415 3371; x_wconf 81' lang='grc' dir='ltr'>ἀπονοσφίζεσθαι</span> <span class='ocrx_word' id='word_1_390' title='bbox 1434 3299 1643 3364; x_wconf 86' lang='grc' dir='ltr'>τυπῶν,</span> <span class='ocrx_word' id='word_1_391' title='bbox 1676 3302 1812 3371; x_wconf 85' lang='grc' dir='ltr'>μήτε</span> 
     </span>
    </p>
   </div>
   <div class='ocr_carea' id='block_1_49' title="bbox 1968 2114 3481 2186">
    <p class='ocr_par' dir='ltr' id='par_1_49' title="bbox 1968 2114 3481 2186">
     <span class='ocr_line' id='line_1_49' title="bbox 1968 2114 3481 2186; baseline -0.005 -14"><span class='ocrx_word' id='word_1_392' title='bbox 1968 2115 2133 2185; x_wconf 71' lang='grc'><strong>229</strong></span> <span class='ocrx_word' id='word_1_393' title='bbox 2155 2114 2350 2169; x_wconf 84' lang='lat' dir='ltr'><strong>PALL.</strong></span> <span class='ocrx_word' id='word_1_394' title='bbox 2378 2114 2484 2169; x_wconf 89' lang='lat' dir='ltr'><strong>Sed</strong></span> <span class='ocrx_word' id='word_1_395' title='bbox 2508 2124 2755 2185; x_wconf 66' lang='lat' dir='ltr'><strong>quaenam</strong></span> <span class='ocrx_word' id='word_1_396' title='bbox 2795 2114 2992 2170; x_wconf 90' lang='lat' dir='ltr'><strong>horum</strong></span> <span class='ocrx_word' id='word_1_397' title='bbox 3034 2131 3253 2186; x_wconf 89' lang='lat' dir='ltr'><strong>quoque</strong></span> <span class='ocrx_word' id='word_1_398' title='bbox 3288 2118 3481 2174; x_wconf 80' lang='lat' dir='ltr'><strong>afferri</strong></span> 
     </span>
    </p>
   </div>
   <div class='ocr_carea' id='block_1_50' title="bbox 1905 2207 2304 2276">
    <p class='ocr_par' dir='ltr' id='par_1_50' title="bbox 1905 2207 2304 2276">
     <span class='ocr_line' id='line_1_50' title="bbox 1905 2207 2304 2276; baseline 0.003 -15"><span class='ocrx_word' id='word_1_399' title='bbox 1905 2215 2087 2276; x_wconf 88' lang='lat' dir='ltr'><strong>potest</strong></span> <span class='ocrx_word' id='word_1_400' title='bbox 2119 2207 2304 2262; x_wconf 85' lang='lat' dir='ltr'><strong>ratio?</strong></span> 
     </span>
    </p>
   </div>
   <div class='ocr_carea' id='block_1_51' title="bbox 1973 2298 3477 2381">
    <p class='ocr_par' dir='ltr' id='par_1_51' title="bbox 1973 2298 3477 2381">
     <span class='ocr_line' id='line_1_51' title="bbox 1973 2298 3477 2381; baseline 0.001 -27"><span class='ocrx_word' id='word_1_401' title='bbox 1973 2298 2131 2354; x_wconf 79' lang='lat' dir='ltr'><strong>CYR.</strong></span> <span class='ocrx_word' id='word_1_402' title='bbox 2170 2298 2482 2369; x_wconf 79' lang='lat' dir='ltr'><strong>Spiritualis</strong></span> <span class='ocrx_word' id='word_1_403' title='bbox 2510 2315 2640 2355; x_wconf 82' lang='lat' dir='ltr'><strong>sane</strong></span> <span class='ocrx_word' id='word_1_404' title='bbox 2674 2308 2731 2355; x_wconf 93' lang='lat' dir='ltr'><strong>ct</strong></span> <span class='ocrx_word' id='word_1_405' title='bbox 2756 2298 3028 2361; x_wconf 88' lang='lat' dir='ltr'><strong>sublimis,</strong></span> <span class='ocrx_word' id='word_1_406' title='bbox 3062 2306 3119 2353; x_wconf 89' lang='lat' dir='ltr'><strong>et</strong></span> <span class='ocrx_word' id='word_1_407' title='bbox 3141 2300 3331 2381; x_wconf 73' lang='lat' dir='ltr'><strong>ﬁguris</strong></span> <span class='ocrx_word' id='word_1_408' title='bbox 3354 2316 3477 2355; x_wconf 85' lang='lat' dir='ltr'><strong>um-</strong></span> 
     </span>
    </p>
   </div>
   <div class='ocr_carea' id='block_1_52' title="bbox 1906 2389 3474 2463">
    <p class='ocr_par' dir='ltr' id='par_1_52' title="bbox 1906 2389 3474 2463">
     <span class='ocr_line' id='line_1_52' title="bbox 1906 2389 3474 2463; baseline 0.002 -20"><span class='ocrx_word' id='word_1_409' title='bbox 1906 2389 2132 2459; x_wconf 87' lang='lat' dir='ltr'><strong>brisque</strong></span> <span class='ocrx_word' id='word_1_410' title='bbox 2173 2390 2280 2445; x_wconf 90' lang='lat' dir='ltr'><strong>illis</strong></span> <span class='ocrx_word' id='word_1_411' title='bbox 2303 2391 2582 2446; x_wconf 85' lang='lat' dir='ltr'><strong>veteribus</strong></span> <span class='ocrx_word' id='word_1_412' title='bbox 2605 2390 2973 2463; x_wconf 68' lang='lat' dir='ltr'><strong>praestantior.</strong></span> <span class='ocrx_word' id='word_1_413' title='bbox 3019 2389 3126 2444; x_wconf 85' lang='lat' dir='ltr'><strong>Eos</strong></span> <span class='ocrx_word' id='word_1_414' title='bbox 3166 2390 3336 2454; x_wconf 87' lang='lat' dir='ltr'><strong>enim,</strong></span> <span class='ocrx_word' id='word_1_415' title='bbox 3376 2391 3474 2461; x_wconf 89' lang='lat' dir='ltr'><strong>qui</strong></span> 
     </span>
    </p>
   </div>
   <div class='ocr_carea' id='block_1_53' title="bbox 1907 2479 3481 2551">
    <p class='ocr_par' dir='ltr' id='par_1_53' title="bbox 1907 2479 3481 2551">
     <span class='ocr_line' id='line_1_53' title="bbox 1907 2479 3481 2551; baseline 0.002 -17"><span class='ocrx_word' id='word_1_416' title='bbox 1907 2480 1963 2534; x_wconf 89' lang='lat' dir='ltr'><strong>in</strong></span> <span class='ocrx_word' id='word_1_417' title='bbox 1984 2479 2201 2535; x_wconf 89' lang='lat' dir='ltr'><strong>Christo</strong></span> <span class='ocrx_word' id='word_1_418' title='bbox 2224 2480 2519 2536; x_wconf 86' lang='lat' dir='ltr'><strong>Sabbatum</strong></span> <span class='ocrx_word' id='word_1_419' title='bbox 2533 2488 2719 2551; x_wconf 84' lang='lat' dir='ltr'><strong>agunt,</strong></span> <span class='ocrx_word' id='word_1_420' title='bbox 2740 2481 2808 2535; x_wconf 87' lang='lat' dir='ltr'><strong>ab</strong></span> <span class='ocrx_word' id='word_1_421' title='bbox 2824 2487 3010 2551; x_wconf 86' lang='lat' dir='ltr'><strong>opere‘,</strong></span> <span class='ocrx_word' id='word_1_422' title='bbox 3034 2481 3180 2549; x_wconf 91' lang='lat' dir='ltr'><strong>quod</strong></span> <span class='ocrx_word' id='word_1_423' title='bbox 3194 2481 3263 2536; x_wconf 88' lang='lat' dir='ltr'><strong>ad</strong></span> <span class='ocrx_word' id='word_1_424' title='bbox 3282 2480 3481 2537; x_wconf 86' lang='lat' dir='ltr'><strong>vitium</strong></span> 
     </span>
    </p>
   </div>
   <div class='ocr_carea' id='block_1_54' title="bbox 1906 2570 3480 2642">
    <p class='ocr_par' dir='ltr' id='par_1_54' title="bbox 1906 2570 3480 2642">
     <span class='ocr_line' id='line_1_54' title="bbox 1906 2570 3480 2642; baseline 0.001 -18"><span class='ocrx_word' id='word_1_425' title='bbox 1906 2570 2085 2641; x_wconf 92' lang='lat' dir='ltr'><strong>vergit</strong></span> <span class='ocrx_word' id='word_1_426' title='bbox 2105 2586 2169 2625; x_wconf 93' lang='lat' dir='ltr'><strong>ac</strong></span> <span class='ocrx_word' id='word_1_427' title='bbox 2193 2579 2424 2640; x_wconf 83' lang='lat' dir='ltr'><strong>spectat,</strong></span> <span class='ocrx_word' id='word_1_428' title='bbox 2451 2584 2667 2626; x_wconf 85' lang='lat' dir='ltr'><strong>cessare</strong></span> <span class='ocrx_word' id='word_1_429' title='bbox 2702 2571 2880 2642; x_wconf 84' lang='lat' dir='ltr'><strong>jubet,</strong></span> <span class='ocrx_word' id='word_1_430' title='bbox 2926 2570 3293 2640; x_wconf 88' lang='lat' dir='ltr'><strong>prohibetque</strong></span> <span class='ocrx_word' id='word_1_431' title='bbox 3339 2585 3480 2625; x_wconf 90' lang='lat' dir='ltr'><strong>onus</strong></span> 
     </span>
    </p>
   </div>
   <div class='ocr_carea' id='block_1_55' title="bbox 1909 2660 3481 2732">
    <p class='ocr_par' dir='ltr' id='par_1_55' title="bbox 1909 2660 3481 2732">
     <span class='ocr_line' id='line_1_55' title="bbox 1909 2660 3481 2732; baseline -0.003 -15"><span class='ocrx_word' id='word_1_432' title='bbox 1909 2662 2079 2717; x_wconf 88' lang='lat' dir='ltr'><strong>ullum</strong></span> <span class='ocrx_word' id='word_1_433' title='bbox 2096 2662 2341 2717; x_wconf 88' lang='lat' dir='ltr'><strong>humeris</strong></span> <span class='ocrx_word' id='word_1_434' title='bbox 2354 2662 2635 2731; x_wconf 86' lang='lat' dir='ltr'><strong>imponere</strong></span> <span class='ocrx_word' id='word_1_435' title='bbox 2656 2679 2669 2715; x_wconf 89' lang='lat'><strong>:</strong></span> <span class='ocrx_word' id='word_1_436' title='bbox 2689 2677 2816 2716; x_wconf 84' lang='lat' dir='ltr'><strong>nam</strong></span> <span class='ocrx_word' id='word_1_437' title='bbox 2835 2660 3112 2732; x_wconf 89' lang='lat' dir='ltr'><strong>quomodo</strong></span> <span class='ocrx_word' id='word_1_438' title='bbox 3128 2676 3237 2715; x_wconf 93' lang='lat' dir='ltr'><strong>non</strong></span> <span class='ocrx_word' id='word_1_439' title='bbox 3255 2664 3481 2714; x_wconf 73' lang='lat' dir='ltr'><strong>Summa:</strong></span> 
     </span>
    </p>
   </div>
   <div class='ocr_carea' id='block_1_56' title="bbox 1909 2750 3497 2824">
    <p class='ocr_par' dir='ltr' id='par_1_56' title="bbox 1909 2750 3497 2824">
     <span class='ocr_line' id='line_1_56' title="bbox 1909 2750 3497 2824; baseline -0.002 -17"><span class='ocrx_word' id='word_1_440' title='bbox 1909 2753 2134 2809; x_wconf 66' lang='lat' dir='ltr'><strong>insaniae</strong></span> <span class='ocrx_word' id='word_1_441' title='bbox 2156 2752 2247 2818; x_wconf 90' lang='lat' dir='ltr'><strong>sit,</strong></span> <span class='ocrx_word' id='word_1_442' title='bbox 2267 2753 2359 2823; x_wconf 89' lang='lat' dir='ltr'><strong>qui</strong></span> <span class='ocrx_word' id='word_1_443' title='bbox 2384 2754 2552 2808; x_wconf 86' lang='lat' dir='ltr'><strong>semel</strong></span> <span class='ocrx_word' id='word_1_444' title='bbox 2576 2770 2675 2824; x_wconf 90' lang='lat' dir='ltr'><strong>per</strong></span> <span class='ocrx_word' id='word_1_445' title='bbox 2698 2753 2859 2808; x_wconf 86' lang='lat' dir='ltr'><strong>ﬁdem</strong></span> <span class='ocrx_word' id='word_1_446' title='bbox 2882 2762 3023 2808; x_wconf 86' lang='lat' dir='ltr'><strong>onus</strong></span> <span class='ocrx_word' id='word_1_447' title='bbox 3066 2751 3292 2823; x_wconf 30' lang='lat' dir='ltr'><strong>peceati.</strong></span> <span class='ocrx_word' id='word_1_448' title='bbox 3322 2750 3497 2820; x_wconf 58' lang='lat' dir='ltr'><strong>plane»</strong></span> 
     </span>
    </p>
   </div>
   <div class='ocr_carea' id='block_1_57' title="bbox 1909 2841 3485 2915">
    <p class='ocr_par' dir='ltr' id='par_1_57' title="bbox 1909 2841 3485 2915">
     <span class='ocr_line' id='line_1_57' title="bbox 1909 2841 3485 2915; baseline -0.001 -19"><span class='ocrx_word' id='word_1_449' title='bbox 1909 2842 2286 2914; x_wconf 88' lang='lat' dir='ltr'><strong>gravissimum</strong></span> <span class='ocrx_word' id='word_1_450' title='bbox 2323 2844 2643 2915; x_wconf 88' lang='lat' dir='ltr'><strong>abjecerint,</strong></span> <span class='ocrx_word' id='word_1_451' title='bbox 2671 2859 2768 2899; x_wconf 89' lang='lat' dir='ltr'><strong>eos</strong></span> <span class='ocrx_word' id='word_1_452' title='bbox 2809 2843 2944 2898; x_wconf 92' lang='lat' dir='ltr'><strong>illud</strong></span> <span class='ocrx_word' id='word_1_453' title='bbox 2965 2843 3110 2897; x_wconf 92' lang='lat' dir='ltr'><strong>idem</strong></span> <span class='ocrx_word' id='word_1_454' title='bbox 3151 2842 3258 2897; x_wconf 90' lang='lat' dir='ltr'><strong>sibi</strong></span> <span class='ocrx_word' id='word_1_455' title='bbox 3299 2841 3485 2895; x_wconf 90' lang='lat' dir='ltr'><strong>denuo</strong></span> 
     </span>
    </p>
   </div>
   <div class='ocr_carea' id='block_1_58' title="bbox 1910 2930 3485 3006">
    <p class='ocr_par' dir='ltr' id='par_1_58' title="bbox 1910 2930 3485 3006">
     <span class='ocr_line' id='line_1_58' title="bbox 1910 2930 3485 3006; baseline -0.004 -17"><span class='ocrx_word' id='word_1_456' title='bbox 1910 2935 2212 3006; x_wconf 89' lang='lat' dir='ltr'><strong>imponere,</strong></span> <span class='ocrx_word' id='word_1_457' title='bbox 2240 2941 2295 2989; x_wconf 87' lang='lat' dir='ltr'><strong>et</strong></span> <span class='ocrx_word' id='word_1_458' title='bbox 2322 2951 2516 2990; x_wconf 85' lang='lat' dir='ltr'><strong>rursus</strong></span> <span class='ocrx_word' id='word_1_459' title='bbox 2546 2935 2803 3004; x_wconf 69' lang='lat' dir='ltr'><strong>nequitiae</strong></span> <span class='ocrx_word' id='word_1_460' title='bbox 2819 2936 3010 3005; x_wconf 90' lang='lat' dir='ltr'><strong>jugum</strong></span> <span class='ocrx_word' id='word_1_461' title='bbox 3034 2941 3228 3003; x_wconf 86' lang='lat' dir='ltr'><strong>sponte</strong></span> <span class='ocrx_word' id='word_1_462' title='bbox 3250 2931 3438 2986; x_wconf 88' lang='lat' dir='ltr'><strong>subire</strong></span> <span class='ocrx_word' id='word_1_463' title='bbox 3458 2930 3485 2982; x_wconf 83' lang='lat'><strong>?</strong></span> 
     </span>
    </p>
   </div>
   <div class='ocr_carea' id='block_1_59' title="bbox 1910 3020 3480 3094">
    <p class='ocr_par' dir='ltr' id='par_1_59' title="bbox 1910 3020 3480 3094">
     <span class='ocr_line' id='line_1_59' title="bbox 1910 3020 3480 3094; baseline -0.005 -14"><span class='ocrx_word' id='word_1_464' title='bbox 1910 3024 2114 3080; x_wconf 87' lang='lat' dir='ltr'><strong>Sedere</strong></span> <span class='ocrx_word' id='word_1_465' title='bbox 2137 3032 2320 3079; x_wconf 90' lang='lat' dir='ltr'><strong>autem</strong></span> <span class='ocrx_word' id='word_1_466' title='bbox 2352 3024 2495 3079; x_wconf 89' lang='lat' dir='ltr'><strong>intra</strong></span> <span class='ocrx_word' id='word_1_467' title='bbox 2518 3032 2707 3094; x_wconf 85' lang='lat' dir='ltr'><strong>portas</strong></span> <span class='ocrx_word' id='word_1_468' title='bbox 2745 3024 3047 3080; x_wconf 86' lang='lat' dir='ltr'><strong>Jerusalem</strong></span> <span class='ocrx_word' id='word_1_469' title='bbox 3089 3021 3145 3076; x_wconf 89' lang='lat' dir='ltr'><strong>id</strong></span> <span class='ocrx_word' id='word_1_470' title='bbox 3190 3020 3480 3091; x_wconf 82' lang='lat' dir='ltr'><strong>signiﬁcat,</strong></span> 
     </span>
    </p>
   </div>
   <div class='ocr_carea' id='block_1_60' title="bbox 1909 3112 3485 3175">
    <p class='ocr_par' dir='ltr' id='par_1_60' title="bbox 1909 3112 3485 3175">
     <span class='ocr_line' id='line_1_60' title="bbox 1909 3112 3485 3175; baseline -0.004 -4"><span class='ocrx_word' id='word_1_471' title='bbox 1909 3131 2021 3171; x_wconf 91' lang='lat' dir='ltr'><strong>non</strong></span> <span class='ocrx_word' id='word_1_472' title='bbox 2044 3130 2164 3171; x_wconf 89' lang='lat' dir='ltr'><strong>esse</strong></span> <span class='ocrx_word' id='word_1_473' title='bbox 2188 3115 2349 3170; x_wconf 89' lang='lat' dir='ltr'><strong>nobis</strong></span> <span class='ocrx_word' id='word_1_474' title='bbox 2375 3116 2443 3171; x_wconf 92' lang='lat' dir='ltr'><strong>de</strong></span> <span class='ocrx_word' id='word_1_475' title='bbox 2470 3123 2657 3170; x_wconf 88' lang='lat' dir='ltr'><strong>sancta</strong></span> <span class='ocrx_word' id='word_1_476' title='bbox 2681 3114 2900 3168; x_wconf 85' lang='lat' dir='ltr'><strong>civitate</strong></span> <span class='ocrx_word' id='word_1_477' title='bbox 2927 3112 3344 3175; x_wconf 85' lang='lat' dir='ltr'><strong>discedendum,</strong></span> <span class='ocrx_word' id='word_1_478' title='bbox 3386 3118 3485 3166; x_wconf 86' lang='lat' dir='ltr'><strong>ne-</strong></span> 
     </span>
    </p>
   </div>
   <div class='ocr_carea' id='block_1_61' title="bbox 1910 3199 3487 3276">
    <p class='ocr_par' dir='ltr' id='par_1_61' title="bbox 1910 3199 3487 3276">
     <span class='ocr_line' id='line_1_61' title="bbox 1910 3199 3487 3276; baseline -0.005 -15"><span class='ocrx_word' id='word_1_479' title='bbox 1910 3222 2018 3276; x_wconf 87' lang='lat' dir='ltr'><strong>que</strong></span> <span class='ocrx_word' id='word_1_480' title='bbox 2040 3205 2497 3261; x_wconf 85' lang='lat' dir='ltr'><strong>committendum</strong></span> <span class='ocrx_word' id='word_1_481' title='bbox 2538 3213 2618 3269; x_wconf 91' lang='lat' dir='ltr'><strong>ut,</strong></span> <span class='ocrx_word' id='word_1_482' title='bbox 2650 3204 2780 3258; x_wconf 90' lang='lat' dir='ltr'><strong>dum</strong></span> <span class='ocrx_word' id='word_1_483' title='bbox 2806 3203 2874 3257; x_wconf 88' lang='lat' dir='ltr'><strong>ad</strong></span> <span class='ocrx_word' id='word_1_484' title='bbox 2896 3201 3048 3258; x_wconf 85' lang='lat' dir='ltr'><strong>aliud</strong></span> <span class='ocrx_word' id='word_1_485' title='bbox 3099 3200 3362 3270; x_wconf 88' lang='lat' dir='ltr'><strong>quiddam</strong></span> <span class='ocrx_word' id='word_1_486' title='bbox 3400 3199 3487 3254; x_wconf 89' lang='lat' dir='ltr'><strong>di-</strong></span> 
     </span>
    </p>
   </div>
   <div class='ocr_carea' id='block_1_62' title="bbox 1910 3292 3495 3365">
    <p class='ocr_par' dir='ltr' id='par_1_62' title="bbox 1910 3292 3495 3365">
     <span class='ocr_line' id='line_1_62' title="bbox 1910 3292 3495 3365; baseline -0.001 -16"><span class='ocrx_word' id='word_1_487' title='bbox 1910 3297 2196 3361; x_wconf 89' lang='lat' dir='ltr'><strong>vertimus,</strong></span> <span class='ocrx_word' id='word_1_488' title='bbox 2238 3304 2395 3351; x_wconf 81' lang='lat' dir='ltr'><strong>extra</strong></span> <span class='ocrx_word' id='word_1_489' title='bbox 2434 3296 2673 3351; x_wconf 80' lang='lat' dir='ltr'><strong>feramur</strong></span> <span class='ocrx_word' id='word_1_490' title='bbox 2704 3304 2869 3365; x_wconf 86' lang='lat' dir='ltr'><strong>atque</strong></span> <span class='ocrx_word' id='word_1_491' title='bbox 2916 3293 3195 3349; x_wconf 64' lang='lat' dir='ltr'><strong>labamur.</strong></span> <span class='ocrx_word' id='word_1_492' title='bbox 3230 3292 3495 3349; x_wconf 81' lang='lat' dir='ltr'><strong>Sanctam.</strong></span> 
     </span>
    </p>
   </div>
   <div class='ocr_carea' id='block_1_63' title="bbox 241 3382 1811 3469">
    <p class='ocr_par' dir='ltr' id='par_1_63' title="bbox 241 3391 1809 3469">
     <span class='ocr_line' id='line_1_63' title="bbox 241 3391 1809 3469; baseline -0.003 -21"><span class='ocrx_word' id='word_1_493' title='bbox 241 3395 339 3469; x_wconf 74' lang='grc' dir='ltr'>μὴν</span> <span class='ocrx_word' id='word_1_494' title='bbox 372 3396 478 3463; x_wconf 78' lang='grc' dir='ltr'><strong>ἔξω</strong></span> <span class='ocrx_word' id='word_1_495' title='bbox 506 3394 774 3468; x_wconf 79' lang='grc' dir='ltr'>φέρεσθαι</span> <span class='ocrx_word' id='word_1_496' title='bbox 803 3397 896 3448; x_wconf 77' lang='grc' dir='ltr'>καὶ</span> <span class='ocrx_word' id='word_1_497' title='bbox 925 3392 1237 3447; x_wconf 83' lang='grc' dir='ltr'>ἀπολισθεῖν</span> <span class='ocrx_word' id='word_1_498' title='bbox 1265 3393 1461 3463; x_wconf 72' lang='grc' dir='ltr'>ἐφιεὶς,</span> <span class='ocrx_word' id='word_1_499' title='bbox 1487 3392 1575 3445; x_wconf 79' lang='grc' dir='ltr'><strong>διὰ</strong></span> <span class='ocrx_word' id='word_1_500' title='bbox 1605 3391 1705 3461; x_wconf 83' lang='grc' dir='ltr'>τῆς</span> <span class='ocrx_word' id='word_1_501' title='bbox 1731 3393 1809 3455; x_wconf 85' lang='grc' dir='ltr'><strong>είς</strong></span> 
     </span>
    </p>
   </div>
   <div class='ocr_carea' id='block_1_64' title="bbox 1912 3382 3488 3469">
    <p class='ocr_par' dir='ltr' id='par_1_64' title="bbox 1912 3382 3488 3456">
     <span class='ocr_line' id='line_1_64' title="bbox 1912 3382 3488 3456; baseline -0.004 -12"><span class='ocrx_word' id='word_1_502' title='bbox 1912 3404 2043 3444; x_wconf 89' lang='lat' dir='ltr'><strong>vero</strong></span> <span class='ocrx_word' id='word_1_503' title='bbox 2065 3388 2340 3442; x_wconf 77' lang='lat' dir='ltr'><strong>civitatein</strong></span> <span class='ocrx_word' id='word_1_504' title='bbox 2372 3386 2671 3442; x_wconf 78' lang='lat' dir='ltr'><strong>Ecclesiam</strong></span> <span class='ocrx_word' id='word_1_505' title='bbox 2695 3386 2881 3456; x_wconf 81' lang='lat' dir='ltr'><strong>accipe</strong></span> <span class='ocrx_word' id='word_1_506' title='bbox 2911 3404 2923 3437; x_wconf 91' lang='lat'><strong>:</strong></span> <span class='ocrx_word' id='word_1_507' title='bbox 2947 3386 3061 3455; x_wconf 88' lang='lat' dir='ltr'><strong>jam</strong></span> <span class='ocrx_word' id='word_1_508' title='bbox 3079 3383 3229 3438; x_wconf 92' lang='lat' dir='ltr'><strong>enim</strong></span> <span class='ocrx_word' id='word_1_509' title='bbox 3248 3382 3488 3439; x_wconf 79' lang='lat' dir='ltr'><strong>nonnul-</strong></span> 
     </span>
    </p>
   </div>
   <div class='ocr_carea' id='block_1_65' title="bbox 238 3482 1813 3561">
    <p class='ocr_par' dir='ltr' id='par_1_65' title="bbox 238 3482 1813 3561">
     <span class='ocr_line' id='line_1_65' title="bbox 238 3482 1813 3561; baseline -0.003 -22"><span class='ocrx_word' id='word_1_510' title='bbox 238 3487 415 3559; x_wconf 71' lang='grc' dir='ltr'>ἕτερόν</span> <span class='ocrx_word' id='word_1_511' title='bbox 442 3506 496 3542; x_wconf 91' lang='grc' dir='ltr'><strong>τι</strong></span> <span class='ocrx_word' id='word_1_512' title='bbox 526 3488 917 3561; x_wconf 77' lang='grc' dir='ltr'>παρατροπῆς.</span> <span class='ocrx_word' id='word_1_513' title='bbox 961 3487 1148 3556; x_wconf 82' lang='grc' dir='ltr'>Ἀγίαν</span> <span class='ocrx_word' id='word_1_514' title='bbox 1174 3486 1231 3539; x_wconf 81' lang='grc' dir='ltr'>δὲ</span> <span class='ocrx_word' id='word_1_515' title='bbox 1262 3486 1418 3539; x_wconf 84' lang='grc' dir='ltr'>πόλιν</span> <span class='ocrx_word' id='word_1_516' title='bbox 1448 3486 1681 3556; x_wconf 82' lang='grc' dir='ltr'>νοήσεις,</span> <span class='ocrx_word' id='word_1_517' title='bbox 1715 3482 1813 3553; x_wconf 84' lang='grc' dir='ltr'>τὴν</span> 
     </span>
    </p>
   </div>
   <div class='ocr_carea' id='block_1_66' title="bbox 249 3575 1813 3652">
    <p class='ocr_par' dir='ltr' id='par_1_66' title="bbox 249 3575 1813 3652">
     <span class='ocr_line' id='line_1_66' title="bbox 249 3575 1813 3652; baseline -0.003 -19"><span class='ocrx_word' id='word_1_518' title='bbox 249 3579 600 3652; x_wconf 66' lang='grc' dir='ltr'>Ἐκκλησίαν*</span> <span class='ocrx_word' id='word_1_519' title='bbox 636 3580 738 3651; x_wconf 65' lang='grc' dir='ltr'>ἤδη</span> <span class='ocrx_word' id='word_1_520' title='bbox 767 3581 878 3651; x_wconf 80' lang='grc' dir='ltr'>γάρ</span> <span class='ocrx_word' id='word_1_521' title='bbox 901 3578 1002 3632; x_wconf 84' lang='grc' dir='ltr'><strong>πού</strong></span> <span class='ocrx_word' id='word_1_522' title='bbox 1034 3591 1201 3643; x_wconf 80' lang='grc' dir='ltr'>τινες,</span> <span class='ocrx_word' id='word_1_523' title='bbox 1231 3576 1321 3631; x_wconf 79' lang='grc' dir='ltr'>διὰ</span> <span class='ocrx_word' id='word_1_524' title='bbox 1348 3577 1445 3647; x_wconf 76' lang='grc' dir='ltr'>τῆς</span> <span class='ocrx_word' id='word_1_525' title='bbox 1466 3578 1546 3639; x_wconf 85' lang='grc' dir='ltr'><strong>είς</strong></span> <span class='ocrx_word' id='word_1_526' title='bbox 1579 3575 1813 3646; x_wconf 81' lang='grc' dir='ltr'>Χριστὸν</span> 
     </span>
    </p>
   </div>
   <div class='ocr_carea' id='block_1_67' title="bbox 239 3668 1813 3743">
    <p class='ocr_par' dir='ltr' id='par_1_67' title="bbox 239 3668 1813 3743">
     <span class='ocr_line' id='line_1_67' title="bbox 239 3668 1813 3743; baseline -0.001 -18"><span class='ocrx_word' id='word_1_527' title='bbox 239 3673 467 3733; x_wconf 84' lang='grc' dir='ltr'>πίστεως</span> <span class='ocrx_word' id='word_1_528' title='bbox 494 3671 1071 3743; x_wconf 75' lang='grc' dir='ltr'>ὲκλελαμπρυσμένοι,</span> <span class='ocrx_word' id='word_1_529' title='bbox 1101 3668 1599 3743; x_wconf 74' lang='grc' dir='ltr'>ἀποφορτισάμενοί</span> <span class='ocrx_word' id='word_1_530' title='bbox 1629 3686 1688 3722; x_wconf 91' lang='grc' dir='ltr'><strong>τε</strong></span> <span class='ocrx_word' id='word_1_531' title='bbox 1715 3669 1813 3739; x_wconf 76' lang='grc' dir='ltr'>τὴν</span> 
     </span>
    </p>
   </div>
   <div class='ocr_carea' id='block_1_68' title="bbox 240 3760 1815 3837">
    <p class='ocr_par' dir='ltr' id='par_1_68' title="bbox 240 3760 1815 3837">
     <span class='ocr_line' id='line_1_68' title="bbox 240 3760 1815 3837; baseline -0.001 -20"><span class='ocrx_word' id='word_1_532' title='bbox 240 3762 462 3836; x_wconf 79' lang='grc' dir='ltr'>βέϐηλον</span> <span class='ocrx_word' id='word_1_533' title='bbox 496 3764 802 3837; x_wconf 86' lang='grc' dir='ltr'>ἁμαρτίαν.</span> <span class='ocrx_word' id='word_1_534' title='bbox 837 3763 968 3816; x_wconf 83' lang='grc' dir='ltr'>εἴσω</span> <span class='ocrx_word' id='word_1_535' title='bbox 999 3780 1059 3815; x_wconf 88' lang='grc' dir='ltr'><strong>τε</strong></span> <span class='ocrx_word' id='word_1_536' title='bbox 1088 3762 1273 3815; x_wconf 84' lang='grc' dir='ltr'>πυλῶν</span> <span class='ocrx_word' id='word_1_537' title='bbox 1318 3760 1601 3829; x_wconf 82' lang='grc' dir='ltr'>γεγονότες</span> <span class='ocrx_word' id='word_1_538' title='bbox 1641 3760 1815 3827; x_wconf 84' lang='grc' dir='ltr'>ἁγίων</span> 
     </span>
    </p>
   </div>
   <div class='ocr_carea' id='block_1_69' title="bbox 237 3852 1811 3927">
    <p class='ocr_par' dir='ltr' id='par_1_69' title="bbox 237 3852 1811 3927">
     <span class='ocr_line' id='line_1_69' title="bbox 237 3852 1811 3927; baseline -0.001 -19"><span class='ocrx_word' id='word_1_539' title='bbox 237 3857 324 3910; x_wconf 80' lang='grc' dir='ltr'>τοῦ</span> <span class='ocrx_word' id='word_1_540' title='bbox 362 3859 518 3913; x_wconf 72' lang='grc' dir='ltr'>οἴκου</span> <span class='ocrx_word' id='word_1_541' title='bbox 551 3857 652 3911; x_wconf 81' lang='grc' dir='ltr'>τοῦ</span> <span class='ocrx_word' id='word_1_542' title='bbox 679 3855 835 3918; x_wconf 78' lang='grc' dir='ltr'>Θεοῦ,</span> <span class='ocrx_word' id='word_1_543' title='bbox 863 3852 1347 3927; x_wconf 71' lang='grc' dir='ltr'>παρεκομίσθησαν</span> <span class='ocrx_word' id='word_1_544' title='bbox 1382 3853 1461 3916; x_wconf 82' lang='grc' dir='ltr'><strong>είς</strong></span> <span class='ocrx_word' id='word_1_545' title='bbox 1488 3852 1811 3919; x_wconf 79' lang='grc' dir='ltr'>ἀπόστασιν,</span> 
     </span>
    </p>
   </div>
   <div class='ocr_carea' id='block_1_70' title="bbox 235 3938 1815 4021">
    <p class='ocr_par' dir='ltr' id='par_1_70' title="bbox 235 3938 1815 4021">
     <span class='ocr_line' id='line_1_70' title="bbox 235 3938 1815 4021; baseline 0.001 -24"><span class='ocrx_word' id='word_1_546' title='bbox 235 3949 281 4000; x_wconf 80' lang='grc' dir='ltr'>εἰ</span> <span class='ocrx_word' id='word_1_547' title='bbox 299 3950 391 4003; x_wconf 76' lang='grc' dir='ltr'>καὶ</span> <span class='ocrx_word' id='word_1_548' title='bbox 428 3950 507 4021; x_wconf 74' lang='grc' dir='ltr'>μὴ</span> <span class='ocrx_word' id='word_1_549' title='bbox 545 3948 686 4019; x_wconf 84' lang='grc' dir='ltr'>πρὸς</span> <span class='ocrx_word' id='word_1_550' title='bbox 705 3948 923 4018; x_wconf 79' lang='grc' dir='ltr'>ἐμφανῆ</span> <span class='ocrx_word' id='word_1_551' title='bbox 957 3945 1138 4015; x_wconf 79' lang='grc' dir='ltr'>τυχὸν,</span> <span class='ocrx_word' id='word_1_552' title='bbox 1162 3944 1277 3998; x_wconf 78' lang='grc' dir='ltr'>ἀλλ’</span> <span class='ocrx_word' id='word_1_553' title='bbox 1306 3938 1398 3998; x_wconf 72' lang='grc' dir='ltr'>οὖν</span> <span class='ocrx_word' id='word_1_554' title='bbox 1427 3944 1686 4015; x_wconf 80' lang='grc' dir='ltr'>ἐξήλαντο</span> <span class='ocrx_word' id='word_1_555' title='bbox 1714 3945 1815 4015; x_wconf 80' lang='grc' dir='ltr'>τῆς</span> 
     </span>
    </p>
   </div>
   <div class='ocr_carea' id='block_1_71' title="bbox 237 4035 1816 4112">
    <p class='ocr_par' dir='ltr' id='par_1_71' title="bbox 237 4035 1816 4112">
     <span class='ocr_line' id='line_1_71' title="bbox 237 4035 1816 4112; baseline -0.003 -18"><span class='ocrx_word' id='word_1_556' title='bbox 237 4041 392 4108; x_wconf 79' lang='grc' dir='ltr'>ἁγίας</span> <span class='ocrx_word' id='word_1_557' title='bbox 420 4043 629 4112; x_wconf 85' lang='grc' dir='ltr'>πύλης,</span> <span class='ocrx_word' id='word_1_558' title='bbox 653 4039 750 4111; x_wconf 69' lang='grc' dir='ltr'>ἔθη</span> <span class='ocrx_word' id='word_1_559' title='bbox 772 4039 1101 4110; x_wconf 71' lang='grc' dir='ltr'>τιμήσαντες</span> <span class='ocrx_word' id='word_1_560' title='bbox 1130 4036 1525 4107; x_wconf 82' lang='grc' dir='ltr'>εἰδωλοπρεπῆ.</span> <span class='ocrx_word' id='word_1_561' title='bbox 1571 4035 1717 4089; x_wconf 80' lang='grc' dir='ltr'>Είσω</span> <span class='ocrx_word' id='word_1_562' title='bbox 1751 4036 1816 4109; x_wconf 81' lang='grc' dir='ltr'>δὴ</span> 
     </span>
    </p>
   </div>
   <div class='ocr_carea' id='block_1_72' title="bbox 236 4126 1817 4203">
    <p class='ocr_par' dir='ltr' id='par_1_72' title="bbox 236 4126 1817 4203">
     <span class='ocr_line' id='line_1_72' title="bbox 236 4126 1817 4203; baseline -0.001 -20"><span class='ocrx_word' id='word_1_563' title='bbox 236 4127 324 4184; x_wconf 68' lang='grc' dir='ltr'>οὖν</span> <span class='ocrx_word' id='word_1_564' title='bbox 369 4132 656 4203; x_wconf 82' lang='grc' dir='ltr'>καθῆσθαι</span> <span class='ocrx_word' id='word_1_565' title='bbox 703 4128 887 4183; x_wconf 84' lang='grc' dir='ltr'>πυλῶν</span> <span class='ocrx_word' id='word_1_566' title='bbox 944 4128 1069 4192; x_wconf 71' lang='grc' dir='ltr'>τοὺς</span> <span class='ocrx_word' id='word_1_567' title='bbox 1127 4126 1335 4199; x_wconf 82' lang='grc' dir='ltr'>νοητῶς</span> <span class='ocrx_word' id='word_1_568' title='bbox 1393 4126 1817 4192; x_wconf 75' lang='grc' dir='ltr'>σαϐϐατίζοντας</span> 
     </span>
    </p>
   </div>
   <div class='ocr_carea' id='block_1_73' title="bbox 237 4216 1817 4292">
    <p class='ocr_par' dir='ltr' id='par_1_73' title="bbox 237 4216 1817 4292">
     <span class='ocr_line' id='line_1_73' title="bbox 237 4216 1817 4292; baseline 0.001 -21"><span class='ocrx_word' id='word_1_569' title='bbox 237 4221 680 4292; x_wconf 80' lang='grc' dir='ltr'>κεχρησμῴδηκε</span> <span class='ocrx_word' id='word_1_570' title='bbox 701 4217 855 4283; x_wconf 80' lang='grc' dir='ltr'>Θεὸς,</span> <span class='ocrx_word' id='word_1_571' title='bbox 891 4217 951 4272; x_wconf 78' lang='grc' dir='ltr'>τὸ</span> <span class='ocrx_word' id='word_1_572' title='bbox 990 4216 1233 4286; x_wconf 76' lang='grc' dir='ltr'>ἀσφαλές</span> <span class='ocrx_word' id='word_1_573' title='bbox 1263 4235 1323 4270; x_wconf 91' lang='grc' dir='ltr'><strong>τε</strong></span> <span class='ocrx_word' id='word_1_574' title='bbox 1356 4216 1451 4271; x_wconf 71' lang='grc' dir='ltr'>καὶ</span> <span class='ocrx_word' id='word_1_575' title='bbox 1483 4218 1817 4288; x_wconf 77' lang='grc' dir='ltr'>ἁνεξίτηλον,</span> 
     </span>
    </p>
   </div>
   <div class='ocr_carea' id='block_1_74' title="bbox 237 4309 1818 4384">
    <p class='ocr_par' dir='ltr' id='par_1_74' title="bbox 237 4309 1818 4384">
     <span class='ocr_line' id='line_1_74' title="bbox 237 4309 1818 4384; baseline 0.001 -22"><span class='ocrx_word' id='word_1_576' title='bbox 237 4312 421 4365; x_wconf 77' lang='grc' dir='ltr'>καὶτὸ</span> <span class='ocrx_word' id='word_1_577' title='bbox 476 4312 711 4384; x_wconf 74' lang='grc' dir='ltr'>μηδαμῆ</span> <span class='ocrx_word' id='word_1_578' title='bbox 754 4311 954 4381; x_wconf 76' lang='grc' dir='ltr'>χρῆναι</span> <span class='ocrx_word' id='word_1_579' title='bbox 988 4309 1354 4381; x_wconf 65' lang='grc' dir='ltr'>ζπαρολισθείν</span> <span class='ocrx_word' id='word_1_580' title='bbox 1397 4310 1496 4380; x_wconf 77' lang='grc' dir='ltr'>τῆς</span> <span class='ocrx_word' id='word_1_581' title='bbox 1546 4310 1626 4373; x_wconf 87' lang='grc' dir='ltr'><strong>είς</strong></span> <span class='ocrx_word' id='word_1_582' title='bbox 1656 4309 1818 4363; x_wconf 80' lang='grc' dir='ltr'>αὐτὸν</span> 
     </span>
    </p>
   </div>
   <div class='ocr_carea' id='block_1_75' title="bbox 234 4400 1817 4476">
    <p class='ocr_par' dir='ltr' id='par_1_75' title="bbox 234 4400 1817 4476">
     <span class='ocr_line' id='line_1_75' title="bbox 234 4400 1817 4476; baseline -0.001 -18"><span class='ocrx_word' id='word_1_583' title='bbox 234 4406 631 4476; x_wconf 82' lang='grc' dir='ltr'>γνησιότητος,</span> <span class='ocrx_word' id='word_1_584' title='bbox 677 4403 771 4456; x_wconf 84' lang='grc' dir='ltr'>τοῦ</span> <span class='ocrx_word' id='word_1_585' title='bbox 798 4402 970 4457; x_wconf 86' lang='grc' dir='ltr'>τύπου</span> <span class='ocrx_word' id='word_1_586' title='bbox 1017 4402 1390 4473; x_wconf 81' lang='grc' dir='ltr'>σημαίνοντος.</span> <span class='ocrx_word' id='word_1_587' title='bbox 1434 4402 1556 4454; x_wconf 87' lang='grc' dir='ltr'>Ὅτι</span> <span class='ocrx_word' id='word_1_588' title='bbox 1592 4401 1648 4455; x_wconf 84' lang='grc' dir='ltr'>δὲ</span> <span class='ocrx_word' id='word_1_589' title='bbox 1681 4400 1817 4457; x_wconf 79' lang='grc' dir='ltr'>Θεοῦ</span> 
     </span>
    </p>
   </div>
   <div class='ocr_carea' id='block_1_76' title="bbox 234 4492 1819 4567">
    <p class='ocr_par' dir='ltr' id='par_1_76' title="bbox 234 4492 1819 4567">
     <span class='ocr_line' id='line_1_76' title="bbox 234 4492 1819 4567; baseline -0.004 -16"><span class='ocrx_word' id='word_1_590' title='bbox 234 4495 386 4552; x_wconf 82' lang='grc' dir='ltr'>πόλις</span> <span class='ocrx_word' id='word_1_591' title='bbox 432 4498 467 4567; x_wconf 83' lang='grc' dir='ltr'>ἠ</span> <span class='ocrx_word' id='word_1_592' title='bbox 516 4496 840 4567; x_wconf 82' lang='grc' dir='ltr'>Ἐκκλησία,</span> <span class='ocrx_word' id='word_1_593' title='bbox 892 4494 1125 4566; x_wconf 85' lang='grc' dir='ltr'>μάλιστα</span> <span class='ocrx_word' id='word_1_594' title='bbox 1178 4493 1278 4564; x_wconf 81' lang='grc' dir='ltr'>μὲν</span> <span class='ocrx_word' id='word_1_595' title='bbox 1314 4492 1611 4563; x_wconf 76' lang='grc' dir='ltr'>ἁναϐοήσει</span> <span class='ocrx_word' id='word_1_596' title='bbox 1659 4492 1754 4544; x_wconf 74' lang='grc' dir='ltr'>καὶ</span> <span class='ocrx_word' id='word_1_597' title='bbox 1790 4492 1819 4545; x_wconf 87' lang='grc' dir='ltr'><strong>ό</strong></span> 
     </span>
    </p>
   </div>
   <div class='ocr_carea' id='block_1_77' title="bbox 230 4582 1819 4657">
    <p class='ocr_par' dir='ltr' id='par_1_77' title="bbox 230 4582 1819 4657">
     <span class='ocr_line' id='line_1_77' title="bbox 230 4582 1819 4657; baseline -0.003 -17"><span class='ocrx_word' id='word_1_598' title='bbox 230 4587 393 4640; x_wconf 69' lang='grc' dir='ltr'>Δαὸὶδ</span> <span class='ocrx_word' id='word_1_599' title='bbox 448 4588 667 4657; x_wconf 79' lang='grc' dir='ltr'>λέγων·</span> <span class='ocrx_word' id='word_1_600' title='bbox 720 4605 741 4638; x_wconf 81' lang='lat' dir='ltr'><strong>r</strong></span> <span class='ocrx_word' id='word_1_601' title='bbox 774 4585 1148 4657; x_wconf 74' lang='grc' dir='ltr'>Δεδοξασμένα</span> <span class='ocrx_word' id='word_1_602' title='bbox 1196 4583 1431 4655; x_wconf 76' lang='grc' dir='ltr'>ἐλαλήθη</span> <span class='ocrx_word' id='word_1_603' title='bbox 1462 4584 1589 4655; x_wconf 76' lang='grc' dir='ltr'>περὶ</span> <span class='ocrx_word' id='word_1_604' title='bbox 1634 4582 1752 4649; x_wconf 83' lang='grc' dir='ltr'>σοῦ,</span> <span class='ocrx_word' id='word_1_605' title='bbox 1784 4584 1819 4653; x_wconf 82' lang='grc' dir='ltr'>ἡ</span> 
     </span>
    </p>
   </div>
   <div class='ocr_carea' id='block_1_78' title="bbox 233 4674 1820 4749">
    <p class='ocr_par' dir='ltr' id='par_1_78' title="bbox 233 4674 1820 4749">
     <span class='ocr_line' id='line_1_78' title="bbox 233 4674 1820 4749; baseline -0.001 -20"><span class='ocrx_word' id='word_1_606' title='bbox 233 4678 385 4740; x_wconf 80' lang='grc' dir='ltr'>πόλις</span> <span class='ocrx_word' id='word_1_607' title='bbox 414 4679 516 4732; x_wconf 81' lang='grc' dir='ltr'>τοῦ</span> <span class='ocrx_word' id='word_1_608' title='bbox 560 4677 720 4731; x_wconf 76' lang='grc' dir='ltr'>Θεοῦ·</span> <span class='ocrx_word' id='word_1_609' title='bbox 756 4697 775 4730; x_wconf 84' lang='grc' dir='ltr'><strong>ι</strong></span> <span class='ocrx_word' id='word_1_610' title='bbox 826 4678 1228 4749; x_wconf 81' lang='grc' dir='ltr'>πληροφορήσει</span> <span class='ocrx_word' id='word_1_611' title='bbox 1260 4676 1317 4730; x_wconf 82' lang='grc' dir='ltr'><em>δέ</em></span> <span class='ocrx_word' id='word_1_612' title='bbox 1345 4692 1448 4730; x_wconf 85' lang='grc' dir='ltr'><strong>που</strong></span> <span class='ocrx_word' id='word_1_613' title='bbox 1479 4676 1574 4729; x_wconf 74' lang='grc' dir='ltr'>καὶ</span> <span class='ocrx_word' id='word_1_614' title='bbox 1600 4674 1761 4739; x_wconf 83' lang='grc' dir='ltr'>αὐτὸς</span> <span class='ocrx_word' id='word_1_615' title='bbox 1792 4677 1820 4728; x_wconf 84' lang='grc' dir='ltr'><strong>ό</strong></span> 
     </span>
    </p>
   </div>
   <div class='ocr_carea' id='block_1_79' title="bbox 228 4764 1821 4844">
    <p class='ocr_par' dir='ltr' id='par_1_79' title="bbox 228 4764 1821 4844">
     <span class='ocr_line' id='line_1_79' title="bbox 228 4764 1821 4844; baseline -0.003 -21"><span class='ocrx_word' id='word_1_616' title='bbox 228 4770 423 4844; x_wconf 74' lang='grc' dir='ltr'>Σωτὴρ</span> <span class='ocrx_word' id='word_1_617' title='bbox 454 4771 593 4843; x_wconf 77' lang='grc' dir='ltr'>περὶ</span> <span class='ocrx_word' id='word_1_618' title='bbox 626 4770 795 4841; x_wconf 83' lang='grc' dir='ltr'>αὐτῆς</span> <span class='ocrx_word' id='word_1_619' title='bbox 827 4769 1032 4839; x_wconf 78' lang='grc' dir='ltr'>λέγων’</span> <span class='ocrx_word' id='word_1_620' title='bbox 1064 4764 1189 4823; x_wconf 82' lang='grc' dir='ltr'>Ὧδε</span> <span class='ocrx_word' id='word_1_621' title='bbox 1214 4768 1526 4841; x_wconf 86' lang='grc' dir='ltr'>κατοικήσω</span> <span class='ocrx_word' id='word_1_622' title='bbox 1548 4769 1821 4839; x_wconf 71' lang='grc' dir='ltr'>ὃτιῂρετι-</span> 
     </span>
    </p>
   </div>
   <div class='ocr_carea' id='block_1_80' title="bbox 232 4861 703 4934">
    <p class='ocr_par' dir='ltr' id='par_1_80' title="bbox 232 4861 703 4934">
     <span class='ocr_line' id='line_1_80' title="bbox 232 4861 703 4934; baseline 0 -21"><span class='ocrx_word' id='word_1_623' title='bbox 232 4861 414 4933; x_wconf 78' lang='grc' dir='ltr'>σάμην</span> <span class='ocrx_word' id='word_1_624' title='bbox 442 4864 649 4934; x_wconf 80' lang='grc' dir='ltr'>αὐτήν.</span> <span class='ocrx_word' id='word_1_625' title='bbox 683 4879 703 4913; x_wconf 75' lang='grc' dir='ltr'><strong>ι</strong></span> 
     </span>
    </p>
   </div>
   <div class='ocr_carea' id='block_1_81' title="bbox 296 4951 1822 5027">
    <p class='ocr_par' dir='ltr' id='par_1_81' title="bbox 296 4951 1822 5027">
     <span class='ocr_line' id='line_1_81' title="bbox 296 4951 1822 5027; baseline -0.005 -15"><span class='ocrx_word' id='word_1_626' title='bbox 296 4958 519 5012; x_wconf 83' lang='grc' dir='ltr'><strong>ΠΛΛΛ.</strong></span> <span class='ocrx_word' id='word_1_627' title='bbox 581 4959 822 5027; x_wconf 80' lang='grc' dir='ltr'>Ἀραρεν</span> <span class='ocrx_word' id='word_1_628' title='bbox 867 4951 983 5019; x_wconf 68' lang='grc' dir='ltr'>οὖν,</span> <span class='ocrx_word' id='word_1_629' title='bbox 1018 4956 1101 5009; x_wconf 81' lang='grc' dir='ltr'>ὅτι</span> <span class='ocrx_word' id='word_1_630' title='bbox 1139 4954 1340 5018; x_wconf 83' lang='grc' dir='ltr'>παντὸς</span> <span class='ocrx_word' id='word_1_631' title='bbox 1385 4954 1547 5025; x_wconf 81' lang='grc' dir='ltr'>ἔργου</span> <span class='ocrx_word' id='word_1_632' title='bbox 1585 4952 1822 5007; x_wconf 55' lang='grc' dir='ltr'>καταλύι</span> 
     </span>
    </p>
   </div>
   <div class='ocr_carea' id='block_1_82' title="bbox 230 5044 1700 5117">
    <p class='ocr_par' dir='ltr' id='par_1_82' title="bbox 230 5044 1700 5117">
     <span class='ocr_line' id='line_1_82' title="bbox 230 5044 1700 5117; baseline 0.001 -19"><span class='ocrx_word' id='word_1_633' title='bbox 230 5063 399 5117; x_wconf 80' lang='grc' dir='ltr'>σομεν</span> <span class='ocrx_word' id='word_1_634' title='bbox 428 5050 491 5102; x_wconf 80' lang='grc' dir='ltr'>ὲν</span> <span class='ocrx_word' id='word_1_635' title='bbox 523 5046 815 5117; x_wconf 71' lang='grc' dir='ltr'>Σαδδάτῳ,</span> <span class='ocrx_word' id='word_1_636' title='bbox 843 5045 985 5100; x_wconf 78' lang='grc' dir='ltr'>κατά</span> <span class='ocrx_word' id='word_1_637' title='bbox 1020 5058 1084 5115; x_wconf 79' lang='grc' dir='ltr'><strong>γε</strong></span> <span class='ocrx_word' id='word_1_638' title='bbox 1114 5045 1176 5098; x_wconf 81' lang='grc' dir='ltr'>τὸ</span> <span class='ocrx_word' id='word_1_639' title='bbox 1197 5044 1463 5117; x_wconf 82' lang='grc' dir='ltr'>νομοθέτῃ</span> <span class='ocrx_word' id='word_1_640' title='bbox 1490 5044 1700 5099; x_wconf 80' lang='grc' dir='ltr'>δοκοῦν.</span> 
     </span>
    </p>
   </div>
   <div class='ocr_carea' id='block_1_83' title="bbox 208 5213 1824 5288">
    <p class='ocr_par' dir='ltr' id='par_1_83' title="bbox 208 5213 1824 5288">
     <span class='ocr_line' id='line_1_83' title="bbox 208 5213 1824 5288; baseline -0.002 -15"><span class='ocrx_word' id='word_1_641' title='bbox 208 5224 209 5227; x_wconf 64' lang='grc'><em>“</em></span> <span class='ocrx_word' id='word_1_642' title='bbox 296 5220 475 5274; x_wconf 82' lang='grc' dir='ltr'>ΚΥΡ.</span> <span class='ocrx_word' id='word_1_643' title='bbox 517 5220 600 5273; x_wconf 86' lang='grc' dir='ltr'><strong>Ού</strong></span> <span class='ocrx_word' id='word_1_644' title='bbox 634 5220 832 5284; x_wconf 82' lang='grc' dir='ltr'>παντὸς</span> <span class='ocrx_word' id='word_1_645' title='bbox 879 5219 1085 5284; x_wconf 82' lang='grc' dir='ltr'>ἁπλῶς,</span> <span class='ocrx_word' id='word_1_646' title='bbox 1117 5213 1162 5272; x_wconf 79' lang='grc' dir='ltr'><strong>ὦ</strong></span> <span class='ocrx_word' id='word_1_647' title='bbox 1193 5217 1513 5286; x_wconf 43' lang='lat' dir='ltr'><strong>“audite;</strong></span> <span class='ocrx_word' id='word_1_648' title='bbox 1530 5219 1590 5270; x_wconf 75' lang='grc' dir='ltr'>τὸ</span> <span class='ocrx_word' id='word_1_649' title='bbox 1610 5217 1717 5288; x_wconf 80' lang='grc' dir='ltr'>γάρ</span> <span class='ocrx_word' id='word_1_650' title='bbox 1742 5234 1824 5269; x_wconf 83' lang='grc' dir='ltr'><strong>τοι</strong></span> 
     </span>
    </p>
   </div>
   <div class='ocr_carea' id='block_1_84' title="bbox 226 5303 1829 5381">
    <p class='ocr_par' dir='ltr' id='par_1_84' title="bbox 226 5303 1829 5381">
     <span class='ocr_line' id='line_1_84' title="bbox 226 5303 1829 5381; baseline -0.004 -14"><span class='ocrx_word' id='word_1_651' title='bbox 226 5311 426 5381; x_wconf 81' lang='grc' dir='ltr'>χρῆναι</span> <span class='ocrx_word' id='word_1_652' title='bbox 470 5313 700 5381; x_wconf 84' lang='grc' dir='ltr'>φρονεῖν</span> <span class='ocrx_word' id='word_1_653' title='bbox 744 5328 806 5363; x_wconf 87' lang='grc' dir='ltr'><strong>τε</strong></span> <span class='ocrx_word' id='word_1_654' title='bbox 854 5310 949 5364; x_wconf 78' lang='grc' dir='ltr'><strong>κσιῖΙ</strong></span> <span class='ocrx_word' id='word_1_655' title='bbox 999 5310 1139 5381; x_wconf 75' lang='grc' dir='ltr'>δρᾷν</span> <span class='ocrx_word' id='word_1_656' title='bbox 1182 5309 1249 5363; x_wconf 78' lang='grc' dir='ltr'>τὰ</span> <span class='ocrx_word' id='word_1_657' title='bbox 1290 5310 1374 5378; x_wconf 80' lang='grc' dir='ltr'><strong>ἐφ’</strong></span> <span class='ocrx_word' id='word_1_658' title='bbox 1423 5303 1503 5371; x_wconf 72' lang='grc' dir='ltr'>οἷς</span> <span class='ocrx_word' id='word_1_659' title='bbox 1536 5308 1601 5361; x_wconf 87' lang='grc' dir='ltr'>ἂν</span> <span class='ocrx_word' id='word_1_660' title='bbox 1646 5308 1829 5378; x_wconf 70' lang='grc' dir='ltr'>ἥδοιτο</span> 
     </span>
    </p>
   </div>
   <div class='ocr_carea' id='block_1_85' title="bbox 224 5399 1827 5472">
    <p class='ocr_par' dir='ltr' id='par_1_85' title="bbox 224 5399 1827 5472">
     <span class='ocr_line' id='line_1_85' title="bbox 224 5399 1827 5472; baseline -0.001 -21"><span class='ocrx_word' id='word_1_661' title='bbox 224 5400 381 5464; x_wconf 82' lang='grc' dir='ltr'>Θεὸς,</span> <span class='ocrx_word' id='word_1_662' title='bbox 412 5400 519 5455; x_wconf 70' lang='grc' dir='ltr'>καὶ</span> <span class='ocrx_word' id='word_1_663' title='bbox 546 5401 611 5453; x_wconf 87' lang='grc' dir='ltr'><strong>ού</strong></span> <span class='ocrx_word' id='word_1_664' title='bbox 662 5401 888 5472; x_wconf 86' lang='grc' dir='ltr'>μετρίαν</span> <span class='ocrx_word' id='word_1_665' title='bbox 922 5400 1029 5471; x_wconf 80' lang='grc' dir='ltr'>ἔχοι</span> <span class='ocrx_word' id='word_1_666' title='bbox 1060 5401 1165 5472; x_wconf 79' lang='grc' dir='ltr'>τὴν</span> <span class='ocrx_word' id='word_1_667' title='bbox 1196 5400 1400 5471; x_wconf 79' lang='grc' dir='ltr'>ὄνησιν,</span> <span class='ocrx_word' id='word_1_668' title='bbox 1434 5399 1533 5452; x_wconf 87' lang='grc' dir='ltr'><strong>ούκ</strong></span> <span class='ocrx_word' id='word_1_669' title='bbox 1572 5400 1827 5451; x_wconf 76' lang='grc' dir='ltr'>ἐπαινου-</span> 
     </span>
    </p>
   </div>
   <div class='ocr_carea' id='block_1_86' title="bbox 226 5482 1827 5562">
    <p class='ocr_par' dir='ltr' id='par_1_86' title="bbox 226 5482 1827 5562">
     <span class='ocr_line' id='line_1_86' title="bbox 226 5482 1827 5562; baseline -0.001 -20"><span class='ocrx_word' id='word_1_670' title='bbox 226 5489 404 5562; x_wconf 75' lang='grc' dir='ltr'>μένην</span> <span class='ocrx_word' id='word_1_671' title='bbox 467 5490 545 5545; x_wconf 82' lang='grc' dir='ltr'>ἂν</span> <span class='ocrx_word' id='word_1_672' title='bbox 605 5482 900 5557; x_wconf 77' lang='grc' dir='ltr'>εἰσδέξαῖιτο</span> <span class='ocrx_word' id='word_1_673' title='bbox 944 5492 1044 5562; x_wconf 83' lang='grc' dir='ltr'>τὴν</span> <span class='ocrx_word' id='word_1_674' title='bbox 1109 5490 1424 5561; x_wconf 80' lang='grc' dir='ltr'>κατάληξιν.</span> <span class='ocrx_word' id='word_1_675' title='bbox 1468 5489 1827 5560; x_wconf 77' lang='grc' dir='ltr'>Προστὲθεικε</span> 
     </span>
    </p>
   </div>
   <div class='ocr_carea' id='block_1_87' title="bbox 224 5579 1823 5655">
    <p class='ocr_par' dir='ltr' id='par_1_87' title="bbox 224 5579 1823 5655">
     <span class='ocr_line' id='line_1_87' title="bbox 224 5579 1823 5655; baseline -0.001 -22"><span class='ocrx_word' id='word_1_676' title='bbox 224 5580 336 5651; x_wconf 82' lang='grc' dir='ltr'>γὰρ</span> <span class='ocrx_word' id='word_1_677' title='bbox 374 5582 443 5636; x_wconf 86' lang='grc' dir='ltr'><strong>ού</strong></span> <span class='ocrx_word' id='word_1_678' title='bbox 476 5582 685 5654; x_wconf 81' lang='grc' dir='ltr'>μάτην,</span> <span class='ocrx_word' id='word_1_679' title='bbox 714 5584 789 5648; x_wconf 84' lang='grc' dir='ltr'>ὥς</span> <span class='ocrx_word' id='word_1_680' title='bbox 815 5583 879 5653; x_wconf 82' lang='grc' dir='ltr'>γέ</span> <span class='ocrx_word' id='word_1_681' title='bbox 914 5600 1005 5655; x_wconf 85' lang='grc' dir='ltr'><strong>μοι</strong></span> <span class='ocrx_word' id='word_1_682' title='bbox 1027 5583 1194 5648; x_wconf 80' lang='grc' dir='ltr'>δοκεῖ,</span> <span class='ocrx_word' id='word_1_683' title='bbox 1226 5583 1286 5635; x_wconf 86' lang='grc' dir='ltr'>τὸ</span> <span class='ocrx_word' id='word_1_684' title='bbox 1312 5581 1549 5653; x_wconf 84' lang='grc' dir='ltr'>Γράμμα</span> <span class='ocrx_word' id='word_1_685' title='bbox 1572 5579 1628 5634; x_wconf 77' lang='grc' dir='ltr'>τὸ</span> <span class='ocrx_word' id='word_1_686' title='bbox 1659 5579 1823 5650; x_wconf 81' lang='grc' dir='ltr'>ἱερὸν,</span> 
     </span>
    </p>
   </div>
   <div class='ocr_carea' id='block_1_88' title="bbox 336 5761 1005 5832">
    <p class='ocr_par' dir='ltr' id='par_1_88' title="bbox 336 5761 1005 5832">
     <span class='ocr_line' id='line_1_88' title="bbox 336 5761 1005 5832; baseline -0.003 -15"><span class='ocrx_word' id='word_1_687' title='bbox 336 5761 527 5817; x_wconf 78' lang='lat' dir='ltr'><strong>&quot;Jcr.</strong></span> <span class='ocrx_word' id='word_1_688' title='bbox 586 5777 707 5828; x_wconf 80' lang='lat' dir='ltr'><strong>xvu,</strong></span> <span class='ocrx_word' id='word_1_689' title='bbox 752 5762 812 5816; x_wconf 84' lang='lat' dir='ltr'><strong>l9</strong></span> <span class='ocrx_word' id='word_1_690' title='bbox 856 5778 1005 5832; x_wconf 83' lang='lat' dir='ltr'><strong>seqq.</strong></span> 
     </span>
    </p>
   </div>
   <div class='ocr_carea' id='block_1_89' title="bbox 1912 3474 3490 3551">
    <p class='ocr_par' dir='ltr' id='par_1_89' title="bbox 1912 3474 3490 3551">
     <span class='ocr_line' id='line_1_89' title="bbox 1912 3474 3490 3551; baseline -0.005 -15"><span class='ocrx_word' id='word_1_691' title='bbox 1912 3480 1972 3546; x_wconf 93' lang='lat' dir='ltr'><strong>li,</strong></span> <span class='ocrx_word' id='word_1_692' title='bbox 1999 3480 2090 3551; x_wconf 88' lang='lat' dir='ltr'><strong>qui</strong></span> <span class='ocrx_word' id='word_1_693' title='bbox 2111 3479 2215 3535; x_wconf 89' lang='lat' dir='ltr'><strong>ﬁde</strong></span> <span class='ocrx_word' id='word_1_694' title='bbox 2242 3479 2299 3532; x_wconf 90' lang='lat' dir='ltr'><strong>in</strong></span> <span class='ocrx_word' id='word_1_695' title='bbox 2323 3478 2603 3533; x_wconf 88' lang='lat' dir='ltr'><strong>Christum</strong></span> <span class='ocrx_word' id='word_1_696' title='bbox 2626 3478 2761 3532; x_wconf 89' lang='lat' dir='ltr'><strong>clari</strong></span> <span class='ocrx_word' id='word_1_697' title='bbox 2786 3477 3025 3538; x_wconf 81' lang='lat' dir='ltr'><strong>fuerant,</strong></span> <span class='ocrx_word' id='word_1_698' title='bbox 3050 3483 3107 3532; x_wconf 86' lang='lat' dir='ltr'><strong>et</strong></span> <span class='ocrx_word' id='word_1_699' title='bbox 3129 3474 3338 3530; x_wconf 88' lang='lat' dir='ltr'><strong>nefaria</strong></span> <span class='ocrx_word' id='word_1_700' title='bbox 3360 3488 3490 3544; x_wconf 84' lang='lat' dir='ltr'><strong>peo-</strong></span> 
     </span>
    </p>
   </div>
   <div class='ocr_carea' id='block_1_90' title="bbox 1913 3563 3507 3634">
    <p class='ocr_par' dir='ltr' id='par_1_90' title="bbox 1913 3563 3507 3634">
     <span class='ocr_line' id='line_1_90' title="bbox 1913 3563 3507 3634; baseline -0.002 -7"><span class='ocrx_word' id='word_1_701' title='bbox 1913 3573 2019 3627; x_wconf 87' lang='lat' dir='ltr'><strong>cati</strong></span> <span class='ocrx_word' id='word_1_702' title='bbox 2045 3571 2259 3627; x_wconf 82' lang='lat' dir='ltr'><strong>sarcina</strong></span> <span class='ocrx_word' id='word_1_703' title='bbox 2290 3570 2593 3634; x_wconf 82' lang='lat' dir='ltr'><strong>exonerati,</strong></span> <span class='ocrx_word' id='word_1_704' title='bbox 2617 3578 2674 3625; x_wconf 89' lang='lat' dir='ltr'><strong>et</strong></span> <span class='ocrx_word' id='word_1_705' title='bbox 2696 3569 2844 3623; x_wconf 84' lang='lat' dir='ltr'><strong>intra</strong></span> <span class='ocrx_word' id='word_1_706' title='bbox 2888 3575 3108 3623; x_wconf 80' lang='lat' dir='ltr'><strong>sanctas</strong></span> <span class='ocrx_word' id='word_1_707' title='bbox 3149 3567 3349 3623; x_wconf 75' lang='lat' dir='ltr'><strong>demus</strong></span> <span class='ocrx_word' id='word_1_708' title='bbox 3386 3563 3507 3624; x_wconf 77' lang='lat' dir='ltr'><strong>Dei:</strong></span> 
     </span>
    </p>
   </div>
   <div class='ocr_carea' id='block_1_91' title="bbox 1914 3661 3505 3735">
    <p class='ocr_par' dir='ltr' id='par_1_91' title="bbox 1914 3661 3505 3735">
     <span class='ocr_line' id='line_1_91' title="bbox 1914 3661 3505 3735; baseline -0.004 -16"><span class='ocrx_word' id='word_1_709' title='bbox 1914 3674 2103 3735; x_wconf 87' lang='lat' dir='ltr'><strong>portas</strong></span> <span class='ocrx_word' id='word_1_710' title='bbox 2127 3663 2380 3735; x_wconf 81' lang='lat' dir='ltr'><strong>ingressi,</strong></span> <span class='ocrx_word' id='word_1_711' title='bbox 2406 3663 2472 3717; x_wconf 89' lang='lat' dir='ltr'><strong>ad</strong></span> <span class='ocrx_word' id='word_1_712' title='bbox 2520 3661 2884 3717; x_wconf 87' lang='lat' dir='ltr'><strong>defectionem</strong></span> <span class='ocrx_word' id='word_1_713' title='bbox 2925 3668 3056 3714; x_wconf 87' lang='lat' dir='ltr'><strong>sunt</strong></span> <span class='ocrx_word' id='word_1_714' title='bbox 3075 3666 3240 3728; x_wconf 83' lang='lat' dir='ltr'><strong>atque</strong></span> <span class='ocrx_word' id='word_1_715' title='bbox 3264 3666 3505 3728; x_wconf 72' lang='lat' dir='ltr'><strong>aposta--</strong></span> 
     </span>
    </p>
   </div>
   <div class='ocr_carea' id='block_1_92' title="bbox 1915 3749 3489 3822">
    <p class='ocr_par' dir='ltr' id='par_1_92' title="bbox 1915 3749 3489 3822">
     <span class='ocr_line' id='line_1_92' title="bbox 1915 3749 3489 3822; baseline -0.005 -11"><span class='ocrx_word' id='word_1_716' title='bbox 1915 3757 2053 3811; x_wconf 88' lang='lat' dir='ltr'><strong>siam</strong></span> <span class='ocrx_word' id='word_1_717' title='bbox 2100 3755 2286 3819; x_wconf 87' lang='lat' dir='ltr'><strong>delati,</strong></span> <span class='ocrx_word' id='word_1_718' title='bbox 2326 3754 2431 3809; x_wconf 87' lang='lat' dir='ltr'><strong>etsi</strong></span> <span class='ocrx_word' id='word_1_719' title='bbox 2474 3769 2583 3811; x_wconf 91' lang='lat' dir='ltr'><strong>non</strong></span> <span class='ocrx_word' id='word_1_720' title='bbox 2629 3760 2872 3822; x_wconf 87' lang='lat' dir='ltr'><strong>apertam</strong></span> <span class='ocrx_word' id='word_1_721' title='bbox 2903 3749 3156 3814; x_wconf 83' lang='lat' dir='ltr'><strong>fortasse,</strong></span> <span class='ocrx_word' id='word_1_722' title='bbox 3183 3758 3240 3803; x_wconf 86' lang='lat' dir='ltr'><strong>at</strong></span> <span class='ocrx_word' id='word_1_723' title='bbox 3280 3756 3430 3804; x_wconf 90' lang='lat' dir='ltr'><strong>certe</strong></span> <span class='ocrx_word' id='word_1_724' title='bbox 3454 3762 3489 3803; x_wconf 81' lang='grc' dir='ltr'><strong>ο</strong></span> 
     </span>
    </p>
   </div>
   <div class='ocr_carea' id='block_1_93' title="bbox 1916 3838 3492 3917">
    <p class='ocr_par' dir='ltr' id='par_1_93' title="bbox 1916 3838 3492 3917">
     <span class='ocr_line' id='line_1_93' title="bbox 1916 3838 3492 3917; baseline -0.006 -15"><span class='ocrx_word' id='word_1_725' title='bbox 1916 3856 2103 3902; x_wconf 87' lang='lat' dir='ltr'><strong>sancta</strong></span> <span class='ocrx_word' id='word_1_726' title='bbox 2147 3856 2303 3917; x_wconf 85' lang='lat' dir='ltr'><strong>porta</strong></span> <span class='ocrx_word' id='word_1_727' title='bbox 2350 3844 2676 3901; x_wconf 79' lang='lat' dir='ltr'><strong>exsilierunt</strong></span> <span class='ocrx_word' id='word_1_728' title='bbox 2702 3882 2719 3907; x_wconf 88' lang='lat'><strong>,</strong></span> <span class='ocrx_word' id='word_1_729' title='bbox 2762 3841 2911 3912; x_wconf 88' lang='lat' dir='ltr'><strong>quod</strong></span> <span class='ocrx_word' id='word_1_730' title='bbox 2968 3848 3155 3896; x_wconf 79' lang='lat' dir='ltr'><strong>meres</strong></span> <span class='ocrx_word' id='word_1_731' title='bbox 3200 3838 3492 3894; x_wconf 86' lang='lat' dir='ltr'><strong>hominum</strong></span> 
     </span>
    </p>
   </div>
   <div class='ocr_carea' id='block_1_94' title="bbox 1917 3929 3511 4006">
    <p class='ocr_par' dir='ltr' id='par_1_94' title="bbox 1917 3929 3511 4006">
     <span class='ocr_line' id='line_1_94' title="bbox 1917 3929 3511 4006; baseline -0.005 -12"><span class='ocrx_word' id='word_1_732' title='bbox 1917 3939 2081 3993; x_wconf 86' lang='lat' dir='ltr'><strong>idolis</strong></span> <span class='ocrx_word' id='word_1_733' title='bbox 2105 3937 2416 3993; x_wconf 88' lang='lat' dir='ltr'><strong>deditorum</strong></span> <span class='ocrx_word' id='word_1_734' title='bbox 2445 3935 2625 4006; x_wconf 84' lang='lat' dir='ltr'><strong>magni</strong></span> <span class='ocrx_word' id='word_1_735' title='bbox 2652 3933 2916 3989; x_wconf 86' lang='lat' dir='ltr'><strong>facerent.</strong></span> <span class='ocrx_word' id='word_1_736' title='bbox 2942 3933 3091 3987; x_wconf 85' lang='lat' dir='ltr'><strong>Intra</strong></span> <span class='ocrx_word' id='word_1_737' title='bbox 3112 3939 3298 4002; x_wconf 86' lang='lat' dir='ltr'><strong>portas</strong></span> <span class='ocrx_word' id='word_1_738' title='bbox 3322 3929 3511 4001; x_wconf 67' lang='lat' dir='ltr'><strong>igitur</strong></span> 
     </span>
    </p>
   </div>
   <div class='ocr_carea' id='block_1_95' title="bbox 1918 4018 3492 4093">
    <p class='ocr_par' dir='ltr' id='par_1_95' title="bbox 1918 4018 3492 4093">
     <span class='ocr_line' id='line_1_95' title="bbox 1918 4018 3492 4093; baseline -0.007 -9"><span class='ocrx_word' id='word_1_739' title='bbox 1918 4029 2111 4084; x_wconf 91' lang='lat' dir='ltr'><strong>sedere</strong></span> <span class='ocrx_word' id='word_1_740' title='bbox 2136 4068 2150 4091; x_wconf 90' lang='lat'><strong>,</strong></span> <span class='ocrx_word' id='word_1_741' title='bbox 2182 4026 2485 4082; x_wconf 87' lang='lat' dir='ltr'><strong>Sabbatum</strong></span> <span class='ocrx_word' id='word_1_742' title='bbox 2530 4022 2892 4093; x_wconf 80' lang='lat' dir='ltr'><strong>Spiritualiter</strong></span> <span class='ocrx_word' id='word_1_743' title='bbox 2944 4028 3191 4092; x_wconf 68' lang='lat' dir='ltr'><strong>agentes,</strong></span> <span class='ocrx_word' id='word_1_744' title='bbox 3230 4018 3492 4089; x_wconf 55' lang='lat' dir='ltr'><strong>praecepit</strong></span> 
     </span>
    </p>
   </div>
   <div class='ocr_carea' id='block_1_96' title="bbox 1918 4108 3493 4186">
    <p class='ocr_par' dir='ltr' id='par_1_96' title="bbox 1918 4108 3493 4186">
     <span class='ocr_line' id='line_1_96' title="bbox 1918 4108 3493 4186; baseline -0.008 -14"><span class='ocrx_word' id='word_1_745' title='bbox 1918 4118 2064 4172; x_wconf 89' lang='lat' dir='ltr'><strong>Deus</strong></span> <span class='ocrx_word' id='word_1_746' title='bbox 2091 4134 2105 4170; x_wconf 85' lang='lat'><strong>:</strong></span> <span class='ocrx_word' id='word_1_747' title='bbox 2130 4132 2251 4186; x_wconf 75' lang='lat' dir='ltr'><strong>qua:</strong></span> <span class='ocrx_word' id='word_1_748' title='bbox 2277 4114 2447 4185; x_wconf 86' lang='lat' dir='ltr'><strong>ﬁgura</strong></span> <span class='ocrx_word' id='word_1_749' title='bbox 2481 4111 2752 4183; x_wconf 85' lang='lat' dir='ltr'><strong>signiﬁcat</strong></span> <span class='ocrx_word' id='word_1_750' title='bbox 2794 4108 3110 4165; x_wconf 87' lang='lat' dir='ltr'><strong>ﬁrmitatem</strong></span> <span class='ocrx_word' id='word_1_751' title='bbox 3150 4114 3315 4176; x_wconf 89' lang='lat' dir='ltr'><strong>atque</strong></span> <span class='ocrx_word' id='word_1_752' title='bbox 3359 4114 3493 4160; x_wconf 91' lang='lat' dir='ltr'><strong>con-</strong></span> 
     </span>
    </p>
   </div>
   <div class='ocr_carea' id='block_1_97' title="bbox 1919 4201 3503 4276">
    <p class='ocr_par' dir='ltr' id='par_1_97' title="bbox 1919 4201 3503 4276">
     <span class='ocr_line' id='line_1_97' title="bbox 1919 4201 3503 4276; baseline -0.009 -12"><span class='ocrx_word' id='word_1_753' title='bbox 1919 4210 2197 4273; x_wconf 86' lang='lat' dir='ltr'><strong>stantiam,</strong></span> <span class='ocrx_word' id='word_1_754' title='bbox 2222 4217 2279 4262; x_wconf 90' lang='lat' dir='ltr'><strong>et</strong></span> <span class='ocrx_word' id='word_1_755' title='bbox 2303 4220 2571 4276; x_wconf 87' lang='lat' dir='ltr'><strong>nusquam</strong></span> <span class='ocrx_word' id='word_1_756' title='bbox 2598 4205 2667 4259; x_wconf 89' lang='lat' dir='ltr'><strong>ab</strong></span> <span class='ocrx_word' id='word_1_757' title='bbox 2708 4203 2859 4258; x_wconf 87' lang='lat' dir='ltr'><strong>illius</strong></span> <span class='ocrx_word' id='word_1_758' title='bbox 2880 4201 3096 4255; x_wconf 85' lang='lat' dir='ltr'><strong>sincero</strong></span> <span class='ocrx_word' id='word_1_759' title='bbox 3120 4210 3503 4269; x_wconf 54' lang='lat' dir='ltr'><strong>germanoque»</strong></span> 
     </span>
    </p>
   </div>
   <div class='ocr_carea' id='block_1_98' title="bbox 1920 4289 3499 4355">
    <p class='ocr_par' dir='ltr' id='par_1_98' title="bbox 1920 4289 3499 4355">
     <span class='ocr_line' id='line_1_98' title="bbox 1920 4289 3499 4355; baseline -0.007 -1"><span class='ocrx_word' id='word_1_760' title='bbox 1920 4301 2072 4355; x_wconf 91' lang='lat' dir='ltr'><strong>cultu</strong></span> <span class='ocrx_word' id='word_1_761' title='bbox 2110 4299 2273 4354; x_wconf 86' lang='lat' dir='ltr'><strong>nobis</strong></span> <span class='ocrx_word' id='word_1_762' title='bbox 2313 4314 2433 4353; x_wconf 88' lang='lat' dir='ltr'><strong>esse</strong></span> <span class='ocrx_word' id='word_1_763' title='bbox 2464 4295 2881 4352; x_wconf 86' lang='lat' dir='ltr'><strong>discedendum.</strong></span> <span class='ocrx_word' id='word_1_764' title='bbox 2914 4292 3047 4348; x_wconf 84' lang='lat' dir='ltr'><strong>Esse</strong></span> <span class='ocrx_word' id='word_1_765' title='bbox 3084 4298 3266 4344; x_wconf 86' lang='lat' dir='ltr'><strong>autem</strong></span> <span class='ocrx_word' id='word_1_766' title='bbox 3302 4289 3499 4343; x_wconf 77' lang='lat' dir='ltr'><strong>Eccle-</strong></span> 
     </span>
    </p>
   </div>
   <div class='ocr_carea' id='block_1_99' title="bbox 1921 4379 3513 4457">
    <p class='ocr_par' dir='ltr' id='par_1_99' title="bbox 1921 4379 3513 4457">
     <span class='ocr_line' id='line_1_99' title="bbox 1921 4379 3513 4457; baseline -0.009 -10"><span class='ocrx_word' id='word_1_767' title='bbox 1921 4393 2058 4448; x_wconf 89' lang='lat' dir='ltr'><strong>siam</strong></span> <span class='ocrx_word' id='word_1_768' title='bbox 2109 4391 2206 4445; x_wconf 90' lang='lat' dir='ltr'><strong>Dei</strong></span> <span class='ocrx_word' id='word_1_769' title='bbox 2256 4391 2570 4453; x_wconf 87' lang='lat' dir='ltr'><strong>civitatem,</strong></span> <span class='ocrx_word' id='word_1_770' title='bbox 2622 4385 2970 4457; x_wconf 87' lang='lat' dir='ltr'><strong>apertissime</strong></span> <span class='ocrx_word' id='word_1_771' title='bbox 3022 4390 3253 4437; x_wconf 86' lang='lat' dir='ltr'><strong>testatur</strong></span> <span class='ocrx_word' id='word_1_772' title='bbox 3295 4379 3513 4445; x_wconf 38' lang='lat' dir='ltr'><strong>David,</strong></span> 
     </span>
    </p>
   </div>
   <div class='ocr_carea' id='block_1_100' title="bbox 1922 4471 3517 4540">
    <p class='ocr_par' dir='ltr' id='par_1_100' title="bbox 1922 4471 3517 4540">
     <span class='ocr_line' id='line_1_100' title="bbox 1922 4471 3517 4540; baseline -0.009 -1"><span class='ocrx_word' id='word_1_773' title='bbox 1922 4500 2047 4540; x_wconf 89' lang='lat' dir='ltr'><strong>cum</strong></span> <span class='ocrx_word' id='word_1_774' title='bbox 2071 4483 2138 4536; x_wconf 89' lang='lat' dir='ltr'><strong>de</strong></span> <span class='ocrx_word' id='word_1_775' title='bbox 2170 4483 2257 4536; x_wconf 91' lang='lat' dir='ltr'><strong>illa</strong></span> <span class='ocrx_word' id='word_1_776' title='bbox 2280 4481 2449 4536; x_wconf 78' lang='lat' dir='ltr'><strong>dicit:</strong></span> <span class='ocrx_word' id='word_1_777' title='bbox 2477 4497 2495 4531; x_wconf 80' lang='grc' dir='ltr'><strong>ι</strong></span> <span class='ocrx_word' id='word_1_778' title='bbox 2513 4479 2765 4535; x_wconf 84' lang='lat' dir='ltr'><strong>Gloriosa</strong></span> <span class='ocrx_word' id='word_1_779' title='bbox 2787 4477 2933 4531; x_wconf 83' lang='lat' dir='ltr'><strong>dicta</strong></span> <span class='ocrx_word' id='word_1_780' title='bbox 2955 4481 3085 4529; x_wconf 87' lang='lat' dir='ltr'><strong>sunt</strong></span> <span class='ocrx_word' id='word_1_781' title='bbox 3104 4472 3172 4527; x_wconf 86' lang='lat' dir='ltr'><strong>de</strong></span> <span class='ocrx_word' id='word_1_782' title='bbox 3202 4480 3274 4536; x_wconf 89' lang='lat' dir='ltr'><strong>te,</strong></span> <span class='ocrx_word' id='word_1_783' title='bbox 3298 4471 3517 4527; x_wconf 82' lang='lat' dir='ltr'><strong>civitas.</strong></span> 
     </span>
    </p>
   </div>
   <div class='ocr_carea' id='block_1_101' title="bbox 1922 4560 3496 4641">
    <p class='ocr_par' dir='ltr' id='par_1_101' title="bbox 1922 4560 3496 4641">
     <span class='ocr_line' id='line_1_101' title="bbox 1922 4560 3496 4641; baseline -0.009 -13"><span class='ocrx_word' id='word_1_784' title='bbox 1922 4574 2018 4628; x_wconf 88' lang='lat' dir='ltr'><strong>Dei</strong></span> <span class='ocrx_word' id='word_1_785' title='bbox 2055 4574 2120 4625; x_wconf 78' lang='grc'><strong>⁸³.</strong></span> <span class='ocrx_word' id='word_1_786' title='bbox 2147 4591 2163 4622; x_wconf 74' lang='grc' dir='ltr'><strong>ι</strong></span> <span class='ocrx_word' id='word_1_787' title='bbox 2213 4572 2332 4641; x_wconf 87' lang='lat' dir='ltr'><strong>Ipse</strong></span> <span class='ocrx_word' id='word_1_788' title='bbox 2367 4585 2585 4639; x_wconf 84' lang='lat' dir='ltr'><strong>quoque</strong></span> <span class='ocrx_word' id='word_1_789' title='bbox 2629 4567 2882 4621; x_wconf 81' lang='lat' dir='ltr'><strong>Salvator</strong></span> <span class='ocrx_word' id='word_1_790' title='bbox 2923 4562 3287 4619; x_wconf 86' lang='lat' dir='ltr'><strong>certissimam</strong></span> <span class='ocrx_word' id='word_1_791' title='bbox 3330 4560 3496 4615; x_wconf 85' lang='lat' dir='ltr'><strong>ﬁdem</strong></span> 
     </span>
    </p>
   </div>
   <div class='ocr_carea' id='block_1_102' title="bbox 1924 4653 3505 4728">
    <p class='ocr_par' dir='ltr' id='par_1_102' title="bbox 1924 4653 3505 4728">
     <span class='ocr_line' id='line_1_102' title="bbox 1924 4653 3505 4728; baseline -0.008 -8"><span class='ocrx_word' id='word_1_792' title='bbox 1924 4665 2051 4720; x_wconf 86' lang='lat' dir='ltr'><strong>facit</strong></span> <span class='ocrx_word' id='word_1_793' title='bbox 2077 4664 2145 4717; x_wconf 89' lang='lat' dir='ltr'><strong>de</strong></span> <span class='ocrx_word' id='word_1_794' title='bbox 2172 4664 2282 4728; x_wconf 87' lang='lat' dir='ltr'><strong>illa,</strong></span> <span class='ocrx_word' id='word_1_795' title='bbox 2310 4662 2499 4718; x_wconf 86' lang='lat' dir='ltr'><strong>dicens</strong></span> <span class='ocrx_word' id='word_1_796' title='bbox 2525 4678 2537 4714; x_wconf 91' lang='lat'><strong>:</strong></span> <span class='ocrx_word' id='word_1_797' title='bbox 2570 4681 2587 4712; x_wconf 81' lang='grc' dir='ltr'><strong>ι</strong></span> <span class='ocrx_word' id='word_1_798' title='bbox 2619 4660 2719 4716; x_wconf 75' lang='lat' dir='ltr'><strong>llic</strong></span> <span class='ocrx_word' id='word_1_799' title='bbox 2748 4657 3027 4721; x_wconf 82' lang='lat' dir='ltr'><strong>habitabo,</strong></span> <span class='ocrx_word' id='word_1_800' title='bbox 3061 4655 3322 4727; x_wconf 86' lang='lat' dir='ltr'><strong>quoniam</strong></span> <span class='ocrx_word' id='word_1_801' title='bbox 3355 4653 3505 4725; x_wconf 69' lang='lat' dir='ltr'><strong>elegi</strong></span> 
     </span>
    </p>
   </div>
   <div class='ocr_carea' id='block_1_103' title="bbox 1925 4757 2195 4815">
    <p class='ocr_par' dir='ltr' id='par_1_103' title="bbox 1925 4757 2195 4815">
     <span class='ocr_line' id='line_1_103' title="bbox 1925 4757 2195 4815; baseline -0.007 -2"><span class='ocrx_word' id='word_1_802' title='bbox 1925 4773 2044 4815; x_wconf 84' lang='lat' dir='ltr'><strong>eam</strong></span> <span class='ocrx_word' id='word_1_803' title='bbox 2070 4757 2135 4811; x_wconf 84' lang='grc'><strong>⁸³.</strong></span> <span class='ocrx_word' id='word_1_804' title='bbox 2170 4776 2195 4807; x_wconf 33' lang='grc' dir='ltr'><strong>»γ</strong></span> 
     </span>
    </p>
   </div>
   <div class='ocr_carea' id='block_1_104' title="bbox 1999 4920 3503 5001">
    <p class='ocr_par' dir='ltr' id='par_1_104' title="bbox 1999 4920 3503 5001">
     <span class='ocr_line' id='line_1_104' title="bbox 1999 4920 3503 5001; baseline -0.011 -10"><span class='ocrx_word' id='word_1_805' title='bbox 1999 4933 2194 4991; x_wconf 84' lang='lat' dir='ltr'><strong>PALL.</strong></span> <span class='ocrx_word' id='word_1_806' title='bbox 2213 4932 2544 4989; x_wconf 87' lang='lat' dir='ltr'><strong>Conclusum</strong></span> <span class='ocrx_word' id='word_1_807' title='bbox 2569 4931 2864 5001; x_wconf 85' lang='lat' dir='ltr'><strong>estigitur,</strong></span> <span class='ocrx_word' id='word_1_808' title='bbox 2891 4930 2960 4985; x_wconf 89' lang='lat' dir='ltr'><strong>ab</strong></span> <span class='ocrx_word' id='word_1_809' title='bbox 2984 4928 3134 4983; x_wconf 89' lang='lat' dir='ltr'><strong>omni</strong></span> <span class='ocrx_word' id='word_1_810' title='bbox 3159 4939 3325 4994; x_wconf 81' lang='lat' dir='ltr'><strong>Opere</strong></span> <span class='ocrx_word' id='word_1_811' title='bbox 3349 4920 3503 4976; x_wconf 78' lang='lat' dir='ltr'><strong>desi-</strong></span> 
     </span>
    </p>
   </div>
   <div class='ocr_carea' id='block_1_105' title="bbox 1927 5016 3513 5092">
    <p class='ocr_par' dir='ltr' id='par_1_105' title="bbox 1927 5016 3513 5092">
     <span class='ocr_line' id='line_1_105' title="bbox 1927 5016 3513 5092; baseline -0.008 -11"><span class='ocrx_word' id='word_1_812' title='bbox 1927 5026 2181 5082; x_wconf 91' lang='lat' dir='ltr'><strong>stendum</strong></span> <span class='ocrx_word' id='word_1_813' title='bbox 2214 5026 2267 5079; x_wconf 91' lang='lat' dir='ltr'><strong>in</strong></span> <span class='ocrx_word' id='word_1_814' title='bbox 2332 5024 2623 5089; x_wconf 79' lang='lat' dir='ltr'><strong>Sabbato,</strong></span> <span class='ocrx_word' id='word_1_815' title='bbox 2666 5033 2726 5076; x_wconf 88' lang='lat' dir='ltr'><strong>ut</strong></span> <span class='ocrx_word' id='word_1_816' title='bbox 2772 5032 2923 5078; x_wconf 90' lang='lat' dir='ltr'><strong>certe</strong></span> <span class='ocrx_word' id='word_1_817' title='bbox 2978 5017 3277 5092; x_wconf 83' lang='lat' dir='ltr'><strong>legislatori</strong></span> <span class='ocrx_word' id='word_1_818' title='bbox 3320 5016 3513 5070; x_wconf 44' lang='lat' dir='ltr'><strong>visum,</strong></span> 
     </span>
    </p>
   </div>
   <div class='ocr_carea' id='block_1_106' title="bbox 1928 5130 2030 5175">
    <p class='ocr_par' dir='ltr' id='par_1_106' title="bbox 1928 5130 2030 5175">
     <span class='ocr_line' id='line_1_106' title="bbox 1928 5130 2030 5175; baseline -0.02 0"><span class='ocrx_word' id='word_1_819' title='bbox 1928 5130 2030 5175; x_wconf 87' lang='lat' dir='ltr'><strong>est.</strong></span> 
     </span>
    </p>
   </div>
   <div class='ocr_carea' id='block_1_107' title="bbox 1995 5199 3505 5279">
    <p class='ocr_par' dir='ltr' id='par_1_107' title="bbox 1995 5199 3505 5279">
     <span class='ocr_line' id='line_1_107' title="bbox 1995 5199 3505 5279; baseline -0.009 -13"><span class='ocrx_word' id='word_1_820' title='bbox 1995 5212 2151 5267; x_wconf 73' lang='lat' dir='ltr'><strong>CYR.</strong></span> <span class='ocrx_word' id='word_1_821' title='bbox 2174 5210 2293 5265; x_wconf 91' lang='lat' dir='ltr'><strong>Non</strong></span> <span class='ocrx_word' id='word_1_822' title='bbox 2320 5210 2390 5265; x_wconf 88' lang='lat' dir='ltr'><strong>ab</strong></span> <span class='ocrx_word' id='word_1_823' title='bbox 2412 5208 2559 5264; x_wconf 93' lang='lat' dir='ltr'><strong>omni</strong></span> <span class='ocrx_word' id='word_1_824' title='bbox 2576 5221 2822 5279; x_wconf 84' lang='lat' dir='ltr'><strong>prorsus,</strong></span> <span class='ocrx_word' id='word_1_825' title='bbox 2849 5206 3092 5273; x_wconf 87' lang='lat' dir='ltr'><strong>inquam,</strong></span> <span class='ocrx_word' id='word_1_826' title='bbox 3118 5199 3321 5256; x_wconf 76' lang='lat' dir='ltr'><strong>Palladi</strong></span> <span class='ocrx_word' id='word_1_827' title='bbox 3342 5217 3355 5252; x_wconf 93' lang='lat'>:</span> <span class='ocrx_word' id='word_1_828' title='bbox 3374 5210 3505 5253; x_wconf 86' lang='lat' dir='ltr'><strong>nam</strong></span> 
     </span>
    </p>
   </div>
   <div class='ocr_carea' id='block_1_108' title="bbox 1925 5292 3497 5372">
    <p class='ocr_par' dir='ltr' id='par_1_108' title="bbox 1925 5292 3497 5372">
     <span class='ocr_line' id='line_1_108' title="bbox 1925 5292 3497 5372; baseline -0.01 -13"><span class='ocrx_word' id='word_1_829' title='bbox 1925 5304 1993 5359; x_wconf 90' lang='lat' dir='ltr'><strong>ab</strong></span> <span class='ocrx_word' id='word_1_830' title='bbox 2019 5303 2085 5357; x_wconf 89' lang='lat' dir='ltr'><strong>iis</strong></span> <span class='ocrx_word' id='word_1_831' title='bbox 2126 5300 2431 5372; x_wconf 83' lang='lat' dir='ltr'><strong>cogitandis</strong></span> <span class='ocrx_word' id='word_1_832' title='bbox 2465 5308 2634 5369; x_wconf 85' lang='lat' dir='ltr'><strong>atque</strong></span> <span class='ocrx_word' id='word_1_833' title='bbox 2654 5295 2939 5359; x_wconf 88' lang='lat' dir='ltr'><strong>faciendis,</strong></span> <span class='ocrx_word' id='word_1_834' title='bbox 2964 5293 3225 5363; x_wconf 74' lang='lat' dir='ltr'><strong>quae-Deo</strong></span> <span class='ocrx_word' id='word_1_835' title='bbox 3260 5292 3497 5362; x_wconf 89' lang='lat' dir='ltr'><strong>placent,</strong></span> 
     </span>
    </p>
   </div>
   <div class='ocr_carea' id='block_1_109' title="bbox 1926 5386 3503 5464">
    <p class='ocr_par' dir='ltr' id='par_1_109' title="bbox 1926 5386 3503 5464">
     <span class='ocr_line' id='line_1_109' title="bbox 1926 5386 3503 5464; baseline -0.01 -14"><span class='ocrx_word' id='word_1_836' title='bbox 1926 5405 1981 5449; x_wconf 88' lang='lat' dir='ltr'><strong>et</strong></span> <span class='ocrx_word' id='word_1_837' title='bbox 2008 5410 2128 5464; x_wconf 77' lang='lat' dir='ltr'><strong>qua:</strong></span> <span class='ocrx_word' id='word_1_838' title='bbox 2155 5410 2263 5447; x_wconf 92' lang='lat' dir='ltr'><strong>non</strong></span> <span class='ocrx_word' id='word_1_839' title='bbox 2288 5391 2619 5446; x_wconf 84' lang='lat' dir='ltr'><strong>mediocrem</strong></span> <span class='ocrx_word' id='word_1_840' title='bbox 2642 5388 2847 5441; x_wconf 89' lang='lat' dir='ltr'><strong>habent</strong></span> <span class='ocrx_word' id='word_1_841' title='bbox 2867 5386 3157 5440; x_wconf 80' lang='lat' dir='ltr'><strong>utilitatem</strong></span> <span class='ocrx_word' id='word_1_842' title='bbox 3179 5424 3193 5448; x_wconf 94' lang='lat'><strong>,</strong></span> <span class='ocrx_word' id='word_1_843' title='bbox 3222 5397 3503 5452; x_wconf 90' lang='lat' dir='ltr'><strong>nunquam</strong></span> 
     </span>
    </p>
   </div>
   <div class='ocr_carea' id='block_1_110' title="bbox 1928 5471 3505 5550">
    <p class='ocr_par' dir='ltr' id='par_1_110' title="bbox 1928 5471 3505 5550">
     <span class='ocr_line' id='line_1_110' title="bbox 1928 5471 3505 5550; baseline -0.012 -9"><span class='ocrx_word' id='word_1_844' title='bbox 1928 5485 2279 5540; x_wconf 81' lang='lat' dir='ltr'><strong>laudabiliter</strong></span> <span class='ocrx_word' id='word_1_845' title='bbox 2300 5481 2503 5537; x_wconf 77' lang='lat' dir='ltr'><strong>cessari</strong></span> <span class='ocrx_word' id='word_1_846' title='bbox 2527 5487 2725 5550; x_wconf 83' lang='lat' dir='ltr'><strong>potest.</strong></span> <span class='ocrx_word' id='word_1_847' title='bbox 2750 5477 2937 5546; x_wconf 87' lang='lat' dir='ltr'><strong>Neque</strong></span> <span class='ocrx_word' id='word_1_848' title='bbox 2979 5475 3128 5530; x_wconf 90' lang='lat' dir='ltr'><strong>enim</strong></span> <span class='ocrx_word' id='word_1_849' title='bbox 3171 5474 3374 5529; x_wconf 84' lang='lat' dir='ltr'><strong>frustra</strong></span> <span class='ocrx_word' id='word_1_850' title='bbox 3421 5471 3505 5539; x_wconf 85' lang='lat' dir='ltr'><strong>(ut</strong></span> 
     </span>
    </p>
   </div>
   <div class='ocr_carea' id='block_1_111' title="bbox 1932 5563 3512 5645">
    <p class='ocr_par' dir='ltr' id='par_1_111' title="bbox 1932 5563 3512 5645">
     <span class='ocr_line' id='line_1_111' title="bbox 1932 5563 3512 5645; baseline -0.011 -14"><span class='ocrx_word' id='word_1_851' title='bbox 1932 5577 2067 5631; x_wconf 87' lang='lat' dir='ltr'><strong>mihi</strong></span> <span class='ocrx_word' id='word_1_852' title='bbox 2106 5575 2330 5645; x_wconf 83' lang='lat' dir='ltr'><strong>quidem</strong></span> <span class='ocrx_word' id='word_1_853' title='bbox 2356 5571 2596 5640; x_wconf 84' lang='lat' dir='ltr'><strong>videtur)</strong></span> <span class='ocrx_word' id='word_1_854' title='bbox 2641 5570 3007 5640; x_wconf 78' lang='lat' dir='ltr'><strong>adjunxerunt</strong></span> <span class='ocrx_word' id='word_1_855' title='bbox 3045 5577 3215 5622; x_wconf 67' lang='lat' dir='ltr'><strong>sacrae</strong></span> <span class='ocrx_word' id='word_1_856' title='bbox 3256 5563 3512 5625; x_wconf 51' lang='lat' dir='ltr'><strong>Litterae,</strong></span> 
     </span>
    </p>
   </div>
   <div class='ocr_carea' id='block_1_112' title="bbox 1079 5752 2235 5823">
    <p class='ocr_par' dir='ltr' id='par_1_112' title="bbox 1079 5752 2235 5823">
     <span class='ocr_line' id='line_1_112' title="bbox 1079 5752 2235 5823; baseline -0.013 -3"><span class='ocrx_word' id='word_1_857' title='bbox 1079 5764 1121 5795; x_wconf 80' lang='grc'><strong>⁸³</strong></span> <span class='ocrx_word' id='word_1_858' title='bbox 1153 5761 1296 5819; x_wconf 84' lang='lat' dir='ltr'><strong>Psal.</strong></span> <span class='ocrx_word' id='word_1_859' title='bbox 1329 5776 1537 5823; x_wconf 73' lang='lat' dir='ltr'><strong>Lxxxvt,</strong></span> <span class='ocrx_word' id='word_1_860' title='bbox 1566 5758 1617 5811; x_wconf 78' lang='lat'><strong>5.</strong></span> <span class='ocrx_word' id='word_1_861' title='bbox 1697 5758 1741 5789; x_wconf 81' lang='grc'>⁸³</span> <span class='ocrx_word' id='word_1_862' title='bbox 1776 5753 1916 5811; x_wconf 79' lang='lat' dir='ltr'><strong>Psal.</strong></span> <span class='ocrx_word' id='word_1_863' title='bbox 1948 5768 2123 5815; x_wconf 73' lang='lat' dir='ltr'><strong>cxxxt,</strong></span> <span class='ocrx_word' id='word_1_864' title='bbox 2157 5752 2235 5805; x_wconf 74' lang='grc'><strong>13.</strong></span> 
     </span>
    </p>
   </div>
  </div>
