  <div class='ocr_page' id='page_1' title='image "/cluster/home/n/w/nwhite01/storage/ocr_20150623/68/hvd.32044019207851/257.png"; bbox 0 0 3998 6504; ppageno 0'>
   <div class='ocr_carea' id='block_1_1' title="bbox 565 325 667 379">
    <p class='ocr_par' dir='ltr' id='par_1_1' title="bbox 565 325 667 379">
     <span class='ocr_line' id='line_1_1' title="bbox 565 325 667 379; baseline -0.01 0"><span class='ocrx_word' id='word_1_1' title='bbox 565 325 667 379; x_wconf 67' lang='grc' dir='ltr'><strong>Ᾱ99</strong></span> 
     </span>
    </p>
   </div>
   <div class='ocr_carea' id='block_1_2' title="bbox 1588 332 2817 389">
    <p class='ocr_par' dir='ltr' id='par_1_2' title="bbox 1588 332 2817 389">
     <span class='ocr_line' id='line_1_2' title="bbox 1588 332 2817 389; baseline -0.001 -3"><span class='ocrx_word' id='word_1_2' title='bbox 1588 332 1644 386; x_wconf 83' lang='lat' dir='ltr'><strong>S.</strong></span> <span class='ocrx_word' id='word_1_3' title='bbox 1685 334 1958 389; x_wconf 78' lang='lat' dir='ltr'><strong>CYRILLI</strong></span> <span class='ocrx_word' id='word_1_4' title='bbox 1994 333 2459 389; x_wconf 72' lang='lat' dir='ltr'><strong>ALEXANDRINI</strong></span> <span class='ocrx_word' id='word_1_5' title='bbox 2500 333 2817 389; x_wconf 70' lang='lat' dir='ltr'><strong>AliClllEI’.</strong></span> 
     </span>
    </p>
   </div>
   <div class='ocr_carea' id='block_1_3' title="bbox 3695 335 3781 389">
    <p class='ocr_par' dir='ltr' id='par_1_3' title="bbox 3695 335 3781 389">
     <span class='ocr_line' id='line_1_3' title="bbox 3695 335 3781 389; baseline 0 -43"><span class='ocrx_word' id='word_1_6' title='bbox 3695 335 3781 389; x_wconf 56' lang='lat'><strong>500</strong></span> 
     </span>
    </p>
   </div>
   <div class='ocr_carea' id='block_1_4' title="bbox 559 446 2103 521">
    <p class='ocr_par' dir='ltr' id='par_1_4' title="bbox 559 446 2072 509">
     <span class='ocr_line' id='line_1_4' title="bbox 559 446 2072 509; baseline 0.002 -6"><span class='ocrx_word' id='word_1_7' title='bbox 559 446 1014 503; x_wconf 83' lang='lat' dir='ltr'><strong>sanctiﬁcandum</strong></span> <span class='ocrx_word' id='word_1_8' title='bbox 1063 465 1182 505; x_wconf 80' lang='lat' dir='ltr'><strong>esse</strong></span> <span class='ocrx_word' id='word_1_9' title='bbox 1227 468 1256 503; x_wconf 86' lang='lat' dir='ltr'><strong>a</strong></span> <span class='ocrx_word' id='word_1_10' title='bbox 1305 452 1464 505; x_wconf 81' lang='lat' dir='ltr'><strong>nobis</strong></span> <span class='ocrx_word' id='word_1_11' title='bbox 1513 451 1659 507; x_wconf 89' lang='lat' dir='ltr'><strong>diem</strong></span> <span class='ocrx_word' id='word_1_12' title='bbox 1707 453 2072 509; x_wconf 85' lang='lat' dir='ltr'><strong>Sabbatorum</strong></span> 
     </span>
    </p>
   </div>
   <div class='ocr_carea' id='block_1_5' title="bbox 2213 446 3785 521">
    <p class='ocr_par' dir='ltr' id='par_1_5' title="bbox 2239 448 3785 521">
     <span class='ocr_line' id='line_1_5' title="bbox 2239 448 3785 521; baseline 0.001 -15"><span class='ocrx_word' id='word_1_13' title='bbox 2239 453 2300 506; x_wconf 84' lang='grc' dir='ltr'>τὸ</span> <span class='ocrx_word' id='word_1_14' title='bbox 2341 453 2663 521; x_wconf 74' lang='grc' dir='ltr'>ἁγιάζεσθαι</span> <span class='ocrx_word' id='word_1_15' title='bbox 2699 452 2808 505; x_wconf 84' lang='grc' dir='ltr'>δεῖν</span> <span class='ocrx_word' id='word_1_16' title='bbox 2859 450 2995 521; x_wconf 70' lang='grc' dir='ltr'>πρὸς</span> <span class='ocrx_word' id='word_1_17' title='bbox 3029 450 3188 520; x_wconf 68' lang='grc' dir='ltr'>ἡμῶν</span> <span class='ocrx_word' id='word_1_18' title='bbox 3232 450 3332 521; x_wconf 77' lang='grc' dir='ltr'><strong>τὴν</strong></span> <span class='ocrx_word' id='word_1_19' title='bbox 3364 448 3471 502; x_wconf 74' lang='grc' dir='ltr'><strong>τῶν</strong></span> <span class='ocrx_word' id='word_1_20' title='bbox 3517 450 3785 507; x_wconf 74' lang='grc' dir='ltr'>Σαϐεάτων</span> 
     </span>
    </p>
   </div>
   <div class='ocr_carea' id='block_1_6' title="bbox 569 540 2137 617">
    <p class='ocr_par' dir='ltr' id='par_1_6' title="bbox 569 540 2137 617">
     <span class='ocr_line' id='line_1_6' title="bbox 569 540 2137 617; baseline 0.005 -25"><span class='ocrx_word' id='word_1_21' title='bbox 569 560 587 592; x_wconf 81' lang='grc' dir='ltr'><strong>ι</strong></span> <span class='ocrx_word' id='word_1_22' title='bbox 619 540 931 595; x_wconf 78' lang='lat' dir='ltr'><strong>Recordare</strong></span> <span class='ocrx_word' id='word_1_23' title='bbox 954 556 1208 610; x_wconf 90' lang='lat' dir='ltr'><strong>namque,</strong></span> <span class='ocrx_word' id='word_1_24' title='bbox 1238 545 1334 606; x_wconf 93' lang='lat' dir='ltr'><strong>ait,</strong></span> <span class='ocrx_word' id='word_1_25' title='bbox 1361 542 1471 597; x_wconf 93' lang='lat' dir='ltr'><strong>diei</strong></span> <span class='ocrx_word' id='word_1_26' title='bbox 1498 542 1884 609; x_wconf 88' lang='lat' dir='ltr'><strong>Sabbatorum,</strong></span> <span class='ocrx_word' id='word_1_27' title='bbox 1928 555 1989 599; x_wconf 93' lang='lat' dir='ltr'><strong>ut</strong></span> <span class='ocrx_word' id='word_1_28' title='bbox 2010 562 2137 617; x_wconf 80' lang='lat' dir='ltr'><strong>sau-</strong></span> 
     </span>
    </p>
   </div>
   <div class='ocr_carea' id='block_1_7' title="bbox 554 630 2135 705">
    <p class='ocr_par' dir='ltr' id='par_1_7' title="bbox 554 630 2135 705">
     <span class='ocr_line' id='line_1_7' title="bbox 554 630 2135 705; baseline 0.004 -19"><span class='ocrx_word' id='word_1_29' title='bbox 554 630 765 687; x_wconf 88' lang='lat' dir='ltr'><strong>ctiﬁees</strong></span> <span class='ocrx_word' id='word_1_30' title='bbox 801 648 927 687; x_wconf 92' lang='lat' dir='ltr'><strong>eum</strong></span> <span class='ocrx_word' id='word_1_31' title='bbox 948 632 1012 685; x_wconf 65' lang='grc'>⁸³.</span> <span class='ocrx_word' id='word_1_32' title='bbox 1050 651 1067 683; x_wconf 76' lang='grc' dir='ltr'><strong>ι</strong></span> <span class='ocrx_word' id='word_1_33' title='bbox 1105 633 1162 686; x_wconf 90' lang='lat' dir='ltr'><strong>ld</strong></span> <span class='ocrx_word' id='word_1_34' title='bbox 1186 648 1318 688; x_wconf 88' lang='lat' dir='ltr'><strong>vero</strong></span> <span class='ocrx_word' id='word_1_35' title='bbox 1346 634 1420 689; x_wconf 87' lang='lat' dir='ltr'><strong>ita</strong></span> <span class='ocrx_word' id='word_1_36' title='bbox 1443 634 1649 705; x_wconf 91' lang='lat' dir='ltr'><strong>optime</strong></span> <span class='ocrx_word' id='word_1_37' title='bbox 1671 635 2041 705; x_wconf 88' lang='lat' dir='ltr'><strong>perﬁciemus,</strong></span> <span class='ocrx_word' id='word_1_38' title='bbox 2085 638 2135 692; x_wconf 86' lang='lat' dir='ltr'><strong>si</strong></span> 
     </span>
    </p>
   </div>
   <div class='ocr_carea' id='block_1_8' title="bbox 555 724 2137 798">
    <p class='ocr_par' dir='ltr' id='par_1_8' title="bbox 555 724 2137 798">
     <span class='ocr_line' id='line_1_8' title="bbox 555 724 2137 798; baseline 0.003 -18"><span class='ocrx_word' id='word_1_39' title='bbox 555 724 854 780; x_wconf 82' lang='lat' dir='ltr'><strong>Sabbatum</strong></span> <span class='ocrx_word' id='word_1_40' title='bbox 876 725 1233 795; x_wconf 90' lang='lat' dir='ltr'><strong>spiritualiter</strong></span> <span class='ocrx_word' id='word_1_41' title='bbox 1259 726 1609 792; x_wconf 90' lang='lat' dir='ltr'><strong>celebrando,</strong></span> <span class='ocrx_word' id='word_1_42' title='bbox 1635 728 1839 783; x_wconf 75' lang='lat' dir='ltr'><strong>sanctis</strong></span> <span class='ocrx_word' id='word_1_43' title='bbox 1873 730 2137 798; x_wconf 82' lang='lat' dir='ltr'><strong>operibus</strong></span> 
     </span>
    </p>
   </div>
   <div class='ocr_carea' id='block_1_9' title="bbox 553 817 2133 891">
    <p class='ocr_par' dir='ltr' id='par_1_9' title="bbox 553 817 2133 891">
     <span class='ocr_line' id='line_1_9' title="bbox 553 817 2133 891; baseline 0.004 -20"><span class='ocrx_word' id='word_1_44' title='bbox 553 831 738 871; x_wconf 86' lang='lat' dir='ltr'><strong>curam</strong></span> <span class='ocrx_word' id='word_1_45' title='bbox 763 828 925 887; x_wconf 90' lang='lat' dir='ltr'><strong>atque</strong></span> <span class='ocrx_word' id='word_1_46' title='bbox 958 817 1296 888; x_wconf 78' lang='lat' dir='ltr'><strong>diligentiam</strong></span> <span class='ocrx_word' id='word_1_47' title='bbox 1332 819 1767 889; x_wconf 88' lang='lat' dir='ltr'><strong>impenderimus</strong></span> <span class='ocrx_word' id='word_1_48' title='bbox 1808 838 1820 873; x_wconf 91' lang='lat'>:</span> <span class='ocrx_word' id='word_1_49' title='bbox 1863 822 2019 891; x_wconf 88' lang='lat' dir='ltr'><strong>cujus</strong></span> <span class='ocrx_word' id='word_1_50' title='bbox 2053 823 2133 877; x_wconf 85' lang='lat' dir='ltr'><strong>rei</strong></span> 
     </span>
    </p>
   </div>
   <div class='ocr_carea' id='block_1_10' title="bbox 552 906 2132 980">
    <p class='ocr_par' dir='ltr' id='par_1_10' title="bbox 552 906 2132 980">
     <span class='ocr_line' id='line_1_10' title="bbox 552 906 2132 980; baseline 0.005 -20"><span class='ocrx_word' id='word_1_51' title='bbox 552 906 643 961; x_wconf 88' lang='lat' dir='ltr'><strong>illa</strong></span> <span class='ocrx_word' id='word_1_52' title='bbox 664 908 887 963; x_wconf 85' lang='lat' dir='ltr'><strong>evidens</strong></span> <span class='ocrx_word' id='word_1_53' title='bbox 910 909 1082 979; x_wconf 90' lang='lat' dir='ltr'><strong>ﬁgura</strong></span> <span class='ocrx_word' id='word_1_54' title='bbox 1116 907 1304 975; x_wconf 78' lang='lat' dir='ltr'><strong>fuerit,</strong></span> <span class='ocrx_word' id='word_1_55' title='bbox 1349 911 1496 980; x_wconf 89' lang='lat' dir='ltr'><strong>quod</strong></span> <span class='ocrx_word' id='word_1_56' title='bbox 1538 911 1778 965; x_wconf 84' lang='lat' dir='ltr'><strong>Sabbato</strong></span> <span class='ocrx_word' id='word_1_57' title='bbox 1819 913 2132 969; x_wconf 80' lang='lat' dir='ltr'><strong>sacerdotes</strong></span> 
     </span>
    </p>
   </div>
   <div class='ocr_carea' id='block_1_11' title="bbox 552 998 2132 1075">
    <p class='ocr_par' dir='ltr' id='par_1_11' title="bbox 552 998 2132 1075">
     <span class='ocr_line' id='line_1_11' title="bbox 552 998 2132 1075; baseline 0.006 -24"><span class='ocrx_word' id='word_1_58' title='bbox 552 998 608 1051; x_wconf 93' lang='lat' dir='ltr'><strong>in</strong></span> <span class='ocrx_word' id='word_1_59' title='bbox 635 1000 835 1069; x_wconf 89' lang='lat' dir='ltr'><strong>templo</strong></span> <span class='ocrx_word' id='word_1_60' title='bbox 864 1002 1163 1057; x_wconf 89' lang='lat' dir='ltr'><strong>Sabbatum</strong></span> <span class='ocrx_word' id='word_1_61' title='bbox 1189 1004 1488 1069; x_wconf 78' lang='lat' dir='ltr'><strong>violabant,</strong></span> <span class='ocrx_word' id='word_1_62' title='bbox 1528 1013 1583 1059; x_wconf 89' lang='lat' dir='ltr'><strong>et</strong></span> <span class='ocrx_word' id='word_1_63' title='bbox 1610 1005 1727 1059; x_wconf 87' lang='lat' dir='ltr'><strong>sine</strong></span> <span class='ocrx_word' id='word_1_64' title='bbox 1754 1006 1911 1075; x_wconf 90' lang='lat' dir='ltr'><strong>culpa</strong></span> <span class='ocrx_word' id='word_1_65' title='bbox 1959 1006 2132 1061; x_wconf 90' lang='lat' dir='ltr'><strong>sacris</strong></span> 
     </span>
    </p>
   </div>
   <div class='ocr_carea' id='block_1_12' title="bbox 549 1086 2131 1158">
    <p class='ocr_par' dir='ltr' id='par_1_12' title="bbox 549 1086 2131 1158">
     <span class='ocr_line' id='line_1_12' title="bbox 549 1086 2131 1158; baseline 0.006 -19"><span class='ocrx_word' id='word_1_66' title='bbox 549 1086 715 1142; x_wconf 86' lang='lat' dir='ltr'><strong>rebus</strong></span> <span class='ocrx_word' id='word_1_67' title='bbox 757 1102 982 1157; x_wconf 81' lang='lat' dir='ltr'><strong>cperam</strong></span> <span class='ocrx_word' id='word_1_68' title='bbox 1026 1091 1251 1155; x_wconf 86' lang='lat' dir='ltr'><strong>dabant,</strong></span> <span class='ocrx_word' id='word_1_69' title='bbox 1290 1093 1540 1147; x_wconf 86' lang='lat' dir='ltr'><strong>victimas</strong></span> <span class='ocrx_word' id='word_1_70' title='bbox 1581 1093 1954 1158; x_wconf 81' lang='lat' dir='ltr'><strong>immolabant,</strong></span> <span class='ocrx_word' id='word_1_71' title='bbox 1999 1110 2131 1149; x_wconf 91' lang='lat' dir='ltr'><strong>oves</strong></span> 
     </span>
    </p>
   </div>
   <div class='ocr_carea' id='block_1_13' title="bbox 547 1179 2127 1255">
    <p class='ocr_par' dir='ltr' id='par_1_13' title="bbox 547 1179 2127 1255">
     <span class='ocr_line' id='line_1_13' title="bbox 547 1179 2127 1255; baseline 0.005 -23"><span class='ocrx_word' id='word_1_72' title='bbox 547 1179 848 1244; x_wconf 56' lang='lat' dir='ltr'><strong>caedebant,</strong></span> <span class='ocrx_word' id='word_1_73' title='bbox 876 1183 1040 1252; x_wconf 77' lang='lat'><strong>230</strong></span> <span class='ocrx_word' id='word_1_74' title='bbox 1061 1185 1245 1239; x_wconf 89' lang='lat' dir='ltr'><strong>omnia</strong></span> <span class='ocrx_word' id='word_1_75' title='bbox 1269 1193 1567 1255; x_wconf 90' lang='lat' dir='ltr'><strong>postremo,</strong></span> <span class='ocrx_word' id='word_1_76' title='bbox 1602 1201 1723 1254; x_wconf 66' lang='lat' dir='ltr'><strong>quae</strong></span> <span class='ocrx_word' id='word_1_77' title='bbox 1750 1185 1816 1238; x_wconf 90' lang='lat' dir='ltr'><strong>ad</strong></span> <span class='ocrx_word' id='word_1_78' title='bbox 1868 1184 1963 1239; x_wconf 87' lang='lat' dir='ltr'><strong>Dei</strong></span> <span class='ocrx_word' id='word_1_79' title='bbox 2007 1186 2127 1255; x_wconf 85' lang='lat' dir='ltr'><strong>glo-</strong></span> 
     </span>
    </p>
   </div>
   <div class='ocr_carea' id='block_1_14' title="bbox 547 1270 2124 1346">
    <p class='ocr_par' dir='ltr' id='par_1_14' title="bbox 547 1270 2124 1346">
     <span class='ocr_line' id='line_1_14' title="bbox 547 1270 2124 1346; baseline 0.006 -23"><span class='ocrx_word' id='word_1_80' title='bbox 547 1270 686 1325; x_wconf 87' lang='lat' dir='ltr'><strong>riam</strong></span> <span class='ocrx_word' id='word_1_81' title='bbox 734 1273 1092 1341; x_wconf 83' lang='lat' dir='ltr'><strong>pertinerent,</strong></span> <span class='ocrx_word' id='word_1_82' title='bbox 1120 1276 1342 1331; x_wconf 89' lang='lat' dir='ltr'><strong>nemine</strong></span> <span class='ocrx_word' id='word_1_83' title='bbox 1385 1277 1714 1346; x_wconf 86' lang='lat' dir='ltr'><strong>prohibente</strong></span> <span class='ocrx_word' id='word_1_84' title='bbox 1757 1277 2032 1333; x_wconf 80' lang='lat' dir='ltr'><strong>faciebant</strong></span> <span class='ocrx_word' id='word_1_85' title='bbox 2056 1279 2124 1332; x_wconf 75' lang='grc'><strong>³⁵.</strong></span> 
     </span>
    </p>
   </div>
   <div class='ocr_carea' id='block_1_15' title="bbox 546 1360 2125 1440">
    <p class='ocr_par' dir='ltr' id='par_1_15' title="bbox 546 1360 2125 1440">
     <span class='ocr_line' id='line_1_15' title="bbox 546 1360 2125 1440; baseline 0.006 -25"><span class='ocrx_word' id='word_1_86' title='bbox 546 1360 689 1427; x_wconf 83' lang='lat' dir='ltr'><strong>Quid</strong></span> <span class='ocrx_word' id='word_1_87' title='bbox 732 1364 920 1418; x_wconf 89' lang='lat' dir='ltr'><strong>enim?</strong></span> <span class='ocrx_word' id='word_1_88' title='bbox 966 1382 1077 1421; x_wconf 92' lang='lat' dir='ltr'><strong>non</strong></span> <span class='ocrx_word' id='word_1_89' title='bbox 1112 1367 1429 1423; x_wconf 64' lang='lat' dir='ltr'><strong>Judaaorum</strong></span> <span class='ocrx_word' id='word_1_90' title='bbox 1467 1368 1757 1423; x_wconf 88' lang='lat' dir='ltr'><strong>calumniis</strong></span> <span class='ocrx_word' id='word_1_91' title='bbox 1808 1369 1912 1424; x_wconf 90' lang='lat' dir='ltr'><strong>hoc</strong></span> <span class='ocrx_word' id='word_1_92' title='bbox 1949 1371 2125 1440; x_wconf 91' lang='lat' dir='ltr'><strong>ipsum</strong></span> 
     </span>
    </p>
   </div>
   <div class='ocr_carea' id='block_1_16' title="bbox 542 1455 2122 1529">
    <p class='ocr_par' dir='ltr' id='par_1_16' title="bbox 542 1455 2122 1529">
     <span class='ocr_line' id='line_1_16' title="bbox 542 1455 2122 1529; baseline 0.008 -23"><span class='ocrx_word' id='word_1_93' title='bbox 542 1456 797 1523; x_wconf 92' lang='lat' dir='ltr'><strong>opposuit</strong></span> <span class='ocrx_word' id='word_1_94' title='bbox 819 1455 1090 1522; x_wconf 86' lang='lat' dir='ltr'><strong>Christus,</strong></span> <span class='ocrx_word' id='word_1_95' title='bbox 1116 1474 1240 1513; x_wconf 92' lang='lat' dir='ltr'><strong>cum</strong></span> <span class='ocrx_word' id='word_1_96' title='bbox 1266 1460 1444 1529; x_wconf 92' lang='lat' dir='ltr'><strong>ipsum</strong></span> <span class='ocrx_word' id='word_1_97' title='bbox 1472 1460 1539 1515; x_wconf 92' lang='lat' dir='ltr'><strong>de</strong></span> <span class='ocrx_word' id='word_1_98' title='bbox 1568 1462 1863 1515; x_wconf 80' lang='lat' dir='ltr'><strong>violatione</strong></span> <span class='ocrx_word' id='word_1_99' title='bbox 1903 1462 2122 1518; x_wconf 82' lang='lat' dir='ltr'><strong>Sabbati</strong></span> 
     </span>
    </p>
   </div>
   <div class='ocr_carea' id='block_1_17' title="bbox 541 1542 2126 1623">
    <p class='ocr_par' dir='ltr' id='par_1_17' title="bbox 541 1542 2126 1623">
     <span class='ocr_line' id='line_1_17' title="bbox 541 1542 2126 1623; baseline 0.007 -25"><span class='ocrx_word' id='word_1_100' title='bbox 541 1542 985 1611; x_wconf 84' lang='lat' dir='ltr'><strong>criminarentur,</strong></span> <span class='ocrx_word' id='word_1_101' title='bbox 1010 1550 1153 1619; x_wconf 89' lang='lat' dir='ltr'><strong>quod</strong></span> <span class='ocrx_word' id='word_1_102' title='bbox 1179 1551 1538 1623; x_wconf 88' lang='lat' dir='ltr'><strong>paralyticum</strong></span> <span class='ocrx_word' id='word_1_103' title='bbox 1580 1551 1818 1608; x_wconf 89' lang='lat' dir='ltr'><strong>Sabbato</strong></span> <span class='ocrx_word' id='word_1_104' title='bbox 1844 1556 2126 1610; x_wconf 76' lang='lat' dir='ltr'><strong>curasset?</strong></span> 
     </span>
    </p>
   </div>
   <div class='ocr_carea' id='block_1_18' title="bbox 611 1637 1083 1696">
    <p class='ocr_par' dir='ltr' id='par_1_18' title="bbox 611 1637 1083 1696">
     <span class='ocr_line' id='line_1_18' title="bbox 611 1637 1083 1696; baseline 0.008 -4"><span class='ocrx_word' id='word_1_105' title='bbox 611 1637 809 1693; x_wconf 87' lang='lat' dir='ltr'><strong>PALL.</strong></span> <span class='ocrx_word' id='word_1_106' title='bbox 842 1640 1083 1696; x_wconf 83' lang='lat' dir='ltr'><strong>Memini.</strong></span> 
     </span>
    </p>
   </div>
   <div class='ocr_carea' id='block_1_19' title="bbox 599 1726 2121 1808">
    <p class='ocr_par' dir='ltr' id='par_1_19' title="bbox 599 1726 2121 1808">
     <span class='ocr_line' id='line_1_19' title="bbox 599 1726 2121 1808; baseline 0.008 -28"><span class='ocrx_word' id='word_1_107' title='bbox 599 1726 755 1781; x_wconf 85' lang='lat' dir='ltr'><strong>CYR.</strong></span> <span class='ocrx_word' id='word_1_108' title='bbox 781 1728 1226 1787; x_wconf 90' lang='lat' dir='ltr'><strong>Circumdueitur</strong></span> <span class='ocrx_word' id='word_1_109' title='bbox 1248 1734 1412 1788; x_wconf 89' lang='lat' dir='ltr'><strong>etiam</strong></span> <span class='ocrx_word' id='word_1_110' title='bbox 1434 1734 1666 1790; x_wconf 88' lang='lat' dir='ltr'><strong>homoin</strong></span> <span class='ocrx_word' id='word_1_111' title='bbox 1695 1734 1952 1803; x_wconf 86' lang='lat' dir='ltr'><strong>Sabbato,</strong></span> <span class='ocrx_word' id='word_1_112' title='bbox 1969 1738 2121 1808; x_wconf 88' lang='lat' dir='ltr'><strong>juxta</strong></span> 
     </span>
    </p>
   </div>
   <div class='ocr_carea' id='block_1_20' title="bbox 539 1818 2117 1899">
    <p class='ocr_par' dir='ltr' id='par_1_20' title="bbox 539 1818 2117 1899">
     <span class='ocr_line' id='line_1_20' title="bbox 539 1818 2117 1899; baseline 0.008 -27"><span class='ocrx_word' id='word_1_113' title='bbox 539 1818 841 1876; x_wconf 86' lang='lat' dir='ltr'><strong>Salvatoris</strong></span> <span class='ocrx_word' id='word_1_114' title='bbox 868 1839 1082 1891; x_wconf 89' lang='lat' dir='ltr'><strong>vocem,</strong></span> <span class='ocrx_word' id='word_1_115' title='bbox 1105 1826 1222 1896; x_wconf 90' lang='lat' dir='ltr'><strong>lege</strong></span> <span class='ocrx_word' id='word_1_116' title='bbox 1247 1842 1355 1881; x_wconf 93' lang='lat' dir='ltr'><strong>non</strong></span> <span class='ocrx_word' id='word_1_117' title='bbox 1379 1828 1694 1883; x_wconf 85' lang='lat' dir='ltr'><strong>vindicante</strong></span> <span class='ocrx_word' id='word_1_118' title='bbox 1726 1846 1738 1882; x_wconf 93' lang='lat'><strong>:</strong></span> <span class='ocrx_word' id='word_1_119' title='bbox 1777 1830 2005 1899; x_wconf 85' lang='lat' dir='ltr'><strong>spondet</strong></span> <span class='ocrx_word' id='word_1_120' title='bbox 2029 1831 2117 1885; x_wconf 89' lang='lat' dir='ltr'><strong>ni-</strong></span> 
     </span>
    </p>
   </div>
   <div class='ocr_carea' id='block_1_21' title="bbox 537 1910 2112 1989">
    <p class='ocr_par' dir='ltr' id='par_1_21' title="bbox 537 1910 2112 1989">
     <span class='ocr_line' id='line_1_21' title="bbox 537 1910 2112 1989; baseline 0.009 -26"><span class='ocrx_word' id='word_1_121' title='bbox 537 1910 739 1965; x_wconf 87' lang='lat' dir='ltr'><strong>mirum</strong></span> <span class='ocrx_word' id='word_1_122' title='bbox 768 1912 941 1983; x_wconf 84' lang='lat' dir='ltr'><strong>ﬁgura</strong></span> <span class='ocrx_word' id='word_1_123' title='bbox 979 1924 1035 1970; x_wconf 92' lang='lat' dir='ltr'><strong>et</strong></span> <span class='ocrx_word' id='word_1_124' title='bbox 1076 1918 1473 1986; x_wconf 83' lang='lat' dir='ltr'><strong>propemodum</strong></span> <span class='ocrx_word' id='word_1_125' title='bbox 1502 1929 1691 1989; x_wconf 89' lang='lat' dir='ltr'><strong>aperte</strong></span> <span class='ocrx_word' id='word_1_126' title='bbox 1728 1929 1979 1985; x_wconf 87' lang='lat' dir='ltr'><strong>testatur,</strong></span> <span class='ocrx_word' id='word_1_127' title='bbox 2024 1922 2112 1989; x_wconf 88' lang='lat' dir='ltr'><strong>iis,</strong></span> 
     </span>
    </p>
   </div>
   <div class='ocr_carea' id='block_1_22' title="bbox 535 2000 2116 2081">
    <p class='ocr_par' dir='ltr' id='par_1_22' title="bbox 535 2000 2116 2081">
     <span class='ocr_line' id='line_1_22' title="bbox 535 2000 2116 2081; baseline 0.009 -28"><span class='ocrx_word' id='word_1_128' title='bbox 535 2000 627 2070; x_wconf 87' lang='lat' dir='ltr'><strong>qui</strong></span> <span class='ocrx_word' id='word_1_129' title='bbox 654 2001 707 2055; x_wconf 94' lang='lat' dir='ltr'><strong>in</strong></span> <span class='ocrx_word' id='word_1_130' title='bbox 735 2001 951 2059; x_wconf 90' lang='lat' dir='ltr'><strong>Christo</strong></span> <span class='ocrx_word' id='word_1_131' title='bbox 985 2004 1283 2062; x_wconf 88' lang='lat' dir='ltr'><strong>Sabbatum</strong></span> <span class='ocrx_word' id='word_1_132' title='bbox 1307 2019 1495 2079; x_wconf 88' lang='lat' dir='ltr'><strong>agunt,</strong></span> <span class='ocrx_word' id='word_1_133' title='bbox 1532 2010 1703 2074; x_wconf 87' lang='lat' dir='ltr'><strong>idest,</strong></span> <span class='ocrx_word' id='word_1_134' title='bbox 1727 2011 1869 2081; x_wconf 89' lang='lat' dir='ltr'><strong>quia</strong></span> <span class='ocrx_word' id='word_1_135' title='bbox 1892 2019 2116 2080; x_wconf 89' lang='lat' dir='ltr'><strong>peccato</strong></span> 
     </span>
    </p>
   </div>
   <div class='ocr_carea' id='block_1_23' title="bbox 531 2099 2114 2173">
    <p class='ocr_par' dir='ltr' id='par_1_23' title="bbox 531 2099 2114 2173">
     <span class='ocr_line' id='line_1_23' title="bbox 531 2099 2114 2173; baseline 0.007 -26"><span class='ocrx_word' id='word_1_136' title='bbox 531 2104 767 2159; x_wconf 88' lang='lat' dir='ltr'><strong>cessant,</strong></span> <span class='ocrx_word' id='word_1_137' title='bbox 794 2110 858 2151; x_wconf 90' lang='lat' dir='ltr'><strong>ac</strong></span> <span class='ocrx_word' id='word_1_138' title='bbox 885 2099 1296 2155; x_wconf 86' lang='lat' dir='ltr'><strong>sanetiﬁcantur</strong></span> <span class='ocrx_word' id='word_1_139' title='bbox 1321 2117 1420 2170; x_wconf 92' lang='lat' dir='ltr'><strong>per</strong></span> <span class='ocrx_word' id='word_1_140' title='bbox 1436 2101 1620 2167; x_wconf 89' lang='lat' dir='ltr'><strong>ﬁdem,</strong></span> <span class='ocrx_word' id='word_1_141' title='bbox 1650 2103 1796 2157; x_wconf 91' lang='lat' dir='ltr'><strong>illam</strong></span> <span class='ocrx_word' id='word_1_142' title='bbox 1832 2104 1887 2159; x_wconf 90' lang='lat' dir='ltr'><strong>in</strong></span> <span class='ocrx_word' id='word_1_143' title='bbox 1916 2103 2114 2173; x_wconf 77' lang='lat' dir='ltr'><strong>Spiritu</strong></span> 
     </span>
    </p>
   </div>
   <div class='ocr_carea' id='block_1_24' title="bbox 532 2184 2115 2263">
    <p class='ocr_par' dir='ltr' id='par_1_24' title="bbox 532 2184 2115 2263">
     <span class='ocr_line' id='line_1_24' title="bbox 532 2184 2115 2263; baseline 0.008 -26"><span class='ocrx_word' id='word_1_144' title='bbox 532 2184 1008 2243; x_wconf 90' lang='lat' dir='ltr'><strong>circumcisionem</strong></span> <span class='ocrx_word' id='word_1_145' title='bbox 1032 2191 1377 2261; x_wconf 89' lang='lat' dir='ltr'><strong>apertissime</strong></span> <span class='ocrx_word' id='word_1_146' title='bbox 1398 2195 1716 2258; x_wconf 89' lang='lat' dir='ltr'><strong>convenire,</strong></span> <span class='ocrx_word' id='word_1_147' title='bbox 1743 2210 1864 2263; x_wconf 79' lang='lat' dir='ltr'><strong>quae</strong></span> <span class='ocrx_word' id='word_1_148' title='bbox 1886 2194 1946 2249; x_wconf 87' lang='lat' dir='ltr'><strong>ﬁt</strong></span> <span class='ocrx_word' id='word_1_149' title='bbox 1968 2204 2115 2249; x_wconf 87' lang='lat' dir='ltr'><strong>octa-</strong></span> 
     </span>
    </p>
   </div>
   <div class='ocr_carea' id='block_1_25' title="bbox 530 2275 2113 2342">
    <p class='ocr_par' dir='ltr' id='par_1_25' title="bbox 530 2275 2113 2342">
     <span class='ocr_line' id='line_1_25' title="bbox 530 2275 2113 2342; baseline 0.007 -14"><span class='ocrx_word' id='word_1_150' title='bbox 530 2289 622 2339; x_wconf 89' lang='lat' dir='ltr'><strong>vo,</strong></span> <span class='ocrx_word' id='word_1_151' title='bbox 651 2275 703 2331; x_wconf 94' lang='lat' dir='ltr'><strong>id</strong></span> <span class='ocrx_word' id='word_1_152' title='bbox 747 2286 854 2342; x_wconf 90' lang='lat' dir='ltr'><strong>est,</strong></span> <span class='ocrx_word' id='word_1_153' title='bbox 894 2280 1322 2337; x_wconf 89' lang='lat' dir='ltr'><strong>resurrectionis</strong></span> <span class='ocrx_word' id='word_1_154' title='bbox 1362 2282 1450 2337; x_wconf 90' lang='lat' dir='ltr'><strong>die</strong></span> <span class='ocrx_word' id='word_1_155' title='bbox 1483 2300 1495 2334; x_wconf 91' lang='lat'>:</span> <span class='ocrx_word' id='word_1_156' title='bbox 1543 2283 1624 2337; x_wconf 91' lang='lat' dir='ltr'><strong>sic</strong></span> <span class='ocrx_word' id='word_1_157' title='bbox 1667 2283 1815 2337; x_wconf 87' lang='lat' dir='ltr'><strong>enim</strong></span> <span class='ocrx_word' id='word_1_158' title='bbox 1862 2283 2113 2339; x_wconf 87' lang='lat' dir='ltr'><strong>Christus</strong></span> 
     </span>
    </p>
   </div>
   <div class='ocr_carea' id='block_1_26' title="bbox 531 2356 2111 2443">
    <p class='ocr_par' dir='ltr' id='par_1_26' title="bbox 531 2356 2111 2443">
     <span class='ocr_line' id='line_1_26' title="bbox 531 2356 2111 2443; baseline 0.007 -23"><span class='ocrx_word' id='word_1_159' title='bbox 531 2356 867 2435; x_wconf 59' lang='lat' dir='ltr'><strong>resurrexit}</strong></span> <span class='ocrx_word' id='word_1_160' title='bbox 910 2372 1003 2440; x_wconf 85' lang='lat' dir='ltr'><strong>qui</strong></span> <span class='ocrx_word' id='word_1_161' title='bbox 1023 2382 1380 2443; x_wconf 89' lang='lat' dir='ltr'><strong>posteaquam</strong></span> <span class='ocrx_word' id='word_1_162' title='bbox 1405 2375 1623 2441; x_wconf 80' lang='lat' dir='ltr'><strong>revixit,</strong></span> <span class='ocrx_word' id='word_1_163' title='bbox 1653 2376 1935 2432; x_wconf 91' lang='lat' dir='ltr'><strong>destructo</strong></span> <span class='ocrx_word' id='word_1_164' title='bbox 1960 2392 2111 2431; x_wconf 91' lang='lat' dir='ltr'><strong>mor-</strong></span> 
     </span>
    </p>
   </div>
   <div class='ocr_carea' id='block_1_27' title="bbox 529 2458 2112 2538">
    <p class='ocr_par' dir='ltr' id='par_1_27' title="bbox 529 2458 2112 2538">
     <span class='ocr_line' id='line_1_27' title="bbox 529 2458 2112 2538; baseline 0.009 -28"><span class='ocrx_word' id='word_1_165' title='bbox 529 2458 602 2512; x_wconf 91' lang='lat' dir='ltr'><strong>tis</strong></span> <span class='ocrx_word' id='word_1_166' title='bbox 641 2458 894 2529; x_wconf 89' lang='lat' dir='ltr'><strong>imperio,</strong></span> <span class='ocrx_word' id='word_1_167' title='bbox 931 2462 1078 2519; x_wconf 89' lang='lat' dir='ltr'><strong>illico</strong></span> <span class='ocrx_word' id='word_1_168' title='bbox 1133 2474 1323 2520; x_wconf 87' lang='lat' dir='ltr'><strong>sancto</strong></span> <span class='ocrx_word' id='word_1_169' title='bbox 1369 2466 1577 2536; x_wconf 90' lang='lat' dir='ltr'><strong>Spiritu</strong></span> <span class='ocrx_word' id='word_1_170' title='bbox 1637 2483 1767 2523; x_wconf 90' lang='lat' dir='ltr'><strong>suos</strong></span> <span class='ocrx_word' id='word_1_171' title='bbox 1810 2468 2112 2538; x_wconf 87' lang='lat' dir='ltr'><strong>discipulos</strong></span> 
     </span>
    </p>
   </div>
   <div class='ocr_carea' id='block_1_28' title="bbox 527 2550 2105 2628">
    <p class='ocr_par' dir='ltr' id='par_1_28' title="bbox 527 2550 2105 2628">
     <span class='ocr_line' id='line_1_28' title="bbox 527 2550 2105 2628; baseline 0.007 -24"><span class='ocrx_word' id='word_1_172' title='bbox 527 2550 840 2621; x_wconf 82' lang='lat' dir='ltr'><strong>obsignavit</strong></span> <span class='ocrx_word' id='word_1_173' title='bbox 879 2556 1143 2626; x_wconf 67' lang='lat' dir='ltr'><strong>:haaeque</strong></span> <span class='ocrx_word' id='word_1_174' title='bbox 1164 2568 1249 2612; x_wconf 84' lang='lat' dir='ltr'><strong>est</strong></span> <span class='ocrx_word' id='word_1_175' title='bbox 1270 2558 1359 2613; x_wconf 90' lang='lat' dir='ltr'><strong>illa</strong></span> <span class='ocrx_word' id='word_1_176' title='bbox 1394 2558 1449 2612; x_wconf 91' lang='lat' dir='ltr'><strong>in</strong></span> <span class='ocrx_word' id='word_1_177' title='bbox 1485 2558 1692 2628; x_wconf 91' lang='lat' dir='ltr'><strong>Spiritu</strong></span> <span class='ocrx_word' id='word_1_178' title='bbox 1739 2561 2105 2616; x_wconf 89' lang='lat' dir='ltr'><strong>circumcisio.</strong></span> 
     </span>
    </p>
   </div>
   <div class='ocr_carea' id='block_1_29' title="bbox 526 2640 2106 2722">
    <p class='ocr_par' dir='ltr' id='par_1_29' title="bbox 526 2640 2106 2722">
     <span class='ocr_line' id='line_1_29' title="bbox 526 2640 2106 2722; baseline 0.008 -27"><span class='ocrx_word' id='word_1_179' title='bbox 526 2640 829 2698; x_wconf 80' lang='lat' dir='ltr'><strong>lnsuﬂlavit</strong></span> <span class='ocrx_word' id='word_1_180' title='bbox 870 2647 1041 2713; x_wconf 89' lang='lat' dir='ltr'><strong>enim,</strong></span> <span class='ocrx_word' id='word_1_181' title='bbox 1084 2648 1316 2711; x_wconf 89' lang='lat' dir='ltr'><strong>dicens:</strong></span> <span class='ocrx_word' id='word_1_182' title='bbox 1364 2669 1382 2700; x_wconf 78' lang='grc' dir='ltr'><strong>ι</strong></span> <span class='ocrx_word' id='word_1_183' title='bbox 1419 2649 1661 2721; x_wconf 79' lang='lat' dir='ltr'><strong>Accipite</strong></span> <span class='ocrx_word' id='word_1_184' title='bbox 1688 2652 1953 2722; x_wconf 89' lang='lat' dir='ltr'><strong>Spiritum</strong></span> <span class='ocrx_word' id='word_1_185' title='bbox 1979 2668 2106 2708; x_wconf 89' lang='lat' dir='ltr'><strong>san-</strong></span> 
     </span>
    </p>
   </div>
   <div class='ocr_carea' id='block_1_30' title="bbox 526 2735 2107 2813">
    <p class='ocr_par' dir='ltr' id='par_1_30' title="bbox 526 2735 2107 2813">
     <span class='ocr_line' id='line_1_30' title="bbox 526 2735 2107 2813; baseline 0.008 -27"><span class='ocrx_word' id='word_1_186' title='bbox 526 2742 676 2788; x_wconf 91' lang='lat' dir='ltr'><strong>ctum</strong></span> <span class='ocrx_word' id='word_1_187' title='bbox 698 2735 761 2788; x_wconf 76' lang='grc'>⁸⁸.</span> <span class='ocrx_word' id='word_1_188' title='bbox 791 2755 809 2785; x_wconf 76' lang='grc' dir='ltr'><strong>ι</strong></span> <span class='ocrx_word' id='word_1_189' title='bbox 856 2736 1053 2793; x_wconf 88' lang='lat' dir='ltr'><strong>Annon</strong></span> <span class='ocrx_word' id='word_1_190' title='bbox 1121 2740 1322 2797; x_wconf 87' lang='lat' dir='ltr'><strong>Paulus</strong></span> <span class='ocrx_word' id='word_1_191' title='bbox 1364 2759 1583 2813; x_wconf 88' lang='lat' dir='ltr'><strong>quoque</strong></span> <span class='ocrx_word' id='word_1_192' title='bbox 1610 2745 1685 2799; x_wconf 89' lang='lat' dir='ltr'><strong>ita</strong></span> <span class='ocrx_word' id='word_1_193' title='bbox 1709 2743 1826 2799; x_wconf 90' lang='lat' dir='ltr'><strong>ﬁeri</strong></span> <span class='ocrx_word' id='word_1_194' title='bbox 1865 2744 2107 2800; x_wconf 89' lang='lat' dir='ltr'><strong>circum-</strong></span> 
     </span>
    </p>
   </div>
   <div class='ocr_carea' id='block_1_31' title="bbox 524 2824 2105 2907">
    <p class='ocr_par' dir='ltr' id='par_1_31' title="bbox 524 2824 2105 2907">
     <span class='ocr_line' id='line_1_31' title="bbox 524 2824 2105 2907; baseline 0.009 -29"><span class='ocrx_word' id='word_1_195' title='bbox 524 2824 791 2881; x_wconf 85' lang='lat' dir='ltr'><strong>cisionem</strong></span> <span class='ocrx_word' id='word_1_196' title='bbox 838 2827 894 2882; x_wconf 93' lang='lat' dir='ltr'><strong>in</strong></span> <span class='ocrx_word' id='word_1_197' title='bbox 957 2831 1153 2900; x_wconf 89' lang='lat' dir='ltr'><strong>spiritu</strong></span> <span class='ocrx_word' id='word_1_198' title='bbox 1208 2832 1443 2888; x_wconf 82' lang='lat' dir='ltr'><strong>fatetur?</strong></span> <span class='ocrx_word' id='word_1_199' title='bbox 1485 2834 1817 2891; x_wconf 90' lang='lat' dir='ltr'><strong>Circumcidi</strong></span> <span class='ocrx_word' id='word_1_200' title='bbox 1869 2852 2105 2907; x_wconf 89' lang='lat' dir='ltr'><strong>namque</strong></span> 
     </span>
    </p>
   </div>
   <div class='ocr_carea' id='block_1_32' title="bbox 521 2923 2101 2991">
    <p class='ocr_par' dir='ltr' id='par_1_32' title="bbox 521 2923 2101 2991">
     <span class='ocr_line' id='line_1_32' title="bbox 521 2923 2101 2991; baseline 0.009 -22"><span class='ocrx_word' id='word_1_201' title='bbox 521 2924 779 2986; x_wconf 89' lang='lat' dir='ltr'><strong>oportere</strong></span> <span class='ocrx_word' id='word_1_202' title='bbox 803 2933 919 2983; x_wconf 90' lang='lat' dir='ltr'><strong>eos,</strong></span> <span class='ocrx_word' id='word_1_203' title='bbox 969 2923 1062 2991; x_wconf 91' lang='lat' dir='ltr'><strong>qui</strong></span> <span class='ocrx_word' id='word_1_204' title='bbox 1107 2923 1455 2979; x_wconf 90' lang='lat' dir='ltr'><strong>crediderant</strong></span> <span class='ocrx_word' id='word_1_205' title='bbox 1480 2967 1494 2991; x_wconf 94' lang='lat'><strong>,</strong></span> <span class='ocrx_word' id='word_1_206' title='bbox 1530 2927 1946 2983; x_wconf 86' lang='lat' dir='ltr'><strong>circumcisione</strong></span> <span class='ocrx_word' id='word_1_207' title='bbox 1990 2944 2101 2983; x_wconf 89' lang='lat' dir='ltr'><strong>non</strong></span> 
     </span>
    </p>
   </div>
   <div class='ocr_carea' id='block_1_33' title="bbox 520 3008 2099 3086">
    <p class='ocr_par' dir='ltr' id='par_1_33' title="bbox 520 3008 2099 3086">
     <span class='ocr_line' id='line_1_33' title="bbox 520 3008 2099 3086; baseline 0.009 -25"><span class='ocrx_word' id='word_1_208' title='bbox 520 3008 851 3077; x_wconf 84' lang='lat' dir='ltr'><strong>manufacta,</strong></span> <span class='ocrx_word' id='word_1_209' title='bbox 880 3012 933 3067; x_wconf 92' lang='lat' dir='ltr'><strong>id</strong></span> <span class='ocrx_word' id='word_1_210' title='bbox 958 3022 1061 3079; x_wconf 90' lang='lat' dir='ltr'><strong>est,</strong></span> <span class='ocrx_word' id='word_1_211' title='bbox 1086 3015 1304 3085; x_wconf 83' lang='lat' dir='ltr'><strong>spiritu,</strong></span> <span class='ocrx_word' id='word_1_212' title='bbox 1333 3020 1669 3075; x_wconf 87' lang='lat' dir='ltr'><strong>asseveravit</strong></span> <span class='ocrx_word' id='word_1_213' title='bbox 1697 3020 1761 3074; x_wconf 83' lang='grc'>⁸⁷.</span> <span class='ocrx_word' id='word_1_214' title='bbox 1789 3019 2099 3086; x_wconf 84' lang='lat' dir='ltr'><strong>Quinetiam</strong></span> 
     </span>
    </p>
   </div>
   <div class='ocr_carea' id='block_1_34' title="bbox 518 3099 2101 3182">
    <p class='ocr_par' dir='ltr' id='par_1_34' title="bbox 518 3099 2101 3182">
     <span class='ocr_line' id='line_1_34' title="bbox 518 3099 2101 3182; baseline 0.011 -30"><span class='ocrx_word' id='word_1_215' title='bbox 518 3099 654 3155; x_wconf 92' lang='lat' dir='ltr'><strong>illud</strong></span> <span class='ocrx_word' id='word_1_216' title='bbox 676 3101 1000 3170; x_wconf 90' lang='lat' dir='ltr'><strong>addiderim,</strong></span> <span class='ocrx_word' id='word_1_217' title='bbox 1030 3123 1139 3163; x_wconf 92' lang='lat' dir='ltr'><strong>non</strong></span> <span class='ocrx_word' id='word_1_218' title='bbox 1163 3124 1321 3178; x_wconf 90' lang='lat' dir='ltr'><strong>posse</strong></span> <span class='ocrx_word' id='word_1_219' title='bbox 1340 3125 1442 3165; x_wconf 88' lang='lat' dir='ltr'><strong>nos</strong></span> <span class='ocrx_word' id='word_1_220' title='bbox 1474 3112 1568 3181; x_wconf 91' lang='lat' dir='ltr'><strong>qui</strong></span> <span class='ocrx_word' id='word_1_221' title='bbox 1586 3112 1946 3182; x_wconf 87' lang='lat' dir='ltr'><strong>spiritualiter</strong></span> <span class='ocrx_word' id='word_1_222' title='bbox 1968 3113 2101 3168; x_wconf 85' lang='lat' dir='ltr'><strong>Sab-</strong></span> 
     </span>
    </p>
   </div>
   <div class='ocr_carea' id='block_1_35' title="bbox 518 3186 2098 3273">
    <p class='ocr_par' dir='ltr' id='par_1_35' title="bbox 518 3186 2098 3273">
     <span class='ocr_line' id='line_1_35' title="bbox 518 3186 2098 3273; baseline 0.011 -32"><span class='ocrx_word' id='word_1_223' title='bbox 518 3186 708 3244; x_wconf 86' lang='lat' dir='ltr'><strong>batum</strong></span> <span class='ocrx_word' id='word_1_224' title='bbox 734 3206 1037 3260; x_wconf 87' lang='lat' dir='ltr'><strong>servamus,</strong></span> <span class='ocrx_word' id='word_1_225' title='bbox 1067 3208 1435 3269; x_wconf 82' lang='lat' dir='ltr'><strong>congruenter</strong></span> <span class='ocrx_word' id='word_1_226' title='bbox 1466 3201 1535 3256; x_wconf 92' lang='lat' dir='ltr'><strong>ab</strong></span> <span class='ocrx_word' id='word_1_227' title='bbox 1558 3201 1645 3268; x_wconf 89' lang='lat' dir='ltr'><strong>iis,</strong></span> <span class='ocrx_word' id='word_1_228' title='bbox 1677 3218 1799 3273; x_wconf 75' lang='lat' dir='ltr'><strong>quae</strong></span> <span class='ocrx_word' id='word_1_229' title='bbox 1834 3203 1902 3257; x_wconf 87' lang='lat' dir='ltr'><strong>ad</strong></span> <span class='ocrx_word' id='word_1_230' title='bbox 1939 3204 2098 3258; x_wconf 82' lang='lat' dir='ltr'><strong>forti-</strong></span> 
     </span>
    </p>
   </div>
   <div class='ocr_carea' id='block_1_36' title="bbox 518 3280 2103 3359">
    <p class='ocr_par' dir='ltr' id='par_1_36' title="bbox 518 3280 2103 3359">
     <span class='ocr_line' id='line_1_36' title="bbox 518 3280 2103 3359; baseline 0.011 -25"><span class='ocrx_word' id='word_1_231' title='bbox 518 3280 768 3338; x_wconf 88' lang='lat' dir='ltr'><strong>tudinem</strong></span> <span class='ocrx_word' id='word_1_232' title='bbox 793 3285 1133 3355; x_wconf 88' lang='lat' dir='ltr'><strong>spiritualem</strong></span> <span class='ocrx_word' id='word_1_233' title='bbox 1167 3291 1467 3359; x_wconf 85' lang='lat' dir='ltr'><strong>pertinent,</strong></span> <span class='ocrx_word' id='word_1_234' title='bbox 1493 3294 1633 3349; x_wconf 89' lang='lat' dir='ltr'><strong>etab</strong></span> <span class='ocrx_word' id='word_1_235' title='bbox 1666 3295 1929 3351; x_wconf 73' lang='lat' dir='ltr'><strong>hostibus</strong></span> <span class='ocrx_word' id='word_1_236' title='bbox 1972 3312 2103 3351; x_wconf 87' lang='lat' dir='ltr'><strong>con-</strong></span> 
     </span>
    </p>
   </div>
   <div class='ocr_carea' id='block_1_37' title="bbox 516 3375 2101 3458">
    <p class='ocr_par' dir='ltr' id='par_1_37' title="bbox 516 3375 2101 3458">
     <span class='ocr_line' id='line_1_37' title="bbox 516 3375 2101 3458; baseline 0.013 -30"><span class='ocrx_word' id='word_1_237' title='bbox 516 3375 784 3443; x_wconf 87' lang='lat' dir='ltr'><strong>terendis,</strong></span> <span class='ocrx_word' id='word_1_238' title='bbox 808 3379 1252 3454; x_wconf 84' lang='lat' dir='ltr'><strong>adversariisque</strong></span> <span class='ocrx_word' id='word_1_239' title='bbox 1281 3386 1336 3443; x_wconf 90' lang='lat' dir='ltr'><strong>in</strong></span> <span class='ocrx_word' id='word_1_240' title='bbox 1359 3386 1581 3444; x_wconf 88' lang='lat' dir='ltr'><strong>Christo</strong></span> <span class='ocrx_word' id='word_1_241' title='bbox 1611 3390 1958 3458; x_wconf 89' lang='lat' dir='ltr'><strong>superandis,</strong></span> <span class='ocrx_word' id='word_1_242' title='bbox 2000 3408 2101 3447; x_wconf 89' lang='lat' dir='ltr'><strong>un-</strong></span> 
     </span>
    </p>
   </div>
   <div class='ocr_carea' id='block_1_38' title="bbox 514 3477 2098 3551">
    <p class='ocr_par' dir='ltr' id='par_1_38' title="bbox 514 3477 2098 3551">
     <span class='ocr_line' id='line_1_38' title="bbox 514 3477 2098 3551; baseline 0.011 -30"><span class='ocrx_word' id='word_1_243' title='bbox 514 3482 681 3536; x_wconf 84' lang='lat' dir='ltr'><strong>quam</strong></span> <span class='ocrx_word' id='word_1_244' title='bbox 708 3484 926 3527; x_wconf 88' lang='lat' dir='ltr'><strong>cessare</strong></span> <span class='ocrx_word' id='word_1_245' title='bbox 954 3490 966 3525; x_wconf 91' lang='lat'><strong>:</strong></span> <span class='ocrx_word' id='word_1_246' title='bbox 993 3482 1050 3529; x_wconf 91' lang='lat' dir='ltr'><strong>et</strong></span> <span class='ocrx_word' id='word_1_247' title='bbox 1090 3477 1211 3545; x_wconf 90' lang='lat' dir='ltr'><strong>ejus</strong></span> <span class='ocrx_word' id='word_1_248' title='bbox 1230 3478 1309 3533; x_wconf 89' lang='lat' dir='ltr'><strong>rei</strong></span> <span class='ocrx_word' id='word_1_249' title='bbox 1361 3479 1652 3550; x_wconf 85' lang='lat' dir='ltr'><strong>imaginem</strong></span> <span class='ocrx_word' id='word_1_250' title='bbox 1682 3481 1781 3537; x_wconf 89' lang='lat' dir='ltr'><strong>tibi</strong></span> <span class='ocrx_word' id='word_1_251' title='bbox 1820 3482 2098 3551; x_wconf 85' lang='lat' dir='ltr'><strong>proferam</strong></span> 
     </span>
    </p>
   </div>
   <div class='ocr_carea' id='block_1_39' title="bbox 515 3562 2098 3639">
    <p class='ocr_par' dir='ltr' id='par_1_39' title="bbox 515 3562 2098 3639">
     <span class='ocr_line' id='line_1_39' title="bbox 515 3562 2098 3639; baseline 0.011 -30"><span class='ocrx_word' id='word_1_252' title='bbox 515 3570 709 3612; x_wconf 87' lang='lat' dir='ltr'><strong>rursus</strong></span> <span class='ocrx_word' id='word_1_253' title='bbox 730 3567 971 3615; x_wconf 87' lang='lat' dir='ltr'><strong>veterem</strong></span> <span class='ocrx_word' id='word_1_254' title='bbox 994 3562 1148 3618; x_wconf 91' lang='lat' dir='ltr'><strong>illum</strong></span> <span class='ocrx_word' id='word_1_255' title='bbox 1167 3565 1374 3633; x_wconf 82' lang='lat' dir='ltr'><strong>Jesum,</strong></span> <span class='ocrx_word' id='word_1_256' title='bbox 1401 3569 1497 3639; x_wconf 91' lang='lat' dir='ltr'><strong>qui</strong></span> <span class='ocrx_word' id='word_1_257' title='bbox 1522 3585 1626 3623; x_wconf 88' lang='lat' dir='ltr'><strong>una</strong></span> <span class='ocrx_word' id='word_1_258' title='bbox 1647 3586 1770 3626; x_wconf 93' lang='lat' dir='ltr'><strong>eum</strong></span> <span class='ocrx_word' id='word_1_259' title='bbox 1797 3570 2098 3627; x_wconf 86' lang='lat' dir='ltr'><strong>ﬁliislsrael</strong></span> 
     </span>
    </p>
   </div>
   <div class='ocr_carea' id='block_1_40' title="bbox 513 3646 2057 3734">
    <p class='ocr_par' dir='ltr' id='par_1_40' title="bbox 513 3646 2057 3734">
     <span class='ocr_line' id='line_1_40' title="bbox 513 3646 2057 3734; baseline 0.012 -33"><span class='ocrx_word' id='word_1_260' title='bbox 513 3646 709 3703; x_wconf 87' lang='lat' dir='ltr'><strong>urbem</strong></span> <span class='ocrx_word' id='word_1_261' title='bbox 742 3649 964 3707; x_wconf 82' lang='lat' dir='ltr'><strong>Jericho</strong></span> <span class='ocrx_word' id='word_1_262' title='bbox 996 3656 1229 3725; x_wconf 88' lang='lat' dir='ltr'><strong>septimo</strong></span> <span class='ocrx_word' id='word_1_263' title='bbox 1265 3658 1376 3724; x_wconf 89' lang='lat' dir='ltr'><strong>die,</strong></span> <span class='ocrx_word' id='word_1_264' title='bbox 1403 3660 1457 3715; x_wconf 91' lang='lat' dir='ltr'><strong>id</strong></span> <span class='ocrx_word' id='word_1_265' title='bbox 1483 3670 1567 3716; x_wconf 90' lang='lat' dir='ltr'><strong>est</strong></span> <span class='ocrx_word' id='word_1_266' title='bbox 1605 3661 1864 3728; x_wconf 88' lang='lat' dir='ltr'><strong>Sabbato,</strong></span> <span class='ocrx_word' id='word_1_267' title='bbox 1894 3664 2057 3734; x_wconf 88' lang='lat' dir='ltr'><strong>cepit.</strong></span> 
     </span>
    </p>
   </div>
   <div class='ocr_carea' id='block_1_41' title="bbox 581 3817 2096 3908">
    <p class='ocr_par' dir='ltr' id='par_1_41' title="bbox 581 3817 2096 3908">
     <span class='ocr_line' id='line_1_41' title="bbox 581 3817 2096 3908; baseline 0.014 -35"><span class='ocrx_word' id='word_1_268' title='bbox 581 3817 779 3876; x_wconf 83' lang='lat' dir='ltr'><strong>PALL.</strong></span> <span class='ocrx_word' id='word_1_269' title='bbox 807 3821 988 3880; x_wconf 85' lang='lat' dir='ltr'><strong>Solam</strong></span> <span class='ocrx_word' id='word_1_270' title='bbox 1013 3826 1182 3898; x_wconf 86' lang='lat' dir='ltr'><strong>igitur</strong></span> <span class='ocrx_word' id='word_1_271' title='bbox 1208 3830 1368 3886; x_wconf 91' lang='lat' dir='ltr'><strong>nobis</strong></span> <span class='ocrx_word' id='word_1_272' title='bbox 1392 3848 1421 3886; x_wconf 87' lang='lat' dir='ltr'><strong>a</strong></span> <span class='ocrx_word' id='word_1_273' title='bbox 1442 3835 1704 3903; x_wconf 70' lang='lat' dir='ltr'><strong>nequitiae</strong></span> <span class='ocrx_word' id='word_1_274' title='bbox 1747 3852 1812 3891; x_wconf 92' lang='lat' dir='ltr'><strong>ac</strong></span> <span class='ocrx_word' id='word_1_275' title='bbox 1846 3847 2096 3908; x_wconf 83' lang='lat' dir='ltr'><strong>peccato-</strong></span> 
     </span>
    </p>
   </div>
   <div class='ocr_carea' id='block_1_42' title="bbox 512 3914 2096 4001">
    <p class='ocr_par' dir='ltr' id='par_1_42' title="bbox 512 3914 2096 4001">
     <span class='ocr_line' id='line_1_42' title="bbox 512 3914 2096 4001; baseline 0.015 -38"><span class='ocrx_word' id='word_1_276' title='bbox 512 3925 635 3965; x_wconf 90' lang='lat' dir='ltr'><strong>rum</strong></span> <span class='ocrx_word' id='word_1_277' title='bbox 654 3914 916 3981; x_wconf 87' lang='lat' dir='ltr'><strong>operibus</strong></span> <span class='ocrx_word' id='word_1_278' title='bbox 936 3919 1302 3988; x_wconf 86' lang='lat' dir='ltr'><strong>vaeationem,</strong></span> <span class='ocrx_word' id='word_1_279' title='bbox 1326 3925 1473 3994; x_wconf 90' lang='lat' dir='ltr'><strong>quod</strong></span> <span class='ocrx_word' id='word_1_280' title='bbox 1497 3926 1563 3981; x_wconf 87' lang='lat' dir='ltr'><strong>ad</strong></span> <span class='ocrx_word' id='word_1_281' title='bbox 1596 3927 1883 3983; x_wconf 89' lang='lat' dir='ltr'><strong>veritatem</strong></span> <span class='ocrx_word' id='word_1_282' title='bbox 1922 3934 2096 4001; x_wconf 89' lang='lat' dir='ltr'><strong>perti-</strong></span> 
     </span>
    </p>
   </div>
   <div class='ocr_carea' id='block_1_43' title="bbox 509 4010 2093 4096">
    <p class='ocr_par' dir='ltr' id='par_1_43' title="bbox 509 4010 2093 4096">
     <span class='ocr_line' id='line_1_43' title="bbox 509 4010 2093 4096; baseline 0.016 -41"><span class='ocrx_word' id='word_1_283' title='bbox 509 4013 605 4057; x_wconf 90' lang='lat' dir='ltr'><strong>net</strong></span> <span class='ocrx_word' id='word_1_284' title='bbox 619 4012 885 4096; x_wconf 73' lang='lat' dir='ltr'><strong>tanquam</strong></span> <span class='ocrx_word' id='word_1_285' title='bbox 926 4010 981 4065; x_wconf 91' lang='lat' dir='ltr'><strong>in</strong></span> <span class='ocrx_word' id='word_1_286' title='bbox 1007 4010 1197 4083; x_wconf 86' lang='lat' dir='ltr'><strong>ﬁguris</strong></span> <span class='ocrx_word' id='word_1_287' title='bbox 1224 4015 1334 4071; x_wconf 91' lang='lat' dir='ltr'><strong>illis</strong></span> <span class='ocrx_word' id='word_1_288' title='bbox 1361 4018 1543 4074; x_wconf 90' lang='lat' dir='ltr'><strong>adhuc</strong></span> <span class='ocrx_word' id='word_1_289' title='bbox 1564 4021 1850 4077; x_wconf 84' lang='lat' dir='ltr'><strong>veteribus</strong></span> <span class='ocrx_word' id='word_1_290' title='bbox 1891 4040 2093 4096; x_wconf 84' lang='lat' dir='ltr'><strong>prepe-</strong></span> 
     </span>
    </p>
   </div>
   <div class='ocr_carea' id='block_1_44' title="bbox 508 4093 1726 4170">
    <p class='ocr_par' dir='ltr' id='par_1_44' title="bbox 508 4093 1726 4170">
     <span class='ocr_line' id='line_1_44' title="bbox 508 4093 1726 4170; baseline 0.015 -23"><span class='ocrx_word' id='word_1_291' title='bbox 508 4093 731 4150; x_wconf 86' lang='lat' dir='ltr'><strong>modum</strong></span> <span class='ocrx_word' id='word_1_292' title='bbox 768 4098 1169 4170; x_wconf 88' lang='lat' dir='ltr'><strong>adumbratam,</strong></span> <span class='ocrx_word' id='word_1_293' title='bbox 1195 4105 1494 4164; x_wconf 89' lang='lat' dir='ltr'><strong>Sabbatum</strong></span> <span class='ocrx_word' id='word_1_294' title='bbox 1518 4110 1726 4166; x_wconf 80' lang='lat' dir='ltr'><strong>aﬂ&#39;eret.</strong></span> 
     </span>
    </p>
   </div>
   <div class='ocr_carea' id='block_1_45' title="bbox 582 4181 2091 4267">
    <p class='ocr_par' dir='ltr' id='par_1_45' title="bbox 582 4181 2091 4267">
     <span class='ocr_line' id='line_1_45' title="bbox 582 4181 2091 4267; baseline 0.016 -30"><span class='ocrx_word' id='word_1_295' title='bbox 582 4181 739 4240; x_wconf 84' lang='lat' dir='ltr'><strong>CYR.</strong></span> <span class='ocrx_word' id='word_1_296' title='bbox 775 4187 853 4243; x_wconf 84' lang='lat' dir='ltr'><strong>Ita</strong></span> <span class='ocrx_word' id='word_1_297' title='bbox 895 4191 986 4246; x_wconf 82' lang='lat' dir='ltr'><strong>aio</strong></span> <span class='ocrx_word' id='word_1_298' title='bbox 1039 4211 1052 4246; x_wconf 89' lang='lat'><strong>:</strong></span> <span class='ocrx_word' id='word_1_299' title='bbox 1086 4194 1130 4249; x_wconf 91' lang='lat' dir='ltr'><strong>si</strong></span> <span class='ocrx_word' id='word_1_300' title='bbox 1165 4211 1299 4251; x_wconf 89' lang='lat' dir='ltr'><strong>vero</strong></span> <span class='ocrx_word' id='word_1_301' title='bbox 1326 4214 1486 4255; x_wconf 90' lang='lat' dir='ltr'><strong>secus</strong></span> <span class='ocrx_word' id='word_1_302' title='bbox 1508 4201 1696 4267; x_wconf 89' lang='lat' dir='ltr'><strong>habet,</strong></span> <span class='ocrx_word' id='word_1_303' title='bbox 1724 4202 1777 4257; x_wconf 87' lang='lat' dir='ltr'><strong>id</strong></span> <span class='ocrx_word' id='word_1_304' title='bbox 1806 4204 2091 4262; x_wconf 81' lang='lat' dir='ltr'><strong>manifeste</strong></span> 
     </span>
    </p>
   </div>
   <div class='ocr_carea' id='block_1_46' title="bbox 505 4271 1403 4350">
    <p class='ocr_par' dir='ltr' id='par_1_46' title="bbox 505 4271 1403 4350">
     <span class='ocr_line' id='line_1_46' title="bbox 505 4271 1403 4350; baseline 0.02 -23"><span class='ocrx_word' id='word_1_305' title='bbox 505 4271 710 4330; x_wconf 88' lang='lat' dir='ltr'><strong>Christi</strong></span> <span class='ocrx_word' id='word_1_306' title='bbox 737 4282 1056 4350; x_wconf 87' lang='lat' dir='ltr'><strong>mysterium</strong></span> <span class='ocrx_word' id='word_1_307' title='bbox 1082 4288 1403 4346; x_wconf 84' lang='lat' dir='ltr'><strong>ostenderit.</strong></span> 
     </span>
    </p>
   </div>
   <div class='ocr_carea' id='block_1_47' title="bbox 574 4364 1400 4437">
    <p class='ocr_par' dir='ltr' id='par_1_47' title="bbox 574 4364 1400 4437">
     <span class='ocr_line' id='line_1_47' title="bbox 574 4364 1400 4437; baseline 0.022 -20"><span class='ocrx_word' id='word_1_308' title='bbox 574 4364 775 4421; x_wconf 81' lang='lat' dir='ltr'><strong>PALL.</strong></span> <span class='ocrx_word' id='word_1_309' title='bbox 801 4368 922 4436; x_wconf 87' lang='lat' dir='ltr'><strong>Quo</strong></span> <span class='ocrx_word' id='word_1_310' title='bbox 953 4375 1172 4432; x_wconf 89' lang='lat' dir='ltr'><strong>tandem</strong></span> <span class='ocrx_word' id='word_1_311' title='bbox 1194 4381 1400 4437; x_wconf 89' lang='lat' dir='ltr'><strong>modo?</strong></span> 
     </span>
    </p>
   </div>
   <div class='ocr_carea' id='block_1_48' title="bbox 2238 540 3785 614">
    <p class='ocr_par' dir='ltr' id='par_1_48' title="bbox 2238 540 3785 614">
     <span class='ocr_line' id='line_1_48' title="bbox 2238 540 3785 614; baseline -0.003 -15"><span class='ocrx_word' id='word_1_312' title='bbox 2238 543 2483 614; x_wconf 74' lang='grc' dir='ltr'>ἡμέραν·</span> <span class='ocrx_word' id='word_1_313' title='bbox 2521 564 2539 594; x_wconf 73' lang='grc' dir='ltr'><strong>ι</strong></span> <span class='ocrx_word' id='word_1_314' title='bbox 2581 542 2865 614; x_wconf 80' lang='grc' dir='ltr'>Μνήσθητι</span> <span class='ocrx_word' id='word_1_315' title='bbox 2904 542 3031 614; x_wconf 79' lang='grc' dir='ltr'>γὰρ,</span> <span class='ocrx_word' id='word_1_316' title='bbox 3063 561 3080 592; x_wconf 79' lang='grc' dir='ltr'><strong>ι</strong></span> <span class='ocrx_word' id='word_1_317' title='bbox 3116 540 3270 612; x_wconf 72' lang='grc' dir='ltr'>φησὶ,</span> <span class='ocrx_word' id='word_1_318' title='bbox 3304 559 3323 592; x_wconf 73' lang='grc' dir='ltr'><strong>ι</strong></span> <span class='ocrx_word' id='word_1_319' title='bbox 3349 540 3447 611; x_wconf 71' lang='grc' dir='ltr'><strong>τὴν</strong></span> <span class='ocrx_word' id='word_1_320' title='bbox 3476 540 3677 611; x_wconf 74' lang='grc' dir='ltr'>ἡμέραν</span> <span class='ocrx_word' id='word_1_321' title='bbox 3693 544 3785 595; x_wconf 77' lang='grc' dir='ltr'>τῶν</span> 
     </span>
    </p>
   </div>
   <div class='ocr_carea' id='block_1_49' title="bbox 2236 632 3786 705">
    <p class='ocr_par' dir='ltr' id='par_1_49' title="bbox 2236 632 3786 705">
     <span class='ocr_line' id='line_1_49' title="bbox 2236 632 3786 705; baseline 0.001 -18"><span class='ocrx_word' id='word_1_322' title='bbox 2236 634 2530 689; x_wconf 79' lang='grc' dir='ltr'>Σαϐϐάτων</span> <span class='ocrx_word' id='word_1_323' title='bbox 2576 633 2825 703; x_wconf 81' lang='grc' dir='ltr'>ἁγιάζειν</span> <span class='ocrx_word' id='word_1_324' title='bbox 2879 634 3069 705; x_wconf 80' lang='grc' dir='ltr'>αὐτήν.</span> <span class='ocrx_word' id='word_1_325' title='bbox 3128 652 3147 686; x_wconf 75' lang='grc' dir='ltr'><strong>ι</strong></span> <span class='ocrx_word' id='word_1_326' title='bbox 3221 632 3693 703; x_wconf 78' lang='grc' dir='ltr'>’Λποπερανοῦμεν</span> <span class='ocrx_word' id='word_1_327' title='bbox 3738 636 3786 689; x_wconf 72' lang='grc' dir='ltr'>δὲ</span> 
     </span>
    </p>
   </div>
   <div class='ocr_carea' id='block_1_50' title="bbox 2233 723 3785 793">
    <p class='ocr_par' dir='ltr' id='par_1_50' title="bbox 2233 723 3785 793">
     <span class='ocr_line' id='line_1_50' title="bbox 2233 723 3785 793; baseline -0.005 -10"><span class='ocrx_word' id='word_1_328' title='bbox 2233 728 2392 783; x_wconf 79' lang='grc' dir='ltr'>τοῦτο</span> <span class='ocrx_word' id='word_1_329' title='bbox 2441 728 2536 781; x_wconf 77' lang='grc' dir='ltr'><strong>καὶ</strong></span> <span class='ocrx_word' id='word_1_330' title='bbox 2571 727 2690 780; x_wconf 83' lang='grc' dir='ltr'>λίαν</span> <span class='ocrx_word' id='word_1_331' title='bbox 2731 725 3012 789; x_wconf 81' lang='grc' dir='ltr'>ἐπιεικῶς,</span> <span class='ocrx_word' id='word_1_332' title='bbox 3048 727 3096 778; x_wconf 77' lang='grc' dir='ltr'>εἰ</span> <span class='ocrx_word' id='word_1_333' title='bbox 3132 725 3302 793; x_wconf 80' lang='grc' dir='ltr'>ἁγίων</span> <span class='ocrx_word' id='word_1_334' title='bbox 3338 724 3514 793; x_wconf 75' lang='grc' dir='ltr'>ἔργων</span> <span class='ocrx_word' id='word_1_335' title='bbox 3552 723 3785 793; x_wconf 70' lang='grc' dir='ltr'>ἐπιμεληο</span> 
     </span>
    </p>
   </div>
   <div class='ocr_carea' id='block_1_51' title="bbox 2232 814 3785 889">
    <p class='ocr_par' dir='ltr' id='par_1_51' title="bbox 2232 814 3785 889">
     <span class='ocr_line' id='line_1_51' title="bbox 2232 814 3785 889; baseline -0.002 -16"><span class='ocrx_word' id='word_1_336' title='bbox 2232 821 2323 875; x_wconf 62' lang='grc' dir='ltr'><strong>τα)⁵</strong></span> <span class='ocrx_word' id='word_1_337' title='bbox 2353 816 2675 889; x_wconf 68' lang='grc' dir='ltr'>φαινόμεθα,</span> <span class='ocrx_word' id='word_1_338' title='bbox 2709 817 3129 880; x_wconf 76' lang='grc' dir='ltr'>σαϐϐατίζοντες</span> <span class='ocrx_word' id='word_1_339' title='bbox 3167 816 3403 886; x_wconf 85' lang='grc' dir='ltr'>νοητῶς·</span> <span class='ocrx_word' id='word_1_340' title='bbox 3433 816 3520 884; x_wconf 82' lang='grc' dir='ltr'><strong>εἴη</strong></span> <span class='ocrx_word' id='word_1_341' title='bbox 3546 814 3588 867; x_wconf 75' lang='grc' dir='ltr'>δ’</span> <span class='ocrx_word' id='word_1_342' title='bbox 3624 816 3683 868; x_wconf 80' lang='grc' dir='ltr'>ἂν</span> <span class='ocrx_word' id='word_1_343' title='bbox 3705 816 3785 869; x_wconf 77' lang='grc' dir='ltr'>τοῦ</span> 
     </span>
    </p>
   </div>
   <div class='ocr_carea' id='block_1_52' title="bbox 2234 905 3784 983">
    <p class='ocr_par' dir='ltr' id='par_1_52' title="bbox 2234 905 3784 983">
     <span class='ocr_line' id='line_1_52' title="bbox 2234 905 3784 983; baseline -0.004 -18"><span class='ocrx_word' id='word_1_344' title='bbox 2234 911 2561 983; x_wconf 85' lang='grc' dir='ltr'>πράγματος</span> <span class='ocrx_word' id='word_1_345' title='bbox 2613 909 2962 971; x_wconf 65' lang='grc' dir='ltr'>ὑποτύπωτις</span> <span class='ocrx_word' id='word_1_346' title='bbox 3013 906 3271 978; x_wconf 75' lang='grc' dir='ltr'>ἐναργὴς,</span> <span class='ocrx_word' id='word_1_347' title='bbox 3329 907 3389 959; x_wconf 85' lang='grc' dir='ltr'><strong>τὸ</strong></span> <span class='ocrx_word' id='word_1_348' title='bbox 3440 907 3497 957; x_wconf 78' lang='grc' dir='ltr'>ἐν</span> <span class='ocrx_word' id='word_1_349' title='bbox 3552 905 3784 975; x_wconf 75' lang='grc' dir='ltr'>Σαϐϐάτῳ</span> 
     </span>
    </p>
   </div>
   <div class='ocr_carea' id='block_1_53' title="bbox 2231 994 3785 1072">
    <p class='ocr_par' dir='ltr' id='par_1_53' title="bbox 2231 994 3785 1072">
     <span class='ocr_line' id='line_1_53' title="bbox 2231 994 3785 1072; baseline -0.003 -18"><span class='ocrx_word' id='word_1_350' title='bbox 2231 1002 2357 1064; x_wconf 79' lang='grc' dir='ltr'>τοὺς</span> <span class='ocrx_word' id='word_1_351' title='bbox 2397 1000 2581 1072; x_wconf 79' lang='grc' dir='ltr'><strong>ἱερέας</strong></span> <span class='ocrx_word' id='word_1_352' title='bbox 2624 1000 2682 1051; x_wconf 86' lang='grc' dir='ltr'>ὲν</span> <span class='ocrx_word' id='word_1_353' title='bbox 2720 998 2797 1067; x_wconf 82' lang='grc' dir='ltr'>τῷ</span> <span class='ocrx_word' id='word_1_354' title='bbox 2839 998 2967 1069; x_wconf 85' lang='grc' dir='ltr'>ίερῴ</span> <span class='ocrx_word' id='word_1_355' title='bbox 2998 998 3059 1049; x_wconf 83' lang='grc' dir='ltr'><strong>τὸ</strong></span> <span class='ocrx_word' id='word_1_356' title='bbox 3098 997 3372 1050; x_wconf 73' lang='grc' dir='ltr'>Σάϐϐατον</span> <span class='ocrx_word' id='word_1_357' title='bbox 3404 994 3679 1065; x_wconf 74' lang='grc' dir='ltr'>βεδηλοῦν,</span> <span class='ocrx_word' id='word_1_358' title='bbox 3706 998 3785 1049; x_wconf 70' lang='grc' dir='ltr'>καὶ</span> 
     </span>
    </p>
   </div>
   <div class='ocr_carea' id='block_1_54' title="bbox 2230 1087 3783 1162">
    <p class='ocr_par' dir='ltr' id='par_1_54' title="bbox 2230 1087 3783 1162">
     <span class='ocr_line' id='line_1_54' title="bbox 2230 1087 3783 1162; baseline -0.005 -17"><span class='ocrx_word' id='word_1_359' title='bbox 2230 1093 2546 1162; x_wconf 83' lang='grc' dir='ltr'><strong>ἀμωμήτως</strong></span> <span class='ocrx_word' id='word_1_360' title='bbox 2598 1088 2924 1161; x_wconf 72' lang='grc' dir='ltr'>ἐργάζεσθαι</span> <span class='ocrx_word' id='word_1_361' title='bbox 2968 1090 3038 1141; x_wconf 81' lang='grc' dir='ltr'><strong>τά</strong></span> <span class='ocrx_word' id='word_1_362' title='bbox 3092 1088 3246 1159; x_wconf 76' lang='grc' dir='ltr'>ἱερὰ,</span> <span class='ocrx_word' id='word_1_363' title='bbox 3298 1088 3394 1141; x_wconf 71' lang='grc' dir='ltr'><strong>καὶ</strong></span> <span class='ocrx_word' id='word_1_364' title='bbox 3432 1087 3664 1157; x_wconf 71' lang='grc' dir='ltr'>πληροῦν</span> <span class='ocrx_word' id='word_1_365' title='bbox 3703 1092 3783 1143; x_wconf 85' lang='grc' dir='ltr'><strong>θν-</strong></span> 
     </span>
    </p>
   </div>
   <div class='ocr_carea' id='block_1_55' title="bbox 2234 1177 3783 1253">
    <p class='ocr_par' dir='ltr' id='par_1_55' title="bbox 2234 1177 3783 1253">
     <span class='ocr_line' id='line_1_55' title="bbox 2234 1177 3783 1253; baseline -0.005 -17"><span class='ocrx_word' id='word_1_366' title='bbox 2234 1183 2372 1247; x_wconf 84' lang='grc' dir='ltr'>σίας,</span> <span class='ocrx_word' id='word_1_367' title='bbox 2398 1183 2491 1236; x_wconf 73' lang='grc' dir='ltr'>καὶ</span> <span class='ocrx_word' id='word_1_368' title='bbox 2528 1181 2920 1253; x_wconf 79' lang='grc' dir='ltr'><strong>μηλοσφαγεῖν,</strong></span> <span class='ocrx_word' id='word_1_369' title='bbox 2962 1180 3141 1233; x_wconf 85' lang='grc' dir='ltr'>πάντα</span> <span class='ocrx_word' id='word_1_370' title='bbox 3175 1196 3235 1232; x_wconf 87' lang='grc' dir='ltr'><strong>τε</strong></span> <span class='ocrx_word' id='word_1_371' title='bbox 3280 1179 3409 1248; x_wconf 75' lang='grc' dir='ltr'>δρᾷν</span> <span class='ocrx_word' id='word_1_372' title='bbox 3441 1178 3509 1229; x_wconf 73' lang='grc' dir='ltr'><strong>τὰ</strong></span> <span class='ocrx_word' id='word_1_373' title='bbox 3542 1179 3619 1239; x_wconf 72' lang='grc' dir='ltr'>εἰς</span> <span class='ocrx_word' id='word_1_374' title='bbox 3648 1177 3783 1240; x_wconf 66' lang='grc' dir='ltr'>δόξαν</span> 
     </span>
    </p>
   </div>
   <div class='ocr_carea' id='block_1_56' title="bbox 2231 1269 3783 1343">
    <p class='ocr_par' dir='ltr' id='par_1_56' title="bbox 2231 1269 3783 1343">
     <span class='ocr_line' id='line_1_56' title="bbox 2231 1269 3783 1343; baseline -0.006 -15"><span class='ocrx_word' id='word_1_375' title='bbox 2231 1275 2365 1328; x_wconf 79' lang='grc' dir='ltr'>Θεοῦ</span> <span class='ocrx_word' id='word_1_376' title='bbox 2405 1273 2807 1337; x_wconf 80' lang='grc' dir='ltr'>ἀδιακωλύτως.</span> <span class='ocrx_word' id='word_1_377' title='bbox 2859 1274 2929 1326; x_wconf 90' lang='grc' dir='ltr'><em>Ἢ</em></span> <span class='ocrx_word' id='word_1_378' title='bbox 2965 1273 3075 1343; x_wconf 79' lang='grc' dir='ltr'>γὰρ</span> <span class='ocrx_word' id='word_1_379' title='bbox 3102 1272 3226 1342; x_wconf 73' lang='grc' dir='ltr'>οὐχὶ</span> <span class='ocrx_word' id='word_1_380' title='bbox 3257 1274 3377 1333; x_wconf 78' lang='grc' dir='ltr'>ταῖς</span> <span class='ocrx_word' id='word_1_381' title='bbox 3399 1269 3509 1322; x_wconf 82' lang='grc' dir='ltr'><strong>τῶν</strong></span> <span class='ocrx_word' id='word_1_382' title='bbox 3545 1269 3783 1321; x_wconf 73' lang='grc' dir='ltr'>Ἰουδαίων</span> 
     </span>
    </p>
   </div>
   <div class='ocr_carea' id='block_1_57' title="bbox 2234 1360 3782 1438">
    <p class='ocr_par' dir='ltr' id='par_1_57' title="bbox 2234 1360 3782 1438">
     <span class='ocr_line' id='line_1_57' title="bbox 2234 1360 3782 1438; baseline -0.005 -18"><span class='ocrx_word' id='word_1_383' title='bbox 2234 1369 2477 1438; x_wconf 86' lang='grc' dir='ltr'>μομφαῖς</span> <span class='ocrx_word' id='word_1_384' title='bbox 2509 1366 2641 1419; x_wconf 76' lang='grc' dir='ltr'>αὐτὸ</span> <span class='ocrx_word' id='word_1_385' title='bbox 2676 1365 2738 1435; x_wconf 78' lang='grc' dir='ltr'>δὴ</span> <span class='ocrx_word' id='word_1_386' title='bbox 2777 1363 2937 1417; x_wconf 81' lang='grc' dir='ltr'>τοῦτο</span> <span class='ocrx_word' id='word_1_387' title='bbox 2967 1363 3339 1433; x_wconf 80' lang='grc' dir='ltr'>παρεκόμισεν</span> <span class='ocrx_word' id='word_1_388' title='bbox 3364 1362 3392 1413; x_wconf 93' lang='lat'><strong>6</strong></span> <span class='ocrx_word' id='word_1_389' title='bbox 3430 1362 3516 1429; x_wconf 88' lang='grc' dir='ltr'><strong>Χρ</strong></span> <span class='ocrx_word' id='word_1_390' title='bbox 3539 1360 3678 1423; x_wconf 74' lang='grc' dir='ltr'>ττδς,</span> <span class='ocrx_word' id='word_1_391' title='bbox 3708 1360 3782 1413; x_wconf 81' lang='grc' dir='ltr'>ὅτε</span> 
     </span>
    </p>
   </div>
   <div class='ocr_carea' id='block_1_58' title="bbox 2230 1456 3781 1533">
    <p class='ocr_par' dir='ltr' id='par_1_58' title="bbox 2230 1456 3781 1533">
     <span class='ocr_line' id='line_1_58' title="bbox 2230 1456 3781 1533; baseline -0.005 -17"><span class='ocrx_word' id='word_1_392' title='bbox 2230 1464 2293 1533; x_wconf 83' lang='grc' dir='ltr'>δὴ</span> <span class='ocrx_word' id='word_1_393' title='bbox 2319 1461 2477 1515; x_wconf 80' lang='grc' dir='ltr'>λύσιν</span> <span class='ocrx_word' id='word_1_394' title='bbox 2495 1461 2834 1532; x_wconf 70' lang='grc' dir='ltr'>ἐπεφήμιζον</span> <span class='ocrx_word' id='word_1_395' title='bbox 2870 1457 3020 1529; x_wconf 84' lang='grc' dir='ltr'>αύτῷ</span> <span class='ocrx_word' id='word_1_396' title='bbox 3047 1457 3142 1511; x_wconf 76' lang='grc' dir='ltr'><strong>τοῦ</strong></span> <span class='ocrx_word' id='word_1_397' title='bbox 3174 1457 3340 1528; x_wconf 84' lang='grc' dir='ltr'>νόμου</span> <span class='ocrx_word' id='word_1_398' title='bbox 3384 1456 3781 1526; x_wconf 69' lang='grc' dir='ltr'>τεθεραπευκότι</span> 
     </span>
    </p>
   </div>
   <div class='ocr_carea' id='block_1_59' title="bbox 2224 1550 3056 1624">
    <p class='ocr_par' dir='ltr' id='par_1_59' title="bbox 2224 1550 3056 1624">
     <span class='ocr_line' id='line_1_59' title="bbox 2224 1550 3056 1624; baseline -0.004 -17"><span class='ocrx_word' id='word_1_399' title='bbox 2224 1555 2314 1607; x_wconf 85' lang='grc' dir='ltr'><strong>τὸν</strong></span> <span class='ocrx_word' id='word_1_400' title='bbox 2352 1551 2664 1624; x_wconf 82' lang='grc' dir='ltr'>παράλυτον</span> <span class='ocrx_word' id='word_1_401' title='bbox 2688 1554 2744 1605; x_wconf 83' lang='grc' dir='ltr'>ὲν</span> <span class='ocrx_word' id='word_1_402' title='bbox 2767 1550 3056 1621; x_wconf 76' lang='grc' dir='ltr'><strong>Σαϐϐάτῳ;</strong></span> 
     </span>
    </p>
   </div>
   <div class='ocr_carea' id='block_1_60' title="bbox 2297 1642 2933 1712">
    <p class='ocr_par' dir='ltr' id='par_1_60' title="bbox 2297 1642 2933 1712">
     <span class='ocr_line' id='line_1_60' title="bbox 2297 1642 2933 1712; baseline -0.005 -15"><span class='ocrx_word' id='word_1_403' title='bbox 2297 1644 2505 1699; x_wconf 83' lang='grc' dir='ltr'><strong>ΠΑΛΛ.</strong></span> <span class='ocrx_word' id='word_1_404' title='bbox 2539 1642 2933 1712; x_wconf 84' lang='grc' dir='ltr'>Μεμνήσομαι.</span> 
     </span>
    </p>
   </div>
   <div class='ocr_carea' id='block_1_61' title="bbox 2295 1728 3779 1803">
    <p class='ocr_par' dir='ltr' id='par_1_61' title="bbox 2295 1728 3779 1803">
     <span class='ocr_line' id='line_1_61' title="bbox 2295 1728 3779 1803; baseline -0.004 -16"><span class='ocrx_word' id='word_1_405' title='bbox 2295 1734 2461 1787; x_wconf 86' lang='grc' dir='ltr'>ΚΥΡ.</span> <span class='ocrx_word' id='word_1_406' title='bbox 2495 1733 2890 1803; x_wconf 87' lang='grc' dir='ltr'>Περιτέμνεται</span> <span class='ocrx_word' id='word_1_407' title='bbox 2918 1732 2973 1785; x_wconf 80' lang='grc' dir='ltr'>δὲ</span> <span class='ocrx_word' id='word_1_408' title='bbox 2999 1730 3094 1784; x_wconf 70' lang='grc' dir='ltr'>καὶ</span> <span class='ocrx_word' id='word_1_409' title='bbox 3117 1729 3409 1800; x_wconf 82' lang='grc' dir='ltr'>ἄνθρωπος</span> <span class='ocrx_word' id='word_1_410' title='bbox 3439 1732 3498 1782; x_wconf 79' lang='grc' dir='ltr'>ἐν</span> <span class='ocrx_word' id='word_1_411' title='bbox 3523 1728 3779 1799; x_wconf 71' lang='grc' dir='ltr'>Σαεϐἀτῳ,</span> 
     </span>
    </p>
   </div>
   <div class='ocr_carea' id='block_1_62' title="bbox 2226 1818 3781 1895">
    <p class='ocr_par' dir='ltr' id='par_1_62' title="bbox 2226 1818 3781 1895">
     <span class='ocr_line' id='line_1_62' title="bbox 2226 1818 3781 1895; baseline -0.003 -19"><span class='ocrx_word' id='word_1_412' title='bbox 2226 1823 2369 1876; x_wconf 87' lang='grc' dir='ltr'>κατὰ</span> <span class='ocrx_word' id='word_1_413' title='bbox 2406 1824 2504 1894; x_wconf 79' lang='grc' dir='ltr'>τὴν</span> <span class='ocrx_word' id='word_1_414' title='bbox 2543 1823 2636 1877; x_wconf 81' lang='grc' dir='ltr'>τοῦ</span> <span class='ocrx_word' id='word_1_415' title='bbox 2669 1822 2923 1895; x_wconf 77' lang='grc' dir='ltr'><strong>Σωτῆρος</strong></span> <span class='ocrx_word' id='word_1_416' title='bbox 2946 1822 3149 1893; x_wconf 84' lang='grc' dir='ltr'>φωνὴν,</span> <span class='ocrx_word' id='word_1_417' title='bbox 3184 1822 3283 1873; x_wconf 81' lang='grc' dir='ltr'>οὐκ</span> <span class='ocrx_word' id='word_1_418' title='bbox 3314 1818 3672 1889; x_wconf 78' lang='grc' dir='ltr'>ἐπιτιμῶντος</span> <span class='ocrx_word' id='word_1_419' title='bbox 3703 1819 3781 1872; x_wconf 77' lang='grc' dir='ltr'>τοῦ</span> 
     </span>
    </p>
   </div>
   <div class='ocr_carea' id='block_1_63' title="bbox 2225 1911 3781 1985">
    <p class='ocr_par' dir='ltr' id='par_1_63' title="bbox 2225 1911 3781 1985">
     <span class='ocr_line' id='line_1_63' title="bbox 2225 1911 3781 1985; baseline -0.003 -20"><span class='ocrx_word' id='word_1_420' title='bbox 2225 1914 2390 1984; x_wconf 82' lang='grc' dir='ltr'>νόμου</span> <span class='ocrx_word' id='word_1_421' title='bbox 2410 1930 2423 1943; x_wconf 86' lang='grc'><strong>·</strong></span> <span class='ocrx_word' id='word_1_422' title='bbox 2461 1915 2753 1985; x_wconf 78' lang='grc' dir='ltr'>παρεγγυᾷ</span> <span class='ocrx_word' id='word_1_423' title='bbox 2774 1913 2882 1984; x_wconf 79' lang='grc' dir='ltr'><strong>γὰρ</strong></span> <span class='ocrx_word' id='word_1_424' title='bbox 2908 1915 2935 1967; x_wconf 90' lang='lat'><strong>6</strong></span> <span class='ocrx_word' id='word_1_425' title='bbox 2955 1912 3125 1975; x_wconf 85' lang='grc' dir='ltr'>τύπος</span> <span class='ocrx_word' id='word_1_426' title='bbox 3150 1912 3242 1965; x_wconf 77' lang='grc' dir='ltr'><strong>καὶ</strong></span> <span class='ocrx_word' id='word_1_427' title='bbox 3270 1911 3556 1981; x_wconf 73' lang='grc' dir='ltr'>μονονουχὶ</span> <span class='ocrx_word' id='word_1_428' title='bbox 3579 1911 3781 1981; x_wconf 80' lang='grc' dir='ltr'>διαμαρ-</span> 
     </span>
    </p>
   </div>
   <div class='ocr_carea' id='block_1_64' title="bbox 2222 2002 3784 2076">
    <p class='ocr_par' dir='ltr' id='par_1_64' title="bbox 2222 2002 3784 2076">
     <span class='ocr_line' id='line_1_64' title="bbox 2222 2002 3784 2076; baseline -0.003 -19"><span class='ocrx_word' id='word_1_429' title='bbox 2222 2004 2449 2075; x_wconf 89' lang='grc' dir='ltr'>τύρεται</span> <span class='ocrx_word' id='word_1_430' title='bbox 2477 2005 2687 2075; x_wconf 79' lang='grc' dir='ltr'>σαφῶς,</span> <span class='ocrx_word' id='word_1_431' title='bbox 2716 2006 2797 2058; x_wconf 82' lang='grc' dir='ltr'><strong>ὅτι</strong></span> <span class='ocrx_word' id='word_1_432' title='bbox 2838 2004 3039 2076; x_wconf 82' lang='grc' dir='ltr'>πρέποι</span> <span class='ocrx_word' id='word_1_433' title='bbox 3067 2003 3131 2057; x_wconf 85' lang='grc' dir='ltr'>ἂν</span> <span class='ocrx_word' id='word_1_434' title='bbox 3156 2004 3249 2057; x_wconf 75' lang='grc' dir='ltr'><strong>καὶ</strong></span> <span class='ocrx_word' id='word_1_435' title='bbox 3278 2003 3424 2073; x_wconf 80' lang='grc' dir='ltr'>μάλα</span> <span class='ocrx_word' id='word_1_436' title='bbox 3447 2002 3670 2065; x_wconf 73' lang='grc' dir='ltr'>εἰκότως</span> <span class='ocrx_word' id='word_1_437' title='bbox 3689 2005 3784 2065; x_wconf 81' lang='grc' dir='ltr'>τοῖς</span> 
     </span>
    </p>
   </div>
   <div class='ocr_carea' id='block_1_65' title="bbox 2222 2092 3783 2167">
    <p class='ocr_par' dir='ltr' id='par_1_65' title="bbox 2222 2092 3783 2167">
     <span class='ocr_line' id='line_1_65' title="bbox 2222 2092 3783 2167; baseline -0.004 -19"><span class='ocrx_word' id='word_1_438' title='bbox 2222 2096 2279 2149; x_wconf 85' lang='grc' dir='ltr'>ὲν</span> <span class='ocrx_word' id='word_1_439' title='bbox 2300 2095 2520 2167; x_wconf 79' lang='grc' dir='ltr'>Χριστῷ</span> <span class='ocrx_word' id='word_1_440' title='bbox 2540 2095 2946 2159; x_wconf 76' lang='grc' dir='ltr'>σαϐϐατίζουσι,</span> <span class='ocrx_word' id='word_1_441' title='bbox 2969 2094 3238 2156; x_wconf 76' lang='grc' dir='ltr'>τουτέστι,</span> <span class='ocrx_word' id='word_1_442' title='bbox 3258 2096 3371 2156; x_wconf 78' lang='grc' dir='ltr'>τοῖς</span> <span class='ocrx_word' id='word_1_443' title='bbox 3398 2092 3783 2162; x_wconf 69' lang='grc' dir='ltr'>καταλήγουσιν</span> 
     </span>
    </p>
   </div>
   <div class='ocr_carea' id='block_1_66' title="bbox 2223 2185 3783 2259">
    <p class='ocr_par' dir='ltr' id='par_1_66' title="bbox 2223 2185 3783 2259">
     <span class='ocr_line' id='line_1_66' title="bbox 2223 2185 3783 2259; baseline -0.003 -19"><span class='ocrx_word' id='word_1_444' title='bbox 2223 2188 2517 2259; x_wconf 87' lang='grc' dir='ltr'>ἁμαρτίας,</span> <span class='ocrx_word' id='word_1_445' title='bbox 2555 2188 2649 2241; x_wconf 79' lang='grc' dir='ltr'><strong>καὶ</strong></span> <span class='ocrx_word' id='word_1_446' title='bbox 2679 2186 3061 2258; x_wconf 78' lang='grc' dir='ltr'>ἀγιαζομένοις</span> <span class='ocrx_word' id='word_1_447' title='bbox 3092 2186 3181 2240; x_wconf 83' lang='grc' dir='ltr'>διὰ</span> <span class='ocrx_word' id='word_1_448' title='bbox 3208 2188 3461 2249; x_wconf 88' lang='grc' dir='ltr'>πίστεως,</span> <span class='ocrx_word' id='word_1_449' title='bbox 3504 2186 3537 2254; x_wconf 77' lang='grc' dir='ltr'><strong>ἡ</strong></span> <span class='ocrx_word' id='word_1_450' title='bbox 3562 2186 3618 2236; x_wconf 81' lang='grc' dir='ltr'>ὲν</span> <span class='ocrx_word' id='word_1_451' title='bbox 3644 2185 3783 2237; x_wconf 61' lang='grc' dir='ltr'>τελεύ-</span> 
     </span>
    </p>
   </div>
   <div class='ocr_carea' id='block_1_67' title="bbox 2223 2277 3783 2351">
    <p class='ocr_par' dir='ltr' id='par_1_67' title="bbox 2223 2277 3783 2351">
     <span class='ocr_line' id='line_1_67' title="bbox 2223 2277 3783 2351; baseline -0.003 -19"><span class='ocrx_word' id='word_1_452' title='bbox 2223 2296 2357 2349; x_wconf 84' lang='grc' dir='ltr'>ματι</span> <span class='ocrx_word' id='word_1_453' title='bbox 2388 2278 2660 2351; x_wconf 80' lang='grc' dir='ltr'>περιτομὴ</span> <span class='ocrx_word' id='word_1_454' title='bbox 2701 2279 3049 2350; x_wconf 83' lang='grc' dir='ltr'>πραττομένη</span> <span class='ocrx_word' id='word_1_455' title='bbox 3101 2279 3242 2331; x_wconf 77' lang='grc' dir='ltr'>κατὰ</span> <span class='ocrx_word' id='word_1_456' title='bbox 3266 2279 3362 2348; x_wconf 71' lang='grc' dir='ltr'>τὴν</span> <span class='ocrx_word' id='word_1_457' title='bbox 3401 2277 3621 2345; x_wconf 74' lang='grc' dir='ltr'>ὀγδόην,</span> <span class='ocrx_word' id='word_1_458' title='bbox 3650 2293 3783 2328; x_wconf 78' lang='grc' dir='ltr'>τουτο</span> 
     </span>
    </p>
   </div>
   <div class='ocr_carea' id='block_1_68' title="bbox 2220 2365 3783 2440">
    <p class='ocr_par' dir='ltr' id='par_1_68' title="bbox 2220 2365 3783 2440">
     <span class='ocr_line' id='line_1_68' title="bbox 2220 2365 3783 2440; baseline 0 -21"><span class='ocrx_word' id='word_1_459' title='bbox 2220 2368 2336 2420; x_wconf 87' lang='grc' dir='ltr'>έστι</span> <span class='ocrx_word' id='word_1_460' title='bbox 2367 2368 2467 2439; x_wconf 84' lang='grc' dir='ltr'>τὴν</span> <span class='ocrx_word' id='word_1_461' title='bbox 2500 2370 2871 2439; x_wconf 85' lang='grc' dir='ltr'>ἀναστάσιμον</span> <span class='ocrx_word' id='word_1_462' title='bbox 2901 2369 3114 2440; x_wconf 75' lang='grc' dir='ltr'>ἡμέραν</span> <span class='ocrx_word' id='word_1_463' title='bbox 3142 2386 3154 2402; x_wconf 88' lang='grc'><strong>·</strong></span> <span class='ocrx_word' id='word_1_464' title='bbox 3203 2370 3504 2438; x_wconf 75' lang='grc' dir='ltr'>ἐγήγερται</span> <span class='ocrx_word' id='word_1_465' title='bbox 3532 2368 3637 2438; x_wconf 80' lang='grc' dir='ltr'><strong>γὰρ</strong></span> <span class='ocrx_word' id='word_1_466' title='bbox 3661 2365 3783 2419; x_wconf 72' lang='grc' dir='ltr'>οὕτω</span> 
     </span>
    </p>
   </div>
   <div class='ocr_carea' id='block_1_69' title="bbox 2217 2456 3780 2530">
    <p class='ocr_par' dir='ltr' id='par_1_69' title="bbox 2217 2456 3780 2530">
     <span class='ocr_line' id='line_1_69' title="bbox 2217 2456 3780 2530; baseline -0.002 -18"><span class='ocrx_word' id='word_1_467' title='bbox 2217 2459 2472 2530; x_wconf 86' lang='grc' dir='ltr'>Χριστός.</span> <span class='ocrx_word' id='word_1_468' title='bbox 2515 2459 2731 2530; x_wconf 80' lang='grc' dir='ltr'>Ἐπειδὴ</span> <span class='ocrx_word' id='word_1_469' title='bbox 2761 2460 2815 2511; x_wconf 81' lang='grc' dir='ltr'><strong>δὲ</strong></span> <span class='ocrx_word' id='word_1_470' title='bbox 2847 2459 3065 2525; x_wconf 78' lang='grc' dir='ltr'>ἀνεϐίω,</span> <span class='ocrx_word' id='word_1_471' title='bbox 3088 2459 3149 2512; x_wconf 82' lang='grc' dir='ltr'>τὸ</span> <span class='ocrx_word' id='word_1_472' title='bbox 3178 2459 3271 2513; x_wconf 82' lang='grc' dir='ltr'>τοῦ</span> <span class='ocrx_word' id='word_1_473' title='bbox 3300 2459 3538 2513; x_wconf 81' lang='grc' dir='ltr'>Θανάτου</span> <span class='ocrx_word' id='word_1_474' title='bbox 3567 2456 3780 2510; x_wconf 80' lang='grc' dir='ltr'>καταλύ-</span> 
     </span>
    </p>
   </div>
   <div class='ocr_carea' id='block_1_70' title="bbox 2219 2549 3782 2623">
    <p class='ocr_par' dir='ltr' id='par_1_70' title="bbox 2219 2549 3782 2623">
     <span class='ocr_line' id='line_1_70' title="bbox 2219 2549 3782 2623; baseline -0.002 -18"><span class='ocrx_word' id='word_1_475' title='bbox 2219 2569 2316 2614; x_wconf 93' lang='grc' dir='ltr'><strong>σας</strong></span> <span class='ocrx_word' id='word_1_476' title='bbox 2358 2552 2578 2623; x_wconf 85' lang='grc' dir='ltr'>κράτος,</span> <span class='ocrx_word' id='word_1_477' title='bbox 2624 2552 3061 2623; x_wconf 80' lang='grc' dir='ltr'>κατεσφράγισεν</span> <span class='ocrx_word' id='word_1_478' title='bbox 3101 2552 3263 2617; x_wconf 75' lang='grc' dir='ltr'>εὐθὺς</span> <span class='ocrx_word' id='word_1_479' title='bbox 3319 2552 3398 2623; x_wconf 81' lang='grc' dir='ltr'><strong>τῷ</strong></span> <span class='ocrx_word' id='word_1_480' title='bbox 3443 2551 3588 2622; x_wconf 82' lang='grc' dir='ltr'>ἁγίῳ</span> <span class='ocrx_word' id='word_1_481' title='bbox 3629 2549 3782 2603; x_wconf 82' lang='grc' dir='ltr'>Πνεύ·</span> 
     </span>
    </p>
   </div>
   <div class='ocr_carea' id='block_1_71' title="bbox 2218 2643 3781 2716">
    <p class='ocr_par' dir='ltr' id='par_1_71' title="bbox 2218 2643 3781 2716">
     <span class='ocr_line' id='line_1_71' title="bbox 2218 2643 3781 2716; baseline -0.003 -19"><span class='ocrx_word' id='word_1_482' title='bbox 2218 2661 2347 2716; x_wconf 89' lang='grc' dir='ltr'>ματι</span> <span class='ocrx_word' id='word_1_483' title='bbox 2378 2644 2506 2708; x_wconf 81' lang='grc' dir='ltr'>τοὺς</span> <span class='ocrx_word' id='word_1_484' title='bbox 2543 2644 2736 2697; x_wconf 78' lang='grc' dir='ltr'>ἑαυτοῦ</span> <span class='ocrx_word' id='word_1_485' title='bbox 2782 2645 3113 2714; x_wconf 82' lang='grc' dir='ltr'>γνωρίμους,</span> <span class='ocrx_word' id='word_1_486' title='bbox 3152 2646 3247 2698; x_wconf 70' lang='grc' dir='ltr'><strong>καὶ</strong></span> <span class='ocrx_word' id='word_1_487' title='bbox 3290 2645 3449 2698; x_wconf 68' lang='grc' dir='ltr'>τοῦτό</span> <span class='ocrx_word' id='word_1_488' title='bbox 3499 2646 3700 2713; x_wconf 79' lang='grc' dir='ltr'>ἐστινὴ</span> <span class='ocrx_word' id='word_1_489' title='bbox 3732 2643 3781 2694; x_wconf 81' lang='grc' dir='ltr'>ὲν</span> 
     </span>
    </p>
   </div>
   <div class='ocr_carea' id='block_1_72' title="bbox 2213 2735 3780 2809">
    <p class='ocr_par' dir='ltr' id='par_1_72' title="bbox 2213 2735 3780 2809">
     <span class='ocr_line' id='line_1_72' title="bbox 2213 2735 3780 2809; baseline 0.001 -20"><span class='ocrx_word' id='word_1_490' title='bbox 2213 2735 2485 2807; x_wconf 85' lang='grc' dir='ltr'>πνεύματι</span> <span class='ocrx_word' id='word_1_491' title='bbox 2531 2738 2821 2807; x_wconf 85' lang='grc' dir='ltr'>περιτομή.</span> <span class='ocrx_word' id='word_1_492' title='bbox 2868 2737 3199 2809; x_wconf 79' lang='grc' dir='ltr'>Ἐνεφύσησε</span> <span class='ocrx_word' id='word_1_493' title='bbox 3228 2736 3339 2807; x_wconf 79' lang='grc' dir='ltr'>γὰρ</span> <span class='ocrx_word' id='word_1_494' title='bbox 3374 2736 3557 2805; x_wconf 80' lang='grc' dir='ltr'>λέγων</span> <span class='ocrx_word' id='word_1_495' title='bbox 3581 2752 3595 2766; x_wconf 77' lang='grc'><strong><em>⁸</em></strong></span> <span class='ocrx_word' id='word_1_496' title='bbox 3635 2756 3651 2787; x_wconf 77' lang='grc' dir='ltr'><strong>ι</strong></span> <span class='ocrx_word' id='word_1_497' title='bbox 3683 2736 3780 2790; x_wconf 77' lang='grc' dir='ltr'><strong>Λά-</strong></span> 
     </span>
    </p>
   </div>
   <div class='ocr_carea' id='block_1_73' title="bbox 2213 2826 3779 2902">
    <p class='ocr_par' dir='ltr' id='par_1_73' title="bbox 2213 2826 3779 2902">
     <span class='ocr_line' id='line_1_73' title="bbox 2213 2826 3779 2902; baseline -0.001 -22"><span class='ocrx_word' id='word_1_498' title='bbox 2213 2826 2339 2881; x_wconf 79' lang='grc' dir='ltr'>ϐετε</span> <span class='ocrx_word' id='word_1_499' title='bbox 2375 2826 2601 2898; x_wconf 82' lang='grc' dir='ltr'>Πνεῦμα</span> <span class='ocrx_word' id='word_1_500' title='bbox 2637 2828 2812 2896; x_wconf 72' lang='grc' dir='ltr'>ἅγιον.</span> <span class='ocrx_word' id='word_1_501' title='bbox 2855 2847 2874 2881; x_wconf 74' lang='grc' dir='ltr'><strong>ι</strong></span> <span class='ocrx_word' id='word_1_502' title='bbox 2914 2831 2985 2883; x_wconf 85' lang='grc' dir='ltr'><em>Ἢ</em></span> <span class='ocrx_word' id='word_1_503' title='bbox 3026 2831 3123 2900; x_wconf 77' lang='grc' dir='ltr'><strong>οὐχ</strong></span> <span class='ocrx_word' id='word_1_504' title='bbox 3151 2829 3294 2882; x_wconf 75' lang='grc' dir='ltr'>οὕτω</span> <span class='ocrx_word' id='word_1_505' title='bbox 3328 2828 3669 2902; x_wconf 75' lang='grc' dir='ltr'>πράττεσθαι</span> <span class='ocrx_word' id='word_1_506' title='bbox 3693 2828 3779 2899; x_wconf 73' lang='grc' dir='ltr'>τὴν</span> 
     </span>
    </p>
   </div>
   <div class='ocr_carea' id='block_1_74' title="bbox 2210 2916 3781 2992">
    <p class='ocr_par' dir='ltr' id='par_1_74' title="bbox 2210 2916 3781 2992">
     <span class='ocr_line' id='line_1_74' title="bbox 2210 2916 3781 2992; baseline 0.001 -21"><span class='ocrx_word' id='word_1_507' title='bbox 2210 2916 2286 2981; x_wconf 84' lang='grc' dir='ltr'><strong>ὡς</strong></span> <span class='ocrx_word' id='word_1_508' title='bbox 2325 2919 2383 2971; x_wconf 84' lang='grc' dir='ltr'>ὲν</span> <span class='ocrx_word' id='word_1_509' title='bbox 2422 2919 2603 2989; x_wconf 82' lang='grc' dir='ltr'>νοήσει</span> <span class='ocrx_word' id='word_1_510' title='bbox 2647 2921 2949 2992; x_wconf 83' lang='grc' dir='ltr'>περιτομὴν</span> <span class='ocrx_word' id='word_1_511' title='bbox 2981 2921 3076 2974; x_wconf 76' lang='grc' dir='ltr'><strong>καὶ</strong></span> <span class='ocrx_word' id='word_1_512' title='bbox 3110 2923 3138 2975; x_wconf 98' lang='lat'><strong>6</strong></span> <span class='ocrx_word' id='word_1_513' title='bbox 3171 2920 3383 2985; x_wconf 78' lang='grc' dir='ltr'>Παῦλός</span> <span class='ocrx_word' id='word_1_514' title='bbox 3430 2938 3602 2991; x_wconf 65' lang='lat' dir='ltr'><strong>tmen;</strong></span> <span class='ocrx_word' id='word_1_515' title='bbox 3633 2922 3781 2990; x_wconf 78' lang='grc' dir='ltr'>Περι·</span> 
     </span>
    </p>
   </div>
   <div class='ocr_carea' id='block_1_75' title="bbox 2208 3000 3779 3085">
    <p class='ocr_par' dir='ltr' id='par_1_75' title="bbox 2208 3000 3779 3085">
     <span class='ocr_line' id='line_1_75' title="bbox 2208 3000 3779 3085; baseline 0.001 -23"><span class='ocrx_word' id='word_1_516' title='bbox 2208 3000 2509 3081; x_wconf 71' lang='grc' dir='ltr'>τετμῆσθαι</span> <span class='ocrx_word' id='word_1_517' title='bbox 2536 3010 2644 3081; x_wconf 85' lang='grc' dir='ltr'>γὰρ</span> <span class='ocrx_word' id='word_1_518' title='bbox 2658 3011 2768 3064; x_wconf 87' lang='grc' dir='ltr'>δεῖν</span> <span class='ocrx_word' id='word_1_519' title='bbox 2793 3015 3062 3084; x_wconf 83' lang='grc' dir='ltr'>περιτομῇ</span> <span class='ocrx_word' id='word_1_520' title='bbox 3089 3013 3515 3085; x_wconf 84' lang='grc' dir='ltr'>ἀχειροποιήτῳ,</span> <span class='ocrx_word' id='word_1_521' title='bbox 3548 3014 3779 3067; x_wconf 80' lang='grc' dir='ltr'>τουτέστι</span> 
     </span>
    </p>
   </div>
   <div class='ocr_carea' id='block_1_76' title="bbox 2209 3102 3779 3178">
    <p class='ocr_par' dir='ltr' id='par_1_76' title="bbox 2209 3102 3779 3178">
     <span class='ocr_line' id='line_1_76' title="bbox 2209 3102 3779 3178; baseline 0.002 -22"><span class='ocrx_word' id='word_1_522' title='bbox 2209 3102 2499 3173; x_wconf 85' lang='grc' dir='ltr'>πνεύματι,</span> <span class='ocrx_word' id='word_1_523' title='bbox 2533 3103 2902 3175; x_wconf 77' lang='grc' dir='ltr'>διισχυρισατο</span> <span class='ocrx_word' id='word_1_524' title='bbox 2946 3106 3073 3168; x_wconf 80' lang='grc' dir='ltr'>τοὺς</span> <span class='ocrx_word' id='word_1_525' title='bbox 3110 3106 3570 3168; x_wconf 80' lang='grc' dir='ltr'>πεπιστευκότας.</span> <span class='ocrx_word' id='word_1_526' title='bbox 3616 3106 3779 3178; x_wconf 82' lang='grc' dir='ltr'>Προσ-</span> 
     </span>
    </p>
   </div>
   <div class='ocr_carea' id='block_1_77' title="bbox 2206 3192 3777 3270">
    <p class='ocr_par' dir='ltr' id='par_1_77' title="bbox 2206 3192 3777 3270">
     <span class='ocr_line' id='line_1_77' title="bbox 2206 3192 3777 3270; baseline 0.004 -25"><span class='ocrx_word' id='word_1_527' title='bbox 2206 3192 2359 3264; x_wconf 84' lang='grc' dir='ltr'>Θείην</span> <span class='ocrx_word' id='word_1_528' title='bbox 2393 3194 2437 3247; x_wconf 86' lang='grc' dir='ltr'>δ’</span> <span class='ocrx_word' id='word_1_529' title='bbox 2470 3194 2537 3249; x_wconf 80' lang='grc' dir='ltr'>ἂν</span> <span class='ocrx_word' id='word_1_530' title='bbox 2566 3195 2667 3262; x_wconf 85' lang='grc' dir='ltr'>ὅτι,</span> <span class='ocrx_word' id='word_1_531' title='bbox 2705 3195 2815 3249; x_wconf 86' lang='grc' dir='ltr'><strong>τῶν</strong></span> <span class='ocrx_word' id='word_1_532' title='bbox 2855 3198 2936 3261; x_wconf 81' lang='grc' dir='ltr'>εἰς</span> <span class='ocrx_word' id='word_1_533' title='bbox 2968 3197 3219 3269; x_wconf 83' lang='grc' dir='ltr'>ἀνδρείαν</span> <span class='ocrx_word' id='word_1_534' title='bbox 3263 3200 3363 3270; x_wconf 85' lang='grc' dir='ltr'><strong>τὴν</strong></span> <span class='ocrx_word' id='word_1_535' title='bbox 3391 3198 3777 3270; x_wconf 76' lang='grc' dir='ltr'>πνευματικὴν,</span> 
     </span>
    </p>
   </div>
   <div class='ocr_carea' id='block_1_78' title="bbox 2200 3286 3781 3363">
    <p class='ocr_par' dir='ltr' id='par_1_78' title="bbox 2200 3286 3781 3363">
     <span class='ocr_line' id='line_1_78' title="bbox 2200 3286 3781 3363; baseline 0.004 -24"><span class='ocrx_word' id='word_1_536' title='bbox 2200 3286 2295 3339; x_wconf 78' lang='grc' dir='ltr'>καὶ</span> <span class='ocrx_word' id='word_1_537' title='bbox 2338 3286 2432 3339; x_wconf 79' lang='grc' dir='ltr'>τοῦ</span> <span class='ocrx_word' id='word_1_538' title='bbox 2481 3286 2788 3357; x_wconf 79' lang='grc' dir='ltr'>συντρίϐειν</span> <span class='ocrx_word' id='word_1_539' title='bbox 2823 3288 3073 3360; x_wconf 74' lang='grc' dir='ltr'>ἐχθροὺς,</span> <span class='ocrx_word' id='word_1_540' title='bbox 3124 3290 3219 3343; x_wconf 65' lang='grc' dir='ltr'><strong>καὶ⁵</strong></span> <span class='ocrx_word' id='word_1_541' title='bbox 3266 3293 3424 3363; x_wconf 83' lang='grc' dir='ltr'>νικᾷν</span> <span class='ocrx_word' id='word_1_542' title='bbox 3471 3291 3533 3345; x_wconf 80' lang='grc' dir='ltr'>ὲν</span> <span class='ocrx_word' id='word_1_543' title='bbox 3574 3291 3781 3362; x_wconf 80' lang='grc' dir='ltr'>Χριστῷ</span> 
     </span>
    </p>
   </div>
   <div class='ocr_carea' id='block_1_79' title="bbox 2198 3378 3776 3454">
    <p class='ocr_par' dir='ltr' id='par_1_79' title="bbox 2198 3378 3776 3454">
     <span class='ocr_line' id='line_1_79' title="bbox 2198 3378 3776 3454; baseline 0.003 -22"><span class='ocrx_word' id='word_1_544' title='bbox 2198 3379 2324 3439; x_wconf 81' lang='grc' dir='ltr'>τοὺς</span> <span class='ocrx_word' id='word_1_545' title='bbox 2367 3378 2793 3451; x_wconf 83' lang='grc' dir='ltr'>ἀνθεστηκότας,</span> <span class='ocrx_word' id='word_1_546' title='bbox 2830 3381 2931 3435; x_wconf 83' lang='grc' dir='ltr'><strong>οὐκ</strong></span> <span class='ocrx_word' id='word_1_547' title='bbox 2966 3384 3031 3436; x_wconf 86' lang='grc' dir='ltr'><strong>ἂν</strong></span> <span class='ocrx_word' id='word_1_548' title='bbox 3061 3383 3479 3454; x_wconf 79' lang='grc' dir='ltr'>καταλήξαιμεν</span> <span class='ocrx_word' id='word_1_549' title='bbox 3544 3384 3776 3447; x_wconf 72' lang='grc' dir='ltr'>εἰκότως,</span> 
     </span>
    </p>
   </div>
   <div class='ocr_carea' id='block_1_80' title="bbox 2199 3470 3779 3545">
    <p class='ocr_par' dir='ltr' id='par_1_80' title="bbox 2199 3470 3779 3545">
     <span class='ocr_line' id='line_1_80' title="bbox 2199 3470 3779 3545; baseline 0.003 -22"><span class='ocrx_word' id='word_1_550' title='bbox 2199 3470 2403 3541; x_wconf 81' lang='grc' dir='ltr'>νοητῶς</span> <span class='ocrx_word' id='word_1_551' title='bbox 2436 3470 2852 3538; x_wconf 75' lang='grc' dir='ltr'>σαϐϐατίζοντες</span> <span class='ocrx_word' id='word_1_552' title='bbox 2876 3490 2889 3504; x_wconf 90' lang='grc'><strong>·</strong></span> <span class='ocrx_word' id='word_1_553' title='bbox 2924 3476 3109 3530; x_wconf 78' lang='grc' dir='ltr'>εἰκόνα</span> <span class='ocrx_word' id='word_1_554' title='bbox 3146 3475 3204 3528; x_wconf 88' lang='grc' dir='ltr'><strong>δέ</strong></span> <span class='ocrx_word' id='word_1_555' title='bbox 3232 3493 3315 3530; x_wconf 86' lang='grc' dir='ltr'><strong>σοι</strong></span> <span class='ocrx_word' id='word_1_556' title='bbox 3345 3475 3602 3545; x_wconf 87' lang='grc' dir='ltr'>παροίσω</span> <span class='ocrx_word' id='word_1_557' title='bbox 3632 3476 3779 3529; x_wconf 77' lang='grc' dir='ltr'>πάλιν</span> 
     </span>
    </p>
   </div>
   <div class='ocr_carea' id='block_1_81' title="bbox 2197 3565 3777 3639">
    <p class='ocr_par' dir='ltr' id='par_1_81' title="bbox 2197 3565 3777 3639">
     <span class='ocr_line' id='line_1_81' title="bbox 2197 3565 3777 3639; baseline 0.001 -21"><span class='ocrx_word' id='word_1_558' title='bbox 2197 3565 2288 3618; x_wconf 80' lang='grc' dir='ltr'>τὸν</span> <span class='ocrx_word' id='word_1_559' title='bbox 2330 3566 2552 3636; x_wconf 84' lang='grc' dir='ltr'>ἀρχαῖον</span> <span class='ocrx_word' id='word_1_560' title='bbox 2590 3567 2796 3621; x_wconf 74' lang='grc' dir='ltr'>ἐκεῖνον</span> <span class='ocrx_word' id='word_1_561' title='bbox 2848 3566 3076 3637; x_wconf 79' lang='grc' dir='ltr'>Ἰησοῦν,</span> <span class='ocrx_word' id='word_1_562' title='bbox 3125 3568 3262 3636; x_wconf 76' lang='grc' dir='ltr'><strong>ὁμοῦ</strong></span> <span class='ocrx_word' id='word_1_563' title='bbox 3302 3571 3419 3633; x_wconf 82' lang='grc' dir='ltr'>τοῖς</span> <span class='ocrx_word' id='word_1_564' title='bbox 3461 3570 3523 3636; x_wconf 79' lang='grc' dir='ltr'><strong>ἐξ</strong></span> <span class='ocrx_word' id='word_1_565' title='bbox 3574 3568 3777 3639; x_wconf 79' lang='grc' dir='ltr'>Ἰσραὴλ</span> 
     </span>
    </p>
   </div>
   <div class='ocr_carea' id='block_1_82' title="bbox 2198 3656 3774 3732">
    <p class='ocr_par' dir='ltr' id='par_1_82' title="bbox 2198 3656 3774 3732">
     <span class='ocr_line' id='line_1_82' title="bbox 2198 3656 3774 3732; baseline 0.003 -23"><span class='ocrx_word' id='word_1_566' title='bbox 2198 3656 2443 3728; x_wconf 66' lang='grc' dir='ltr'>ᾑρηκότα</span> <span class='ocrx_word' id='word_1_567' title='bbox 2485 3656 2583 3728; x_wconf 82' lang='grc' dir='ltr'><strong>τὴν</strong></span> <span class='ocrx_word' id='word_1_568' title='bbox 2632 3658 2843 3731; x_wconf 85' lang='grc' dir='ltr'>Ἰεριχὼ</span> <span class='ocrx_word' id='word_1_569' title='bbox 2897 3660 3041 3713; x_wconf 86' lang='grc' dir='ltr'><strong>κατά</strong></span> <span class='ocrx_word' id='word_1_570' title='bbox 3096 3659 3193 3732; x_wconf 80' lang='grc' dir='ltr'><strong>τὴν</strong></span> <span class='ocrx_word' id='word_1_571' title='bbox 3243 3660 3482 3732; x_wconf 78' lang='grc' dir='ltr'>ὲὸδόμην</span> <span class='ocrx_word' id='word_1_572' title='bbox 3530 3661 3774 3732; x_wconf 77' lang='grc' dir='ltr'>ἡμέραν,</span> 
     </span>
    </p>
   </div>
   <div class='ocr_carea' id='block_1_83' title="bbox 2196 3748 3003 3821">
    <p class='ocr_par' dir='ltr' id='par_1_83' title="bbox 2196 3748 3003 3821">
     <span class='ocr_line' id='line_1_83' title="bbox 2196 3748 3003 3821; baseline 0.002 -18"><span class='ocrx_word' id='word_1_573' title='bbox 2196 3748 2493 3813; x_wconf 88' lang='grc' dir='ltr'>τουτέστιν,</span> <span class='ocrx_word' id='word_1_574' title='bbox 2528 3750 2585 3803; x_wconf 82' lang='grc' dir='ltr'>ὲν</span> <span class='ocrx_word' id='word_1_575' title='bbox 2612 3749 2688 3821; x_wconf 85' lang='grc' dir='ltr'>τῷ</span> <span class='ocrx_word' id='word_1_576' title='bbox 2720 3750 3003 3819; x_wconf 76' lang='grc' dir='ltr'>Σαϐϐάτῳ.</span> 
     </span>
    </p>
   </div>
   <div class='ocr_carea' id='block_1_84' title="bbox 2267 3836 3777 3915">
    <p class='ocr_par' dir='ltr' id='par_1_84' title="bbox 2267 3836 3777 3915">
     <span class='ocr_line' id='line_1_84' title="bbox 2267 3836 3777 3915; baseline 0.001 -22"><span class='ocrx_word' id='word_1_577' title='bbox 2267 3841 2472 3893; x_wconf 83' lang='grc' dir='ltr'><strong>ΠΑΛΛ.</strong></span> <span class='ocrx_word' id='word_1_578' title='bbox 2512 3841 2735 3911; x_wconf 83' lang='grc' dir='ltr'>Ἀργίαν</span> <span class='ocrx_word' id='word_1_579' title='bbox 2766 3836 2860 3895; x_wconf 76' lang='grc' dir='ltr'><strong>οὖν</strong></span> <span class='ocrx_word' id='word_1_580' title='bbox 2898 3843 3005 3914; x_wconf 78' lang='grc' dir='ltr'>ἄρα</span> <span class='ocrx_word' id='word_1_581' title='bbox 3031 3842 3093 3896; x_wconf 80' lang='grc' dir='ltr'>τὸ</span> <span class='ocrx_word' id='word_1_582' title='bbox 3128 3841 3404 3898; x_wconf 77' lang='grc' dir='ltr'>Σάϐϐατον</span> <span class='ocrx_word' id='word_1_583' title='bbox 3439 3843 3605 3913; x_wconf 81' lang='grc' dir='ltr'>μόνον</span> <span class='ocrx_word' id='word_1_584' title='bbox 3630 3846 3777 3915; x_wconf 75' lang='grc' dir='ltr'>ἡμῖν,</span> 
     </span>
    </p>
   </div>
   <div class='ocr_carea' id='block_1_85' title="bbox 2194 3932 3777 4007">
    <p class='ocr_par' dir='ltr' id='par_1_85' title="bbox 2194 3932 3777 4007">
     <span class='ocr_line' id='line_1_85' title="bbox 2194 3932 3777 4007; baseline 0.001 -22"><span class='ocrx_word' id='word_1_585' title='bbox 2194 3933 2269 3997; x_wconf 85' lang='grc' dir='ltr'>ὼς</span> <span class='ocrx_word' id='word_1_586' title='bbox 2292 3932 2455 3997; x_wconf 75' lang='grc' dir='ltr'>ἔοικε,</span> <span class='ocrx_word' id='word_1_587' title='bbox 2492 3934 2600 3986; x_wconf 85' lang='grc' dir='ltr'><strong>τῶν</strong></span> <span class='ocrx_word' id='word_1_588' title='bbox 2646 3935 2711 3986; x_wconf 87' lang='grc' dir='ltr'>ὲκ</span> <span class='ocrx_word' id='word_1_589' title='bbox 2734 3934 3067 4007; x_wconf 80' lang='grc' dir='ltr'>φαυλότητος</span> <span class='ocrx_word' id='word_1_590' title='bbox 3102 3936 3196 3991; x_wconf 77' lang='grc' dir='ltr'><strong>καὶ</strong></span> <span class='ocrx_word' id='word_1_591' title='bbox 3226 3936 3517 4007; x_wconf 83' lang='grc' dir='ltr'>ἁμαρτιῶν</span> <span class='ocrx_word' id='word_1_592' title='bbox 3546 3936 3777 4006; x_wconf 82' lang='grc' dir='ltr'>εἰσκομὶ-</span> 
     </span>
    </p>
   </div>
   <div class='ocr_carea' id='block_1_86' title="bbox 2196 4021 3774 4100">
    <p class='ocr_par' dir='ltr' id='par_1_86' title="bbox 2196 4021 3774 4100">
     <span class='ocr_line' id='line_1_86' title="bbox 2196 4021 3774 4100; baseline 0.003 -23"><span class='ocrx_word' id='word_1_593' title='bbox 2196 4042 2338 4077; x_wconf 89' lang='grc' dir='ltr'>σειεν</span> <span class='ocrx_word' id='word_1_594' title='bbox 2366 4024 2450 4089; x_wconf 82' lang='grc' dir='ltr'><strong>ἂν,</strong></span> <span class='ocrx_word' id='word_1_595' title='bbox 2479 4025 2607 4095; x_wconf 81' lang='grc' dir='ltr'>τόγε</span> <span class='ocrx_word' id='word_1_596' title='bbox 2652 4021 2787 4097; x_wconf 76' lang='grc' dir='ltr'>ἧκον</span> <span class='ocrx_word' id='word_1_597' title='bbox 2818 4028 2899 4092; x_wconf 82' lang='grc' dir='ltr'><strong>είς</strong></span> <span class='ocrx_word' id='word_1_598' title='bbox 2938 4028 3218 4100; x_wconf 83' lang='grc' dir='ltr'>ἀλήθειαν,</span> <span class='ocrx_word' id='word_1_599' title='bbox 3254 4030 3353 4099; x_wconf 80' lang='grc' dir='ltr'>τὴν</span> <span class='ocrx_word' id='word_1_600' title='bbox 3389 4030 3467 4093; x_wconf 83' lang='grc' dir='ltr'>ὡς</span> <span class='ocrx_word' id='word_1_601' title='bbox 3489 4032 3550 4083; x_wconf 78' lang='grc' dir='ltr'><strong>ἐν</strong></span> <span class='ocrx_word' id='word_1_602' title='bbox 3594 4030 3774 4093; x_wconf 83' lang='grc' dir='ltr'>τύποις</span> 
     </span>
    </p>
   </div>
   <div class='ocr_carea' id='block_1_87' title="bbox 2194 4116 3707 4194">
    <p class='ocr_par' dir='ltr' id='par_1_87' title="bbox 2194 4116 3707 4194">
     <span class='ocr_line' id='line_1_87' title="bbox 2194 4116 3707 4194; baseline 0.005 -24"><span class='ocrx_word' id='word_1_603' title='bbox 2194 4116 2278 4171; x_wconf 81' lang='grc' dir='ltr'>ἔτι</span> <span class='ocrx_word' id='word_1_604' title='bbox 2304 4120 2418 4181; x_wconf 86' lang='grc' dir='ltr'>τοῖς</span> <span class='ocrx_word' id='word_1_605' title='bbox 2439 4119 2817 4189; x_wconf 84' lang='grc' dir='ltr'>ἀρχαιοτέροις</span> <span class='ocrx_word' id='word_1_606' title='bbox 2845 4122 3129 4193; x_wconf 75' lang='grc' dir='ltr'>μονονουχὶ</span> <span class='ocrx_word' id='word_1_607' title='bbox 3161 4124 3707 4194; x_wconf 83' lang='grc' dir='ltr'>σκιαγραφουμένην.</span> 
     </span>
    </p>
   </div>
   <div class='ocr_carea' id='block_1_88' title="bbox 2264 4211 3774 4289">
    <p class='ocr_par' dir='ltr' id='par_1_88' title="bbox 2264 4211 3774 4289">
     <span class='ocr_line' id='line_1_88' title="bbox 2264 4211 3774 4289; baseline 0.004 -25"><span class='ocrx_word' id='word_1_608' title='bbox 2264 4211 2427 4265; x_wconf 81' lang='grc' dir='ltr'>ΚΥΡ.</span> <span class='ocrx_word' id='word_1_609' title='bbox 2468 4211 2627 4265; x_wconf 78' lang='grc' dir='ltr'>Οὕτω</span> <span class='ocrx_word' id='word_1_610' title='bbox 2652 4213 2796 4283; x_wconf 85' lang='grc' dir='ltr'>φημί</span> <span class='ocrx_word' id='word_1_611' title='bbox 2820 4229 2834 4241; x_wconf 88' lang='grc'><strong>·</strong></span> <span class='ocrx_word' id='word_1_612' title='bbox 2864 4215 2987 4268; x_wconf 82' lang='grc' dir='ltr'>καθ’</span> <span class='ocrx_word' id='word_1_613' title='bbox 3012 4215 3199 4286; x_wconf 75' lang='grc' dir='ltr'>ἕτερον</span> <span class='ocrx_word' id='word_1_614' title='bbox 3224 4215 3281 4269; x_wconf 84' lang='grc' dir='ltr'><strong>δὲ</strong></span> <span class='ocrx_word' id='word_1_615' title='bbox 3302 4216 3529 4287; x_wconf 77' lang='grc' dir='ltr'>τρόπον,</span> <span class='ocrx_word' id='word_1_616' title='bbox 3564 4217 3628 4270; x_wconf 83' lang='lat'><strong>1:6</strong></span> <span class='ocrx_word' id='word_1_617' title='bbox 3651 4217 3774 4289; x_wconf 81' lang='grc' dir='ltr'>Χρι·</span> 
     </span>
    </p>
   </div>
   <div class='ocr_carea' id='block_1_89' title="bbox 2194 4302 3670 4377">
    <p class='ocr_par' dir='ltr' id='par_1_89' title="bbox 2194 4302 3670 4377">
     <span class='ocr_line' id='line_1_89' title="bbox 2194 4302 3670 4377; baseline 0.005 -22"><span class='ocrx_word' id='word_1_618' title='bbox 2194 4302 2320 4356; x_wconf 79' lang='grc' dir='ltr'><strong>στοῦ</strong></span> <span class='ocrx_word' id='word_1_619' title='bbox 2352 4304 2646 4375; x_wconf 78' lang='grc' dir='ltr'>μυστήριον</span> <span class='ocrx_word' id='word_1_620' title='bbox 2664 4304 3039 4376; x_wconf 80' lang='grc' dir='ltr'>παραδείξειεν</span> <span class='ocrx_word' id='word_1_621' title='bbox 3061 4306 3127 4360; x_wconf 82' lang='grc' dir='ltr'>ἂν</span> <span class='ocrx_word' id='word_1_622' title='bbox 3154 4308 3249 4361; x_wconf 58' lang='grc' dir='ltr'><strong>καὶ⁵</strong></span> <span class='ocrx_word' id='word_1_623' title='bbox 3280 4308 3426 4377; x_wconf 79' lang='grc' dir='ltr'>μάλα</span> <span class='ocrx_word' id='word_1_624' title='bbox 3457 4308 3670 4377; x_wconf 80' lang='grc' dir='ltr'>σαφῶς.</span> 
     </span>
    </p>
   </div>
   <div class='ocr_carea' id='block_1_90' title="bbox 2266 4392 2891 4465">
    <p class='ocr_par' dir='ltr' id='par_1_90' title="bbox 2266 4392 2891 4465">
     <span class='ocr_line' id='line_1_90' title="bbox 2266 4392 2891 4465; baseline 0.011 -20"><span class='ocrx_word' id='word_1_625' title='bbox 2266 4394 2477 4447; x_wconf 84' lang='grc' dir='ltr'>ΠΑΛΛ.</span> <span class='ocrx_word' id='word_1_626' title='bbox 2511 4392 2647 4448; x_wconf 91' lang='grc' dir='ltr'>Τίνα</span> <span class='ocrx_word' id='word_1_627' title='bbox 2670 4393 2735 4465; x_wconf 79' lang='grc' dir='ltr'><strong>δὴ</strong></span> <span class='ocrx_word' id='word_1_628' title='bbox 2762 4397 2891 4465; x_wconf 82' lang='grc' dir='ltr'>φής.</span> 
     </span>
    </p>
   </div>
   <div class='ocr_carea' id='block_1_91' title="bbox 574 4456 2103 4563">
    <p class='ocr_par' dir='ltr' id='par_1_91' title="bbox 574 4456 2085 4537">
     <span class='ocr_line' id='line_1_91' title="bbox 574 4456 2085 4537; baseline 0.018 -27"><span class='ocrx_word' id='word_1_629' title='bbox 574 4456 732 4514; x_wconf 82' lang='lat' dir='ltr'><strong>CYR.</strong></span> <span class='ocrx_word' id='word_1_630' title='bbox 762 4462 907 4519; x_wconf 83' lang='lat' dir='ltr'><strong>Dixit</strong></span> <span class='ocrx_word' id='word_1_631' title='bbox 931 4477 1078 4524; x_wconf 90' lang='lat' dir='ltr'><strong>certe</strong></span> <span class='ocrx_word' id='word_1_632' title='bbox 1106 4470 1308 4527; x_wconf 89' lang='lat' dir='ltr'><strong>iterum</strong></span> <span class='ocrx_word' id='word_1_633' title='bbox 1354 4474 1479 4529; x_wconf 89' lang='lat' dir='ltr'><strong>lex:</strong></span> <span class='ocrx_word' id='word_1_634' title='bbox 1519 4495 1536 4527; x_wconf 87' lang='grc'><strong><em>‹</em></strong></span> <span class='ocrx_word' id='word_1_635' title='bbox 1569 4477 1625 4531; x_wconf 92' lang='lat' dir='ltr'><strong>Si</strong></span> <span class='ocrx_word' id='word_1_636' title='bbox 1670 4481 1874 4535; x_wconf 89' lang='lat' dir='ltr'><strong>emeris</strong></span> <span class='ocrx_word' id='word_1_637' title='bbox 1906 4481 2085 4537; x_wconf 84' lang='lat' dir='ltr'><strong>virum</strong></span> 
     </span>
    </p>
   </div>
   <div class='ocr_carea' id='block_1_92' title="bbox 2213 4456 3771 4563">
    <p class='ocr_par' dir='ltr' id='par_1_92' title="bbox 2261 4456 3771 4563">
     <span class='ocr_line' id='line_1_92' title="bbox 2261 4456 3771 4563; baseline 0.003 -25"><span class='ocrx_word' id='word_1_638' title='bbox 2261 4486 2579 4556; x_wconf 80' lang='grc' dir='ltr'><strong>ΚΥΡ.⁹Εφη</strong></span> <span class='ocrx_word' id='word_1_639' title='bbox 2595 4456 2877 4540; x_wconf 89' lang='grc' dir='ltr'><strong>που</strong></span> <span class='ocrx_word' id='word_1_640' title='bbox 2898 4491 2925 4542; x_wconf 92' lang='lat'><strong>6</strong></span> <span class='ocrx_word' id='word_1_641' title='bbox 2945 4488 3126 4559; x_wconf 81' lang='grc' dir='ltr'>νόμος·</span> <span class='ocrx_word' id='word_1_642' title='bbox 3152 4510 3171 4541; x_wconf 73' lang='grc' dir='ltr'><strong>ι</strong></span> <span class='ocrx_word' id='word_1_643' title='bbox 3195 4490 3321 4544; x_wconf 84' lang='grc' dir='ltr'><strong>Ἐἀν</strong></span> <span class='ocrx_word' id='word_1_644' title='bbox 3334 4491 3393 4543; x_wconf 80' lang='grc' dir='ltr'><strong>δὲ</strong></span> <span class='ocrx_word' id='word_1_645' title='bbox 3412 4492 3595 4563; x_wconf 77' lang='grc' dir='ltr'>κτήσῃ</span> <span class='ocrx_word' id='word_1_646' title='bbox 3616 4492 3771 4545; x_wconf 75' lang='grc' dir='ltr'>παῖδα</span> 
     </span>
    </p>
   </div>
   <div class='ocr_carea' id='block_1_93' title="bbox 504 4545 2087 4643">
    <p class='ocr_par' dir='ltr' id='par_1_93' title="bbox 504 4545 2087 4643">
     <span class='ocr_line' id='line_1_93' title="bbox 504 4545 2087 4643; baseline 0.02 -44"><span class='ocrx_word' id='word_1_647' title='bbox 504 4545 816 4617; x_wconf 62' lang='lat' dir='ltr'><strong>Hebraeum,</strong></span> <span class='ocrx_word' id='word_1_648' title='bbox 845 4571 941 4610; x_wconf 84' lang='lat' dir='ltr'><strong>sex</strong></span> <span class='ocrx_word' id='word_1_649' title='bbox 956 4573 1129 4615; x_wconf 91' lang='lat' dir='ltr'><strong>annos</strong></span> <span class='ocrx_word' id='word_1_650' title='bbox 1148 4565 1352 4619; x_wconf 85' lang='lat' dir='ltr'><strong>serviet</strong></span> <span class='ocrx_word' id='word_1_651' title='bbox 1377 4566 1512 4632; x_wconf 89' lang='lat' dir='ltr'><strong>tibi,</strong></span> <span class='ocrx_word' id='word_1_652' title='bbox 1541 4584 1686 4625; x_wconf 90' lang='lat' dir='ltr'><strong>anno</strong></span> <span class='ocrx_word' id='word_1_653' title='bbox 1710 4582 1893 4627; x_wconf 89' lang='lat' dir='ltr'><strong>autem</strong></span> <span class='ocrx_word' id='word_1_654' title='bbox 1918 4573 2087 4643; x_wconf 90' lang='lat' dir='ltr'><strong>septi-</strong></span> 
     </span>
    </p>
   </div>
   <div class='ocr_carea' id='block_1_94' title="bbox 504 4642 2083 4732">
    <p class='ocr_par' dir='ltr' id='par_1_94' title="bbox 504 4642 2083 4732">
     <span class='ocr_line' id='line_1_94' title="bbox 504 4642 2083 4732; baseline 0.021 -43"><span class='ocrx_word' id='word_1_655' title='bbox 504 4652 597 4732; x_wconf 66' lang='lat' dir='ltr'><strong>mo</strong></span> <span class='ocrx_word' id='word_1_656' title='bbox 620 4642 934 4732; x_wconf 79' lang='lat' dir='ltr'><strong>egredietur</strong></span> <span class='ocrx_word' id='word_1_657' title='bbox 972 4649 1114 4705; x_wconf 89' lang='lat' dir='ltr'><strong>liber</strong></span> <span class='ocrx_word' id='word_1_658' title='bbox 1150 4656 1320 4725; x_wconf 88' lang='lat' dir='ltr'><strong>gratis</strong></span> <span class='ocrx_word' id='word_1_659' title='bbox 1345 4657 1410 4709; x_wconf 71' lang='lat'><strong>&quot;.</strong></span> <span class='ocrx_word' id='word_1_660' title='bbox 1448 4678 1466 4709; x_wconf 72' lang='grc' dir='ltr'><strong>ι</strong></span> <span class='ocrx_word' id='word_1_661' title='bbox 1522 4661 1590 4714; x_wconf 88' lang='lat' dir='ltr'><strong>Et</strong></span> <span class='ocrx_word' id='word_1_662' title='bbox 1620 4662 1735 4717; x_wconf 61' lang='lat' dir='ltr'><strong>hac</strong></span> <span class='ocrx_word' id='word_1_663' title='bbox 1777 4642 2001 4732; x_wconf 82' lang='lat' dir='ltr'><strong>quidem</strong></span> <span class='ocrx_word' id='word_1_664' title='bbox 2024 4664 2083 4721; x_wconf 87' lang='lat' dir='ltr'><strong>in</strong></span> 
     </span>
    </p>
   </div>
   <div class='ocr_carea' id='block_1_95' title="bbox 502 4724 2076 4824">
    <p class='ocr_par' dir='ltr' id='par_1_95' title="bbox 502 4724 2076 4824">
     <span class='ocr_line' id='line_1_95' title="bbox 502 4724 2076 4824; baseline 0.02 -46"><span class='ocrx_word' id='word_1_665' title='bbox 502 4724 712 4824; x_wconf 47' lang='lat' dir='ltr'><strong>Ex-odo.</strong></span> <span class='ocrx_word' id='word_1_666' title='bbox 754 4730 814 4786; x_wconf 88' lang='lat' dir='ltr'><strong>In</strong></span> <span class='ocrx_word' id='word_1_667' title='bbox 839 4733 1263 4797; x_wconf 89' lang='lat' dir='ltr'><strong>Deuteronomio</strong></span> <span class='ocrx_word' id='word_1_668' title='bbox 1310 4761 1443 4800; x_wconf 90' lang='lat' dir='ltr'><strong>vero</strong></span> <span class='ocrx_word' id='word_1_669' title='bbox 1494 4764 1685 4805; x_wconf 85' lang='lat' dir='ltr'><strong>rursus</strong></span> <span class='ocrx_word' id='word_1_670' title='bbox 1725 4752 1798 4806; x_wconf 91' lang='lat' dir='ltr'><strong>ita</strong></span> <span class='ocrx_word' id='word_1_671' title='bbox 1841 4753 2020 4824; x_wconf 93' lang='lat' dir='ltr'><strong>inquit</strong></span> <span class='ocrx_word' id='word_1_672' title='bbox 2064 4772 2076 4808; x_wconf 93' lang='lat'>:</span> 
     </span>
    </p>
   </div>
   <div class='ocr_carea' id='block_1_96' title="bbox 509 4817 2081 4899">
    <p class='ocr_par' dir='ltr' id='par_1_96' title="bbox 509 4817 2081 4899">
     <span class='ocr_line' id='line_1_96' title="bbox 509 4817 2081 4899; baseline 0.019 -28"><span class='ocrx_word' id='word_1_673' title='bbox 509 4834 528 4866; x_wconf 77' lang='grc' dir='ltr'><strong>ι</strong></span> <span class='ocrx_word' id='word_1_674' title='bbox 563 4817 618 4873; x_wconf 90' lang='lat' dir='ltr'><strong>Si</strong></span> <span class='ocrx_word' id='word_1_675' title='bbox 641 4830 825 4878; x_wconf 89' lang='lat' dir='ltr'><strong>autem</strong></span> <span class='ocrx_word' id='word_1_676' title='bbox 852 4827 1114 4884; x_wconf 84' lang='lat' dir='ltr'><strong>venditus</strong></span> <span class='ocrx_word' id='word_1_677' title='bbox 1137 4832 1237 4887; x_wconf 92' lang='lat' dir='ltr'><strong>tibi</strong></span> <span class='ocrx_word' id='word_1_678' title='bbox 1263 4834 1433 4890; x_wconf 76' lang='lat' dir='ltr'><strong>fuerit</strong></span> <span class='ocrx_word' id='word_1_679' title='bbox 1468 4838 1636 4893; x_wconf 81' lang='lat' dir='ltr'><strong>frater</strong></span> <span class='ocrx_word' id='word_1_680' title='bbox 1668 4850 1795 4897; x_wconf 90' lang='lat' dir='ltr'><strong>tuus</strong></span> <span class='ocrx_word' id='word_1_681' title='bbox 1820 4817 2081 4899; x_wconf 57' lang='lat' dir='ltr'><strong>Hebraeus</strong></span> 
     </span>
    </p>
   </div>
   <div class='ocr_carea' id='block_1_97' title="bbox 499 4910 2081 5007">
    <p class='ocr_par' dir='ltr' id='par_1_97' title="bbox 499 4910 2081 5007">
     <span class='ocr_line' id='line_1_97' title="bbox 499 4910 2081 5007; baseline 0.02 -45"><span class='ocrx_word' id='word_1_682' title='bbox 499 4910 878 5007; x_wconf 38' lang='lat' dir='ltr'><strong>vel‘Hebraza,</strong></span> <span class='ocrx_word' id='word_1_683' title='bbox 928 4923 1129 4978; x_wconf 90' lang='lat' dir='ltr'><strong>serviet</strong></span> <span class='ocrx_word' id='word_1_684' title='bbox 1176 4926 1274 4981; x_wconf 90' lang='lat' dir='ltr'><strong>tibi</strong></span> <span class='ocrx_word' id='word_1_685' title='bbox 1322 4943 1495 4984; x_wconf 90' lang='lat' dir='ltr'><strong>annos</strong></span> <span class='ocrx_word' id='word_1_686' title='bbox 1558 4946 1684 4996; x_wconf 86' lang='lat' dir='ltr'><strong>sex,</strong></span> <span class='ocrx_word' id='word_1_687' title='bbox 1736 4944 1791 4988; x_wconf 93' lang='lat' dir='ltr'><strong>et</strong></span> <span class='ocrx_word' id='word_1_688' title='bbox 1846 4938 2081 5007; x_wconf 88' lang='lat' dir='ltr'><strong>septimo</strong></span> 
     </span>
    </p>
   </div>
   <div class='ocr_carea' id='block_1_98' title="bbox 497 5000 2081 5082">
    <p class='ocr_par' dir='ltr' id='par_1_98' title="bbox 497 5000 2081 5082">
     <span class='ocr_line' id='line_1_98' title="bbox 497 5000 2081 5082; baseline 0.019 -30"><span class='ocrx_word' id='word_1_689' title='bbox 497 5000 718 5057; x_wconf 90' lang='lat' dir='ltr'><strong>emittes</strong></span> <span class='ocrx_word' id='word_1_690' title='bbox 752 5020 879 5061; x_wconf 87' lang='lat' dir='ltr'><strong>eum</strong></span> <span class='ocrx_word' id='word_1_691' title='bbox 940 5025 969 5064; x_wconf 86' lang='lat' dir='ltr'><strong>a</strong></span> <span class='ocrx_word' id='word_1_692' title='bbox 1042 5022 1094 5067; x_wconf 90' lang='lat' dir='ltr'><strong>te</strong></span> <span class='ocrx_word' id='word_1_693' title='bbox 1160 5015 1396 5072; x_wconf 88' lang='lat' dir='ltr'><strong>liberum</strong></span> <span class='ocrx_word' id='word_1_694' title='bbox 1440 5036 1453 5071; x_wconf 91' lang='lat'>:</span> <span class='ocrx_word' id='word_1_695' title='bbox 1499 5035 1624 5075; x_wconf 92' lang='lat' dir='ltr'><strong>cum</strong></span> <span class='ocrx_word' id='word_1_696' title='bbox 1670 5038 1799 5077; x_wconf 89' lang='lat' dir='ltr'><strong>vero</strong></span> <span class='ocrx_word' id='word_1_697' title='bbox 1862 5000 2081 5082; x_wconf 81' lang='lat' dir='ltr'><strong>emittes</strong></span> 
     </span>
    </p>
   </div>
   <div class='ocr_carea' id='block_1_99' title="bbox 497 5094 2067 5184">
    <p class='ocr_par' dir='ltr' id='par_1_99' title="bbox 497 5094 2067 5184">
     <span class='ocr_line' id='line_1_99' title="bbox 497 5094 2067 5184; baseline 0.019 -41"><span class='ocrx_word' id='word_1_698' title='bbox 497 5104 625 5184; x_wconf 85' lang='lat' dir='ltr'><strong>eum</strong></span> <span class='ocrx_word' id='word_1_699' title='bbox 672 5094 910 5155; x_wconf 91' lang='lat' dir='ltr'><strong>liberum</strong></span> <span class='ocrx_word' id='word_1_700' title='bbox 969 5119 1000 5157; x_wconf 88' lang='lat' dir='ltr'><strong>a</strong></span> <span class='ocrx_word' id='word_1_701' title='bbox 1053 5114 1125 5171; x_wconf 89' lang='lat' dir='ltr'><strong>te,</strong></span> <span class='ocrx_word' id='word_1_702' title='bbox 1178 5124 1289 5163; x_wconf 92' lang='lat' dir='ltr'><strong>non</strong></span> <span class='ocrx_word' id='word_1_703' title='bbox 1349 5111 1571 5167; x_wconf 90' lang='lat' dir='ltr'><strong>emittes</strong></span> <span class='ocrx_word' id='word_1_704' title='bbox 1620 5129 1748 5168; x_wconf 91' lang='lat' dir='ltr'><strong>eum</strong></span> <span class='ocrx_word' id='word_1_705' title='bbox 1794 5132 2067 5184; x_wconf 73' lang='lat' dir='ltr'><strong>vacuum;</strong></span> 
     </span>
    </p>
   </div>
   <div class='ocr_carea' id='block_1_100' title="bbox 497 5132 2078 5269">
    <p class='ocr_par' dir='ltr' id='par_1_100' title="bbox 497 5132 2078 5269">
     <span class='ocr_line' id='line_1_100' title="bbox 500 5132 2067 5184; baseline 0.02 -42"><span class='ocrx_word' id='word_1_706' title='bbox 500 5132 625 5146; x_wconf 69' lang='grc' dir='ltr'><strong>νυ...</strong></span> <span class='ocrx_word' id='word_1_707' title='bbox 672 5132 910 5155; x_wconf 72' lang='grc' dir='ltr'>ιιυσιυιιι</span> <span class='ocrx_word' id='word_1_708' title='bbox 969 5132 1000 5157; x_wconf 71' lang='lat' dir='ltr'><strong>d</strong></span> <span class='ocrx_word' id='word_1_709' title='bbox 1053 5132 1125 5171; x_wconf 72' lang='grc' dir='ltr'>ιυ,</span> <span class='ocrx_word' id='word_1_710' title='bbox 1179 5132 1289 5163; x_wconf 77' lang='grc' dir='ltr'>ιιυιι</span> <span class='ocrx_word' id='word_1_711' title='bbox 1349 5132 1571 5167; x_wconf 77' lang='lat' dir='ltr'><strong>emittes</strong></span> <span class='ocrx_word' id='word_1_712' title='bbox 1620 5132 1748 5168; x_wconf 87' lang='lat' dir='ltr'><strong>eum</strong></span> <span class='ocrx_word' id='word_1_713' title='bbox 1794 5132 1826 5168; x_wconf 74' lang='grc' dir='ltr'><strong>ν</strong></span> <span class='ocrx_word' id='word_1_714' title='bbox 1865 5133 2067 5184; x_wconf 86' lang='lat' dir='ltr'><strong>cuum;</strong></span> 
     </span>
     <span class='ocr_line' id='line_1_101' title="bbox 497 5132 2078 5269; baseline 0.021 -36"><span class='ocrx_word' id='word_1_715' title='bbox 497 5181 757 5242; x_wconf 86' lang='lat' dir='ltr'><strong>viaticum</strong></span> <span class='ocrx_word' id='word_1_716' title='bbox 803 5190 960 5249; x_wconf 89' lang='lat' dir='ltr'><strong>dabis</strong></span> <span class='ocrx_word' id='word_1_717' title='bbox 1009 5197 1058 5251; x_wconf 88' lang='lat' dir='ltr'><strong>ei</strong></span> <span class='ocrx_word' id='word_1_718' title='bbox 1124 5199 1193 5254; x_wconf 90' lang='lat' dir='ltr'><strong>ab</strong></span> <span class='ocrx_word' id='word_1_719' title='bbox 1233 5202 1427 5258; x_wconf 84' lang='lat' dir='ltr'><strong>ovibus</strong></span> <span class='ocrx_word' id='word_1_720' title='bbox 1454 5206 1606 5269; x_wconf 71' lang='lat' dir='ltr'><strong>‘tuis,</strong></span> <span class='ocrx_word' id='word_1_721' title='bbox 1646 5214 1701 5261; x_wconf 89' lang='lat' dir='ltr'><strong>et</strong></span> <span class='ocrx_word' id='word_1_722' title='bbox 1745 5225 1773 5261; x_wconf 91' lang='lat' dir='ltr'><strong>a</strong></span> <span class='ocrx_word' id='word_1_723' title='bbox 1803 5132 2078 5266; x_wconf 49' lang='lat' dir='ltr'><strong>gumento</strong></span> 
     </span>
    </p>
   </div>
   <div class='ocr_carea' id='block_1_101' title="bbox 500 5281 2074 5372">
    <p class='ocr_par' dir='ltr' id='par_1_101' title="bbox 500 5281 2074 5372">
     <span class='ocr_line' id='line_1_102' title="bbox 500 5281 2074 5372; baseline 0.024 -48"><span class='ocrx_word' id='word_1_724' title='bbox 500 5281 615 5372; x_wconf 55' lang='lat' dir='ltr'><strong>tuo,</strong></span> <span class='ocrx_word' id='word_1_725' title='bbox 639 5285 748 5372; x_wconf 78' lang='lat' dir='ltr'><strong>eta</strong></span> <span class='ocrx_word' id='word_1_726' title='bbox 782 5287 1040 5341; x_wconf 88' lang='lat' dir='ltr'><strong>torculari</strong></span> <span class='ocrx_word' id='word_1_727' title='bbox 1082 5296 1202 5357; x_wconf 88' lang='lat' dir='ltr'><strong>tuo;</strong></span> <span class='ocrx_word' id='word_1_728' title='bbox 1243 5294 1384 5348; x_wconf 85' lang='lat' dir='ltr'><strong>sicut</strong></span> <span class='ocrx_word' id='word_1_729' title='bbox 1424 5296 1769 5353; x_wconf 84' lang='lat' dir='ltr'><strong>henedixerit</strong></span> <span class='ocrx_word' id='word_1_730' title='bbox 1824 5311 1876 5355; x_wconf 91' lang='lat' dir='ltr'><strong>te</strong></span> <span class='ocrx_word' id='word_1_731' title='bbox 1918 5303 2074 5372; x_wconf 79' lang='lat'><strong>231</strong></span> 
     </span>
    </p>
   </div>
   <div class='ocr_carea' id='block_1_102' title="bbox 496 5362 2078 5461">
    <p class='ocr_par' dir='ltr' id='par_1_102' title="bbox 496 5362 2078 5461">
     <span class='ocr_line' id='line_1_103' title="bbox 496 5362 2078 5461; baseline 0.02 -45"><span class='ocrx_word' id='word_1_732' title='bbox 496 5362 761 5425; x_wconf 87' lang='lat' dir='ltr'><strong>Dominus</strong></span> <span class='ocrx_word' id='word_1_733' title='bbox 783 5372 927 5428; x_wconf 87' lang='lat' dir='ltr'><strong>Deus</strong></span> <span class='ocrx_word' id='word_1_734' title='bbox 972 5386 1118 5443; x_wconf 90' lang='lat' dir='ltr'><strong>tuus,</strong></span> <span class='ocrx_word' id='word_1_735' title='bbox 1152 5383 1310 5439; x_wconf 86' lang='lat' dir='ltr'><strong>dabis</strong></span> <span class='ocrx_word' id='word_1_736' title='bbox 1347 5387 1396 5441; x_wconf 92' lang='lat' dir='ltr'><strong>ei</strong></span> <span class='ocrx_word' id='word_1_737' title='bbox 1446 5388 1510 5440; x_wconf 71' lang='grc'><strong>⁸⁸.</strong></span> <span class='ocrx_word' id='word_1_738' title='bbox 1555 5410 1571 5439; x_wconf 76' lang='grc' dir='ltr'><strong>ι</strong></span> <span class='ocrx_word' id='word_1_739' title='bbox 1628 5391 1763 5445; x_wconf 74' lang='lat' dir='ltr'><strong>Nam</strong></span> <span class='ocrx_word' id='word_1_740' title='bbox 1806 5394 2078 5461; x_wconf 89' lang='lat' dir='ltr'><strong>superiori</strong></span> 
     </span>
    </p>
   </div>
   <div class='ocr_carea' id='block_1_103' title="bbox 495 5464 2075 5539">
    <p class='ocr_par' dir='ltr' id='par_1_103' title="bbox 495 5464 2075 5539">
     <span class='ocr_line' id='line_1_104' title="bbox 495 5464 2075 5539; baseline 0.019 -30"><span class='ocrx_word' id='word_1_741' title='bbox 495 5464 745 5528; x_wconf 86' lang='lat' dir='ltr'><strong>tempore</strong></span> <span class='ocrx_word' id='word_1_742' title='bbox 776 5465 1033 5523; x_wconf 89' lang='lat' dir='ltr'><strong>universo</strong></span> <span class='ocrx_word' id='word_1_743' title='bbox 1059 5480 1183 5528; x_wconf 88' lang='lat' dir='ltr'><strong>ante</strong></span> <span class='ocrx_word' id='word_1_744' title='bbox 1228 5479 1401 5531; x_wconf 88' lang='lat' dir='ltr'><strong>nostri</strong></span> <span class='ocrx_word' id='word_1_745' title='bbox 1439 5481 1738 5537; x_wconf 85' lang='lat' dir='ltr'><strong>Salvatoris</strong></span> <span class='ocrx_word' id='word_1_746' title='bbox 1779 5483 2075 5539; x_wconf 81' lang='lat' dir='ltr'><strong>adventum</strong></span> 
     </span>
    </p>
   </div>
   <div class='ocr_carea' id='block_1_104' title="bbox 497 5546 2075 5645">
    <p class='ocr_par' dir='ltr' id='par_1_104' title="bbox 497 5546 2075 5645">
     <span class='ocr_line' id='line_1_105' title="bbox 497 5546 2075 5645; baseline 0.019 -46"><span class='ocrx_word' id='word_1_747' title='bbox 497 5546 693 5614; x_wconf 76' lang='lat' dir='ltr'><strong>spiritu</strong></span> <span class='ocrx_word' id='word_1_748' title='bbox 736 5556 1021 5614; x_wconf 84' lang='lat' dir='ltr'><strong>servitutis</strong></span> <span class='ocrx_word' id='word_1_749' title='bbox 1061 5562 1225 5620; x_wconf 83' lang='lat' dir='ltr'><strong>israel</strong></span> <span class='ocrx_word' id='word_1_750' title='bbox 1263 5571 1769 5642; x_wconf 85' lang='lat' dir='ltr'><strong>eonstringebatur,</strong></span> <span class='ocrx_word' id='word_1_751' title='bbox 1823 5575 1928 5645; x_wconf 87' lang='lat' dir='ltr'><strong>legi</strong></span> <span class='ocrx_word' id='word_1_752' title='bbox 1972 5592 2075 5645; x_wconf 87' lang='lat' dir='ltr'><strong>pu-</strong></span> 
     </span>
    </p>
   </div>
   <div class='ocr_carea' id='block_1_105' title="bbox 514 5664 1640 5791">
    <p class='ocr_par' dir='ltr' id='par_1_105' title="bbox 514 5664 1640 5791">
     <span class='ocr_line' id='line_1_106' title="bbox 514 5664 1640 5791; baseline 0.004 -63"><span class='ocrx_word' id='word_1_753' title='bbox 514 5664 849 5791; x_wconf 30' lang='lat' dir='ltr'><strong>igfhfulxod.</strong></span> <span class='ocrx_word' id='word_1_754' title='bbox 882 5690 968 5737; x_wconf 75' lang='lat' dir='ltr'><strong>xx,</strong></span> <span class='ocrx_word' id='word_1_755' title='bbox 990 5675 1039 5729; x_wconf 88' lang='grc'>8.</span> <span class='ocrx_word' id='word_1_756' title='bbox 1126 5678 1169 5709; x_wconf 81' lang='grc'><strong>⁸⁸</strong></span> <span class='ocrx_word' id='word_1_757' title='bbox 1198 5678 1385 5735; x_wconf 71' lang='lat' dir='ltr'><strong>Matth.</strong></span> <span class='ocrx_word' id='word_1_758' title='bbox 1421 5700 1527 5747; x_wconf 74' lang='lat' dir='ltr'><strong>xxi,</strong></span> <span class='ocrx_word' id='word_1_759' title='bbox 1560 5685 1640 5738; x_wconf 75' lang='lat' dir='ltr'><strong>l2,</strong></span> 
     </span>
    </p>
   </div>
   <div class='ocr_carea' id='block_1_106' title="bbox 1726 5688 2189 5753">
    <p class='ocr_par' dir='ltr' id='par_1_106' title="bbox 1726 5688 2189 5753">
     <span class='ocr_line' id='line_1_107' title="bbox 1726 5688 2189 5753; baseline 0.004 -12"><span class='ocrx_word' id='word_1_760' title='bbox 1726 5688 1768 5717; x_wconf 72' lang='grc'><strong>⁸⁵</strong></span> <span class='ocrx_word' id='word_1_761' title='bbox 1798 5688 1954 5743; x_wconf 79' lang='lat' dir='ltr'><strong>Joan.</strong></span> <span class='ocrx_word' id='word_1_762' title='bbox 1983 5706 2070 5753; x_wconf 80' lang='lat' dir='ltr'><strong>xx,</strong></span> <span class='ocrx_word' id='word_1_763' title='bbox 2102 5691 2189 5745; x_wconf 69' lang='lat'><strong>22.</strong></span> 
     </span>
    </p>
   </div>
   <div class='ocr_carea' id='block_1_107' title="bbox 2204 4572 3773 4649">
    <p class='ocr_par' dir='ltr' id='par_1_107' title="bbox 2204 4572 3773 4649">
     <span class='ocr_line' id='line_1_108' title="bbox 2204 4572 3773 4649; baseline -0.001 -22"><span class='ocrx_word' id='word_1_764' title='bbox 2204 4572 2478 4645; x_wconf 78' lang='grc' dir='ltr'>Ἐδραῖον,</span> <span class='ocrx_word' id='word_1_765' title='bbox 2498 4574 2557 4638; x_wconf 78' lang='grc' dir='ltr'>ἓξ</span> <span class='ocrx_word' id='word_1_766' title='bbox 2593 4575 2687 4645; x_wconf 79' lang='grc' dir='ltr'>ἔτη</span> <span class='ocrx_word' id='word_1_767' title='bbox 2709 4574 2984 4629; x_wconf 80' lang='grc' dir='ltr'>δουλεύσει</span> <span class='ocrx_word' id='word_1_768' title='bbox 3009 4594 3114 4641; x_wconf 88' lang='grc' dir='ltr'>σοι,</span> <span class='ocrx_word' id='word_1_769' title='bbox 3136 4578 3216 4649; x_wconf 83' lang='grc' dir='ltr'>τῷ</span> <span class='ocrx_word' id='word_1_770' title='bbox 3233 4578 3289 4631; x_wconf 86' lang='grc' dir='ltr'>δὲ</span> <span class='ocrx_word' id='word_1_771' title='bbox 3318 4579 3427 4631; x_wconf 75' lang='grc' dir='ltr'>ἔτει</span> <span class='ocrx_word' id='word_1_772' title='bbox 3457 4578 3536 4648; x_wconf 82' lang='grc' dir='ltr'>τῷ</span> <span class='ocrx_word' id='word_1_773' title='bbox 3566 4578 3773 4646; x_wconf 75' lang='grc' dir='ltr'><strong>ἑϐδόμῳ</strong></span> 
     </span>
    </p>
   </div>
   <div class='ocr_carea' id='block_1_108' title="bbox 2190 4664 3772 4741">
    <p class='ocr_par' dir='ltr' id='par_1_108' title="bbox 2190 4664 3772 4741">
     <span class='ocr_line' id='line_1_109' title="bbox 2190 4664 3772 4741; baseline 0.004 -23"><span class='ocrx_word' id='word_1_774' title='bbox 2190 4664 2547 4719; x_wconf 85' lang='grc' dir='ltr'>ἀπελεύσεται</span> <span class='ocrx_word' id='word_1_775' title='bbox 2564 4665 2844 4737; x_wconf 78' lang='grc' dir='ltr'>ἐλεύθερος</span> <span class='ocrx_word' id='word_1_776' title='bbox 2860 4666 3089 4738; x_wconf 87' lang='grc' dir='ltr'>δωρεάν.</span> <span class='ocrx_word' id='word_1_777' title='bbox 3118 4689 3135 4718; x_wconf 77' lang='grc' dir='ltr'><strong>ι</strong></span> <span class='ocrx_word' id='word_1_778' title='bbox 3156 4670 3265 4722; x_wconf 80' lang='grc' dir='ltr'>Καὶ</span> <span class='ocrx_word' id='word_1_779' title='bbox 3286 4671 3341 4722; x_wconf 81' lang='grc' dir='ltr'>ὲν</span> <span class='ocrx_word' id='word_1_780' title='bbox 3361 4670 3461 4739; x_wconf 82' lang='grc' dir='ltr'>μὲν</span> <span class='ocrx_word' id='word_1_781' title='bbox 3480 4673 3545 4741; x_wconf 79' lang='grc' dir='ltr'>τῇ</span> <span class='ocrx_word' id='word_1_782' title='bbox 3584 4670 3772 4738; x_wconf 76' lang='grc' dir='ltr'><strong>Ἐξὸδῳ</strong></span> 
     </span>
    </p>
   </div>
   <div class='ocr_carea' id='block_1_109' title="bbox 2189 4755 3766 4829">
    <p class='ocr_par' dir='ltr' id='par_1_109' title="bbox 2189 4755 3766 4829">
     <span class='ocr_line' id='line_1_110' title="bbox 2189 4755 3766 4829; baseline 0.001 -22"><span class='ocrx_word' id='word_1_783' title='bbox 2189 4755 2365 4808; x_wconf 86' lang='grc' dir='ltr'>ταυτί.</span> <span class='ocrx_word' id='word_1_784' title='bbox 2440 4756 2528 4809; x_wconf 83' lang='grc' dir='ltr'>Ἐν</span> <span class='ocrx_word' id='word_1_785' title='bbox 2579 4756 2635 4811; x_wconf 82' lang='grc' dir='ltr'>δὲ</span> <span class='ocrx_word' id='word_1_786' title='bbox 2681 4756 2757 4826; x_wconf 83' lang='grc' dir='ltr'><strong>τῷ</strong></span> <span class='ocrx_word' id='word_1_787' title='bbox 2787 4759 3193 4829; x_wconf 85' lang='grc' dir='ltr'>Δευτερονομίῳ</span> <span class='ocrx_word' id='word_1_788' title='bbox 3229 4759 3393 4812; x_wconf 77' lang='grc' dir='ltr'>πάλιν</span> <span class='ocrx_word' id='word_1_789' title='bbox 3427 4760 3574 4812; x_wconf 75' lang='grc' dir='ltr'>οὕτω</span> <span class='ocrx_word' id='word_1_790' title='bbox 3609 4760 3766 4829; x_wconf 73' lang='grc' dir='ltr'>φησί·</span> 
     </span>
    </p>
   </div>
   <div class='ocr_carea' id='block_1_110' title="bbox 2196 4846 3766 4923">
    <p class='ocr_par' dir='ltr' id='par_1_110' title="bbox 2196 4846 3766 4923">
     <span class='ocr_line' id='line_1_111' title="bbox 2196 4846 3766 4923; baseline 0.005 -26"><span class='ocrx_word' id='word_1_791' title='bbox 2196 4866 2213 4897; x_wconf 73' lang='grc' dir='ltr'><strong>ι</strong></span> <span class='ocrx_word' id='word_1_792' title='bbox 2264 4846 2390 4900; x_wconf 78' lang='grc' dir='ltr'><strong>Ἐὰν</strong></span> <span class='ocrx_word' id='word_1_793' title='bbox 2435 4846 2490 4899; x_wconf 83' lang='grc' dir='ltr'>δὲ</span> <span class='ocrx_word' id='word_1_794' title='bbox 2526 4846 2708 4917; x_wconf 81' lang='grc' dir='ltr'>πραθῇ</span> <span class='ocrx_word' id='word_1_795' title='bbox 2743 4866 2824 4901; x_wconf 90' lang='grc' dir='ltr'><strong>σοι</strong></span> <span class='ocrx_word' id='word_1_796' title='bbox 2856 4851 2883 4901; x_wconf 93' lang='lat'><strong>6</strong></span> <span class='ocrx_word' id='word_1_797' title='bbox 2919 4849 3145 4919; x_wconf 85' lang='grc' dir='ltr'>ἀδελφός</span> <span class='ocrx_word' id='word_1_798' title='bbox 3169 4868 3263 4903; x_wconf 89' lang='grc' dir='ltr'><strong>σου</strong></span> <span class='ocrx_word' id='word_1_799' title='bbox 3306 4853 3334 4904; x_wconf 91' lang='lat'><strong>6</strong></span> <span class='ocrx_word' id='word_1_800' title='bbox 3368 4852 3647 4923; x_wconf 78' lang='grc' dir='ltr'>Ἐϐραῖος,</span> <span class='ocrx_word' id='word_1_801' title='bbox 3678 4852 3709 4920; x_wconf 78' lang='grc' dir='ltr'>ἦ</span> <span class='ocrx_word' id='word_1_802' title='bbox 3737 4852 3766 4921; x_wconf 78' lang='grc' dir='ltr'><strong>ἠ</strong></span> 
     </span>
    </p>
   </div>
   <div class='ocr_carea' id='block_1_111' title="bbox 2200 4936 3767 5013">
    <p class='ocr_par' dir='ltr' id='par_1_111' title="bbox 2200 4936 3767 5013">
     <span class='ocr_line' id='line_1_112' title="bbox 2200 4936 3767 5013; baseline 0.002 -23"><span class='ocrx_word' id='word_1_803' title='bbox 2200 4936 2443 5006; x_wconf 75' lang='grc' dir='ltr'>Ἑϐραία,</span> <span class='ocrx_word' id='word_1_804' title='bbox 2476 4937 2749 4992; x_wconf 83' lang='grc' dir='ltr'>δουλεύσει</span> <span class='ocrx_word' id='word_1_805' title='bbox 2771 4956 2851 4992; x_wconf 91' lang='grc' dir='ltr'><strong>σοι</strong></span> <span class='ocrx_word' id='word_1_806' title='bbox 2882 4940 2941 5004; x_wconf 83' lang='grc' dir='ltr'><strong>ἒξ</strong></span> <span class='ocrx_word' id='word_1_807' title='bbox 2970 4941 3087 5011; x_wconf 78' lang='grc' dir='ltr'>ἐτη,</span> <span class='ocrx_word' id='word_1_808' title='bbox 3119 4942 3214 4995; x_wconf 72' lang='grc' dir='ltr'>καὶ</span> <span class='ocrx_word' id='word_1_809' title='bbox 3233 4942 3311 5012; x_wconf 83' lang='grc' dir='ltr'>τῷ</span> <span class='ocrx_word' id='word_1_810' title='bbox 3344 4943 3561 5013; x_wconf 78' lang='grc' dir='ltr'><strong>έόδόμῳ</strong></span> <span class='ocrx_word' id='word_1_811' title='bbox 3585 4942 3767 5006; x_wconf 72' lang='grc' dir='ltr'>ἐξαπο-</span> 
     </span>
    </p>
   </div>
   <div class='ocr_carea' id='block_1_112' title="bbox 2190 5029 3767 5102">
    <p class='ocr_par' dir='ltr' id='par_1_112' title="bbox 2190 5029 3767 5102">
     <span class='ocr_line' id='line_1_113' title="bbox 2190 5029 3767 5102; baseline 0.003 -20"><span class='ocrx_word' id='word_1_812' title='bbox 2190 5029 2394 5093; x_wconf 86' lang='grc' dir='ltr'>στελεῖς</span> <span class='ocrx_word' id='word_1_813' title='bbox 2422 5029 2585 5082; x_wconf 83' lang='grc' dir='ltr'>αὐτὸν</span> <span class='ocrx_word' id='word_1_814' title='bbox 2618 5030 2899 5102; x_wconf 77' lang='grc' dir='ltr'>ἐλεύθερον</span> <span class='ocrx_word' id='word_1_815' title='bbox 2934 5032 3041 5086; x_wconf 86' lang='grc' dir='ltr'><strong>ἀπὸ</strong></span> <span class='ocrx_word' id='word_1_816' title='bbox 3078 5033 3173 5087; x_wconf 77' lang='grc' dir='ltr'>σοῦ</span> <span class='ocrx_word' id='word_1_817' title='bbox 3195 5050 3208 5064; x_wconf 90' lang='grc'><strong>·</strong></span> <span class='ocrx_word' id='word_1_818' title='bbox 3239 5035 3368 5089; x_wconf 81' lang='grc' dir='ltr'>ὅταν</span> <span class='ocrx_word' id='word_1_819' title='bbox 3397 5034 3455 5088; x_wconf 85' lang='grc' dir='ltr'>δὲ</span> <span class='ocrx_word' id='word_1_820' title='bbox 3476 5035 3767 5101; x_wconf 78' lang='grc' dir='ltr'>ἐξαποστε-</span> 
     </span>
    </p>
   </div>
   <div class='ocr_carea' id='block_1_113' title="bbox 2186 5120 3764 5192">
    <p class='ocr_par' dir='ltr' id='par_1_113' title="bbox 2186 5120 3764 5192">
     <span class='ocr_line' id='line_1_114' title="bbox 2186 5120 3764 5192; baseline 0.003 -19"><span class='ocrx_word' id='word_1_821' title='bbox 2186 5121 2297 5183; x_wconf 86' lang='grc' dir='ltr'>λεῖς</span> <span class='ocrx_word' id='word_1_822' title='bbox 2326 5120 2491 5174; x_wconf 73' lang='grc' dir='ltr'>αὐτὸν</span> <span class='ocrx_word' id='word_1_823' title='bbox 2523 5120 2806 5192; x_wconf 76' lang='grc' dir='ltr'>ἐλεύθερον</span> <span class='ocrx_word' id='word_1_824' title='bbox 2846 5123 2952 5176; x_wconf 79' lang='grc' dir='ltr'><strong>ἀπὸ</strong></span> <span class='ocrx_word' id='word_1_825' title='bbox 2985 5124 3102 5187; x_wconf 85' lang='grc' dir='ltr'>σοῦ,</span> <span class='ocrx_word' id='word_1_826' title='bbox 3133 5126 3234 5179; x_wconf 78' lang='grc' dir='ltr'><strong>οὐκ</strong></span> <span class='ocrx_word' id='word_1_827' title='bbox 3263 5126 3649 5191; x_wconf 80' lang='grc' dir='ltr'>ὲξαποστελείς</span> <span class='ocrx_word' id='word_1_828' title='bbox 3672 5126 3764 5178; x_wconf 75' lang='lat' dir='ltr'><strong>a6-</strong></span> 
     </span>
    </p>
   </div>
   <div class='ocr_carea' id='block_1_114' title="bbox 2184 5211 3764 5288">
    <p class='ocr_par' dir='ltr' id='par_1_114' title="bbox 2184 5211 3764 5288">
     <span class='ocr_line' id='line_1_115' title="bbox 2184 5211 3764 5288; baseline 0.002 -24"><span class='ocrx_word' id='word_1_829' title='bbox 2184 5211 2273 5264; x_wconf 87' lang='grc' dir='ltr'><strong>τὸν</strong></span> <span class='ocrx_word' id='word_1_830' title='bbox 2296 5212 2469 5265; x_wconf 79' lang='grc' dir='ltr'>κενόν’</span> <span class='ocrx_word' id='word_1_831' title='bbox 2497 5212 2705 5282; x_wconf 74' lang='grc' dir='ltr'>ἐφόδιον</span> <span class='ocrx_word' id='word_1_832' title='bbox 2718 5213 3020 5281; x_wconf 76' lang='grc' dir='ltr'>ἐφοδιάσεις</span> <span class='ocrx_word' id='word_1_833' title='bbox 3045 5215 3209 5269; x_wconf 72' lang='grc' dir='ltr'>αὐτὸν</span> <span class='ocrx_word' id='word_1_834' title='bbox 3226 5217 3332 5270; x_wconf 77' lang='grc' dir='ltr'><strong>ἀπδ</strong></span> <span class='ocrx_word' id='word_1_835' title='bbox 3351 5216 3460 5269; x_wconf 88' lang='grc' dir='ltr'><strong>τῶν</strong></span> <span class='ocrx_word' id='word_1_836' title='bbox 3478 5217 3764 5288; x_wconf 73' lang='grc' dir='ltr'>προϐάτων</span> 
     </span>
    </p>
   </div>
   <div class='ocr_carea' id='block_1_115' title="bbox 2186 5301 3763 5376">
    <p class='ocr_par' dir='ltr' id='par_1_115' title="bbox 2186 5301 3763 5376">
     <span class='ocr_line' id='line_1_116' title="bbox 2186 5301 3763 5376; baseline 0.003 -23"><span class='ocrx_word' id='word_1_837' title='bbox 2186 5318 2299 5365; x_wconf 83' lang='grc' dir='ltr'>σου,</span> <span class='ocrx_word' id='word_1_838' title='bbox 2329 5301 2424 5354; x_wconf 71' lang='grc' dir='ltr'><strong>καὶ</strong></span> <span class='ocrx_word' id='word_1_839' title='bbox 2446 5302 2551 5354; x_wconf 85' lang='grc' dir='ltr'><strong>ἀπὸ</strong></span> <span class='ocrx_word' id='word_1_840' title='bbox 2568 5301 2660 5354; x_wconf 80' lang='grc' dir='ltr'>τοῦ</span> <span class='ocrx_word' id='word_1_841' title='bbox 2682 5304 2828 5355; x_wconf 87' lang='grc' dir='ltr'>σίτου</span> <span class='ocrx_word' id='word_1_842' title='bbox 2851 5305 2945 5357; x_wconf 81' lang='grc' dir='ltr'><strong>καὶ</strong></span> <span class='ocrx_word' id='word_1_843' title='bbox 2969 5305 3078 5359; x_wconf 81' lang='grc' dir='ltr'><strong>ἀπὸ</strong></span> <span class='ocrx_word' id='word_1_844' title='bbox 3094 5306 3191 5376; x_wconf 81' lang='grc' dir='ltr'>τῆς</span> <span class='ocrx_word' id='word_1_845' title='bbox 3221 5308 3423 5376; x_wconf 79' lang='grc' dir='ltr'>κλήρου</span> <span class='ocrx_word' id='word_1_846' title='bbox 3449 5323 3565 5360; x_wconf 74' lang='grc' dir='ltr'>σουο</span> <span class='ocrx_word' id='word_1_847' title='bbox 3586 5306 3763 5368; x_wconf 80' lang='grc' dir='ltr'>καθὼς</span> 
     </span>
    </p>
   </div>
   <div class='ocr_carea' id='block_1_116' title="bbox 2186 5394 3764 5468">
    <p class='ocr_par' dir='ltr' id='par_1_116' title="bbox 2186 5394 3764 5468">
     <span class='ocr_line' id='line_1_117' title="bbox 2186 5394 3764 5468; baseline 0.003 -24"><span class='ocrx_word' id='word_1_848' title='bbox 2186 5394 2454 5463; x_wconf 74' lang='grc' dir='ltr'>ηὐλόγησέ</span> <span class='ocrx_word' id='word_1_849' title='bbox 2482 5410 2540 5445; x_wconf 91' lang='grc' dir='ltr'><strong>σε</strong></span> <span class='ocrx_word' id='word_1_850' title='bbox 2576 5395 2781 5465; x_wconf 85' lang='grc' dir='ltr'>Κύριος</span> <span class='ocrx_word' id='word_1_851' title='bbox 2812 5397 2840 5447; x_wconf 91' lang='lat'><strong>6</strong></span> <span class='ocrx_word' id='word_1_852' title='bbox 2870 5396 3001 5459; x_wconf 79' lang='grc' dir='ltr'>Θεὸς</span> <span class='ocrx_word' id='word_1_853' title='bbox 3032 5415 3146 5462; x_wconf 92' lang='grc' dir='ltr'>σου,</span> <span class='ocrx_word' id='word_1_854' title='bbox 3177 5397 3369 5462; x_wconf 84' lang='grc' dir='ltr'>δώσεις</span> <span class='ocrx_word' id='word_1_855' title='bbox 3397 5399 3562 5468; x_wconf 79' lang='grc' dir='ltr'>αὐτῷ.</span> <span class='ocrx_word' id='word_1_856' title='bbox 3602 5416 3619 5447; x_wconf 77' lang='grc' dir='ltr'><strong>ι</strong></span> <span class='ocrx_word' id='word_1_857' title='bbox 3664 5397 3764 5450; x_wconf 66' lang='grc' dir='ltr'><strong>Τὸν</strong></span> 
     </span>
    </p>
   </div>
   <div class='ocr_carea' id='block_1_117' title="bbox 2186 5486 3763 5563">
    <p class='ocr_par' dir='ltr' id='par_1_117' title="bbox 2186 5486 3763 5563">
     <span class='ocr_line' id='line_1_118' title="bbox 2186 5486 3763 5563; baseline 0 -25"><span class='ocrx_word' id='word_1_858' title='bbox 2186 5487 2282 5554; x_wconf 76' lang='grc' dir='ltr'>μὲν</span> <span class='ocrx_word' id='word_1_859' title='bbox 2303 5486 2411 5556; x_wconf 80' lang='grc' dir='ltr'>γὰρ</span> <span class='ocrx_word' id='word_1_860' title='bbox 2435 5486 2594 5539; x_wconf 79' lang='grc' dir='ltr'>ἄλλον</span> <span class='ocrx_word' id='word_1_861' title='bbox 2618 5488 2829 5540; x_wconf 70' lang='grc' dir='ltr'>ἅπαντα</span> <span class='ocrx_word' id='word_1_862' title='bbox 2852 5489 3064 5559; x_wconf 76' lang='grc' dir='ltr'>χρόνον,</span> <span class='ocrx_word' id='word_1_863' title='bbox 3125 5492 3231 5561; x_wconf 81' lang='grc' dir='ltr'>πρὸ</span> <span class='ocrx_word' id='word_1_864' title='bbox 3268 5495 3367 5563; x_wconf 77' lang='grc' dir='ltr'>τῆς</span> <span class='ocrx_word' id='word_1_865' title='bbox 3391 5492 3484 5545; x_wconf 77' lang='grc' dir='ltr'>τοῦ</span> <span class='ocrx_word' id='word_1_866' title='bbox 3508 5492 3763 5560; x_wconf 80' lang='grc' dir='ltr'>Σωτῆρος</span> 
     </span>
    </p>
   </div>
   <div class='ocr_carea' id='block_1_118' title="bbox 2182 5576 3763 5652">
    <p class='ocr_par' dir='ltr' id='par_1_118' title="bbox 2182 5576 3763 5652">
     <span class='ocr_line' id='line_1_119' title="bbox 2182 5576 3763 5652; baseline 0.002 -23"><span class='ocrx_word' id='word_1_867' title='bbox 2182 5576 2337 5646; x_wconf 81' lang='grc' dir='ltr'>ἡμῶν</span> <span class='ocrx_word' id='word_1_868' title='bbox 2373 5576 2682 5647; x_wconf 76' lang='grc' dir='ltr'>ἐπιδημίας,</span> <span class='ocrx_word' id='word_1_869' title='bbox 2716 5578 2984 5651; x_wconf 80' lang='grc' dir='ltr'>πνεύματι</span> <span class='ocrx_word' id='word_1_870' title='bbox 3025 5582 3268 5645; x_wconf 78' lang='grc' dir='ltr'>δουλείας</span> <span class='ocrx_word' id='word_1_871' title='bbox 3304 5583 3333 5635; x_wconf 89' lang='lat'><strong>6</strong></span> <span class='ocrx_word' id='word_1_872' title='bbox 3393 5583 3602 5652; x_wconf 71' lang='grc' dir='ltr'>Ἰσραὴλ</span> <span class='ocrx_word' id='word_1_873' title='bbox 3630 5598 3763 5633; x_wconf 78' lang='grc' dir='ltr'>κατ-</span> 
     </span>
    </p>
   </div>
   <div class='ocr_carea' id='block_1_119' title="bbox 2255 5687 3758 5759">
    <p class='ocr_par' dir='ltr' id='par_1_119' title="bbox 2255 5687 3758 5759">
     <span class='ocr_line' id='line_1_120' title="bbox 2255 5687 3758 5759; baseline 0.007 -18"><span class='ocrx_word' id='word_1_874' title='bbox 2255 5690 2299 5719; x_wconf 75' lang='grc'><strong>⁸⁷</strong></span> <span class='ocrx_word' id='word_1_875' title='bbox 2332 5687 2539 5743; x_wconf 75' lang='lat' dir='ltr'><strong>Coloss.</strong></span> <span class='ocrx_word' id='word_1_876' title='bbox 2580 5705 2636 5753; x_wconf 78' lang='grc' dir='ltr'><strong>ιι,</strong></span> <span class='ocrx_word' id='word_1_877' title='bbox 2672 5691 2755 5743; x_wconf 85' lang='lat' dir='ltr'><strong>ll.</strong></span> <span class='ocrx_word' id='word_1_878' title='bbox 2870 5694 2912 5723; x_wconf 71' lang='grc'><strong>⁸⁵</strong></span> <span class='ocrx_word' id='word_1_879' title='bbox 2945 5694 3116 5749; x_wconf 82' lang='lat' dir='ltr'><strong>Exod.</strong></span> <span class='ocrx_word' id='word_1_880' title='bbox 3144 5712 3252 5759; x_wconf 73' lang='lat' dir='ltr'><strong>xxx,</strong></span> <span class='ocrx_word' id='word_1_881' title='bbox 3280 5698 3333 5750; x_wconf 73' lang='lat'><strong>‘2.</strong></span> <span class='ocrx_word' id='word_1_882' title='bbox 3412 5699 3454 5729; x_wconf 71' lang='grc'><strong>⁸³³</strong></span> <span class='ocrx_word' id='word_1_883' title='bbox 3475 5698 3638 5750; x_wconf 82' lang='lat' dir='ltr'><strong>Deut.</strong></span> <span class='ocrx_word' id='word_1_884' title='bbox 3673 5714 3758 5759; x_wconf 72' lang='lat' dir='ltr'><strong>xv,</strong></span> 
     </span>
    </p>
   </div>
  </div>
