4072 6510
209 385 292 443 531

892 388 979 445 DE
1017 389 1455 449 ADORATIONE
1494 393 1559 448 IN
1604 392 1871 449 δι’ιίὶίΤο
1915 393 2002 447 ΕΤ
2042 395 2408 451 VERITATE.
2452 395 2578 450 LIB.
2624 395 2731 449 \‘ll.

3331 394 3434 451 502

206 503 506 573 εσφίγγετο,
562 502 709 573 νόμῳ
755 502 833 575 τῷ
897 507 1181 573 κολάζοντι
1236 511 1758 583 καταζευγνύμενος.

1886 512 2037 566 ιίειιιί
2072 515 2387 583 subjectus;
2416 521 2602 584 postea
2631 528 2760 568 vero
2784 527 2947 583 quam
2978 510 3237 567 extremis
3253 512 3437 567 saeculi

216 593 419 665 Ἐπειδὴ
460 592 516 646 δέ
544 594 604 648 ἐν
631 595 879 666 ἐσχάτοις
911 596 1004 650 τοῦ
1034 599 1228 664 αἰῶνος
1250 606 1459 674 καιροῖς
1489 604 1758 673 (τέθειται

1886 604 2219 673 cmporibus,
2250 620 2481 675 quorum
2508 605 2672 660 etiam
2700 603 2925 674 ﬁguram
2954 601 3251 658 Sabbatum
3272 601 3439 657 fuisse

203 686 251 739 δέ
277 687 407 756 ήμῖν
440 685 536 738 καὶ
570 684 723 739 τοῦδε
752 686 920 752 τύπος
950 688 1011 743 τὸ
1046 691 1359 766 Σάϐϐατον)
1391 695 1700 766 ἐπέλαμψεν
1732 698 1761 750 ὁ

1886 694 2073 749 ιιιοὺίε
2117 695 2358 764 positum
2400 704 2515 760 est,
2548 694 2741 750 illuxit
2776 693 3123 766 Emmanuel,~
3150 701 3265 747 tum
3305 708 3451 748 vero

215 776 579 846 Ἐμμανουήλ,
629 776 751 830 τότε
805 777 871 851 δή
918 780 979 833 τὸ
1032 781 1130 852 μέν
1181 758 1424 849 δουλείας
1478 758 1760 857 ἀφήρηται

1886 787 2147 842 ιετνίιιιιίε
2185 788 2412 857 spiritus
2452 758 2702 842 sublatus
2740 792 2860 853 est;
2887 758 3123 855 cumque
3157 784 3295 838 nihil
3328 784 3451 839 Do-g

204 866 433 937 πνεῦμα,
471 868 971 937 προσκεκομικότες
1002 869 1059 923 δέ
1088 872 1224 937 ὅλως
1259 874 1411 953 ούδέν
1443 876 1523 939 είς
1562 876 1765 931 ἀπολύο

203 977 394 1033 τρωσιν
425 958 504 1030 τῷ
523 960 787 1032 Δεσπότῃ,
822 961 1239 1036 φιλανθρωπίνῳ
1266 967 1447 1038 χάριτι
1475 968 1766 1038 κέκληνται

204 1051 332 1122 πρὸς
374 1050 707 1121 ἐλευθερίαν,
754 1052 849 1105 καὶ
889 1053 971 1116 είς
999 1053 1098 1125 τήν
1138 1055 1237 1125 τῆς
1272 1059 1544 1124 υἱοθεσίας
1567 1060 1726 1125 δόξαν
1748 1077 1764 1093 ·

203 1142 568 1196 δεδικαίωνται
592 1142 701 1213 γὰρ
724 1142 774 1196 οί
808 1143 1196 1211 πιστεύσαντες
1235 1148 1335 1202 οὐκ
1364 1149 1424 1213 ἐξ
1460 1149 1638 1221 ἔργων
1678 1149 1767 1203 νόν

205 1250 297 1303 μου
348 1232 489 1287 κατὰ
532 1234 632 1297 τὰς
662 1235 905 1306 Γραφάς,
931 1236 1049 1290 ἀλλ’
1090 1238 1156 1292 ἐκ
1191 1239 1446 1303 πίστεως.
1483 1243 1594 1295 Καὶ
1615 1241 1770 1296 τοῦτο

202 1321 331 1379 εἶναί
372 1342 513 1395 φημι
539 1325 618 1392 τὸ,
672 1344 693 1379 ι
738 1326 1125 1389 Ἀπελεύσεται
1162 1330 1442 1402 ἐλεύθερος
1474 1332 1699 1405 δωρεάν.
1746 1352 1766 1385 υ

214 1414 371 1479 ⁸Δλλ“,
410 1435 431 1468 ι
459 1416 648 1479 Ὀταν,
686 1417 871 1488 φησὶν,
910 1418 1289 1486 ἐξαποστελεῖς
1309 1424 1467 1477 αὐτὸν
1492 1425 1772 1497 ἐλεύθερον

202 1506 300 1564 ἀπὸ
334 1504 453 1569 σού,
485 1507 585 1567 οὐκ
620 1505 1003 1573 ἐξαποστελεῖς
1054 1511 1214 1565 αὐτὸν
1243 1514 1417 1566 κενόν·
1444 1515 1651 1583 ἐφόδιον
1676 1519 1773 1585 ἐφ-

202 1594 431 1658 οδιάσεις
466 1596 628 1651 αὐτὸν
646 1597 751 1651 ἀπὸ
772 1598 881 1650 τῶν
909 1600 1197 1670 προϐάτων
1226 1619 1341 1667 σου,
1371 1605 1478 1658 ἀπὸ
1502 1606 1594 1658 τοῦ
1627 1606 1774 1660 σίτου

203 1703 313 1749 σου,
348 1687 444 1740 καὶ
484 1686 591 1739 ἀπὸ
625 1688 725 1756 τῆς
756 1688 921 1760 ληνοῦ
958 1708 1073 1743 σου.
1125 1711 1143 1743 ι
1197 1691 1360 1764 Ὁρᾷς
1391 1696 1636 1765 ἐναργῶς
1681 1697 1774 1750 τοῦ

202 1777 337 1833 κατὰ
361 1778 591 1849 Χριστὸν
622 1780 923 1851 μυστηρίου
959 1782 1054 1851 τὴν
1082 1783 1328 1855 δύναμιν,
1362 1786 1419 1838 ἐν
1444 1804 1505 1853 γε
1535 1790 1775 1842 τουτοισὶ

199 1868 639 1938 διαλάμπουσανς
674 1849 1060 1943 λελυτρὼμεθα
1105 1849 1234 1947 γὰρξ
1265 1878 1359 1931 καὶ
1390 1849 1591 1949 ἀνῆκεν
1626 1882 1771 1951 ἡμᾶς
1806 1849 1847 1904 Β

200 1960 516 2031 ἐλευθέρους
546 1964 575 2015 ὁ
614 1962 829 2017 πάντων
861 1966 1018 2036 ήμῶν
1055 1968 1261 2041 Σωτήρ,
1294 1969 1524 2042 δωρεάν.
1557 1973 1631 2025 Ού
1662 1973 1773 2045 γὰρ

200 2052 254 2117 ἐξ
306 2051 489 2123 ἔργων
532 2053 879 2126 δικαιοσύνης
934 2060 973 2111 ὰ
1017 2060 1355 2131 ἐποιήσαμεν
1402 2064 1585 2133 ήμεῖς,
1637 2064 1775 2120 ἀλλὰ

201 2143 340 2196 κατὰ
386 2144 450 2197 τὸ
498 2145 634 2198 πολὺ
677 2147 846 2201 αὐτοῦ
890 2149 1060 2212 ἕλεος,
1110 2152 1251 2205 κατὰ
1278 2152 1340 2205 τὸ
1365 2155 1770 2225 γεγραμμένον,

197 2233 291 2303 τῆς
343 2233 522 2300 οὕτως
566 2238 881 2309 ὑπερφυοῦς
929 2242 1268 2313 ἡμερότητος
1324 2246 1773 2317 μετεσχήκαμενι

198 2326 368 2388 ἀνιεὶς
416 2327 476 2380 δὲ
517 2330 669 2399 ἡμᾶς
716 2330 1055 2403 ἐλευθέρους,
1106 2334 1410 2403 τουτέστιν,
1460 2338 1779 2403 ἀπαλλάξας

193 2417 508 2496 αμαρτιῶν,
554 2421 648 2474 καὶ
690 2424 755 2492 τῇ
804 2425 900 2492 τῆς
937 2424 1210 2489 υἱοθεσίας
1237 2428 1651 2493 κατακαλλύνας
1680 2430 1777 2501 χάι

199 2526 325 2580 ριτι,
377 2509 545 2563 καλὸν
591 2512 723 2582 ἡμῖν
754 2513 963 2582 ἐφόδιον
1010 2516 1199 2571 ἑαυτὸν
1252 2519 1660 2589 προστέθεικεν,
1700 2522 1774 2585 ὡς

195 2600 431 2670 ἄμωμον
483 2602 695 2672 ίερεῖον,
747 2604 841 2657 καὶ
887 2605 962 2669 ὡς
997 2608 1272 2674 πρόϐατον
1312 2612 1405 2663 ἐπὶ
1461 2613 1676 2682 σφαγὴν
1706 2613 1778 2666 δι’

197 2692 346 2761 ἡμᾶς
390 2692 653 2763 ἠγμένος,
698 2697 1065 2766 χαρισάμενός
1102 2716 1160 2751 τε
1192 2700 1254 2752 τὸ
1294 2705 1584 2771 μετασχεῖν
1628 2703 1779 2757 εὐλο-

198 2780 323 2847 γίας
355 2782 461 2850 τῆς
491 2781 779 2848 ζωοποιοῧ,
820 2786 1088 2848 τουτέστι,
1122 2788 1219 2858 τῆς
1253 2789 1414 2855 ἁγίας
1453 2791 1616 2845 αύτοῦ
1645 2809 1779 2864 σαρ-

196 2870 293 2934 κός
322 2888 384 2924 τε
414 2873 511 2925 καὶ
542 2872 789 2943 αἵματος.
827 2876 1016 2941 Τοῦτο,
1041 2873 1211 2949 οἶμαι,
1251 2880 1374 2933 ἐστὶ
1407 2880 1468 2933 τὸ
1504 2881 1779 2951 ἐφοδιάζε-

199 2961 324 3015 σθαι
351 2963 467 3016 δεῖν
491 2964 597 3016 ἀπὸ
625 2965 732 3019 τῶν
758 2966 1067 3037 προϐάτων,
1095 2970 1201 3022 ἀπό
1225 2986 1285 3022 τε
1316 2971 1464 3024 σίτου
1492 2974 1587 3026 καὶ
1608 2974 1774 3039 οίνου,

195 3054 326 3116 τοὺς
381 3056 440 3106 ἐν
488 3055 700 3126 ἑϐδόμῳ
754 3058 948 3129 καιρῷ,
999 3059 1299 3127 τουτέστιν,
1367 3064 1425 3115 ἐν
1475 3063 1551 3134 τῷ
1608 3065 1781 3137 νοητῷ

197 3143 489 3252 Σαϐϐατῳ,
523 3147 893 3252 κεκλημένους
914 3152 995 3213 είς
1021 3151 1332 3223 ἐλευθερίαν
1361 3154 1418 3220 ἐξ
1445 3157 1477 3226 ή
1487 3172 1552 3226 με
1562 3157 1781 3227 ρότητος
1811 3194 1853 3252 c

196 3236 300 3305 τῆς
344 3238 704 3308 Δεσποτικῆςο
738 3240 875 3294 ἀλλὰ
911 3242 1070 3295 ταυτὶ
1120 3244 1218 3315 μὲν
1263 3246 1291 3297 ὁ
1330 3244 1512 3314 νόμος.
1561 3248 1781 3321 Ἐπειδὴ

196 3328 255 3381 δέ
299 3330 419 3392 τοῖς
470 3330 745 3395 Ἰουδαίοις
781 3333 1232 3389 ἀναπεπωκὸσιν
1270 3336 1349 3400 είς
1386 3337 1681 3408 ῥᾳθυμίαν,
1721 3341 1781 3392 ού

194 3418 322 3475 λίαν
369 3420 543 3474 ἐδόκει
591 3424 779 3493 τηρεῖν
821 3424 890 3478 τὰ
957 3426 1340 3498 ἐντεταλμένα,
1419 3432 1714 3500 κατῃτιᾶτο
1756 3433 1785 3485 ὁ

197 3510 340 3575 Θεδς
373 3511 533 3567 τοῦτο
565 3512 697 3585 δρᾷν
727 3514 1038 3586 ἑλομένους.
1072 3518 1384 3590 Γέγραπται
1417 3520 1546 3591 γὰρ,
1582 3521 1662 3573 ὅτι
1693 3523 1786 3575 καὶ

203 3618 224 3651 ι
280 3601 554 3672 Ἐγενήθη
606 3602 764 3671 λόγος
798 3604 1005 3676 Κυρίου
1064 3607 1203 3679 πρὸς
1252 3607 1544 3680 Ἰερεμίαν,
1578 3609 1783 3679 λέγων·

198 3690 400 3756 οὕτως
431 3687 555 3747 εἷπε
594 3694 800 3763 Κύριος
848 3698 877 3749 δ
920 3697 1053 3761 Θεὸς
1096 3699 1332 3769 Ἰσραὴλ,
1364 3699 1573 3767 λέγων·
1605 3701 1787 3754 Διεθέ-

202 3797 318 3852 μην
350 3781 620 3853 διαθήκην
651 3782 785 3853 πρὸς
808 3787 947 3849 τοὺς
971 3787 1215 3857 πατέρας
1246 3786 1400 3857 ὑμῶν
1429 3788 1485 3840 ἐν
1514 3789 1580 3859 τῇ
1607 3788 1788 3861 ἡμέρᾳ

201 3866 238 3943 ᾖ
265 3872 566 3944 ἐξειλόμην
611 3878 809 3940 αὐτοὺς
844 3878 909 3930 ἐκ
941 3879 1044 3948 γῆς
1075 3878 1354 3946 Αἰγύπτου
1393 3882 1451 3949 ἐξ
1479 3886 1627 3938 οῖκου
1672 3886 1789 3938 δουο

199 3962 366 4027 λείας
395 3964 568 4033 λέγων
594 3984 608 4000 ο
645 3969 815 4021 Ὅταν
839 3967 1097 4039 πληρωθῇ
1124 3967 1183 4033 ἐξ
1206 3969 1322 4041 ἐτη,
1356 3970 1672 4038 ἀποστελεῖς
1697 3975 1787 4029 τὸν

199 4055 444 4123 ἀδελφόν
490 4075 585 4110 σου
615 4059 708 4111 τὸν
757 4058 1031 4129 Ἐϐρατον,
1069 4059 1129 4123 ὃς
1171 4061 1513 4133 πραθήσεταί
1553 4083 1656 4129 σοι,
1698 4068 1792 4120 καὶ

199 4146 447 4217 ἐργᾶταί
490 4166 575 4202 σοι
604 4147 665 4213 ἐξ
709 4148 826 4219 ἐτη,
866 4150 958 4209 καὶ
987 4149 1364 4218 ἐξαποστελεῖς
1398 4155 1560 4210 αὑτὸν
1582 4157 1792 4214 ἐλεύθε-

203 4253 305 4305 ρον
328 4253 345 4265 ο
382 4238 471 4291 καὶ
507 4240 610 4292 οὐκ
642 4239 881 4308 ἥκουσάν
913 4256 1037 4309 μου,
1079 4239 1172 4293 καὶ
1204 4242 1306 4297 ούκ
1363 4242 1577 4299 ἔκλιναν
1602 4246 1662 4298 τὸ
1700 4240 1792 4308 οὖς

199 4327 434 4382 αὐτῶνθ
477 4331 572 4383 καὶ
603 4330 947 4403 ἐπέστρεψαν
1000 4334 1236 4404 σήμερον
1274 4335 1495 4406 ποιῆσαι
1534 4336 1594 4389 τὸ
1640 4337 1793 4401 esse;

196 4419 321 4488 πρὸ
379 4419 671 4491 ὀφθαλμῶν
723 4439 847 4491 μου,
905 4422 998 4477 τοῦ
1048 4424 1276 4477 καλέσαι
1322 4426 1518 4494 ἄφεσιν
1565 4426 1793 4482 ἕκαστον

1867 879 2016 932 mino
2038 894 2137 948 pro
2162 879 2538 949 redemptione
2555 878 2937 943 contulissent,
2956 876 3296 947 benignitate
3315 889 3451 945 gran

1868 970 1957 1024 tia:
2003 977 2131 1023 sunt
2171 970 2238 1024 ad
2279 969 2587 1024 libertatem
2627 976 2683 1023 et
2719 967 2788 1022 ad
2850 966 3081 1039 gloriam
3125 962 3451 1034 adoptionis

1867 1062 2045 1116 vocati
2072 1079 2085 1114 :
2112 1077 2237 1115 nam
2258 1060 2538 1131 iustiﬁcati
2581 1067 2731 1124 sunt,
2776 1059 2871 1129 qui
2905 1056 3283 1118 crediderunt,
3332 1068 3449 1107 non

1868 1167 1936 1207 ex
1963 1151 2227 1221 operibus
2249 1151 2404 1222 legis,
2432 1159 2493 1205 ut
2516 1151 2778 1221 scriptum
2802 1157 2906 1213 est,
2936 1148 3032 1203 sed
3053 1162 3122 1202 ex
3147 1146 3272 1200 ﬁde.
3304 1144 3445 1198 Hoc-

1870 1258 1978 1312 que
2024 1258 2145 1297 esse
2192 1242 2411 1313 inquam
2455 1242 2632 1296 illud:
2696 1261 2713 1291 ι
2778 1239 3103 1310 Egredietur
3142 1236 3284 1291 liber
3322 1249 3444 1305 gra—

1873 1333 1943 1387 tis
1968 1334 2006 1387 ¹.
2046 1353 2064 1384 ι
2095 1332 2202 1388 Sed
2248 1348 2373 1387 cum
2400 1333 2611 1402 inquit,
2653 1352 2669 1380 ‹
2704 1332 2936 1386 Emittes
2977 1344 3103 1384 eum
3147 1327 3385 1381 liberum
3410 1341 3443 1379 a

1874 1432 1949 1487 te,
1976 1440 2087 1477 non
2112 1423 2331 1478 emittes
2352 1439 2478 1477 eum
2508 1438 2777 1482 vacuum:
2807 1422 3067 1476 viaticum
3090 1421 3248 1475 dabis
3270 1419 3348 1473 illi
3374 1419 3444 1473 ab

1874 1515 2069 1570 ovibus
2104 1514 2233 1579 tuis,
2259 1530 2291 1567 a
2322 1513 2598 1567 frumento
2647 1522 2762 1574 tuo,
2804 1520 2860 1566 et
2885 1527 2915 1565 a
2941 1509 3200 1564 torculari
3224 1519 3319 1562 tuo
3344 1509 3387 1570 ',
3421 1525 3439 1557 ι

1873 1606 2031 1660 vides
2070 1605 2359 1676 perspicue
2408 1604 2611 1659 Christi
2640 1602 2885 1674 mysterii
2922 1602 3031 1656 vim
3069 1601 3125 1654 in
3157 1600 3244 1653 his
3265 1596 3450 1653 verbis

1877 1692 2127 1763 fulgere;
2170 1708 2296 1748 nam
2325 1692 2594 1761 redempti
2640 1706 2854 1754 sumus,
2889 1699 2945 1745 et
2983 1688 3201 1743 dimisit.
3224 1702 3326 1742 nos
3358 1686 3457 1740 ille

1879 1783 2123 1837 omnium
2148 1782 2396 1838 Salvator
2422 1782 2627 1836 liberos
2650 1781 2843 1851 gratis.
2872 1780 2993 1834 Non
3029 1778 3176 1834 enim
3202 1793 3273 1832 ex
3315 1790 3469 1846 ope--

1877 1873 2029 1927 ribus
2050 1873 2294 1944 justitize,
2324 1886 2443 1942 qua:
2472 1870 2701 1925 fecimus
2732 1884 2852 1932 nos,
2888 1867 2985 1923 sed
3010 1866 3313 1922 secundum
3335 1880 3473 1920 ma-.

1876 1981 2034 2036 gnam
2060 1964 2493 2020 misericordiam
2532 1977 2709 2025 suam,
2744 1968 2806 2014 ut
2841 1959 3105 2029 scriptum
3143 1965 3248 2019 est,
3291 1955 3477 2010 beni-L

1878 2055 2103 2126 gnitatis
2133 2054 2272 2108 adeo
2303 2051 2531 2122 insignis
2573 2048 2869 2121 participes
2902 2048 3027 2102 facti
3053 2061 3244 2101 sumus
3268 2063 3280 2098 :
3300 2057 3454 2099 cum-

1879 2160 1984 2214 que
2006 2160 2107 2199 nos
2125 2144 2327 2198 liberos
2349 2142 2665 2205 dimisisset,
2692 2140 2747 2195 id
2770 2149 2873 2204 est,
2910 2154 2940 2193 a
2960 2136 3199 2208 peccatis
3220 2136 3454 2190 liberas-

1880 2248 1982 2301 set,
2028 2245 2083 2291 et
2127 2234 2436 2304 adoptionis
2487 2232 2659 2304 gratia
2730 2230 3081 2293 decorasset,
3129 2226 3454 2298 praeclarum

1880 2328 2039 2383 nobis
2094 2327 2353 2380 viaticum
2409 2325 2647 2394 seipsum
2711 2321 2950 2393 adjecit,
3001 2325 3060 2373 ut
3109 2317 3456 2373 immaculata

1881 2418 2080 2482 hostia,
2116 2426 2172 2472 et
2196 2416 2397 2471 utovis
2415 2416 2483 2469 ad
2510 2414 2788 2471 victimam
2830 2418 3059 2482 propter
3093 2424 3196 2464 nos
3231 2408 3453 2470 ductus,

1880 2510 2216 2581 largitusque
2243 2514 2304 2562 ut
2333 2505 2569 2561 viviﬁcas
2586 2502 3009 2566 benedictionis,
3060 2499 3117 2554 id
3182 2507 3287 2563 est,
3328 2514 3458 2553 sano

1880 2610 1982 2657 etas
2015 2616 2139 2656 suae
2174 2598 2363 2654 carnis
2386 2614 2450 2653 ac
2486 2596 2767 2667 sanguinis
2811 2592 3105 2665 participes
3141 2605 3389 2647 essemus
3415 2590 3471 2649 '.7

1882 2692 1998 2747 Hoc
2031 2700 2134 2755 est,
2171 2689 2385 2759 opinor,
2435 2687 2504 2742 ab
2536 2686 2754 2749 ovibus,
2806 2692 2970 2752 atque
3008 2697 3039 2736 a
3094 2680 3375 2734 frumento
3404 2687 3479 2733 ει.

1882 2781 2011 2836 vino
2034 2777 2494 2848 suppeditandum
2517 2792 2637 2831 esse
2669 2774 2927 2829 viaticum
2976 2772 3061 2834 iis,
3094 2772 3188 2840 qui
3226 2768 3486 2839 septimo.

1884 2882 2148 2943 tempore,
2182 2871 2234 2925 id
2256 2878 2359 2933 est,
2382 2868 2650 2938 spirituali
2682 2866 2943 2929 Sabbato,
2970 2862 3038 2917 ad
3067 2863 3373 2917 libertatem
3395 2876 3463 2914 ex

1887 2963 2227 3034 benignitate
2253 2960 2535 3016 Dominiea
2562 2966 2847 3012 vocantur.
2888 2956 3064 3024 Atque
3103 2954 3191 3008 lex
3238 2950 3488 3022 quidem-

1886 3056 2169 3110 hactenus.
2201 3053 2495 3114 Caeterum,
2523 3050 2650 3119 quia
2675 3048 2878 3104 Judteis
2894 3063 3006 3117 prae
3028 3044 3279 3101 socordia
3309 3058 3487 3097 resu-r

1886 3146 2033 3216 pinis
2053 3159 2160 3198 non
2189 3141 2486 3196 admodum
2514 3140 2763 3209 placebat
2786 3139 2909 3192 haec
2926 3135 3182 3190 mandata
3217 3148 3461 3195 servare,

1886 3250 1983 3290 eos
2004 3235 2148 3288 Deus
2172 3239 2410 3294 accusat,
2451 3229 2545 3298 qui
2577 3229 2683 3283 hoc
2724 3227 2909 3281 animo
2940 3222 3463 3291 essent.,Scriptum

1887 3334 1971 3380 cst
1994 3324 2141 3380 enim
2172 3341 2185 3376 :
2234 3341 2251 3374 ‹
2282 3322 2505 3377 Factum
2546 3328 2631 3375 est
2670 3319 2898 3374 verbum
2933 3316 3152 3372 Domini
3196 3315 3265 3370 ad
3309 3314 3463 3373 lere-

1888 3416 2053 3469 miam
2078 3456 2092 3480 ,
2116 3414 2305 3469 dicens
2333 3430 2346 3466 :
2374 3412 2465 3467 Sic
2492 3411 2627 3466 dicit
2650 3410 2915 3465 Dominus
2947 3409 3092 3463 Deus
3123 3406 3289 3461 Israel
3315 3423 3327 3458 :
3353 3405 3467 3475 Ego

1890 3504 2080 3576 pepegi
2105 3503 2284 3559 fcedus
2306 3517 2431 3557 cum
2460 3500 2712 3571 patribus
2734 3498 2952 3561 vestris,
2980 3498 3036 3551 in
3064 3496 3154 3551 die
3171 3510 3280 3565 qua
3301 3493 3468 3549 eduxi

1890 3611 1986 3650 eos
2028 3595 2096 3649 de
2122 3602 2267 3648 terra
2312 3592 2548 3663 Egypti,
2596 3590 2663 3645 de
2680 3590 2842 3645 domo
2888 3587 3192 3651 servitutis,
3232 3585 3466 3641 dicens:

1891 3688 2027 3743 Cum
2063 3687 2320 3756 completi
2362 3685 2569 3740 fuerint
2611 3698 2705 3738 sex
2752 3681 2903 3745 anni,
2956 3680 3202 3735 dimittes
3244 3678 3469 3733 fratrem

1893 3790 2050 3836 tuum
2076 3780 2386 3841 Hebraeum,
2412 3777 2574 3847 232
2615 3775 2710 3846 qui
2748 3774 3004 3829 venditus
3048 3772 3219 3828 fuerit
3260 3772 3384 3835 tibi,
3412 3780 3471 3830 et

1894 3878 2152 3942 operatus
2175 3871 2341 3925 fuerit
2366 3869 2467 3924 tibi
2490 3884 2586 3923 sex
2608 3882 2799 3931 annos,
2845 3874 2902 3921 et
2942 3864 3190 3920 dimittes
3235 3877 3362 3918 eum
3396 3862 3469 3915 lio

1896 3965 2121 4019 herum:
2146 3971 2202 4018 et
2224 3978 2333 4017 non
2348 3961 2645 4015 audierunt
2682 3973 2791 4023 me,
2822 3965 2879 4012 et
2915 3971 3029 4010 non
3066 3954 3495 4011 inclinaverunt.

1896 4071 2083 4111 aurem
2108 4071 2265 4110 suam
2301 4061 2393 4109 :et
2415 4051 2664 4108 conversi
2722 4056 2851 4105 sunt
2898 4046 3084 4112 hodie,
3130 4053 3190 4101 ut
3226 4044 3473 4100 facerent

1898 4156 2109 4203 rectum
2133 4160 2317 4201 coram
2338 4143 2513 4199 oculis
2539 4142 2696 4205 meis,
2729 4149 2791 4195 ut
2813 4145 3073 4194 vocarent
3093 4136 3469 4192 dimissionem

1898 4238 2276 4309 unusquisque
2299 4234 2534 4305 proximi
2556 4232 2682 4297 sui;
2731 4238 2787 4285 et
2809 4232 3329 4284 consummaverunt
3370 4238 3485 4292 pax

1900 4337 2049 4383 ctum
2072 4328 2126 4381 in
2150 4331 2447 4394 conspectu
2479 4334 2604 4375 meo
2630 4319 2686 4373 in
2723 4318 2907 4380 domo,
2943 4316 2999 4369 in
3025 4328 3132 4383 qua
3158 4312 3475 4365 invocatum

1899 4425 1983 4473 est
2007 4430 2207 4471 nomen
2230 4427 2412 4467 meum
2447 4410 2505 4464 in
2538 4410 2656 4479 ipsa
2682 4424 2696 4461 :
2722 4414 2778 4460 et
2800 4402 3049 4459 conversi
3073 4399 3211 4455 estis
3251 4406 3307 4453 et
3340 4412 3470 4466 pro-

198 4510 305 4571 τοῦ
355 4490 583 4580 πλησίον
620 4490 819 4567 αὐτοῦ’
856 4514 951 4567 καὶ
980 4515 1330 4571 συνετέλεσαν
1364 4490 1629 4589 διαθήκην
1653 4518 1786 4577 κατὰ

1902 4508 2128 4564 fanastis
2149 4514 2369 4577 pactum
2391 4515 2594 4564 meum,
2622 4506 2685 4553 ut
2720 4494 3052 4552 revocaretis
3092 4490 3469 4561 unusquisque

195 4605 510 4684 πρόσωπόν
553 4624 655 4678 μου
707 4607 766 4661 ἐν
803 4607 882 4681 τῷ
923 4608 1090 4678 οἴκῳ,
1122 4602 1166 4677 ᾧ
1199 4609 1474 4681 ἐπεκλήθη
1528 4610 1595 4664 τὸ
1626 4610 1797 4681 ὄνομα

200 4714 319 4768 μου
357 4698 440 4751 ἐπ’
473 4698 641 4752 αὐτοῦ
664 4716 679 4731 ·
716 4699 810 4753 καὶ
852 4700 1243 4771 ἐπεστρέψατε,
1280 4702 1374 4755 καὶ
1419 4701 1795 4772 ἐϐεϐηλὼσατε

193 4790 310 4859 τὴν
338 4789 608 4861 διαθήκην
638 4807 763 4861 μου,
797 4790 893 4855 τοῦ
921 4793 1244 4864 ἐπιστρέψαι
1263 4794 1492 4853 ἕκαστον
1516 4793 1607 4846 τὸν
1632 4793 1795 4855 παῖδα

195 4880 408 4947 αὐτοῦ,
443 4882 539 4935 καὶ
572 4880 804 4935 ἕκαστον
857 4881 956 4952 τὴν
1002 4882 1291 4954 παιδίσκην
1351 4883 1536 4949 αὑτοῦ,
1582 4882 1674 4946 οὒς
1711 4883 1797 4946 ἐξ·

191 4974 580 5028 απεστείλατε
629 4974 949 5045 ἐλευθέρους
990 4977 1056 5045 τῇ
1088 4974 1233 5046 ψυχῇ
1268 4973 1468 5037 αὐτῶν,
1526 4972 1620 5026 τοῦ
1659 4968 1797 5027 εἶναι

194 5066 354 5135 ὑμῖν
395 5067 471 5128 είς
512 5064 709 5128 παῖδας
757 5065 851 5118 καὶ
900 5064 1209 5127 παιδίσκας.
1246 5084 1263 5114 ι
1314 5065 1477 5135 Ὁρᾷς
1514 5065 1659 5126 ὅπως
1699 5063 1803 5125 οὐκ,

191 5156 469 5225 ἀνέχεται
498 5157 607 5221 τῶν
634 5156 822 5220 τύπων
855 5156 1252 5227 ἀθετουμένων,
1292 5157 1501 5226 μᾶλλον.
1535 5156 1591 5209 δὲ
1632 5155 1798 5225 αὐτῆς

191 5248 316 5314 τῆς
353 5247 608 5319 ἀληθείας
630 5246 1025 5318 ἐξυϐρισμένης
1045 5247 1119 5309 ὡς
1147 5249 1204 5300 ἐν
1231 5250 1407 5309 σκιαῖς
1435 5248 1548 5309 ἕτις
1583 5267 1599 5297 ι
1641 5248 1799 5317 Ἀμε-

189 5335 500 5409 ταμέλητα
564 5339 677 5408 γὰρ,
720 5337 791 5402 τὰ
835 5338 1173 5407 χαρίσματα,
1229 5338 1323 5390 καὶ
1372 5340 1405 5408 ή
1463 5336 1655 5408 κλῆσις
1704 5335 1797 5388 τοῦ

189 5424 393 5483 Θεοῦ.
427 5445 443 5477 ι
494 5426 634 5479 κατὰ
682 5426 744 5479 τὸ
780 5428 1188 5497 γεγραμμένον.
1239 5427 1377 5490 Τοὺς
1410 5425 1464 5491 δὲ
1512 5426 1799 5488 ἀνεθέντας

188 5513 419 5577 ἅπαξ,
472 5516 663 5569 ἀνόπιν
721 5515 973 5578 ἕλκοντες
1037 5514 1314 5577 Ἰουδαῖοι,
1368 5515 1460 5573 καὶ
1525 5518 1639 5577 τοῖς
1700 5515 1797 5582 τῆς

1902 4613 2120 4655 servum
2153 4609 2335 4659 suum,
2363 4602 2419 4649 et
2440 4590 2816 4660 unusquisque
2837 4585 3093 4641 ancillam
3133 4597 3308 4646 suam,
3334 4595 3481 4651 quos

1900 4687 2233 4743 dimiseratis
2257 4684 2462 4739 liberos
2482 4681 2678 4736 animae
2714 4680 2981 4748 ipsorum,
3008 4684 3067 4737 ut
3105 4680 3289 4735 essent
3316 4669 3474 4725 vobis

1901 4779 1957 4834 in
1982 4792 2171 4838 servos
2190 4785 2245 4831 et
2267 4774 2491 4831 ancillas
2513 4773 2553 4827 ⁸.
2579 4792 2595 4823 ι
2646 4770 2813 4826 Vides
2837 4765 3298 4839 quemadmodum
3339 4760 3475 4832 ﬁgun

1903 4888 1991 4928 ras
2013 4868 2288 4940 repudiari
2313 4909 2326 4932 ,
2352 4868 2463 4921 imo
2492 4880 2624 4920 vero
2648 4864 2842 4934 ipsam,
2868 4869 2929 4916 ut
2952 4861 3008 4914 in
3037 4857 3247 4913 umbris
3269 4854 3470 4915 adhuc,

1902 4962 2193 5021 veritatem
2214 4958 2410 5020 violari
2434 4972 2545 5011 non
2572 4954 2803 5027 patitur?
2834 4972 2852 5004 ι
2882 4947 3277 5020 ιιῐιρωηίιεηᾱε
3314 4958 3473 4997 nam-

1904 5069 2011 5122 que
2060 5059 2190 5106 sunt
2214 5049 2357 5105 dona
2395 5047 2492 5104 Dei
2542 5056 2705 5116 atque
2748 5042 2961 5098 vacatio
2987 5042 3030 5104 ⁸,
3064 5058 3082 5091 ι
3129 5047 3190 5091 ut
3206 5035 3475 5117 scriptum

1903 5153 2006 5200 est.
2032 5142 2205 5199 Judaei
2231 5151 2437 5205 autem,
2462 5140 2557 5210 qui
2583 5137 2751 5195 semel
2779 5134 3036 5190 dimissos
3082 5127 3437 5184 retrahebant
3456 5166 3472 5189 ,

1903 5243 1959 5289 et
1983 5234 2086 5289 sub
2109 5231 2387 5287 servitutis
2405 5231 2592 5303 jugum
2619 5227 2798 5281 denuo
2836 5219 3181 5291 subigebant,
3207 5216 3355 5271 illam
3375 5214 3476 5268 im-

1906 5325 2284 5396 poenitentiam
2330 5338 2440 5376 non
2485 5324 2862 5379 servaverunt,
2899 5314 2971 5369 ob
2996 5325 3228 5383 eamque
3253 5324 3475 5365 causam

1905 5417 2274 5479 oﬂ‘enderunt,
2296 5429 2421 5469 cum
2444 5414 2564 5482 ejus
2587 5409 2828 5481 mysterii
2856 5408 2988 5473 vim,
3018 5404 3269 5476 quamvis
3298 5402 3479 5456 adhuc

1904 5511 1959 5563 in
1986 5508 2170 5579 ﬁguris
2204 5514 2365 5569 esset,
2405 5501 2877 5571 contempsissent.

189 5608 469 5673 δουλείας
523 5606 675 5673 αὖθις
736 5607 1101 5680 ὑποφέροντες
1154 5608 1355 5676 ζυγοῖς,
1422 5607 1482 5659 τὸ
1542 5603 1951 5675 ἀμεταμέλητον
2006 5602 2066 5653 οὐ
2120 5601 2489 5670 τετηρήκασι.
2551 5593 3031 5665 προσκεκρούκασί
3075 5608 3131 5644 τε
3188 5587 3274 5643 διὰ
3318 5586 3478 5647 τοῦτρ

286 5788 318 5823 ‘A
350 5783 521 5843 Ετοά.
547 5803 650 5849 xu,
694 5787 738 5839 ι.
809 5789 827 5816 ²
856 5784 1024 5840 Exod.
1059 5800 1134 5845 Ill,
1159 5785 1244 5837 ει.
1306 5786 1323 5816 ³
1346 5783 1453 5837 Tit.
1487 5798 1562 5841 Ill,
1594 5782 1829 5850 passim,

1896 5780 2131 5837 “Jovem.
2158 5793 2331 5837 vnn,
2360 5775 2538 5827 i346.
2594 5774 2629 5833 ,'
2653 5773 2809 5826 Rom.
2847 5789 2923 5834 ιι,
2958 5770 3041 5823 '29.
