3998 6500
179 362 271 425 5L3
870 361 958 415 DE
997 361 1438 418 ADORATIONE
1460 364 1538 417 ἸΝ
1580 362 1718 418 8ΡίΙῖ

1822 365 1847 420 υ
1891 366 1976 419 ΕΤ
2022 360 2388 416 VERITATE.
2432 358 2557 410 LIB.
2602 356 2711 409 \‘ll.

3308 356 3411 413 506

177 482 236 551 ἢν
260 476 368 536 ταῖς
399 471 502 525 τῶν
529 470 700 539 ἀγίων
730 470 932 541 ψυχαῖς
956 474 1129 543 ἐνίησι
1157 475 1310 538 Θεὸς,
1339 476 1429 527 τὸν
1457 477 1718 545 ἀγγέλους

1838 494 1980 541 niur,
2014 492 2176 547 quam
2202 484 2517 528 sanctorum
2562 470 2759 524 animis
2802 469 3045 540 suggerit
3084 470 3248 533 Deus,
3284 485 3410 523 cum

175 567 433 639 τρέφοντα,
482 562 575 614 καὶ
608 560 975 630 ζωογονοῦντα
1015 570 1143 628 τοὺς
1190 565 1511 635 ἀνθρώπους
1538 607 1553 628 ,
1588 567 1723 618 Θεὸν

176 662 311 728 λόγον
356 655 832 723 ὲγκαταυλίζεσθαι
880 657 1049 710 ποιῶν
1095 660 1207 721 τοῖς
1239 658 1336 729 τὴν
1388 658 1572 711 πίστιν
1614 660 1725 712 εἰσ-

177 749 504 821 δεδεγμένοις.
541 746 848 818 Κατῲκηκε
876 748 983 821 γὰρ
1012 752 1041 802 6
1078 751 1311 820 Χριστὸς
1352 753 1409 804 ἐν
1437 750 1557 814 ταῖς
1590 769 1726 822 καρ-

175 845 296 905 δίαις
316 840 465 910 ἡμῶν
485 838 574 893 διὰ
600 839 695 893 τοῦ
721 841 878 909 ἁγίου
910 840 1248 910 Πνεύματος,
1274 841 1366 894 καὶ
1390 842 1539 913 ἄρτῳ
1563 841 1725 907 ζῶντι

174 934 257 989 καὶ
282 929 337 995 ἐξ
360 929 586 999 οὐρανοῦ
612 930 924 1000 τρεφόμεθα
952 932 1087 1003 πρὸς
1116 932 1331 997 εὐεξίαν
1355 951 1414 987 τε
1448 936 1541 988 καὶ
1572 936 1725 1005 ἰσχὺν

172 1021 519 1091 πνευματικήν
540 1036 553 1049 ’
582 1020 753 1083 τύπος
788 1023 885 1090 μὲν
914 1018 1005 1076 οὖν
1037 1022 1127 1077 τοῦ
1158 1024 1389 1088 τοιοῦδε,
1428 1026 1488 1079 τὸ
1526 1027 1723 1094 μάννα,

174 1114 331 1183 σαφὴς
360 1112 449 1165 καὶ
480 1110 877 1175 ἀνενδοιάστως
925 1112 1085 1181 ἔχων.
1127 1114 1471 1185 Ιῐροστέταχε
1502 1116 1558 1169 δὲ
1586 1118 1615 1169 6
1640 1116 1726 1169 v6-

174 1224 259 1278 μσς
298 1204 629 1272 συναγείρειν
650 1203 783 1256 αὐτὸ
806 1204 932 1267 τοὺς
955 1205 1105 1269 υἱοὺς
1142 1207 1382 1278 Ἰσραὴλ,
1408 1208 1467 1261 τὸ
1487 1208 1725 1279 διαρκῶς

169 1301 275 1369 ἕχον
302 1298 508 1367 ἑκάστῳ
540 1296 615 1367 μὴ
642 1298 1097 1369 ὑπερτρέχοντας.
1128 1299 1445 1369 Γέγραπται
1471 1300 1580 1369 γὰρ
1606 1301 1723 1354 ὠδίο

171 1409 187 1439 ι
216 1389 280 1441 Τὺ
304 1385 438 1456 πρωῒ
464 1385 683 1453 ἐγένετο
710 1388 1170 1457 καταπαυομένης
1194 1389 1293 1458 τῆς
1317 1389 1510 1459 δρόσου
1539 1389 1725 1460 κύκλῳ

166 1480 252 1549 τῆς
277 1476 645 1547 παρεμϐολῆς,
679 1477 773 1529 καὶ
807 1477 916 1531 ἰδοὺ
946 1478 1038 1531 ἐπὶ
1066 1480 1359 1550 πρόσωπον
1388 1481 1484 1551 τῆς
1515 1482 1722 1555 ἐρήμου

165 1569 335 1623 λεπτὸν
360 1569 489 1621 ὡσεὶ
531 1568 839 1640 κορίαννον,
876 1569 1068 1623 λευκὸν
1108 1571 1241 1624 ὡσεὶ
1278 1571 1452 1639 πάγος
1496 1574 1587 1625 ἐπὶ
1627 1574 1725 1642 τῆς

163 1661 273 1731 γῆς.
322 1659 537 1722 ’ἰδόντες
576 1660 633 1712 δὲ
666 1660 798 1713 αὐτὸ
829 1662 878 1713 oi
910 1661 1021 1714 υίο)⁸
1070 1662 1307 1733 Ἰσραὴλ,
1340 1661 1501 1717 εἶπαν
1538 1664 1725 1735 ἕτερος

162 1753 230 1823 τῷ
271 1752 454 1822 ἑτέρῳ·
506 1750 571 1803 Τί
605 1753 723 1804 ἐστι
770 1752 961 1819 teuto;
1010 1753 1073 1806 οὐ
1111 1756 1220 1825 γὰρ
1274 1755 1492 1825 ⁴ᾔδεισαν
1540 1756 1593 1808 τί
1633 1752 1721 1825 ῆν.

162 1816 282 1898 Είπε
306 1816 372 1896 δὲ-
393 1816 600 1912 Μωσῆς
638 1843 775 1913 πρὸς
809 1816 1039 1908 αὐτούςξ
1072 1816 1239 1910 Οὗτος
1337 1847 1501 1931 ἄρτος
1529 1848 1587 1900 ὃν
1635 1816 1722 1901 δέ·
1756 1816 1799 1879 Β

161 1937 315 1989 δωκεν
340 1934 465 2005 ὑμῖν
488 1935 695 2005 Κύριος
719 1940 933 2005 φαγεῖν.
960 1937 1132 1990 Τοῦτο
1160 1938 1222 1990 τὸ
1244 1939 1396 2009 ῥῆμα
1413 1940 1441 1992 ὃ
1467 1940 1724 2006 συνέταξε

160 2020 373 2095 Κύριος·
431 2026 923 2093 Συναγάγετε,ἀπ’
979 2027 1144 2080 αὐτοῦ
1200 2027 1431 2091 ἕκαστος
1478 2031 1557 2092 εἰς
1597 2033 1724 2091 τοῦς

160 2116 478 2186 καθήκοντας
517 2116 694 2187 γομὸρ
724 2117 863 2169 κατά
894 2118 1160 2186 κεφαλὰς,
1187 2119 1331 2171 κατὰ
1359 2120 1592 2191 ἀριθμὸν
1615 2122 1722 2189 ψυ-

158 2205 255 2275 χῶν
292 2204 461 2274 ὑμῶν,
494 2205 725 2269 ἕκαστος
754 2208 849 2259 σὺν
880 2211 994 2269 τοῖς
1028 2210 1319 2278 συσκήνοις
1351 2209 1506 2279 ὑμῶν
1537 2210 1723 2261 συλλέ-

160 2296 290 2360 ξατε.
325 2314 344 2347 ι
377 2291 514 2350 Εἶτά
548 2313 681 2365 φησι
712 2297 807 2350 καὶ
834 2298 952 2368 μεθ’
983 2298 1147 2369 ἕτερα
1177 2300 1339 2352 πάλιν
1360 2316 1372 2329 ·
1412 2321 1429 2351 ι
1476 2300 1723 2367 Ἐγένετο

154 2388 204 2441 δὲ
241 2391 301 2458 τῇ
352 2387 537 2458 ἡμέρᾳ
582 2390 647 2458 τῇ
688 2388 844 2459 ἕκτη,
898 2389 1186 2456 συνέλεξαν
1222 2390 1291 2443 τὰ
1339 2391 1526 2444 δέοντα
1558 2390 1723 2444 διπλᾶ

154 2480 309 2550 γομὺρ
341 2478 418 2549 τῷ
446 2479 530 2532 ἑνί
553 2496 565 2510 ’
613 2481 865 2550 εἰσῆλθον
901 2481 960 2535 δὲ
1002 2483 1203 2545 πάντες
1241 2484 1292 2535 οἱ
1334 2483 1595 2553 ἄρχοντες
1623 2483 1721 2552 τῆς

154 2573 451 2641 συναγωγῆς
471 2613 490 2637 ,
529 2574 623 2625 καὶ
654 2574 985 2642 ἀνήγγειλαν
1015 2577 1211 2647 Μωσῇ.
1252 2574 1387 2630 Εἶπε
1424 2577 1481 2630 δὲ
1512 2576 1719 2646 Μωσῆς

153 2665 272 2734 πρὸς
292 2663 493 2727 αὐτούς
519 2681 533 2696 ο
564 2664 735 2717 Τοῦτο
756 2665 816 2717 τὸ
841 2668 991 2737 ῥῆμά
1012 2669 1157 2720 ἐστιν
1178 2667 1206 2720 ὃ
1232 2667 1461 2737 ὲλάλησε
1491 2666 1716 2737 Κύριοςο

151 2756 380 2812 Σάϐϐατα
408 2757 542 2825 ἅγια
577 2758 885 2820 ἀνάπαυσις
927 2758 1006 2829 τῷ
1051 2744 1239 2829 Κῦρίῳ
1259 2777 1273 2792 ·
1304 2758 1493 2829 αὔριον
1520 2760 1619 2811 ὅσα
1651 2759 1718 2811 ἂν

149 2844 756 2918 πέ[σ]σητε,πέ[σ]σετε,
775 2848 875 2900 ὅσα
894 2850 989 2900 ἐὰν
1011 2849 1200 2918 ἕψητε,
1224 2849 1406 2919 ἓψετε,
1424 2851 1518 2902 καὶ
1537 2851 1643 2903 πᾶν
1657 2849 1719 2902 τὸ

148 2936 418 3001 πλεονάζον
433 2939 795 2993 καταλείπετε
820 2941 1006 3005 αὑτοῖς
1023 2941 1309 3011 ἀποθήκην
1336 2943 1413 3003 είς
1434 2942 1494 2995 τὸ
1516 2942 1678 3013 πρωΐ.
1692 2960 1711 2993 ι

150 3023 269 3083 Εἶτα
302 3029 436 3100 πρὸς
463 3030 677 3093 τούτοις
706 3031 798 3084 τὸν
838 3031 979 3085 θεῖον
1017 3034 1203 3098 αὐτοῖς
1250 3034 1495 3103 διεσάφει
1529 3035 1715 3106 νόμον,

148 3118 291 3180 εὐθὺς
317 3119 561 3172 ἐπειπὼν
588 3121 617 3172 ὁ
645 3121 967 3191 ἱεροφάντης
988 3124 1193 3191 Μωσῆς
1211 3141 1225 3155 ο
1260 3141 1279 3173 ι
1314 3125 1520 3193 Φάγετε
1548 3127 1719 3195 σήμε-

150 3226 251 3281 ρον·
280 3210 391 3265 έστι
420 3212 532 3283 γὰρ
561 3211 818 3267 Σάδσατα
847 3214 1089 3285 σήμερον
1110 3215 1190 3285 τῷ
1223 3216 1434 3287 Κυρὸῳ.
1480 3217 1592 3287 Οὐχ
1621 3218 1714 3271 εὑ-

148 3302 326 3374 ρήσετε
357 3304 602 3375 σήμερον
629 3307 688 3359 ἐν
710 3305 789 3376 τῷ
812 3305 998 3376 πεδίῳ.
1034 3306 1134 3372 Ἓξ
1165 3308 1378 3378 ἡμέρας
1406 3308 1710 3375 συλλέξετε,

145 3394 205 3462 τῇ
220 3392 273 3446 δὲ
289 3394 471 3466 ἡμέρᾳ
492 3399 562 3467 τῇ
588 3395 792 3469 ἐϐδόμῃ
819 3398 1094 3452 Σάϐϐαταο
1115 3400 1215 3453 οὐκ
1236 3399 1390 3454 ἔσται
1411 3403 1467 3454 ἐν
1496 3401 1657 3472 αὐτῇ.
1685 3420 1704 3454 ι

145 3477 280 3555 ’Λρά
308 3502 388 3539 σοι
415 3487 629 3551 λοιπὸν,
654 3480 699 3540 ὦ
730 3488 1015 3553 Παλλάδιε,
1049 3491 1146 3542 καὶ
1175 3490 1317 3559 μετὰ
1354 3492 1513 3545 τοῦτο
1544 3494 1713 3563 ἀσυμ-

147 3576 319 3641 φανὲς,
358 3579 441 3631 δτι
482 3579 586 3649 τῆς
640 3578 909 3650 ἐσομένης
957 3581 1037 3644 είς
1095 3581 1266 3635 αἰῶνα
1306 3582 1396 3635 τὸν
1445 3583 1712 3653 μέλλοντα

145 3665 303 3737 ζωῆς,
347 3670 513 3725 οἱονεὶ
566 3671 1042 3741 προευτρεπισμὸν
1097 3674 1192 3725 καὶ
1240 3672 1593 3745 ὑποτύπωσιν
1644 3676 1712 3729 ἂν

143 3760 243 3829 ἔχοι
272 3762 363 3816 καὶ
399 3762 549 3830 μάλα
582 3762 752 3833 σαφῆ,
800 3762 860 3815 τὸ
892 3764 1026 3833 μήτε
1054 3780 1107 3817 τι
1149 3763 1281 3837 δρᾷν
1315 3763 1372 3817 ἐν
1407 3765 1705 3838 Σαὸϐάτῳ;

145 3850 400 3919 συλλέγειν
426 3851 485 3904 δὲ
507 3851 697 3922 ὥσπερ
723 3853 804 3915 εἰς
827 3852 1115 3923 ἀποθήκην
1142 3854 1204 3906 τὸ
1244 3854 1344 3925 ῆδη
1379 3857 1711 3927 πεπορισμέ-

142 3957 248 4006 vom;
302 3944 395 3996 καὶ
448 3943 591 4013 μηδὲ
636 3942 772 3997 αὐτὸ
821 3943 881 3997 τὸ
934 3943 993 4009 ἐξ
1037 3944 1270 4014 οὐρανοῦ
1321 3947 1710 4001 καταδεδόσθαι

146 4034 326 4103 μάννα,
346 4035 424 4105 τῷ
448 4034 508 4089 δὲ
531 4036 633 4106 ῆδη
670 4037 1163 4107 συγκεκομισμένῳ
1182 4037 1577 4109 διακεχρῆσθαι
1599 4041 1709 4094 δεῖν

140 4126 213 4189 εἰς
256 4126 560 4180 ἀπόλαυσιν
590 4129 687 4181 καὶ
730 4128 970 4198 τροφήνς
1018 4128 1449 4194 Σαῦδατίζοντες
1489 4130 1600 4203 γάρ
1650 4134 1708 4185 ἐν

141 4216 344 4287 Χριστῷ
377 4219 475 4271 καὶ
508 4220 589 4281 είς
633 4218 786 4289 λῆξιν
820 4219 989 4282 ἰόντες
1019 4221 1121 4289 τῆς
1157 4221 1429 4292 ἁμαρτίας
1468 4222 1705 4294 ὁλοτελῆ,

140 4311 238 4371 τοῖς
264 4309 467 4363 ἄνωθεν
489 4311 904 4380 ἐντρυφήσομεν
923 4310 1167 4377 ἀγαθοῖς,
1196 4311 1362 4365 πόνου
1393 4313 1490 4382 μὲν
1516 4313 1708 4386 ἐξῃρη-

144 4402 294 4471 μένου
339 4404 577 4471 παντὸς,
620 4401 859 4475 ἱδρώτων
901 4403 959 4456 δὲ
996 4404 1143 4475 δίχα,
1191 4406 1303 4459 πᾶν
1326 4407 1464 4476 ὅπερ
1497 4406 1706 4477 ὀνίνησι

141 4493 394 4559 πλουσίως
421 4496 797 4567 εὑρίσκοντες.

199 4667 397 4723 ΠΑΛΑ.
435 4667 669 4738 Ἀληθὴς
693 4669 721 4720 6
745 4668 923 4736 λόγος.
966 4669 1079 4737 Ἐφ’
1110 4670 1344 4740 ἑτοίμοις
1384 4670 1492 4741 γάρ
1520 4669 1707 4741 ὥσπερ
1775 4716 1785 4726 .

140 4758 224 4809 καὶ
267 4758 720 4829 προκεισομένοις
762 4760 966 4814 ἅπασιν
1001 4761 1229 4829 ἀγαθοῖς
1272 4764 1305 4832 ἡ
1351 4763 1411 4815 τὸ
1451 4764 1708 4833 τηνικάδε

136 4848 232 4905 τῶν
275 4850 445 4919 ἁγίων
485 4850 640 4904 ἔσται
680 4851 825 4921 ζωὴο
871 4852 1111 4923 εἰρήσθω
1150 4853 1206 4905 δὲ
1242 4855 1336 4911 καὶ
1380 4854 1517 4926 πρὸς
1550 4855 1707 4925 ἡμῶν

138 4939 299 4994 αὐτῶν
330 4943 475 5017 ἁγίῳ
512 4941 703 4995 παντί·
742 4963 759 4995 ‹
801 4944 938 5007 Τοὺς
973 4944 1167 5007 πόνους
1208 4944 1316 4997 τῶν
1344 4946 1572 4999 καοπῶν
1611 4963 1702 4999 σου

140 5032 265 5101 φάγε
273 5052 379 5088 σαι.
414 5054 434 5085 ι

198 5127 354 5181 ΚΥΡ.
411 5127 625 5182 Οὐκοῦν
662 5127 984 5191 ἀναθέοντες
1041 5131 1121 5192 εἰς
1175 5130 1237 5182 τὸ
1278 5130 1569 5201 ἀπαρχῆς,
1612 5131 1707 5184 καὶ

136 5214 306 5289 ὥσπερ
358 5219 554 5272 ἀνόπιν
602 5220 693 5272 τὸν
768 5220 927 5288 λόγον
983 5222 1435 5291 ἀνασειράζοντες
1459 5261 1473 5284 ,
1530 5223 1705 5275 ἐκεῖνό

137 5325 323 5379 φαμεν,
356 5312 439 5377 τὸ,
469 5312 550 5365 ὃτι
570 5312 634 5382 δὴ
668 5312 875 5383 σφόδρα
905 5313 999 5365 καὶ
1029 5313 1337 5377 ἀκολούθως
1361 5316 1390 5367 6
1424 5315 1586 5383 νόμος
1618 5316 1706 5383 ἐφ’

1828 572 2001 623 Deum
2021 570 2173 622 illum
2198 566 2436 620 Verbum
2464 563 2557 633 qui
2584 572 2640 617 et
2674 563 2896 633 angelos
2931 562 3124 631 pascit,
3151 570 3206 615 et
3235 562 3412 615 homi-

1827 661 1992 714 nibus
2033 659 2201 712 vitam
2230 664 2473 726 praestat,
2512 656 2567 708 in
2605 654 2690 717 iis,
2728 654 2822 722 qui
2867 654 3028 708 fidem
3058 662 3409 723 receperunt,

1828 751 2136 806 inhabitare
2160 748 2311 802 facit.
2348 748 2569 801 Habitat
2593 748 2739 801 enim
2764 745 3019 800 Christus
3044 744 3099 799 in
3150 745 3412 799 cordibus

1826 843 2033 898 nostris
2069 857 2167 910 per
2211 836 2475 909 Spiritum
2523 845 2794 900 sanctum,
2833 844 2889 891 et
2920 853 3057 906 pane
3097 836 3328 901 viventi,
3354 845 3413 917 et

1826 934 2045 989 caelitus
2068 931 2323 985 veniente
2349 929 2626 999 pascimur
2670 928 2739 982 ad
2772 928 3089 983 ﬁrmitatem
3134 937 3191 982 et
3243 928 3414 982 robur
3512 988 3515 991 _

1826 1024 2110 1095 spirituale
2142 1021 2562 1090 concipiendum
2594 1035 2825 1073 :manna
2851 1021 2972 1089 ejus
3008 1019 3085 1074 rei
3131 1018 3302 1091 ﬁgura
3327 1027 3415 1075 est

1826 1125 1977 1170 certa
2005 1123 2062 1170 et
2094 1112 2343 1168 evidens.
2372 1111 2545 1167 Iussit
2571 1119 2757 1165 autem
2782 1112 2891 1174 lex,
2918 1120 2979 1166 ut
3002 1127 3069 1165 ex
3095 1126 3161 1165 eo
3198 1118 3413 1165 tantum

1826 1204 2145 1274 colligerent
2168 1202 2263 1256 ﬁlii
2291 1201 2456 1255 Israel
2480 1240 2494 1265 ,
2523 1210 2791 1270 quantum
2830 1201 3029 1271 cuique
3067 1201 3199 1255 satis
3241 1212 3411 1266 esset,

1824 1294 2072 1364 nihilque
2102 1308 2262 1363 supra
2291 1306 2606 1345 mensuram
2632 1290 2955 1361 adjicerent.
2984 1290 3075 1345 Sic
3096 1291 3244 1345 enim
3272 1291 3413 1347 scri-

1825 1396 1981 1457 ptum
2016 1394 2101 1441 est
2135 1404 2148 1438 :
2183 1406 2200 1436 ι
2238 1385 2394 1439 Mane
2424 1384 2632 1438 factum
2655 1392 2761 1447 est,
2807 1399 2932 1437 cum
2956 1384 3281 1439 desedisset
3321 1399 3415 1439 ros

1826 1480 1881 1533 in
1907 1479 2143 1534 circuitu
2168 1487 2495 1541 castrorum,
2536 1483 2591 1529 et
2621 1491 2748 1530 ecce
2773 1492 2941 1545 super
2976 1475 3171 1530 faciem
3207 1476 3411 1530 deserti

1826 1571 2101 1625 minutum
2127 1568 2282 1639 quasi
2307 1568 2660 1623 coriandrum
2682 1568 2893 1633 album,
2922 1567 3079 1636 quasi
3099 1568 3297 1637 pruina
3316 1584 3410 1622 su—

1825 1679 1925 1733 per
1949 1672 2184 1726 terram;
2214 1677 2338 1717 cum
2369 1661 2639 1715 vidissent
2661 1668 2845 1714 autem
2896 1660 3049 1714 illum
3075 1659 3173 1713 lilii
3219 1660 3411 1725 Israel,

1826 1754 2084 1810 dixerunt
2106 1754 2328 1809 alterad
2363 1754 2599 1808 alterum
2627 1771 2639 1806 :
2669 1752 2833 1824 234
2865 1751 3007 1819 Quid
3030 1761 3114 1807 est
3140 1753 3280 1807 hoc?
3317 1768 3413 1807 ne-

1826 1861 1933 1914 que
1966 1845 2112 1899 enim
2132 1845 2379 1900 sciebant
2413 1844 2546 1913 quid
2587 1851 2753 1899 esset.
2807 1844 2953 1897 Dixit
2978 1852 3162 1899 autem
3185 1844 3252 1897 ad
3288 1844 3414 1899 illos

1825 1934 2073 2005 Moyses:
2111 1934 2209 1989 llic
2247 1942 2333 1989 est
2362 1935 2541 2004 panis,
2568 1950 2733 2003 quem
2778 1933 2933 1988 dedit
2954 1934 3109 1989 vobis
3146 1935 3412 1989 Dominus

1825 2026 1893 2079 ad
1942 2026 2298 2081 vescendum.
2356 2027 2471 2080 Hoc
2509 2035 2597 2081 est
2646 2026 2919 2090 verbum,
2956 2026 3106 2095 quod
3149 2031 3412 2096 przeceplt

1825 2116 2097 2172 Dominus
2122 2135 2134 2170 :
2164 2117 2403 2187 colligite
2428 2132 2495 2171 ex
2521 2117 2663 2186 ipso,
2688 2124 2954 2187 quantum
2980 2114 3199 2180 sullicit,
3219 2132 3411 2187 gomor

1826 2226 1924 2279 per
1948 2209 2167 2279 singula
2198 2209 2399 2277 capita,
2436 2208 2591 2278 juxta
2627 2225 2920 2264 numerum
2966 2209 3275 2263 animarum
3314 2225 3411 2263 ve-

1824 2309 2084 2365 strarum,
2104 2300 2484 2369 unusquisque
2510 2316 2636 2354 cum
2681 2301 3173 2356 contubernalibus
3214 2301 3414 2357 vestris

1822 2392 2062 2463 colligite
2099 2393 2141 2447 ⁸.
2176 2412 2193 2443 ι
2226 2392 2432 2447 Deinde
2456 2400 2582 2462 post
2630 2394 2881 2463 quaedam
2918 2395 3023 2448 alia
3080 2410 3273 2448 rursus
3295 2393 3408 2448 ait:

1831 2500 1849 2530 ι
1881 2481 2105 2535 Factum
2131 2492 2217 2535 est
2240 2489 2426 2535 autem
2451 2482 2541 2536 die
2568 2489 2743 2545 sexta,
2767 2482 3108 2552 collegerunt
3150 2497 3411 2537 necessa—

1822 2572 1902 2653 ria
1926 2573 2112 2642 dupla,
2137 2573 2249 2628 duo
2293 2589 2504 2645 gomor,
2554 2590 2653 2644 per
2675 2574 2921 2645 singulos
2955 2593 2967 2627 :
3000 2575 3233 2645 ingressi
3282 2582 3415 2628 sunt

1821 2672 2007 2717 autem
2036 2678 2227 2717 omnes
2269 2663 2550 2733 principes
2585 2678 2889 2735 synagoga,
2924 2672 2979 2717 et
3003 2664 3409 2718 nuntiaverunt

1820 2753 2011 2824 Moysi.
2039 2753 2184 2807 Dixit
2206 2762 2391 2807 autem
2425 2754 2636 2825 Moyses
2660 2754 2729 2807 ad
2766 2768 2862 2809 eos
2888 2772 2900 2807 :
2930 2754 3045 2809 Iloc
3066 2763 3152 2809 est
3178 2754 3411 2809 verbum

1820 2844 1968 2913 quod
1990 2844 2208 2898 locutus
2228 2852 2313 2899 est
2350 2845 2615 2900 Dominus
2643 2864 2654 2897 :
2683 2845 2920 2901 Sabbata
2964 2847 3184 2916 requies
3222 2854 3411 2901 sancta

1820 2938 2054 2991 Domino
2082 2955 2095 2990 :
2126 2953 2271 3001 cras,
2295 2953 2638 3007 quascunque
2664 2953 2901 3008 coquere
2925 2940 3115 3004 vultis,
3155 2939 3407 3008 coquite;

1819 3039 1876 3085 et
1897 3046 2238 3100 quaecunque
2268 3030 2473 3085 elixare
2496 3030 2805 3095 volueritis,
2840 3031 3040 3086 elixate
3091 3049 3103 3084 :
3140 3037 3197 3085 et
3243 3030 3407 3100 quid-

1744 3154 1786 3211 C
1820 3121 1953 3191 qm'd
1982 3121 2348 3191 superfuerit,
2373 3121 2667 3190 relinquite
2712 3121 2870 3175 vobis
2912 3121 3306 3190 repositionem
3353 3120 3410 3174 in

1819 3230 1979 3269 mane
2001 3215 2042 3267 °.
2076 3232 2094 3263 ι
2154 3211 2361 3267 Deinde
2397 3211 2630 3283 Moyses,
2659 3212 2750 3267 ille
2785 3227 3070 3266 sacrorum
3111 3212 3408 3281 interpres,

1819 3306 2061 3361 divinam
2094 3304 2203 3359 illis
2248 3304 2425 3373 legem
2451 3304 2766 3373 explicavit,
2793 3303 3059 3358 continuo
3108 3302 3352 3357 inferens
3391 3320 3405 3357 :

1826 3415 1844 3447 ι
1879 3394 2164 3452 Comedite
2189 3393 2385 3459 hodie;
2412 3401 2542 3448 sunt
2565 3394 2713 3447 enim
2738 3393 2903 3475 hodie
2952 3392 3191 3447 Sabbata
3220 3391 3400 3445 Domi-

1818 3503 1910 3542 no.
1948 3486 2068 3541 Non
2094 3485 2387 3541 invenietis
2408 3484 2575 3539 hodie
2599 3485 2653 3538 in
2678 3500 2890 3555 campo.
2918 3484 3021 3539 Sex
3065 3484 3264 3539 diebus
3288 3484 3406 3539 col-

1816 3579 2034 3650 ligetis;
2057 3578 2290 3648 septima
2315 3593 2448 3632 vero
2485 3576 2576 3631 die
2603 3576 2843 3631 Sabbata
2875 3586 3040 3643 sunt;
3084 3592 3195 3630 non
3222 3576 3330 3630 erit
3349 3574 3407 3629 in

1818 3670 1936 3739 ipsa
1974 3669 2035 3723 ¹⁰.
2078 3689 2099 3720 ι
2127 3669 2210 3723 Αη
2259 3667 2356 3721 tibi
2398 3668 2650 3737 posthac,
2704 3665 2933 3732 Palladi,
2960 3668 3258 3723 obscurum
3283 3682 3408 3722 esse

1815 3764 2041 3833 poterit,
2084 3761 2219 3833 quin
2263 3762 2371 3816 hoc
2410 3762 2589 3831 ipsum
2630 3761 2770 3815 nihil
2794 3777 2955 3831 agere
2988 3761 3262 3828 Sabbato,
3310 3762 3407 3817 sed

1816 3855 1962 3925 quod
1982 3856 2094 3925 jam
2116 3853 2530 3924 suppeditatum
2551 3853 2645 3917 sit,
2673 3860 2934 3922 tanquam
2963 3854 3017 3908 in
3039 3854 3233 3908 cellam
3270 3868 3406 3908 con-

1816 3945 1970 4010 dere,
2009 3961 2190 4015 neque
2217 3945 2437 4000 crelitus
2460 3960 2660 3999 manna
2679 3945 2785 4015 ipsi
2815 3945 2956 4009 dari,
2985 3945 3081 3999 sed
3100 3946 3214 4015 jam
3251 3960 3406 3999 com-

1814 4045 2035 4107 portato
2064 4036 2130 4091 ad
2163 4037 2502 4105 voluptatem
2545 4045 2602 4090 et
2624 4037 2691 4091 ad
2725 4052 2909 4091 escam
2933 4036 3035 4101 uti,
3064 4036 3222 4106 quasi
3262 4051 3405 4105 prae-

1814 4128 2029 4196 paratio
2052 4129 2302 4198 quzedam
2325 4138 2492 4198 atque
2511 4128 2828 4183 informatio
2845 4130 2917 4184 sit
2952 4129 3099 4182 illius
3123 4129 3267 4191 vitae,
3285 4144 3408 4197 quze

1814 4218 1872 4273 in
1895 4222 2092 4276 sazculo
2110 4220 2537 4276 venturofutura
2562 4221 2682 4275 est?
2702 4221 2837 4275 Nam
2860 4220 3157 4275 Sabbatum
3183 4228 3408 4289 agentes

1816 4312 1873 4367 in
1918 4313 2162 4377 Christo,
2189 4322 2356 4382 atque
2382 4313 2607 4367 omnino
2632 4317 2912 4367 cessantes
2937 4327 2967 4365 a
3015 4320 3265 4380 peccato,
3307 4327 3402 4365 su—

1816 4407 2008 4479 pernis
2033 4405 2147 4461 illis
2162 4406 2413 4461 fruemur
2426 4404 2606 4467 bonis,
2626 4419 2755 4458 cum
2774 4404 2931 4457 labor
2952 4404 3132 4459 omnis
3155 4404 3406 4457 sublatus

1739 4514 1783 4569 Ι)
1812 4500 1940 4562 erit,
1965 4498 2173 4554 eteitra
2194 4497 2453 4551 sudorem
2476 4510 2544 4551 ea
2565 4495 2772 4559 omnia,
2796 4509 2919 4564 quae
2934 4494 3130 4565 juvare
3147 4501 3402 4564 possunt,

1816 4588 2106 4645 afﬂuenter
2131 4585 2501 4640 inveniemus.

1886 4680 2089 4736 PALL.
2134 4680 2275 4735 Vera
2300 4679 2518 4734 oratio:
2548 4692 2677 4737 nam
2713 4676 2873 4746 quasi
2915 4675 2973 4730 in
3017 4676 3223 4745 paratis
3268 4676 3402 4731 etin

1815 4780 2072 4843 promptu
2105 4771 2299 4843 positis
2322 4770 2484 4826 bonis
2520 4771 2781 4825 omnibus
2804 4769 2917 4833 illa,
2944 4785 3067 4839 qua:
3111 4778 3245 4824 tunc
3268 4770 3399 4833 erit,

1811 4873 2127 4919 sanctorum
2152 4864 2264 4919 vita
2286 4864 2553 4928 ducetur;
2581 4863 2745 4917 liceat
2774 4862 2942 4933 igitur
2965 4869 3022 4916 et
3060 4861 3222 4915 nobis
3266 4862 3401 4930 ipsis

1812 4952 1996 5009 dicere
2033 4962 2223 5008 sancto
2251 4954 2486 5023 cuique:
2523 4972 2541 5003 ‹
2588 4951 2830 5007 Labores
2878 4966 3145 5006 manuum
3179 4960 3399 5006 tuarum

1813 5045 2175 5102 mandueabis
2194 5048 2256 5101 ¹¹.
2292 5066 2309 5097 ι

1875 5136 2033 5192 CYR.
2063 5138 2234 5208 Igitur
2258 5138 2325 5191 ad
2352 5138 2429 5201 id,
2453 5138 2600 5207 quod
2644 5134 2802 5190 initio
2844 5134 3091 5203 positum
3128 5142 3269 5199 erat,
3311 5149 3400 5187 re.

1808 5236 2132 5291 currentes,
2196 5236 2251 5282 et
2305 5228 2463 5297 quasi
2514 5236 2821 5281 retrorsum
2863 5223 3131 5278 orationis
3174 5240 3397 5279 cursum

1805 5319 2172 5384 reﬂectentes,
2200 5319 2335 5373 illud
2390 5319 2710 5381 asserimus,
2757 5315 3282 5371 convenientissime
3320 5316 3399 5371 le-

134 5400 219 5454 ἒνα
266 5402 356 5456 τὸν
408 5403 571 5471 φύσει
629 5406 724 5459 καὶ
776 5403 993 5470 ἀληθῶς
1049 5406 1395 5476 μεταστήσας
1442 5405 1594 5469 Θεὸν,
1640 5406 1700 5459 ού

1822 5426 1948 5479 gem,
1978 5428 2102 5466 cum
2126 5410 2195 5466 ad
2235 5426 2405 5465 unum
2430 5409 2745 5472 colendum,
2796 5408 2890 5477 qui
2932 5417 3133 5463 natura
3168 5416 3225 5463 et
3264 5424 3395 5464 vere

138 5496 545 5567 συγκεχώρηκεν
576 5498 788 5564 ἀγνοεῖν
841 5498 964 5551 οὐδὲ
998 5498 1089 5551 τὸν
1138 5499 1197 5564 ἐξ
1222 5498 1396 5552 αὑτοῦ
1424 5516 1484 5551 τε
1520 5501 1612 5552 καὶ
1641 5501 1700 5553 ἐν

1822 5504 1945 5557 )eus
1961 5512 2065 5567 est,
2088 5519 2189 5557 nos
2206 5504 2555 5565 traduxisset,
2574 5517 2682 5556 non
2708 5500 3052 5564 sustinuisse,
3074 5508 3135 5554 ut
3154 5500 3393 5555 Verbum

136 5584 270 5656 αξιτῷ
308 5587 487 5655 φύντα
511 5605 568 5642 τε
601 5589 694 5643 καὶ
728 5593 1140 5661 συνυπάρχοντα
1180 5591 1448 5645 συναῖδιον
1500 5592 1693 5659 Λόγον.

200 5771 410 5837 ‘Exod.
451 5791 555 5840 va,
604 5776 786 5833 15-16.
865 5778 884 5810 ⁹
916 5776 1049 5832 ibid.
1084 5779 1274 5833 ξιξ-25.

1355 5779 1395 5807 ¹⁰
1432 5778 1562 5834 ibid.
1592 5780 1781 5834 95—27.

1795 5594 1953 5660 illud,
1973 5595 2120 5666 quod
2141 5612 2206 5649 ex
2232 5596 2349 5665 ipso
2365 5605 2419 5650 et
2436 5596 2489 5649 in
2508 5594 2627 5649 ioso
2649 5600 2838 5648 natum
2855 5600 2909 5647 et
2932 5591 3318 5647 simulexsistit
3338 5597 3395 5646 et

1899 5784 1936 5813 ¹¹
1968 5783 2106 5839 [‘sal.
2135 5797 2328 5837 cxxvlt.
2361 5782 2395 5836 2
