3998 6500
530 351 635 411 5'37

1559 362 1613 418 S.
1653 363 1931 419 CYRILLI
1972 365 2448 422 ALEXANDRINI
2486 368 2806 427 ARClllEP.

3683 371 3784 428 508

529 479 864 526 coaeternum
889 477 993 535 est,
1021 471 1414 542 ignoraremus.
1438 475 1572 530 Nam
1610 493 1735 532 cum
1776 481 1932 549 prius
1970 497 2089 552 prae-

2210 485 2700 556 Προεντειλάμενος
2727 485 2832 557 γὰρ
2866 487 2960 540 καὶ
2995 485 3186 550 εἰπὼν,
3222 507 3240 539 ι
3290 486 3626 558 Ἀγαπήσεις
3669 489 3783 541 Κῦ-

527 564 1255 634 cepissctatque-dixisset:
1306 586 1324 616 ι
1353 568 1556 639 Diliges
1598 571 1891 627 Dominum
1935 575 2106 629 Deum

527 664 685 709 tuum
709 671 776 710 ex
803 663 917 709 toto
943 656 1110 711 corde
1138 663 1254 722 tuo,
1279 667 1335 714 et
1358 674 1425 714 ex
1452 669 1565 716 tota
1592 673 1776 720 mente
1801 674 1915 732 tua,
1941 675 1999 723 et
2033 685 2103 724 ex

525 745 788 800 omnibus
811 745 1024 801 viribus
1049 747 1160 802 tuis
1185 748 1227 780 “
1261 767 1274 803 :
1312 770 1330 801 ι
1352 750 1512 822 235
1528 761 1584 808 et
1607 763 1875 824 praeterea
1901 775 1915 813 :
1939 779 1957 810 ι
1986 760 2108 816 Νοιι

525 845 690 893 erunt
718 837 816 892 tibi
838 837 914 892 dii
946 839 1040 894 alii
1073 847 1274 910 praeter
1303 858 1394 898 me
1431 845 1474 876 ⁸³
1509 863 1522 898 :
1564 865 1583 897 ι
1635 849 1918 920 conjunxit
1959 852 2107 908 illico

525 927 733 984 Christi
758 930 1076 1002 mysterium
1102 932 1430 990 inferendo:
1465 955 1482 988 ι
1531 937 1843 996 Recordare
1860 951 1923 997 ut
1961 943 2104 998 diem

525 1019 890 1075 Sabbatorum
918 1023 1228 1080 sanctiﬁces
1263 1026 1326 1080 “.
1366 1047 1384 1079 ι
1415 1028 1540 1086 Haec
1561 1031 1708 1087 enim
1745 1035 2004 1104 praclara
2025 1053 2108 1092 sc-

524 1110 656 1165 mita
697 1119 780 1166 est
809 1128 873 1168 ac
920 1116 1264 1182 necessaria,
1317 1127 1374 1173 et
1414 1120 1587 1176 divini
1629 1124 1849 1180 artiﬁcii
1894 1126 2004 1191 via,
2050 1136 2106 1182 et

525 1198 867 1256 discentibus
911 1219 1034 1271 qua:
1080 1207 1222 1260 scire
1271 1224 1411 1278 opus
1436 1218 1540 1275 est,
1567 1212 1876 1269 utilissima.
1919 1215 2105 1286 Itaque

528 1286 779 1344 Salvator
802 1291 1042 1358 Patrem,
1068 1295 1159 1364 qui
1197 1296 1251 1350 in
1298 1298 1452 1353 caalis
1477 1308 1592 1364 est,
1633 1297 1697 1356 ac
1747 1303 1918 1358 Deum
1974 1306 2107 1359 allo-

525 1381 842 1446 quens-ait:
876 1400 894 1431 ι
928 1381 1053 1437 Haec
1080 1386 1296 1440 estvita
1323 1397 1549 1450 teterna,
1598 1399 1659 1444 ut
1699 1404 2029 1462 cognoscant
2053 1403 2104 1450 te

525 1469 702 1522 solum
740 1486 929 1525 verum
965 1473 1158 1537 Deum,
1185 1484 1241 1529 et
1264 1493 1427 1545 quem
1465 1478 1694 1545 misisti,
1719 1480 1903 1536 Jesum
1941 1483 2105 1538 Chri-

525 1568 670 1614 stum
720 1563 783 1616 ¹⁸.
831 1583 848 1614 ι
901 1559 1055 1630 Nam,
1106 1567 1200 1621 ubi
1230 1568 1296 1622 de
1339 1570 1497 1624 Patre
1523 1572 1692 1626 verba
1732 1573 1890 1639 ﬁunt,
1916 1589 2103 1630 conse-

524 1661 769 1719 quuntur
800 1657 1116 1710 necessario
1134 1659 1325 1722 verba,
1342 1675 1463 1729 quae
1476 1659 1544 1714 ad
1561 1661 1757 1715 Filium
1771 1665 2100 1733 pertineant,

528 1751 584 1797 et
608 1747 900 1816 conjuncta
926 1749 1160 1804 maxime
1186 1752 1473 1820 utriusque
1495 1754 1737 1824 cognitio
1758 1764 1860 1810 est.
1886 1757 2103 1811 Judzeos

2211 591 2327 646 ριον
2363 575 2452 628 τὸν
2481 576 2616 629 Θεόν
2660 593 2752 629 σου
2795 577 2852 640 ἐξ
2879 577 3006 649 ὅλης
3050 578 3146 648 τῆς
3187 578 3414 647 καρδίας
3455 595 3574 642 σου,
3606 577 3700 630 καὶ
3727 579 3783 642 ἐξ

2207 666 2334 736 ὅλης
2361 666 2460 736 τῆς
2483 665 2720 730 διανοίας
2746 683 2860 732 σου,
2893 667 2988 720 καὶ
3017 665 3076 731 ἐξ
3097 667 3228 737 ὅλης
3261 665 3362 735 τῆς
3395 664 3581 736 ἰσχύος
3617 681 3730 717 σου·
3758 686 3775 717 ι

2207 758 2302 811 καὶ
2350 758 2495 828 μήνα
2526 776 2544 808 ι
2585 758 2696 811 Καὶ
2739 759 2839 812 οὐκ
2881 758 3094 812 ἔσονταί
3133 775 3217 811 σοι
3247 757 3360 811 θεοὶ
3397 757 3614 828 ἕτεροι,
3647 756 3784 828 πλὴν

2206 848 2342 919 ἐμοῦ
2369 864 2384 880 ·
2415 868 2434 902 ι
2478 850 2727 920 συνῆψεν
2754 849 2916 914 εὐθὺς
2951 851 3010 904 τὸ
3042 849 3288 922 Χριστοῦ
3320 851 3643 922 μυστήριον,
3689 851 3786 903 ἒπ-

2205 939 2406 993 ειπὼν·
2469 958 2491 991 ι
2556 942 2845 1014 Μνησθητι
2898 941 2997 1012 τὴν
3051 941 3277 1012 ἡμέραν·
3320 941 3438 995 τῶν
3487 941 3790 996 Σασθὰτων

2206 1032 2472 1100 ἁγιάζειν.
2524 1051 2543 1084 ι
2594 1030 2763 1104 θῐμος
2791 1033 2902 1106 γὰρ
2946 1033 3042 1105 ἥδε
3088 1035 3229 1106 καλή
3264 1051 3324 1088 τε
3362 1035 3457 1089 καὶ
3485 1035 3782 1103 ἀναγκαία,

2205 1123 2300 1176 καὶ
2328 1123 2801 1194 θεοπρεπεστάτης
2832 1123 3111 1194 εὐτεχνίας
3145 1123 3280 1189 ὁδὸς,
3317 1124 3412 1178 καὶ
3441 1123 3790 1192 τελεωτάτην.

2204 1216 2312 1277 τοῖς
2337 1212 2373 1268 ἃ.
2400 1214 2674 1285 προσῆκεν
2708 1215 2906 1270 εἰδέναι
2929 1214 3306 1285 μανθάνουσιν,
3353 1213 3660 1285 ἐμποιοῦσα
3687 1215 3782 1285 τὴν

2202 1305 2406 1377 ὄνησιν.
2440 1306 2548 1360 Καὶ
2581 1305 2712 1375 γοῦν
2743 1309 2773 1360 ὁ
2797 1306 2988 1378 Σωτὴρ
3013 1307 3150 1378 πρὸς
3175 1305 3267 1359 τὸν
3293 1311 3358 1360 έν.
3391 1306 3647 1378 οὐρανοῖς
3679 1305 3787 1375 ἔφη

2203 1398 2423 1469 Πατέρα
2446 1397 2541 1451 καὶ
2563 1398 2714 1452 Θεόν*
2749 1418 2767 1450 ι
2799 1397 2946 1470 Αὒτη
2969 1398 3025 1451 δέ
3051 1400 3202 1452 ἐστιν
3221 1401 3255 1468 η
3286 1397 3502 1462 αίώνιος
3530 1397 3670 1468 ζωὴ,
3697 1400 3782 1452 ἴνα

2201 1489 2509 1557 γινώσκωσί
2537 1508 2596 1543 σε
2629 1490 2718 1544 τὸν
2750 1490 2908 1560 μόνον
2941 1487 3194 1560 ἀληθινὸν
3241 1489 3407 1553 Θεὸν,
3448 1491 3545 1542 καὶ
3581 1490 3642 1542 ὃν
3677 1490 3783 1542 ἁπ-

2203 1581 2448 1645 έστειλας
2511 1582 2715 1654 Ἰησοῦν
2761 1582 3017 1653 Χριστόν.
3077 1600 3095 1632 ι
3151 1582 3622 1654 Συμπαρομαρτεῖ
3673 1583 3784 1651 γὰρ

2201 1673 2512 1741 ἀναγκαίως
2560 1673 2638 1744 τῷ
2693 1674 2836 1744 λόγῳ
2864 1673 2943 1744 τῷ
2982 1673 3112 1745 περ).
3140 1673 3374 1746 Πατρὸς,
3411 1674 3441 1724 ὀ
3467 1673 3598 1744 περὶ
3624 1673 3779 1737 Υἱοῦ,

2203 1764 2300 1816 καὶ
2335 1763 2628 1835 ἀγχίθυρος
2667 1764 2788 1818 λίαν
2817 1765 2849 1834 ἡ
2878 1767 2963 1817 ἐπ’
2998 1766 3202 1834 ἀμφοῖν
3232 1766 3347 1818 ἐστι
3380 1766 3601 1832 γνῶσις.
3651 1767 3782 1818 Ἰου-

525 1843 695 1898 certe,
743 1846 1031 1906 propterea
1068 1841 1213 1909 quod
1263 1843 1460 1897 Filium
1486 1860 1596 1898 non
1643 1846 2022 1911 admitterent,
2065 1864 2089 1902 a

2199 1851 2368 1915 δαίοις
2410 1852 2540 1920 γοῦν
2581 1854 2681 1924 τῆς
2727 1854 2985 1925 ἀληθείας
3031 1855 3394 1925 ἡμαρτηκόσι,
3435 1855 3523 1907 διὰ
3567 1855 3661 1908 τοῦ
3704 1857 3782 1926 μὴ

524 1923 752 1977 veritate
798 1926 1157 1993 aberrantes,
1205 1937 1369 1999 atque
1430 1933 1766 1990 arbitrantes
1819 1952 1876 1989 se
1936 1951 2097 1991 nosse

521 2013 713 2078 Deum,
750 2015 1088 2087 increpabat,
1131 2019 1320 2076 dicens
1347 2040 1358 2076 :
1384 2043 1401 2074 ι
1430 2024 1619 2094 Neque
1655 2042 1741 2080 mc
1775 2028 1967 2092 nostis,
2005 2045 2100 2083 ne-

521 2123 627 2176 que
677 2109 892 2164 Patrem
934 2127 1116 2166 meum
1146 2130 1159 2166 :
1187 2115 1232 2168 si
1285 2131 1370 2171 me
1425 2117 1820 2187 cognovissetis
1846 2160 1859 2182 ,
1899 2128 1954 2173 et
1993 2121 2096 2174 Pa-

523 2207 662 2252 trem
710 2215 891 2254 meum
937 2203 1129 2273 utique
1173 2207 1568 2275 cognovissetis
1605 2210 1674 2263 ¹⁶.
1713 2229 1730 2260 ι
1775 2211 1836 2264 ln
1864 2219 2096 2282 utroque

520 2291 667 2344 enim
682 2293 913 2348 alterius
935 2296 1088 2349 notio
1111 2296 1271 2350 simul
1290 2297 1543 2353 infertur.
1567 2300 1755 2370 Igitur,
1782 2318 1905 2356 cum
1921 2304 2094 2372 prius,

523 2380 864 2438 fundamenti
893 2387 1174 2456 cujusdam
1201 2389 1393 2453 instar,
1439 2391 1658 2460 iecisset
1686 2403 1890 2448 certam
1933 2405 2095 2466 atque

522 2481 833 2526 accuratam
857 2474 953 2528 Dei
980 2476 1372 2545 cognitionem,
1398 2486 1452 2530 et
1476 2477 1804 2548 legislatoris
1845 2484 2095 2538 notitiam

520 2561 676 2630 prius
700 2574 956 2633 tanquam
981 2567 1260 2621 radicibus
1295 2570 1451 2633 actis,
1484 2570 1539 2623 in
1564 2571 1645 2626 eis
1670 2571 1956 2639 iutixisset,
1996 2575 2094 2630 de-

524 2654 691 2724 nique
715 2657 783 2710 ad
808 2657 1042 2712 humana
1071 2658 1372 2725 descendit,
1400 2662 1520 2715 etei
1546 2666 1886 2729 reverentiae,
1927 2683 2093 2736 quam

521 2744 634 2800 Deo
669 2748 1011 2816 exhibemus,
1045 2751 1346 2820 proximam
1373 2752 1632 2825 deinceps
1652 2757 1880 2811 collocat
1929 2767 2094 2828 atque

518 2838 798 2910 conjungit
819 2857 958 2905 eam,
988 2859 1108 2912 quae
1135 2844 1274 2913 patri
1302 2860 1364 2898 ar
1390 2847 1551 2899 matri
1577 2847 1828 2912 debetur,
1857 2865 2092 2919 quorum

517 2942 705 2996 opera,
721 2931 833 2985 Deo
855 2943 1152 2998 annuente,
1170 2936 1419 3004 perducti
1435 2952 1501 2991 eo
1517 2953 1727 3003 sumus,
1768 2949 1827 2994 ut
1845 2957 2091 2998 essemus

515 3029 572 3074 et
603 3024 826 3079 omnino
873 3025 1300 3081 subsisteremus
1327 3069 1341 3092 ,
1381 3030 1582 3099 quippe
1618 3047 1742 3085 cum
1790 3035 2088 3090 secundum

515 3109 585 3164 ab
610 3111 816 3180 Opiﬁce
860 3115 1041 3169 locum
1089 3123 1314 3170 teneant
1364 3135 1377 3169 :
1425 3117 1628 3174 divinis
1651 3122 1796 3175 enim
1819 3124 2006 3192 jussis,
2033 3135 2090 3181 et

2201 1946 2522 2016 προσίεσθαι
2555 1947 2645 1999 τὸν
2677 1947 2825 2010 Υἱὸν,
2866 1947 3134 2017 οἰομένοις
3177 1946 3236 2000 δὲ
3262 1949 3344 2000 ὅτι
3370 1947 3504 2000 Θεὸν
3533 1947 3780 2014 ἐγνώκα-

2201 2052 2306 2099 σιν,
2353 2036 2587 2108 ἐπετίμα
2631 2037 2835 2104 λέγων·
2891 2057 2910 2088 ‹
2960 2036 3097 2090 Οῦτε
3132 2037 3232 2106 ἐμὲ
3271 2037 3472 2097 οἴδατε.
3522 2037 3647 2090 οὔτε
3690 2039 3782 2091 τὸν

2199 2128 2420 2198 Πατέρα
2460 2146 2560 2200 μου
2585 2145 2598 2158 ·
2641 2131 2688 2182 εί
2720 2128 2820 2198 ἐμὲ
2865 2128 3079 2199 ᾔδειτε,
3124 2128 3219 2180 καὶ
3262 2127 3354 2180 τὸν
3401 2127 3621 2198 Πατέρα
3676 2145 3786 2197 μου

2197 2219 2390 2289 ⁴ᾔδειτε·
2414 2218 2500 2273 ἄν.
2541 2239 2558 2269 ι
2593 2217 3031 2289 Συνεισκρίνεται
3077 2217 3183 2288 γὰρ
3211 2219 3298 2270 ἐπ’
3338 2217 3542 2286 ἀμφοῖν
3569 2218 3603 2288 η
3651 2218 3782 2270 ἑκα-

2196 2311 2353 2379 τέρου
2385 2309 2599 2378 γνῶσις.
2627 2307 2835 2362 Οὐκοῦν
2863 2308 3110 2378 θεμέλιον
3132 2305 3323 2377 ὥσπερ
3354 2305 3476 2359 τινὰ
3498 2324 3779 2376 προκατα-

2198 2399 2311 2462 θεὶς
2339 2399 2651 2467 ἀναγκαίως
2700 2398 2760 2450 τὸ
2788 2399 3012 2470 ἀκριϐὲς
3043 2400 3120 2461 είς
3151 2397 3478 2466 θεογνωσίαν
3500 2437 3516 2460 ,
3547 2399 3643 2450 καὶ
3680 2398 3784 2450 τοῦ

2195 2491 2484 2561 νομοθέτου
2511 2492 2611 2561 τὴν
2640 2491 2845 2562 εἴδησιν
2869 2488 3278 2561 προενριζὼσας
3305 2489 3508 2550 αὐτοῖς,
3530 2489 3782 2542 κάτεισιν

2196 2584 2288 2637 ἐπὶ
2322 2582 2392 2636 τὰ
2427 2582 2776 2654 ἀνθρώπινα,
2837 2583 2930 2634 καὶ
2970 2584 3036 2652 τῇ
3080 2583 3159 2644 εἰς
3199 2581 3332 2634 Θεὸν
3374 2582 3514 2633 αἰδοῖ
3555 2580 3782 2648 γείτονα

2195 2674 2374 2745 τίθησι
2401 2675 2496 2727 καὶ
2529 2673 2884 2755 συνημμένην
2913 2672 3075 2736 εὐθὺς
3102 2671 3201 2742 τὴν
3230 2674 3310 2734 είς
3338 2672 3550 2743 πατέρα
3588 2688 3648 2724 τε
3677 2672 3775 2723 καὶ

2198 2765 2445 2837 μητέρα,
2479 2765 2548 2818 δι’
2597 2759 2670 2818 ὧν
2716 2767 2794 2828 εἰς
2839 2765 2899 2818 τὸ
2930 2759 3069 2817 εἷναί
3112 2780 3170 2816 τε
3203 2764 3300 2817 καὶ
3343 2763 3609 2834 ὑπάρχειν
3635 2762 3777 2824 ὅλως

2195 2856 2328 2909 Θεοῦ
2389 2856 2777 2918 κατανεύοντος
2830 2853 3241 2926 κεκομίσμεθα,
3285 2853 3542 2925 δευτέραν
3579 2853 3776 2923 ὥσπερ

2191 2947 2313 3000 τινὰ
2345 2948 2497 3013 τάξιν
2533 2949 2766 3018 ἐχόντων
2797 2947 2891 3001 τοῦ
2921 2945 3292 3018 Δημιουργοῦ·
3322 2947 3486 3010 θείοις
3521 2947 3620 3016 μὲν
3661 2948 3777 3016 γὰρ

2193 3039 2423 3111 νεύμασι
2452 3039 2548 3093 καλ⁸
2573 3038 2938 3108 αὐτοδιδάκτῳ
2960 3039 3121 3110 τέχνῃ
3146 3037 3483 3102 ζωοπλαστεῖ
3508 3037 3569 3090 τὸ
3589 3037 3776 3090 τικτὸ-

2198 3145 2356 3200 μενον
2400 3131 2433 3199 ἡ
2487 3127 2648 3197 φύσις
2693 3129 2751 3182 έν
2791 3129 2990 3198 ἑαυτῇ·
3039 3126 3435 3197 δημιουργικὴν
3477 3125 3535 3178 δὲ
3576 3125 3782 3196 ὥσπερ

514 3212 631 3258 arte
648 3219 754 3259 non
777 3206 846 3259 ab
868 3206 976 3260 alio
993 3208 1214 3270 tradita,
1242 3209 1338 3263 sed
1367 3219 1560 3280 sponte
1582 3223 1863 3284 percepta,
1890 3226 2086 3275 natura

2190 3217 2596 3272 ὑποπλάττεταε
2613 3217 2769 3284 δόξαν
2789 3234 2802 3249 ·
2827 3219 2920 3272 καὶ
2945 3216 3136 3290 ὥσπερ
3163 3218 3194 3270 ὁ
3221 3215 3356 3279 Θεὸς
3380 3217 3593 3271 πάντων
3617 3217 3772 3270 ἐστὶν

513 3293 569 3349 id
593 3296 738 3365 quod
765 3296 1026 3368 gignitur,
1054 3299 1108 3353 in
1136 3315 1192 3355 se
1217 3301 1331 3370 ipsa
1355 3302 1422 3356 ad
1462 3303 1628 3358 vitam
1651 3305 1877 3377 eﬁingit.
1922 3319 2086 3380 atque

510 3385 736 3455 Opiﬁcis
759 3388 986 3458 gloriam
1014 3390 1261 3452 imitatur
1287 3411 1300 3445 :
1328 3409 1453 3448 nam
1482 3402 1542 3449 ut
1559 3397 1702 3452 Deus
1733 3414 1841 3468 qua
1871 3405 2086 3458 ratione

513 3475 740 3532 ellector
779 3485 864 3532 est
903 3486 960 3534 et
1004 3481 1292 3549 conditor,
1340 3485 1598 3540 omnibus
1643 3487 1860 3543 initium
1905 3501 1990 3547 est
2032 3502 2089 3548 et

511 3567 699 3637 origo;
747 3568 824 3622 sic
869 3569 1101 3639 quisque
1147 3572 1313 3628 etiam
1359 3591 1560 3644 parens
1605 3593 1674 3633 ex
1721 3595 1779 3635 se
1823 3589 1952 3637 nato
1975 3583 2088 3640 ﬁlio

511 3658 667 3726 quasi
693 3658 842 3712 radix
866 3662 1112 3730 quaedam
1137 3673 1223 3718 est
1249 3668 1667 3734 procreationis,
1695 3679 1751 3726 et
1798 3673 1920 3729 fons
1942 3676 2087 3732 unde

512 3748 882 3816 progreditur,
914 3759 974 3805 ut
999 3753 1088 3808 sit.
1117 3754 1288 3824 lgitur
1311 3757 1400 3811 illa
1421 3760 1595 3828 patris
1619 3775 1684 3815 ac
1727 3764 1920 3818 matris
1952 3766 2086 3820 sub-

513 3837 862 3905 ministratio,
891 3858 1053 3912 quam
1078 3845 1324 3915 praebent
1346 3848 1412 3902 ad
1436 3851 1681 3905 omnium
1705 3854 1798 3922 qui
1843 3854 1897 3908 in
1922 3857 2087 3912 terris

509 3937 639 3982 sunt
661 3930 944 3986 hominum
968 3937 1430 4004 procreationem,
1482 3941 1632 3996 illius
1652 3944 1900 3999 omnium
1923 3947 2086 4016 opiﬁ-

510 4021 590 4076 cis
635 4021 864 4092 ﬁguram
911 4026 1118 4082 refert:
1167 4037 1332 4100 atque
1355 4031 1427 4085 ob
1459 4047 1579 4087 eam
1607 4050 1828 4091 causam
1853 4038 1921 4092 iis
1947 4055 2086 4109 prte-

508 4111 850 4179 stantiorem,
878 4131 1042 4185 quam
1065 4120 1277 4175 caeteris
1298 4121 1635 4190 hominibus,
1682 4125 1947 4183 honorem
1991 4130 2087 4185 de-

505 4198 638 4254 ferri
667 4203 751 4257 lex
772 4204 956 4273 jussit,
987 4222 1166 4277 neque
1190 4224 1220 4263 a
1241 4211 1483 4278 praemiis
1503 4213 1800 4269 excludeus
1822 4231 1938 4282 eos,
1987 4220 2082 4288 qui

506 4289 773 4348 honorem
801 4294 910 4350 illis
932 4297 1333 4367 impenderent,
1359 4317 1541 4371 neque
1558 4319 1654 4359 eos
1675 4305 1940 4373 vicissim,
1987 4310 2082 4380 qui

505 4382 560 4448 id
584 4383 764 4440 facere
797 4387 1025 4453 nollent,
1050 4405 1082 4444 a
1123 4392 1393 4461 supplicio
1436 4394 1680 4451 liberans
1717 4414 1730 4451 :
1761 4413 1887 4453 nam
1929 4401 2083 4472 inge~

504 4490 674 4541 quum
687 4477 946 4548 piumque
965 4481 1209 4537 animum
1232 4483 1536 4541 honoribus
1553 4496 1713 4542 ornat
1733 4528 1750 4554 ,
1778 4505 1906 4545 eum
1921 4507 2076 4559 vero,

503 4569 597 4637 qui
649 4569 810 4623 aliter
856 4572 927 4626 sit
969 4574 1220 4641 affectus,
1267 4578 1604 4648 gravissimis
1644 4582 1802 4638 malis
1833 4593 2076 4640 onerat:

511 4677 530 4708 ι
568 4658 786 4714 Honora
810 4662 980 4723 enim,
1006 4663 1204 4734 inquit,
1229 4676 1442 4736 patrem
1468 4679 1645 4737 tuum,
1679 4681 1740 4727 ut
1782 4674 1925 4730 bene
1972 4677 2072 4731 tibi

497 4750 604 4816 sit,
633 4761 689 4806 et
725 4752 800 4806 sis
835 4753 1112 4825 longaevus
1149 4773 1316 4828 super
1358 4768 1557 4816 terram
1583 4766 1644 4819 ιτ.
1671 4784 1688 4815 ι
1721 4766 1884 4838 236
1903 4769 2076 4840 Igitur

501 4857 627 4896 eum
652 4842 738 4908 iis,
775 4845 869 4915 qui
895 4855 1150 4914 parentes
1200 4849 1552 4916 honorarent,
1581 4855 1748 4910 vitam
1775 4874 1837 4914 ac
1861 4868 2072 4930 tempo-

500 4931 580 4997 ris
635 4933 1093 5002 diuturnitatem,
1141 4941 1296 5009 quasi
1348 4946 1634 5012 praemium
1701 4950 1974 5017 quoddam
2019 4961 2079 5007 et

500 5038 701 5079 munus
725 5029 1084 5098 przecipuum,
1114 5033 1198 5087 lex
1226 5035 1636 5103 constituisset,
1666 5051 1897 5097 mortem
1938 5059 2074 5099 vero

499 5118 754 5186 superbis
788 5128 844 5173 et
889 5122 1170 5192 injuriosis
1215 5130 1614 5197 proposuisset,
1668 5143 1872 5188 metum
1903 5137 2075 5191 veluti

498 5207 847 5278 paedagogum
891 5215 1182 5281 quemdam
1207 5217 1450 5286 apponit,
1477 5219 1570 5287 qui
1623 5237 1724 5276 nos
1758 5224 1823 5278 ad
1863 5233 2072 5279 rectum

498 5299 604 5352 iter
628 5302 819 5356 timore
845 5304 1113 5360 traducat.
1142 5309 1288 5362 Dixit
1311 5310 1460 5364 enim
1489 5327 1681 5366 rursus
1707 5332 1720 5368 :
1755 5335 1773 5365 ι
1817 5314 1920 5382 Qui
1944 5333 2072 5386 per-

497 5391 636 5444 cutit
671 5400 882 5461 patrem
906 5404 998 5449 aut
1038 5407 1264 5454 matrem
1290 5416 1467 5464 suam,
1520 5415 1696 5459 morte
1739 5408 2008 5462 moriatur
2053 5428 2066 5464 :

497 5490 552 5535 et
577 5482 669 5550 qui
695 5483 1040 5539 maledixerit
1068 5475 1207 5556 patri
1233 5493 1316 5546 vel
1345 5495 1504 5548 matri
1547 5511 1678 5561 sum,
1729 5509 1904 5554 morte
1949 5517 2068 5555 mo-

497 5572 670 5641 riatur
698 5575 758 5628 ¹⁸.
794 5593 812 5625 ι
846 5575 981 5630 Vide
1026 5577 1190 5648 igitur
1223 5586 1680 5650 quemadmodum
1711 5605 1870 5644 omne
1894 5606 2067 5661 genus

605 5690 644 5764 ξ’
681 5690 836 5764 Deut.
874 5708 946 5764 vi,
973 5693 1025 5746 5.
1108 5694 1147 5723 ¹³
1173 5696 1327 5750 Deut.
1358 5716 1427 5764 ιν,
1460 5702 1545 5754 33.5.

1625 5703 1663 5735 "‘
1695 5705 1852 5758 Deut.
1885 5724 1934 5772 γ,
1979 5707 2056 5760 1‘2.

500 5758 543 5791 ⁸⁸
566 5758 736 5814 Exod.
768 5777 875 5816 ut.
905 5762 984 5817 l5.

2185 3311 2328 3383 ἀρχὴ
2368 3311 2463 3365 καὶ
2521 3310 2754 3380 γένεσις,
2788 3309 2922 3365 καθὸ
2966 3309 3204 3381 Ποιητής
3260 3309 3356 3362 καὶ
3401 3307 3770 3380 Δημιουργὸς,

2185 3405 2326 3458 οὕτω
2359 3405 2452 3458 καὶ
2476 3404 2705 3465 ἕκαστος
2733 3403 2844 3457 τῶν
2878 3404 2958 3465 είς
2981 3403 3176 3472 γονέας
3199 3401 3566 3457 τετελεκάτωνι
3597 3402 3679 3472 τῷ
3705 3401 3778 3466 ἐξ,

2187 3495 2350 3548 αὑτοῦ
2382 3494 2540 3563 φύντι
2571 3495 2748 3564 τέκνῳ
2791 3492 2914 3566 ῥίζα
2957 3510 3043 3557 τις
3081 3493 3271 3564 ὥσπερ
3303 3492 3421 3546 ἐστὶ
3459 3494 3766 3561 γενέσεως,

2186 3587 2283 3641 καὶ
2323 3587 2422 3657 τῆς
2464 3587 2545 3650 είς
2577 3586 2639 3640 τὸ
2689 3581 2829 3640 εἶναι
2865 3585 3104 3658 παρόδου
3162 3586 3340 3657 πηγή.
3372 3585 3466 3648 Εἰς
3497 3586 3669 3638 τύπον
3698 3585 3772 3657 δὴ

2186 3675 2280 3734 οῦν
2305 3677 2399 3732 τοῦ
2435 3679 2650 3732 πάντων
2691 3676 3060 3749 δημιουργοῦ,
3101 3678 3135 3748 ἡ
3171 3677 3376 3748 πατρὸς
3421 3677 3515 3730 καὶ
3555 3677 3765 3748 μητρὸς

2187 3769 2462 3842 ὑπουργία
2491 3770 2627 3842 πρὸς
2667 3768 2922 3840 ὓπαρξιν,
2955 3771 3035 3832 είς
3081 3769 3332 3832 ἅπαντας
3368 3769 3493 3831 τοὺς
3531 3768 3629 3820 ἐπὶ
3661 3767 3772 3836 τῆς-

2185 3861 2308 3932 γῆς.
2366 3861 2652 3931 Τοιγάρτοι
2691 3859 2801 3914 τῶν
2839 3859 3013 3914 ἄλλων
3057 3857 3502 3929 προφερεστέραν
3538 3857 3641 3928 τὴν
3681 3858 3766 3918 εἰς

2185 3953 2383 4018 αὐτοὺς
2414 3952 2682 4006 ποιεῖσθαι
2738 3951 2905 4022 τιμὴν
2947 3953 2978 4005 ὁ
3019 3951 3183 4019 νόμος
3214 3949 3598 4022 προστέταχεν,
3635 3947 3764 4001 οὔτε

2186 4045 2365 4114 γερῶν
2387 4044 2702 4115 ἀποστήσας
2725 4045 2850 4106 τοὺς
2875 4042 3184 4113 ᾑρημένους
3207 4042 3397 4110 τιμᾷν,
3418 4038 3541 4092 οὕτε
3565 4039 3764 4108 ποινῆς

2183 4136 2538 4190 ἀπαλλάττων
2574 4136 2700 4198 τοὺς
2737 4133 2898 4187 τοῦτο
2926 4133 3059 4204 δρᾷν
3091 4133 3194 4185 οὐκ
3235 4129 3595 4200 ἀνεχομένους
3615 4146 3632 4160 ’
3660 4131 3766 4198 τὴν

2186 4227 2284 4298 μὲν
2310 4227 2415 4299 γὰρ
2441 4227 2634 4296 εὐγενῆ
2665 4227 2758 4280 καὶ¹
2788 4225 2940 4279 ὁσίαν
2974 4223 3201 4294 γνώμην
3237 4225 3426 4293 τιμαῖς
3455 4223 3716 4290 στεφανοῖ
3741 4237 3758 4250 ·

2181 4319 2279 4388 τὴν
2323 4318 2379 4372 δὲ
2416 4319 2512 4388 οὐχ
2552 4317 2726 4381 οὕτως
2756 4317 3004 4388 ἔχουσαν,
3046 4319 3160 4379 τοῖς
3187 4317 3270 4378 είς
3295 4314 3450 4384 λῆξιν
3479 4330 3762 4383 καταφορ-

2179 4409 2318 4474 τίζει
2340 4413 2548 4474 κακοῖς·
2570 4429 2588 4460 ε
2612 4409 2757 4480 Τίμα
2784 4410 2944 4480 ιγὰρ,
2970 4408 3121 4478 φησὶ,
3139 4427 3158 4459 ι
3185 4407 3277 4460 τὸν
3293 4406 3507 4476 πατέρα
3535 4422 3654 4468 σου,
3672 4405 3766 4458 ἵνα

2182 4496 2241 4554 εὖ
2270 4518 2354 4555 σοι
2378 4501 2623 4572 γένηται,
2650 4501 2745 4556 καὶ
2773 4501 2870 4573 ἔσῃ
2902 4499 3294 4572 μακροχρόνιος
3321 4499 3415 4552 ἐπὶ
3442 4500 3542 4570 τῆς
3562 4498 3692 4568 γῆς.
3731 4517 3764 4549 ι.

2181 4593 2390 4647 Οὐκοῦν
2424 4589 2584 4646 ἆθλον
2620 4594 2716 4664 μὲν
2743 4593 2931 4663 ὥσπερ
2960 4611 3013 4646 τι
3045 4591 3141 4646 καὶ
3172 4591 3341 4662 γέρας
3367 4590 3648 4661 ἐξαίρετον
3675 4592 3762 4655 είς

2181 4683 2346 4754 ζωὴν,
2371 4683 2466 4738 καὶ
2482 4683 2542 4736 τὸ
2563 4683 2656 4737 ἐπὶ
2687 4684 2950 4754 μήκιστον
2977 4682 3113 4735 ἱέναι
3132 4680 3345 4752 χρόνον,
3371 4684 3484 4745 τοῖς
3510 4681 3759 4734 ἐθέλουσι

2179 4776 2343 4845 τιμᾷν
2360 4815 2375 4839 ,
2408 4773 2636 4828 θάνατον
2663 4775 2718 4827 δὲ
2750 4777 2864 4838 τοῖς
2887 4773 3112 4838 ἀλαζύσι
3142 4775 3236 4827 καὶ
3265 4773 3548 4844 ὑϐρισταῖς
3575 4774 3756 4843 ἐπαρ-

2176 4869 2348 4940 τήσας
2367 4870 2394 4922 ὁ
2412 4868 2599 4938 νόμος,
2619 4867 2962 4936 παιδαγωγὸν
2984 4866 3133 4919 ὥσπε
3141 4883 3172 4937 ρ
3196 4859 3321 4918 τινὰ
3347 4863 3770 4934 μετασοὸοῦντι

2181 4959 2314 5031 πρὸς
2344 4959 2403 5012 τὸ
2431 4959 2559 5013 εὐθὺ
2598 4959 2688 5012 τὸν
2719 4959 2882 5027 φόϐον
2920 4959 3222 5029 ἐφίστησιν.
3256 4956 3403 5026 Ἔφη
3433 4956 3542 5027 γὰρ
3564 4956 3764 5010 πάλιν·-

2184 5071 2202 5104 ι
2245 5053 2340 5114 Ὃς
2377 5051 2567 5105 τύπτει
2608 5051 2878 5121 πατέραῆ
2919 5050 3131 5122 μητέρα
3177 5048 3343 5102 αὐτοῦ
3367 5088 3384 5112 ,
3428 5047 3644 5116 θανάτῳ
3667 5064 3764 5098 τεο.

2176 5142 2444 5196 λευτάτωο
2475 5143 2570 5196 καὶ
2599 5143 2627 5194 ὀ
2655 5140 2966 5210 κακολογῶν
3003 5141 3213 5210 πατέρα
3251 5139 3417 5192 αὑτοῦ
3451 5140 3484 5210 ἢ
3514 5138 3751 5209 μητέρα,

2175 5233 2485 5305 τελευτήσει
2522 5233 2754 5305 θανάτῳ.
2803 5253 2821 5285 ι
2871 5232 3065 5304 ’Λθρει
3093 5231 3158 5302 δὴ
3199 5228 3292 5285 οὖν
3320 5233 3402 5285 ὅτι
3434 5231 3612 5283 πάντα
3648 5229 3756 5299 μὲν

2175 5323 2266 5375 τὸν
2294 5323 2495 5393 τρόπον
2523 5322 2624 5392 τῆς
2651 5323 2730 5384 είς
2760 5322 2958 5385 αὐτοὺς
2993 5320 3264 5392 ἁμαρτίας
3306 5321 3364 5373 ὲν
3395 5319 3493 5388 [σῳ
3527 5318 3764 5381 κολάζει

2179 5412 2380 5481 μέτρῳ,
2409 5412 2577 5481 ἀγχοῦ
2601 5411 2658 5464 δὲ
2698 5411 2760 5482 δὴ
2789 5410 2951 5464 πάλιν
2978 5413 3091 5475 τοῖς
3121 5411 3248 5480 περὶ
3275 5408 3413 5462 Θεοῦ
3450 5408 3518 5461 τὰ
3542 5407 3755 5475 γονέων

2173 5503 2360 5556 δίκαια
2384 5502 2548 5566 τιθεὶς
2575 5505 2766 5572 ὁρᾶται
2790 5501 2994 5570 σαφῶς.
3018 5502 3229 5572 Ὥσπερ
3251 5501 3360 5571 γὰρ
3380 5499 3473 5553 ἐπὶ
3496 5498 3654 5563 Θεοῦ,
3682 5499 3754 5552 τὸ

2174 5593 2419 5664 γλώττης
2452 5593 2828 5664 πλημμέλημα
2852 5594 3080 5663 τιμᾶται
3114 5591 3330 5663 θανάτῳ
3378 5592 3472 5644 καὶ
3514 5593 3638 5650 ταῖς
3665 5590 3756 5653 εἰςΔ

2149 5711 2188 5739 ’⁵
2217 5711 2371 5764 Joau.
2410 5728 2537 5776 xm,
2567 5711 2620 5764 ’5.
2687 5709 2728 5739 ¹⁶
2758 5709 2912 5764 .loau.
2939 5723 3046 5774 xw,
3075 5707 3155 5760 l7.
3232 5708 3271 5738 "
3304 5704 3474 5762 Exod.
3508 5719 3610 5769 xx,
3655 5703 3744 5762 12.
