3998 6502
145 350 233 409 509

817 345 905 399 DE
945 344 1383 401 ADORATIONE
1427 345 1489 399 ΙΝ
1533 345 1657 401 SPll

1764 347 1800 402 U
1845 350 1932 403 ΕΤ
1978 351 2343 406 ΥΕΒΙΤΛΤΕ.
2387 353 2512 406 LIB.
2559 351 2664 406 ΥΠ.

3257 355 3359 408 Ξὶἱθ

143 475 287 542 ἄκρον
309 466 506 538 ὀργαῖς,
524 461 668 517 οὕτω
692 464 787 518 καὶ
813 466 898 516 ἐπ’
915 465 1094 520 αὐτῶν
1121 467 1228 518 τῶν
1249 465 1654 535 γεγεννηκότων

1782 471 2016 538 peccati,
2056 471 2108 524 in
2159 471 2281 526 illos
2325 471 2571 531 admissi,
2626 469 2818 539 aequali
2847 484 3100 524 mensura
3145 473 3354 540 puniat.

142 564 220 615 καὶ
253 559 341 628 τὴν
383 553 529 609 θείαν
562 554 662 624 μέν
697 571 782 618 τις
821 554 1094 626 ἀθετήσας
1126 555 1346 625 ἐντολὴν
1367 597 1382 622 ,
1433 557 1525 608 καὶ
1557 560 1676 620 ταῖς

140 649 448 721 παραῦάσεσι
486 646 823 700 καταλυπεῖν
852 647 1126 718 ᾑρημένος
1171 647 1262 701 τὸν
1298 647 1674 716 παιδαγωγὸν.

141 744 286 816 χωρὶς
331 737 624 810 οικτιρμῶν
679 738 1038 809 ἀποθνήσκει.
1085 739 1296 808 Πατρὸς
1332 738 1391 792 δὲ
1435 737 1606 807 τυχὸν·
1641 737 1674 807 ἢ

143 831 320 905 μητρὸς
360 827 645 898 ὑποθηκῶν
685 828 988 898 ἀλογήσας,
1035 827 1374 892 λιθόλευστος
1415 829 1672 898 τελευτᾷ,

138 927 277 995 νόμου
319 921 407 974 τοῦ
442 919 584 974 θείου
626 919 720 973 καὶ
763 920 881 972 τόδε
935 919 1388 990 προστεταχότος.
1429 920 1574 988 Ἔφη
1618 918 1674 972 δὲ

133 1019 278 1079 οὕτως
314 1016 367 1068 ὲν
394 1011 468 1082 τῷ
507 1012 948 1082 Δευτερονομὶιρ’
1010 1031 1027 1064 ι
1075 1011 1201 1065 Ἑάν
1235 1012 1292 1065 δέ
1332 1029 1437 1065 τινι
1559 1011 1674 1074 υἱὸς

134 1106 335 1176 ἀπειθὴς
367 1103 457 1158 καὶ
482 1102 786 1174 ὲρεθιστὴς,
809 1103 908 1172 οὐχ
937 1101 1227 1156 ὑπακούων
1250 1101 1435 1172 φωνῆς
1467 1099 1672 1169 πατρὸς

131 1198 271 1256 αὑτοῦ
300 1197 385 1251 καὶ
407 1195 592 1266 φωνῆς
622 1195 850 1267 μητρὸς,
875 1195 967 1248 καὶ
990 1194 1353 1248 παιδεύσωσιν
1379 1195 1561 1260 αὐτὸν,
1579 1193 1671 1246 καὶ

131 1292 194 1362 μὴ
225 1287 500 1358 εἰσακούσῃ
533 1287 712 1340 αὐτῶν
732 1303 743 1313 ·
781 1285 875 1338 καὶ
907 1285 1258 1348 συλλαϐόντες
1295 1285 1456 1338 αὑτὸν
1489 1286 1518 1337 ὁ
1567 1302 1671 1337 πα-

127 1382 214 1451 τὴρ
236 1377 388 1432 αὑτοῦ
420 1377 571 1448 καὶὴ
609 1379 792 1447 μήτηρ
831 1377 1018 1441 αὑτοῦ,
1061 1376 1340 1442 ἐξάξουσιν
1381 1377 1540 1430 αὑτὸν
1577 1378 1671 1429 ἐπὶ

127 1469 207 1537 τὴν
232 1466 509 1538 γερουσίαν
535 1467 634 1536 τῆς
669 1466 878 1530 πόλεως
905 1467 1094 1530 αὑτοῦ,
1127 1468 1222 1520 καὶ⁸
1251 1468 1343 1521 ἐπὶ
1371 1468 1467 1537 τὴν
1496 1467 1668 1538 πύλην

121 1559 202 1612 τοῦ
227 1559 379 1612 τόπου
404 1557 591 1622 αὐτοῦ,
618 1559 711 1612 καὶ
740 1556 922 1629 ἐροῦσι
952 1561 1065 1622 τοῖς
1091 1559 1319 1628 ἀνδράσι
1342 1560 1439 1630 τῆς
1462 1559 1667 1622 πόλεως

121 1650 262 1704 αὑτοῦ
286 1650 548 1718 λέγοντες,
582 1651 664 1704 ὅτι
709 1650 766 1703 '0
791 1649 910 1716 υἱὸς
938 1651 1096 1721 ἡμῶν
1125 1645 1278 1714 οὗτος
1304 1651 1538 1714 ἀπειθεῖ,
1575 1655 1668 1705 καὶ

118 1741 344 1811 ἑρεθίζει,
375 1743 468 1794 καὶ
494 1743 594 1794 ούκ
619 1742 893 1795 εἰσακούει
934 1743 1036 1813 τῆς
1069 1744 1252 1814 φωνῆς
1297 1743 1490 1814 ἡμῶν,
1526 1761 1666 1814 συμ-

119 1834 394 1887 ϐσλοκοπῶν
440 1835 782 1904 οἰνοφλυγεῖ⁶
821 1837 915 1889 καὶ
945 1835 1388 1907 λιθοϐολήσουσιν
1426 1837 1589 1890 αὑτὸν
1611 1838 1658 1891 οἱ

115 1927 280 1998 ἄνδρες
321 1927 414 1996 τῆς
455 1926 665 1989 πόλεως
705 1927 871 1980 αὑτοῦ
913 1926 1112 1992 λίθοις,
1154 1928 1247 1980 καὶ
1285 1927 1655 1981 ἀποθανεῖται.

115 2021 205 2071 Καὶ
238 2020 469 2090 ἐξαρεῖτε
515 2020 607 2072 τὸν
654 2019 889 2090 πονηρὸν
931 2019 990 2086 ἐξ
1035 2019 1190 2091 ὑμῶν
1229 2019 1439 2084 αὐτῶν,
1476 2021 1570 2073 καὶ
1609 2022 1657 2073 οἱ

112 2107 342 2161 ἐπίλοιποι
373 2106 706 2171 ἀκούσαντες
741 2108 1161 2180 φοϐηθήσονταιο
1204 2128 1222 2160 ι
1255 2105 1405 2180 ’Ἃρά
1433 2126 1514 2162 σοι
1548 2108 1658 2162 λοι-

111 2199 193 2250 πὲιν
231 2196 514 2260 ἐνδοιάζειν
559 2197 637 2250 ἔτι
689 2198 780 2250 καὶ
821 2197 960 2268 μετὰ
1006 2197 1165 2251 τοῦτο
1203 2197 1389 2267 θέμις,
1425 2198 1502 2260 ὼς
1551 2194 1656 2253 εἶσι

111 2288 208 2339 κατ’
245 2286 380 2356 ἴχνος
405 2289 507 2358 τῆς
543 2288 638 2341 τοῦ
669 2287 803 2342 Θεοῦ
830 2291 995 2360 τιμῆς
1022 2290 1055 2358 ἡ
1087 2291 1167 2352 εἰς
1206 2288 1420 2360 πατέρα
1460 2306 1519 2342 τε
1562 2289 1657 2342 καὶ

110 2379 291 2448 μητέρα
307 2396 320 2444 ;

1779 561 1849 614 lis
1866 562 2052 626 etiam,
2085 579 2206 633 quae
2231 563 2297 616 de
2323 564 2434 618 Deo
2480 572 2751 632 praecepta
2805 573 2954 620 sunt.
2998 577 3060 616 ea
3110 565 3356 632 proxime

1777 652 2034 722 conjungi
2081 653 2432 723 perspicuum
2467 663 2570 716 est,
2613 669 2734 720 quae
2786 653 2853 706 ad
2892 665 3180 722 parentum
3232 655 3354 724 jura

1776 742 2076 811 pertinent.
2106 743 2362 806 Utenim,
2401 743 2444 798 si
2474 743 2606 813 quid
2647 744 2700 797 in
2742 743 2912 798 Deum
2957 743 3140 814 lingua
3166 760 3358 813 pecca-

1777 841 1891 883 tum
1915 831 2004 894 sit,
2035 841 2209 885 morte
2227 842 2584 902 extremoque
2620 833 2895 902 supplicio
2933 835 3196 888 multatur
3217 875 3230 897 ,
3277 835 3354 888 si-

1775 923 1981 976 militer
2009 923 2053 977 si
2073 923 2204 992 quid
2231 924 2287 977 in
2313 940 2408 978 eos
2432 941 2653 995 quoque
2680 925 2749 979 sit
2778 925 3080 980 admissum
3126 926 3216 994 qui
3265 941 3356 994 ge-

1775 1022 2018 1066 nuerunt
2073 1031 2084 1065 :
2148 1030 2211 1068 ac
2249 1014 2496 1068 divinum
2546 1024 2698 1069 certe
2743 1016 3059 1070 mandatum
3106 1016 3355 1086 quisquis

1775 1102 1989 1156 irritum
2016 1103 2229 1169 fecerit,
2256 1112 2312 1160 et
2336 1108 2456 1177 ejus
2475 1106 2770 1160 violatione
2788 1107 3140 1177 paulagogum
3164 1107 3353 1162 volens

1772 1192 2084 1257 offenderit,
2115 1195 2232 1248 sine
2263 1195 2370 1249 ulla
2395 1195 2747 1251 miseratione
2782 1198 3068 1251 occiditur.
3095 1197 3352 1267 Quisquis

1772 1281 1902 1335 item
1929 1285 2100 1354 patris
2128 1286 2385 1340 matrisve
2410 1286 2614 1340 monita
2638 1288 3048 1356 contempserit,
3077 1289 3351 1357 lapidibus

1771 1375 2002 1431 obrutus
2025 1388 2275 1443 necatur,
2322 1395 2446 1433 cum
2475 1379 2580 1434 hoc
2605 1379 2746 1434 idem
2778 1379 2963 1434 divina
2992 1381 3077 1434 lex
3098 1383 3344 1450 jusserit.

1770 1466 1916 1520 Dixit
1969 1478 2150 1522 autem
2187 1469 2252 1522 ad
2295 1469 2443 1524 hunc
2487 1470 2708 1523 modum
2755 1469 2809 1522 in
2875 1471 3344 1525 Deuteronomio:

1778 1578 1794 1608 ‹
1831 1558 1885 1613 Si
1911 1569 2094 1614 autem
2119 1560 2356 1630 cuipiam
2379 1561 2544 1632 fuerit
2570 1560 2714 1614 ﬁlius
2736 1570 3029 1615 contumax
3072 1569 3128 1616 et
3167 1563 3349 1617 irrita-

1771 1655 1874 1710 tor,
1904 1649 1998 1718 qui
2028 1664 2138 1703 non
2162 1649 2383 1703 obediat
2406 1649 2526 1703 voci
2553 1649 2724 1718 patris
2768 1649 2875 1711 sui,
2899 1655 2957 1702 et
2993 1648 3114 1702 voci
3160 1650 3349 1703 matris

1769 1756 1902 1805 suae,
1941 1749 1997 1794 et
2041 1739 2412 1810 corripuerint
2466 1755 2627 1803 eum,
2675 1747 2730 1793 et
2790 1755 2898 1793 non
2943 1738 3182 1793 audierit
3228 1755 3343 1802 eos,

1697 1814 1737 1868 Β
1766 1833 2238 1902 comprehendent
2282 1848 2409 1886 cum
2458 1840 2613 1901 pater
2664 1847 2798 1885 suus
2844 1840 2897 1885 et
2927 1839 3101 1884 mater
3145 1847 3264 1894 sua,
3291 1839 3348 1885 et

1765 1926 1967 1980 ducent
1990 1943 2115 1980 emn
2141 1925 2208 1979 ad
2234 1935 2484 1981 senatum
2520 1925 2693 1995 ipsius
2715 1925 2974 1987 civitatis,
3009 1933 3067 1978 et
3109 1923 3174 1978 ad
3222 1940 3348 1993 por-

1767 2025 1874 2072 tam
1902 2018 2006 2072 loci
2042 2018 2189 2072 illius
2213 2059 2226 2080 ,
2262 2027 2317 2072 et
2343 2017 2527 2072 dicent
2551 2018 2867 2072 hominibus
2891 2017 3129 2071 civitatis
3158 2015 3305 2070 illius
3329 2031 3341 2069 :

1767 2112 1938 2166 Filius
1991 2120 2180 2166 nostcr
2206 2111 2296 2165 hic
2339 2111 2666 2166 inobediens
2711 2111 3094 2173 estetirritat,
3155 2120 3343 2163 etnon

1763 2201 1918 2254 audit
1940 2215 2130 2254 vocem
2176 2208 2443 2263 nostram,
2489 2199 2983 2254 comessationibus
3013 2209 3067 2252 et
3107 2199 3346 2253 ebrieta—

1763 2290 1912 2344 tibus
1934 2298 2122 2344 vacat:
2151 2298 2206 2344 et
2232 2290 2550 2360 lapidabunt
2596 2307 2721 2344 emn
2772 2290 2876 2344 viri
2911 2289 3151 2345 civitatis
3198 2288 3344 2342 illius

1761 2381 2071 2452 lapidibus;
2097 2389 2152 2435 et
2179 2382 2466 2446 morietur,
2493 2390 2548 2436 et
2572 2381 2834 2436 auferetis
2857 2382 3058 2436 malum
3084 2398 3149 2436 ex
3185 2381 3344 2436 vobis

106 2475 320 2544 ipsis;ct
345 2476 528 2530 caeteri
553 2477 841 2532 audientes
866 2479 1137 2534 timebunt
1164 2479 1224 2534 ‘9.
1261 2499 1278 2531 ι
1317 2479 1457 2534 Num
1487 2478 1707 2533 tandem
1745 2477 1974 2548 posthac
2000 2475 2084 2531 fas
2133 2486 2217 2531 est
2240 2477 2538 2548 ambigere,
2573 2477 2705 2547 quin
2731 2478 2874 2531 oatri
2903 2492 2966 2530 ac
2981 2475 3144 2530 matri
3169 2476 3344 2531 honos

105 2567 292 2625 habitus
321 2569 568 2636 proxime
591 2569 656 2622 ad
678 2585 826 2628 eum.
853 2572 947 2640 qui
978 2572 1088 2626 Deo
1114 2572 1396 2636 tribuitur,
1421 2570 1683 2625 accedat?

161 2661 350 2716 llAAA.
381 2662 668 2733 Οὐδαμῶς.
705 2664 1046 2720 Ἑκδυσωπεῖ
1071 2666 1178 2738 γὰρ
1209 2668 1356 2736 ἡμᾶς
1384 2669 1463 2729 εἰς
1499 2683 1558 2734 γε
1592 2665 1652 2718 τὸ

101 2755 268 2821 χρῆναι
295 2755 483 2824 τιμᾷν,
507 2757 600 2808 ml.
629 2757 690 2810 τὸ
741 2758 846 2812 ὑπό
883 2775 976 2811 του
1006 2759 1080 2827 (1)
1110 2758 1289 2828 σοφῶς
1319 2757 1611 2828 εἰρημένον
1630 2773 1643 2786 ·

104 2845 434 2918 (Μνήσθητι,
473 2848 555 2902 ὃτι
583 2849 652 2904 δι’
679 2851 861 2905 αὐτῶν
901 2851 1222 2923 ἐγεννήθης.
1273 2871 1292 2901 ι
1337 2851 1446 2904 Kal.
1487 2849 1592 2920 μὴν
1623 2849 1652 2902 ὁ

99 2939 409 3010 πατριάρχης
455 2940 660 2994 Ἰακὼὸ
688 2945 1080 2999 ἐπιεικέστατα
1120 2942 1327 3013 λέγων·
1379 2961 1398 2996 ι
1440 2941 1503 2996 Εἰ
1527 2941 1653 3013 μὴὸ

101 3030 239 3095 φὸὁος
270 3031 446 3086 Ἰσαὰκ
473 3033 570 3088 τοῦ
601 3035 806 3107 πατρὸς
832 3031 900 3108 ἦν
931 3053 1040 3107 μοι.
1083 3055 1102 3088 ι

157 3229 303 3284 ΚΥΡ.
335 3225 474 3303 ’Ἆρ’
499 3228 615 3296 οὖν,
647 3235 769 3287 εἰπέ
811 3251 922 3306 μοι,
948 3235 1010 3289 τδ
1023 3233 1091 3289 δι’
1118 3233 1300 3289 αὐτῶν
1325 3233 1653 3305 γεγενῆσθαι

98 3319 278 3389 λέγειν,
299 3323 395 3376 οὐκ
417 3325 606 3379 εἰκόνα
638 3324 734 3379 τοῦ
777 3326 1124 3398 Δημιουργοῦ
1152 3327 1247 3380 καὶ
1275 3325 1371 3379 τοῦ
1413 3325 1550 3396 πρὸς
1588 3325 1649 3378 τὸ

99 3411 214 3468 εἶναι
249 3416 541 3482 καλοῦντος
587 3419 655 3472 τὰ
701 3418 803 3472 οὐκ
837 3420 967 3474 ὄντα
1012 3419 1142 3473 ποτὲ
1174 3417 1542 3483 καταδειξειεν
1577 3418 1645 3473 ἂν

97 3507 310 3577 ἐναργῶς
337 3509 498 3574 ὄντας
528 3510 762 3579 αὐτούς;
787 3511 848 3564 τὸ
883 3511 940 3564 δὲ
977 3511 1042 3583 δὴ
1087 3513 1186 3566 καὶ
1213 3511 1364 3582 φόϐῳ
1387 3510 1466 3581 τῷ
1505 3509 1648 3582 πρὸς

99 3597 229 3664 ἡμῶν
255 3600 574 3672 τετιμῆσθαι
603 3601 855 3671 πρέπειν,
884 3605 946 3656 οὐ
981 3603 1264 3674 μονονουχὶ
1291 3604 1385 3657 καὶ
1407 3605 1466 3656 ὲν
1495 3601 1646 3673 αὐτῷ

97 3689 374 3762 Δεσποτικῷ
401 3691 648 3746 τέθεικεν
672 3692 943 3764 ἀξιώματι
964 3712 980 3760 ;

154 3851 343 3907 ΠΑΔΔ.
375 3855 486 3908 Kal.
531 3855 698 3926 μάλα.
735 3856 1023 3928 Τοιγάρτοι
1056 3857 1152 3910 καὶ⁸
1191 3858 1464 3930 ἐπαρᾶται
1503 3875 1646 3912 τισιν

96 3943 553 4016 ὁΠαροιμιαστὴς,
593 3947 800 4016 λέγων’
843 3968 862 3999 σ
915 3949 1224 4020 Ὀφθαλμὸν
1257 3949 1644 4018 καταγελῶντα

97 4035 306 4107 πατρὸς,
334 4038 427 4091 καὶ
460 4039 800 4109 ἀτιμάζοντα
829 4041 1006 4112 γῆρας
1052 4041 1279 4112 μητρὸς,
1309 4041 1644 4111 ἐκκόψαισαν

96 4127 230 4181 αὑτὸν
273 4129 507 4200 κόρακες
552 4132 616 4184 ἐκ
659 4132 768 4185 τῶν
823 4133 1144 4204 φαράγγων.
1193 4152 1212 4184 ι
1265 4134 1414 4204 Πλὴν
1467 4135 1644 4188 ἐκεῖνο

95 4219 334 4288 διεσάφει,
359 4223 420 4276 τὸ
445 4225 596 4286 ὅπως
621 4223 687 4277 ἂν
715 4225 876 4278 οἴοιτό
896 4242 980 4288 τις
1006 4225 1257 4296 εἰρῆσθαι
1282 4226 1468 4294 σαφῶς
1493 4227 1645 4298 παρά

95 4311 170 4364 τοῦ
195 4315 400 4370 πάντων
441 4317 696 4388 Σωτῆρος
738 4318 1011 4389 Χριστοῦ·
1049 4337 1067 4369 ι
1129 4319 1188 4371 Ὀ
1227 4319 1395 4388 φιλῶν
1434 4320 1646 4390 πατέρα

96 4403 122 4473 ἢ
150 4406 340 4479 μητέρα
367 4409 508 4482 ὑπὲρ
536 4410 660 4481 ἐμὲ,
691 4411 790 4466 οὐκ
818 4411 934 4465 ἐστι
963 4428 1064 4482 μου
1092 4410 1261 4476 ἄξιος.
1296 4431 1314 4463 ι
1354 4413 1646 4483 Μεμνὴσο·

96 4515 176 4566 μαι
208 4500 259 4553 δὲ
296 4502 581 4556 κάκείνου·
616 4504 827 4574 πατέρα
865 4503 975 4574 γὰρ
1019 4503 1245 4558 θάπτειν
1287 4504 1380 4557 καὶ
1408 4521 1644 4574 γηροκοο

97 4592 197 4657 μεῖν
225 4593 602 4666 δκλιπαροῦντι
649 4593 727 4665 τῷ
762 4595 1010 4666 μαθητῇ,
1047 4595 1106 4648 τὸ
1135 4615 1153 4645 ‹
1196 4595 1504 4648 Ἀκολούθει
1533 4613 1642 4665 μοι,

1826 2661 2022 2718 PALL.
2053 2661 2274 2716 Minime
2300 2661 2562 2715 dubium:
2593 2669 2651 2716 ut
2677 2660 2824 2715 enim
2857 2676 2953 2715 eos
2979 2659 3189 2715 honore
3219 2675 3345 2729 pro-

1748 2754 2059 2825 sequendos
2104 2761 2381 2824 putemus,
2427 2753 2562 2808 illud
2594 2769 2814 2824 quoque
2850 2752 3163 2822 persuadet,
3194 2752 3341 2822 quod

1751 2862 1781 2901 a
1812 2845 2050 2916 quodam
2071 2845 2348 2914 sapienter
2381 2853 2465 2900 est
2494 2846 2704 2899 dictum
2732 2863 2744 2898 :
2780 2865 2797 2896 ι
2829 2845 3144 2900 Recordare
3191 2844 3340 2913 quod

1748 2953 1846 3008 per
1879 2954 1975 2992 eos
2006 2937 2220 3007 genitus
2243 2952 2303 2992 es
2342 2938 2416 3002 ¹⁰;
2451 2957 2467 2988 ι
2511 2937 2682 2992 Jacob
2730 2953 2949 3007 quoque
2993 2936 3336 3006 patriarcha,

1750 3045 1875 3083 cum
1900 3029 2302 3083 modestissime
2327 3029 2461 3082 dicit
2495 3047 2508 3083 :
2563 3049 2579 3079 ‹
2615 3029 2731 3083 Nisi
2771 3029 2931 3083 timor
2975 3028 3124 3083 Isaac
3170 3029 3342 3098 patris

1759 3119 1869 3174 mei
1896 3119 2114 3174 adesset
2139 3119 2272 3172 mihi
2299 3120 2363 3172 ".
2399 3138 2416 3169 ι

1826 3211 1983 3267 CYR.
2015 3211 2112 3266 Dic
2135 3211 2302 3282 igitur
2342 3210 2478 3265 mihi
2520 3211 2626 3265 hoc
2681 3211 2858 3281 ipsum
2884 3211 3029 3281 quod
3070 3226 3168 3280 per
3218 3209 3340 3264 illos

1751 3304 1964 3375 genitos
1986 3318 2086 3357 nos
2109 3319 2227 3358 csse
2251 3302 2456 3358 dictum
2481 3311 2584 3366 est,
2636 3319 2765 3356 num
2811 3318 3004 3372 parum
3054 3301 3340 3356 evidenter

1749 3395 1992 3450 ostendit
2014 3395 2305 3466 imaginem
2335 3410 2430 3449 eos
2469 3392 2695 3464 Opiﬁcis
2737 3401 2943 3455 tenere,
2987 3399 3043 3446 et
3073 3391 3212 3460 ejus,
3241 3388 3337 3458 qui

1749 3496 1908 3542 vocat
1932 3487 1999 3542 ad
2025 3486 2302 3561 ergsistcnd
2316 3503 2403 3539 um
2431 3501 2494 3539 ea
2518 3501 2640 3554 qua:
2667 3485 2795 3538 olim
2825 3500 2934 3538 non
2957 3491 3116 3537 erant
3133 3483 3156 3535 ?
3176 3480 3336 3550 237

1746 3583 1866 3639 Jam
1904 3598 2037 3637 vero
2064 3582 2169 3636 hoc
2217 3581 2415 3650 ipsum,
2471 3579 2616 3648 quod
2643 3587 2834 3632 nostro
2873 3591 3092 3646 quoque
3141 3575 3337 3627 timore

1747 3689 1843 3729 eos
1866 3675 2135 3728 honorare
2163 3672 2342 3734 decet,
2391 3687 2571 3725 nonne
2600 3670 2707 3724 illis
2758 3669 2930 3740 ipsam
2965 3682 3186 3738 quoque
3226 3664 3336 3718 Do-

1749 3766 1884 3822 mini
1909 3766 2231 3835 dignitatem
2261 3762 2492 3817 tribuit“?
2584 3825 2597 3837 .

1818 3859 2014 3914 PALL.
2077 3857 2219 3912 Sane
2261 3873 2414 3911 vero.
2465 3855 2703 3925 Ideoque
2754 3854 2845 3908 ille
2905 3853 3336 3908 Proverbiorum

1747 3960 1938 4006 auctor
1960 3958 2279 4006 exsecratur
2305 3949 2592 4018 quosdam,
2634 3948 2860 4002 dicens:
2895 3967 2910 3996 ι
2941 3945 3194 4010 Oculum,
3241 3949 3336 4016 qui

1744 4045 1941 4100 irridet
1961 4051 2176 4114 patrem
2208 4051 2264 4097 et
2289 4043 2583 4098 dedecorat
2606 4048 2947 4096 senectutem
2973 4040 3185 4104 matris,
3203 4040 3338 4094 οσο-

1746 4137 1905 4192 diant
1925 4152 2053 4192 eum
2076 4135 2227 4191 corvi
2252 4135 2319 4190 de
2347 4135 2686 4189 torrentibus
2714 4135 2778 4186 “.
2814 4153 2832 4184 ι
2863 4133 3003 4187 Illud
3037 4140 3216 4186 tamen
3243 4149 3336 4187 ex-

1745 4235 1919 4304 plices
1940 4232 2123 4297 velim,
2145 4230 2420 4301 quomodo
2446 4229 2515 4284 ab
2530 4227 2776 4283 omnium
2804 4227 3090 4281 Salvatore
3112 4225 3333 4280 Christo

1745 4325 2023 4396 sapienter
2049 4325 2256 4379 dictum
2281 4322 2462 4393 putari
2505 4321 2718 4392 possit:
2752 4340 2769 4369 σ
2797 4318 2902 4386 Qui
2938 4328 3082 4373 amat
3119 4326 3333 4390 patrem

1745 4425 1842 4472 aut
1864 4427 2092 4472 matrem
2113 4432 2282 4486 super
2303 4431 2412 4478 me,
2437 4429 2550 4468 non
2570 4420 2655 4469 est
2680 4428 2766 4467 me
2791 4413 2989 4482 dignus
3006 4411 3074 4466 ".
3109 4433 3126 4463 ›
3156 4411 3333 4477 Quin-

1744 4509 1911 4564 etiam
1951 4509 2086 4563 illud
2134 4505 2579 4563 commemorabo
2612 4523 2624 4558 :
2667 4520 2792 4559 nam
2827 4512 3039 4574 patrem
3074 4503 3330 4572 sepelire,

1747 4608 2195 4668 senectutemque
2231 4597 2379 4652 illius
2427 4596 2574 4651 alere
2622 4595 2835 4665 roganti
2879 4593 3153 4664 discipulo
3192 4596 3268 4648 ait
3315 4610 3329 4646 :

93 4685 224 4753 φησὶ,
265 4688 353 4741 καὶ
394 4689 535 4759 ἄφες
572 4690 696 4752 τοὺς
737 4691 964 4761 νεκροὺς
1013 4689 1239 4750 θάπτειν
1270 4690 1396 4751 τοὺς
1437 4688 1646 4742 ἑαυτῶν

1764 4711 1774 4743 ι
1805 4691 2048 4761 Sequere
2075 4707 2161 4746 me
2183 4707 2196 4756 ;
2233 4698 2291 4744 et
2315 4689 2533 4744 dimitte
2557 4697 2806 4743 mortuos
2832 4686 3065 4757 sepelire
3087 4693 3334 4740 mortuos

95 4777 311 4847 νεκρούς.
351 4799 369 4830 ι

150 4869 296 4924 ΚΥΡ.
342 4868 478 4926 Εἶτα
515 4873 566 4925 τί
602 4873 664 4926 τὸ
694 4873 892 4928 ἄτοπον
939 4872 1016 4943 (Ξ)
1053 4874 1109 4926 ἐν
1145 4871 1388 4936 τούτοιςς
1420 4871 1645 4935 ἄναντες

97 4959 186 5032 γὰρ
213 4963 374 5029 οὐδὲν,
415 4965 492 5030 ὥς
532 4965 596 5034 γέ
632 4982 722 5037 μοι
759 4966 938 5029 δοκεῖ,
965 4964 1097 5036 ψιλὴ
1133 4965 1192 5018 δὲ
1221 4964 1341 5018 λίαν
1368 4964 1478 5017 τῶν
1510 4982 1645 5035 προ-

95 5056 331 5125 κειμένων
357 5062 390 5130 ἡ
415 5061 646 5128 γνῶσις,
669 5062 763 5113 καὶ
785 5060 924 5112 ἑλεῖν
951 5059 1273 5129 ἑτοιμοτάτη
1300 5060 1411 5120 τοῖς
1434 5056 1646 5111 ἐθέλουρ

97 5162 163 5198 σιν
185 5148 347 5220 ὀρθῶς
385 5155 548 5206 νοεῖν.

151 5326 340 5381 ΠΑΛΛ.
378 5328 492 5382 Kal.
525 5329 630 5400 μὴν
663 5331 763 5384 οὐκ
790 5328 1070 5400 ἐλεύθερος
1101 5331 1379 5398 παντελῶς
1410 5332 1653 5402 ὑποψίας-

184 5481 221 5511 ¹’
245 5483 400 5539 Deut.
457 5501 567 5544 ut,
617 5485 794 5540 l8-2l.

896 5487 938 5519 ’θ
969 5486 1137 5540 Eccli.
1168 5503 1262 5552 vn,
1307 5486 1392 5540 50.

95 5549 132 5578 ’⁸
155 5550 326 5607 Matth.
369 5572 484 5620 τηε,
514 5557 602 5610 ᾗ.

157 5707 223 5772 (ll
261 5710 349 5765 Sic
381 5711 506 5766 cod.
542 5712 684 5772 ναι..
731 5713 901 5767 codex
963 5712 1168 5770 Sirleti.
1203 5712 1307 5764 ὑπὸ
1347 5710 1439 5763 τοῦ
1486 5709 1643 5763 {iter}.

1509 5489 1550 5518 "
1592 5489 1730 5544 Gen.
1783 5507 1938 5554 amr,
1986 5491 2070 5546 .22.

1749 4799 1878 4840 suos
1901 4783 1966 4837 ’⁸.
2001 4801 2018 4833 ι

1819 4874 1976 4930 CYR.
2015 4872 2156 4940 Quid
2182 4887 2314 4926 vero
2363 4871 2420 4926 in
2465 4871 2534 4926 iis
2582 4869 2806 4926 absurdi
2853 4869 2973 4924 est?
3016 4882 3141 4921 nam
3172 4865 3328 4919 ardui

1750 4966 1972 5036 quidem
1999 4972 2149 5019 certe
2173 4963 2334 5027 nihil,
2381 4973 2443 5018 ut
2487 4963 2623 5018 mihi
2671 4963 2909 5024 videtur,
2951 4959 3044 5014 sed
3101 4959 3333 5027 simplex

1751 5058 2045 5114 admodum
2071 5057 2318 5111 locorum
2341 5056 2752 5126 prepositorum
2781 5062 2865 5107 est
2882 5049 3144 5121 cognitio,
3186 5059 3240 5103 et
3264 5049 3330 5102 ad

1752 5150 2168 5222 percipiendum
2193 5149 2279 5215 iis,
2311 5149 2404 5220 qui
2433 5156 2580 5203 recte
2605 5145 2912 5215 intelligere
2936 5141 3128 5204 velint,
3179 5139 3332 5194 facil-

1752 5243 1902 5298 lima.

1822 5335 2018 5390 PALL.
2076 5334 2240 5405 Atqui
2287 5349 2397 5388 non
2443 5339 2571 5387 sunt
2616 5347 2678 5385 ea
2723 5327 2889 5383 verba
2940 5343 2971 5381 a
3015 5323 3330 5395 suspicione

2179 5493 2221 5522 ⁹¹
2264 5491 2420 5544 Prov.
2461 5504 2561 5540 xxx
2589 5527 2601 5549 ,
2651 5485 2731 5538 l7.
2831 5485 2874 5515 ’³
2902 5481 3091 5538 Matth.
3131 5497 3158 5534 Χ
3185 5520 3198 5546 ,
3238 5478 3327 5533 57.

161 5770 378 5849 (‘1)C0d.
419 5783 623 5845 Sirleti,
659 5770 708 5836 τί
740 5784 796 5835 το
837 5785 1104 5844 ἄποπτον,
1154 5782 1289 5848 Quid
1317 5783 1642 5836 obscuritatis
1688 5781 1860 5843 iurat?
