3998 6510
651 368 748 422 511
1680 371 1735 426 S.
1778 368 2055 425 CYRILLI
2094 366 2567 422 ALEXANDRINI
2607 368 2923 425 ARCIllEP.
3777 387 3857 443 δίε

650 500 877 559 prorsus
900 486 1109 541 aliena:
1142 485 1399 539 videntur
1422 486 1568 539 enim
1601 485 2005 554 quodammodo
2050 483 2118 537 ab
2158 498 2212 537 ea

2323 483 2352 534 ὁ
2389 481 2573 550 λόγος·
2601 482 2743 537 ἔοικε
2768 488 2875 557 γάρ
2901 504 3016 552 πως
3037 488 3135 559 τῆς
3167 490 3243 553 είς
3278 492 3469 559 γονέας
3497 493 3668 553 αἰδοῦς
3694 498 3859 559 ἀποδω.

651 579 958 635 reverentia
984 619 998 643 ,
1042 594 1162 648 qua:
1214 576 1536 646 parentibus
1581 576 1851 642 debetur,
1897 592 2000 632 nos
2044 576 2223 631 abdu-

650 688 795 726 cere.

715 761 871 817 CYR.
898 759 1081 831 Apage
1103 760 1170 813 ab
1196 759 1299 814 ista
1324 760 1657 830 suspicione,
1683 761 1911 827 Palladi,
1936 772 1991 817 et
2016 764 2221 818 intelli-

646 852 825 923 gentia
843 860 950 905 tam
974 867 1229 921 perversa
1259 869 1272 904 :
1300 868 1479 921 neque
1506 853 1653 906 enim
1694 853 1993 909 Salvatoris
2046 857 2221 911 nostri

644 944 872 998 verbaa
954 944 1261 999 reverentia
1328 943 1381 997 in
1434 953 1691 1014 parentes
1762 945 2076 1011 abducunt,
2124 948 2217 1001 sed

642 1035 814 1100 illam,
848 1051 967 1105 qua:
999 1034 1110 1091 Deo
1135 1036 1447 1099 exhibetur,
1473 1036 1839 1104 antiquiorem
1861 1054 1924 1091 ac
1962 1050 2221 1107 pnestan-

644 1126 840 1181 liorem
867 1128 1068 1183 habere
1095 1128 1311 1182 docent.
1338 1128 1395 1182 ld
1426 1128 1570 1197 quod
1617 1130 1781 1181 etiam
1823 1131 2095 1198 superiori
2118 1147 2217 1185 n0-

642 1226 753 1274 stra
778 1219 1025 1275 oratione
1072 1221 1371 1291 perfectum
1417 1230 1520 1283 est,
1557 1238 1681 1276 cum
1721 1222 1868 1276 illam
1917 1223 2218 1291 proximam

642 1319 805 1381 atque
837 1313 1131 1367 secundam
1157 1313 1224 1367 ab
1242 1330 1326 1377 ea,
1355 1329 1475 1382 qme
1498 1314 1610 1368 Deo
1640 1320 1723 1368 est
1747 1313 2019 1378 habenda,
2060 1313 2216 1368 iden-

644 1402 811 1457 tidem
848 1404 1193 1470 diceremus;
1240 1403 1388 1473 quod
1435 1420 1564 1458 sane
1606 1404 1768 1458 etiam
1814 1404 1928 1473 ipse
1967 1403 2219 1460 Christus

642 1495 900 1557 servavit,
942 1511 1065 1549 cum
1118 1511 1295 1565 neque
1336 1494 1389 1549 id
1429 1511 1528 1564 pro
1574 1495 1805 1550 crimine
1856 1496 2107 1566 aseripsit
2150 1496 2218 1553 iis

641 1588 735 1657 qui
773 1596 1027 1657 parentes
1048 1588 1357 1657 diligerent,
1386 1604 1563 1657 neque
1594 1588 1818 1641 omnino
1862 1588 2102 1657 culpavit
2122 1598 2217 1643 aut

640 1681 918 1735 accusavit
937 1697 1050 1745 eos,
1078 1682 1170 1751 qui
1199 1682 1390 1735 iisdem
1408 1680 1672 1735 honorem
1699 1689 1893 1750 sponte
1914 1680 2214 1748 deferrent,

640 1775 734 1829 sed
764 1775 1000 1829 humana
1030 1776 1212 1829 omnia
1270 1783 1391 1844 post
1417 1775 1587 1829 Deum
1634 1774 1885 1829 habenda
1923 1790 2042 1829 esse
2086 1791 2217 1830 con-

2335 572 2513 643 μίςειν
2539 576 2708 644 ἡμᾶς.

2401 744 2564 798 ΚΥΡ.
2604 747 2817 816 ’Λπαγε
2856 749 2955 819 τῆς
3001 752 3282 818 ὑπονοίας,
3337 755 3612 826 ἄνθρωπε,
3656 763 3739 814 καὶ
3777 766 3861 820 τῶν

2330 835 2473 889 οὕτω
2501 838 3002 911 κεκιϐδηλευμένων
3030 844 3281 898 ὲννοιῶνί
3311 845 3569 918 ἀφίστησι
3596 852 3718 922 γὰρ,
3749 855 3800 908 οὔ
3820 861 3861 911 τί

2330 944 2432 979 που
2476 928 2572 999 τῆς
2616 932 2696 993 εἰς
2732 933 2923 998 γονέας
2967 934 3170 999 αἰδοῦς.
3212 938 3305 990 τοῦ
3356 941 3608 1011 Σωτῆρος
3654 946 3683 997 δ
3720 945 3859 1013 λόγος’

2328 1017 2703 1087 πρεσϐυτέραν
2746 1019 2803 1071 δὲ
2849 1021 2942 1073 καὶ
2986 1024 3196 1091 ἀμείνω
3232 1026 3330 1098 τὴν
3363 1030 3446 1091 είς
3476 1028 3612 1083 Θεὸν
3652 1035 3861 1103 ἡγεῖσθαι

2326 1107 2581 1161 διδάσκει.
2614 1111 2962 1164 Διατετέλεκε
2994 1112 3049 1166 δὲ
3074 1116 3167 1168 καὶ
3194 1119 3326 1187 ήμῖν
3352 1120 3379 1170 ὀ
3405 1118 3585 1187 λόγος,
3612 1122 3766 1193 ἀγχοῦ
3788 1130 3860 1180 καὶ

2324 1194 2583 1267 δευτέραν
2634 1198 2747 1251 ἀνω
2798 1216 2858 1252 τε
2912 1202 3008 1255 καὶ
3062 1204 3213 1257 κάτω
3260 1206 3361 1275 τῆς
3411 1206 3533 1279 Θεῷ
3592 1213 3859 1286 πρεπούσης

2324 1288 2603 1358 ὀνομάζων
2628 1290 2819 1363 αὐτὴν,
2842 1292 2871 1345 ὂ
2890 1292 2953 1365 δὴ
2976 1293 3070 1347 καὶ
3092 1296 3254 1361 αὐτὸς
3274 1300 3581 1370 τετήρηκεν
3604 1300 3631 1353 ὁ
3650 1304 3858 1373 Χριστὸς.

2323 1376 2422 1433 οὐκ
2463 1382 2643 1436 αἰτίαν
2686 1384 2998 1455 ἐπιγράψας
3028 1390 3141 1450 τοῖς
3182 1390 3402 1459 ἀγαπᾷν
3448 1393 3743 1464 ἑλομένοις,
3772 1397 3859 1450 ω·

2324 1470 2441 1524 οὐδὲ
2474 1473 2665 1544 μῶμὸν
2693 1491 2813 1528 τινα
2846 1476 2940 1530 καὶ
2971 1479 3186 1551 γραφὴν
3217 1482 3429 1545 ἐπιθεὶς
3459 1486 3577 1547 τοῖς
3612 1486 3859 1555 ᾑρημένοις

2324 1565 2509 1634 τιμᾷν.
2542 1566 2616 1617 Τό
2640 1581 2703 1633 γε
2745 1566 2851 1637 μὴν
2879 1568 3107 1621 κατόπιν
3137 1569 3274 1624 ίέναι
3299 1572 3435 1625 Θεοῦ
3468 1575 3539 1627 τὰ
3569 1576 3858 1647 ἀνθρώπινα,

2324 1655 2751 1725 πρεπωδέστατα
2825 1659 3123 1730 νομοθετεῖ.
3209 1664 3500 1736 Τοιγάρτοι
3568 1669 3724 1738 φησιν
3784 1672 3859 1738 οὐχ

2324 1746 2529 1810 ἁπλῶς·
2572 1764 2590 1798 ι
2634 1749 2692 1801 '0
2723 1749 2891 1817 φιλῶν
2922 1751 3129 1823 πατέρα
3158 1754 3324 1808 αὑτοῦ
3352 1757 3384 1827 ἢ
3414 1757 3647 1828 μητέραο
3674 1778 3690 1808 ι
3725 1776 3859 1829 προσ.

638 1866 1049 1922 venientissimc
1073 1868 1271 1921 sanxit.
1300 1868 1488 1937 Itaque
1512 1882 1621 1920 non
1646 1866 1895 1922 absolute
1919 1867 1995 1921 ait
2020 1886 2031 1920 :
2065 1887 2081 1918 ι
2110 1866 2212 1934 Qui

2317 1836 2525 1891 τέθεικε
2552 1838 2608 1892 δὲ
2643 1840 2724 1905 τὸ,
2755 1858 2773 1892 ι
2798 1839 2940 1914 ὑπὲρ
2960 1844 3082 1913 ἐμέ.
3098 1863 3117 1896 ι
3148 1847 3217 1899 Ἢ
3235 1848 3344 1918 γὰρ
3367 1847 3469 1901 οὐκ
3486 1849 3649 1920 οἰήσῃ
3669 1852 3859 1920 πρέπειν

637 1966 782 2011 amat
816 1967 1025 2027 patrem
1060 1975 1220 2012 suum
1247 1968 1342 2012 aut
1366 1967 1623 2022 matrem,
1658 1978 1676 2009 ι
1708 1959 1802 2015 sed
1830 1958 2030 2029 adjecit
2058 1959 2212 2025 illud,

643 2069 661 2100 ι
693 2064 857 2119 super
886 2066 991 2104 me.
1030 2069 1047 2099 ι
1077 2050 1159 2104 An
1182 2066 1313 2105 vero
1337 2050 1689 2104 dilectionem
1716 2050 1772 2103 in
1820 2050 1994 2104 Deum
2041 2050 2213 2105 dilec-

636 2140 771 2195 tioni
808 2142 861 2195 in
888 2142 1142 2197 homines
1164 2158 1275 2196 non
1314 2140 1738 2211 praeponendam
1767 2140 2031 2210 putabis?

705 2234 903 2289 PALL.
956 2235 1070 2305 Ego
1130 2250 1264 2289 vero
1322 2232 1745 2305 praeponendam
1800 2234 2028 2289 omnino
2080 2249 2213 2290 cen-

635 2338 751 2377 880.

705 2412 861 2468 CYR.
897 2413 1042 2484 Ergo
1068 2413 1124 2468 in
1148 2428 1269 2467 eam
1311 2413 1636 2468 sententiam
1689 2413 1844 2469 abire
1883 2412 2211 2485 discipulum

635 2521 747 2560 non
781 2506 1049 2575 permisit,
1094 2516 1153 2560 ut
1196 2514 1414 2575 putaret
1445 2506 1832 2571 reverentiam,
1858 2522 1979 2576 qua:
2003 2507 2213 2562 homini

634 2598 885 2667 quamvis
916 2600 1131 2668 parenti
1179 2598 1493 2663 deberetur,
1542 2598 1621 2653 illi
1659 2598 1855 2663 alteri,
1910 2615 2031 2668 qua:
2085 2616 2213 2671 erga

633 2687 803 2742 Deum
833 2688 1084 2743 habenda
1107 2697 1211 2753 est,
1238 2704 1359 2743 esse
1382 2688 1800 2758 przeferendam,
1832 2690 1924 2759 qui
1950 2690 2085 2745 alias
2116 2700 2211 2745 na-

632 2788 771 2833 turze
799 2780 947 2850 leges
971 2780 1039 2834 de
1078 2780 1289 2833 honore
1310 2779 1635 2849 parentibus
1659 2779 1956 2834 tribuendo
1980 2796 2080 2835 suo
2120 2796 2213 2851 pa-

630 2872 866 2926 trocinio
887 2870 1153 2926 defendit.
1186 2871 1294 2926 Sua
1321 2871 1485 2942 igitur
1509 2886 1627 2926 esse
1655 2871 1858 2925 nostris
1876 2872 2212 2941 prmferenda

628 2959 789 3014 docet
814 2978 827 3025 ;
854 2960 1236 3015 excellitenim
1263 2961 1520 3014 omnibus
1542 2967 1598 3015 et
1618 2960 1825 3015 eminet
1844 2961 2024 3027 Deus;
2052 2962 2215 3033 238

626 3066 806 3121 neque
843 3068 996 3117 vero,
1026 3052 1153 3121 quia
1178 3068 1262 3115 ea,
1289 3068 1410 3121 qua:
1437 3051 1503 3106 ad
1531 3052 1701 3107 Deum
1735 3056 2032 3122 pertinent,
2067 3054 2211 3107 anti-

624 3143 817 3213 quiora
841 3160 907 3199 ac
934 3145 1315 3214 praestantiora
1359 3143 1604 3213 putanda
1662 3151 1793 3197 sunt
1838 3159 1902 3199 ac
1950 3145 2204 3211 dicenda,

2314 1928 2414 1999 τῆς
2460 1930 2541 1993 είς
2587 1929 2913 2003 ἀνθρώπους
2972 1936 3193 2007 ἀγάπης
3251 1939 3623 2011 προτετάχθαι
3672 1941 3758 2012 τὴν
3799 1944 3858 2009 είς

2315 2018 2447 2072 Θεόν
2460 2035 2473 2083 ;

2388 2204 2592 2259 ΠΑΛΛ.
2633 2205 2954 2260 Παντάπασι
2983 2207 3083 2278 μὲν
3109 2206 3221 2264 οῦν.

2386 2415 2547 2468 ΚΥΡ.
2594 2416 2752 2470 Ἰέναι
2780 2417 2845 2489 δὴ
2876 2413 2969 2471 οῦν
2999 2419 3099 2472 οὐκ
3135 2419 3282 2488 ἠφίει
3318 2420 3409 2473 τὸν
3447 2421 3691 2491 μαθητὴν
3717 2423 3794 2475 ἐπὶ
3814 2422 3862 2475 τὸ

2317 2507 2391 2577 μή
2451 2506 2561 2559 δεῖν
2606 2505 2813 2561 οἴεσθαι
2862 2508 3324 2581 προύργιαιτέραν
3366 2511 3640 2563 ποιεῖσθαι
3684 2515 3769 2581 τῆς
3799 2512 3861 2574 είς

2313 2596 2444 2651 Θεὸν
2476 2597 2655 2662 αἰδοῦς
2686 2598 2785 2669 τὴν
2818 2600 2898 2663 εἰς
2925 2600 3211 2671 ἄνθρωπον
3232 2642 3246 2663 ,
3283 2602 3387 2654 κᾶν
3439 2603 3487 2654 εί
3523 2604 3747 2673 ὑπάρχοι
3777 2621 3861 2655 πα-

2312 2688 2439 2761 τὴρ,
2472 2691 2500 2743 ὁ
2537 2689 2761 2754 καὶτοῖς
2789 2691 2890 2760 τῆς
2930 2691 3143 2761 φύσεως
3177 2692 3363 2763 νόμοις
3397 2693 3479 2757 είς
3509 2710 3574 2761 γε
3614 2694 3672 2746 τὸ
3702 2694 3859 2763 χρῆναι

2313 2781 2574 2852 τιμᾶσθαι
2610 2782 3099 2854 συνηγορούμενος.
3143 2784 3375 2854 ’Λμείνω
3413 2785 3514 2854 μὲν
3545 2780 3641 2837 οὖν
3675 2786 3735 2837 τὰ
3761 2786 3860 2839 καθ’

2314 2871 2505 2925 ἑαυτὸν
2545 2876 2780 2926 ποιεῖται
2811 2874 2919 2927 τῶν
2962 2874 3084 2927 καθ’
3132 2875 3297 2942 ἡμᾶς.
3324 2875 3403 2927 Τὸ
3426 2875 3540 2945 γάρ
3572 2892 3654 2928 τοι
3684 2876 3859 2927 πάντων

2314 2961 2567 3015 ἐπέκεινα
2592 2964 2683 3015 καὶ
2711 2964 2988 3029 ἀνωτάτω,
3012 2964 3162 3027 Θεός’
3192 2965 3377 3035 ἐφίησι
3407 2965 3462 3018 δὲ
3494 2965 3740 3036 οὐδαμῶς
3758 2966 3859 3035 παρ’

2313 3051 2463 3104 οὐδὲν
2486 3054 2735 3123 ήγεῑσθαί
2768 3072 2914 3107 τισιν
2950 3055 3051 3126 τὴν
3092 3057 3171 3118 είς
3212 3056 3405 3123 γονέας
3439 3056 3582 3109 αίδὼ
3603 3098 3616 3120 ,
3641 3056 3721 3109 διά
3741 3073 3793 3124 γε
3814 3058 3860 3107 τὸ

2313 3142 2511 3213 χρῆναι
2547 3148 2763 3215 φρονεῖν
2791 3162 2851 3197 τε
2878 3146 2970 3198 καὶ
2994 3144 3195 3212 λέγειν,
3229 3146 3305 3209 ὡς
3337 3146 3485 3199 ἐστιν
3525 3148 3586 3200 ὲν
3634 3147 3784 3218 μοίρᾳ
3805 3150 3858 3215 τῇ

625 3212 750 3288 ideo
775 3212 956 3289 tamen
985 3235 1095 3289 ullo
1120 3243 1279 3304 pacto
1316 3212 1586 3304 permittit
1630 3234 1908 3304 aliquibus
1950 3236 2096 3290 illam
2154 3236 2207 3291 in

2317 3212 2663 3307 πρεσϐυτέρᾳ
2683 3252 2743 3288 τε
2771 3236 2867 3289 καὶ
2893 3235 3139 3307 ἀμείνονι
3174 3235 3244 3289 τὰ
3264 3236 3358 3290 τοῦ
3388 3235 3552 3290 Θεοῦ.
3593 3212 3860 3307 ’ἐπίκλημα

622 3336 882 3397 parentes
909 3328 1275 3383 reverentiam
1318 3344 1417 3398 pro
1463 3327 1641 3381 nihilo
1669 3327 1909 3393 ducere;
1960 3330 2013 3384 id
2059 3332 2207 3385 enim

622 3418 875 3474 Christus
899 3418 1212 3474 Judazorum
1250 3419 1569 3478 doctoribus
1607 3420 1827 3475 crimini
1871 3422 2043 3486 dedit,
2083 3438 2207 3476 eum

624 3509 764 3564 dixit
793 3528 805 3565 :
858 3530 876 3560 ι
907 3510 1051 3566 Deus
1075 3511 1213 3565 dixit
1257 3529 1269 3565 :
1297 3511 1514 3568 llonora
1542 3525 1754 3585 patrem
1785 3523 1959 3577 tuum,
1992 3522 2047 3567 et
2091 3530 2207 3567 ma-

625 3610 764 3655 trem
809 3608 955 3655 tuam
996 3619 1010 3667 ;
1045 3617 1143 3657 vos
1165 3613 1348 3658 autem
1396 3605 1601 3672 dicitis,
1631 3607 1810 3676 inquit
1840 3624 1852 3659 :
1886 3605 2207 3675 Quicunque

624 3690 825 3745 dixerit
846 3691 987 3759 patri
1014 3706 1113 3746 suo
1141 3709 1153 3744 :
1182 3691 1381 3747 Munus
1413 3693 1561 3763 quod
1591 3710 1657 3750 ex
1685 3710 1772 3749 me
1809 3693 1907 3747 tibi
1929 3692 2203 3763 proderit;

623 3791 680 3835 et
702 3797 812 3835 non
836 3781 1132 3837 honorabit
1172 3791 1577 3852 patrem-suum
1600 3793 1697 3840 aut
1735 3792 1967 3839 matrem
1998 3798 2153 3838 suam
2188 3800 2202 3836 :

2310 3325 2419 3394 γὰρ
2461 3328 2693 3378 ἐποιεῖτο
2727 3330 2840 3389 τοῖς
2881 3327 3150 3381 Ἰουδαίων
3190 3328 3539 3397 καθηγηταῖς
3569 3328 3633 3381 τὸ
3657 3328 3861 3399 χρῆμό

2310 3416 2542 3487 Χριστὸς
2566 3416 2758 3485 λέγων·
2786 3438 2805 3468 ι
2843 3417 2901 3470 '0
2921 3417 3054 3480 Θεὸς
3079 3412 3222 3481 εἷπε,
3244 3419 3393 3489 Τίμα
3418 3418 3514 3471 τὸν
3542 3420 3744 3488 πατέρα
3767 3434 3859 3476 σου.

2310 3510 2403 3563 καὶ
2431 3508 2531 3580 τὴν
2560 3509 2771 3581 μητέρα
2806 3526 2899 3562 σου
2921 3526 2933 3539 ⁸
2960 3509 3117 3579 ὑμεῖς
3146 3509 3202 3563 δὲ
3230 3509 3442 3576 λέγετε,
3484 3510 3656 3579 φησὶν
3687 3512 3713 3563 ὁ
3735 3509 3856 3569 Θεὸς·

2315 3602 2411 3665 Ὃς
2445 3602 2541 3654 ἐὰν
2571 3601 2701 3674 εἴπῃ
2731 3601 2809 3672 τῷ
2842 3602 3010 3671 πατρὶ
3048 3600 3237 3665 αὑτοῦ,
3271 3601 3458 3673 Δῶρον
3485 3603 3517 3656 δ
3556 3602 3651 3655 ὲάν
3674 3601 3729 3665 ἐξ
3751 3600 3859 3670 ἐμοῦ

2308 3692 2632 3765 ὠφεληθῇς,
2683 3693 2777 3747 καί⁵
2810 3694 2871 3746 οὐ
2914 3692 2989 3764 μὴ
3036 3694 3242 3763 τιμήσῃ
3280 3693 3372 3746 τὸν
3405 3694 3627 3764 πατέρα
3666 3690 3861 3761 αὐτοῦῆ

2306 3784 2406 3856 τὴν
2440 3785 2656 3857 μητέρα
2689 3785 2879 3849 αὐτοῦ,
2922 3787 3018 3840 καὶ
3059 3784 3384 3858 ήκυρώσατε
3422 3786 3526 3853 τὴν
3555 3784 3762 3853 ἐντολὴν
3786 3782 3860 3834 τοῦ

622 3881 679 3929 et
704 3873 922 3927 irritum
942 3873 1151 3931 fecistis
1178 3875 1495 3932 mandatum
1512 3877 1609 3933 Dei
1634 3885 1863 3948 propter
1882 3875 2207 3931 traditiones

2317 3875 2443 3929 Θεοῦ
2479 3876 2569 3929 διὰ
2594 3875 2692 3946 τὴν
2719 3877 3016 3948 παράδοσιν
3052 3877 3226 3949 ὑμῶν.
3266 3895 3285 3929 ι

620 3973 834 4019 vestras
857 3965 921 4020 ”.
962 3984 980 4017 ι

690 4055 887 4111 PALL.
921 4056 1086 4128 Atqui
1109 4073 1220 4113 non
1244 4057 1541 4114 admodum
1565 4067 1650 4115 est
1674 4058 1850 4115 facilis
1892 4060 2204 4131 proposito-

619 4163 741 4201 rum
787 4148 1084 4203 verborum
1122 4148 1445 4204 intclleetio.
1492 4149 1719 4219 Explica
1757 4148 1944 4220 igitur,
1996 4165 2201 4219 quaiso,

618 4239 894 4309 quodnam
920 4240 991 4295 sit
1014 4239 1069 4294 in
1085 4241 1187 4296 hac
1210 4256 1268 4296 re
1295 4240 1696 4295 Pharisaeorum
1720 4248 2025 4311 peccatum.

688 4325 845 4381 em.
875 4328 933 4382 In
960 4328 1205 4383 Levitico
1228 4338 1379 4384 certe
1404 4330 1669 4400 scriptum
1694 4338 1778 4386 est
1805 4348 1817 4383 :
1853 4348 1871 4383 ι
1904 4331 1972 4386 Et
1988 4331 2205 4387 locutus

2378 4051 2588 4105 ΠΑΛΛ.
2644 4052 2752 4104 Καὶ
2786 4051 2893 4122 μὴν
2925 4052 2987 4104 οὐ
3015 4018 3138 4105 λδιν
3166 4052 3357 4123 ἑτοίμη
3386 4051 3497 4105 τῶν
3521 4051 3863 4123 προκειμένοιν

2306 4144 2339 4211 ὴ
2365 4142 2582 4211 γνῶσις.
2615 4144 2877 4212 Διασάφει
2895 4143 2958 4214 δὴ
2978 4138 3073 4197 οὖν
3094 4145 3122 4197 ὅ
3145 4144 3198 4197 τί
3225 4144 3355 4197 ποτέ
3380 4144 3536 4198 ἐστιν
3562 4143 3621 4196 ἐν
3643 4158 3706 4211 γε
3723 4142 3866 4210 τούτῳ

2304 4233 2365 4285 τὸ
2390 4234 2501 4285 τῶν
2521 4234 2833 4305 Φαρισαίων
2857 4233 3254 4306 πλημμέλημα.

2378 4324 2545 4377 ΚΥΡ.
2616 4323 2704 4375 Ἐν
2743 4322 2824 4392 τῷ
2872 4324 3141 4393 Λευῖτικῷ
3193 4323 3511 4395 γέγραπταί
3549 4342 3685 4377 ποῦ’
3721 4342 3743 4375 ι
3778 4324 3865 4374 Καὶ

618 4426 702 4472 est
724 4419 990 4475 Dominus
1024 4421 1092 4475 ad
1119 4421 1360 4493 Moysen,
1399 4421 1591 4477 dicens
1618 4439 1630 4475 :
1657 4420 1911 4493 Loquere
1956 4422 2080 4478 ﬁliis
2128 4423 2207 4478 ls-

2317 4417 2533 4489 ὲλάλησε
2565 4417 2771 4489 Κύριος
2805 4419 2941 4489 πρὸς
2984 4418 3216 4488 Μωσῆν,
3256 4418 3467 4486 λέγων’
3505 4418 3753 4487 Itle
3776 4417 3865 4476 τοῖς

619 4509 828 4571 rael,et
856 4509 1008 4565 dices
1034 4511 1102 4565 ad
1125 4526 1223 4567 eos
1262 4530 1273 4565 :
1315 4506 1510 4577 Homo,
1540 4512 1634 4582 qui
1675 4513 1891 4568 Voverit
1912 4521 2101 4567 votum
2147 4513 2203 4567 in

2317 4510 2441 4572 »ἰοῖς
2473 4508 2712 4580 Ἰσραὴλ,
2748 4510 2844 4563 καὶ
2870 4512 3022 4581 ἐρεῖς
3058 4510 3198 4581 πρὸς
3229 4508 3455 4573 αὐτούς’
3492 4510 3801 4581 Ἀνθρωπος
3819 4506 3864 4566 ὃς

619 4600 859 4667 pretium
884 4600 1080 4655 animae
1105 4616 1216 4655 sua:
1240 4602 1494 4664 Domino,
1524 4604 1889 4674 eritpretium
1910 4604 2139 4660 masculi
2171 4620 2203 4660 a

2317 4600 2402 4654 ἐὰν
2427 4600 2655 4671 εὔχηται
2693 4601 2858 4673 εὐχὴν
2892 4601 2967 4666 ὣς
2991 4618 3051 4653 τε
3082 4601 3252 4672 τιμὴν
3278 4601 3376 4670 τῆς
3410 4601 3596 4673 ψυχῆς
3623 4600 3777 4655 αὐτοῦ
3804 4596 3866 4665 τῷ

618 4688 883 4743 vicesimo
904 4704 1050 4744 anno
1084 4708 1256 4761 usque
1281 4693 1348 4747 ad
1370 4695 1772 4765 sexagesimum
1814 4711 2041 4760 annum,
2074 4696 2202 4761 erit,

2317 4692 2525 4763 Κυρίῳ,
2558 4692 2709 4747 ἔσται
2738 4694 2775 4763 ήη
2809 4693 2943 4764 τιμὴ
2984 4692 3079 4746 τοῦ
3123 4693 3350 4760 ἄρσενος
3398 4693 3510 4745 ἀπὸ
3551 4688 3869 4769 εἰκοσαετοῦς

617 4782 875 4853 inquam,
923 4785 1158 4854 pretium
1206 4786 1325 4856 ejus
1379 4788 1773 4859 quinquaginta
1818 4789 1939 4844 sicli
1990 4790 2203 4860 argenti

2317 4785 2419 4848 ἕως
2452 4784 2893 4854 ἑξηκονταετοῦς,
2920 4785 3073 4838 ἔσται
3114 4786 3147 4855 ή
3180 4785 3315 4854 τιμὴ
3346 4783 3515 4836 αὐτοῦ
3559 4784 3868 4852 πεντήκοντα

614 4876 862 4946 pondere
908 4887 1099 4933 sancto
1148 4880 1211 4932 ".
1269 4899 1286 4930 ι
1336 4878 1583 4949 Cumque
1628 4896 1800 4950 pauca
1857 4881 2105 4951 quaedam
2148 4882 2203 4936 in

2317 4878 2577 4948 δίδραχμα
2618 4878 2905 4950 ἀργυρίου,
2936 4876 3015 4948 τῷ
3054 4876 3279 4947 σταθμῷ
3311 4876 3390 4947 τῷ
3423 4877 3590 4947 ἁγίῳ.
3643 4896 3661 4925 ι
3709 4872 3868 4938 Ὀλίγσ

615 4968 800 5023 medio
823 4969 891 5024 de
936 4970 1167 5024 muliere
1212 4979 1267 5025 et
1292 4971 1357 5025 de
1383 4972 1569 5041 pueris
1596 4972 1844 5038 dixisset,
1870 4988 2068 5027 rursus
2115 4973 2202 5027 in-

2317 4968 2363 5022 ἒὲ
2392 4969 2527 5023 ἄττα
2571 4969 2777 5040 μεταξὺ
2828 4969 3051 5037 γυναίου
3082 4986 3145 5021 τε
3192 4969 3319 5041 πέρι
3348 4971 3443 5021 καὶ
3484 4967 3781 5039 μειρακίων
3806 4964 3869 5015 εἱ-

614 5057 722 5113 fert
746 5076 758 5111 :
802 5078 819 5109 ι
848 5058 1005 5126 Quod
1031 5060 1075 5114 si
1104 5076 1313 5131 panper
1338 5060 1525 5123 fuerit,
1552 5061 1623 5115 ad
1642 5062 2061 5117 aestimationem
2090 5070 2203 5117 sta-

2320 5059 2443 5118 τὼν.
2476 5061 2730 5132 ἐπιφέρει
2757 5060 2920 5115 πάλιν
2939 5077 2953 5091 ο
2994 5079 3014 5113 ‹
3071 5060 3197 5115 Ἐάν
3222 5060 3281 5114 δὲ
3307 5054 3622 5132 ταπεινὸςῇ
3648 5060 3713 5128 τῇ
3735 5057 3869 5125 τιμῇ.

616 5148 699 5203 bit
724 5164 906 5205 coram
957 5152 1260 5216 sacerdote,
1289 5161 1344 5208 et
1389 5154 1684 5208 :estimabit
1727 5170 1854 5209 eum
1910 5154 2198 5209 sacerdos:

2317 5168 2567 5221 ςτησεται
2600 5152 2843 5205 ἐναντίον
2883 5151 2979 5203 τοῦ
3012 5152 3225 5222 ἱερέως,
3266 5151 3361 5203 καὶ
3396 5152 3695 5221 τιμήσεται
3729 5145 3869 5200 αὑτὸν

619 5248 681 5292 ut
703 5240 846 5294 valet
871 5257 1070 5297 munus
1099 5244 1239 5313 ejus,
1276 5243 1367 5311 qui
1414 5243 1589 5305 vovit,
1621 5243 1693 5297 ita
1732 5241 2027 5297 aestimabit
2073 5256 2199 5297 eum

2317 5245 2330 5296 5
2356 5242 2553 5315 ἱερεύς.
2586 5261 2603 5293 ι
2628 5242 2904 5305 Μυστικὸς
2929 5243 3028 5313 μὲν
3054 5240 3148 5296 οὖν
3169 5244 3197 5295 ὁ
3213 5241 3373 5309 λόγος
3389 5242 3484 5295 ml.
3505 5240 3695 5311 βαθὺς,
3717 5234 3872 5305 καιρῷ

619 5329 874 5385 sacerdos
899 5331 962 5384 ".
999 5348 1019 5382 r
1063 5332 1285 5403 Mystiea
1310 5333 1478 5403 igitur
1503 5333 1617 5387 haec
1649 5334 1815 5387 verba
1856 5343 2058 5389 suntet
2097 5333 2197 5388 ab-

2317 5335 2361 5388 is
2383 5334 2460 5405 τῷ
2487 5336 2750 5406 πρέποντι
2778 5335 2913 5406 πρὸς
2934 5334 3093 5405 ήμῶν
3129 5330 3188 5387 εὖ
3232 5334 3380 5404 μάλα
3412 5331 3869 5402 βασανισθήσεται·

618 5422 760 5489 dita;
797 5425 1188 5493 opportuniore
1229 5434 1415 5481 autem
1448 5427 1571 5481 loco
1623 5442 1652 5481 a
1702 5427 1862 5482 nobis
1906 5428 2198 5498 diligenter

2317 5425 2365 5478 rb
2383 5426 2441 5479 δὲ
2470 5426 2527 5478 ἐν
2558 5426 2735 5497 χερσὶ,
2774 5425 2905 5496 φέρε
2937 5425 3207 5496 λέγωμεν·
3238 5422 3558 5497 Προσῄεσάν
3602 5437 3749 5482 τινες
3780 5416 3872 5469 τῶν

617 5514 993 5569 excutientur:
1019 5516 1165 5584 quod
1194 5524 1375 5571 autem
1412 5516 1466 5569 in
1489 5525 1745 5586 promptu
1789 5524 1955 5585 atque
1988 5516 2042 5569 in
2086 5532 2199 5569 ma-

2317 5517 2364 5583 ὲξ
2416 5517 2663 5588 Ἰσραὴλ,
2694 5518 2788 5571 καὶ
2826 5515 3119 5588 καθιεροῦν
3164 5514 3495 5579 ἐσπούδαζον
3529 5512 3611 5584 τῷ
3649 5511 3764 5581 Θεῴ
3790 5511 3872 5569 τάξ

616 5602 781 5659 nibus
810 5611 915 5667 cst,
956 5603 1221 5660 dicamus.
1260 5606 1519 5660 Nonnulli
1547 5622 1612 5661 ex
1653 5607 1919 5662 lsraelitis
1946 5607 2194 5671 adibant,

2317 5608 2515 5664 ἑαυτῶν
2542 5609 2741 5681 ψυχὰς,
2776 5609 2853 5675 ὡς
2890 5611 2949 5665 ἐν
2983 5609 3139 5681 τύπῳ
3168 5610 3267 5681 μὲν
3299 5608 3379 5664 ἔτι
3426 5608 3517 5662 καὶ
3566 5606 3718 5678 σκιᾷ
3751 5601 3872 5672 πλὴν

568 5832 579 5859 ,ν
685 5784 733 5813 ’⁵
752 5783 937 5839 Matth.
971 5802 1057 5851 xv,
1086 5787 1206 5840 3-6.
1323 5790 1366 5817 "‘
1394 5788 1568 5843 Levil.
1615 5807 1773 5853 “vn,
1808 5789 1859 5855 82,
1889 5793 1938 5845 ἷῑ.
1989 5793 2030 5821 ’⁷
2069 5791 2201 5845 ibid.
2231 5790 2279 5843 8.
