3998 6512
152 411 238 470 515

808 392 896 447 DE
936 389 1376 446 ADORATIONE
1416 388 1483 443 IN
1525 387 1796 473 SPIRITU
1839 387 1927 443 ET
1975 389 2335 444 VEBITATE.
2376 389 2503 442 LIB.
2546 388 2657 443 ΥΠ.

3252 385 3356 442 5M

153 518 268 578 γυ.τά
288 510 368 566 τὸν
391 506 566 577 νόμον,
595 502 691 567 τὰς
731 503 873 575 ὑπὲρ
907 502 1056 572 σφῶν
1081 501 1262 556 αὐτῶν
1294 501 1679 573 ὁμολογοῦντες

1789 509 1838 555 et
1859 516 2186 558 consecrare
2238 503 2351 557 Deo
2389 518 2516 558 suas
2547 502 2777 565 animas,
2804 500 2857 554 in
2911 499 3088 570 ﬁgura
3135 499 3356 569 quidem

150 610 285 681 τιμὰς
309 603 407 661 τοῖς
442 597 683 681 ἱερᾶσθαι
706 595 954 681 λαχοῦσι,
980 596 1073 648 καὶ
1095 595 1171 667 τῷ
1194 595 1322 665 θείῳ
1348 593 1677 666 προσεδρεύ-

151 680 250 756 ουσι
291 680 655 756 θυσιαστηρίῳ.
716 685 853 739 Ἀλλ’
884 680 1024 754 ἦσάν
1061 702 1225 748 τινες,
1251 686 1529 756 ἐφιέμενοι
1578 683 1676 756 μὲν

150 792 230 859 τῆς
250 780 435 838 τοιᾶσδε
463 777 638 847 δόξης,
665 777 1021 851 (ἡγιασμένοι
1047 778 1155 850 γάρ
1177 777 1384 849 ἤδηικαὶ
1404 777 1560 847 ἱεροὶ,
1582 776 1679 833 καὶ

152 884 267 937 θεῖον
291 872 547 941 ἀνάθημα,
578 870 671 922 καὶ
698 870 750 921 τί
774 871 883 941 γὰρ
917 871 1038 941 οὐχὶ
1066 872 1173 924 τῶν
1209 870 1422 924 τοιῶνδε
1458 886 1677 939 χρημα-

150 972 290 1034 τίζειν
306 960 519 1035 ὴξίουν;)
566 961 757 1013 σπάνει
774 961 831 1014 δὲ
854 980 957 1032 χρη
968 963 1151 1032 μάτων
1167 962 1564 1023 ἀνακόπτοντες
1578 960 1678 1031 τὴν

150 1058 420 1129 ἐπιθυμίαν,
453 1054 547 1107 καὶ
572 1054 994 1124 δυσδιάφευκτον
1032 1056 1248 1126 ἔχοντες
1291 1053 1680 1125 παραπόδισμα

149 1152 223 1205 τοῦ
248 1147 543 1218 πράγματος
580 1141 679 1213 τὴν
713 1143 986 1213 πτωχείαν
1004 1160 1019 1175 ο
1044 1144 1458 1214 προτρεπόντων
1486 1142 1543 1195 δὲ
1580 1142 1679 1195 αὐ-

148 1246 250 1304 τοὺς
273 1238 354 1295 καὶ
379 1233 515 1306 μάλα
540 1233 833 1307 προθύμως
855 1235 947 1287 ἐπὶ
985 1234 1046 1287 τὸ
1066 1235 1176 1287 δεῖν
1206 1235 1340 1287 ἱέναι
1363 1234 1499 1303 πρὸς
1522 1232 1680 1285 τοῦτο

148 1334 235 1389 τῶν
254 1325 608 1399 Γραμματέων
636 1327 730 1378 καὶ
755 1326 1065 1397 Φαρισαίων
1098 1326 1546 1396 (ἑρασιχρήματοι
1571 1324 1681 1395 γὰρ

126 1408 184 1481 κοί
208 1422 376 1479 τοιοίδε
412 1408 560 1480 λίᾶν,
591 1419 684 1472 καὶ
700 1418 1005 1490 λημμάτων
1036 1418 1279 1489 αίσχρῶν
1328 1416 1678 1490 ἡττώμενοι),

146 1518 226 1586 τὴν
246 1515 314 1576 είς
337 1508 521 1580 γονέας
554 1507 686 1564 αἰδὼ
722 1509 1116 1581 προετείνοντο,
1149 1508 1407 1563 δύνασθαί
1436 1525 1494 1561 τε
1527 1508 1681 1578 μόλις

147 1607 272 1676 σφίσι
300 1619 353 1655 τε
381 1600 559 1663 αὐτοῖς
585 1600 858 1663 κάκείνοις
888 1600 956 1653 τὰ
987 1600 1212 1670 ζωαρκῆ
1244 1597 1563 1670 πορίζεσθαι
1589 1616 1684 1651 τυ-

143 1699 241 1770 χὸν,
272 1696 301 1767 ἢ
334 1694 421 1747 καὶ
449 1691 627 1763 ἄμφια
664 1691 961 1759 συλλέγειν,
1001 1690 1383 1760 ἀληθεύοντες,
1422 1690 1679 1759 ἔφασκον.

142 1787 243 1841 Οἵδε
282 1781 583 1839 ἀναπείθειν
633 1781 913 1851 ἐτόλμων,
961 1780 1092 1853 παρ’
1144 1781 1298 1835 οὐδὲν
1340 1780 1591 1852 ἡγεῖσθαι
1623 1779 1684 1833 τὸ

142 1878 304 1949 χρῆμα
341 1873 423 1927 διὰ
459 1871 628 1926 Θεόν·
672 1872 775 1925 κᾶν
820 1874 867 1925 εί
905 1873 1183 1943 προσίοιεν
1211 1874 1261 1924 oi
1292 1872 1681 1943 γεγεννηκότες
1715 1855 1754 1907 Β

140 1968 221 2035 τὴν
245 1963 431 2034 συνήθη
455 1962 583 2034 παρ’
607 1962 786 2017 αὐτῶν
809 1962 1099 2034 ζητοῦντες
1121 1963 1460 2033 ἐπικουρίαν,
1482 1963 1680 2033 χρῆναι

140 2057 292 2125 λέγειν
320 2054 591 2109 ἐδίδασκον
622 2055 791 2125 ita.th
818 2053 912 2108 καὶ
934 2053 1101 2125 μητρί
1122 2070 1134 2083 υ
1162 2073 1179 2105 ι
1211 2054 1415 2126 Δῶρον,
1442 2053 1471 2107 ὃ
1502 2053 1598 2107 ἐάν
1623 2055 1683 2121 ἐξ

139 2148 252 2219 ἐμοῦ
293 2146 571 2218 ὠφεληθῇς
611 2146 698 2202 ἀν.
739 2165 759 2197 ι
793 2145 1115 2211 Τουτέστιν,
1146 2146 1322 2218 Ὅπερ
1347 2144 1413 2199 ἂν
1440 2147 1498 2213 ἐξ
1547 2146 1681 2217 ἐμοῦ

138 2242 302 2313 λάϐῃς,
326 2239 384 2295 τὸ
415 2238 556 2292 θεῖον
586 2239 694 2293 ίσθι
722 2257 803 2293 τοι
836 2238 1246 2310 παραϐλάπτων
1272 2239 1548 2310 ἀνάθημα.
1587 2240 1683 2294 καὶ

139 2334 379 2407 χρήμασιν
407 2332 569 2403 ἱεροῖς
599 2331 697 2394 τάς
730 2334 917 2404 χεῖρας
946 2330 1189 2399 ἐπάγων·
1222 2330 1547 2384 ἀνατέθεικα
1574 2330 1683 2401 γὰρ

138 2424 345 2496 ἐμαυτὸν
372 2422 464 2477 καὶ
490 2422 569 2486 ὡς
595 2422 765 2493 δῶρον
796 2423 1146 2493 ἐπήγγελμαι
1174 2420 1251 2492 τῷ
1276 2421 1414 2492 Θεῷ.
1444 2421 1508 2474 Οἱ
1529 2420 1586 2475 δὲ
1614 2421 1683 2475 τά

138 2518 189 2573 ἐκ
200 2517 286 2587 τῆς
302 2513 599 2586 ἱεροσυλίας
614 2513 844 2578 δεδιότες
861 2513 1055 2585 βλάϐη,
1074 2514 1169 2567 καὶ
1190 2514 1313 2576 τοὺς
1334 2513 1425 2565 ἐπὶ
1444 2512 1578 2583 τῷδε
1600 2514 1683 2567 νό-

139 2625 251 2681 μους
270 2606 734 2678 καταπεφρικότες
752 2607 911 2675 ἄγαν,
926 2606 1312 2678 διεκαρτέρουν
1332 2604 1680 2676 οἰμώζοντες,

84 2692 87 2695 ἰ
136 2700 215 2755 καὶ
233 2699 323 2768 τὴν
344 2700 420 2761 είς
442 2697 579 2751 Θεὸν
605 2697 889 2753 εὐσέϐειαν
918 2699 1193 2769 πρόφασιν
1224 2699 1409 2763 αὐτοῖς
1432 2698 1683 2767 γενέσθαι

134 2789 272 2860 λιμοῦ
294 2790 624 2854 διετείνοντο,
658 2790 1135 2860 κατακεκραγότες
1162 2790 1303 2861 τάχα
1330 2807 1434 2843 που
1458 2790 1553 2844 καὶ
1584 2790 1684 2860 τῆς

136 2879 264 2943 θείας
280 2880 515 2951 ἐντολῆς,
537 2880 612 2944 ὼς
633 2880 924 2949 ἀδικούσης
944 2881 1141 2944 αὐτοὺς
1158 2882 1237 2945 είς
1252 2880 1320 2934 τά
1333 2878 1681 2952 καιριώτατα.

134 2972 216 3025 Διά
240 2971 285 3024 τί
314 2972 483 3025 τοίνυν
527 2972 712 3042 φησιν,
759 2991 777 3023 ι
818 2969 1167 3041 Ἥκυρώσατε
1198 2971 1297 3043 τὴν
1330 2970 1550 3041 ἐντολὴν
1589 2970 1707 3028 τοῦ.

134 3061 271 3127 Θεοῦ,
300 3061 382 3115 διὰ
408 3062 507 3132 τὴν
532 3060 828 3133 παράδοσιν
854 3061 1040 3132 ὐμῶν;
1067 3081 1085 3111 ι
1126 3061 1273 3116 Ἔδει
1302 3065 1433 3134 γὰρ.
1476 3062 1581 3115 ἔδει
1606 3079 1685 3115 τι·

136 3155 228 3223 μᾷν
254 3153 373 3215 τοὺς
403 3153 701 3221 φύσαντας,
730 3154 790 3206 οὐ
818 3155 913 3224 τῆς
945 3155 1025 3218 είς
1051 3154 1183 3208 Θεὸν
1214 3154 1495 3217 εὐσεϐείας
1523 3155 1684 3207 ἕνεκα
1712 3185 1755 3243 C

133 3243 210 3295 τὸν
239 3242 316 3295 ἐπ’
363 3243 544 3307 αὐτοῖς
596 3244 887 3297 καταλύειν
926 3244 1110 3314 νόμον.
1160 3244 1368 3299 Οὐκοῦν
1406 3244 1528 3299 οὕτε
1574 3244 1684 3299 τῶν

133 3334 234 3404 Θεῷ
274 3334 589 3404 πρεπόντων
626 3335 927 3407 ἀμελητέον
956 3336 1045 3389 διά
1077 3336 1144 3389 τὰ
1174 3335 1493 3406 ἀνθρώπινα
1515 3376 1530 3400 ,
1560 3335 1685 3390 οὔτε

138 3424 226 3495 μὴν
260 3426 483 3480 είσάπαν
519 3426 631 3479 τῶν
682 3427 1040 3498 ἀνθρωπίνων
1076 3426 1162 3480 διὰ
1206 3426 1339 3480 Θεὸν
1372 3427 1684 3499 καταραθυ-

136 3520 239 3586 μεῖν
290 3518 615 3587 ἀναγκαῖον*
672 3520 1046 3591 ἀπονέμοντας
1104 3520 1161 3572 δὲ
1219 3520 1419 3589 μᾶλλον
1471 3521 1533 3574 τὸ
1585 3521 1686 3591 τῆς

135 3610 326 3680 ἀγάπης
348 3611 626 3683 ἐξαίρετον
646 3615 713 3683 τῇ
739 3613 955 3666 πάντων
982 3613 1145 3683 ἀρχῇ,
1178 3600 1424 3665 τουτέστι
1451 3612 1529 3682 τῷ
1544 3611 1685 3682 Θεῷ,

134 3700 211 3753 καὶ
240 3702 480 3775 καθάπερ
506 3704 565 3755 ἐν
594 3702 745 3768 τάξει
775 3703 1002 3775 δευτέρᾳ
1039 3704 1135 3756 καὶ
1177 3704 1412 3771 γείτονι,
1445 3721 1690 3776 παρακο-

138 3791 290 3860 μίζειν
332 3793 491 3859 εὐθὺς
538 3796 634 3847 καὶ
665 3796 743 3858 εἰς
768 3795 894 3858 τοὺς
922 3797 1022 3868 τῆς
1063 3796 1335 3865 γενέσεως
1383 3796 1692 3866 ὑπουργοὺς

134 3883 215 3945 τὰς
240 3885 411 3950 αὐτοῖς
440 3888 522 3940 ὅτι
561 3888 799 3957 μάλιστα
838 3887 1154 3959 πρεπούσας
1195 3887 1364 3958 τιμάς
1395 3887 1689 3960 προσευθυο

137 3975 435 4043 μουμένους,
460 3973 543 4039 οἷς
574 3977 713 4049 ἔφην
742 3978 835 4031 καὶ
859 3978 998 4032 τόδε.

1777 592 1957 647 adhuc
1980 602 2036 647 et
2066 594 2280 656 umbra,
2331 601 2512 648 tamen
2549 608 2617 647 ex
2650 593 2786 663 legis
2832 592 3223 647 constitutione
3257 608 3356 647 cu-

1778 684 2033 757 piebant;
2087 696 2251 755 atque
2297 687 2384 750 iis,
2410 688 2503 756 qui
2541 685 2852 741 sacerdotio
2874 684 3273 765 \fungebantur,
3303 693 3359 740 ct

1777 776 1844 830 ad
1879 777 2128 832 divinum
2156 779 2326 833 altare
2356 780 2694 843 assidebant,
2730 794 2830 849 pro
2871 778 3068 848 seipsis
3122 778 3359 848 pretium

1777 865 2003 920 daturos
2025 866 2442 935 proﬁtebantur.
2471 869 2639 923 Erant
2681 867 2848 938 igitur
2879 866 3068 936 aliqui,
3094 866 3188 937 qui
3211 868 3359 938 ejus-

1779 959 1925 1017 modi
1965 959 2198 1029 gloriam
2232 969 2560 1030 expeterent
2624 960 3037 1017 :sanctiﬁcatos
3101 964 3247 1015 enim
3304 976 3361 1016 se

1774 1052 1885 1123 jam
1918 1059 1976 1104 et
2026 1066 2232 1115 sacros,
2264 1061 2321 1106 et
2366 1052 2478 1107 Deo
2508 1052 2753 1107 dicatum
2786 1051 3013 1116 donum,
3041 1060 3097 1105 et
3136 1052 3180 1107 si
3214 1051 3361 1122 quod

1780 1144 1927 1199 aliud
1953 1144 2224 1215 ejusmodi
2263 1144 2595 1199 vocabulum
2621 1152 2729 1208 est,
2762 1144 3027 1213 appellari
3052 1152 3308 1214 optarent
3346 1164 3359 1199 :

1780 1246 2039 1292 czeterum
2066 1235 2248 1305 inopia
2285 1235 2532 1304 pecunia:
2567 1225 2945 1303 reprimebant
2999 1235 3104 1290 hoc
3149 1236 3365 1290 deside-

1781 1330 1947 1394 rium,
1983 1328 2130 1399 quod
2156 1327 2472 1383 inevitabile
2506 1326 2575 1381 ad
2605 1342 2727 1380 eam
2756 1342 2873 1381 rem
2912 1326 3363 1396 impedimentum

1782 1422 2071 1486 baberent,
2101 1436 2300 1490 nempe
2325 1426 2703 1490 paupertatem
2745 1435 2757 1471 :
2795 1416 3219 1472 adhortantibus
3263 1433 3363 1471 au-

1782 1522 1892 1567 tem
1925 1529 2040 1577 eos,
2069 1521 2124 1567 et
2156 1512 2378 1582 quidem
2412 1510 2650 1565 maximo
2680 1510 2862 1565 studio
2891 1509 3098 1565 Scribis
3129 1526 3193 1564 ac
3220 1510 3362 1565 Pha-

1784 1604 1977 1668 risaais,
1999 1614 2059 1659 ut
2076 1603 2143 1660 ad
2168 1619 2291 1659 eam
2321 1619 2437 1658 rem
2461 1602 2865 1672 exsequendam
2893 1609 3187 1671 pergerent
3225 1602 3365 1671 (erat

1783 1697 1930 1751 enim
1956 1697 2010 1751 id
2036 1697 2319 1751 hominum
2357 1712 2527 1765 genus
2557 1709 2804 1758 avarum,
2835 1704 2889 1747 et
2919 1695 3093 1763 turpis
3123 1702 3365 1763 quaestus

1784 1789 2071 1859 cupiditati
2103 1788 2447 1859 obnoxium),
2488 1790 2565 1844 illi
2592 1788 2831 1843 revereri
2867 1803 2925 1843 se
2942 1796 3199 1857 parentes
3230 1804 3362 1843 cau-

1783 1884 2315 1952 sabantur,~vixque
2350 1897 2506 1952 posse
2546 1882 2651 1936 sibi
2694 1880 2827 1951 ipsis
2861 1888 2918 1936 et
2948 1880 3088 1945 illis,
3132 1896 3253 1950 qua:
3296 1880 3362 1937 ad

1782 1976 1986 2030 victum
2020 1976 2154 2030 satis
2173 1984 2379 2038 essent,
2403 1972 2778 2043 suppeditare,
2833 1980 2929 2026 aut
2985 1980 3367 2035 vestes_com-

1782 2082 1975 2136 parare
2010 2067 2285 2121 dicebant.
2344 2066 2507 2135 239
2534 2066 2603 2119 At
2629 2063 2684 2118 hi
2706 2063 3037 2134 persuadere
3068 2062 3362 2127 audebant,

1785 2164 1845 2209 ut
1870 2166 2099 2227 propter
2133 2158 2305 2212 Deum
2333 2172 2456 2211 eam
2483 2171 2600 2210 rem
2632 2171 2733 2225 pro
2759 2156 2933 2209 nihilo
2961 2154 3265 2219 haberent;
3301 2170 3367 2208 ac

1785 2252 1827 2307 si
1853 2260 2111 2323 parentes
2134 2250 2202 2305 ad
2243 2249 2391 2319 ipsos
2418 2248 2766 2312 accederent,
2821 2254 2877 2301 et
2923 2254 3248 2301 consuetum
3295 2245 3366 2301 ab

1785 2346 1919 2416 ipsis
1948 2342 2256 2398 subsidium
2290 2348 2565 2410 peterent,
2612 2340 2755 2411 patri
2791 2355 2855 2394 ac
2874 2337 3033 2393 matri
3071 2337 3366 2393 dicendum

1783 2451 1904 2490 esse
1942 2433 2215 2488 docebant
2254 2449 2267 2485 :
2305 2451 2323 2482 ι
2385 2431 2583 2485 Munus
2622 2430 2990 2500 quodcunque
3042 2439 3127 2487 est
3176 2446 3242 2485 ex
3280 2446 3368 2485 me

1784 2525 1883 2581 tibi
1938 2525 2112 2595 prosit
2134 2525 2198 2577 ’⁸.
2238 2542 2257 2574 ›
2299 2521 2414 2577 Hoc
2456 2531 2560 2585 est,
2613 2521 2657 2576 si
2692 2522 2823 2591 quid
2856 2538 2886 2577 a
2935 2540 3023 2579 me
3065 2523 3366 2593 acceperis,
3458 2524 3477 2539 ‘

1784 2615 2030 2670 divinum
2054 2622 2106 2669 te
2135 2612 2390 2669 fraudare
2415 2612 2622 2667 donum
2661 2614 2820 2679 scito,
2859 2622 2915 2669 et
2954 2616 3008 2669 in
3049 2630 3137 2672 res
3183 2629 3369 2670 sacras

1785 2718 1981 2757 manus
2019 2702 2269 2772 injicere,
2336 2716 2461 2755 nam
2524 2700 2797 2771 meipsum
2850 2702 3119 2767 dedicavi,
3167 2711 3223 2759 et
3256 2701 3368 2758 Deo

1786 2794 1940 2864 quasi
1977 2793 2279 2863 repositum
2310 2793 2516 2847 donum
2564 2794 2900 2848 consecravi.
2954 2795 3036 2849 llli
3083 2810 3216 2850 vero
3241 2809 3367 2849 cum

1787 2886 2060 2957 sacrilegii
2096 2900 2315 2955 pmnam
2349 2893 2704 2949 metuerent,
2744 2894 2800 2939 et
2854 2886 3003 2957 leges
3054 2902 3121 2941 ea
3171 2886 3239 2941 de
3307 2902 3367 2942 re

1787 2979 2116 3034 constitutas
2135 2977 2581 3041 extimescerent,
2596 2993 2889 3033 aerummas
2910 2978 3032 3035 illas
3056 2979 3369 3035 miserrime

1786 3066 2158 3137 perferebant,
2196 3075 2252 3120 et
2276 3065 2538 3135 pietatem
2562 3065 2618 3118 in
2653 3066 2825 3119 Deum
2865 3066 2970 3121 sibi
3016 3067 3173 3123 famis
3207 3083 3368 3121 ocea-

1788 3153 1997 3207 sionem
2034 3152 2201 3206 fuisse
2250 3152 2602 3218 accusabant,
2657 3169 2722 3207 ac
2751 3153 2983 3209 fortasse
3018 3155 3085 3209 de
3116 3156 3235 3225 ipso
3274 3157 3370 3211 Dei

1790 3245 2047 3300 mandato
2069 3245 2574 3315 conquerebantur,
2612 3256 2873 3316 tanquam
2901 3248 2970 3302 ab
2994 3264 3060 3304 eo
3098 3248 3153 3303 in
3204 3249 3372 3307 rebus

1791 3336 2029 3390 maxime
2082 3337 2409 3391 necessariis
2480 3337 2821 3392 violarentur
2876 3357 2889 3391 :
2942 3340 3174 3410 ideoque
3227 3342 3304 3395 ait
3354 3358 3368 3398 ι

1799 3450 1816 3481 ι
1845 3430 2064 3485 lrritum
2112 3429 2321 3484 fecistis
2366 3429 2683 3484 mandatum
2730 3431 2826 3485 Dei
2856 3440 3082 3501 propter
3119 3432 3372 3487 traditio-

1792 3539 1918 3578 nem
1946 3529 2187 3577 vestram
2236 3521 2302 3574 ”.
2342 3540 2361 3572 ι
2391 3520 2705 3576 llonorandi
2756 3521 2905 3576 enim
2934 3532 3091 3579 erant
3128 3524 3373 3593 profecto

1792 3621 2073 3683 parentes;
2104 3626 2215 3666 non
2236 3609 2521 3681 religionis
2543 3625 2707 3664 causa
2749 3611 2855 3675 lex,
2895 3627 3017 3680 qua:
3041 3612 3110 3667 de
3133 3613 3374 3682 parenti-

1790 3704 1894 3760 bus
1927 3705 2035 3759 lata
2060 3712 2199 3768 erat,
2232 3701 2587 3758 destruenda.
2624 3702 2811 3772 Neque
2837 3703 3004 3773 igitur
3020 3719 3105 3769 ea,
3140 3722 3261 3774 qua:
3303 3705 3372 3762 ad

1790 3798 1961 3853 Deum
1983 3796 2280 3867 pertinent,
2308 3796 2673 3849 humanarum
2706 3810 2889 3849 rerum
2924 3810 3091 3850 causa
3129 3805 3376 3850 contem-

1790 3889 1971 3944 nenda
1999 3897 2147 3953 sunt,
2178 3902 2357 3956 neque
2389 3901 2584 3941 rursus
2614 3900 2705 3941 res
2734 3885 2986 3940 humanae
3010 3901 3237 3955 prorsus
3275 3887 3373 3942 Dei

1792 3988 2059 4053 praetextu
2114 3978 2480 4051 negligenda;
2524 3976 2621 4033 sed
2656 3978 2873 4047 potius,
2934 3978 3028 4031 ubi
3070 3979 3375 4048 prmeipuas

134 4067 390 4125 cbaritatis
449 4080 637 4143 partes
706 4072 784 4127 illi
852 4074 1100 4128 omnium
1159 4075 1461 4145 principio,
1490 4076 1602 4131 Deo
1640 4076 1925 4142 nimirum,
1981 4075 2355 4139 tribuerimus,
2407 4084 2521 4129 tum
2560 4073 2805 4128 secundo
2853 4074 2975 4127 loco
3010 4088 3075 4127 ac
3124 4074 3374 4144 proximo

134 4175 323 4229 equum
349 4173 431 4219 est
463 4165 633 4220 etiam
676 4166 809 4236 ipsis
838 4167 1013 4222 nostri
1044 4177 1202 4223 ortus
1252 4168 1596 4224 administris
1642 4169 1860 4226 debitos
1918 4148 2171 4241 inprimis
2229 4168 2469 4222 honores
2528 4166 2792 4220 continuo
2850 4164 3087 4231 deferre,
3112 4177 3165 4221 et
3192 4165 3258 4220 ad
3308 4180 3373 4221 ea

132 4271 237 4324 qua:
258 4258 360 4313 dixi
386 4259 519 4314 illud
552 4276 770 4330 quoque
794 4262 1079 4318 nobiscum
1102 4271 1378 4333 reputare.

192 4349 383 4403 ΠΔΛΛ.
415 4352 491 4405 Τὸ
524 4351 579 4405 τί
605 4352 670 4424 δὴ
694 4354 835 4423 φής;

192 4441 340 4497 ΚΥΡ.
374 4444 496 4515 Χρῆ
506 4462 584 4514 μα
608 4446 716 4517 γὰρ
734 4446 816 4499 ὅτι
834 4445 1066 4516 μάλιστα
1090 4447 1199 4500 τῶν
1218 4448 1527 4514 ἀναγκαίων
1556 4449 1689 4519 ἡμῖν

130 4532 420 4600 ἀποφαίνων
451 4536 480 4587 ὁ
513 4535 721 4605 Κύριος
753 4535 910 4607 ἡμῶν
953 4536 1159 4606 Ἰησοῦς
1204 4538 1441 4609 Χριστὸς
1480 4539 1578 4609 τὴν
1610 4541 1689 4603 εἰς

130 4624 238 4688 τοὺς
262 4626 533 4695 φύσαντας
557 4627 713 4692 αίδὼ,
738 4629 953 4697 φειδοῦς
976 4629 1127 4699 ἠξίου
1148 4633 1241 4685 καὶ
1266 4631 1425 4701 λόγου
1451 4631 1547 4702 τὴν
1570 4633 1689 4685 ἐαυ-

127 4714 206 4767 τοῦ
222 4717 444 4789 μητέρα.
464 4721 602 4790 Ἄπη
613 4737 712 4791 ρτη
722 4719 878 4790 μένος
891 4720 998 4792 γὰρ
1015 4722 1113 4793 ἤδη
1131 4723 1224 4776 τοῦ
1237 4723 1414 4794 τιμίου
1431 4722 1662 4795 σταυροῦ
1674 4764 1686 4787 ,

130 4806 209 4857 καὶ
241 4808 312 4878 τῷ
343 4808 485 4880 ξύλῳ
514 4811 959 4883 προσηλωμένος,
993 4811 1069 4882 τῷ
1095 4813 1303 4884 γνησίῳ
1336 4814 1549 4885 μαθητῇ
1584 4816 1683 4885 τὴν

128 4896 267 4961 ἁγίαν
286 4899 453 4952 ἐδίδου
486 4900 788 4970 Παρθένον,
816 4902 910 4955 καὶ
933 4918 1001 4971 γη
1013 4903 1243 4973 ροκόμον
1263 4903 1399 4973 αὐτῇ
1418 4902 1683 4965 καθιστὰς

126 4986 202 5037 τὸν
222 4990 402 5060 ὴγαπη
413 4990 600 5059 μένον,
620 4991 825 5061 ἐλεγεψ
855 5013 872 5044 ι
909 4993 1093 5058 Γύναι,
1126 4994 1233 5047 ἰδοὺ
1255 4995 1283 5047 ὀ
1308 4994 1421 5057 υἱός
1444 5011 1559 5046 σου*
1588 4994 1682 5047 καὶ

125 5076 189 5145 τῷ
222 5079 429 5152 μαθητῇ
460 5076 636 5136 εἷπεν·
681 5083 815 5137 Ἰδοὺ
846 5086 878 5154 ἡ
914 5086 1097 5155 μήτηρ
1131 5101 1223 5137 σου
1250 5100 1261 5113 ⁸
1288 5086 1384 5138 καὶ
1412 5085 1507 5137 ἀπ’
1538 5085 1679 5137 ἐκεί·

127 5181 209 5235 νης
244 5168 337 5238 τῆς
368 5168 543 5240 ὥρας,
588 5172 789 5242 φησιν,
822 5171 1015 5226 ἐλαϐεν
1051 5174 1221 5244 αὐτὴν
1251 5175 1280 5226 ό
1312 5172 1557 5244 μαθητὴς
1600 5176 1681 5237 εἰς

122 5256 179 5309 τὰ
208 5258 327 5315 ίδια.

182 5349 376 5406 ΠΑΛΛ.
420 5353 512 5415 Ὠς
543 5354 741 5423 ἄριστά
776 5372 838 5424 γε
888 5357 1023 5426 ἡμῖν
1066 5358 1095 5409 ό
1148 5357 1276 5427 περὶ
1320 5355 1474 5411 τοῦδε
1523 5355 1682 5425 λόγος

124 5438 499 5515 ἰκπεποιῆσθαι
531 5448 695 5501 δοκεῖ.

190 5534 341 5588 ΚΥΡ.
379 5537 736 5602 Καταζεύξας
763 5537 827 5607 δὴ
865 5534 957 5591 οὖν
994 5535 1052 5592 εὖ
1091 5540 1234 5609 μάλα
1266 5543 1380 5604 τοῖς
1424 5557 1682 5611 γεγεννη-

125 5629 228 5683 κὸσι
266 5632 334 5686 τὰ
366 5632 427 5698 ἐξ
467 5628 685 5693 αὐτῶν,
737 5629 952 5683 καὶτὸν
985 5631 1048 5683 ἐκ
1100 5633 1265 5702 νόμου
1300 5632 1395 5685 καὶ
1437 5633 1683 5703 ἀνάγκης

183 5807 223 5841 ⁸⁸
247 5810 434 5869 Matth.
457 5830 549 5872 xv.
578 5815 627 5869 5.

706 5816 748 5848 δ’
779 5815 909 5869 ibid.
939 5816 990 5869 6.
1072 5814 1293 5869 “Imm.
1337 5831 1445 5877 xu,
1486 5815 1576 5878 26,
1618 5815 1708 5869 27.

1720 4360 1760 4413 ι)
1862 4351 2058 4406 PALL.
2087 4348 2359 4417 Quidnam
2382 4348 2436 4402 id
2460 4349 2581 4401 est?

1861 4444 2019 4500 CYR.
2077 4443 2213 4498 Nam
2250 4455 2364 4495 rem
2404 4439 2657 4509 inprimis
2695 4436 3065 4492 necessariam
3111 4452 3234 4492 esse
3284 4454 3374 4494 re-

1789 4533 2096 4591 verentiam
2134 4532 2188 4586 in
2212 4537 2488 4600 parentes,
2515 4527 2674 4583 nobis
2714 4526 2959 4581 ostendit
2982 4527 3249 4582 Dominus
3271 4543 3375 4583 no-

1791 4638 1904 4681 ster
1946 4626 2107 4681 Jesus
2134 4623 2408 4686 Christus,
2439 4637 2566 4677 cum
2613 4636 2725 4675 suae
2752 4620 2927 4689 ipsius
2960 4620 3154 4676 matris
3184 4636 3374 4676 curam

1791 4728 1955 4788 atque
1985 4717 2257 4782 rationem
2298 4715 2512 4771 habuit.
2558 4712 2820 4769 Sublatus
2867 4728 3105 4783 namque
3140 4714 3253 4783 jam
3316 4714 3373 4769 in

1789 4808 2162 4864 venerandam
2194 4806 2343 4861 illam
2378 4820 2620 4868 crucem,
2656 4813 2711 4858 et
2746 4804 2893 4875 ligno
2928 4803 3177 4868 sufﬁxus,
3204 4804 3373 4859 disci-

1783 4902 1913 4970 pulo
1941 4915 2042 4955 suo
2063 4914 2322 4971 germano
2346 4908 2591 4953 sanctam
2613 4897 2895 4967 Virginem
2922 4895 3170 4959 tradidit,
3195 4911 3260 4949 ac
3289 4912 3375 4951 se-

1781 4994 2018 5048 nectutis
2085 4992 2234 5046 illius
2283 4999 2521 5045 tutorem
2572 4991 3014 5058 nutritoremque
3085 4988 3375 5043 constituit

1784 5086 2047 5139 dilectum
2074 5084 2228 5137 illum
2258 5098 2440 5146 suum,
2479 5082 2669 5137 dicens
2706 5099 2717 5134 :
2759 5100 2776 5131 ι
2814 5079 3031 5142 Mulier,
3065 5092 3193 5132 ecce
3227 5077 3374 5135 ﬁlius

1788 5186 1945 5242 tuus;
1978 5175 2177 5231 deinde
2204 5174 2513 5244 discipulo:
2547 5174 2688 5228 Ecce
2728 5178 2902 5225 mater
2940 5177 3063 5236 tua;
3091 5178 3147 5224 et
3181 5185 3248 5224 ex
3280 5170 3374 5226 illa

1788 5269 1923 5323 hora
1940 5267 2154 5337 accepit
2176 5282 2296 5321 eam
2319 5265 2625 5335 discipulus
2649 5263 2707 5317 in
2736 5278 2835 5317 sua
2852 5261 2917 5315 ³⁸.
2960 5281 2977 5312 ι

1861 5358 2058 5413 PALL.
2101 5358 2367 5413 Praeclare
2390 5372 2520 5411 sane
2565 5355 2669 5409 hac
2710 5354 2779 5410 de
2810 5368 2868 5408 re
2902 5352 3078 5407 oratio
3122 5352 3373 5409 confecta

1788 5467 1909 5506 esse
1944 5451 2181 5505 videtur.

1858 5543 2015 5597 CYR.
2049 5542 2186 5597 Cum
2223 5542 2407 5611 itaque
2447 5540 2652 5595 liberos
2696 5538 3019 5609 parentibus
3068 5539 3373 5595 rectissime

1790 5634 2134 5705 subjecisset,
2161 5643 2216 5690 et
2236 5634 2540 5706 legitimum
2578 5633 2647 5688 iis
2676 5646 2740 5687 ac
2767 5633 3139 5689 necessarium
3179 5634 3370 5704 jugum
