3998 6524
615 406 718 464 515

1629 402 1683 455 S.
1725 400 2002 458 CYRILLI
2040 401 2511 458 ALEXANDRINI
2554 403 2880 460 ARCIIIEI’.
3766 415 3849 472 516

615 519 985 592 imposuisset,
1018 519 1163 573 illico
1190 516 1380 586 quales
1408 514 1575 569 etiam
1617 523 1874 584 parentes
1904 530 2032 584 erga
2057 514 2193 569 libe-

2300 514 2483 578 αὐτοῖς
2507 515 2804 586 ἐπιρῤίψας
2834 515 3016 584 ζυγὸν,
3049 518 3227 570 ὁποῖοί
3255 535 3399 582 τινες
3424 513 3535 572 εἶεν
3557 521 3622 574 ἂν
3659 526 3777 594 περὶ
3796 529 3850 580 2i

616 629 709 668 ros
746 627 866 667 esse
910 616 1198 679 oporteat,
1241 607 1348 660 sia
1409 605 1505 658 Dei
1569 605 1852 659 voluntate
1909 605 2199 660 deﬂectere

615 705 810 764 nolint,
836 701 1020 756 edicit.
1059 702 1135 753 Ac
1158 698 1360 752 Paulus
1383 697 1604 766 quidem
1629 698 2068 765 sapientissimus
2093 697 2196 763 vir,

615 806 903 864 postquam
926 791 1115 860 paucis
1146 789 1309 860 240
1349 797 1405 843 et
1426 789 1680 858 expedite
1709 789 1897 842 liberis
1917 787 2196 858 praecepit,

619 895 676 940 at
721 883 1088 953 subjiciantur
1135 880 1495 950 parentibus,
1545 879 1746 950 adjecit
1790 880 1958 933 etiam
2011 879 2194 934 illud:

621 997 639 1028 ι
671 977 880 1039 Patres,
922 975 1097 1028 nolite
1129 973 1196 1026 ad
1225 971 1566 1025 iracundiam
1608 988 1906 1041 provocare
1937 972 2078 1027 ﬁlios
2101 987 2197 1026 ve-

613 1076 777 1130 stros,
797 1065 892 1119 sed
921 1065 1154 1120 educate
1182 1078 1278 1118 eos
1299 1063 1357 1116 in
1381 1064 1729 1132 correptione
1761 1064 1976 1117 Domini
1998 1065 2062 1127 ³⁸,
2094 1083 2112 1115 ι
2143 1064 2198 1118 id

611 1166 716 1222 est,
752 1158 1084 1228 Optimarum
1115 1154 1532 1224 disciplinarum
1575 1155 1682 1208 illis
1711 1161 1967 1209 auctores
1997 1162 2194 1219 estote,

613 1258 776 1318 atque
801 1247 869 1301 ad
905 1247 1074 1300 vitam
1107 1247 1218 1298 Deo
1257 1253 1466 1314 gratam
1509 1244 1725 1312 legique
1773 1244 2012 1298 maxime
2062 1259 2196 1298 con-

613 1351 929 1394 sentaneam
959 1337 1199 1407 dirigite.
1230 1335 1299 1390 At
1328 1351 1462 1390 vero
1500 1351 1598 1405 per
1629 1336 1898 1389 ambitum
1929 1335 2196 1406 quodam-

613 1432 776 1485 modo
805 1440 968 1500 atque
993 1430 1287 1484 circuitum
1320 1430 1420 1500 (sic
1445 1430 1593 1484 enim
1637 1430 1750 1483 fere
1777 1429 2082 1500 consuevit)
2105 1445 2197 1499 pa—

615 1523 866 1577 rentibus
913 1522 1168 1591 inprimis
1203 1529 1261 1576 et
1301 1521 1522 1590 quidem
1567 1522 1874 1575 rectissime
1913 1523 2192 1592 praecipit,

615 1623 677 1667 ut
707 1612 773 1666 de
796 1613 1096 1668 liberorum
1119 1613 1393 1682 probitate
1423 1611 1644 1666 solliciti
1665 1612 1771 1665 sint
1802 1630 1814 1665 :
1849 1632 1866 1662 ι
1905 1613 2023 1667 Non
2065 1629 2194 1682 pro-

614 1705 846 1769 fanabis,
892 1705 1167 1774 inquiens,
1207 1705 1372 1758 filiam
1420 1715 1588 1768 tuam,
1623 1712 1684 1757 ut
1727 1703 1985 1758 fornicari
2029 1705 2196 1759 facias

613 1815 755 1861 eam,
780 1807 835 1853 et
857 1814 968 1852 non
1004 1797 1372 1853 fornicabitur
1411 1805 1580 1858 terra,
1617 1803 1675 1849 et
1705 1803 1851 1850 terra
1892 1795 2196 1865 replebitur

2307 606 2458 675 σφῶν
2490 607 2672 660 αὐτῶν
2709 607 3026 678 γεννήματα
3062 608 3157 661 καὶ
3187 608 3235 661 οί
3266 613 3469 677 γονεῖς,
3486 613 3634 690 .5132)
3661 616 3732 686 τῷ
3756 619 3850 690 Θεῷ

2300 697 2491 752 δοκοῦν
2544 699 2643 751 οὐκ
2694 677 3084 770 ἐκσοϐήσονται
3111 739 3124 758 ,
3177 677 3846 774 παραχρῆμα’νομοθετεέ,

2302 789 2514 852 Παῦλος
2559 789 2656 859 μὲν
2689 785 2781 843 οὖν
2827 791 2856 843 ὁ
2898 790 3210 859 σοφώτατος
3243 794 3300 844 ἐν
3335 793 3532 864 βραχεῖ
3569 798 3664 850 καὶ
3709 802 3849 855 εὐαπ-

2303 877 2605 942 αλλάκτως,
2650 879 3048 934 ὑποτάττεσθαι
3086 881 3196 934 δεῖν
3224 885 3338 946 τοῖς
3375 886 3639 956 πατράσι,
3674 906 3851 960 παρεγ-

2300 965 2407 1034 γυᾷ
2437 966 2550 1026 τοῖς
2582 964 2796 1030 τέκνοις
2816 983 2828 995 ·
2865 967 2968 1039 ἔφη
3007 967 3085 1031 δὲ,
3119 969 3199 1022 ὅτι
3228 970 3325 1023 καὶ
3360 989 3378 1022 ι
3411 974 3474 1026 Οἱ
3511 976 3758 1048 πατέρες,
3789 983 3848 1054 μή

2301 1055 2659 1125 παροργίζετε
2693 1057 2762 1110 τὰ
2805 1058 2970 1113 τέκνα
3027 1061 3204 1132 ὑμῶν,
3243 1063 3359 1117 ἀλλ’
3393 1067 3690 1138 ἐκτρέφετε
3735 1075 3850 1129 αὐτὰ

2298 1147 2357 1197 ὲν
2388 1147 2639 1218 νουθεσίᾳ
2672 1149 2899 1220 Κυρίου·
2937 1171 2956 1204 ι
2983 1155 3250 1218 τουτέστι,
3285 1156 3404 1210 Τῶν
3432 1159 3672 1230 ἀρίστων
3693 1165 3848 1232 animi;

2303 1235 2642 1327 μαθημάτων
2688 1241 2977 1312 εἰσηγηταὶ
3004 1247 3310 1313 γεγονότες,
3353 1249 3493 1320 πρὸς
3531 1251 3747 1327 θεοφιλῆ
3774 1263 3850 1313 καὶ

2300 1325 2682 1398 ἐννομωτάτην
2729 1329 3064 1385 άπευθύνετε
3110 1335 3410 1394 πολιτείαν.
3441 1341 3544 1394 Διὰ
3573 1325 3765 1400 κύκλου
3803 1352 3848 1405 δὲ

2297 1412 2486 1484 ὥσπερ
2508 1415 2535 1468 ὁ
2555 1418 2716 1488 νόμος
2737 1419 2987 1491 (σύνηθες
3010 1425 3117 1494 γάρ
3139 1428 3284 1479 ἐστιν
3303 1427 3378 1492 ὡς
3400 1430 3488 1483 ἀεὶ
3509 1431 3668 1486 τοῦτο
3685 1435 3847 1508 αὐτῷ),

2296 1508 2396 1578 τῆς
2425 1511 2533 1562 τῶν
2559 1510 2763 1564 τέκνων
2810 1515 3113 1582 ἐπιεικείας
3143 1525 3391 1591 προνοεῖν
3428 1524 3512 1577 ὅτι
3549 1526 3772 1596 μάλιστά
3798 1549 3848 1598 γε

2297 1602 2394 1694 και
2436 1601 2588 1694 μάλα
2639 1603 2815 1675 ὀρθῶς
2867 1607 3199 1681 ἐπισκήπτει
3242 1616 3516 1686 πατράσιν
3541 1634 3554 1649 ·
3590 1637 3610 1670 ι
3649 1621 3718 1674 Οὐ
3761 1626 3848 1694 γάρ

2298 1687 2648 1760 βεϐηλώσεις,
2684 1712 2702 1746 ι
2729 1697 2882 1765 φησὶ,
2917 1716 2935 1748 ι
2977 1698 3075 1769 τὴν
3107 1698 3379 1774 θυγατέρα
3401 1722 3492 1759 σου
3514 1708 3849 1779 ἐκπορνεῦσαι

2300 1782 2490 1854 αὐτὴν,
2515 1785 2610 1838 καὶ
2636 1787 2735 1839 οὐκ
2769 1790 3113 1865 ἐκπορνεύσῃ
3142 1793 3174 1864 ή
3202 1793 3296 1864 γῆ,
3333 1795 3426 1849 καὶ
3448 1799 3483 1868 ή
3519 1803 3592 1871 γῆ
3632 1801 3848 1875 ulmei].

615 1891 905 1961 iniquitate
953 1891 1019 1944 ³³.
1089 1908 1107 1940 ›
1160 1889 1296 1944 Nam
1362 1903 1659 1958 corporum
1701 1888 2008 1942 castitatem
2068 1896 2193 1943 ante

2301 1887 2454 1924 σεται
2504 1875 2755 1946 ἀνομίας.
2803 1877 2916 1949 Τὴν
2967 1895 3074 1951 γαρ
3111 1899 3193 1935 τοι
3229 1885 3499 1955 σωμάτων
3528 1889 3742 1956 ἁγνείαν
3773 1895 3849 1947 καὶ

612 1989 719 2042 alia
781 1987 949 2042 veluti
998 1985 1270 2056 primitias
1321 1985 1585 2055 quasdam
1650 1994 1850 2040 sancta
1897 2001 2191 2040 conversa-

615 2079 779 2131 tionis
838 2094 866 2132 a
897 2078 1059 2132 nobis
1091 2078 1262 2147 exigit
1315 2084 1504 2130 noster
1539 2075 1836 2141 Conditor;
1874 2086 2002 2130 sunt
2045 2078 2192 2131 enim

611 2170 914 2237 corporalia
931 2169 1046 2223 haec
1061 2175 1382 2223 ornamenta
1397 2168 1548 2221 velut
1563 2167 1745 2222 aditus
1761 2167 1980 2236 quidam
2005 2167 2068 2222 ad
2088 2169 2196 2237 spi-

613 2259 752 2312 ritus
771 2259 1098 2321 claritatem,
1120 2273 1246 2312 cum
1276 2257 1638 2326 turpitudinis
1667 2273 1729 2312 ac
1759 2257 2054 2312 dedecoris
2089 2274 2194 2312 no-

611 2360 694 2406 tas
715 2352 996 2422 effugiant.
1033 2351 1202 2422 Igitur
1227 2358 1483 2420 parentes
1507 2358 1726 2419 oportet
1742 2358 1803 2404 ut
1829 2351 1895 2404 ad
1923 2366 2011 2405 res
2032 2367 2194 2421 quam

611 2446 846 2515 optimas
868 2445 978 2499 sint
1021 2453 1276 2498 auctores
1309 2461 1322 2496 :
1359 2444 1445 2498 sin
1482 2443 1730 2512 resupini
1759 2452 1816 2498 et
1860 2445 2197 2515 negligentes

611 2542 779 2589 erunt
808 2534 1108 2604 pzedagogi,
1133 2542 1295 2603 atque
1334 2533 1472 2588 adeo
1510 2549 1689 2597 secus,
1729 2550 1893 2604 quam
1932 2535 2076 2588 ratio
2103 2549 2198 2605 po-

612 2627 802 2689 stulat,
831 2624 900 2679 ad
940 2624 1120 2694 turpia
1151 2624 1291 2679 facta
1332 2624 1501 2679 duces
1528 2639 1592 2678 ac
1618 2625 1862 2694 magistri
1887 2625 2198 2694 deprehen-

612 2717 834 2780 dentur,
865 2723 1109 2768 extrema
1148 2713 1414 2784 supplicia
1447 2715 1818 2778 sustinebunt,
1852 2723 1912 2769 ut
1944 2717 2038 2785 qui
2072 2731 2200 2772 suos

613 2803 715 2872 ipsi
749 2802 960 2857 fructus
984 2811 1360 2872 corrumpant,
1393 2811 1450 2858 et
1487 2803 1543 2856 in
1581 2803 1734 2858 exitii
1785 2804 1970 2860 foveas
2002 2806 2197 2876 impel-

612 2895 744 2957 lant,
788 2909 888 2962 pro
912 2893 1114 2962 quibus
1145 2893 1392 2964 profecto
1425 2910 1644 2965 aequum
1683 2903 1803 2950 erat
1839 2903 2074 2951 mortem
2096 2913 2196 2967 0p-

611 2995 838 3053 petere:
866 3001 993 3038 nam
1033 2985 1085 3039 id
1113 2986 1362 3056 patribus
1396 2994 1593 3042 natura
1633 3002 1851 3058 quoque
1901 2988 2017 3058 ipsa
2053 3004 2197 3057 pra:-

611 3074 824 3128 scribit.
857 3075 960 3141 Qui
1008 3092 1138 3146 ergo
1173 3093 1242 3131 ex
1286 3093 1344 3132 se
1388 3079 1625 3148 puellam
1677 3079 1746 3133 ad
1787 3079 2196 3148 apertissimum

611 3166 877 3234 probrum
910 3168 1222 3223 volentibus
1253 3170 1501 3239 exponit,
1530 3170 1598 3224 ab
1625 3186 1692 3225 eo
1740 3186 1849 3225 non
1887 3186 1987 3240 pro
2013 3172 2194 3240 puella

617 3256 883 3311 duntaxat
906 3257 1150 3313 rationes
1167 3275 1464 3330 poenasque
1493 3259 1683 3330 ﬂagitii
1702 3261 2005 3332 justissime
2035 3277 2192 3331 expo-

612 3357 729 3403 scet
765 3348 857 3403 ille
890 3349 1135 3403 omnium
1170 3351 1368 3421 iudex,
1405 3351 1501 3405 sed
1552 3352 1719 3406 etiam
1762 3368 1864 3422 pro
1912 3353 2189 3418 omnibus,

611 3441 707 3512 qui
737 3441 849 3495 sint
887 3440 953 3494 ad
1008 3443 1412 3512 turpitudinem
1479 3444 1640 3514 lapsi.
1707 3444 1990 3514 Laqueum
2042 3447 2192 3501 enim

613 3531 905 3602 quemdam
948 3539 1005 3586 et
1038 3533 1234 3587 mortis
1268 3541 1382 3589 rete
1444 3550 1570 3589 cum
1622 3536 1935 3601 tetenderit,
2003 3552 2194 3590 omnes

614 3625 1046 3694 comprehensos
1083 3624 1253 3679 habet
1279 3666 1293 3690 ,
1335 3626 1590 3695 quamvis
1613 3641 1724 3681 non
1749 3642 1939 3682 omnes
1969 3628 2191 3698 capian-

617 3725 740 3782 tur;
769 3732 950 3786 neque
982 3717 1130 3771 enim
1157 3718 1381 3772 omnino
1404 3717 1584 3773 exitus
1627 3719 1708 3774 rei
1751 3727 2050 3789 spectatur,
2096 3718 2191 3773 sed

613 3813 918 3875 cmptorum
946 3807 1030 3860 vis
1061 3814 1226 3876 atque
1253 3806 1502 3862 facultas.
1528 3809 1602 3862 De
1627 3809 1895 3878 ejusmodi
1920 3825 2050 3865 vero
2069 3825 2191 3862 mu-

615 3897 748 3950 Here
820 3897 1258 3966 sapientissimus
1325 3914 1543 3968 quoque
1616 3899 1872 3954 Salomon
1940 3900 2188 3954 scribit:

621 4009 639 4039 ι
672 3989 976 4053 Mulierem,
1020 4005 1140 4058 quae
1165 3990 1394 4060 laqueus
1417 4000 1502 4045 est
1534 4000 1590 4046 et
1622 4000 1737 4045 rete
1777 4007 1872 4045 eor
1909 3993 2047 4061 ejus,
2076 3993 2195 4046 vin-

611 4080 736 4135 cula
761 4083 815 4133 in
856 4081 1109 4135 manibus
1142 4082 1260 4151 ejus
1283 4081 1345 4134 ³³.
1392 4101 1408 4132 ι
1443 4081 1762 4136 Necessario
1803 4082 1986 4151 itaque
2027 4083 2190 4153 legis-

611 4173 788 4236 lator,
832 4190 849 4221 ι
887 4172 1008 4225 Non
1061 4171 1398 4242 profanabis,
1455 4173 1655 4242 inquit,
1704 4173 1869 4228 filiam
1902 4181 2080 4238 tuam,
2134 4183 2191 4228 ut

611 4263 872 4317 fornicari
907 4263 1074 4318 facias
1117 4280 1258 4328 eam,
1305 4273 1500 4318 etnon
1548 4264 1913 4319 fornicabitur
1961 4275 2126 4320 terra.
2166 4285 2182 4316 ›

610 4355 744 4410 Nam
774 4355 818 4408 si
856 4356 1002 4409 nulla
1034 4356 1201 4410 fuerit
1229 4356 1473 4419 omnino,
1513 4371 1637 4409 cum
1664 4371 1770 4426 qua
1811 4355 2191 4411 fornicationis

611 4447 817 4501 crimen
860 4446 1202 4511 admittatur,
1252 4447 1397 4500 haud
1440 4446 1660 4502 difﬁcile
1691 4448 1798 4502 erit
1830 4448 1936 4502 hoc
1985 4449 2189 4502 malum

2296 1963 2401 2035 πρό
2427 1981 2485 2033 γε
2510 1966 2618 2019 τῶν
2647 1967 2844 2035 ἄλλων,
2865 1969 2960 2024 καὶ
2985 1973 3312 2042 πρωτόλειω
3335 1974 3526 2048 ὥσπερ
3546 1995 3600 2032 τι
3632 1980 3726 2051 τῆς
3747 1984 3849 2037 sta-

2295 2056 2425 2122 γοῦς
2476 2058 2784 2125 πολιτείας,
2837 2062 3039 2128 ἐξαιτεῖ
3066 2065 3194 2136 παρ’
3236 2065 3393 2136 ἡμῶν
3423 2071 3452 2122 ό
3496 2073 3846 2144 Δημιουργός·

2296 2150 2643 2218 προεισϐολαὶ
2663 2151 2772 2224 γὰρ
2799 2151 2988 2224 ὥσπερ
3015 2155 3120 2225 τῆς
3153 2159 3294 2212 κατὰ
3322 2160 3540 2231 πνεῦμα
3571 2163 3849 2238 λαμπρότη-

2294 2255 2386 2332 τος
2416 2240 2482 2292 τὰ
2513 2243 2805 2312 σωματικὰ
2831 2285 2846 2310 ,
2875 2245 2967 2299 τὸν
2995 2247 3082 2298 ἐπ’
3111 2250 3431 2320 αἰσχρότητί
3471 2269 3528 2306 τε
3559 2256 3654 2308 καὶ
3682 2258 3847 2332 ἀτιμίᾳ

2295 2327 2740 2400 διαδιδράσκοντα
2772 2335 2983 2405 μῶμον.
3016 2336 3096 2389 Τὰ
3135 2339 3353 2392 πάντων
3382 2337 3476 2395 οὖν
3508 2343 3705 2416 ἄριστα
3737 2327 3848 2420 πρὲξ

2298 2437 2390 2474 ποι
2425 2422 2491 2475 ἂν
2521 2425 2652 2494 ήμῖν
2681 2427 3021 2496 είσηγεῖσθαι
3065 2430 3332 2501 πατέρας.
3364 2433 3427 2485 Et
3447 2435 3506 2487 δὲ
3534 2435 3600 2507 δὴ
3631 2439 3847 2507 μέλλοιεν

2299 2513 2623 2569 ὑπτιοῦσθαι
2662 2519 2758 2571 καὶ
2800 2518 3066 2590 ῥᾳθυμεῖν
3095 2523 3144 2574 οί
3180 2524 3544 2596 παιδαγωγοὶ,
3587 2531 3774 2600 μᾶλλον
3799 2534 3846 2588 δὲ

2297 2605 2391 2658 καὶ
2417 2605 2525 2660 τῶν
2555 2609 2845 2679 αἰσχιόνων
2869 2612 3056 2677 αὐτοῖς
3077 2616 3364 2686 γεγονότες
3391 2619 3632 2692 ἀρχηγοὶ
3661 2626 3749 2678 καὶ
3767 2644 3847 2680 κα·

2299 2694 2536 2767 θηγηταὶ
2566 2699 2892 2770 παραλόγως
2910 2703 3218 2773 ἡλίσκοντο,
3251 2708 3445 2779 ποινὴν
3477 2709 3846 2784 ὑποστήσοντιιι

2296 2788 2398 2856 τήν
2426 2788 2696 2860 ἐσχάτην,
2743 2790 2819 2855 ὡς
2846 2793 2976 2858 τοὺς
3020 2795 3183 2862 ἰδίους
3214 2800 3367 2854 αὐτοὶ
3409 2805 3660 2874 καρποὺς
3707 2823 3847 2859 κατα·

2299 2878 2631 2968 φθείροντες,
2666 2885 2758 2936 καὶ
2791 2887 2904 2949 τοῖς
2935 2887 3038 2957 τῆς
3066 2890 3340 2956 ἀπωλείας
3367 2893 3605 2959 ἐνιέντες
3627 2896 3844 2968 βόθροις,

2274 2967 2371 3024 ,ὢν
2417 2967 2486 3042 ἦν
2511 2973 2682 3045 δήπου
2723 2978 2818 3030 καὶ
2849 2979 3252 3051 ὑπερθνήσκειν
3285 2983 3513 3056 ἄμεινον
3545 3004 3560 3018 ο
3594 2967 3848 3059 νομοθετεῖ

2298 3062 2406 3134 γὰρ
2445 3066 2539 3117 καὶ
2566 3066 2725 3118 τοῦτο
2759 3069 2792 3137 ή
2823 3068 2987 3137 φύσις
3025 3073 3319 3143 πατράσιν.
3364 3077 3423 3129 '0
3448 3077 3506 3131 δὲ
3532 3079 3599 3150 δὴ
3631 3082 3757 3151 πρὸς
3780 3084 3845 3134 αξ-

2301 3155 2574 3226 σχρότητα
2619 3157 2717 3229 τὴν
2756 3161 3169 3235 ὲμφανεστάτην
3218 3171 3331 3230 τοῖς
3374 3169 3621 3224 ἐθέλουσι
3655 3174 3846 3244 προθεὶς

2297 3245 2358 3298 τὸ
2385 3247 2582 3300 ἑαυτοῦ
2611 3248 2814 3319 κόριον,
2838 3253 2936 3322 οὐχ
2967 3254 3106 3326 ὑπὲρ
3133 3257 3298 3310 αὑτοῦ
3326 3260 3421 3312 καὶ
3461 3262 3624 3331 μόνου
3654 3264 3846 3329 δικαίως

2296 3337 2362 3392 ἂν
2380 3339 2652 3395 εὐθύνοιτό
2683 3360 2742 3396 τε
2769 3346 2863 3398 καὶ
2887 3345 3146 3410 ἐξαιτοῖτο
3174 3349 3328 3414 δίκας
3350 3355 3504 3422 παρά
3521 3372 3584 3422 γε
3613 3358 3700 3410 τοῦ
3733 3361 3845 3411 πάν-

2296 3448 2404 3487 των
2429 3434 2640 3505 κριτοῦ,
2677 3436 2812 3490 ἀλλά
2835 3438 2927 3491 καὶ
2960 3439 3098 3510 ὑπὲρ
3127 3443 3325 3506 παντὸς
3351 3443 3445 3497 τοῦ
3489 3448 3626 3518 πρὸς
3652 3452 3842 3522 αἰσχρό-

2294 3541 2433 3595 τητα
2462 3525 2898 3598 διωλισθηκότος.
2921 3530 3205 3602 θήρατρον
3230 3533 3336 3605 γὰρ
3360 3535 3552 3609 ὥσπερ
3580 3557 3632 3592 τι
3657 3543 3844 3611 προθεὶς

2297 3616 2390 3669 καὶ
2421 3615 2653 3670 θανάτου
2693 3619 2854 3686 λίνον,
2884 3622 3092 3686 πάντας
3121 3622 3233 3692 ἔχει
3268 3625 3566 3695 συλλαϐὼν,
3605 3633 3697 3684 καὶ
3715 3635 3756 3684 εἰ
3781 3634 3842 3703 μή

2297 3706 2498 3771 πάντες
2546 3707 2870 3765 ἁλίσκοιντο.
2919 3713 3288 3782 Δοκιμάζεται
3336 3718 3443 3789 γὰρ
3487 3721 3614 3791 οὐχὶ
3657 3722 3715 3793 δή
3761 3742 3840 3777 που

2298 3795 2512 3860 πάντως
2556 3798 2618 3851 τὸ
2652 3799 2952 3872 ἐκϐεϐηκὸς
2980 3842 2994 3865 ,
3047 3803 3185 3856 ἀλλὰ
3226 3805 3337 3858 τῶν
3389 3809 3840 3884 ἐγχειρημάτωνή

2295 3888 2523 3959 δύναμις
2543 3905 2557 3920 ’
2582 3892 2842 3958 γυναικὸς
2869 3892 2924 3945 δὲ
2955 3894 3080 3964 πέρι
3108 3897 3341 3960 τοιᾶσδε,
3371 3903 3466 3951 καὶ
3492 3901 3520 3953 ὁ
3563 3902 3840 3972 σοφώτατος

2295 3981 2496 4051 γράφει
2520 3982 2770 4052 Σολομὼν
2790 4001 2802 4014 ο
2827 4001 2846 4034 ι
2871 3984 2982 4054 Τὴν
3029 3989 3286 4054 γυναῖκα,
3311 3989 3439 4059 ¹ἥτις
3471 3991 3590 4044 ἐστὶ
3623 3994 3844 4064 θήρευμα

2294 4074 2390 4126 καὶ
2425 4075 2633 4146 σαγή-ιη
2655 4075 2849 4146 καρδία
2873 4077 3060 4147 αὐτῆς,
3087 4079 3282 4148 δεσμὸς
3311 4081 3390 4144 είς
3418 4085 3610 4154 χεῖρας
3631 4086 3799 4156 αὐτῆς.
3823 4104 3837 4136 ι

2308 4167 2643 4234 ’Λναγκαίως
2683 4168 2962 4239 τοιγαροῦν
2997 4169 3025 4220 ὁ
3063 4170 3385 4242 νομοθέτης,
3441 4191 3460 4223 ι
3512 4176 3587 4228 Οὐ
3635 4176 3842 4246 βεὸηλώ-

2296 4272 2433 4317 σεις,
2479 4277 2495 4306 ›
2522 4258 2674 4326 φησὶ,
2697 4278 2714 4308 ι
2751 4259 2848 4328 τὴν
2869 4259 3142 4331 θυγατέρα
3164 4279 3278 4327 σου,
3302 4265 3661 4336 ἐκπορνεῦσαι
3679 4268 3839 4338 αὑτήν,

2293 4351 2387 4402 καὶ
2415 4349 2512 4403 οὐκ
2538 4351 2878 4423 ὲκπορνεύσῃ
2902 4354 2933 4422 ή
2956 4352 3047 4422 γῆ.
3082 4372 3100 4403 ι
3127 4355 3201 4407 Οὐ
3225 4355 3334 4426 γὰρ
3364 4355 3534 4428 οὔσης
3563 4358 3714 4424 ὅλως,
3738 4361 3841 4428 περὶ

2294 4441 2360 4510 ἢν
2400 4440 2465 4492 ἂν
2487 4441 2695 4508 γένοιτο
2732 4443 2895 4511 τυχὸν
2915 4443 3015 4513 τῆς
3043 4445 3294 4514 πορνείας
3321 4445 3382 4498 τὸ
3408 4447 3678 4519 ἔγκλημα,
3701 4450 3840 4519 χαλε·

610 4536 871 4605 effugere,
909 4537 1157 4606 quamvis
1203 4537 1470 4606 praecipiti
1510 4537 1580 4592 sit
1611 4537 1886 4607 quispiam
1926 4539 1981 4592 in
2033 4539 2189 4592 volu-

2297 4531 2395 4584 πὺν
2428 4533 2579 4586 οὐδὲν
2601 4533 2662 4584 τὸ
2681 4533 2962 4606 διαδράναι
2983 4535 3192 4597 παθεῖν,
3227 4538 3319 4589 καὶ
3348 4538 3496 4609 εἵτῴ
3512 4557 3593 4603 τις
3620 4544 3700 4610 εἴη
3730 4542 3840 4610 πρὸς

611 4637 817 4696 ptatem
846 4628 1028 4681 animo
1053 4668 1067 4691 ,
1091 4637 1146 4682 et
1169 4628 1235 4681 ad
1279 4629 1646 4682 resistendum
1690 4645 1917 4698 prorsus
1966 4629 2181 4699 ignavo.

615 4718 890 4772 Hactenus
911 4732 1033 4770 cum
1079 4717 1449 4786 praecepisset,
1480 4725 1539 4770 ut
1581 4717 1772 4772 liberis
1799 4735 1828 4772 a
1864 4721 2188 4788 parentibus

613 4811 871 4863 honestas
905 4808 1152 4878 corporis
1196 4817 1528 4872 servaretur,
1584 4809 1739 4880 24],
1783 4819 1958 4865 morte
2019 4812 2183 4866 etiam

611 4902 826 4964 militat,
879 4900 922 4954 si
960 4900 1084 4969 quis
1139 4899 1331 4952 ineam
1385 4899 1713 4953 sententiam
1753 4901 1990 4964 venerit,
2015 4909 2075 4954 ut
2115 4902 2183 4956 ad

609 4992 1024 5047 desciscendum
1056 5007 1086 5044 a
1112 4990 1223 5043 Deo
1263 5003 1393 5043 suos
1418 4987 1622 5043 liberos
1660 4989 1923 5058 impellat.
1952 4989 2044 5044 Sic
2084 5007 2184 5044 au-

609 5092 716 5137 teni
744 5083 796 5137 in
824 5082 1066 5137 Levitico
1090 5079 1355 5148 scriptum
1379 5087 1463 5134 est
1493 5095 1506 5132 :
1541 5079 1636 5132 «Et
1664 5079 1976 5134 locutusest
2000 5081 2186 5135 Domi-

609 5191 713 5229 nus
744 5173 810 5228 ad
844 5173 1060 5243 Moysen
1082 5212 1096 5236 ,
1128 5171 1317 5225 dicens
1375 5187 1388 5224 :
1418 5169 1473 5224 Si
1501 5169 1624 5239 quis
1647 5169 1714 5224 de
1753 5170 1879 5224 ﬁliis
1906 5171 2073 5225 Israel
2099 5173 2186 5226 vel

609 5266 676 5320 de
705 5265 1010 5335 proselytis,
1051 5263 1142 5332 qui
1178 5261 1514 5316 accesserint
1559 5259 1628 5315 ad
1657 5260 1848 5324 Israel,
1876 5259 2091 5316 dederit
2117 5259 2186 5316 de

609 5360 820 5413 semine
846 5373 944 5412 suo
967 5357 1224 5427 principi,
1250 5365 1428 5411 morte
1454 5356 1722 5410 moriatur
1742 5373 1754 5408 :
1773 5371 1925 5426 gens,
1953 5371 2075 5425 quae
2104 5366 2189 5411 est

611 5445 669 5499 in
699 5452 842 5498 terra
871 5444 980 5506 illa,
1002 5443 1321 5512 Iapidabunt
1341 5458 1469 5498 eum
1512 5443 1823 5514 lapidibus;
1853 5453 1910 5498 et
1937 5459 2038 5515 ego
2083 5445 2186 5500 ob-

610 5534 839 5590 firmabo
862 5534 1055 5588 faciem
1084 5551 1257 5598 meam
1275 5552 1440 5606 super
1468 5536 1745 5590 hominem
1779 5535 1951 5592 illum.
1984 5545 2039 5588 et
2063 5551 2188 5606 per-

609 5626 731 5682 dam
755 5643 880 5680 eum
904 5626 971 5680 de
993 5627 1192 5696 populo
1228 5644 1346 5690 suo,
1379 5629 1504 5697 quia
1545 5628 1612 5682 de
1662 5628 1869 5682 semine
1909 5643 2011 5682 suo
2033 5628 2184 5682 dedit

716 5803 756 5836 ⁸⁸
795 5805 972 5874 pres
1021 5821 1090 5868 VI,
1140 5807 1190 5860 4.
1270 5807 1310 5838 ³²
1339 5806 1510 5860 Levit.
1539 5823 1646 5874 XIX,
1674 5808 1760 5862 29.
1807 5810 1849 5842 ³³
1875 5810 2054 5865 Eeclc.
2083 5808 2277 5873 “1,27.

2291 4624 2484 4693 ἡδονὴν
2504 4626 2874 4694 εὐπάροιστος,
2899 4627 2991 4679 καὶ
3007 4628 3066 4680 τὸ
3083 4627 3273 4681 ἇναλκι
3297 4630 3576 4696 παντελῶς
3594 4633 3842 4704 ἀρῤωστήυ

2295 4730 2392 4776 σας
2414 4714 2442 4764 ό
2459 4713 2601 4776 νοῦς,
2628 4715 2925 4786 εὐκοσμίαν
2941 4717 3108 4786 δὲτὴν
3125 4717 3204 4781 εἷς
3221 4735 3282 4786 γε
3300 4720 3360 4772 τὸ
3385 4720 3546 4792 σῶμα
3563 4723 3835 4793 τηρεῖσθαι.

2293 4803 2444 4867 Τέως
2483 4805 2793 4876 προστάξας
2825 4807 2974 4879 παρὰ
3021 4808 3128 4861 τῶν
3175 4810 3430 4882 πατέρων
3475 4816 3588 4878 τοῖς
3622 4815 3836 4877 τέκνοις,

2294 4895 2511 4966 θανάτῳ
2547 4897 2772 4966 τιμᾶται
2819 4898 2913 4950 καὶ
2947 4898 3037 4952 τὸν
3090 4901 3168 4963 είς
3217 4900 3374 4953 τοῦτο
3411 4902 3560 4956 ἰόντα
3602 4904 3797 4975 γνώμη.
3823 4942 3837 4965 ,

2293 4987 2367 5050 ὡς
2393 4988 2474 5049 είς
2504 4988 2800 5041 ἀπόστασιν
2852 4988 2948 5060 τὴν
2985 4990 3091 5043 ἀπὸ
3121 4990 3255 5044 Θεοῦ
3285 4993 3351 5046 τά
3384 4995 3490 5047 ἴδια
3525 4996 3838 5068 παραρᾅαι

2295 5079 2613 5150 γεννήματα
2635 5093 2648 5106 ·
2692 5079 3003 5150 γέγραπται
3031 5081 3086 5134 δὲ
3118 5080 3290 5145 οὕτως
3338 5085 3395 5135 ἐν
3428 5085 3507 5155 τῷ
3554 5088 3802 5157 Λευῖτικῷ
3824 5104 3837 5118 ·

2301 5187 2318 5219 ι
2341 5170 2447 5222 Καὶ
2471 5169 2699 5239 ἐλάλησε
2727 5171 2929 5240 Κύριος
2964 5172 3098 5244 πρὸς
3126 5175 3351 5244 Μωσῆν,
3383 5175 3560 5244 λέγων
3582 5195 3594 5208 ·
3621 5179 3723 5232 Καὶ
3744 5181 3838 5242 τοξ

2294 5259 2430 5322 υἱοῖς
2445 5259 2658 5332 Ἰσραήλ
2683 5259 2934 5331 λαλήσεις
2961 5261 3150 5330 λέγων·
3200 5263 3325 5316 Ἐάν
3351 5282 3435 5328 τις
3463 5266 3571 5320 ἀπὸ
3591 5267 3694 5320 τῶν
3724 5267 3839 5320 υἱῶν

2305 5349 2524 5422 Ἰσραὴλ
2546 5389 2562 5416 ,
2605 5350 2639 5420 ἢ
2679 5349 2790 5404 τῶν
2842 5353 3373 5423 προσγεγενημένων
3411 5356 3756 5426 προσηλύτων
3790 5357 3838 5406 ἐν

2305 5442 2555 5514 Ἰσραήλ,
2598 5441 2656 5506 ὂς
2690 5443 2755 5498 ἂν
2791 5441 2866 5514 δῷ
2911 5442 3005 5497 τοῦ
3051 5445 3363 5516 σπέρματος
3404 5447 3569 5501 αὐτοῦ
3612 5449 3837 5520 ἄρχοντε,

2293 5535 2508 5608 θανάτῳ
2541 5534 2891 5590 θανατούσθω
2919 5555 2932 5568 ’
2964 5537 3024 5590 τὸ
3053 5537 3202 5602 ἔθνος
3229 5538 3290 5590 τὸ
3330 5541 3425 5591 ἐπὶ
3451 5540 3548 5611 τῆς
3580 5541 3677 5610 γῆς
3711 5539 3837 5592 λιθο-

2294 5628 2610 5700 δολήσουσιν
2649 5630 2812 5684 αὑτὸν
2858 5632 2914 5685 ὲν
2957 5629 3157 5693 λίθοις·
3193 5633 3284 5684 καὶ
3329 5631 3441 5698 ἐγὼ
3474 5633 3744 5702 ἐπιστήσω
3786 5630 3838 5682 τὸ
