3998 6500
181 365 275 424 δί’]

180 476 448 552 πρόσωπόν
481 492 580 546 μου
607 477 698 530 ἐπὶ
726 476 816 530 τὸν
841 477 1124 548 ἄνθρωπον
1157 482 1382 546 ἐκεῖνον,

180 569 323 624 αὑτὸν
357 569 420 620 ἐκ
444 565 536 619 τοῦ
568 566 697 620 λαοῦ
731 567 928 632 αὐτοῦ,
957 569 1037 621 ὅτι
1075 568 1169 621 τοῦ
1217 569 1529 641 σπέρματος
1560 570 1724 623 αὑτοῦ

178 664 358 716 ἔδωκεν
407 660 659 730 ἄρχοντι,
695 659 782 712 ἴνα
813 660 975 730 μιάνῃ
1011 660 1080 714 τὰ
1113 661 1244 730 ἆγιά
1279 680 1402 732 μου,
1439 664 1532 716 καὶ
1563 663 1726 735 βεϐη-

175 753 306 822 λώσῃ
341 750 400 804 τὸ
429 751 598 820 ὄνομα
625 750 734 802 τῶν
760 751 1106 822 ὴγιασμένων
1145 770 1254 822 μοι.
1300 772 1317 804 ι

237 843 430 896 ΠΑΑΛ.
481 837 747 911 Ἀμυδρὸς
793 842 820 892 ὁ
855 843 1037 912 νόμος.
1086 844 1160 896 Ού
1205 843 1315 915 γὰρ
1367 844 1596 915 ἐναργές
1639 862 1725 898 πω

179 934 306 1006 μάλα
343 934 400 986 τὸ
431 932 482 985 τί
530 933 596 986 ἂν
635 933 875 1001 βούλοιτο
921 933 1138 1004 δηλοῦν.
1193 938 1458 1005 Διασάφει
1499 936 1562 1006 δὴ
1607 931 1720 989 οὖν·

175 1027 373 1098 δράσεις
395 1023 501 1094 γάρ
535 1023 732 1092 ὀρθῶς.

235 1119 385 1172 ΚΥΡ.
409 1117 696 1171 Μωαϐῖται
718 1118 811 1170 καὶ
835 1116 1180 1188 Μαδιηναῖοι,
1208 1116 1274 1168 re
1284 1115 1524 1185 ργεσαῖοί
1551 1131 1608 1167 τε
1631 1113 1724 1167 καὶ

185 1209 475 1278 Ἀγαρηνοὶ,
521 1208 616 1260 καὶ⁵
669 1206 962 1278 βαρϐάρων
1017 1207 1182 1278 ἕτερα
1238 1207 1377 1260 ἄττα
1412 1205 1544 1275 γένη
1574 1244 1589 1269 ,
1624 1205 1723 1274 τὴν

184 1301 440 1356 Ἰουδαίων
479 1300 875 1371 προσοικοῦντα
907 1299 1090 1370 χώραν
1116 1339 1130 1362 ,
1163 1297 1340 1351 ἔθεσιν
1386 1297 1724 1350 ἐπολιτεύετο

167 1391 641 1462 τοῖς,⁰Ελληνικοῖς.
677 1392 770 1444 καὶ¹
793 1386 861 1462 ἦν
889 1390 1105 1461 ἑκάστῳ
1133 1389 1396 1461 θρησκεία
1423 1388 1484 1441 τὸ
1510 1386 1720 1453 δοκοῦν,

170 1485 253 1538 καὶ
286 1484 344 1536 τὸ
371 1485 450 1546 είς
484 1482 609 1536 νοῦν
637 1477 772 1554 ἧκον
820 1479 1008 1544 ἁπλῶς
1029 1520 1044 1544 ,
1075 1480 1448 1552 προσκύνησις
1498 1480 1593 1532 κα)⁵
1629 1479 1724 1533 λα-

167 1571 340 1644 τρεία·
377 1571 592 1642 ἀσφαλῆ
629 1571 686 1624 δέ
717 1571 873 1626 οῦπω
921 1571 1015 1624 καὶ
1058 1571 1462 1640 ἐρηρεισμένην
1507 1569 1721 1639 ἔχοντες

165 1662 254 1732 τὴν
283 1661 514 1714 διάνοιαν
541 1661 620 1722 είς
651 1659 925 1730 φιλοθεῖαν
953 1662 1002 1713 οἱ
1034 1659 1094 1725 ἐξ
1129 1660 1364 1730 Ἰσραὴλ,
1397 1659 1590 1731 κομιδῇ
1623 1660 1721 1730 μὲν

162 1748 288 1823 ἦσαν
325 1750 670 1820 εὐπάροιστοι
696 1751 832 1822 πρὸς
861 1750 1182 1814 ἀπόστασιν,
1218 1747 1430 1801 εὔκολοι
1459 1747 1514 1801 δὲ
1549 1746 1720 1811 οὕτως

163 1846 233 1904 εἰς
254 1841 551 1913 ἀποφορὰν,
587 1842 662 1905 ὡς
685 1841 932 1913 ἡγεῖσθαι
966 1844 1095 1912 παρ’
1117 1840 1268 1894 ούδέν
1294 1839 1356 1892 τὸ
1387 1839 1484 1893 καὶ
1511 1840 1715 1902 αὐτοῖς,
1753 1819 1796 1879 Β

162 1937 203 1986 εί
224 1933 384 2003 τύχοι,
410 1936 738 2005 προσκυνεῖν
771 1936 882 1996 τοῖς
910 1932 1016 1986 τῶν
1042 1934 1257 2003 ὁμόρων
1279 1931 1442 1996 θεοῖς,
1474 1932 1568 1985 καὶ
1593 1947 1722 1985 συν-

160 2025 355 2078 ελέσθαι
395 2027 572 2077 νοσεῖν
617 2027 728 2087 τοῖς
767 2022 971 2093 γείτοσι
1019 2023 1116 2094 τὴν
1166 2021 1376 2077 ἀνωθεν
1427 2039 1486 2075 τε
1527 2024 1622 2075 καὶ
1662 2023 1758 2076 ἐν·

159 2116 397 2185 Αἰγύπτῳ
431 2115 718 2186 πλάνησιν.
749 2115 860 2169 Καὶ
877 2114 1008 2184 γοῦν
1035 2116 1154 2177 ταῖς
1187 2116 1252 2167 ἐκ
1281 2113 1511 2186 Μαδιάμ
1544 2115 1720 2168 νεάνι-

160 2227 232 2262 σιν
261 2207 617 2280 ὲπεμαίνοντό
647 2226 777 2261 ποτε
802 2248 818 2274 ,
846 2209 940 2262 καὶ⁸
965 2207 1202 2278 γυναίων
1225 2207 1400 2280 ὥραις
1440 2225 1720 2279 συνηρπαο

165 2302 352 2370 σμένον..
387 2301 856 2355 συνεπεκαλοῦντο
887 2301 1068 2365 αὐτοῖς
1099 2301 1192 2354 τὸν
1228 2301 1569 2374 Βεελφεγώρ.
1605 2302 1718 2354 Ἐν·

157 2393 328 2447 τεῦθεν
357 2395 384 2445 ὁ
405 2393 706 2465 νομοθέτης
734 2392 1154 2466 προαναθρήσας
1180 2391 1238 2446 εὖ
1270 2393 1414 2463 μάλα
1439 2393 1501 2446 τὸ
1524 2393 1720 2465 σαθρόν

157 2503 210 2538 τε
241 2487 331 2539 καὶ
372 2485 760 2539 εύδιάκλαστον
805 2485 906 2556 τῆς
951 2485 1179 2556 ἐνούσης
1225 2486 1408 2549 αὐτοῖς
1441 2486 1718 2552 διανοίας,

159 2580 395 2649 ἀπέφησε
428 2579 711 2643 παντελῶς
753 2580 853 2650 τὴν
900 2581 1030 2650 πρὸς
1060 2579 1374 2653 ἀλλοτρίους
1416 2581 1717 2651 ἐπιμιξίαν,

159 2671 457 2740 σαφέστατα
506 2671 713 2740 λέγων’
757 2691 775 2724 ι
814 2672 925 2743 Τὴν
975 2672 1254 2744 θυγατέρα
1304 2690 1397 2726 σου
1431 2675 1490 2728 οὐ
1527 2674 1720 2738 δώσεις

155 2763 224 2834 τῷ
251 2765 346 2834 υίῷ
367 2763 560 2829 αὑτοῦ,
596 2764 690 2817 καὶ
719 2763 818 2835 τὴν
858 2764 1133 2834 θυγατέρα
1168 2765 1334 2818 αὐτοῦ
1369 2767 1429 2818 οὐ
1465 2766 1610 2839 λήψῃ
1643 2766 1720 2836 τῷ

155 2854 247 2925 υἱῷ
270 2871 360 2907 σου
384 2870 399 2884 ·
437 2856 741 2927 ἀποστήσει
773 2855 883 2927 γὰρ
908 2855 999 2910 τὸν
1036 2856 1148 2909 υίόν
1178 2874 1270 2909 σου
1299 2857 1392 2909 ἀπ’
1431 2856 1588 2927 ἐμοῦ,
1623 2858 1718 2911 καὶ⁴

155 2946 424 3019 πορευθεὶς
439 2947 732 3019 λατρεύσει
750 2947 889 3010 Θεοῖς
911 2947 1138 3018 ἑτέροις.
1164 2967 1181 2998 ι
1216 2948 1434 3019 Ἐπειδὴ
1451 2948 1626 3002 τοίνυν
1651 2944 1720 3019 ἦν

156 3039 212 3109 δή
233 3056 328 3091 που
349 3039 588 3103 πάντως,
611 3039 705 3091 καὶ
725 3038 867 3110 μάλα
889 3038 1134 3102 εἰκότως,
1155 3037 1262 3091 τῶν
1280 3037 1339 3102 ἐξ
1367 3039 1584 3112 Ἰσραὴλ
1607 3040 1721 3093 ἐλέ-

863 363 948 418 DE
985 363 1426 419 ADORATIONE
1467 364 1535 419 IN
1566 366 1841 422 SPlRlTU
1878 368 1964 422 ET
2006 367 2376 427 VERITATE.
2414 373 2542 427 LIB.
2586 374 2694 429 VII.

3296 377 3402 433 518

1418 482 1512 533 καὶ
1542 481 1726 580 ἀτξολίξλ
1755 494 1796 546 Α
1830 506 2084 576 principi,
2114 519 2176 564 ut
2195 510 2470 578 pollueret
2493 519 2678 564 sancta
2705 523 2846 576 mea,
2877 517 2934 564 et
2963 509 3277 580 profanaret
3303 527 3406 568 no—

1828 615 1953 654 men
1997 602 2463 657 sanctiﬁcatorum
2493 603 2627 657 mihi
2647 601 2712 656 “.
2763 624 2778 653 ς

1895 863 2092 919 PALL.
2126 864 2376 921 Obscura
2407 867 2523 924 haec
2553 876 2639 923 est
2661 869 2779 934 lex;
2801 883 2980 937 neque
3007 869 3154 922 enim
3191 876 3273 923 est
3312 869 3379 923 ad

1826 955 1935 1010 huc
1960 957 2091 1010 satis
2109 959 2480 1027 perspicuum,
2507 960 2638 1029 quid
2665 959 2770 1014 sibi
2806 960 2942 1015 velit
2966 976 2979 1013 :
3016 960 3164 1013 illam
3187 975 3319 1031 ergo
3359 959 3404 1014 si
3440 1002 3441 1005 η

1824 1046 2141 1114 explicabis,
2168 1048 2373 1116 optime
2397 1047 2614 1102 feceris.

1894 1136 2052 1192 CYR.
2081 1138 2331 1193 Moabitae
2355 1147 2410 1194 et
2426 1138 2756 1204 Madianitae,
2781 1139 3048 1211 Gergesaei
3070 1150 3126 1195 et
3148 1143 3405 1211 Agareni,

1823 1238 1879 1285 et
1903 1232 2178 1286 nonnullae
2200 1233 2319 1287 aliae
2343 1233 2592 1288 barbarae
2631 1234 2899 1297 nationes,
2935 1249 3056 1303 quae
3091 1235 3405 1293 Judacorum

1824 1338 2105 1392 regionem
2132 1323 2467 1389 incolebant,
2498 1324 2746 1379 moribus
2795 1339 2859 1379 ac
2903 1325 3014 1379 ritu
3038 1326 3227 1396 gentili
3252 1327 3404 1383 vive-

1823 1410 1977 1475 bant,
2002 1421 2058 1466 et
2102 1427 2222 1466 eam
2272 1413 2595 1484 religionem
2657 1417 2892 1483 quisque
2945 1415 3404 1484 amplectebatur,

1822 1518 1944 1572 qua:
1965 1503 2069 1558 sibi
2093 1504 2390 1574 placuisset
2419 1523 2431 1559 :
2458 1515 2514 1560 et
2534 1507 2679 1576 quod
2713 1507 2914 1576 cuique
2941 1515 3147 1561 temere
3175 1507 3230 1561 in
3255 1523 3407 1562 men-

1823 1601 1934 1648 tem
1961 1594 2223 1660 venisset,
2251 1595 2306 1650 id
2350 1595 2620 1650 adorabat
2643 1605 2806 1667 atque
2844 1597 3080 1652 colebat.
3115 1597 3251 1653 Cum
3272 1614 3406 1655 vero

1824 1681 1920 1737 ﬁlii
1949 1684 2115 1739 Israel
2138 1685 2196 1739 in
2220 1685 2316 1741 Dei
2355 1701 2543 1741 amore
2587 1687 2832 1741 nondum
2866 1689 3111 1742 animum
3155 1689 3289 1743 satis
3314 1687 3406 1742 ﬁr-

1824 1792 1972 1830 mum
2001 1793 2066 1832 ac
2107 1777 2360 1832 stabilem
2383 1778 2681 1844 haberent,
2709 1779 2776 1834 ad
2803 1781 3083 1850 apostasin
3107 1781 3404 1836 admodum

1822 1868 2096 1937 proclives
2117 1878 2297 1934 erant,
2322 1879 2378 1925 et
2423 1870 2491 1925 ad
2516 1871 2882 1928 defectionem
2927 1873 3066 1926 adeo
3109 1871 3319 1936 faciles,
3344 1881 3406 1927 ut

1821 1974 1924 2028 pro
1960 1959 2134 2014 nihilo
2159 1960 2424 2016 ducerent
2451 1963 2600 2032 ipsos
2622 1980 2840 2034 quoque
2867 1964 3230 2018 ﬁnitimarum
3274 1980 3407 2034 gen-

1823 2050 1960 2103 tium
1997 2050 2130 2106 deos
2155 2052 2408 2118 adorare,
2431 2063 2486 2108 et
2511 2055 2674 2109 simul
2701 2071 2826 2109 cum
2863 2057 3061 2110 vicinis
3086 2057 3406 2110 nationibus

1821 2142 2031 2196 erroris
2055 2143 2174 2212 ejus
2198 2144 2392 2198 morbo
2421 2147 2802 2211 succumbere,
2828 2163 2938 2216 quo
2966 2147 3240 2217 superiori
3265 2157 3405 2201 tem-

1821 2248 1955 2302 pore
1991 2234 2046 2287 in
2077 2233 2307 2305 Egypto
2357 2235 2765 2302 laboraverant,
2808 2238 2998 2308 itaque
3054 2247 3163 2292 tam
3209 2238 3404 2292 insano

1821 2339 2006 2379 amore
2055 2326 2331 2395 quondam
2382 2327 2438 2381 in
2497 2327 2917 2384 Madianitarum
2969 2328 3405 2384 adolescentulas

1820 2424 2167 2480 exarserunt,
2215 2425 2296 2481 ut,
2348 2416 2798 2473 muliercularum
2843 2419 3018 2474 forma
3045 2419 3211 2488 capti,
3240 2419 3402 2473 simul

1820 2505 1986 2561 etiam
2009 2521 2136 2562 cum
2161 2507 2269 2562 illis
2300 2507 2639 2578 Beelphegor
2683 2509 3041 2564 invocarent:
3084 2509 3212 2565 inde
3236 2509 3402 2580 legis-

1819 2597 1983 2662 lator,
2019 2612 2144 2653 cum
2170 2613 2362 2651 eorum
2387 2598 2558 2652 animi
2583 2599 3014 2654 imbecillitatem
3057 2615 3122 2654 ac
3144 2599 3407 2670 fragilita-

1820 2698 1930 2743 tem
1967 2688 2398 2759 prudentissime
2427 2691 2792 2760 prospiceret,
2832 2691 3119 2747 interdixit
3152 2692 3402 2756 omnino,

1819 2797 1889 2836 ne
1916 2795 2041 2836 cum
2084 2779 2406 2850 alienigenis
2444 2780 2833 2846 miscerentur,
2867 2790 3031 2852 atque
3059 2783 3406 2852 apertissime

1821 2871 2029 2925 edixit:
2065 2889 2082 2921 ι
2114 2871 2307 2925 Filiam
2332 2880 2480 2925 tuam
2501 2887 2612 2926 non
2637 2872 2795 2926 dabis
2820 2871 2932 2926 ﬁlio
2957 2873 3122 2936 illius,
3151 2878 3208 2927 et
3238 2871 3406 2926 ﬁliam

1821 2963 1969 3018 illius
2015 2978 2126 3018 non
2176 2963 2414 3032 accipies
2443 2962 2558 3017 ﬁlio
2614 2971 2751 3018 tuo:
2792 2971 3004 3018 avertet
3037 2964 3184 3018 enim
3232 2963 3405 3017 ﬁlium

1822 3065 1977 3110 tuum
2001 3069 2031 3108 a
2055 3067 2164 3117 me,
2183 3062 2239 3107 et
2261 3053 2468 3107 vadens
2491 3054 2694 3108 serviet
2717 3053 2823 3108 diis
2849 3053 3046 3110 alienis
3063 3054 3126 3107 ³⁸.
3161 3073 3179 3104 ›
3211 3054 3404 3123 Igitur,

157 3131 266 3185 σθαι
280 3131 446 3194 τινὰς,
468 3133 581 3194 τοῖς
602 3130 710 3183 τῶν
733 3130 904 3184 ἐθνῶν
917 3131 1397 3201 περιφανεστέροις
1413 3134 1717 3202 κατεγγυᾷν

1826 3146 2082 3216 quoniam
2105 3161 2204 3199 usu
2240 3153 2467 3200 venerat
2497 3145 2750 3211 fortasse,
2799 3146 2948 3216 quod
2984 3145 3281 3200 verisimile
3305 3144 3406 3199 ad-

155 3224 438 3296 θυγατέρας
475 3224 686 3295 πλούτῳ
709 3223 1208 3293 σεσαγηνευμένας,
1238 3224 1316 3286 εῖς
1346 3240 1409 3292 γε
1435 3223 1496 3276 τὸ
1517 3225 1713 3295 χρῆναι

152 3315 446 3384 λογίζεσθαι
490 3317 619 3387 παρ’
650 3314 800 3367 οὐδὲν
822 3314 921 3384 τὴν
952 3313 1278 3378 ἀπόστασιν,
1309 3312 1478 3384 ὀργὴν
1504 3315 1713 3367 καὶτὸν

151 3407 365 3461 θάνατον
410 3406 696 3477 καθορίζει
744 3405 837 3458 τοῦ
867 3404 1248 3476 τολμήματος,
1285 3405 1378 3457 καὶ
1422 3408 1533 3468 τοῖς
1585 3406 1715 3475 περὶ

153 3493 249 3547 τῶν
286 3495 532 3564 ἐσχάτων
562 3495 827 3564 ύποιρέρει
861 3494 1040 3559 λόγοις
1080 3493 1176 3564 τὴν
1224 3495 1441 3566 γραφήν
1466 3512 1480 3525 ·
1510 3489 1576 3566 ἦν
1608 3495 1714 3566 γάρ

153 3586 432 3653 ἀναγκαῖον
467 3586 566 3655 τὴν
599 3584 880 3652 ἀλλογενεῖ
917 3584 1186 3650 δοθεῖσαν,
1212 3584 1469 3652 γενέσθαι
1490 3587 1582 3637 καὶ
1608 3587 1718 3638 ἐτε-

154 3673 393 3746 ρόφρονα,
431 3674 527 3727 καὶ
556 3671 847 3742 λατρεῦσαι
873 3671 1149 3741 δαίμοσινο
1176 3672 1250 3734 ὡς
1276 3671 1509 3742 ὀλετῆρα
1529 3671 1591 3742 δὴ
1624 3667 1715 3725 οῦν

151 3765 236 3816 τοῦ
270 3766 396 3818 ἰδίου
425 3763 670 3834 καρποῦ,
691 3766 810 3826 ταῖς
839 3763 1146 3834 ίσορρόποις
1178 3763 1496 3834 ὑπέστρωσε
1517 3763 1714 3826 δίκαις.

155 3854 346 3907 Οὐκοῦν
370 3857 404 3926 ἡ
443 3856 543 3925 μὲν
571 3855 692 3926 ίερά
716 3872 776 3907 τε
803 3855 897 3907 καὶ
926 3854 1022 3906 νέα
1068 3854 1258 3925 Γραφὴ
1287 3857 1574 3926 παρεγγυᾷ
1606 3860 1716 3920 τοῖς

154 3944 410 4015 φύσασιν,
465 3948 522 4000 ἐν
551 3946 802 4018 νουθεσίᾳ
834 3947 1042 4017 Κυρίου
1079 3944 1353 3998 ποιεῖσθαι
1394 3942 1718 4011 σπουδάζειν

151 4038 239 4100 τὰς
259 4038 360 4091 τῶν
382 4039 590 4091 τέκνων
625 4039 955 4110 ἀνατροφὰς,
986 4039 1014 4090 ὁ
1039 4038 1094 4091 δὲ
1119 4036 1534 4110 βραδύγλωσσος
1557 4040 1719 4109 νόμος

152 4129 230 4182 διά
257 4129 454 4184 κύκλου
489 4133 582 4184 καὶ
628 4133 931 4203 περιφορᾶς
988 4132 1086 4204 τὴν
1112 4132 1282 4202 αὐτὴν
1320 4132 1546 4186 εἴσεισιν
1576 4133 1714 4188 ὁδόν.

153 4219 220 4271 Τὸ
249 4223 352 4291 γάρ
383 4238 470 4275 τοι
516 4221 590 4292 μὴ
625 4223 824 4292 χρῆναι
855 4224 1099 4294 πατέρας
1139 4225 1472 4295 θυγατράσιν
1511 4225 1718 4294 ἐφεῖναι

152 4310 273 4382 δρᾷν
303 4313 370 4365 τά
419 4315 502 4376 είς
540 4314 873 4386 αἰσχρότητα
906 4315 1000 4369 καὶ
1032 4315 1321 4385 ἀσέλγειαν
1354 4317 1719 4385 προεπιτάξας

154 4397 206 4453 εὗ
239 4403 376 4471 μάλα
400 4447 415 4469 ,
445 4405 554 4458 δεῖν
593 4405 657 4476 δὴ
690 4405 770 4459 ἐτι
832 4408 924 4460 καὶ
971 4407 1110 4477 μετὰ
1140 4407 1299 4460 τοῦτό
1338 4425 1470 4478 φησι
1521 4407 1592 4460 τὰ
1640 4409 1720 4469 είς

1821 3235 2045 3290 modum
2061 3243 2164 3300 est,
2187 3241 2249 3288 ut
2271 3234 2521 3289 nonnulli
2545 3251 2612 3289 ex
2638 3235 2829 3301 Israel,
2857 3235 3172 3291 divitiarum
3191 3237 3406 3306 cupidi-

1823 3334 1931 3380 tate
1955 3325 2177 3391 irretiti,
2209 3325 2540 3395 quibusdam
2575 3327 2742 3382 claris
2765 3326 2899 3380 viris
2934 3327 3232 3397 gentilibus
3267 3327 3408 3381 ﬁlias

1821 3418 2246 3488 desponderent,
2272 3419 2409 3474 adeo
2433 3427 2495 3473 ut
2527 3420 2806 3488 apostasin
2837 3429 3000 3490 atque
3027 3419 3199 3474 divini
3227 3421 3410 3477 cultus

1821 3512 2190 3567 desertionem
2215 3527 2314 3582 pro
2356 3511 2533 3567 nihilo
2582 3520 2868 3582 putarent;
2916 3512 3041 3567 ideo
3086 3513 3312 3566 multam
3353 3520 3411 3568 et

1821 3603 2016 3671 capitis
2032 3602 2363 3671 supplicium
2391 3603 2522 3657 huic
2552 3603 2784 3657 lacinori
2826 3603 3138 3668 constituit,
3181 3611 3238 3658 et
3280 3619 3408 3674 gra-

1822 3693 2060 3748 vissimis
2082 3693 2261 3764 pmnis
2285 3695 2508 3765 subjicit
2549 3695 2655 3748 hoc
2692 3695 2904 3748 crimen
2933 3712 2944 3747 :
2987 3694 3148 3766 242
3179 3711 3406 3752 necesse

1823 3789 1970 3842 enim
2001 3796 2121 3842 erat
2147 3788 2467 3857 alienigenae
2495 3788 2552 3841 in
2601 3788 3018 3842 matrimonium
3058 3788 3404 3851 collocatam,

1824 3881 1986 3935 aliam
2012 3896 2230 3950 quoque
2255 3888 2495 3934 mentem
2523 3879 2774 3943 induere,
2801 3887 2856 3933 et
2879 3879 3167 3933 daemoniis
3197 3880 3406 3933 cultum

1823 3971 2085 4026 exhibere
2115 3989 2126 4023 :
2155 3970 2387 4040 ideoque
2415 3969 2645 4038 perinde
2671 3985 2734 4024 ac
2759 3969 2842 4024 sui
2877 3968 3092 4023 fructus
3114 3979 3406 4038 corrupto-

1826 4077 1939 4114 rem
1966 4076 2029 4114 ac
2047 4060 2382 4130 perditorem
2404 4059 2625 4114 easdem
2651 4074 2843 4128 pmnas
2865 4060 3051 4114 subire
3075 4060 3272 4129 coegit.
3299 4060 3408 4130 lgi-

1826 4159 1915 4204 tur
1951 4166 2106 4205 sacra
2163 4165 2413 4219 novaque
2453 4150 2736 4219 Scriptura
2780 4149 3028 4218 praecipit
3060 4149 3403 4219 parentibus,

1826 4251 1886 4296 ut
1924 4243 1980 4294 in
2023 4241 2313 4310 disciplina
2344 4241 2558 4294 Domini
2592 4240 2799 4294 liberos
2831 4239 3068 4294 educare
3114 4239 3403 4307 studeant;

1827 4333 1914 4386 lex
1962 4347 2094 4386 vero
2132 4331 2508 4400 tardiloquens
2552 4346 2651 4400 per
2699 4331 2992 4384 circuitum
3036 4338 3093 4384 et
3138 4330 3407 4384 ambitum

1829 4423 2078 4478 eamdem
2104 4423 2247 4477 viam
2287 4421 2484 4493 pergit.
2532 4422 2669 4476 Nam
2694 4437 2819 4476 cum
2856 4423 3010 4492 prius
3035 4423 3314 4488 edixisset,
3339 4440 3407 4478 ne

154 4491 469 4562 θεογνωσίαν
509 4499 700 4561 αὐταῖς
734 4498 1006 4551 ἀσάλευτα
1055 4501 1246 4570 τηρεῖν
1271 4540 1285 4564 ,
1333 4500 1424 4551 καὶ
1469 4497 1714 4568 βεϐήλοις

1826 4522 2074 4583 parentes
2102 4491 2488 4581 permitterent
2513 4511 2650 4568 ﬁlias
2672 4529 2736 4568 ea
2754 4491 2958 4576 facere,
2989 4529 3110 4582 qua:
3135 4513 3203 4567 ad
3236 4515 3409 4585 turpi-

154 4585 652 4658 είδιυλολατρ[ειίαις
683 4589 784 4642 οὐκ
814 4591 907 4660 ἐᾷν
933 4589 1330 4654 ἐναλίσκεσθαι,
1358 4589 1460 4642 κᾶν
1481 4590 1529 4641 εί
1554 4588 1719 4658 πολλή

151 4689 226 4736 τις
254 4676 443 4740 αὐταῖς
477 4678 762 4748 προκέοιτο
782 4680 1070 4750 περιουσία
1091 4680 1411 4751 χρημάτων·
1445 4679 1599 4750 ἀνδρὶ
1621 4681 1720 4750 μὲν

154 4765 253 4837 γὰρ
273 4767 571 4835 ἀλλογενεῖ,
607 4768 846 4840 «lauatio
870 4769 914 4822 δ’
943 4765 1034 4824 οῦν
1057 4771 1227 4839 ὅμως,
1250 4769 1399 4840 νόμῳ
1423 4768 1516 4822 τοῦ
1539 4771 1717 4840 γάμου

155 4858 568 4932 συνεζευγμένη,
595 4857 683 4932 ἆρ’
713 4863 832 4933 οὐχὶ
854 4861 1014 4916 τοῦτό
1041 4864 1153 4916 ἐστι
1179 4862 1236 4914 τὸ
1257 4903 1271 4926 ,
1311 4880 1327 4911 ι
1356 4861 1418 4915 Τί
1442 4862 1549 4932 γὰρ
1577 4863 1720 4929 ὼψεο

154 4947 436 5021 ληθήσεται
485 4951 768 5022 ἄνθρωπος
801 4950 896 5006 ἐὰν
922 4952 1014 5006 τὸν
1050 4951 1252 5021 κόσμον
1287 4951 1406 5003 ὅλον
1456 4951 1718 5024 κερδήσῃ,

154 5039 244 5110 τὴν
269 5040 324 5094 δὲ
346 5041 526 5115 ψυχὴν
563 5041 728 5096 αὑτοῦ
755 5042 1006 5115 ζημιωθῇ
1034 5062 1050 5111 ;
1095 5062 1112 5095 ι

1831 4601 2072 4655 tudinem
2097 4612 2148 4656 et
2173 4602 2647 4671 intemperantiam
2661 4602 3024 4672 pertinerent,
3050 4611 3164 4658 tum
3186 4613 3410 4673 praeter-

1827 4706 1891 4744 ea
1932 4691 2112 4759 inquit
2157 4705 2297 4761 opus
2347 4706 2468 4746 esse
2508 4700 2570 4746 ut
2622 4692 2719 4746 Dei
2774 4707 2997 4762 quoque
3035 4693 3405 4762 cognitionem

1828 4780 2038 4834 ﬁrmam
2065 4781 2171 4836 illis
2199 4791 2254 4836 et
2278 4782 2558 4837 immotam
2600 4793 2840 4847 servent,
2885 4800 3064 4854 neque
3097 4800 3191 4839 eas
3225 4785 3406 4840 sinant

1828 4869 2071 4938 profanis
2095 4871 2365 4926 idolorum
2390 4871 2958 4943 cultibus'implicari;
2985 4874 3236 4943 quamvis
3260 4876 3404 4929 mul-

1831 4967 1897 5013 ta:
1943 4959 2054 5014 sint
2095 4961 2203 5016 illis
2232 4961 2402 5032 copia:
2446 4971 2610 5032 atque
2661 4978 2794 5033 opes
2835 4964 3148 5032 propositas,
3202 4963 3248 5017 si
3279 4979 3404 5018 cum

1827 5048 1948 5103 viro
1980 5050 2284 5122 alienigena
2325 5051 2571 5122 quidem,
2605 5067 2797 5106 verum
2843 5051 3034 5114 divite,
3086 5052 3404 5122 nuptiarum

155 5131 264 5201 lege
304 5135 738 5204 coniungantur;
789 5149 970 5190 nonne
1030 5135 1136 5189 hoc
1176 5133 1310 5189 illud
1349 5143 1475 5189 est:
1519 5154 1536 5186 ι
1570 5134 1712 5201 Quid
1749 5139 1896 5193 enim
1921 5141 2144 5212 prodest
2193 5143 2425 5211 homini,
2465 5145 2512 5201 si
2561 5145 2878 5200 universum
2921 5143 3187 5200 mundum
3225 5145 3406 5203 lucre-

158 5226 256 5285 tur,
280 5222 476 5278 anima:
511 5239 642 5279 vero
685 5240 798 5281 sua:
844 5225 1232 5281 detrimentum
1279 5225 1516 5295 patiatur
1546 5225 1683 5279 '5'?»

218 5314 426 5368 HAAA.
461 5314 665 5387 Ὀρθῶς
683 5316 840 5387 ἔφης.

218 5403 378 5458 ΚΥΡ.
416 5406 542 5460 Ἵδοι
560 5407 604 5460 δ’
634 5407 700 5461 ἀν
728 5425 831 5472 τις,
871 5407 966 5462 καὶ
1018 5407 1163 5478 μάλα
1197 5407 1416 5479 ῥᾳδίως,
1449 5407 1510 5460 ού
1543 5408 1716 5481 βραχὺ

155 5491 210 5546 τὺ
254 5497 616 5565 μεσολαϐοῦν,
661 5503 772 5562 τοῖς
799 5516 859 5551 τε
888 5499 945 5550 ἐν
975 5498 1194 5570 Χριστῷ
1238 5498 1678 5570 δεδικαιωμένοις
1699 5543 1714 5566 ,

157 5584 244 5639 καὶ
279 5589 388 5651 τοῖς
437 5587 522 5642 διὰ
552 5590 722 5667 νόμου
770 5591 1323 5661 παιδαγωγουμένοις.
1358 5592 1430 5643 Τὸ
1471 5592 1569 5661 μὲν
1607 5593 1714 5663 γὰρ

259 5765 299 5796 ³⁸
329 5765 504 5822 Levlt.
533 5785 619 5834 xx,
641 5769 691 5835 ιι,
709 5769 761 5823 2.

1899 5322 2095 5377 PALL.
2141 5324 2310 5380 Recte
2333 5323 2491 5380 dicis.

1895 5414 2051 5468 (IYR.
2078 5415 2416 5469 Facillimum
2452 5425 2537 5470 est
2562 5423 2745 5470 autem
2765 5415 2942 5471 cuivis
2966 5413 3032 5470 ad
3060 5417 3402 5487 perspicien-

1825 5501 1978 5565 dum,
2019 5519 2128 5557 non
2188 5520 2377 5573 parum
2413 5504 2678 5559 interesse
2719 5506 2863 5559 inter
2901 5520 3018 5572 eos,
3043 5509 3136 5577 qui
3180 5518 3307 5562 sunt
3345 5510 3400 5565 in

1822 5593 2040 5646 Christo
2068 5593 2363 5657 iustiﬁcati,
2381 5605 2436 5650 et
2461 5611 2555 5650 eos
2577 5601 2671 5666 qui
2693 5613 2791 5668 per
2808 5598 2979 5668 legem
3005 5599 3394 5656 instituuntur:

877 5770 920 5802 ³⁸
949 5771 1105 5825 Deut.
1137 5786 1227 5836 vn,
1265 5773 1317 5835 5,
1349 5771 1402 5824 ιί.
1482 5772 1546 5802 ⁸⁵*
1574 5769 1761 5823 Μίιιῑίι.
1801 5786 1904 5833 xw,
1940 5771 2028 5824 ‘26.
