4072 6542
566 370 674 449 εις)

1595 366 1649 421 S.
1691 363 1968 421 CYRILLI
2009 357 2482 416 ALEXANDRINI
2519 360 2839 417 ARCHI-EP.

3731 362 3834 419 520

569 499 697 539 nam
742 498 868 537 cum
912 482 1120 537 exteris
1158 481 1416 551 gentibus
1451 480 1691 542 conseri,
1736 489 1792 533 et
1841 478 2002 531 simul
2028 492 2154 531 cum

2258 473 2487 537 ὀθνείοις
2522 477 2909 530 ὲπιπλέκεσθαί
2959 495 3121 541 τισιν,
3160 478 3323 549 ὁμόσε
3356 495 3414 530 τε
3461 477 3602 531 κατά
3638 478 3833 531 ταύτὸν

569 574 894 645 alienigenis
935 573 1253 636 convenire,
1296 573 1494 641 priscis
1545 572 1654 625 illis
1698 570 2017 624 hominibus
2046 583 2155 621 non

570 667 795 737 impune
828 665 1010 718 licuit:
1060 664 1221 718 nobis
1280 673 1462 716 autem
1504 661 1707 716 Paulus
1751 659 1947 713 melius
1994 667 2156 726 atque

569 756 934 811 conﬁdentius
980 755 1274 809 vivendum
1315 770 1435 809 esse
1497 754 1732 817 suadet,
1780 752 2010 806 dicens:
2050 769 2066 799 1
2100 749 2156 804 Si

570 847 693 916 quis
717 846 801 898 vir
838 861 1061 898 uxorem
1088 846 1254 900 habet
1301 845 1599 909 inﬁdelem,
1645 853 1701 899 et
1731 844 1848 898 haec
1886 841 2158 897 consentit

571 938 818 994 habitare
849 954 973 991 cum
1028 938 1169 1007 ipso,
1221 954 1330 992 non
1367 938 1609 992 dimittat
1654 951 1810 1001 eam;
1858 943 1914 989 et
1956 933 2157 987 mulier

570 1031 614 1085 si
645 1046 751 1100 qua
778 1031 944 1085 habet
973 1032 1154 1085 virum
1188 1030 1484 1093 infidelem,
1508 1037 1563 1083 et
1586 1029 1677 1082 hic
1700 1027 1974 1083 consentit
1997 1026 2155 1079 habi-

571 1129 685 1175 tare
709 1136 833 1175 cum
872 1122 984 1183 illa,
1010 1137 1120 1175 non
1146 1121 1391 1175 dimittat
1413 1119 1615 1173 virum.
1645 1115 2030 1172 Sanctiﬁcatus
2069 1123 2157 1168 est

568 1212 716 1267 enim
739 1213 822 1267 vir
848 1214 1085 1269 inﬁdelis
1115 1214 1170 1267 in
1195 1214 1445 1276 muliere,
1474 1220 1531 1265 et
1551 1210 1887 1265 sanctilicata
1912 1216 1995 1262 est
2019 1221 2156 1261 uxor

571 1303 810 1359 inﬁdelis
833 1308 888 1359 in
914 1306 1114 1360 viro“.
1161 1326 1177 1355 ι
1208 1305 1464 1371 Quzenam
1494 1302 1660 1371 igitur
1683 1309 1768 1354 est
1788 1300 1844 1353 in
1872 1298 1958 1353 bis
1991 1297 2158 1351 rebus

571 1400 995 1471 dispensationis
1024 1400 1199 1453 ratio?
1229 1398 1473 1464 Quamve
1497 1398 1568 1451 ob
1601 1410 1821 1450 causam
1858 1393 1987 1447 olim
2022 1408 2155 1447 con-

566 1492 910 1565 iunctionem
945 1506 1068 1544 cum
1098 1489 1185 1553 iis,
1229 1488 1322 1560 qui
1352 1488 1511 1542 aliter
1544 1486 1835 1548 sentirent,
1875 1484 1959 1537 lex
1984 1482 2155 1553 perti-

571 1584 851 1639 mescebat
872 1623 885 1646 ,
928 1598 1074 1637 nunc
1097 1598 1205 1636 non
1232 1582 1361 1635 item
1386 1581 1407 1633 ?
1430 1580 1565 1646 Quia
1592 1593 1789 1647 nempe
1822 1576 2008 1629 ﬁrmos
2037 1590 2153 1637 eos,

569 1676 664 1747 qui
688 1676 744 1729 in
783 1670 1001 1730 Christo
1025 1674 1200 1727 vocati
1226 1682 1373 1736 sunt,
1414 1682 1467 1726 et
1500 1673 1554 1725 in
1584 1670 1678 1725 Dei
1705 1683 1892 1723 amore
1932 1667 2159 1722 stabiles

570 1768 734 1823 cﬁicit
761 1768 827 1831 is,
853 1768 945 1836 qui
984 1767 1039 1820 in
1071 1766 1178 1820 illis
1210 1766 1441 1827 habitat,
1468 1763 1707 1833 Spiritus
1727 1803 1740 1825 ,
1777 1777 1875 1831 per
1906 1774 2068 1829 quem
2101 1766 2157 1812 et

578 1877 595 1910 ε
632 1858 687 1911 in
727 1873 837 1929 quo
904 1857 1224 1919 clamamus,
1273 1855 1449 1918 Abba,
1499 1855 1658 1909 Pater
1686 1853 1729 1883 ³⁷
1768 1872 1785 1904 ι
1846 1851 1925 1905 illi
1973 1859 2155 1905 autem

568 1947 811 2003 nonduin
840 1948 945 2001 hoc
961 1961 1187 2000 munere
1212 1944 1529 2014 locupletati
1549 1951 1726 1998 erant.
1754 1942 1910 2005 Nam,
1940 1949 2000 1993 ut
2023 1940 2156 1993 bea-

569 2046 657 2092 tus
690 2028 930 2092 Joannes
977 2037 1092 2090 ait:
1141 2056 1158 2086 ι
1190 2035 1428 2106 Spiritus
1467 2042 1690 2088 sanctus
1727 2031 1971 2086 nondum
2015 2038 2153 2094 erat,

568 2131 695 2201 quia
720 2130 877 2200 Jesus
902 2128 1145 2183 nondum
1168 2137 1287 2183 erat
1309 2126 1648 2199 gloriﬁcatus
1667 2126 1731 2179 ’“.
1765 2146 1781 2177 ι
1816 2124 2007 2179 Omnis
2025 2137 2155 2194 ergo

568 2222 832 2293 perfectio
881 2222 935 2274 in
976 2220 1196 2275 Christo
1250 2227 1365 2285 est;
1396 2234 1522 2273 nam
1559 2218 1699 2272 nihil
1738 2217 1805 2272 ad
1848 2216 2153 2287 perfectum

568 2312 794 2366 adduxit
815 2312 922 2375 lex,
954 2318 1013 2365 ut
1042 2310 1309 2379 scriptum
1336 2319 1440 2363 est.

637 2404 834 2458 PALL.
862 2402 1129 2473 Equidem
1155 2401 1339 2472 cupio,
1377 2408 1436 2454 ut
1465 2400 1623 2465 mihi,
1666 2401 1712 2455 si
1746 2400 1946 2471 placet,
1974 2397 2151 2468 expli-

568 2512 680 2559 ces,
725 2511 964 2565 quonam
999 2494 1163 2548 modo
1192 2493 1481 2563 perspicua
1516 2492 1635 2547 ﬁeri
1676 2492 1850 2563 possit
1887 2491 1977 2545 illa
2018 2490 2153 2561 legis

568 2586 730 2658 243
760 2584 1126 2655 imperfectio.

640 2676 795 2731 ΟΥΕ.
837 2677 1052 2731 Faciam
1076 2676 1284 2743 libens;
1312 2675 1407 2730 sed
1433 2674 1501 2730 ad
1524 2691 1609 2738 ea,
1638 2682 1759 2744 quae
1791 2684 1921 2729 sunt
1942 2673 1998 2729 in
2032 2689 2148 2728 ma-

567 2769 753 2834 nibus,
782 2777 970 2822 nostra
1002 2768 1180 2822 oratio
1218 2766 1623 2837 proﬁciscetur,
1663 2776 1827 2836 atque
1865 2766 2151 2821 charitatis

568 2862 625 2916 in
653 2861 963 2932 proximum
1000 2860 1551 2930 rationesexquiret;
1580 2874 1704 2914 cum
1741 2860 1957 2924 rudius,
1986 2874 2149 2929 quam

567 2960 871 3024 Oper-teret,
913 2953 1016 3007 illae
1039 2969 1137 3023 per
1160 2952 1381 3023 Moysen
1416 2952 1616 3007 littera:
1641 2952 1744 3007 hac
1768 2952 1836 3007 de
1862 2967 1919 3007 re
1944 2953 2147 3008 veteri-

567 3041 672 3096 bus
694 3041 801 3095 illis
823 3042 1145 3112 conscriptae
1170 3042 1514 3097 tradiderint.

636 3130 835 3188 PALL.
866 3133 1033 3204 Perge
1058 3133 1225 3204 igitur
1253 3134 1326 3188 ad.
1345 3133 1449 3189 hoc
1474 3134 1656 3204 ipsum
1679 3134 1953 3189 alacriter.

639 3313 795 3369 CYR.
826 3313 996 3383 Igitur
1029 3313 1115 3367 lex
1137 3312 1362 3383 quidem
1388 3313 1503 3366 ait:
1538 3332 1556 3362 ι
1598 3311 1801 3383 Diliges
1836 3312 2148 3382 proximum

568 3412 723 3459 tuum
772 3405 913 3459 sicut
952 3414 1004 3459 te
1039 3405 1216 3473 ipsum
1244 3404 1323 3468 '9;
1368 3425 1383 3454 ι
1411 3412 1467 3458 at
1498 3420 1629 3459 vero
1666 3404 1931 3458 Dominus
1960 3414 2149 3459 noster

566 3498 726 3553 Jcsus
759 3496 1011 3552 Christus
1048 3498 1223 3551 mutui
1259 3495 1463 3550 amoris
1508 3496 1682 3566 legem
1730 3496 2150 3565 quamplurimis

569 3588 877 3643 rationibus
893 3588 1053 3642 nobis
1072 3588 1328 3652 inculcat,
1346 3604 1409 3641 ac
1426 3597 1682 3656 tanquam
1706 3596 2011 3656 patronam,
2029 3606 2150 3659 qua:

569 3677 711 3729 hanc
733 3676 905 3747 legem
930 3684 1195 3741 tueretur,
1224 3678 1444 3731 insitam
1482 3677 1628 3730 illam
1653 3676 1711 3731 in
1735 3685 1932 3731 natura
1958 3679 2146 3749 cogni-

570 3770 775 3823 tionem
803 3777 859 3823 et
884 3769 1241 3834 voluntatem,
1286 3786 1405 3838 qua:
1441 3769 1671 3840 singulis
1710 3770 2019 3840 quibusque
2046 3771 2146 3825 ho-

570 3860 813 3914 minibus
855 3860 1031 3925 adest,
1057 3862 1362 3926 constituit,
1392 3862 1573 3932 itaque
1601 3863 1676 3916 ait
1704 3881 1714 3915 :
1750 3882 1767 3913 ‹
1797 3863 2147 3935 Quaecunque

568 3956 736 4009 vultis
761 3962 818 4009 ut
842 3954 1043 4009 faciant
1066 3955 1221 4010 vobis
1251 3955 1523 4020 homines,
1550 3957 1665 4011 htec
1700 3957 1890 4011 eadem
1928 3974 2025 4012 vos
2063 3958 2144 4012 fa-

570 4047 679 4102 cite
705 4047 813 4102 illis
836 4048 1094 4115 ,similiter
1118 4049 1184 4113 ⁸ο,
1218 4069 1234 4099 ι
1270 4049 1406 4104 Nam
1449 4049 1516 4112 si,
1545 4066 1667 4119 quae
1697 4038 1929 4121 quisque
1956 4067 2148 4107 conse-

568 4138 663 4209 qui
687 4147 928 4210 exoptat,
969 4154 1033 4193 ea
1074 4139 1188 4209 ipse
1224 4154 1445 4209 quoque
1484 4140 1605 4195 aliis
1640 4140 1820 4195 facere
1851 4141 2143 4206 studuerit,

568 4229 795 4283 minime
827 4228 897 4282 ab
933 4243 1000 4282 eo
1036 4227 1183 4297 quod
1226 4236 1437 4298 spectat
1478 4228 1789 4293 aberrabit;
1826 4229 1920 4284 sed
1964 4230 2148 4299 potius

571 4329 721 4375 recto
746 4321 939 4375 itinere
967 4320 1034 4375 ad
1059 4320 1382 4375 charitatem
1408 4329 1618 4391 perget,
1654 4328 1711 4374 et
1746 4321 1919 4375 mutui
1943 4323 2149 4377 amoris

569 4428 829 4469 coronam
873 4421 1259 4481 consequetur.

644 4504 837 4558 PALL.
874 4504 1048 4559 Probe
1081 4504 1238 4559 dicis.

641 4596 798 4650 CYR.
836 4596 932 4649 Est
959 4594 1125 4665 igitur
1162 4595 1405 4649 Charitas
1442 4594 1578 4664 legis
1619 4593 1842 4663 quidem
1888 4594 2155 4664 impletin,

577 4685 681 4741 ﬁde
705 4701 837 4740 vero
860 4701 924 4739 ac
944 4700 1039 4755 spe
1065 4686 1432 4755 prmstantior.
1471 4685 1561 4740 Sic
1589 4685 1736 4739 enim
1784 4686 1977 4741 scribit
2016 4686 2158 4741 divi—

575 4793 682 4833 nus
702 4777 787 4831 vir
807 4777 1028 4832 Paulus.
1051 4777 1240 4846 Itaque
1263 4777 1413 4830 velut
1434 4792 1464 4830 e
1490 4775 1675 4830 vernis
1696 4776 1925 4831 ﬁoribus
1946 4779 2161 4832 varium

578 4870 656 4924 illi
679 4868 1083 4940 quodammodo
1106 4875 1313 4923 sertum
1345 4869 1617 4933 intexens,
1647 4884 1839 4922 rursus
1864 4869 1941 4923 ait
1971 4886 1983 4922 :
2025 4889 2041 4919 ι
2070 4868 2165 4923 Et-

576 4961 624 5018 si
655 4961 990 5017 distribuero
1023 4975 1217 5016 omnes
1244 4960 1532 5015 facultates
1567 4976 1736 5023 meas,
1777 4970 1834 5015 et
1876 4960 1920 5014 si
1959 4960 2164 5016 dedero

579 5069 779 5124 corpus
803 5069 1008 5117 meum,
1034 5052 1110 5108 ita
1137 5063 1200 5109 ut
1229 5053 1475 5117 ardeam,
1496 5053 1819 5108 charitatetn
1847 5062 2032 5108 autem
2055 5069 2164 5107 non

580 5145 830 5212 habeam,
870 5147 1010 5203 nihil
1057 5146 1194 5201 mihi
1232 5145 1475 5217 prodest.
1518 5145 1774 5201 Charitas
1814 5146 2030 5215 patiens
2059 5156 2163 5210 est,

581 5237 814 5309 benigna
840 5248 923 5294 est
955 5257 967 5292 :
1001 5238 1245 5293 charitas
1269 5253 1376 5292 non
1416 5238 1726 5299 mmulatur,
1762 5252 1870 5290 non
1904 5238 2016 5306 agit
2038 5252 2164 5305 per-

580 5343 789 5402 peram,
814 5346 923 5383 non
952 5330 1193 5393 inﬂatur,
1235 5345 1344 5383 non
1372 5338 1455 5383 est
1479 5330 1788 5392 ambitiosa,
1822 5344 1930 5382 non
1968 5329 2166 5398 quat-rit

694 5462 786 5517 "l
827 5462 935 5516 Cor
996 5480 1090 5527 vn,
1130 5465 1311 5519 ιιι-ιι.

660 5640 733 5713 (l)
766 5640 856 5695 Sic
896 5656 1087 5713 omines
1124 5641 1340 5697 codices
1385 5642 1572 5713 Cyrilli
1606 5643 1810 5697 habent
1844 5660 1981 5712 quos
2017 5643 2150 5698 vidi.

588 5710 790 5783 Tamen
825 5710 945 5783 cod.
971 5712 1091 5783 Vat.
1114 5714 1264 5765 vocis
1287 5710 1443 5767 novre
1462 5713 1778 5783 adiunctum
1807 5710 1992 5776 habet,
2017 5714 2134 5768 δεδο
2152 5745 2164 5755 -

592 5782 841 5855 μένον-ιιι
873 5782 1046 5855 Latini
1096 5782 1537 5855 Patrcslegunt,
1580 5784 1859 5854 praecipue
1906 5784 2165 5855 Augusti—

589 5865 715 5905 nus.
754 5851 847 5905 Sin
882 5853 973 5907 illa
1009 5852 1172 5906 lectio
1204 5852 1516 5918 recipienda
1556 5851 1639 5909 est
1675 5851 1791 5909 sine
1824 5851 2167 5908 verboﬁ6560-

1432 5465 1470 5495 ³⁷
1498 5466 1656 5518 Rom.
1696 5481 1811 5528 vni,
1846 5465 1928 5518 l5.
2002 5464 2046 5496 ³⁸
2073 5465 2227 5519 Joan.
2272 5481 2364 5526 νη,
2394 5461 2480 5515 39.
2558 5462 2600 5492 ³³
2628 5460 2803 5515 Levit.
2837 5477 2945 5524 XIX,
2978 5460 3060 5514 l8.

2258 570 2367 627 τοῖς
2397 569 2741 638 ἀλλογενέσιν
2769 572 2920 631 ἱέναι,
2945 573 3057 633 τοῖς
3080 571 3455 641 ἀρχαιοτέροις
3475 572 3576 623 οὐκ
3604 570 3834 640 ἀζήμιον

2255 653 2354 730 ἦν*
2388 660 2520 730 ἡμῖν
2564 660 2620 713 δὲ
2648 663 2676 713 6
2710 651 2942 723 Παῦλος,
2975 661 3353 715 πολιτεύεσθαι
3385 662 3493 714 δεῖν
3523 661 3746 731 ἄμεινόν
3773 679 3831 714 τε

2257 749 2352 803 καλ⁸
2399 750 2827 822 εὐθαρσέστερον
2881 751 3259 823 συμϐουλεύει,
3306 754 3523 821 λέγων·
3573 771 3592 804 ‹
3645 754 3714 806 Et
3753 770 3833 817 τις

2254 844 2396 914 ἀνὴρ
2448 846 2685 910 γυναῖκα
2733 844 2845 915 ἔχει
2898 846 3146 910 ἄπιστον,
3186 846 3282 898 καὶ
3332 845 3473 916 αὕτη
3527 846 3835 898 συνευδοκεῖ

2255 936 2425 988 οἰκεῖν
2460 936 2576 1005 μετ’
2605 936 2794 999 αὑτοῦ,
2838 936 2911 1006 μὴ
2945 936 3152 1004 ἀφιέτω
3178 935 3369 1005 αὐτήν·
3409 938 3505 989 καὶ
3528 935 3686 1005 γυνὴ,
3711 936 3831 1005 ἥτις

2257 1025 2369 1096 ἔχει
2409 1026 2579 1097 ἄνδρα
2609 1028 2855 1090 ἄπιστον,
2887 1027 2978 1080 καὶ
3007 1020 3162 1091 οὗτος
3186 1027 3495 1081 συνευδοκεῖ
3517 1031 3686 1081 οἰκεῖν
3714 1029 3830 1097 μετ’

2256 1117 2445 1187 αὐτῆς,
2478 1117 2553 1187 μὴ
2588 1118 2793 1187 ἀφιέτω
2823 1118 2912 1170 τὸν
2948 1118 3138 1189 ἄνδρα.
3181 1119 3474 1187 Ἠγίασται
3506 1117 3614 1188 γὰρ
3645 1121 3676 1171 6
3697 1118 3831 1188 ἀνὴρ

2257 1208 2484 1271 ἄπιστος
2519 1212 2576 1262 ὲν
2606 1212 2670 1279 τῇ
2700 1210 2919 1277 γυναικί
2941 1226 2955 1240 ο
2989 1212 3083 1262 καὶ¹
3113 1211 3369 1280 ἡγίασται
3401 1214 3433 1281 ή
3462 1211 3597 1281 γυνὴ
3628 1212 3661 1281 ή
3707 1210 3833 1263 άπι-

2258 1317 2382 1363 στος
2412 1301 2471 1353 ὲν
2500 1300 2579 1370 τῷ
2608 1301 2779 1371 ἀνδρί.
2817 1322 2835 1350 ι
2868 1303 2964 1364 Τίς
2994 1298 3085 1354 οὖν
3124 1304 3231 1372 ἄρα
3258 1304 3377 1355 ἐστὶ
3401 1304 3497 1372 τῆς
3524 1303 3580 1355 έν
3608 1320 3673 1371 γε
3705 1302 3831 1354 τού·

2256 1408 2369 1455 τοις
2389 1392 2701 1462 οἰκονομίας
2725 1394 2752 1444 6
2772 1394 2971 1463 τρόπος
3000 1410 3014 1457 ;
3050 1394 3267 1446 Ἐδεδίει
3298 1393 3352 1446 δὲ
3376 1394 3491 1446 ἀνθ’
3516 1395 3639 1447 ὅτου
3664 1394 3834 1447 πάλαι

2261 1484 2359 1555 μὲν
2390 1487 2419 1538 6
2450 1486 2611 1555 νόμος
2643 1486 2741 1557 τὴν
2777 1485 2912 1556 πρὸς
2946 1487 3306 1557 έτερὸφρονας
3333 1486 3645 1557 ἀναπλοκὴν
3666 1528 3680 1551 ,
3714 1487 3833 1539 νυνὶ

2256 1576 2313 1628 δὲ
2342 1575 2443 1629 οὐκ
2471 1576 2570 1643 En;
2591 1577 2865 1647 Ἐδραέους
2894 1578 2993 1648 μὲν
3018 1578 3124 1650 γάρ
3152 1581 3277 1643 τοὺς
3298 1582 3356 1633 ὲν
3384 1580 3602 1652 Χριστῷ
3631 1581 3834 1651 κεκλη-

2261 1668 2475 1738 μένους,
2517 1671 2611 1722 καὶ
2644 1670 3037 1724 ἁκατάσειστον
3060 1672 3284 1742 ἔχοντας
3316 1674 3416 1742 τὴν
3440 1673 3744 1742 φιλοθεῖαν,
3774 1671 3835 1724 τὸ

2263 1759 2548 1813 κατοικοῦν
2582 1762 2638 1813 ὲν
2668 1762 2853 1819 αὐτοῖς
2886 1764 3259 1833 ἀπεργάζεται
3286 1764 3530 1836 Πνεῦμα,
3554 1765 3622 1818 δι’
3647 1761 3708 1819 οὗ
3738 1767 3833 1818 καὶ

2268 1870 2286 1900 ι
2321 1844 2446 1919 ὲνῷ
2489 1853 2802 1923 κράζομεν·
2852 1854 3022 1908 Ἀϐὁᾶ
3065 1858 3093 1909 6
3136 1857 3327 1928 Πατήρ
3356 1873 3371 1887 ⁸
3408 1876 3425 1908 ι
3470 1859 3517 1909 οἱ
3570 1857 3629 1909 δὲ
3680 1856 3836 1909 οὔπω

2258 1943 2317 1997 τὸ
2348 1944 2517 2014 δῶρον
2561 1945 2876 2001 ἐπλούτουν.
2926 1947 3014 2011 Ὠς
3046 1947 3155 2019 γὰρ
3192 1952 3220 2002 6
3260 1948 3544 2012 Θεσπέσιος
3579 1948 3836 2019 Ἰωάννης

2258 2034 2443 2106 φησὶν,
2479 2054 2498 2089 ι
2536 2036 2702 2090 Οῠπω
2730 2038 2839 2109 γὰρ
2866 2034 2933 2110 ἦν
2957 2039 3180 2111 Πνεῦμα
3207 2041 3358 2108 am
3380 2041 3479 2111 (l),
3504 2041 3585 2093 ὅτι
3624 2039 3836 2109 Ἰησοῦς

2256 2129 2466 2183 οὐδέπω
2518 2131 2800 2202 ἐδοξάσθη.
2863 2152 2880 2184 ι
2926 2133 3138 2186 Οὐκοῦν
3187 2134 3403 2205 ήπᾶσα
3450 2131 3728 2195 τελείωσις
3776 2133 3837 2184 ὲν

2256 2205 2476 2292 Χρίστῷ
2501 2262 2515 2282 ,
2555 2223 2870 2276 τετελεέωκε
2916 2224 2972 2277 δὲ
3006 2226 3035 2276 ὁ
3064 2224 3225 2294 νόμος
3255 2223 3425 2286 οὐδὲν,
3471 2222 3615 2275 κατά
3649 2222 3710 2275 τὸ
3737 2237 3833 2289 γε·

2256 2314 2594 2384 γραμμένον.
2684 2324 2688 2329 “

2328 2406 2533 2459 ΠΔΛΛ,
2579 2406 2798 2477 Φράσῃς
2822 2408 2888 2460 ἂν
2925 2403 3020 2461 οὖν
3064 2406 3330 2478 ἱμείροντί
3371 2422 3460 2477 μοι
3488 2404 3550 2458 τὸ
3596 2405 3745 2467 ὅπως
3769 2402 3834 2457 ἂν

2255 2499 2465 2567 γένοιτο
2498 2501 2666 2569 σαφὲς
2689 2501 2751 2552 τὸ
2778 2501 2970 2565 ἀτελὲς
3002 2504 3058 2555 ἐν
3088 2501 3257 2571 νόμῳ.

2326 2677 2490 2731 ΚΥΡ.
2533 2678 2644 2731 Καὶ
2685 2677 2850 2748 μάλα.
2894 2678 3170 2730 Βαδιεῖται
3224 2677 3280 2729 δὲ
3331 2679 3462 2748 ἡμῖν
3511 2677 3603 2729 ἐπὶ
3657 2677 3727 2729 τά
3778 2677 3836 2728 ὲν

2254 2769 2441 2840 χερσὶν
2465 2771 2493 2822 6
2519 2769 2695 2837 λόγος,
2718 2771 2812 2823 κάὶ
2831 2769 3051 2841 ἀγάπης
3075 2770 3177 2839 τῆς
3198 2771 3280 2833 εἰς
3301 2770 3392 2823 τὸν
3418 2770 3646 2839 πλησίον
3674 2770 3835 2823 ἐκϐαι-

2255 2863 2429 2914 σανιεῖ
2459 2863 2585 2924 τοὺς
2612 2861 2844 2932 τρόπους
2865 2902 2879 2925 ,
2916 2862 3219 2933 παχύτερόν
3258 2879 3374 2925 πως
3412 2863 3445 2932 ἦ
3476 2862 3579 2933 χρὴ
3612 2862 3713 2931 τῆς
3750 2862 3837 2914 διὰ

2252 2954 2497 3016 Μωσέως
2543 2959 2869 3025 συγγραφῆς
2897 2996 2911 3018 ,
2961 2958 3075 3019 τοῖς
3116 2956 3493 3027 ἀρχαιοτέροις
3526 2957 3837 3024 εἰσκεκομι-

2256 3045 2480 3117 σμένης.

2178 3154 2223 3216 C
2326 3138 2537 3191 ΠΑΛΛ.
2569 3135 2670 3189 Ἴθι
2695 3136 2758 3206 δὴ
2785 3132 2877 3189 οὖν
2898 3136 2986 3187 ἐπ’
3012 3136 3143 3189 αὐτὸ
3172 3134 3274 3207 [τὸ]
3292 3134 3355 3205 δὴ
3379 3134 3549 3199 τουτὶ,
3571 3134 3663 3187 καὶ
3692 3134 3837 3203 μάλα

2260 3226 2573 3298 προθύμως.

2329 3320 2494 3373 ΚΥΡ.
2538 3318 2746 3373 Οὐκοῦν
2772 3320 2800 3371 6
2845 3318 2942 3388 μὲν
2980 3320 3173 3386 νόμος,
3211 3334 3229 3367 1
3280 3316 3647 3383 Ἀγαπήσεις,
3678 3314 3835 3383 φησὶ,

2256 3413 2346 3466 τὸν
2374 3412 2599 3483 πλησίον
2630 3429 2723 3464 σου
2755 3411 2831 3474 ὡς
2856 3411 3063 3463 ἑαυτόν·
3107 3429 3124 3460 ο
3158 3411 3186 3462 6
3215 3407 3271 3460 δὲ
3297 3407 3499 3477 Κύριος
3527 3406 3686 3477 ἡμῶν
3726 3406 3836 3476 ’ἰηο

2259 3505 2382 3566 σούς
2412 3505 2666 3575 Χριστὸς,
2692 3504 2791 3573 τῆς
2820 3500 3176 3572 φιλαλληλίας
3197 3499 3290 3553 τὸν
3320 3499 3480 3569 νόμον
3509 3496 3597 3551 διὰ
3628 3496 3838 3567 μυρίων

2257 3599 2396 3651 ὅσων
2419 3597 2549 3667 ἡμῖν
2582 3597 2884 3679 staﬁva-Erat
2920 3593 3113 3662 λόγων,
3163 3591 3463 3661 συνήγορον
3493 3588 3548 3642 δὲ
3576 3588 3657 3657 τῷ
3689 3589 3840 3657 νόμῳ

2255 3688 2354 3759 τὴν
2381 3688 2621 3757 ἔμφυτον
2653 3686 2878 3756 γνῶσιν,
2916 3685 3008 3738 καὶ
3037 3683 3136 3754 τὴν
3167 3683 3225 3735 ὲν
3246 3682 3463 3751 ἑκάστῳ
3486 3679 3704 3748 θέλησιν
3733 3681 3835 3730 οῖο-

2257 3782 2337 3833 νεὶ
2368 3780 2653 3843 καθιστὰς,
2709 3798 2727 3830 ι
2772 3780 2837 3830 ⁶¹Α
2877 3776 2971 3830 οὖν
3007 3776 3222 3839 θέλετε,
3260 3773 3446 3844 φησιν,
3492 3774 3577 3825 ῖνα
3608 3771 3837 3825 ποιῶσιν

2257 3875 2384 3943 ύμῖν
2430 3875 2478 3926 οἱ
2510 3872 2784 3942 ἄνθρωποι
2810 3911 2824 3934 ,
2873 3868 3045 3922 ταῦτα
3079 3869 3174 3921 καὶ
3210 3868 3371 3936 ὑμεῖς
3421 3866 3624 3917 ποιεῖτε
3655 3863 3838 3925 αὐτοῖς

2254 3966 2474 4037 ὁμοίως,
2509 3985 2525 4015 ι
2551 3965 2613 4017 Εἰ
2641 3963 2750 4033 γάρ
2779 3956 2962 4032 ὦνπερ
3000 3962 3064 4016 ἄν
3088 3977 3169 4023 τις
3194 3957 3408 4021 εὔξαιτο
3430 3956 3637 4025 τυχεῖν,
3666 3953 3839 4007 ταῦτα

2254 4059 2385 4128 δρᾷν
2433 4058 2607 4109 ἕλοιτο
2659 4054 2754 4109 καὶ¹
2795 4053 2957 4117 αὐτὸς
3009 4051 3252 4122 ἑτέροις,
3307 4050 3409 4102 οὐκ
3443 4047 3840 4117 ἀποδραμεῖται

2259 4148 2487 4203 σκοποῦ·
2525 4148 2783 4218 βαδιεῖται
2813 4146 2869 4198 δὲ
2902 4143 3105 4215 μᾶλλον
3142 4143 3261 4195 κατ’
3296 4139 3428 4193 εύθὺ
3453 4140 3555 4208 τῆς
3578 4136 3797 4206 ἀγάπης
3821 4170 3837 4196 ,

2254 4241 2347 4295 καὶ
2378 4241 2470 4294 τὸν
2490 4240 2585 4310 τῆς
2616 4237 2965 4309 φιλαλληλῐας
2993 4234 3317 4305 άναδήσεται
3341 4231 3625 4299 στέφανον.

2189 4511 2233 4565 D
2333 4499 2542 4553 ΠΑΛΛ.
2574 4493 2646 4551 Εὖ
2674 4496 2877 4564 λέγεις.

2337 4590 2503 4645 ΚΥΡ.
2564 4590 2629 4642 Ἠ
2679 4590 2868 4658 ἀγάπη
2924 4586 3126 4649 τοίνυν,
3170 4586 3335 4657 νόμου
3378 4586 3474 4656 μὲν
3524 4586 3838 4656 πλήρωσις,

2268 4686 2502 4747 πίστεως
2531 4684 2589 4737 δὲ
2621 4682 2714 4736 καὶ
2742 4680 2953 4743 ἐλπίδος
2992 4679 3249 4748 ἀμείνων.
3286 4679 3494 4748 Γράφει
3523 4679 3631 4749 γὰρ
3668 4676 3843 4737 οὕτως

2267 4779 2400 4847 ἡμῖν
2430 4779 2458 4829 6
2481 4774 2764 4836 θεσπέσιος
2787 4772 3014 4835 Παῦλος.
3053 4771 3343 4842 Τοιγάρτοι
3379 4769 3631 4839 καθάπερ
3669 4768 3724 4833 ἐξ
3749 4769 3846 4819 ἀν-

2269 4868 2405 4922 θέων
2425 4864 2627 4936 ὴρινῶν
2652 4861 2901 4931 πολυειδῆ
2918 4878 3040 4914 τινα
3057 4860 3321 4930 στέφανον
3343 4858 3664 4913 ἀναπλέκων
3682 4858 3842 4924 αὐτῇ,

2270 4957 2434 5012 πάλιν
2482 4954 2616 5025 φησι
2642 4971 2655 4984 ·
2709 4975 2725 5004 ι
2773 4952 2893 5006 Κᾶν
2921 4951 3158 5021 ψωμίσω
3201 4952 3377 5005 πάντα
3431 4951 3504 5002 τά
3534 4948 3845 5019 ὑπάρχοντά

2272 5067 2396 5120 μου,
2432 5048 2527 5101 καὶ
2559 5046 2652 5099 ἐὰν
2690 5043 2916 5115 παραδῶ
2942 5042 3002 5095 τὸ
3036 5042 3197 5113 σῶμά
3223 5060 3324 5112 μου
3354 5044 3441 5094 ἵνα
3472 5041 3838 5110 καυθήσομαι,

2268 5143 2490 5211 ἀγάπην
2517 5139 2573 5192 δὲ
2613 5138 2687 5209 μὴ
2716 5138 2844 5208 ἔχω,
2871 5136 3020 5189 οὐδὲν
3044 5134 3383 5205 ὠφελοῦμαι.
3426 5135 3490 5187 Ἢ
3522 5134 3703 5201 ἀγάπη
3736 5147 3850 5199 μα·-

2271 5234 2557 5307 κροθυμεῖ,
2586 5227 2968 5300 χρηστεύεται,
3000 5229 3032 5297 ἡ
3086 5227 3277 5296 ἀγάπη
3312 5226 3372 5278 οὐ
3407 5223 3558 5294 ζηλοῖ
3581 5269 3592 5289 ,
3622 5224 3681 5276 ού
3708 5240 3851 5290 περι

2275 5323 2564 5396 περεύεται
2591 5364 2607 5386 ,
2639 5322 2698 5374 ού
2730 5320 3059 5390 φυσιοῦται,
3089 5320 3189 5373 οὐκ
3231 5321 3569 5390 ἀσχημονεῖ,
3604 5318 3663 5369 ού
3690 5315 3851 5383 ζητεῖ

3176 5460 3222 5490 ⁸⁸
3256 5460 3447 5514 Matth.
3504 5476 3593 5524 vn,
3625 5460 3671 5511 l.

2268 5643 2446 5714 μένον,
2489 5640 2557 5695 de
2586 5642 3000 5712 operationibus
3031 5642 3270 5713 Spiritus
3314 5643 3485 5696 sancti
3529 5642 3632 5696 illis
3669 5638 3854 5714 adrni-

2262 5708 2533 5768 rabilibus
2568 5708 2946 5782 accipiendum
2979 5708 3088 5777 est,
3116 5729 3223 5767 non
3271 5714 3337 5767 de
3370 5728 3597 5781 persona
3615 5721 3675 5782 ret
3706 5708 3855 5762 sub.

2265 5783 2515 5838 sistentia
2568 5781 2807 5852 Spiritus
2845 5784 3041 5848 sancti,
3090 5799 3212 5853 quae
3241 5785 3387 5838 Patri
3438 5795 3493 5838 et
3527 5781 3660 5837 Filio
3688 5792 3847 5836 ωε*

2268 5866 2423 5907 terna
2448 5863 2550 5907 ρει.
