4072 6508
248 402 331 457 521
922 392 1010 446 DE
1050 390 1490 445 ADORATIONE
1532 391 1598 445 IN
1638 391 1906 446 SPlRlTU
1946 390 2034 445 ΕΤ
2078 390 2438 445 VERITATIC.
2483 392 2606 446 LIB.
2648 393 2754 447 \‘ll.

3360 397 3463 452 522

244 517 304 570 τὰ
326 511 528 580 ἑαυτῆς,
576 507 635 559 οὖ
663 504 1064 575 παροξύνεται,
1093 504 1158 556 οὐ
1188 504 1461 572 λογίζεται
1495 505 1558 557 τὸ
1594 504 1780 568 κακὸν,

1889 520 2009 573 quae
2054 520 2151 559 sua
2190 513 2338 567 sunt,
2376 519 2485 557 non
2530 505 2801 568 irritatur,
2846 520 2956 558 non
2991 507 3192 576 cogitat
3236 511 3461 579 malum;

243 604 296 657 οὐ
325 599 488 671 χαίρει
525 596 617 648 ἐπὶ
646 597 711 663 τῇ
750 591 934 663 ἀδικίᾳ
957 630 970 652 ,
1002 592 1288 663 συγχαίρει
1326 592 1382 645 δὲ
1419 594 1484 663 τῇ
1516 592 1745 663 ἀληθείᾳ
1766 611 1780 624 ο

244 692 400 745 πάντα
426 686 622 754 στέγει,
644 685 820 738 πάντα
852 682 1119 745 πιστεύει,
1147 684 1325 737 πάντα
1346 682 1576 747 ἐλπίζει,
1609 684 1784 737 πάντα

244 781 475 851 ὑπομένει
508 780 541 848 ἡ
582 777 795 846 ἀγάπη,
835 775 1091 828 οὐδέποτε
1125 774 1400 829 ἐκπίπτει.
1442 796 1462 827 ο
1514 776 1655 828 Ἀλλ’
1682 778 1785 846 ὲμ-

240 877 363 945 φανῆ
391 876 483 943 μὲν
514 872 737 932 ἅπασιν,
769 868 844 933 ὥς
867 885 929 936 γε
954 864 1129 938 οἶμαι,
1161 868 1341 927 ταυτὶ,
1364 871 1455 922 καὶ
1481 867 1691 939 μακρὸς
1720 870 1785 922 ἂν

240 968 426 1035 γένοιτο
448 962 568 1015 λίαν
616 962 644 1014 6
676 960 804 1031 περὶ
848 958 1028 1013 αὐτῶν
1077 957 1254 1025 λόγος,
1290 958 1445 1028 ειπερ
1497 975 1580 1021 τις
1614 958 1786 1011 ἕλοιτο

237 1053 426 1115 λεπτῶς
455 1050 523 1103 τὰ
557 1048 707 1119 παρὰ
738 1052 803 1118 τῇ
834 1048 951 1116 Νέᾳ
975 1048 1314 1117 συναγείρειν
1343 1048 1554 1118 Γραφῇ.
1580 1049 1785 1119 Τετρα-

235 1146 426 1215 ᾲόμεθα
459 1145 516 1196 δὲ
547 1144 662 1196 νυνὶ
694 1142 835 1211 πρὸς
864 1141 961 1203 τὰς
991 1140 1057 1191 ὲκ
1083 1141 1249 1210 νόμου
1282 1142 1462 1204 σκιὰς,
1492 1140 1587 1194 καὶ
1614 1140 1682 1194 τὰ
1710 1140 1786 1204 ὡς

233 1238 285 1288 ὲν
312 1236 491 1296 τύποις
513 1234 593 1286 ἔτι
620 1235 731 1293 τοῖς
764 1232 930 1284 πάλαι
964 1230 1389 1300 τεθεσπισμένα.

296 1328 492 1382 ΠΑΛΛ.
536 1326 769 1393 Ἀριστα
800 1322 1008 1392 διανοῇ.

293 1421 444 1472 ΚΥΡ.
480 1417 787 1486 Μελέτησις
826 1414 925 1483 μὲν
965 1416 995 1467 ὁ
1027 1413 1191 1483 νόμος
1226 1407 1296 1483 ἦν
1321 1414 1403 1477 εἰς
1438 1413 1785 1484 δικαιοσύνην

233 1513 313 1566 καὶ
346 1508 666 1581 προεισὸολή
715 1523 798 1569 τις
833 1506 1023 1576 ὥσπερ
1074 1505 1183 1558 τῶν
1220 1506 1597 1573 εύαγγελικῶν
1623 1507 1785 1577 ἀνδρ-

228 1601 607 1670 αγαθημάτων.
639 1598 958 1667 Γέγραπται
991 1596 1119 1667 γάρ·
1154 1597 1373 1668 ιζἈρχὴ
1398 1596 1517 1650 ὀδοῦ
1547 1598 1784 1665 ἀγαθῆς,

228 1695 281 1747 τὸ
305 1694 468 1747 ποιεῖν
501 1691 573 1744 τὰ
607 1690 810 1744 δίκαια.
853 1707 871 1739 ι
908 1689 1256 1757 Παιδαγωγεῖ
1295 1690 1405 1760 γὰρ
1443 1694 1470 1743 6
1496 1693 1659 1762 νόμος
1693 1692 1786 1743 ἐπὶ

226 1783 461 1856 Χριστὸν,
493 1782 590 1836 καὶ
619 1783 715 1852 τῆς
736 1783 794 1833 ὲν
823 1779 971 1846 αὐτῷ
999 1782 1296 1850 νοουμένης
1319 1781 1463 1852 ζωῆς
1488 1785 1548 1835 οὐ
1574 1784 1786 1852 διεψευ-

1887 612 1995 650 non
2026 595 2223 666 gaudet
2249 612 2415 666 super
2439 596 2750 665 iniquitate,
2773 598 3078 667 congaudet
3105 609 3285 655 autem
3322 606 3467 658 veri~

1888 688 2018 752 tati;
2045 689 2228 742 omnia
2253 690 2466 751 suffert,
2494 689 2674 742 omnia
2697 690 2894 752 credit,
2919 692 3101 745 omnia
3121 705 3323 762 sperat,
3349 712 3468 751 om-

1887 778 1979 832 nia
2006 779 2270 844 sustinet;
2311 779 2550 833 Charitas
2574 796 2851 848 nunquam
2888 780 3090 835 excidit
3113 783 3175 836 ιι.
3213 803 3229 833 ι
3261 785 3464 841 Verum

1888 868 2021 931 hzec,
2049 877 2109 922 ut
2132 869 2346 938 opinor,
2383 870 2640 923 omnibus
2666 870 2951 940 perspicua
2988 881 3136 935 sunt,
3164 882 3221 929 et
3249 875 3462 946 longior

1885 961 1993 1015 erit
2015 961 2082 1016 de
2108 962 2193 1016 his
2212 963 2469 1017 omnibus
2491 965 2690 1025 oratio,
2717 964 2762 1017 si
2784 964 2908 1032 quis
2935 965 3142 1020 minute
3168 968 3318 1030 velit,
3342 986 3463 1038 quae

1889 1051 1941 1104 in
1960 1052 2108 1105 Nova
2132 1052 2413 1122 Scriptura
2433 1062 2580 1116 sunt,
2600 1053 2875 1123 colligere.
2898 1054 3006 1109 Sed
3025 1056 3135 1125 jam
3156 1058 3223 1111 ad
3244 1061 3463 1117 umbras

1886 1142 2041 1212 legis,
2081 1152 2137 1198 et
2158 1159 2224 1198 ca
2250 1160 2370 1213 qua:
2404 1145 2601 1213 priscis
2633 1146 2951 1200 hominibus
2972 1156 3231 1217 tanquam
3252 1151 3307 1206 in
3328 1152 3464 1223 figu-

1888 1236 1965 1288 ris
1984 1235 2165 1290 adhuc
2186 1236 2364 1290 edicta
2394 1245 2541 1299 sunt,
2567 1248 2969 1292 convertamur.

1956 1326 2154 1380 PALL.
2184 1326 2399 1397 Optime
2428 1328 2651 1398 cogitas.

1955 1418 2111 1472 CYR.
2141 1420 2476 1474 Exercitatio
2509 1419 2755 1489 quaedam
2796 1420 2864 1474 ad
2899 1421 3167 1491 justitiam
3210 1425 3313 1480 fuit
3351 1429 3459 1493 lex,

1885 1517 1940 1561 et
1982 1509 2132 1563 velut
2174 1511 2357 1564 aditus
2383 1511 2607 1579 quidam
2644 1526 2708 1564 ac
2750 1511 2917 1565 limen
2954 1514 3021 1568 ad
3064 1518 3324 1584 praeclara
3371 1522 3463 1576 illa

1885 1600 2194 1668 evangelica
2227 1600 2395 1664 facta;
2431 1602 2696 1671 scriptum
2729 1609 2813 1656 est
2841 1603 2988 1658 enim
3018 1623 3033 1658 :
3066 1626 3084 1655 ‹
3124 1608 3459 1681 Principium

1885 1689 1985 1742 viae
2020 1689 2175 1743 bonae
2208 1700 2293 1745 est
2331 1692 2510 1745 facere
2550 1693 2696 1761 justa
2732 1692 2796 1745 δ’.
2838 1713 2857 1744 ι
2890 1694 3049 1751 Ducit
3088 1698 3233 1753 enim
3268 1702 3352 1755 lex
3390 1704 3457 1757 ad

1883 1778 2182 1843 Christum,
2205 1788 2260 1833 et
2284 1781 2407 1834 vita:
2445 1781 2610 1845 illius,
2636 1797 2757 1851 qum
2784 1783 2838 1837 in
2863 1783 3084 1840 Christo
3113 1789 3455 1862 intelligitur,

228 1878 421 1947 σμένην
459 1875 531 1928 ἂν
565 1874 676 1944 ἔχοι
714 1875 813 1943 τὴν
844 1872 1003 1937 δόξαν
1026 1915 1039 1939 ,
1074 1875 1122 1926 εἰ
1162 1877 1333 1926 νοοῖτο
1368 1876 1779 1944 πνευματικῶς.

1888 1884 1998 1923 non
2023 1870 2212 1925 falsam
2245 1873 2603 1940 consequitur
2629 1874 2876 1942 gloriam,
2910 1875 2953 1929 si
2982 1858 3345 1946 spiritualiter
3373 1858 3458 1938 in;-

227 1969 324 2021 Καὶ
350 1969 529 2037 ῖστησι
554 1966 654 2037 μὲν
690 1967 772 2027 είς
799 1963 1164 2034 δικαιοσύνην,
1186 1964 1450 2034 ἀποφέρει
1477 1965 1532 2018 δὲ
1562 1966 1698 2034 πρὸς
1724 1966 1786 2018 τὸ

223 2063 350 2133 ὑπὲρ
379 2061 541 2114 τοῦτο
580 2059 662 2112 ἔτι
699 2059 759 2111 τὸ
804 2057 1035 2128 μάθημα
1068 2058 1129 2110 τὸ
1156 2056 1527 2125 εύαγγελικόν.
1579 2058 1783 2127 Τρόποι

220 2153 272 2204 δὲ
307 2149 651 2220 δικαιοσύνης
672 2189 687 2211 ,
713 2148 930 2219 πρῶτος
972 2147 1095 2215 μὲν,
1128 2146 1262 2215 τιμὴ
1296 2146 1397 2197 καὶ
1415 2141 1712 2215 ἀγάπησις,
1744 2146 1778 2214 ἡ

221 2244 293 2305 εἰς
315 2242 401 2294 τὸν
429 2241 530 2293 ἕνα
554 2258 615 2293 τε
639 2241 734 2293 καὶ
761 2239 920 2309 φύσει
949 2238 1082 2291 Θεόν
1104 2254 1118 2267 ⁸
1159 2237 1354 2305 γείτων
1382 2236 1440 2289 δὲ
1476 2234 1662 2305 ὥσπερ
1689 2235 1785 2288 καὶ

221 2330 330 2401 μετ’
347 2334 529 2384 ἐκεῖνο
556 2331 719 2393 εὐθὺς
746 2331 779 2400 ἡ
802 2331 881 2391 εἰς
904 2327 1166 2396 ἀδελφοὺς
1194 2330 1288 2380 καὶ
1317 2328 1621 2397 ὁμογενεῖς,
1652 2341 1785 2395 προ-

217 2423 538 2501 εγκειμένης
568 2423 667 2492 τῆς
694 2424 775 2485 εἰς
803 2420 996 2489 γονέας
1020 2418 1223 2482 αἰδοῦς.
1268 2420 1354 2471 Ἐν
1384 2418 1574 2488 κόσμῳ
1595 2418 1659 2486 δὴ
1689 2415 1783 2471 οὖν

219 2516 288 2582 τῷ
308 2500 570 2584 πρέποντι
604 2511 849 2583 πρόεισιν
877 2512 1008 2581 ἡμῖν
1038 2512 1067 2562 6
1096 2508 1287 2578 Λόγος,
1320 2509 1457 2579 μετά
1486 2525 1551 2576 γε
1581 2510 1680 2579 τὴν
1703 2511 1783 2573 είς

214 2606 340 2658 Θεὸν
372 2605 685 2668 εύσέὸειαν,
735 2605 831 2657 καὶ
859 2603 917 2657 τὸ
944 2604 1024 2665 εἰς
1052 2601 1246 2670 γονέας
1267 2601 1497 2664 εὐλαὸὲς
1520 2642 1535 2667 ,
1568 2601 1651 2654 ὅτι
1681 2601 1783 2671 τῆς

218 2697 505 2758 ἐπιεικείας
534 2696 801 2765 προσήκει
818 2694 918 2764 τὴν
934 2692 1158 2758 ἔνδειξιν
1181 2692 1275 2744 καὶ
1290 2693 1370 2754 εἰς
1395 2692 1610 2762 ἐτέρους
1635 2693 1783 2762 ἡμᾶς

218 2787 476 2842 ποιεῖσθαι
515 2785 867 2857 παρεγγυῶν.
915 2784 1172 2853 Πανταχῆ
1215 2784 1325 2855 γὰρ
1372 2786 1400 2836 ὁ
1435 2784 1638 2854 νόμος,
1683 2784 1784 2854 τῆς

220 2879 450 2950 ἰσότητος
480 2881 723 2949 προνοεῖ,
758 2878 850 2931 καὶ
880 2877 1083 2948 ἀκρισῆ
1118 2877 1214 2930 τοῦ
1265 2877 1476 2930 δικαίου
1512 2876 1782 2931 ποιεῖσθαι

214 2971 305 3043 τὴν
329 2971 586 3042 βάσανον,
614 2972 807 3040 δρᾶται
839 2968 1201 3040 θεσμοθετῶν.
1247 2969 1692 3040 Γέγραπται.γὰρ
1725 2972 1785 3025 ἐν

214 3062 631 3133 Δευτερονομίῳο
668 3081 686 3113 ι
718 3061 830 3115 θύκ
853 3060 1006 3114 ἔσται
1025 3062 1082 3115 ἐν
1098 3060 1176 3131 τῷ
1209 3062 1511 3132 μαρσίππῳ
1535 3077 1629 3113 σου
1655 3062 1784 3115 στά-

1886 1960 2183 2029 telligatur,
2206 1970 2260 2015 et
2290 1961 2345 2015 iu
2366 1962 2576 2031 iustitia
2603 1980 2704 2017 nos
2723 1966 3040 2032 constituit;
3073 1970 3235 2042 244,
3252 1982 3307 2027 at
3328 1990 3461 2030 vero

1884 2052 2191 2121 evangelica
2219 2053 2506 2123 disciplina
2545 2070 2709 2124 supra
2753 2057 2858 2110 hoc
2894 2068 3159 2127 praaterea
3184 2066 3457 2132 perducit.

1885 2142 2025 2196 Sunt
2052 2155 2234 2197 autem
2262 2146 2488 2215 iustitiae
2518 2162 2739 2217 genera,
2764 2150 3002 2217 primum
3032 2153 3252 2221 quidem
3283 2157 3461 2212 honor

1883 2244 1939 2287 et
1964 2250 2123 2288 amor.
2147 2251 2274 2305 erga
2302 2252 2451 2301 eum,
2475 2238 2569 2306 qui
2589 2255 2731 2293 unus
2756 2256 2821 2294 ac
2842 2253 3035 2296 natura
3060 2244 3202 2299 Deus
3227 2257 3342 2312 est;
3373 2251 3459 2303 vi-

1884 2325 2043 2378 cinus
2064 2333 2169 2387 est,
2204 2334 2261 2380 et
2283 2326 2414 2381 huic
2440 2328 2722 2396 proximus
2751 2330 2843 2384 ille
2876 2347 3031 2386 amor
3062 2334 3117 2387 in
3156 2335 3373 2401 fratres,
3401 2349 3458 2394 et

1883 2416 2129 2485 ejusdem
2153 2418 2370 2488 generis
2403 2419 2672 2485 homines,
2702 2420 2773 2475 ita
2803 2431 3005 2489 tamen,
3036 2434 3095 2478 ut
3120 2424 3172 2479 in
3204 2438 3459 2495 parentes

1884 2508 2194 2561 reverentia
2224 2509 2437 2562 caeteris
2473 2519 2841 2579 praeponatur.
2886 2512 3246 2571 Convenienti
3292 2520 3459 2590 igitur

1882 2598 2077 2652 ordine
2096 2597 2382 2668 Scriptura
2405 2600 2774 2669 progreditur,
2803 2616 2927 2656 cum
2961 2613 3085 2673 post
3108 2606 3363 2674 pietatem
3402 2610 3457 2664 in

1882 2689 2074 2751 Deum,
2124 2697 2180 2745 et
2225 2706 2351 2761 erga
2394 2702 2647 2761 parentes
2692 2696 3081 2761 reverentiam,
3126 2698 3181 2752 in
3230 2709 3459 2756 caeteros

1879 2795 2100 2849 quoque
2120 2781 2373 2836 homines
2400 2784 2676 2851 specimen
2704 2786 2996 2853 probitatis
3016 2805 3116 2844 nos
3132 2791 3295 2846 edere
3320 2809 3461 2863 prab-

1882 2873 2033 2941 cipit.
2064 2873 2276 2927 Etenim
2310 2874 2514 2943 ubique
2561 2876 2646 2929 lex
2687 2892 2875 2931 curam
2903 2882 3230 2949 mqualitatis
3270 2884 3453 2950 habet,

1880 2972 1936 3016 et
1956 2971 2265 3018 accuratam
2292 2966 2519 3033 justitiae
2544 2967 2812 3022 rationem
2833 2970 3139 3026 habendam
3164 2990 3285 3029 esse
3298 2992 3458 3045 aper-

1884 3064 1935 3108 te
1967 3054 2232 3108 decernit.
2277 3055 2552 3125 Scriptum
2578 3070 2662 3114 est
2692 3060 2839 3113 enim
2881 3062 2936 3115 in
2978 3064 3403 3122 Deuteronomio
3434 3087 3451 3121 :

214 3155 363 3225 ομιον
390 3156 590 3226 μέγαῆ
613 3153 828 3224 μικρόν·
851 3154 1114 3223 στάθμιον
1129 3153 1379 3223 ἀληθινὸν
1395 3154 1601 3207 δίκαιον
1628 3154 1779 3208 ἔσται

1889 3163 1907 3194 ι
1944 3146 2063 3198 Νοη
2091 3146 2199 3199 erit
2234 3147 2289 3199 in
2311 3149 2530 3201 sacculo
2553 3157 2646 3202 tuo
2676 3151 2890 3218 pondus
2926 3168 3180 3223 magnum
3204 3165 3301 3210 aut
3326 3174 3453 3226 par-

215 3248 415 3311 σοι,καὶ
436 3248 640 3318 μέτρον
652 3246 900 3316 ἀληθινὸν
922 3246 1128 3299 δίκαιον
1156 3245 1311 3300 ἔσται
1335 3261 1437 3309 σοι,
1491 3246 1577 3299 ἵνα
1611 3246 1777 3298 πολυ-

1883 3252 2007 3289 vum
2034 3254 2046 3288 :
2073 3237 2289 3305 pondus
2315 3253 2506 3292 verum
2536 3241 2818 3309 etjustum
2853 3243 2925 3296 sit
2953 3243 3075 3307 tibi,
3112 3254 3167 3298 et
3200 3261 3455 3303 mensura

214 3333 407 3404 ήμερος
421 3337 560 3407 γένῃ
580 3336 673 3388 ἐπὶ
694 3336 791 3403 τῆς
813 3336 934 3404 γῆς,
963 3331 1029 3405 ἦς
1054 3334 1254 3406 Κύριος
1280 3337 1307 3388 6
1325 3336 1455 3398 Θεός
1478 3353 1571 3388 σου
1597 3336 1781 3388 δίδωσί

215 3442 289 3478 σοι
313 3429 370 3478 ἐν
402 3427 597 3496 κλήρῳ
618 3467 631 3487 ,
660 3428 741 3479 ὅτι
768 3427 1045 3497 βδέλυγμα
1078 3427 1267 3498 Κυρίῳ
1294 3427 1372 3494 τῷ
1398 3426 1516 3496 Θεῷ
1552 3443 1645 3480 σου
1673 3429 1785 3490 πᾶς

216 3517 372 3569 ποιῶν
398 3518 597 3583 ταῦτα,
632 3518 741 3581 πᾶς
769 3517 938 3570 ποιῶν
969 3519 1172 3572 ἄδικον.
1225 3538 1244 3569 ι
1293 3519 1401 3570 Καὶ
1433 3518 1594 3570 πάλιν
1618 3519 1675 3568 ὲν
1700 3516 1781 3587 τῷ

211 3609 502 3679 Δευῖτικῷο
542 3627 563 3659 ι
613 3607 703 3661 Ἐν
739 3608 955 3678 μέτροις
993 3609 1089 3662 καὶ
1124 3608 1421 3678 σταδμίοις,
1462 3608 1556 3661 καὶ
1596 3608 1780 3675 ζυγοῖς

211 3694 346 3764 ζυγὰ
373 3698 585 3761 δίκαια,
621 3698 716 3751 καὶ
747 3698 991 3767 στᾶϐμια
1016 3699 1203 3752 δίκαια
1225 3741 1238 3762 ,
1274 3701 1369 3751 καὶ
1404 3698 1531 3769 χοῦς
1574 3699 1779 3762 δίκαιος

213 3785 357 3839 ἔσται
400 3805 511 3841 σοι.
568 3805 587 3837 ι
635 3786 871 3856 Μέτροις
900 3786 957 3839 δὲ
999 3789 1095 3840 καὶ
1139 3786 1426 3855 σταθμίοις
1457 3788 1551 3839 καὶ
1596 3787 1780 3854 ζυγοῖς

214 3878 472 3947 αρισοῦν
511 3873 570 3931 εὖ
624 3877 769 3947 μάλα
812 3878 912 3946 τῆς
962 3876 1311 3947 δικαιοσύνης
1358 3878 1485 3940 τοὺς
1545 3878 1779 3946 τρόπους

207 3971 459 4038 ἠπείγετο
488 3971 588 4025 καὶ
618 3970 763 4040 μάλα
785 3969 960 4041 ὀρθῶς
976 3985 989 3997 ·
1018 3970 1145 4033 νοῦς
1167 3969 1275 4038 γὰρ
1298 3969 1457 4032 εὐθύς
1481 3986 1540 4022 τε
1572 3970 1668 4023 καὶ
1693 3986 1781 4037 φι-

211 4059 466 4127 λοδίκαιος
494 4061 809 4117 ταλαντεύει
841 4060 1043 4128 τρόπον
1074 4061 1195 4113 τινὰ
1225 4062 1320 4115 καὶ
1341 4062 1638 4131 ἀναμετρεῖ
1670 4060 1779 4113 τῶν

210 4155 552 4223 πραγμάτων
596 4154 696 4214 τὰς
741 4153 960 4222 φύσεις,
1001 4154 1096 4204 καὶ
1131 4153 1224 4205 τὸν
1270 4154 1370 4222 τῆς
1403 4151 1646 4220 ἰσότητος
1680 4150 1779 4220 βα-

210 4246 415 4308 σανίζει.
436 4246 620 4311 λόγον,
650 4245 974 4315 λεπτότερόν
995 4261 1055 4296 τε
1078 4243 1171 4296 καὶ
1192 4243 1603 4314 ἀκριϐέστερον,
1635 4245 1779 4313 ἥπερ

207 4332 271 4386 ἄν
298 4336 471 4389 οἴοιτό
490 4351 578 4397 τις
606 4336 730 4396 τοὺς
757 4335 850 4387 ἐπὶ
887 4335 1219 4401 πλάστιγγος
1245 4333 1339 4386 καὶ
1378 4332 1566 4400 ζυγοῦ,
1603 4332 1666 4386 τὸ
1694 4332 1778 4385 νό-

210 4442 384 4494 μισμα
436 4425 872 4495 δοκιμάζοντας*
918 4426 1205 4494 ὲπιμετρεῖ
1237 4424 1294 4476 δὲ
1329 4422 1517 4494 ὥσπερ
1564 4423 1778 4492 ἑκάστῳ

208 4516 310 4568 τῶν
344 4516 744 4589 θεωρουμένων
771 4518 829 4569 τὸ
857 4518 937 4569 ὃτι
971 4515 1203 4585 μάλιστα
1230 4514 1437 4585 πρέπον
1460 4512 1628 4583 αὐτῷ,
1654 4511 1777 4567 οὔτε

208 4607 282 4675 τῷ
300 4607 546 4677 περιττῷ
566 4609 666 4679 τῆς
688 4606 948 4679 ἀκριϐοῦς
972 4607 1217 4676 ἰσότητος
1242 4604 1535 4676 παραλύων
1558 4604 1774 4670 κάλλος,

204 4695 322 4749 οὔτε
350 4698 460 4767 μὴν
496 4699 563 4767 τῇ
599 4695 738 4767 πρὸς
777 4695 839 4748 τὸ
871 4698 1022 4763 μεῖον
1065 4694 1331 4763 ύποφορᾷ,
1362 4692 1779 4763 παραχαράττε-

206 4786 325 4840 σθαι
348 4787 658 4857 συγχωρῶν
682 4787 742 4839 τὸ
770 4786 844 4848 ὡς
868 4787 924 4838 ὲν
954 4787 1160 4855 ἰσότητι
1186 4784 1428 4854 διαρκές.
1454 4784 1636 4837 Ἔστω
1664 4783 1777 4836 τοί-

207 4895 296 4932 νυν
314 4882 459 4947 ζυγὰ
482 4880 580 4931 καὶ
600 4878 836 4947 στάθμια
850 4877 1054 4941 δίκαια,
1075 4877 1169 4930 καὶ
1188 4876 1318 4947 χοῦς
1337 4875 1563 4941 δίκαιος,
1588 4876 1774 4946 φησίν·

200 4966 308 5023 εἷεν
339 4971 384 5023 δ’
421 4970 513 5036 ἂν,
536 4966 711 5040 οἶμαι,
756 4968 933 5031 ταυτὶ,
960 4967 1117 5021 τύποι
1143 4970 1289 5032 τινὲς
1325 4969 1514 5039 ὥσπερ
1556 4969 1646 5023 καὶ
1671 4969 1776 5037 ty.-

205 5060 349 5129 φα.νῆ
376 5060 802 5131 παραδείγματα
827 5098 841 5123 ,
867 5058 1101 5129 τρόπους
1131 5061 1263 5130 ἡμῖν
1298 5059 1682 5127 ὑποφαίνοντα,
1707 5057 1773 5109 δι’

196 5145 381 5223 ὦνπερ
411 5153 483 5206 ἂν
524 5154 657 5222 ἡμῖν
690 5154 719 5204 6
748 5151 843 5219 τῆς
880 5150 1140 5221 ἀκριϐοῦς
1184 5150 1426 5220 ἰσότητος
1459 5147 1776 5219 διερευνῷτο

201 5243 391 5313 λόγος,
427 5244 527 5297 καὶ
555 5245 593 5313 ἠ
620 5242 721 5311 τῆς
764 5241 1111 5311 δικαιοσύνης
1147 5243 1500 5309 ἀναφανεῖται
1548 5239 1771 5308 γνῶσις.

200 5335 359 5398 Σύνες
378 5335 439 5388 δὲ
465 5336 548 5387 ὅτι
573 5334 969 5403 συμμετρεῖται
1016 5333 1115 5402 μὲν
1141 5332 1211 5385 τὰ
1244 5336 1301 5387 ὲν
1322 5333 1491 5402 νόμῳ,
1526 5334 1620 5385 καὶ
1649 5334 1774 5403 ὅρον

198 5425 309 5494 ἔχει
337 5426 442 5497 τὴν
473 5421 842 5494 δικαιοσύνην,
868 5422 1089 5475 πλουτεῖ
1112 5422 1169 5474 δὲ
1195 5423 1254 5476 τὸ
1278 5423 1485 5493 μεῖζον,
1519 5422 1613 5475 καὶ
1636 5423 1772 5476 πολὺ

195 5518 261 5590 δὴ
291 5520 417 5572 λίαν
456 5516 717 5570 ἐπέκεινα
752 5515 935 5589 τρέχει
970 5512 1043 5567 τὰ
1080 5514 1170 5568 διὰ
1196 5514 1451 5585 Χριστοῦ.
1484 5514 1634 5585 Πέρα
1664 5515 1772 5585 γὰρ

196 5608 403 5663 δικαίου
432 5608 495 5663 τὸ
512 5608 735 5677 ἀγαθὸν,
754 5607 1020 5673 τουτέστι,
1050 5606 1147 5676 τῆς
1171 5607 1228 5659 ὲν
1247 5606 1467 5677 Χριστῷ
1500 5605 1775 5669 πολιτείας

195 5703 228 5771 ἡ
253 5702 406 5767 δόξα.

1884 3343 2012 3380 vera
2037 3336 2092 3382 ct
2108 3329 2255 3397 justa
2278 3328 2350 3383 sit
2374 3329 2495 3394 tibi,
2520 3339 2583 3384 ut
2603 3331 2881 3400 longaevus
2900 3334 2980 3386 sis
3001 3334 3054 3387 in
3080 3345 3248 3399 terra,
3291 3354 3454 3407 quam

1883 3417 2146 3472 Dominus
2172 3420 2317 3473 Deus
2351 3428 2476 3474 tuus
2505 3421 2597 3474 dat
2634 3422 2732 3475 tibi
2774 3421 2827 3475 in
2866 3424 3285 3491 possessionem,
3327 3430 3455 3497 quia

1880 3509 2212 3564 abominatio
2230 3519 2314 3564 est
2334 3513 2564 3566 Domino
2584 3514 2696 3567 Deo
2719 3521 2813 3567 tuo
2833 3516 3031 3578 omnis,
3055 3518 3149 3585 qui
3169 3518 3297 3573 facit
3316 3521 3450 3580 hzcc.

1880 3604 2078 3667 omnis,
2105 3604 2196 3673 qui
2234 3604 2580 3674 iniquitatem
2608 3606 2739 3662 facit
2760 3607 2826 3661 ⁸⁸.
2876 3627 2893 3658 ι
2923 3608 2992 3662 Ει
3016 3608 3216 3664 iterum
3258 3612 3314 3666 in
3348 3613 3452 3667 Le-

1879 3694 2089 3748 vitico:
2125 3715 2141 3743 ι
2179 3696 2239 3749 In
2272 3698 2572 3762 mensuris,
2612 3706 2668 3753 et
2705 3699 3061 3767 ponderibus,
3104 3711 3160 3756 et
3198 3707 3448 3771 stateris;

1881 3795 2096 3839 staterae
2128 3787 2307 3855 justae,
2348 3796 2404 3841 et
2435 3789 2679 3857 pondera
2714 3790 2881 3859 iusta,
2923 3800 2980 3846 et
3014 3808 3268 3847 mensura
3306 3797 3451 3865 justa

1881 3878 1995 3931 sint
2016 3878 2113 3931 tibi
2134 3878 2196 3930 “.
2231 3897 2249 3929 ι
2287 3879 2556 3934 Mensuris
2579 3880 2746 3951 igitur
2767 3889 2824 3937 et
2846 3883 3180 3951 ponderibus
3205 3895 3260 3939 et
3292 3896 3453 3940 state-

1880 3968 1958 4021 ris
1989 3968 2279 4039 diligenter
2305 3985 2623 4039 comparare
2647 3973 2872 4042 justitia:
2898 3989 3095 4043 genera
3134 3976 3361 4039 studuit,
3397 3986 3453 4032 et

1878 4056 2098 4125 quidem
2125 4058 2329 4126 optime
2348 4075 2362 4123 ;
2381 4058 2603 4113 animus
2630 4060 2775 4113 enim
2808 4070 2993 4116 rectus
3029 4072 3083 4117 et
3101 4063 3235 4131 justi
3262 4079 3452 4119 amans

1876 4146 2138 4215 appendit
2165 4147 2566 4216 quodammodo
2609 4156 2666 4201 et
2708 4148 2935 4202 metitur
2980 4164 3167 4203 rerum
3205 4159 3448 4215 naturas,

1876 4246 1932 4292 et
1952 4237 2281 4306 mqualitatis
2304 4238 2574 4292 rationem
2619 4238 2877 4292 subtilius
2915 4248 2970 4291 et
3007 4240 3319 4293 accuratius
3352 4255 3449 4293 ex-

1876 4327 2067 4396 quirit,
2090 4343 2253 4396 quam
2281 4328 2319 4381 ii
2343 4327 2522 4382 facere
2544 4335 2823 4397 putantur,
2851 4326 2945 4396 qui
2973 4329 3029 4381 in
3050 4329 3204 4383 lance
3230 4338 3286 4383 et
3307 4330 3448 4385 libra

1876 4420 2167 4488 pecuniam
2194 4420 2449 4488 probant,
2475 4428 2531 4473 et
2564 4418 2793 4487 singulis
2814 4418 2998 4481 rebus,
3035 4433 3171 4487 quas
3199 4427 3448 4474 contem-

1881 4511 2078 4579 platur,
2113 4511 2245 4581 quid
2278 4511 2512 4564 maxime
2553 4509 2761 4573 deceat,
2800 4509 3113 4573 admetitur,
3149 4526 3327 4579 neque
3355 4526 3449 4566 re-

1879 4602 2180 4657 dundantia
2240 4602 2568 4671 mqualitatis
2620 4600 2906 4669 exquisitae
2979 4601 3446 4670 pulchritudinem

1877 4692 2211 4761 corrumpit;
2243 4707 2421 4761 neque
2446 4707 2636 4747 rursus
2660 4691 3042 4746 imminutione
3068 4693 3120 4747 id
3146 4693 3445 4748 adulterari

1876 4783 2028 4846 sinit,
2061 4784 2207 4852 quod
2229 4793 2313 4838 est
2333 4784 2659 4852 aequalitatis
2682 4785 2891 4838 ratione
2917 4784 3069 4837 satis.
3104 4784 3226 4839 Sint
3259 4788 3446 4855 itaque

1878 4885 2096 4931 statera:
2119 4885 2174 4930 et
2205 4876 2448 4946 pondera
2467 4878 2636 4946 justa,
2666 4885 2722 4931 et
2752 4892 3006 4930 mensura
3040 4877 3206 4946 justa,
3248 4878 3445 4945 inquit.

1878 4967 2004 5022 Hatc
2025 4976 2229 5032 autem,
2254 4976 2313 5022 ut
2333 4968 2549 5037 opinor,
2567 4976 2825 5037 tanquam
2847 4967 3030 5037 figura
3053 4968 3298 5035 quaedam
3322 4977 3450 5022 sunt

1878 5062 1937 5108 et
1975 5056 2221 5125 exempla
2262 5058 2571 5126 perspicua,
2616 5072 2738 5125 qua:
2785 5055 2976 5110 modos
3015 5056 3176 5109 nobis
3216 5056 3448 5108 demon-

1880 5152 2075 5209 strant,
2106 5161 2205 5215 per
2244 5162 2382 5215 quos
2414 5163 2441 5200 a
2465 5147 2626 5201 nobis
2661 5154 2928 5201 accuratae
2952 5144 3279 5215 aequalitatis
3310 5145 3450 5199 ratio

1879 5234 2220 5303 exquiratur,
2259 5244 2315 5289 et
2346 5236 2572 5306 justitiaa
2606 5235 2844 5305 cognitio
2876 5243 3154 5305 appareat.
3187 5233 3449 5287 Animad-

1879 5335 2033 5382 verte
2065 5336 2247 5382 autem
2272 5344 2357 5391 ea,
2383 5343 2505 5397 quae
2532 5334 2661 5379 sunt
2693 5326 2746 5379 in
2774 5327 2891 5395 lege
2918 5325 3250 5392 mensurari,
3283 5336 3338 5380 et
3357 5326 3449 5411 ju-

1878 5417 2027 5473 stitia
2053 5425 2308 5488 tanquam
2339 5420 2443 5472 line
2475 5416 2786 5481 terminari;
2812 5432 2929 5475 esse
2951 5427 3136 5473 autem
3163 5418 3446 5487 ampliora.

1879 5524 2000 5579 quae
2037 5524 2136 5579 per
2172 5509 2449 5564 Christum
2489 5506 2685 5561 tradita
2728 5514 2875 5569 sunt,
2923 5516 2980 5562 et
3022 5507 3181 5578 longe
3219 5506 3451 5560 ulterius

1880 5601 2161 5672 progredi;
2197 5616 2323 5655 nam
2355 5600 2430 5664 id,
2456 5598 2599 5667 quod
2632 5598 2840 5669 iustum
2870 5606 2975 5663 est,
2998 5614 3030 5652 a
3056 5597 3218 5660 bono,
3253 5595 3307 5649 id
3342 5604 3445 5659 est,

1877 5710 1908 5747 a
1941 5693 2265 5747 Christiana:
2286 5690 2717 5746 conversationis
2741 5690 2909 5760 gloria
2929 5730 2943 5753 ,
2968 5690 3269 5744 exceditur.

258 5798 299 5827 “
331 5797 352 5850 l
382 5795 516 5853 Cor.
546 5811 659 5860 xm,
685 5794 798 5850 3-8.
873 5794 1098 5850 “Prov.
1129 5809 1237 5857 xu,
1268 5794 1320 5847 5.
1393 5794 1435 5825 ’⁵³
1465 5793 1645 5879 Deut.‘
1667 5806 1790 5856 xxv,
1814 5787 1997 5843 15-16.
2054 5786 2096 5819 ⁸⁸
2128 5785 2303 5841 Lavit.
2333 5799 2443 5847 xxx,
2467 5785 2554 5838 55.

526 5888 792 5949 ΡΑτιιοι.
826 5888 942 5947 Gn.
982 5884 1259 5945 LXVIII.

3100 5874 3164 5933 l7
