3998 6506
507 392 608 450 523

1514 376 1576 435 'S.
1608 375 1894 435 'CYRILLl
1928 372 2398 430 ALEXANDRINI
2437 368 2753 429 ARCHIEP.

3666 360 3767 423 ευ

579 513 773 569 PALL.
802 508 1063 565 Praeclare
1093 505 1173 559 ais
1198 520 1209 555 :
1240 498 1462 555 memini
1488 497 1635 551 enim
1662 496 1751 560 iis,
1773 494 1867 565 qui
1898 494 1953 549 in
1981 491 2087 547 fide

2260 491 2468 545 IIAAA.
2501 487 2574 542 Εὖ
2599 489 2796 557 λέγεις.
2836 486 3203 557 Μεμνήσομαι
3225 486 3334 557 γὰρ
3361 486 3478 547 τοῖς
3501 484 3561 536 ὲν
3593 483 3768 537 πίστει

504 604 786 679 justificati
811 608 988 663 erant,
1020 595 1302 652 Christum
1334 598 1521 661 aperte
1557 588 1760 643 dixisse
1787 606 1799 640 :
1842 606 1860 637 ι
1880 585 2092 679 Amen,

508 714 667 754 amen
694 695 818 749 dico
844 689 1021 753 vobis,
1052 686 1156 741 nisi
1184 683 1346 756 245
1379 678 1973 750 abundaveritjustitia
2002 692 2095 731 ve-

507 774 619 844 ειη
651 786 775 857 plus
795 797 958 853 quam
982 778 1300 833 Scribarum
1324 781 1379 828 et
1406 770 1829 834 Pharisamrum,
1869 783 1977 823 non
2004 766 2092 822 in-

506 879 723 935 trabitis
762 876 817 929 in
845 885 1072 943 regnum
1097 868 1364 922 cmlorum
1388 864 1455 915 ⁸⁸.
1491 882 1509 914 ι

565 968 731 1024 CYR.
760 965 867 1019 Sed
891 964 1007 1017 haec
1028 958 1251 1031 quidem
1282 955 1349 1009 ad
1374 955 1522 1008 hunc
1544 950 1768 1007 modum
1793 948 2092 1003 constituta

505 1063 632 1117 sint.
657 1060 776 1115 Jam
799 1098 813 1123 ,
840 1056 884 1110 si
918 1055 991 1109 ita
1030 1052 1251 1106 videtur
1273 1088 1287 1113 ,
1322 1046 1571 1100 Mosaica:
1608 1042 1904 1113 probitatis
1934 1055 2091 1094 men-

503 1168 724 1217 suram,
770 1157 827 1204 et
869 1145 1098 1219 iustitiae
1140 1140 1442 1197 secundum
1487 1136 1663 1207 legem
1700 1133 1929 1205 gloriam
1968 1148 2093 1203 per-

505 1244 869 1313 vestigemus:
895 1236 989 1306 qui
1016 1232 1161 1288 enim
1184 1229 1408 1303 iustitiae
1431 1226 1800 1297 cognitionem
1825 1222 2090 1292 consequi

506 1344 651 1389 recte
675 1330 893 1394 studet,
918 1337 1083 1396 atque
1108 1325 1164 1378 in
1183 1320 1475 1392 diligendis
1497 1318 1765 1373 fratribus
1781 1358 1795 1383 ,
1821 1317 2091 1372 excellere

505 1436 762 1497 magnum
801 1427 986 1492 putat,
1016 1433 1144 1473 eum
1180 1415 1404 1469 ﬁrmum
1430 1428 1494 1466 ac
1519 1410 1766 1465 stabilem
1792 1450 1806 1473 ,
1854 1409 2090 1478 denique

506 1519 700 1581 talem,
725 1514 905 1585 qualis
948 1525 1139 1565 revera
1163 1514 1278 1572 est,
1308 1504 1547 1577 spectari
1571 1504 1760 1567 decet,
1796 1518 1905 1557 non
1932 1502 2091 1556 inﬁr-

507 1624 657 1665 mum
685 1622 750 1662 ac
774 1606 984 1668 levem,
1017 1614 1197 1671 neque
1242 1598 1425 1652 fucata
1450 1595 1723 1667 probitate
1750 1593 2043 1663 praeditum
2071 1636 2086 1659 ,

507 1717 570 1757 ac
590 1700 759 1757 veluti
786 1698 905 1753 ovis
946 1695 1088 1766 pelle
1127 1691 1241 1761 lupi
1268 1690 1499 1745 formam
1544 1693 1957 1755 contegentem,
1992 1683 2087 1738 sed

508 1791 695 1861 potius
716 1788 854 1853 niti,
898 1794 959 1840 ut
988 1784 1190 1838 nudam
1216 1790 1273 1835 et
1314 1777 1763 1849 reprehensionis
1804 1783 2086 1846 expertem

2195 581 2635 651 δεδικαιωμένοις
2677 576 2977 640 διειπὸντος
3006 576 3275 647 Χριστοῦ*
3316 594 3337 628 ι
3384 574 3583 645 ’Δμὴν,
3604 575 3769 643 ἀμὴν,

2195 674 2338 742 λέγω
2377 674 2528 743 ὑμῖν,
2570 670 2665 725 ὲάν
2702 670 2778 741 μὴ
2816 668 3155 740 περισσεύσῃ
3192 670 3227 740 η
3260 666 3583 737 δικαιοσύνη
3624 666 3771 734 ὑμῶν

2195 764 2361 817 πλέον
2386 762 2495 816 τῶν
2521 760 2899 832 Γραμματέων
2926 760 3023 815 καὶ
3046 758 3379 831 Φαρισαίων,
3407 759 3471 812 οὑ
3493 757 3573 829 μη
3602 758 3775 811 εἰσέλ-

2192 856 2320 928 θητε
2352 857 2433 919 είς
2461 854 2561 926 τὴν
2584 853 2860 924 βασιλείαν
2883 851 2992 905 τῶν
3020 851 3287 923 οὐρανῶν.
3318 870 3338 902 ι

2262 943 2424 999 ΚΥΡ.
2470 944 2610 996 Ἀλλ’
2646 936 2747 995 ὦδε
2782 943 2880 1012 μὲν
2909 944 3042 1014 ἡμῖν
3072 941 3245 1013 ἐχέτω
3274 942 3463 995 ταυτί’
3497 943 3777 1013 πολυπρα-

2192 1033 2485 1105 γμονῶμεν
2524 1033 2603 1099 δὲ,
2651 1033 2701 1085 εί
2740 1032 2909 1096 δοκεῖ,
2954 1033 3055 1103 τῆς
3110 1033 3418 1103 Μωάαῖκῆς
3464 1035 3777 1098 ἐπιεικείας

2192 1125 2259 1178 τὸ
2308 1124 2527 1196 μέτρον,
2576 1123 2668 1177 καὶ
2718 1122 2819 1193 τῆς
2872 1122 3015 1177 κατὰ
3059 1122 3223 1192 νόμον
3292 1122 3652 1194 δικαιοσύνης
3682 1125 3777 1193 τὴν

2190 1216 2350 1281 δόξαν
2369 1233 2382 1246 ⁸
2413 1216 2505 1269 τὸν
2536 1216 2728 1287 γάρτοι
2756 1215 3066 1287 φιλοθηρεϊν
3098 1214 3194 1268 τοῦ
3239 1213 3592 1285 δικαίου⁹τὴν
3634 1218 3772 1283 γνῶ-

2193 1326 2275 1362 σιν
2317 1307 2586 1379 ὀρθότατα
2627 1307 3075 1371 διεσπουδακότα,
3126 1309 3222 1362 καὶ
3276 1308 3384 1381 μὴν
3422 1310 3519 1364 καὶ
3563 1310 3628 1363 τὸ
3662 1311 3777 1363 δια-

2192 1399 2423 1470 πρέπειν
2472 1400 2532 1452 ὲν
2583 1399 2862 1470 ἀγαπήσει
2915 1400 3078 1470 τυχὸν
3130 1402 3198 1471 τῇ
3258 1400 3394 1472 πρὸς
3424 1402 3697 1471 ἀδελφοὺς
3724 1404 3779 1453 ἐν

2190 1492 2334 1563 λόγῳ
2386 1493 2777 1563 πεποιημένον,
2826 1494 3043 1566 ἀσφαλῆ
3088 1512 3151 1548 τε
3192 1496 3288 1550 καὶ
3334 1495 3636 1566 βεϐηκότα,
3688 1498 3780 1549 καὶ

2188 1586 2328 1657 ὅπερ
2357 1586 2505 1640 ἐστὶν
2537 1585 2775 1655 ἀληθῶς,
2804 1586 3035 1658 ὁρᾶσθαι
3066 1586 3288 1656 πρέπει,
3329 1588 3431 1641 οὑκ
3456 1588 3781 1641 εὑωτάσει-

2191 1694 2333 1744 στον,
2368 1678 2486 1731 οὐδὲ
2523 1677 2778 1749 ἐλαφρὸν,
2813 1678 2875 1732 οὑ
2901 1677 3279 1732 κατάπλαστον
3324 1678 3518 1749 ἔχοντα
3550 1679 3615 1732 τὸ
3644 1698 3779 1751 χρη·

2190 1768 2334 1832 στὸν,
2360 1770 2453 1822 καὶ
2480 1768 2669 1841 ὥσπερ
2696 1770 2806 1833 δῖος
2833 1769 2911 1840 τῷ
2932 1771 3112 1841 κωδίῳ
3140 1770 3498 1835 κατασκιάζει
3528 1770 3779 1825 ἐθέλοντα

508 1847 734 1937 suorum
759 1847 975 1933 morum
1013 1874 1322 1929 libertatem
1347 1847 1614 1933 retineat;
1642 1867 1874 1936 ideoque
1914 1866 2095 1936 inquit

2203 1860 2291 1931 τὴν
2314 1859 2479 1914 λύκου
2513 1860 2748 1932 μορφὴν,
2785 1860 2988 1932 μᾶλλον
3026 1862 3085 1916 δὲ
3120 1863 3333 1933 γυμνὴν
3373 1863 3471 1916 καὶ
3515 1864 3781 1934 ἀνεπίλη-

508 1976 635 2029 lex:
673 1991 691 2024 ι
720 1972 840 2026 Non
878 1965 1197 2024 ambulabis
1236 1962 1424 2017 dolose
1462 1960 1517 2013 in
1559 1967 1719 2030 gente
1746 1966 1868 2023 tua,
1914 1973 2093 2027 neque

506 2058 693 2113 oderis
735 2057 960 2111 fratrem
1007 2062 1161 2107 tuam
1205 2050 1262 2104 in
1310 2048 1478 2103 corde
1526 2057 1622 2101 tuo
1665 2047 1730 2100 “.
1764 2066 1781 2097 ι
1830 2046 2094 2101 Eamdem

506 2164 724 2220 quoque
769 2162 885 2203 rem
931 2146 1092 2201 aliter
1130 2143 1328 2214 ponit:
1384 2159 1401 2191 ‹
1450 2139 1517 2193 Ει
1563 2148 1746 2203 veste,
1792 2137 2094 2208 inquit,ex

507 2241 726 2296 duobus
771 2246 917 2293 texta
960 2252 1071 2291 non
1118 2233 1370 2289 indueris
1392 2231 1457 2285 "'.
1489 2250 1507 2282 ι
1536 2230 1604 2285 Et
1648 2245 1879 2285 rursus:
1914 2248 1933 2280 ι
1972 2228 2094 2283 Νοιι

509 2333 705 2388 indues
746 2330 1109 2386 adulteratam
1145 2334 1354 2381 vestem
1386 2339 1453 2379 ex
1496 2322 1621 2376 lana
1662 2322 1886 2390 linoque
1929 2320 2093 2376 simul

508 2421 814 2477 confectam
840 2420 906 2473 ⁵³.
938 2438 955 2469 ι
986 2415 1379 2472 Gravissimum
1404 2412 1552 2467 enim
1587 2426 1717 2465 sane
1740 2410 1952 2465 crimen
1976 2419 2093 2476 est,

508 2524 565 2569 et
592 2512 682 2569 cui
731 2510 879 2566 nulla
930 2506 1291 2579 reprehensio
1331 2504 1403 2559 sit
1439 2502 1606 2569 satis,
1641 2501 1732 2556 illa
1756 2501 1813 2555 in
1837 2501 2096 2571 opinione

508 2602 804 2675 probitatis
847 2599 1061 2655 fallacia
1092 2606 1150 2653 et
1173 2596 1363 2662 dolus;
1409 2608 1583 2664 eaque
1626 2607 1717 2648 res
1758 2601 1843 2647 est
1880 2592 1992 2647 Deo
2038 2591 2096 2646 in

510 2695 706 2765 primis
730 2692 921 2747 odiosa
941 2730 956 2754 ,
982 2699 1039 2745 et
1061 2696 1347 2760 cognatam
1360 2686 1474 2740 fere
1499 2699 1718 2754 semper
1740 2683 1907 2738 habet
1930 2682 2098 2737 animi

510 2784 920 2855 duplicitatem,
958 2789 1016 2836 et
1045 2778 1180 2833 illud
1225 2775 1512 2833 sententia‘
1556 2784 1815 2844 tanquam
1862 2772 2097 2829 biforme

510 2878 833 2947 variumque
900 2881 1251 2943 portentum;
1296 2868 1500 2939 quibus
1566 2866 1735 2922 rebus
1799 2881 1957 2921 mens
2004 2866 2097 2921 illa

510 2969 695 3024 divina
718 2976 774 3023 et
797 2964 1122 3021 immortalis
1144 2962 1212 3017 ad
1251 2962 1389 3016 iram
1436 2960 1674 3015 maxime
1694 2968 2092 3015 commovetur.

510 3061 659 3116 Dixit
696 3059 844 3114 enim
890 3064 1041 3113 certe
1073 3055 1142 3110 de
1186 3052 1518 3123 quibusdam
1550 3070 1563 3106 :
1599 3071 1617 3103 ι
1650 3050 1856 3123 Sagitta
1898 3052 2095 3106 vulne-

2196 1970 2329 2006 πτον
2363 1953 2506 2025 ἔχειν
2539 1953 2859 2023 ἐπείγεσθαι
2885 1954 2979 2008 τοῦ
3021 1954 3148 2007 ίδίου
3170 1954 3377 2026 τρόπου
3406 1955 3507 2027 τὴν
3554 1956 3778 2009 ἐλευθε-

2197 2044 2339 2116 ρίαν.
2391 2045 2681 2116 Τοιγάρτοι
2720 2044 2885 2117 φησὶν
2913 2047 2941 2099 ό
2969 2046 3163 2118 νόμοςο
3204 2065 3223 2098 ι
3251 2047 3326 2099 Οὑ
3356 2046 3601 2118 πορεύσῃ
3647 2048 3781 2117 δόλῳ

2194 2139 2252 2192 ὲν
2280 2138 2358 2190 τῶ
2401 2136 2543 2192 ἔθνει
2579 2153 2695 2203 σου,
2725 2137 2822 2191 καὶ
2866 2137 2929 2191 οὑ
2982 2139 3236 2209 μισήσεις
3265 2139 3358 2192 τὸν
3399 2140 3635 2209 ἀδελφόν
3686 2158 3782 2193 σου

2193 2232 2259 2301 τῇ
2296 2229 2495 2302 καρδίᾳ
2530 2245 2645 2284 σου.
2674 2249 2694 2283 ι
2737 2228 2935 2300 Τίθησί
2965 2246 3025 2282 τε
3062 2231 3156 2284 καὶ
3184 2231 3387 2302 ἑτέρως
3415 2232 3581 2285 αὑτόο
3616 2251 3635 2283 ι
3673 2232 3783 2285 Καὶ

2200 2320 2413 2390 ἱμάτιον
2459 2319 2589 2392 γὰρ,
2638 2319 2825 2391 φησὶν,
2874 2320 2940 2374 ὲκ
2968 2318 3063 2373 δύο
3104 2320 3414 2391 ὑφασμένον
3451 2321 3556 2375 οὑκ
3588 2322 3781 2374 ἐπισα-

2193 2411 2306 2475 λεῐς
2366 2411 2598 2483 σεαυτῷ·
2634 2431 2653 2463 ι
2691 2411 2786 2466 καὶ
2830 2411 3027 2466 πάλιν
3080 2431 3100 2466 ι
3136 2413 3252 2467 Οὐκ
3284 2412 3482 2485 ἐνδύσῃ
3528 2413 3781 2484 κίϐδηλον

2195 2502 2340 2573 ἔριον
2385 2503 2479 2557 καὶ⁵
2510 2503 2654 2557 λίνον
2686 2504 2745 2557 ὲν
2774 2502 2853 2573 τῷ
2888 2503 3058 2575 αὑτῷ.
3090 2522 3110 2555 ι
3150 2504 3440 2559 Πάνδεινον
3472 2506 3586 2576 γάρ
3646 2506 3783 2577 ἀλη-

2197 2594 2305 2658 θῶς
2336 2594 2432 2649 καὶ
2481 2593 2673 2666 μώμου
2711 2592 2914 2658 παντὸς
2941 2594 3222 2659 ἐπέκεινα,
3258 2598 3370 2658 τοῖς
3401 2595 3460 2650 ὲν
3499 2596 3771 2666 ὑπολήψει

2194 2689 2562 2759 χρηστότητος
2588 2687 2772 2759 ἀπάτη
2816 2687 2912 2741 καὶ
2933 2686 3082 2752 δόλος
3116 2702 3131 2718 ο
3181 2688 3275 2741 καὶ
3326 2686 3442 2741 ἔστι
3489 2689 3553 2741 τὸ
3593 2688 3784 2759 χρῆμα

2194 2779 2306 2832 τῶν
2352 2781 2494 2849 ἀγαν
2538 2780 2692 2851 παρά
2731 2777 2854 2849 Θεῷ
2898 2777 3419 2849 κατεστυγημινων,
3465 2780 3563 2832 καὶ
3617 2780 3785 2833 ἀδελ-

2200 2870 2312 2943 φὴν
2347 2870 2470 2942 ἔχον
2512 2870 2600 2925 ἀεί
2632 2887 2751 2934 πως
2802 2870 2901 2941 τὴν
2939 2869 3213 2939 ὁιψυχίαν,
3248 2871 3343 2924 καὶ
3380 2872 3443 2924 τὸ
3487 2872 3653 2925 οἱονεὶ
3683 2873 3786 2941 τῆς

2196 2962 2421 3033 γνώμης
2461 2962 2647 3032 διφυές
2696 2979 2755 3016 τε
2800 2963 2897 3016 καὶ
2943 2961 3398 3032 ἀλλοπρόσαλλον,
3437 2966 3526 3033 ἐφ’
3558 2960 3646 3029 οἷς
3694 2967 3786 3019 ὅτι

2202 3056 2437 3126 μάλιστα
2498 3054 2876 3125 καταθήγεται
2920 3053 3058 3126 πρὸς
3093 3054 3265 3126 όργάς
3311 3058 3339 3110 ό
3392 3056 3536 3120 θεῖός
3581 3074 3645 3109 τε
3689 3058 3789 3115 καὶ

513 3167 643 3206 rans
680 3150 864 3221 lingua
906 3161 1103 3202 eorum
1131 3163 1143 3199 :
1171 3145 1359 3199 dolosa
1408 3144 1557 3199 enim
1604 3153 1732 3199 sunt
1767 3142 1934 3197 verba
1981 3142 2097 3196 oris

2203 3148 2473 3218 ἀκήρατος
2509 3145 2655 3210 νοῦς.
2700 3147 2845 3216 Ἔφη
2874 3146 2981 3217 γάρ
3014 3163 3119 3199 που
3161 3146 3291 3218 περί
3321 3164 3486 3201 τινων
3508 3165 3523 3180 ·
3579 3166 3601 3198 ο
3630 3147 3786 3211 Boii;

510 3254 734 3304 eorum;
761 3236 1012 3308 proximo
1055 3249 1156 3291 suo
1205 3234 1453 3303 loquitur
1477 3232 1739 3304 pacifica,
1764 3241 1820 3287 et
1844 3233 1988 3287 intra
2035 3247 2095 3288 se

2203 3237 2579 3310 τιτρώσκουσα
2610 3238 2645 3309 ἡ
2699 3236 2923 3305 γλῶσσα
2965 3237 3145 3291 αὐτῶν
3173 3253 3187 3267 ·
3222 3237 3372 3292 δόλια
3409 3237 3522 3309 γάρ
3566 3239 3642 3293 τά
3686 3242 3787 3309 M-

514 3331 680 3387 habet
701 3328 1039 3384 inimicitias.
1084 3326 1345 3397 Nunquid
1382 3342 1547 3397 super
1569 3326 1658 3380 his
1682 3342 1792 3381 non
1817 3326 2097 3381 visitabo?

516 3420 649 3475 dicit
688 3418 986 3481 Dominus,
1020 3423 1116 3470 aut
1160 3415 1217 3469 in
1266 3415 1470 3485 populo
1514 3414 1609 3469 tali
1648 3431 1759 3470 non
1799 3415 2097 3469 ulciscetur

516 3512 697 3566 anima
740 3524 861 3565 mea
902 3509 986 3562 “1?
1016 3527 1033 3559 ι
1089 3507 1462 3562 Ascensurum
1494 3522 1715 3577 quoque
1756 3507 1812 3561 in
1858 3516 2099 3562 montem

517 3603 615 3657 Dei
646 3602 827 3671 inquit
850 3598 1021 3655 David
1040 3635 1059 3664 ,
1107 3599 1458 3654 innocentem
1503 3598 1758 3653 manibus
1776 3638 1791 3663 ,
1815 3607 1873 3654 et
1894 3598 2101 3655 mundo

518 3693 722 3758 corde,
752 3691 846 3762 qui
887 3706 998 3745 non
1040 3689 1172 3745 fecit
1210 3690 1396 3745 dolum
1438 3690 1495 3744 in
1538 3689 1723 3760 lingua
1748 3704 1878 3754 sua,
1921 3705 2102 3759 neque

520 3785 650 3839 fecit
690 3782 941 3854 proximo
980 3797 1080 3836 suo
1123 3781 1329 3836 malum
1354 3772 1423 3834 “.
1452 3781 1612 3836 Vetat
1657 3780 1825 3852 igitur
1866 3780 1956 3835 lex
1979 3790 2101 3836 tan-

519 3891 685 3947 quam
711 3890 827 3931 rem
854 3875 1228 3946 turpissimam
1251 3915 1266 3938 ,
1290 3880 1349 3929 et
1368 3874 1424 3929 in
1461 3873 1656 3944 primis
1680 3872 1974 3928 absurdam
1992 3913 2007 3938 ,
2032 3889 2102 3929 ne

520 3968 645 4035 quis
680 3967 738 4020 in
779 3965 907 4021 dolo
949 3965 1230 4030 ambulet,
1275 3964 1331 4019 id
1374 3972 1492 4030 est,
1540 3980 1610 4020 ne
1648 3963 1902 4019 callidam
1938 3972 2104 4034 atqu

520 4065 758 4111 astutam
778 4057 909 4112 vita:
938 4057 1207 4112 rationem
1229 4056 1593 4126 amplectatur
1611 4096 1626 4120 ,
1649 4064 1707 4110 et
1728 4070 1851 4109 cum
1882 4056 2106 4126 iustitiae

519 4146 760 4216 speciem
782 4145 1036 4209 simulet,
1078 4145 1408 4215 contemptis
1430 4144 1713 4200 charitatis
1737 4144 1968 4215 legibus,
1992 4144 2107 4200 fra-

518 4247 634 4293 tres
654 4236 833 4292 lazdat.
865 4237 1085 4292 Vestem
1130 4242 1399 4306 praaterea
1422 4251 1524 4291 nos
1561 4236 1765 4291 habere
1788 4251 1898 4291 non
1923 4236 2108 4292 sinite

521 4330 740 4385 duobus
784 4336 1128 4395 contextam;
1157 4343 1264 4398 qua
1308 4328 1363 4383 in
1412 4344 1472 4383 re
1519 4328 1749 4399 figurate
1793 4326 2105 4399 signiﬁcat,

521 4422 825 4477 cavendum
850 4436 971 4477 esse
994 4436 1066 4475 ne
1104 4421 1270 4475 veluti
1296 4421 1675 4491 duplicitatem
1707 4422 2003 4492 quamdam
2050 4424 2107 4477 in

2204 3346 2351 3400 ματα
2400 3327 2497 3381 τοῦ
2545 3327 2813 3397 στόματος
2862 3327 3042 3381 αὑτῶν
3071 3344 3086 3358 ο
3138 3327 3218 3398 τῷ
3251 3328 3480 3400 πλησίον
3500 3329 3670 3383 αὑτοῦ
3690 3329 3788 3381 λα-

2200 3420 2285 3473 λεῖ
2325 3418 2394 3473 τά
2447 3418 2717 3489 είρηνικά,
2758 3419 2852 3472 καὶ
2895 3420 2954 3473 ὲν
3015 3420 3192 3491 ἑαυτῷ
3249 3420 3363 3490 ἔχει
3411 3420 3512 3491 τὴν
3558 3420 3784 3491 ἔχθραν.

2202 3510 2293 3582 Μὴ
2328 3509 2424 3563 ἐπὶ
2451 3509 2661 3573 τούτοις
2694 3510 2794 3563 οὑκ
2846 3511 3248 3583 ἐπισκέψομαις
3279 3512 3429 3580 λέγει
3481 3512 3705 3583 Κύριος,
3749 3512 3785 3581 ἢ

2201 3603 2262 3656 ὲν
2286 3602 2403 3674 λαῷ
2431 3603 2659 3674 τοιούτῳ
2677 3604 2779 3667 οὐκ
2800 3604 3080 3676 ἐκδικήσει
3106 3607 3140 3675 ἡ
3161 3604 3307 3675 ψυχή
3336 3622 3473 3676 μου;
3514 3624 3534 3656 ι
3555 3604 3787 3675 ’Δναδήο

2206 3693 2401 3748 σεσθαι
2428 3694 2484 3748 δὲ
2510 3696 2606 3750 καὶ
2635 3696 2716 3759 εἰς
2738 3695 2801 3749 τὸ
2824 3695 2951 3766 ὅρος
2982 3694 3076 3748 τοῦ
3107 3696 3314 3766 Κυρίου
3345 3696 3513 3767 φησὶν
3537 3698 3567 3749 ό
3599 3697 3785 3761 Δαϐίδ,

2202 3783 2297 3839 τὸν
2337 3784 2517 3839 ἀθῶον
2563 3786 2741 3857 χερσὶ,
2796 3786 2894 3840 καὶ
2919 3786 3161 3858 καθαρὸν
3210 3789 3277 3857 τῇ
3326 3786 3634 3858 καρδίᾳ,δς
3683 3788 3786 3840 οὑκ

2204 3874 2462 3930 ὲδόλωσεν
2500 3876 2560 3929 ὲν
2584 3874 2823 3947 ,γλώσσῃ
2864 3874 3053 3941 αὑτοῦ,
3088 3874 3210 3928 οὑδὲ
3252 3875 3480 3947 ἰποίησε
3508 3875 3589 3946 τῷ
3648 3875 3789 3946 πλη-

2208 3969 2322 4023 σίον
2365 3966 2533 4023 αὑτοῦ
2585 3968 2777 4022 κακόν.
2826 3968 3161 4038 ’Δποφάσκει
3203 3968 3267 4038 δὴ
3291 3963 3386 4024 οὖν
3413 3970 3443 4023 ό
3492 3970 3659 4040 νόμος
3710 3970 3792 4034 ὡς

2207 4060 2493 4131 αίσχιστόν
2527 4077 2586 4113 τε
2622 4059 2718 4114 καὶ
2759 4059 2991 4130 ἀπηχὲς,
3036 4060 3206 4114 τὸ’ὲν
3243 4060 3380 4131 δόλῳ
3430 4062 3790 4133 πορεύεσθαι,

2206 4151 2473 4215 τουτέστι,
2505 4150 2567 4205 τὸ
2628 4148 2954 4221 πανούργως
3000 4150 3217 4206 ἑλέσθαι
3277 4150 3452 4223 βιοῦν,
3499 4153 3597 4206 καὶ⁵
3641 4154 3784 4205 ὑπο-

2210 4244 2541 4299 πλάττεσθαι
2583 4243 2682 4314 μὲν
2728 4243 2831 4313 τῆς
2858 4242 3205 4314 δικαιοσύνης
3225 4244 3288 4298 τὺ
3314 4245 3523 4315 σχῆμα,
3557 4246 3793 4299 κατασί-

2209 4334 2397 4389 νεσθαι
2431 4334 2488 4389 δὲ
2528 4333 2812 4404 ἀδελφοὺς,
2850 4333 2961 4387 τῶν
3018 4334 3122 4405 τῆς
3159 4336 3383 4407 ἀγάπης
3403 4336 3585 4406 νόμων
3635 4338 3798 4406 ipe:-

2210 4428 2415 4499 δηκότα
2439 4424 2463 4461 ·’
2490 4426 2695 4498 ἀμφιόν
2732 4443 2797 4497 γε
2829 4427 2936 4498 μὴν
2966 4427 3111 4498 ἔχειν
3158 4428 3307 4499 ἡμᾶς
3353 4428 3455 4482 οὑκ
3493 4430 3560 4499 ἑᾷ
3615 4429 3679 4482 τὸ
3728 4432 3796 4482 ἐκ

522 4510 766 4565 animum
831 4510 1220 4575 admittamus;
1268 4510 1433 4582 246
1494 4510 1874 4580 duplicitatem
1938 4527 2098 4582 porro

2212 4520 2355 4574 δυοῖν
2377 4518 2708 4590 ὑφασμένον,
2746 4520 2978 4592 αἴνιγμά
3007 4537 3110 4573 που
3141 4521 3204 4573 τὸ
3241 4520 3434 4593 χρῆμα
3470 4522 3664 4586 τιθεὶς,
3693 4522 3796 4575 τοῦ

524 4602 800 4656 internam
832 4616 897 4655 ac
922 4600 1265 4671 spiritualem
1296 4615 1418 4655 esse
1460 4601 1719 4670 inquam,
1766 4601 1917 4657 illam
1955 4616 2112 4658 exse-

524 4692 785 4745 crabilem
850 4690 1171 4745 hominibus
1235 4691 1482 4759 placendi
1546 4693 1938 4762 cupiditatem,
1988 4710 2111 4765 qua:

523 4779 678 4833 velut
714 4794 783 4833 ex
812 4777 1029 4832 duobus
1070 4778 1333 4832 intexitur
1365 4779 1594 4845 studiis,
1621 4797 1731 4836 non
1758 4782 2114 4839 mediocriter

524 4866 670 4921 inter
702 4883 760 4923 se
800 4866 1202 4922 differentibus.
1246 4866 1376 4933 Qua:
1413 4870 1560 4923 enim
1597 4871 1844 4940 qualisve
1883 4882 1969 4928 est
2006 4874 2111 4929 alia

524 4957 935 5029 hypocritarum
962 4959 1106 5023 vita,
1150 4960 1290 5024 nisi,
1338 4969 1399 5015 ut
1434 4961 1490 5015 in
1538 4962 1834 5032 conspectu
1885 4963 2111 5034 quidem

526 5052 809 5108 hominum
871 5052 999 5107 boni
1040 5052 1142 5108 viri
1179 5062 1478 5123 appareant
1522 5070 1585 5109 ac
1627 5055 1917 5111 videantur
1957 5072 2109 5129 esse,

525 5158 634 5201 non
657 5145 768 5204 sint
790 5154 973 5202 tamen
1003 5160 1193 5201 revera
1220 5145 1422 5216 probi?

560 5380 794 5479 ‘PALL.
823 5424 965 5481 Sane
986 5441 1139 5483 vero.

490 5528 493 5531 ·
526 5605 541 5609 Δ
593 5514 751 5609 CYR,
780 5516 921 5588 Ergo
943 5518 1189 5609 dpplices
1220 5532 1348 5578 sunt
1370 5524 1533 5579 nobis
1560 5540 1743 5581 mores
1767 5541 1798 5581 e
1820 5524 2104 5582 dissimili-

526 5605 630 5662 bus
670 5605 1043 5669 voluntatibus
1083 5616 1344 5671 contexti.
1392 5616 1463 5671 At
1520 5632 1655 5673 vero
1696 5618 1891 5675 beatus
1933 5620 2103 5677 David

590 5785 642 5819 “
668 5787 855 5844 Matth.
881 5789 1039 5854 v,20.
1108 5791 1155 5825 ⁸⁸
1210 5791 1385 5848 Levit.
1420 5810 1528 5862 xIx,
1565 5792 1651 5850 l7.

2215 4612 2289 4683 μὴ
2337 4611 2644 4682 ἀνέχεσθαι,
2702 4612 2925 4683 διπλόην
2957 4613 3145 4683 ῶσπερ
3180 4613 3324 4685 ἔχειν
3376 4616 3458 4678 εἰς
3516 4615 3678 4668 νοῦνο
3710 4615 3795 4669 δι-

2211 4701 2381 4771 πλόην
2429 4700 2485 4755 δὲ
2543 4695 2685 4754 εἷναί
2750 4720 2923 4773 φημι,
2974 4703 3073 4774 τὴν
3129 4703 3236 4756 ἔσω
3279 4704 3375 4757 καὶ
3423 4705 3641 4775 νοητὴν,
3693 4705 3798 4774 τὴν

2212 4794 2488 4864 ἐπάρατον
2557 4792 3111 4865 ἀνθρωπαρέσκειαν,
3184 4795 3218 4865 ἢ
3268 4795 3335 4847 ὲκ
3392 4795 3538 4848 δυοῖν
3603 4796 3800 4865 ῶσπερ

2210 4885 2575 4939 ἀναπλέκεται
2627 4885 3064 4957 σπουδασμάτοιν
3092 4927 3106 4951 ,
3155 4886 3253 4957 τὴν
3293 4888 3373 4951 εἰς
3424 4888 3631 4959 ἄλληλα
3673 4888 3799 4941 δια-

2212 4975 2417 5047 φθορὰν
2446 4976 2508 5028 οὑ
2538 4975 2766 5047 μετρίαν
2802 4977 3263 5047 ἠρρωστηκότοιν.
3300 4978 3397 5042 Τίς
3438 4978 3547 5047 γὰρ
3579 4978 3613 5049 ἢ
3640 4980 3799 5040 ποῖος

2210 5068 2319 5123 τῶν
2356 5068 2667 5141 ὑποκριτῶν
2716 5069 2745 5121 ό
2790 5067 2940 5139 βίος;
3005 5064 3093 5139 ἆρ’
3136 5069 3257 5140 οὑχ).
3300 5070 3361 5124 τὸ
3420 5073 3479 5124 ὲν
3522 5071 3642 5140 ὕψει
3694 5072 3802 5141 μὲν

2212 5160 2513 5233 ἀνθρώπων
2567 5159 2795 5233 ὁρᾶσθαι
2862 5163 3153 5232 χρηστοὺς,
3208 5161 3391 5216 καὶτὸ
3458 5164 3638 5218 δοκεῖν
3697 5166 3805 5234 μὲν

2213 5248 2375 5319 εἶναι,
2416 5252 2490 5323 μὴ
2542 5252 2651 5324 μὴν
2683 5252 2764 5305 ἔτι
2812 5252 2908 5306 καὶ
2964 5250 3104 5307 εἶναι
3157 5253 3301 5308 κατά
3349 5254 3612 5326 ἀλήθειαν
3661 5271 3809 5326 χρη-

2215 5358 2374 5406 στους
2399 5358 2414 5408 ;

2284 5434 2495 5488 HAAA.
2549 5432 2659 5488 Καὶ
2687 5433 2853 5504 μάλα.

2288 5526 2454 5579 ΚΥΡ.
2498 5526 2681 5591 Διττὸς
2730 5523 2824 5581 οὖν
2859 5529 2888 5581 ό
2929 5529 3126 5602 τρόπος
3158 5529 3217 5597 ἐξ
3248 5529 3520 5599 ἀνομοίων
3552 5530 3682 5599 ἡμῖν
3711 5528 3813 5582 θε-

2210 5617 2469 5690 λημάτων
2526 5617 2916 5691 ὲξυφασμένος.
2960 5621 3100 5676 Ἀλλ’
3145 5622 3175 5676 ὃ
3204 5638 3269 5691 γε
3316 5621 3606 5686 θεσπέσιος
3636 5622 3816 5675 Δασὶδ

1751 5796 1948 5855 "ibid.
1978 5798 2062 5855 l9.
2143 5801 2188 5836 ⁸⁸
2206 5804 2365 5860 Deut.
2399 5821 2530 5871 xx",
2562 5806 2649 5861 Η.
2728 5807 2773 5842 ⁸⁹
2824 5806 2935 5864 Jer.
2966 5824 3050 5879 lx,
3086 5807 3139 5866 8.
3222 5808 3270 5843 '°
3299 5808 3619 5875 Psalmmv,
3648 5809 3705 5876 3,
3744 5809 3813 5865 4.
