3998 6502
200 368 292 429 525

839 362 926 417 DE
962 358 1400 418 ADORATIONE
1441 360 1505 417 IN
1547 352 1815 415 SPIRITU
1856 357 1942 412 ET
1984 352 2346 415 VERITATE.
2384 360 2512 416 LIB.
2555 358 2661 417 VII.

3336 356 3438 412 5:6

199 480 496 548 ἀποδέχεται
544 482 635 528 τον
691 476 1021 546 μονότροπον
1074 475 1168 528 καὶ
1217 475 1429 544 φειδοῦς
1478 471 1748 540 ἀξιοῦσθαι

1861 474 2128 546 approbat
2151 475 2315 531 unius
2339 476 2510 530 moris
2531 476 2711 529 virum
2730 512 2744 537 ,
2770 487 3007 542 cumque
3040 486 3279 541 superna
3309 486 3436 541 pro-

200 589 315 643 φησι
352 568 449 639 τῆς
488 566 696 621 ἄνωθεν
720 584 735 597 ·
799 587 817 618 ι
843 567 1047 638 Κύριος
1076 567 1185 639 γὰρ
1241 568 1542 631 κατοικίζει
1594 583 1752 636 μονο-

198 666 426 738 τρόπους,
470 664 654 733 φησὶν,
707 663 766 715 ὲν
812 661 969 732 οἴκῳ.
1007 682 1023 712 ι
1087 661 1504 733 Διασκορπίζειν
1555 662 1612 716 δὲ
1668 661 1752 714 λέ-

197 775 334 828 γεται
374 756 466 808 καὶ
494 757 523 807 6
579 753 712 818 Θεὸς
757 754 894 807 ὀστᾶ
950 752 1434 826 ἀνθρωπαρέπκων
1458 771 1471 784 ⁸
1506 770 1753 823 καταμυ-

198 850 429 903 σάττεται
451 846 508 899 δὲ
538 846 601 899 τὸ
634 845 824 917 χρῆμα
863 845 959 898 καὶ
985 846 1013 898 6
1035 844 1264 910 Παῦλος,
1290 845 1462 914 λέγων
1491 859 1505 873 ’
1534 864 1551 894 ι
1595 846 1753 914 Ἀρτι

197 941 291 1010 γάρ
314 935 632 1008 ἀνθρώπους
656 934 853 1000 πείθω,
883 934 917 1006 ἢ
951 933 1042 988 τὸν
1075 934 1244 1001 Θεόν;
1292 935 1325 1006 ἢ
1360 934 1506 1006 ζητῶ
1539 933 1750 1005 ἀνί)ρὼ-

193 1048 304 1093 ποις
323 1029 607 1100 ἀρέσκειν;
652 1028 703 1081 εί
749 1026 829 1081 ἔτι
863 1025 1174 1097 ἀνθρώποις
1220 1027 1473 1099 ἤρεσκον,
1510 1022 1746 1097 Χριστοῦ

193 1123 361 1184 δοῦλος
386 1120 485 1173 οὐκ
520 1119 587 1173 ἂν
622 1120 790 1189 ήμην.
820 1138 838 1171 ι

254 1212 431 1265 ΠΑΛΛ
488 1211 598 1264 Καὶ
636 1209 742 1263 τίνι
792 1209 900 1264 τῶν
959 1209 1129 1265 ὄντων
1171 1212 1273 1265 οὐκ
1300 1210 1635 1281 ἀσυμφανὲς,
1677 1210 1753 1272 ὡς

191 1304 400 1359 ἔκτοπον
425 1301 641 1373 ἀληθῶς
675 1300 769 1353 καί⁵
812 1301 914 1371 τῆς
962 1300 1224 1374 ἀκριϐοῦς
1275 1300 1565 1373 ὀρθότητος
1600 1302 1752 1355 ἀπω-

189 1396 324 1450 τάτω
350 1393 413 1447 τὸ
439 1393 687 1463 διψυχεῖν
716 1408 778 1445 τε
806 1392 902 1445 καὶ
939 1392 1361 1464 ύποκρίνεσθαι;

250 1484 407 1539 ΚΥΡ.
456 1485 700 1554 Ἀγάπης
735 1478 828 1536 οὖν
866 1482 975 1553 ἄρα
1019 1482 1229 1553 καρπὸς
1274 1482 1372 1552 τῆς
1435 1481 1753 1551 ἀμωμήτως

186 1574 582 1644 ἐσκευασμένης
616 1572 711 1626 καὶ
751 1572 904 1643 ἀνδρὶ
938 1571 1254 1643 πρεπούσης
1305 1570 1499 1641 δικαίῳ
1551 1588 1609 1622 τε
1658 1571 1751 1623 καὶ

185 1662 382 1734 ἀγαθῷ,
410 1664 469 1717 τὸ
496 1663 839 1735 ἀπηλλάχθαι
866 1663 1037 1716 δόλου.
1070 1662 1181 1715 Καὶ
1213 1661 1368 1714 τοῦδε
1394 1661 1505 1714 δεῖν
1541 1660 1604 1731 δή
1644 1678 1749 1731 φη-

1859 564 2100 619 videntia
2139 565 2365 636 dignum
2391 566 2581 621 haberi
2620 565 2792 620 dicit:
2830 584 2847 614 ι
2879 563 3175 629 Dominus,
3224 561 3436 631 inquit,

1857 654 2167 711 inhabitare
2202 656 2332 712 facit
2357 658 2520 711 unius
2550 656 2721 711 moris
2757 656 2809 709 in
2835 654 2998 709 domo
3021 654 3085 705 ".
3114 674 3129 704 ι
3161 652 3439 722 Dissipare

1854 746 2021 800 etiam
2077 747 2224 802 Deus
2260 747 2464 802 dicitur
2513 762 2635 802 ossa
2678 746 2995 801 hominibus
3054 744 3431 814 placentium:

1856 836 1999 893 idem
2024 854 2242 909 quoque
2281 840 2475 895 vitium
2497 840 2698 895 Paulus
2732 848 3055 894 exsecratur
3072 878 3085 901 ,
3113 853 3238 891 cum
3263 836 3396 890 dicit
3419 853 3431 886 :

1863 949 1879 979 ι
1913 930 2071 984 Modo
2093 931 2244 986 enim
2270 930 2590 987 hominibus
2614 931 2817 987 suadeo
2836 971 2851 996 ,
2878 946 2946 985 an
2988 930 3132 984 Deo?
3158 944 3227 983 an
3250 944 3435 998 quacro

1854 1020 2171 1077 hominibus
2212 1022 2463 1092 placere?
2485 1024 2531 1078 si
2568 1022 2749 1077 adhuc
2788 1021 3107 1076 hominibus
3129 1021 3430 1090 placerem,

1854 1114 2063 1169 Christi
2088 1131 2282 1171 servus
2303 1131 2410 1170 non
2435 1131 2612 1170 essem
2643 1116 2705 1168 δ’.
2734 1134 2751 1165 ι

1923 1203 2119 1258 PALL.
2143 1202 2243 1259 Cui
2266 1220 2395 1259 vero
2412 1220 2521 1259 non
2539 1203 2917 1258 sitobscurum
2939 1244 2958 1267 ,
2978 1202 3111 1272 quin
3132 1202 3431 1259 absurdum

1853 1308 1985 1349 sane
2015 1301 2071 1348 et
2112 1310 2143 1348 a
2192 1293 2497 1349 rectissima
2540 1293 2763 1349 vivendi
2805 1293 2991 1363 regula
3034 1292 3431 1348 alienissimum

1852 1385 2057 1456 duplici
2082 1387 2265 1441 animo
2286 1401 2407 1442 esse
2422 1427 2437 1451 ,
2469 1401 2534 1442 ac
2555 1385 2855 1441 simulare?

1924 1476 2081 1532 CYR.
2109 1476 2368 1531 Perfecta:
2414 1477 2577 1547 igitur
2616 1474 2935 1538 charitatis,
2961 1482 3017 1527 et
3060 1489 3181 1543 qua:
3222 1472 3428 1545 justum

1852 1570 2167 1639 bonumque
2184 1569 2365 1624 virum
2383 1568 2594 1635 deceat,
2619 1569 2832 1623 fructus
2852 1576 2958 1633 est,
2993 1584 3024 1623 a
3043 1566 3170 1621 dolo
3191 1567 3431 1622 alienum

1850 1676 1992 1715 esse.
2028 1661 2119 1715 Ait
2145 1661 2331 1731 itaque
2356 1661 2440 1717 lex
2468 1662 2751 1717 hominem
2770 1662 2995 1732 justitiae
3033 1662 3192 1733 plane
3215 1662 3429 1717 studio-

185 1758 318 1813 σινὸ
356 1756 543 1828 νόμος,
598 1758 687 1810 τόν
753 1773 817 1824 γε
864 1755 940 1819 ὡς
988 1753 1204 1826 ἀληθῶς
1254 1754 1353 1823 τῆς
1404 1750 1748 1823 δικαιοσύνης

1856 1769 1978 1807 sum
2001 1761 2058 1808 et
2083 1752 2341 1808 fraterna:
2368 1753 2654 1808 cltaritatis
2679 1761 2954 1808 amantem
2978 1754 3290 1809 existimare
3329 1754 3428 1808 dc-

184 1847 529 1920 ὲπιμελητὴν,
568 1848 663 1901 καὶ
691 1848 914 1917 ἀγάπης
953 1847 1052 1916 τῆς
1087 1848 1165 1909 είς
1198 1844 1459 1915 ἀδελφοὺς
1486 1842 1742 1915 ἐραστὴν,

1854 1846 2019 1912 bere,
2058 1846 2133 1901 ita
2175 1848 2295 1918 ejus
2338 1847 2418 1901 rei
2459 1846 2686 1917 gloriam
2712 1861 2833 1901 esse
2858 1846 3184 1916 perfectam,
3230 1845 3276 1901 si
3319 1861 3431 1900 non

183 1938 347 2009 ὀρθῶς
388 1938 534 2010 ἔχειν
568 1938 777 1992 οἴεσθαι
805 1937 904 2007 τὴν
937 1936 1031 1988 ἐπὶ
1052 1935 1188 2006 τῷδε
1221 1935 1400 2000 δόξαν,
1434 1933 1536 1987 οὐκ
1586 1934 1746 2005 εἴπερ

181 2032 331 2095 αὐτός
373 2048 439 2085 τε
482 2033 576 2085 καὶ
610 2031 769 2102 μόνος
809 2031 1125 2101 παραιτοϊτο
1154 2028 1379 2091 ἀδικεῖν,
1406 2026 1523 2082 ἀλλ’
1549 2029 1599 2080 εί
1653 2029 1748 2082 καὶ

180 2124 385 2194 γένοιτο
430 2122 726 2193 παιδευτὴς
787 2123 882 2173 καὶ
926 2120 1035 2175 τῶν
1094 2118 1241 2173 κατὰ
1286 2117 1443 2186 γένος
1494 2117 1744 2181 οἰκείων,
1784 2130 1787 2131 ⁷

178 2218 333 2285 ῆγουν
381 2213 504 2268 καθ’
558 2212 745 2283 ἕτερόν
794 2226 916 2264 τινα
951 2210 1152 2282 τρόπον
1208 2208 1376 2277 ἐγγὺς
1419 2206 1743 2275 γεγονότων,

180 2306 352 2361 καὶτὸ
405 2307 508 2377 τῆς
537 2305 674 2378 πρὸς
710 2304 872 2358 αὐτὸν
905 2302 1241 2372 οἰκειότητος
1277 2298 1455 2369 ὄνομα
1505 2298 1745 2353 πεπλου-

178 2400 435 2470 τηκότων.
486 2398 781 2469 Παρεγγυᾷ
806 2396 864 2450 δὲ
910 2396 1006 2451 καὶ
1030 2397 1058 2449 6
1090 2392 1300 2456 Παῦλος
1349 2391 1441 2445 τὸν
1476 2390 1744 2461 ἐπιμελη-

180 2490 393 2559 σόμενον
436 2488 785 2559 Ἐκκλησίας,
844 2486 1011 2541 τέκνα
1055 2485 1201 2556 ἔχειν
1246 2484 1305 2536 ὲν
1347 2484 1615 2555 ὑποταγῇ,
1650 2483 1746 2537 καὶ

177 2579 443 2646 ἀπόδειξιν
472 2579 534 2633 τὸ
586 2579 825 2648 πρᾶγμα
849 2578 947 2647 τῆς
997 2577 1223 2647 ἐνούσης
1260 2576 1409 2645 αύτῴ
1443 2575 1744 2638 ἐπιεικείας

178 2672 265 2725 καὶ
300 2671 396 2742 μὴ,
436 2672 672 2724 ποιεῖται
700 2669 877 2737 λέγων
904 2685 919 2701 ο
950 2684 975 2721 ι
1010 2666 1074 2721 El
1100 2668 1156 2721 δέ
1183 2685 1266 2732 τις
1294 2667 1386 2721 τοῦ
1429 2667 1559 2719 ίδίου
1593 2668 1743 2720 οἴκου

176 2760 476 2834 προστῆναι
507 2760 609 2813 οὐκ
640 2754 772 2824 οἵδε,
802 2759 919 2822 πῶς
954 2757 1282 2829 Ἐκκλησίας
1303 2757 1440 2811 Θεοῦ
1475 2756 1742 2826 ἐπιμελή-

178 2870 357 2919 σεται;
391 2871 412 2903 ι
449 2850 551 2905 Διά
570 2849 728 2904 τοῦτό
748 2866 913 2921 φησιν
940 2851 968 2903 6
987 2848 1147 2919 νόμος
1170 2848 1247 2912 ὡς
1276 2849 1335 2901 ὲν
1363 2847 1743 2918 παραδείγμα-

175 2964 259 3010 τος
288 2945 503 3017 τρόπῳ,
535 2943 627 2998 καὶ
672 2940 937 3013 ἐναργοῦς
966 2941 1174 3004 εἰκόνος
1194 2957 1208 2970 ·
1266 2959 1285 2992 ι
1336 2939 1460 2993 Ἐὰν
1495 2940 1552 2993 δὲ
1576 2957 1744 3011 κεραη

173 3038 290 3109 τίσῃ
334 3035 544 3107 ταῦρος
588 3034 757 3105 ἄνδρα
787 3032 820 3104 ἢ
855 3034 1108 3101 γυναῖκα,
1144 3031 1239 3085 καὶ
1274 3030 1541 3103 ἀποθάνῃ,
1574 3030 1744 3096 λίθοις

1848 1936 1965 2006 ipse
2008 1937 2275 1992 duntaxat
2308 1938 2466 2002 vitet,
2490 1952 2558 1991 ne
2590 1936 2747 1992 alteri
2778 1944 3001 2002 noceat;
3029 1937 3124 1992 sed
3164 1938 3330 1992 etiam
3363 1953 3428 1993 ea

1848 2026 1979 2082 inre
2005 2027 2219 2082 caeteris
2244 2028 2502 2099 magister
2536 2028 2636 2093 sit,
2662 2028 2757 2098 qui
2796 2029 2882 2083 vel
2925 2044 3123 2100 genere
3148 2030 3427 2099 conjuncti

1847 2130 2006 2185 sunt,
2031 2122 2118 2177 vel
2163 2121 2272 2176 alio
2294 2121 2492 2191 quovis
2528 2122 2690 2177 modo
2713 2123 2867 2177 illum
2914 2124 3223 2195 attingunt,
3249 2132 3305 2177 et
3349 2122 3427 2177 illi

1848 2220 1977 2267 sunt
2006 2211 2428 2268 necessitudinis
2450 2212 2672 2268 nomine
2696 2212 2953 2269 devincti.
2983 2214 3234 2285 Praecipit
3261 2215 3428 2269 etiam

1847 2304 2081 2368 Paulus,
2115 2312 2208 2368 ut,
2245 2304 2340 2374 qui
2377 2304 2635 2360 Ecclesia:
2678 2319 2865 2360 curam
2901 2313 2985 2360 est
3016 2305 3337 2370 habiturus,
3368 2306 3429 2359 li-

1846 2395 1950 2450 lios
1980 2396 2182 2451 habeat
2218 2397 2525 2467 subjectos,
2543 2407 2599 2452 et
2625 2412 2690 2452 ea
2720 2413 2779 2452 re
2806 2405 3063 2468 tanquam
3108 2408 3428 2469 argumento

1845 2487 2049 2551 utitur,
2090 2502 2200 2557 quo
2223 2487 2486 2557 probetur
2505 2526 2521 2552 ,
2563 2487 2704 2542 sitne
2727 2487 2785 2542 in
2812 2502 2877 2542 eo
2897 2503 3109 2543 morum
3146 2490 3390 2559 probitas
3410 2531 3435 2563 ,η

1846 2594 2056 2644 necne,
2106 2593 2234 2633 cum
2270 2578 2405 2633 dicit
2447 2596 2459 2631 :
2521 2597 2539 2631 ι
2586 2578 2641 2633 Si
2691 2578 2815 2648 quis
2856 2589 3039 2635 autem
3074 2580 3261 2636 domui
3315 2598 3430 2638 sua:

1848 2686 2079 2742 praeesse
2116 2670 2327 2733 nescit,
2359 2669 2635 2739 quomodo
2673 2670 2930 2726 Ecclesia:
2969 2671 3063 2727 Dei
3089 2670 3429 2744 diligentiam

1847 2761 2073 2818 habebit
2096 2761 2175 2814 3'?
2209 2780 2227 2812 ι
2284 2761 2469 2831 Itaque
2500 2761 2587 2815 lex
2621 2761 2690 2815 ob
2732 2776 2854 2815 eam
2901 2777 3143 2831 causam,
3172 2774 3430 2835 tanquam

1846 2852 1915 2908 ad
1945 2851 2324 2907 similitudinis
2367 2862 2425 2907 et
2464 2851 2735 2907 evidentis
2763 2852 3014 2924 imaginis
3046 2856 3301 2922 modum,
3337 2858 3430 2914 in-

1844 2945 1965 3015 quit
1994 2962 2007 2998 :
2044 2962 2060 2995 ι
2095 2943 2153 2999 Si
2181 2959 2353 2999 cornu
2397 2944 2732 3015 percusserit
2762 2952 2950 3001 taurus
2978 2946 3158 3001 virum
3191 2950 3277 3003 vel
3303 2966 3428 3004 mu-

1845 3037 2035 3094 lierem
2055 3076 2070 3101 ,
2100 3046 2156 3092 et
2181 3036 2479 3101 occiderit,
2512 3035 2791 3105 lapidibus
2831 3038 3095 3093 obruetur
3121 3047 3338 3104 taurus,
3371 3050 3431 3096 et

174 3116 651 3199 λιθοϐοληθήσεται
698 3127 728 3178 6
773 3123 991 3196 ταῦρος,
1028 3124 1123 3177 καὶ
1167 3124 1227 3177 οὐ
1280 3122 1620 3195 βρωθήσεται
1675 3123 1745 3176 τὰ

1854 3146 2041 3185 carnes
2077 3131 2197 3201 ejus
2224 3144 2333 3184 non
2365 3128 2726 3184 comedentur
2745 3169 2759 3195 ,
2791 3129 3049 3187 dominus
3076 3143 3258 3188 autem
3287 3136 3429 3189 tauri

175 3221 306 3292 κρέα
327 3218 522 3283 αὑτοῦ,
549 3218 579 3271 6
607 3217 665 3271 δὲ
701 3214 890 3288 κύριος
932 3214 1026 3268 τοῦ
1060 3213 1265 3286 ταύρου
1322 3214 1496 3278 ἀθῶος
1552 3213 1741 3268 ἔσται’

175 3312 265 3366 ἐὰν
292 3311 350 3365 δὲ
376 3312 407 3365 6
446 3308 650 3381 ταῦρος
675 3306 1002 3379 κερατιστὴς
1102 3307 1211 3377 πρὸ
1237 3306 1338 3377 τῆς
1367 3304 1492 3377 χθὲς
1521 3306 1616 3359 καὶ
1640 3305 1746 3376 πρὸ

173 3405 268 3473 τῆς
305 3402 528 3475 τρίτης,
570 3400 666 3455 καὶ
715 3398 1193 3473 διαμαρτύρωνται
1234 3398 1314 3469 τῷ
1355 3398 1531 3469 κυρίῳ
1558 3395 1745 3464 αὑτοῦ,

174 3495 363 3567 καὶμὴ
389 3493 635 3565 ἀφανίσῃ
676 3492 861 3557 αὑτὸν,
912 3491 1081 3564 ἀνέλῃ
1107 3491 1164 3545 δὲ
1215 3490 1381 3561 ἄνδρα
1410 3492 1444 3559 ἢ
1490 3493 1745 3560 γυναῖκα,

173 3590 200 3641 6
221 3587 420 3658 ταῦρος
464 3584 963 3656 λιθοϐοληθήσεται,
993 3584 1087 3638 καὶ
1115 3584 1145 3636 6
1182 3582 1369 3655 κύριος
1388 3582 1552 3637 αὐτοῦ
1578 3600 1747 3655 προσ-

174 3680 527 3734 ἀποθανεῖται
554 3693 568 3707 ⁸
600 3677 696 3731 ἐὰν
736 3676 795 3730 δὲ
843 3677 1015 3746 λύτρα
1062 3675 1330 3746 ἐπιϐληθῇ
1376 3674 1547 3746 αὐτῷ,
1587 3675 1748 3729 δώσει

172 3772 338 3844 λύτρα
356 3771 465 3842 τῆς
498 3769 677 3840 ψυχῆς
708 3768 898 3832 αὑτοῦ,
928 3768 1029 3822 ὅσα
1078 3767 1175 3823 ἐὰν
1210 3767 1541 3822 ἐπιϐάλωσιν
1573 3768 1744 3839 αὐτῷ.

184 3861 305 3915 Ἐάν
340 3861 397 3917 δὲ
431 3862 550 3915 υἱὸν
582 3861 616 3932 ἢ
664 3859 938 3931 θυγατέρα
983 3858 1247 3931 κερατίσῃ
1274 3858 1303 3911 6
1357 3859 1576 3930 ταῦρος,
1608 3858 1751 3913 κατὰ

170 3954 228 4007 τὸ
257 3954 541 4022 δικαίωμα
573 3950 729 4005 τοῦτο
771 3950 1086 4021 ποιήσουσιν
1118 3948 1287 4020 αὐτῷ.
1334 3948 1458 4003 Ἐἀν
1490 3949 1547 4003 δὲ
1583 3948 1750 4002 παῖδα

174 4045 436 4117 κερατίσῃ
459 4045 491 4114 ἥ
524 4043 836 4112 παιδίσκην,
865 4041 1132 4113 ἀργυρίου
1155 4041 1451 4111 τριάκοντα
1476 4041 1749 4113 δίδραχμα

170 4136 327 4189 δώσει
350 4136 432 4205 τῷ
464 4134 635 4205 κυρίῳ
666 4130 867 4199 αὐτῶν,
893 4133 988 4186 καὶ
1037 4133 1065 4185 6
1092 4130 1294 4200 ταῦρος
1338 4130 1751 4203 λιθοϐοληθήσεο

172 4243 277 4281 ται.
312 4248 331 4281 ι
370 4224 526 4297 ’Δρά
549 4243 632 4279 σοι
656 4226 825 4295 σαφὲς
852 4226 915 4278 τὸ
937 4223 1353 4295 χρησμῴδημας

238 4405 456 4461 ῙῙΔΔΔ.
482 4407 559 4461 Οὐ
586 4406 810 4477 σφόδρα.

1851 3223 2117 3278 innocens
2149 3221 2290 3286 erit;
2331 3221 2376 3276 si
2419 3228 2601 3275 autem
2642 3229 2834 3276 taurus
2880 3234 3177 3293 cornupeta
3225 3225 3426 3292 fuerit,

1848 3323 1976 3371 ante
2022 3315 2344 3370 hesternum
2365 3322 2421 3369 et
2444 3322 2571 3368 ante
2598 3312 2825 3368 tertium
2848 3313 2994 3369 diem
3013 3352 3028 3380 ,
3058 3325 3114 3371 et
3143 3318 3427 3386 protestati

1846 3403 2053 3457 fuerint
2077 3402 2301 3457 domino
2331 3402 2450 3472 ejus
2469 3441 2485 3467 ,
2510 3410 2565 3457 et
2587 3418 2694 3457 non
2717 3402 3067 3460 absconderit
3093 3421 3240 3471 eum,
3261 3407 3429 3462 inter-

1845 3495 2041 3551 fecerit
2086 3505 2269 3553 autem
2312 3494 2493 3551 virum
2532 3494 2619 3548 vel
2668 3494 2985 3560 mulierem,
3026 3495 3186 3567 247
3239 3506 3429 3553 taurus

1847 3587 2217 3659 lapidabitur,
2266 3596 2324 3644 et
2368 3585 2624 3643 dominus
2659 3586 2778 3656 ejus
2824 3585 3049 3656 insuper
3110 3588 3424 3643 morietur:

1848 3680 1994 3750 quod
2021 3680 2067 3734 si
2091 3679 2326 3750 pretium
2349 3694 2450 3749 pro
2480 3677 2856 3748 redemptione
2888 3692 2987 3733 sua
3019 3678 3071 3733 ei
3109 3679 3427 3749 impositum

1847 3771 2051 3835 fuerit,
2090 3771 2243 3827 dabit
2289 3772 2524 3841 pretium
2558 3785 2658 3839 pro
2706 3770 2888 3824 anima
2919 3785 3037 3833 sua,
3064 3770 3430 3843 quodcunque

1850 3862 2214 3932 imposuerint
2252 3862 2351 3916 illi.
2396 3859 2550 3929 Quod
2591 3860 2636 3915 si
2662 3859 2833 3914 ﬁlium
2856 3867 2953 3914 aut
2980 3859 3146 3915 ﬁliam
3168 3863 3431 3919 cornibus

1852 3954 2077 4025 petierit
2114 3961 2323 4015 taurus,
2367 3950 2669 4006 secundum
2707 3949 2955 4005 eamdem
2982 3950 3428 4020 justiﬁcationem

1851 4043 2053 4099 facient
2082 4044 2133 4098 ei
2163 4061 2175 4097 :
2204 4042 2350 4112 quod
2395 4042 2441 4096 si
2491 4057 2711 4096 servum
2756 4041 3018 4097 cornibus
3062 4042 3283 4112 petierit
3340 4046 3429 4102 vel

1851 4136 2135 4199 ancillam,
2179 4133 2333 4188 dabit
2368 4133 2591 4187 domino
2625 4147 2818 4186 eorum
2863 4132 3087 4204 triginta
3123 4135 3287 4190 siclos
3333 4153 3427 4191 ar~

1852 4226 2036 4296 genti,
2068 4233 2124 4279 et
2160 4232 2350 4279 taurus
2387 4223 2718 4293 lapidabitur
2739 4225 2804 4276 “.
2838 4243 2856 4274 ι
2890 4224 3032 4279 Num
3062 4235 3312 4295 apertum
3342 4238 3427 4284 est

1856 4317 1952 4371 tibi
2004 4318 2109 4371 hoc
2145 4316 2243 4371 Dei
2283 4316 2637 4385 responsum?

1923 4407 2116 4462 PALL.
2143 4407 2260 4460 Non
2289 4405 2580 4459 admodum
2609 4420 2759 4460 sane.

238 4499 409 4553 ΚΥΡ.
445 4496 639 4569 ’Δθρει
682 4496 747 4567 δὴ
788 4490 881 4550 οὖν
925 4497 955 4551 ὅ
1001 4513 1166 4567 φημι,
1223 4495 1317 4550 καὶ
1366 4496 1472 4568 πρό
1530 4513 1592 4565 γε
1639 4496 1748 4550 τῶν

1918 4497 2074 4552 CYR.
2102 4494 2337 4550 Attende
2371 4495 2565 4565 igitur,
2590 4494 2731 4565 quod
2762 4494 3008 4551 dicturus
3046 4511 3196 4562 sum,
3220 4507 3278 4553 et
3300 4508 3426 4553 ante

173 4589 345 4643 ἄλλων
390 4590 476 4654 είς
507 4587 632 4643 νοῦν
653 4587 745 4658 ἔχε
794 4587 887 4641 τὸν
923 4586 1216 4660 ίερὼτατον
1262 4587 1495 4652 Παῦλον,
1522 4588 1620 4641 ὡδὶ
1656 4605 1748 4656 γε-

173 4681 463 4752 γραφότα·
498 4698 519 4733 ι
562 4680 655 4752 Μὴ
686 4679 798 4733 τῶν
848 4679 984 4750 βοῶν
1042 4678 1195 4750 μέλει
1243 4678 1321 4750 τῷ
1368 4678 1524 4750 Θεῷ;
1574 4681 1644 4733 Ἦ
1683 4679 1747 4733 δι’

173 4773 319 4842 ἡμᾶς
344 4773 572 4836 πάντως
595 4772 776 4840 λέγεις
810 4791 830 4824 ι
868 4771 1067 4842 Ταύρῳ
1103 4772 1168 4841 δὴ
1190 4768 1282 4825 οὗν
1315 4771 1638 4843 παρεικάζει
1658 4772 1748 4825 τὸν

171 4864 442 4938 ὑϐριστήν
465 4882 526 4919 τε
554 4866 647 4919 καὶ
672 4863 926 4929 ἀλαζόνα,
954 4865 1047 4917 καὶ
1078 4864 1418 4918 πλεονεκτεῖν
1460 4866 1712 4935 ἰσχύοντα
1731 4903 1745 4923 η

169 4960 384 5029 Γαῦρον
439 4956 552 5027 γάρ
591 4956 677 5010 ἀεί
717 4956 834 5019 πώς
872 4957 989 5009 ἐστι
1027 4955 1121 5008 καὶ
1166 4955 1445 5025 ἀγέρωχον
1486 4954 1549 5007 τὸ
1587 4954 1747 5020 ζῶον,

169 5053 264 5106 καὶ
325 5050 617 5106 πάνδεινον
672 5049 751 5113 είς
800 5047 993 5118 ἀλκὴν,
1044 5047 1137 5101 καὶ
1184 5045 1461 5100 δύσοιστον
1495 5044 1607 5116 ἔχει
1652 5046 1750 5116 τὴν

170 5145 382 5214 ἔφοδον.
414 5142 524 5196 Τὸν
554 5142 619 5211 δὴ
664 5138 923 5205 τοιοῦτον,
955 5140 1261 5208 είίγένοιτο,
1314 5140 1496 5209 φησὶν,
1531 5141 1747 5204 οίκεῑος,

169 5237 264 5290 καὶ⁸
291 5235 465 5289 οἱονεί
506 5250 623 5297 πως
670 5230 1101 5301 κατεζευγμένος
1150 5228 1258 5282 τῶν
1282 5229 1586 5300 δσιουργεῖν
1623 5232 1752 5300 ᾑρη-

1854 4590 1959 4645 alia
2017 4586 2388 4643 animadverte
2446 4586 2593 4641 beati
2650 4588 2803 4642 Pauli
2848 4588 3013 4645 verba
3076 4590 3367 4646 scribentis
3410 4610 3423 4646 :

1863 4698 1880 4730 ι
1920 4678 2177 4748 Nunquid
2212 4677 2279 4732 de
2305 4676 2484 4731 bobus
2517 4693 2648 4732 cura
2673 4686 2759 4733 est
2786 4679 2942 4733 Deo?
2966 4679 3046 4733 An
3074 4690 3297 4750 propter
3324 4699 3429 4737 nos

1855 4772 2079 4828 omnino
2112 4772 2246 4827 dicit
2274 4772 2355 4826 "?
2380 4792 2397 4824 ι
2425 4772 2606 4827 Tauro
2633 4771 2799 4842 igitur
2825 4781 3106 4842 comparat
3151 4774 3427 4830 hominem

1853 4864 2309 4921 contumeliosum
2344 4870 2402 4919 et
2452 4870 2822 4933 arrogantem,
2856 4872 2914 4918 et
2947 4866 3041 4933 qui
3072 4865 3179 4919 vim
3228 4866 3429 4920 inferre

1855 4957 2066 5029 possit:
2101 4956 2399 5027 superbum
2435 4965 2518 5011 est
2551 4955 2699 5010 enim
2741 4953 2856 5009 fere
2899 4962 2955 5009 et
3009 4957 3273 5012 tumidum
3326 4958 3429 5013 hoc

1855 5049 2085 5114 animal,
2114 5058 2172 5103 et
2196 5048 2263 5102 ad
2298 5062 2533 5117 pugnam
2560 5044 2989 5100 valentissimum
3008 5084 3023 5109 ,
3047 5047 3270 5115 ejusque
3322 5047 3430 5101 im-

1853 5148 2017 5210 petus
2053 5139 2281 5208 diﬁicile
2339 5136 2597 5192 sustineri
2645 5144 2843 5205 potest.
2906 5136 3185 5205 Ejusmodi
3245 5136 3430 5207 itaque

1856 5230 2167 5294 hominem,
2207 5228 2415 5298 inquit,
2447 5227 2492 5282 si
2538 5225 2870 5281 domesticus
2912 5223 3111 5287 fuerit,
3158 5234 3213 5279 et
3257 5226 3427 5282 veluti

175 5324 356 5395 μένων
402 5324 535 5386 τινὶ,
583 5321 914 5394 παραλύσειέ
955 5338 1036 5383 τε,
1090 5320 1289 5391 μᾶλλον
1344 5319 1400 5372 δὲ
1446 5322 1538 5372 καὶ
1574 5320 1748 5374 ἀνέλοι

1858 5324 2139 5393 subjectus
2161 5321 2321 5377 alicui
2341 5322 2433 5390 pio
2464 5321 2723 5390 justoque
2758 5317 2876 5370 viro
2895 5357 2910 5379 ,
2939 5333 3003 5372 ac
3022 5318 3390 5373 debilitaverit
3409 5360 3423 5383 ,

176 5417 314 5480 τινὰ,
358 5416 714 5484 καταχωννὺς
745 5412 886 5484 τάχα
923 5430 1027 5465 που
1068 5415 1187 5475 ταῖς
1230 5410 1584 5476 πλεονεξίαις,
1615 5411 1752 5463 ἀπο-

176 5507 423 5561 τιννῦναι
472 5505 624 5576 δίκην
669 5507 767 5576 τὴν
800 5507 887 5559 ἐπ’
925 5504 1073 5574 αὑτῷ
1107 5503 1321 5573 θανάτῳ
1374 5503 1706 5574 προστέταχε
1735 5520 1748 5533 ·

1857 5503 2043 5571 iniqua
2103 5510 2399 5572 potestate,
2448 5499 2744 5555 admissum
2791 5499 2993 5554 crimen
3054 5510 3227 5555 morte
3277 5502 3431 5557 luere

173 5596 376 5668 χρῆναι
434 5595 543 5666 ἔφη
590 5596 928 5649 λιθόλευστον
978 5594 1255 5664 τελευτᾷν.
1302 5592 1661 5645 ’Υποκλέπτει
1694 5591 1748 5643 δὲ

1854 5592 2350 5664 jussitzlapidibus
2365 5605 2598 5659 namque
2622 5590 2759 5643 mori
2785 5606 2910 5645 eum
2944 5601 3197 5661 oportere
3230 5591 3428 5661 inquit.

242 5784 284 5813 ⁸¹
318 5780 472 5837 Psal.
497 5796 655 5847 van,
691 5782 741 5835 7.
826 5781 868 5811 ⁵³
896 5778 1066 5835 Galat.
1094 5793 1132 5842 ι,
1160 5776 1242 5830 -l0.
1305 5776 1349 5807 ⁵⁵
1375 5774 1547 5829 lTim.
1575 5776 1717 5840 "1,3.
1768 5774 2007 5829 “Exod.
2039 5790 2145 5838 χχι,
2179 5772 2360 5827 28-52.
2456 5772 2688 5829 "ICor.
2715 5790 2787 5839 ιχ,
2818 5775 2870 5839 9,
2917 5774 2981 5828 10

1858 5415 1969 5469 imo
2001 5429 2132 5469 vero
2170 5413 2333 5467 etiam
2361 5410 2624 5465 occiderit
2669 5409 2977 5478 quempiam
2999 5450 3012 5475 ,
3037 5410 3277 5466 obruens
3301 5427 3430 5467 eum
3544 5434 3550 5442 -
