3998 6522
558 340 569 353 ί
597 375 705 431 527

1542 354 1543 357 ‘
1624 374 1679 429 s.
1719 370 1994 429 evrum
2032 372 2504 430 ALEXANDRINI
2540 374 2861 436 ARCHIEP.

3700 390 3779 446 523

599 487 886 543 Subtrabit
908 494 1088 541 autem
1117 485 1185 539 ab
1223 485 1324 539 hac
1347 499 1506 554 pmna
1532 498 1925 553 possessorem,
1950 484 1997 538 si
2034 483 2169 538 illius

2284 488 2381 558 τῆς
2400 489 2567 560 ὀργῆς
2600 490 2691 543 τὸν
2717 489 3075 562 κεκτημένον,
3109 490 3155 542 εἰ
3194 491 3266 561 μὴ
3303 494 3401 563 τῆς
3431 494 3700 564 πλεονεξίας
3729 511 3779 559 ιε.

600 584 817 653 iniquos
842 595 1022 635 mores
1053 577 1361 649 ignorabat,
1394 586 1449 631 et
1472 575 1728 644 nequitia:
1749 575 1932 629 socius
1952 576 2175 630 minime

597 673 762 726 fuisse
786 668 1227 739 deprehendatur
1253 684 1269 718 :
1293 680 1473 734 neque
1495 664 1641 719 enim
1672 664 1903 719 aliorum
1942 664 2175 718 crimina

596 770 781 817 nostra
806 768 965 823 sunt,
992 759 1033 814 si
1060 758 1198 813 clam
1224 757 1384 811 nobis
1406 756 1786 810 admittantur.
1811 756 1966 810 Vesci
1993 765 2177 809 autem

596 852 737 907 tauri
772 851 1031 906 carnibus
1064 856 1213 904 vetat
1240 866 1252 900 :
1282 848 1334 902 in
1359 864 1470 918 quo
1506 864 1616 903 non
1649 856 1904 917 oportere
1944 847 2177 901 aliorum

595 940 925 1011 impuritatis
975 954 1095 993 esse
1137 946 1456 1001 consortes,
1503 938 1605 992 sub
1647 938 1904 993 vescendi
1952 938 2178 1007 partici-

594 1031 865 1103 pandique
917 1030 1087 1102 ﬁgura
1133 1031 1371 1083 latenter
1403 1029 1719 1100 signiﬁcat:
1755 1044 1936 1083 annon
1992 1037 2180 1099 aperte

593 1124 696 1179 hoc
716 1122 875 1176 oillud
914 1132 999 1178 est
1031 1140 1044 1175 :
1087 1142 1103 1172 ι
1136 1122 1211 1176 Te
1239 1122 1420 1191 ipsum
1451 1129 1662 1176 castum
1710 1121 1955 1186 custodi,
2000 1130 2055 1176 et
2111 1137 2179 1176 ne

591 1213 1085 1271 communicavcris
1120 1213 1361 1283 peccatis
1386 1213 1584 1267 alienis
1604 1213 1684 1266 ⁵⁸⁸2
1707 1233 1725 1264 ι

662 1302 859 1358 PALL.
887 1303 1117 1357 Maxime
1142 1318 1292 1357 vero.

660 1395 815 1451 ΟΥΕ.
856 1394 1032 1449 Simul
1066 1404 1248 1449 autem
1279 1410 1404 1449 cum
1449 1405 1608 1449 tauro
1649 1393 1935 1449 dominum
1960 1410 2180 1465 quoque

593 1487 839 1541 damnari
875 1486 1150 1550 decernit,
1199 1487 1243 1541 si
1277 1487 1535 1557 injuriam
1580 1486 1786 1541 illatam
1829 1487 2085 1550 sciverit,
2126 1497 2181 1541 et

593 1577 743 1633 illius
790 1578 1138 1647 iniquitatem
1175 1593 1285 1631 non
1326 1578 1606 1649 ignorasse
1653 1590 1983 1650 coarguatur
2013 1596 2025 1632 :
2054 1596 2180 1634 nam

593 1685 751 1741 posse
778 1670 999 1741 quidem
1026 1670 1246 1740 iniquos
1269 1687 1453 1727 mores
1481 1687 1737 1727 coercere
1757 1714 1770 1737 ,
1796 1680 1850 1726 et
1889 1673 1958 1727 ab
1981 1673 2180 1744 injuria

594 1764 752 1817 facile
788 1764 1106 1833 prohibere,
1134 1764 1228 1819 sed
1259 1764 1439 1819 facere
1468 1765 1612 1818 nolle
1632 1806 1646 1829 ,
1688 1765 1852 1835 idque
1876 1766 2179 1835 przesertim

2281 580 2394 651 δείη
2425 581 2514 634 τὸν
2540 582 2763 653 τρόπον,
2794 582 2927 654 μηδὲ
2968 583 3069 654 τῆς
3134 584 3340 639 ἐκείνου
3383 588 3678 659 φαυλότητος
3698 596 3779 650 ἁλί.

2284 689 2466 725 σκοιτο
2493 675 2747 737 κοινωνός
2766 692 2779 705 ο
2798 676 2860 727 οὐ
2881 673 2991 746 γὰρ
3003 676 3037 746 η
3044 676 3161 745 μῶν
3195 676 3360 748 ὲγκλή
3370 696 3505 748 ματα
3525 682 3586 735 τὰ
3609 685 3779 756 ἑτέρων,

2281 766 2329 817 εί
2351 765 2583 837 λαθραῖα
2609 766 2817 833 γένοιτο
2843 768 3023 837 τυχόν.
3068 766 3299 821 Ἐσθίειν
3324 769 3367 822 δ’
3389 771 3483 823 οὐκ
3510 773 3567 842 ἐᾷ
3585 774 3667 827 τοῦ
3684 778 3779 832 ταῦ·

2283 874 2377 929 ρου
2402 858 2469 911 τὰ
2499 859 2659 929 κρέα,
2684 858 2743 911 τό
2771 875 2852 911 τοι
2889 858 2964 929 μὴ
2994 862 3188 929 χρῆναι
3225 860 3537 930 μεταλαχεῖν
3580 868 3661 933 τῆς
3697 868 3781 921 ἑτέ-

2283 964 2392 1019 ρων
2420 948 2775 1019 ἀκαθαρσίας,
2807 949 2882 1013 ὡς
2911 951 2969 1001 ὲν
3002 948 3158 1019 τύπῳ
3202 949 3280 1019 τῷ
3309 950 3447 1002 κατά
3494 951 3582 1022 τὴν
3628 954 3781 1025 βρῶσιν

2281 1038 2373 1092 καὶ
2388 1038 2483 1110 τὴν
2508 1040 2669 1092 οἱονεὶ
2692 1039 2908 1110 μέθεξιν
2930 1039 3243 1092 ὑποωπῶνθ
3268 1034 3354 1109 ἆρ’
3375 1038 3493 1108 οὐχὶ
3516 1041 3652 1094 τοῦτό
3672 1046 3782 1099 ἐστιν

2280 1130 2544 1202 ἐναργῶς,
2581 1129 2661 1195 τὸ,
2700 1149 2717 1180 ι
2753 1129 2983 1182 Σεαυτὸν
3010 1130 3175 1197 ἁγνὸν
3212 1130 3391 1200 τήρει,
3429 1130 3517 1184 καὶ
3545 1131 3609 1202 μὴ
3638 1136 3781 1187 κοινώ-

2280 1238 2359 1276 νει
2393 1220 2690 1290 ἁμαρτίαις
2716 1219 3052 1289 ἀλλοτρίαις;
3088 1239 3106 1270 ι

2353 1312 2560 1364 ΠΑΛΛ.
2588 1311 2737 1364 Πάνυ
2766 1310 2866 1381 μὲν
2896 1306 3009 1363 οὖν.

2352 1402 2515 1455 ΚΥΡ.
2550 1402 3120 1468 Συγκαταδικάζεσθαι
3143 1402 3201 1454 δὲ
3220 1400 3299 1472 τῷ
3330 1399 3507 1471 μόσχῳ
3528 1402 3780 1459 δεδικαίωγλ

2279 1492 2369 1545 τὸν
2397 1492 2684 1562 δεσπότην.
2721 1493 2877 1563 εἰπερ
2903 1492 3069 1562 είδείη
3093 1492 3155 1544 τὸ
3185 1491 3581 1563 πλημμεληθὲν,
3606 1495 3683 1546 καὶ
3708 1514 3783 1565 μαι

2281 1583 2389 1637 θὼν
2429 1584 2703 1654 ἐλέγχοιτο
2749 1583 2846 1655 τὴν
2890 1584 3202 1649 πλεονεξίαν
3233 1598 3247 1613 ·
3298 1583 3360 1637 τὸ
3410 1584 3513 1657 γὰρ
3559 1585 3783 1657 ἀπίργειν

2280 1673 2539 1726 δύνασθαι
2558 1674 2655 1743 τῆς
2679 1672 2892 1736 ἀδικίας
2915 1674 3041 1736 τοὺς
3063 1673 3321 1744 τρόπους.
3354 1674 3447 1724 καὶ
3475 1676 3782 1729 κατακωλύειν

2282 1760 2339 1818 εὖ
2377 1764 2520 1835 μάλα
2546 1764 2607 1817 τὸ
2635 1763 2977 1835 πλημμελὲς,
3024 1759 3144 1818 εἶτα
3184 1763 3345 1816 τοῦτο
3377 1762 3502 1833 δρᾷν
3522 1764 3610 1817 οὐκ
3640 1766 3785 1837 ἀνέχευ

591 1869 658 1908 ex
710 1854 1009 1920 industria,
1064 1856 1462 1932 pmpemodum
1525 1856 1729 1911 indicat
1792 1857 2070 1911 hominem
2120 1857 2169 1910 in

2282 1857 2426 1918 σθαι.
2446 1860 2540 1910 καὶ
2560 1857 2677 1910 λίαν
2698 1855 3173 1925 ἐσπουδασμένως,
3209 1856 3489 1925 μονονουχὶ
3512 1858 3595 1910 καὶ
3621 1874 3783 1929 συνειρ-

591 1945 840 2001 faciendo
866 1948 1074 2001 socium
1101 1947 1297 2013 fuisse,
1330 1958 1385 2003 et
1424 1948 1569 2019 quod
1604 1947 1671 2002 ad
1710 1948 2048 2002 voluntatem
2069 1989 2083 2012 ,
2119 1958 2176 2004 et

590 2051 877 2093 commune
910 2039 1200 2094 consilium
1230 2040 1500 2110 pertinet,
1530 2055 1656 2095 eum
1693 2039 1791 2101 iis,
1834 2040 1930 2110 qui
1981 2048 2173 2095 contra

590 2130 670 2185 l'as
688 2131 967 2201 quidpiam
997 2133 1340 2187 committere
1375 2133 1547 2186 velint
1571 2174 1584 2196 ,
1624 2148 1846 2202 operam
1875 2149 2091 2203 quoque
2120 2134 2174 2187 in

588 2239 651 2279 ea
670 2240 736 2284 re
759 2240 914 2280 suam
931 2226 1183 2281 conferre
1207 2227 1466 2280 voluisse.
1491 2225 1775 2298 Ejusmodi
1800 2226 1967 2296 igitur
1988 2226 2173 2291 homo,

592 2315 798 2384 inquit,
830 2325 1007 2369 morte
1050 2317 1342 2381 multetur,
1384 2315 1491 2369 nisi
1538 2314 1776 2384 pretium
1801 2322 1856 2367 et
1894 2330 1994 2383 pro
2026 2317 2176 2385 ejus-

593 2406 740 2461 modi
784 2406 1111 2461 criminibus
1160 2406 1417 2461 admissis
1455 2407 1683 2460 multam
1739 2407 1954 2477 judices
1997 2407 2176 2476 impo-

592 2500 821 2554 suerint.
856 2499 1022 2571 248
1056 2499 1277 2570 Spectat
1298 2500 1447 2554 enim
1475 2501 1563 2553 lex
1609 2499 1677 2553 ad
1716 2499 2061 2554 clementiam
2084 2540 2097 2563 ,
2120 2506 2178 2553 et

593 2590 889 2645 voluntatis
919 2590 975 2644 in
997 2589 1276 2660 peccando
1299 2590 1614 2646 societatem
1632 2631 1646 2656 ,
1678 2596 1734 2644 et
1756 2590 1927 2644 solius
1948 2605 2177 2644 consen-

592 2680 763 2739 sionis
785 2698 1134 2737 concursum.
1170 2702 1189 2733 ι
1212 2682 1413 2737 Levius
1436 2683 1612 2751 punit,
1642 2682 1935 2751 siquidem,
1962 2681 2173 2750 inquit,

587 2774 803 2843 iudices
842 2774 915 2829 ita
952 2774 1291 2830 censuerint.
1324 2794 1342 2826 ι
1375 2774 1494 2829 Jam
1525 2774 1750 2845 ﬁguram
1774 2774 1958 2843 accipe
1990 2780 2175 2829 trans-

591 2866 755 2920 latam
776 2866 844 2922 ad
865 2866 1116 2923 veritatis
1135 2865 1619 2937 signiﬁcationem:
1646 2866 1736 2921 ille
1759 2867 1905 2920 enim
1930 2866 2177 2920 omnium

584 2959 754 3027 judex
796 2957 1117 3028 gravissima
1165 2957 1397 3013 crimina
1451 2968 1627 3013 morte
1679 2958 1955 3024 vindicat;
2007 2957 2178 3013 mittit

591 3061 773 3104 tamen
825 3063 921 3104 eos
961 3050 1055 3118 qui
1098 3049 1408 3120 peccarint,
1447 3049 1492 3103 si
1527 3049 1706 3119 pretia
1750 3048 2014 3115 oﬁ‘crant,
2049 3051 2174 3121 qui-

591 3144 695 3197 bus
721 3149 941 3212 peccata
970 3141 1254 3196 solvantur
1272 3182 1287 3206 ,
1317 3142 1584 3212 Iacrymas
1614 3140 1874 3196 nimirum
1900 3142 2175 3212 paaniten-

2277 1946 2548 2017 γασμένον
2578 1944 2868 2015 ἀποφαίνει
2904 1945 2995 1998 τὸν
3045 1944 3356 2014 ἄνθρωπον,
3408 1945 3497 1998 καὶ
3538 1944 3643 1998 ὅσον
3687 1942 3785 2018 ἧκεν

2277 2039 2356 2102 είς
2381 2038 2597 2106 θέλησιν
2617 2038 2709 2090 καὶ
2730 2036 3120 2089 ταυτοὸουλίαν
3137 2038 3249 2099 τοῖς
3269 2034 3544 2088 ἐθέλουσιν
3567 2037 3785 2107 ἀνοσιουρο

2276 2134 2395 2196 γεῖν
2423 2130 2518 2183 καὶ
2570 2131 2921 2183 συνεκπονεῖν
2963 2127 3260 2200 ᾑρημένον.
3320 2128 3565 2183 Τεθνάτω
3598 2129 3652 2199 δὴ
3677 2126 3785 2184 οὖνὸ

2278 2221 2502 2284 τοιόσδε,
2536 2221 2719 2291 φησὶν,
2776 2219 2917 2291 πλὴν
2964 2221 3010 2271 εί
3061 2220 3135 2290 μὴ
3169 2219 3344 2290 λύτρα
3393 2219 3484 2273 καὶ
3538 2221 3624 2283 τὰς
3661 2221 3705 2273 ἐν
3741 2238 3786 2287 τε

2274 2311 2484 2375 τούτοις
2514 2310 2716 2381 ζημίας
2746 2310 2984 2364 ἐπιθεῖεν
3007 2312 3056 2363 oi
3089 2309 3296 2380 κριταί.
3326 2309 3519 2363 sum
3550 2310 3599 2364 δὲ
3622 2313 3646 2362 ό
3668 2311 3787 2380 νόμος

2276 2404 2416 2474 πρὸς
2445 2403 2507 2456 τὸ
2535 2403 2791 2474 χρηστὸν,
2821 2404 2918 2457 καὶ
2954 2402 3275 2473 συνθέλησιν
3313 2403 3415 2473 τὴν
3450 2405 3524 2465 είς
3556 2404 3783 2474 ἁμαρτίαν,

2278 2496 2371 2548 καὶ
2418 2493 2494 2557 ὡς
2542 2496 2601 2547 ἑν
2645 2492 2774 2564 ψιλῇ
2822 2494 3127 2547 συναινέσει
3184 2494 3508 2564 συνδρομήν.
3566 2513 3583 2545 ι
3614 2494 3787 2560 Κολαζει

2277 2585 2386 2655 γὰρ
2431 2584 2817 2655 μετριώτερον,
2846 2584 3008 2654 εἴπερ
3038 2584 3281 2646 ἕλοιντο,
3301 2584 3484 2653 φησὶν,
3517 2586 3563 2637 οἱ
3588 2586 3746 2657 κριταί.
3770 2605 3785 2635 ι

2277 2676 2388 2728 Καὶ
2416 2675 2573 2745 δέχου
2608 2675 2700 2728 τὸν
2724 2674 2896 2727 τύπον
2946 2676 3027 2736 είς
3058 2673 3323 2745 ἀλήθειαν
3355 2689 3369 2704 ·
3404 2674 3691 2745 κατακρίνει
3718 2675 3788 2744 μὲν

2276 2767 2385 2837 γὰρ
2444 2766 2657 2837 θανάτῳ
2685 2766 2754 2819 τὰ
2796 2765 3127 2837 παγχάλεπα
3177 2767 3288 2819 τῶν
3320 2766 3789 2836 πλημμελημάτωνὰ

2277 2859 2495 2912 πάντων
2521 2860 2737 2930 κριτὴς,
2783 2858 2928 2929 πλὴν
2955 2858 3240 2930 προσίεται
3272 2860 3401 2921 τοὺς
3442 2858 3787 2929 ἡμαρτηκότας,

2276 2950 2374 3003 καὶ
2398 2950 2566 3022 λύτρα
2611 2950 3048 3022 προσφέροντας,
3079 2949 3148 3003 τὰ
3178 2950 3276 3020 τῆς
3326 2951 3588 3021 ἁμαρτίας
3625 2950 3787 3008 λυτικὰ.

2276 3040 2339 3093 τὺ
2377 3041 2443 3095 ὲκ
2489 3041 2779 3111 μετανοίας
2804 3041 3059 3113 δάκρυον,
3101 3041 3191 3095 τὸν
3220 3042 3319 3093 ἐπὶ
3342 3043 3461 3105 ταῖς
3488 3041 3792 3112 μεταγνώσεσι

2280 3136 2463 3203 πόνον,
2487 3138 2585 3207 τῆς
2616 3136 2985 3207 ὲλεημοσύνης
3026 3136 3153 3199 τοὺς
3190 3135 3435 3206 τρόπους
3458 3151 3470 3164 ·
3508 3154 3525 3187 ι
3552 3115 3788 3190 Κατακαῖι-

592 3232 681 3286 tia
701 3272 715 3297 ,
752 3232 1107 3301 laboremque
1144 3231 1549 3297 conversionis,
1582 3241 1639 3286 et
1668 3232 2028 3304 eleemosynaa
2060 3248 2169 3288 mo-

2284 3228 2447 3297 χᾶται
2505 3225 2615 3297 γὰρ
2672 3225 2821 3288 ἔλεος
2884 3225 3144 3296 κρίσεως,
3178 3244 3196 3276 ι
3256 3225 3407 3277 κατὰ
3451 3225 3545 3287 τάς
3593 3225 3789 3296 Γραφὰς.

590 3322 689 3378 dos
715 3342 726 3375 :
765 3342 783 3373 ι
806 3321 1188 3392 Superexaltat
1212 3323 1359 3377 enim
1376 3323 1753 3377 misericordia
1774 3324 2044 3394 judicium
2067 3326 2133 3387 ",
2148 3344 2167 3376 ι

585 3415 738 3485 juxta
776 3413 1111 3483 Scripturas.
1157 3414 1416 3484 Diligenti
1456 3430 1676 3484 quoque
1712 3415 2029 3470 discrimine
2086 3416 2175 3471 lex

588 3502 875 3575 distinguit
894 3519 991 3559 eos
1010 3503 1104 3573 qui
1130 3504 1328 3574 injuria
1346 3505 1458 3558 sint
1480 3503 1661 3559 aﬁ'ecti
1680 3524 1693 3558 :
1709 3521 1831 3559 nam
1853 3546 1866 3569 ,
1892 3507 1938 3560 si
1963 3506 2134 3560 ﬁlium
2154 3549 2169 3571 ,

486 3646 505 3665 κ
591 3595 797 3665 inquit,
824 3602 920 3648 aut
947 3594 1113 3649 ﬁliam
1153 3606 1351 3649 taurus
1383 3595 1680 3661 occiderit,
1734 3599 2038 3665 moriatur,
2070 3617 2173 3656 nec

590 3686 736 3741 ullus
750 3685 823 3740 sit
846 3685 1184 3739 miserationi
1207 3686 1392 3741 locus:
1418 3687 1503 3741 sin
1531 3702 1746 3743 servum
1774 3699 1868 3745 aut
1894 3693 2170 3760 ancillam,

588 3783 874 3845 argentum
900 3790 999 3843 pro
1031 3774 1140 3829 illis
1172 3776 1438 3844 exigatur.
1478 3776 1766 3833 Rationem
1808 3780 1975 3850 igitur
2008 3782 2173 3854 hujus

588 3866 921 3922 discriminis
966 3866 1245 3936 inquirere
1291 3868 1386 3937 qui
1422 3867 1542 3922 ﬁeri
1581 3879 1763 3938 potest
1800 3880 1860 3925 ut
1888 3873 2170 3943 indignum

588 3958 682 4021 sit,
726 3972 850 4010 cum
895 3956 1201 4025 praesertim
1240 3956 1400 4011 liberi
1443 3959 1696 4028 servique
1752 3959 2061 4015 diﬂ‘erentia
2114 3962 2170 4016 in

587 4048 747 4101 nobis
776 4062 885 4101 non
910 4056 1118 4102 natura:
1144 4048 1341 4103 vitium
1374 4050 1481 4114 sit,
1508 4050 1686 4119 qualis
1723 4058 1807 4106 est
1846 4054 2037 4121 procul
2063 4053 2169 4108 du-

589 4139 680 4193 bio
713 4140 850 4195 mala
875 4140 1133 4195 valetudo
1152 4182 1165 4206 ,
1194 4142 1289 4196 sed
1315 4158 1383 4197 ex
1409 4143 1781 4213 potentiorum
1813 4145 2167 4215 oppressione

586 4233 887 4286 nascatur?
928 4252 945 4283 ι
992 4233 1141 4288 Idem
1173 4250 1415 4304 namque
1468 4252 1571 4290 nos
1607 4236 1853 4292 condidit
1894 4238 2069 4303 Deus,
2111 4248 2167 4293 et

587 4338 730 4376 unus
765 4332 850 4377 eSt
882 4325 1126 4378 omnium
1158 4326 1321 4379 Pater
1357 4326 1426 4389 ⁸⁸,
1474 4346 1491 4377 ι
1553 4327 1708 4398 juxta
1750 4330 2032 4399 propheta:
2070 4346 2167 4385 vo-

584 4426 725 4465 cem.
756 4412 897 4466 Num
949 4413 1114 4483 igitur
1152 4414 1417 4471 Conditor
1468 4427 1655 4472 noster
1688 4420 1970 4475 nonnullis
1995 4421 2162 4475 etiam

2288 3315 2518 3387 ’Ᾱκριϐἦ
2571 3315 2630 3368 δὲ
2678 3316 2707 3367 ὁ
2739 3315 2902 3385 νόμος
2945 3314 3041 3366 καὶ
3102 3314 3202 3384 τὴν
3242 3314 3343 3366 ἐπὶ
3390 3316 3499 3377 τοῖς
3558 3314 3789 3366 πεπονθόσι

2275 3411 2517 3461 ποιεῖται
2560 3406 2844 3476 διαστολὴν
2869 3423 2883 3437 ’
2916 3408 2965 3459 εί
3018 3404 3121 3477 μὲν
3174 3407 3287 3478 γὰρ
3335 3407 3448 3459 υἱὸν
3484 3408 3516 3476 ἡ
3552 3406 3787 3475 θυγατέρα,

2274 3500 2459 3570 φησὶν,
2489 3501 2518 3551 ὁ
2557 3498 2756 3569 μόσχος
2788 3497 2973 3569 ἀνέλῃ,
3013 3498 3257 3551 τεθνάτω
3292 3500 3388 3551 καὶ
3441 3498 3788 3570 ἀφιλοικτιρμό-

2274 3608 2380 3655 νως
2410 3607 2423 3622 ο
2456 3592 2504 3643 εί
2550 3590 2608 3643 δὲ
2638 3591 2805 3646 παῖδα
2847 3590 2881 3661 ἢ
2924 3590 3240 3659 παιδίσκην,
3294 3591 3557 3663 ἀργύριον
3600 3592 3714 3643 ἔστω
3743 3591 3787 3642 τὸ

2274 3683 2414 3754 ὑπὲρ
2445 3683 2622 3737 αὐτῶν
2648 3683 2999 3754 ζητούμενον.
3036 3683 3132 3746 Τίς
3174 3678 3267 3736 οὖν
3310 3686 3340 3737 ὁ
3387 3683 3558 3752 λόγος,
3588 3684 3683 3746 πῶς
3716 3684 3789 3736 οὐκ

2273 3774 2421 3839 ἄξιον
2447 3774 2612 3839 ίδεῖν;
2646 3775 2823 3827 καίτοι
2871 3773 2935 3826 τὸ
2988 3773 3274 3845 ἐλεύθερόν
3318 3791 3379 3827 τε
3424 3777 3515 3829 καὶ
3564 3774 3717 3827 δοῦλον
3745 3776 3788 3825 ἐν

2270 3870 2429 3938 ἡμῖν,
2459 3868 2523 3919 ἐκ
2572 3865 2891 3930 πλεονεξίας
2936 3868 3032 3919 καὶ
3077 3868 3179 3920 οὐκ
3222 3868 3563 3938 ἀρῤὠστημα
3602 3868 3787 3937 φύσεως.

2272 3959 2524 4030 καθάπερ
2577 3958 2767 4028 ἀμέλει
2819 3958 2913 4012 καὶ
2955 3959 3018 4012 τὸ
3072 3961 3286 4012 νοσεῖν’
3347 3978 3368 4010 ι
3412 3955 3506 4022 Εἷς
3541 3960 3639 4029 γὰρ
3676 3959 3787 4027 ἡμᾶς

2270 4050 2451 4103 ἔκτισε
2476 4050 2629 4113 Θεὸς,
2663 4051 2757 4103 καὶ
2776 4044 2856 4113 εἷς
2872 4051 2903 4102 ό
2922 4050 3140 4103 πάντων
3174 4051 3391 4120 Πατὴρ,
3408 4070 3426 4102 ι
3461 4050 3592 4104 κατὰ
3617 4049 3697 4119 τὴν
3719 4047 3786 4099 τοῦ

2270 4124 2550 4214 προφήτου
2590 4144 2792 4213 φωνήν.
2816 4139 2940 4213 'Ap‘
2969 4139 3063 4197 οὖν
3092 4144 3168 4207 ὡς
3206 4143 3462 4213 ἔγκλημα
3486 4144 3573 4195 καὶ
3594 4139 3789 4194 δουλείαν

2266 4233 2610 4305 καταγράφει
2631 4234 2795 4287 τινῶν
2823 4234 2852 4285 ὁ
2875 4236 3215 4305 Δημιουργός
3238 4253 3253 4301 ;
3284 4230 3397 4307 ἆρα
3423 4235 3515 4287 καὶ
3541 4235 3655 4304 παρ’
3676 4235 3791 4305 αὐτῷ

2265 4326 2327 4380 τὸ
2358 4327 2541 4380 δοῦλον
2573 4330 2630 4379 ὲν
2683 4327 2880 4397 μείοσι,
2922 4329 3015 4380 καὶ
3069 4326 3194 4399 δόξῃ
3234 4330 3549 4382 πλεονεκτεῖ
3580 4331 3634 4382 τὸ
3670 4329 3786 4381 tiu}-

2266 4416 2451 4489 θερον;
2499 4418 2575 4470 Οὐ
2618 4418 2714 4488 μὲν
2745 4414 2861 4472 οὖν.
2894 4438 2911 4469 ι
2966 4418 3054 4472 Ἐν
3098 4420 3206 4491 γὰρ
3250 4421 3477 4492 Χριστῷ
3524 4419 3675 4491 Ἰησοῦ
3715 4422 3789 4473 οὐκ

585 4502 905 4557 servitutem
952 4519 1050 4573 pro
1096 4505 1327 4561 crimine
1367 4508 1626 4562 ascribit?
1654 4526 1785 4563 num
1813 4510 1958 4580 apud
1984 4512 2161 4582 ipsum

2270 4508 2343 4562 Evt
2379 4508 2585 4575 δοῦλος,
2623 4509 2746 4562 οὔτε
2791 4510 3097 4582 ἐλεύθερος.
3132 4530 3150 4563 ι
3193 4512 3431 4575 Οὐκοῦν,
3484 4514 3603 4565 σκιὰ
3646 4512 3734 4580 γὰρ
3768 4513 3791 4563 6

583 4606 801 4661 quoque
838 4596 1054 4649 servilis
1091 4598 1332 4653 conditio
1368 4600 1505 4654 nihil
1534 4602 1818 4670 penditur,
1852 4611 1907 4657 et
1938 4604 2163 4659 libertas

2270 4602 2447 4671 νόμος,
2481 4602 2570 4654 διὰ
2611 4601 2713 4672 μὲν
2742 4601 2859 4656 υἱοῦ
2893 4620 2954 4656 τε
2989 4603 3083 4657 καὶ
3117 4603 3412 4675 θύγατρος,
3443 4605 3505 4658 τὸ
3553 4602 3789 4670 ἐλεύθερον

584 4684 790 4754 majore
835 4686 1006 4754 gloria
1056 4688 1269 4756 pollet?
1316 4690 1533 4744 Minime
1580 4708 1751 4747 vero:
1785 4712 1803 4743 ι
1842 4694 1901 4748 In
1940 4692 2160 4750 Christo

582 4772 728 4827 enim
749 4773 879 4827 Jesu
908 4788 1018 4828 non
1052 4786 1136 4830 est
1169 4793 1394 4843 servus,
1427 4796 1603 4850 neque
1629 4781 1769 4836 liber
1796 4785 1862 4837 ‘9.
1904 4804 1921 4833 ι
1956 4785 2155 4855 Igitur,

580 4866 710 4933 quia
745 4866 833 4920 lex
871 4868 1063 4923 umbra
1099 4880 1208 4932 est.
1246 4887 1349 4941 per
1387 4872 1560 4927 ﬁlium
1598 4890 1661 4928 ac
1706 4874 1873 4930 ﬁliam
1917 4877 2155 4932 liberum

576 4965 891 5012 sanctorum
917 4959 1201 5014 hominum
1224 4976 1396 5032 genus
1417 4963 1785 5034 signiﬁcatur;
1814 4981 1913 5037 per
1933 4983 2153 5022 servum

576 5062 708 5103 vero
739 5057 794 5105 et
816 5050 1066 5106 ancillam
1106 5052 1237 5107 illud
1270 5054 1450 5109 adhuc
1484 5057 1680 5111 servile
1718 5073 1918 5126 genus,
1946 5067 2003 5112 et
2026 5074 2154 5128 pec-

575 5140 681 5195 cati
708 5142 839 5212 jugo
876 5143 1202 5215 subjectum.
1251 5146 1370 5201 Non
1398 5156 1481 5201 est
1522 5148 1689 5219 igitur
1722 5166 1819 5219 par
1860 5151 2055 5220 injuria
2094 5153 2149 5206 in

575 5241 789 5287 sanctos
838 5243 1000 5305 atque
1034 5237 1088 5289 in
1142 5248 1459 5306 peccatores
1516 5240 1683 5304 facta,
1726 5256 1904 5312 neque
1957 5243 2149 5299 eadem

576 5337 827 5377 mensura
851 5325 1166 5393 plectuntur
1186 5338 1408 5397 peccata
1443 5330 1498 5384 in
1521 5339 1784 5401 utrosque
1811 5334 2101 5387 commissa
2134 5352 2146 5387 :

572 5422 699 5463 nam
721 5427 840 5467 esse
863 5415 1085 5483 quidem
1113 5425 1227 5472 tum
1254 5419 1381 5484 hos,
1409 5428 1523 5473 tum
1549 5422 1670 5476 illos
1693 5432 1888 5476 natura
1914 5423 2146 5487 fratres,

568 5502 826 5558 omnibus
852 5504 1056 5575 liquet;
1103 5509 1197 5563 sed
1230 5519 1407 5565 tamen
1442 5521 1759 5567 sanctorum
1794 5514 2039 5569 conditio
2064 5524 2151 5570 est

569 5592 838 5659 spirituali
855 5595 1202 5662 excellentia,
1227 5608 1283 5653 et
1304 5600 1568 5655 virtutum
1606 5601 1943 5658 sublimitate
1972 5620 2141 5675 supe-

2261 4692 2369 4746 τῶν
2394 4694 2564 4760 ἁγίων
2586 4694 2912 4764 σημαίνεται
2959 4695 3116 4763 γένος
3140 4710 3156 4725 ο
3197 4695 3287 4748 διὰ
3338 4695 3398 4749 δέ
3446 4712 3507 4763 γε
3547 4694 3712 4755 παιδός
3742 4706 3788 4742 τε

2261 4784 2355 4836 καὶ
2383 4784 2695 4853 παιδίσκης,
2729 4785 2791 4838 τὸ
2828 4784 3009 4838 δοῦλον
3042 4786 3122 4839 ἔτι
3171 4786 3269 4839 καὶ
3308 4787 3419 4840 ὑπὸ
3450 4786 3606 4854 ζυγὸν
3642 4786 3788 4854 epap—

2258 4873 2397 4937 τίας.
2443 4874 2599 4927 Ἐστι
2630 4873 2685 4927 δὲ
2716 4874 2775 4926 οὐ
2804 4876 3022 4938 ταυτὸν,
3051 4876 3111 4929 τὸ
3143 4875 3493 4948 πλημμελεῖν
3538 4878 3613 4938 εἰς
3638 4875 3788 4941 ἁγίους

2256 4963 2685 5036 ῆίάμαρτωλούς.
2722 4964 3024 5029 Κολάζεται
3047 4967 3228 5020 δὲούκ
3274 4969 3334 5021 ὲν
3395 4968 3497 5037 τσῳ
3544 4965 3706 5036 μέτρῳ
3735 4959 3789 5012 τι

2258 5054 2345 5107 ἐπ’
2375 5056 2578 5126 ἀμφοῖν
2606 5072 2619 5087 ·
2656 5056 2737 5109 ὅτι
2792 5056 2894 5128 μὲν
2950 5058 3061 5129 γὰρ
3110 5058 3331 5126 ἀδελφοὶ
3365 5059 3469 5130 τὴν
3503 5057 3669 5127 φύσιν,
3702 5053 3786 5105 οἶδε

2257 5160 2315 5199 τε
2347 5147 2611 5211 κάκεῖνοι,
2640 5148 2804 5200 παντί
2837 5165 2915 5218 τῳ
2959 5148 3162 5218 σαφές’
3194 5149 3308 5202 ἀλλ’
3360 5148 3481 5203 ἔστι
3531 5148 3589 5201 τὸ
3640 5148 3787 5213 ἄγων.

2254 5241 2313 5291 ὲν
2341 5239 2580 5312 ὑπεροχῇ
2609 5243 2675 5312 τῇ
2703 5245 3068 5313 πνευματικῇ,
3098 5243 3191 5296 καὶ
3231 5245 3288 5296 ὲν
3317 5245 3437 5307 τοῖς
3481 5245 3578 5312 τῆς
3622 5237 3790 5309 ἀρετῆς

2254 5330 2511 5401 ὑψώμασι
2538 5348 2553 5363 ⁸
2585 5334 2679 5386 καὶ
2708 5333 2860 5405 παρὰ
2890 5334 2968 5405 τῷ
2994 5334 3116 5405 Θεῷ
3153 5335 3356 5407 τίμιον,
3383 5337 3460 5398 ὡς
3485 5334 3575 5388 καὶ
3598 5334 3652 5384 ἑν
3690 5325 3789 5381 υἱοῦ

2252 5424 2403 5490 τάξει
2428 5424 2683 5493 γενέσθαι
2711 5428 2804 5479 καὶ
2840 5426 3131 5499 θύγατρος,
3162 5428 3256 5482 καὶ
3284 5428 3349 5479 τὸ
3400 5422 3718 5495 ἀνθρώπινόν
3740 5432 3786 5469 τι

2252 5516 2349 5569 καὶ
2379 5516 2746 5589 δουλοπρεπὲς
2764 5518 3171 5592 ὑπερφέρεσθαι
3214 5520 3440 5591 μέτρον.
3492 5511 3789 5585 Ὅσιουργεῖν

2250 5608 2306 5661 δὲ
2331 5609 2360 5660 ό
2384 5608 2551 5678 νόμος
2587 5612 2683 5664 καὶ
2725 5610 2949 5683 ἀγάπης
2994 5611 3213 5683 ἔχεσθαι
3266 5612 3366 5683 τῆς
3414 5615 3495 5675 είς
3537 5605 3786 5673 ἀδελφοὺς.

614 5768 655 5800 ⁸
682 5771 865 5826 l'l’im.
894 5790 951 5839 γ,
978 5776 1067 5829 υ.
1130 5777 1174 5807 ⁸⁷
1204 5776 1392 5832 Jacob.
1414 5793 1474 5843 ιι,
1500 5779 1552 5833 5.
1616 5780 1661 5813 ⁸³
1690 5780 1915 5835 Halaeh.
1956 5797 2014 5845 ιι,
2051 5782 2130 5834 to.

2270 5784 2439 5838 [ἰδίει.
2466 5800 2545 5847 ιιι,
2579 5784 2675 5839 28.
