4072 6504
325 392 431 447 529

1006 396 1090 450 DE
1130 394 1569 454 ADORATIONE
1600 398 1669 453 IN
1711 397 1979 455 SPIRITU
2018 398 2108 453 ΕΤ
2146 397 2514 454 ΥΕΒΙΤΑΤΕ.
2557 396 2683 450 LIB.
2725 394 2837 449 Vl].

3477 390 3586 447 530

323 512 419 563 καὶ
453 508 575 562 καθ’
609 511 829 581 ἑτέρους
874 513 1007 581 ἡμῖν
1062 513 1362 585 εἰσηγεῖται
1390 514 1642 585 τρόπους,
1672 512 1765 578 οὓς
1811 514 1891 567 καπ

2012 515 2153 580 rior,
2177 522 2233 569 et
2266 515 2377 569 Deo
2409 513 2547 567 adeo
2576 510 2726 566 chari
2753 518 2910 573 sunt,
2950 517 3007 562 ut
3036 508 3090 563 in
3118 508 3215 563 filii
3239 515 3294 563 et
3326 505 3447 561 filiae
3466 508 3584 565 loco

323 602 669 671 παραθέντες
720 604 938 674 ἐφεξῆς,
978 604 1038 657 τὸ
1072 607 1151 669 εἰς
1186 604 1310 659 νοῦν
1363 601 1499 678 ἧκον
1550 608 1633 675 ἐφ’
1688 606 1903 679 ἑκάστῳ

324 692 580 763 ἐροῦμεν.
618 694 763 765 Ἔφη
814 695 923 766 γὰρ
965 695 1126 749 πάλιν
1156 712 1169 727 ο
1231 716 1249 749 ι
1299 698 1426 752 Ἐάν
1468 698 1525 751 δέ
1578 715 1661 761 τις
1718 698 1903 769 ἀνοίξῃ

322 780 551 847 λάκκον,
582 783 616 854 ἢ
650 784 932 855 λατομήσῃ
953 785 1182 851 λάκκον,
1228 788 1322 841 καὶ
1348 788 1423 859 μὴ
1461 787 1675 859 καλύψῃ
1715 787 1900 851 αὐτὸν,

320 873 420 925 καὶ
446 874 663 944 ἐμπέσῃ
703 877 823 927 ἐκεῖ
854 876 1072 946 μόσχος,
1104 877 1136 946 ἢ
1165 877 1306 940 όνος,
1338 879 1367 930 6
1411 877 1597 951 κύριος
1626 878 1720 931 τοῦ
1766 877 1896 932 λάκ-

322 982 420 1017 κου
456 964 726 1030 ἀποτίσει,
769 966 1030 1038 ἀργύριον
1053 968 1215 1021 δώσει
1254 970 1332 1040 τῷ
1386 971 1558 1043 κυρίῳ
1588 970 1788 1034 αὐτῶν,
1842 969 1903 1023 τὸ

318 1055 379 1108 δί
404 1056 801 1128 τετελευτηκὸς
850 1058 1001 1127 αὐτῷ
1032 1058 1208 1115 ἔσται.
1248 1080 1268 1112 ι
1303 1060 1473 1114 Τοῦτο
1498 1061 1555 1113 δέ
1584 1063 1732 1114 ὲστιν
1758 1062 1900 1114 αἰνι-

317 1146 651 1216 γματωδῶς,
700 1148 763 1201 τὸ
812 1148 887 1219 μὴ
941 1149 1147 1204 τιθέναι
1199 1151 1532 1223 πρόσκομμα
1572 1152 1650 1222 τῷ
1688 1150 1901 1223 ἀδελφῷ

317 1237 357 1309 ἢ
396 1238 717 1302 σκάνδαλον,
746 1241 841 1293 καὶ
864 1242 925 1293 τὸ
963 1241 1194 1310 ὠφελεῖν
1222 1244 1463 1312 πεφυκὸς
1490 1245 1590 1297 οὐκ
1614 1246 1708 1316 ἐᾷν
1728 1245 1900 1316 ἀχρη-

320 1345 449 1381 στον
472 1329 726 1396 γενέσθαι
750 1332 913 1396 τισὶν,
938 1331 1061 1385 οῦτε
1096 1333 1203 1402 μὴν
1226 1332 1343 1386 ὁδὸν
1368 1333 1596 1403 ὁρᾶσθαι
1630 1333 1767 1404 πρὸς
1807 1333 1901 1387 θά-

316 1437 503 1484 νατον,
546 1421 615 1474 τὰ
645 1424 777 1492 ἡμῖν
810 1439 871 1475 τε
899 1423 993 1475 καὶ
1020 1422 1227 1494 ἑτέροις
1248 1424 1523 1493 ἀναγκαῖα
1554 1426 1692 1496 πρὸς
1721 1426 1889 1496 ζωήν.

318 1512 394 1563 ’Ἠ
419 1512 528 1584 γὰρ
586 1513 707 1583 οὐχὶ
748 1512 947 1567 λάκκον
985 1531 1068 1577 τις
1099 1514 1349 1583 ἀνοίγων,
1382 1516 1414 1587 ἢ
1464 1516 1733 1587 λατομῶν,
1773 1519 1900 1570 ἑαυ-

312 1601 396 1671 τῷ
437 1620 486 1655 τι
532 1605 626 1656 καὶ
672 1605 881 1676 ἑτέροις
923 1607 1196 1679 χρήσιμόν
1218 1624 1276 1660 τε
1311 1609 1403 1661 καὶ
1442 1610 1739 1677 ἀναγκαῖον
1766 1611 1899 1663 ἀπο-

312 1692 494 1759 τελεί;
537 1694 697 1748 Ἀλλά
726 1697 800 1767 μὴ
833 1697 992 1763 ἔστω,
1029 1700 1183 1770 φησὶ,
1212 1699 1457 1754 κινδύνου
1476 1702 1748 1771 πρόφασις
1776 1702 1894 1755 ἑτέ-

315 1800 401 1854 ρῳ
437 1784 505 1837 τὰ
540 1786 627 1839 σά.
651 1807 670 1838 ι
692 1788 755 1841 Ἦ
781 1790 890 1860 γὰρ
917 1791 1128 1861 ἀγάπη,
1155 1810 1173 1842 ι
1205 1791 1349 1845 καθά
1373 1809 1535 1862 φησιν
1557 1794 1586 1846 ό
1604 1793 1891 1859 θεσπέσιος

2008 607 2344 668 habeantur,
2401 615 2457 659 et
2500 604 2793 658 humanam
2853 600 3217 670 servilemque
3269 615 3585 656 mensuram

2007 698 2333 753 transiliam.
2364 696 2629 749 Pietatem
2657 709 2825 763 porro
2858 692 3059 756 colere,
3098 699 3154 744 et
3175 690 3495 745 charitatem
3528 690 3586 745 in

2002 788 2203 844 fratres
2245 788 2520 850 retinere,
2573 787 2659 840 lex
2688 785 2815 840 aliis
2861 798 3080 855 quoque
3126 781 3304 836 modis
3346 781 3583 847 suadet,

2002 895 2143 950 quos
2171 879 2357 942 etiam,
2392 878 2483 932 ubi
2516 877 2777 947 deinceps
2803 875 3269 947 proposuerimus,
3302 874 3369 929 de
3400 874 3587 944 singuv

2002 970 2090 1034 lis,
2108 971 2254 1041 quod
2273 970 2328 1023 in
2354 978 2593 1025 mentem
2622 969 2856 1032 venerit,
2881 968 3146 1022 dicemus.
3174 967 3263 1020 Ait
3286 966 3431 1021 enim
3466 982 3586 1019 rur-

2002 1077 2133 1116 sus:
2169 1081 2185 1112 ‹
2218 1061 2372 1127 Quod
2395 1062 2438 1115 si
2467 1062 2592 1130 quis
2628 1060 2910 1131 aperuerit
2950 1060 3150 1124 lacum,
3176 1068 3274 1114 aut
3314 1058 3583 1113 exciderit

2000 1154 2203 1217 lacum,
2229 1171 2407 1224 neque
2430 1170 2557 1209 eum
2579 1153 2882 1223 operuerit,
2909 1161 2967 1207 et
2994 1152 3259 1208 ceciderit
3283 1151 3412 1206 illuc
3435 1150 3582 1205 vituo

1998 1245 2088 1300 lus
2118 1255 2215 1300 aut
2238 1246 2448 1308 asinus,
2482 1244 2742 1300 dominus
2774 1245 2877 1300 laci
2916 1244 3140 1308 reddet,
3166 1250 3457 1313 argentum
3484 1240 3583 1295 da-

2000 1338 2079 1393 bit
2099 1337 2323 1392 domino
2340 1335 2502 1406 2&9
2524 1336 2763 1400 illorum,
2782 1344 2837 1390 et
2853 1343 3128 1389 mortuum
3145 1332 3251 1387 erit
3266 1332 3438 1402 ipsius
3452 1332 3543 1385 “'.
3556 1351 3575 1384 ι

1999 1426 2113 1481 Hoc
2136 1440 2268 1479 vero
2296 1423 2526 1495 ﬁgurate
2548 1424 2681 1478 illud
2712 1432 2830 1487 est,
2860 1440 2970 1478 non
2989 1438 3195 1493 ponere
3220 1422 3580 1478 offensionem

1997 1518 2151 1572 fratri
2184 1522 2281 1571 aut
2321 1515 2637 1571 scandalum
2665 1555 2679 1579 ,
2710 1531 2889 1585 neque
2915 1516 3061 1585 pati,
3099 1522 3158 1569 ut
3196 1513 3343 1584 quod
3388 1522 3581 1583 suapte

1996 1618 2193 1663 natura
2222 1606 2353 1661 utile
2375 1616 2480 1670 est,
2519 1607 2799 1676 aliquibus
2822 1607 3017 1661 inutile
3046 1606 3172 1673 fiat;
3210 1620 3391 1675 neque
3426 1620 3581 1660 com-

1994 1700 2216 1754 mittere
2252 1706 2347 1761 ut,
2386 1713 2506 1766 quae
2539 1697 2697 1752 nobis
2720 1697 2951 1767 aliisque
2982 1696 3291 1752 necessaria
3336 1704 3467 1750 sunt
3513 1694 3582 1750 ad

1997 1792 2185 1857 vitam,
2211 1807 2275 1846 ea
2309 1790 2452 1844 viam
2477 1790 2543 1843 ad
2570 1800 2801 1846 mortem
2834 1790 3047 1861 aperire
3086 1789 3378 1843 videantur
3406 1806 3417 1841 :
3442 1804 3583 1842 nuu-

314 1876 531 1941 Παῦλος
559 1918 574 1942 ,
616 1898 633 1928 ι
674 1880 735 1932 οὐ
775 1880 930 1952 ζητεῖ
961 1884 1026 1937 τά
1050 1883 1268 1954 ἑαυτῆς,
1301 1902 1320 1935 ι
1362 1884 1635 1953 λογίζεται
1668 1886 1725 1939 δὲ
1751 1888 1891 1957 μᾶλ-

1997 1885 2130 1955 quid
2153 1884 2299 1939 enim
2320 1924 2334 1947 ,
2362 1884 2455 1953 qui
2480 1884 2661 1937 lacum
2687 1882 2867 1953 aperit
2913 1890 3007 1937 aut
3029 1881 3202 1945 fodit,
3233 1896 3340 1935 non
3380 1879 3485 1934 sibi
3516 1895 3582 1935 ac

310 1967 410 2021 λον
451 1971 543 2021 καὶ
564 1971 632 2023 τὰ
661 1972 886 2044 ἑτέρων.

1994 1977 2213 2032 caeteris
2256 1975 2391 2029 utile
2434 1973 2717 2042 quidpiam
2757 1989 2821 2029 ac
2859 1972 3233 2029 necessarium
3258 1969 3457 2026 ellicit?
3499 1970 3580 2025 Ne

306 2063 659 2127 cammittas,
702 2065 909 2135 inquit,
948 2074 1008 2121 ut
1033 2082 1122 2123 res
1162 2075 1269 2123 tua:
1306 2069 1461 2124 alteri
1486 2071 1831 2126 occasionem
1867 2070 2096 2141 periculi
2136 2070 2399 2125 afferant:
2434 2086 2450 2119 ι
2485 2066 2737 2123 Charitas
2761 2068 2909 2123 enim
2932 2108 2947 2133 ,
2982 2086 3000 2118 ι
3034 2072 3095 2120 ιιι
3118 2067 3195 2120 ait
3218 2066 3414 2120 beatus
3434 2064 3580 2118 Pau-

304 2152 434 2216 lus,
468 2173 484 2203 ι
516 2171 627 2209 non
653 2164 847 2225 quierit
869 2173 991 2227 qua:
1032 2174 1131 2214 sua
1159 2168 1289 2214 sunt
1311 2161 1416 2225 "';
1456 2180 1475 2211 ι
1507 2161 1712 2232 cogitat
1755 2169 1938 2217 autem
1976 2162 2163 2231 potius
2185 2161 2351 2214 etiam
2372 2174 2494 2228 qua:
2525 2166 2653 2212 sunt
2677 2158 2933 2213 aliorum.

386 2250 593 2302 ΠΔΛΛ.
626 2250 738 2304 Καὶ
770 2251 854 2314 τίς
883 2252 911 2303 6
936 2252 1140 2306 λάκκον
1185 2254 1418 2322 ἀνοίγων
1450 2255 1484 2325 ἢ
1518 2255 1891 2327 λατομῶν,”τίς

306 2340 373 2393 δὲ
404 2341 433 2393 6
472 2340 691 2405 λάκκος,
719 2341 952 2413 ἐθέλοιμ’
974 2343 1039 2398 ἂν
1067 2345 1266 2398 εἰδέναι
1296 2345 1498 2414 σαφῶς.

386 2511 549 2565 ΚΥΡ.
583 2511 657 2564 Τὸ
693 2513 791 2581 μὲν
819 2509 913 2567 οὖν
942 2515 1004 2566 ὲκ
1033 2515 1129 2583 τῆς
1159 2515 1407 2585 ἱστορίας
1434 2515 1892 2587 ὑποδηλούμενον,

302 2601 413 2654 οὐκ
448 2603 769 2672 ἀσυμφανές
788 2621 803 2636 ⁸
832 2605 1027 2676 χρῆναι
1064 2606 1172 2677 γάρ
1215 2623 1349 2677 φησι
1377 2607 1890 2661 κατακαλύπτεσθαι

302 2693 533 2759 λάκκον,
567 2695 654 2748 ἵνα
696 2696 854 2767 μήτι
910 2696 1107 2768 βλάϐος
1159 2699 1433 2772 συμϐαίνῃ
1490 2698 1651 2754 τισίν.
1687 2701 1892 2768 Ἤγουν

306 2785 465 2846 ἵστω,
521 2785 710 2854 φησιν,
743 2788 773 2841 ό
813 2788 887 2858 μὴ
929 2788 1087 2842 τοῦτο
1133 2790 1457 2860 πεπραχὼς,
1506 2791 1585 2853 ὡς
1636 2790 1795 2861 εἴπερ
1841 2808 1894 2843 τι

304 2876 775 2947 κατολισθήσειεν,
793 2879 1058 2951 ἀργύριον
1081 2881 1351 2935 ἀποδώσει
1378 2882 1456 2952 τῷ
1500 2883 1673 2953 κυρίῳ
1703 2882 1891 2945 αὐτοῦ,

303 2968 371 3021 τὸ
402 2969 459 3021 δὲ
505 2968 769 3041 τεθνηκὸς
818 2970 969 3025 ἔσται
1017 2974 1188 3043 αὐτῷ.
1234 2973 1704 3044 Ἀναθρώσκοντες
1741 2974 1797 3027 δὲ
1833 2973 1895 3026 τὸ

2058 2254 2255 2309 PALL.
2288 2252 2423 2319 Quis
2466 2266 2596 2306 vero
2624 2251 2715 2307 ille
2757 2259 2861 2315 est,
2901 2251 2995 2321 qui
3037 2251 3215 2304 lacum
3254 2247 3449 2318 aperit,
3482 2255 3583 2303 aut

1985 2347 2202 2412 effodit,
2227 2346 2352 2416 quis
2376 2344 2540 2399 etiam
2571 2344 2742 2409 lacus,
2789 2344 2951 2399 velim
2988 2342 3245 2412 equidem
3290 2340 3581 2410 perSpicue

1990 2453 2154 2494 [10660
2163 2482 2174 2491 .

2062 2530 2221 2586 CYR.
2247 2528 2366 2583 Non
2391 2530 2691 2585 obscurum
2712 2534 2798 2581 est
2835 2522 2968 2594 quid
3002 2522 3234 2577 historia
3272 2518 3542 2591 signiticet
3563 2559 3582 2585 ,

1991 2620 2353 2690 aperiendum
2375 2620 2578 2689 quippe
2614 2619 2794 2672 lacum
2823 2630 2945 2670 esse
2967 2613 3166 2683 inquit,
3186 2627 3255 2667 ne
3279 2609 3426 2682 quod
3453 2607 3581 2663 inde

1990 2708 2253 2764 damnum
2287 2709 2565 2778 aliquibus
2593 2706 2908 2776 contingat:
2958 2712 3053 2758 aut
3095 2702 3253 2767 sciat,
3299 2700 3499 2770 inquit,
3531 2698 3580 2755 is

1993 2801 2090 2868 qui
2111 2800 2216 2855 hoc
2236 2800 2417 2854 facere
2440 2797 2762 2868 neglexerit,
2790 2795 2835 2850 si
2862 2795 2995 2864 quid
3023 2794 3275 2862 illapsum
3308 2790 3496 2854 fuerit,
3519 2802 3581 2845 se

1992 2891 2114 2961 ejus
2150 2890 2233 2944 rei
2263 2888 2808 2958 dominoargentum
2833 2885 3274 2956 persoluturum;
3301 2890 3580 2936 mortuum

1992 2997 2126 3037 vero
2140 2980 2373 3037 cadaver
2390 2980 2562 3049 ipsius
2582 2979 2849 3033 futurum.
2868 2975 2957 3041 At,
2985 2975 3029 3030 si
3048 2990 3112 3029 ea
3127 2989 3249 3044 quae
3272 2972 3328 3027 in
3350 2971 3581 3027 historia

304 3060 409 3135 τῆς
451 3060 693 3132 ἱστορίας
731 3064 995 3133 ἐμφανὲς,
1030 3065 1121 3119 καὶ
1152 3066 1231 3128 είς
1268 3064 1499 3134 θεωρίαν
1533 3065 1891 3134 ἀναγαγόντες

2000 3083 2189 3145 aperta
2210 3081 2339 3129 sunt
2365 3072 2770 3142 reliquerimus,
2801 3068 2965 3137 idque
2988 3067 3193 3121 factum
3226 3063 3576 3119 transtuleri-

302 3152 370 3205 τὸ
421 3153 612 3224 χρῆμα
678 3155 1075 3226 πνευματικὴν,
1138 3157 1315 3209 ἐκεῖνο
1366 3156 1598 3229 ἐροῦμεν
1624 3173 1638 3187 ·
1677 3156 1894 3211 Λάκκον

302 3246 483 3299 ιοικεν
513 3246 806 3316 ὀνομάζειν
826 3248 969 3317 ,ἡμῖν
1004 3248 1062 3302 ὲν
1084 3247 1294 3312 τούτοις
1327 3249 1355 3302 6
1387 3250 1574 3320 νόμος,
1626 3249 1728 3318 τῆς
1779 3248 1898 3303 θεο-

302 3336 573 3390 πνεύστου
606 3337 829 3408 Γραφῆς
848 3338 947 3407 τὴν
968 3339 1169 3407 γνῶσιν
1188 3381 1204 3405 ,
1234 3339 1328 3393 καὶ
1346 3339 1435 3393 τὸν
1458 3340 1706 3410 περὶτῆς
1736 3341 1897 3410 ἁγίας

302 3430 401 3482 καὶ
445 3430 735 3498 όμοουσίου
776 3430 1003 3501 Τριάδος
1045 3431 1221 3500 λόγον,
1249 3432 1340 3485 καὶ
1366 3429 1459 3485 τοῦ
1491 3432 1634 3486 κατὰ
1661 3432 1896 3504 Χριστὸν

306 3522 611 3591 μυστηρίου
645 3522 743 3593 τὴν
788 3522 993 3592 εἴδησιν
1016 3539 1030 3553 ’
1083 3525 1258 3576 κεῖται
1300 3522 1406 3596 γὰρ
1439 3522 1628 3596 ῶσπερ
1656 3526 1713 3577 ὲν
1741 3524 1892 3595 βάθει

302 3614 482 3676 ταυτὶ,
509 3613 602 3665 καὶ
636 3612 898 3676 ζωοποιὸν
930 3613 1041 3683 ἔχει
1071 3615 1170 3683 τὴν
1201 3612 1451 3684 δύναμιν
1488 3616 1584 3669 καὶ
1607 3618 1891 3688 μαρτυρή-

303 3720 392 3756 σει
414 3702 593 3771 λέγων
618 3703 781 3767 αὐτὸς
813 3705 842 3755 6
870 3704 1063 3775 Σωτήρ
1096 3720 1110 3733 ·
1166 3725 1185 3759 ι
1216 3705 1364 3777 Αὕτη
1397 3708 1455 3761 δέ
1497 3709 1644 3761 ἐστιν
1688 3711 1721 3780 ἡ
1758 3710 1892 3764 αίώ-

300 3811 419 3856 νιος
449 3793 587 3863 ζωὴ,
624 3794 713 3847 ἴνα
734 3793 1046 3862 γινώσκωσί
1069 3812 1127 3847 σε
1157 3796 1247 3849 τὸν
1268 3797 1426 3866 μόνον
1453 3796 1705 3868 ἀληθινὸν
1728 3799 1886 3867 Θεὸν,

300 3884 403 3937 καὶ
428 3884 488 3936 ὃν
516 3882 843 3947 ἀπέστειλας
882 3883 1089 3953 Ἰησοῦν
1117 3886 1372 3956 Χριστόν.
1403 3905 1422 3938 ι
1458 3887 1667 3941 Οὐκοῦν
1693 3892 1721 3943 ό
1757 3906 1889 3957 συγ-

301 3976 599 4047 γράμμασι
636 3974 733 4046 μὲν
770 3977 884 4039 τοῖς
918 3976 1292 4047 ἀρχαιοτέροις
1341 3976 1614 4047 ἐντυχὼν,
1654 3980 1746 4031 καὶ
1793 3979 1890 4033 σὺν

300 4069 461 4138 πόνῳ
491 4065 970 4138 πολυπραγμονῶν
999 4069 1100 4137 τῆς
1121 4066 1480 4122 θεοπνεύστου
1511 4069 1734 4141 Γραφῆς
1760 4072 1887 4135 τοὺς

300 4161 521 4229 λόγους,
550 4160 646 4213 καὶ
672 4157 770 4231 τὴν
789 4158 992 4230 ἀκριϐῆ
1016 4175 1077 4212 τε
1094 4159 1184 4213 καὶ
1211 4158 1503 4230 ἀκίϐδηλον
1526 4159 1727 4229 γνῶσιν
1754 4161 1887 4214 ἀνα-

298 4250 507 4321 ζητῶν,
532 4249 730 4321 πολλὴν
761 4250 827 4304 ἂν
867 4249 980 4321 ἔχοι
1017 4250 1117 4322 τὴν
1163 4251 1458 4321 ἐμφέρειαν
1501 4251 1638 4321 πρός
1688 4268 1752 4320 γε
1797 4252 1889 4305 τὸν

294 4344 596 4415 ὀρύττοντα
635 4342 866 4397 λάκκον’
926 4342 1079 4414 ζητεῖ
1109 4342 1218 4413 γάρ
1274 4341 1419 4413 ὕδωρ
1478 4342 1759 4406 ζωοποιὸν,
1795 4344 1890 4397 καὶ

298 4438 489 4507 πηγὴν
522 4436 943 4506 ἐὺφραίνουσαν,
981 4435 1075 4489 καὶ
1098 4435 1435 4506 χειμάρρουν
1457 4437 1670 4506 τρυφῆς
1694 4452 1709 4467 ο
1750 4437 1778 4488 6
1825 4436 1881 4488 δέ
1914 4417 1959 4475 D

295 4547 367 4598 γε
399 4530 478 4591 εἰς
499 4528 655 4582 τοῦτο
682 4528 866 4581 λοιπὸν
899 4529 1169 4591 συνέσεως
1198 4528 1520 4598 ἀφιγμένος,
1546 4528 1621 4591 ὡς
1650 4528 1743 4581 καὶ
1776 4527 1881 4599 ἰδίᾳ

293 4620 564 4676 δύνασθαι
608 4620 942 4692 παραδοῦναι
978 4623 1266 4691 συγγραφῇ
1313 4620 1405 4673 τοῦ
1454 4620 1762 4691 μυστηρίου
1790 4620 1883 4673 τὸν

293 4714 479 4779 λόγον,
520 4714 750 4782 λατομΞῖ
786 4711 986 4765 λάκκον
1008 4729 1021 4742 ·
1080 4714 1400 4784 καινουργεῖ
1426 4712 1537 4783 γὰρ
1588 4712 1779 4784 ῶσπερ
1808 4712 1871 4765 ού

292 4806 411 4867 τοῖς
451 4802 654 4873 ἐτέρων
690 4789 919 4873 ἱδρῶσιιῖ
957 4802 1353 4873 ὲποικοδομῶν,
1384 4802 1519 4857 ἀλλά
1567 4805 1680 4867 τοῖς
1733 4802 1884 4865 ἰδίοις

292 4894 489 4947 ἑαυτόν
522 4912 579 4947 τε
616 4896 711 4947 καὶ
746 4894 965 4965 ἐτέρους
1006 4894 1251 4964 ὠφελῶν.
1303 4894 1615 4964 Ὀρύττουσι
1644 4895 1701 4950 δὲ
1745 4895 1881 4949 λάκ-

292 5003 426 5048 κους
449 4987 961 5056 συντετριμμένους,
988 4986 1128 5040 κατά
1148 4987 1245 5057 τὴν
1266 4986 1359 5039 τοῦ
1381 4990 1658 5059 προφήτου
1675 4989 1878 5057 φωνὴν,

294 5076 393 5130 καὶ
424 5078 475 5127 οἱ
506 5080 605 5147 τῆς
630 5077 983 5149 ψευδωνύμου
1017 5078 1267 5147 γνώσεως
1291 5079 1517 5150 ἐρασταί
1551 5096 1563 5107 ·
1603 5081 1655 5132 εί
1673 5097 1755 5143 τις
1780 5081 1882 5132 τοί-

290 5186 392 5220 νυν
430 5168 643 5237 όρύξειε
671 5169 891 5235 λάκκον,
945 5169 1362 5239 ἀσφαλιζέσθω,
1418 5171 1601 5241 φησὶν,
1642 5170 1717 5243 μὴ
1772 5172 1879 5243 ἄρα

288 5259 440 5310 τισὶν
474 5259 698 5329 ὀλέθρου
740 5261 951 5327 γένοιτο
996 5262 1213 5332 τρόπος,
1246 5263 1305 5314 τὸ
1358 5263 1540 5328 καλῶς
1589 5264 1878 5335 εἰργάσθαι

286 5348 486 5401 δοκοῦν
511 5363 523 5375 ’
558 5349 639 5402 δεῖ
666 5352 773 5420 γάρ
816 5353 961 5421 ἡμᾶς
989 5352 1163 5422 ὀρθῶς
1200 5370 1258 5404 τε
1289 5355 1381 5407 καὶ
1404 5354 1877 5426 ἀπηκριϐωμένως

282 5438 384 5492 τὸν
417 5440 547 5511 περὶ
587 5440 722 5492 Θεοῦ
755 5443 1020 5495 ποιεῖσθαι
1071 5442 1246 5510 λόγον,
1288 5444 1362 5507 ὡς
1412 5445 1597 5517 μηδενὶ
1629 5446 1879 5515 γενέσθαι

284 5530 593 5584 σκανδάλου
627 5530 920 5602 πρόφασιν.
937 5533 1046 5586 Καὶ
1066 5533 1242 5596 τοῦτο,
1264 5530 1437 5604 οἶμαι,
1469 5536 1587 5589 ἐστὶ
1628 5536 1688 5589 τὸ
1711 5535 1879 5607 πῶμα

279 5621 603 5676 ἐπικεῖσθαι
652 5622 729 5693 τῷ
768 5623 978 5695 λάκκῳ,
1027 5626 1088 5677 τὸ
1146 5627 1244 5696 τῆς
1301 5626 1649 5697 καθηκούσης
1702 5629 1879 5697 ἀσφα-

348 5740 611 5820 ’ςΕ-ιιοά.
640 5759 755 5820 ιιιιι1
774 5743 863 5820 53_,
904 5744 989 5798 5i.
1028 5747 1137 5820 __"'
1166 5749 1321 5805 Rom.
1346 5769 1431 5806 xtv
1482 5754 1531 5805 7.
1596 5754 1664 5785 ⁸³·
1694 5754 1711 5807 1
1761 5753 1886 5807 Cor.
1913 5770 2026 5820 xnt,
2055 5754 2105 5809 5.

274 5812 343 5877 5;
366 5813 510 5867 [⁸εηί.
541 5829 699 5878 xxxv,
730 5814 791 5878 9;
817 5815 999 5881 Jer.tt,
1022 5816 1101 5870 l5.

1998 3182 2122 3222 mus
2142 3166 2209 3221 ad
2231 3165 2575 3236 spiritualem
2599 3162 3038 3233 intelligentiam,
3074 3158 3209 3213 illud
3231 3157 3341 3212 dici
3365 3174 3396 3212 a
3419 3156 3581 3213 nobis

1999 3258 2219 3329 poterit,
2237 3258 2415 3312 lacum
2442 3257 2497 3311 in
2521 3256 2608 3310 his
2629 3253 2814 3309 verbis
2830 3251 3005 3306 videri
3027 3249 3186 3305 nobis
3206 3264 3237 3303 a
3258 3248 3375 3319 lege
3396 3247 3584 3318 appel-

1996 3352 2099 3407 lari
2136 3350 2432 3420 Scriptura:
2472 3347 2737 3403 divinitus
2768 3344 3046 3415 inspirata:
3091 3341 3457 3412 cognitionem
3487 3340 3578 3407 ³³⁸,

1995 3460 2060 3499 ac
2083 3444 2151 3498 de
2176 3451 2360 3498 sancta
2386 3428 2443 3497 et
2466 3436 2916 3496 consubstantiali
2947 3434 3211 3489 Trinitate
3250 3433 3579 3503 disputatio-

1995 3552 2142 3602 nem,
2168 3546 2331 3606 atque
2367 3533 2571 3589 Christi
2616 3530 2861 3603 mysterii
2902 3528 3227 3583 scientiam:
3271 3526 3389 3581 haec
3429 3525 3577 3581 enim

1993 3637 2254 3698 tanquam
2300 3627 2356 3680 in
2393 3623 2667 3695 profundo
2705 3622 2882 3692 posita
2930 3627 3059 3675 sunt
3098 3618 3321 3688 vimque
3353 3617 3576 3672 vitalem

1995 3722 2233 3785 habent;
2266 3720 2425 3790 cujus
2455 3718 2534 3772 rei
2565 3716 2720 3773 testis
2751 3723 2837 3771 est
2879 3715 2995 3785 ipse
3039 3712 3312 3776 Salvator,
3342 3710 3535 3766 dicens
3562 3728 3577 3764 :

2002 3832 2020 3862 ι
2062 3812 2188 3867 Haec
2208 3819 2293 3867 est
2321 3821 2506 3865 autem
2534 3809 2645 3863 vita
2678 3816 2902 3871 aeterna,
2942 3814 3002 3860 ut
3031 3812 3361 3875 cognoscant
3405 3810 3460 3857 te
3487 3817 3577 3856 so-

1994 3906 2109 3960 lum
2156 3919 2348 3959 verum
2391 3903 2586 3965 Deum,
2623 3909 2678 3954 et
2722 3915 2887 3970 quem
2932 3896 3152 3960 misisti,
3194 3894 3380 3950 Jesum
3415 3892 3579 3948 Chri-

1992 4005 2138 4051 stum
2165 3996 2254 4048 “i'.
2288 4015 2304 4045 ι
2335 3994 2527 4065 Igitur,
2553 3992 2645 4062 qui
2670 4000 2860 4046 vetera
2885 3988 3086 4058 scripta
3109 3985 3261 4055 legit,
3300 3992 3357 4039 et
3377 3982 3577 4039 divinae

1993 4089 2292 4158 Scriptum:
2328 4087 2490 4141 verba
2520 4101 2630 4139 non
2654 4082 2771 4139 sine
2793 4081 2983 4136 labore
3022 4076 3377 4150 pervestigat,
3403 4084 3459 4129 et
3481 4089 3574 4129 ac-

1991 4187 2240 4233 curatam
2294 4178 2780 4245 incorruptamque
2820 4169 3188 4241 cognitionem
3224 4166 3489 4236 exquirit,
3527 4165 3576 4220 is

1992 4279 2076 4324 est
2106 4268 2335 4324 fodienti
2361 4268 2538 4321 lacum
2566 4277 2829 4334 perquam
2855 4259 3071 4323 similis,
3106 4272 3299 4328 aquam
3323 4256 3471 4311 enim
3494 4256 3575 4310 vi-

1995 4362 2157 4416 talem
2201 4360 2417 4430 quaerit,
2446 4365 2501 4411 et
2530 4356 2736 4409 fontem
2779 4351 3162 4414 laetiticantem,
3192 4355 3247 4403 et
3276 4356 3574 4403 torrentem

1986 4450 2281 4521 voluptatis
2303 4449 2368 4480 "'
2394 4466 2407 4501 :
2434 4454 2509 4511 at,
2539 4445 2631 4515 qui
2670 4444 2737 4498 ad
2770 4458 2890 4499 eam
2917 4440 3265 4511 prudentiam
3301 4439 3570 4508 pervenit,

1989 4552 2049 4598 ut
2079 4542 2193 4597 suis
2224 4540 2423 4595 litteris
2450 4536 2712 4592 mandare
2741 4543 2907 4607 queat
2944 4535 3066 4605 ejus
3109 4531 3356 4604 mystcrii
3380 4531 3572 4602 dispu-

1987 4634 2271 4696 tationem,
2306 4631 2353 4686 is
2382 4631 2561 4685 lacum
2586 4629 2800 4699 aperit;
2826 4626 2952 4682 novi
2979 4625 3127 4681 enim
3151 4624 3405 4679 nonnihil
3431 4623 3570 4688 edit.

1984 4741 2095 4779 non
2136 4723 2193 4776 in
2232 4722 2464 4777 aliorum
2499 4719 2795 4775 sudoribus
2842 4714 3265 4787 superaediﬁcat,
3314 4713 3412 4769 sed
3456 4714 3572 4769 suis

1987 4816 2101 4885 ipse
2125 4813 2427 4876 laboribus,
2458 4818 2515 4866 et
2537 4826 2594 4866 se
2619 4818 2674 4864 et
2699 4819 2925 4865 caeteros
2941 4810 3116 4880 juvat.
3143 4807 3381 4864 Fodiunt
3403 4807 3570 4862 etiam

1972 4906 2140 4973 lacus
2163 4905 2447 4965 contritos,
2468 4904 2623 4973 juxta
2660 4902 2943 4972 propheta:
2969 4914 3182 4963 vocem,
3208 4898 3327 4953 falsi
3352 4913 3570 4968 quoque
3642 4954 3646 4959 ,

1987 4997 2226 5052 nominis
2251 4995 2494 5051 scientia:
2520 5000 2825 5057 amatores;
2854 4991 3104 5062 quisquis
3136 4988 3303 5060 igitur
3329 4986 3469 5041 fodit
3493 4986 3571 5041 la-

1985 5102 2133 5150 cum,
2162 5094 2371 5149 caveat,
2409 5085 2609 5153 inquit,
2652 5098 2743 5147 ne,
2793 5080 2939 5150 quod
2968 5078 3139 5150 probe
3164 5077 3420 5132 effectum
3448 5090 3568 5131 esse

1987 5179 2225 5244 videtur,
2271 5178 2458 5247 aliquo
2493 5175 2655 5231 modo
2684 5172 2982 5244 perniciem
3010 5167 3290 5225 nonnullis
3322 5167 3517 5223 aﬂ‘erat
3549 5185 3562 5220 :

1984 5273 2251 5328 debemus
2283 5270 2429 5325 enim
2456 5275 2605 5323 recte
2643 5274 2692 5321 et
2719 5264 3009 5333 diligenter
3032 5262 3098 5317 de
3126 5261 3240 5316 Deo
3281 5259 3447 5314 verba
3482 5257 3564 5313 fa-

1985 5379 2140 5429 cere,
2186 5363 2282 5426 ita,
2322 5371 2382 5416 ut
2423 5358 2627 5414 nemini
2657 5356 2998 5411 occasionem
3042 5353 3283 5409 scandali
3318 5350 3563 5423 praebea—

1985 5467 2109 5506 mus
2132 5470 2143 5504 :
2175 5450 2337 5520 250
2358 5449 2521 5518 idque
2542 5456 2646 5511 est,
2672 5444 2887 5514 opinor,
2913 5445 3231 5514 operculum
3250 5441 3562 5512 impositum

1984 5558 2102 5597 esse
2127 5542 2267 5596 Iacui
2297 5559 2307 5592 :
2335 5554 2529 5609 nempe
2556 5550 2864 5591 sermonem
2890 5551 2999 5589 non
3030 5550 3152 5590 esse
3181 5534 3405 5590 cautela:
3427 5546 3559 5585 con-

1986 5632 2257 5686 venientis
2279 5638 2578 5699 expcrtem.
2604 5627 2739 5681 Nam
2760 5624 2802 5680 si
2829 5625 2948 5689 bos,
2975 5626 3070 5690 ait,
3098 5634 3192 5680 aut
3213 5624 3400 5679 asinus
3422 5620 3561 5676 ceci—
3620 5692 3621 5695 η

2202 5753 2267 5786 ⁸⁸⁹
2297 5753 2451 5808 Joan.
2480 5767 2607 5807 xvn.
2647 5750 2697 5803 5.
2762 5746 2824 5778 ⁵⁸⁸
2854 5747 3011 5802 Joan.
3045 5763 3116 5809 tv,
3144 5744 3240 5807 Ηε,
3270 5742 3409 5797 Psal.
3436 5754 3556 5804 XLV,
