3998 6512
590 408 637 428 1⁸.

590 408 637 428 ’⁸.

588 405 683 463 θυι

1630 408 1685 462 S.
1726 406 2003 463 CYRILLI
2034 408 2505 465 ALEXANDRINI
2544 410 2854 468 ARClllEl‘.
3732 421 3818 475 533

588 526 753 589 derit,
782 526 874 594 qui
903 524 1172 579 laboravit
1208 523 1260 578 in
1292 523 1625 578 exstruendo
1648 524 1792 587 lacu,
1818 524 1936 594 ipse
1961 525 2169 595 persol-

2278 526 2428 589 λείας
2457 526 2534 597 μὴ
2563 528 2813 598 ἀμοιρεῖν
2841 526 2933 581 τὸν
2956 527 3131 596 λόγον.
3180 526 3307 581 Ἐὰν
3349 527 3460 598 γάρ
3496 528 3659 602 πέσῃ,
3687 536 3816 600 φησὶ,

586 620 707 683 vet;
735 618 929 673 bovem
951 632 1081 672 vero
1103 625 1160 672 et
1181 616 1395 671 asinum
1427 631 1538 671 non
1564 615 1890 686 simpliciter
1915 617 2169 688 appellat,

587 709 681 764 sed
709 709 889 764 abdita
912 709 1120 763 ratione
1148 726 1160 761 :
1186 724 1251 763 ac
1286 707 1483 762 bovem
1509 707 1731 778 quidem
1755 706 1954 777 inquit,
1990 717 2052 762 ut
2086 709 2172 763 in-

586 800 797 871 telligas
823 815 1040 856 sacrum
1064 816 1128 855 ac
1162 816 1363 870 purum
1392 800 1680 855 hominum
1708 817 1912 873 genus;
1954 800 2171 855 asinum

585 903 737 952 vero,
772 898 834 943 ut
862 889 1151 959 profanum
1175 898 1231 945 et
1255 888 1563 960 impurum;
1592 906 1770 961 neque
1795 892 1943 946 enim
1978 892 2091 945 Deo
2117 892 2171 945 in

586 976 917 1032 sacriﬁcium
944 977 1176 1033 oll‘ertur
1204 995 1217 1031 :
1244 993 1461 1033 sacrum
1489 995 1655 1049 porro
1679 995 1850 1051 genus
1874 994 1937 1033 ac
1968 995 2170 1049 purum

583 1084 704 1124 esse
725 1070 959 1125 dicimus
981 1085 1097 1135 eos,
1117 1071 1211 1140 qui
1230 1073 1341 1142 jam
1365 1088 1463 1142 per
1485 1072 1645 1126 fidem
1670 1072 1991 1127 sanctiﬁcati
2013 1081 2168 1137 sunt;

580 1161 873 1231 profanum
898 1171 953 1217 et
978 1163 1257 1233 impurum
1284 1178 1400 1228 eos,
1429 1164 1523 1234 qui
1560 1163 1803 1219 nondum
1829 1174 1955 1220 sunt
1981 1173 2172 1219 sancto

586 1254 915 1325 baptismate
937 1256 1182 1327 purgati,
1207 1256 1302 1311 sed
1326 1256 1536 1327 peccati
1563 1256 1805 1320 maculas
1837 1255 2019 1310 adhuc
2042 1255 2170 1308 inu-

586 1355 698 1402 stas
722 1347 948 1402 habent.
971 1347 1207 1402 Perinde
1232 1348 1397 1418 igitur
1419 1356 1523 1412 est,
1549 1363 1613 1402 ac
1631 1347 1677 1402 si
1707 1346 1936 1412 diceret,
1960 1347 2017 1403 Si
2039 1346 2171 1416 quid

585 1437 851 1493 acciderit
872 1438 1059 1491 damni
1083 1437 1249 1492 alicui
1273 1453 1341 1491 ex
1364 1438 1452 1503 iis,
1477 1438 1569 1508 qui
1597 1439 1707 1509 jam
1734 1437 1994 1506 baptizati
2021 1445 2168 1502 sunt,

585 1537 643 1585 et
662 1545 761 1599 per
782 1530 1014 1601 gratiam
1034 1530 1103 1585 ad
1125 1530 1565 1601 conjunctionem
1582 1544 1707 1584 cum
1731 1529 1842 1582 Deo
1874 1529 2168 1584 iucundam

587 1619 809 1691 signati,
859 1628 955 1675 aut
995 1637 1063 1679 ex
1108 1621 1176 1676 iis
1216 1628 1386 1686 certe,
1431 1620 1526 1690 qui
1561 1620 1806 1674 nondum
1842 1620 1980 1675 tales
2016 1630 2166 1685 sunt,

585 1710 969 1780 ejus-scandali
1004 1722 1198 1768 auctor
1235 1713 1422 1768 multa:
1444 1711 1715 1767 obnoxius
1739 1712 1864 1778 erit,
1891 1721 1948 1767 et
1973 1712 2041 1766 ad
2084 1712 2172 1782 ip-

586 1816 709 1856 sum
738 1801 1041 1875 pertinebit
1067 1803 1318 1858 exanime
1363 1802 1617 1869 cadaver,
1667 1801 1723 1856 id
1764 1810 1868 1866 est,
1913 1802 2033 1873 ejus
2061 1803 2172 1857 erit

2277 616 2470 689 βοῦςῆ
2510 617 2659 681 ὄνος,
2706 618 2735 670 ὁ
2782 617 3106 689 πεπονηκὼς
3153 618 3424 671 ἀποτίσει.
3475 608 3614 671 Βοῦν
3654 619 3705 673 δὲ
3746 628 3821 677 καὶ

2273 709 2392 764 ὄνον
2419 710 2673 782 ὀνομάζει
2707 712 2868 766 πάλιν
2889 711 2986 782 οὐχ
3006 709 3215 774 ἁπλῶς,
3247 710 3362 763 ἀλλ’
3394 710 3471 775 ὡς
3499 712 3559 763 ἐν
3584 711 3718 782 λόγῳ
3742 714 3820 782 βι-

2273 802 2391 856 θεῖ·
2442 803 2537 856 καὶ
2594 802 2721 873 βοῦν
2772 802 2872 874 μέν
2918 820 3104 875 φησιν,
3150 803 3237 857 ἵνα
3270 804 3471 875 νοήσῃς
3509 802 3572 856 τὸ
3615 804 3745 874 ἱερόν
3773 824 3820 861 τε

2273 896 2367 949 καὶ
2392 895 2633 966 καθαρὸν
2660 896 2837 964 γένοςε
2862 894 2983 949 δνον
3005 895 3082 960 δὲ,
3103 896 3189 950 ἵνα
3214 898 3401 966 συνῇς,
3426 895 3487 948 τὸ
3514 895 3723 965 ἀνίερον
3744 899 3821 952 καὶ

2272 986 2582 1059 ἀκάθαρτον
2610 1004 2626 1021 ·
2652 988 2713 1041 οὐ
2749 987 2859 1059 γάρ
2891 989 3229 1061 προσάγεται
3260 987 3405 1040 κατά
3438 988 3605 1056 νόμον
3635 989 3708 1050 είς
3747 988 3821 1042 θυ⁴

2275 1078 2396 1130 σίαν
2416 1076 2534 1148 Θεῷ
2569 1078 2626 1131 τὸ
2656 1078 2966 1150 ἀκάθαρτον
2988 1096 3002 1110 ’
3049 1078 3189 1152 ἱερὸν
3225 1078 3283 1131 δέ
3322 1077 3480 1143 γένος
3535 1078 3633 1130 καὶ
3681 1079 3823 1132 καθα-

2274 1167 2367 1239 ρὸν
2395 1163 2532 1222 εἶναί
2564 1186 2763 1240 φαμεν,
2797 1170 2925 1233 τοὺς
2954 1169 3327 1240 ήγιασμένους
3368 1168 3471 1240 ἤδη
3506 1167 3598 1221 διά
3643 1171 3730 1238 τῆς
3752 1170 3824 1222 πίε

2274 1276 2445 1325 στεως
2477 1278 2488 1289 ’
2519 1260 2732 1331 ἀνίερον
2756 1260 2811 1313 δὲ
2853 1260 2950 1313 καὶ
2979 1260 3312 1330 ἀκάθαρτον,
3349 1259 3477 1323 τοὺς
3502 1258 3659 1312 οῧπω
3689 1246 3825 1312 κεκα-

2274 1350 2582 1422 θαρμένους
2621 1352 2709 1406 διὰ
2745 1350 2838 1405 τοῦ
2893 1352 3052 1420 ἁγίου
3108 1350 3508 1421 βαπτίσματος,
3558 1349 3674 1403 ἀλλ’
3707 1352 3824 1403 ἐντε-

2273 1441 2545 1513 τηγμένον
2586 1442 2802 1513 ἔχοντες
2838 1442 2919 1496 ἔτι
2962 1442 3065 1513 τῆς
3110 1442 3387 1514 ἁμαρτίας
3425 1441 3518 1494 τὸν
3560 1440 3823 1511 μολυσμόν.

2274 1534 2499 1606 Ὅμοιον
2545 1530 2640 1589 οὖν
2682 1534 2757 1599 ὡς
2810 1536 2859 1589 εί
2906 1533 3079 1604 λέγοι,
3122 1534 3197 1588 El’
3221 1552 3278 1588 τι
3311 1535 3524 1603 γένοιτο
3567 1532 3823 1604 βλάϐος,ἢ

2273 1623 2403 1696 περί
2438 1641 2562 1678 τινα
2616 1623 2723 1677 τῶν
2760 1624 2861 1695 ἤδη
2911 1623 3362 1695 βεδαπτισμένων
3402 1622 3499 1675 καὶ
3550 1638 3827 1693 κατεσφρα-

2272 1715 2554 1786 γισμὲνων
2591 1714 2680 1768 διά
2719 1714 2820 1785 τῆς
2858 1714 3083 1786 χάριτος
3146 1714 3231 1778 είς
3279 1712 3592 1782 οίκειότητα
3640 1711 3729 1782 τὴν
3766 1712 3827 1775 ὡς

2273 1806 2413 1878 πρὸς
2442 1804 2598 1867 Θεὸν,
2632 1804 2801 1876 ἤγουν
2827 1805 2909 1869 είς
2945 1822 3068 1859 τινα
3103 1803 3269 1875 τυχὸν
3322 1803 3433 1857 τῶν
3481 1802 3642 1857 οὔπω
3683 1802 3826 1855 τοιοῦ-

586 1878 935 1957 morsillius,
961 1894 1057 1963 qui
1083 1894 1344 1949 damnum
1371 1903 1456 1949 est
1484 1909 1695 1964 passus.
1728 1894 1913 1964 itaque
1938 1910 2169 1964 praemo-

2278 1914 2408 1960 των,
2444 1896 2671 1968 ὀφλήσει
2702 1896 2861 1968 δίκην
2899 1896 2929 1949 ό
2968 1895 3064 1950 τοῦ
3094 1895 3399 1949 σκανδάλου
3445 1894 3723 1965 πρόξενος,
3750 1895 3827 1947 καὶ

584 1990 679 2036 net
701 1997 803 2036 nos
834 1982 950 2052 ipse
970 1998 1189 2053 quoque
1211 1983 1479 2047 Salvator,
1504 1983 1731 2038 dicens:
1767 2001 1785 2034 ι
1814 1982 1919 2050 Qui
1941 1983 2171 2038 scanda-

582 2074 833 2129 lizaverit
873 2091 1042 2129 unum
1072 2090 1141 2130 ex
1163 2075 1378 2146 pusillis
1412 2075 1552 2141 istis,
1578 2075 1674 2145 qui
1710 2076 1767 2130 in
1794 2090 1882 2131 me
1911 2075 2167 2140 credunt,

582 2150 807 2237 expe'dit
853 2166 928 2231 ei,
976 2176 1037 2220 ut
1078 2166 1449 2237 suspendatur
1488 2167 1632 2222 mola
1675 2167 1914 2222 asinaria
1942 2168 1996 2223 in
2028 2168 2171 2223 collo

580 2257 720 2328 ejus.
744 2266 801 2313 et
830 2258 1181 2329 demergatur
1203 2258 1259 2313 in
1282 2257 1615 2328 profundum
1637 2257 1807 2313 maris
1829 2256 1917 2311 "°.
1949 2274 1968 2307 ι

2275 1984 2425 2057 αὐτῷ
2453 1988 2606 2056 μενεῖ
2637 1986 2699 2039 τὸ
2739 1985 3023 2057 τεθνηκὸς,
3070 1984 3372 2049 τουτέστιν,
3407 1984 3574 2037 αὑτοῦ
3634 1986 3827 2054 γενήσε-

2275 2095 2365 2131 ται
2402 2077 2498 2130 τοῦ
2534 2077 2801 2141 παθόντος
2840 2078 2869 2130 ό
2897 2076 3146 2140 θάνατος.
3193 2074 3577 2145 Ἀσφαλίζεταί
3626 2091 3690 2143 γε
3723 2074 3828 2141 γοῦν

2278 2166 2375 2220 καὶ
2406 2165 2568 2230 αὐτὸς
2594 2166 2623 2218 ὀ
2649 2165 2839 2237 Σωτὴρ
2866 2166 3015 2236 ἡμᾶς
3046 2164 3254 2232 λέγων·
3291 2182 3310 2214 ι
3346 2166 3444 2227 Ὃς
3487 2163 3591 2217 ἐὰν
3632 2163 3830 2216 σκανδαρ

2276 2257 2405 2330 λίσῃ
2434 2258 2532 2311 ἕνα
2563 2256 2673 2311 τῶν
2705 2255 2919 2328 μικρῶν
2962 2254 3169 2310 τούτων
3212 2254 3323 2308 τῶν
3351 2255 3736 2310 ,πιστευόντων
3766 2262 3828 2317 et;

582 2352 708 2424 ἐμὲ,
757 2353 1027 2424 συμφέρει
1074 2352 1245 2423 αὐτῷ,
1287 2352 1377 2406 ἵνα
1427 2350 1715 2424 κρεμασθῇ
1771 2350 1939 2423 μύλος
1984 2352 2166 2417 ὀνικὸς
2237 2353 2367 2426 περὶ
2403 2352 2496 2407 τὸν
2533 2351 2806 2424 τράχηλον
2847 2350 3015 2406 αὐτοῦ
3080 2351 3178 2406 καὶ
3228 2351 3637 2423 καταποντισθῇ
3690 2352 3741 2405 ἐν
3767 2351 3830 2423 τῷ

583 2447 811 2515 πελάγει
832 2448 932 2518 τῆς
957 2446 1254 2525 θαλάσσης.
1280 2465 1301 2499 ι

652 2536 852 2593 PALL.
878 2538 1047 2593 Recte
1073 2537 1233 2592 dicis.

653 2630 811 2685 C'YR.
839 2630 1020 2685 Facile
1041 2638 1226 2685 autem
1248 2629 1479 2695 videbis,
1509 2630 1632 2685 aliis
1664 2630 1833 2685 etiam
1862 2628 2053 2701 ﬁguris
2083 2629 2169 2683 in-

584 2722 771 2776 dicare
794 2721 994 2791 legem,
1020 2735 1183 2789 quam
1212 2720 1582 2790 periculosum
1607 2720 1678 2776 sit
1699 2734 1951 2790 peccare,
1981 2728 2039 2775 ct
2064 2720 2171 2773 hoc

583 2813 641 2878 in
666 2813 863 2868 fratres
888 2830 905 2867 :
926 2828 1051 2867 nam
1077 2813 1133 2867 in
1156 2827 1244 2877 eo,
1270 2812 1418 2882 quod
1440 2812 1783 2883 percutimus
1804 2826 1997 2867 eorum
2020 2810 2172 2866 inﬁr-

584 2919 729 2973 mam
754 2903 1167 2974 conscientiam,
1195 2911 1385 2957 nostra
1411 2901 1620 2957 oﬂensa
1650 2902 1718 2957 ad
1745 2901 2026 2957 Christum
2048 2916 2173 2971 per-

582 2998 724 3052 tinet
745 2994 832 3049 ⁸⁷⁶.
857 2995 1096 3065 Ideoque
1118 2994 1232 3051 ait:
1266 3014 1284 3046 ι
1315 2993 1474 3062 Quod
1502 2995 1549 3050 si
1574 3009 1830 3066 egressus
1855 2994 1997 3065 ignis
2021 2994 2174 3049 inve-

583 3088 731 3158 nerit
752 3088 958 3159 spinas,
994 3097 1051 3142 et
1079 3086 1243 3142 simul
1272 3087 1622 3143 succenderit
1647 3103 1821 3153 areas,
1849 3094 1944 3141 aut
1969 3086 2169 3157 spicas,

2345 2536 2557 2589 HAAA.
2603 2533 2813 2606 Ὀρθῶς
2840 2532 2997 2606 ἔφης.

2342 2629 2509 2684 ΚΥΡ.
2552 2626 2713 2690 ’Ἰδοις
2737 2625 2782 2679 δ’
2805 2624 2871 2681 ἂν
2897 2623 3139 2688 εὐκόλως
3169 2624 3265 2678 καὶ
3294 2623 3364 2677 δι’
3384 2622 3590 2695 ἐτέρων
3621 2623 3739 2694 ἡμῖν
3764 2622 3830 2674 αξ-

2272 2718 2554 2790 νιγμάτων
2579 2716 2997 2788 παραδηλοῦντα
3020 2715 3112 2769 τὸν
3151 2716 3317 2786 νόμον
3347 2715 3643 2784 σφαλερὸν,
3670 2714 3744 2766 ὅτι
3780 2713 3829 2765 τὸ

2272 2810 2614 2883 πλημμελεῖν
2649 2809 2927 2864 καὶτοῦτο
2952 2810 3032 2872 είς
3054 2808 3340 2878 ἀδελφούς·
3376 2807 3438 2861 τὸ
3472 2807 3585 2878 γὰρ
3635 2805 3829 2859 τύπτειν

2273 2901 2454 2957 αὐτῶν
2486 2897 2821 2955 ἀσθενοῦσαν
2846 2898 2947 2970 τὴν
2983 2898 3311 2969 συνείδησιν,
3332 2898 3412 2961 είς
3438 2896 3675 2969 Χριστὸν
3697 2893 3829 2967 ἡμῶν

2275 2998 2538 3070 ἀναφέρει
2578 2997 2641 3051 τὸ
2691 2996 3040 3068 πλημμελές.
3100 2994 3249 3064 Ἔφη
3306 2990 3524 3044 τοίνυν·
3580 3009 3600 3040 ι
3635 2988 3751 3042 Ἐὰν
3782 2986 3827 3039 δὲ

2273 3090 2488 3158 ἐξελθὸν
2515 3089 2627 3161 πῦρ
2664 3089 2803 3163 εὕρῃ
2855 3088 3102 3151 ἀκάνθας
3134 3086 3231 3141 καὶ
3265 3083 3675 3155 προσεμπρήσῃ
3714 3080 3828 3134 ἀλω-

581 3191 677 3249 aut
712 3197 988 3252 campum,
1023 3182 1289 3247 exsolvet,
1321 3180 1416 3251 qui
1459 3179 1642 3250 ignem
1680 3177 1995 3234 accenderit
2017 3177 2107 3229 ⁸⁸⁸.
2144 3196 2161 3229 ι

2274 3153 2371 3247 νας
2401 3182 2434 3253 ἢ
2471 3153 2802 3253 στάίυαςίῆ,
2837 3180 3039 3243 πεδίον,
3074 3153 3323 3233 ἀποτίσει
3348 3176 3410 3229 τὸ
3593 3174 3623 3225 ό
3650 3173 3826 3242 Evn-3-

579 3276 700 3330 Non
743 3262 893 3341 enim
934 3272 1211 3339 convenit,
1257 3278 1320 3326 ut
1347 3270 1511 3325 simul
1541 3284 1668 3325 cum
1701 3270 1792 3335 iis,
1834 3284 1956 3339 quae
1978 3276 2171 3338 suapte

580 3372 779 3419 natura
808 3362 1034 3427 laedunt,
1061 3362 1228 3417 etiam
1259 3360 1406 3431 quod
1431 3359 1559 3414 usui
1595 3367 1700 3425 cst,
1736 3366 1953 3429 pereat;
1990 3372 2171 3427 neque

582 3472 708 3512 cum
731 3455 1079 3525 silvestribus
1103 3452 1287 3509 simul.
1313 3459 1691 3515 consumatur,
1718 3449 1865 3522 quod
1890 3448 2169 3516 excultum

581 3555 693 3615 est,
1752 3536 1755 3537 ⁷

653 3639 852 3694 PALL.
887 3638 1006 3705 Quo
1030 3638 1251 3713 tandem
1278 3637 1426 3693 istud
1460 3636 1625 3692 modo
1647 3638 1673 3690 ?

651 3730 810 3786 ΟΥΕ.
857 3730 1055 3786 Annon
1092 3730 1266 3800 spinis
1310 3728 1585 3786 montanis
1631 3738 1798 3799 atque
1823 3728 2172 3785 silvestribus

580 3821 1099 3893 convenientissime
1119 3821 1424 3892 comparari
1441 3828 1670 3892 possunt
1689 3820 1982 3890 impiorum
1998 3821 2172 3877 hatre-

583 3914 819 3981 ticorum
842 3914 1067 3982 scripta,
1092 3923 1149 3970 et
1173 3913 1461 3985 gentilium
1499 3913 1817 3985 dogmatum
1842 3913 2171 3984 praestigiae?

579 4022 709 4061 nam
753 4023 875 4077 quae
918 4006 1045 4061 inde
1072 4006 1280 4061 utilitas
1312 4006 1366 4061 in
1401 4007 1614 4061 animos
1641 4006 1923 4061 hominum
1951 4022 2168 4077 perma-

578 4111 715 4152 nare
739 4096 955 4167 possit?
977 4097 1088 4151 imo
1112 4111 1266 4161 vero,
1291 4110 1415 4165 quae
1440 4110 1552 4149 non
1577 4094 1851 4164 pernicies
1878 4095 1946 4150 iis
1968 4095 2168 4150 aﬂ‘era-

578 4198 691 4254 tur,
738 4189 830 4260 qui
868 4190 961 4244 illa
1005 4190 1061 4243 in
1098 4188 1342 4243 animum
1369 4188 1663 4242 admittere
1689 4187 2172 4259 voluerint?lgnis

576 4282 726 4336 enim
768 4280 1035 4335 duntaxat
1070 4280 1291 4335 altrices
1318 4288 1445 4335 sunt
1471 4278 1642 4349 spina:
1668 4287 1725 4333 et
1744 4278 1975 4334 ﬂamma:
1997 4279 2170 4350 pabu-

575 4373 692 4427 lum
712 4388 733 4445 ;⁴
756 4370 1003 4442 ﬂammas
1032 4371 1223 4426 itidem
1254 4371 1415 4426 nobis
1439 4370 1750 4426 accendunt
1777 4371 2167 4441 sempiternas,

577 4467 738 4537 251
763 4481 888 4533 cum
913 4481 1055 4521 vana
1077 4465 1381 4539 errantium
1400 4465 1674 4536 dogmata,
1693 4473 1810 4519 tum
1834 4479 1966 4521 vero
1996 4463 2167 4519 idolo-

578 4544 847 4625 latrarum
868 4558 1044 4613 aniles
1068 4558 1303 4613 Fabulae:
1331 4558 1480 4628 spica
1504 4572 1673 4628 porro
1693 4566 1749 4613 et
1771 4557 2016 4612 triticum
2040 4573 2167 4612 sua-

575 4650 838 4720 vissimus
850 4659 934 4704 est
960 4649 1137 4719 cibus,
1155 4659 1210 4705 et
1228 4649 1541 4704 hominibus
1556 4650 1623 4704 ad
1638 4650 1971 4705 vescendum
1990 4650 2165 4720 aptis-

500 4726 522 4747 ”
575 4742 771 4812 simus,
796 4751 854 4798 ct
888 4742 958 4815 ad
999 4757 1159 4797 usum
1198 4742 1570 4807 necessarius;
1599 4743 1847 4806 continet
1872 4742 2021 4796 enim
2063 4756 2167 4796 nos

575 4837 631 4891 in
663 4837 810 4902 vita;
845 4844 901 4891 et
941 4835 1121 4907 ﬁgura
1154 4849 1276 4889 esse
1317 4834 1522 4904 poterit
1555 4835 1872 4905 dOgmatum
1892 4834 2163 4898 veritatis,

572 4941 675 4996 per
703 4941 825 5001 quae
854 4941 976 4990 nos,
1001 4924 1099 4995 qui
1124 4923 1424 4988 credimus,
1455 4922 1695 4989 Christo,
1724 4932 1983 4993 tanquam
2022 4938 2164 4994 pane

574 5016 783 5071 viventi
812 5032 875 5071 ac
906 5030 1063 5081 vero,
1102 5014 1401 5086 pascimur.
1444 5015 1659 5070 Rursus
1690 5029 1916 5084 campus
1936 5023 2021 5070 est
2043 5014 2164 5084 pla—

573 5121 699 5173 nus,
726 5114 782 5173 et
804 5106 1031 5161 minime
1055 5094 1218 5175 asper
1241 5105 1330 5172 iis,
1356 5104 1451 5176 qui
1478 5114 1628 5161 recte
1661 5120 1761 5176 per
1785 5098 1940 5160 illum
1972 5104 2167 5159 ambu-

2272 3292 2391 3338 σας.
2428 3293 2445 3325 ι
2484 3274 2558 3326 Οὐ
2589 3272 2700 3344 γάρ
2739 3290 2821 3326 τοι
2872 3272 3141 3345 προσήκει
3181 3271 3295 3332 τοῖς
3328 3268 3537 3322 ἀδικεῖν
3586 3264 3827 3334 πεφυκόσι

2273 3365 2676 3419 συνδιόλλυσθαι
2718 3364 2781 3417 τὸ
2808 3363 3064 3435 χρηστὸν,
3089 3362 3209 3416 οὐδὲ
3252 3362 3365 3427 τοῖς
3404 3359 3621 3431 ἀγρίοις
3665 3354 3827 3411 συνδα-

2271 3456 2548 3512 πανᾶσθαι
2573 3456 2634 3511 τὸ
2654 3458 2886 3529 ἥμερον.

2341 3632 2553 3687 ΠᾹΛΛ.
2579 3631 2703 3697 Πῶς
2730 3631 2865 3701 ἔφης
2887 3646 2902 3695 ;
3640 3699 3646 3704 _

2340 3724 2506 3779 ΚΥΡ.
2556 3726 2626 3778 Ἤ
2656 3724 2766 3796 γάρ
2798 3722 2919 3793 οὐχὶ
2941 3723 3061 3785 ταῖς
3080 3723 3140 3775 ἐν
3163 3721 3315 3794 δρεσί
3344 3738 3405 3774 τε
3434 3720 3530 3775 καὶ
3580 3720 3637 3775 ἐν
3659 3719 3826 3789 ἀγροῖς

2271 3799 2538 3882 ἀκάνθαις
2587 3817 2979 3889 παρεικάξοιτο
3034 3814 3102 3868 ἂν
3128 3815 3354 3880 εἰκότως
3378 3815 3447 3869 τά
3473 3814 3583 3869 τῶν
3623 3812 3825 3867 ἀνοσίων

2272 3910 2567 3983 αίρετικῶν
2602 3910 3034 3983 συγγράμματα,
3080 3907 3177 3961 καί⁸
3223 3908 3258 3978 ἡ
3315 3907 3428 3962 τῶν
3453 3906 3584 3978 παρ’
3625 3904 3824 3971 Ἕλλησι

2272 3994 2560 4074 δογμάτων
2582 4002 2836 4074 τερθρεία
2858 4020 2871 4067 ;
2905 4001 2990 4065 τίς
3014 3999 3125 4072 γὰρ
3150 4000 3219 4053 ἀν
3244 3998 3457 4069 γένοιτο
3480 4001 3599 4062 ταῖς
3629 3997 3731 4051 τῶν
3752 3997 3824 4047 ἀν-

2272 4094 2507 4167 θρώπων
2540 4095 2738 4165 ψυχαῖς
2781 4092 2989 4147 ἐκεῖθεν
3019 4095 3051 4164 ἡ
3104 4092 3313 4163 ὄνησις,
3350 4090 3549 4163 μᾶλλον
3578 4092 3633 4144 δὲ
3694 4090 3825 4141 ποῖον

2270 4186 2369 4239 οὐκ
2400 4184 2551 4238 ἔσται
2583 4184 2780 4257 βλάϐος
2804 4186 2918 4248 τοῖς
2947 4186 3028 4247 είς
3049 4182 3176 4237 νοῦν
3218 4183 3495 4237 ἐθέλουσιν
3529 4184 3702 4235 ἐκεῖνα
3738 4180 3821 4231 1:1-

2271 4277 2419 4346 6εῖν;
2446 4279 2628 4350 Πυρὸς
2650 4278 2832 4331 τοίνυν
2855 4276 3017 4348 μόνου
3044 4275 3264 4347 τροφὸς,
3289 4276 3323 4345 ἡ
3348 4273 3579 4341 άκανθα,
3600 4271 3687 4326 καὶ
3710 4271 3821 4338 φλο-

2270 4371 2365 4440 γὸς
2393 4370 2681 4442 διατροφὴ.
2725 4368 3072 4423 ’Δνακαίουσι
3096 4368 3153 4422 δέ
3194 4368 3289 4420 καὶ
3332 4367 3539 4437 φλόγας
3578 4366 3703 4436 ἡμῖν
3738 4363 3823 4425 τὰς

2272 4463 2351 4525 είς
2400 4459 2574 4514 αἰῶνα
2615 4460 2711 4514 καὶ
2749 4459 2860 4514 τῶν
2896 4460 3330 4531 πεπλανημένων
3357 4458 3429 4512 τά
3469 4457 3679 4527 ἐξίτηλα
3717 4455 3824 4522 δόγ-

2273 4548 2439 4627 ματα,
2482 4553 2577 4606 καὶ
2614 4552 2683 4606 τά
2711 4551 2818 4606 τῶν
2849 4550 3253 4622 είδωλολατρῶν
3291 4549 3617 4621 γραοπρεπῆ
3666 4546 3823 4617 μυθάο

2271 4663 2382 4718 ρια·
2424 4645 2664 4716 ἄσταχυς
2695 4645 2752 4698 δέ
2782 4644 2877 4699 καὶ
2914 4645 3080 4711 σῖτος,
3117 4642 3449 4715 ἡμερωτάτη
3499 4640 3681 4714 τροφὴ,
3737 4638 3823 4691 καὶ

2267 4736 2576 4810 ἀνθρώποις
2632 4737 2889 4808 ἐδώδιμα,
2946 4738 3041 4790 καὶ
3097 4737 3368 4804 ἀναγκαῖα
3422 4734 3561 4805 πρὸς
3615 4733 3823 4803 δνησιν·

2269 4830 2492 4900 συνέχει,
2521 4830 2629 4900 γάρ
2663 4830 2811 4900 ἡμᾶς
2836 4830 2917 4892 εἰς
2966 4828 3131 4900 ζωὴν,
3160 4826 3253 4881 καὶ
3289 4827 3461 4891 τύπος
3501 4826 3569 4881 ἂν
3608 4826 3686 4895 είη
3723 4821 3823 4875 τῶν

2268 4921 2368 4992 τῆς
2394 4921 2655 4993 ἀληθείας
2684 4921 2991 4992 δογμάτων,
3022 4921 3090 4975 δι’
3122 4914 3197 4975 ὧν
3228 4922 3278 4974 οἱ
3302 4918 3720 4979 πεπιστευκότες
3754 4916 3823 4978 ὡς

2263 5013 2414 5085 ἄρτῳ
2464 5013 2626 5079 ζῶντι
2668 5013 2989 5085 τρεφόμεθα
3040 5016 3137 5068 καὶ
3176 5012 3439 5085 ἀληθινῷ,
3486 5012 3563 5084 τῷ
3597 5008 3820 5083 Χριστῷ.

2266 5107 2424 5160 Ἔστι
2451 5106 2509 5160 δὲ
2541 5101 2609 5160 αὖ
2643 5106 2825 5173 πεδίον
2847 5106 2991 5159 λεῖον
3020 5105 3210 5177 ὥσπερ
3242 5123 3296 5158 τι
3331 5106 3426 5159 καὶ
3469 5104 3689 5176 ἀτραχυ,
3720 5102 3825 5163 τοῖς

573 5197 689 5257 lare
722 5206 948 5263 norunt,
975 5184 1264 5268 Scriptura
1291 5196 1557 5252 divinitus
1583 5196 1846 5267 inspirata
1871 5213 1885 5251 :
1919 5215 1938 5251 ι
1967 5194 2164 5251 Omnia

2272 5197 2588 5269 διαστείχειν
2604 5197 2800 5251 εἰδόσιν
2815 5196 3042 5269 ὀρθῶςὴ
3061 5197 3418 5260 θεόπνευστος
3432 5197 3641 5269 Γραφήο
3658 5216 3670 5240 ι
3690 5192 3824 5246 Hav-

574 5286 724 5357 enim
760 5287 816 5341 in
850 5298 1144 5359 prospectu
1182 5298 1312 5345 sunt
1341 5289 1429 5353 iis,
1467 5287 1561 5358 qui
1596 5287 1907 5358 intelligunt
1929 5288 2016 5351 '9’,
2051 5308 2068 5337 ι
2104 5295 2165 5341 ιιι

2272 5307 2331 5343 τα
2372 5290 2480 5362 γὰρ
2520 5290 2751 5345 ἐνώπιον
2797 5276 2910 5353 τοῖς
2961 5282 3254 5352 comeset,»
3309 5287 3452 5342 κατά
3508 5288 3564 5341 τὸ
3596 5302 3824 5356 γεγραμ-

576 5377 845 5448 scriptum
864 5390 975 5444 est,
1006 5399 1025 5431 ι
1053 5389 1109 5435 ct
1131 5390 1279 5437 recta
1304 5379 1714 5434 invenientibus
1733 5379 2018 5434 scientiam
2045 5379 2107 5433 ⁸ο.
2138 5400 2154 5430 ι

2272 5384 2430 5454 μένον
2452 5400 2467 5414 ⁸
2512 5405 2529 5435 ι
2556 5386 2651 5438 καὶ
2679 5383 2816 5456 όρθά
2832 5368 2944 5448 τοῖς
2978 5384 3294 5455 εὑρίσκουσι
3321 5382 3549 5450 γνῶσιν,
3580 5401 3595 5431 ι
3630 5363 3823 5431 Οὐκοῧν

575 5469 747 5541 igitur
779 5471 935 5539 spina
959 5472 1181 5541 quidem
1209 5480 1292 5528 est
1330 5473 1422 5527 illa
1453 5487 1841 5542 perversorum
1874 5472 2161 5526 hominum

2272 5475 2480 5545 ixqvﬂat
2505 5476 2605 5546 μὲν
2662 5478 2695 5547 ἡ
2744 5475 3115 5547 μυσαρωτάτη
3140 5474 3234 5527 καὶ
3274 5472 3501 5544 βέϐηλος
3546 5472 3823 5541 ἀθυροστο-

574 5563 926 5619 exsecrabilis
946 5565 1180 5621 maxime
1205 5575 1260 5621 et
1289 5566 1518 5636 profana
1540 5567 1846 5637 loquacitas
1873 5584 1884 5619 :
1915 5566 2159 5621 triticum

2272 5567 2367 5638 μία
2407 5566 2516 5620 τῶν
2556 5566 3004 5638 διεστραμμένων
3030 5583 3043 5597 ·
3105 5567 3251 5628 σῖτος
3289 5557 3353 5633 δὲ
3409 5563 3503 5616 καὶ
3536 5563 3758 5631 ἄσταχυς
3793 5558 3821 5611 ό

555 5667 708 5760 'vero
733 5659 788 5709 ct
823 5654 971 5724 spica
1006 5669 1190 5710 sermo
1214 5656 1487 5722 veritatis,
1521 5656 1615 5727 qui
1640 5657 1840 5713 animis
1865 5657 2158 5713 utilitatem

2272 5655 2591 5729 Ψυχωφελής
2632 5675 2693 5711 τε
2746 5658 2841 5711 καὶ
2878 5656 3293 5728 τροφιμώτατος
3324 5654 3425 5727 τῆς
3452 5652 3691 5727 ἀληθείας
3730 5650 3819 5704 λόο

680 5830 747 5873 ’ν
780 5832 967 5901 Matth.
1000 5851 1146 5901 xviii,
1180 5837 1229 5892 G.
1294 5837 1358 5867 ⁵⁷⁸
1394 5837 1560 5893 lCor.
1593 5855 1703 5903 vm,
1748 5839 1825 5894 1:3.
1886 5838 2143 5895 “’"Exod.
2170 5854 2297 5903 λιιι,
2342 5839 2390 5892 6.
2468 5839 2530 5871 ⁸³⁸
2557 5838 2687 5909 Sap.
2728 5853 2799 5899 ix,
2840 5837 2919 5891 16.
2975 5838 3017 5866 "“
3041 5837 3201 5891 l‘rov.
3237 5835 3429 5901 vni,9.
