4072 6532
335 380 443 440 {-33

1016 383 1106 439 ma
1146 381 1588 440 ADORATIONE
1627 380 1696 438 IN
1737 378 2010 439 srnmu
2051 376 2140 435 ET
2172 376 2542 433 VERITATE.
2584 360 2713 433 LIB.
2754 363 2888 433 vin.

3494 374 3607 440 556'

332 512 431 565 γος
457 513 473 528 ο
500 494 658 565 ψιλὸν
685 496 742 550 δὲ
787 496 989 563 πεδίον,
1026 500 1061 570 ἡ
1100 499 1456 563 θεόπνευστος
1480 500 1692 571 Γραφή.
1743 499 1902 552 Ὀτακ

2014 495 2194 561 ali‘ert,
2215 502 2271 550 ct
2290 494 2359 549 ad
2381 493 2741 548 nutriendum
2759 500 2843 549 est
2868 493 3183 564 aptissimus
3200 490 3221 561 ξ
3249 488 3445 565 piauus
3464 513 3596 552 vero

331 586 517 641 τοίνυν
543 584 634 641 οἷά
664 604 769 659 περ
789 587 1062 660 φλόγες,ἢ
1094 590 1203 662 πῦρ
1227 594 1340 654 τοῖς
1367 591 1475 644 τῶν
1502 590 1826 662 ἑτεροδόξων
1851 608 1912 644 τε

332 680 429 732 καλ⁵
458 679 725 750 Ἐλλήνων
743 683 1098 751 φενακισμοῖς
1124 683 1177 735 οἱ
1204 682 1311 737 τῶν
1342 683 1513 751 ἀγίων
1536 683 1916 753 μυσταγωγῶν

330 770 653 838 ἑπιφύοιντο
700 770 869 841 λόγοι,
907 773 1021 835 τοῖς
1052 773 1151 843 τῆς
1194 772 1452 842 ἀληθείας
1491 773 1916 846 συνηγοροῦντες

326 861 592 932 δόγμασι,
622 862 719 917 καὶ
747 862 816 916 τά
844 864 985 918 κατά
1031 863 1199 935 μόνης
1234 865 1420 918 ἰόντων
1461 864 1707 937 ἀκάνθης
1746 866 1905 937 φησι,

327 954 430 1007 καὶ
466 954 923 1025 καταφλεγόντων
980 954 1082 1026 μὲν
1120 954 1195 1021 ὡς
1232 955 1509 1027 ἄχρηστον
1558 955 1653 1010 καὶ
1712 956 1912 1029 ἀγρίαν

323 1045 489 1116 ὓλην,
525 1046 596 1099 τά
658 1047 787 1117 παρ’
832 1047 1062 1112 ἐκείνοις
1114 1048 1545 1120 συγγράμματα,
1583 1047 1659 1120 μὴ
1708 1048 1914 1103 συναδι-

323 1137 580 1197 κούντων
620 1137 679 1191 δὲ
708 1140 856 1193 σῖτον
905 1139 939 1211 ἢ
972 1140 1234 1211 ἀσταχυν,
1268 1140 1566 1206 τουτέστιν,
1596 1139 1912 1212 ηφέτωσαν

316 1231 377 1281 οι
407 1230 779 1300 μυσταγωγοὶ,
810 1230 887 1301 μὴ
927 1230 1037 1301 ἄρα
1063 1249 1118 1286 τι
1171 1233 1631 1304 καταπημήνειαν
1671 1232 1782 1287 τῶν
1813 1233 1913 1304 τῆς

314 1318 591 1388 ἀληθείας
620 1319 929 1391 δογμάτων·
957 1321 991 1392 ἢ
1025 1322 1180 1387 ἵστω,
1217 1323 1403 1394 φησὶν,
1434 1323 1463 1376 6
1494 1323 1592 1377 σὺν
1640 1323 1910 1395 ἀσφαλείᾳ

314 1410 491 1464 τοῦτο
530 1412 665 1483 δρᾷν
702 1412 803 1466 οὐκ
863 1412 1210 1485 ἀνεχόμενος,
1237 1414 1315 1478 ὡς
1375 1413 1541 1487 εἴπερ
1586 1432 1642 1468 τι
1699 1416 1910 1484 γένοιτο

313 1503 877 1575 συγκαταφλεχθῆναι
913 1507 1026 1570 τοῖς
1049 1504 1276 1575 φαύλοις
1319 1505 1430 1561 τῶν
1466 1507 1780 1577 ἀναγκαίων
1828 1508 1910 1571 είς

308 1590 536 1663 δνησιν,
564 1595 812 1649 ἀποτίσει
840 1596 941 1667 τῆς
958 1596 1292 1669 ἀπροσεξίας
1315 1598 1444 1661 τοὺς
1474 1597 1683 1667 λόγους.
1710 1598 1909 1654 Δίσθά-

307 1701 395 1757 νῃ
428 1685 497 1757 δὴ
514 1681 609 1740 οὖν
630 1687 767 1758 ὅσην
780 1688 930 1758 ἡμᾶς
953 1687 1226 1742 ποιεῖσθαι
1255 1687 1355 1760 τὴν
1380 1689 1540 1760 ὲπιτή
1550 1705 1707 1760 ρησιν
1732 1706 1904 1762 προσ-

2016 601 2242 656 campus
2264 586 2449 639 divina
2468 585 2772 655 Scriptura.
2793 584 2929 640 Cum
2952 585 3115 656 igitur
3136 586 3192 639 in
3213 586 3596 643 haereticorum

2015 679 2414 749 gentiliumque
2448 676 2705 747 ﬁgmenta
2741 684 3058 732 sanctorum
3085 677 3373 733 doctorum
3404 680 3592 745 verba,

2015 769 2285 839 dogmatis
2307 767 2557 822 veritatis
2578 768 2945 837 patrocinium
2966 768 3219 834 ferentia,
3253 770 3592 826 ﬂammarum

2014 870 2109 915 aut
2130 860 2272 931 ignis
2297 859 2491 925 instar,
2520 859 2785 929 impetum
2810 857 3063 923 fecerint,
3099 876 3197 930 per
3233 861 3419 930 spinas
3448 862 3589 916 dun-

2014 957 2166 1005 taxat
2190 950 2513 1014 decurrant,
2538 950 2740 1019 inquit,
2765 957 2821 1005 et
2850 950 3069 1005 illorum
3098 951 3301 1021 scripta
3334 960 3591 1023 tanquam

2012 1039 2264 1095 inutilem
2302 1040 2720 1110 silvestremque
2760 1040 3046 1096 materiam
3084 1042 3441 1109 comburant;
3481 1058 3591 1097 non

2011 1140 2196 1188 autem
2230 1132 2394 1188 simul
2420 1133 2663 1187 triticum
2691 1140 2787 1188 aut
2816 1134 2996 1203 spicas
3029 1134 3247 1200 laedant,
3289 1134 3345 1189 id
3373 1146 3478 1199 est,
3505 1144 3592 1190 at-

2012 1222 2241 1278 tendant
2266 1224 2540 1289 doctores,
2569 1238 2638 1278 ne
2664 1224 2796 1294 quid
2820 1226 3082 1281 violente
3102 1225 3369 1297 dogmatis
3393 1227 3593 1281 verita-

2010 1315 2081 1370 tis
2110 1316 2259 1371 :‘aut
2281 1316 2437 1383 sciat,
2470 1317 2669 1385 inquit,
2694 1317 2811 1387 qui,
2838 1317 2893 1372 id
2926 1326 2987 1373 ut
3019 1326 3182 1374 caute
3217 1318 3444 1383 faceret,
3480 1334 3594 1373 non

2008 1409 2300 1474 laboravit,
2346 1409 2394 1464 si
2428 1408 2561 1479 quid
2592 1424 2806 1475 eorum,
2842 1426 2967 1480 qua:
2998 1410 3064 1465 ad
3092 1425 3251 1465 usum
3280 1411 3591 1465 necessaria

2008 1510 2158 1568 sunt,
2198 1502 2361 1557 simul
2401 1518 2533 1557 cum
2565 1503 2780 1558 vitiosis
2812 1502 3149 1575 conﬂagrare
3182 1503 3494 1574 contigerit,
3532 1518 3600 1557 sc.

2007 1612 2199 1667 pmnas
2222 1596 2603 1666 imprudentiae
2625 1597 2903 1652 daturum.
2926 1596 3183 1653 Advertis
3206 1596 3393 1668 igitur,
3417 1613 3590 1667 quan-

2007 1696 2117 1743 tam
2144 1703 2245 1743 nos
2265 1689 2530 1745 adbibere
2552 1690 2860 1745 cautionem
2885 1689 3110 1761 jusserit
3140 1690 3441 1762 legislator,
3468 1690 3590 1745 ubi-

306 1778 557 1848 τέταχεν
597 1779 627 1832 6
664 1778 992 1849 νομοθετῶν,
1020 1780 1121 1850 τῆς
1159 1781 1240 1843 είς
1290 1780 1554 1850 ἀδελφοὺς
1585 1781 1805 1852 ἀγάπης
1844 1782 1902 1837 τὸ

2006 1796 2112 1851 que
2137 1781 2423 1837 charitatis
2445 1782 2503 1836 in
2523 1780 2726 1838 fratres
2751 1781 3123 1839 sinceritatem
3159 1798 3355 1853 puram
3392 1789 3449 1839 et
3480 1782 3595 1836 im-.

306 1867 619 1939 εἰλικρινὲς
648 1868 916 1925 ἀθόλωτον
947 1870 1247 1936 ἀποσώζων
1278 1871 1563 1943 πανταχῆς

393 1959 605 2014 ΠΑΛΛ.
638 1959 894 2033 Συνίημι.

2006 1872 2383 1942 perturbatam
2423 1887 2652 1929 servans
2664 1874 2697 1928 ἲν

2076 1961 2274 2017 PALL.
2310 1962 2587 2034 Intelligo...

298 2175 3567 2209 Μ

888 2362 1281 2489 ΠΕΡΙ
1380 2364 1721 2567 ΤΗΣ
1825 2363 2032 2489 ΕΝ
2146 2357 3025 2496 ΠΝΕΥΜΑΤΙ

1570 2620 1766 2711 ΚΑΙ
1838 2619 2328 2714 ΑΛΗΘΕΙΑ

748 2837 1968 2955 ΠΡΟΣΚΥΝΗΣΕΩΣ
2042 2838 2319 2951 ΚΑΙ
2411 2833 3154 2954 ΛΑΤΡΕΙΑΣ

1497 3077 1864 3213 ΛΟΓΟΣ
1939 3076 2409 3168 οΓΔοοΣ.

445 3403 629 3547 DE
741 3400 1663 3519 ADORATIONE
1758 3406 1941 3521 ET
2039 3406 2517 3527 CULTU
2630 3408 2775 3527 IN
2893 3410 3475 3531 SPlRlTU

1475 3670 1641 3773 ET
1736 3668 2399 3777 VEBITATE

1417 3910 1778 3995 LIBER
1875 3913 2475 3997 OCTAVUS.
2546 3900 2555 3908 ’

301 4220 443 4272 Ἔτι
479 4218 613 4295 περὶ
663 4217 904 4295 ἀγάπης
956 4218 1068 4287 τῆς
1110 4221 1199 4295 εὶς
1248 4219 1574 4295 ἀδελφοὺς.
1604 4222 1715 4277 καις
1742 4224 1893 4278 κατὰ

2003 4225 2130 4281 Item
2163 4226 2228 4281 de
2263 4225 2524 4280 charitate
2555 4227 2609 4279 in
2634 4226 2848 4295 fratres,
2886 4234 2935 4279 et
2961 4185 3025 4279 de
3048 4242 3107 4279 eo
3131 4228 3220 4295 qui
3248 4227 3460 4295 furatur
3486 4228 3575 4284 vi-

490 4288 597 4343 τοῦ
640 4287 1010 4355 κλέπτον-τος
1056 4291 1299 4359 μόσχον
1326 4290 1363 4359 ἦ
1398 4287 1714 4360 πρόϐατον.

386 4400 733 4472 Πανταχόθεν
781 4401 845 4473 δὴ
902 4396 1016 4467 οὖν,
1046 4396 1092 4457 ὦ
1118 4402 1404 4469 Παλλάδιε,
1438 4406 1587 4476 πάρα
1617 4423 1701 4459 σοι
1726 4409 1890 4471 νοεῖν,

297 4495 389 4557 ὡς
422 4494 616 4565 ὀρθούς
660 4510 723 4547 τε
770 4492 867 4547 καὶ
908 4494 1159 4564 ἀκριϐεῖς
1185 4496 1330 4564 ἄγαν.
1364 4496 1636 4549 ποιεῖσθαι
1678 4496 1894 4552 κελεύει

298 4587 413 4656 τῆς
448 4585 839 4656 μυσταγωγίας
878 4587 1005 4650 τοὺς
1052 4585 1248 4655 λόγους
1281 4588 1377 4642 καὶ
1424 4589 1454 4640 6
1503 4589 1677 4644 πάλαι
1704 4590 1889 4661 νόμος.

301 4678 431 4733 Οὐκ
458 4677 694 4749 ἀζήμιον
722 4678 780 4732 δὲ
812 4679 931 4742 τοῖς
975 4677 1252 4751 ὲξαπατᾷν
1293 4678 1509 4734 εἰωθόσι
1549 4679 1657 4734 τῶν
1703 4680 1894 4735 ἀπλουο

304 4770 525 4841 στέρων
553 4770 705 4835 τινάς
738 4770 798 4823 τὸ
829 4774 1018 4843 χρῆμα
1053 4772 1247 4837 τιθεὶς,
1284 4772 1387 4845 ἔφη
1410 4772 1573 4827 πάλιν
1591 4791 1605 4805 ·
1642 4794 1661 4827 ι
1685 4773 1810 4828 Ἐὰν
1836 4774 1894 4829 δέ

301 4878 399 4924 τις
424 4860 599 4931 κλέψῃ
647 4861 848 4932 μόσχον
879 4862 912 4933 ἢ
942 4863 1235 4934 πρόϐατον,
1266 4863 1362 4918 καὶ
1396 4864 1572 4937 σφάξῃ
1601 4865 1635 4936 ἢ
1664 4865 1889 4919 ἀποδῶ-

299 4971 428 5017 ται,
465 4952 626 5006 πέντε
682 4954 917 5025 μόσχους
953 4955 1205 5010 ἀποτίσει
1257 4956 1379 5011 ἀντὶ
1419 4956 1513 5010 τοῦ
1545 4958 1769 5029 μόσχου,
1801 4958 1896 5011 καὶ

302 5044 559 5114 τέσσαρα
588 5044 839 5116 πρόϐατα
867 5047 992 5100 ἀντὶ
1027 5046 1122 5100 τοῦ
1151 5046 1448 5118 προϐάτου.
1492 5047 1619 5103 Ἐἀν
1651 5048 1709 5102 δὲ
1737 5050 1796 5103 ὲν
1816 5048 1895 5120 τῷ

300 5136 642 5207 διορύγματι
663 5136 860 5209 εὑρεθῇ
899 5139 929 5190 6
962 5136 1221 5208 κλέπτης,
1249 5139 1345 5191 καὶ
1368 5138 1597 5210 πληγεὶς
1624 5139 1895 5212 ἀποθάνῃ,

303 5228 417 5280 οὐκ
442 5226 591 5281 ἔστιν
620 5227 769 5298 αύτῴ
807 5228 967 5296 φόνος
991 5245 1005 5259 ο
1044 5228 1138 5283 ὲάν
1165 5229 1222 5282 δὲ
1259 5229 1516 5303 ἀνατείλῃ
1560 5230 1589 5283 6
1628 5229 1780 5301 ἥλιος
1809 5228 1897 5284 ἐπ’

304 5317 485 5389 αύτῷ,
537 5318 721 5389 ἔνοχος
766 5319 940 5385 ἔσται,
977 5320 1454 5375 ἀνταποθανεῖται.
1522 5321 1652 5376 Ἐὰν
1707 5321 1764 5375 δὲ
1821 5321 1897 5394 μὴ

308 5411 539 5481 ὑπάρχῃ
584 5409 757 5481 αὐτῷ,
805 5411 1073 5483 πραθήτω
1115 5413 1236 5466 ἀντὶ
1274 5412 1368 5466 τοῦ
1412 5412 1727 5485 κλέμματος
1751 5430 1765 5444 ’
1800 5412 1896 5469 ἐὰν

303 5503 371 5558 δὲ
398 5502 726 5574 καταληφθῇ
757 5504 853 5557 καὶ
873 5494 1074 5576 εὗρεθῇ
1097 5504 1155 5557 ὲν
1183 5508 1252 5576 τῇ
1284 5506 1427 5577 χειρὶ
1456 5504 1624 5559 αὐτοῦ
1649 5504 1894 5575 κλέμμα,

304 5596 426 5667 ἀπό
458 5613 517 5649 τε
555 5596 679 5648 ὄνου
707 5596 802 5649 καὶ
847 5596 953 5660 ἕως
993 5596 1268 5667 προϐάτου
1318 5598 1517 5668 ζῶντα,
1551 5596 1717 5657 διπλᾶ
1757 5598 1892 5652 ἀπο-

308 5689 460 5742 τίσει
487 5688 648 5742 αὑτά.
679 5706 697 5739 ι

381 5802 428 5834 ⁸⁸
449 5803 624 5859 Exod.
654 5819 784 5870 χχιι,
814 5804 830 5857 l
856 5820 1007 5875 seqq.

2531 4296 2723 4361 mlum,
2750 4304 2844 4349 aut
2866 4311 3028 4349 ovem.

2064 4409 2223 4480 252
2251 4409 2501 4478 Undique
2528 4409 2715 4479 igitur,
2761 4408 2986 4475 Palladi,
3029 4409 3342 4480 perspicere
3376 4418 3556 4480 potes,

1992 4516 2156 4571 quam
2178 4508 2325 4555 recte
2347 4516 2411 4555 ac
2435 4500 2727 4570 diligenter
2748 4500 2817 4555 de
2837 4506 3154 4556 nostrorum
3180 4501 3569 4573 mysteriorum

1994 4593 2204 4647 ratione
2219 4592 2491 4647 disserere
2512 4590 2690 4662 prisca
2714 4606 2931 4661 quoque
2956 4592 3045 4647 lex
3064 4592 3274 4664 jubeat.
3290 4592 3408 4648 Jam
3434 4607 3571 4648 vero

1994 4685 2063 4742 iis
2074 4685 2167 4755 qui
2184 4683 2545 4754 simpliciores
2572 4682 2838 4754 quosdam
2866 4682 3121 4754 decipere
3140 4694 3567 4750 consueverunt,

1992 4793 2114 4833 eam
2142 4792 2257 4833 rem
2286 4792 2395 4831 non
2427 4775 2659 4831 inultam
2682 4790 2804 4831 esse
2840 4775 3049 4842 sinens,
3077 4791 3270 4831 rursus
3304 4776 3384 4830 ait
3410 4793 3425 4831 :
3454 4796 3472 4826 ι
3511 4775 3569 4832 Si

1993 4867 2119 4937 quis
2139 4866 2354 4921 furatus
2379 4864 2548 4921 fuerit
2572 4864 2766 4921 bovem
2791 4872 2887 4919 aut
2904 4881 3083 4931 ovem,
3112 4873 3168 4920 et
3188 4866 3451 4921 occiderit
3475 4878 3573 4921 aut

1994 4958 2323 5023 vendiderit,
2359 4955 2602 5027 quinque
2630 4957 2832 5011 vitulos
2856 4957 3131 5026 persolvet
3157 4971 3257 5026 pro
3293 4955 3487 5021 vitulo,
3512 4966 3572 5013 et

1994 5058 2231 5121 quatuor
2254 5065 2386 5105 oves
2407 5064 2508 5119 pro
2537 5063 2639 5104 ove
2663 5068 2675 5101 :
2701 5047 2845 5118 quod
2884 5047 2932 5102 si
2966 5045 3287 5117 perfodiens
3316 5045 3574 5103 inventus

1995 5140 2161 5195 fuerit
2181 5139 2289 5205 fur,
2316 5147 2373 5194 ct
2394 5152 2691 5209 percussus
2724 5144 2977 5192 mortuus
3000 5136 3189 5201 fuerit,
3226 5151 3337 5190 non
3371 5146 3457 5192 est
3481 5138 3573 5194 ille

1997 5247 2125 5287 reus
2148 5230 2312 5286 caedis
2341 5248 2353 5283 :
2380 5230 2465 5285 sin
2490 5237 2645 5284 ortus
2664 5228 2833 5284 fuerit
2854 5228 2934 5283 sol
2957 5242 3122 5297 super
3143 5242 3293 5293 eum,
3317 5243 3445 5284 reus
3466 5230 3573 5285 crit

1996 5340 2097 5395 pro
2118 5324 2285 5388 caede,
2310 5321 2576 5377 morietur
2610 5317 2799 5389 {quod
2834 5319 2879 5374 si
2922 5335 3032 5373 non
3073 5317 3217 5375 adsit
3239 5319 3288 5374 ei
3314 5320 3571 5377 substan-

1998 5417 2093 5483 tia,
2132 5415 2291 5487 253
2317 5413 2589 5470 vendatur
2622 5427 2724 5481 pro
2753 5410 2901 5464 furto
2928 5428 2940 5463 :
2967 5411 3062 5465 sed
3105 5411 3149 5465 si
3184 5411 3468 5467 inventum
3508 5429 3575 5469 ac

2002 5510 2405 5580 deprehensum
2436 5506 2602 5562 fuerit
2628 5506 2837 5561 furtum
2864 5503 2919 5557 in
2946 5487 3109 5558 manu
3141 5504 3281 5574 ejus,
3315 5504 3384 5559 ab
3417 5503 3574 5559 asino

2002 5611 2056 5657 et
2082 5616 2252 5672 usque
2277 5598 2344 5654 ad
2368 5611 2549 5660 ovem,
2575 5593 2836 5659 viventia,
2860 5591 3026 5663 dupla
3047 5608 3111 5648 ea
3140 5594 3381 5648 exsolvet
3403 5591 3463 5644 εί.
3498 5610 3516 5641 ι
