3998 6534
531 361 634 417 εδδ
1560 360 1615 413 S.
1650 358 1925 415 CYRILLI
1965 358 2435 413 ALEXANDRINI
2474 359 2793 416 ARCHIEP.
3691 358 3795 417 536

595 474 790 531 PALL.
829 472 983 529 llaud
1012 486 1139 527 sane
1174 469 1496 540 perspicuus
1523 481 1608 525 est
1642 472 1733 526 hic
1766 472 1921 526 locus
1948 490 1960 524 :
1999 472 2105 526 ita-
2135 477 2174 537 Α

2278 472 2489 525 ΠΑΛΛ.
2528 474 2603 526 Ού
2653 474 2856 546 σφόδρα
2905 476 3081 545 σαφὴς
3133 476 3162 529 ὁ
3211 474 3382 543 λόγος.
3434 476 3513 528 Σ)
3573 472 3634 526 δὲ
3674 476 3705 525 ό
3744 474 3794 526 τε

525 585 631 640 que
654 569 886 631 enitere,
914 576 972 620 ut
996 565 1129 619 mihi
1157 563 1418 633 explices,
1442 563 1573 632 quid
1598 564 1817 619 tandem
1838 565 1987 620 istud
2009 566 2103 629 sit,

2216 561 2343 614 ποτέ
2376 563 2492 613 ἐστι
2514 562 2574 614 τὸ
2605 561 2681 625 ὡς
2711 564 2769 615 ὲν
2798 561 3085 633 αἰνίγματι
3125 563 3653 634 χρησμῳδούμτνον,
3680 579 3795 615 πει-

525 660 669 731 quod
698 675 793 728 per
820 657 1048 726 :euigma
1073 656 1261 711 divino
1288 657 1392 710 hoc
1419 672 1682 727 responso
1711 657 2046 727 praecipitur.

1073 656 1261 711 divino
1288 657 1392 710 hoc
1419 672 1682 727 responso
1711 657 2046 727 praecipitur.
2215 653 2292 724 ρῶ
2322 671 2409 723 μοι
2446 653 2644 721 λέγειν.

592 750 747 805 CYR.
788 748 1010 802 Multam
1036 747 1180 801 haud
1220 748 1289 801 ab
1332 764 1391 804 re
1425 750 1715 805 constituit
1752 750 1860 814 lex,
1901 750 1946 804 si
1985 750 2110 819 quis

2282 747 2443 800 ΚΥΡ.
2485 748 2696 818 Ζημίαν
2734 749 2764 801 ό
2814 748 2975 819 νόμος
3023 748 3306 821 καθορίζει
3356 748 3659 819 χρησίμους
3702 748 3795 799 τοῦ

526 858 717 911 rapere
755 840 1037 909 quidpiam
1072 840 1316 902 tentarit,
1355 849 1412 894 ct
1444 841 1667 895 cohibet
1702 842 2105 911 quodammodo

2219 840 2552 893 πλεονεκτεῖν
2586 840 2884 905 ἐθέλοντος,
2921 843 3016 895 καὶ
3048 843 3397 913 ἀνασειράζει
3428 842 3642 911 τρόπον
3678 840 3798 892 ma

526 933 879 1001 impotentem
911 946 1105 985 earum
1131 947 1315 986 rerum
1339 933 1718 1002 cupiditatem,
1751 950 1889 1003 quas
1911 943 2007 989 aut
2030 934 2105 989 vi-

2212 932 2301 985 τὸν
2330 931 2634 986 ἀκάθεκτον
2683 934 2763 997 είς
2808 934 3130 1005 ἐπιθυμίαν,
3176 929 3252 989 ὧν
3297 936 3362 989 ἂν
3405 935 3524 1004 έχοι
3566 930 3791 1001 τυχὸνῆ

525 1024 704 1085 ciuus,
754 1030 851 1076 aut
887 1020 1059 1076 frater
1090 1022 1278 1085 habet,
1325 1022 1399 1077 ita
1429 1032 1510 1088 ut,
1550 1024 1766 1078 etiamsi
1805 1026 2104 1096 contingat,

2216 1026 2428 1093 γείτων,
2466 1024 2497 1095 ἢ
2544 1024 2797 1093 ἁδελφὸς,
2826 1026 2966 1079 ὥστε
3009 1027 3114 1080 κᾶν
3149 1028 3197 1079 εί
3250 1026 3483 1094 γένοιτο,
3512 1024 3705 1093 φησιν,
3738 1025 3795 1075 ὲν

524 1115 722 1184 inquit,
754 1113 807 1167 in
836 1114 954 1182 ipso
986 1112 1134 1167 furto
1151 1113 1326 1169 occidi
1354 1130 1502 1179 eum,
1526 1115 1621 1184 qui
1648 1115 1754 1170 hoc
1776 1115 1982 1170 crimen
2010 1116 2103 1170 ad-

2213 1116 2359 1187 αύτῷ
2390 1116 2641 1171 τεθνάναι
2672 1116 2749 1187 τῷ
2778 1117 3032 1171 κλέπτειν
3053 1117 3145 1171 τὸν
3180 1119 3275 1170 ἐπὶ
3319 1116 3454 1186 τῷδε
3511 1131 3792 1180 κατεγνωο

526 1206 712 1268 mittit,
741 1205 794 1259 id
822 1205 1001 1259 fraudi
1024 1221 1135 1259 non
1159 1205 1231 1260 sit
1252 1206 1339 1269 iis,
1365 1206 1458 1275 qui
1486 1206 1791 1262 occiderint
1817 1225 1829 1258 :
1854 1206 2105 1261 eumdem

2213 1210 2431 1278 σμένον,
2449 1209 2640 1261 οὐδένα
2667 1211 2781 1271 τοῖς
2793 1209 3092 1282 ἀνῃρηκόσι
3116 1208 3547 1280 προστρίϐεσθαι
3583 1204 3788 1275 μῶμον.

528 1299 825 1368 ignominia
849 1314 1068 1367 quoque
1103 1308 1277 1360 notat,
1307 1314 1432 1352 eum
1467 1298 1715 1353 decernit
1747 1298 1911 1354 vendi
1942 1314 2107 1368 opor-

2224 1304 2421 1373 Ἀτιμᾷ
2449 1302 2506 1355 δὲ
2546 1302 2646 1355 καὶ
2676 1302 2871 1369 λέγων,
2905 1304 2989 1356 ὅτι
3028 1305 3297 1373 προσήκει
3330 1300 3678 1370 πιπράσκειν
3702 1299 3792 1351 c.6-

525 1402 665 1455 tere,
723 1391 770 1444 si
818 1390 955 1445 adeo
1003 1390 1184 1444 tenuis
1224 1398 1328 1455 est,
1362 1400 1423 1444 ut
1464 1390 1627 1459 pretii
1676 1390 2104 1461 persolutionem

2212 1393 2321 1457 τὸν,
2354 1396 2401 1445 εἰ
2443 1392 2518 1462 μὴ
2559 1394 2693 1464 πρὸς
2729 1392 2938 1464 λύτρων
2980 1394 3200 1463 ἀντέχοι
3247 1392 3583 1461 καταϐολὴν,
3623 1390 3705 1452 εἷς
3732 1407 3791 1457 γε

526 1481 673 1537 ferre
712 1498 822 1537 non
864 1481 1071 1552 possit:
1110 1492 1171 1537 ut
1210 1480 1279 1535 ad
1318 1481 1488 1535 vitam
1531 1490 1680 1535 recte
1719 1480 2105 1535 instituendam

2214 1485 2271 1538 τὸ
2298 1486 2493 1555 χρῆναι
2529 1484 2679 1554 βιοῦν
2712 1484 2929 1539 ἑλέσθαι
2960 1485 3147 1548 καλῶς
3178 1484 3523 1538 συνελαύνων
3556 1479 3793 1543 τοίςδεί-

532 1584 681 1630 metu
705 1575 1014 1645 compellat.
1051 1574 1287 1628 Interior
1324 1589 1489 1643 porro
1528 1588 1723 1628 sensus
1764 1572 2010 1626 historia:
2042 1571 2111 1625 ab

2216 1594 2369 1647 μασι.
2404 1575 2545 1638 Νοῦς
2578 1592 2641 1644 γε
2665 1574 2772 1645 μὴν
2802 1577 2902 1646 τῆς
2938 1575 3179 1644 ἱστορίας
3209 1576 3237 1627 ό
3260 1572 3656 1644 κεκρυμμένος
3684 1571 3793 1623 ἓτε-

535 1665 640 1719 hoc
688 1665 850 1735 longe
887 1664 1140 1718 diversus
1187 1670 1271 1716 est
1316 1662 1576 1731 quidem:
1607 1661 1858 1732 proinde,
1893 1671 1953 1715 ut
1991 1661 2110 1716 ﬁeri

2218 1684 2306 1738 ρος
2339 1667 2404 1720 ἂν
2453 1666 2538 1737 εἴη
2584 1666 2737 1738 ποιρά
2790 1666 2977 1720 τοῦτον
3014 1666 3172 1729 πολὺ,
3215 1665 3312 1719 καὶ
3361 1665 3443 1716 δεῖ
3486 1662 3586 1716 καὶ
3620 1660 3794 1728 λέγειν

530 1766 731 1828 potest,
772 1758 977 1827 optime
1008 1755 1365 1826 explicemus.
1398 1754 1502 1808 Bos
1525 1769 1657 1824 ergo
1679 1762 1734 1807 et
1755 1754 1874 1808 ovis
1901 1753 2109 1806 anima-

2215 1761 2362 1829 ἡμᾶς
2394 1759 2469 1822 ὼς
2514 1759 2594 1812 ἔνι
2626 1759 2829 1824 καλῶς.
2856 1759 3077 1830 Μόσχος
3106 1757 3204 1828 μὲν
3244 1756 3309 1826 δὴ
3361 1756 3461 1809 καὶ
3498 1753 3790 1825 πρόϐατον,

532 1852 602 1905 lia
631 1849 834 1903 munda
862 1858 989 1902 sunt
1018 1848 1180 1902 ambo
1214 1854 1269 1901 et
1300 1862 1477 1911 sacra,
1518 1854 1576 1901 et
1618 1846 1729 1901 Deo
1776 1847 1834 1900 in
1877 1845 2107 1900 odorem

2213 1815 2428 1923 καθαρά
2450 1815 2524 1906 *τε
2574 1854 2743 1923 ἄμφω
2786 1815 2884 1906 καὶ
2930 1815 3074 1922 ἱερὰ,
3106 1815 3211 1904 ’καὶ
3244 1815 3324 1913 είς
3355 1815 3792 1918 ὀσμὴν-εὐωέίες

532 1942 819 1997 suavitatis
840 1942 1171 1995 offeruntur.
1196 1939 1303 1995 Sed
1328 1939 1430 1993 bos
1454 1938 1679 2008 quidem
1710 1938 1992 2008 praestanti
2025 1948 2111 1991 est

2211 1944 2646 2013 ἀνακομιζόμενα
2673 1944 2751 2013 τῷ
2770 1942 2908 2012 Θεῷ.
2945 1940 3083 1994 Ἀλλ’
3112 1942 3143 1993 6
3179 1940 3278 2010 μὲν
3313 1938 3513 2010 μόσχος
3543 1936 3604 1987 ὲν
3633 1935 3790 2002 ὑπερ-

535 2050 841 2105 magnoque
889 2049 1142 2104 corpore,
1184 2032 1317 2087 illud
1363 2047 1495 2087 vero
1528 2032 1762 2087 alterum
1802 2047 1970 2101 pecus
2000 2046 2109 2083 non

2210 2039 2307 2107 οχῇ
2346 2037 2440 2089 καὶ
2484 2036 2704 2105 μεγέθει
2745 2034 3026 2104 σώματος*
3076 2030 3301 2101 θάτερόν
3364 2045 3430 2097 γε
3492 2027 3604 2097 μὴν
3631 2066 3645 2089 ,
3700 2024 3789 2093 οὐχ

535 2128 664 2182 item
698 2145 712 2180 :
748 2142 873 2180 nam
917 2127 1056 2180 bove
1092 2127 1275 2179 minor
1313 2134 1397 2179 est
1447 2125 1586 2179 ovis.
1638 2124 1809 2178 Boum
1856 2124 2021 2193 igitur
2056 2132 2111 2178 et

2211 2126 2373 2180 οὕτω.
2409 2127 2628 2196 Μόσχου
2670 2125 2781 2197 γὰρ
2824 2127 2976 2194 μεῖον
3009 2123 3072 2177 τὸ
3116 2122 3415 2194 πρόϐατον.
3469 2119 3686 2187 Μόσχοι
3730 2116 3788 2185 δὴ

533 2219 741 2281 ovium,
791 2227 847 2271 et
880 2217 1213 2270 mundorum
1268 2214 1674 2284 quodammodo
1721 2230 2111 2283 sacrorumque

2212 2214 2303 2273 οὖν
2329 2219 2422 2273 καὶ
2438 2218 2682 2289 πρόϐατα
2715 2218 2904 2287 ὥσπερ
2935 2216 3056 2270 τινά
3079 2215 3195 2280 ζῶα
3221 2212 3441 2283 καθαρά
3457 2227 3520 2263 τε
3541 2206 3791 2276 καὶίερώ-

535 2311 854 2366 animalium
888 2311 1060 2363 instar
1088 2318 1171 2365 est
1208 2309 1297 2363 illa
1323 2308 1606 2361 hominum
1645 2322 1743 2377 per
1763 2306 1925 2361 ﬁdem
1947 2307 2110 2377 justi-

2210 2329 2368 2375 τατα,
2411 2310 2519 2365 τῶν
2556 2309 2644 2363 διὰ
2677 2308 2913 2371 πίστεως
2947 2304 3386 2376 δεδικαιωμένων
3428 2303 3463 2372 ἡ
3501 2300 3637 2369 ἁγία
3666 2299 3788 2366 πλη-

538 2404 825 2457 ﬁcatorum
860 2410 1048 2456 sancta
1081 2400 1396 2464 multitudo,
1423 2410 1482 2455 et
1519 2400 1733 2455 ﬁndunt
1764 2400 2020 2470 ungulam
2058 2410 2112 2455 et

2214 2406 2333 2471 θὺς,
2393 2405 2490 2459 καὶ
2536 2402 2879 2474 διχηλοῦντες
2916 2399 3110 2472 ὁπλὴν,
3163 2398 3259 2451 καὶ
3314 2392 3666 2466 μηρυκισμὺν
3706 2391 3789 2443 ἀν-

537 2498 846 2561 ruminant,
895 2497 1049 2566 juxta
1101 2496 1297 2565 legem,
1342 2503 1398 2548 et
1443 2494 1786 2548 cxcultorum
1835 2494 2113 2547 fructuum

2214 2501 2459 2568 ἀγοντες,
2484 2498 2623 2551 κατά
2664 2497 2756 2549 τὸν
2785 2496 2968 2565 νόμον,
2996 2494 3091 2546 καὶ
3123 2490 3356 2563 καρπῶν
3382 2487 3612 2558 ἡμέρων
3639 2485 3788 2554 ἐργά-

539 2600 667 2644 ειιηι
692 2589 931 2658 operarii
961 2607 973 2641 :
1005 2589 1104 2642 bos
1132 2587 1279 2641 enim
1322 2596 1525 2641 terram
1554 2586 1788 2649 excolit;
1831 2585 1950 2640 ovis
1974 2600 2114 2654 quo-

2214 2606 2304 2642 ται
2320 2607 2333 2619 ο
2355 2590 2586 2658 γηπονεί
2611 2585 2721 2656 γὰρ
2751 2588 2779 2638 6
2808 2585 3005 2654 μόσχος
3025 2600 3037 2613 ·
3072 2581 3351 2651 ἔγκαρπον
3376 2578 3435 2631 δὲ
3459 2578 3558 2630 καὶ
3586 2576 3647 2628 τὸ
3669 2574 3787 2643 πρό-

538 2700 645 2754 que
689 2683 967 2736 fructuosa
1011 2690 1094 2735 est
1130 2699 1143 2733 :
1188 2690 1352 2749 atque
1395 2680 1484 2733 ille
1527 2679 1751 2747 quidem
1800 2688 2115 2733 vocatorum

2217 2678 2400 2741 ϐατον,
2441 2678 2536 2729 καὶ
2588 2676 2987 2745 ὲνσεσήκασται
3039 2673 3139 2743 μὲν
3191 2673 3310 2733 ταῖς
3356 2668 3535 2731 θείαις
3589 2666 3786 2730 αύλαίς,

538 2790 670 2842 grex
704 2774 756 2826 in
785 2772 986 2825 divinis
1006 2771 1179 2825 caulis
1202 2771 1447 2825 inclusus
1474 2778 1577 2834 est,
1602 2770 1657 2823 in
1684 2769 1933 2824 ecclesiis
1959 2785 2115 2822 nem-

2215 2768 2513 2831 τουτέστιν,
2545 2768 2604 2819 ἐν
2634 2766 2955 2836 ἐκκλησίαις
2990 2767 3023 2835 ὴ
3053 2762 3162 2817 τῶν
3193 2761 3552 2833 κεκλημένων
3586 2759 3746 2829 ἀγέλη
3769 2775 3783 2790 ο

540 2880 642 2934 pc;
680 2865 771 2918 sed
806 2864 1119 2932 complures
1146 2863 1225 2916 illi
1258 2861 1405 2916 fures
1452 2860 1806 2924 insidiantur,
1839 2861 1934 2929 qui
1978 2861 2116 2915 effo—

2218 2860 2403 2913 πολλοὶ
2435 2859 2493 2912 δὲ
2520 2858 2639 2912 λίαν
2667 2861 2715 2911 ot
2746 2857 2976 2911 κλέπται
3031 2855 3160 2926 περὶ
3207 2855 3397 2925 αὐτὴν,
3433 2850 3787 2922 διορύττοντες

540 2955 701 3008 diunt
734 2961 789 3007 et
815 2954 1017 3007 sensim
1047 2954 1314 3022 irrepunt,
1354 2968 1417 3007 ac
1454 2952 1622 3006 variis
1649 2951 2119 3007 ludiﬁcationibus

2218 2971 2278 3007 τε
2304 2953 2397 3006 καὶ
2422 2950 2894 3023 παρεισδύνοντες,
2930 2949 3024 3002 καὶ
3053 2946 3417 3017 πολυτρόποις
3444 2944 3788 3013 φενακισμοῖς

540 3044 751 3097 animas
775 3044 1059 3097 hominum
1082 3043 1480 3113 simpliciorum
1505 3043 1822 3109 extrahunt,
1845 3061 1929 3109 ac,
1948 3059 2118 3114 prope

2223 3047 2323 3111 τὰς
2350 3046 2458 3100 τῶν
2495 3044 2881 3114 ἁπλουστέρων
2919 3042 3095 3111 ψυχὰς
3124 3039 3455 3105 ὲξέλκοντες,
3486 3037 3586 3089 καὶ
3618 3050 3786 3105 μονον·

540 3132 795 3197 dixerim,
829 3132 1244 3187 exterminatori
1275 3131 1487 3187 Satanae
1520 3132 1766 3188 vendunt
1794 3151 1807 3186 :
1838 3144 2117 3197 cancrum,

2222 3140 2343 3210 ουχὶ
2395 3135 2946 3206 καταπιπράσκοντες
3004 3132 3082 3203 τῷ
3142 3129 3486 3201 όλοθρεύοντι
3538 3127 3742 3195 Σατανᾷ
3768 3141 3784 3155 ·

540 3225 635 3295 qui
664 3224 768 3279 tale
796 3223 1079 3293 quidpiam
1106 3222 1293 3287 audet,
1315 3222 1558 3292 quinque
1587 3222 1775 3287 boves,
1802 3222 2000 3292 inquit,
2024 3240 2119 3294 pro

2214 3233 2362 3304 πλὴν
2399 3235 2428 3286 6
2456 3228 2733 3301 δεδρακώς
2774 3245 2826 3280 τι
2862 3223 3124 3287 τοιοῦτον,
3165 3222 3327 3275 πέντε
3377 3220 3615 3290 μόσχους
3663 3219 3784 3269 ἀπο·

542 3332 656 3371 nno
677 3316 982 3386 persolvet;
1009 3322 1248 3384 quatuor
1284 3314 1439 3378 item,
1467 3330 1569 3385 pro
1598 3331 1730 3378 una,
1758 3330 1888 3369 oves
1918 3333 1929 3367 :
1957 3316 2121 3384 quin-

2221 3324 2386 3386 τίσει,
2426 3321 2613 3391 φησιν,
2642 3317 2759 3373 ἀνθ’
2792 3316 2929 3378 ἑνὸς,
2971 3314 3066 3368 καὶ
3105 3313 3347 3383 τέσσαρα
3397 3309 3647 3380 πρόϐατα
3678 3307 3786 3358 ἀντὶ

542 3424 649 3478 que
681 3409 828 3463 enim
854 3407 1105 3477 partibus
1138 3407 1409 3477 majorem
1444 3421 1545 3475 pro
1578 3406 1716 3459 bove
1746 3406 1996 3470 multam,
2024 3422 2121 3476 pro

2220 3413 2317 3468 τοῦ
2344 3412 2638 3484 προϐάτουο
2664 3408 3102 3464 πενταπλασίονα
3126 3405 3225 3474 μὲν
3244 3405 3354 3474 γάρ
3374 3404 3469 3456 ἐπὶ
3495 3402 3573 3469 τῷ
3596 3400 3781 3471 μόσχῳ,

545 3513 653 3552 una
681 3512 873 3550 rursus
900 3511 1024 3560 ove,
1052 3495 1413 3565 quadruplam
1452 3494 1561 3549 furi
1591 3510 1713 3550 esse
1754 3496 2121 3567 irrogandam,

2222 3506 2301 3576 τῷ
2338 3504 2626 3572 κεκλοφότι
2668 3502 2769 3574 τὴν
2816 3501 2999 3570 δίκην,
3036 3496 3470 3569 τετραπλασίονα
3501 3494 3558 3547 δὲ
3586 3494 3687 3546 δεῖν
3709 3492 3782 3555 ἐφ’

546 3586 726 3655 inquit
762 3603 777 3638 :
820 3586 875 3639 in
916 3600 1047 3654 quo,
1094 3595 1155 3640 ut
1190 3602 1311 3640 mea
1344 3585 1450 3640 fert
1482 3585 1688 3655 opinio,
1729 3602 1831 3655 pro
1867 3603 2125 3642 mensura

2225 3595 2306 3648 ἐνὶ
2330 3594 2587 3666 προόάτῳ
2618 3590 2872 3662 γενέσθαι
2908 3588 3062 3658 φησὶ,
3098 3585 3243 3639 κατὰ
3282 3585 3343 3637 τὸ
3399 3584 3618 3653 μέτρον,
3646 3577 3784 3649 οἶμαί

547 3676 851 3746 spiritualis
880 3676 935 3729 in
960 3677 1164 3730 virtute
1197 3676 1608 3746 magnitudinis,
1643 3693 1807 3746 quam
1834 3680 1925 3748 qui
1950 3679 2126 3747 perie-

2225 3705 2354 3752 που,
2396 3689 2495 3757 τῆς
2524 3683 2905 3754 πνευματικῆς
2949 3681 3069 3732 κατ’
3099 3678 3298 3750 ἀρετὴν
3347 3677 3661 3744 ποσότητος,
3690 3672 3784 3724 τῶν

548 3776 679 3820 runt
718 3766 1012 3830 habebant,
1048 3768 1277 3820 multam
1322 3767 1603 3836 imposuit.
1644 3767 1741 3822 Est
1786 3778 1969 3822 autem
2014 3785 2126 3824 non

2226 3778 2615 3848 ἀπολλυμένων
2662 3775 2870 3838 ἐπιθεὶς
2915 3771 3014 3842 τὴν
3064 3770 3304 3825 κόλασιν.
3333 3768 3516 3830 Τύπος
3553 3767 3595 3819 δ’
3622 3765 3683 3818 ἂν
3707 3764 3782 3830 ειη

549 3859 786 3914 absurde
816 3858 986 3928 ﬁgura
1012 3868 1069 3913 et
1100 3858 1293 3911 umbra
1319 3858 1465 3912 illius
1494 3858 1550 3911 in
1574 3858 1775 3913 virtute
1807 3860 2128 3929 quantitatis

2228 3872 2321 3926 καὶ
2361 3870 2489 3924 σκιά
2527 3869 2625 3939 τῆς
2661 3869 2718 3921 ὲν
2761 3868 2930 3937 ἀρετῇ
2978 3864 3298 3933 ποσότητος,
3330 3863 3364 3931 ἡ
3397 3858 3706 3929 σωματικὴ·
3731 3856 3784 3908 τὸ

549 3952 667 4006 haec
704 3966 968 4020 corporea
991 3949 1343 4019 magnitudo;
1376 3965 1612 4019 namque
1653 3952 1915 4020 majorem
1949 3954 2128 4006 mino-

2228 3965 2419 4035 γάρτοι
2450 3959 2693 4032 μεῖζονῆ
2734 3959 2884 4028 μεῖον
2937 3958 2994 4008 ὲν
3033 3952 3381 4015 ὲπιεικείαις,
3423 3948 3782 4018 ἀταλαίπωρον

548 4058 733 4097 remve
752 4042 1081 4111 probitatem
1108 4042 1162 4095 in
1184 4041 1252 4095 iis
1273 4050 1443 4105 certe,
1467 4041 1560 4110 qui
1581 4042 1956 4106 crediderunt,
1984 4044 2127 4098 haud

2231 4055 2358 4107 ἰδεῖν
2390 4052 2447 4105 ἔν
2478 4069 2541 4120 γε
2570 4052 2685 4113 τοῖς
2713 4046 3157 4107 πεπιστευκόσιν,
3190 4044 3311 4096 ἐπεὶ
3344 4042 3421 4112 μὴ
3455 4044 3514 4093 ὲν
3543 4040 3641 4109 ίσῳ
3668 4038 3784 4091 πάν-

549 4132 768 4188 ditﬁcile
796 4143 882 4187 est
917 4133 1106 4187 videre
1136 4148 1359 4203 gneque
1395 4134 1542 4189 enim
1572 4150 1727 4203 aequa
1762 4144 1847 4189 est
1873 4136 2128 4191 omnibus

2228 4164 2319 4209 τες
2340 4144 2501 4215 τυχόν
2524 4160 2537 4174 ο
2573 4160 2592 4193 ι
2639 4141 2777 4194 Ἀλλ’
2810 4141 3039 4201 ἕκαστος
3068 4135 3224 4208 ἡμῶν
3247 4135 3379 4188 ἴδιον
3411 4132 3528 4203 ἔχει
3563 4134 3784 4203 χάρισμα

550 4240 811 4279 mensura
845 4244 857 4277 :
900 4223 1063 4295 254
1096 4244 1113 4275 ι
1151 4224 1259 4279 Sed
1287 4227 1665 4296 unusquisque
1707 4234 1958 4282 nostrum
1998 4244 2127 4297 pro-

2232 4240 2295 4290 ὲκ
2314 4234 2471 4297 Θεοῦ,
2489 4237 2516 4287 ὀ
2535 4234 2633 4304 μὲν
2650 4232 2839 4295 οὕτως,
2863 4234 2891 4283 6
2916 4230 2971 4282 δὲ
3004 4228 3192 4289 οὕτως.
3206 4246 3223 4277 ι
3246 4227 3308 4278 El
3325 4225 3379 4278 δὲ
3402 4224 3467 4295 δὴ
3483 4223 3721 4275 κλέπτων
3737 4237 3782 4273 τε

548 4317 730 4385 prium
774 4316 941 4370 habet
982 4316 1187 4370 donum
1234 4331 1302 4370 ex
1327 4317 1440 4372 Deo
1477 4336 1489 4371 :
1533 4318 1623 4373 hic
1660 4319 1882 4388 quidem
1908 4320 2005 4383 sic,
2042 4320 2127 4376 ille

2233 4323 2327 4376 καὶ
2344 4320 2631 4392 διορύττων
2656 4319 2756 4382 ἔτι,
2776 4319 2868 4371 καὶ
2896 4316 2964 4369 τά
2994 4316 3092 4385 τῆς
3118 4314 3369 4386 λῃστείας
3399 4313 3536 4383 ἔργα
3568 4310 3784 4380 πληρῶν,

548 4422 685 4462 vero
712 4408 792 4462 sic
815 4409 879 4461 ⁶’.
912 4428 930 4459 ι
962 4407 1018 4461 Si
1048 4408 1213 4477 igitur
1236 4408 1431 4473 furari,
1454 4409 1741 4478 perfodere
1765 4421 2052 4480 pratterea,
2077 4425 2127 4468 et

2234 4412 2309 4475 ὼς
2340 4414 2398 4463 ἐν
2429 4411 2582 4464 νυκτί
2619 4427 2680 4462 τε
2715 4410 2809 4463 καὶ
2844 4408 3021 4476 σκότῳ
3052 4404 3499 4474 καταφωραθείη,
3530 4403 3680 4474 φησι,
3708 4401 3787 4454 καὶ

549 4498 689 4554 furis
719 4515 950 4554 munera
970 4500 1190 4569 explere
1221 4499 1290 4554 de
1311 4510 1470 4555 nocte
1498 4511 1554 4555 et
1585 4501 1640 4555 in
1662 4503 1908 4559 tenebris
1931 4504 2127 4574 depre-

2232 4502 2538 4556 ἑκτεθνάτω
2566 4501 2717 4554 τότε⁶
2753 4499 2850 4553 καὶ⁸
2886 4498 2947 4552 τὸ
2988 4498 3197 4569 χρῆμα,
3238 4496 3298 4549 οὐ
3338 4496 3520 4563 φόνος,
3570 4493 3687 4546 οὐδὲ
3723 4490 3789 4560 τῷ

551 4590 759 4643 hensus
798 4588 986 4653 fuerit,
1015 4590 1213 4659 inquit,
1251 4600 1366 4645 tum
1400 4606 1534 4645 vero
1558 4592 1717 4648 liceat
1754 4594 2039 4659 occidere;
2074 4606 2130 4650 et

2233 4595 2491 4664 δράσαντι
2540 4594 2748 4665 γραφή.
2791 4591 3123 4660 Πλεονέκτης
3170 4587 3278 4658 γὰρ
3318 4588 3413 4641 καὶ
3454 4586 3626 4655 βίαιος
3657 4587 3685 4637 6
3710 4599 3791 4635 πε-

551 4696 616 4736 ea
637 4698 729 4735 res
750 4697 860 4735 non
900 4691 985 4737 est
1009 4683 1205 4745 caedes,
1244 4699 1422 4752 neque
1462 4683 1688 4750 faciens,
1723 4686 1971 4741 criminis
2003 4702 2130 4741 rcus

2239 4687 2368 4749 σὼν,
2400 4688 2493 4739 καὶ
2522 4686 2762 4756 πολέμου
2796 4684 3063 4753 τέτρωται
3098 4681 3248 4752 νόμῳ
3274 4697 3287 4709 ·
3322 4680 3475 4749 ἡλίου
3512 4679 3572 4731 δὲ
3600 4674 3791 4730 ἀνατεί-

552 4773 681 4827 erit.
710 4773 822 4826 Fur
853 4772 1001 4827 enim
1024 4784 1163 4837 erat,
1192 4774 1286 4843 qui
1321 4775 1519 4829 cecidit
1543 4785 1597 4831 et
1624 4777 1730 4829 vim
1756 4777 2046 4843 inferebat,
2077 4787 2131 4833 et

2238 4781 2449 4844 λαντος,
2482 4779 2575 4833 καὶ
2603 4776 3009 4849 παρελάσαντπ
3035 4775 3134 4845 ήδη
3165 4774 3260 4826 τοῦ
3283 4774 3381 4843 τῆς
3414 4772 3667 4844 λῃστείας
3686 4786 3790 4821 και-

549 4864 681 4919 belli
703 4866 830 4934 jure
856 4879 1031 4919 casus
1059 4874 1145 4919 est
1170 4882 1185 4917 :
1213 4874 1287 4928 at,
1314 4867 1427 4920 sole
1452 4867 1563 4936 jam
1590 4877 1733 4933 orto,
1760 4878 1924 4939 atque
1945 4871 2128 4941 elapso

2243 4870 2361 4943 ροῦ,
2390 4870 2490 4939 τὴν
2542 4868 2635 4921 τοῦ
2688 4867 3012 4937 πλήττοντος
3063 4863 3237 4933 εἴργει
3284 4866 3462 4931 χεῖρα,
3501 4862 3597 4913 καὶ
3649 4860 3789 4927 φόνου

548 4955 769 5010 furandi
792 4966 1062 5025 tempore,
1086 4956 1307 5011 cohibet
1328 4958 1686 5026 percutientis
1705 4975 1948 5026 manum,
1970 4962 2127 5030 idque

2240 4961 2457 5033 γραφὴν
2501 4957 2777 5028 καθορίξει
2802 4956 2897 5010 τοῦ
2940 4955 3303 5025 τολμήματος,
3329 4954 3477 5015 Ἕως
3524 4952 3622 5022 μὲν
3642 4951 3742 5020 γὰρ
3768 4950 3791 5000 6

549 5047 764 5104 facinus
789 5050 1073 5106 homicidii
1098 5053 1308 5107 crimen
1334 5067 1455 5107 esse
1478 5053 1690 5108 deﬁnit.
1712 5055 1851 5108 Dum
1872 5056 2019 5110 enim
2046 5057 2128 5110 fur

2238 5055 2479 5123 κλέπτης
2508 5055 2537 5106 6
2564 5051 2771 5122 νοητὸς,
2795 5050 2898 5121 τὴν
2916 5048 3010 5102 τοῦ
3045 5046 3432 5107 πιστεύσαντος
3461 5047 3542 5107 εἰς
3581 5043 3792 5114 Χριστὸν

550 5142 872 5210 spiritualis,
903 5144 1141 5200 animam
1165 5145 1442 5201 credentis
1470 5146 1524 5200 in
1548 5146 1830 5202 Christum
1854 5148 2129 5219 depraeda-

2241 5146 2623 5203 καταλωδᾶται
2673 5142 2869 5214 ψυχὴν,
2922 5141 3017 5194 καὶ
3063 5138 3285 5208 ἀγάπης
3343 5137 3552 5202 ὲξέλκει
3598 5136 3692 5203 τῆς
3725 5134 3793 5194 είς

554 5239 663 5295 tur,
696 5244 753 5288 et
788 5250 819 5288 a
854 5236 1121 5291 charitatc
1152 5237 1248 5291 Dei
1287 5238 1577 5303 abstrahit,
1612 5239 1657 5291 si
1694 5239 1749 5293 in
1778 5238 1896 5308 ipso
1926 5241 2133 5295 scelere

2240 5241 2393 5302 Θεὸν,
2428 5241 2477 5291 εί
2511 5239 2569 5289 ὲν
2599 5238 2782 5299 αὐτοῖς
2816 5234 2968 5305 ἁλοίη
3016 5235 3131 5296 τοῖς
3164 5231 3620 5302 πλημμελήμασι,
3649 5226 3792 5279 πόθοι

555 5320 933 5389 deprehensus
972 5326 1168 5391 fuerit,
1208 5345 1320 5382 non
1368 5330 1565 5400 injuria
1612 5340 1785 5384 morte
1823 5331 2130 5386 multatur:

2241 5334 2308 5388 ἂν
2344 5333 2443 5385 οὐκ
2474 5330 2672 5392 ἀδίκως
2698 5328 2795 5381 καὶ
2841 5326 2903 5379 τὸ
2946 5323 3261 5379 ὲκτεθνάναι
3304 5322 3413 5375 δεῖν
3437 5338 3451 5351 ·
3493 5319 3665 5389 ψυχὴν
3699 5315 3792 5384 γάρ

555 5412 794 5465 animam
820 5416 967 5468 enim
988 5419 1207 5484 occidit,
1233 5435 1354 5489 quae
1381 5423 1730 5491 praestantior
1753 5435 1837 5478 est
1860 5439 2089 5492 corpore
2116 5443 2129 5477 :

2240 5424 2547 5486 ἀπέκτεινε,
2581 5420 2679 5491 τὴν
2722 5418 2931 5491 ἀμείνω
2979 5416 3264 5486 σώματος·
3312 5414 3465 5484 ⁴ἡλίου
3500 5412 3557 5464 δὲ
3600 5407 3789 5464 ἀνατείν-

557 5510 614 5557 at
650 5519 802 5569 vero,
846 5522 972 5560 cum
1011 5508 1067 5563 in
1097 5512 1215 5581 ejus
1252 5530 1472 5584 quoque
1510 5526 1752 5572 mentem
1790 5518 1870 5572 sol
1910 5527 2134 5573 exortus

2239 5517 2430 5579 λαντος
2463 5514 2555 5568 καὶ
2583 5511 2729 5583 αὐτῷ
2750 5512 2892 5565 κατὰ
2920 5508 3063 5574 νοῦν,
3096 5509 3191 5561 καὶ
3227 5504 3622 5575 διαυγαζούσης
3645 5501 3715 5562 ὡς
3738 5500 3788 5549 ὲν

558 5590 743 5662 fuerit,
773 5611 1006 5666 eamque
1037 5616 1168 5655 vera
1202 5606 1463 5675 cognitio,
1498 5607 1640 5663 lucis
1680 5623 1744 5663 ac
1786 5608 1897 5663 diei
1937 5609 2129 5674 instar,

2238 5608 2389 5674 τάξει
2440 5607 2616 5677 φωτὺς
2664 5606 2760 5659 καὶ
2800 5603 3035 5675 ἡμέρας,
3094 5600 3195 5669 τῆς
3245 5598 3478 5670 ἀληθοῦς
3536 5597 3781 5666 γνώσεως.

666 5771 709 5802 ⁸³
738 5770 903 5826 lCor.
935 5789 1030 5837 vn,
1056 5773 1106 5825 7.
