4072 6512
273 381 377 439 τεν

944 379 1034 433 DE
1070 378 1510 435 ADORA'I'IO‘NE
1549 380 1614 433 IN
1652 378 1919 433 SPIIIITU
1962 378 2048 431 ET
2090 376 2455 433 VEIIITATE.
2502 375 2627 431 LIB.
2658 375 2790 430 VIII.

3432 370 3536 427 558

271 492 607 550 κινδυνεύειν
639 492 739 546 οὐκ
770 494 855 563 ἑᾷ,
899 492 1188 555 κολάζεται
1224 493 1333 563 γάρ
1382 492 1450 545 τὰ
1487 493 1677 555 νυκτὸς
1712 493 1847 562 ἔργα

1954 491 2329 555 illustravcrit,
2358 490 2657 559 periclitari
2686 504 2794 542 non
2816 488 2947 542 sinit
2970 507 2981 542 :
3008 503 3134 543 nam
3159 503 3327 558 opera
3354 491 3536 545 noctis

270 589 368 641 καὶ
389 587 637 649 σκότους,
660 587 729 639 τά
756 585 813 638 δὲ
840 585 914 647 ὡς
943 585 1001 636 ὲν
1030 586 1169 653 φωτὶ
1192 585 1394 647 λοιπὸν,
1427 586 1527 638 ούκ
1554 584 1653 638 ἔτι.
1692 586 1855 638 ’Δνεῖ-

272 679 475 733 coms;
495 678 603 731 τῶν
636 677 880 747 ἀρχαίων
914 677 1297 747 ἐγκλημάτων,
1327 679 1421 731 καὶ
1448 677 1558 730 τῶν
1579 678 1638 729 ὲν
1661 677 1853 747 ἀγνοίᾳ

270 772 370 824 καὶ
404 770 603 838 σκότῳ,
639 768 956 821 δεδικαίωκε
1001 766 1151 829 Θεός.
1208 769 1315 820 Καὶ
1363 768 1427 838 δὴ
1470 769 1563 821 καὶ
1612 767 1853 835 λεγέσθω

269 865 386 925 τοῖς
436 862 494 927 ἐξ
546 860 823 931 ἁμαρτίας
873 861 954 921 είς
1004 859 1120 927 φῶς
1177 858 1501 927 ἀφιγμένοις
1537 858 1599 911 τὸ
1642 859 1852 927 νοητὸν,

276 972 296 1005 ι
332 950 477 1006 Ἦτέ
513 970 643 1005 ποτε
678 952 888 1013 σκότος,
925 951 1039 1003 νυνῒ
1074 950 1131 1003 δὲ
1158 948 1274 1019 φῶς
1316 952 1374 1002 έν
1400 949 1610 1020 Κυρίῳ.
1642 969 1661 1001 ι
1696 948 1854 1003 Οὕτω

268 1044 621 1098 δεδικαίωκεν
644 1045 672 1095 ό
707 1042 912 1113 Κύριος
950 1044 1044 1095 καὶ
1068 1042 1160 1095 τὸν
1196 1042 1481 1096 Θεσπέσιον
1503 1041 1735 1102 Παῦλον,
1763 1043 1853 1095 τὸν

268 1136 541 1207 πρότερον
580 1136 708 1188 ὄντα
745 1134 1083 1205 βλάσφημον,
1118 1136 1212 1187 καὶ
1252 1134 1508 1205 διώκτην,
1552 1135 1644 1188 καὶ
1695 1134 1852 1205 ὑϐρι-

269 1229 443 1298 στήψ
495 1228 615 1281 καθ’
663 1227 965 1298 ὑπερϐολὴν
1006 1229 1117 1299 γὰρ
1156 1228 1346 1282 ὲδίωκε
1387 1228 1484 1296 τὴν
1530 1228 1853 1298 Ἐκκλησίαν

264 1319 366 1371 τοῦ
390 1316 549 1381 Θεοῦ,
578 1317 674 1370 καὶ
706 1317 927 1388 ἐπόρθει
954 1318 1147 1385 αὑτήν.

339 1496 550 1549 ΠᾹΛΛ.
588 1496 817 1563 Ἀριστα
845 1493 1003 1563 ἔφης.

340 1586 510 1639 ΚΥΡ.
566 1585 692 1638 Ἐάν
731 1584 788 1638 δὲ
828 1587 901 1654 μὴ
943 1584 1189 1655 δύνηται,
1233 1584 1386 1655 φησὶ,
1422 1584 1582 1637 πέντε
1621 1585 1852 1653 μόσχους

262 1675 390 1731 ἀνθ’
426 1676 565 1738 ἑνὸς,
602 1675 695 1727 καὶ
727 1675 974 1744 πρόϐατα
997 1673 1239 1745 τέσσαρα
1271 1675 1387 1728 ἀνθ’
1428 1675 1565 1738 ἑνὸς,
1592 1674 1854 1743 πραθήτω

1953 597 2016 636 ac
2069 581 2424 635 tenebrarum
2466 582 2800 650 puniuntur;
2836 594 2957 648 quae
2998 588 3182 634 autem
3230 580 3287 635 in
3328 580 3536 636 lumine

1955 672 2113 736 ﬁunt,
2148 688 2258 725 non
2295 673 2464 726 item:
2507 671 2808 725 condonari
2843 679 3025 725 autem
3067 681 3249 726 vetera
3291 671 3531 727 crimina

1953 772 2009 817 et
2042 764 2099 816 in
2131 764 2347 817 inscitia
2368 779 2431 817 ac
2456 763 2704 817 tenebris
2734 762 2990 825 admissa,
3018 778 3234 831 aequum
3261 778 3383 817 esse
3406 779 3535 818 cen-

1954 852 2065 908 suit
2090 852 2248 907 Deus.
2278 853 2463 922 Itaque
2490 853 2703 908 dicatur
2726 853 2814 916 iis,
2838 853 2932 921 qui
2963 852 3031 907 de
3056 860 3281 922 peccato
3323 851 3391 906 ad
3418 854 3532 922 spi-

1954 944 2151 999 rituale
2188 944 2371 998 lumen
2408 954 2817 1013 pervenerunt:
2857 964 2873 993 ι
2912 944 3090 999 Eratis
3121 944 3418 1014 aliquando
3450 952 3532 999 te-

1953 1034 2171 1099 nebrae;
2205 1051 2352 1089 nunc
2383 1043 2567 1090 autem
2606 1036 2699 1089 lux
2736 1035 2791 1089 in
2831 1035 3061 1089 Domino
3092 1035 3155 1089 ⁸³.
3202 1055 3220 1086 ι
3256 1035 3346 1089 Sic
3367 1036 3532 1105 justi-

1954 1124 2135 1179 ﬂcavit
2174 1125 2438 1179 Dominus
2477 1124 2645 1179 etiam
2690 1124 2910 1178 beatum
2955 1124 3207 1188 Paulum,
3244 1124 3339 1194 qui
3378 1126 3534 1195 prius

1953 1214 2131 1270 fuerat
2152 1216 2526 1285 blasphemus,
2555 1223 2611 1270 et
2630 1223 2970 1285 persecutor,
2993 1224 3049 1270 et
3068 1217 3530 1284 contumeliosus;

1953 1323 2117 1377 supra
2144 1309 2367 1363 modum
2400 1309 2548 1364 enim
2592 1308 3027 1378 persequebatur
3068 1309 3367 1366 Ecclesiam
3412 1310 3531 1375 Dei,

1952 1411 2009 1455 et
2032 1401 2357 1455 devastabat
2382 1400 2529 1454 illam
2559 1401 2623 1453 “.

2024 1493 2219 1547 PALL.
2251 1492 2470 1562 Optime
2496 1493 2658 1547 dicis.

2022 1584 2179 1639 (ΝΒ.
2216 1583 2422 1650 Quodsi
2452 1599 2561 1637 non
2604 1585 2832 1653 poterit,
2862 1585 3063 1657 inquit,
3098 1588 3343 1658 quinque
3365 1589 3535 1646 boves

1953 1692 2052 1745 pro
2097 1691 2227 1739 uno,
2266 1685 2502 1745 quatuor
2531 1676 2696 1731 etiam
2733 1692 2865 1731 oves
2903 1694 3003 1747 pro
3045 1694 3153 1734 una
3197 1681 3533 1749 persolvere,

263 1765 395 1819 ἀντὶ
421 1763 516 1817 τοῦ
540 1764 872 1833 κλέμματος.
910 1764 1071 1834 Ὁρᾷς
1092 1764 1241 1827 ὅπως
1266 1764 1491 1833 ἀτιμίαν
1517 1766 1545 1817 ὁ
1569 1764 1729 1833 νόμος
1755 1763 1853 1833 τὴν

1954 1766 2221 1820 vendatur
2245 1780 2345 1835 pro
2383 1765 2551 1820 furto.
2581 1766 2745 1821 Vides
2775 1776 2837 1821 ut
2870 1768 2955 1822 lex
2981 1769 3334 1839 ignominiam
3360 1772 3535 1826 servi-

259 1854 614 1925 δουλοπρεπῆ
670 1854 1018 1923 καταγράφει
1077 1854 1264 1923 σαφῶς
1316 1853 1425 1907 τῶν
1475 1854 1698 1924 διηνεκῆ
1754 1856 1847 1907 καὶ

1954 1858 2055 1912 lem
2073 1865 2261 1926 aperte
2283 1857 2525 1913 sanxerit
2549 1857 2603 1910 in
2624 1873 2741 1921 eos,
2765 1858 2879 1926 qui,
2900 1874 3024 1913 cum
3045 1861 3263 1916 assidue
3284 1869 3533 1930 peccent,

260 1948 593 2000 ἁνέκνιπτον
626 1945 862 2015 ἑχόντων
909 1944 1010 2014 τὴν
1058 1943 1361 2014 ἁμαρτίαν,
1403 1944 1497 1998 καὶ
1539 1944 1681 2015 μηδ’,
1726 1944 1847 1996 ὅσον

259 2038 468 2099 εἰπεῖν,
511 2034 731 2106 λύτροις
771 2033 1174 2103 ἀποκρούεσθαι
1214 2033 1281 2087 τὰ
1328 2034 1651 2103 ἐγκλήματα
1691 2034 1850 2086 δυνα-

261 2126 474 2196 μένων,
501 2125 589 2179 διά
611 2142 670 2178 τε
692 2125 754 2178 τὸ
774 2125 877 2195 τῆς
895 2124 1119 2195 γνώμης
1146 2124 1370 2188 ἀσθενὲς
1389 2125 1488 2178 ούκ
1509 2126 1850 2194 ἀνεχομένων

261 2217 459 2288 ἱεροῦν
478 2218 558 2279 είς
590 2216 952 2287 μετάγνωσιν,
989 2218 1083 2271 καὶ
1111 2216 1198 2269 διὰ
1227 2217 1334 2269 τῶν
1368 2218 1448 2280 είς
1478 2216 1637 2270 τοῦτο
1671 2217 1851 2271 πόνων

256 2306 709 2377 ἐκμειλίττεσθαι
735 2306 903 2369 Θεόν;
937 2306 1353 2377 Πιπράσκεσθαι
1392 2308 1455 2376 δὴ
1488 2303 1581 2361 οὖν
1620 2304 1680 2361 εὖ
1707 2309 1851 2378 μάλα

256 2398 459 2470 φησίν.
494 2398 933 2470 Ἐναριθμεῖσθαι
959 2398 1068 2468 γάρ
1096 2399 1197 2451 οὐκ
1237 2400 1301 2469 ἐᾷ
1327 2402 1437 2462 τοῖς
1462 2398 1554 2453 διὰ
1575 2399 1673 2470 τῆς
1703 2399 1851 2464 θείας

255 2495 495 2561 χάριτος
524 2490 1008 2561 ἠλευθερωμένοις,
1042 2492 1170 2554 τοὺς
1197 2490 1340 2544 οὕτω
1386 2492 1849 2563 μεμολυσμένους.

271 2584 679 2653 ’Βξωθούμενοι
715 2584 772 2637 δὲ
803 2585 902 2653 τῆς
932 2587 1045 2647 τοῖς
1074 2584 1378 2655 ἐλευθέροις
1425 2584 1739 2657 πρεπούσης
1780 2604 1855 2639 τι·

259 2676 408 2746 μῆς,
424 2674 748 2729 ἀκούσονται
771 2676 863 2729 καὶ
886 2676 1039 2729 αὐτοί
1060 2690 1073 2705 ⁸
1101 2696 1118 2726 ι
1144 2677 1272 2730 Ἰδοὺ
1288 2680 1408 2740 ταῖς
1426 2680 1679 2747 ἀνομίαις
1699 2678 1852 2748 ὑμῶν

256 2768 574 2839 ὲπράθητε.
600 2788 617 2820 ι
654 2768 716 2821 Ei
732 2768 1087 2836 δὲμκεκλοφὼς
1116 2769 1211 2839 μὲν
1229 2769 1404 2839 ἁλοίη,
1421 2770 1607 2839 φησὶν,
1627 2768 1778 2822 οὔπω
1797 2769 1853 2822 δὲ

255 2859 502 2925 ἀνελὼν,
524 2860 827 2923 τουτέστιν,
846 2861 895 2913 εί
916 2860 1252 2930 φενακισμοῦ
1272 2861 1367 2915 καὶ
1379 2862 1595 2931 ἀπάτης
1612 2861 1855 2931 ἀρξάμε-

255 2968 368 3014 νος
382 2952 481 3022 τῆς
494 2953 571 3016 εἰς
584 2951 803 3023 ἑτέρους
822 2953 1289 3023 καταλαμϐάνοιτό
1309 2971 1393 3017 τις
1407 2953 1514 3007 τῶν
1528 2954 1854 3025 ἑτεροδοξεῖν

253 3045 568 3108 εἰωθότων,
593 3044 894 3117 νενικηκὼς
925 3046 983 3099 δὲ
1028 3044 1181 3099 οῦπω
1233 3048 1327 3100 καὶ
1364 3048 1740 3115 κατακομίσας
1776 3049 1857 3111 είς

252 3136 496 3207 ὕλεθρον
524 3137 651 3198 τοὺς
676 3138 1085 3207 ἀκροωμένους,
1115 3138 1363 3191 ἀποτίσει
1391 3138 1575 3192 διπλᾶ.
1621 3138 1849 3211 Ἀναλή-
1878 3168 1921 3225 c

251 3226 439 3297 ψεται
473 3225 581 3297 γὰρ
606 3226 669 3280 τὸ
701 3228 900 3280 οἰκεῖον
921 3228 950 3279 ὁ
997 3229 1094 3298 τῆς
1124 3228 1327 3299 ἀγέλης
1353 3229 1643 3298 δεσπότης,
1682 3246 1851 3301 προσ-

251 3318 695 3389 εξαιτηθὴσεται
721 3319 778 3371 δὲ
807 3320 901 3371 καὶ
916 3319 1107 3387 λόγους
1138 3322 1166 3373 ό
1194 3319 1499 3390 βωμολόχος
1517 3338 1529 3349 ·
1561 3319 1719 3373 τοῦτο
1745 3320 1853 3391 γὰρ

251 3410 342 3465 ἄν
396 3411 481 3481 εῐη
522 3410 584 3463 τὸ
630 3411 689 3463 ὲν
731 3410 936 3481 διπλῷ·
970 3412 1064 3464 καὶ⁵
1099 3411 1301 3481 ζημίαν
1332 3412 1595 3480 ὑπομενεί
1625 3411 1723 3481 τὴν
1775 3413 1854 3475 είς

253 3503 529 3557 θάνατον.
566 3502 630 3556 '0
661 3503 769 3572 γάρ
815 3502 1051 3575 ἠθέλησε
1104 3503 1237 3576 δρᾷν
1287 3504 1368 3568 εἰς
1415 3503 1657 3575 ἐτέρους,
1692 3504 1853 3559 πάθοι

251 3596 341 3651 ἂν
365 3595 527 3653 αὐτὸς
549 3596 643 3648 καὶ
681 3594 827 3665 μάλα
856 3595 1102 3659 εἰκότως.

350 3687 559 3741 ΠΔΛΔ.
614 3686 699 3751 Ὠς
726 3686 965 3758 ὀλέθριόν
990 3704 1049 3740 τε
1077 3686 1172 3740 καὶ
1202 3687 1481 3741 πάνδεινον
1510 3686 1722 3758 ἀληθῶς
1748 3687 1855 3740 τῶν

252 3779 529 3850 φενάκων
574 3778 635 3832 τὸ
679 3779 888 3849 χρῆμα,
929 3779 1060 3849 περὶ
1083 3772 1158 3832 ὧν
1185 3774 1339 3848 οἶμαί
1384 3795 1485 3832 που
1534 3778 1627 3831 καὶ
1692 3778 1855 3831 αὑτὸν

253 3864 688 3937 προαγορεῦσαι
721 3866 984 3936 Χριστόν·
1023 3886 1042 3917 ι
1088 3866 1389 3938 Προσέχετε
1420 3868 1530 3921 ἀπὸ
1564 3868 1673 3920 τῶν
1702 3871 1858 3940 ὲρχοο

257 3960 459 4031 μένων
494 3959 632 4029 πρὸς
659 3960 803 4030 ὑμᾶς
841 3961 897 4011 ἐν
930 3958 1187 4029 ἐνδύμασι
1223 3959 1529 4030 προϐάτων,
1561 3961 1762 4013 ἔσωθεν
1800 3962 1857 4015 δέ

252 4055 382 4105 eis:
411 4051 568 4104 λύκοι
598 4052 864 4122 ἅρπαγες.
907 4069 926 4101 ο

344 4141 511 4194 ΚΥΡ.
569 4139 773 4208 Ὀρθῶς
819 4135 910 4193 οὖν
947 4142 975 4193 ὁ
1002 4139 1165 4209 νόμος
1191 4138 1267 4202 ὡς
1301 4139 1483 4210 θηρῶν
1528 4142 1754 4212 ἀγρίων,
1796 4142 1858 4195 τὸ

255 4230 597 4284 ἑκτεθνάναι
632 4229 743 4281 δεῖν
789 4229 985 4290 παντὸς
1020 4228 1223 4282 τοιοῦδε
1268 4229 1722 4298 καταψηφίζεται.
1756 4231 1857 4284 Γέ-

253 4334 522 4390 γραπται
549 4318 658 4387 γάρ
697 4318 754 4369 ὲν
787 4318 887 4386 μὲν
940 4318 1007 4387 τῇ
1070 4316 1294 4387 Ἐξόδῳ’
1340 4336 1357 4368 ι
1409 4318 1536 4370 Ἐὰν
1574 4318 1748 4391 κλέψῃ
1774 4320 1858 4383 τίς

252 4428 393 4464 τινα
423 4409 535 4462 τῶν
569 4408 704 4461 υἱῶν
748 4407 983 4478 Ἰσραὴλ,
1014 4408 1109 4461 καὶ
1145 4406 1652 4471 καταδυναστεύσας
1696 4409 1859 4463 αὐτὸν

252 4501 577 4564 ἀποδῶται,
612 4502 707 4553 καὶ
732 4498 926 4570 εὑρεθῇ
959 4501 1015 4552 ἐν
1050 4498 1221 4569 αὐτῷ,
1257 4499 1469 4569 θανάτῳ
1494 4499 1848 4554 τελευτάτω.»

268 4594 370 4647 Ἐν
431 4592 492 4645 δέ
542 4609 605 4659 γε
662 4591 740 4661 τῷ
788 4590 1218 4661 Δευτερονομίῳ·
1267 4610 1284 4641 ι
1348 4591 1472 4643 Ἐὰν
1515 4591 1573 4643 δὲ
1615 4590 1727 4661 ἀλῷ
1766 4591 1859 4645 ἄν·

253 4688 497 4758 θρωπος
538 4684 787 4737 κλέπτων
816 4683 995 4753 ψυχὴν
1024 4684 1089 4736 ἐκ
1116 4683 1223 4737 τῶν
1254 4683 1497 4751 ἀδελφῶν
1531 4683 1717 4748 αὐτοῦ,
1750 4683 1858 4736 τῶν

250 4780 404 4834 υίῶν
456 4777 696 4848 Ἰσραὴλ,
721 4777 817 4829 καὶ
840 4774 1345 4838 καταδυναστεύσας
1375 4776 1536 4829 αὐτὸν
1564 4774 1857 4839 ἀποδῶται,

248 4870 631 4925 ἀποθανεῖται
665 4868 693 4919 ὁ
740 4866 979 4936 κλέπτης
1015 4867 1240 4928 ἐκεῖνος.
1280 4885 1299 4919 ι
1337 4867 1411 4919 Οὐ
1452 4867 1560 4937 γάρ
1592 4885 1672 4920 τοι
1702 4867 1859 4937 θέμις

245 4962 321 5014 τὸ
354 4957 508 5029 ἱερὸν
538 4959 595 5009 ἐν
630 4956 852 5027 Χριστῷ
882 4954 1285 5026 καταδῃοῦσθαι
1309 4956 1482 5023 γένος,
1506 4959 1601 5010 καὶ
1632 4958 1711 5021 είς
1740 4958 1860 5010 δου-

245 5053 419 5107 λείαν
449 5053 552 5104 οὐκ
586 5051 809 5121 ὲντριὸῆ
848 5049 1312 5119 κατακομίζεσθαί
1354 5068 1445 5103 ποι
1473 5051 1625 5121 παρά
1657 5068 1720 5120 γε
1746 5052 1856 5104 τῶν

242 5142 433 5199 τοῦτο
478 5142 616 5213 δρᾷν
659 5142 961 5196 εἰωθότων·
1017 5141 1207 5211 ὥσπερ
1262 5144 1371 5212 γὰρ
1413 5144 1464 5195 οἱ
1495 5142 1564 5195 τὰ
1598 5144 1858 5215 μειράκια

243 5232 684 5304 φενακίζοντες,
723 5232 931 5296 πόλεώς
971 5250 1030 5285 τε
1064 5234 1156 5286 καὶ
1193 5232 1380 5287 οἰκιῶν
1409 5235 1853 5303 ἀπονοσφίζουσι,

238 5325 360 5380 καὶ
408 5324 751 5393 αὐχημάτων
798 5324 937 5379 αύτά
962 5324 1071 5377 τῶν
1114 5324 1415 5395 ἐλευθέρων
1457 5326 1853 5397 ἐκπέμποντες,

236 5419 381 5478 τοῖς
411 5416 515 5485 τῆς
547 5415 852 5483 ἀναγκαίας
883 5415 1125 5480 δουλείας
1164 5417 1494 5487 ὑποφέρουσι
1531 5417 1735 5487 ζυγοῖς⁹
1768 5419 1857 5475 τὸν

236 5506 455 5568 αὗτὺν,
473 5505 653 5577 οἶμαι,
680 5508 902 5577 τρόπον,
932 5509 1122 5572 οίτοῦς
1147 5507 1281 5579 ὀρθὰ
1300 5513 1516 5579 φρονεῖν
1543 5512 1851 5581 ἑλομένους,

237 5596 362 5653 καὶ
390 5596 486 5651 τὸν
516 5597 822 5669 ἐλευθέροις
854 5599 1133 5669 πρέποντα
1158 5598 1267 5675 βίον
1295 5601 1727 5671 ἐπιτηδεύοντας,
1758 5605 1851 5658 ἐπὶ

378 5785 424 5815 ⁸³
454 5784 656 5854 Ephcs.
686 5800 737 5843 ν,
758 5784 809 5838 8.

1950 1961 2061 2000 non
2090 1955 2272 2001 tamen
2311 1947 2522 2015 peccati
2558 1948 2801 2002 maculas
2838 1949 3091 2013 abluunt,
3123 1966 3323 2020 neque,
3368 1961 3427 2006 ut
3460 1952 3537 2009 ita

1950 2037 2149 2101 dicam,
2187 2038 2366 2106 pretio
2390 2037 2538 2102 dato,
2562 2048 2791 2108 possunt
2811 2040 3042 2096 crimina
3064 2042 3367 2111 depellere:
3389 2042 3536 2112 quod

1951 2127 2150 2181 mentis
2194 2126 2513 2181 inﬁrmitate
2557 2128 2787 2185 sudores
2824 2131 3163 2199 poenitentia:
3189 2134 3455 2202 perferre,
3479 2142 3537 2189 et

1952 2219 2123 2272 Deum
2156 2217 2425 2286 ejusmodi
2452 2218 2736 2274 laboribus
2763 2221 2980 2290 placare
3004 2224 3216 2278 nolint?
3239 2225 3411 2281 Vendi
3438 2226 3538 2296 igi-

1953 2317 2044 2364 tur
2066 2324 2163 2363 eos
2188 2308 2494 2363 rectissime
2514 2309 2674 2379 jubet
2697 2328 2709 2363 :
2747 2327 2929 2381 neque
2949 2314 3097 2368 enim
3126 2315 3377 2370 homines
3397 2316 3537 2372 adeo

1953 2402 2270 2472 inquinatos
2291 2401 2563 2471 permittit
2585 2402 2728 2457 inter
2748 2418 2846 2458 eos
2866 2408 3169 2471 numerari,
3201 2408 3293 2477 qui
3322 2424 3421 2478 per
3440 2408 3536 2463 Dei

1952 2492 2183 2562 gratiam
2221 2488 2383 2545 liberi
2416 2488 2545 2543 facti
2579 2498 2726 2543 sunt.
2760 2490 2986 2561 Expulsi
3029 2502 3211 2548 autem
3247 2494 3315 2547 ab
3347 2509 3415 2548 eo
3439 2493 3540 2547 ho-

1952 2599 2108 2647 nore,
2136 2584 2230 2654 qui
2253 2584 2445 2638 liberis
2465 2585 2743 2646 convenit.
2769 2585 2997 2639 audient
3020 2586 3183 2639 etiam
3206 2584 3317 2655 ipsi
3345 2603 3359 2637 :
3393 2603 3410 2636 ι
3438 2586 3540 2641 Ec-

1954 2692 2014 2731 ce
2038 2676 2091 2730 in
2121 2675 2508 2745 iniquitatibus
2538 2676 2735 2729 vestris
2757 2676 2966 2731 venditi
2988 2678 3122 2731 estis
3147 2678 3213 2730 ".
3256 2697 3275 2728 ›
3306 2676 3462 2743 Quod
3492 2679 3539 2733 si

1954 2766 2161 2821 furtum
2184 2770 2405 2839 quidem
2428 2770 2626 2826 fecisse
2650 2779 2963 2839 compertus
2981 2768 3170 2834 fuerit,
3191 2769 3435 2823 nondum
3459 2777 3540 2824 ta-

1954 2874 2081 2913 men
2114 2860 2399 2926 occidisse,
2430 2862 2483 2915 id
2511 2871 2613 2929 est,
2648 2861 2810 2930 255
2848 2861 2893 2915 si
2924 2862 3049 2931 quis
3084 2860 3245 2915 aliter
3270 2861 3536 2927 sentiens,

1955 2966 2117 3021 quam
2154 2950 2290 3007 ﬁdes
2312 2961 2462 3007 recta
2502 2953 2827 3021 praescribit,
2857 2951 3044 3006 fallere
3069 2951 3293 3020 quidem
3317 2958 3373 3005 et
3391 2950 3541 3006 deci-

1956 3058 2088 3112 pere
2110 3054 2339 3097 caeteros
2370 3045 2594 3098 molitus
2630 3060 2751 3098 esse
2787 3042 3254 3113 deprehendatur,
3290 3040 3538 3096 nondum

1960 3134 2140 3188 tamen
2172 3134 2370 3189 vicisse
2396 3145 2492 3190 aut
2516 3135 2583 3190 ad
2610 3135 2908 3205 perniciem
2930 3135 3212 3189 auditores
3246 3132 3537 3203 perduxis-

1956 3242 2034 3289 se,
2078 3225 2306 3295 duplum
2348 3228 2662 3296 persolvet:
2694 3243 2823 3281 nam
2886 3226 3142 3282 dominus
3168 3226 3349 3297 gregis
3375 3242 3537 3282 suum

1954 3316 2205 3386 recipiet,
2239 3326 2298 3371 et
2349 3316 2443 3372 ille
2482 3332 2706 3387 quoque
2746 3316 3035 3372 insidiator
3073 3332 3263 3386 ptenas
3302 3317 3416 3372 luet
3461 3316 3536 3388 (id

1953 3406 2101 3460 enim
2119 3417 2204 3461 est
2225 3406 2500 3478 duplum),
2526 3423 2590 3463 ac
2613 3408 2805 3462 mortis
2830 3422 2989 3477 poena
3014 3406 3358 3460 multabitur.
3381 3403 3538 3473 Quod

1953 3498 2101 3552 enim
2134 3498 2256 3553 aliis
2293 3498 2477 3553 facere
2514 3499 2718 3564 voluit,
2759 3499 2814 3553 id
2848 3499 2965 3569 ipse
3006 3498 3131 3569 jure
3176 3497 3385 3569 optimo
3438 3512 3537 3569 pa-

1954 3590 2147 3644 tietur.

2026 3682 2221 3737 ΡΑιῐ..
2270 3684 2651 3739 Perniciosum
2676 3699 2807 3738 sane
2849 3698 2913 3738 ac
2959 3697 3123 3754 grave
3144 3689 3229 3736 est
3273 3680 3537 3751 decepto-

1956 3791 2079 3829 rum
2105 3776 2338 3841 crimen,
2393 3776 2462 3831 de
2509 3776 2712 3847 quibus
2754 3776 2933 3845 ipsum
2992 3789 3213 3844 quoque
3256 3771 3537 3828 Christum

1955 3868 2275 3938 praedixisse
2316 3877 2483 3938 puto:
2519 3890 2536 3920 ι
2567 3867 2852 3923 Attendite
2877 3867 3038 3921 abiis
3068 3866 3164 3936 qui
3196 3865 3432 3921 veniunt
3467 3864 3537 3920 ad

1955 3974 2053 4013 vos
2082 3959 2137 4012 in
2160 3960 2507 4015 vestimentis
2564 3960 2785 4023 ovium,
2824 3958 3162 4012 intrinsecus
3189 3965 3373 4011 autem
3408 3964 3539 4011 sunt

1957 4051 2072 4121 lupi
2097 4067 2326 4121 rapaces
2348 4053 2413 4105 ⁸⁸.
2438 4070 2455 4103 ι

2027 4141 2188 4196 CYR.
2210 4142 2379 4196 Recte
2405 4142 2572 4211 igitur
2592 4140 2680 4195 lex
2694 4139 2761 4194 de
2774 4137 3088 4207 hujusmodi
3111 4136 3390 4203 omnibus,
3413 4144 3537 4191 tan-

1959 4246 2124 4299 quam
2147 4229 2215 4284 de
2249 4230 2381 4284 feris
2405 4230 2625 4293 belluis,
2680 4237 2988 4283 extremum
3025 4226 3364 4296 supplicium
3407 4241 3536 4281 san-

1958 4324 2056 4377 xit.
2085 4323 2364 4391 Scriptum
2390 4331 2476 4377 est
2508 4322 2657 4375 enim
2684 4321 2738 4374 in
2763 4318 2951 4374 Exodo
2977 4318 3237 4387 quidem:
3277 4337 3297 4369 ι
3328 4317 3384 4374 Si
3412 4319 3538 4387 quis

1958 4416 2176 4470 furatus
2204 4415 2370 4468 fuerit
2394 4414 2629 4483 aliquem
2654 4413 2722 4466 de
2765 4412 2891 4465 [iliis
2940 4411 3131 4474 Israel,
3155 4419 3211 4466 et
3244 4411 3298 4465 vi
3346 4412 3537 4481 oppri-

1890 4537 1933 4590 υ
1961 4524 2117 4563 mens
2156 4522 2283 4560 eum
2326 4505 2671 4568 vendiderit,
2696 4512 2753 4558 et
2794 4503 3054 4557 inventus
3096 4502 3263 4558 fuerit
3309 4503 3364 4557 in
3396 4503 3538 4573 ipso,

1963 4608 2139 4655 morte
2174 4599 2445 4653 moriatur
2472 4598 2538 4651 ⁸⁷.
2562 4616 2581 4649 ι
2634 4597 2695 4651 In
2749 4595 3184 4650 Deuteronomio
3222 4610 3394 4651 vero:
3428 4614 3447 4647 ι
3477 4594 3537 4652 Si

1962 4701 2146 4746 autem
2192 4690 2571 4760 deprehensus
2594 4688 2767 4742 fuerit
2793 4688 2960 4742 homo
2984 4687 3158 4742 forari
3192 4686 3429 4742 animam
3471 4702 3540 4742 ex

1959 4778 2223 4834 fratribus
2246 4780 2382 4844 suis,
2413 4778 2540 4833 ﬁliis
2564 4778 2756 4841 Israel,
2780 4787 2836 4833 et
2869 4778 2921 4830 vi
2967 4778 3307 4847 opprimens,
3357 4776 3537 4845 ipsum

1964 4872 2295 4936 vendiderit,
2341 4872 2611 4925 morietur
2641 4870 2729 4925 fur
2753 4871 2844 4924 ille
2869 4869 2935 4923 ⁸⁵⁸.
2970 4888 2987 4920 ι
3017 4868 3135 4923 Non
3160 4867 3309 4922 enim
3334 4865 3417 4921 fas
3452 4873 3538 4920 est

1962 4963 2098 5018 illud
2146 4978 2364 5018 sacrum
2413 4962 2470 5015 in
2511 4961 2735 5017 Christo
2780 4976 2954 5031 genus
2980 4958 3177 5029 prteda:
3226 4957 3536 5025 expositum

1961 5056 2176 5119 esse,'ct
2198 5054 2268 5109 ad
2292 5054 2613 5108 servitutem
2642 5054 2912 5107 insuetam
2941 5050 3008 5104 ab
3036 5050 3104 5103 iis
3142 5047 3347 5117 quibus
3367 5045 3421 5099 id
3450 5045 3536 5099 fa—

1960 5162 2087 5202 cere
2110 5146 2284 5201 moris
2308 5154 2414 5209 est,
2439 5146 2711 5215 pertrahi.
2739 5145 2808 5200 Ut
2842 5142 2990 5196 enim
3016 5140 3111 5210 qui
3162 5154 3366 5209 pueros
3388 5137 3538 5192 deci~

1962 5240 2142 5309 piunt,
2172 5254 2269 5294 eos
2292 5254 2322 5293 a
2347 5238 2572 5293 civitate
2597 5246 2654 5292 et
2702 5236 2959 5291 domibus
2998 5234 3113 5287 suis
3156 5231 3458 5296 abducunt,
3480 5239 3537 5285 et

1962 5333 2304 5388 ornamentis
2326 5332 2601 5386 libertatis
2643 5329 2995 5399 exspoliatos,
3024 5335 3227 5381 coacta:
3251 5324 3537 5379 servitutis

1957 5426 2091 5496 jugo
2117 5424 2443 5494 subjiciunt,
2471 5424 2689 5486 eodem,
2713 5430 2778 5475 ut
2801 5422 3023 5490 opinor,
3054 5419 3241 5482 modo,
3266 5417 3362 5487 qui
3390 5416 3535 5471 mul-

1960 5517 2243 5587 tiplicibus
2264 5522 2702 5570 commentorum
2726 5525 2953 5566 suorum
2982 5509 3403 5581 deceptionibus
3442 5522 3539 5562 eos

1958 5610 2052 5679 qui
2079 5616 2231 5664 recte
2258 5607 2530 5668 sentiunt,
2576 5614 2633 5658 et
2660 5604 2787 5657 vita:
2833 5617 3005 5673 genus
3043 5600 3304 5657 excolunt
3343 5599 3536 5653 liberis

884 5783 971 5837 ’δι
1002 5782 1140 5837 Tim.
1168 5802 1205 5853 ι,
1242 5785 1325 5839 15.
1390 5786 1431 5817 ⁸⁸
1458 5784 1559 5839 Isa.
1583 5800 1629 5837 t..
1678 5784 1723 5837 l.
1775 5785 1819 5814 “
1843 5782 2033 5841 Matth.
2061 5800 2153 5839 vn.
2190 5784 2271 5837 l5.
2342 5785 2384 5815 ⁸⁷
2414 5781 2584 5838 Exod.
2610 5798 2718 5846 ut,
2756 5782 2842 5839 l6.
2894 5783 2937 5816 ”
2966 5783 3123 5840 Deut.
3154 5783 3366 5848 xxrvﬂ.
