3998 6526
647 384 751 440 539
1668 381 1722 437 S.
1764 380 2038 438 CYRILLI
2078 383 2550 441 ALEXANDRINI
2590 380 2907 438 ARCHIEP.
3732 398 3805 455 διο

651 494 969 550 hominibus
996 494 1242 565 dignum,
1273 493 1340 549 ad
1366 510 1519 549 suam
1565 496 1949 551 stultissimam
1996 504 2225 551 senten-

2224 530 2225 533 η
2259 505 2303 559 Α
2331 498 2392 552 τὺ
2421 498 2631 579 δσφίσιν
2670 498 2855 560 αὐτοῖς
2901 492 3238 565 ἀνοητότατα
3287 493 3487 563 δοκοῦν,
3530 502 3803 578 πολυπλόκοις

649 588 782 641 tiam
807 586 1104 651 adducunt,
1129 586 1197 640 de
1240 586 1390 640 furto
1412 602 1477 641 ac
1538 587 1828 643 latrocmto
1862 590 2228 645 humanarum

2226 638 2228 644 .
2331 591 2547 646 ὲννοιῶν
2595 590 2833 651 ἀπάταις
2874 585 3323 656 ἀποκομίζοντες,
3378 588 3605 658 λῃστείας
3641 598 3805 669 εἰκότως

648 680 953 733 animarum
981 679 1058 733 rei
1083 679 1283 733 merito
1312 680 1465 743 fient,
1494 696 1797 751 ptenasque
1824 692 2071 738 extremo
2093 699 2226 753 sup-

2222 714 2226 723 -
2328 681 2428 751 τῆς
2460 682 2553 734 ἐπὶ
2579 679 2779 750 ψυχαῖς
2810 676 3134 748 ἀνθρώπων,
3176 676 3494 746 ὑπομενοῦσι
3519 681 3604 751 τὴν
3626 692 3801 759 γραφήν.

650 768 1020 835 pliciolucnt.
1077 768 1407 838 llujusmodi
1459 770 1781 827 hominibus
1828 788 2009 843 neque
2068 773 2229 828 «Ave

2226 798 2229 822 ι
2329 772 2487 843 ποινή
2512 772 2568 825 δὲ
2596 773 2779 835 αὐτοῖς
2799 773 2827 824 ό
2846 770 3091 832 θάνατος.
3118 769 3243 830 Τοῖς
3262 769 3527 835 τοιαύταις,
3550 774 3661 843 μηδὲ
3676 796 3693 827 ι
3713 779 3805 833 xui.

649 857 902 911 dixeritis
928 859 995 921 °°,
1030 877 1047 909 ι
1100 857 1282 927 inquit
1329 857 1630 914 Salvatoris
1662 860 1839 915 nostri
1882 862 2223 931 discipulus:

2329 881 2445 936 ρειν
2474 862 2682 932 λέγετε,
2724 882 2747 915 ι
2782 861 2916 932 φησὶ
2945 858 3039 913 τοῦ
3068 858 3321 929 Σωτῆρος
3343 858 3371 910 6
3397 860 3631 932 μαθητὴς,
3658 867 3735 921 οὐκ
3752 874 3805 935 εἰς

648 962 757 1001 non
782 946 928 1015 quod
955 947 1273 1002 inhumanis
1298 963 1400 1003 nos
1423 964 1547 1005 esse
1580 950 1831 1005 moribus
1884 951 2099 1016 doceat,
2128 954 2225 1007 sed

2324 957 2542 1029 τρόπων
2588 958 2736 1027 ἡμᾶς
2783 954 3088 1025 ἀγριότητα
3137 951 3510 1021 παιδαγωγῶν,
3538 954 3633 1007 ἀλλ’
3660 959 3723 1014 ὅτι
3752 962 3805 1031 τῷ

646 1040 792 1109 quod
817 1040 882 1094 ad
906 1042 1239 1096 commercia
1291 1058 1416 1097 cum
1471 1044 1602 1118 lupo
1646 1044 1908 1111 ineunda,
1936 1046 2123 1116 inepta
2148 1047 2223 1102 sit

2324 1048 2474 1120 λύκῳ
2519 1048 2582 1103 τὸ
2632 1046 2906 1118 πρόϐατον
2962 1047 3044 1109 είς
3095 1044 3362 1108 διαθέσεις
3404 1044 3499 1099 οὐκ
3547 1048 3803 1121 ἐπιτήδειον·

644 1132 788 1194 ovis,
838 1139 897 1187 et
946 1132 1094 1187 inter
1123 1149 1242 1199 eos,
1294 1135 1388 1204 qui
1428 1135 1881 1191 animi'sensibus
1938 1137 2220 1203 differunt,

2324 1139 2616 1210 ἀσύμϐατα
2663 1138 2721 1191 δὲ
2767 1136 2958 1207 ὥσπερ
3001 1134 3274 1205 ἀλλήλοιν,
3320 1133 3389 1186 τὰ
3444 1134 3804 1205 ὲτερογνωμονεῖν

643 1227 797 1280 nulla
820 1226 1114 1280 conventio
1137 1242 1259 1281 esse
1289 1227 1463 1297 possit
1489 1245 1502 1281 :
1541 1247 1559 1279 ι
1586 1227 1716 1294 Quae
1746 1229 1895 1283 enim
1921 1245 2049 1299 pars
2074 1229 2221 1285 fideli

2322 1230 2567 1284 ezwem-
2608 1249 2627 1281 ‹
2666 1227 2764 1291 Τίς
2810 1226 2921 1295 γὰρ
2978 1225 3137 1297 μερὶς
3170 1223 3349 1294 πιστῷ
3383 1224 3511 1293 μετά
3552 1224 3802 1295 ἀπίστουςι

641 1330 769 1369 cum
794 1314 1096 1369 infideli"?
1116 1334 1134 1366 ι
1161 1316 1437 1371 Ρταξιοτοιι
1460 1332 1586 1371 cum
1608 1316 2037 1373 fornicatoribus
2059 1320 2220 1390 hujus

2322 1322 2431 1374 Καὶ
2478 1319 2613 1391 πρός
2662 1336 2727 1388 γε
2758 1317 2822 1389 δὴ
2860 1318 3092 1383 τούτοις,
3139 1318 3252 1379 τοῖς
3296 1316 3509 1386 πόρνοις
3546 1318 3627 1371 τοῦ
3669 1322 3804 1389 alim;

642 1405 835 1459 mundi
858 1419 968 1458 non
993 1406 1341 1460 commisceri
1362 1407 1762 1463 scribitbeatus
1786 1408 2010 1464 Paulus.
2059 1411 2221 1481 256

2319 1409 2510 1464 τούτου
2537 1410 2611 1481 μὴ
2650 1406 3154 1462 συναναπλέκεσθαι
3177 1406 3310 1469 δεῖν,
3335 1408 3364 1460 6
3387 1406 3639 1473 θεσπέσιος
3655 1412 3804 1479 Παῦλος

640 1496 722 1551 Ne
745 1497 840 1566 qui
886 1497 1056 1567 igitur
1084 1507 1342 1567 tanquam
1374 1514 1405 1554 e
1442 1500 1637 1570 patriis
1676 1500 1819 1556 focis
1860 1517 1924 1557 ex
1971 1502 2219 1559 Ecclesia

2320 1502 2545 1573 γράφει.
2589 1501 2706 1554 Ἵνα
2727 1499 2909 1555 τοίνυν
2938 1500 3015 1571 μή
3054 1498 3309 1569 καθάπερ
3334 1498 3398 1552 ἐκ
3428 1500 3657 1571 πατρῴας
3675 1504 3803 1569 ἑστίας

642 1588 739 1643 Dei
781 1590 1089 1658 rapiantur,
1123 1599 1180 1644 et
1227 1591 1285 1645 in
1333 1592 1595 1647 ecclesias
1628 1594 2042 1663 malignantium
2068 1595 2219 1651 defe-

2318 1593 2418 1663 τῆς
2460 1592 2784 1664 Ἐκκλησίας
2829 1591 2925 1645 τοῦ
2955 1589 3091 1645 Θεοῦ
3135 1589 3556 1661 καθαρπάζοιντό
3596 1610 3723 1660 τινες,
3742 1599 3804 1650 καὶ

644 1689 856 1746 rantur,
890 1680 1021 1736 dum
1053 1681 1122 1735 ad
1163 1681 1393 1738 vitiosos
1438 1699 1618 1739 mores
1663 1685 2017 1742 divertendos
2057 1702 2218 1741 suum

2319 1688 2397 1749 είς
2448 1684 2743 1755 ἐκκλησίας
2789 1682 3149 1754 ἀποφέροιντο
3179 1681 3622 1753 πονηρευομένων,
3643 1689 3734 1749 ταῖς
3751 1690 3804 1751 είς

642 1771 886 1825 animum
900 1773 1306 1841 quodammodo
1328 1775 1603 1830 vendunt:
1636 1796 1653 1828 ι
1675 1776 2048 1849 Corrumpunt
2069 1781 2216 1835 enim

2250 1844 2286 1849 _
2320 1778 2631 1849 φαυλότητα
2668 1777 3051 1847 παρατροπαῖς
3088 1773 3179 1827 τὸν
3212 1774 3412 1827 οἰκεῖον
3436 1773 3606 1846 ὥσπερ
3633 1793 3802 1833 καταπιο

644 1873 826 1914 mores
874 1861 1049 1916 bonos
1097 1862 1372 1933 colloquia
1419 1864 1561 1919 mala
1589 1866 1663 1920 '“z
1701 1885 1717 1917 ι
1750 1868 1947 1922 mortis
1998 1885 2217 1939 pmnam

2250 1844 2292 1902 Β
2325 1844 2662 1941 πράσκοντες
2701 1844 2904 1929 νοῦνξι
2937 1866 3224 1937 Φθείρουσι
3267 1863 3380 1935 γάρ
3401 1864 3499 1935 ήθη
3527 1844 3701 1936 χρηστὰ
3716 1870 3800 1938 ὀμι-

641 1949 730 2004 lex
752 1953 1039 2007 constituit
1061 1954 1117 2007 in
1140 1970 1237 2009 eos
1263 1955 1360 2025 qui
1405 1954 1465 2010 id
1483 1955 1673 2012 facere
1700 1959 1909 2014 nefarie
1933 1961 2053 2015 ausi
2094 1962 2218 2017 fue-

2324 1962 2431 2015 λίαι
2461 1960 2649 2023 κακαὶ,
2688 1977 2707 2010 ι
2750 1958 2976 2013 θάνατον
3003 1955 3176 2028 ὁρίζει
3212 1955 3314 2027 τὴν
3350 1955 3498 2026 δίκην
3522 1958 3548 2010 6
3580 1957 3802 2027 νόμοςτοίς

592 2106 593 2109 η
640 2041 772 2095 rint.
804 2043 985 2099 Facile
1013 2053 1195 2100 autem
1219 2047 1408 2103 videas
1434 2048 1542 2103 hoc
1565 2050 1745 2119 ipsum
1792 2052 2014 2122 oblique
2057 2054 2168 2108 nob

2322 2054 2478 2107 τοῦτο
2525 2053 2659 2124 δρᾷν
2700 2048 3039 2105 ἀνοσιώτατα
3083 2048 3588 2119 προτεθυμημένοις.
3627 2050 3746 2113 Ἰδοις
3772 2053 3799 2104 δ’

640 2133 750 2187 alio
776 2151 996 2205 quoque
1023 2153 1291 2208 responso
1313 2140 1489 2211 legem
1521 2158 1716 2198 rursus
1760 2144 2039 2201 indicare:
2088 2162 2215 2200 nam

2322 2144 2388 2199 ἂν
2412 2144 2543 2199 αὐτὸ
2564 2142 2810 2211 πλαγίως
2833 2143 2965 2212 ἡμῖν
2998 2140 3366 2208 ὑποφαίνοντα
3399 2138 3551 2192 πάλιν
3570 2140 3717 2211 νόμον,
3739 2143 3802 2195 καὶ

639 2228 911 2295 apertiore
934 2230 1171 2300 quadam
1214 2233 1597 2305 intelligentia,
1629 2245 1686 2291 et
1713 2253 1835 2307 quae
1860 2254 1891 2292 a
1927 2240 2217 2309 quibusvis

2322 2239 2389 2292 δι’
2420 2238 2608 2310 ἐτέρου
2659 2235 3159 2307 χρησμῳδήματος.
3202 2232 3597 2304 Καταρυθμίζει
3631 2234 3714 2304 γὰρ
3742 2236 3802 2288 ἐπὶ

639 2317 800 2372 facile
823 2321 1032 2392 percipi
1056 2324 1253 2393 possit,
1281 2340 1371 2380 res
1412 2327 1682 2384 humanas
1724 2331 2026 2399 componit,
2052 2340 2109 2386 et
2147 2332 2217 2387 ad

2322 2331 2384 2385 τὸ
2410 2330 2533 2401 ἔχον
2579 2328 2755 2401 ὀρθῶς
2798 2328 2867 2382 τά
2897 2329 2956 2381 ὲν
2983 2326 3174 2397 κόσμῳ
3206 2326 3522 2397 πράγματα,
3548 2325 3624 2378 διά
3643 2326 3720 2397 τῆς
3739 2328 3802 2397 ἑμ-

642 2420 854 2465 rectum
882 2421 1085 2468 statum
1132 2426 1382 2472 revocat:
1412 2432 1591 2488 neque
1634 2420 1783 2474 enim
1827 2420 2117 2477 historiam
2160 2424 2216 2480 in

2323 2420 2659 2492 φανεστέρας
2686 2421 2783 2474 καὶ
2810 2418 3032 2490 ἑτοίμης
3064 2417 3205 2471 ἑλεῖν
3230 2418 3345 2479 τοῖς
3367 2416 3592 2469 ἐθέλουσι
3618 2416 3800 2487 θεωρίας.

640 2502 710 2557 iis
732 2512 884 2559 certe
934 2522 1056 2576 qua:
1080 2508 1320 2564 maximo
1342 2511 1469 2566 usui
1494 2519 1642 2577 sunt,
1667 2520 1931 2583 tanquam
1958 2514 2216 2587 frigidam

2322 2515 2397 2567 Οὐ
2426 2514 2533 2584 γάρ
2552 2531 2637 2566 τοι
2657 2510 2755 2583 τήν
2777 2509 3014 2580 ἱστορίαν
3039 2507 3095 2563 ἐν
3116 2526 3181 2578 γε
3206 2511 3322 2570 τοῖς
3342 2509 3422 2562 ὅτι
3450 2507 3652 2577 μάλιστα
3670 2507 3802 2578 χρησί-

638 2609 703 2648 ac
730 2604 971 2651 veterem
1010 2598 1267 2655 tollemus
1297 2619 1309 2654 :
1339 2602 1491 2658 utilis
1516 2613 1601 2659 est
1626 2606 1775 2661 enim
1820 2623 2215 2679 nonnunquam

2325 2622 2447 2676 μοις
2472 2604 2548 2669 ὡς
2573 2604 2738 2657 ἕωλον
2782 2602 3170 2674 ἀναιρήσομεν.
3228 2600 3445 2669 Ὀνήσει
3491 2599 3588 2670 γὰρ
3628 2599 3714 2651 ἔξιθ’
3743 2600 3801 2652 ὅτε

638 2687 987 2744 auditoribus
1007 2689 1122 2760 ipsa
1146 2709 1368 2763 quoque
1417 2695 1625 2761 littera,
1652 2696 1749 2753 sed
1775 2714 1839 2753 ea
1884 2707 2068 2756 tamen
2093 2710 2216 2757 tan-

2323 2698 2416 2750 καὶ
2469 2695 2601 2749 αὐτὸ
2641 2696 2704 2749 τὸ
2745 2695 2981 2766 γράμμα
3022 2693 3151 2757 τοὺς
3190 2691 3585 2764 ἀκροωμένους,
3609 2691 3800 2744 ὠδίνειᾶ

639 2791 805 2845 quam
831 2779 888 2832 in
926 2780 1200 2849 profundo
1220 2784 1467 2839 continet
1511 2802 1601 2842 res
1643 2787 1977 2857 spirituales,
2002 2798 2057 2845 et
2080 2792 2214 2846 sub-

2320 2787 2509 2858 ὦσπερ
2536 2788 2596 2841 ὲν
2624 2786 2779 2857 βάθει
2800 2787 2869 2840 τά
2896 2783 3265 2857 πνευματικὰ,
3300 2784 3395 2837 καὶ
3433 2782 3535 2837 τῶν
3563 2783 3800 2852 ίσχνοτέρωι

638 2863 883 2921 tiliorum
908 2883 1171 2925 sensuum
1193 2872 1304 2926 vim
1342 2881 1601 2943 tanquam
1632 2876 1687 2930 in
1715 2878 1974 2935 tenuibus
2005 2882 2217 2944 umbris,

2219 2932 2237 2953 ,
2320 2876 2539 2931 ἐννοιῶν
2566 2877 2666 2947 τὴν
2683 2875 2912 2946 δύναμιν
2932 2876 3009 2939 ὼς
3034 2876 3093 2928 ὲν
3119 2875 3301 2937 σκιαῖς
3326 2873 3438 2943 ἔχει
3466 2871 3674 2935 λεπταῖς.
3700 2872 3798 2940 Ἔφη

636 2957 1041 3026 complectitur.
1068 2961 1215 3017 Dixit
1236 2962 1403 3033 igitur
1427 2965 1483 3019 in
1507 2966 1696 3023 Exodo
1718 2985 1947 3027 rursus:
1982 2973 2066 3029 «Si
2091 2977 2214 3045 quis

2321 2968 2379 3023 δὲ
2408 2970 2467 3023 ὲν
2499 2972 2567 3041 τῇ
2609 2969 2804 3040 Ἐξόδῳ
2830 2966 3013 3022 πάλιν·
3045 2984 3066 3018 ι
3115 2965 3240 3020 Ἐὰν
3274 2964 3338 3019 δέ
3363 2981 3445 3028 τις
3471 2965 3799 3033 ἀπατήσῃπαρ-

635 3063 768 3103 vero
794 3049 1076 3121 deceperit
1096 3054 1368 3125 virginem
1412 3070 1522 3112 non
1568 3059 1978 3130 desponsatam,
2004 3073 2060 3120 et
2083 3065 2214 3121 dor-

2322 3059 2471 3114 θένον
2499 3060 2894 3131 ἀμνήστευτον,
2938 3057 3034 3112 καὶ
3064 3056 3305 3128 κοιμηθῇ
3344 3056 3458 3126 μετ’
3495 3054 3659 3124 αὐτῆς,
3681 3054 3797 3122 eam

634 3138 953 3195 mieritcum
974 3155 1058 3208 ea,
1084 3142 1211 3198 dote
1233 3145 1579 3202 dotabiteam
1593 3149 1698 3204 sibi
1720 3150 1773 3204 in
1791 3168 2015 3207 uxorem
2038 3156 2211 3224 :quod

2240 3196 2281 3255 Ο
2322 3153 2533 3224 φερνιεῖ
2582 3150 2752 3222 αὐτὴν
2800 3150 2982 3221 ἑαυτῷ
3036 3150 3293 3218 γυναῖκα.
3362 3147 3482 3255 ἰξάν
3518 3144 3798 3255 δὲάναῖειὶων

632 3228 678 3283 si
704 3243 945 3285 renuens
984 3240 1202 3298 renuat,
1227 3241 1285 3288 et
1328 3236 1467 3290 nolit
1506 3246 1664 3306 pater
1709 3238 1859 3294 illius
1909 3242 2041 3298 dare
2065 3244 2211 3299 illam

2240 3228 2281 3255 υ
2314 3243 2615 3317 ἁνανεύσῃ,
2649 3243 2746 3297 καὶ
2785 3243 2860 3315 μὴ
2904 3242 3161 3313 βούληται
3212 3243 3242 3295 6
3288 3239 3471 3310 πατὴρ
3496 3237 3643 3305 αὐτῆς
3672 3234 3796 3287 δοῦναι

632 3321 736 3376 sibi
773 3339 1022 3391 uxorem,
1074 3338 1361 3395 argentum
1409 3331 1590 3385 solvet
1640 3332 1783 3400 patri
1831 3335 1987 3404 juxta
2028 3336 2211 3392 dotem

2314 3336 2485 3409 αὐτὴν
2534 3334 2686 3406 αὑτῷ
2716 3337 2973 3404 γυναῖκα,
2997 3333 3263 3406 ἀργύριον
3315 3331 3553 3387 ἀποτίσει
3584 3328 3648 3399 τῷ
3684 3327 3798 3394 πατρὶ

632 3414 913 3484 virginum
938 3418 1007 3472 "'.
1041 3437 1059 3469 ι
1115 3420 1230 3474 Hoc
1252 3421 1349 3475 Dei
1376 3431 1712 3492 praeceptum
1738 3424 1977 3482 dilatans
2017 3428 2211 3484 beatus

2313 3424 2433 3479 καθ’
2459 3426 2584 3480 ὅσον
2627 3425 2777 3479 ἐστὶν
2821 3426 2856 3496 ἡ
2895 3424 3068 3496 φερνὴ
3100 3424 3207 3478 τῶν
3236 3422 3535 3494 παρθένων.
3564 3439 3580 3471 ι
3615 3416 3797 3487 ’Δνευρύ-

632 3505 844 3577 Moyses
888 3508 945 3563 in
988 3511 1452 3577 Deuteronomio,
1502 3514 1714 3585 inquit:
1748 3536 1765 3568 ι
1797 3517 1855 3572 Si
1890 3529 2075 3574 autem
2128 3521 2211 3576 in-

2311 3534 2417 3570 νων
2467 3516 2526 3570 δὲ
2563 3516 2754 3589 ὥσπερ
2784 3518 2917 3588 ἡμῖν
2960 3518 3059 3589 τὴν
3089 3515 3240 3570 Θείαν
3269 3514 3507 3585 ἐντολὴν,
3532 3514 3559 3566 6
3590 3510 3797 3570 θεσπέσιος

631 3606 832 3654 ventus
853 3599 1019 3655 fuerit
1040 3601 1206 3657 homo
1228 3603 1511 3661 dormiens
1544 3622 1672 3662 cum
1705 3607 1910 3665 femina
1944 3612 2210 3669 collocata

2310 3608 2518 3678 Μωσῆς
2550 3610 2609 3663 ὲν
2646 3610 2723 3681 τῷ
2769 3610 3173 3683 Αευτερονομίῳ
3215 3610 3412 3683 φησίν⁸
3472 3628 3490 3662 ι
3531 3607 3639 3661 Ἐὰν
3670 3605 3713 3658 δὲ
3737 3604 3795 3656 si»

629 3687 771 3754 viro,
808 3691 1073 3749 occidetis
1098 3694 1311 3761 ambos,
1342 3698 1525 3753 virum
1565 3700 1931 3758 dormientem
1974 3721 2100 3759 cum
2125 3706 2207 3761 fe-

2314 3701 2442 3773 ρεθῇ
2491 3701 2775 3773 ἄνθρωπος
2837 3703 3181 3775 κοιμώμενος
3271 3703 3414 3774 μετά
3464 3699 3682 3771 γυναικὸς
3712 3715 3794 3751 συν-

629 3777 798 3845 mina,
827 3789 883 3834 et
915 3783 1202 3839 mulierem
1227 3786 1401 3856 ipsam
1426 3807 1438 3842 :
1464 3798 1522 3845 et
1554 3792 1773 3850 auferes
1816 3796 2018 3851 malum
2051 3799 2119 3853 de
2141 3799 2208 3853 fi-

2308 3792 2620 3864 ῳκισμένης
2643 3793 2818 3865 ἀνδρὶ,
2848 3795 3197 3849 ἀποκτενεῖτε
3213 3794 3569 3866 ἀμφοτέρους,
3587 3791 3661 3845 τὸν
3679 3789 3796 3857 ἄνδρα

628 3867 719 3922 liis
741 3869 925 3925 Israel.
952 3871 1009 3927 Si
1036 3883 1217 3929 autem
1254 3877 1423 3933 fuerit
1462 3882 1645 3951 puella
1689 3885 1843 3956 virgo
1880 3886 2207 3958 desponsata

2307 3889 2399 3943 τὸν
2421 3886 2765 3958 κοιμώμενον
2790 3885 2927 3959 μετά
2955 3886 3053 3957 τῆς
3082 3887 3364 3955 γυναικὸς,
3388 3886 3482 3940 καὶ
3498 3884 3590 3956 τὴν
3610 3884 3796 3953 γυναῖκα.

628 3961 772 4026 viro,
802 3970 860 4017 et
887 3963 1178 4023 inveniens
1202 3984 1323 4023 eam
1352 3971 1518 4027 homo
1545 3974 1600 4029 in
1640 3976 1881 4043 civitate,
1916 3979 2207 4038 dormierit

2307 3981 2403 4034 καὶ
2446 3979 2661 4052 έξαρεῖς
2703 3978 2767 4032 τὸ
2804 3979 3042 4049 πονηρὸν
3089 3977 3150 4043 ἐξ
3204 3977 3339 4032 υίῶν
3372 3976 3594 4048 Ἰσραήλ.
3629 3974 3729 4027 Ἐὰν
3759 3970 3797 4022 δὲ

626 4068 752 4105 eum
790 4053 937 4123 ipsa:
963 4055 1213 4115 educetis
1242 4061 1434 4117 ambos
1459 4065 1527 4119 ad
1550 4075 1766 4138 portam
1794 4070 2034 4128 civitatis
2057 4073 2205 4144 ipso-

2306 4072 2530 4142 γένηται
2557 4069 2829 4141 παρθένος
2864 4069 3324 4141 μεμνηστευμένη
3372 4069 3540 4140 ἀνδρὶ,
3574 4066 3653 4120 και
3675 4062 3797 4135 εὑρὼν

626 4160 773 4209 rum,
798 4156 856 4200 et
879 4147 1157 4218 lapidibus
1179 4152 1509 4221 obruentur,
1536 4167 1593 4213 et
1628 4161 1977 4230 morientur;
2015 4164 2205 4220 adole-

2306 4166 2476 4236 αὐτὴν
2500 4163 2785 4236 ἄνθρωπος
2813 4164 2872 4216 ὲν
2914 4162 3096 4226 πόλει,
3134 4160 3375 4233 κοιμηθῇ
3404 4161 3514 4232 μετ’
3559 4156 3716 4226 αὐτῆς,
3740 4154 3796 4217 ἐξ·

625 4238 953 4305 scentulam,
998 4242 1131 4311 quia
1169 4260 1281 4299 non
1321 4247 1580 4305 clamavit
1612 4251 1668 4305 in
1700 4253 1959 4321 civitate;
1995 4264 2053 4311 et
2096 4257 2201 4311 ho-

2305 4254 2460 4322 ἀξετε
2490 4253 2834 4326 ἀμφοτέρους
2854 4253 2947 4306 ἐπὶ
2986 4253 3085 4325 τὴν
3112 4251 3291 4324 πύλην
3323 4252 3423 4322 τῆς
3444 4249 3633 4311 πόλεως
3650 4243 3795 4306 αὐτῶν,

623 4328 851 4396 minem,
902 4333 1032 4400 quia
1068 4333 1382 4391 humiliavit
1425 4355 1655 4396 uxorem
1699 4345 1936 4414 proximi
1980 4347 2096 4402 sui:
2147 4357 2202 4404 et

2304 4348 2399 4403 καὶ
2424 4346 2939 4418 λιθοϐοληθήσονται
2975 4346 3034 4400 ὲν
3070 4345 3261 4410 λίθοις,
3306 4344 3401 4399 καὶ
3442 4338 3792 4397 ἀποθανοῦνται·

623 4420 882 4477 auferetis
907 4424 1349 4483 malumavobis
1375 4429 1528 4501 ipsis.
1576 4431 1675 4488 Sin
1725 4444 1911 4491 autem
1964 4438 2020 4492 in
2070 4455 2202 4510 agro

2304 4439 2401 4513 τὴν
2431 4440 2633 4501 νεάνιν,
2658 4440 2742 4493 ὅτι
2767 4439 2867 4492 οὐκ
2892 4437 3117 4508 ἐϐόησεν
3146 4438 3202 4491 ὲν
3231 4438 3299 4509 τῇ
3340 4435 3510 4499 πόλει,
3540 4432 3623 4487 καὶ
3648 4426 3796 4483 τὸνάνι

622 4508 901 4566 invenerit
924 4513 1089 4569 homo
1111 4518 1350 4586 puellam
1381 4519 1791 4591 desponsatam,
1840 4536 1897 4583 et
1927 4528 1980 4583 vi
2014 4508 2201 4600 oppri-

2237 4535 2281 4590 Ι)
2307 4508 2546 4604 θρωπον,
2601 4532 2684 4585 ὅτι
2737 4530 3068 4584 ἐταπείνωσε
3106 4529 3207 4600 τὴν
3250 4529 3486 4597 γυναῖκα
3513 4524 3598 4578 τοῦ
3632 4520 3796 4589 πλησίον

623 4615 783 4657 mens
833 4603 1125 4661 dormierit
1168 4624 1292 4664 cum
1327 4626 1412 4677 ea,
1450 4614 1716 4672 occidetis
1758 4618 2057 4687 hominem,
2106 4623 2200 4691 qui

2299 4603 2502 4676 αὗτοῦσ
2553 4623 2644 4676 καὶ
2674 4620 2921 4693 ὲξαρεῖτε
2968 4619 3030 4673 τὸ
3079 4620 3315 4691 πονηρὸν
3364 4618 3426 4684 ἐξ
3472 4615 3612 4688 ὑμῶν
3649 4609 3794 4668 αὐτῶν.

623 4693 889 4750 dormivit
918 4713 1042 4752 cum
1068 4715 1155 4767 ea,
1199 4701 1497 4773 duntaxat;
1554 4708 1978 4768 adolescentulae
2017 4724 2201 4770 autem

2312 4715 2438 4769 Ἐἀν
2462 4714 2519 4767 δὲ
2542 4716 2601 4767 ὲν
2634 4714 2801 4784 πεδίῳ
2826 4711 2960 4785 εὕρῃ
3002 4712 3287 4784 ἄνθρωπος
3320 4711 3421 4781 τὴν
3460 4702 3798 4781 μεμνηστευμὲ·

622 4786 762 4840 nihil
819 4788 1064 4845 facietis:
1113 4808 1224 4847 non
1284 4796 1391 4850 erit
1452 4799 1874 4859 adolescentula:
1916 4817 2201 4875 peccatum

2300 4820 2418 4873 νην,
2458 4803 2556 4856 καὶ
2595 4801 2924 4873 βιασάμενος
2965 4798 3204 4872 κοιμηθῇ
3253 4799 3374 4870 μετ’
3420 4797 3596 4867 αὐτῆς,
3622 4796 3796 4849 ἀποκτε-

616 4879 846 4947 mortis;
874 4883 1003 4951 quia
1047 4883 1191 4939 sicut
1243 4887 1289 4942 si
1315 4888 1439 4958 quis
1478 4891 1730 4964 insurgat
1775 4895 1941 4952 homo
1990 4899 2045 4953 in
2071 4916 2195 4970 pro-

2300 4897 2440 4949 νεῖτε
2482 4894 2572 4948 τὸν
2623 4894 2930 4964 ἄνθρωπον,
2986 4892 3079 4946 τὸν
3127 4890 3469 4963 κοιμώμενον
3514 4889 3620 4961 μετ’
3658 4883 3796 4949 αὐτῆς.

618 4972 832 5027 ximum
878 4991 1038 5031 suum
1066 5018 1080 5043 ,
1110 4987 1166 5034 et
1195 4982 1410 5037 occidat
1434 4986 1554 5055 ejus
1576 4987 1837 5055 animam,
1881 4990 1961 5046 sic
1984 4992 2089 5048 hoc
2114 4994 2197 5049 τοι·

2308 4987 2495 5058 μόνον’
2553 4989 2621 5057 τῇ
2648 4985 2705 5038 δὲ
2743 4984 2943 5039 νεάνιδι
2982 4984 3240 5054 ποιήσετε
3280 4982 3453 5047 οὐδὲν,
3487 4981 3580 5033 οὐκ
3612 4972 3796 5039 {antri

618 5075 802 5134 ctum;
835 5069 967 5138 quia
996 5070 1052 5125 in
1077 5086 1209 5142 agro
1234 5073 1447 5130 invenit
1500 5093 1643 5145 eam,
1691 5080 1950 5138 clamavit
2004 5086 2195 5142 adole-

2300 5077 2501 5132 νεάνιδι
2531 5076 2836 5147 ἁμάρτημα
2869 5072 3126 5139 θανάτου,
3156 5074 3238 5127 ὅτι
3275 5071 3352 5135 ὡς
3387 5072 3443 5124 ετ
3479 5087 3559 5132 τις
3588 5063 3797 5128 ἐπαναπῇ

618 5160 869 5214 scentula
915 5161 1268 5232 desponsata,
1323 5175 1380 5221 et
1430 5182 1543 5222 non
1597 5170 1721 5236 fuit,
1766 5174 1861 5243 qui
1910 5176 2197 5247 adjuvaret

2303 5169 2585 5241 ἅνθρωπος
2618 5166 2710 5220 ἐπὶ
2754 5166 2847 5219 τὸν
2887 5164 3117 5235 πλησίον
3159 5160 3344 5226 αὐτοῦ,
3385 5161 3479 5215 καί
3514 5156 3713 5253 φονεύσῃ
3728 5150 3798 5253 a6:

616 5263 740 5304 eam
758 5252 824 5305 ⁷⁸.
861 5272 878 5303 ι
909 5253 1068 5326 257
1122 5256 1277 5325 Quod
1304 5258 1472 5330 igitur
1494 5261 1561 5316 ad
1600 5262 1887 5320 historiam
1933 5270 2194 5337 pertinet,

2302 5264 2397 5317 τοῦ
2432 5263 2529 5334 τὴν
2570 5261 2769 5333 ψυχὴν,
2809 5260 2983 5325 οὕτως
3018 5261 3080 5314 τὸ
3123 5260 3354 5331 πρᾶγμα
3391 5254 3561 5317 τοῦτο,
3584 5253 3654 5305 ὅτι
3677 5250 3723 5300 ὲν
3745 5250 3799 5311 τῷ

617 5340 788 5405 nulla,
824 5350 885 5397 ut
913 5346 1128 5414 opinor,
1176 5350 1521 5420 expositione
1570 5353 1800 5425 indiget,
1829 5366 1889 5412 ut
1934 5360 2193 5430 cuiquam

2303 5355 2459 5425 ἀγρῷ
2487 5346 2646 5425 εὗρεν
2673 5352 2863 5424 αὐτὴν,
2892 5352 3118 5422 ἐϐόησεν
3160 5352 3193 5422 ή
3222 5349 3401 5413 νεάνις
3439 5349 3472 5418 ἡ
3525 5353 3798 5437 μεμνηστεν·

617 5432 906 5500 perspicua
930 5435 1054 5490 ﬁat:
1081 5451 1267 5508 aperta
1291 5452 1422 5498 sunt
1442 5445 1590 5499 enim
1615 5449 1800 5503 omnia
1821 5458 1984 5520 atque
2014 5454 2192 5508 mani-

2303 5449 2463 5519 μένη,
2495 5448 2589 5501 καὶ
2609 5447 2637 5500 6
2663 5444 2946 5521 βοηθήσων
2966 5444 3067 5497 οὐκ
3093 5437 3163 5513 ἦν
3192 5442 3348 5513 αὐτῇ.
3391 5459 3410 5490 ι
3431 5438 3502 5492 T6
3531 5436 3617 5508 μὲν
3642 5427 3718 5485 οὖν
3730 5427 3800 5521 τῆς

615 5522 786 5579 festa:
836 5528 1193 5594 quamobrem
1244 5533 1381 5602 hac,
1428 5543 1490 5590 ut
1534 5538 1670 5593 mihi
1735 5539 1975 5607 videtur,
2028 5545 2193 5601 nobis

2301 5516 2558 5609 ῖστορίας,
2579 5518 2790 5600 οὐδενὸς
2818 5532 2973 5607 οἶμαί
3000 5551 3100 5588 που
3122 5532 3408 5605 δεήσεσθαι
3437 5530 3605 5597 λόγων
3630 5516 3801 5617 πρδίξδ

616 5612 921 5670 muittenda
964 5627 1092 5673 sunt
1140 5620 1207 5675 ad
1266 5639 1527 5693 praesens,
1559 5635 1615 5681 et
1640 5642 1739 5697 per
1780 5628 2103 5687 interiorem
2130 5634 2192 5689 il-

2301 5632 2539 5688 συνιέναι
2576 5627 2831 5683 δύνασθαί
2862 5643 3009 5680 τισι·
3048 5627 3193 5696 σαφῆ
3223 5624 3329 5694 γὰρ
3358 5622 3475 5675 λίαν
3499 5619 3585 5673 καὶ
3623 5612 3798 5682 ἐναργῆ-

725 5793 765 5824 "
793 5794 857 5859 Il,
883 5795 1149 5869 Joan._10.
1216 5800 1329 5855 7°11
1362 5800 1488 5856 Cor.
1511 5819 1579 5867 vt,
1629 5804 1707 5859 ιδ.
1770 5808 1813 5839 τί
1846 5809 1861 5861 l
1890 5808 2014 5864 Cor.
2049 5828 2133 5877 xv,
2162 5813 2246 5867 35.
2302 5816 2304 5825 '

2086 5830 2133 5877 ι’,
2162 5813 2246 5867 55.
2302 5815 2343 5844 ⁷³
2381 5814 2551 5869 Exod.
2581 5829 2714 5879 χχιι,
2750 5811 2829 5877 l6,
2875 5811 2953 5864 l7.
3021 5810 3065 5841 ⁷³
3090 5810 3245 5864 Deut.
3274 5805 3494 5869 “11,22
3524 5814 3659 5873 seqq.
