3998 6492
197 399 295 457 5H

900 392 989 447 DE
1026 391 1464 448 ADORATIONE
1502 392 1571 447 IN
1611 391 1880 450 SPlillTU
1923 394 2011 449 ET
2054 393 2422 449 VERITATE.
2469 394 2593 448 LIB.
2638 396 2771 450 Vill.

3353 395 3459 452 5-l2

199 515 293 565 Δεῖ
318 508 372 561 δὲ
406 507 576 577 ἡμᾶς,
612 504 689 568 ὡς
717 501 883 567 ἔοικε,
903 502 1064 555 ταυτὶ
1101 502 1363 572 μεθέντας
1381 505 1459 566 είς
1488 503 1548 556 τὸ
1584 504 1777 574 παρὸν,

1903 521 1988 558 am
2018 506 2487 574 oceultiorcmquc
2548 507 2799 561 semitam
2866 513 2949 559 cst
3013 498 3455 577 ingrediendum.

196 603 298 673 τὴν
330 601 435 653 ἔσω
461 614 521 650 τε
565 597 659 649 καὶ
697 592 1090 664 κεκρυμμένην
1116 593 1253 646 ίέναι
1286 593 1492 663 τρίϐον.

274 692 475 745 ΠᾹΛΛ.
501 688 651 740 Πάνυ
680 686 777 756 μὲν
802 681 917 738 οὖν.

272 783 432 836 ΚΥΡ.
471 779 618 849 Φημὶ
646 778 710 849 δὴ
746 772 861 843 οὖν,
894 777 975 830 ὅτι
1006 776 1195 847 ὥσπερ
1223 777 1282 829 ὲν
1314 778 1426 839 τοῖς
1447 777 1527 839 είς
1547 777 1780 844 γυναῖκα

200 870 666 944 πλημμελήμασι,
712 867 773 921 τὸ
826 867 1045 921 πάντων
1097 867 1163 920 ἂν
1196 868 1280 938 εῐη
1332 866 1707 936 παγχάλεπον,
1743 868 1777 937 ἡ

202 962 440 1035 μοιχεία,
484 960 577 1013 τὸν
619 958 806 1028 ἑτέρου
859 957 1004 1020 τινος
1050 956 1403 1027 παραλύουσα
1441 957 1639 1027 γάμον,
1688 957 1782 1009 καὶ

197 1055 309 1108 τῶν
361 1053 461 1124 ἤδη
499 1050 861 1121 συνημμένων
892 1048 1120 1101 ποιοῦσα
1168 1048 1462 1115 διάζευξιν,
1513 1049 1655 1102 κατὰ
1689 1047 1783 1100 τὸν

198 1146 388 1209 αὐτὸν,
427 1140 602 1215 οἴμαι,
637 1142 849 1196 τουτονὶ
895 1140 1119 1213 τρόπον,
1165 1140 1274 1194 τῶν
1314 1143 1396 1204 είς
1439 1140 1783 1212 ἀνθρωπίνας

196 1238 380 1309 ψυχὰς
426 1236 786 1307 αίτιαμάτων,
823 1233 884 1288 τὸ
912 1232 1131 1286 πάντων
1179 1232 1416 1303 μάλιστά
1452 1234 1566 1285 ἐστι
1596 1232 1784 1285 δυσσε-

197 1328 460 1401 ϐέστερόν
489 1344 549 1381 τε
597 1328 690 1381 καὶ
719 1324 1141 1397 ἀφορητότερον,
1187 1324 1247 1377 τὸ
1288 1324 1642 1394 ἐπιτηδεῦσαι
1681 1323 1783 1392 τὴν

196 1418 580 1492 παραφθορὰν,
622 1418 723 1472 οὐκ
766 1419 847 1478 είς
867 1415 967 1488 τὴν
997 1414 1266 1486 τυχοῦσαν
1294 1414 1498 1479 ἁπλῶς,
1534 1413 1671 1468 ἀλλὰ
1704 1415 1785 1477 εἰς

195 1509 299 1582 τὴν
342 1508 444 1579 ἤδη
491 1507 696 1579 τρόπον
743 1504 867 1559 τινὰ
911 1504 1325 1575 συνῳκισμένην
1351 1503 1447 1559 καὶ
1495 1502 1785 1557 ένωθείσαν

194 1599 444 1671 Χριστῷ,
478 1598 555 1669 τῷ
581 1597 783 1651 ἄνωθέν
807 1613 866 1650 τε
890 1596 987 1650 καὶ
1013 1596 1072 1661 ἐξ
1094 1593 1325 1666 οὐρανοῦ
1348 1595 1569 1665 νυμφίῳ
1587 1612 1600 1625 ·
1634 1592 1786 1646 ἐνού-

198 1692 351 1763 μεθα
390 1690 500 1761 γὰρ
542 1689 693 1760 αὐτῷ
742 1688 831 1743 διά
870 1704 932 1741 τε
958 1688 1061 1758 τῆς
1107 1687 1363 1751 πίστεως,
1408 1686 1503 1739 καὶ
1538 1684 1782 1756 προσέτι,

1951 685 2146 739 PALL.
2175 685 2317 740 Sane
2343 686 2587 754 quidem.

1949 776 2107 832 CYR.
2157 777 2415 831 Arbitror
2453 778 2621 847 igitur
2662 787 2721 833 ut
2754 779 2900 833 inter
2948 789 3168 849 peccata
3198 778 3253 834 in
3295 780 3457 836 femi-

1880 882 2006 921 nam
2064 867 2303 922 admissa
2347 869 2732 939 gravissimum
2777 878 2863 925 cst
2911 871 3265 936 adulterium,
3310 872 3458 942 quod

1880 956 2101 1027 nuptias
2116 957 2344 1012 alterius
2370 959 2558 1024 violet,
2588 969 2642 1013 et
2668 961 2777 1029 iam
2804 963 3412 1034 coniunctosdisiungat
3441 979 3455 1027 ;

1882 1050 1962 1105 sic
1988 1064 2214 1119 prorsus
2237 1050 2531 1104 criminum
2558 1052 2613 1105 in
2639 1052 2905 1107 humanas
2940 1053 3149 1107 animas
3178 1064 3461 1125 perpetra-

1884 1148 2069 1194 torum
2092 1138 2340 1194 omnium
2389 1140 2625 1194 maxime
2670 1141 2967 1207 nefarium,
3007 1158 3071 1196 ac
3119 1144 3345 1200 minime
3376 1145 3453 1199 fe—

1883 1230 2119 1285 rendum
2152 1246 2293 1296 esse,
2321 1232 2503 1286 moliri
2525 1233 2913 1302 corruptelam,
2944 1250 3052 1287 non
3079 1234 3135 1288 in
3159 1236 3462 1304 quamlibet

1883 1322 2122 1378 animam
2151 1330 2379 1387 temere,
2398 1324 2493 1378 sed
2520 1324 2575 1377 in
2599 1340 2717 1379 eam
2759 1341 2880 1394 qua:
2897 1326 3008 1395 iam
3036 1326 3200 1382 modo
3222 1329 3459 1397 quodam

1884 1415 2150 1471 collocata
2194 1424 2313 1469 erat
2351 1422 2406 1469 et
2445 1416 2736 1485 conjuncta
2781 1414 3001 1471 Christo
3028 1457 3044 1481 ,
3093 1433 3334 1488 superno
3378 1420 3461 1473 illi

1891 1505 2215 1575 caelestique
2239 1521 2473 1576 sponso:
2497 1506 2779 1577 iungimur
2803 1514 2987 1561 autem
3014 1508 3092 1561 illi
3140 1524 3239 1578 per
3263 1508 3423 1563 fidem
3445 1549 3461 1573 ,

1884 1609 1940 1654 et
1966 1608 2232 1668 praeterea
2268 1614 2367 1668 per
2420 1598 2659 1669 Spiritus
2710 1601 2883 1655 sancti
2934 1600 3461 1672 participationem:

1894 1708 1911 1741 ι
1942 1689 2045 1756 Qui
2069 1690 2216 1744 enim
2240 1690 2485 1745 adhaeret
2510 1692 2761 1755 Domino,
2808 1710 2952 1749 unus
2980 1695 3209 1764 spiritus
3238 1695 3407 1753 est",
3437 1712 3457 1746 ν

191 1781 293 1835 τοῦ
327 1782 655 1853 μεταλαχεῖν
688 1780 842 1848 ἁγίου
873 1778 1014 1833 Πνεύ
1024 1795 1192 1850 ματος
1213 1794 1230 1810 ο
1269 1797 1288 1831 ι
1343 1777 1402 1831 '0
1432 1777 1542 1849 γάρ
1581 1774 1783 1830 κολλώ-

1897 1782 2190 1837 secundum
2204 1782 2674 1853 ScripturasJure
2690 1785 2873 1855 itaque
2886 1787 2971 1840 lex
2990 1787 3150 1840 simul
3168 1802 3289 1841 cum
3305 1786 3466 1841 adulu

198 1892 368 1945 μενος
393 1874 472 1945 τῷ
506 1874 716 1945 Κυρίῳ,
747 1872 803 1925 ἓν
837 1871 1054 1943 πνεῦμά
1083 1874 1221 1938 ἐστι,
1265 1890 1283 1922 ›
1317 1870 1460 1925 κατὰ
1503 1871 1603 1934 τάς
1642 1870 1784 1939 Γρτι-

1897 1881 2099 1927 terante
2111 1873 2471 1927 adulteratam
2489 1890 2707 1944 quoque
2723 1884 2898 1930 morte
2923 1878 3151 1931 multat:
3180 1877 3331 1931 illum
3346 1876 3467 1946 qui-

194 1966 333 2035 φάς.
373 1964 598 2035 Θανάτῳ
641 1963 706 2034 δὴ
739 1958 831 2016 οὖν
860 1964 889 2015 6
931 1962 1097 2033 νόμος
1142 1964 1369 2032 τιμᾶται
1399 1962 1623 2026 δικαίως
1648 1960 1785 2031 ὁμοῦ

193 2057 277 2127 τῷ
302 2056 648 2130 μοιχεύσαντι
696 2056 794 2126 τὴν
825 2054 1295 2125 πεπορνευμένην,
1324 2053 1421 2108 καὶ
1452 2053 1546 2106 τὸν
1572 2052 1670 2124 μὲν
1711 2050 1787 2115 ὡς

195 2148 422 2202 ὲνιὲντα
460 2149 559 2217 τῆς
587 2146 812 2218 ἐνούσης
842 2146 991 2217 αὐτῷ
1017 2144 1339 2207 δυσσεϐείας
1372 2145 1441 2197 τὰ
1472 2144 1785 2215 σπέρματα,

194 2248 301 2319 τὴν
335 2247 414 2311 δὲ,
454 2246 535 2300 ὅτι
562 2245 655 2299 τδν
693 2246 793 2316 τῆς
824 2244 1177 2315 γνησιότητος
1208 2241 1554 2312 ἀτιμάζουσα
1600 2240 1787 2310 νόμον,

195 2338 379 2409 ἑτέρῳ
398 2337 611 2407 γέγονε,
637 2336 733 2390 καὶ
749 2338 869 2400 ταῖς
895 2334 1106 2388 ἐκείνου
1134 2333 1520 2406 παραφθοραίς
1543 2331 1789 2385 άπλοῦσα

191 2432 292 2487 τὸν
328 2432 476 2499 νοῦν,
506 2431 599 2486 τὸν
624 2432 683 2498 ἐξ
715 2429 1074 2503 ἀνθρωπίνων
1115 2427 1446 2500 εὑρημάτων
1482 2425 1789 2494 εἰσεδέξατο

198 2524 344 2594 μολυ
352 2523 509 2593 σμόν.

268 2615 491 2669 ΠΑΛΛ.
533 2610 762 2675 Πιθανδς
787 2614 816 2666 6
842 2610 1022 2679 λόγος.

271 2704 442 2759 ΚΥΡ.
485 2703 708 2757 Γυναικὶ
758 2702 857 2773 μὲν
891 2698 1006 2766 οῦν,
1044 2700 1201 2772 ἀνδρὶ
1232 2698 1373 2753 κατὰ
1412 2699 1611 2769 νόμους
1662 2712 1790 2749 συν-

195 2795 513 2869 ῳκισμένῃ,
559 2791 952 2865 παρεικαστέον
999 2786 1059 2844 εὖ
1091 2790 1237 2861 μάλα
1278 2788 1378 2860 τὴν
1425 2787 1514 2841 διὰ
1553 2785 1791 2849 πίστεώς

195 2905 259 2942 τε
291 2885 732 2955 καζῐῖνεύματος
756 2883 977 2955 Χριστῷ
1010 2882 1418 2953 συνῳκισμένην
1449 2879 1543 2932 καὶ
1576 2877 1792 2932 ένωθεῖο

1886 1963 2035 2028 dem,
2068 1972 2129 2018 ut
2175 1965 2273 2035 qui
2318 1965 2620 2034 impietatis
2666 1968 2875 2021 semina
2923 1982 3043 2037 qua:
3073 1968 3177 2022 sibi
3222 1968 3461 2030 inerant,

1888 2055 2184 2110 infuderit:
2210 2055 2359 2110 illam
2383 2072 2536 2122 vero,
2566 2057 2694 2127 quia
2721 2058 3051 2128 contemptis
3075 2057 3353 2112 lidelitatis
3382 2057 3465 2111 le-

1887 2146 2066 2217 gibus,
2095 2147 2255 2201 alteri
2286 2148 2471 2219 iuncta
2510 2147 2601 2211 sit,
2654 2147 2911 2216 illiusque
2951 2148 3282 2217 corruptelis
3309 2163 3465 2201 men-

1890 2244 1999 2290 tem
2037 2237 2317 2305 aperiens,
2374 2252 2443 2292 ex
2492 2236 2749 2292 humanis
2772 2238 3098 2293 commentis
3151 2238 3332 2293 labem
3365 2236 3466 2291 ad-

1887 2328 2126 2384 miserit.

1961 2614 2157 2670 PALL.
2181 2613 2491 2670 Probabilis
2527 2615 2724 2669 oratio.

1961 2707 2121 2762 CYR.
2146 2706 2361 2761 Mulieri
2394 2706 2581 2776 igitur,
2606 2708 2729 2762 viro
2763 2708 3069 2765 secundum
3100 2708 3249 2776 leges
3291 2702 3468 2759 collo-

1890 2795 2359 2866 cataa,persimilis
2383 2806 2469 2851 est
2495 2812 2559 2851 ea
2587 2798 2771 2852 anima
2812 2798 3059 2869 putanda
3104 2811 3225 2867 qua:
3267 2811 3366 2866 per
3400 2794 3470 2851 ﬁ-

1890 2887 2015 2942 dem
2035 2902 2099 2942 ac
2124 2886 2391 2956 Spiritum
2440 2887 2661 2944 Christo
2685 2898 2769 2944 est
2825 2890 3090 2945 collocata
3130 2897 3292 2959 atque
3340 2902 3472 2948 con-

198 2997 311 3033 σαν
339 2980 541 3049 ψυχήν.
574 2976 852 3050 Παρθένον
885 2976 943 3029 δὲ
986 2970 1126 3028 εἷναι
1172 2970 1659 3045 μεμνηστευμένην
1704 2969 1792 3023 λο-

1897 2979 2099 3050 iuncta.
2162 2978 2554 3048 Desponsatam
2600 2995 2736 3034 vero
2796 2979 3067 3051 virginem
3122 2978 3468 3047 putabimus,

195 3072 500 3145 γιούμεθα,
535 3073 636 3143 τὴν
682 3067 1029 3140 κεκλημένην
1058 3068 1138 3130 είς
1167 3064 1343 3138 ἀρχὰς
1374 3064 1628 3134 γνώσεως
1653 3063 1790 3134 άλη-

1892 3083 2015 3138 qua:
2045 3068 2113 3123 ad
2152 3068 2309 3122 initia
2348 3083 2492 3123 verte
2518 3069 2850 3139 cognitionis
2874 3078 3063 3123 vocata
3117 3078 3202 3123 est
3229 3069 3320 3121 illa
3343 3069 3469 3137 qui-

197 3165 358 3231 θοῦς,
396 3162 549 3217 οῦπω
583 3162 642 3215 δὲ
670 3158 928 3224 ὁλοτελῶς
964 3159 1260 3213 ένωθείσαν
1287 3156 1527 3229 Χριστῷ,
1562 3153 1792 3225 περιμέ-

1897 3159 2041 3227 dem,
2066 3176 2176 3214 non
2204 3169 2385 3215 tamen
2413 3160 2594 3215 adhuc
2617 3161 2861 3231 perfecte
2885 3161 3106 3217 Christo
3155 3162 3469 3232 conjuncta,

195 3257 411 3311 νουσάν
452 3272 512 3308 τε
562 3254 643 3307 ἔτι
690 3251 940 3323 καθάπερ
988 3249 1112 3304 τινά
1136 3249 1315 3320 γάμον
1358 3248 1453 3302 καὶ
1496 3246 1791 3317 συναφείας

1897 3252 1990 3306 sed
2034 3250 2214 3305 adhuc
2238 3252 2413 3306 sancti
2466 3251 2813 3321 baptismatis
2863 3251 3130 3323 gratiam,
3186 3251 3474 3320 sanctique

194 3348 414 3421 τρόπον
448 3346 540 3401 τὸν
586 3344 963 3419 ἀληθέστερον,
994 3345 1094 3414 τὴν
1133 3341 1223 3396 διὰ
1254 3340 1349 3395 τοῦ
1407 3339 1565 3409 ἁγίου
1601 3339 1793 3410 βαπτί-

198 3455 420 3510 σματος
458 3437 637 3508 χάριν,
665 3435 760 3488 καὶ
782 3433 881 3505 τὴν
908 3433 1002 3487 τοῦ
1031 3432 1185 3502 ἁγίου
1212 3430 1528 3502 Πνεῦματος
1552 3428 1793 3500 μέθεξιν,

195 3525 512 3600 ἁρῤαὸὦνά
554 3542 618 3595 γε
667 3525 794 3596 μὴν,
837 3524 933 3577 καὶ
972 3522 1191 3593 ὁμιλίας
1229 3520 1418 3590 ὥσπερ
1460 3518 1656 3590 ἀρχὴν,
1703 3517 1795 3570 τὸν

195 3621 313 3691 τῆς
346 3619 705 3691 κατηχήσεως
732 3617 889 3685 λόγον
935 3614 1367 3683 είσδεδεγμένην.
1401 3612 1557 3666 Οῦτω
1603 3611 1705 3683 τὴν
1737 3609 1795 3675 ἐξ

198 3708 385 3763 ἐθνῶν
424 3707 750 3779 Ἐκκλησίαν
774 3708 803 3760 6
834 3706 977 3769 θεῖος
1004 3706 1137 3775 ἡμῖν
1170 3703 1548 3775 μυσταγωγὸς,
1583 3701 1794 3765 Παῦλος

199 3802 261 3857 δὲ
298 3796 476 3869 οὗτος,
517 3800 856 3871 παρεκόμισε
882 3798 959 3869 τῷ
990 3797 1211 3869 Χριστῷ
1231 3813 1245 3827 ·
1286 3797 1480 3867 γράφει
1518 3794 1627 3866 γάρ
1653 3787 1755 3848 ὧδε
1776 3810 1791 3826 ’

205 3913 229 3947 ι
289 3894 656 3964 Ἥρμοσάμην
684 3893 794 3963 γάρ
833 3892 977 3962 ὑμᾶς
1008 3890 1089 3943 ἐνὶ
1128 3888 1305 3959 ἀνδρὶ,
1332 3888 1602 3959 παρθένον
1626 3885 1795 3957 ἁγνὴν

201 3985 567 4057 παραστῆσαι
593 3985 672 4055 τῷ
708 3983 946 4054 Χριστῷ.
980 4002 997 4034 ι
1032 3980 1141 4035 Καὶ
1173 3981 1335 4044 αὐτὸς
1362 3980 1418 4035 δέ
1440 3980 1542 4034 πού
1568 3997 1733 4050 φησιν
1767 3982 1795 4034 6

202 4078 469 4149 Νυμφέος
498 4076 585 4131 διά
613 4075 799 4145 φωνῆς
829 4073 1156 4146 προφητῶνο
1195 4090 1214 4125 ι
1249 4072 1360 4126 Καὶ
1389 4071 1794 4143 μνηστεύσομαί

204 4191 267 4227 σε
324 4170 547 4242 ἐμαυτῷ
590 4171 671 4233 είς
727 4168 818 4222 τδν
857 4166 1059 4230 αἰῶνα,
1114 4168 1173 4220 ὲν
1223 4165 1562 4237 δικαιοσύνῃ,
1602 4164 1696 4217 καὶ
1738 4164 1796 4215 ἐν

205 4266 466 4339 κρίματι,
504 4262 597 4315 καὶ
638 4262 694 4314 ὲν
725 4260 879 4328 ἐλέῳ,
927 4259 1020 4313 καὶ
1050 4257 1473 4328 ὲνρίκτιρμοῖςο
1519 4254 1614 4309 καί
1655 4271 1795 4324 μνη-

208 4354 519 4426 στεύσομαί
551 4371 609 4407 σε
635 4354 693 4407 ὲν
717 4352 920 4416 πίστει,
950 4352 1044 4405 καὶ
1075 4349 1353 4421 ὲπιγνὼσῃ
1382 4348 1472 4402 τὸν
1507 4347 1729 4418 Κύριον.
1772 4365 1790 4398 ι

205 4450 275 4502 Εἰ
313 4446 492 4501 τοίνυν
532 4444 761 4514 γένοιτο,
799 4444 951 4514 φησὶ,
986 4444 1083 4514 τῆς
1115 4442 1474 4514 παραφθορᾶς
1498 4439 1567 4493 τὰ
1594 4439 1792 4510 ἐγκλή-

209 4557 390 4612 ματα,
421 4538 514 4593 καὶ
559 4538 651 4591 ὲπί
682 4554 786 4590 τινι
816 4534 992 4607 τοιᾷδε
1034 4534 1203 4606 ψυχῇ,
1241 4534 1457 4605 μοιχείᾳ
1499 4531 1797 4603 γεγράφθω

202 4633 272 4685 τὸ
331 4631 552 4702 χρῆμα·
589 4628 871 4699 ὑπόχρεως
913 4626 1021 4696 γὰρ
1076 4628 1109 4697 ἡ
1173 4624 1648 4696 μεμνηστευμένη,
1704 4624 1797 4677 καὶ

206 4724 327 4778 ὑπὸ
366 4725 523 4794 χεῖρα
545 4721 731 4775 λοιπὸν
750 4717 843 4773 τοῦ
884 4719 1022 4790 μετὰ
1049 4718 1223 4791 βραχὺ
1258 4717 1514 4790 νυμφίου.
1565 4715 1705 4769 Ἀλλ’
1748 4716 1797 4768 εί

208 4818 322 4890 μὲν
344 4818 401 4870 ἐν
428 4815 579 4869 πόλει
603 4814 811 4883 γένοιτο
843 4813 903 4866 τὸ
933 4812 1197 4882 ἀδίκημα,
1239 4813 1393 4883 φησὶ,
1420 4809 1720 4871 τουτέστιν,
1762 4808 1794 4879 ἢ

205 4908 275 4961 ὲν
318 4904 617 4975 Ἐκκλησία
642 4900 902 4973 Χριστοῦ,
929 4900 1025 4955 καὶ
1053 4902 1110 4954 ὲν
1133 4901 1285 4954 πόλει
1322 4898 1458 4954 Θεοῦ
1486 4899 1703 4963 ζῶντος,
1729 4898 1797 4969 ἥν

206 4996 567 5065 κατοικοῦσιν
614 4994 858 5065 ἄγγελοι,
903 4997 998 5049 καὶ
1030 4994 1220 5066 ἄνδρες
1267 4994 1435 5062 ἆγιοι,
1486 4990 1800 5062 καθηγηταὶ

207 5092 311 5145 καὶ
366 5074 677 5142 διδάσκαλοι
704 5089 818 5151 τοῖς
860 5087 1249 5151 κινδυνεύουσι,
1284 5085 1380 5139 καὶ
1417 5084 1801 5155 ἀπατωμένοις

208 5178 521 5251 ἐπαμύνειν
552 5174 655 5231 οἷοί
687 5196 768 5242 τε,
802 5176 1257 5231 συναποτεθνάτω
1291 5174 1371 5247 τῷ
1414 5175 1608 5244 φένακι
1645 5174 1798 5246 καὶὴ

208 5268 473 5322 παθοῦσα
498 5267 787 5339 παρθένος.
838 5267 990 5331 Ἑξὸν,
1012 5268 1118 5337 γὰρ
1143 5266 1376 5337 ἑτοίμως
1400 5266 1679 5336 διαδράναι
1700 5264 1800 5336 τὴν

212 5361 603 5433 παραφθορὰν,
641 5362 689 5427 εἰ
716 5363 827 5424 τοῖς
857 5360 1144 5429 διασώζειν
1174 5360 1338 5414 είδόσι
1371 5360 1799 5430 καταμεμήνυκε

207 5454 575 5517 διδασκάλοις,
616 5451 921 5507 ἐθελούσιον
968 5450 1295 5525 ἡρῤώστησε
1334 5451 1396 5504 τὸ
1448 5450 1664 5515 παθεῖν,
1706 5450 1801 5503 καὶ

209 5545 319 5598 οῦκ
344 5545 404 5610 ἐξ
432 5545 680 5615 ἀνάγκης
709 5543 821 5614 ἔχει
839 5544 936 5615 τὴν
962 5546 1041 5609 εἰς
1063 5544 1123 5597 τὸ
1146 5543 1345 5613 φαῦλον
1377 5543 1697 5613 ἀπαγωγήν.
1737 5543 1802 5597 Et

212 5635 274 5688 δὲ
321 5635 385 5706 δὴ
436 5634 513 5706 μὴ
555 5634 800 5704 γένοιτο,
863 5635 1047 5708 φησὶν,
1104 5637 1162 5689 ὲν
1213 5633 1533 5706 Ἐκκλησία,
1574 5633 1710 5705 μηδὲ
1743 5634 1803 5687 ὲν

274 5814 360 5868 “l
388 5814 513 5869 Cor.
542 5831 614 5877 vr,
660 5814 739 5867 l7.
808 5816 852 5847 ⁷⁵
872 5814 915 5870 ll
938 5815 1061 5871 Cor.
1097 5815 1246 5881 x1,‘2.
1314 5814 1612 5880 "0560.",
1656 5814 1827 5879 19,20.

1896 3345 2134 3414 Spiritus
2164 3344 2610 3399 communionem
2635 3352 2895 3414 tanquam
2925 3345 3148 3414 nuptias
3184 3343 3471 3413 quasdam,

1892 3432 2273 3501 verioremque
2297 3432 2705 3502 coniunctionis
2736 3433 2959 3487 modum
3000 3440 3317 3503 exspectat:
3359 3433 3472 3503 iam

1894 3531 2075 3577 tamen
2099 3523 2253 3592 quasi
2290 3524 2659 3577 arrhaboncm
2708 3532 2765 3578 et
2807 3523 3232 3579 consuetudinis
3273 3523 3475 3577 futura:

1894 3614 2135 3681 initium,
2164 3616 2473 3671 catechesis
2495 3632 2806 3671 sermonem
2829 3616 3061 3686 accepit.
3089 3615 3181 3671 Sic
3224 3616 3373 3670 illam
3408 3631 3474 3670 ex

1894 3707 2149 3777 gentibus
2179 3708 2486 3762 Ecclesiam
2518 3707 2742 3763 divinus
2762 3708 2852 3762 ille
2875 3714 3065 3761 noster
3087 3707 3476 3779 mysteriorum

1895 3799 2109 3865 doctor,
2138 3800 2358 3865 Paulus,
2380 3801 2624 3870 inquam,
2644 3800 2872 3855 adduxit
2903 3799 2971 3853 ad
2992 3798 3307 3854 Christum:
3334 3797 3476 3853 scri-

1896 3892 1977 3945 bit
1999 3891 2145 3946 enim
2173 3891 2241 3945 ad
2261 3891 2412 3947 hunc
2428 3892 2657 3947 modum
2680 3911 2692 3947 :
2730 3914 2747 3943 ι
2767 3892 3047 3964 Despondi
3081 3891 3230 3946 enim
3257 3906 3357 3945 vos
3380 3890 3476 3944 uni

1894 3984 2036 4049 viro,
2084 3984 2352 4054 virginem
2404 3994 2612 4041 castam
2665 3986 2931 4041 exhibere
2975 3984 3195 4040 Christo
3249 3984 3357 4037 ⁷⁸.»
3408 3982 3480 4037 Ει

1897 4072 2013 4142 ipse
2058 4072 2308 4143 Sponsus
2355 4084 2506 4131 certe
2562 4092 2665 4146 per
2696 4092 2887 4131 vocem
2930 4076 3322 4147 prophetarum
3365 4074 3473 4127 ait:

1905 4184 1921 4214 ι
1946 4163 2015 4216 Et
2038 4163 2389 4234 desponsabo
2418 4175 2469 4221 te
2493 4166 2630 4220 mihi
2655 4166 2759 4236 ipsi
2783 4166 2839 4219 in
2862 4174 3148 4229 aeternum,
3174 4165 3227 4217 in
3243 4164 3475 4235 iustitia,

1896 4261 1953 4307 et
1976 4252 2031 4305 in
2051 4254 2284 4323 iudicio,
2310 4265 2366 4311 et
2390 4256 2446 4310 in
2496 4255 2907 4321 misericordia,
2937 4265 2993 4310 et
3020 4256 3076 4309 in
3111 4253 3481 4309 miserationi-

1897 4348 2028 4415 bus;
2054 4358 2109 4404 et
2126 4349 2472 4419 deSponsabo
2504 4356 2559 4403 te
2583 4348 2717 4415 mihi
2753 4348 2808 4402 in
2849 4346 2977 4410 ﬁde,
3010 4354 3065 4401 et
3104 4347 3245 4401 scies
3286 4345 3478 4400 Domi-

1900 4457 2034 4496 num
2058 4442 2124 4496 ⁷⁶.
2150 4461 2167 4492 ι
2213 4440 2379 4511 258
2403 4440 2459 4495 Si
2490 4441 2655 4510 igitur
2692 4440 2748 4494 in
2796 4440 2978 4510 aliqua
3014 4438 3325 4510 huiusmodi
3355 4438 3478 4492 ani-

1901 4549 1988 4587 ma
2022 4532 2351 4602 corruptela:
2414 4531 2646 4597 crimen,
2690 4531 2889 4601 inquit,
2946 4530 3246 4586 admissum
3288 4530 3475 4595 fuerit,

1901 4624 2173 4694 eiusmodi
2201 4624 2405 4678 factum
2453 4632 2515 4677 ut
2542 4622 2877 4678 adulterium
2922 4624 3232 4679 habeatur:
3278 4622 3479 4677 obstri-

1902 4726 1987 4771 cta
2016 4717 2161 4770 enim
2197 4723 2281 4771 est
2319 4715 2647 4786 desponsata
2677 4716 2901 4780 femina,
2946 4724 3002 4770 et
3026 4716 3136 4786 iam
3186 4715 3289 4770 sub
3331 4715 3481 4770 illius

1902 4816 2172 4885 potestate
2218 4807 2313 4877 qui
2334 4823 2459 4861 mox
2479 4816 2564 4862 est
2590 4823 2823 4878 sponsus
2850 4806 3090 4861 futurus.
3115 4806 3406 4869 Czeterum,
3432 4804 3479 4859 si

1902 4903 1959 4957 in
1994 4902 2131 4956 urbe
2154 4901 2260 4955 hoc
2299 4901 2370 4955 sit
2391 4900 2601 4955 crimen
2628 4900 2949 4964 admissum,
2986 4898 3041 4954 id
3075 4906 3180 4963 est,
3210 4896 3267 4950 in
3289 4896 3481 4951 Eccle-

1904 4995 1984 5051 sia
2008 4993 2214 5050 Christi
2236 5003 2293 5048 et
2316 4994 2370 5048 in
2389 4994 2613 5048 civitate
2655 4993 2752 5048 Dei
2775 4991 3033 5057 viventis,
3079 4991 3137 5045 in
3178 5004 3285 5058 qua
3320 4984 3481 5041 habi-

1906 5092 2024 5140 tant
2044 5085 2243 5156 angeli,
2275 5094 2332 5140 et
2358 5084 2460 5138 viri
2488 5084 2686 5149 sancti,
2720 5082 2969 5153 magistri
2987 5088 3045 5137 et
3085 5079 3358 5143 doctores,
3383 5076 3478 5147 qui

1905 5176 1973 5231 iis
2015 5176 2109 5247 qui
2156 5175 2540 5247 periclitantur
2614 5184 2671 5229 et
2724 5173 3064 5228 seducuntur
3122 5184 3281 5239 opem
3335 5167 3480 5223 ferre

1906 5270 2178 5337 possunt:
2219 5266 2383 5321 simul
2422 5281 2546 5321 cum
2587 5265 2877 5320 seductore
2910 5262 3063 5332 virgo
3111 5274 3328 5331 quoque
3366 5258 3483 5311 vio-

1905 5362 2015 5416 lata
2041 5362 2343 5416 moriatur:
2392 5375 2520 5413 nam
2569 5374 2695 5414 cum
2755 5358 2949 5412 liceret
2986 5354 3247 5427 perfacile
3285 5368 3481 5407 corru-

1905 5454 2148 5524 ptionem
2171 5454 2438 5523 eﬂ‘ugere,
2473 5452 2517 5506 si
2547 5450 2824 5521 magistris
2874 5448 3130 5504 servandi
3154 5446 3349 5518 peritis
3366 5460 3482 5499 rem

1905 5544 2220 5608 indicasset,
2244 5542 2554 5597 voluntarie
2578 5541 2927 5595 violationem
2952 5553 3211 5610 perpessa
3235 5543 3339 5600 est,
3372 5550 3482 5589 non

1905 5646 2091 5692 coacto
2114 5635 2180 5691 ad
2204 5634 2616 5705 improbitatem
2651 5632 2908 5688 adducta.
2947 5630 3044 5686 Sin
3062 5636 3248 5684 autem
3281 5625 3333 5682 id
3368 5640 3477 5680 non
