3998 6522
644 361 752 421 545

1652 372 1707 425 S.
1749 372 2025 427 CYRILLI
2066 372 2533 430 ALEXANDRINI
2571 375 2890 432 ARCHIEP.
3718 387 3798 447 ω

646 478 703 532 in
731 477 970 534 Ecclesia
986 480 1295 551 contigerit,
1322 496 1497 552 neque
1523 484 1577 537 in
1603 485 1822 540 civitate
1847 486 1943 541 Dei
1963 486 2215 551 viventis,

2325 489 2474 541 πόλει
2495 488 2627 542 Θεοῦ
2656 488 2875 553 ζῶντος.
2900 489 3015 542 ἀλλ’
3039 489 3224 560 ὥσπερ
3246 492 3303 545 ὲν
3330 491 3485 563 πεδίῳ
3502 496 3585 547 καὶ
3601 499 3649 549 ὲν
3666 500 3795 573 ἀγρῷ,

648 570 746 624 sed
778 571 831 623 in
858 586 1049 639 campo
1073 580 1236 641 atque
1265 574 1319 626 in
1342 590 1492 644 agro,
1521 575 1613 629 ubi
1634 578 1912 646 magister,
1939 578 2032 646 qui
2058 593 2217 647 opem

648 660 838 725 ferret,
872 664 1053 718 nullus
1086 672 1225 729 erat,
1264 665 1319 719 in
1360 682 1557 736 magna
1611 667 1907 723 solitudine
1933 669 2218 724 hominum

643 753 740 821 qui
776 754 843 806 ad
879 755 1160 809 meliorem
1190 758 1514 811 sententiam
1536 758 1825 813 traducere
1874 769 2117 829 possent,
2163 770 2220 816 et

648 852 904 911 tanquam
931 845 986 897 in
1020 846 1248 914 penuria
1282 848 1699 919 paadagogorum
1750 850 1902 905 fraus
1938 859 2023 905 est
2073 868 2221 906 eom-

647 932 841 987 missa:
870 935 959 988 ille
984 936 1250 993 duntaxat
1298 940 1351 993 in
1400 941 1704 1009 periculum
1733 944 1934 1004 veniat,
1985 944 2077 1011 qui
2107 944 2218 998 vim

646 1022 857 1077 intulit:
886 1042 1009 1079 nam
1038 1042 1125 1081 res
1175 1038 1324 1098 gesta
1350 1046 1448 1099 per
1496 1033 1907 1100 oppressionem
1940 1031 2061 1095 fuit,
2106 1050 2221 1088 ma-

642 1114 867 1184 lumque
921 1119 1068 1187 quod
1113 1136 1177 1174 ea
1226 1138 1483 1192 perpessa
1528 1133 1613 1177 est
1660 1124 1930 1194 ejusmodi
1974 1125 2100 1188 fuit,
2159 1133 2219 1178 ut

643 1206 924 1266 subveniri
951 1210 1028 1264 illi
1075 1228 1186 1265 non
1225 1225 1437 1283 posset:
1488 1215 1673 1284 itaque
1705 1216 1787 1270 vis
1828 1217 2012 1281 allata,
2060 1218 2220 1287 cujus

2316 575 2376 635 οὗ
2418 582 2772 650 μυσταγωγὸς
2807 584 2836 634 6
2863 580 3157 651 ἐπαμύνων
3184 582 3281 635 οὐκ
3322 578 3407 653 ἦν,
3438 586 3523 637 καὶ
3551 588 3641 639 τῶν
3676 610 3795 661 μετα.

2318 670 2526 724 πείθειν
2563 672 2657 723 ἐπὶ
2689 671 2750 723 τὸ
2783 672 3006 740 ἄμεινον
3036 669 3301 725 εἰωθότων
3336 672 3528 741 ἐρημία
3553 677 3708 748 πολλὴ,
3732 688 3797 737 καὶ

2316 758 2393 821 ὡς
2424 760 2482 811 ὲν
2509 759 2699 812 σπάνει
2721 759 3084 827 παιδαγωγῶν
3109 761 3137 811 6
3163 762 3501 831 φενακισμὸς,
3522 766 3796 825 κινδυνευέτω

2321 851 2478 921 μόνος
2501 853 2529 903 6
2563 850 2891 921 βιασάμενος
2916 867 2929 878 ·
2960 848 3239 913 πλεονεξία
3263 850 3368 921 γὰρ
3393 853 3487 923 ἤδη
3512 854 3567 906 τὸ
3587 856 3797 928 δρώμενον

2319 941 2414 996 καὶ
2448 941 2618 1004 πάθος
2645 940 3096 1012 άνεπικούρητον,
3125 941 3220 994 καὶ
3242 942 3450 1010 ἀνάγκη
3478 959 3553 1006 τις
3576 944 3796 1018 δυώιάευ.

2320 1050 2469 1096 κτος,
2497 1030 2940 1105 παρακρούσεται
2971 1031 3070 1102 τὴν
3097 1033 3343 1102 γραφήνο
3373 1032 3405 1102 ἢ
3432 1036 3534 1096 τοῖς
3559 1036 3797 1108 ἀϐουλήτως

2318 1125 2771 1195 ὲπενηνεγμένοις
2814 1124 2890 1187 ὡς
2925 1123 3223 1187 ἁκουσξοις,
3259 1125 3508 1194 ἐπιτιμᾷν
3535 1127 3589 1178 οὺ
3612 1134 3798 1199 περιττὸν

2319 1214 2456 1271 εἶναι
2485 1218 2758 1287 φήσομεν;

641 1297 877 1353 vitandae
914 1301 1061 1355 nulla
1112 1301 1343 1357 facultas
1384 1304 1507 1368 fuit,
1567 1305 1828 1359 amolitur
1887 1307 2117 1361 crimen.
2180 1307 2264 1360 An
2320 1322 2475 1371 vero,
2516 1322 2639 1375 quae
2684 1315 2884 1376 praeter
2926 1306 3263 1361 voluntatem
3305 1321 3406 1360 nos
3438 1308 3724 1377 opprimunt,
3757 1329 3799 1368 et

642 1390 869 1460 perinde
894 1408 957 1446 ac
986 1392 1030 1446 si
1050 1394 1355 1450 voluntarie
1382 1397 1620 1452 admissa
1648 1398 1777 1460 sint,
1814 1414 2093 1461 accusare,
2136 1414 2243 1452 non
2279 1398 2443 1452 nimis
2481 1398 2743 1452 acerbum
2771 1414 2893 1454 esse
2909 1398 3197 1453 dicemus?

714 1489 912 1543 PALL.
940 1490 1053 1545 lino
1090 1508 1221 1545 vero
1249 1496 1673 1564 prorsuszjusta
1712 1503 1797 1549 est
1822 1495 1971 1549 enim
1997 1495 2103 1548 lex.

719 1580 874 1634 CYR.
907 1581 1075 1635 Recte
1125 1582 1283 1637 dicis.
1322 1583 1611 1638 Subtiliori
1636 1585 1817 1653 itaque
1845 1585 2095 1639 examine
2134 1584 2215 1637 fa-

646 1680 730 1725 cta
753 1671 1041 1742 dijudieat,
1069 1685 1123 1728 et
1146 1690 1245 1744 pro
1269 1690 1525 1729 mensura
1549 1687 1897 1744 peccatorum
1918 1676 2215 1729 vindictam

2391 1494 2599 1547 [ΙΛΛΛ.
2642 1494 2962 1547 Παντάπασι
2999 1494 3100 1563 μὲν
3123 1488 3246 1547 οὖν·
3279 1493 3423 1555 ὅσιος
3451 1492 3551 1564 γὰρ
3568 1498 3593 1547 6
3615 1499 3753 1567 νόμος.

2391 1586 2555 1639 ΚΥΡ.
2580 1580 2651 1637 Εὖ
2674 1584 2870 1651 λέγεις’
2900 1584 3213 1654 ίσχνοτέραν
3232 1585 3287 1637 δὲ
3312 1582 3419 1637 τῶν
3439 1584 3691 1654 δρωμένων
3704 1596 3801 1645 ποιιί

2321 1674 2418 1745 τὴν
2451 1674 2702 1745 βάσανον,
2741 1675 2838 1728 καὶ
2874 1677 3161 1745 ἐπιμετρεί
3192 1676 3396 1745 τρόπον
3426 1675 3538 1728 τινὰ
3560 1680 3653 1740 τοῖς
3676 1680 3801 1750 πλημ-

649 1762 911 1818 adbibet:
942 1766 1035 1829 ita,
1064 1776 1123 1819 ut
1148 1782 1326 1835 neque
1371 1767 1424 1820 in
1452 1768 1619 1821 rebus
1664 1768 1964 1821 levioribus
2010 1767 2215 1821 admis-

2327 1764 2599 1834 μελήμασι
2619 1765 2716 1827 τὰς
2745 1765 2936 1835 ὀργάς,
2969 1764 3090 1818 οὔτε
3112 1764 3207 1818 τοῦ
3233 1765 3548 1829 κολάζεσθαι
3571 1768 3662 1821 δεῖν
3682 1773 3804 1826 6mi-

644 1866 764 1904 sum
791 1862 1077 1921 peccatum
1119 1856 1345 1910 otunino
1392 1857 1683 1921 condonet,
1710 1858 2005 1927 quominus
2030 1859 2221 1928 punia-

645 1950 768 2009 tur;
800 1961 979 2014 neque
1003 1963 1199 2001 rursus
1225 1948 1575 2017 gravioribus
1605 1959 1888 2019 exaaquet;
1914 1952 2010 2005 sed
2036 1967 2221 2021 parem

642 2036 968 2091 criminibus
992 2039 1254 2094 ultionem
1278 2040 1528 2109 rependit
1550 2059 1561 2093 :
1584 2043 1659 2096 ait
1681 2042 1825 2097 enim
1852 2043 2051 2097 iterum
2081 2062 2091 2096 :
2127 2064 2144 2092 ι
2165 2042 2221 2097 Si

644 2136 831 2182 autem
887 2129 1165 2185 invenerit
1206 2132 1479 2201 quispiam
1513 2134 1750 2202 puellam
1790 2134 2056 2205 virginem
2102 2151 2223 2203 qua:

642 2230 750 2269 non
791 2218 1236 2288 sitdesponsata,
1268 2231 1324 2275 et
1378 2222 1698 2291 opprimens
1744 2239 1885 2287 eam,
1935 2223 2223 2279 dormierit

637 2322 767 2360 cum
791 2324 877 2374 ea,
912 2318 967 2364 et
1012 2310 1269 2367 inventus
1313 2314 1500 2379 fuerit,
1550 2314 1703 2369 dabit
1745 2315 1910 2368 homo
1959 2316 2054 2385 qui
2091 2316 2221 2370 dor-

645 2398 828 2453 mierit
852 2416 977 2455 cum
1004 2419 1088 2466 ea,
1122 2404 1267 2472 patri
1298 2405 1494 2473 puellae
1524 2406 1923 2476 quinquaginta
1948 2407 2113 2460 siclos
2135 2423 2223 2460 ar-

640 2492 812 2559 genti,
852 2501 908 2547 et
933 2494 1038 2547 erit
1069 2494 1242 2563 ipsius
1284 2511 1453 2561 uxor;
1485 2512 1585 2566 pro
1607 2513 1673 2552 eo
1708 2498 1857 2567 quod
1903 2498 2221 2553 humiliavit

646 2583 825 2636 illam:
858 2600 967 2637 non
992 2586 1197 2654 poterit
1222 2586 1500 2641 dimittere
1525 2603 1645 2642 eam
1668 2589 1818 2642 omni
1854 2590 2213 2659 tempore'M

644 2673 816 2743 Igitur
836 2674 1090 2730 adulterii
1120 2676 1351 2732 crimine
1383 2678 1558 2731 teneri
1584 2680 1783 2732 statuit
1824 2680 2073 2748 quisquis
2096 2695 2221 2734 cum

642 2767 974 2836 desponsata
1013 2782 1341 2838 congressus
1367 2767 1555 2833 fuerit,
1586 2770 1655 2823 iis
1686 2778 1864 2824 tamen
1912 2770 2109 2833 modis,
2133 2770 2221 2823 ni-

647 2860 867 2924 mirum,
895 2876 1034 2930 quos
1057 2861 1219 2915 modo
1255 2861 1514 2917 diximus.
1564 2860 1669 2916 Sed
1705 2862 1749 2917 si
1789 2862 1998 2917 nemini
2040 2862 2221 2917 adhuc

645 2950 991 3019 conjunctam
1019 2951 1186 3007 fuisse
1212 2960 1444 3017 constet,
1476 2952 1713 3007 necdum
1736 2952 1957 3007 Christo
1980 2953 2219 3023 despon-

645 3050 816 3095 satam
845 3058 941 3111 per
973 3043 1157 3108 ﬁdem,
1180 3052 1436 3114 tanquam
1484 3044 1666 3114 specie
1697 3044 1925 3115 virginis
1958 3044 2217 3109 animam,

2322 1857 2529 1910 λάττων
2558 1857 2793 1911 είσάπαν
2826 1857 2887 1909 τὺ
2924 1858 3015 1910 ἐπὶ
3050 1860 3163 1921 τοῖς
3192 1858 3371 1927 μείοσι
3402 1858 3696 1928 πλημμελὲς,
3720 1862 3802 1916 οὔτε

2325 1950 2432 2021 μὴν
2478 1951 2536 2002 ὲν
2582 1949 2682 2019 τσῳ
2712 1951 2825 2011 τοῖς
2877 1949 3016 2021 ὑπὲρ
3055 1950 3213 2003 τοῦτο
3253 1950 3453 2014 τιθεὶς,
3496 1954 3732 2024 ίσομεγέθη
3764 1958 3803 2010 δὲ

2318 2040 2509 2109 ὥσπερ
2551 2041 2661 2101 τοῖς
2709 2040 3031 2108 αἰτιάμασιν
3076 2038 3455 2109 ἀποτορνεύων
3499 2040 3587 2110 τὴν
3636 2041 3800 2109 κίνησιν.

2325 2132 2468 2200 Ἔφη
2492 2130 2603 2201 γὰρ
2636 2131 2795 2183 πάλιν
2815 2146 2829 2162 ⁸
2872 2148 2893 2181 ‹
2942 2131 3066 2183 Ἐὰν
3100 2130 3157 2183 δέ
3202 2148 3288 2193 τις
3311 2130 3445 2202 εὒρη
3472 2132 3561 2201 τὴν
3588 2135 3719 2187 παῖδα
3740 2138 3803 2204 τὴν

2321 2222 2625 2292 παρθένον,
2672 2222 2794 2291 ἥτις
2829 2222 2892 2274 οὐ
2943 2223 3387 2291 μεμνήστευται,
3422 2224 3513 2276 καὶ
3559 2225 3803 2295 βιασάμενις

2319 2315 2491 2381 αὐτὴν
2528 2313 2764 2384 κοιμηθῇ
2795 2312 2910 2383 μετ’
2955 2313 3148 2383 αὐτῆς,
3178 2315 3273 2366 καὶ
3306 2314 3522 2385 εὑρεθῇ,
3544 2315 3678 2368 δώσει
3702 2320 3723 2370 ὀ
3746 2320 3803 2372 ἄν·

2320 2406 2535 2477 θρωπος
2560 2407 2588 2459 6
2617 2405 2903 2476 κοιμηθεὶς
2935 2406 3052 2476 μετ’
3087 2405 3259 2475 αὐτῆς
3287 2405 3367 2476 τῷ
3394 2408 3550 2476 πατρὶ
3575 2407 3659 2476 τῆς
3680 2409 3804 2462 νεάνι-

2319 2497 2407 2560 δος
2445 2498 2783 2569 πεντήκοντα
2814 2496 3088 2566 δίδραχμα
3116 2498 3406 2568 ἀργυρίου,
3434 2499 3524 2551 καὶ
3544 2499 3683 2553 αὑτοῦ
3702 2501 3805 2555 ἔσται

2319 2588 2477 2658 γυνὴ,
2518 2588 2634 2641 ἀνθ’
2687 2582 2762 2643 ὧν
2812 2589 3176 2643 ἐταπείνωσεν
3228 2591 3438 2661 αὑτήν·
3499 2591 3555 2643 οὺ
3597 2592 3804 2661 δυνήσεται

2320 2678 2697 2742 ἐξαποστεῖλαι
2744 2678 2913 2750 αὐτὴν
2962 2680 3054 2733 τὸν
3091 2679 3311 2732 ἅπαντα
3352 2680 3551 2751 χρόνον.
3587 2698 3603 2731 ι
3644 2681 3805 2751 Multi:

2322 2769 2422 2840 μὲν
2467 2765 2559 2823 οὖν
2606 2770 2860 2841 ὑπόχρεω
2896 2770 3270 2839 κατεστήσατο
3300 2770 3392 2823 τὸν
3431 2770 3633 2823 συνόντα
3662 2788 3806 2840 μεμνη·

2322 2863 2613 2933 στευμένη,
2646 2862 2784 2914 κατὰ
2808 2860 3039 2933 τρόπους
3077 2859 3133 2912 δὲ
3159 2860 3408 2932 δηλονότι
3439 2861 3556 2924 τοὺς
3578 2861 3661 2931 ήδη
3680 2878 3807 2931 προει-

2320 2954 2611 3025 ρημένους.
2636 2955 2699 3007 Εί
2724 2954 2782 3007 δὲ
2802 2953 2867 3025 δὴ
2894 2954 3153 3023 φαίνοιτο,
3185 2955 3347 3023 φησὶ,
3370 2954 3465 3005 καὶ
3488 2952 3721 3023 ἀσυναςὴς
3739 2953 3805 3014 ἑτι,

2320 3044 2757 3115 κατεγγυηθεῖσα
2804 3045 2861 3098 δὲ
2913 3044 3066 3098 οὔπω
3110 3042 3335 3114 Χριστῷ
3380 3044 3467 3097 διά
3508 3043 3596 3111 τῆς
3622 3043 3804 3103 πίστεως,

644 3133 808 3203 259
851 3134 1050 3189 deinde
1074 3137 1344 3207 quispiam
1386 3136 1575 3192 verbis
1611 3137 1679 3191 ad
1726 3136 2063 3205 impietatem
2088 3151 2214 3205 per-

2322 3138 2392 3201 ὼς
2426 3140 2483 3190 ὲν
2513 3137 2642 3190 εἴδει
2674 3137 2946 3208 παρθένου
2974 3136 3143 3207 ψυχὴ,
3188 3130 3317 3189 εἶτά
3354 3151 3437 3198 τις
3474 3133 3626 3203 αὐτὴν
3648 3135 3733 3194 rei;
3754 3134 3807 3193 εἰς

645 3226 977 3280 ducentibus
1020 3242 1138 3281 eam
1179 3228 1499 3297 inquinasse
1542 3227 1921 3297 deprehensus
1947 3227 2038 3291 sit,
2074 3235 2129 3282 et
2153 3242 2220 3281 ex

646 3333 757 3371 uno
783 3334 970 3374 errore
994 3320 1062 3373 ad
1095 3320 1330 3375 alterum
1377 3320 1708 3383 traduxisse,
1753 3327 1815 3372 ut
1857 3318 2099 3373 hteretici
2136 3318 2219 3372 fa-

642 3409 818 3471 ciunt,
838 3411 932 3479 qui
960 3413 1252 3466 nonnullos
1277 3427 1344 3466 ex
1367 3412 1624 3481 gentibus
1645 3416 2135 3479 nonnunquam,et
2154 3424 2220 3462 ex

642 3500 851 3555 Judmis
892 3503 1135 3571 rapiunt,
1182 3513 1260 3568 et,
1302 3513 1362 3558 ut
1408 3513 1734 3573 sequantur,
1779 3502 2141 3573 persuadent:
2174 3502 2221 3557 is

645 3593 869 3660 quidem
898 3610 1008 3648 non
1029 3594 1137 3648 erit
1162 3610 1285 3650 eam
1318 3612 1434 3651 rem
1454 3597 1678 3666 impune
1713 3612 1917 3661 ausus;
1946 3597 2221 3665 persolvet

644 3684 793 3739 enim
820 3686 959 3754 patri
983 3686 1298 3755 spirituum,
1326 3688 1380 3742 id
1407 3696 1512 3753 est,
1533 3689 1765 3753 Deo,'sui
1781 3688 1988 3757 peccati
2010 3704 2217 3757 pcenas,

645 3791 768 3844 quae
798 3786 1056 3846 tanquam
1091 3779 1145 3833 in
1170 3796 1234 3833 ea
1272 3781 1517 3849 pecunia:
1541 3781 1715 3834 multa
1751 3796 1861 3833 non
1896 3780 2132 3834 absurde
2160 3780 2221 3833 ﬁ—

645 3877 934 3937 gurantur.
984 3868 1121 3925 lllud
1182 3887 1346 3941 porro
1394 3890 1405 3923 :
1456 3872 1633 3942 lpsius
1685 3873 1795 3927 erit
1852 3887 2008 3935 uxor,
2054 3872 2218 3925 etiam

638 3958 796 4027 juxta
822 3958 1111 4014 historiam
1145 3961 1277 4015 utile
1300 3970 1403 4015 est.

719 4048 915 4102 PALL.
942 4049 1190 4121 Intelligo
1214 4066 1345 4104 sane
1378 4051 1525 4119 quod
1549 4050 1719 4105 dicis:
1742 4050 1949 4119 duplex
1962 4056 2045 4105 est
2072 4050 2219 4104 enim

646 4140 751 4205 lex,
777 4143 1013 4198 carnalis
1040 4159 1102 4198 ac
1126 4144 1445 4213 spiritualis.
1860 4150 1867 4159 ‘

714 4234 871 4291 CYR.
924 4237 1031 4291 Sed
1086 4238 1248 4291 velim
1307 4237 1571 4292 observes
1620 4254 1686 4291 ne
1742 4238 1946 4292 veteris
1996 4235 2219 4306 quidem

645 4328 884 4382 mandati
908 4345 1215 4383 sermonem
1239 4331 1539 4400 ignorasse,
1588 4330 1736 4399 quod
1786 4329 2039 4384 Christus
2083 4328 2221 4383 dixit

645 4419 713 4474 de
760 4420 881 4473 viro
921 4428 1084 4489 atque
1132 4420 1396 4474 muliere:
1461 4419 1656 4485 «Quod
1715 4419 1859 4472 Deus
1910 4416 2214 4486 conjunxit,

648 4509 811 4563 homo
834 4526 943 4563 non
968 4519 1184 4579 separet
1205 4512 1269 4565 ⁷⁸.
1296 4530 1313 4562 ›
1345 4511 1522 4581 Ipsius
1544 4510 1714 4573 enim,
1743 4508 1942 4578 inquit,
1961 4508 2035 4562 sit
2059 4524 2214 4571 uxor,

648 4616 748 4671 pro
776 4617 842 4656 eo
864 4602 1011 4670 quod
1060 4602 1373 4657 humiliavit
1396 4604 1583 4656 illam:
1632 4618 1743 4655 non
1787 4602 1991 4671 poterit
2031 4601 2219 4655 dimit-

650 4701 764 4745 tere
796 4707 916 4745 eam
940 4693 1087 4745 omni
1112 4702 1375 4763 tempore.
1396 4694 1532 4747 lllud
1556 4703 1818 4762 praeterea
1850 4693 2013 4747 velim
2040 4691 2219 4746 anim-

644 4780 920 4843 advertas,
956 4791 1160 4851 quanta
1195 4782 1265 4836 sit
1290 4782 1645 4836 sanctissimae
1675 4782 2002 4851 virginitatis
2033 4781 2220 4851 gloria:

644 4871 989 4927 sublimitas:
1030 4890 1154 4927 nam
1179 4874 1324 4929 illius
1345 4874 1777 4935 deﬂorationem,
1803 4889 1971 4928 sacra:
1997 4873 2222 4926 divinte—

641 4981 751 5034 qne
782 4964 1004 5020 Littera:
1032 4981 1141 5018 non
1184 4966 1358 5020 solum
1402 4982 1521 5021 esse
1549 4966 1983 5020 humiliationem
2028 4979 2217 5018 sense-

646 5068 797 5123 runt,
831 5059 927 5115 sed
949 5061 1115 5115 etiam
1146 5061 1525 5129 appellandam
1551 5069 1891 5115 censuerunt
1920 5058 2079 5128 quasi
2123 5072 2219 5110 ve-

644 5152 945 5206 nerationis
966 5151 1257 5221 quamdam
1287 5150 1657 5204 amissionem.

716 5241 911 5295 PALL.
940 5243 1105 5297 Recte
1137 5243 1292 5297 dicis.

716 5331 872 5386 CYR.
910 5333 1043 5388 Cum
1102 5336 1285 5405 itaque
1344 5334 1731 5390 haereticorum
1764 5334 1823 5388 in
1878 5334 2217 5405 decipiendis

649 5422 967 5477 hominibus
1001 5425 1271 5480 fallaciam
1302 5436 1558 5495 tanquam
1613 5426 1723 5479 Deo
1780 5441 2000 5479 exesam
2028 5442 2092 5479 ac
2125 5442 2215 5479 re-

647 5528 777 5568 vera
833 5513 1119 5581 nelariam,
1170 5526 1226 5571 et
1290 5532 1483 5571 eorum
1543 5516 1637 5586 qui
1688 5525 1838 5571 recte
1902 5516 2217 5571 incedentes

646 5618 1003 5674 corrumpere
1035 5615 1457 5669 consueverunt,
1506 5607 1750 5661 studium
1793 5607 2074 5661 avertendi
2108 5624 2215 5664 ete-

755 5786 797 5814 ⁷⁷
818 5783 975 5839 Deut.
1012 5799 1138 5849 χχιι,
1163 5784 1348 5847 2839.
1407 5787 1450 5816 ⁷⁸
1478 5785 1639 5839 Marc.
1672 5802 1724 5851 χ,
1744 5787 1797 5840 9.

2319 3227 2637 3281 δυσσέϐειαν
2667 3226 2846 3296 λόγοις
2882 3228 3222 3297 καταμιάνας
3255 3224 3393 3296 ἁλῷ,
3429 3226 3519 3279 καὶ
3545 3222 3807 3294 παρενεγκὼν

2320 3320 2385 3372 ὲκ
2409 3320 2615 3390 πλάνης
2646 3322 2725 3383 εἰς
2755 3318 3041 3389 πλάνησιν,
3075 3316 3255 3370 όποῖόν
3281 3333 3337 3369 τι
3365 3316 3553 3386 δρῶσιν
3595 3316 3807 3385 αἱρετικοὶ,

2320 3408 2446 3471 τοὺς
2490 3406 2550 3473 ἐξ
2581 3408 2752 3462 ὲθνῶν
2798 3407 2911 3460 ἐσθ’
2948 3408 3037 3460 ὅτε
3076 3406 3170 3461 καὶ
3226 3405 3495 3459 Ἰουδαίων
3535 3402 3807 3472 ἁρπάζοντες.

2320 3500 2548 3554 ἕπεσθαί
2581 3518 2639 3553 τε
2667 3501 2850 3569 σελίσιν
2884 3501 3067 3561 αὐτοῖς
3100 3498 3503 3560 ἀναπείθοντες,
3536 3496 3624 3547 οὐκ
3644 3495 3809 3562 ἀζήμιοι

2320 3592 2547 3662 εὑρήσει
2569 3589 2629 3643 τὸ
2652 3591 2977 3663 ἐγχείρημα.
3022 3589 3304 3643 Ἀποτίσει
3337 3590 3445 3659 γὰρ
3483 3586 3555 3657 τῷ
3581 3588 3717 3655 πατρὶ
3740 3585 3808 3636 τῶν

2322 3683 2668 3747 πνευμάτων,
2722 3683 2997 3744 τουτέστι,
3045 3680 3124 3751 τῷ
3169 3680 3312 3750 Θεῷ,
3372 3679 3471 3749 τῆς
3522 3675 3810 3748 πλημμελείας

2320 3778 2445 3839 τοὺς
2476 3776 2687 3843 λόγους,
2714 3775 2791 3838 ὼς
2823 3776 2881 3825 ἐν
2912 3774 3085 3845 ζημίᾳ
3110 3774 3413 3844 χρημάτων
3451 3766 3810 3837 ὑποτυπουμίνης

2322 3864 2381 3921 εὖ
2417 3867 2580 3938 μάλα.
2614 3868 2687 3920 Τὸ
2716 3867 2795 3931 δὲ,
2835 3866 3011 3920 Αὑτοῦ
3044 3866 3195 3919 ἔσται
3224 3864 3389 3936 γυνὴ,
3417 3866 3482 3934 τῇ
3510 3860 3690 3933 ἱστορίᾳ
3720 3860 3812 3929 χρήο

2322 3976 2503 4028 σιμον.

2393 4052 2599 4105 [ΙΑΛΛ.
2652 4050 2881 4120 Συνίημι
2932 4050 2961 4103 ὃ
3013 4050 3158 4119 φής·
3204 4047 3427 4111 διπλοῦς
3473 4046 3575 4115 γὰρ
3615 4045 3640 4097 6
3668 4041 3810 4111 νόμος·

2322 4143 2585 4214 σαρκικός
2621 4159 2681 4195 τε
2719 4142 2814 4195 καὶ
2838 4138 3228 4211 πνευματικός.

2391 4235 2554 4288 ΚΥΡ.
2594 4234 2875 4304 Ἐπιτήρει
2910 4232 2986 4297 δὲ,
3022 4233 3170 4295 ὅπως
3207 4230 3331 4284 οὐδὲ
3370 4231 3399 4283 6
3423 4228 3517 4297 τῆς
3542 4223 3734 4295 ἀρχαίας
3755 4222 3814 4272 ἑν-

2319 4325 2479 4396 τολῆς
2517 4325 2754 4394 ἠγνόησε
2788 4323 2967 4391 λόγος,
2999 4324 3137 4391 ὅπερ
3180 4321 3287 4390 ἔφη
3332 4319 3562 4391 Χριστὸς
3600 4313 3751 4383 ἀνδρὸς
3775 4326 3814 4360 τε

2323 4420 2447 4489 πέρι
2483 4418 2576 4470 καὶ
2601 4415 2858 4484 γυναικός
2884 4431 2895 4442 ’
2953 4433 2970 4466 ι
3016 4416 3079 4467 Ὃ
3108 4408 3202 4466 οὖν
3237 4412 3369 4474 Θεὸς
3414 4406 3727 4472 συνέζευξεν,
3749 4401 3815 4453 ἀν·

2322 4508 2536 4578 θρωπος
2557 4506 2631 4576 μὴ
2656 4504 2954 4575 χωριζέτω.
2994 4520 3012 4553 ι
3041 4500 3212 4555 Αὐτοῦ
3231 4501 3339 4571 γὰρ
3364 4500 3501 4552 ἔστω
3516 4496 3655 4564 γυνὴ,
3683 4490 3815 4559 φησὶν.

2321 4597 2436 4650 ἀνθ’
2478 4590 2552 4650 ὧν
2585 4596 2951 4649 ἐταπείνωσεν
3000 4593 3200 4663 αὑτήν·
3251 4593 3313 4645 οὐ
3361 4592 3633 4661 δυνήσεται
3672 4584 3816 4648 ἰξατο·

2323 4688 2526 4741 στεῖλαι
2571 4687 2740 4756 αὐτὴν
2792 4685 2881 4738 τὸν
2933 4684 3146 4738 ᾶπαντα
3201 4683 3413 4753 χρόνον.
3489 4682 3589 4734 Καὶ
3635 4675 3743 4745 πρός
3774 4687 3817 4735 τι

2322 4780 2531 4851 τούτῳ.
2566 4776 2777 4832 διανοοῦ
2832 4780 2930 4847 τῆς
2984 4775 3260 4842 πανάγνου
3314 4772 3637 4844 παρθενίας,
3675 4765 3817 4820 όπόσσδ

2325 4873 2441 4926 ἐστὶ
2472 4872 2533 4925 τὸ
2568 4872 2645 4932 ὡς
2688 4872 2746 4923 ὲν
2796 4869 3106 4939 αὐχήμασιν
3153 4867 3389 4937 ὑψηλόν
3426 4866 3718 4919 ταπείνωσιν
3744 4857 3819 4923 γὰρ

2320 4959 2426 5016 οἷδέ
2464 4980 2523 5014 τε
2551 4962 2645 5015 καὶ
2672 4959 2954 5029 ὀνομάζειν
2986 4958 3127 5023 άξιοί
3155 4958 3255 5027 τῆς
3288 4955 3627 5009 θεοπνεύστου
3655 4946 3819 5019 Γραςῆς

2320 5058 2347 5109 6
2380 5055 2555 5123 λόγος,
2590 5054 2688 5123 τὴν
2736 5049 3206 5120 διαπαρθὲνευσιν,
3247 5051 3340 5103 καὶ
3374 5048 3533 5101 οἱονεὶ
3562 5046 3646 5114 τῆς
3674 5036 3818 5107 σεμνό·

2320 5160 2480 5214 τητος
2509 5142 2606 5211 τὴν
2639 5140 2920 5196 ἀπόθεσιν.

2392 5236 2602 5289 ΠΑΛΛ.
2646 5232 2849 5302 Ὀρθῶς
2882 5233 3041 5304 ἔφης.

2393 5328 2559 5380 ΚΥΡ.
2610 5326 2922 5396 Ἀποφὴσας
2950 5326 3014 5394 δὴ
3053 5319 3146 5377 οὖν
3178 5323 3251 5385 ὼς
3281 5318 3505 5389 θεομισῆ
3538 5315 3627 5405 καὶ,
3662 5307 3821 5405 ἀνόσιον

2323 5419 2539 5491 ἀληθῶς
2566 5419 2657 5471 τὸν
2686 5418 2793 5471 τῶν
2828 5415 3148 5488 ἑτεροδόξων
3177 5409 3529 5481 φενακισμὸν,
3557 5404 3640 5457 καὶ
3765 5398 3820 5455 εἰς

2325 5488 2634 5583 φαυλότητα
2660 5509 3021 5581 παρατροπὴν
3050 5508 3157 5562 τῶν
3188 5502 3571 5573 παραφθείρειν
3611 5488 3821 5545 εἰωθότων

2322 5607 2448 5669 τοὺς
2478 5603 2788 5677 όρθοποδεῖν
2832 5600 3159 5673 ᾑρημένους,
3191 5598 3284 5651 καὶ
3319 5594 3416 5665 τὴν
3442 5591 3521 5660 ἐφ’
3548 5588 3584 5642 ἃ
3612 5584 3677 5656 μὴ
3700 5590 3824 5648 προσο
