3998 6506
1142 228 1191 259 ⁸.

167 386 263 444 545

818 378 905 435 DE
942 376 1381 435 ADORA'IIONE
1422 378 1490 433 IN
1529 374 1799 433 SPIRITU
1837 375 1925 432 ET
1964 379 2331 437 VERITATE.
2373 382 2500 437 LIB.
2545 382 2677 439 VIII.

3300 386 3406 443 5όὸ

175 505 300 572 ἧκεν
326 493 645 564 ἀπαγωγὴν,
682 492 1000 563 ἐπινενόηκέ
1029 512 1079 547 τι
1108 494 1203 547 καὶ
1250 494 1336 547 ἓτε
1345 512 1456 567 ρον,
1488 494 1517 546 ὃ
1550 492 1613 563 δὴ
1639 508 1706 546 κα

1836 502 1984 550 teros
2004 495 2072 549 ad
2101 496 2531 566 improbitatem,
2571 506 2629 551 et
2660 496 2727 551 ad
2781 512 2843 551 ea
2896 513 3017 566 qum
3053 513 3164 552 non
3198 514 3402 556 conve‘

164 590 311 651 αὐτὸς
335 588 461 657 ἡμῖν
485 586 513 637 6
543 583 830 646 θεσπέσιος
869 583 1081 647 Παῦλος
1133 584 1477 656 μαθημάτων
1504 583 1723 654 ἄριστον

164 681 400 740 ἐποιεῖτο,
439 674 641 743 λέγων·
683 694 701 726 ι
745 674 838 745 Μὴ
878 674 1205 745 λογομαχεῖν
1240 677 1329 730 ἐπ’
1380 674 1555 727 ούδενὶ
1587 690 1724 743 χρη-

166 773 315 842 σίμῳ,
345 770 378 839 ἢ
412 768 501 820 ἐπὶ
530 768 881 836 καταστροφῇ
920 766 1029 819 τῶν
1059 768 1385 821 ἀκουόντων.
1440 786 1457 817 ι
1507 766 1573 817 Αἱ
1611 765 1722 835 γὰρ

164 863 398 936 περιτταὶ
430 858 694 924 διαλέξεις
723 898 737 921 ,
771 860 864 913 καὶ
909 858 970 911 τὸ
1014 858 1317 927 φιλόνεικον
1351 858 1549 928 κομιδῇ
1592 857 1722 928 περὶ

163 956 440 1026 ζητήσεις,
486 953 586 1005 οὐκ
640 950 949 1019 ἀναγκαίας
977 949 1209 1019 γεννῶσι
1252 951 1469 1020 μάχας,
1508 950 1601 1002 καὶ
1632 950 1721 1001 τὸν

161 1047 257 1098 τῶν
280 1041 639 1112 ἀκροωμένων
666 1039 930 1093 τύπτουσι
955 1038 1079 1093 νοῦν
1104 1056 1117 1068 ·
1155 1041 1203 1092 οἱ
1234 1039 1329 1109 μέν
1359 1039 1486 1109 γὰρ,
1510 1037 1567 1103 ἐξ
1595 1036 1721 1089 ἐλα-

162 1138 312 1209 φρίας
333 1176 347 1197 ,
372 1135 435 1187 τὸ
467 1134 545 1204 μὴ
574 1132 752 1204 ὀρθῶς
786 1132 907 1203 ἕχον
941 1148 999 1183 τε
1035 1131 1129 1183 καὶ
1159 1132 1446 1201 εἰρημένον
1492 1129 1601 1183 ἔσθ’
1631 1130 1720 1182 ὅτε

160 1227 394 1300 προαλῶς
420 1242 478 1277 τε
505 1226 601 1278 καλ⁵
632 1223 858 1294 ἀμαθῶς
907 1222 1241 1292 είσδέχονταί
1270 1239 1327 1276 τε
1351 1226 1443 1275 καὶ
1478 1222 1719 1274 ἐπαινεῖν

162 1320 533 1384 σπουδάζουσιν
557 1331 571 1345 ·
600 1317 651 1369 οἱ
680 1316 755 1381 δὲ,
788 1318 898 1379 τοῖς
924 1316 1169 1385 ἀρίστοις
1197 1315 1292 1385 τὴν
1322 1314 1515 1384 αἰσχίω
1540 1314 1721 1384 ψῆφον

169 1412 470 1479 ἐπάγοντες,
499 1408 599 1479 τὴν
628 1408 749 1477 ἴσην
774 1409 882 1470 τοῖς
901 1406 1084 1470 ἄλλοις
1109 1406 1525 1477 ὴρρωστηκότες
1553 1406 1719 1458 ἀπαι-

162 1503 384 1564 δευσίαν,
419 1502 598 1554 ἁλοῖεν
634 1501 730 1554 ἄν·
765 1498 933 1566 ὀλίγοι
964 1498 1022 1551 δέ
1047 1497 1323 1560 παντελῶς
1349 1499 1401 1550 οἱ
1425 1497 1718 1569 διακρίνειν

155 1596 353 1657 ειδότες,
383 1593 480 1646 καὶ
506 1591 602 1646 τοῦ
636 1589 1021 1645 κατασίνεσθαι
1064 1590 1367 1659 πεφυκότος
1395 1589 1715 1660 προτάττειν

154 1689 208 1740 τὸ
246 1683 505 1754 ὠφελοῦν.
554 1682 811 1753 Ἀπληγα
835 1681 892 1734 δὲ
926 1680 1017 1734 τὸν
1058 1680 1183 1733 νοῦν
1225 1675 1369 1735 οῦτοι
1397 1679 1714 1751 διατηροῦσι

158 1778 296 1849 μόλις
336 1778 393 1829 ἐν
439 1777 561 1837 ταῖς
596 1773 704 1826 τῶν
731 1772 932 1843 ἐτέρων
975 1772 1352 1843 λογομαχίαις.
1400 1771 1608 1826 Οὐκοῦν
1636 1770 1712 1835 ὡς

151 1871 288 1923 ἔσται
323 1868 381 1919 τὸ
425 1866 621 1937 χρῆμα
666 1868 776 1929 τοῖς
825 1864 958 1936 δρᾷν
988 1863 1261 1917 ἐθέλουσιν
1306 1864 1407 1917 οὐκ
1453 1862 1707 1935 ἀζήμιον,

156 1958 505 2015 ὐπαινίττεται
529 1956 694 2009 πάλιν
710 1957 840 2026 ⁴ἡμῖν
862 1958 890 2009 6
908 1955 1089 2025 νόμος,
1118 1955 1309 2025 λέγων·
1331 1976 1349 2007 ι
1373 1956 1496 2009 Ἐὰν
1524 1955 1580 2008 δὲ
1609 1956 1711 2025 μά·-

150 2062 332 2118 χωνται
367 2044 462 2097 δύο
493 2043 704 2113 ἄνδρες,
737 2044 831 2097 καὶ
861 2041 1141 2106 πατάξωσι
1163 2046 1397 2111 γυναῖκα
1420 2042 1478 2093 ἐν
1510 2040 1709 2112 γαστρὶ

152 2138 377 2206 ἐχουσαν,
412 2135 513 2187 καὶ
548 2133 739 2205 ἐξέλθῃ
768 2133 832 2187 τὸ
873 2133 1084 2186 παιδίον
1139 2134 1311 2204 αὐτῆς
1345 2134 1419 2205 μὴ
1458 2134 1711 2198 ὲξεικονι-

153 2227 345 2298 σμένον,
378 2225 673 2297 ἐπιζήμιον
699 2223 1131 2296 ζημιωθήσεται,
1164 2224 1353 2279 καθότι
1376 2224 1441 2279 ἂν
1476 2225 1709 2298 ἐπιϐάλῃ

148 2320 171 2372 ἀ
209 2318 337 2388 ἀνὴρ
383 2316 488 2387 τῆς
523 2315 781 2383 γυναικὸς
803 2354 818 2377 ,
864 2318 958 2369 καὶ
997 2314 1160 2369 δώσει
1195 2315 1335 2387 μετά
1375 2316 1704 2389 ἀξιώματος.

160 2411 268 2463 Ἐὰν
291 2409 343 2462 δέ
372 2407 808 2477 ἐξεικονισμένον
831 2404 887 2481 ᾖ,
916 2406 1075 2461 δώσει
1100 2407 1278 2481 ψυχὴν
1302 2410 1422 2462 ἀντὶ
1452 2408 1647 2481 ψυχῆς.
1681 2427 1701 2463 ι

151 2505 297 2572 Λόγος
328 2503 422 2574 μὲν
445 2497 577 2569 οὖν,
609 2505 667 2556 ἐν
698 2504 886 2575 μήτρᾳ
923 2502 983 2555 τὸ
1014 2502 1271 2576 ἔμϐρυον,
1308 2503 1707 2573 ἀνθρωποειδές

151 2596 353 2666 ὁρᾶσθαι
388 2595 585 2665 μόλις,
627 2596 721 2648 καὶ
756 2597 837 2658 είς
873 2594 1044 2650 τύπον
1077 2595 1213 2649 ἰέναι
1257 2594 1353 2649 τοῦ
1402 2595 1524 2649 καθ’
1559 2598 1706 2667 ἡμᾶς

153 2686 379 2757 σώματος
409 2687 568 2751 τότε,
613 2687 701 2740 ὅτε
742 2688 835 2741 καὶ
868 2688 1101 2759 ἀριθμὸς
1140 2689 1226 2741 ἐπ’
1256 2686 1405 2758 αύτῷ
1435 2706 1704 2760 τεσσαρα-

153 2779 324 2849 κοστῆς
338 2779 555 2849 ἡμέρας
576 2779 1004 2850 διαπεραίνεται.
1035 2778 1303 2852 Ταύτῃτοί
1344 2796 1476 2849 φασι
1501 2780 1704 2833 Μωσέα

156 2872 243 2943 μὲν
265 2872 350 2925 τὸν
381 2871 720 2944 πανάριστον
741 2872 808 2925 ἐκ
831 2870 931 2941 τῆς
959 2872 1018 2924 ἐν
1041 2869 1305 2941 Αἰγύπτῳ
1333 2870 1542 2939 πλάνης
1566 2873 1704 2924 οίον-

152 2964 193 3016 εί
221 2980 327 3026 πως
356 2962 686 3017 ἀνωδίνοντά
718 2980 777 3016 τε
800 2963 895 3016 καὶ
920 2961 1338 3033 ἀναμορφοῦντα
1358 2961 1449 3014 τὸν
1486 2960 1703 3033 Ἰσραὴλ

151 3056 218 3117 εις
246 3054 335 3124 τὴν
363 3055 419 3108 ἐν
447 3054 605 3125 νόμῳ
631 3053 798 3124 ζωὴν,
825 3053 1010 3107 σιτίων
1046 3052 1348 3123 ἀπέχεσθαι
1371 3054 1466 3107 καὶ
1489 3052 1668 3106 ποτῶν
1685 3070 1699 3085 ο

155 3168 170 3199 ι
215 3149 393 3219 Ἀρτον
420 3146 557 3218 γὰρ,
606 3147 790 3218 φησὶν.
843 3146 942 3199 οὐκ
984 3143 1206 3215 ἔφαγον,
1258 3144 1354 3198 καὶ
1407 3144 1550 3216 ὓδωρ
1602 3144 1703 3197 οὐκ
1730 3186 1774 3246 C

150 3242 282 3295 ἔπιον
307 3241 722 3314 τεσσαράκοντα
750 3240 985 3312 ἡμέρας.
1022 3258 1042 3291 ι
1078 3240 1189 3293 Καὶ
1232 3238 1313 3303 είς
1344 3240 1489 3310 ἡμᾶς
1515 3238 1571 3292 δὲ
1605 3239 1704 3291 αὑ·

148 3335 289 3397 τοὺς,
323 3332 698 3401 ύποτοπητέον
744 3330 941 3402 δράσαι
988 3346 1049 3382 τε
1083 3328 1236 3382 τοῦτο
1272 3329 1368 3382 καὶ
1416 3329 1703 3399 ὑπομεῖναι

150 3424 373 3494 Χριστόν.
414 3422 821 3493 Ἀνεμορφοῦτο
854 3420 960 3492 γὰρ
994 3421 1052 3473 ἐν
1076 3418 1225 3490 αὺτῷ
1264 3419 1399 3490 πρὸς
1430 3418 1704 3489 ἁγιασμὺν

146 3515 202 3568 δι’
245 3516 570 3587 ἐγκρατείας
618 3515 654 3585 ἡ
690 3512 887 3583 φύσις,
937 3509 999 3576 ἐξ
1038 3511 1314 3583 ἀκρατοῦς
1369 3511 1602 3581 ὀρέξεως
1644 3512 1702 3565 ἐν

147 3610 320 3677 ἀρχαῖς
370 3609 427 3659 ἐν
459 3606 544 3672 τῷ
590 3605 1004 3676 πρωτοπλάστῳ
1039 3604 1131 3658 τὸν
1162 3606 1241 3668 είς
1288 3603 1566 3674 ἁμαρτίαν
1610 3604 1702 3656 καὶ

149 3695 432 3765 παράϐασιν
467 3696 875 3767 ἀῤῥωστήσασα
912 3694 1206 3765 μολυσμόν.
1241 3693 1411 3746 Ταυτὶ
1437 3693 1535 3763 μὲν
1556 3695 1703 3765 ἡμᾶς

147 3790 233 3842 οὐκ
256 3789 511 3843 ἀπίθανον
554 3788 757 3841 ἐννοεῖν
782 3801 796 3816 θ
843 3783 1001 3857 πλὴν,
1037 3786 1182 3849 ὅπως
1215 3785 1333 3838 ποτ’
1371 3785 1437 3839 ἂν
1467 3784 1579 3856 ἔχοι
1604 3786 1703 3855 τῆς

148 3879 363 3951 ἱστορίας
389 3883 417 3935 6
446 3880 633 3950 λόγος,
657 3878 939 3951 παρείσθω
970 3877 1088 3932 νυνί
1108 3896 1122 3909 ο
1155 3878 1272 3942 πῶς
1302 3878 1347 3933 δ’
1370 3878 1436 3932 ἂν
1459 3878 1699 3933 νοεῖσθαι

147 3971 355 4041 πρέποι,
380 3973 440 4025 τὸ
467 3974 709 4041 γυναῖκα
743 3970 1076 4041 πλήττεσθαι
1112 3971 1211 4042 τὴν
1240 3972 1296 4023 ἐν
1320 3972 1518 4042 γαστρὶ
1554 3970 1701 4041 ἔχου⁶

148 4078 251 4128 σαν,
283 4063 412 4135 πρὸς
444 4063 560 4116 τῶν
599 4061 872 4116 εἰωθότων
889 4062 1240 4131 λογομαχεῖν,
1275 4060 1408 4133 φέρε
1440 4061 1529 4132 δὴ,
1562 4060 1697 4131 φέρε

144 4153 576 4225 διασκεπτώμεθα
594 4171 609 4184 ·
643 4153 706 4208 τὸ
725 4154 835 4225 γάρ
858 4170 941 4206 τοι
961 4153 1084 4206 λίαν
1110 4152 1453 4223 ἰσχνομυθεῖν
1474 4152 1529 4203 ἐν
1549 4169 1612 4220 γε
1633 4151 1696 4222 δὴ

144 4240 362 4306 τούτοις,
400 4242 504 4295 ούκ
551 4241 810 4312 ἀτερπές.
859 4238 1067 4294 Οὐκοῦν
1116 4239 1327 4310 καρπὸς
1372 4237 1438 4291 ἂν
1486 4239 1572 4306 εἴη
1602 4239 1695 4290 καὶ

144 4330 311 4402 κύημα
339 4333 450 4398 νοῦ,
487 4334 677 4396 πίστις
708 4334 741 4403 ἡ
782 4333 862 4395 είς
894 4328 1149 4401 Χριστὸν,
1177 4331 1244 4383 δι’
1275 4329 1518 4391 ἐντελοῦς
1551 4332 1698 4399 ἡμᾶς

145 4420 370 4489 γνώσεως
418 4423 842 4479 ἁναπλάττουσα
887 4423 1023 4495 πρὸς
1059 4421 1259 4487 αὐτὸν,
1312 4422 1403 4474 καὶ
1447 4422 1526 4484 είς
1556 4421 1696 4474 θεῖον

1825 587 1987 642 niunt
2026 588 2356 653 abducendi,
2388 589 2786 659 prohibuisset,
2819 590 2968 643 aliud
2997 590 3259 659 quiddam
3301 607 3401 647 ex—

1826 681 2105 750 cogitavit,
2134 681 2281 749 quod
2309 681 2486 750 ipsum
2522 681 2718 735 beatus
2766 696 2984 751 quoque
3020 681 3239 744 Paulus,
3277 693 3402 744 tan-

1824 787 1987 841 quam
2049 773 2310 841 optimam
2369 772 2530 825 nobis
2585 770 2931 840 disciplinam
2978 771 3238 825 tradidit:
3281 773 3402 828 «Ne

1822 878 2128 933 pugnemus
2156 862 2361 927 verbis,
2398 876 2520 931 quaa
2561 861 2628 915 ad
2659 861 2898 916 nihilum
2930 862 3136 926 valent,
3176 862 3283 917 nisi
3330 863 3399 917 ad

1822 953 2241 1007 subversionem
2304 952 2648 1006 audientium
2685 954 2795 1006 τ’.»
2852 953 2987 1007 Nam
3046 969 3401 1023 supervacua

1822 1043 1927 1098 illa:
1955 1044 2378 1113 disputationes,
2414 1050 2470 1097 et
2518 1044 2686 1097 nimia
2748 1044 2892 1097 circa
2926 1046 3260 1113 qumstiones
3290 1045 3399 1098 mi-

1821 1135 1967 1188 nime
1986 1134 2323 1188 necessarias
2349 1133 2651 1198 contentio,
2681 1142 2951 1205 generant
2968 1151 3198 1205 pugnas,
3222 1144 3280 1191 et
3303 1152 3400 1190 au—

1820 1225 2089 1280 dientium
2123 1225 2335 1279 animos
2385 1225 2629 1279 feriunt:
2667 1241 2696 1280 e
2732 1227 2937 1295 quibus
2975 1227 3224 1281 nonnulli
3276 1226 3401 1297 qui-

1819 1315 1942 1370 dem
1974 1330 2042 1370 ex
2069 1315 2312 1378 levitate,
2357 1314 2503 1384 quod
2549 1330 2731 1384 neque
2789 1324 2939 1369 recte
2999 1315 3186 1380 habet,
3216 1333 3398 1386 neque

1819 1406 2029 1461 dictum
2059 1416 2162 1471 est,
2193 1415 2399 1461 temere
2439 1413 2495 1461 et
2547 1407 2745 1461 inscite
2795 1422 3193 1476 nonnunquam
3242 1408 3396 1463 exci-

1816 1500 1993 1570 piunt,
2019 1506 2075 1554 et
2100 1498 2356 1553 laudibus
2392 1498 2629 1552 tollunt:
2682 1498 2772 1552 alii
2806 1514 2999 1553 rursus
3052 1500 3121 1554 de
3175 1500 3398 1569 optimis

1815 1591 1952 1647 viris
1976 1598 2134 1662 turpe
2168 1590 2438 1661 judicium
2468 1590 2755 1657 facientes,
2811 1590 3026 1654 eadem,
3064 1607 3172 1662 qua
3203 1593 3392 1661 primi,

1817 1680 2036 1735 inscitia
2103 1680 2358 1735 laborare
2396 1681 2934 1751 deprehenduntur:
2988 1682 3147 1751 pauci
3207 1691 3393 1736 autem

1816 1772 2109 1837 admodum
2135 1771 2404 1843 judicare,
2433 1779 2489 1827 et
2519 1772 2687 1827 rebus
2718 1772 2898 1828 noxiis
2944 1774 3099 1828 utilia
3136 1773 3394 1843 praaferre

1816 1865 2035 1930 sciunt,
2093 1865 2295 1935 vixque
2323 1864 2360 1918 ii
2412 1865 2680 1919 duntaxat
2726 1866 2782 1919 in
2838 1866 3071 1921 aliorum
3104 1867 3391 1922 hominum

1815 1956 2113 2010 verborum
2156 1955 2356 2025 pugnis
2394 1955 2803 2010 invulneratum
2850 1958 3094 2011 animum
3145 1967 3387 2012 servant.

1816 2047 2006 2118 Itaque
2043 2047 2099 2101 id
2126 2046 2461 2101 facientibus
2495 2062 2606 2101 non
2646 2047 2979 2118 impunitum
3016 2048 3133 2104 fore
3184 2049 3391 2104 indicat

1816 2153 2037 2192 rursum
2066 2138 2173 2202 lex,
2205 2151 2331 2191 cum
2356 2136 2529 2192 dicit:
2572 2157 2590 2189 ι
2618 2138 2675 2193 Si
2700 2153 2833 2193 vero
2873 2139 2983 2193 duo
3013 2140 3115 2193 viri
3144 2155 3393 2210 pugnan-

1818 2237 1899 2284 tes
1952 2228 2328 2299 percusserint
2381 2229 2672 2285 mulierem
2731 2231 2785 2285 in
2857 2238 3017 2285 utero
3070 2231 3387 2293 habentem,

1814 2321 1979 2391 260
2033 2328 2088 2375 et
2132 2321 2331 2377 exierit
2383 2323 2562 2377 infans
2597 2324 2735 2393 ejus,
2795 2321 3039 2376 nondum
3098 2320 3386 2387 formatus,

1814 2416 1985 2468 multa
2011 2415 2354 2482 multabitur,
2401 2423 2669 2485 quantum
2714 2412 2976 2467 indixerit
3022 2412 3106 2466 vir
3142 2413 3390 2467 mulieris

1805 2491 1981 2573 illius,
2009 2514 2065 2560 et
2082 2505 2236 2560 dabit
2266 2521 2390 2560 cum
2414 2505 2820 2575 postulatione;
2855 2505 2939 2558 sin
2963 2504 3231 2558 formatus
3266 2504 3388 2559 fue-

1812 2598 1903 2663 rit,
1928 2599 2082 2653 dabit
2125 2599 2364 2654 animam
2422 2614 2524 2668 pro
2561 2599 2745 2652 anima
2790 2598 2855 2650 9°.
2888 2616 2905 2647 ι
2956 2596 3162 2650 Ferunt
3221 2596 3389 2666 igitur

1810 2689 1984 2745 fetum
2011 2691 2068 2744 in
2102 2700 2264 2745 utero
2279 2692 2373 2745 vix
2402 2690 2625 2744 tandem
2682 2688 2751 2743 ad
2811 2689 3110 2743 humanam
3147 2690 3385 2758 speciem

1811 2780 2051 2836 eﬂictum
2083 2782 2281 2847 videri,
2316 2791 2373 2837 et
2401 2781 2471 2836 ad
2518 2780 2744 2851 figuram
2787 2779 2961 2834 nostri
3002 2778 3255 2848 corporis
3284 2793 3379 2832 ac-

1810 2871 2027 2937 cedere,
2049 2888 2283 2926 numero
2316 2871 2676 2941 quadraginta
2705 2868 2920 2923 dierum
2958 2868 3203 2936 expleto:
3230 2865 3385 2920 ideo-

1810 2977 1917 3031 que
1956 2961 2111 3015 aiunt
2150 2961 2389 3032 Moysen,
2415 2961 2599 3014 virum
2652 2959 2942 3028 optimum,
2995 2972 3119 3011 cum
3171 2957 3386 3011 Israelis

1810 3050 2075 3119 populum
2101 3065 2169 3103 ex
2204 3049 2298 3102 illo
2319 3047 2535 3119 [Egypti
2567 3060 2756 3102 errore
2783 3044 2851 3098 ad
2879 3043 3047 3098 vitam
3079 3042 3384 3097 secundum

1809 3141 1983 3212 legem
2010 3140 2318 3195 ducendam
2376 3141 2577 3195 iterum
2635 3134 3040 3208 quodammodo
3084 3133 3386 3204 parturiret

1807 3251 1871 3289 ac
1902 3235 2247 3297 reformaret,
2285 3233 2412 3289 cibo
2439 3240 2495 3286 et
2545 3237 2677 3301 potu
2723 3227 3058 3284 abstinuisse
3088 3244 3101 3279 :
3136 3244 3154 3276 ι
3177 3226 3383 3280 Panem

1805 3328 1974 3391 enim,
2001 3326 2197 3396 inquit,
2232 3341 2344 3379 non
2370 3322 2605 3387 comedi,
2628 3330 2683 3377 et
2710 3335 2907 3390 aquam
2948 3335 3059 3373 non
3107 3318 3223 3373 bibi
3248 3334 3385 3389 qua-

1805 3420 2056 3491 draginta
2113 3419 2311 3474 diebus
2353 3418 2421 3470 ⁸¹.
2459 3436 2477 3468 ι
2542 3415 2691 3470 Idem
2735 3427 2953 3483 quoque
3004 3420 3229 3481 propter
3282 3426 3385 3465 nos

1805 3511 1952 3582 ipsos
2002 3510 2427 3565 existimandum
2483 3516 2568 3563 est
2621 3515 2678 3561 et
2725 3504 2942 3568 fecisse,
2971 3512 3029 3557 et
3088 3501 3384 3572 pertulisse

1802 3600 2084 3656 Christum
2105 3617 2120 3652 :
2144 3597 2549 3653 reformabatur
2573 3595 2723 3650 enim
2754 3595 2812 3648 in
2844 3608 2912 3647 eo
2960 3591 3029 3646 ad
3067 3591 3383 3646 sanctiﬁca-

1807 3692 2010 3747 tionem
2042 3689 2575 3761 pertemperantiam
2633 3694 2822 3740 nostra
2880 3691 3097 3747 natura,
3141 3698 3265 3752 quae
3312 3682 3382 3736 ab

1804 3779 1962 3833 initio
1985 3778 2039 3831 in
2072 3778 2295 3831 homine
2324 3777 2561 3847 primum
2593 3775 2968 3842 formato,per
3010 3771 3384 3842 intemperan-

1806 3878 1915 3925 tem
1949 3869 2279 3940 appetitum’,
2307 3869 2518 3939 peccati
2553 3864 3115 3936 transgressionisque
3166 3864 3380 3920 macula

1802 3966 1983 4020 fuerat
2005 3964 2307 4034 inquinata.
2334 3963 2513 4031 Atque
2566 3959 2682 4014 haec
2712 3974 2742 4012 a
2784 3957 2947 4011 nobis
2988 3955 3214 4025 quidem
3267 3971 3377 4010 non

1802 4057 2242 4129 improbabiliter
2287 4053 2720 4124 excogitantur:
2776 4058 2980 4112 tamen,
3047 4064 3377 4117 quocunque

1800 4150 1964 4204 modo
1999 4165 2057 4203 se
2087 4147 2289 4202 habeat
2319 4145 2562 4199 historiae
2598 4139 2759 4203 ratio,
2818 4139 2886 4193 ad
2936 4152 3178 4215 praesens
3210 4137 3376 4191 omit-

1803 4250 1977 4297 tatur:
2016 4239 2290 4309 quomodo
2344 4245 2530 4290 autem
2576 4230 2808 4301 intelligi
2861 4227 3155 4283 conveniat
3212 4227 3373 4291 illud,

1800 4332 2089 4387 mulierem
2142 4330 2199 4382 in
2241 4336 2401 4381 utero
2447 4323 2745 4378 habentem
2800 4319 2867 4373 ab
2902 4318 2969 4372 iis
3022 4318 3116 4388 qui
3162 4333 3376 4389 pugnas

1799 4421 2099 4477 verborum
2132 4431 2390 4472 exercere
2414 4418 2841 4471 consueverunt,
2857 4407 3096 4480 percuti,
3123 4422 3219 4477 age
3260 4409 3374 4478 jam

143 4511 489 4585 διαμορφοῦσα.
527 4515 726 4569 τύπον·
760 4515 856 4568 καὶ
894 4512 1024 4583 γοῦν
1053 4514 1103 4567 οί
1152 4512 1574 4576 πεπιστευκότες
1606 4512 1694 4566 διὰ

1809 4510 2236 4567 consideremus:
2265 4520 2389 4559 nam
2450 4502 2727 4557 subtiliter
2764 4499 3059 4555 admodum
3092 4499 3374 4553 disserere

144 4607 305 4677 φωνῆς
344 4608 591 4674 Ἠσαῐου,
616 4606 799 4669 τοῦτο,
829 4602 983 4677 οἶμαί
1009 4622 1141 4671 που,
1173 4605 1694 4676 κατασημαίνοντες,

142 4689 193 4747 εὖ
225 4696 358 4766 μάλα
387 4698 840 4770 κατακεκράγασι
865 4714 880 4729 ο
918 4716 937 4749 ι
975 4697 1075 4751 Διὰ
1107 4698 1199 4750 τὸν
1230 4697 1393 4767 φόϐον
1427 4714 1521 4750 σου
1542 4739 1555 4761 ,
1585 4696 1699 4749 Κύ-

145 4801 253 4855 ριε,
285 4789 339 4840 ὲν
389 4791 591 4862 γαστρὶ
643 4790 908 4861 ἐλάϐομεν
936 4829 951 4851 .
1004 4790 1097 4842 καὶ
1169 4788 1512 4861 ὠδινήσαμεν
1539 4829 1555 4854 ,
1604 4788 1698 4841 καὶ

143 4877 405 4949 ἐτέκομεν,
456 4880 678 4951 πνεῦμα
732 4880 1008 4952 σωτηρίας
1060 4897 1155 4933 σου
1212 4880 1551 4951 ἐποιήσαμεν
1602 4880 1696 4932 ἐπὶ

141 4965 227 5035 τῆς
248 4968 369 5039 γῆς.
402 4988 422 5022 ι
457 4970 668 5025 Οὐκοῦν
699 4973 912 5043 καρπὸς
937 4970 1004 5025 ἂν
1032 4971 1119 5041 εἴη
1141 4971 1235 5024 καὶ
1275 4969 1467 5043 κύημα
1505 4969 1594 5025 νοῦ
1631 4970 1692 5024 τὸ

143 5061 491 5128 πνευματικὸν
523 5062 618 5116 καὶ
651 5064 941 5135 σωτήριον,
985 5064 1164 5127 πίστις
1193 5064 1226 5134 ἠ
1254 5064 1333 5126 εἰς
1370 5063 1624 5135 Χριστὸν,
1656 5062 1691 5133 ἢ

144 5149 225 5199 καὶ
266 5150 390 5215 τοὺς
457 5152 637 5219 θείους
688 5156 823 5226 ἡμῖν
879 5155 1235 5228 χαρακτῆρας
1282 5154 1686 5225 ἐνσημαίνεται.

142 5235 251 5300 Τοῖς
287 5239 415 5307 γοῦν
467 5241 535 5295 ἐκ
570 5241 904 5315 τελεωτέρας
944 5241 1198 5312 γνώσεως
1262 5244 1691 5313 μετεῤῥυηκὸσιν

142 5326 347 5397 ἀμαθῶς
371 5334 452 5397 είς
492 5335 592 5405 τὴν
634 5335 773 5405 μείω
800 5352 861 5387 τε
896 5335 993 5388 καὶ
1023 5334 1383 5405 ἀτελεστέραν
1409 5375 1423 5399 ,
1455 5334 1692 5389 Γαλάται

143 5417 189 5470 δὲ
236 5416 377 5476 οὗτοι
400 5463 418 5488 ,
454 5424 793 5496 προσεφώνει
842 5426 1013 5495 λέγων
1052 5426 1081 5478 6
1111 5426 1392 5488 θεσπέσιος
1441 5425 1648 5490 Παῦλος
1677 5441 1691 5454 °

149 5526 165 5552 ο
208 5511 395 5569 Τεκνία
429 5534 554 5587 μου,
580 5518 672 5583 οὓς
699 5519 858 5573 πάλιν
892 5518 1065 5573 ὠδίνω
1089 5559 1103 5583 ,
1136 5519 1293 5589 ἄχρις
1332 5514 1392 5571 οὗ
1428 5518 1691 5589 μορφωθῇ

145 5596 359 5667 Χριστδς
390 5606 449 5659 ἐν
473 5607 622 5678 ὑμῖν.
662 5626 679 5661 ι
728 5604 1111 5678 Ἑναρξάμενοι
1135 5607 1244 5678 γὰρ
1287 5606 1576 5677 πνεύματι,
1597 5606 1694 5677 τὴν

199 5786 305 5860 ’[11
331 5790 470 5844 Tim.
491 5807 550 5856 ιι,
576 5793 660 5848 14.
723 5794 769 5825 ⁸⁵
795 5792 968 5848 Exod.
1000 5807 1108 5857 ut,
1135 5793 1226 5858 22,
1257 5795 1349 5849 25.
1405 5795 1444 5826 "
1481 5795 1638 5847 Deut.
1669 5808 1741 5848 ix.

1804 4602 1858 4656 in
1882 4600 1969 4654 his
1996 4608 2147 4653 certe
2172 4596 2358 4657 rebus,
2394 4608 2504 4647 non
2530 4591 2888 4661 injucundum
2922 4598 3024 4644 est.
3063 4589 3161 4645 Est
3207 4591 3376 4660 igitur

1807 4686 2021 4743 fructus
2050 4700 2117 4740 ac
2164 4684 2313 4738 fetus
2346 4680 2569 4744 mentis,
2603 4679 2738 4734 ﬁdes
2788 4679 2841 4733 in
2900 4678 3203 4744 Christum,
3250 4695 3375 4749 qua:

1802 4792 1907 4831 nos
1954 4774 2200 4846 perfecta
2250 4770 2563 4841 cognitione
2616 4768 2685 4823 ad
2749 4769 2897 4824 illius
2953 4769 3374 4825 similitudinem

1799 4868 2025 4939 efﬁngit,
2054 4875 2109 4921 et
2135 4866 2203 4921 ad
2233 4863 2459 4936 ﬁguram
2514 4861 2755 4917 divinam
2812 4862 3103 4917 reformat:
3140 4862 3373 4932 ideoque

1801 4958 1993 5014 ﬁdeles
2019 4972 2118 5026 per
2159 4954 2313 5010 Isaia:
2365 4967 2557 5007 vocem
2600 4952 2727 5017 hoc,
2753 4960 2814 5005 ut
2842 4952 3058 5021 opinor,
3107 4951 3267 5021 plane
3294 4951 3373 5006 si-

1800 5046 2140 5119 gniﬁcantes,
2165 5045 2435 5099 clamant:
2469 5062 2487 5093 ι
2510 5043 2741 5112 PrOpter
2780 5041 3036 5095 timorem
3065 5047 3240 5103 tuum,
3266 5039 3376 5094 Do-

1802 5140 1972 5204 mine,
1999 5139 2054 5192 in
2110 5143 2302 5191 ventre
2358 5135 2701 5205 accepimus,
2749 5140 2805 5187 et
2856 5129 3370 5201 parturivimus,et

1797 5230 2117 5301 peperimus
2158 5227 2412 5299 Spiritum
2463 5226 2656 5281 salutis
2715 5234 2841 5290 tuae,
2879 5238 3000 5293 quae
3050 5222 3281 5277 fecimus
3311 5222 3372 5276 in

1798 5334 1952 5379 terra
1981 5323 2048 5377 δ’.
2075 5342 2093 5375 ι
2134 5323 2368 5377 Fructus
2398 5320 2566 5390 igitur
2597 5317 2801 5373 mentis
2834 5330 2898 5371 ac
2934 5315 3078 5369 fetus
3103 5314 3369 5384 spiritua-

1795 5418 1865 5474 lis
1893 5425 2056 5487 atque
2087 5415 2344 5470 salutaris
2368 5421 2451 5469 est
2481 5412 2616 5468 ﬁdes
2639 5412 2694 5466 in
2723 5409 3028 5473 Christum,
3082 5424 3202 5478 quae
3231 5408 3376 5464 divi—

1796 5524 1896 5563 nos
1930 5522 2148 5577 quoque
2171 5507 2224 5561 in
2255 5505 2415 5560 nobis
2444 5506 2788 5560 characteres
2845 5502 3128 5574 imprimit.
3178 5501 3373 5571 Itaque

1781 5596 1891 5655 'eos
1913 5605 2062 5653 certe
2088 5597 2185 5666 qui
2223 5610 2253 5651 e
2282 5594 2597 5666 perfectiori
2649 5594 2961 5667 cognitione
2987 5593 3051 5647 ad
3095 5592 3365 5647 minorem

1797 5791 1880 5847 l8.
1944 5788 1988 5819 ⁸⁸
2028 5790 2127 5843 lsa.
2158 5804 2300 5852 xum,
2325 5788 2409 5841 l8.
