3998 6504
603 338 705 397 547

1593 340 1650 395 S.
1689 338 1963 395 CYRILLI
2003 337 2473 394 ALEXANDRINI
2511 336 2830 394 ARCIIIEP.

3769 342 3856 401 533

601 461 661 506 ει
713 448 1178 521 imperfectiorem
1223 449 1390 504 stulte
1443 448 1789 505 deduxerant
1829 450 2056 521 (Galatae
2119 448 2167 502 hi

2279 449 2421 502 κατά
2451 448 2629 520 σάρκα
2661 449 2938 502 τελείωσιν
2968 447 3316 521 ἐπετήδευον,
3344 450 3426 515 είς
3455 450 3556 524 τὴν
3576 450 3675 505 τοῦ
3703 452 3857 522 νόμον

602 544 809 610 erant),
848 541 1232 614 alloquebatur
1249 540 1448 595 beatus
1474 541 1698 608 Paulus,
1750 541 1983 595 dicens:
2036 560 2052 590 ι
2085 539 2174 592 Fi-

603 634 717 688 lioli
764 633 905 696 mei,
961 646 1102 701 quos
1165 631 1368 684 iterum
1429 630 1700 699 parturio,
1754 629 1931 684 donec
1972 628 2175 683 fonne-

604 739 695 783 tur
718 728 970 783 Christus
1007 727 1064 780 in
1120 726 1277 781 vobis
1334 727 1401 781 ⁸³.
1433 746 1450 777 ι
1503 725 1641 781 Cum
1688 726 1835 781 cnim
1884 726 2180 797 coepissent

602 816 822 886 spiritu,
847 814 1030 871 carnis
1054 814 1451 883 perfectionem
1479 814 1546 868 ad
1570 815 1799 885 legalem
1828 815 2037 870 cultum
2070 827 2179 870 tra-

599 905 773 965 ducti,
798 903 1172 965 sectabantur,
1192 902 1262 956 ob
1293 918 1523 972 eamque
1540 919 1759 957 causam
1784 902 2091 959 efﬁciebant
2120 913 2180 958 ut

602 995 658 1049 in
690 995 889 1064 seipsis
916 994 1007 1049 illa
1035 994 1242 1049 Christi
1276 993 1534 1048 formatio
1574 994 1642 1048 ad
1670 994 1835 1048 ﬁnem
1890 995 2179 1065 perfectio-

598 1102 835 1155 nemque
862 1085 1090 1141 minimc
1118 1084 1456 1156 perveniret,
1487 1086 1694 1140 bonum
1748 1085 1883 1140 illud
1925 1086 2071 1156 quod
2122 1088 2177 1141 in

600 1176 735 1247 ipsis
760 1185 1019 1246 tanquam
1054 1177 1108 1230 in
1166 1185 1323 1233 utero
1354 1178 1596 1247 positum
1644 1186 1784 1243 erat,
1818 1179 1969 1234 velut
2011 1180 2177 1234 abor-

598 1266 820 1321 tientes.
852 1266 1024 1337 Igitur
1058 1266 1149 1320 illa
1192 1266 1524 1337 cognitionis
1578 1267 1862 1337 perfectio,
1915 1277 1973 1323 et
2018 1271 2175 1341 261

598 1357 887 1427 integritas
922 1356 1069 1422 ﬁdei,
1115 1357 1418 1412 Salvatoris
1471 1358 1647 1412 nostri
1702 1358 2082 1415 formationem
2122 1362 2179 1416 in

596 1458 817 1502 nostros
845 1447 1093 1501 omnium
1117 1448 1331 1503 animos
1386 1447 1629 1513 inducet,
1660 1463 1834 1518 eaque
1880 1466 1968 1504 res
2019 1451 2179 1505 nobis

598 1540 775 1594 instar
806 1540 979 1595 divini
1029 1539 1315 1609 c‘ujusdam
1363 1540 1590 1595 seminis
1637 1540 1763 1595 erit.
1811 1540 1949 1595 Cum
2010 1542 2179 1612 igitur

596 1631 963 1701 quorumdam
1038 1632 1331 1685 verborum
1398 1632 1849 1687 contentionibus
1927 1633 2177 1687 nonnulli

595 1721 1073 1787 scandalizantur;
1108 1722 1305 1776 deinde
1337 1722 1521 1776 anima
1570 1722 1625 1777 id
1675 1738 1967 1793 perpessa,
2025 1724 2171 1778 illam

2278 538 2536 609 λατρείαν
2576 538 3066 610 μετενηνεγμένον
3108 539 3370 610 ταύτῃτοι
3428 541 3525 593 καὶ
3574 541 3858 611 ἀτελεσφό.

2281 647 2445 701 ρητον
2467 631 2526 684 ὲν
2556 632 2770 694 ἑαυτοῖς
2804 629 2905 701 τὴν
2928 630 3025 683 τοῦ
3070 630 3308 701 Χριστοῦ
3345 628 3636 702 μόρφωσιν
3668 630 3855 688 ἀπετέ-

2277 723 2426 789 λουν,
2474 722 2639 776 οἱονεί
2671 740 2789 787 πως
2834 722 3311 793 ἁπαμϐλίσκοντες
3356 723 3419 776 τὸ
3459 722 3517 776 ἔν
3570 742 3637 794 γε
3688 723 3856 793 σφίσιν

2277 815 2461 877 αὐτοῖς
2488 814 2565 878 ὡς
2607 815 2666 868 ὲν
2719 813 2874 885 νηδύϊ
2918 813 3170 885 κείμενον
3198 812 3423 882 ἀγαθόν.
3470 816 3691 869 Οὐκοῦν
3720 816 3785 868 τὸ
3814 820 3858 870 ἐν

2276 898 2478 971 γνώσει
2517 902 2723 955 τέλειον
2776 903 2871 957 καί⁸
2928 902 2989 957 τὸ
3037 903 3339 975 ἀκραιφνὲς
3383 907 3466 970 είς
3513 906 3728 968 πίστιν,
3782 908 3856 960 τοῦ

2278 993 2529 1063 Σωτῆρος
2556 994 2655 1065 τὴν
2681 993 2963 1066 μόρφωσιν
2984 998 3101 1059 ταῖς
3131 996 3386 1051 ἁπάντων
3412 996 3446 1068 ἡ
3456 996 3575 1068 μῶν
3592 998 3855 1051 εἰσοικιεῖο

2276 1099 2367 1134 ται
2405 1082 2629 1154 ψυχαῖς,
2678 1085 2971 1138 καὶτοῦτο
3022 1086 3080 1140 ἐν
3118 1084 3252 1157 ἡμῖν
3299 1081 3374 1152 ὡς
3426 1086 3550 1143 θεία
3599 1106 3689 1151 τις
3720 1084 3855 1143 ἔσται

2279 1174 2476 1244 σπορά.
2525 1174 2696 1226 ’Ὀταν
2724 1175 2904 1227 τοίνυν
2934 1174 3010 1240 ὡς
3060 1176 3167 1229 ἀπό
3198 1193 3261 1244 γε
3292 1178 3393 1248 τῆς
3421 1192 3588 1231 τινων
3635 1176 3854 1248 λογομα-

2276 1264 2401 1335 χίας
2454 1263 2889 1330 σκανδαλίζοιντό
2939 1283 3117 1330 τινεςο
3163 1263 3282 1321 εἶτα
3330 1270 3365 1339 ἡ
3417 1267 3579 1321 τοῦτο
3620 1268 3855 1323 παθοῦσα

2276 1357 2444 1427 ψυχὴ,
2476 1356 2576 1429 τὴν
2614 1357 2689 1419 ὡς
2730 1358 2787 1411 ὲν
2818 1357 2973 1411 ὠδίσι
3012 1356 3300 1429 κειμένην,
3342 1360 3437 1413 καὶ
3473 1362 3557 1423 εἰς
3596 1360 3730 1413 νοῦν
3765 1360 3853 1413 ἔσω

2281 1445 2814 1518 τεθησαυρισμένην,
2862 1446 3238 1516 ἀπαμϐλίσκοι
3270 1449 3456 1502 πίστιν
3500 1466 3563 1502 τε
3605 1450 3852 1517 καὶγνῶο

2281 1558 2384 1606 σιν,
2424 1541 2472 1593 εί
2502 1541 2599 1611 μὲν
2646 1540 2753 1611 εἴη,
2794 1539 2948 1608 φησὶ,
2983 1540 3061 1610 μὴ
3082 1539 3514 1611 ὲξεικονισμένη,
3555 1542 3844 1605 τουτέστιν,

2280 1633 2328 1684 εί
2384 1631 2582 1700 ἀτελὴς
2625 1629 2706 1683 ἐτι
2749 1632 2844 1684 καὶ
2897 1630 3273 1703 ἀκαλλεστέρα
3300 1672 3314 1695 ,
3356 1629 3567 1703 ζημίαν
3603 1632 3851 1703 ὑπομενεῖ

2283 1722 2461 1793 πάντη
2502 1738 2561 1775 τε
2597 1720 2691 1773 καὶ
2726 1720 2944 1784 πάντως
2993 1721 3021 1773 ό
3054 1716 3149 1772 τοῦ
3201 1717 3501 1774 σκανδάλου
3536 1722 3847 1791 παραίτιος,

594 1829 760 1882 quam
788 1812 844 1865 in
872 1821 1029 1866 utero
1059 1814 1325 1883 gestabat,
1370 1820 1426 1866 et
1453 1813 1508 1866 in
1546 1814 1728 1868 animo
1754 1814 1945 1870 intime
1980 1831 2167 1870 recon-

2276 1816 2350 1886 ἥν
2376 1791 2723 1885 ἂνήέπιϐάλῃ,
2759 1814 2943 1885 φησὶν,
2974 1814 3002 1866 ό
3035 1813 3239 1884 ταύτης
3277 1811 3513 1884 νυμφίος-
3534 1856 3549 1881 ,
3582 1816 3845 1877 τουτέστι,

593 1904 767 1957 ditam
801 1903 1063 1967 habebat,
1116 1902 1278 1958 ﬁdem
1312 1913 1370 1958 et
1397 1905 1765 1974 cognitionem
1822 1906 2167 1972 ahortiverit,

592 1994 886 2063 siquidem,
938 1994 1136 2064 inquit,
1170 1996 1413 2049 nondum
1467 1995 1697 2051 formata
1752 1998 1937 2063 fuerit,
1976 1999 2028 2053 id
2066 2006 2169 2064 est,

591 2085 775 2139 adhuc
820 2085 1143 2154 imperfecta
1196 2094 1253 2140 et
1304 2086 1597 2153 informis,
1664 2089 1894 2142 multam
1943 2089 2170 2144 omnino

591 2178 909 2243 sustinebit,
936 2178 1031 2247 qui
1074 2179 1319 2234 scandali
1346 2196 1568 2235 causam
1607 2181 1780 2247 dedit,
1829 2198 1992 2252 quam
2030 2183 2173 2238 indi-

590 2270 756 2336 xerit,
788 2270 989 2339 inquit,
1033 2270 1184 2325 illius
1238 2286 1497 2341 sponsus,
1548 2288 1748 2344 nempe
1775 2274 2068 2342 Christus;
2115 2285 2172 2332 et

591 2358 745 2413 dabit
767 2374 893 2413 cum
918 2360 1314 2429 postulatione,
1348 2362 1549 2433 inquit,
1584 2362 1638 2417 id
1659 2372 1764 2429 est,
1801 2366 2003 2435 gratias
2028 2373 2168 2437 aget,

592 2447 739 2516 quod
780 2463 891 2501 non
928 2448 1106 2517 plenae
1144 2450 1474 2518 perditionis
1506 2468 1724 2522 pernam
1765 2455 2054 2510 sustineat.
2105 2457 2174 2510 At

592 2536 637 2591 si
664 2536 969 2605 spiritualis
994 2537 1166 2591 animi
1226 2538 1371 2595 fetus
1398 2540 1719 2597 eﬂ‘ormatus
1765 2542 1953 2609 fuerit,
1978 2544 2031 2599 id
2065 2555 2169 2609 est,

591 2626 637 2679 si
668 2625 910 2695 cognitio
940 2641 1005 2680 ac
1055 2626 1189 2681 ﬁdes
1231 2628 1618 2685 formationem
1646 2632 1853 2687 Christi
1895 2634 2172 2699 habuerit,

590 2724 843 2770 extremo
894 2716 1167 2787 supplicio
1200 2719 1527 2790 subjacebit,
1564 2731 1624 2776 ut
1682 2722 1776 2792 qui
1818 2724 1932 2795 jam
1996 2726 2173 2779 homi-

590 2808 712 2863 cida
744 2809 849 2863 sit:
874 2825 999 2864 nam
1027 2810 1257 2881 integra:
1286 2811 1412 2867 ﬁdei
1438 2813 1681 2879 amissio,
1705 2823 1761 2869 et
1808 2814 2064 2885 perfecta:
2082 2833 2173 2870 co-

590 2900 855 2970 gnitionis
872 2903 1113 2973 jactura,
1137 2918 1287 2957 mors
1331 2912 1416 2959 est
1442 2905 1656 2960 animaa.
1706 2906 1895 2976 Itaque
1943 2907 2169 2976 partici-

587 3008 713 3063 pem
741 3008 863 3048 csse
916 2993 1250 3049 nefariarum
1276 2997 1719 3066 persuasionum,
1769 3013 1833 3053 ac
1856 3014 2171 3055 sermonum

2285 1906 2521 1977 Χριστός
2539 1922 2554 1938 ·
2590 1906 2685 1960 καὶ
2712 1904 2872 1959 δώσει
2902 1905 3041 1976 μετά
3069 1904 3375 1976 ἀξιώματος
3400 1950 3416 1973 ,
3442 1906 3702 1959 τουτέστι
3724 1949 3737 1972 ,
3767 1908 3843 1960 καὶ

2273 1996 2609 2068 δμολογείτω
2646 1995 2828 2067 χάριν,
2863 1994 2939 2067 μὴ
2976 1995 3076 2067 τὴν
3100 1997 3181 2060 είς
3215 1996 3437 2068 ὄλεθρον
3466 1997 3713 2068 παντελῆ
3739 2015 3840 2050 ποι-ι

2274 2087 2368 2158 νὴν
2392 2087 2649 2151 ὑποστάς.
2682 2087 2745 2140 Εἰ
2773 2085 2827 2138 δὲ
2852 2083 2969 2156 εἴη,
2999 2086 3184 2157 φησιν,
3220 2088 3660 2158 ὲξεικονισμὲνον
3682 2086 3739 2140 τὸ
3764 2088 3845 2157 τῆς

2272 2177 2454 2248 ψυχῆς
2506 2176 2697 2246 κύημα
2726 2175 2936 2246 νοητὸν,
2974 2176 3274 2241 τουτέστιν,
3324 2180 3373 2230 εί
3405 2178 3618 2246 γνῶσις
3659 2178 3741 2248 εἴη
3766 2180 3843 2232 καὶ

2274 2268 2455 2332 πίστις
2495 2266 2589 2320 τοῦ
2629 2266 2864 2338 Χριστοῦ
2914 2266 3152 2339 φοροῦσα
3212 2267 3518 2339 μόρφωσιν,
3566 2271 3685 2331 τοῖς

2275 2360 2382 2413 τῶν
2411 2359 2656 2429 ἐσχάτων
2704 2357 3056 2411 ὑποκείσεται
3105 2357 3320 2427 λόγοις,
3363 2358 3438 2422 ὡς
3478 2360 3584 2430 ἤδη
3619 2360 3715 2413 καὶ
3758 2377 3839 2428 φο-

2274 2450 2456 2520 νευτή.
2485 2450 2675 2520 Ψυχῆς
2698 2448 2804 2521 γὰρ
2834 2450 3083 2513 θάνατος,
3102 2450 3137 2521 ἡ
3163 2450 3262 2520 τῆς
3292 2450 3605 2520 ἀμωμήτου

2273 2540 2549 2604 ἀπόθεσις,
2582 2541 2676 2594 καὶ
2708 2541 2807 2610 τῆς
2837 2541 3044 2612 ἀρτίως
3069 2540 3301 2612 ἐχούσης
3328 2540 3590 2609 γνώσεως
3609 2541 3645 2611 ἡ
3668 2541 3837 2612 ζημία.

2273 2632 2561 2702 Τοιγάρτοι
2588 2631 2650 2685 τὸ
2681 2634 2877 2703 χρῆναι
2910 2630 3236 2703 μεταλαχεῖν
3268 2632 3505 2685 ἀνοσίων
3538 2634 3829 2702 εἰσηγημά-

2272 2744 2402 2792 των,
2446 2725 2540 2779 καὶ
2579 2719 2653 2777 ὧν
2684 2723 2749 2777 ἄν
2779 2726 2985 2777 ποιοῖτο
3008 2722 3203 2792 λόγων,
3228 2721 3388 2793 ἀνὴρ,
3419 2722 3669 2791 γεγονὼς
3701 2725 3835 2777 κατᾶ-

2274 2815 2471 2887 6ρωμα
2516 2811 2845 2879 διαϐολικδν,
2888 2814 2984 2867 καὶ
3016 2817 3117 2885 τῆς
3160 2816 3271 2868 τῶν
3314 2816 3621 2886 δαιμονίων
3662 2815 3836 2887 ἀγέλης

2272 2907 2431 2960 οίονεί
2462 2923 2579 2968 πως
2608 2905 2803 2978 τροφὴ,
2839 2906 3116 2979 μολυσμὸν
3147 2902 3291 2961 εἷναί
3322 2925 3457 2979 φησι
3478 2924 3493 2939 ο
3522 2908 3622 2961 καί⁵
3645 2909 3832 2976 eam-

2276 3019 2395 3054 σκει
2424 3001 2608 3065 πάλιν,
2634 2999 2710 3063 ὡς
2742 3001 2801 3053 ἐν
2830 3000 3114 3072 αἰνίγματι
3136 3000 3333 3070 λέγων,
3368 3021 3387 3053 ι
3425 3001 3540 3055 Καὶ
3570 3001 3736 3072 κρέας
3759 3002 3831 3073 θη.

586 3098 728 3153 quos
750 3084 1009 3139 habuerit
1034 3086 1115 3177 is.
1139 3087 1234 3155 qui
1284 3102 1412 3142 esca
1466 3070 1740 3144 diabolica
1782 3088 1959 3145 factus
1979 3102 2083 3157 est,
2115 3100 2167 3147 et

2277 3094 2537 3166 ριάλωτον
2568 3094 2667 3147 οὐκ
2711 3092 2896 3146 ἔδεσθε
2917 3109 2929 3121 ·
3086 3095 3209 3147 κυνὶ
3243 3070 3780 3167 ἀπορῤίψατεάῦτό.
3801 3070 3825 3143 ὀ

587 3173 898 3229 daemonum
920 3173 1108 3246 gregis
1131 3177 1302 3231 veluti
1353 3178 1531 3245 cibus,
1580 3195 1698 3235 rem
1732 3179 2006 3251 impuram
2042 3198 2164 3238 esse

586 3266 697 3320 ait:
724 3266 889 3336 idque
930 3268 1187 3337 prohibet
1220 3286 1462 3336 rursum,
1490 3280 1749 3342 tanquam
1797 3289 1896 3343 per
1932 3274 2164 3346 aanigma

585 3358 808 3414 dicens:
844 3380 862 3410 ι
887 3360 955 3414 Ει
976 3376 1195 3415 carnem
1216 3370 1432 3431 captam
1462 3378 1493 3416 a
1524 3363 1700 3419 bestia
1748 3380 1860 3419 non
1903 3365 2163 3420 comede-

586 3448 658 3502 tis
692 3467 705 3502 :
735 3450 859 3503 cani
908 3450 1157 3521 projicite
1202 3451 1350 3505 illam
1374 3450 1443 3505 ⁸⁵.
1478 3473 1495 3503 ι
1540 3453 1659 3509 Mos
1697 3461 1782 3509 est
1830 3456 1979 3510 enim
2016 3455 2165 3511 Scri-

586 3550 761 3608 ptura:
813 3555 1007 3594 canem
1050 3542 1327 3611 appellare
1366 3542 1745 3613 impudentem
1781 3553 1837 3600 et
1883 3546 2163 3617 impurum

586 3629 866 3684 hominem
891 3648 903 3683 :
932 3632 1271 3687 conveniens
1290 3642 1374 3688 est
1405 3643 1589 3693 autem
1632 3636 1901 3706 ejusmodi
1927 3638 2157 3706 homini,

586 3732 649 3777 ut
669 3722 887 3791 opinor,
912 3723 1097 3792 quivis
1142 3739 1326 3779 sermo
1375 3724 1625 3794 impurus
1646 3741 1711 3781 ac
1735 3726 1960 3795 fetidus,
1991 3740 2047 3785 et
2087 3733 2158 3787 ab

586 3813 707 3881 ipso
734 3813 1040 3868 Beelzebub
1057 3814 1415 3883 compositus,
1439 3823 1695 3886 tanquam
1726 3833 1757 3872 a
1801 3819 1915 3874 fera
1952 3821 2156 3889 bellua,

582 3920 708 3973 quae
734 3905 1010 3960 subditam
1034 3906 1140 3961 sibi
1188 3914 1243 3961 et
1264 3907 1319 3960 in
1345 3922 1410 3963 ea
1434 3923 1493 3962 re
1508 3908 1904 3979 obsequentem
1920 3913 2161 3969 animam

581 4001 740 4047 vorat
768 4011 779 4046 :
812 4013 831 4043 ι
862 3993 1033 4049 Nemo
1064 3995 1212 4048 enim
1232 3994 1391 4059 dicit,
1414 3994 1719 4052 Anathema
1752 3999 1932 4065 Iesus,
1959 4002 2073 4056 nisi
2101 4002 2157 4057 in

579 4083 890 4140 Beelzebub
937 4086 1047 4139 ⁸⁸.»
1105 4086 1152 4141 Α
1199 4088 1404 4145 sanctis
1463 4096 1650 4143 autem
1712 4091 1847 4146 viris
1884 4093 2155 4163 ejusmodi

2272 3186 2425 3241 Κύνα
2457 3184 2556 3255 μὲν
2590 3184 2718 3256 γὰρ,
2756 3184 2846 3238 τὸν
2875 3185 3071 3255 ἀναιδῆ
3094 3186 3189 3238 καὶ
3220 3185 3534 3256 ἀκάθαρτον
3569 3185 3827 3256 ἄνθρωπον

2270 3276 2555 3348 ὀνομάζειν
2581 3276 2703 3342 ἔθος
2738 3280 2809 3349 τῇ
2835 3277 2957 3349 θείᾳ
2988 3277 3200 3349 Γραφῇ.
3254 3279 3474 3351 Πρέπον
3500 3278 3546 3331 δ’
3580 3278 3647 3332 ἂν
3670 3279 3745 3349 εἴη
3764 3278 3828 3347 τῷ

2267 3367 2453 3438 τοιῷδε
2477 3368 2657 3439 τυχὸν,
2680 3368 2824 3433 ἄπας
2845 3387 2927 3431 τις
2957 3365 3070 3435 οὖν,
3092 3365 3269 3440 οἶμαι,
3290 3370 3446 3439 λόγος
3477 3371 3723 3442 βδελυρὸς
3750 3373 3826 3424 καί

2267 3458 2528 3530 δυσώδης,
2556 3462 2650 3514 καὶ
2688 3461 2748 3526 ἐξ
2776 3462 2943 3515 αὑτοῦ
2970 3463 3329 3531 συγκείμενος
3359 3463 3457 3517 τοῦ
3500 3463 3823 3529 Βεελζεδοῦλ,

2270 3549 2345 3613 ὡς
2394 3550 2560 3623 θηρὸς
2611 3553 2807 3623 ἀγρίου
2858 3553 3280 3627 κατεδηδοκότος
3322 3556 3421 3628 τὴν
3470 3556 3823 3610 ὕποπεσοῦταν

2267 3641 2415 3712 αὐτῷ
2442 3642 2534 3696 καὶ
2561 3643 2939 3715 ὑπηρετοῦσαν
2969 3646 3047 3709 είς
3070 3645 3229 3699 τοῦτο
3255 3646 3433 3718 ψυχήν
3451 3664 3467 3678 ⁶
3508 3666 3528 3699 ι
3560 3647 3713 3715 Λέγει
3735 3646 3823 3715 γὰρ

2266 3733 2460 3797 οὐδεὶς,
2502 3735 2774 3807 Ἀνάθεμα
2825 3734 3064 3807 Ἰησοῦς,
3105 3740 3154 3791 εί
3190 3738 3268 3809 μὴ
3314 3739 3373 3790 ὲν
3422 3736 3752 3802 Βεελζεδούλ.
3798 3758 3815 3788 ι

2279 3824 2482 3895 Ἀγίοις
2519 3844 2584 3896 γε
2635 3830 2747 3899 μὴν
2776 3827 2840 3882 τὸ
2884 3830 2941 3882 ὲν
2987 3828 3205 3901 μεθέξει
3237 3830 3497 3899 γενέσθαι
3536 3831 3644 3884 τῶν
3668 3830 3817 3893 οὕτως

2266 3917 2571 3989 αἰσχρῶνῆ
2612 3918 3115 3991 κεκιϐδηλευμένων
3156 3922 3373 3974 ἐννοιῶν
3404 3939 3464 3975 τε
3516 3921 3609 3974 καὶ
3646 3921 3813 3989 λόγων,

2263 4006 2605 4078 ἀνάρμοστον
2647 4010 2864 4083 κομιδῇ.
2908 4028 2925 4062 ι
2982 4012 3251 4066 Κοινωνία
3286 4011 3396 4083 γὰρ
3438 4012 3659 4085 οὐδεμία
3699 4011 3815 4081 φωτί

2265 4101 2401 4173 πρὸς
2427 4103 2637 4165 σκότος.
2677 4122 2696 4155 ›

578 4176 825 4245 turpium
869 4191 933 4230 ac
1006 4175 1269 4235 falsarum
1324 4180 1726 4234 sententiarum
1764 4183 1930 4237 simul
1979 4194 2143 4255 atque
2216 4203 2531 4246 sermonum
2594 4192 2948 4264 participatio
2990 4208 3219 4264 prorsus
3254 4202 3341 4249 est
3387 4193 3600 4249 aliena:
3630 4194 3808 4249 «Nulla

574 4274 663 4321 cst
693 4267 842 4321 enim
863 4268 1157 4323 conventio
1184 4268 1331 4325 lucis
1349 4269 1417 4325 ad
1446 4272 1702 4327 tenebras
1734 4273 1801 4327 ⁸⁸.
1826 4294 1845 4325 ι

638 4358 843 4414 PALL.
893 4358 971 4412 Ita
990 4367 1094 4413 est.

644 4447 803 4504 CYR.
848 4448 982 4503 Esse
1028 4458 1211 4503 autem
1264 4449 1335 4506 iis
1392 4451 1731 4523 vigilandum
1775 4456 1869 4525 qui
1916 4458 2162 4528 magistri

574 4540 743 4595 creati
792 4539 902 4593 sint
930 4549 985 4593 et
1031 4540 1200 4595 duces
1244 4558 1500 4612 gregum,
1549 4561 1746 4601 rursus
1790 4547 1982 4603 edixit.
2028 4550 2164 4617 Quis

574 4639 759 4685 autem
795 4630 850 4683 in
886 4646 949 4685 ea
979 4647 1038 4685 re
1074 4633 1368 4701 probitatis
1406 4635 1602 4691 modus
1647 4654 1677 4692 a
1714 4639 1875 4695 nobis
1910 4643 2162 4711 praestari

575 4720 794 4785 debeat,
830 4720 1065 4776 latenter
1112 4722 1320 4777 indicat
1351 4724 1406 4778 in
1437 4725 1703 4793 Levitico,
1726 4728 1917 4786 dicens
1954 4750 1967 4785 :
2017 4753 2033 4781 ‹
2058 4734 2161 4787 Pc-

573 4810 743 4865 cudcs
793 4819 913 4865 tuas
967 4827 1076 4865 non
1125 4828 1403 4882 suppones
1446 4814 1664 4871 diverso
1710 4820 1897 4888 generi
1934 4838 1947 4874 ε
1981 4831 2039 4877 et
2076 4822 2159 4877 vi—

570 4912 731 4955 neam
795 4909 943 4955 tuam
1002 4916 1113 4955 non
1169 4918 1321 4957 seres
1386 4903 1621 4962 diversis
1680 4910 1983 4967 seminibus
2044 4914 2154 4968 ⁸⁷.»

574 4992 730 5062 262
761 4991 1030 5065 Gregibus
1061 4995 1208 5049 enim
1235 5011 1527 5065 caprarum
1557 5009 1612 5053 et
1638 5001 1844 5066 ovium,
1872 5014 1966 5058 aut
1990 5006 2163 5062 vinem

571 5085 867 5151 persimilis
919 5101 1041 5142 esse
1078 5087 1241 5157 plane
1273 5090 1550 5144 censenda
1574 5101 1657 5146 est
1710 5094 1941 5165 subjecti
1973 5100 2161 5168 populi

572 5173 883 5227 multitudo.
909 5175 1127 5229 Dictum
1172 5185 1257 5231 est
1294 5178 1441 5232 enim
1475 5179 1638 5234 beato
1673 5182 1837 5238 Petro
1874 5203 1891 5238 z
1926 5205 1943 5237 ι
1972 5187 2163 5244 Simon

567 5261 739 5326 Jona,
785 5264 969 5335 diligis
1012 5267 1138 5323 me?
1182 5283 1343 5337 pasce
1388 5286 1559 5341 agnos
1585 5288 1771 5339 meos,
1820 5292 1983 5346 pasce
2022 5296 2153 5335 oves

570 5370 717 5409 meas
740 5357 804 5411 ⁸⁸.
837 5377 854 5407 ι
894 5358 1164 5415 Praeterea
1209 5360 1276 5415 de
1327 5361 1455 5417 ﬁliis
1481 5363 1642 5418 Israel
1685 5368 1952 5437 propheta
1982 5371 2150 5427 Isaias

564 5444 706 5499 dixit
738 5464 751 5500 :
793 5466 809 5497 ι
836 5448 1005 5503 Vinea
1030 5451 1176 5506 enim
1215 5452 1431 5508 Domini
1458 5454 1728 5523 Sabaoth,
1765 5458 1961 5516 domus
1982 5463 2146 5519 Israel

562 5545 682 5603 est;
710 5544 765 5592 et
810 5536 977 5592 homo
1006 5538 1144 5594 Juda
1166 5582 1180 5607 ,
1209 5558 1433 5613 germen
1472 5546 1732 5603 dilectum
1753 5550 1820 5604 ‘9.
1853 5572 1871 5603 ι
1907 5553 2147 5610 Pastoris

566 5746 749 5803 15-17.
843 5750 887 5782 ⁸³
915 5750 1017 5805 lsa.
1041 5767 1093 5817 v,
1136 5752 1185 5805 7.

669 5678 729 5767 ξς,
744 5677 1166 5767 Gala_t.'_tv,i9._
1204 5684 1249 5715 ⁸⁵
1280 5686 1597 5758 Exod.x.\'u,
1632 5695 1717 5748 51.
1798 5698 1842 5730 ⁸⁵
1876 5698 1896 5753 Ι
1936 5698 2062 5755 Cor.
2092 5718 2185 5767 xu,

2201 4378 2251 4437 ι)
2348 4370 2553 4423 ΠΑΛΛ.
2615 4368 2857 4441 Ἀληθές.

2336 4461 2501 4513 ΚΥΡ.
2539 4461 2932 4532 Ἐγρηγορέναι
2951 4460 3006 4515 δὲ
3030 4462 3111 4515 ὅτι
3139 4463 3410 4534 προσήκει
3439 4464 3566 4527 τοὺς
3589 4463 3807 4533 καθηγεῖο

2264 4549 2387 4603 σθαι
2415 4550 2679 4621 λαχόντας
2702 4589 2718 4613 ,
2753 4551 2848 4604 καὶ
2890 4552 3227 4623 ἡγουμένους
3252 4552 3541 4624 ποιμνίων,
3574 4568 3805 4621 κατεχρη-

2265 4641 2517 4713 σμῴδησε
2562 4642 2746 4698 πάλιν.
2791 4643 2889 4705 Τίς
2930 4644 2974 4697 δ’
3006 4642 3071 4697 ἂν
3117 4644 3330 4714 γένοιτο
3378 4646 3479 4715 τῆς
3516 4646 3645 4717 πρὸς
3675 4643 3803 4715 ἡμῶν

2263 4733 2562 4810 ἐπιεικείας
2600 4734 2680 4796 εἰς
2708 4732 2864 4787 τοῦτο
2898 4734 3130 4805 τρόπος,
3173 4736 3534 4805 ὑπεμφαίνει,
3579 4737 3732 4805 λέγων
3756 4735 3805 4786 ὲν

2260 4823 2340 4895 τῷ
2373 4823 2672 4895 Λευῖτικῷ·
2707 4844 2724 4875 ι
2756 4824 2835 4877 Τὰ
2857 4825 3031 4895 κτήνη
3061 4841 3156 4878 σου
3172 4825 3233 4877 οὐ
3270 4825 3624 4895 κατοχεύσεις
3645 4827 3803 4893 ἑτερο·

2261 4916 2410 4987 ζύγῳ
2430 4956 2444 4979 ν
2474 4917 2571 4971 καὶ
2613 4917 2704 4971 τὸν
2735 4917 3033 4988 ἀμπελῶνά
3068 4935 3161 4971 σου
3213 4919 3273 4971 οὐ
3315 4920 3673 4989 κατασπερεῖς
3706 4916 3801 4968 διά-

2266 5026 2452 5082 φορον.
2493 5028 2510 5059 ι
2538 5008 2718 5062 Πὼεσι
2744 5010 2842 5080 μὲν
2864 5009 2973 5081 γάρ
2997 5010 3169 5077 αίγῶν
3203 5010 3298 5062 καὶ
3328 5009 3633 5079 προϐάτων,
3661 5009 3799 5076 ἦγον-ν

2263 5100 2549 5171 ἀμπελῶνι
2611 5102 3008 5173 παρεικαστέον
3054 5098 3114 5154 εὖ
3164 5100 3309 5173 μάλα
3359 5102 3458 5171 τὴν
3520 5102 3617 5154 ὑπὸ
3672 5102 3799 5169 χεῖρα

2261 5189 2493 5261 πληθύν.
2538 5193 2741 5245 Ἤκουε
2774 5193 2874 5264 μὲν
2902 5194 3010 5264 γὰρ
3050 5195 3079 5246 ὁ
3108 5193 3395 5256 θεσπέσιος
3422 5193 3654 5263 Πέτρος·
3684 5209 3700 5241 ι
3730 5188 3799 5240 ΣΞ·
3834 5260 3837 5263 ἱ

2263 5299 2384 5351 μων
2454 5284 2610 5337 Ἰωνᾶ
2647 5325 2661 5349 ,
2720 5284 2896 5353 φιλεῖς
2959 5303 3062 5355 με;
3119 5284 3282 5355 βόσκε
3347 5285 3417 5337 τά
3476 5283 3633 5354 ἀρνία
3675 5296 3794 5351 μου.

2258 5374 2515 5445 ποίμαινε
2550 5376 2620 5429 τά
2651 5376 2901 5448 πρόϐατά
2927 5394 3049 5448 μου.
3085 5398 3103 5428 ι
3140 5378 3276 5447 Περὶ
3305 5376 3360 5429 δέ
3396 5394 3460 5444 γε
3501 5376 3603 5430 τῶν
3629 5375 3681 5439 ἐξ
3713 5372 3795 5423 Ίτο

2262 5467 2417 5537 ραὴλ,
2449 5470 2477 5522 ὁ
2509 5470 2790 5540 προφήτης
2818 5469 3051 5539 ἔφασκεν
3083 5469 3338 5531 Ἡσαΐας·
3370 5488 3387 5519 ι
3436 5469 3493 5521 '0
3514 5468 3613 5539 γὰρ
3641 5468 3792 5534 agr:—

2255 5558 2361 5611 λὼν
2394 5561 2599 5631 Κυρίου
2648 5562 2872 5615 Σαϐαὼθ
2896 5603 2910 5628 ,
2951 5558 3097 5627 οἶκος
3137 5562 3231 5614 τοῦ
3285 5560 3502 5633 Ἰσραήλ
3537 5562 3677 5619 ἐστιν
3715 5553 3790 5606 καὶ

2229 5704 2280 5758 5.
2350 5705 2392 5737 ⁸⁸
2422 5706 2465 5759 II
2492 5705 2619 5761 Cor.
2649 5724 2721 5773 vl,
2754 5708 2837 5763 15.
2909 5710 2954 5741 ⁸⁷
2977 5708 3151 5762 Levit.
3177 5707 3380 5771 xrx,l9.
3460 5708 3505 5739 ⁸⁸
3526 5707 3668 5762 Joan.
3695 5714 3785 5760 ut.
