  <div class='ocr_page' id='page_1' title='image "/cluster/home/n/w/nwhite01/storage/ocr_20150623/68/hvd.32044019207851/282.png"; bbox 0 0 3998 6498; ppageno 0'>
   <div class='ocr_carea' id='block_1_1' title="bbox 163 349 3400 440">
    <p class='ocr_par' dir='ltr' id='par_1_1' title="bbox 163 349 3400 440">
     <span class='ocr_line' id='line_1_1' title="bbox 163 349 3400 440; baseline -0.01 -1"><span class='ocrx_word' id='word_1_1' title='bbox 163 382 256 440; x_wconf 59' lang='grc'><strong>549</strong></span> <span class='ocrx_word' id='word_1_2' title='bbox 838 373 928 429; x_wconf 88' lang='lat' dir='ltr'><strong>DE</strong></span> <span class='ocrx_word' id='word_1_3' title='bbox 965 366 1409 428; x_wconf 81' lang='lat' dir='ltr'><strong>ADORATIONE</strong></span> <span class='ocrx_word' id='word_1_4' title='bbox 1440 366 1508 423; x_wconf 83' lang='grc' dir='ltr'><strong>ΙΝ</strong></span> <span class='ocrx_word' id='word_1_5' title='bbox 1544 362 1813 422; x_wconf 81' lang='lat' dir='ltr'><strong>SPlRlTU</strong></span> <span class='ocrx_word' id='word_1_6' title='bbox 1856 360 1944 416; x_wconf 82' lang='lat' dir='ltr'><strong>ET</strong></span> <span class='ocrx_word' id='word_1_7' title='bbox 1979 355 2349 415; x_wconf 68' lang='lat' dir='ltr'><strong>VERITATE.</strong></span> <span class='ocrx_word' id='word_1_8' title='bbox 2388 354 2515 409; x_wconf 83' lang='lat' dir='ltr'><strong>LIB.</strong></span> <span class='ocrx_word' id='word_1_9' title='bbox 2558 351 2694 409; x_wconf 68' lang='lat' dir='ltr'><strong>Vill.</strong></span> <span class='ocrx_word' id='word_1_10' title='bbox 3295 349 3400 407; x_wconf 60' lang='lat'><strong>530</strong></span> 
     </span>
    </p>
   </div>
   <div class='ocr_carea' id='block_1_2' title="bbox 164 466 1743 571">
    <p class='ocr_par' dir='ltr' id='par_1_2' title="bbox 164 489 1717 571">
     <span class='ocr_line' id='line_1_2' title="bbox 164 489 1717 571; baseline -0.01 -16"><span class='ocrx_word' id='word_1_11' title='bbox 164 500 425 571; x_wconf 78' lang='grc' dir='ltr'>ἅνθρωπος</span> <span class='ocrx_word' id='word_1_12' title='bbox 446 493 540 549; x_wconf 83' lang='grc' dir='ltr'><strong>τοῦ</strong></span> <span class='ocrx_word' id='word_1_13' title='bbox 578 491 749 547; x_wconf 79' lang='grc' dir='ltr'>Ἰούδα</span> <span class='ocrx_word' id='word_1_14' title='bbox 774 530 790 557; x_wconf 92' lang='grc'>,</span> <span class='ocrx_word' id='word_1_15' title='bbox 825 493 1084 562; x_wconf 83' lang='grc' dir='ltr'><strong>νεόφυτον</strong></span> <span class='ocrx_word' id='word_1_16' title='bbox 1121 490 1500 563; x_wconf 79' lang='grc' dir='ltr'><strong>ἠγαπημένον.</strong></span> <span class='ocrx_word' id='word_1_17' title='bbox 1532 507 1552 541; x_wconf 74' lang='grc' dir='ltr'><strong>ι</strong></span> <span class='ocrx_word' id='word_1_18' title='bbox 1588 489 1717 542; x_wconf 85' lang='grc' dir='ltr'>Ποι-</span> 
     </span>
    </p>
   </div>
   <div class='ocr_carea' id='block_1_3' title="bbox 1819 466 3398 571">
    <p class='ocr_par' dir='ltr' id='par_1_3' title="bbox 1819 466 3398 553">
     <span class='ocr_line' id='line_1_3' title="bbox 1819 466 3398 553; baseline -0.011 -17"><span class='ocrx_word' id='word_1_19' title='bbox 1819 482 1988 553; x_wconf 90' lang='lat' dir='ltr'><strong>igitur</strong></span> <span class='ocrx_word' id='word_1_20' title='bbox 2012 480 2189 535; x_wconf 90' lang='lat' dir='ltr'><strong>virtus</strong></span> <span class='ocrx_word' id='word_1_21' title='bbox 2210 484 2294 531; x_wconf 88' lang='lat' dir='ltr'><strong>est</strong></span> <span class='ocrx_word' id='word_1_22' title='bbox 2320 475 2517 530; x_wconf 91' lang='lat' dir='ltr'><strong>ovibus</strong></span> <span class='ocrx_word' id='word_1_23' title='bbox 2536 488 2648 528; x_wconf 90' lang='lat' dir='ltr'><strong>non</strong></span> <span class='ocrx_word' id='word_1_24' title='bbox 2678 469 2968 526; x_wconf 77' lang='lat' dir='ltr'><strong>admittere</strong></span> <span class='ocrx_word' id='word_1_25' title='bbox 2993 466 3196 523; x_wconf 84' lang='lat' dir='ltr'><strong>diversi</strong></span> <span class='ocrx_word' id='word_1_26' title='bbox 3232 480 3398 537; x_wconf 77' lang='lat' dir='ltr'><strong>gene-</strong></span> 
     </span>
    </p>
   </div>
   <div class='ocr_carea' id='block_1_4' title="bbox 167 557 1746 666">
    <p class='ocr_par' dir='ltr' id='par_1_4' title="bbox 167 557 1715 666">
     <span class='ocr_line' id='line_1_4' title="bbox 167 557 1715 666; baseline -0.008 -23"><span class='ocrx_word' id='word_1_27' title='bbox 336 557 514 658; x_wconf 36' lang='lat' dir='ltr'><strong>Bh&#39;oﬁv</strong></span> <span class='ocrx_word' id='word_1_28' title='bbox 544 582 738 655; x_wconf 79' lang='grc' dir='ltr'>ἀρετὴ,</span> <span class='ocrx_word' id='word_1_29' title='bbox 762 583 824 635; x_wconf 88' lang='grc' dir='ltr'>τὸ</span> <span class='ocrx_word' id='word_1_30' title='bbox 858 557 1249 654; x_wconf 44' lang='grc' dir='ltr'>μὴ’ὲπαφιέναι</span> <span class='ocrx_word' id='word_1_31' title='bbox 1278 557 1570 652; x_wconf 78' lang='grc' dir='ltr'>προϐάτοις</span> <span class='ocrx_word' id='word_1_32' title='bbox 1600 579 1715 631; x_wconf 77' lang='grc' dir='ltr'><strong>ἐτε-</strong></span> 
     </span>
    </p>
   </div>
   <div class='ocr_carea' id='block_1_5' title="bbox 1823 557 3402 666">
    <p class='ocr_par' dir='ltr' id='par_1_5' title="bbox 1823 557 3402 634">
     <span class='ocr_line' id='line_1_5' title="bbox 1823 557 3402 634; baseline -0.011 -7"><span class='ocrx_word' id='word_1_33' title='bbox 1823 572 1893 627; x_wconf 92' lang='lat' dir='ltr'><strong>ris</strong></span> <span class='ocrx_word' id='word_1_34' title='bbox 1925 569 2127 625; x_wconf 90' lang='lat' dir='ltr'><strong>animal</strong></span> <span class='ocrx_word' id='word_1_35' title='bbox 2145 609 2160 634; x_wconf 93' lang='lat'><strong>,</strong></span> <span class='ocrx_word' id='word_1_36' title='bbox 2186 568 2261 622; x_wconf 91' lang='lat' dir='ltr'><strong>ita</strong></span> <span class='ocrx_word' id='word_1_37' title='bbox 2299 575 2360 621; x_wconf 92' lang='lat' dir='ltr'><strong>ut</strong></span> <span class='ocrx_word' id='word_1_38' title='bbox 2385 566 2577 620; x_wconf 66' lang='lat' dir='ltr'><strong>aliena:</strong></span> <span class='ocrx_word' id='word_1_39' title='bbox 2608 561 2838 634; x_wconf 86' lang='lat' dir='ltr'><strong>pecudis</strong></span> <span class='ocrx_word' id='word_1_40' title='bbox 2865 557 3251 631; x_wconf 81' lang='lat' dir='ltr'><strong>congressibus</strong></span> <span class='ocrx_word' id='word_1_41' title='bbox 3270 573 3402 627; x_wconf 68' lang='grc' dir='ltr'>ευρ-η</span> 
     </span>
    </p>
   </div>
   <div class='ocr_carea' id='block_1_6' title="bbox 164 647 1743 756">
    <p class='ocr_par' dir='ltr' id='par_1_6' title="bbox 164 647 1715 756">
     <span class='ocr_line' id='line_1_6' title="bbox 164 647 1715 756; baseline -0.009 -20"><span class='ocrx_word' id='word_1_42' title='bbox 164 647 346 756; x_wconf 50' lang='lat' dir='ltr'><strong>postes;</strong></span> <span class='ocrx_word' id='word_1_43' title='bbox 378 647 430 731; x_wconf 69' lang='grc' dir='ltr'><strong>τι</strong></span> <span class='ocrx_word' id='word_1_44' title='bbox 457 647 618 740; x_wconf 73' lang='grc' dir='ltr'>ζῶον,</span> <span class='ocrx_word' id='word_1_45' title='bbox 749 647 871 737; x_wconf 76' lang='grc' dir='ltr'>ταῖς</span> <span class='ocrx_word' id='word_1_46' title='bbox 902 647 1116 727; x_wconf 26' lang='grc' dir='ltr'>δθνείονυ</span> <span class='ocrx_word' id='word_1_47' title='bbox 1142 672 1307 742; x_wconf 83' lang='grc' dir='ltr'>τυχὸν</span> <span class='ocrx_word' id='word_1_48' title='bbox 1322 647 1547 742; x_wconf 41' lang='grc' dir='ltr'>’ὀχείαις</span> <span class='ocrx_word' id='word_1_49' title='bbox 1582 670 1715 723; x_wconf 87' lang='grc' dir='ltr'>ὐπο-</span> 
     </span>
    </p>
   </div>
   <div class='ocr_carea' id='block_1_7' title="bbox 1825 647 3404 756">
    <p class='ocr_par' dir='ltr' id='par_1_7' title="bbox 1825 647 3404 733">
     <span class='ocr_line' id='line_1_7' title="bbox 1825 647 3404 733; baseline -0.01 -16"><span class='ocrx_word' id='word_1_50' title='bbox 1825 671 2122 733; x_wconf 85' lang='lat' dir='ltr'><strong>ponantur,</strong></span> <span class='ocrx_word' id='word_1_51' title='bbox 2145 674 2221 714; x_wconf 86' lang='lat' dir='ltr'><strong>ne</strong></span> <span class='ocrx_word' id='word_1_52' title='bbox 2248 657 2381 728; x_wconf 91' lang='lat' dir='ltr'><strong>quid</strong></span> <span class='ocrx_word' id='word_1_53' title='bbox 2425 656 2742 727; x_wconf 86' lang='lat' dir='ltr'><strong>ambiguum</strong></span> <span class='ocrx_word' id='word_1_54' title='bbox 2768 654 3018 725; x_wconf 85' lang='lat' dir='ltr'><strong>pariant,</strong></span> <span class='ocrx_word' id='word_1_55' title='bbox 3042 658 3101 706; x_wconf 90' lang='lat' dir='ltr'><strong>et</strong></span> <span class='ocrx_word' id='word_1_56' title='bbox 3137 649 3206 703; x_wconf 91' lang='lat' dir='ltr'><strong>ab</strong></span> <span class='ocrx_word' id='word_1_57' title='bbox 3237 647 3404 704; x_wconf 74' lang='lat' dir='ltr'><strong>insita</strong></span> 
     </span>
    </p>
   </div>
   <div class='ocr_carea' id='block_1_8' title="bbox 161 742 1740 839">
    <p class='ocr_par' dir='ltr' id='par_1_8' title="bbox 161 742 1715 839">
     <span class='ocr_line' id='line_1_8' title="bbox 161 742 1715 839; baseline -0.01 -9"><span class='ocrx_word' id='word_1_58' title='bbox 161 742 355 837; x_wconf 50' lang='grc' dir='ltr'>ἐπσεῖν,</span> <span class='ocrx_word' id='word_1_59' title='bbox 404 770 489 822; x_wconf 83' lang='grc' dir='ltr'>ἶνα</span> <span class='ocrx_word' id='word_1_60' title='bbox 536 767 612 839; x_wconf 82' lang='grc' dir='ltr'>μὴ</span> <span class='ocrx_word' id='word_1_61' title='bbox 654 766 948 838; x_wconf 73' lang='grc' dir='ltr'>ἑτεροφυὲς</span> <span class='ocrx_word' id='word_1_62' title='bbox 992 765 1151 838; x_wconf 81' lang='grc' dir='ltr'>τέκῃ,</span> <span class='ocrx_word' id='word_1_63' title='bbox 1200 764 1295 818; x_wconf 70' lang='grc' dir='ltr'><strong>καὶ</strong></span> <span class='ocrx_word' id='word_1_64' title='bbox 1347 764 1449 833; x_wconf 79' lang='grc' dir='ltr'><strong>τῆς</strong></span> <span class='ocrx_word' id='word_1_65' title='bbox 1486 762 1715 834; x_wconf 74' lang='grc' dir='ltr'><strong>ἐνούσης</strong></span> 
     </span>
    </p>
   </div>
   <div class='ocr_carea' id='block_1_9' title="bbox 1821 742 3400 839">
    <p class='ocr_par' dir='ltr' id='par_1_9' title="bbox 1821 742 3400 809">
     <span class='ocr_line' id='line_1_9' title="bbox 1821 742 3400 809; baseline -0.011 0"><span class='ocrx_word' id='word_1_66' title='bbox 1821 753 2053 809; x_wconf 75' lang='lat' dir='ltr'><strong>naturali</strong></span> <span class='ocrx_word' id='word_1_67' title='bbox 2104 750 2288 805; x_wconf 88' lang='lat' dir='ltr'><strong>indole</strong></span> <span class='ocrx_word' id='word_1_68' title='bbox 2319 749 2597 803; x_wconf 88' lang='lat' dir='ltr'><strong>diversum</strong></span> <span class='ocrx_word' id='word_1_69' title='bbox 2624 766 2639 800; x_wconf 87' lang='lat'><strong>:</strong></span> <span class='ocrx_word' id='word_1_70' title='bbox 2670 748 2847 801; x_wconf 80' lang='lat' dir='ltr'><strong>cultor</strong></span> <span class='ocrx_word' id='word_1_71' title='bbox 2869 750 3053 800; x_wconf 88' lang='lat' dir='ltr'><strong>autem</strong></span> <span class='ocrx_word' id='word_1_72' title='bbox 3092 742 3400 805; x_wconf 85' lang='lat' dir='ltr'><strong>vinearum,</strong></span> 
     </span>
    </p>
   </div>
   <div class='ocr_carea' id='block_1_10' title="bbox 160 839 1739 938">
    <p class='ocr_par' dir='ltr' id='par_1_10' title="bbox 160 856 1713 938">
     <span class='ocr_line' id='line_1_10' title="bbox 160 856 1713 938; baseline -0.009 -14"><span class='ocrx_word' id='word_1_73' title='bbox 160 867 289 938; x_wconf 82' lang='grc' dir='ltr'>αὐτῷ</span> <span class='ocrx_word' id='word_1_74' title='bbox 317 864 546 936; x_wconf 79' lang='grc' dir='ltr'><strong>φυσικῆς</strong></span> <span class='ocrx_word' id='word_1_75' title='bbox 576 861 857 931; x_wconf 78' lang='grc' dir='ltr'>εὐγενείας</span> <span class='ocrx_word' id='word_1_76' title='bbox 894 861 1247 924; x_wconf 80' lang='grc' dir='ltr'>ἐκνενευκός·</span> <span class='ocrx_word' id='word_1_77' title='bbox 1287 859 1629 932; x_wconf 81' lang='grc' dir='ltr'><strong>ἀμπελώνων</strong></span> <span class='ocrx_word' id='word_1_78' title='bbox 1656 856 1713 910; x_wconf 83' lang='grc' dir='ltr'><strong>δὲ</strong></span> 
     </span>
    </p>
   </div>
   <div class='ocr_carea' id='block_1_11' title="bbox 1820 839 3399 938">
    <p class='ocr_par' dir='ltr' id='par_1_11' title="bbox 1820 839 3399 915">
     <span class='ocr_line' id='line_1_11' title="bbox 1820 839 3399 915; baseline -0.009 -13"><span class='ocrx_word' id='word_1_79' title='bbox 1820 847 1862 902; x_wconf 92' lang='lat' dir='ltr'><strong>si</strong></span> <span class='ocrx_word' id='word_1_80' title='bbox 1904 846 2069 901; x_wconf 92' lang='lat' dir='ltr'><strong>modo</strong></span> <span class='ocrx_word' id='word_1_81' title='bbox 2115 844 2361 915; x_wconf 86' lang='lat' dir='ltr'><strong>prudens</strong></span> <span class='ocrx_word' id='word_1_82' title='bbox 2401 840 2603 905; x_wconf 80' lang='lat' dir='ltr'><strong>fuerit,</strong></span> <span class='ocrx_word' id='word_1_83' title='bbox 2644 849 2701 894; x_wconf 92' lang='lat' dir='ltr'><strong>et</strong></span> <span class='ocrx_word' id='word_1_84' title='bbox 2735 839 2941 909; x_wconf 88' lang='lat' dir='ltr'><strong>optime</strong></span> <span class='ocrx_word' id='word_1_85' title='bbox 2988 846 3191 891; x_wconf 88' lang='lat' dir='ltr'><strong>terram</strong></span> <span class='ocrx_word' id='word_1_86' title='bbox 3234 842 3399 889; x_wconf 59' lang='grc' dir='ltr'><strong>εχει)⁴</strong></span> 
     </span>
    </p>
   </div>
   <div class='ocr_carea' id='block_1_12' title="bbox 158 925 1737 1032">
    <p class='ocr_par' dir='ltr' id='par_1_12' title="bbox 158 925 1712 1032">
     <span class='ocr_line' id='line_1_12' title="bbox 158 925 1712 1032; baseline -0.008 -17"><span class='ocrx_word' id='word_1_87' title='bbox 158 964 183 1016; x_wconf 82' lang='grc' dir='ltr'>ὁ</span> <span class='ocrx_word' id='word_1_88' title='bbox 526 925 695 1026; x_wconf 40' lang='grc' dir='ltr'>εἶπε-ρ</span> <span class='ocrx_word' id='word_1_89' title='bbox 714 953 803 1025; x_wconf 78' lang='grc' dir='ltr'><strong>εἴη</strong></span> <span class='ocrx_word' id='word_1_90' title='bbox 819 953 1097 1026; x_wconf 79' lang='grc' dir='ltr'>νουνεχὴς,</span> <span class='ocrx_word' id='word_1_91' title='bbox 1115 953 1208 1007; x_wconf 69' lang='grc' dir='ltr'><strong>καὶ</strong></span> <span class='ocrx_word' id='word_1_92' title='bbox 1226 925 1485 1022; x_wconf 77' lang='grc' dir='ltr'>γηπονεῖν</span> <span class='ocrx_word' id='word_1_93' title='bbox 1515 951 1712 1022; x_wconf 78' lang='grc' dir='ltr'>ἄριστα</span> 
     </span>
    </p>
   </div>
   <div class='ocr_carea' id='block_1_13' title="bbox 1823 925 3402 1032">
    <p class='ocr_par' dir='ltr' id='par_1_13' title="bbox 1823 925 3402 1002">
     <span class='ocr_line' id='line_1_13' title="bbox 1823 925 3402 1002; baseline -0.009 -11"><span class='ocrx_word' id='word_1_94' title='bbox 1823 938 1928 993; x_wconf 90' lang='lat' dir='ltr'><strong>lere</strong></span> <span class='ocrx_word' id='word_1_95' title='bbox 1979 935 2292 999; x_wconf 73' lang='lat' dir='ltr'><strong>studuerit,</strong></span> <span class='ocrx_word' id='word_1_96' title='bbox 2334 946 2617 1002; x_wconf 82' lang='lat' dir='ltr'><strong>nunquam</strong></span> <span class='ocrx_word' id='word_1_97' title='bbox 2666 929 2939 1000; x_wconf 90' lang='lat' dir='ltr'><strong>patietur,</strong></span> <span class='ocrx_word' id='word_1_98' title='bbox 2972 934 3033 981; x_wconf 87' lang='lat' dir='ltr'><strong>ut</strong></span> <span class='ocrx_word' id='word_1_99' title='bbox 3066 925 3402 981; x_wconf 78' lang='lat' dir='ltr'><strong>exsiccantia</strong></span> 
     </span>
    </p>
   </div>
   <div class='ocr_carea' id='block_1_14' title="bbox 161 1016 1740 1124">
    <p class='ocr_par' dir='ltr' id='par_1_14' title="bbox 161 1016 1712 1124">
     <span class='ocr_line' id='line_1_14' title="bbox 161 1016 1712 1124; baseline -0.005 -20"><span class='ocrx_word' id='word_1_100' title='bbox 161 1016 565 1124; x_wconf 60' lang='grc' dir='ltr'>μεμελετηκὼς,</span> <span class='ocrx_word' id='word_1_101' title='bbox 608 1016 708 1102; x_wconf 63' lang='grc' dir='ltr'>οὐκ</span> <span class='ocrx_word' id='word_1_102' title='bbox 739 1016 807 1102; x_wconf 77' lang='grc' dir='ltr'>ἂν</span> <span class='ocrx_word' id='word_1_103' title='bbox 840 1016 1130 1119; x_wconf 48' lang='grc' dir='ltr'>ἀνάσᾶοιτό</span> <span class='ocrx_word' id='word_1_104' title='bbox 1156 1016 1298 1101; x_wconf 40' lang='grc' dir='ltr'>ποτε.</span> <span class='ocrx_word' id='word_1_105' title='bbox 1326 1048 1396 1099; x_wconf 84' lang='grc' dir='ltr'><strong>τὰ</strong></span> <span class='ocrx_word' id='word_1_106' title='bbox 1437 1016 1577 1117; x_wconf 83' lang='grc' dir='ltr'><strong>ξηρά</strong></span> <span class='ocrx_word' id='word_1_107' title='bbox 1602 1044 1712 1098; x_wconf 85' lang='grc' dir='ltr'><strong>τῶν</strong></span> 
     </span>
    </p>
   </div>
   <div class='ocr_carea' id='block_1_15' title="bbox 1821 1016 3400 1124">
    <p class='ocr_par' dir='ltr' id='par_1_15' title="bbox 1821 1016 3400 1097">
     <span class='ocr_line' id='line_1_15' title="bbox 1821 1016 3400 1097; baseline -0.01 -13"><span class='ocrx_word' id='word_1_108' title='bbox 1821 1029 2023 1083; x_wconf 88' lang='lat' dir='ltr'><strong>semina</strong></span> <span class='ocrx_word' id='word_1_109' title='bbox 2047 1028 2150 1083; x_wconf 87' lang='lat' dir='ltr'><strong>sub</strong></span> <span class='ocrx_word' id='word_1_110' title='bbox 2173 1027 2306 1097; x_wconf 87' lang='lat' dir='ltr'><strong>ipsis</strong></span> <span class='ocrx_word' id='word_1_111' title='bbox 2328 1024 2535 1079; x_wconf 84' lang='lat' dir='ltr'><strong>vitibus</strong></span> <span class='ocrx_word' id='word_1_112' title='bbox 2560 1028 2887 1086; x_wconf 85' lang='lat' dir='ltr'><strong>nascantur;</strong></span> <span class='ocrx_word' id='word_1_113' title='bbox 2912 1034 2982 1074; x_wconf 89' lang='lat' dir='ltr'><strong>ne</strong></span> <span class='ocrx_word' id='word_1_114' title='bbox 3014 1018 3212 1072; x_wconf 87' lang='lat' dir='ltr'><strong>humor</strong></span> <span class='ocrx_word' id='word_1_115' title='bbox 3228 1057 3241 1081; x_wconf 92' lang='lat'><strong>,</strong></span> <span class='ocrx_word' id='word_1_116' title='bbox 3267 1016 3400 1070; x_wconf 87' lang='lat' dir='ltr'><strong>dum</strong></span> 
     </span>
    </p>
   </div>
   <div class='ocr_carea' id='block_1_16' title="bbox 160 1110 1739 1215">
    <p class='ocr_par' dir='ltr' id='par_1_16' title="bbox 160 1110 1711 1215">
     <span class='ocr_line' id='line_1_16' title="bbox 160 1110 1711 1215; baseline -0.005 -17"><span class='ocrx_word' id='word_1_117' title='bbox 160 1110 469 1215; x_wconf 64' lang='grc' dir='ltr'>σπερμάτίυν</span> <span class='ocrx_word' id='word_1_118' title='bbox 658 1142 853 1204; x_wconf 77' lang='grc' dir='ltr'>αὐταῖς</span> <span class='ocrx_word' id='word_1_119' title='bbox 885 1110 1117 1211; x_wconf 75' lang='grc' dir='ltr'>φύεσθαι</span> <span class='ocrx_word' id='word_1_120' title='bbox 1159 1142 1281 1204; x_wconf 81' lang='grc' dir='ltr'>ταῖς</span> <span class='ocrx_word' id='word_1_121' title='bbox 1311 1110 1599 1210; x_wconf 67' lang='grc' dir='ltr'>ἀμπέλοις,</span> <span class='ocrx_word' id='word_1_122' title='bbox 1624 1138 1711 1191; x_wconf 80' lang='grc' dir='ltr'>ἴνα</span> 
     </span>
    </p>
   </div>
   <div class='ocr_carea' id='block_1_17' title="bbox 1821 1110 3400 1215">
    <p class='ocr_par' dir='ltr' id='par_1_17' title="bbox 1821 1110 3400 1191">
     <span class='ocr_line' id='line_1_17' title="bbox 1821 1110 3400 1191; baseline -0.006 -16"><span class='ocrx_word' id='word_1_123' title='bbox 1821 1121 1977 1176; x_wconf 79' lang='lat' dir='ltr'><strong>alieni</strong></span> <span class='ocrx_word' id='word_1_124' title='bbox 2001 1119 2264 1191; x_wconf 81' lang='lat' dir='ltr'><strong>germinis</strong></span> <span class='ocrx_word' id='word_1_125' title='bbox 2309 1118 2501 1173; x_wconf 86' lang='lat' dir='ltr'><strong>usibus</strong></span> <span class='ocrx_word' id='word_1_126' title='bbox 2531 1114 2908 1176; x_wconf 88' lang='lat' dir='ltr'><strong>consumitur,</strong></span> <span class='ocrx_word' id='word_1_127' title='bbox 2935 1111 3057 1165; x_wconf 89' lang='lat' dir='ltr'><strong>illas</strong></span> <span class='ocrx_word' id='word_1_128' title='bbox 3098 1110 3317 1165; x_wconf 90' lang='lat' dir='ltr'><strong>deﬁciat</strong></span> <span class='ocrx_word' id='word_1_129' title='bbox 3344 1110 3400 1165; x_wconf 91' lang='lat' dir='ltr'><strong>in</strong></span> 
     </span>
    </p>
   </div>
   <div class='ocr_carea' id='block_1_18' title="bbox 160 1203 1739 1308">
    <p class='ocr_par' dir='ltr' id='par_1_18' title="bbox 160 1203 1708 1308">
     <span class='ocr_line' id='line_1_18' title="bbox 160 1203 1708 1308; baseline -0.004 -20"><span class='ocrx_word' id='word_1_130' title='bbox 160 1237 225 1308; x_wconf 81' lang='grc' dir='ltr'>μὴ</span> <span class='ocrx_word' id='word_1_131' title='bbox 242 1203 627 1304; x_wconf 55' lang='grc' dir='ltr'>δαπανωμένης</span> <span class='ocrx_word' id='word_1_132' title='bbox 641 1203 845 1297; x_wconf 79' lang='grc' dir='ltr'>αὑταῖς</span> <span class='ocrx_word' id='word_1_133' title='bbox 859 1203 959 1303; x_wconf 53' lang='grc' dir='ltr'>τῆς</span> <span class='ocrx_word' id='word_1_134' title='bbox 977 1232 1204 1303; x_wconf 80' lang='grc' dir='ltr'><strong>ἰκμάδος</strong></span> <span class='ocrx_word' id='word_1_135' title='bbox 1222 1203 1301 1295; x_wconf 87' lang='grc' dir='ltr'><strong>είς</strong></span> <span class='ocrx_word' id='word_1_136' title='bbox 1323 1203 1384 1284; x_wconf 62' lang='grc' dir='ltr'>τί)</span> <span class='ocrx_word' id='word_1_137' title='bbox 1409 1230 1708 1300; x_wconf 85' lang='grc' dir='ltr'>ἀλλότριον,</span> 
     </span>
    </p>
   </div>
   <div class='ocr_carea' id='block_1_19' title="bbox 1817 1203 3396 1308">
    <p class='ocr_par' dir='ltr' id='par_1_19' title="bbox 1817 1203 3396 1283">
     <span class='ocr_line' id='line_1_19' title="bbox 1817 1203 3396 1283; baseline -0.009 -14"><span class='ocrx_word' id='word_1_138' title='bbox 1817 1215 1947 1269; x_wconf 89' lang='lat' dir='ltr'><strong>suis.</strong></span> <span class='ocrx_word' id='word_1_139' title='bbox 1974 1214 2147 1283; x_wconf 82' lang='lat' dir='ltr'><strong>Perge</strong></span> <span class='ocrx_word' id='word_1_140' title='bbox 2190 1211 2357 1281; x_wconf 81' lang='lat' dir='ltr'><strong>igitur</strong></span> <span class='ocrx_word' id='word_1_141' title='bbox 2375 1211 2487 1281; x_wconf 89' lang='lat' dir='ltr'><strong>jam</strong></span> <span class='ocrx_word' id='word_1_142' title='bbox 2516 1218 2771 1277; x_wconf 86' lang='lat' dir='ltr'><strong>tanquam</strong></span> <span class='ocrx_word' id='word_1_143' title='bbox 2803 1220 2871 1259; x_wconf 82' lang='lat' dir='ltr'><strong>ex</strong></span> <span class='ocrx_word' id='word_1_144' title='bbox 2909 1203 3143 1273; x_wconf 85' lang='lat' dir='ltr'><strong>imagine</strong></span> <span class='ocrx_word' id='word_1_145' title='bbox 3167 1204 3236 1257; x_wconf 90' lang='lat' dir='ltr'><strong>ad</strong></span> <span class='ocrx_word' id='word_1_146' title='bbox 3271 1218 3396 1256; x_wconf 78' lang='lat' dir='ltr'><strong>sen-</strong></span> 
     </span>
    </p>
   </div>
   <div class='ocr_carea' id='block_1_20' title="bbox 158 1295 1737 1399">
    <p class='ocr_par' dir='ltr' id='par_1_20' title="bbox 158 1295 1712 1399">
     <span class='ocr_line' id='line_1_20' title="bbox 158 1295 1712 1399; baseline -0.005 -18"><span class='ocrx_word' id='word_1_147' title='bbox 158 1295 473 1399; x_wconf 58' lang='grc' dir='ltr'>δστερίζοιεν</span> <span class='ocrx_word' id='word_1_148' title='bbox 497 1295 659 1378; x_wconf 75' lang='grc' dir='ltr'>αὗται</span> <span class='ocrx_word' id='word_1_149' title='bbox 692 1295 822 1397; x_wconf 63' lang='grc' dir='ltr'>περί</span> <span class='ocrx_word' id='word_1_150' title='bbox 849 1295 926 1377; x_wconf 45' lang='grc' dir='ltr'><strong>τὸ.</strong></span> <span class='ocrx_word' id='word_1_151' title='bbox 942 1295 1161 1377; x_wconf 75' lang='grc' dir='ltr'>οἰκεῖον.</span> <span class='ocrx_word' id='word_1_152' title='bbox 1198 1322 1302 1376; x_wconf 85' lang='grc' dir='ltr'><strong>Ἴθι</strong></span> <span class='ocrx_word' id='word_1_153' title='bbox 1324 1322 1388 1394; x_wconf 83' lang='grc' dir='ltr'><strong>δὴ</strong></span> <span class='ocrx_word' id='word_1_154' title='bbox 1420 1317 1513 1375; x_wconf 78' lang='grc' dir='ltr'><strong>οὖν</strong></span> <span class='ocrx_word' id='word_1_155' title='bbox 1543 1295 1620 1385; x_wconf 70' lang='grc' dir='ltr'>ὧς</span> <span class='ocrx_word' id='word_1_156' title='bbox 1651 1320 1712 1385; x_wconf 74' lang='grc' dir='ltr'><strong>ἐξ</strong></span> 
     </span>
    </p>
   </div>
   <div class='ocr_carea' id='block_1_21' title="bbox 1821 1295 3400 1399">
    <p class='ocr_par' dir='ltr' id='par_1_21' title="bbox 1821 1295 3400 1375">
     <span class='ocr_line' id='line_1_21' title="bbox 1821 1295 3400 1375; baseline -0.009 -14"><span class='ocrx_word' id='word_1_157' title='bbox 1821 1322 1933 1361; x_wconf 87' lang='lat' dir='ltr'><strong>sum</strong></span> <span class='ocrx_word' id='word_1_158' title='bbox 1960 1303 2303 1375; x_wconf 90' lang='lat' dir='ltr'><strong>spiritualem</strong></span> <span class='ocrx_word' id='word_1_159' title='bbox 2326 1342 2339 1367; x_wconf 93' lang='lat'><strong>,</strong></span> <span class='ocrx_word' id='word_1_160' title='bbox 2373 1316 2442 1356; x_wconf 88' lang='lat' dir='ltr'><strong>ne</strong></span> <span class='ocrx_word' id='word_1_161' title='bbox 2486 1298 2783 1353; x_wconf 83' lang='lat' dir='ltr'><strong>rationales</strong></span> <span class='ocrx_word' id='word_1_162' title='bbox 2805 1310 2964 1359; x_wconf 86' lang='lat' dir='ltr'><strong>oves,</strong></span> <span class='ocrx_word' id='word_1_163' title='bbox 3012 1295 3400 1364; x_wconf 85' lang='lat' dir='ltr'><strong>magistrorum</strong></span> 
     </span>
    </p>
   </div>
   <div class='ocr_carea' id='block_1_22' title="bbox 155 1388 1734 1489">
    <p class='ocr_par' dir='ltr' id='par_1_22' title="bbox 155 1388 1711 1489">
     <span class='ocr_line' id='line_1_22' title="bbox 155 1388 1711 1489; baseline -0.003 -15"><span class='ocrx_word' id='word_1_164' title='bbox 155 1388 346 1481; x_wconf 75' lang='grc' dir='ltr'>είκὸνος</span> <span class='ocrx_word' id='word_1_165' title='bbox 382 1418 486 1489; x_wconf 66' lang='grc' dir='ltr'><strong>ἤδη</strong></span> <span class='ocrx_word' id='word_1_166' title='bbox 534 1419 685 1481; x_wconf 73' lang='grc' dir='ltr'>πως,</span> <span class='ocrx_word' id='word_1_167' title='bbox 721 1388 814 1471; x_wconf 77' lang='grc' dir='ltr'><strong>ἐπὶ</strong></span> <span class='ocrx_word' id='word_1_168' title='bbox 843 1418 933 1471; x_wconf 77' lang='grc' dir='ltr'><strong>τὸν</strong></span> <span class='ocrx_word' id='word_1_169' title='bbox 974 1415 1344 1487; x_wconf 77' lang='grc' dir='ltr'>πνευματικὸν</span> <span class='ocrx_word' id='word_1_170' title='bbox 1362 1388 1388 1482; x_wconf 35' lang='grc'><strong>,⁷</strong></span> <span class='ocrx_word' id='word_1_171' title='bbox 1420 1414 1489 1468; x_wconf 80' lang='grc' dir='ltr'>τὰ</span> <span class='ocrx_word' id='word_1_172' title='bbox 1518 1413 1711 1482; x_wconf 83' lang='grc' dir='ltr'>λογικὰ</span> 
     </span>
    </p>
   </div>
   <div class='ocr_carea' id='block_1_23' title="bbox 1820 1388 3399 1489">
    <p class='ocr_par' dir='ltr' id='par_1_23' title="bbox 1820 1388 3399 1453">
     <span class='ocr_line' id='line_1_23' title="bbox 1820 1388 3399 1453; baseline -0.008 0"><span class='ocrx_word' id='word_1_173' title='bbox 1820 1399 2029 1453; x_wconf 85' lang='lat' dir='ltr'><strong>diversa</strong></span> <span class='ocrx_word' id='word_1_174' title='bbox 2053 1395 2369 1451; x_wconf 87' lang='lat' dir='ltr'><strong>docentium</strong></span> <span class='ocrx_word' id='word_1_175' title='bbox 2397 1392 2619 1448; x_wconf 71' lang='lat' dir='ltr'><strong>nefaria:</strong></span> <span class='ocrx_word' id='word_1_176' title='bbox 2645 1388 3023 1451; x_wconf 89' lang='lat' dir='ltr'><strong>seminationi,</strong></span> <span class='ocrx_word' id='word_1_177' title='bbox 3050 1388 3399 1441; x_wconf 87' lang='lat' dir='ltr'><strong>intellectua-</strong></span> 
     </span>
    </p>
   </div>
   <div class='ocr_carea' id='block_1_24' title="bbox 154 1480 1733 1583">
    <p class='ocr_par' dir='ltr' id='par_1_24' title="bbox 154 1480 1709 1583">
     <span class='ocr_line' id='line_1_24' title="bbox 154 1480 1709 1583; baseline -0.005 -19"><span class='ocrx_word' id='word_1_178' title='bbox 154 1480 446 1583; x_wconf 74' lang='grc' dir='ltr'>θρέμματα,</span> <span class='ocrx_word' id='word_1_179' title='bbox 473 1480 553 1579; x_wconf 71' lang='grc' dir='ltr'>μὴ</span> <span class='ocrx_word' id='word_1_180' title='bbox 584 1480 700 1573; x_wconf 81' lang='grc' dir='ltr'>τοῖς</span> <span class='ocrx_word' id='word_1_181' title='bbox 729 1507 839 1561; x_wconf 86' lang='grc' dir='ltr'>τῶν</span> <span class='ocrx_word' id='word_1_182' title='bbox 877 1480 1371 1578; x_wconf 65' lang='grc' dir='ltr'>ὲτεροδιδάσκάλων</span> <span class='ocrx_word' id='word_1_183' title='bbox 1402 1480 1709 1573; x_wconf 80' lang='grc' dir='ltr'>ὑπάγεσθαι</span> 
     </span>
    </p>
   </div>
   <div class='ocr_carea' id='block_1_25' title="bbox 1822 1480 3401 1583">
    <p class='ocr_par' dir='ltr' id='par_1_25' title="bbox 1822 1480 3401 1559">
     <span class='ocr_line' id='line_1_25' title="bbox 1822 1480 3401 1559; baseline -0.008 -15"><span class='ocrx_word' id='word_1_184' title='bbox 1822 1490 1851 1544; x_wconf 93' lang='lat' dir='ltr'><strong>li</strong></span> <span class='ocrx_word' id='word_1_185' title='bbox 1875 1530 1890 1554; x_wconf 92' lang='lat'><strong>,</strong></span> <span class='ocrx_word' id='word_1_186' title='bbox 1922 1490 2146 1559; x_wconf 89' lang='lat' dir='ltr'><strong>inquam</strong></span> <span class='ocrx_word' id='word_1_187' title='bbox 2166 1528 2180 1553; x_wconf 92' lang='lat'><strong>,</strong></span> <span class='ocrx_word' id='word_1_188' title='bbox 2207 1494 2264 1542; x_wconf 93' lang='lat' dir='ltr'><strong>et</strong></span> <span class='ocrx_word' id='word_1_189' title='bbox 2286 1485 2465 1556; x_wconf 86' lang='lat' dir='ltr'><strong>qualis</strong></span> <span class='ocrx_word' id='word_1_190' title='bbox 2503 1484 2559 1538; x_wconf 91' lang='lat' dir='ltr'><strong>in</strong></span> <span class='ocrx_word' id='word_1_191' title='bbox 2602 1480 2954 1537; x_wconf 87' lang='lat' dir='ltr'><strong>sermonibus</strong></span> <span class='ocrx_word' id='word_1_192' title='bbox 2990 1489 3153 1548; x_wconf 87' lang='lat' dir='ltr'><strong>atque</strong></span> <span class='ocrx_word' id='word_1_193' title='bbox 3179 1494 3401 1548; x_wconf 89' lang='lat' dir='ltr'><strong>persua-</strong></span> 
     </span>
    </p>
   </div>
   <div class='ocr_carea' id='block_1_26' title="bbox 154 1572 1733 1673">
    <p class='ocr_par' dir='ltr' id='par_1_26' title="bbox 154 1572 1711 1673">
     <span class='ocr_line' id='line_1_26' title="bbox 154 1572 1711 1673; baseline -0.004 -16"><span class='ocrx_word' id='word_1_194' title='bbox 534 1572 765 1664; x_wconf 79' lang='grc' dir='ltr'>ἀνοσίως</span> <span class='ocrx_word' id='word_1_195' title='bbox 794 1572 983 1670; x_wconf 78' lang='grc' dir='ltr'>ὥσπερ</span> <span class='ocrx_word' id='word_1_196' title='bbox 1011 1597 1468 1670; x_wconf 78' lang='grc' dir='ltr'>σπερματισμοῖς,</span> <span class='ocrx_word' id='word_1_197' title='bbox 1501 1572 1711 1667; x_wconf 83' lang='grc' dir='ltr'>νοητοῖς</span> 
     </span>
    </p>
   </div>
   <div class='ocr_carea' id='block_1_27' title="bbox 1822 1572 3401 1673">
    <p class='ocr_par' dir='ltr' id='par_1_27' title="bbox 1822 1572 3401 1644">
     <span class='ocr_line' id='line_1_27' title="bbox 1822 1572 3401 1644; baseline -0.009 -8"><span class='ocrx_word' id='word_1_198' title='bbox 1822 1581 2061 1636; x_wconf 87' lang='lat' dir='ltr'><strong>sionihus</strong></span> <span class='ocrx_word' id='word_1_199' title='bbox 2105 1594 2225 1635; x_wconf 86' lang='lat' dir='ltr'><strong>esse</strong></span> <span class='ocrx_word' id='word_1_200' title='bbox 2278 1576 2600 1641; x_wconf 84' lang='lat' dir='ltr'><strong>consuevit,</strong></span> <span class='ocrx_word' id='word_1_201' title='bbox 2645 1572 2905 1644; x_wconf 88' lang='lat' dir='ltr'><strong>subjungi</strong></span> <span class='ocrx_word' id='word_1_202' title='bbox 2974 1572 3401 1641; x_wconf 78' lang='lat' dir='ltr'><strong>patiamurzest</strong></span> 
     </span>
    </p>
   </div>
   <div class='ocr_carea' id='block_1_28' title="bbox 150 1661 1729 1765">
    <p class='ocr_par' dir='ltr' id='par_1_28' title="bbox 150 1661 1710 1765">
     <span class='ocr_line' id='line_1_28' title="bbox 150 1661 1710 1765; baseline -0.005 -16"><span class='ocrx_word' id='word_1_203' title='bbox 150 1661 390 1765; x_wconf 72' lang='grc' dir='ltr'>δηλονότι,</span> <span class='ocrx_word' id='word_1_204' title='bbox 405 1661 520 1746; x_wconf 45' lang='grc' dir='ltr'>’καὶ</span> <span class='ocrx_word' id='word_1_205' title='bbox 540 1693 661 1755; x_wconf 89' lang='grc' dir='ltr'>ταῖς</span> <span class='ocrx_word' id='word_1_206' title='bbox 690 1661 767 1755; x_wconf 77' lang='grc' dir='ltr'>ὡς</span> <span class='ocrx_word' id='word_1_207' title='bbox 795 1695 853 1746; x_wconf 80' lang='grc' dir='ltr'><strong>ὲν</strong></span> <span class='ocrx_word' id='word_1_208' title='bbox 877 1661 1024 1763; x_wconf 36' lang='grc' dir='ltr'>λύκῳ</span> <span class='ocrx_word' id='word_1_209' title='bbox 1050 1661 1405 1762; x_wconf 60' lang='grc' dir='ltr'>είσῆγήσεσιν</span> <span class='ocrx_word' id='word_1_210' title='bbox 1423 1704 1439 1723; x_wconf 78' lang='grc' dir='ltr'><strong>ο</strong></span> <span class='ocrx_word' id='word_1_211' title='bbox 1456 1661 1710 1759; x_wconf 8' lang='grc' dir='ltr'>ίάκαλλὴς</span> 
     </span>
    </p>
   </div>
   <div class='ocr_carea' id='block_1_29' title="bbox 1822 1661 3401 1765">
    <p class='ocr_par' dir='ltr' id='par_1_29' title="bbox 1822 1661 3401 1742">
     <span class='ocr_line' id='line_1_29' title="bbox 1822 1661 3401 1742; baseline -0.008 -15"><span class='ocrx_word' id='word_1_212' title='bbox 1822 1672 1959 1728; x_wconf 75' lang='lat' dir='ltr'><strong>enim</strong></span> <span class='ocrx_word' id='word_1_213' title='bbox 1991 1672 2150 1742; x_wconf 86' lang='lat' dir='ltr'><strong>plane</strong></span> <span class='ocrx_word' id='word_1_214' title='bbox 2192 1669 2457 1726; x_wconf 83' lang='lat' dir='ltr'><strong>deformis</strong></span> <span class='ocrx_word' id='word_1_215' title='bbox 2497 1666 2681 1723; x_wconf 91' lang='lat' dir='ltr'><strong>editus</strong></span> <span class='ocrx_word' id='word_1_216' title='bbox 2713 1682 2782 1721; x_wconf 81' lang='lat' dir='ltr'><strong>ex</strong></span> <span class='ocrx_word' id='word_1_217' title='bbox 2826 1663 3080 1719; x_wconf 88' lang='lat' dir='ltr'><strong>dissimili</strong></span> <span class='ocrx_word' id='word_1_218' title='bbox 3128 1661 3401 1717; x_wconf 84' lang='lat' dir='ltr'><strong>sententia</strong></span> 
     </span>
    </p>
   </div>
   <div class='ocr_carea' id='block_1_30' title="bbox 151 1758 1730 1859">
    <p class='ocr_par' dir='ltr' id='par_1_30' title="bbox 151 1758 1709 1859">
     <span class='ocr_line' id='line_1_30' title="bbox 151 1758 1709 1859; baseline -0.003 -20"><span class='ocrx_word' id='word_1_219' title='bbox 151 1758 245 1859; x_wconf 63' lang='grc' dir='ltr'>γάρ</span> <span class='ocrx_word' id='word_1_220' title='bbox 269 1785 385 1839; x_wconf 87' lang='grc' dir='ltr'>λίαν</span> <span class='ocrx_word' id='word_1_221' title='bbox 411 1785 439 1838; x_wconf 87' lang='grc' dir='ltr'>ὀ</span> <span class='ocrx_word' id='word_1_222' title='bbox 465 1782 527 1849; x_wconf 77' lang='grc' dir='ltr'><strong>ἐξ</strong></span> <span class='ocrx_word' id='word_1_223' title='bbox 577 1784 835 1855; x_wconf 76' lang='grc' dir='ltr'>ἀνομοίου</span> <span class='ocrx_word' id='word_1_224' title='bbox 866 1758 1079 1855; x_wconf 79' lang='grc' dir='ltr'>καρπὸς</span> <span class='ocrx_word' id='word_1_225' title='bbox 1111 1758 1366 1853; x_wconf 73' lang='grc' dir='ltr'>γνώμης,</span> <span class='ocrx_word' id='word_1_226' title='bbox 1401 1780 1495 1834; x_wconf 77' lang='grc' dir='ltr'>καὶ</span> <span class='ocrx_word' id='word_1_227' title='bbox 1523 1781 1570 1833; x_wconf 79' lang='grc' dir='ltr'>οἱ</span> <span class='ocrx_word' id='word_1_228' title='bbox 1600 1758 1709 1834; x_wconf 78' lang='grc' dir='ltr'>τῶν</span> 
     </span>
    </p>
   </div>
   <div class='ocr_carea' id='block_1_31' title="bbox 1820 1758 3399 1859">
    <p class='ocr_par' dir='ltr' id='par_1_31' title="bbox 1820 1758 3399 1832">
     <span class='ocr_line' id='line_1_31' title="bbox 1820 1758 3399 1832; baseline -0.008 -12"><span class='ocrx_word' id='word_1_229' title='bbox 1820 1767 2028 1822; x_wconf 73' lang='lat' dir='ltr'><strong>fructus</strong></span> <span class='ocrx_word' id='word_1_230' title='bbox 2048 1808 2062 1832; x_wconf 92' lang='lat'><strong>,</strong></span> <span class='ocrx_word' id='word_1_231' title='bbox 2087 1777 2143 1821; x_wconf 91' lang='lat' dir='ltr'><strong>et</strong></span> <span class='ocrx_word' id='word_1_232' title='bbox 2167 1765 2453 1821; x_wconf 89' lang='lat' dir='ltr'><strong>hominum</strong></span> <span class='ocrx_word' id='word_1_233' title='bbox 2484 1763 2540 1817; x_wconf 94' lang='lat' dir='ltr'><strong>in</strong></span> <span class='ocrx_word' id='word_1_234' title='bbox 2565 1761 2671 1817; x_wconf 85' lang='lat' dir='ltr'><strong>ﬁde</strong></span> <span class='ocrx_word' id='word_1_235' title='bbox 2696 1758 3048 1815; x_wconf 91' lang='lat' dir='ltr'><strong>dissimilium</strong></span> <span class='ocrx_word' id='word_1_236' title='bbox 3083 1770 3399 1819; x_wconf 82' lang='lat' dir='ltr'><strong>sermones,</strong></span> 
     </span>
    </p>
   </div>
   <div class='ocr_carea' id='block_1_32' title="bbox 151 1838 1730 1946">
    <p class='ocr_par' dir='ltr' id='par_1_32' title="bbox 151 1838 1709 1946">
     <span class='ocr_line' id='line_1_32' title="bbox 151 1838 1709 1946; baseline -0.005 -16"><span class='ocrx_word' id='word_1_237' title='bbox 260 1838 575 1945; x_wconf 56' lang='grc' dir='ltr'>ὁμοπίστιυν</span> <span class='ocrx_word' id='word_1_238' title='bbox 597 1838 767 1943; x_wconf 49' lang='lat' dir='ltr'><strong>Mylan,</strong></span> <span class='ocrx_word' id='word_1_239' title='bbox 795 1838 1016 1943; x_wconf 67' lang='grc' dir='ltr'>φαύλίον</span> <span class='ocrx_word' id='word_1_240' title='bbox 1045 1838 1375 1942; x_wconf 54' lang='grc' dir='ltr'>ἀν’γένοιντο</span> <span class='ocrx_word' id='word_1_241' title='bbox 1410 1870 1709 1941; x_wconf 81' lang='grc' dir='ltr'><strong>κυημάτων</strong></span> 
     </span>
    </p>
   </div>
   <div class='ocr_carea' id='block_1_33' title="bbox 1818 1838 3397 1946">
    <p class='ocr_par' dir='ltr' id='par_1_33' title="bbox 1818 1846 3397 1926">
     <span class='ocr_line' id='line_1_33' title="bbox 1818 1846 3397 1926; baseline -0.009 -15"><span class='ocrx_word' id='word_1_242' title='bbox 1818 1855 1881 1911; x_wconf 92' lang='lat' dir='ltr'><strong>iis</strong></span> <span class='ocrx_word' id='word_1_243' title='bbox 1918 1856 2013 1926; x_wconf 91' lang='lat' dir='ltr'><strong>qui</strong></span> <span class='ocrx_word' id='word_1_244' title='bbox 2052 1857 2176 1911; x_wconf 89' lang='lat' dir='ltr'><strong>illos</strong></span> <span class='ocrx_word' id='word_1_245' title='bbox 2218 1854 2547 1918; x_wconf 90' lang='lat' dir='ltr'><strong>admittunt,</strong></span> <span class='ocrx_word' id='word_1_246' title='bbox 2586 1865 2786 1922; x_wconf 89' lang='lat' dir='ltr'><strong>pravos</strong></span> <span class='ocrx_word' id='word_1_247' title='bbox 2826 1857 3019 1919; x_wconf 88' lang='lat' dir='ltr'><strong>partus</strong></span> <span class='ocrx_word' id='word_1_248' title='bbox 3058 1846 3397 1901; x_wconf 88' lang='lat' dir='ltr'><strong>conciliant:</strong></span> 
     </span>
    </p>
   </div>
   <div class='ocr_carea' id='block_1_34' title="bbox 151 1936 1730 2038">
    <p class='ocr_par' dir='ltr' id='par_1_34' title="bbox 151 1936 1709 2038">
     <span class='ocr_line' id='line_1_34' title="bbox 151 1936 1709 2038; baseline -0.004 -19"><span class='ocrx_word' id='word_1_249' title='bbox 151 1936 380 2038; x_wconf 62' lang='grc' dir='ltr'>προξενοι</span> <span class='ocrx_word' id='word_1_250' title='bbox 410 1968 528 2028; x_wconf 86' lang='grc' dir='ltr'>τοῖς</span> <span class='ocrx_word' id='word_1_251' title='bbox 565 1936 996 2034; x_wconf 65' lang='grc' dir='ltr'>εἰσέεδεγμένοις</span> <span class='ocrx_word' id='word_1_252' title='bbox 1032 1936 1230 2026; x_wconf 77' lang='grc' dir='ltr'>αὐτούς</span> <span class='ocrx_word' id='word_1_253' title='bbox 1251 1976 1265 1992; x_wconf 86' lang='grc'><strong>·</strong></span> <span class='ocrx_word' id='word_1_254' title='bbox 1296 1936 1628 2032; x_wconf 58' lang='grc' dir='ltr'>ἀμπλῶνας</span> <span class='ocrx_word' id='word_1_255' title='bbox 1653 1958 1709 2013; x_wconf 82' lang='grc' dir='ltr'><strong>δὲ</strong></span> 
     </span>
    </p>
   </div>
   <div class='ocr_carea' id='block_1_35' title="bbox 1824 1936 3403 2038">
    <p class='ocr_par' dir='ltr' id='par_1_35' title="bbox 1824 1936 3403 2016">
     <span class='ocr_line' id='line_1_35' title="bbox 1824 1936 3403 2016; baseline -0.01 -11"><span class='ocrx_word' id='word_1_256' title='bbox 1824 1949 1907 2004; x_wconf 72' lang='lat' dir='ltr'><strong>sed</strong></span> <span class='ocrx_word' id='word_1_257' title='bbox 1941 1964 2065 2003; x_wconf 89' lang='lat' dir='ltr'><strong>cum</strong></span> <span class='ocrx_word' id='word_1_258' title='bbox 2105 1949 2247 2003; x_wconf 82' lang='lat' dir='ltr'><strong>vites</strong></span> <span class='ocrx_word' id='word_1_259' title='bbox 2281 1963 2383 2002; x_wconf 89' lang='lat' dir='ltr'><strong>nos</strong></span> <span class='ocrx_word' id='word_1_260' title='bbox 2420 1944 2525 2016; x_wconf 86' lang='lat' dir='ltr'><strong>ipsi</strong></span> <span class='ocrx_word' id='word_1_261' title='bbox 2575 1943 2778 2007; x_wconf 88' lang='lat' dir='ltr'><strong>simus,</strong></span> <span class='ocrx_word' id='word_1_262' title='bbox 2811 1949 2868 1996; x_wconf 89' lang='lat' dir='ltr'><strong>et</strong></span> <span class='ocrx_word' id='word_1_263' title='bbox 2901 1940 3215 1994; x_wconf 86' lang='lat' dir='ltr'><strong>vinctorum</strong></span> <span class='ocrx_word' id='word_1_264' title='bbox 3254 1936 3403 1990; x_wconf 86' lang='lat' dir='ltr'><strong>vices</strong></span> 
     </span>
    </p>
   </div>
   <div class='ocr_carea' id='block_1_36' title="bbox 151 2026 1730 2130">
    <p class='ocr_par' dir='ltr' id='par_1_36' title="bbox 151 2026 1710 2130">
     <span class='ocr_line' id='line_1_36' title="bbox 151 2026 1710 2130; baseline -0.005 -16"><span class='ocrx_word' id='word_1_265' title='bbox 318 2059 486 2130; x_wconf 76' lang='grc' dir='ltr'>ἡμᾶς,</span> <span class='ocrx_word' id='word_1_266' title='bbox 507 2026 614 2112; x_wconf 64' lang='grc' dir='ltr'><strong>⁷καὶ</strong></span> <span class='ocrx_word' id='word_1_267' title='bbox 636 2059 695 2110; x_wconf 80' lang='grc' dir='ltr'>ὲν</span> <span class='ocrx_word' id='word_1_268' title='bbox 713 2026 959 2128; x_wconf 43' lang='lat' dir='ltr'><strong>opider</strong></span> <span class='ocrx_word' id='word_1_269' title='bbox 983 2054 1135 2121; x_wconf 80' lang='grc' dir='ltr'>τάξει</span> <span class='ocrx_word' id='word_1_270' title='bbox 1162 2026 1471 2125; x_wconf 80' lang='grc' dir='ltr'><strong>κειμένους,</strong></span> <span class='ocrx_word' id='word_1_271' title='bbox 1500 2069 1710 2124; x_wconf 87' lang='grc' dir='ltr'>μονοει-</span> 
     </span>
    </p>
   </div>
   <div class='ocr_carea' id='block_1_37' title="bbox 1821 2026 3400 2130">
    <p class='ocr_par' dir='ltr' id='par_1_37' title="bbox 1821 2026 3400 2104">
     <span class='ocr_line' id='line_1_37' title="bbox 1821 2026 3400 2104; baseline -0.008 -14"><span class='ocrx_word' id='word_1_272' title='bbox 1821 2046 2098 2093; x_wconf 77' lang='lat' dir='ltr'><strong>teneamus</strong></span> <span class='ocrx_word' id='word_1_273' title='bbox 2115 2078 2130 2104; x_wconf 90' lang='lat'><strong>,</strong></span> <span class='ocrx_word' id='word_1_274' title='bbox 2164 2036 2329 2091; x_wconf 92' lang='lat' dir='ltr'><strong>unius</strong></span> <span class='ocrx_word' id='word_1_275' title='bbox 2353 2034 2503 2090; x_wconf 92' lang='lat' dir='ltr'><strong>modi</strong></span> <span class='ocrx_word' id='word_1_276' title='bbox 2547 2031 2789 2103; x_wconf 89' lang='lat' dir='ltr'><strong>quodam</strong></span> <span class='ocrx_word' id='word_1_277' title='bbox 2812 2028 2977 2084; x_wconf 87' lang='lat' dir='ltr'><strong>modo</strong></span> <span class='ocrx_word' id='word_1_278' title='bbox 3006 2027 3189 2082; x_wconf 76' lang='lat' dir='ltr'><strong>fructu</strong></span> <span class='ocrx_word' id='word_1_279' title='bbox 3215 2026 3400 2080; x_wconf 89' lang='lat' dir='ltr'><strong>ornari</strong></span> 
     </span>
    </p>
   </div>
   <div class='ocr_carea' id='block_1_38' title="bbox 151 2116 1730 2221">
    <p class='ocr_par' dir='ltr' id='par_1_38' title="bbox 151 2116 1711 2221">
     <span class='ocr_line' id='line_1_38' title="bbox 151 2116 1711 2221; baseline -0.004 -16"><span class='ocrx_word' id='word_1_280' title='bbox 151 2152 222 2206; x_wconf 79' lang='grc' dir='ltr'><strong>δεῖ</strong></span> <span class='ocrx_word' id='word_1_281' title='bbox 251 2116 597 2221; x_wconf 21' lang='grc' dir='ltr'>ττρόΙπονντινά</span> <span class='ocrx_word' id='word_1_282' title='bbox 623 2116 893 2220; x_wconf 52' lang='grc' dir='ltr'>προσήκει</span> <span class='ocrx_word' id='word_1_283' title='bbox 931 2116 1329 2215; x_wconf 77' lang='grc' dir='ltr'>στεφανοῦσθαι</span> <span class='ocrx_word' id='word_1_284' title='bbox 1358 2116 1579 2215; x_wconf 75' lang='grc' dir='ltr'>καρπῷ,</span> <span class='ocrx_word' id='word_1_285' title='bbox 1615 2145 1711 2199; x_wconf 75' lang='grc' dir='ltr'>καὶ</span> 
     </span>
    </p>
   </div>
   <div class='ocr_carea' id='block_1_39' title="bbox 1821 2116 3400 2221">
    <p class='ocr_par' dir='ltr' id='par_1_39' title="bbox 1821 2116 3400 2193">
     <span class='ocr_line' id='line_1_39' title="bbox 1821 2116 3400 2193; baseline -0.009 -10"><span class='ocrx_word' id='word_1_286' title='bbox 1821 2128 2110 2193; x_wconf 80' lang='lat' dir='ltr'><strong>convenit,</strong></span> <span class='ocrx_word' id='word_1_287' title='bbox 2159 2136 2216 2182; x_wconf 92' lang='lat' dir='ltr'><strong>et</strong></span> <span class='ocrx_word' id='word_1_288' title='bbox 2262 2126 2527 2181; x_wconf 79' lang='lat' dir='ltr'><strong>biformes</strong></span> <span class='ocrx_word' id='word_1_289' title='bbox 2580 2136 2763 2177; x_wconf 90' lang='lat' dir='ltr'><strong>mores</strong></span> <span class='ocrx_word' id='word_1_290' title='bbox 2807 2119 3016 2183; x_wconf 89' lang='lat' dir='ltr'><strong>vitare;</strong></span> <span class='ocrx_word' id='word_1_291' title='bbox 3070 2117 3210 2172; x_wconf 84' lang='lat' dir='ltr'><strong>nihil</strong></span> <span class='ocrx_word' id='word_1_292' title='bbox 3252 2116 3400 2170; x_wconf 89' lang='lat' dir='ltr'><strong>enim</strong></span> 
     </span>
    </p>
   </div>
   <div class='ocr_carea' id='block_1_40' title="bbox 150 2209 1729 2311">
    <p class='ocr_par' dir='ltr' id='par_1_40' title="bbox 150 2209 1710 2311">
     <span class='ocr_line' id='line_1_40' title="bbox 150 2209 1710 2311; baseline -0.005 -16"><span class='ocrx_word' id='word_1_293' title='bbox 150 2242 229 2295; x_wconf 76' lang='grc' dir='ltr'>τὸν</span> <span class='ocrx_word' id='word_1_294' title='bbox 247 2209 404 2310; x_wconf 69' lang='grc' dir='ltr'>δίφυᾶ</span> <span class='ocrx_word' id='word_1_295' title='bbox 430 2209 823 2311; x_wconf 64' lang='grc' dir='ltr'>παραιτείσθαι</span> <span class='ocrx_word' id='word_1_296' title='bbox 848 2209 1068 2308; x_wconf 79' lang='grc' dir='ltr'>τρόπον.</span> <span class='ocrx_word' id='word_1_297' title='bbox 1091 2236 1265 2304; x_wconf 81' lang='grc' dir='ltr'><strong>Λόγος</strong></span> <span class='ocrx_word' id='word_1_298' title='bbox 1289 2234 1399 2307; x_wconf 83' lang='grc' dir='ltr'>γὰρ</span> <span class='ocrx_word' id='word_1_299' title='bbox 1423 2209 1600 2300; x_wconf 77' lang='grc' dir='ltr'>οὐδεὶς</span> <span class='ocrx_word' id='word_1_300' title='bbox 1631 2235 1710 2299; x_wconf 89' lang='grc' dir='ltr'><strong>είς</strong></span> 
     </span>
    </p>
   </div>
   <div class='ocr_carea' id='block_1_41' title="bbox 1821 2209 3400 2311">
    <p class='ocr_par' dir='ltr' id='par_1_41' title="bbox 1821 2209 3400 2289">
     <span class='ocr_line' id='line_1_41' title="bbox 1821 2209 3400 2289; baseline -0.01 -12"><span class='ocrx_word' id='word_1_301' title='bbox 1821 2221 1997 2277; x_wconf 87' lang='lat' dir='ltr'><strong>Lritico</strong></span> <span class='ocrx_word' id='word_1_302' title='bbox 2029 2229 2087 2275; x_wconf 92' lang='lat' dir='ltr'><strong>et</strong></span> <span class='ocrx_word' id='word_1_303' title='bbox 2129 2220 2288 2284; x_wconf 91' lang='lat' dir='ltr'><strong>uvis,</strong></span> <span class='ocrx_word' id='word_1_304' title='bbox 2318 2218 2466 2289; x_wconf 89' lang='lat' dir='ltr'><strong>quod</strong></span> <span class='ocrx_word' id='word_1_305' title='bbox 2510 2215 2579 2271; x_wconf 90' lang='lat' dir='ltr'><strong>ad</strong></span> <span class='ocrx_word' id='word_1_306' title='bbox 2625 2213 2937 2269; x_wconf 90' lang='lat' dir='ltr'><strong>naturalem</strong></span> <span class='ocrx_word' id='word_1_307' title='bbox 2982 2209 3400 2265; x_wconf 88' lang='lat' dir='ltr'><strong>similitudinem</strong></span> 
     </span>
    </p>
   </div>
   <div class='ocr_carea' id='block_1_42' title="bbox 150 2302 1729 2403">
    <p class='ocr_par' dir='ltr' id='par_1_42' title="bbox 150 2302 1709 2403">
     <span class='ocr_line' id='line_1_42' title="bbox 150 2302 1709 2403; baseline -0.004 -17"><span class='ocrx_word' id='word_1_308' title='bbox 150 2302 418 2403; x_wconf 62' lang='grc' dir='ltr'>ὁμοιότητα</span> <span class='ocrx_word' id='word_1_309' title='bbox 448 2302 712 2401; x_wconf 65' lang='grc' dir='ltr'>φυσικὴν,</span> <span class='ocrx_word' id='word_1_310' title='bbox 756 2302 899 2400; x_wconf 39' lang='grc' dir='ltr'>σίτῳ.</span> <span class='ocrx_word' id='word_1_311' title='bbox 923 2328 1018 2382; x_wconf 75' lang='grc' dir='ltr'>καὶ</span> <span class='ocrx_word' id='word_1_312' title='bbox 1061 2302 1336 2400; x_wconf 83' lang='grc' dir='ltr'>βότρυσιν.</span> <span class='ocrx_word' id='word_1_313' title='bbox 1369 2302 1709 2400; x_wconf 61' lang='grc' dir='ltr'><strong>⁷Ἀλλοτρίων</strong></span> 
     </span>
    </p>
   </div>
   <div class='ocr_carea' id='block_1_43' title="bbox 1825 2302 3404 2403">
    <p class='ocr_par' dir='ltr' id='par_1_43' title="bbox 1825 2302 3404 2385">
     <span class='ocr_line' id='line_1_43' title="bbox 1825 2302 3404 2385; baseline -0.009 -15"><span class='ocrx_word' id='word_1_314' title='bbox 1825 2315 2114 2385; x_wconf 66' lang='lat' dir='ltr'><strong>pertineat,</strong></span> <span class='ocrx_word' id='word_1_315' title='bbox 2140 2326 2432 2367; x_wconf 90' lang='lat' dir='ltr'><strong>commune</strong></span> <span class='ocrx_word' id='word_1_316' title='bbox 2476 2318 2583 2365; x_wconf 86' lang='lat' dir='ltr'><strong>est.</strong></span> <span class='ocrx_word' id='word_1_317' title='bbox 2608 2307 2805 2363; x_wconf 85' lang='lat' dir='ltr'><strong>Nullus</strong></span> <span class='ocrx_word' id='word_1_318' title='bbox 2851 2304 3018 2375; x_wconf 85' lang='lat' dir='ltr'><strong>igitur</strong></span> <span class='ocrx_word' id='word_1_319' title='bbox 3043 2304 3101 2358; x_wconf 89' lang='lat' dir='ltr'><strong>in</strong></span> <span class='ocrx_word' id='word_1_320' title='bbox 3145 2302 3307 2358; x_wconf 89' lang='lat' dir='ltr'><strong>nobis</strong></span> <span class='ocrx_word' id='word_1_321' title='bbox 3329 2302 3404 2358; x_wconf 90' lang='lat' dir='ltr'><strong>sit</strong></span> 
     </span>
    </p>
   </div>
   <div class='ocr_carea' id='block_1_44' title="bbox 154 2405 1733 2492">
    <p class='ocr_par' dir='ltr' id='par_1_44' title="bbox 154 2417 1464 2492">
     <span class='ocr_line' id='line_1_44' title="bbox 154 2417 1464 2492; baseline -0.002 -17"><span class='ocrx_word' id='word_1_322' title='bbox 154 2423 210 2492; x_wconf 79' lang='grc' dir='ltr'><strong>δὴ</strong></span> <span class='ocrx_word' id='word_1_323' title='bbox 247 2418 336 2475; x_wconf 82' lang='grc' dir='ltr'>οὗν</span> <span class='ocrx_word' id='word_1_324' title='bbox 366 2422 712 2491; x_wconf 84' lang='grc' dir='ltr'>σπερμάτων-</span> <span class='ocrx_word' id='word_1_325' title='bbox 728 2419 914 2491; x_wconf 73' lang='grc' dir='ltr'>μηδεὶς</span> <span class='ocrx_word' id='word_1_326' title='bbox 936 2418 1095 2492; x_wconf 76' lang='grc' dir='ltr'>ἡμῶν</span> <span class='ocrx_word' id='word_1_327' title='bbox 1121 2417 1261 2473; x_wconf 72' lang='grc' dir='ltr'>ἔστω</span> <span class='ocrx_word' id='word_1_328' title='bbox 1279 2418 1464 2483; x_wconf 85' lang='grc' dir='ltr'>τόπος.</span> 
     </span>
    </p>
   </div>
   <div class='ocr_carea' id='block_1_45' title="bbox 976 2405 2555 2492">
    <p class='ocr_par' dir='ltr' id='par_1_45' title="bbox 980 2405 2555 2491">
     <span class='ocr_line' id='line_1_45' title="bbox 980 2405 2555 2491; baseline -0.01 -18"><span class='ocrx_word' id='word_1_329' title='bbox 980 2418 1095 2491; x_wconf 84' lang='grc' dir='ltr'>μῶν</span> <span class='ocrx_word' id='word_1_330' title='bbox 1121 2417 1261 2473; x_wconf 78' lang='grc' dir='ltr'>ἐστω</span> <span class='ocrx_word' id='word_1_331' title='bbox 1279 2418 1464 2483; x_wconf 85' lang='grc' dir='ltr'>τόπος.</span> <span class='ocrx_word' id='word_1_332' title='bbox 1809 2407 2006 2463; x_wconf 88' lang='lat' dir='ltr'><strong>alienis</strong></span> <span class='ocrx_word' id='word_1_333' title='bbox 2042 2406 2349 2462; x_wconf 89' lang='lat' dir='ltr'><strong>seminibus</strong></span> <span class='ocrx_word' id='word_1_334' title='bbox 2381 2405 2555 2459; x_wconf 86' lang='lat' dir='ltr'><strong>locus.</strong></span> 
     </span>
    </p>
   </div>
   <div class='ocr_carea' id='block_1_46' title="bbox 212 2496 1791 2581">
    <p class='ocr_par' dir='ltr' id='par_1_46' title="bbox 212 2508 749 2581">
     <span class='ocr_line' id='line_1_46' title="bbox 212 2508 749 2581; baseline 0 -15"><span class='ocrx_word' id='word_1_335' title='bbox 212 2512 403 2566; x_wconf 78' lang='lat' dir='ltr'><strong>ﬂAAA.</strong></span> <span class='ocrx_word' id='word_1_336' title='bbox 442 2508 521 2566; x_wconf 78' lang='grc' dir='ltr'><strong>Εὖ</strong></span> <span class='ocrx_word' id='word_1_337' title='bbox 547 2512 749 2581; x_wconf 80' lang='grc' dir='ltr'>λέγεις.</span> 
     </span>
    </p>
   </div>
   <div class='ocr_carea' id='block_1_47' title="bbox 888 2496 2467 2581">
    <p class='ocr_par' dir='ltr' id='par_1_47' title="bbox 1880 2496 2467 2553">
     <span class='ocr_line' id='line_1_47' title="bbox 1880 2496 2467 2553; baseline -0.007 0"><span class='ocrx_word' id='word_1_338' title='bbox 1880 2497 2080 2553; x_wconf 84' lang='lat' dir='ltr'><strong>PALL.</strong></span> <span class='ocrx_word' id='word_1_339' title='bbox 2110 2498 2280 2552; x_wconf 86' lang='lat' dir='ltr'><strong>Recte</strong></span> <span class='ocrx_word' id='word_1_340' title='bbox 2305 2496 2467 2551; x_wconf 91' lang='lat' dir='ltr'><strong>dicis.</strong></span> 
     </span>
    </p>
   </div>
   <div class='ocr_carea' id='block_1_48' title="bbox 211 2582 1790 2675">
    <p class='ocr_par' dir='ltr' id='par_1_48' title="bbox 211 2600 1710 2675">
     <span class='ocr_line' id='line_1_48' title="bbox 211 2600 1710 2675; baseline -0.002 -17"><span class='ocrx_word' id='word_1_341' title='bbox 211 2605 363 2659; x_wconf 78' lang='grc' dir='ltr'><strong>ΚΥΡ.</strong></span> <span class='ocrx_word' id='word_1_342' title='bbox 391 2604 504 2657; x_wconf 75' lang='grc' dir='ltr'><strong>Καὶ</strong></span> <span class='ocrx_word' id='word_1_343' title='bbox 534 2604 658 2657; x_wconf 86' lang='grc' dir='ltr'>καθ’</span> <span class='ocrx_word' id='word_1_344' title='bbox 691 2603 881 2675; x_wconf 72' lang='grc' dir='ltr'>ἕτερον</span> <span class='ocrx_word' id='word_1_345' title='bbox 906 2602 965 2657; x_wconf 78' lang='grc' dir='ltr'><strong>δὲ</strong></span> <span class='ocrx_word' id='word_1_346' title='bbox 990 2604 1192 2675; x_wconf 80' lang='grc' dir='ltr'>τρόπον</span> <span class='ocrx_word' id='word_1_347' title='bbox 1224 2602 1300 2674; x_wconf 86' lang='grc' dir='ltr'><strong>(Ι)</strong></span> <span class='ocrx_word' id='word_1_348' title='bbox 1337 2602 1589 2673; x_wconf 79' lang='grc' dir='ltr'>ἀσυναφῆ</span> <span class='ocrx_word' id='word_1_349' title='bbox 1615 2600 1710 2657; x_wconf 78' lang='grc' dir='ltr'><strong>καὶ</strong></span> 
     </span>
    </p>
   </div>
   <div class='ocr_carea' id='block_1_49' title="bbox 1820 2582 3399 2675">
    <p class='ocr_par' dir='ltr' id='par_1_49' title="bbox 1880 2582 3399 2659">
     <span class='ocr_line' id='line_1_49' title="bbox 1880 2582 3399 2659; baseline -0.008 -13"><span class='ocrx_word' id='word_1_350' title='bbox 1880 2591 2037 2646; x_wconf 78' lang='lat' dir='ltr'><strong>CYR.</strong></span> <span class='ocrx_word' id='word_1_351' title='bbox 2063 2590 2185 2644; x_wconf 84' lang='lat' dir='ltr'><strong>Alia</strong></span> <span class='ocrx_word' id='word_1_352' title='bbox 2210 2603 2429 2659; x_wconf 89' lang='lat' dir='ltr'><strong>quoque</strong></span> <span class='ocrx_word' id='word_1_353' title='bbox 2455 2586 2672 2641; x_wconf 88' lang='lat' dir='ltr'><strong>ratione</strong></span> <span class='ocrx_word' id='word_1_354' title='bbox 2694 2601 2809 2641; x_wconf 89' lang='lat' dir='ltr'><strong>non</strong></span> <span class='ocrx_word' id='word_1_355' title='bbox 2834 2587 3115 2642; x_wconf 67' lang='lat' dir='ltr'><strong>cohaerere</strong></span> <span class='ocrx_word' id='word_1_356' title='bbox 3140 2582 3285 2636; x_wconf 87' lang='lat' dir='ltr'><strong>inter</strong></span> <span class='ocrx_word' id='word_1_357' title='bbox 3306 2595 3365 2636; x_wconf 88' lang='lat' dir='ltr'><strong>se</strong></span> <span class='ocrx_word' id='word_1_358' title='bbox 3384 2620 3399 2646; x_wconf 92' lang='lat'><strong>,</strong></span> 
     </span>
    </p>
   </div>
   <div class='ocr_carea' id='block_1_50' title="bbox 152 2672 1731 2769">
    <p class='ocr_par' dir='ltr' id='par_1_50' title="bbox 152 2672 1711 2769">
     <span class='ocr_line' id='line_1_50' title="bbox 152 2672 1711 2769; baseline -0.005 -16"><span class='ocrx_word' id='word_1_359' title='bbox 152 2698 416 2769; x_wconf 73' lang='grc' dir='ltr'>ἀσύμϐατα</span> <span class='ocrx_word' id='word_1_360' title='bbox 442 2738 457 2762; x_wconf 90' lang='grc'>,</span> <span class='ocrx_word' id='word_1_361' title='bbox 491 2696 594 2751; x_wconf 84' lang='grc' dir='ltr'>καὶ</span> <span class='ocrx_word' id='word_1_362' title='bbox 616 2696 719 2767; x_wconf 77' lang='grc' dir='ltr'>τῆς</span> <span class='ocrx_word' id='word_1_363' title='bbox 750 2672 887 2767; x_wconf 79' lang='grc' dir='ltr'>πρὸς</span> <span class='ocrx_word' id='word_1_364' title='bbox 920 2672 1127 2769; x_wconf 60' lang='grc' dir='ltr'>ἀλλήλα</span> <span class='ocrx_word' id='word_1_365' title='bbox 1185 2672 1477 2759; x_wconf 77' lang='grc' dir='ltr'><strong>κοινωνίας</strong></span> <span class='ocrx_word' id='word_1_366' title='bbox 1512 2672 1711 2763; x_wconf 78' lang='grc' dir='ltr'>διεσχι-</span> 
     </span>
    </p>
   </div>
   <div class='ocr_carea' id='block_1_51' title="bbox 1826 2672 3405 2769">
    <p class='ocr_par' dir='ltr' id='par_1_51' title="bbox 1826 2672 3405 2753">
     <span class='ocr_line' id='line_1_51' title="bbox 1826 2672 3405 2753; baseline -0.007 -15"><span class='ocrx_word' id='word_1_367' title='bbox 1826 2698 1991 2753; x_wconf 72' lang='lat' dir='ltr'><strong>aeque</strong></span> <span class='ocrx_word' id='word_1_368' title='bbox 2014 2681 2313 2738; x_wconf 87' lang='lat' dir='ltr'><strong>convenire</strong></span> <span class='ocrx_word' id='word_1_369' title='bbox 2357 2692 2547 2749; x_wconf 88' lang='lat' dir='ltr'><strong>posse,</strong></span> <span class='ocrx_word' id='word_1_370' title='bbox 2597 2692 2720 2747; x_wconf 71' lang='lat' dir='ltr'><strong>qua:</strong></span> <span class='ocrx_word' id='word_1_371' title='bbox 2770 2676 3009 2731; x_wconf 89' lang='lat' dir='ltr'><strong>diversis</strong></span> <span class='ocrx_word' id='word_1_372' title='bbox 3044 2673 3271 2745; x_wconf 72' lang='lat' dir='ltr'><strong>przedita</strong></span> <span class='ocrx_word' id='word_1_373' title='bbox 3293 2672 3405 2727; x_wconf 87' lang='lat' dir='ltr'><strong>sint</strong></span> 
     </span>
    </p>
   </div>
   <div class='ocr_carea' id='block_1_52' title="bbox 154 2760 1733 2861">
    <p class='ocr_par' dir='ltr' id='par_1_52' title="bbox 154 2760 1713 2861">
     <span class='ocr_line' id='line_1_52' title="bbox 154 2760 1713 2861; baseline -0.004 -17"><span class='ocrx_word' id='word_1_374' title='bbox 154 2760 308 2861; x_wconf 78' lang='grc' dir='ltr'>σμένα</span> <span class='ocrx_word' id='word_1_375' title='bbox 343 2790 409 2843; x_wconf 82' lang='grc' dir='ltr'>τὰ</span> <span class='ocrx_word' id='word_1_376' title='bbox 429 2760 897 2861; x_wconf 59' lang='grc' dir='ltr'>ἕτεροτροποῦντα</span> <span class='ocrx_word' id='word_1_377' title='bbox 930 2760 1183 2853; x_wconf 75' lang='grc' dir='ltr'>δεικνύει,</span> <span class='ocrx_word' id='word_1_378' title='bbox 1213 2786 1482 2859; x_wconf 72' lang='grc' dir='ltr'>παραθεὶς</span> <span class='ocrx_word' id='word_1_379' title='bbox 1517 2760 1713 2849; x_wconf 89' lang='grc' dir='ltr'><strong>είς</strong></span> 
     </span>
    </p>
   </div>
   <div class='ocr_carea' id='block_1_53' title="bbox 1823 2760 3402 2861">
    <p class='ocr_par' dir='ltr' id='par_1_53' title="bbox 1823 2760 3402 2839">
     <span class='ocr_line' id='line_1_53' title="bbox 1823 2760 3402 2839; baseline -0.005 -10"><span class='ocrx_word' id='word_1_380' title='bbox 1823 2774 2091 2839; x_wconf 89' lang='lat' dir='ltr'><strong>moribus,</strong></span> <span class='ocrx_word' id='word_1_381' title='bbox 2130 2782 2187 2829; x_wconf 91' lang='lat' dir='ltr'><strong>et</strong></span> <span class='ocrx_word' id='word_1_382' title='bbox 2207 2760 2406 2826; x_wconf 90' lang='lat' dir='ltr'><strong>mutua</strong></span> <span class='ocrx_word' id='word_1_383' title='bbox 2431 2769 2576 2824; x_wconf 84' lang='lat' dir='ltr'><strong>inter</strong></span> <span class='ocrx_word' id='word_1_384' title='bbox 2603 2784 2663 2824; x_wconf 89' lang='lat' dir='ltr'><strong>se</strong></span> <span class='ocrx_word' id='word_1_385' title='bbox 2690 2768 3076 2824; x_wconf 89' lang='lat' dir='ltr'><strong>communione</strong></span> <span class='ocrx_word' id='word_1_386' title='bbox 3108 2767 3402 2838; x_wconf 74' lang='lat' dir='ltr'><strong>disiuncta,</strong></span> 
     </span>
    </p>
   </div>
   <div class='ocr_carea' id='block_1_54' title="bbox 154 2856 1733 2954">
    <p class='ocr_par' dir='ltr' id='par_1_54' title="bbox 154 2856 1712 2954">
     <span class='ocr_line' id='line_1_54' title="bbox 154 2856 1712 2954; baseline -0.004 -18"><span class='ocrx_word' id='word_1_387' title='bbox 154 2856 240 2936; x_wconf 74' lang='grc' dir='ltr'><strong>πον</strong></span> <span class='ocrx_word' id='word_1_388' title='bbox 267 2882 361 2953; x_wconf 80' lang='grc' dir='ltr'><strong>τὴν</strong></span> <span class='ocrx_word' id='word_1_389' title='bbox 398 2856 792 2954; x_wconf 77' lang='grc' dir='ltr'>ἐκτοπωτάτην</span> <span class='ocrx_word' id='word_1_390' title='bbox 832 2882 928 2937; x_wconf 76' lang='grc' dir='ltr'>καὶ</span> <span class='ocrx_word' id='word_1_391' title='bbox 958 2881 1250 2936; x_wconf 86' lang='grc' dir='ltr'>ἀλλόκοτον</span> <span class='ocrx_word' id='word_1_392' title='bbox 1284 2856 1484 2950; x_wconf 78' lang='grc' dir='ltr'>κομιδῇ</span> <span class='ocrx_word' id='word_1_393' title='bbox 1511 2876 1607 2931; x_wconf 81' lang='grc' dir='ltr'><strong>τοῦ</strong></span> <span class='ocrx_word' id='word_1_394' title='bbox 1632 2877 1712 2930; x_wconf 87' lang='grc' dir='ltr'>λο-</span> 
     </span>
    </p>
   </div>
   <div class='ocr_carea' id='block_1_55' title="bbox 1824 2856 3403 2954">
    <p class='ocr_par' dir='ltr' id='par_1_55' title="bbox 1824 2856 3403 2931">
     <span class='ocr_line' id='line_1_55' title="bbox 1824 2856 3403 2931; baseline -0.005 -13"><span class='ocrx_word' id='word_1_395' title='bbox 1824 2864 2183 2926; x_wconf 78' lang='lat' dir='ltr'><strong>demonstrat,</strong></span> <span class='ocrx_word' id='word_1_396' title='bbox 2226 2862 2294 2916; x_wconf 91' lang='lat' dir='ltr'><strong>ad</strong></span> <span class='ocrx_word' id='word_1_397' title='bbox 2340 2862 2461 2931; x_wconf 87' lang='lat' dir='ltr'><strong>ejus</strong></span> <span class='ocrx_word' id='word_1_398' title='bbox 2500 2860 2581 2916; x_wconf 89' lang='lat' dir='ltr'><strong>rei</strong></span> <span class='ocrx_word' id='word_1_399' title='bbox 2616 2858 2848 2930; x_wconf 89' lang='lat' dir='ltr'><strong>ﬁguram</strong></span> <span class='ocrx_word' id='word_1_400' title='bbox 2885 2872 3201 2929; x_wconf 90' lang='lat' dir='ltr'><strong>proponens</strong></span> <span class='ocrx_word' id='word_1_401' title='bbox 3248 2856 3403 2911; x_wconf 87' lang='lat' dir='ltr'><strong>illum</strong></span> 
     </span>
    </p>
   </div>
   <div class='ocr_carea' id='block_1_56' title="bbox 152 2948 1731 3046">
    <p class='ocr_par' dir='ltr' id='par_1_56' title="bbox 152 2948 1714 3046">
     <span class='ocr_line' id='line_1_56' title="bbox 152 2948 1714 3046; baseline -0.003 -18"><span class='ocrx_word' id='word_1_402' title='bbox 152 2975 290 3043; x_wconf 79' lang='grc' dir='ltr'><strong>γικοῦ</strong></span> <span class='ocrx_word' id='word_1_403' title='bbox 316 2948 451 3041; x_wconf 64' lang='grc' dir='ltr'>ξώου</span> <span class='ocrx_word' id='word_1_404' title='bbox 481 2973 728 3039; x_wconf 86' lang='grc' dir='ltr'><strong>σύνοδον,</strong></span> <span class='ocrx_word' id='word_1_405' title='bbox 744 2948 900 3045; x_wconf 40' lang='grc' dir='ltr'>’πρὸς</span> <span class='ocrx_word' id='word_1_406' title='bbox 935 2974 999 3028; x_wconf 80' lang='grc' dir='ltr'><strong>τὸ</strong></span> <span class='ocrx_word' id='word_1_407' title='bbox 1021 2974 1097 3046; x_wconf 82' lang='grc' dir='ltr'>μὴ</span> <span class='ocrx_word' id='word_1_408' title='bbox 1122 2948 1383 3038; x_wconf 79' lang='grc' dir='ltr'>τοιοῦτον,</span> <span class='ocrx_word' id='word_1_409' title='bbox 1416 2948 1714 3041; x_wconf 77' lang='grc' dir='ltr'>ἑτεροειδὲς</span> 
     </span>
    </p>
   </div>
   <div class='ocr_carea' id='block_1_57' title="bbox 1827 2948 3406 3046">
    <p class='ocr_par' dir='ltr' id='par_1_57' title="bbox 1827 2948 3406 3022">
     <span class='ocr_line' id='line_1_57' title="bbox 1827 2948 3406 3022; baseline -0.005 -13"><span class='ocrx_word' id='word_1_410' title='bbox 1827 2955 2216 3010; x_wconf 78' lang='lat' dir='ltr'><strong>alienissimum</strong></span> <span class='ocrx_word' id='word_1_411' title='bbox 2251 2993 2266 3018; x_wconf 97' lang='lat'><strong>,</strong></span> <span class='ocrx_word' id='word_1_412' title='bbox 2326 2961 2383 3007; x_wconf 90' lang='lat' dir='ltr'><strong>et</strong></span> <span class='ocrx_word' id='word_1_413' title='bbox 2446 2952 2607 3022; x_wconf 83' lang='lat' dir='ltr'><strong>plane</strong></span> <span class='ocrx_word' id='word_1_414' title='bbox 2671 2958 3051 3021; x_wconf 89' lang='lat' dir='ltr'><strong>portentosum</strong></span> <span class='ocrx_word' id='word_1_415' title='bbox 3121 2948 3406 3003; x_wconf 88' lang='lat' dir='ltr'><strong>rationalis</strong></span> 
     </span>
    </p>
   </div>
   <div class='ocr_carea' id='block_1_58' title="bbox 151 3040 1730 3137">
    <p class='ocr_par' dir='ltr' id='par_1_58' title="bbox 151 3040 1710 3137">
     <span class='ocr_line' id='line_1_58' title="bbox 151 3040 1710 3137; baseline 0 -19"><span class='ocrx_word' id='word_1_416' title='bbox 151 3040 201 3118; x_wconf 64' lang='grc' dir='ltr'>δὲ</span> <span class='ocrx_word' id='word_1_417' title='bbox 228 3066 315 3120; x_wconf 79' lang='grc' dir='ltr'>καὶ</span> <span class='ocrx_word' id='word_1_418' title='bbox 340 3064 597 3135; x_wconf 77' lang='grc' dir='ltr'>ἔκφυλον.</span> <span class='ocrx_word' id='word_1_419' title='bbox 629 3065 741 3120; x_wconf 77' lang='grc' dir='ltr'><strong>Καὶ</strong></span> <span class='ocrx_word' id='word_1_420' title='bbox 768 3040 834 3137; x_wconf 68' lang='grc' dir='ltr'>δ-ί)</span> <span class='ocrx_word' id='word_1_421' title='bbox 854 3064 946 3119; x_wconf 91' lang='grc' dir='ltr'><strong>καί</strong></span> <span class='ocrx_word' id='word_1_422' title='bbox 971 3040 1136 3135; x_wconf 59' lang='grc' dir='ltr'>φήσιν</span> <span class='ocrx_word' id='word_1_423' title='bbox 1160 3066 1218 3117; x_wconf 82' lang='grc' dir='ltr'><strong>ὲν</strong></span> <span class='ocrx_word' id='word_1_424' title='bbox 1255 3062 1353 3133; x_wconf 80' lang='grc' dir='ltr'>μὲν</span> <span class='ocrx_word' id='word_1_425' title='bbox 1381 3063 1448 3133; x_wconf 80' lang='grc' dir='ltr'><strong>τῇ</strong></span> <span class='ocrx_word' id='word_1_426' title='bbox 1490 3040 1710 3130; x_wconf 82' lang='grc' dir='ltr'><strong>Ἐξόδῳ·</strong></span> 
     </span>
    </p>
   </div>
   <div class='ocr_carea' id='block_1_59' title="bbox 1827 3040 3406 3137">
    <p class='ocr_par' dir='ltr' id='par_1_59' title="bbox 1827 3040 3406 3113">
     <span class='ocr_line' id='line_1_59' title="bbox 1827 3040 3406 3113; baseline -0.006 -11"><span class='ocrx_word' id='word_1_427' title='bbox 1827 3046 2110 3102; x_wconf 66' lang='lat' dir='ltr'><strong>animantis</strong></span> <span class='ocrx_word' id='word_1_428' title='bbox 2145 3060 2268 3099; x_wconf 89' lang='lat' dir='ltr'><strong>cum</strong></span> <span class='ocrx_word' id='word_1_429' title='bbox 2314 3058 2382 3097; x_wconf 87' lang='lat' dir='ltr'><strong>eo</strong></span> <span class='ocrx_word' id='word_1_430' title='bbox 2428 3057 2816 3113; x_wconf 79' lang='lat' dir='ltr'><strong>congressum,</strong></span> <span class='ocrx_word' id='word_1_431' title='bbox 2844 3040 2991 3111; x_wconf 90' lang='lat' dir='ltr'><strong>quod</strong></span> <span class='ocrx_word' id='word_1_432' title='bbox 3035 3041 3156 3112; x_wconf 87' lang='lat' dir='ltr'><strong>ejus</strong></span> <span class='ocrx_word' id='word_1_433' title='bbox 3193 3048 3406 3094; x_wconf 68' lang='lat' dir='ltr'><strong>naturae</strong></span> 
     </span>
    </p>
   </div>
   <div class='ocr_carea' id='block_1_60' title="bbox 157 3130 1736 3235">
    <p class='ocr_par' dir='ltr' id='par_1_60' title="bbox 157 3130 1713 3228">
     <span class='ocr_line' id='line_1_60' title="bbox 157 3130 1713 3228; baseline -0.004 -20"><span class='ocrx_word' id='word_1_434' title='bbox 157 3159 273 3221; x_wconf 75' lang='grc' dir='ltr'><strong>«Ὃς</strong></span> <span class='ocrx_word' id='word_1_435' title='bbox 300 3157 361 3211; x_wconf 82' lang='grc' dir='ltr'>ἂν</span> <span class='ocrx_word' id='word_1_436' title='bbox 392 3130 635 3228; x_wconf 65' lang='grc' dir='ltr'>κοιμηθῇ</span> <span class='ocrx_word' id='word_1_437' title='bbox 672 3130 1086 3226; x_wconf 29' lang='grc' dir='ltr'>μετάνκτήνους,</span> <span class='ocrx_word' id='word_1_438' title='bbox 1121 3130 1335 3223; x_wconf 82' lang='grc' dir='ltr'>θανάτῳ</span> <span class='ocrx_word' id='word_1_439' title='bbox 1363 3130 1713 3205; x_wconf 78' lang='grc' dir='ltr'>ἀποκτενεῖτε</span> 
     </span>
    </p>
   </div>
   <div class='ocr_carea' id='block_1_61' title="bbox 1826 3130 3405 3235">
    <p class='ocr_par' dir='ltr' id='par_1_61' title="bbox 1826 3130 3405 3207">
     <span class='ocr_line' id='line_1_61' title="bbox 1826 3130 3405 3207; baseline -0.008 -12"><span class='ocrx_word' id='word_1_440' title='bbox 1826 3155 1927 3195; x_wconf 80' lang='lat' dir='ltr'><strong>non</strong></span> <span class='ocrx_word' id='word_1_441' title='bbox 1953 3140 2060 3203; x_wconf 92' lang='lat' dir='ltr'><strong>sit,</strong></span> <span class='ocrx_word' id='word_1_442' title='bbox 2098 3137 2196 3192; x_wconf 83' lang='lat' dir='ltr'><strong>sed</strong></span> <span class='ocrx_word' id='word_1_443' title='bbox 2222 3136 2427 3191; x_wconf 86' lang='lat' dir='ltr'><strong>diversi</strong></span> <span class='ocrx_word' id='word_1_444' title='bbox 2472 3135 2725 3207; x_wconf 81' lang='lat' dir='ltr'><strong>generis,</strong></span> <span class='ocrx_word' id='word_1_445' title='bbox 2750 3140 2808 3188; x_wconf 92' lang='lat' dir='ltr'><strong>et</strong></span> <span class='ocrx_word' id='word_1_446' title='bbox 2836 3141 3182 3193; x_wconf 63' lang='lat' dir='ltr'><strong>extraneum.</strong></span> <span class='ocrx_word' id='word_1_447' title='bbox 3215 3130 3405 3199; x_wconf 80' lang='lat' dir='ltr'><strong>itaque</strong></span> 
     </span>
    </p>
   </div>
   <div class='ocr_carea' id='block_1_62' title="bbox 152 3221 1731 3319">
    <p class='ocr_par' dir='ltr' id='par_1_62' title="bbox 152 3221 1714 3319">
     <span class='ocr_line' id='line_1_62' title="bbox 152 3221 1714 3319; baseline -0.004 -19"><span class='ocrx_word' id='word_1_448' title='bbox 152 3248 344 3302; x_wconf 78' lang='grc' dir='ltr'>αὐτόν.»</span> <span class='ocrx_word' id='word_1_449' title='bbox 740 3247 799 3300; x_wconf 84' lang='grc' dir='ltr'><strong>δὲ</strong></span> <span class='ocrx_word' id='word_1_450' title='bbox 830 3221 993 3299; x_wconf 77' lang='grc' dir='ltr'>πάλιν</span> <span class='ocrx_word' id='word_1_451' title='bbox 1022 3246 1080 3298; x_wconf 79' lang='grc' dir='ltr'><strong>ὲν</strong></span> <span class='ocrx_word' id='word_1_452' title='bbox 1115 3244 1194 3315; x_wconf 87' lang='grc' dir='ltr'>τῷ</span> <span class='ocrx_word' id='word_1_453' title='bbox 1222 3221 1516 3313; x_wconf 78' lang='grc' dir='ltr'>Λευῖτικῷο</span> <span class='ocrx_word' id='word_1_454' title='bbox 1550 3261 1568 3294; x_wconf 79' lang='grc' dir='ltr'><strong>ι</strong></span> <span class='ocrx_word' id='word_1_455' title='bbox 1603 3242 1714 3295; x_wconf 76' lang='grc' dir='ltr'><strong>Καὶ</strong></span> 
     </span>
    </p>
   </div>
   <div class='ocr_carea' id='block_1_63' title="bbox 1824 3221 3403 3319">
    <p class='ocr_par' dir='ltr' id='par_1_63' title="bbox 1824 3221 3403 3295">
     <span class='ocr_line' id='line_1_63' title="bbox 1824 3221 3403 3295; baseline -0.006 -10"><span class='ocrx_word' id='word_1_456' title='bbox 1824 3231 1873 3285; x_wconf 90' lang='lat' dir='ltr'><strong>in</strong></span> <span class='ocrx_word' id='word_1_457' title='bbox 1900 3228 2090 3285; x_wconf 81' lang='lat' dir='ltr'><strong>Exodo</strong></span> <span class='ocrx_word' id='word_1_458' title='bbox 2120 3228 2238 3282; x_wconf 87' lang='lat' dir='ltr'><strong>ait:</strong></span> <span class='ocrx_word' id='word_1_459' title='bbox 2276 3245 2293 3278; x_wconf 74' lang='grc' dir='ltr'><strong>ι</strong></span> <span class='ocrx_word' id='word_1_460' title='bbox 2338 3225 2602 3290; x_wconf 90' lang='lat' dir='ltr'><strong>Omnem,</strong></span> <span class='ocrx_word' id='word_1_461' title='bbox 2638 3224 2733 3295; x_wconf 90' lang='lat' dir='ltr'><strong>qui</strong></span> <span class='ocrx_word' id='word_1_462' title='bbox 2761 3223 2961 3279; x_wconf 89' lang='lat' dir='ltr'><strong>coierit</strong></span> <span class='ocrx_word' id='word_1_463' title='bbox 2988 3237 3111 3277; x_wconf 92' lang='lat' dir='ltr'><strong>cum</strong></span> <span class='ocrx_word' id='word_1_464' title='bbox 3158 3221 3403 3290; x_wconf 90' lang='lat' dir='ltr'><strong>pecude,</strong></span> 
     </span>
    </p>
   </div>
   <div class='ocr_carea' id='block_1_64' title="bbox 152 3304 1731 3409">
    <p class='ocr_par' dir='ltr' id='par_1_64' title="bbox 152 3304 1715 3409">
     <span class='ocr_line' id='line_1_64' title="bbox 152 3304 1715 3409; baseline -0.006 -17"><span class='ocrx_word' id='word_1_465' title='bbox 152 3339 203 3403; x_wconf 83' lang='grc' dir='ltr'>ὃς</span> <span class='ocrx_word' id='word_1_466' title='bbox 242 3339 332 3393; x_wconf 76' lang='grc' dir='ltr'><strong>ἐὰν</strong></span> <span class='ocrx_word' id='word_1_467' title='bbox 374 3304 771 3409; x_wconf 39' lang='grc' dir='ltr'>δῷικοιτασξαν</span> <span class='ocrx_word' id='word_1_468' title='bbox 803 3332 970 3390; x_wconf 83' lang='grc' dir='ltr'>αὐτοῦ</span> <span class='ocrx_word' id='word_1_469' title='bbox 1020 3335 1079 3387; x_wconf 70' lang='grc' dir='ltr'>ἐν</span> <span class='ocrx_word' id='word_1_470' title='bbox 1124 3304 1415 3403; x_wconf 73' lang='grc' dir='ltr'>τετράποδι</span> <span class='ocrx_word' id='word_1_471' title='bbox 1438 3304 1715 3402; x_wconf 35' lang='grc' dir='ltr'>[θανάτῳ</span> 
     </span>
    </p>
   </div>
   <div class='ocr_carea' id='block_1_65' title="bbox 1825 3304 3404 3409">
    <p class='ocr_par' dir='ltr' id='par_1_65' title="bbox 1825 3304 3404 3384">
     <span class='ocr_line' id='line_1_65' title="bbox 1825 3304 3404 3384; baseline -0.008 -7"><span class='ocrx_word' id='word_1_472' title='bbox 1825 3331 1997 3377; x_wconf 90' lang='lat' dir='ltr'><strong>morte</strong></span> <span class='ocrx_word' id='word_1_473' title='bbox 2020 3320 2270 3376; x_wconf 77' lang='lat' dir='ltr'><strong>aﬁicietis</strong></span> <span class='ocrx_word' id='word_1_474' title='bbox 2291 3335 2417 3374; x_wconf 90' lang='lat' dir='ltr'><strong>eum</strong></span> <span class='ocrx_word' id='word_1_475' title='bbox 2442 3319 2510 3372; x_wconf 82' lang='lat'><strong>&#39;°.</strong></span> <span class='ocrx_word' id='word_1_476' title='bbox 2544 3337 2562 3369; x_wconf 87' lang='grc'><strong>›</strong></span> <span class='ocrx_word' id='word_1_477' title='bbox 2587 3318 2817 3384; x_wconf 84' lang='lat' dir='ltr'><strong>Planius</strong></span> <span class='ocrx_word' id='word_1_478' title='bbox 2842 3325 3024 3370; x_wconf 89' lang='lat' dir='ltr'><strong>autem</strong></span> <span class='ocrx_word' id='word_1_479' title='bbox 3051 3304 3106 3368; x_wconf 89' lang='lat' dir='ltr'><strong>in</strong></span> <span class='ocrx_word' id='word_1_480' title='bbox 3129 3312 3404 3368; x_wconf 86' lang='lat' dir='ltr'><strong>Levitico:</strong></span> 
     </span>
    </p>
   </div>
   <div class='ocr_carea' id='block_1_66' title="bbox 153 3404 1732 3497">
    <p class='ocr_par' dir='ltr' id='par_1_66' title="bbox 153 3404 1712 3497">
     <span class='ocr_line' id='line_1_66' title="bbox 153 3404 1712 3497; baseline -0.004 -15"><span class='ocrx_word' id='word_1_481' title='bbox 153 3404 498 3492; x_wconf 80' lang='grc' dir='ltr'>θανατούσθω,</span> <span class='ocrx_word' id='word_1_482' title='bbox 527 3429 623 3482; x_wconf 75' lang='grc' dir='ltr'>καὶ</span> <span class='ocrx_word' id='word_1_483' title='bbox 645 3428 705 3481; x_wconf 81' lang='grc' dir='ltr'><strong>τὸ</strong></span> <span class='ocrx_word' id='word_1_484' title='bbox 730 3425 1036 3497; x_wconf 84' lang='grc' dir='ltr'><strong>τετράπουν</strong></span> <span class='ocrx_word' id='word_1_485' title='bbox 1059 3424 1431 3478; x_wconf 85' lang='grc' dir='ltr'>ἀποκτενεῖτε·</span> <span class='ocrx_word' id='word_1_486' title='bbox 1459 3421 1555 3476; x_wconf 80' lang='grc' dir='ltr'>καὶ</span> <span class='ocrx_word' id='word_1_487' title='bbox 1575 3420 1712 3492; x_wconf 78' lang='grc' dir='ltr'>γυνὴ</span> 
     </span>
    </p>
   </div>
   <div class='ocr_carea' id='block_1_67' title="bbox 1829 3404 3408 3497">
    <p class='ocr_par' dir='ltr' id='par_1_67' title="bbox 1829 3404 3408 3483">
     <span class='ocr_line' id='line_1_67' title="bbox 1829 3404 3408 3483; baseline -0.005 -19"><span class='ocrx_word' id='word_1_488' title='bbox 1829 3432 1844 3464; x_wconf 83' lang='grc' dir='ltr'><strong>ι</strong></span> <span class='ocrx_word' id='word_1_489' title='bbox 1874 3413 1942 3467; x_wconf 89' lang='lat' dir='ltr'><strong>Et</strong></span> <span class='ocrx_word' id='word_1_490' title='bbox 1966 3411 2219 3483; x_wconf 87' lang='lat' dir='ltr'><strong>quisquis</strong></span> <span class='ocrx_word' id='word_1_491' title='bbox 2261 3408 2481 3465; x_wconf 87' lang='lat' dir='ltr'><strong>dederit</strong></span> <span class='ocrx_word' id='word_1_492' title='bbox 2506 3407 2857 3463; x_wconf 89' lang='lat' dir='ltr'><strong>cubationem</strong></span> <span class='ocrx_word' id='word_1_493' title='bbox 2903 3421 3057 3460; x_wconf 90' lang='lat' dir='ltr'><strong>suam</strong></span> <span class='ocrx_word' id='word_1_494' title='bbox 3082 3405 3140 3458; x_wconf 89' lang='lat' dir='ltr'><strong>in</strong></span> <span class='ocrx_word' id='word_1_495' title='bbox 3167 3404 3408 3474; x_wconf 87' lang='lat' dir='ltr'><strong>quadru-</strong></span> 
     </span>
    </p>
   </div>
   <div class='ocr_carea' id='block_1_68' title="bbox 151 3497 1730 3592">
    <p class='ocr_par' dir='ltr' id='par_1_68' title="bbox 151 3511 1714 3592">
     <span class='ocr_line' id='line_1_68' title="bbox 151 3511 1714 3592; baseline -0.004 -19"><span class='ocrx_word' id='word_1_496' title='bbox 151 3521 257 3591; x_wconf 74' lang='grc' dir='ltr'>ἠτις</span> <span class='ocrx_word' id='word_1_497' title='bbox 276 3519 700 3592; x_wconf 80' lang='grc' dir='ltr'>προσελεύσεται</span> <span class='ocrx_word' id='word_1_498' title='bbox 721 3517 861 3589; x_wconf 81' lang='grc' dir='ltr'>πρὸς</span> <span class='ocrx_word' id='word_1_499' title='bbox 882 3518 991 3570; x_wconf 78' lang='grc' dir='ltr'>πᾶν</span> <span class='ocrx_word' id='word_1_500' title='bbox 1010 3515 1209 3586; x_wconf 79' lang='grc' dir='ltr'>κτῆνος</span> <span class='ocrx_word' id='word_1_501' title='bbox 1238 3512 1525 3584; x_wconf 83' lang='grc' dir='ltr'>βιασθῆναι</span> <span class='ocrx_word' id='word_1_502' title='bbox 1544 3511 1714 3583; x_wconf 82' lang='grc' dir='ltr'>αὐτὴν</span> 
     </span>
    </p>
   </div>
   <div class='ocr_carea' id='block_1_69' title="bbox 1825 3497 3404 3592">
    <p class='ocr_par' dir='ltr' id='par_1_69' title="bbox 1825 3497 3404 3575">
     <span class='ocr_line' id='line_1_69' title="bbox 1825 3497 3404 3575; baseline -0.004 -18"><span class='ocrx_word' id='word_1_503' title='bbox 1825 3504 1956 3575; x_wconf 89' lang='lat' dir='ltr'><strong>pede</strong></span> <span class='ocrx_word' id='word_1_504' title='bbox 1980 3543 1995 3569; x_wconf 92' lang='lat'><strong>,</strong></span> <span class='ocrx_word' id='word_1_505' title='bbox 2024 3511 2203 3557; x_wconf 90' lang='lat' dir='ltr'><strong>morte</strong></span> <span class='ocrx_word' id='word_1_506' title='bbox 2228 3501 2535 3567; x_wconf 89' lang='lat' dir='ltr'><strong>moriatur;</strong></span> <span class='ocrx_word' id='word_1_507' title='bbox 2566 3507 2623 3554; x_wconf 91' lang='lat' dir='ltr'><strong>et</strong></span> <span class='ocrx_word' id='word_1_508' title='bbox 2656 3497 2972 3568; x_wconf 89' lang='lat' dir='ltr'><strong>quadrupes</strong></span> <span class='ocrx_word' id='word_1_509' title='bbox 2995 3498 3362 3553; x_wconf 85' lang='lat' dir='ltr'><strong>interﬁcietur</strong></span> <span class='ocrx_word' id='word_1_510' title='bbox 3389 3513 3404 3563; x_wconf 90' lang='lat'><strong>;</strong></span> 
     </span>
    </p>
   </div>
   <div class='ocr_carea' id='block_1_70' title="bbox 153 3587 1732 3680">
    <p class='ocr_par' dir='ltr' id='par_1_70' title="bbox 153 3603 1708 3680">
     <span class='ocr_line' id='line_1_70' title="bbox 153 3603 1708 3680; baseline -0.005 -16"><span class='ocrx_word' id='word_1_511' title='bbox 153 3613 233 3666; x_wconf 78' lang='grc' dir='ltr'><strong>ὑπ’</strong></span> <span class='ocrx_word' id='word_1_512' title='bbox 256 3610 412 3666; x_wconf 78' lang='grc' dir='ltr'>αὐτοῦ</span> <span class='ocrx_word' id='word_1_513' title='bbox 434 3655 450 3677; x_wconf 85' lang='grc'>,</span> <span class='ocrx_word' id='word_1_514' title='bbox 486 3611 845 3664; x_wconf 81' lang='grc' dir='ltr'>ἀποκτενεῖτε</span> <span class='ocrx_word' id='word_1_515' title='bbox 868 3608 970 3680; x_wconf 76' lang='grc' dir='ltr'><strong>τὴν</strong></span> <span class='ocrx_word' id='word_1_516' title='bbox 990 3608 1247 3676; x_wconf 79' lang='grc' dir='ltr'>γυναῖκα,</span> <span class='ocrx_word' id='word_1_517' title='bbox 1276 3604 1454 3659; x_wconf 78' lang='grc' dir='ltr'>καὶτὸ</span> <span class='ocrx_word' id='word_1_518' title='bbox 1485 3603 1708 3675; x_wconf 61' lang='grc' dir='ltr'>κτῆνος</span> 
     </span>
    </p>
   </div>
   <div class='ocr_carea' id='block_1_71' title="bbox 1826 3587 3405 3680">
    <p class='ocr_par' dir='ltr' id='par_1_71' title="bbox 1826 3587 3405 3662">
     <span class='ocr_line' id='line_1_71' title="bbox 1826 3587 3405 3662; baseline -0.006 -13"><span class='ocrx_word' id='word_1_519' title='bbox 1826 3603 1874 3649; x_wconf 77' lang='lat' dir='ltr'><strong>et</strong></span> <span class='ocrx_word' id='word_1_520' title='bbox 1910 3593 2108 3648; x_wconf 91' lang='lat' dir='ltr'><strong>mulier</strong></span> <span class='ocrx_word' id='word_1_521' title='bbox 2153 3606 2497 3662; x_wconf 62' lang='lat' dir='ltr'><strong>quaecunque</strong></span> <span class='ocrx_word' id='word_1_522' title='bbox 2546 3589 2844 3644; x_wconf 88' lang='lat' dir='ltr'><strong>accesserit</strong></span> <span class='ocrx_word' id='word_1_523' title='bbox 2886 3587 2956 3642; x_wconf 92' lang='lat' dir='ltr'><strong>ad</strong></span> <span class='ocrx_word' id='word_1_524' title='bbox 3001 3602 3163 3642; x_wconf 89' lang='lat' dir='ltr'><strong>omne</strong></span> <span class='ocrx_word' id='word_1_525' title='bbox 3206 3602 3405 3657; x_wconf 86' lang='lat' dir='ltr'><strong>pecus,</strong></span> 
     </span>
    </p>
   </div>
   <div class='ocr_carea' id='block_1_72' title="bbox 154 3679 1733 3773">
    <p class='ocr_par' dir='ltr' id='par_1_72' title="bbox 154 3679 1713 3773">
     <span class='ocr_line' id='line_1_72' title="bbox 154 3679 1713 3773; baseline -0.004 -19"><span class='ocrx_word' id='word_1_526' title='bbox 154 3702 345 3773; x_wconf 81' lang='grc' dir='ltr'>θανάτῳ</span> <span class='ocrx_word' id='word_1_527' title='bbox 384 3698 873 3755; x_wconf 72' lang='grc' dir='ltr'>θανατούσθωσανσ</span> <span class='ocrx_word' id='word_1_528' title='bbox 915 3679 1088 3769; x_wconf 74' lang='grc' dir='ltr'>ἔνοχοί</span> <span class='ocrx_word' id='word_1_529' title='bbox 1133 3696 1289 3750; x_wconf 90' lang='grc' dir='ltr'>είσιν.</span> <span class='ocrx_word' id='word_1_530' title='bbox 1324 3712 1343 3746; x_wconf 76' lang='grc' dir='ltr'><strong>ι</strong></span> <span class='ocrx_word' id='word_1_531' title='bbox 1385 3694 1625 3767; x_wconf 84' lang='grc' dir='ltr'>Ὀμιλίαι</span> <span class='ocrx_word' id='word_1_532' title='bbox 1653 3711 1713 3747; x_wconf 89' lang='grc' dir='ltr'><strong>τε</strong></span> 
     </span>
    </p>
   </div>
   <div class='ocr_carea' id='block_1_73' title="bbox 1826 3679 3405 3773">
    <p class='ocr_par' dir='ltr' id='par_1_73' title="bbox 1826 3679 3405 3749">
     <span class='ocr_line' id='line_1_73' title="bbox 1826 3679 3405 3749; baseline -0.004 -8"><span class='ocrx_word' id='word_1_533' title='bbox 1826 3695 1879 3741; x_wconf 83' lang='grc' dir='ltr'><strong>ιιι</strong></span> <span class='ocrx_word' id='word_1_534' title='bbox 1902 3685 1971 3740; x_wconf 90' lang='lat' dir='ltr'><strong>ab</strong></span> <span class='ocrx_word' id='word_1_535' title='bbox 1996 3700 2064 3739; x_wconf 89' lang='lat' dir='ltr'><strong>eo</strong></span> <span class='ocrx_word' id='word_1_536' title='bbox 2093 3682 2469 3746; x_wconf 90' lang='lat' dir='ltr'><strong>inscendatur,</strong></span> <span class='ocrx_word' id='word_1_537' title='bbox 2504 3679 2851 3736; x_wconf 88' lang='lat' dir='ltr'><strong>interﬁcietis</strong></span> <span class='ocrx_word' id='word_1_538' title='bbox 2885 3679 3177 3743; x_wconf 89' lang='lat' dir='ltr'><strong>mulierem</strong></span> <span class='ocrx_word' id='word_1_539' title='bbox 3212 3688 3269 3733; x_wconf 90' lang='lat' dir='ltr'><strong>et</strong></span> <span class='ocrx_word' id='word_1_540' title='bbox 3308 3693 3405 3749; x_wconf 91' lang='lat' dir='ltr'><strong>pe-</strong></span> 
     </span>
    </p>
   </div>
   <div class='ocr_carea' id='block_1_74' title="bbox 153 3770 1732 3864">
    <p class='ocr_par' dir='ltr' id='par_1_74' title="bbox 153 3770 1713 3864">
     <span class='ocr_line' id='line_1_74' title="bbox 153 3770 1713 3864; baseline -0.006 -17"><span class='ocrx_word' id='word_1_541' title='bbox 153 3793 267 3864; x_wconf 73' lang='grc' dir='ltr'>τὰρ,</span> <span class='ocrx_word' id='word_1_542' title='bbox 294 3770 384 3847; x_wconf 75' lang='grc' dir='ltr'>καὶ</span> <span class='ocrx_word' id='word_1_543' title='bbox 413 3788 587 3846; x_wconf 77' lang='grc' dir='ltr'>οἱονεὶ</span> <span class='ocrx_word' id='word_1_544' title='bbox 609 3790 784 3861; x_wconf 81' lang='grc' dir='ltr'>μίξεις</span> <span class='ocrx_word' id='word_1_545' title='bbox 802 3791 858 3844; x_wconf 83' lang='grc' dir='ltr'>αἱ</span> <span class='ocrx_word' id='word_1_546' title='bbox 887 3790 1077 3860; x_wconf 65' lang='lat' dir='ltr'><strong>vomat</strong></span> <span class='ocrx_word' id='word_1_547' title='bbox 1100 3788 1197 3843; x_wconf 75' lang='grc' dir='ltr'>καὶ</span> <span class='ocrx_word' id='word_1_548' title='bbox 1226 3787 1465 3851; x_wconf 84' lang='grc' dir='ltr'>σύνοδοι,</span> <span class='ocrx_word' id='word_1_549' title='bbox 1494 3786 1551 3841; x_wconf 89' lang='grc' dir='ltr'><strong>αί</strong></span> <span class='ocrx_word' id='word_1_550' title='bbox 1576 3784 1713 3858; x_wconf 85' lang='grc' dir='ltr'>πρὸς</span> 
     </span>
    </p>
   </div>
   <div class='ocr_carea' id='block_1_75' title="bbox 1832 3770 3411 3864">
    <p class='ocr_par' dir='ltr' id='par_1_75' title="bbox 1832 3770 3411 3844">
     <span class='ocr_line' id='line_1_75' title="bbox 1832 3770 3411 3844; baseline -0.006 -10"><span class='ocrx_word' id='word_1_551' title='bbox 1832 3793 1948 3844; x_wconf 79' lang='lat' dir='ltr'><strong>:us;</strong></span> <span class='ocrx_word' id='word_1_552' title='bbox 1983 3785 2160 3831; x_wconf 89' lang='lat' dir='ltr'><strong>morte</strong></span> <span class='ocrx_word' id='word_1_553' title='bbox 2185 3775 2619 3839; x_wconf 89' lang='lat' dir='ltr'><strong>interﬁciantur;</strong></span> <span class='ocrx_word' id='word_1_554' title='bbox 2646 3772 2730 3828; x_wconf 91' lang='lat' dir='ltr'><strong>rei</strong></span> <span class='ocrx_word' id='word_1_555' title='bbox 2756 3780 2886 3828; x_wconf 88' lang='lat' dir='ltr'><strong>sunt</strong></span> <span class='ocrx_word' id='word_1_556' title='bbox 2902 3773 2971 3826; x_wconf 83' lang='grc'><strong>⁹¹.</strong></span> <span class='ocrx_word' id='word_1_557' title='bbox 3004 3790 3022 3823; x_wconf 75' lang='grc' dir='ltr'><strong>ι</strong></span> <span class='ocrx_word' id='word_1_558' title='bbox 3070 3771 3230 3842; x_wconf 74' lang='lat'><strong>263</strong></span> <span class='ocrx_word' id='word_1_559' title='bbox 3268 3770 3411 3826; x_wconf 83' lang='lat' dir='ltr'><strong>Con-</strong></span> 
     </span>
    </p>
   </div>
   <div class='ocr_carea' id='block_1_76' title="bbox 152 3863 1731 3955">
    <p class='ocr_par' dir='ltr' id='par_1_76' title="bbox 152 3863 1713 3955">
     <span class='ocr_line' id='line_1_76' title="bbox 152 3863 1713 3955; baseline -0.003 -20"><span class='ocrx_word' id='word_1_560' title='bbox 152 3863 233 3948; x_wconf 72' lang='grc' dir='ltr'>οὓς</span> <span class='ocrx_word' id='word_1_561' title='bbox 256 3883 317 3938; x_wconf 80' lang='grc' dir='ltr'>ἂν</span> <span class='ocrx_word' id='word_1_562' title='bbox 337 3885 546 3955; x_wconf 75' lang='grc' dir='ltr'>ἥκιστα</span> <span class='ocrx_word' id='word_1_563' title='bbox 592 3884 815 3955; x_wconf 77' lang='grc' dir='ltr'><strong>πρέποι,</strong></span> <span class='ocrx_word' id='word_1_564' title='bbox 845 3881 940 3935; x_wconf 54' lang='grc' dir='ltr'><strong>καὶ⁵</strong></span> <span class='ocrx_word' id='word_1_565' title='bbox 970 3876 1054 3944; x_wconf 84' lang='grc' dir='ltr'>οἷς</span> <span class='ocrx_word' id='word_1_566' title='bbox 1085 3877 1523 3952; x_wconf 81' lang='grc' dir='ltr'>κατηρῤὠστησε</span> <span class='ocrx_word' id='word_1_567' title='bbox 1574 3876 1713 3949; x_wconf 80' lang='grc' dir='ltr'>πρὸς</span> 
     </span>
    </p>
   </div>
   <div class='ocr_carea' id='block_1_77' title="bbox 1831 3863 3410 3955">
    <p class='ocr_par' dir='ltr' id='par_1_77' title="bbox 1831 3863 3410 3933">
     <span class='ocr_line' id='line_1_77' title="bbox 1831 3863 3410 3933; baseline -0.007 -6"><span class='ocrx_word' id='word_1_568' title='bbox 1831 3869 2141 3927; x_wconf 77' lang='lat' dir='ltr'><strong>suetudines</strong></span> <span class='ocrx_word' id='word_1_569' title='bbox 2176 3868 2381 3933; x_wconf 88' lang='lat' dir='ltr'><strong>animi,</strong></span> <span class='ocrx_word' id='word_1_570' title='bbox 2425 3874 2482 3922; x_wconf 92' lang='lat' dir='ltr'><strong>et</strong></span> <span class='ocrx_word' id='word_1_571' title='bbox 2523 3864 2695 3921; x_wconf 85' lang='lat' dir='ltr'><strong>veluti</strong></span> <span class='ocrx_word' id='word_1_572' title='bbox 2745 3864 3110 3920; x_wconf 88' lang='lat' dir='ltr'><strong>admistiones</strong></span> <span class='ocrx_word' id='word_1_573' title='bbox 3148 3863 3410 3933; x_wconf 88' lang='lat' dir='ltr'><strong>spiritua-</strong></span> 
     </span>
    </p>
   </div>
   <div class='ocr_carea' id='block_1_78' title="bbox 155 3957 1734 4046">
    <p class='ocr_par' dir='ltr' id='par_1_78' title="bbox 155 3968 1712 4046">
     <span class='ocr_line' id='line_1_78' title="bbox 155 3968 1712 4046; baseline -0.004 -17"><span class='ocrx_word' id='word_1_574' title='bbox 155 3975 354 4044; x_wconf 75' lang='grc' dir='ltr'>ἀλογίαν</span> <span class='ocrx_word' id='word_1_575' title='bbox 383 3977 413 4030; x_wconf 82' lang='grc' dir='ltr'><strong>ὁ</strong></span> <span class='ocrx_word' id='word_1_576' title='bbox 440 3973 571 4039; x_wconf 75' lang='grc' dir='ltr'>νοῦς</span> <span class='ocrx_word' id='word_1_577' title='bbox 608 3976 710 4046; x_wconf 83' lang='grc' dir='ltr'><strong>τὴν</strong></span> <span class='ocrx_word' id='word_1_578' title='bbox 745 3973 1016 4045; x_wconf 72' lang='grc' dir='ltr'><strong>ἐσχάτην,</strong></span> <span class='ocrx_word' id='word_1_579' title='bbox 1048 3971 1282 4028; x_wconf 84' lang='grc' dir='ltr'>θανάτου</span> <span class='ocrx_word' id='word_1_580' title='bbox 1316 3968 1592 4043; x_wconf 81' lang='grc' dir='ltr'>πρόξενοι,</span> <span class='ocrx_word' id='word_1_581' title='bbox 1616 3969 1712 4023; x_wconf 72' lang='grc' dir='ltr'>καὶ</span> 
     </span>
    </p>
   </div>
   <div class='ocr_carea' id='block_1_79' title="bbox 1831 3957 3410 4046">
    <p class='ocr_par' dir='ltr' id='par_1_79' title="bbox 1831 3957 3410 4032">
     <span class='ocr_line' id='line_1_79' title="bbox 1831 3957 3410 4032; baseline -0.006 -15"><span class='ocrx_word' id='word_1_582' title='bbox 1831 3979 1901 4020; x_wconf 51' lang='lat' dir='ltr'><strong>[es</strong></span> <span class='ocrx_word' id='word_1_583' title='bbox 1942 3969 1999 4017; x_wconf 87' lang='lat' dir='ltr'><strong>et</strong></span> <span class='ocrx_word' id='word_1_584' title='bbox 2033 3975 2388 4032; x_wconf 88' lang='lat' dir='ltr'><strong>congressus,</strong></span> <span class='ocrx_word' id='word_1_585' title='bbox 2414 3973 2542 4014; x_wconf 92' lang='lat' dir='ltr'><strong>cum</strong></span> <span class='ocrx_word' id='word_1_586' title='bbox 2592 3957 2797 4028; x_wconf 91' lang='lat' dir='ltr'><strong>quibus</strong></span> <span class='ocrx_word' id='word_1_587' title='bbox 2840 3957 3068 4011; x_wconf 90' lang='lat' dir='ltr'><strong>minime</strong></span> <span class='ocrx_word' id='word_1_588' title='bbox 3117 3960 3311 4020; x_wconf 81' lang='lat' dir='ltr'><strong>decet,</strong></span> <span class='ocrx_word' id='word_1_589' title='bbox 3353 3963 3410 4009; x_wconf 91' lang='lat' dir='ltr'><strong>et</strong></span> 
     </span>
    </p>
   </div>
   <div class='ocr_carea' id='block_1_80' title="bbox 155 4046 1734 4138">
    <p class='ocr_par' dir='ltr' id='par_1_80' title="bbox 155 4063 1713 4138">
     <span class='ocr_line' id='line_1_80' title="bbox 155 4063 1713 4138; baseline -0.003 -17"><span class='ocrx_word' id='word_1_590' title='bbox 155 4067 317 4131; x_wconf 72' lang='grc' dir='ltr'>αὐτοῖς</span> <span class='ocrx_word' id='word_1_591' title='bbox 343 4071 459 4133; x_wconf 74' lang='grc' dir='ltr'>τοῖς</span> <span class='ocrx_word' id='word_1_592' title='bbox 477 4065 942 4138; x_wconf 78' lang='grc' dir='ltr'>παραφθείρουσι,</span> <span class='ocrx_word' id='word_1_593' title='bbox 970 4065 1066 4120; x_wconf 77' lang='grc' dir='ltr'>καὶ</span> <span class='ocrx_word' id='word_1_594' title='bbox 1094 4067 1209 4130; x_wconf 83' lang='grc' dir='ltr'>τοῖς</span> <span class='ocrx_word' id='word_1_595' title='bbox 1234 4063 1542 4127; x_wconf 75' lang='grc' dir='ltr'>ἐθελούσιον</span> <span class='ocrx_word' id='word_1_596' title='bbox 1577 4063 1713 4117; x_wconf 84' lang='grc' dir='ltr'>ὑπο-</span> 
     </span>
    </p>
   </div>
   <div class='ocr_carea' id='block_1_81' title="bbox 1828 4046 3407 4138">
    <p class='ocr_par' dir='ltr' id='par_1_81' title="bbox 1828 4046 3407 4125">
     <span class='ocr_line' id='line_1_81' title="bbox 1828 4046 3407 4125; baseline -0.006 -17"><span class='ocrx_word' id='word_1_597' title='bbox 1828 4069 2052 4125; x_wconf 76' lang='lat' dir='ltr'><strong>quorum</strong></span> <span class='ocrx_word' id='word_1_598' title='bbox 2110 4052 2327 4106; x_wconf 88' lang='lat' dir='ltr'><strong>animus</strong></span> <span class='ocrx_word' id='word_1_599' title='bbox 2368 4048 2852 4104; x_wconf 89' lang='lat' dir='ltr'><strong>irrationabilitate</strong></span> <span class='ocrx_word' id='word_1_600' title='bbox 2900 4062 3114 4103; x_wconf 90' lang='lat' dir='ltr'><strong>summa</strong></span> <span class='ocrx_word' id='word_1_601' title='bbox 3162 4046 3407 4113; x_wconf 87' lang='lat' dir='ltr'><strong>laborat,</strong></span> 
     </span>
    </p>
   </div>
   <div class='ocr_carea' id='block_1_82' title="bbox 156 4136 1735 4235">
    <p class='ocr_par' dir='ltr' id='par_1_82' title="bbox 156 4136 888 4235">
     <span class='ocr_line' id='line_1_82' title="bbox 156 4136 888 4235; baseline -0.001 -21"><span class='ocrx_word' id='word_1_602' title='bbox 156 4160 357 4228; x_wconf 76' lang='grc' dir='ltr'>μένουσι</span> <span class='ocrx_word' id='word_1_603' title='bbox 378 4160 478 4233; x_wconf 79' lang='grc' dir='ltr'><strong>τὴν</strong></span> <span class='ocrx_word' id='word_1_604' title='bbox 498 4136 888 4235; x_wconf 18' lang='grc' dir='ltr'>ρατςρθοράν.</span> 
     </span>
    </p>
   </div>
   <div class='ocr_carea' id='block_1_83' title="bbox 1926 4136 3505 4235">
    <p class='ocr_par' dir='ltr' id='par_1_83' title="bbox 1926 4136 3505 4209">
     <span class='ocr_line' id='line_1_83' title="bbox 1926 4136 3505 4209; baseline -0.004 -14"><span class='ocrx_word' id='word_1_605' title='bbox 1926 4145 2013 4198; x_wconf 70' lang='lat' dir='ltr'><strong>rtis</strong></span> <span class='ocrx_word' id='word_1_606' title='bbox 2054 4157 2219 4197; x_wconf 90' lang='lat' dir='ltr'><strong>causa</strong></span> <span class='ocrx_word' id='word_1_607' title='bbox 2262 4147 2393 4195; x_wconf 89' lang='lat' dir='ltr'><strong>sunt</strong></span> <span class='ocrx_word' id='word_1_608' title='bbox 2446 4148 2563 4193; x_wconf 90' lang='lat' dir='ltr'><strong>tum</strong></span> <span class='ocrx_word' id='word_1_609' title='bbox 2606 4138 2743 4209; x_wconf 92' lang='lat' dir='ltr'><strong>ipsis</strong></span> <span class='ocrx_word' id='word_1_610' title='bbox 2785 4136 3243 4208; x_wconf 87' lang='lat' dir='ltr'><strong>corruptoribus,</strong></span> <span class='ocrx_word' id='word_1_611' title='bbox 3289 4144 3406 4190; x_wconf 89' lang='lat' dir='ltr'><strong>tum</strong></span> <span class='ocrx_word' id='word_1_612' title='bbox 3490 4178 3505 4199; x_wconf 81' lang='grc'>,</span> 
     </span>
    </p>
   </div>
   <div class='ocr_carea' id='block_1_84' title="bbox 1817 4226 3166 4302">
    <p class='ocr_par' dir='ltr' id='par_1_84' title="bbox 1817 4226 3166 4302">
     <span class='ocr_line' id='line_1_84' title="bbox 1817 4226 3166 4302; baseline -0.007 -14"><span class='ocrx_word' id='word_1_613' title='bbox 1817 4235 1981 4289; x_wconf 89' lang='lat' dir='ltr'><strong>etiam</strong></span> <span class='ocrx_word' id='word_1_614' title='bbox 2017 4233 2084 4287; x_wconf 91' lang='lat' dir='ltr'><strong>iis</strong></span> <span class='ocrx_word' id='word_1_615' title='bbox 2117 4231 2211 4302; x_wconf 91' lang='lat' dir='ltr'><strong>qui</strong></span> <span class='ocrx_word' id='word_1_616' title='bbox 2241 4247 2300 4285; x_wconf 88' lang='lat' dir='ltr'><strong>se</strong></span> <span class='ocrx_word' id='word_1_617' title='bbox 2328 4237 2520 4300; x_wconf 91' lang='lat' dir='ltr'><strong>sponte</strong></span> <span class='ocrx_word' id='word_1_618' title='bbox 2550 4228 2831 4297; x_wconf 89' lang='lat' dir='ltr'><strong>corrumpi</strong></span> <span class='ocrx_word' id='word_1_619' title='bbox 2856 4226 3166 4297; x_wconf 91' lang='lat' dir='ltr'><strong>patiuntur.</strong></span> 
     </span>
    </p>
   </div>
   <div class='ocr_carea' id='block_1_85' title="bbox 216 4316 1795 4412">
    <p class='ocr_par' dir='ltr' id='par_1_85' title="bbox 216 4334 1713 4412">
     <span class='ocr_line' id='line_1_85' title="bbox 216 4334 1713 4412; baseline -0.003 -21"><span class='ocrx_word' id='word_1_620' title='bbox 216 4339 411 4393; x_wconf 74' lang='grc' dir='ltr'>[ΙΛΛΛ.</span> <span class='ocrx_word' id='word_1_621' title='bbox 470 4337 777 4412; x_wconf 81' lang='grc' dir='ltr'>ὀρθότατά</span> <span class='ocrx_word' id='word_1_622' title='bbox 813 4354 874 4391; x_wconf 88' lang='grc' dir='ltr'>τε</span> <span class='ocrx_word' id='word_1_623' title='bbox 912 4337 1011 4391; x_wconf 83' lang='grc' dir='ltr'>καὶ</span> <span class='ocrx_word' id='word_1_624' title='bbox 1042 4335 1210 4408; x_wconf 72' lang='grc' dir='ltr'>εμάλα</span> <span class='ocrx_word' id='word_1_625' title='bbox 1256 4334 1425 4399; x_wconf 80' lang='grc' dir='ltr'>ὁσίως</span> <span class='ocrx_word' id='word_1_626' title='bbox 1469 4335 1500 4387; x_wconf 82' lang='grc' dir='ltr'><strong>ὁ</strong></span> <span class='ocrx_word' id='word_1_627' title='bbox 1548 4334 1713 4405; x_wconf 87' lang='grc' dir='ltr'>νόμος</span> 
     </span>
    </p>
   </div>
   <div class='ocr_carea' id='block_1_86' title="bbox 1719 4316 3298 4412">
    <p class='ocr_par' dir='ltr' id='par_1_86' title="bbox 1888 4316 3298 4391">
     <span class='ocr_line' id='line_1_86' title="bbox 1888 4316 3298 4391; baseline -0.007 -11"><span class='ocrx_word' id='word_1_628' title='bbox 1888 4323 2086 4380; x_wconf 81' lang='lat' dir='ltr'><strong>PALL.</strong></span> <span class='ocrx_word' id='word_1_629' title='bbox 2112 4322 2436 4379; x_wconf 81' lang='lat' dir='ltr'><strong>Rectissime</strong></span> <span class='ocrx_word' id='word_1_630' title='bbox 2456 4361 2471 4387; x_wconf 92' lang='lat'><strong>,</strong></span> <span class='ocrx_word' id='word_1_631' title='bbox 2496 4329 2553 4376; x_wconf 88' lang='lat' dir='ltr'><strong>et</strong></span> <span class='ocrx_word' id='word_1_632' title='bbox 2597 4319 2899 4391; x_wconf 76' lang='lat' dir='ltr'><strong>iustissime</strong></span> <span class='ocrx_word' id='word_1_633' title='bbox 2924 4318 3013 4371; x_wconf 85' lang='lat' dir='ltr'><strong>lex</strong></span> <span class='ocrx_word' id='word_1_634' title='bbox 3033 4316 3298 4371; x_wconf 88' lang='lat' dir='ltr'><strong>decrevit.</strong></span> 
     </span>
    </p>
   </div>
   <div class='ocr_carea' id='block_1_87' title="bbox 158 4427 294 4497">
    <p class='ocr_par' dir='ltr' id='par_1_87' title="bbox 158 4427 294 4497">
     <span class='ocr_line' id='line_1_87' title="bbox 158 4427 294 4497; baseline 0.015 -18"><span class='ocrx_word' id='word_1_635' title='bbox 158 4427 294 4497; x_wconf 78' lang='grc' dir='ltr'>φησί.</span> 
     </span>
    </p>
   </div>
   <div class='ocr_carea' id='block_1_88' title="bbox 218 4495 1797 4589">
    <p class='ocr_par' dir='ltr' id='par_1_88' title="bbox 218 4512 1791 4589">
     <span class='ocr_line' id='line_1_88' title="bbox 218 4512 1791 4589; baseline 0 -18"><span class='ocrx_word' id='word_1_636' title='bbox 218 4519 368 4573; x_wconf 76' lang='grc' dir='ltr'>ΚΥΡ.</span> <span class='ocrx_word' id='word_1_637' title='bbox 402 4517 733 4588; x_wconf 79' lang='grc' dir='ltr'>θαυμάσαις</span> <span class='ocrx_word' id='word_1_638' title='bbox 759 4516 805 4571; x_wconf 84' lang='grc' dir='ltr'><strong>δ’</strong></span> <span class='ocrx_word' id='word_1_639' title='bbox 843 4516 911 4571; x_wconf 77' lang='grc' dir='ltr'>ἂν</span> <span class='ocrx_word' id='word_1_640' title='bbox 951 4516 1035 4571; x_wconf 71' lang='grc' dir='ltr'>ἔτι</span> <span class='ocrx_word' id='word_1_641' title='bbox 1079 4516 1176 4570; x_wconf 75' lang='grc' dir='ltr'>καὶ</span> <span class='ocrx_word' id='word_1_642' title='bbox 1199 4514 1321 4569; x_wconf 82' lang='grc' dir='ltr'><strong>τόδε</strong></span> <span class='ocrx_word' id='word_1_643' title='bbox 1346 4531 1360 4546; x_wconf 88' lang='grc'><strong>·</strong></span> <span class='ocrx_word' id='word_1_644' title='bbox 1388 4512 1463 4589; x_wconf 79' lang='grc' dir='ltr'><strong>ἦν</strong></span> <span class='ocrx_word' id='word_1_645' title='bbox 1505 4513 1616 4585; x_wconf 86' lang='grc' dir='ltr'><strong>γάρ</strong></span> <span class='ocrx_word' id='word_1_646' title='bbox 1648 4514 1711 4587; x_wconf 88' lang='grc' dir='ltr'><strong>δή</strong></span> <span class='ocrx_word' id='word_1_647' title='bbox 1744 4531 1791 4588; x_wconf 75' lang='grc' dir='ltr'>ῃ</span> 
     </span>
    </p>
   </div>
   <div class='ocr_carea' id='block_1_89' title="bbox 1827 4495 3406 4589">
    <p class='ocr_par' dir='ltr' id='par_1_89' title="bbox 1888 4495 3406 4568">
     <span class='ocr_line' id='line_1_89' title="bbox 1888 4495 3406 4568; baseline -0.005 -12"><span class='ocrx_word' id='word_1_648' title='bbox 1888 4500 2045 4557; x_wconf 80' lang='lat' dir='ltr'><strong>CYR.</strong></span> <span class='ocrx_word' id='word_1_649' title='bbox 2089 4498 2230 4554; x_wconf 79' lang='lat' dir='ltr'><strong>Illud</strong></span> <span class='ocrx_word' id='word_1_650' title='bbox 2270 4497 2418 4553; x_wconf 91' lang='lat' dir='ltr'><strong>enim</strong></span> <span class='ocrx_word' id='word_1_651' title='bbox 2445 4496 2809 4552; x_wconf 87' lang='lat' dir='ltr'><strong>admiratione</strong></span> <span class='ocrx_word' id='word_1_652' title='bbox 2853 4495 3082 4568; x_wconf 85' lang='lat' dir='ltr'><strong>dignum</strong></span> <span class='ocrx_word' id='word_1_653' title='bbox 3128 4503 3245 4563; x_wconf 89' lang='lat' dir='ltr'><strong>est;</strong></span> <span class='ocrx_word' id='word_1_654' title='bbox 3272 4511 3406 4551; x_wconf 87' lang='lat' dir='ltr'><strong>con-</strong></span> 
     </span>
    </p>
   </div>
   <div class='ocr_carea' id='block_1_90' title="bbox 156 4588 1735 4681">
    <p class='ocr_par' dir='ltr' id='par_1_90' title="bbox 156 4588 1715 4681">
     <span class='ocr_line' id='line_1_90' title="bbox 156 4588 1715 4681; baseline 0 -22"><span class='ocrx_word' id='word_1_655' title='bbox 156 4607 245 4660; x_wconf 83' lang='grc' dir='ltr'>πού</span> <span class='ocrx_word' id='word_1_656' title='bbox 288 4626 455 4676; x_wconf 89' lang='grc' dir='ltr'>τινας,</span> <span class='ocrx_word' id='word_1_657' title='bbox 490 4609 569 4673; x_wconf 82' lang='grc' dir='ltr'>ὡς</span> <span class='ocrx_word' id='word_1_658' title='bbox 601 4608 663 4675; x_wconf 70' lang='grc' dir='ltr'><strong>ἐξ</strong></span> <span class='ocrx_word' id='word_1_659' title='bbox 702 4607 982 4681; x_wconf 82' lang='grc' dir='ltr'>ἀφορήτου</span> <span class='ocrx_word' id='word_1_660' title='bbox 1028 4607 1364 4673; x_wconf 80' lang='grc' dir='ltr'>πλεονεξίας,</span> <span class='ocrx_word' id='word_1_661' title='bbox 1400 4588 1495 4662; x_wconf 76' lang='grc' dir='ltr'>καὶ</span> <span class='ocrx_word' id='word_1_662' title='bbox 1539 4608 1588 4659; x_wconf 83' lang='grc' dir='ltr'>εί</span> <span class='ocrx_word' id='word_1_663' title='bbox 1639 4604 1715 4678; x_wconf 76' lang='grc' dir='ltr'>μὴ</span> 
     </span>
    </p>
   </div>
   <div class='ocr_carea' id='block_1_91' title="bbox 1829 4588 3408 4681">
    <p class='ocr_par' dir='ltr' id='par_1_91' title="bbox 1829 4588 3408 4664">
     <span class='ocr_line' id='line_1_91' title="bbox 1829 4588 3408 4664; baseline -0.002 -16"><span class='ocrx_word' id='word_1_664' title='bbox 1829 4593 2031 4664; x_wconf 84' lang='lat' dir='ltr'><strong>tingere</strong></span> <span class='ocrx_word' id='word_1_665' title='bbox 2072 4590 2223 4647; x_wconf 90' lang='lat' dir='ltr'><strong>enim</strong></span> <span class='ocrx_word' id='word_1_666' title='bbox 2270 4590 2460 4660; x_wconf 89' lang='lat' dir='ltr'><strong>utique</strong></span> <span class='ocrx_word' id='word_1_667' title='bbox 2502 4597 2749 4660; x_wconf 87' lang='lat' dir='ltr'><strong>poterat,</strong></span> <span class='ocrx_word' id='word_1_668' title='bbox 2780 4596 2843 4643; x_wconf 91' lang='lat' dir='ltr'><strong>ut</strong></span> <span class='ocrx_word' id='word_1_669' title='bbox 2874 4588 3125 4643; x_wconf 89' lang='lat' dir='ltr'><strong>nonnulli</strong></span> <span class='ocrx_word' id='word_1_670' title='bbox 3174 4589 3408 4645; x_wconf 91' lang='lat' dir='ltr'><strong>aliorum</strong></span> 
     </span>
    </p>
   </div>
   <div class='ocr_carea' id='block_1_92' title="bbox 157 4681 1736 4774">
    <p class='ocr_par' dir='ltr' id='par_1_92' title="bbox 157 4700 1717 4774">
     <span class='ocr_line' id='line_1_92' title="bbox 157 4700 1717 4774; baseline 0 -20"><span class='ocrx_word' id='word_1_671' title='bbox 157 4700 408 4769; x_wconf 84' lang='grc' dir='ltr'>βούλοιντο</span> <span class='ocrx_word' id='word_1_672' title='bbox 448 4702 616 4774; x_wconf 79' lang='grc' dir='ltr'>τυχὸν</span> <span class='ocrx_word' id='word_1_673' title='bbox 660 4701 761 4773; x_wconf 82' lang='grc' dir='ltr'>τὴν</span> <span class='ocrx_word' id='word_1_674' title='bbox 804 4701 865 4767; x_wconf 73' lang='grc' dir='ltr'><strong>ἐξ</strong></span> <span class='ocrx_word' id='word_1_675' title='bbox 909 4701 1203 4774; x_wconf 84' lang='grc' dir='ltr'>ὀρθότητος</span> <span class='ocrx_word' id='word_1_676' title='bbox 1249 4700 1471 4755; x_wconf 74' lang='grc' dir='ltr'>ἐννοιῶν</span> <span class='ocrx_word' id='word_1_677' title='bbox 1512 4700 1608 4754; x_wconf 75' lang='grc' dir='ltr'>ἐπὶ</span> <span class='ocrx_word' id='word_1_678' title='bbox 1654 4700 1717 4754; x_wconf 83' lang='grc' dir='ltr'><strong>τδ</strong></span> 
     </span>
    </p>
   </div>
   <div class='ocr_carea' id='block_1_93' title="bbox 1829 4681 3408 4774">
    <p class='ocr_par' dir='ltr' id='par_1_93' title="bbox 1829 4681 3408 4754">
     <span class='ocr_line' id='line_1_93' title="bbox 1829 4681 3408 4754; baseline -0.003 -14"><span class='ocrx_word' id='word_1_679' title='bbox 1829 4685 1873 4740; x_wconf 81' lang='lat' dir='ltr'><strong>vi</strong></span> <span class='ocrx_word' id='word_1_680' title='bbox 1899 4694 1956 4741; x_wconf 89' lang='lat' dir='ltr'><strong>et</strong></span> <span class='ocrx_word' id='word_1_681' title='bbox 1976 4683 2222 4754; x_wconf 90' lang='lat' dir='ltr'><strong>potentia</strong></span> <span class='ocrx_word' id='word_1_682' title='bbox 2245 4697 2357 4736; x_wconf 91' lang='lat' dir='ltr'><strong>non</strong></span> <span class='ocrx_word' id='word_1_683' title='bbox 2380 4681 2604 4736; x_wconf 82' lang='lat' dir='ltr'><strong>ferenda</strong></span> <span class='ocrx_word' id='word_1_684' title='bbox 2626 4681 2905 4752; x_wconf 88' lang='lat' dir='ltr'><strong>superati,</strong></span> <span class='ocrx_word' id='word_1_685' title='bbox 2937 4681 3154 4736; x_wconf 90' lang='lat' dir='ltr'><strong>etiamsi</strong></span> <span class='ocrx_word' id='word_1_686' title='bbox 3182 4681 3408 4736; x_wconf 90' lang='lat' dir='ltr'><strong>minime</strong></span> 
     </span>
    </p>
   </div>
   <div class='ocr_carea' id='block_1_94' title="bbox 158 4773 1737 4866">
    <p class='ocr_par' dir='ltr' id='par_1_94' title="bbox 158 4773 1716 4866">
     <span class='ocr_line' id='line_1_94' title="bbox 158 4773 1716 4866; baseline 0.001 -20"><span class='ocrx_word' id='word_1_687' title='bbox 158 4794 381 4864; x_wconf 81' lang='grc' dir='ltr'>πλαγίως</span> <span class='ocrx_word' id='word_1_688' title='bbox 414 4773 540 4866; x_wconf 75' lang='grc' dir='ltr'>ἕχον</span> <span class='ocrx_word' id='word_1_689' title='bbox 572 4795 863 4865; x_wconf 82' lang='grc' dir='ltr'>ὑπομεῖναι</span> <span class='ocrx_word' id='word_1_690' title='bbox 892 4793 1273 4866; x_wconf 83' lang='grc' dir='ltr'>παραφθορὰν,</span> <span class='ocrx_word' id='word_1_691' title='bbox 1321 4794 1417 4847; x_wconf 74' lang='grc' dir='ltr'>καὶ</span> <span class='ocrx_word' id='word_1_692' title='bbox 1462 4793 1716 4865; x_wconf 89' lang='grc' dir='ltr'>καθάπερ</span> 
     </span>
    </p>
   </div>
   <div class='ocr_carea' id='block_1_95' title="bbox 1830 4773 3409 4866">
    <p class='ocr_par' dir='ltr' id='par_1_95' title="bbox 1830 4773 3409 4843">
     <span class='ocr_line' id='line_1_95' title="bbox 1830 4773 3409 4843; baseline -0.002 -12"><span class='ocrx_word' id='word_1_693' title='bbox 1830 4776 2051 4831; x_wconf 75' lang='lat' dir='ltr'><strong>fortasse</strong></span> <span class='ocrx_word' id='word_1_694' title='bbox 2093 4775 2326 4839; x_wconf 88' lang='lat' dir='ltr'><strong>vellent,</strong></span> <span class='ocrx_word' id='word_1_695' title='bbox 2356 4790 2388 4828; x_wconf 92' lang='lat' dir='ltr'><strong>a</strong></span> <span class='ocrx_word' id='word_1_696' title='bbox 2435 4782 2585 4828; x_wconf 89' lang='lat' dir='ltr'><strong>recto</strong></span> <span class='ocrx_word' id='word_1_697' title='bbox 2631 4789 2797 4828; x_wconf 88' lang='lat' dir='ltr'><strong>sensu</strong></span> <span class='ocrx_word' id='word_1_698' title='bbox 2824 4773 2890 4828; x_wconf 91' lang='lat' dir='ltr'><strong>ad</strong></span> <span class='ocrx_word' id='word_1_699' title='bbox 2918 4773 3195 4843; x_wconf 78' lang='lat' dir='ltr'><strong>obliquam</strong></span> <span class='ocrx_word' id='word_1_700' title='bbox 3244 4781 3409 4843; x_wconf 86' lang='lat' dir='ltr'><strong>atque</strong></span> 
     </span>
    </p>
   </div>
   <div class='ocr_carea' id='block_1_96' title="bbox 156 4866 1735 4956">
    <p class='ocr_par' dir='ltr' id='par_1_96' title="bbox 156 4882 1717 4956">
     <span class='ocr_line' id='line_1_96' title="bbox 156 4882 1717 4956; baseline 0.002 -22"><span class='ocrx_word' id='word_1_701' title='bbox 156 4885 205 4950; x_wconf 75' lang='grc' dir='ltr'>ἐξ</span> <span class='ocrx_word' id='word_1_702' title='bbox 225 4885 485 4955; x_wconf 80' lang='grc' dir='ltr'>ἀνάγκης,</span> <span class='ocrx_word' id='word_1_703' title='bbox 510 4886 615 4939; x_wconf 76' lang='grc' dir='ltr'>οὐκ</span> <span class='ocrx_word' id='word_1_704' title='bbox 644 4884 908 4956; x_wconf 74' lang='grc' dir='ltr'>ἀδακρυτὶ</span> <span class='ocrx_word' id='word_1_705' title='bbox 925 4884 1067 4955; x_wconf 82' lang='grc' dir='ltr'>τάχα</span> <span class='ocrx_word' id='word_1_706' title='bbox 1100 4901 1202 4936; x_wconf 91' lang='grc' dir='ltr'><strong>που</strong></span> <span class='ocrx_word' id='word_1_707' title='bbox 1226 4883 1423 4937; x_wconf 83' lang='grc' dir='ltr'>παθεῖν</span> <span class='ocrx_word' id='word_1_708' title='bbox 1453 4883 1553 4955; x_wconf 85' lang='grc' dir='ltr'><strong>τὴν</strong></span> <span class='ocrx_word' id='word_1_709' title='bbox 1577 4882 1717 4937; x_wconf 86' lang='grc' dir='ltr'>πλά-</span> 
     </span>
    </p>
   </div>
   <div class='ocr_carea' id='block_1_97' title="bbox 1831 4866 3410 4956">
    <p class='ocr_par' dir='ltr' id='par_1_97' title="bbox 1831 4866 3410 4940">
     <span class='ocr_line' id='line_1_97' title="bbox 1831 4866 3410 4940; baseline -0.002 -17"><span class='ocrx_word' id='word_1_710' title='bbox 1831 4882 2137 4940; x_wconf 86' lang='lat' dir='ltr'><strong>perversam</strong></span> <span class='ocrx_word' id='word_1_711' title='bbox 2178 4866 2495 4938; x_wconf 88' lang='lat' dir='ltr'><strong>opinionem</strong></span> <span class='ocrx_word' id='word_1_712' title='bbox 2536 4866 2781 4935; x_wconf 87' lang='lat' dir='ltr'><strong>corrupti</strong></span> <span class='ocrx_word' id='word_1_713' title='bbox 2826 4870 3318 4936; x_wconf 85' lang='lat' dir='ltr'><strong>pertraherentur,</strong></span> <span class='ocrx_word' id='word_1_714' title='bbox 3347 4880 3410 4920; x_wconf 91' lang='lat' dir='ltr'><strong>ac</strong></span> 
     </span>
    </p>
   </div>
   <div class='ocr_carea' id='block_1_98' title="bbox 155 4958 1734 5049">
    <p class='ocr_par' dir='ltr' id='par_1_98' title="bbox 155 4974 1716 5049">
     <span class='ocr_line' id='line_1_98' title="bbox 155 4974 1716 5049; baseline 0.003 -23"><span class='ocrx_word' id='word_1_715' title='bbox 155 4992 313 5045; x_wconf 74' lang='grc' dir='ltr'>νησιν.</span> <span class='ocrx_word' id='word_1_716' title='bbox 342 4977 457 5031; x_wconf 82' lang='grc' dir='ltr'><strong>Οὐκ</strong></span> <span class='ocrx_word' id='word_1_717' title='bbox 497 4976 934 5047; x_wconf 81' lang='grc' dir='ltr'>ἀνεπικούρητον</span> <span class='ocrx_word' id='word_1_718' title='bbox 966 4975 1149 5031; x_wconf 87' lang='grc' dir='ltr'>τοίνυν</span> <span class='ocrx_word' id='word_1_719' title='bbox 1179 4975 1208 5027; x_wconf 85' lang='grc' dir='ltr'>ὁ</span> <span class='ocrx_word' id='word_1_720' title='bbox 1245 4974 1410 5047; x_wconf 86' lang='grc' dir='ltr'>νόμος</span> <span class='ocrx_word' id='word_1_721' title='bbox 1454 4978 1716 5049; x_wconf 83' lang='grc' dir='ltr'>περιορᾷν</span> 
     </span>
    </p>
   </div>
   <div class='ocr_carea' id='block_1_99' title="bbox 1828 4958 3407 5049">
    <p class='ocr_par' dir='ltr' id='par_1_99' title="bbox 1828 4958 3407 5029">
     <span class='ocr_line' id='line_1_99' title="bbox 1828 4958 3407 5029; baseline -0.004 -12"><span class='ocrx_word' id='word_1_722' title='bbox 1828 4961 1993 5017; x_wconf 90' lang='lat' dir='ltr'><strong>veluti</strong></span> <span class='ocrx_word' id='word_1_723' title='bbox 2018 4960 2225 5025; x_wconf 90' lang='lat' dir='ltr'><strong>coacti,</strong></span> <span class='ocrx_word' id='word_1_724' title='bbox 2251 4974 2360 5014; x_wconf 90' lang='lat' dir='ltr'><strong>non</strong></span> <span class='ocrx_word' id='word_1_725' title='bbox 2403 4959 2522 5014; x_wconf 89' lang='lat' dir='ltr'><strong>sine</strong></span> <span class='ocrx_word' id='word_1_726' title='bbox 2545 4958 2802 5029; x_wconf 89' lang='lat' dir='ltr'><strong>lacrymis</strong></span> <span class='ocrx_word' id='word_1_727' title='bbox 2825 4958 3060 5012; x_wconf 77' lang='lat' dir='ltr'><strong>fortasse</strong></span> <span class='ocrx_word' id='word_1_728' title='bbox 3084 4958 3137 5011; x_wconf 92' lang='lat' dir='ltr'><strong>in</strong></span> <span class='ocrx_word' id='word_1_729' title='bbox 3163 4972 3407 5012; x_wconf 87' lang='lat' dir='ltr'><strong>errorem</strong></span> 
     </span>
    </p>
   </div>
   <div class='ocr_carea' id='block_1_100' title="bbox 155 5050 1734 5138">
    <p class='ocr_par' dir='ltr' id='par_1_100' title="bbox 155 5065 978 5138">
     <span class='ocr_line' id='line_1_100' title="bbox 155 5065 978 5138; baseline 0.004 -17"><span class='ocrx_word' id='word_1_730' title='bbox 155 5065 291 5134; x_wconf 74' lang='grc' dir='ltr'>ἠξίου</span> <span class='ocrx_word' id='word_1_731' title='bbox 327 5069 423 5123; x_wconf 72' lang='grc' dir='ltr'>καὶ</span> <span class='ocrx_word' id='word_1_732' title='bbox 451 5070 516 5123; x_wconf 85' lang='grc' dir='ltr'>τὸ</span> <span class='ocrx_word' id='word_1_733' title='bbox 535 5068 775 5123; x_wconf 79' lang='grc' dir='ltr'>τοιοῦτον</span> <span class='ocrx_word' id='word_1_734' title='bbox 801 5068 978 5138; x_wconf 81' lang='grc' dir='ltr'>γένος.</span> 
     </span>
    </p>
   </div>
   <div class='ocr_carea' id='block_1_101' title="bbox 1828 5050 3407 5138">
    <p class='ocr_par' dir='ltr' id='par_1_101' title="bbox 1828 5050 3407 5122">
     <span class='ocr_line' id='line_1_101' title="bbox 1828 5050 3407 5122; baseline -0.004 -11"><span class='ocrx_word' id='word_1_735' title='bbox 1828 5054 2243 5111; x_wconf 90' lang='lat' dir='ltr'><strong>seducerentur.</strong></span> <span class='ocrx_word' id='word_1_736' title='bbox 2272 5052 2392 5107; x_wconf 85' lang='lat' dir='ltr'><strong>Non</strong></span> <span class='ocrx_word' id='word_1_737' title='bbox 2428 5052 2612 5122; x_wconf 91' lang='lat' dir='ltr'><strong>itaque</strong></span> <span class='ocrx_word' id='word_1_738' title='bbox 2656 5052 2739 5105; x_wconf 87' lang='lat' dir='ltr'><strong>lex</strong></span> <span class='ocrx_word' id='word_1_739' title='bbox 2774 5052 2880 5106; x_wconf 84' lang='lat' dir='ltr'><strong>hoc</strong></span> <span class='ocrx_word' id='word_1_740' title='bbox 2928 5066 3100 5122; x_wconf 89' lang='lat' dir='ltr'><strong>genus</strong></span> <span class='ocrx_word' id='word_1_741' title='bbox 3123 5050 3407 5105; x_wconf 89' lang='lat' dir='ltr'><strong>hominum</strong></span> 
     </span>
    </p>
   </div>
   <div class='ocr_carea' id='block_1_102' title="bbox 1823 5147 3409 5221">
    <p class='ocr_par' dir='ltr' id='par_1_102' title="bbox 1823 5147 3409 5221">
     <span class='ocr_line' id='line_1_102' title="bbox 1823 5147 3409 5221; baseline -0.002 -16"><span class='ocrx_word' id='word_1_742' title='bbox 1823 5150 1943 5205; x_wconf 90' lang='lat' dir='ltr'><strong>sine</strong></span> <span class='ocrx_word' id='word_1_743' title='bbox 1989 5150 2116 5205; x_wconf 90' lang='lat' dir='ltr'><strong>ullis</strong></span> <span class='ocrx_word' id='word_1_744' title='bbox 2162 5151 2379 5206; x_wconf 83' lang='lat' dir='ltr'><strong>auxiliis</strong></span> <span class='ocrx_word' id='word_1_745' title='bbox 2447 5149 2869 5221; x_wconf 86' lang='lat' dir='ltr'><strong>relinquendum</strong></span> <span class='ocrx_word' id='word_1_746' title='bbox 2914 5164 2977 5204; x_wconf 92' lang='lat' dir='ltr'><strong>ac</strong></span> <span class='ocrx_word' id='word_1_747' title='bbox 3024 5147 3409 5220; x_wconf 83' lang='lat' dir='ltr'><strong>negligendum</strong></span> 
     </span>
    </p>
   </div>
   <div class='ocr_carea' id='block_1_103' title="bbox 1824 5240 2060 5295">
    <p class='ocr_par' dir='ltr' id='par_1_103' title="bbox 1824 5240 2060 5295">
     <span class='ocr_line' id='line_1_103' title="bbox 1824 5240 2060 5295; baseline 0 -1"><span class='ocrx_word' id='word_1_748' title='bbox 1824 5240 2060 5295; x_wconf 91' lang='lat' dir='ltr'><strong>censuit.</strong></span> 
     </span>
    </p>
   </div>
   <div class='ocr_carea' id='block_1_104' title="bbox 216 5324 1795 5405">
    <p class='ocr_par' dir='ltr' id='par_1_104' title="bbox 216 5324 977 5398">
     <span class='ocr_line' id='line_1_104' title="bbox 216 5324 977 5398; baseline 0.008 -20"><span class='ocrx_word' id='word_1_749' title='bbox 216 5324 418 5380; x_wconf 71' lang='grc' dir='ltr'><strong>ΠΑΔΛ.</strong></span> <span class='ocrx_word' id='word_1_750' title='bbox 448 5325 527 5380; x_wconf 82' lang='grc' dir='ltr'><strong>Τδ</strong></span> <span class='ocrx_word' id='word_1_751' title='bbox 559 5326 788 5398; x_wconf 55' lang='grc' dir='ltr'>ποῖόνίει</span> <span class='ocrx_word' id='word_1_752' title='bbox 812 5324 921 5398; x_wconf 78' lang='grc' dir='ltr'>φῄς</span> <span class='ocrx_word' id='word_1_753' title='bbox 940 5326 977 5392; x_wconf 51' lang='grc' dir='ltr'><strong>ἐξ</strong></span> 
     </span>
    </p>
   </div>
   <div class='ocr_carea' id='block_1_105' title="bbox 1828 5324 3407 5405">
    <p class='ocr_par' dir='ltr' id='par_1_105' title="bbox 1893 5331 3407 5405">
     <span class='ocr_line' id='line_1_105' title="bbox 1893 5331 3407 5405; baseline 0.001 -19"><span class='ocrx_word' id='word_1_754' title='bbox 1893 5332 2090 5387; x_wconf 82' lang='lat' dir='ltr'><strong>PALL.</strong></span> <span class='ocrx_word' id='word_1_755' title='bbox 2139 5332 2311 5400; x_wconf 86' lang='lat' dir='ltr'><strong>Quale</strong></span> <span class='ocrx_word' id='word_1_756' title='bbox 2370 5332 2592 5389; x_wconf 90' lang='lat' dir='ltr'><strong>tandem</strong></span> <span class='ocrx_word' id='word_1_757' title='bbox 2656 5334 2804 5390; x_wconf 90' lang='lat' dir='ltr'><strong>istud</strong></span> <span class='ocrx_word' id='word_1_758' title='bbox 2860 5349 3034 5405; x_wconf 87' lang='lat' dir='ltr'><strong>genus</strong></span> <span class='ocrx_word' id='word_1_759' title='bbox 3087 5340 3205 5398; x_wconf 87' lang='lat' dir='ltr'><strong>est,</strong></span> <span class='ocrx_word' id='word_1_760' title='bbox 3260 5331 3407 5402; x_wconf 75' lang='lat' dir='ltr'><strong>quod</strong></span> 
     </span>
    </p>
   </div>
   <div class='ocr_carea' id='block_1_106' title="bbox 246 5423 2001 5495">
    <p class='ocr_par' dir='ltr' id='par_1_106' title="bbox 246 5423 2001 5495">
     <span class='ocr_line' id='line_1_106' title="bbox 246 5423 2001 5495; baseline -0.009 0"><span class='ocrx_word' id='word_1_761' title='bbox 246 5490 253 5495; x_wconf 70' lang='lat'><strong>.</strong></span> <span class='ocrx_word' id='word_1_762' title='bbox 608 5491 641 5495; x_wconf 93' lang='lat'><strong><em>_</em></strong></span> <span class='ocrx_word' id='word_1_763' title='bbox 937 5488 943 5495; x_wconf 73' lang='grc'>,</span> <span class='ocrx_word' id='word_1_764' title='bbox 1827 5423 2001 5479; x_wconf 90' lang='lat' dir='ltr'><strong>dicis?</strong></span> 
     </span>
    </p>
   </div>
   <div class='ocr_carea' id='block_1_107' title="bbox 144 5488 1723 5604">
    <p class='ocr_par' dir='ltr' id='par_1_107' title="bbox 144 5488 1721 5604">
     <span class='ocr_line' id='line_1_107' title="bbox 144 5488 1721 5604; baseline 0.004 -50"><span class='ocrx_word' id='word_1_765' title='bbox 144 5588 145 5591; x_wconf 8' lang='grc' dir='ltr'><strong>η</strong></span> <span class='ocrx_word' id='word_1_766' title='bbox 191 5490 374 5604; x_wconf 46' lang='lat' dir='ltr'><strong>-KYP.</strong></span> <span class='ocrx_word' id='word_1_767' title='bbox 408 5504 485 5558; x_wconf 84' lang='grc' dir='ltr'><strong>Τὸ</strong></span> <span class='ocrx_word' id='word_1_768' title='bbox 530 5491 679 5575; x_wconf 60' lang='grc' dir='ltr'>ζυιῖῷ</span> <span class='ocrx_word' id='word_1_769' title='bbox 710 5488 955 5568; x_wconf 82' lang='grc' dir='ltr'>δουλειας</span> <span class='ocrx_word' id='word_1_770' title='bbox 991 5503 1427 5575; x_wconf 78' lang='grc' dir='ltr'>κατεσφιγμένον</span> <span class='ocrx_word' id='word_1_771' title='bbox 1467 5506 1561 5561; x_wconf 79' lang='grc' dir='ltr'>καὶ</span> <span class='ocrx_word' id='word_1_772' title='bbox 1597 5508 1721 5573; x_wconf 88' lang='grc' dir='ltr'>ταῖς</span> 
     </span>
    </p>
   </div>
   <div class='ocr_carea' id='block_1_108' title="bbox 1827 5488 3406 5604">
    <p class='ocr_par' dir='ltr' id='par_1_108' title="bbox 1897 5515 3406 5588">
     <span class='ocr_line' id='line_1_108' title="bbox 1897 5515 3406 5588; baseline 0 -18"><span class='ocrx_word' id='word_1_773' title='bbox 1897 5515 2054 5572; x_wconf 79' lang='lat' dir='ltr'><strong>CYR.</strong></span> <span class='ocrx_word' id='word_1_774' title='bbox 2084 5518 2224 5574; x_wconf 83' lang='lat' dir='ltr'><strong>Illud</strong></span> <span class='ocrx_word' id='word_1_775' title='bbox 2266 5521 2529 5576; x_wconf 89' lang='lat' dir='ltr'><strong>nimirum</strong></span> <span class='ocrx_word' id='word_1_776' title='bbox 2553 5516 2839 5574; x_wconf 86' lang='lat' dir='ltr'><strong>servitutis</strong></span> <span class='ocrx_word' id='word_1_777' title='bbox 2856 5516 2987 5588; x_wconf 81' lang='lat' dir='ltr'><strong>iugo</strong></span> <span class='ocrx_word' id='word_1_778' title='bbox 3014 5515 3369 5573; x_wconf 86' lang='lat' dir='ltr'><strong>constrictum</strong></span> <span class='ocrx_word' id='word_1_779' title='bbox 3388 5552 3406 5583; x_wconf 90' lang='lat'><strong>,</strong></span> 
     </span>
    </p>
   </div>
   <div class='ocr_carea' id='block_1_109' title="bbox 141 5596 1720 5695">
    <p class='ocr_par' dir='ltr' id='par_1_109' title="bbox 141 5596 1381 5668">
     <span class='ocr_line' id='line_1_109' title="bbox 141 5596 1381 5668; baseline 0.003 -21"><span class='ocrx_word' id='word_1_780' title='bbox 141 5596 252 5647; x_wconf 55' lang='grc' dir='ltr'><strong>θεῶν</strong></span> <span class='ocrx_word' id='word_1_781' title='bbox 279 5596 603 5667; x_wconf 77' lang='grc' dir='ltr'>πριαμένων</span> <span class='ocrx_word' id='word_1_782' title='bbox 631 5597 903 5663; x_wconf 79' lang='grc' dir='ltr'>ἐξουσίαις</span> <span class='ocrx_word' id='word_1_783' title='bbox 932 5596 1381 5668; x_wconf 81' lang='grc' dir='ltr'>κατησχοιμένον.</span> 
     </span>
    </p>
   </div>
   <div class='ocr_carea' id='block_1_110' title="bbox 1366 5596 2945 5695">
    <p class='ocr_par' dir='ltr' id='par_1_110' title="bbox 1366 5607 2945 5695">
     <span class='ocr_line' id='line_1_110' title="bbox 1366 5607 2945 5695; baseline 0.006 -34"><span class='ocrx_word' id='word_1_784' title='bbox 1366 5636 1381 5651; x_wconf 77' lang='grc' dir='ltr'><strong>ο</strong></span> <span class='ocrx_word' id='word_1_785' title='bbox 1624 5692 1627 5695; x_wconf 21' lang='grc' dir='ltr'><strong>Ι</strong></span> <span class='ocrx_word' id='word_1_786' title='bbox 1827 5614 1885 5662; x_wconf 90' lang='lat' dir='ltr'><strong>et</strong></span> <span class='ocrx_word' id='word_1_787' title='bbox 1908 5607 2258 5668; x_wconf 81' lang='lat' dir='ltr'><strong>dominorum</strong></span> <span class='ocrx_word' id='word_1_788' title='bbox 2286 5613 2519 5685; x_wconf 90' lang='lat' dir='ltr'><strong>imperio</strong></span> <span class='ocrx_word' id='word_1_789' title='bbox 2541 5621 2945 5684; x_wconf 63' lang='lat' dir='ltr'><strong>praegravatum</strong></span> 
     </span>
    </p>
   </div>
   <div class='ocr_carea' id='block_1_111' title="bbox 248 5694 1473 5777">
    <p class='ocr_par' dir='ltr' id='par_1_111' title="bbox 248 5694 1473 5777">
     <span class='ocr_line' id='line_1_111' title="bbox 248 5694 1473 5777; baseline 0.006 -17"><span class='ocrx_word' id='word_1_790' title='bbox 248 5704 291 5735; x_wconf 73' lang='grc' dir='ltr'><strong>ὀ</strong></span> <span class='ocrx_word' id='word_1_791' title='bbox 318 5706 492 5761; x_wconf 86' lang='lat' dir='ltr'><strong>Exod.</strong></span> <span class='ocrx_word' id='word_1_792' title='bbox 530 5708 771 5774; x_wconf 62' lang='lat'><strong>“11,19.</strong></span> <span class='ocrx_word' id='word_1_793' title='bbox 864 5709 909 5742; x_wconf 75' lang='grc' dir='ltr'><strong>ἰ</strong></span> <span class='ocrx_word' id='word_1_794' title='bbox 943 5708 1119 5764; x_wconf 90' lang='lat' dir='ltr'><strong>Levit.</strong></span> <span class='ocrx_word' id='word_1_795' title='bbox 1138 5694 1242 5777; x_wconf 55' lang='lat' dir='ltr'><strong>ix,</strong></span> <span class='ocrx_word' id='word_1_796' title='bbox 1266 5710 1354 5775; x_wconf 73' lang='grc' dir='ltr'><strong>ιε,</strong></span> <span class='ocrx_word' id='word_1_797' title='bbox 1384 5710 1473 5767; x_wconf 85' lang='grc'><strong>16.</strong></span> 
     </span>
    </p>
   </div>
   <div class='ocr_carea' id='block_1_112' title="bbox 220 5792 1466 5873">
    <p class='ocr_par' dir='ltr' id='par_1_112' title="bbox 220 5792 1466 5873">
     <span class='ocr_line' id='line_1_112' title="bbox 220 5792 1466 5873; baseline 0.009 -27"><span class='ocrx_word' id='word_1_798' title='bbox 220 5792 291 5865; x_wconf 82' lang='grc' dir='ltr'>(ι)</span> <span class='ocrx_word' id='word_1_799' title='bbox 322 5796 456 5853; x_wconf 88' lang='lat' dir='ltr'><strong>Cod.</strong></span> <span class='ocrx_word' id='word_1_800' title='bbox 487 5798 688 5865; x_wconf 79' lang='lat' dir='ltr'><strong>Vatic.,</strong></span> <span class='ocrx_word' id='word_1_801' title='bbox 715 5799 893 5868; x_wconf 85' lang='grc' dir='ltr'>τόκον,</span> <span class='ocrx_word' id='word_1_802' title='bbox 926 5801 1195 5871; x_wconf 73' lang='lat' dir='ltr'><strong>biformem</strong></span> <span class='ocrx_word' id='word_1_803' title='bbox 1230 5810 1466 5873; x_wconf 86' lang='lat' dir='ltr'><strong>partum.</strong></span> 
     </span>
    </p>
   </div>
  </div>
