4072 6532
469 362 566 419 551
1458 353 1515 410 S.
1557 352 1832 411 CYRILLI
1872 352 2341 411 ALEXANDRINI
2381 351 2698 409 ARCHIEP.

545 475 739 531 PALL.
766 474 879 541 Qua
916 473 1127 529 ratione
1155 472 1224 528 iis
1248 472 1334 527 lex
1359 487 1519 542 opem
1546 474 1709 527 tulit?

2078 480 2125 535 Α
2227 476 2433 527 ΠΛΛΛ.
2465 470 2782 541 Βεὸοήοηκε
2804 466 2859 520 δὲ
2883 466 3004 520 τίνα
3041 466 3105 537 δὴ
3135 465 3243 537 ἆρα
3266 467 3468 537 τρόπον
3496 470 3588 523 καὶ
3608 473 3733 526 τού-

2152 583 2268 628 τοις
2301 567 2329 618 6
2359 565 2521 633 νόμος
2544 580 2557 625 ;

539 665 698 720 CYl‘t.
731 662 907 717 Solvit
937 661 1088 715 enim
1121 659 1359 713 vinculis
1397 668 1453 713 et
1485 659 1767 714 coaetione
1788 699 1803 723 ,
1832 659 1877 713 si
1902 658 2052 713 dam—

2227 657 2391 709 ΚΥΡ.
2436 655 2645 724 Ἀνίησι
2676 652 2784 723 γάρ
2804 650 3005 721 δεσμοῦ
3029 652 3121 704 καὶ
3143 651 3411 722 ἀνάγκης,
3440 654 3487 706 εἰ
3511 653 3575 707 τὸ
3610 654 3735 725 βλά.

471 772 604 813 num
648 756 717 809 ad
759 754 994 807 animam
1033 752 1338 821 pertineat,
1381 766 1444 806 ac
1487 751 1752 804 violatum
1793 751 2053 821 aufugero

2181 745 2254 808 io;
2285 745 2372 815 εἴη
2420 743 2549 813 περὶ
2582 742 2784 812 ψυχὴν,
2817 741 2914 795 καὶ
2961 741 3285 812 ἀποτρέχειν
3314 744 3363 796 εἰ
3407 743 3651 813 βούλοιτο
3677 747 3736 799 τὸ

474 849 519 903 si
567 848 733 909 velit,
772 846 992 898 nemine
1043 842 1405 912 impediente,
1456 842 1803 911 apertissime
1854 842 2051 895 sanxit.

2181 837 2485 908 ιδικημένον
2554 832 3018 905 παραποδίζοντος
3081 834 3292 897 οὐδενὸς
3315 876 3331 899 ,
3383 836 3735 892 δεδικαίωκεν

474 939 567 994 Sic
587 939 732 992 enim
775 937 998 1005 oblique
1042 936 1180 989 dixit
1205 935 1261 987 in
1286 933 1475 988 Exodo
1502 951 1514 985 :
1548 953 1565 983 ι
1599 933 1653 987 Si
1681 933 1804 1003 quis
1828 948 2055 1002 percus-

2181 928 2427 998 ναργῶς.
2486 929 2631 997 Ἔφη
2685 927 2796 998 γὰρ
2838 919 2943 980 ὦδε
2990 926 3235 993 πλαγίως
3273 928 3332 979 ἐν
3376 930 3443 997 τῇ
3500 928 3735 993 Ἐξόδωο

474 1030 608 1085 serit
631 1030 850 1083 oculum
879 1028 1023 1082 servi
1052 1027 1137 1081 sui
1162 1066 1175 1090 ,
1200 1026 1285 1080 vel
1332 1026 1550 1079 oculum
1580 1025 1792 1078 ancillae
1838 1040 1977 1087 suae,
2002 1033 2059 1079 et

2181 1041 2184 1073 ε
2240 1023 2364 1075 Ἐὰν
2406 1021 2463 1075 δέ
2511 1038 2595 1083 τις
2647 1020 2865 1093 πατάξῃ
2910 1020 3001 1074 τὸν
3048 1019 3326 1090 ὀφθαλμὸν
3375 1020 3469 1073 τοῦ
3525 1022 3737 1076 οἰκέτου

472 1120 832 1175 excaecaverit
850 1158 864 1181 ,
893 1118 1101 1172 liberos
1125 1117 1365 1171 dimittet
1398 1132 1494 1170 eos
1508 1132 1617 1185 .pro
1642 1117 1801 1169 oculo
1822 1131 2011 1170 eorum
2042 1132 2055 1167 :

2181 1114 2350 1175 ιὺτοῦ,
2393 1114 2425 1183 ἢ
2465 1113 2554 1165 τὸν
2595 1111 2873 1182 ὀφθαλμὸν
2917 1112 3015 1181 τῆς
3044 1111 3377 1182 θεραπαίνης
3408 1111 3599 1175 αὑτοῦ,
3643 1112 3740 1165 καὶ

475 1213 520 1267 si
544 1221 726 1266 autem
754 1210 976 1264 dentem
1006 1209 1153 1264 servi
1199 1209 1320 1270 sui,
1347 1209 1432 1262 vel
1459 1208 1677 1261 dentem
1706 1209 1917 1262 ancilla:
1948 1223 2060 1261 sua:

2181 1204 2519 1276 κτυφλὼση,
2572 1203 3305 1275 ἐλευθερίους’ὲξαποστελεῖ
3349 1205 3567 1267 αὑτοὺς,
3615 1204 3739 1259 ἀντὶ

474 1301 818 1363 excusserit,
844 1300 1051 1354 liberos
1072 1298 1312 1352 dimittet
1325 1312 1420 1351 eos
1437 1313 1537 1367 pro
1555 1298 1717 1351 dente
1743 1311 1936 1352 eorum
1955 1300 2020 1349 θ’.
2036 1316 2052 1344 ι

2181 1297 2253 1349 τοῦ
2299 1296 2581 1366 ὀφθαλμοῦ
2627 1297 2838 1350 αὐτῶνθ
2885 1296 2980 1348 ἐὰν
3008 1296 3064 1348 δὲ
3096 1294 3191 1348 τὸν
3224 1294 3416 1348 ὀδόντα
3445 1296 3545 1365 τῆς
3578 1296 3741 1365 θερα-

476 1391 631 1458 Quod
670 1391 816 1444 enim
853 1389 923 1442 ad
970 1388 1327 1457 conspicuum
1366 1402 1618 1451 sensum,
1665 1394 1721 1441 et
1755 1388 2060 1456 expositam

2181 1391 2365 1460 ταίνης
2398 1390 2564 1443 αὑτοῦ
2596 1390 2827 1460 ἐκκόψῃ,
2859 1389 2892 1459 ἢ
2931 1388 3022 1443 τὸν
3052 1387 3239 1442 ὀδόντα
3270 1388 3366 1442 τοῦ
3399 1390 3613 1442 οἰκέτου
3645 1388 3743 1441 αὑ-

478 1493 830 1553 apertamque
858 1479 1273 1549 intelligentiam
1313 1478 1586 1548 pertinet,
1612 1478 1868 1547 prohibet
1891 1479 2061 1531 auda-

2181 1485 2281 1545 ιοῦ,
2308 1482 2623 1551 ἐλευθέρους
2640 1481 2991 1549 ὲξαποστελεῖ
3012 1482 3231 1544 αὐτοὺς,
3262 1484 3383 1535 ἀντὶ
3407 1481 3502 1534 τοῦ
3528 1482 3744 1545 ὀδόντος

478 1574 619 1629 ciam
647 1614 662 1637 ,
708 1582 765 1629 et
810 1572 1160 1627 dominorum
1209 1570 1305 1624 ira:
1356 1569 1581 1624 modum
1635 1571 1791 1639 ponit
1821 1610 1836 1633 ,
1884 1585 2063 1639 neque

2181 1572 2370 1627 ιὺτῶν.
2419 1591 2438 1624 ι
2473 1573 2637 1625 Ὅσον
2672 1572 2769 1641 μὲν
2810 1572 2917 1643 γὰρ
2943 1569 3080 1644 ἧκεν
3110 1574 3189 1635 είς
3225 1572 3460 1643 Θεωρίαν
3488 1571 3741 1642 ὲξωφανῆ

478 1681 723 1735 eousque
744 1664 999 1734 progredi
1024 1664 1174 1726 vult,
1224 1662 1371 1716 unde
1402 1672 1803 1731 consequatur,
1833 1671 1893 1717 ut
1912 1704 1927 1727 ,
1969 1664 2064 1734 qui

2181 1665 2260 1718 cal
2292 1664 2581 1736 πρόχειρον
2612 1663 2759 1725 νοῦν,
2786 1661 3129 1717 κατακωλύει
3153 1663 3213 1716 τὸ
3240 1662 3458 1734 θράσος,
3477 1663 3573 1715 καὶ
3604 1680 3746 1731 συμ-

480 1762 612 1809 sunt
632 1770 825 1809 eorum
872 1754 1179 1807 dominatui
1224 1753 1487 1824 subjecti,
1530 1754 1800 1808 naturalis
1833 1755 2063 1825 integri-

2181 1758 2405 1825 μέτρους
2430 1755 2688 1809 ἀποτελεῖ
2720 1756 2819 1819 τὰς
2848 1756 2959 1809 τῶν
3004 1756 3362 1826 κτησαμένων
3404 1755 3600 1825 ὀργὰς,
3644 1756 3746 1809 καὶ

481 1845 611 1899 tatis
647 1846 914 1914 jacturam
961 1846 1288 1913 patiantur:
1326 1822 1504 1914 neque
1559 1846 1671 1899 ullo
1729 1847 1894 1900 modo
1941 1822 2066 1917 per-

2181 1822 2231 1898 iti
2266 1822 2458 1916 μέχρις
2492 1845 2715 1898 ἐκείνων
2747 1846 2881 1900 ἱέναι
2913 1822 3279 1917 βούλεταιίδι⁹
3302 1838 3378 1899 ὧν
3408 1822 3476 1899 ἂν
3507 1846 3747 1913 γένοιτο,

481 1937 680 2000 mittit,
728 1945 791 1991 ut
834 1937 991 1991 furor
1029 1937 1294 1992 effrenate
1341 1936 1585 2002 feratur,
1635 1947 2069 2008 exerceaturque

476 2032 590 2102 jam
616 2031 671 2084 in
700 2031 819 2100 ipsa
857 2039 1053 2084 natura
1074 2071 1088 2094 ,
1117 2032 1276 2102 cujus
1301 2031 1391 2085 ille
1430 2031 1697 2085 duntaxat
1725 2047 1844 2086 esse
1882 2032 2070 2085 Domi-

481 2138 587 2176 nus
609 2122 962 2191 intelligitur,
990 2123 1083 2190 qui
1107 2124 1333 2177 creavit.
1363 2124 1499 2177 Nam
1526 2124 1798 2186 servitus,
1827 2131 1912 2186 et,
1950 2139 2071 2193 quae

481 2213 535 2266 in
560 2229 626 2267 ea
670 2214 955 2283 sequitur,
1000 2213 1282 2269 calamitas
1323 2215 1549 2269 minime
1586 2215 1674 2268 illa
1722 2215 1943 2283 quidem
1987 2223 2072 2269 est

481 2312 696 2359 natura;
740 2305 1002 2370 morbus,
1048 2305 1144 2359 sed
1189 2305 1481 2374 iniquitate
1521 2306 1957 2375 opprimentium
1986 2307 2071 2359 in-

482 2404 697 2449 vectus.
724 2395 782 2448 In
808 2394 1032 2449 Christo
1056 2395 1223 2464 igitur
1248 2396 1393 2449 Deus
1414 2411 1479 2451 ac
1520 2396 1682 2449 Pater
1705 2403 1876 2450 totam
1900 2396 2076 2449 conti-

483 2502 597 2542 nuo
644 2496 897 2541 naturam
944 2487 1011 2541 ad
1063 2502 1189 2540 eum
1239 2495 1442 2541 statum
1505 2487 1801 2553 reformat,
1847 2503 1957 2556 quo
2003 2488 2073 2543 ab

484 2577 643 2632 initio
666 2578 863 2632 fuerat.
897 2597 915 2628 ι
946 2578 1003 2633 Si
1025 2578 1150 2646 quis
1164 2578 1312 2633 enim
1338 2578 1394 2632 in
1407 2577 1630 2633 Christo
1650 2620 1666 2644 ,
1689 2594 1831 2633 nova
1851 2589 2073 2634 creatu-

486 2685 548 2723 ra
575 2669 640 2722 ⁸³.
675 2688 693 2719 ι
724 2669 912 2739 Itaque
938 2669 1150 2723 tollitur
1198 2669 1424 2722 omnino
1463 2669 1749 2723 servitutis
1790 2670 2072 2725 dedecus:

492 2760 689 2814 scribit
727 2760 874 2813 enim
901 2760 1101 2813 Paulus
1131 2777 1144 2811 :
1182 2779 1198 2809 ι
1232 2760 1290 2813 In
1313 2758 1534 2813 Christo
1560 2759 1689 2813 Iesu
1715 2773 1827 2813 non
1849 2765 1934 2814 est
1954 2775 2075 2814 ser-

488 2866 621 2914 vus,
667 2866 846 2919 neque
880 2851 1021 2906 liber
1074 2852 1138 2904 ".
1178 2871 1195 2901 ι
1244 2850 1407 2922 264,
1454 2851 1681 2905 Interim
1754 2859 1936 2905 tamen
1988 2852 2077 2906 lex

488 2940 685 3010 puerili
711 2942 865 3011 prius
889 2941 1235 2994 institutione
1262 2956 1363 2994 nos
1384 2940 1451 2994 ad
1475 2940 1871 3009 perfectionem
1893 2941 2072 2996 dedu-

488 3047 650 3095 cens,
706 3030 886 3085 aufert
938 3030 1398 3101 intemperantem
1447 3047 1609 3085 usum
1657 3034 2075 3101 potestatis,.et

2171 1939 2268 2005 τὴν
2300 1937 2378 1997 είς
2406 1935 2467 1987 τὸ
2496 1930 2554 1987 εὖ
2582 1931 2719 1988 εἶναι
2741 1934 2945 2005 ζημίαν
2975 1937 3102 1998 τοὺς
3129 1934 3587 2005 ὑπεζευγμένους,
3614 1938 3753 1988 ἀπο·

2173 2027 2384 2094 στῆναι.
2433 2026 2652 2097 Ἐφίησι
2681 2027 2737 2079 δὲ
2770 2027 3022 2097 οὐδαμῶς
3065 2024 3336 2096 ἀχαλίνως
3388 2027 3522 2080 ίέναι
3572 2028 3642 2080 τὰ
3684 2030 3753 2081 ὲκ

2172 2118 2370 2187 θυμοῦ,
2402 2119 2499 2171 καὶ
2530 2120 2610 2181 είς
2638 2117 2806 2188 αὑτὴν
2834 2118 2935 2189 ἥδη
2972 2118 3306 2189 πράττεσθαι
3335 2118 3433 2188 τὴν
3472 2117 3656 2186 φύσιν,
3680 2116 3752 2191 ἦς

2172 2209 2238 2262 ἂν
2268 2212 2439 2263 νοοῖτο
2497 2212 2657 2281 μόνος
2690 2210 2950 2280 ὑπάρχων
2992 2210 3270 2280 Δεσπότης
3313 2212 3341 2262 6
3368 2212 3713 2280 Δημιουργός
3734 2228 3749 2240 ·

2172 2300 2384 2355 δουλεία
2413 2301 2522 2371 γὰρ
2554 2302 2645 2355 καὶ
2672 2303 2734 2354 τὸ
2776 2304 2870 2355 ἐπὶ
2907 2302 3034 2372 τῇδε
3072 2301 3244 2363 πάθος
3273 2301 3372 2355 οὑκ
3409 2301 3756 2373 ἀρρώστημα

2175 2395 2423 2463 φυσικὸν,
2456 2394 2569 2447 ἀλλ’
2600 2394 2909 2463 εἰσποιητὸν
2938 2396 2999 2447 ἐκ
3030 2392 3365 2459 πλεονεξίας.
3397 2395 3485 2447 Ἐν
3529 2393 3757 2465 Χριστῷ

2180 2487 2277 2555 μὲν
2326 2481 2417 2539 οὖν
2455 2489 2483 2539 ὁ
2514 2486 2644 2548 Θεὸς
2692 2487 2786 2539 κο.)¹
2827 2485 3016 2556 Πατὴρ
3058 2486 3187 2555 ὃλην
3217 2486 3546 2541 ἀναπλάττει
3588 2486 3755 2551 εὐθὺς

2178 2580 2317 2650 πρὸς
2347 2577 2408 2631 τὸ
2425 2580 2482 2631 ἑν
2507 2578 2702 2647 ἀρχαῖς
2724 2578 2822 2648 τὴν
2853 2578 3033 2647 φύσιν.
3059 2596 3076 2628 ι
3105 2579 3172 2631 Εἴ
3189 2596 3271 2641 τις
3285 2578 3393 2649 γὰρ
3423 2578 3482 2629 ὲν
3502 2578 3750 2649 Χριστῷ,

2175 2672 2336 2740 καινὴ
2355 2671 2551 2732 κτίσις.
2579 2690 2597 2720 ι
2635 2671 2963 2739 Ἀναιρεῖται
2994 2669 3050 2722 δὲ
3079 2668 3352 2732 παντελῶς
3378 2670 3478 2737 τῆς
3503 2669 3755 2733 δουλείας

2174 2763 2236 2814 τὸ
2262 2758 2454 2831 αἶσχος
2476 2779 2491 2792 ·
2530 2761 2735 2830 γράφει
2764 2761 2874 2829 γὰρ
2897 2763 2925 2814 6
2954 2760 3185 2825 Παῦλος,
3217 2761 3300 2813 ὅτι
3338 2779 3357 2811 ι
3412 2761 3499 2815 Ἐν
3531 2762 3755 2832 Χριστῷ

2193 2853 2391 2924 Ἰησοῦ,
2414 2852 2516 2906 οὑκ
2545 2851 2625 2906 ἔνι
2646 2851 2851 2917 δοῦλος,
2878 2852 2999 2905 οὐδὲ
3025 2852 3327 2924 ἐλεύθερος.
3360 2872 3380 2905 ι
3410 2855 3756 2925 ’Δφαιρείται

2174 2944 2232 2998 δὲ
2266 2944 2403 3007 τέως
2429 2945 2458 2997 ὁ
2487 2945 2650 3013 νόμος
2691 2944 3201 3015 προσπαιδαγωγῶν
3250 2946 3330 3008 είς
3368 2945 3427 2998 τὸ
3459 2946 3666 2999 τέλειον
3692 2946 3758 3000 τὺ

2174 3038 2275 3107 τῆς
2322 3035 2573 3099 ἐξουσίας
2631 3035 2956 3100 ἀκάθεκτον,
3017 3036 3114 3090 καὶ
3152 3036 3214 3090 τὸ
3251 3037 3507 3091 ἐπέκεινα
3551 3037 3757 3109 μέτρου

489 3118 800 3183 licentiam,
826 3134 949 3188 quae
982 3119 1126 3192 qltra
1151 3119 1375 3173 modum
1401 3121 1818 3175 convenientem
1845 3137 2071 3192 progre-

2181 3129 2271 3182 τοῦ
2300 3128 2661 3199 καθήκοντος,
2713 3127 2917 3199 ζημίαν
2973 3130 3233 3192 ἐπιτιθεὶς
3273 3132 3391 3193 τοῖς
3428 3129 3759 3201 ὀλιγωροῦσι

490 3209 675 3275 ditur,
720 3211 1060 3279 multamque
1104 3212 1280 3265 sancit
1340 3212 1395 3265 in
1442 3220 1851 3282 contemptores
1903 3213 2073 3282 legis,

488 3301 753 3356 nimirum
804 3301 978 3371 ipsam
1003 3317 1199 3355 eorum
1222 3302 1317 3371 qui
1344 3303 1531 3357 violati
1582 3310 1742 3367 sunt,
1772 3304 2075 3358 manumis-

491 3393 725 3447 sionem.
753 3393 959 3447 Verum
986 3393 1101 3447 ha‘c
1123 3393 1348 3462 quidem
1373 3393 1439 3448 de
1482 3393 1651 3465 ﬁgura
1677 3402 1732 3448 et
1775 3394 1971 3448 umbra
1990 3433 2007 3453 ,
2031 3394 2077 3447 si

491 3486 579 3539 cui
618 3485 788 3539 libeat
832 3484 936 3539 hac
981 3498 1199 3553 quoque
1237 3484 1455 3538 ratione
1497 3485 1843 3554 intelligere:
1873 3484 1968 3539 sed
1999 3485 2076 3550 si,

492 3576 641 3645 quod
675 3581 888 3645 spectat
935 3575 1052 3637 lex,
1092 3574 1148 3629 id
1198 3576 1564 3644 spiritualiter
1612 3576 2077 3645 interpretemur,

493 3666 602 3720 alio
626 3681 845 3735 quoque
872 3664 1033 3718 modo
1053 3705 1068 3730 ,
1114 3664 1352 3728 Palladi,
1381 3665 1449 3719 ad
1476 3665 1623 3719 illius
1659 3665 2081 3734 contemplatio—

494 3770 625 3810 nem
677 3755 941 3809 accedere
1010 3755 1261 3823 poteris:
1297 3755 1439 3809 hanc
1499 3756 1702 3825 quippe
1750 3756 2082 3810 mundanam

495 3848 678 3902 lucem
703 3847 952 3916 corporis
975 3848 1151 3901 oculis
1176 3847 1482 3916 excipimus
1504 3856 1561 3901 et
1582 3848 1920 3902 admiramur
1948 3866 1959 3900 :
1990 3849 2083 3901 lux

496 3948 682 3993 autem
712 3938 801 3992 illa
826 3938 1188 4008 intelligibilis
1205 3938 1260 3991 in
1286 3938 1491 3993 nostris
1516 3938 1778 3993 cordibus
1799 3939 2079 3993 exoritur:
2102 3932 2105 3935 ⁷

497 4030 749 4097 corporis
789 4028 920 4082 item
948 4030 1107 4083 cibus
1140 4029 1400 4083 dentibus
1438 4028 1727 4084 conficitur
1748 4070 1762 4095 ,
1806 4039 1997 4101 estque
2019 4045 2085 4085 ea

499 4134 592 4173 res
615 4119 681 4172 ad
727 4119 893 4173 vitam
923 4120 1181 4174 tuendam
1206 4121 1295 4174 via
1326 4137 1337 4172 :
1370 4120 1463 4175 sed
1489 4120 1797 4176 divinarum
1836 4130 2084 4177 contem-

500 4209 808 4278 plationum
855 4208 1107 4263 soliditas
1151 4218 1315 4279 atque
1370 4208 1659 4264 difﬁcultas
1701 4213 1901 4265 mentis
1948 4213 2085 4267 viri-

502 4302 607 4355 bus
648 4308 906 4369 tanquam
940 4300 1200 4355 dentibus
1236 4302 1633 4370 propemodum
1661 4304 2083 4370 comminuitur,

503 4398 561 4445 et
605 4391 775 4460 pascit
813 4392 1290 4461 animum.ltaque
1317 4391 1592 4461 Sapientia
1641 4394 1802 4448 nobis
1848 4395 2086 4450 divinam

2178 3221 2271 3275 τοῦ
2312 3223 2501 3292 νόμου,
2529 3222 2636 3274 τῶν
2658 3222 3001 3291 ἠδικημένων
3029 3222 3127 3293 τὴν
3158 3225 3369 3291 ἄφεσιν,
3412 3223 3572 3276 Ἀλλά
3595 3224 3757 3277 ταυτὶ

2183 3308 2282 3380 μὲν
2314 3312 2394 3373 είς
2426 3311 2663 3380 γράμμα
2692 3311 2785 3363 καὶ
2808 3311 2986 3376 σκιὰν,
3021 3312 3180 3383 εἴπερ
3204 3312 3381 3365 ἓλοιτό
3400 3331 3481 3376 τις
3513 3314 3607 3365 καὶ
3627 3314 3756 3384 τῇδε

2180 3405 2354 3457 νοείνο
2396 3402 2445 3455 εἰ
2482 3403 2535 3456 δὲ
2571 3402 2635 3473 δὴ
2679 3403 3091 3473 διερμηνεύοιτο
3148 3405 3533 3474 πνευματικῶς
3582 3408 3611 3460 6
3658 3406 3757 3460 τοῦ

2182 3492 2349 3562 νόμου
2396 3491 2619 3555 σκοπὸς,
2674 3492 3035 3562 προσϐάλλοις
3086 3494 3172 3557 ἂν,
3222 3487 3267 3546 ὦ
3320 3493 3614 3556 Παλλάδιε,
3661 3496 3763 3549 καὶ

2183 3583 2307 3637 καθ’
2352 3583 2537 3655 ἕτερον
2572 3584 2775 3653 τρόπον
2804 3586 2916 3647 τοῖς
2947 3586 3006 3637 ὲν
3055 3584 3205 3653 αὑτῷ
3251 3585 3568 3655 θεωρήμασι
3590 3605 3603 3619 ο
3637 3590 3760 3656 φῶς

2187 3676 2286 3745 μὲν
2310 3675 2421 3747 γὰρ
2445 3676 2597 3729 τουτὶ
2621 3674 2683 3729 τὸ
2702 3675 2993 3746 ὲγκόσμιον
3023 3677 3137 3736 τοῖς
3157 3676 3249 3728 τοῦ
3281 3676 3532 3747 σώματος
3559 3677 3762 3745 ὀφθαλ-

2187 3770 2307 3836 μοῖς
2368 3764 2724 3836 εἰσδεχόμεθά
2764 3782 2824 3818 τε
2871 3766 2967 3819 καὶ
3007 3765 3385 3836 θαυμάζομεν⁸
3439 3768 3553 3836 φῶς
3602 3768 3660 3821 δὲ
3695 3769 3760 3822 τὺ

2185 3855 2326 3909 θεῖον
2356 3856 2450 3910 καὶ
2479 3856 2668 3926 νοητὸν
2702 3857 2760 3908 ὲν
2788 3857 2911 3917 ταῖς
2932 3854 3230 3925 ἡμετέραις
3245 3856 3454 3925 ἀνίσχει
3473 3857 3757 3927 καρδίαις⁸

2185 3947 2282 4001 καὶ
2312 3947 2486 4017 τροφὴ
2514 3947 2611 4016 μὲν
2640 3949 2672 4016 ὴ
2701 3946 2796 4001 τοῦ
2823 3945 3095 4017 σώματος,
3116 3944 3294 3998 ὀδοῦσι
3324 3945 3759 4008 καταλεαίνεται,

2187 4039 2281 4091 καὶ
2314 4038 2467 4091 ἔσται
2494 4038 2558 4091 τὸ
2589 4039 2778 4109 χρῆμα
2819 4039 2952 4108 πρὸς
2990 4037 3135 4108 ζωὴν
3162 4037 3310 4100 ὁδός·
3344 4037 3413 4090 τὰ
3443 4037 3500 4090 δέ
3536 4055 3600 4105 γε
3648 4037 3762 4091 τῶν

2188 4129 2345 4183 θείων
2376 4130 2767 4200 θεωρημάτων,
2802 4129 3034 4200 σκληρὰ,
3066 4129 3160 4182 καὶ
3178 4128 3473 4195 δυσέφικτα
3505 4128 3764 4200 καθάπερ

2187 4222 2361 4275 ὀδόντι
2390 4224 2454 4292 τῇ
2485 4222 2583 4290 τῆς
2602 4221 2839 4283 διανοίας
2877 4220 3021 4290 ίσχύῖ
3054 4220 3336 4291 μονονουχὶ
3366 4218 3763 4289 συνθρύπτεται

2187 4312 2281 4363 καὶ
2320 4309 2621 4379 ἀποτρέψει
2649 4310 2849 4380 ψυχήν.
2885 4311 2997 4365 Καὶ
3040 4308 3171 4377 γοῦν
3208 4311 3243 4379 ἡ
3284 4308 3453 4376 Σοφία
3480 4307 3577 4378 τὴν
3611 4307 3764 4360 θείαν

2189 4404 2322 4471 ἡμῖν
2346 4402 2441 4454 καὶ
2467 4402 2847 4473 πνευματικὴν
2866 4399 3111 4454 ἀπλοῦσα
3127 4400 3426 4469 τράπεζαν,
3462 4417 3479 4448 ι
3514 4398 3760 4463 Ἐλθετε,

506 4482 958 4551 spiritualemque
1004 4498 1253 4538 mensam
1294 4500 1604 4554 apponens,
1629 4486 1706 4539 ait
1739 4505 1752 4539 :
1802 4507 1818 4538 ι
1850 4489 2042 4544 Venite
2070 4530 2080 4554 ,

2193 4493 2399 4560 φάγετε
2440 4492 2533 4544 τὸν
2578 4491 2710 4561 tua»;
2762 4493 2948 4561 ἀρτον,
2997 4509 3016 4543 ι
3070 4491 3256 4560 φησίν.
3307 4488 3513 4543 Οὑκοῦν
3561 4490 3665 4542 κᾶν
3712 4491 3763 4541 εἰ

503 4572 653 4627 edite
703 4587 898 4641 panem
933 4588 1115 4627 meum
1144 4575 1209 4626 ³⁸.
1247 4594 1264 4624 ι
1295 4575 1500 4645 Igitur,
1537 4578 1752 4634 etiamsi
1794 4596 1955 4635 servo
1978 4580 2091 4635 for-

507 4671 653 4717 tasse
680 4662 737 4714 in
772 4661 1089 4731 hujusmodi
1126 4663 1295 4717 rebus
1320 4666 1527 4735 aliquid
1554 4667 1735 4723 damni
1762 4672 2087 4741 contigerit,

506 4751 816 4806 insaniente
856 4751 1100 4817 domino,
1128 4762 1291 4823 atque
1335 4766 1562 4826 cogente
1596 4770 1657 4814 ut
1681 4762 1841 4816 simul
1866 4779 1896 4817 a
1939 4773 2088 4819 recta

504 4840 821 4912 dogmatum
856 4842 1043 4911 regula
1086 4842 1154 4896 ad
1186 4844 1457 4901 absurdos
1497 4865 1720 4906 errores
1762 4853 2050 4908 delabatur
2072 4895 2086 4921 ,

504 4933 781 4998 solvatur,
830 4932 1040 5003 inquit,
1089 4950 1296 4998 nexus,
1342 4946 1399 4991 et
1444 4940 1558 5010 jugi
1623 4944 1873 5007 servilis,
1919 4954 2084 5015 atque

504 5040 605 5095 per
630 5024 742 5079 vim
768 5025 1045 5095 impositi,
1073 5026 1223 5081 nulla
1263 5031 1405 5083 ratio
1448 5032 1734 5089 habeatur.
1782 5036 2086 5107 Abjieiatur

502 5118 671 5170 etiam
716 5117 1005 5186 potestatis
1048 5127 1258 5184 metus,
1303 5135 1479 5191 coque
1527 5135 1717 5195 pergat
1760 5127 1852 5182 ille
1892 5129 2086 5184 aliente

506 5208 761 5276 potestati
786 5209 1093 5279 subjectus,
1120 5211 1436 5281 ubicunque
1461 5215 1578 5271 sine
1604 5233 1715 5272 sua:
1757 5219 2089 5290 integritatis

504 5295 841 5352 detrimento
862 5314 919 5353 sc
945 5316 1067 5356 esse
1091 5317 1251 5371 posse
1294 5307 1563 5374 repererit
1588 5324 1603 5373 ;
1649 5310 1828 5364 anima
1852 5326 2087 5381 namque

506 5390 853 5454 prastantius
880 5390 1015 5444 nihil
1059 5400 1144 5446 est
1171 5411 1182 5445 :
1211 5411 1375 5463 quam
1401 5405 1461 5451 ut
1488 5406 1702 5466 servet,
1748 5417 1778 5455 a
1822 5403 2089 5459 servitute

507 5476 768 5531 solvatur.
798 5479 938 5534 Vera
966 5491 1149 5539 autem
1166 5487 1334 5541 verba
1369 5490 1485 5544 haec
1509 5506 1660 5557 esse,
1688 5508 1862 5563 eaque
1886 5495 2093 5550 nostris

509 5565 688 5621 adhuc
714 5569 1054 5639 temporibus
1078 5572 1292 5644 impleri
1317 5618 1330 5641 ,
1357 5576 1515 5634 facile
1538 5588 1621 5636 est
1660 5584 1847 5638 videre
1877 5602 1887 5637 :
1914 5600 2092 5654 neque

613 5750 846 5805 "Exod.
873 5769 983 5817 xxi,
1016 5757 1107 5812 26.
1134 5759 1222 5813 37.
1313 5764 1359 5796 ⁸³
1386 5762 1427 5816 II
1447 5765 1571 5817 Cor.
1602 5780 1653 5825 v,
1683 5763 1765 5815 l7.

2192 4584 2380 4653 οἰκέτῃ
2405 4598 2468 4635 συ
2476 4581 2695 4651 μϐαίνοι
2718 4581 2880 4651 τυχὸν
2898 4580 3024 4652 περί
3050 4598 3102 4633 τι
3131 4580 3240 4633 τῶν
3260 4579 3514 4632 τοιούτων
3541 4578 3761 4649 βλάϐος,

2194 4672 2599 4743 παραπαίοντος
2631 4672 2892 4725 δεσπότου
2924 4672 3019 4725 καὶ
3053 4670 3398 4741 παρολισθείν
3427 4670 3765 4738 ἀναγκάζον-

2188 4781 2278 4827 τος
2311 4763 2370 4829 ὲξ
2416 4763 2708 4834 ὀρθότητος
2742 4763 3029 4833 δογμάτων
3070 4764 3151 4824 εἰς
3200 4760 3430 4814 ἔκτοπον
3475 4760 3766 4828 πλάνησιν,

2190 4853 2454 4915 λελύσθω,
2502 4853 2689 4922 φησιν,
2728 4853 2757 4905 6
2785 4852 3004 4921 δεσμὸς,
3049 4850 3143 4903 καὶ
3181 4849 3336 4916 λόγος
3394 4847 3533 4900 ἔστω
3578 4847 3771 4916 μηδεὶς

2192 4945 2491 5013 ἀναγκαίου
2527 4943 2715 5011 ζυγοῦ.
2750 4941 3058 5013 Διερρίφθω
3078 4940 3134 4992 δέ
3166 4956 3256 4992 ποι
3280 4939 3374 4990 καὶ
3397 4938 3495 5007 τῆς
3516 4936 3773 5001 ἔξουσίας

2192 5038 2254 5090 τὸ
2288 5037 2471 5107 δεῖμα.
2508 5038 2606 5091 ἴτω
2644 5053 2701 5089 τε
2735 5035 2923 5088 λοιπὸν
2970 5036 2999 5087 6
3051 5031 3503 5100 κατεζευγμένος.
3536 5031 3773 5100 ὅποιπερ

2194 5127 2260 5180 ἂν
2290 5126 2439 5195 αὑτῷ
2491 5126 2552 5179 τὸ
2579 5125 2875 5194 ἀλωὸήτως
2897 5121 3040 5192 ἔχειν
3076 5121 3408 5191 εὑρίσκοιτο·
3450 5117 3630 5187 ψυχῆς
3658 5117 3773 5185 γάρ

2190 5218 2411 5287 ἄμεινον
2428 5218 2580 5271 οὐδὲν
2609 5213 2696 5287 ἦν.
2734 5215 2844 5268 Καὶ
2873 5215 2960 5268 ἵνα
2994 5212 3162 5283 σώσῃ,
3199 5213 3385 5281 φησιν,
3419 5205 3775 5262 ἀπολελύσθω

2191 5309 2461 5370 δουλείας.
2485 5309 2645 5370 ’Ίδοις
2666 5307 2710 5359 δ’
2734 5306 2799 5360 ἂν
2820 5305 2997 5375 ἀληθῆ
3025 5304 3115 5356 τὸν
3143 5303 3321 5370 λόγον,
3345 5300 3439 5353 καὶ
3469 5301 3527 5351 ὲν
3556 5299 3774 5367 καιροῖς

2194 5401 2274 5454 ἔτι
2301 5404 2412 5464 τοῖς
2439 5399 2559 5453 καθ’
2592 5401 2739 5469 ἡμᾶς
2784 5396 3189 5467 πληρούμενον·
3240 5392 3302 5444 οὑ
3341 5390 3451 5461 γὰρ
3488 5389 3771 5458 ἀνέχονται

2194 5492 2470 5547 δεσποτῶν
2492 5491 2702 5546 οἰκέται
2734 5488 3223 5560 παρακομιζόντων
3252 5484 3331 5546 εἰς
3353 5481 3638 5549 πλάνησιν,
3666 5479 3771 5547 τῆς

2198 5586 2302 5656 ἔπη
2313 5584 2586 5655 ρτημένης
2605 5583 2790 5646 αὑτοῖς
2811 5579 3057 5645 ἐξουσίας
3078 5571 3516 5643 ὑπεξαγαγόντες
3538 5566 3773 5638 γενικῶς

1845 5763 2117 5817 9"Coloss.
2150 5763 2349 5821 uni“.
2432 5766 2654 5819 "prox.
2683 5781 2757 5827 ix,
2777 5766 2828 5819 5.
