3998 6542
218 444 308 501 563
930 440 1017 495 DE
1054 440 1496 498 ADORATlONE
1536 446 1602 499 IN
1638 446 1741 501 ΒΗ

1850 447 1907 502 Ἢ
1950 445 2035 537 E'l'
2077 450 2440 507 VEBITATE.
2485 450 2751 507 LIBNIH.

3338 463 3441 524 554

216 561 269 612 τὺ
294 557 343 609 ἐν
369 568 427 621 γε
453 552 626 621 τούτῳ
643 551 923 623 πειθήνιον
945 571 957 584 ·
985 554 1140 625 ἄχθει
1173 555 1270 625 μὲν
1293 556 1401 628 γὰρ
1413 557 1493 627 τῷ
1521 558 1742 621 δουλείας

1859 562 2008 615 enim
2034 565 2178 617 servi
2222 566 2493 620 sustinent
2538 566 2790 621 dominos
2832 573 2898 621 ad
2949 582 3193 627 errorem
3220 584 3439 644 pertra-

213 646 292 699 τὸν
334 641 418 695 τοῦ
472 640 722 711 σώματος
774 643 1164 710 ὺπενεγκόντες
1213 646 1435 717 αὐχένα,
1497 648 1756 719 τηροῦσιν

214 736 454 791 ἀθόλωτον
501 736 559 786 ὲν
603 734 816 796 ἑαυτοῖς
848 734 938 787 τὸν
972 735 1118 799 νοῦν,
1168 739 1262 791 καὶ
1303 738 1365 791 τὸ
1408 738 1519 792 δεῖν
1556 740 1755 794 εἰδέναι

211 829 378 896 σαφῶς
394 841 453 877 τε
487 825 582 877 καὶ
603 825 857 890 ἀπλανῶς
885 826 977 880 τὸν
1000 828 1129 899 περὶ
1155 830 1251 900 τῆς
1270 830 1504 900 ἀληθοῦς
1520 833 1757 897 πίστεως

209 920 364 987 λόγον,
397 916 590 969 πολλοῦ
638 917 702 987 δὴ
732 917 873 985 λίαν,
922 920 1121 989 μᾶλλον
1160 921 1217 974 δὲ
1263 921 1355 975 τοῦ
1392 924 1591 987 παντὸς
1615 920 1755 977 εἶναι

206 1012 339 1078 ἀξιον
370 1008 788 1072 πεπιστεύκασι,
819 1010 911 1063 καὶ
938 1010 1143 1081 τροφὴν
1174 1012 1237 1064 τὸ
1258 1016 1445 1083 χρῆμα
1473 1013 1754 1068 ποιοῦνται

207 1100 579 1171 πνευματικὴν,
619 1095 709 1154 οἷά
753 1118 861 1172 περ
887 1101 1061 1154 ὀδόντι
1100 1102 1178 1173 τῷ
1226 1104 1302 1173 νῷ
1334 1105 1755 1176 κατατρίϐοντες

203 1196 256 1248 τὸ
282 1196 356 1256 εἰς
383 1187 473 1254 οὖς
498 1192 817 1262 ἐρχόμενον,
849 1193 945 1245 καὶ
983 1191 1084 1262 τὴν
1110 1194 1220 1247 τῶν
1264 1195 1424 1249 θείων
1467 1196 1754 1269 νοημάτων

202 1285 603 1359 ἀναμασώμενοι
633 1285 881 1354 δύναμιν.

265 1556 460 1610 ΠᾹΛΛ.
521 1554 611 1617 Ὠς
664 1554 841 1624 σαφής
888 1569 947 1605 τε
1008 1553 1162 1623 ημῖν,
1216 1553 1309 1606 καὶ
1352 1552 1529 1624 ὀρθῶς
1562 1553 1753 1623 ἓχωνό

198 1652 416 1795 λὸἶίοξίΡ.
450 1737 772 1811 Προσεθίζει
796 1738 855 1791 δὲ
883 1738 977 1791 καὶ
1015 1736 1217 1808 ἑτέρως
1241 1738 1269 1789 6
1294 1736 1458 1807 νόμος
1496 1738 1647 1809 ἡμᾶς
1674 1740 1753 1802 εἰς

195 1830 573 1903 φιλαλληλίαν,
611 1832 778 1901 τιμᾷν
831 1829 1142 1883 ἀναπείθων
1185 1829 1248 1882 τὸ
1290 1829 1751 1899 συγκαθίστασθαι

1858 652 2082 718 hentes,
2119 664 2175 710 et
2215 672 2281 710 ex
2327 656 2581 727 imposita
2626 659 2731 713 sibi
2777 660 3125 718 dominorum
3167 676 3440 735 potestate

1857 744 2190 800 subtrahunt
2229 747 2466 817 ingenue
2506 749 2561 802 in
2593 750 2696 805 hac
2736 768 2795 806 re
2820 762 2970 809 certe
3013 756 3251 812 cilicium
3276 760 3441 815 obw

1857 836 2096 904 quendi;
2124 852 2280 900 nam,
2309 854 2431 893 cum
2456 854 2597 895 onus
2643 843 2927 899 servitutis
2952 847 3163 903 cervice
3188 852 3440 921 corporis

1856 927 2120 992 subeant,
2167 943 2369 998 purum
2425 932 2482 985 in
2527 932 2726 1003 seipsis
2768 936 3013 993 animum
3060 942 3333 1008 retinent,
3381 954 3440 999 et

1854 1018 2014 1087 plane
2037 1034 2102 1073 ac
2126 1019 2360 1075 ﬁrmiter
2379 1036 2540 1076 nosse
2561 1038 2706 1078 vera:
2750 1024 2877 1079 ﬁdei
2921 1028 3190 1086 rationem
3214 1034 3438 1102 plurimi

1853 1106 2093 1172 faciunt,
2120 1109 2230 1164 imo
2258 1125 2390 1165 vero
2417 1111 2474 1166 in
2499 1127 2568 1166 eo
2590 1128 2860 1169 summam
2882 1125 3054 1172 totam
3079 1136 3200 1177 esse
3232 1126 3440 1181 consti-

1854 1206 2043 1265 tuunt,
2080 1216 2313 1271 eamque
2351 1218 2467 1257 rem
2492 1203 2548 1257 in
2575 1204 2761 1260 cibum
2804 1207 3148 1277 spiritual'em
3174 1224 3434 1282 vertunt,

1853 1300 1910 1345 et
1931 1292 2077 1361 quod
2098 1293 2332 1349 auribus
2362 1303 2726 1364 acceperunt,
2766 1307 2950 1354 mente
2980 1308 3235 1372 tanquam
3271 1306 3439 1364 dente

1853 1383 2270 1449 comminuunt,
2319 1385 2743 1457 divinorumque
2777 1404 3039 1446 sensuum
3062 1394 3171 1449 vim
3216 1412 3436 1453 reman-

1852 1473 2010 1529 dunL

1926 1564 2122 1619 PALL.
2152 1565 2450 1637 Perspicua
2486 1583 2617 1623 sane
2643 1576 2759 1635 est,
2794 1585 2862 1626 ac
2905 1581 3052 1630 recte
3078 1575 3243 1631 habet
3264 1594 3434 1649 expo-

1856 1655 2005 1710 sitio.

1922 1746 2079 1802 CYR.
2118 1748 2291 1804 Aliter
2313 1765 2531 1819 quoque
2576 1752 2664 1807 lex
2687 1769 2788 1808 nos
2831 1755 3155 1822 assuefacit,
3202 1766 3263 1813 ut
3290 1758 3435 1815 inter

1855 1855 1957 1895 nos
2005 1856 2285 1907 amemus,
2332 1858 2456 1898 cum
2502 1846 2682 1901 colere
2726 1846 2922 1903 suadet
2944 1850 3285 1917 societatem,
3326 1871 3435 1924 qua

193 1926 294 1986 τοίς
318 1922 504 1990 ἐγγὺς,
532 1921 775 1984 καὶτοὺς
792 1921 891 1990 τῆς
924 1919 1241 1989 ἀνισότητος
1268 1923 1742 1992 καταμυσαττόμε

1850 1945 1973 1986 cum
2017 1934 2282 2003 proximis
2322 1938 2712 2007 congruimus,
2740 1948 2795 1995 et
2838 1941 3179 2011 inaequaliter
3211 1945 3433 2001 vivendi

192 2016 273 2077 νός
302 2030 358 2066 τε
385 2012 483 2065 καὶ
513 2011 757 2077 κολάζων
786 2012 1044 2083 τρόπους.

252 2106 449 2159 ΠΑΛΔ.
473 2105 599 2169 Πῶς
626 2105 690 2177 δὴ
717 2105 824 2176 φής
844 2123 858 2172 ;
1430 2152 1431 2155 η

250 2201 407 2254 ΚΥΡ.
448 2200 655 2253 Ἀκουε
683 2198 780 2270 δή·
812 2199 1015 2269 γράφει
1041 2199 1151 2270 γὰρ
1179 2199 1343 2253 πάλιν
1368 2214 1381 2230 ·
1424 2216 1444 2251 ι
1489 2198 1615 2252 Ἐὰν
1656 2216 1750 2252 κεο

190 2292 369 2366 ρατίσῃ
411 2292 557 2355 τινὸς
603 2292 803 2363 ταῦρος
841 2291 931 2346 τὸν
976 2291 1175 2362 ταῦρον
1222 2290 1315 2344 τοῦ
1360 2290 1606 2362 πλησίον,
1656 2291 1751 2343 καί

185 2379 491 2454 τελευτήσῃ,
528 2380 899 2436 ἀποδώσονται
936 2382 1028 2435 τὸν
1056 2381 1259 2453 ταῦρον
1293 2380 1386 2435 τὸν
1420 2379 1622 2447 ζῶντα,
1654 2381 1749 2434 καὶ

185 2472 466 2528 διελοῦνται
519 2473 587 2527 τὸ
612 2473 874 2545 ἀργύριον
917 2473 1107 2539 αὑτοῦ,
1139 2474 1234 2526 καὶ
1281 2474 1375 2527 τὸν
1418 2473 1619 2544 ταῦρον
1657 2473 1749 2527 τὸν

182 2566 466 2635 τεθνηκότα
503 2565 825 2620 διελοῦνται.
870 2566 994 2619 Ἐάν
1022 2565 1079 2618 δὲ
1118 2564 1454 2636 γνωρίζηται
1481 2566 1510 2618 6
1546 2564 1747 2636 ταῦρος

181 2661 254 2714 δτι
286 2662 612 2733 κερατιστής
641 2661 759 2713 ἔστι
778 2659 885 2731 πρὸ
912 2661 1013 2731 τῆς
1033 2660 1159 2730 χθὲς
1184 2660 1277 2712 καί
1302 2661 1408 2729 πρὸ
1434 2657 1534 2729 τῆς
1557 2658 1744 2729 τρίτης

182 2750 404 2823 ἡμέρας
450 2750 552 2804 καί¹
579 2749 1164 2821 διαμεμαρτυρημένα
1192 2744 1294 2803 ὦσι
1323 2747 1401 2819 τῷ
1443 2749 1617 2819 κυρίῳ
1650 2748 1746 2803 αύ-

180 2842 286 2905 τοῦ,
315 2842 521 2913 καὶμὴ
552 2842 791 2915 ἀφανίσῃ
838 2841 1023 2906 αὑτὸν,
1070 2842 1319 2895 ἀποτίσει
1371 2840 1570 2913 ταῦρον
1622 2839 1745 2894 ἀντὶ

178 2936 382 3008 ταύρου,
408 2939 436 2990 6
467 2936 529 2990 δὲ
550 2934 955 3006 τετελευτηκὼς
980 2934 1129 3005 αύτῷ
1149 2935 1322 2990 ἔσται.
1355 2952 1374 2986 ι
1392 2934 1556 3007 Ὁρᾷς
1582 2933 1642 2987 τὸ
1660 2934 1743 2987 αἵ-

179 3043 357 3095 νιγμα,
391 3026 494 3080 καὶ
508 3026 789 3088 οἰονείπως
815 3028 945 3096 ἡμῖν
969 3027 1033 3078 ὲκ
1056 3024 1498 3095 παραδείγματος
1519 3025 1741 3093 ἐναργε-

180 3120 360 3173 στάτου
393 3118 537 3191 πρὸς
561 3118 623 3171 τὺ
647 3117 776 3171 εὐθὺ
802 3116 1177 3186 διαστείχοντα
1210 3115 1301 3169 τὸν
1341 3114 1435 3169 ἐπὶ
1483 3114 1619 3183 τῷδε
1658 3115 1743 3168 λό-

176 3229 296 3279 γονς
326 3212 386 3265 Εἰ
429 3211 547 3283 γὰρ
591 3210 803 3278 γένοιτο
844 3209 1120 3272 τεθνάναι,
1171 3208 1325 3278 φησὶ,
1352 3207 1444 3262 τὸν
1467 3206 1562 3261 τοῦ
1591 3207 1740 3260 δεῖνα

176 3304 377 3376 ταῦρον,
425 3306 528 3357 καὶ
563 3303 650 3373 ὑφ’
696 3302 886 3373 ἐτέρου
936 3300 1140 3373 ταύρου
1183 3303 1389 3367 πεσεῖν,
1436 3298 1735 3353 διελοῦνται

173 3394 257 3450 τὸν
300 3395 509 3468 ταῦρον
550 3397 643 3450 τὸν
684 3395 882 3462 ζῶντα,
917 3396 1012 3449 καὶ
1060 3396 1263 3465 ἀμφοῖν
1310 3392 1463 3446 ἔσται
1507 3392 1666 3446 πάλιν
1708 3390 1737 3444 6

173 3488 455 3558 τεθνηκὼς,
496 3490 794 3552 τουτέστιν,
837 3490 885 3541 εί
933 3485 1247 3551 πλεονεξίας
1294 3484 1597 3554 ἐπιγένοιτο
1644 3484 1739 3538 καὶ

172 3581 371 3643 ἀδικίας
421 3581 630 3651 τρόπος
658 3578 788 3651 παρ’
822 3579 920 3648 οὐχ
959 3577 1174 3640 ἑκόντος
1219 3575 1364 3639 τινὸς
1413 3577 1491 3638 εἰς
1528 3575 1734 3644 ἕτερον,

172 3672 507 3742 ἐντρυφᾶτω,
533 3670 716 3740 φησὶν,
740 3671 769 3721 6
798 3668 1125 3739 ἠδικημένος
1144 3671 1260 3731 τοϊς
1277 3667 1369 3721 τοῦ
1396 3667 1737 3739 λυπήσαντος

170 3762 403 3829 ἀγαθοῖς,
436 3764 540 3815 καὶ
569 3761 755 3823 κοινὰς
779 3760 949 3829 ἐχέτω
974 3757 1073 3822 τὰς
1101 3758 1389 3829 θυμηδίας.
1411 3756 1581 3810 Τοῦτο
1604 3756 1732 3825 γὰρ,

169 3850 333 3925 οἶμαι,
381 3853 530 3918 ἔστι,
588 3854 651 3905 τὸ
682 3851 951 3905 διελέσθαι
1000 3851 1092 3905 τὸν
1142 3850 1343 3920 ταῦρον
1390 3848 1481 3902 τδν
1520 3846 1731 3913 ζῶντα·

168 3946 356 4008 Κοινάς
399 3946 456 3997 δὲ
501 3944 742 4008 ποιείτω,
789 3942 942 4013 φησὶ,
978 3942 1072 3995 καὶ
1112 3941 1450 4012 ἀνεθελήτως
1498 3956 1735 4011 προσκε-

172 4037 408 4109 κρουκὼς
438 4038 547 4099 τὰς
575 4034 669 4089 τοῦ
717 4034 1047 4097 πεπονθότος
1097 4034 1413 4105 συμφοράς’
1444 4033 1596 4086 τουτὶ
1626 4031 1735 4102 γὰρ

166 4126 309 4198 οἶμαι
336 4126 713 4199 παραδηλοῦν,
732 4126 791 4178 τὸ
818 4122 1088 4179 διελέσθαι
1107 4124 1199 4177 τὸν
1221 4123 1539 4194 τεθνηκότα.
1575 4122 1735 4193 Ὁρᾷς

167 4214 253 4273 οὖν
296 4220 445 4282 ὅπως
471 4221 503 4272 6
549 4216 713 4287 νόμος
744 4213 1162 4284 αἰνιγματωδῶς
1191 4213 1273 4266 ἔτι
1311 4212 1407 4265 καὶ
1444 4227 1736 4266 κατεσκια-

171 4309 371 4380 σμένως
395 4312 492 4364 τὸν
517 4308 841 4379 φιλάλληλον
866 4308 1165 4376 εἰσηγεῖται
1185 4306 1413 4374 τρόπον;
1436 4305 1507 4356 Ἢ
1530 4303 1649 4372 οὐχὶ
1670 4302 1734 4370 δὴ

167 4403 313 4455 τοῦτό
344 4404 461 4455 ἐστι
489 4402 575 4466 τὸ,
611 4420 629 4451 ι
654 4399 882 4471 Χαίρειν
910 4399 1048 4471 μετά
1068 4398 1391 4470 χαιρόντων,
1420 4393 1735 4466 καὶδκλαίειν

169 4496 297 4565 μετά
332 4495 634 4549 κλαιόντων
654 4508 668 4558 ;
707 4511 726 4544 ι

227 4588 431 4643 ΠΑΛΛ.
472 4588 682 4640 Ἔοικε.

226 4679 387 4733 ΚΥΡ.
414 4680 480 4732 Εἰ
511 4677 571 4731 δὲ
597 4676 683 4748 δὴ,
707 4675 892 4746 φησιν,
911 4678 939 4730 ὁ
970 4675 1303 4731 πλεονεκτῶν
1327 4673 1492 4750 εἰδείη
1524 4678 1731 4748 σαφῶς,

161 4773 236 4826 ὅτι
265 4774 524 4828 πείσεταί
558 4791 610 4826 τι
644 4771 818 4826 δεινὸν
850 4773 878 4825 6
919 4770 1109 4835 πέλας,
1145 4768 1254 4824 τῶν
1284 4771 1384 4841 τῆς
1421 4770 1734 4835 πλεονεξίας

162 4869 369 4939 τρόπων
422 4868 528 4921 οὐκ
576 4865 968 4938 ἀνῃρημένων,
1007 4863 1209 4934 ζημίαν
1253 4863 1415 4927 αὐτὸς
1455 4863 1554 4935 τὴν
1614 4863 1735 4933 ῐσην

164 4961 441 5032 ὑπομενεῖ,
480 4961 578 5014 καὶ
616 4960 714 5029 τὴν
754 4957 853 5011 τοῦ
905 4955 1172 5018 παθόντος
1224 4955 1508 5026 συμφορὰν
1565 4957 1733 5008 ὲπαν-

157 5053 334 5125 τλήσει
368 5054 515 5127 μόνῃ
536 5055 602 5123 τῇ
639 5051 748 5122 ἰδίᾳ
775 5050 945 5121 ψυχῇ.
965 5048 1137 5103 Τοῦτο
1161 5047 1271 5119 γὰρ
1294 5046 1728 5117 αἰνιγματωδῶς,

156 5148 229 5209 τὸ,
267 5166 285 5199 ι
326 5146 609 5199 Ἀποτίσει
631 5142 829 5216 ταῦρον
862 5141 984 5197 ἀντὶ
1015 5141 1240 5211 ταύρου,
1270 5141 1297 5194 6
1326 5139 1382 5193 δὲ
1416 5140 1729 5211 τετελευτη-

159 5236 261 5300 κὼς
287 5237 460 5291 αὐτοῦ
493 5235 667 5289 ἔσται.
705 5252 723 5286 ι
777 5234 852 5286 υύ
892 5233 1001 5304 γάρ
1038 5232 1201 5303 μέχρι
1250 5231 1343 5284 τοῦ
1381 5231 1492 5286 τῶν
1518 5231 1732 5285 οἰκείων

156 5326 369 5392 ἀγαθῶν
399 5329 703 5381 ἀποπεσεῖν
730 5328 840 5389 τοῖς
873 5324 1151 5378 ἀδικοῦσιν
1178 5326 1205 5378 ὁ
1233 5323 1409 5393 λόγος,
1451 5322 1566 5377 ἀλλ’
1594 5324 1731 5377 ἰδίαν

152 5418 324 5485 ἕξουσι
362 5418 681 5489 συμφορὰν,
716 5419 809 5471 καὶ
836 5415 1015 5471 αὐτῶν
1046 5415 1199 5470 ἔσται
1222 5415 1413 5484 πάθος,
1438 5415 1502 5469 τὸ
1527 5414 1605 5486 τῷ
1631 5414 1731 5470 πέ-

151 5511 243 5574 λας
276 5512 653 5583 συμϐεϐηκός.

217 5689 430 5745 ΠΑΑΛ.
478 5689 566 5754 Ὠς
591 5684 650 5744 εὖ
679 5704 741 5757 γε
772 5690 906 5760 ἡμῖν
931 5690 960 5744 6
996 5688 1153 5758 λόγος
1181 5689 1313 5762 ἔχει.

258 5806 505 5863 "Exod.
534 5804 849 5873 111,325,716.
923 5807 968 5839 "
1002 5806 1158 5862 Rom.
1214 5823 1308 5875 ιη,
1360 5805 1445 5864 15.
1526 5809 1570 5843 ’³
1610 5806 1783 5865 Exod.

471 5900 747 5961 PATROL.
795 5902 908 5961 Gn.
959 5902 1215 5959 LXVIII.

1855 2036 2037 2076 mores
2059 2022 2363 2078 detestatur
2385 2040 2450 2080 ac
2472 2027 2648 2095 punit.

1923 2112 2083 2183 265
2112 2114 2304 2169 PALL.
2337 2115 2459 2182 Quo
2486 2118 2705 2174 tandem
2734 2119 2879 2176 istud
2907 2123 3070 2179 modo

1919 2202 2076 2260 CYR.
2134 2204 2336 2275 Accipe
2383 2207 2533 2277 jam;
2578 2208 2775 2263 scribit
2829 2212 2976 2266 enim
3032 2229 3225 2269 rursus
3264 2232 3278 2268 ι
3314 2235 3331 2265 ι
3373 2215 3429 2271 Si

1850 2310 2023 2350 cornu
2057 2298 2392 2365 percusserit
2416 2299 2649 2369 alicujus
2694 2309 2885 2358 taurus
2929 2310 3151 2360 taurum
3196 2307 3427 2376 proximi

1849 2386 1957 2447 sui,
2006 2396 2062 2441 et
2108 2397 2360 2441 mortuus
2386 2386 2573 2452 fuerit,
2601 2389 2844 2445 vendent
2882 2399 3102 2447 taurum
3126 2395 3426 2460 viventem,

1848 2483 1905 2528 et
1926 2475 2171 2531 divident
2196 2476 2437 2546 pretium
2461 2480 2581 2549 ejus
2610 2495 2624 2545 ;
2658 2486 2876 2535 taurum
2903 2497 3121 2552 quoque
3148 2492 3427 2539 mortuum

1849 2567 2116 2624 divident.
2145 2570 2299 2636 Quod
2328 2571 2373 2626 si
2399 2571 2679 2642 cognitum
2706 2573 2893 2637 fuerit,
2921 2575 3065 2644 quod
3094 2583 3284 2631 taurus
3306 2593 3428 2631 cor-

1848 2667 2052 2729 nupeta
2077 2670 2223 2715 esset
2254 2670 2380 2717 ante
2407 2663 2727 2718 hesternum
2766 2675 2822 2719 et
2847 2674 2973 2720 ante
2998 2667 3224 2720 tertium
3256 2667 3425 2732 diem.

1847 2761 1902 2806 et
1929 2752 2201 2808 testiﬁcati
2230 2753 2438 2808 fuerint
2460 2754 2684 2810 domino
2706 2756 2846 2826 ejus,
2868 2764 2923 2811 et
2947 2771 3055 2810 non
3073 2756 3428 2813 absconderit

1846 2858 1973 2898 eum
1995 2885 2008 2903 .
2050 2844 2244 2899 reddet
2268 2852 2485 2900 taurum
2523 2860 2623 2916 pro
2650 2853 2840 2911 tauro,
2875 2856 2931 2901 et
2967 2857 3219 2903 mortuus
3252 2848 3426 2918 ipsius

1844 2933 1952 2988 erit
1974 2934 2038 2987 ".
2087 2953 2105 2984 ι
2147 2933 2314 2988 Vides
2362 2936 2614 3005 amigma,
2666 2942 2722 2989 et
2767 2934 3063 3004 Scriptura:
3112 2935 3216 2990 hac
3246 2936 3315 2990 dc
3361 2952 3423 2991 re

1846 3025 2014 3079 verba
2048 3024 2452 3094 quodammodo
2490 3040 2555 3079 ex
2594 3024 3013 3080 evidentissima
3056 3027 3308 3095 exemplo
3351 3028 3421 3082 ad

1846 3116 1901 3171 id
1943 3115 2190 3181 tendere,
2220 3115 2368 3185 quod
2400 3124 2609 3170 rectum
2632 3116 2755 3172 est?
2779 3115 2833 3170 Si
2860 3116 3030 3203 e‘nim,
3059 3117 3257 3186 inquit,
3285 3133 3419 3172 cono

1846 3207 2032 3278 tigerit
2066 3208 2207 3263 mori
2231 3207 2537 3279 cujuspiam
2568 3218 2809 3275 taurum,
2835 3215 2891 3265 et
2917 3210 2987 3265 ab
3010 3210 3240 3266 alterius
3263 3219 3419 3266 tauro

1844 3300 2043 3364 occidi,
2074 3300 2321 3355 divident
2344 3300 2622 3356 viventem
2654 3310 2894 3366 taurum,
2919 3310 2977 3357 et
3000 3301 3288 3356 amborum
3328 3302 3422 3357 iti-

1840 3393 1965 3448 dem
1987 3393 2093 3447 erit
2113 3392 2347 3454 occisus,
2374 3392 2429 3446 id
2444 3401 2527 3447 est
2553 3409 2565 3444 :
2592 3392 2639 3447 si
2663 3391 2806 3461 quod
2840 3392 3212 3462 oppressionis
3233 3401 3291 3447 et
3314 3392 3421 3447 ini-

1837 3485 2064 3555 quitatis
2089 3500 2262 3555 genus
2283 3484 2352 3539 ab
2370 3484 2557 3553 aliquo
2580 3499 2689 3539 non
2713 3484 2952 3549 volente,
2980 3484 3037 3540 in
3060 3485 3295 3540 alterum
3319 3484 3419 3538 de-

1838 3580 2073 3634 rivatum
2101 3579 2192 3643 sit,
2218 3578 2355 3647 ejus,
2393 3575 2591 3646 inquit,
2638 3576 2800 3631 bonis
2842 3577 2935 3645 qui
2974 3577 3223 3641 offendit,
3253 3576 3299 3631 is
3323 3578 3418 3645 qui

1837 3669 2077 3723 violatus
2148 3674 2253 3731 est,
2309 3666 2657 3737 perfruatur,
2709 3674 2765 3720 et
2814 3665 3124 3720 communia
3183 3664 3421 3720 habeant

1835 3759 2121 3815 commoda
2146 3767 2310 3828 atque
2336 3757 2549 3812 solatia.
2594 3758 2711 3812 Hoc
2748 3757 2896 3812 enim
2940 3766 3044 3821 est,
3085 3757 3302 3826 opinor,
3331 3756 3418 3811 di-

1834 3851 2025 3906 videre
2070 3850 2346 3904 viventem
2396 3856 2612 3903 taurum
2653 3865 2667 3902 :
2712 3863 3141 3917 communesque
3179 3848 3417 3915 habeat,

1837 3943 2034 4012 inquit,
2061 3941 2153 4011 qui
2186 3941 2274 3995 vel
2310 3941 2504 3995 nolens
2546 3938 2796 4003 oﬁ‘cndit,
2835 3940 2956 4009 ejus
2979 3940 3072 4008 qui
3100 3940 3301 3994 damno
3335 3950 3421 3995 est

1834 4036 2085 4099 aﬁ‘ectus,
2116 4033 2454 4088 calamitates
2484 4048 2496 4085 :
2544 4030 2599 4084 id
2619 4030 2768 4084 enim
2793 4045 2863 4084 ex
2884 4045 2953 4084 eo
2988 4029 3293 4098 signiﬁcari
3331 4045 3420 4084 ar—

1836 4126 2033 4189 bitror,
2090 4122 2240 4193 quod
2287 4121 2466 4176 dividi
2503 4120 2731 4191 jubetur
2764 4119 3003 4174 occisus.
3048 4119 3215 4174 Vides
3250 4119 3420 4188 igitur

1838 4225 1901 4269 ut
1942 4214 2030 4267 lex
2058 4211 2349 4281 aenigmata
2373 4218 2430 4263 et
2450 4209 2676 4263 umbras
2700 4207 2767 4261 ad
2792 4214 2997 4262 mutuae
3022 4206 3419 4261 benevolentia;

1839 4319 2020 4358 mores
2059 4301 2355 4357 hortetur?
2400 4315 2580 4354 annon
2620 4299 2726 4353 hoc
2763 4298 2899 4352 illud
2935 4304 3061 4352 est:
3110 4316 3128 4347 ι
3162 4296 3417 4353 Gaudere

1838 4409 1963 4449 cum
1991 4393 2377 4465 gaudentibus,
2404 4399 2462 4445 et
2484 4389 2614 4445 ﬁere
2639 4403 2763 4444 cum
2786 4387 3143 4445 ﬂentibus"?
3178 4407 3197 4441 ι

1772 4599 1814 4651 D
1909 4594 2106 4651 PALL.
2149 4594 2230 4648 lta
2261 4591 2499 4647 videtur.

1906 4686 2062 4741 CYR.
2108 4684 2165 4739 Si
2204 4700 2337 4739 vero
2371 4684 2465 4739 ille
2494 4695 2784 4753 oppressor
2826 4682 2987 4751 plane
3028 4682 3197 4748 norit,
3224 4682 3270 4737 si
3298 4680 3414 4752 ipse

1836 4776 2209 4848 oppressionis
2252 4788 2363 4828 sua:
2394 4785 2576 4827 mores
2620 4788 2731 4827 non
2791 4771 3122 4837 cohibuerit,
3164 4771 3415 4842 proximo

1836 4868 2049 4938 aliquid
2088 4864 2420 4921 incommodi
2462 4864 2733 4929 futurum,
2778 4864 2899 4935 pari
2934 4864 3135 4919 damno
3154 4864 3415 4918 multabi-

1839 4969 1950 5024 tur,
1980 4967 2037 5013 et
2060 4960 2180 5029 ejus
2205 4956 2600 5012 detrimentum
2641 4957 2738 5027 qui
2765 4956 3006 5012 violatus
3030 4964 3131 5021 est,
3158 4970 3272 5009 sua:
3295 4954 3417 5008 ani-

1837 5069 1937 5108 mae
1992 5053 2166 5107 solius
2221 5050 2471 5121 periculo
2537 5049 2846 5105 exhauriet.
2913 5049 3029 5103 Hoc
3079 5046 3225 5101 enim
3280 5044 3404 5099 illua'

1835 5144 2066 5216 aenigma
2113 5142 2385 5211 signiﬁcat
2431 5159 2444 5196 :
2496 5161 2515 5193 ι
2567 5138 2779 5197 Reddet
2822 5146 3044 5195 taurum
3086 5154 3188 5209 pro
3222 5144 3411 5202 tame,

1834 5249 2086 5294 mortuus
2106 5244 2289 5291 autem
2323 5234 2497 5305 ipsius
2519 5235 2627 5290 erit
2650 5234 2717 5286 ⁸⁸.
2752 5251 2770 5283 ›
2792 5232 2980 5301 Neque
3002 5231 3149 5286 enim
3179 5243 3303 5284 cum
3326 5228 3412 5293 iis,

1836 5328 1931 5401 qui
1959 5330 2215 5401 injuriam
2249 5328 2513 5390 inferunt,
2553 5325 2630 5379 ita
2664 5324 2932 5378 duntaxat
2969 5330 3182 5393 agetur,
3224 5328 3286 5375 ut
3317 5336 3415 5375 sua

1837 5420 2002 5475 modo
2048 5420 2190 5473 bona
2233 5416 2504 5477 amittant,
2543 5413 2639 5469 sed
2687 5411 2907 5482 propria
2948 5410 3169 5466 illorum
3193 5409 3301 5464 erit
3322 5423 3415 5463 ca-

1838 5510 2055 5565 lamitas
2091 5527 2103 5562 :
2145 5518 2201 5562 et
2226 5506 2329 5577 ipsi
2355 5504 2557 5581 malum
2586 5503 2691 5558 hoc
2714 5503 3007 5572 patientur,
3037 5499 3186 5574 quod
3228 5498 3416 5571 proxi-

1837 5617 1929 5656 mo
1957 5600 2208 5671 contigit.

1912 5692 2108 5747 PALL.
2141 5690 2407 5747 Praeclare
2432 5703 2562 5743 sane
2596 5703 2655 5743 se
2681 5681 2852 5742 habet
2874 5684 3074 5742 oratio.

1830 5825 1937 5869 xxi,
1984 5806 2051 5862 '56

3065 5884 3133 5947 18
