3998 6562
253 464 344 519 557

932 458 1020 511 DE
1060 454 1500 513 ADORATIONE
1537 454 1604 509 IN
1646 450 1913 508 SPIRITU
1954 451 2040 507 ET
2080 452 2447 507 VERITATE.
2487 450 2612 506 Llll.
2654 454 2769 507 V'lll

317 577 465 633 Kl‘l’.
516 574 653 627 Ἀλλ’
685 574 842 645 εἴπερ
872 591 956 637 τις
994 577 1155 644 τυχὸν
1184 572 1262 645 τῷ
1290 571 1573 641 πραότητά
1607 588 1665 623 τε
1712 571 1806 622 xa‘t

1978 569 2139 639 267
2172 568 2329 623 CYR.
2359 570 2545 640 Atqui,
2583 571 2627 625 si
2662 571 2789 640 quis
2842 570 3071 627 fortasse
3108 574 3164 628 in
3203 589 3351 640 eum,
3387 581 3480 647 qui

254 667 585 734 ἀνεξικακίαν
625 665 1018 735 ἐπιτηδεύοντι,
1053 666 1229 726 λύπας
1246 680 1306 717 τε
1338 664 1432 717 καὶ
1468 662 1653 732 ὕϐρεις
1687 662 1805 713 ἐπι-

258 757 555 831 σωρεύσειε,
610 756 705 808 καῖ
743 757 813 809 τὰ
849 757 913 809 δι’
937 750 1012 809 ὧν
1039 758 1088 808 οἱ
1123 756 1304 826 θυμοὶ,
1349 754 1584 824 μετρίως
1629 753 1726 822 μὲν
1756 752 1806 802 εί

254 854 467 922 γένοιτο,
506 847 987 918 διακαρτερήσειεν
1034 848 1099 901 ἂν
1124 847 1234 901 ἔσθ’
1255 848 1345 900 ὅτε
1378 846 1471 899 καὶ
1504 844 1642 896 οἴσει
1680 860 1805 911 γεν-

253 942 422 1001 νικῶς,
472 938 775 1007 γύμνασμα
797 956 856 990 τε
919 939 1223 1009 πραότητος
1259 938 1357 993 καὶ
1400 935 1703 1008 ἀοργησίας
1749 936 1809 989 τὸ

252 1035 421 1106 χρῆμα
448 1032 752 1101 ποιήσεται.
780 1032 844 1083 Εἰ
868 1031 926 1083 δὲ
953 1032 1016 1103 δή
1048 1048 1133 1095 τις
1162 1032 1230 1084 τοι
1260 1030 1353 1083 τοῦ
1393 1028 1617 1100 μετρίου
1640 1027 1806 1098 πέρα.

253 1128 338 1181 καὶ
364 1124 467 1176 τῶν
499 1122 850 1187 ἀνεξικακίας
874 1125 1018 1193 ὃρων
1052 1123 1309 1177 ἐπέκεινα
1326 1122 1538 1193 τρέχοι,
1567 1122 1629 1175 τὸ
1650 1122 1810 1177 ἀπει-

253 1218 339 1280 x‘o;
373 1213 545 1275 οὐδὲν,
600 1213 1058 1267 καταϐιασθεῖσαν
1086 1213 1277 1285 ὥσπερ
1321 1213 1423 1284 τὴν
1461 1213 1663 1283 ἀρετὴν
1716 1212 1811 1264 καὶ

252 1307 493 1375 ατονῆσαι
524 1303 718 1374 βραχύ.

313 1398 513 1450 ΠΑΛΛ.
536 1392 609 1449 Εὖ
645 1396 821 1463 λέγεις
846 1413 861 1425 ·
915 1394 1104 1466 μεθύει
1134 1395 1245 1464 γάρ
1276 1412 1393 1458 πως
1420 1392 1813 1465 ἐνάνθρώποις

250 1488 304 1539 τὸ
338 1484 564 1553 ἀγαθὸν,
613 1486 707 1538 καὶ
736 1485 949 1549 οὐδενὸς
1008 1484 1408 1549 κατασείοντος,
1463 1484 1661 1555 ἔστηκε
1713 1484 1811 1555 μό-

250 1594 345 1640 λις.

325 1666 480 1721 ΚΥΡ.
522 1667 710 1737 Ἵθιδὴ
745 1662 859 1733 οὖν,
889 1668 939 1720 εί
995 1667 1172 1734 δοκεῖ,
1226 1667 1322 1723 καὶ
1372 1666 1678 1738 ἐπ’,ἀὺτὴν
1714 1666 1813 1737 τὴν

252 1760 539 1829 ἀγάπησιν.
573 1758 764 1829 ’Δρετὴ
805 1759 911 1829 γὰρ
943 1760 975 1829 ἠ
1006 1757 1336 1829 προῦχουσα,
1365 1759 1457 1812 καὶ
1489 1758 1598 1811 τῶν
1639 1760 1813 1814 ἄλλων

246 1852 390 1904 ἐστὶν
434 1852 469 1919 ἡ
502 1850 935 1920 προφερεστῲα.
970 1851 1083 1919 Τῆς
1121 1866 1185 1918 γε
1217 1849 1322 1921 μὴν
1370 1851 1509 1919 ἄγαν
1536 1852 1814 1922 καταχρή-

251 1958 377 2002 σεως
396 1940 498 1991 οὐκ
539 1939 814 2008 ἀνέχεται.
849 1941 915 1992 Ὀ
956 1940 1020 2011 δὴ
1060 1940 1224 1993 πάλιν
1278 1940 1529 2011 καθάπερ
1580 1943 1639 1993 ἐν
1682 1942 1811 1995 εἴδει

247 2032 557 2104 παραϐολῆς
587 2033 682 2086 καί⁵
712 2032 919 2101 σαφοῦς
948 2032 1415 2101 παραδείγματος,
1442 2035 1471 2086 ὁ
1495 2034 1658 2103 νόμος
1677 2035 1812 2103 ἡμῖν

247 2126 532 2195 ὑφηγεῖται
570 2123 744 2193 λέγων
767 2141 781 2153 ·
831 2142 849 2174 ‹
899 2125 1023 2177 Ἐὰν
1045 2124 1101 2177 δέ
1133 2124 1381 2195 εἰσέλθῃς
1402 2127 1483 2187 είς
1520 2126 1611 2179 τὸν
1664 2127 1813 2196 ἀμη-

242 2219 326 2270 τὺν
363 2215 456 2269 τοῦ
506 2216 732 2287 πλησίον
783 2234 899 2279 σου,
936 2216 1030 2270 καὶ
1084 2214 1343 2287 συλλέξῃς
1390 2218 1448 2271 ἐν
1480 2221 1599 2281 ταῖς
1658 2218 1813 2288 χερσί

244 2325 331 2360 σου
364 2306 592 2375 στάχυς,
650 2307 743 2360 καὶ
795 2307 1066 2377 δρέπανον
1104 2308 1166 2361 οὐ
1192 2308 1267 2378 μὴ
1294 2308 1560 2380 ἐπιϐάλῃς
1599 2309 1690 2363 ἐπὶ
1721 2309 1813 2361 τὸν

241 2400 441 2469 ἁμητὸν
468 2398 570 2451 τοῦ
602 2398 825 2469 πλησίον
852 2415 945 2451 σου
965 2414 979 2427 ⁸
1014 2400 1110 2453 ἐὰν
1136 2400 1194 2453 δὲ
1216 2400 1468 2473 εἰσέλθῃς
1496 2404 1576 2467 εις
1597 2404 1686 2456 τὸν
1707 2405 1815 2472 ἀμ-

243 2487 452 2540 πελῶνα
480 2488 578 2540 τοῦ
613 2488 839 2559 πλησίον
865 2507 983 2556 σου,
1015 2491 1109 2544 καὶ
1165 2492 1346 2562 φάγῃς
1386 2493 1665 2564 σταφυλὴν
1692 2495 1814 2547 ὅσον

242 2578 413 2649 ψυχήν
438 2596 539 2632 σου
560 2578 964 2649 ἐμπλησθῆναι,
1002 2582 1081 2639 είς
1111 2580 1170 2634 δὲ
1189 2582 1356 2649 ἄγγος
1369 2583 1507 2635 οὐκέ
1517 2584 1760 2653 μὸαλεῖς.
1787 2604 1806 2635 ι

244 2669 312 2721 Τὸ
374 2668 475 2739 μὲν
540 2668 649 2738 γὰρ
702 2667 917 2735 ὀλίγους
971 2671 1131 2739 χερσὶ
1178 2673 1493 2740 συναγεῖραι
1551 2672 1814 2740 στάχυας,

245 2762 407 2829 ἤγουν
452 2759 750 2825 ἀποκεῖραι
798 2757 994 2831 βότρυν
1027 2760 1106 2821 είς
1164 2758 1467 2828 ἐπιθυμίαν
1517 2757 1812 2830 ἢτροφὴνν

239 2848 383 2902 οὐδὲν
400 2847 466 2902 ἂν
504 2848 615 2918 ἔχοι
642 2849 703 2901 τὸ
732 2849 947 2918 βλάϐος.
972 2850 1118 2902 Οῖσει
1152 2848 1279 2919 γὰρ,
1305 2844 1479 2917 οἶμαι,
1510 2849 1607 2901 σὺν
1638 2848 1814 2919 θυμη-

239 2942 352 3011 δείᾳ
375 2959 388 2971 ·
434 2943 599 2994 ταυτὶ
630 2942 729 3010 τῆς
752 2942 974 3012 ἀγάπης
1009 2944 1038 2994 ὀ
1069 2941 1256 3011 νόμος,
1296 2941 1389 2994 καὶ
1424 2941 1525 2995 οὐκ
1560 2941 1815 2995 ἐπέκεινα

237 3033 327 3086 τοῦ
364 3035 571 3104 μέτρου
617 3033 678 3086 τὸ
731 3035 915 3103 χρῆμα
958 3033 1224 3101 φαίνεται.
1262 3032 1408 3085 Τὸδέ
1456 3034 1545 3085 καὶ
1592 3033 1816 3102 ἁμῶντα

244 3124 454 3194 σίδηρον
473 3128 591 3188 τοῖς
608 3123 704 3178 τοῦ
740 3126 906 3187 πέλας
944 3125 1284 3192 ὑπενεγκεῖν,
1309 3124 1669 3195 ὑπερνήχεταί
1702 3142 1817 3189 πως

1908 657 2383 711 mansuetudinem
2410 674 2475 712 ac
2498 660 2818 728 patientiam
2856 672 3116 727 sectatur,
3148 663 3483 723 offensiones

1907 759 1963 804 et
1990 749 2217 819 injurias
2257 758 2314 804 et
2342 766 2409 805 ea
2457 752 2659 821 quibus
2682 753 2761 808 ira
2785 765 3159 823 promovetur,
3196 757 3484 826 siquidem

1908 855 1972 894 ea
2004 842 2215 896 modice
2254 841 2416 906 ﬁant,
2461 852 2755 914 congerat,
2786 846 3045 901 tolerabit
3089 847 3390 914 interdum,
3428 862 3486 905 et

1909 929 2123 984 fortiter
2157 931 2316 995 feret,
2348 948 2580 1002 eamque
2604 951 2717 989 rem
2738 936 2809 991 ad
2848 938 3286 994 mansuetudinis
3312 955 3379 995 ac
3403 942 3484 996 le-

1910 1024 2101 1078 nitatis
2127 1025 2578 1081 exercitationem
2612 1037 2898 1082 convertet
2930 1045 2945 1094 ;
2978 1039 3053 1092 at,
3104 1030 3150 1084 si
3194 1031 3317 1100 quis
3362 1048 3483 1088 mo-

1911 1115 2040 1169 dum
2071 1118 2390 1179 excesserit,
2436 1124 2494 1170 et
2550 1117 2693 1171 ultra
2732 1118 3013 1187 patientia:
3053 1123 3321 1178 terminos
3354 1139 3485 1193 pro-

1912 1220 2129 1275 gressus
2160 1206 2284 1270 erit,
2328 1206 2466 1260 nihil
2500 1206 2722 1271 mirum,
2759 1207 3108 1280 defatigatam
3141 1227 3487 1282 oppressam-

1912 1312 2017 1366 que
2047 1298 2307 1353 virtutem
2347 1298 2747 1368 aliquantulum
2790 1301 3164 1370 languescere.

1983 1388 2180 1442 PALL.
2231 1390 2399 1443 Recte
2443 1389 2525 1445 ais
2557 1408 2569 1443 :
2611 1398 2769 1444 nutat
2808 1391 2955 1445 enim
2988 1394 3392 1461 quodammodo
3430 1398 3486 1455 in

1914 1479 2230 1535 hominibus
2274 1480 2540 1550 probitas,
2570 1481 2661 1536 vix
2699 1482 2886 1549 etiam,
2928 1484 3146 1541 nemine
3183 1489 3487 1556 quatiente,

1914 1570 2183 1625 consistit.

1986 1659 2140 1714 (ΝΒ.
2176 1662 2345 1732 Perge
2391 1663 2577 1734 igitur,
2632 1664 2677 1718 si
2718 1663 2915 1733 placet,
2961 1666 3031 1720 ad
3067 1666 3239 1736 ipsam
3269 1684 3490 1740 quoque

1916 1750 2238 1805 charitatem
2276 1770 2288 1803 :
2323 1752 2497 1806 virtus
2534 1755 2683 1808 enim
2733 1765 2819 1812 est
2855 1757 3131 1817 excellens
3154 1798 3170 1823 ,
3223 1766 3283 1814 et
3344 1760 3491 1815 inter

1917 1850 2141 1897 caeteras
2178 1845 2657 1913 przestnntissima;
2715 1857 2918 1913 tamen,
2978 1849 3024 1908 si
3084 1864 3149 1904 ea
3200 1849 3491 1906 immodice

1914 1933 2227 1997 abutamur,
2260 1951 2369 1989 non
2406 1937 2640 1991 sustinet
2674 1956 2687 1991 :
2724 1939 2872 2008 quod
2913 1940 3092 2009 ipsum
3133 1957 3328 1996 rursus
3366 1950 3490 1998 tan-

1914 2041 2078 2094 quam
2116 2027 2388 2094 parabolte
2409 2036 2464 2082 et
2486 2031 2720 2101 exempli
2748 2033 3026 2101 perspicui
3053 2034 3237 2103 specie
3278 2035 3365 2089 lex
3394 2036 3492 2090 ad-

1914 2124 2121 2179 monet,
2146 2116 2337 2172 dicens
2367 2136 2379 2170 :
2407 2138 2425 2170 ι
2458 2119 2515 2174 Si
2541 2120 2820 2192 ingressus
2849 2123 3020 2179 fueris
3049 2141 3282 2180 messem
3307 2127 3494 2195 proxi-

1915 2205 1989 2258 mi
2045 2206 2144 2270 tui,
2192 2216 2247 2262 et
2296 2210 2585 2280 collegeris
2620 2214 2882 2269 manibus
2908 2215 3018 2270 tuis
3047 2216 3227 2285 spicas
3251 2256 3265 2279 ,
3294 2217 3491 2273 falcem

1913 2311 2026 2351 non
2070 2299 2330 2368 conjicies
2379 2300 2436 2355 in
2486 2317 2718 2358 messem
2762 2305 3001 2373 proximi
3040 2308 3149 2371 tui;
3209 2315 3284 2371 et,
3322 2307 3366 2362 si
3402 2309 3490 2362 in-

1913 2404 2138 2459 gressus
2159 2390 2333 2445 fueris
2355 2391 2572 2446 vineam
2602 2394 2838 2463 proximi
2875 2395 2976 2460 tui,
3008 2403 3065 2449 et
3089 2397 3272 2451 ederis
3305 2414 3487 2465 uvam,

1915 2489 2178 2551 quantum
2204 2482 2495 2552 impleatur
2516 2485 2697 2538 anima
2712 2493 2825 2551 tua;
2845 2487 2900 2539 in
2917 2501 3013 2541 vas
3043 2503 3173 2542 vero
3194 2503 3303 2542 non
3316 2491 3492 2560 conji-

1915 2574 2029 2628 cies
2047 2577 2087 2627 '.
2113 2594 2131 2624 ι
2158 2574 2292 2629 Nam
2314 2590 2516 2644 paucas
2536 2591 2704 2637 manu
2722 2578 2899 2646 spicas
2910 2578 3194 2647 colligere,
3210 2590 3307 2637 aut
3330 2597 3492 2636 uvam

1916 2666 2213 2736 decerpere
2245 2667 2599 2737 appetitionis
2638 2684 2821 2733 causa,
2857 2679 2954 2723 aut
2987 2671 3305 2740 voluptatis,
3341 2682 3491 2730 certe

1915 2757 2052 2812 nihil
2083 2774 2146 2812 ea
2169 2774 2257 2813 res
2288 2759 2471 2813 damni
2506 2760 2671 2815 habet
2699 2778 2711 2813 :
2756 2761 2898 2815 feret
2923 2762 3071 2815 enim
3105 2763 3240 2829 haec,
3278 2774 3334 2819 et
3364 2765 3491 2834 qui-

1916 2845 2038 2899 dem
2060 2847 2325 2916 jucunde,
2353 2849 2440 2907 lex
2470 2850 2789 2916 charitatis;
2828 2866 3015 2920 neque
3053 2851 3111 2906 id
3153 2854 3376 2921 modum
3405 2856 3489 2910 vi-

1917 2938 2079 2993 detur
2101 2939 2366 2995 excedere
2399 2957 2413 2992 :
2446 2950 2502 2996 at
2545 2957 2676 2998 vero
2705 2943 2871 2999 etiam
2901 2944 3290 3011 demetentem,
3319 2946 3377 3000 in
3403 2961 3491 3001 res

1918 3028 2151 3099 proximi
2207 3028 2402 3083 falcem
2458 3030 2702 3097 inferre,
2758 3033 2815 3086 id
2853 3048 2986 3087 vero
3022 3035 3261 3089 transilit
3297 3036 3408 3105 jam
3436 3046 3493 3091 et

1916 3122 2201 3192 egreditur
2234 3133 2439 3178 mutuae
2480 3124 2877 3182 benevolentia:
2906 3128 3077 3199 lines,
3107 3139 3166 3183 et
3202 3129 3270 3183 ad
3305 3132 3493 3184 termi-

240 3216 329 3269 καὶ
365 3215 748 3287 ὑπερθρώσκει
772 3215 957 3269 λοιπὸν
986 3216 1047 3269 τὸ
1071 3216 1413 3285 φιλάλληλον,
1440 3217 1533 3271 καὶ
1556 3219 1634 3279 εἰς
1652 3218 1812 3287 ὄρους

1923 3228 2019 3267 nos
2060 3213 2478 3282 intemperantis
2507 3217 3146 3288 avarititeprogreditur.
3179 3220 3277 3275 Est
3318 3220 3492 3290 igitur

237 3308 335 3378 ἥδη
382 3310 513 3370 τοὺς
561 3311 661 3378 τῆς
713 3308 1023 3374 πλεονεξίας
1069 3311 1292 3379 οἴχεται.
1341 3308 1549 3362 Οὐκοῦν
1606 3310 1815 3363 ὑπόδει-

235 3416 348 3470 γμα
374 3400 537 3452 τοῦτο
573 3401 742 3470 σαφὲς
778 3400 874 3453 τοῦ
925 3401 1000 3472 μὴ
1044 3401 1493 3472 κατακεχρῆσθαι
1530 3401 1641 3455 δεῖν
1693 3407 1815 3468 ταῖς

233 3488 339 3541 τῶν
364 3490 617 3559 ἀδελφῶν
638 3492 979 3563 ἁγαπήσεσίν
1012 3494 1147 3558 ἐστι,
1181 3494 1347 3565 τιμᾷν
1382 3494 1440 3549 δὲ
1466 3496 1585 3560 ταῖς
1610 3496 1814 3565 αὐταρ-

234 3581 411 3642 κείαις
476 3585 575 3636 καὶ
622 3583 684 3635 τὸ
734 3583 1077 3653 φιλάλληλον.
1115 3584 1229 3637 Οὐκ
1282 3584 1529 3655 ἄκομψον
1574 3585 1634 3639 δὲ
1683 3587 1813 3640 καθα

233 3669 375 3740 άπερ
401 3670 647 3739 ἐγῷμαι,
676 3670 771 3743 τὸν
801 3671 892 3722 ἐπὶ
912 3670 1046 3741 τῷδε
1075 3671 1237 3725 πάλιν
1266 3673 1345 3736 είς
1384 3674 1533 3743 ἡμᾶς
1559 3674 1653 3726 καὶ
1698 3672 1815 3726 ἐτέ-

237 3775 346 3827 ροις
374 3761 522 3812 τισὶν
548 3739 859 3829 ἐφαρμόσαι
885 3739 1059 3828 λόγον,
1085 3761 1134 3813 οἳ
1171 3760 1270 3823 τὰς
1312 3762 1371 3813 ὲν
1407 3739 1540 3824 ταῖς
1584 3761 1809 3832 Ἐκκλη-

235 3849 376 3912 σίαις
393 3851 505 3903 τῶν
524 3851 885 3905 διδασκόντων
916 3852 1118 3921 φωνὰς,
1148 3853 1315 3924 αἴπερ
1335 3852 1402 3907 ἂν
1431 3855 1495 3907 ἐκ
1520 3852 1614 3907 τοῦ
1640 3871 1816 3925 παρα-

233 3941 428 4011 χρῆμα
448 3942 549 3995 καὶ
572 3943 864 4013 προχείρου
896 3943 1155 4010 γένοιντο,
1181 3942 1433 4013 καθάπερ
1458 3944 1579 3997 τινὰ
1607 3945 1816 4014 τροφὴν

230 4031 567 4103 δρεπόμενοι
599 4033 814 4103 νοητὴν,
854 4033 914 4085 οὺ
950 4033 1113 4103 μέχρι
1152 4032 1342 4087 τούτου
1373 4033 1554 4104 μένειν
1593 4033 1814 4104 ἀνέχον-

229 4139 341 4189 ται,
373 4125 526 4196 πέρα
553 4125 612 4177 δὲ
634 4125 822 4195 ὥσπερ
856 4126 1029 4189 ἰόντες
1055 4126 1149 4180 τοῦ
1192 4128 1412 4197 μέτρου,
1449 4128 1543 4181 καὶ
1576 4124 1665 4181 οἷά
1709 4144 1816 4198 περ

231 4217 311 4277 εἰς
335 4217 513 4285 ἄγγος
556 4216 953 4286 ἐμϐάλλοντες,
990 4218 1085 4271 καὶ
1135 4216 1339 4281 δέλτοις
1388 4217 1814 4281 ἐναποτίθενται,

232 4306 650 4375 χρηστομαθείς
684 4309 783 4375 μὲν
806 4307 957 4370 ὄντες
987 4308 1128 4370 λίαν,
1153 4306 1465 4372 ἀδικοῦντες
1497 4308 1553 4360 δέ
1588 4324 1701 4371 πως
1737 4310 1819 4370 είς

229 4398 504 4468 ὑπόληψιν
561 4398 846 4466 ἀδελφοὺς,
908 4400 990 4452 ὅτι
1043 4398 1105 4451 τὸ
1158 4398 1574 4468 ἐσχεδιασμένον
1635 4395 1816 4459 εὐθὺς,

1917 3304 2023 3359 hoc
2048 3305 2273 3360 evidens
2299 3308 2631 3376 exemplum,
2666 3324 2735 3363 ne
2766 3310 3057 3366 abutamur
3087 3311 3319 3366 fratrum
3351 3312 3495 3367 dile-

1916 3396 2097 3450 ctione
2121 3437 2137 3461 ,
2172 3397 2269 3452 sed
2317 3412 2405 3462 eo,
2445 3398 2591 3467 quod
2643 3400 2782 3457 satis
2834 3410 2939 3466 est,
2988 3411 3237 3469 mutuam
3270 3418 3493 3473 quoque

1916 3486 2362 3543 benevolentiam
2403 3489 2649 3544 colamus
2683 3509 2695 3544 :
2729 3508 2832 3547 nec
2862 3508 2994 3547 vero
3026 3494 3232 3563 inepte,
3278 3502 3339 3548 ut
3361 3494 3486 3565 opi-

1917 3597 2039 3644 nor,
2083 3580 2378 3651 Scripturaa
2423 3584 2589 3639 verba
2628 3584 2731 3639 bac
2773 3584 2841 3639 de
2887 3600 2947 3639 re
2988 3587 3256 3655 exposita,
3298 3602 3495 3642 rursus

1914 3673 1984 3727 ad
2022 3673 2159 3728 alios
2192 3674 2459 3743 quosdam
2486 3675 2900 3730 accommodare
2932 3691 3243 3746 possumus,
3270 3679 3366 3748 qui
3393 3694 3492 3733 vo-

1917 3776 2009 3817 ces
2044 3764 2100 3817 in
2150 3763 2410 3818 Ecclesiis
2449 3763 2787 3827 docentium,
2815 3781 2883 3819 ex
2907 3773 3154 3835 tempore
3184 3775 3242 3821 et
3265 3778 3494 3839 repente

1915 3853 2084 3915 fusas.
2137 3870 2261 3909 cum
2307 3864 2566 3923 tanquam
2600 3855 2941 3924 spiritualem
2976 3858 3274 3927 quamdam
3310 3874 3494 3915 escam

1916 3945 2238 4011 demetunt,
2279 3964 2387 4001 non
2449 3949 2736 4017 hucusque
2787 3948 3087 4005 consistere
3143 3951 3357 4014 volunt,
3397 3950 3495 4006 sed

1914 4039 2139 4093 modum
2174 4039 2576 4108 quodammodo
2615 4039 2964 4105 excedentes,
3007 4055 3071 4096 ac
3102 4041 3273 4095 veluti
3302 4042 3358 4097 in
3398 4057 3496 4098 vas

1916 4131 2293 4200 conjicientes,
2326 4132 2495 4185 etiam
2523 4131 2578 4185 in
2601 4130 2819 4187 libellos
2844 4132 3092 4188 referunt
3124 4150 3138 4184 :
3172 4148 3236 4188 ac
3263 4134 3493 4189 studiosi

1916 4222 2142 4292 quidem
2193 4222 2273 4276 illi
2304 4221 2601 4277 admodum
2634 4228 2781 4285 sunt,
2812 4221 2908 4285 sed
2936 4230 3123 4283 tamen
3148 4224 3496 4294 aliquatenus

1914 4311 2150 4367 fratrum
2181 4313 2497 4383 opinionem
2575 4312 2763 4367 edunt
2793 4327 2917 4373 eum
2944 4312 3022 4377 id,
3042 4314 3200 4384 quod
3228 4315 3410 4370 subito
3431 4328 3497 4372 ac

1916 4406 2281 4461 tumultuarie
2310 4404 2515 4460 factum
2554 4410 2660 4467 est,
2696 4411 2955 4471 tanquam
2984 4412 3245 4467 accurate
3267 4421 3495 4476 compo-

232 4487 425 4560 ὥσπερ
446 4507 503 4542 τι
540 4489 648 4542 τῶν
678 4490 816 4558 ἄγαν
852 4491 1395 4560 κατεσκευασμένων,
1415 4487 1815 4542 ὲναποτίθενται

1923 4496 2085 4551 situm
2148 4496 2349 4551 litteris
2416 4494 2700 4550 mandant.
2766 4488 2931 4565 268
2968 4496 3155 4565 Atque
3202 4496 3289 4552 lex
3346 4497 3493 4567 ipsa,

237 4584 452 4651 γραφῇ.
470 4581 620 4633 Ἀλλ’
638 4582 667 4633 ὃ
687 4597 748 4648 γε
773 4582 956 4651 νόμος,
974 4576 1019 4634 ὦ
1037 4581 1323 4650 βέλτιστοι,
1342 4581 1505 4650 φαίην
1525 4580 1591 4633 ἂν
1610 4579 1812 4641 αὐτοῖς,

1926 4587 2119 4657 optimi
2168 4587 2271 4641 viri
2315 4586 2594 4657 (equidem
2637 4586 2916 4657 dixerim),
2962 4586 3170 4645 diserte
3210 4565 3499 4657 prohibuit

236 4671 296 4725 τὸ
334 4672 509 4743 μηδὲν
552 4674 635 4735 είς
677 4672 847 4741 ἄγγος
903 4672 1193 4743 ἐμσάλλειν
1226 4672 1605 4742 -προστέταχεν
1659 4672 1824 4741 ἐναρ-

230 4781 361 4831 ruc-

298 4854 521 4908 ΙΙΔΛΔ.
561 4853 836 4924 Σφαλερὸν
857 4848 950 4907 οὖν
982 4852 1090 4924 ἄρα
1120 4852 1189 4904 »τὸ
1215 4850 1603 4922 άναμοχλεὺειν
1638 4849 1828 4919 ὥσπερ

228 4947 413 5016 ψυχῆς
448 4945 681 5016 ἀρετὴν,
716 4945 925 4999 καὶτὸν
981 4940 1040 4998 εὖ
1076 4943 1345 5014 βεῦηκότα
1390 4942 1512 4995 νοῦν
1549 4943 1828 5010 μονονουχὶ

231 5038 559 5091 κατασείειν
626 5018 960 5107 ἀποτολμᾷν
994 5035 1073 5107 τῷ
1113 5038 1215 5104 τῆς
1261 5034 1651 5104 καταχρήσεως
1707 5049 1820 5086 πε-

230 5142 422 5199 par-up.

302 5222 389 5273 Κ]
406 5223 475 5274 Ρ.
529 5220 797 5290 Ἀτρεκὴς
844 5222 875 5273 ό
903 5220 1079 5287 λόγος.
1123 5218 1332 5289 Χρῆναι
1374 5215 1483 5288 γὰρ
1527 5216 1639 5270 δεῖν
1682 5213 1827 5268 εδεδι-

229 5314 477 5367 καίωκεν
528 5312 781 5381 ἐναργῶς
830 5315 860 5365 ό
921 5312 1029 5365 τῶν
1058 5312 1194 5365 ὅλων
1240 5311 1391 5376 Θεὸς,
1449 5310 1550 5362 οὐκ
1606 5307 1826 5361 ἐπιϐου-

230 5405 415 5458 λεύειν
449 5405 829 5474 ἡμαςηὰρετῇ,
869 5405 1117 5474 μετέχειν
1171 5404 1231 5458 δὲ
1290 5403 1512 5474 μᾶλλον,
1548 5404 1600 5454 εί
1652 5400 1824 5470 τύχοι,

226 5497 336 5551 τῶν
369 5498 431 5561 ἐξ
462 5498 675 5567 ἀρετῆς
695 5496 937 5564 ἀγαθῶν.
966 5498 1075 5549 Καὶ
1093 5496 1333 5566 ἀμυδρὸν
1351 5495 1442 5548 ἐπὶ
1463 5492 1636 5564 τούτῳ
1663 5494 1830 5555 ποιεῖ-

226 5608 315 5642 ται
344 5591 410 5642 τὸ
442 5590 710 5659 αἱνιγμα,
744 5590 838 5643 καὶ
864 5590 922 5641 ἐν
953 5591 1167 5660 μικροῖς
1212 5588 1409 5659 κομιδῆ
1461 5588 1530 5641 τά
1568 5584 1827 5653 ἀσυγκρίο

222 5699 338 5746 τως
386 5682 780 5750 ὑπερκείμενα
816 5682 1115 5753 ζωγραφεῖ.
1159 5680 1472 5751 Γέγραπται
1510 5678 1616 5750 γὰρ
1666 5680 1721 5730 ἐν
1756 5675 1829 5745 τῷ

311 5866 534 5923 '.Deut.
574 5881 721 5927 xxiii,
755 5865 843 5929 2i,
878 5864 971 5919 25.

1925 4694 1996 4733 ne
2023 4679 2155 4748 quid
2194 4678 2250 4732 in
2282 4694 2378 4733 vas
2406 4678 2795 4748 conﬁceretur.

1997 4855 2193 4909 PALL.
2228 4855 2604 4910 Periculosum
2655 4864 2743 4908 est
2790 4855 2957 4924 igitur
2990 4857 3301 4911 convallem
3330 4856 3501 4919 animi

1926 4946 2211 5008 virtutem,
2242 4954 2300 4999 et
2351 4951 2587 4999 mentem
2628 4944 2769 4998 bene
2823 4944 3263 5011 firmamaudere
3298 4959 3502 5013 prope-

1930 5034 2174 5100 modum,
2202 5032 2435 5087 nimium
2457 5031 2758 5096 abutendo,
2788 5040 3086 5097 constitue

2001 5212 2157 5269 CYR.
2184 5213 2325 5267 Vera
2358 5210 2516 5266 dicis.
2557 5211 2824 5281 Oportere
2852 5210 3000 5279 enim
3022 5209 3247 5271 oanSuit
3284 5207 3479 5265 univer
3506 5240 3509 5245 -

1932 5320 2120 5362 sorum
2158 5305 2323 5367 Deus,
2346 5318 2455 5358 non
2490 5289 2719 5357 insidias
2767 5301 2961 5356 virtuti
2994 5308 3237 5368 struere,
3287 5297 3384 5354 sed
3415 5314 3512 5368 ρο·-

1935 5397 2045 5452 tius
2068 5396 2329 5457 fructum,
2361 5394 2408 5449 si
2445 5394 2628 5457 liceat,
2664 5407 2859 5448 eorum
2889 5392 3161 5457 bonorum
3188 5390 3509 5462 percipere.

1930 5505 2053 5560 quae
2081 5488 2150 5544 de
2184 5486 2389 5542 virtute
2428 5484 2892 5556 proﬁciscuntur;
2919 5484 3084 5554 idque
3100 5483 3351 5541 .obscuro
3375 5480 3498 5550 teni-

1931 5592 2111 5653 gmate
2148 5579 2436 5650 significat,
2473 5587 2529 5633 et
2575 5578 2629 5632 in
2675 5576 2843 5632 rebus
2873 5576 3168 5631 admodum
3196 5574 3410 5646 exiguis
3448 5589 3513 5634 ea

1934 5690 2055 5745 qua:
2102 5679 2231 5728 sunt
2278 5671 2466 5728 multis
2516 5668 2763 5739 partibus
2805 5667 3204 5739 praestantiora,
3247 5664 3511 5738 depingit.
