4072 6572
457 451 565 518 359
1478 457 1533 511 s.
1575 454 1847 510 CYRILLI
1886 431 2352 508 ALEXAfiDRINl
2392 444 2704 510 ARCHIEP.
3610 447 3717 513 mo

457 576 736 645 Scriptum
793 580 877 629 est
926 572 1073 628 enim
1115 572 1168 625 in
1205 572 1628 626 Deuteronornio
1659 589 1670 623 :
1706 590 1723 620 ι
1762 569 1818 625 Si
1847 576 2018 623 autem

2132 570 2555 640 Δευτερονομίῳ·
2594 589 2612 621 ι
2638 568 2764 623 Ἐὰν
2805 568 2859 621 δὲ
2904 567 3240 639 συναντήσῃς
3275 568 3463 638 νοσσιᾷ
3510 568 3713 639 ὀρνέων

458 668 766 725 occurreris
801 666 933 722 nido
963 666 1147 721 avium
1203 673 1327 719 ante
1372 673 1726 733 conspectum
1775 672 1927 715 tuum
1974 661 2018 713 in

2137 663 2243 731 πρὸ
2272 664 2564 733 προσώπου
2600 679 2693 715 σου
2721 664 2779 715 ἐν
2797 665 2863 734 τῇ
2902 662 3025 732 ὀδῷ,
3082 661 3116 734 ἦ
3147 660 3241 714 ἐπὶ
3297 662 3462 715 παντὶ
3489 661 3712 732 δένδρῳ,

459 761 567 824 via,
604 760 690 825 vel
730 757 787 812 in
826 756 976 811 omni
1030 755 1251 817 arbore,
1277 753 1364 808 vel
1406 768 1571 823 super
1600 761 1825 815 terram,
1866 749 2018 819 pullis

2133 752 2166 825 ἢ
2204 754 2295 806 ἐπὶ
2321 754 2421 826 τῆς
2448 755 2571 825 γῆς,
2594 756 2856 818 νεοσσοῖς,
2888 754 2921 824 ἢ
2953 753 3100 818 ὠοῖς,
3123 753 3219 807 καὶ
3250 753 3283 823 ή
3308 754 3493 824 μήτηρ
3530 751 3711 823 θάλπῃ

454 856 542 908 vel
570 853 709 917 ovis,
741 858 993 906 etmater
1023 849 1170 905 [ovet
1192 864 1358 919 super
1371 847 1557 918 pullis,
1586 846 1671 901 vel
1709 860 1875 915 super
1890 844 2026 907 ovis,

456 959 567 999 non
623 942 860 1012 accipies
894 950 1127 996 matrem
1187 954 1314 994 cum
1348 938 1517 1003 ﬁliis;
1572 934 1899 991 dimittendo
1940 933 2028 988 di-

454 1035 641 1089 mittes
678 1043 931 1097 matrem,
971 1032 1114 1087 ﬁlios
1141 1044 1325 1087 autem
1366 1028 1604 1099 accipies
1640 1027 1756 1092 tibi,
1800 1035 1859 1080 ut
1888 1026 2027 1080 bene

451 1126 524 1181 sit
547 1125 670 1189 tibi,
700 1134 756 1178 et
788 1124 1067 1195 longaevus
1090 1120 1167 1178 sis
1189 1123 1227 1175 ².
1261 1143 1280 1173 ι

521 1216 716 1273 PALL.
741 1215 883 1283 Quid
911 1216 1129 1271 tandem
1161 1214 1307 1270 istud
1345 1214 1472 1269 est?
1503 1227 1679 1281 neque
1711 1210 1860 1265 enim
1890 1209 2025 1264 mihi

450 1309 804 1382 perspicuum
834 1314 917 1361 est
939 1307 1044 1361 hoc
1069 1306 1319 1377 aenigma.

524 1400 681 1457 CYR.
710 1399 893 1466 Quid?
934 1414 1119 1455 nonne
1152 1399 1257 1454 hoc
1285 1407 1472 1469 aperte
1502 1384 1803 1465 intelligis?
1828 1408 2024 1464 nempe

449 1493 496 1546 si
529 1492 652 1562 quis
702 1490 911 1561 ceperit
957 1490 1142 1559 pullis,
1178 1497 1274 1543 aut
1307 1488 1427 1543 ovis
1451 1486 1809 1541 incubantem
1843 1499 2020 1547 avem,

448 1583 609 1638 liceat
676 1581 754 1636 illi
810 1580 1159 1636 commodum
1214 1588 1272 1633 et
1329 1579 1761 1633 emolumentum
1823 1591 1892 1630 ex
1937 1576 2024 1629 bis

448 1670 754 1741 percipere,
790 1683 913 1738 quae
974 1683 1043 1722 ex
1102 1667 1195 1721 illa
1227 1675 1348 1721 orta
1391 1673 1550 1731 sunt;
1606 1664 1756 1719 illam
1818 1673 2019 1731 tamen,

446 1762 600 1817 nullo
632 1761 833 1815 damno
889 1759 1161 1823 affectam,
1199 1758 1457 1813 dimittat.

516 1852 713 1909 PALL.
748 1853 826 1907 Ita
868 1860 954 1907 est
981 1869 993 1904 :
1022 1866 1147 1905 nam
1191 1850 1296 1905 hoc
1330 1858 1414 1904 est
1448 1848 1747 1919 Scripturae
1776 1848 2023 1919 proposi-

450 1955 584 2001 tum.
1596 2009 1606 2019 .

510 2036 667 2092 CYR.
736 2035 931 2106 Aspice
988 2033 1155 2105 igitur
1210 2032 1303 2098 id,
1365 2030 1510 2103 quod
1544 2031 1791 2086 abditum
1828 2040 1931 2095 est,
1966 2039 2022 2085 et

447 2127 600 2196 quasi
622 2126 841 2181 evoluto
877 2126 1086 2180 umbrae
1117 2124 1403 2188 velamine,
1437 2121 1727 2178 considera
1756 2122 2020 2191 spiritua-

446 2220 574 2274 liter
600 2217 911 2272 veritatem.
946 2216 1083 2270 Nam
1109 2229 1450 2284 unaquaeque
1482 2212 1661 2268 virtus
1702 2212 1874 2267 veluti
1903 2229 2019 2267 mai-

447 2320 531 2365 ter
565 2316 726 2365 estet
762 2308 917 2379 origo
945 2321 1134 2362 eorum
1174 2307 1467 2369 bonorum,
1497 2312 1619 2374 qua:
1644 2320 1712 2359 ex
1745 2305 1862 2373 ipsa
1897 2319 2023 2373 pro-

444 2399 794 2463 ficiscuntur,
844 2397 998 2451 verbi
1046 2396 1242 2467 gratia,
1286 2394 1630 2465 benignitas,
1687 2395 1929 2450 Charitas
1961 2394 2019 2448 in

445 2505 738 2561 pauperes,
769 2487 1153 2552 mansuetudo,
1197 2488 1481 2557 patientia.
1513 2486 1609 2542 Est
1641 2487 1787 2541 enim
1823 2503 1931 2542 non
1964 2489 2020 2541 in

446 2595 505 2636 se
538 2579 832 2649 quisquam
862 2577 1033 2648 magis
1065 2575 1357 2646 benignus,
1393 2590 1558 2645 quam
1587 2574 1644 2629 in
1678 2584 1924 2640 caeteros,
1964 2584 2021 2631 et

444 2687 510 2726 ex
532 2670 800 2727 charitate
839 2682 966 2739 erga
1004 2682 1276 2737 pauperes
1318 2667 1356 2720 ii
1407 2666 1648 2721 fructum
1686 2668 2016 2737 percipiunt,

442 2764 538 2833 qui
570 2762 833 2833 indigent,
872 2769 930 2815 et
970 2761 1165 2816 eodem
1200 2758 1364 2815 modo
1391 2773 1461 2817 ex
1487 2760 1912 2817 mansuetudine
1955 2777 2020 2819 ac

444 2854 724 2924 patientia.
766 2853 1113 2923 Unaquaeque
1150 2852 1316 2923 igitur
1350 2853 1529 2907 virtus
1587 2861 1763 2907 mater
1790 2854 2018 2925 intelligi

445 2952 644 3015 potest,
667 2953 723 2999 et
751 2944 907 3014 quasi
946 2944 1166 2998 initium
1195 2958 1390 2999 eorum
1416 2944 1709 3009 bonorum,
1743 2960 1865 3014 quae
1904 2954 2019 2999 tum

442 3038 546 3106 ipsi
596 3036 805 3101 insunt,
846 3043 964 3089 tum
997 3051 1065 3090 ex
1091 3049 1156 3089 ea
1185 3034 1614 3104 proficiscuntur
1646 3048 1658 3089 :
1689 3037 1804 3090 nidi
1830 3046 2016 3091 autem

442 3126 847 3197 quodaminodo
875 3127 1141 3182 virtutum
1168 3128 1364 3182 anima:
1390 3135 1538 3192 sunt,
1568 3143 1691 3197 qua:
1721 3128 1839 3183 illas
1867 3143 2019 3183 com—

443 3220 775 3287 plectuntur,
815 3225 872 3273 et
898 3218 1039 3273 intra
1069 3219 1278 3289 seipsas
1303 3219 1591 3274 continent
1635 3236 1650 3272 :
1682 3236 1820 3289 opus
1852 3220 2017 3290 igitur
2044 3243 2086 3298 ο

441 3326 559 3366 esse
607 3312 695 3366 lex
737 3312 814 3366 ait
838 3326 958 3377 eos,
996 3312 1092 3381 qui
1134 3312 1188 3365 in
1223 3312 1478 3366 homines
1510 3312 1785 3377 incidunt,
1812 3313 1867 3367 in
1891 3313 2017 3381 qui-

442 3404 544 3458 bus
593 3404 703 3457 sint
744 3404 980 3458 virtutes
1032 3411 1292 3472 tanquam
1354 3402 1410 3456 in
1455 3403 1589 3458 nido
1626 3404 1925 3468 collocata},
1952 3419 2019 3458 ex

438 3509 631 3549 eorum
669 3494 942 3552 fructibus
975 3493 1410 3548 emolumentum
1455 3495 1767 3564 percipere,
1800 3511 1909 3550 non
1934 3504 2016 3549 ta-

435 3600 562 3640 men
612 3586 903 3648 virtutem,
946 3594 1097 3639 recte
1142 3584 1412 3638 factorum
1462 3593 1717 3649 matrem,
1767 3586 1964 3641 laedere
2002 3606 2013 3640 :

439 3676 673 3729 violatur
715 3684 898 3729 autem
933 3675 1000 3728 ab
1030 3676 1217 3743 aliquo
1249 3676 1426 3730 virtus
1460 3691 1725 3732 concussa
1760 3677 1826 3732 iis
1852 3678 2019 3733 ratio-

432 3765 619 3829 nibus,
645 3782 782 3836 quas
815 3767 980 3822 modo
1013 3766 1273 3823 diximus.

505 3856 671 3926 269
694 3856 889 3909 PALL.
925 3856 1289 3911 Reconditum
1320 3867 1404 3913 est
1444 3874 1574 3913 sane
1617 3859 1721 3913 hoc
1763 3860 2013 3929 aenigma.

496 3946 658 4002 CYR.
684 3948 759 4001 Ita
787 3955 890 4013 est,
918 3955 1065 4003 recte
1089 3947 1248 4003 dicis.
1276 3948 1405 4015 Sed,
1430 3959 1490 4004 ut
1516 3950 1721 4019 aliquid
1768 3950 2018 4005 dicamus

432 4030 579 4090 beati
612 4036 763 4089 Pauli
788 4036 1018 4091 vocibus
1047 4038 1325 4107 persimile
1353 4057 1365 4091 :
1404 4058 1420 4090 ι
1453 4039 1711 4108 Nunquid
1737 4039 1805 4093 de
1831 4041 2018 4093 avicu-

437 4128 503 4181 lis
526 4142 658 4182 cura
690 4136 775 4182 est
808 4128 958 4183 Deo?
993 4144 1063 4183 an
1102 4136 1328 4199 propter
1367 4145 1467 4184 nos
1513 4130 1704 4199 utique
1741 4130 1876 4184 dicit
1914 4132 2008 4185 ⁸2»

432 4220 672 4273 Mandati
708 4236 943 4290 namque
967 4236 1064 4291 per
1092 4221 1313 4292 Moysen
1339 4221 1452 4275 dati
1479 4221 1664 4286 verba,
1688 4220 1894 4278 formas
1918 4238 2017 4277 no-

432 4309 521 4363 bis
548 4324 752 4373 rerum,
778 4326 888 4365 non
928 4310 1075 4380 ipsas
1107 4318 1295 4380 aperte
1334 4325 1424 4365 res
1463 4319 1761 4379 exponunt.
1793 4312 2014 4381 Perspi-

434 4415 557 4454 cere
598 4409 782 4455 autem
823 4398 982 4456 facile
1010 4408 1189 4472 potes,
1235 4402 1696 4470 quemadmodum
1738 4403 1905 4456 etiam
1946 4403 2014 4459 ad

434 4505 661 4544 summae
682 4490 831 4545 illius
856 4491 1253 4547 benevolentia:
1288 4507 1470 4547 mores
1500 4507 1601 4547 nos
1628 4494 1890 4562 paulatim
1915 4495 2013 4549 de-

2133 845 2227 898 ὲπὶ
2254 845 2364 899 τῶν
2393 846 2653 913 νεοσσῶν,
2687 848 2721 917 ἢ
2756 846 2851 900 ἐπὶ
2885 845 2996 899 τῶν
3025 844 3168 910 ὠῶν,
3203 846 3264 899 ού
3297 845 3442 918 λήψῃ
3469 844 3570 915 τὴν
3614 862 3713 914 μη-

2132 934 2265 1005 τέρα
2299 936 2435 1006 μετὰ
2487 936 2594 989 τῶν
2637 935 2861 989 τέκνων.
2908 935 3201 1005 Ἀποστολῇ
3240 933 3556 997 ἀποστελεῖς
3611 934 3712 1003 τὴν

2135 1025 2367 1096 μητέρα,
2395 1026 2465 1080 τά
2485 1027 2544 1080 δὲ
2566 1026 2755 1081 παιδία
2788 1026 2936 1098 λήψῃ
2967 1026 3201 1097 σεαυτῷ,
3236 1028 3323 1080 ῖνα
3351 1022 3412 1081 εὖ
3438 1042 3522 1079 σοι
3553 1026 3710 1096 γένη-

2129 1136 2241 1183 ται,
2271 1122 2365 1173 καὶ
2386 1120 2733 1191 πολυήμερος
2753 1119 2872 1191 ἔσῃ.
2912 1138 2932 1171 ι

2203 1212 2409 1266 ΠΑΛΛ.
2442 1212 2554 1265 Καὶ
2576 1210 2628 1264 τί
2663 1210 2728 1281 δὴ
2755 1210 2914 1264 τοῦτό
2942 1210 3125 1275 ὲστιν;
3165 1210 3227 1263 ού
3262 1209 3371 1280 γάρ
3406 1227 3497 1280 μοι
3535 1210 3705 1280 σαφὲς

2125 1303 2187 1356 τὸ
2207 1302 2350 1371 αῐνιγ
2358 1319 2455 1373 μα.

2198 1393 2363 1450 ΚΥΡ.
2393 1392 2464 1446 Ἢ
2495 1393 2594 1446 οὒκ
2630 1391 2879 1466 ἐναργῶς
2901 1393 3149 1457 Emtae;
3179 1391 3255 1455 ὡς
3287 1392 3447 1464 εἴπερ
3474 1410 3558 1456 τις
3591 1391 3705 1445 ἱλοι

2126 1484 2513 1539 νεοττεύουσαν
2560 1484 2638 1537 ἔτι
2690 1483 2790 1557 τήν
2852 1484 3021 1556 ὄρνιν,
3079 1483 3249 1554 ήγουν
3313 1484 3699 1549 έπωάζουσαν,

2126 1575 2385 1629 ποιείσθω
2436 1574 2536 1644 μὲν
2578 1573 2763 1646 ὄνησίν
2800 1590 2860 1627 τε
2897 1574 2991 1627 καὶ
3032 1573 3250 1645 εὕρημα
3282 1575 3351 1628 τά
3395 1574 3454 1642 ἐξ
3494 1574 3699 1645 αὐτῆς·

2125 1665 2498 1737 ἀποπεμπέτω
2522 1682 2584 1733 γε
2613 1666 2741 1737 μὴν,
2769 1665 2922 1719 οὐδὲν
2945 1665 3165 1736 ἐποίησε
3202 1666 3417 1737 βλάϐος.

2194 1846 2401 1902 ΠΑΛΛ.
2431 1845 2571 1901 Ναί·
2612 1848 2641 1899 ὁ
2664 1846 2774 1918 γάρ
2822 1863 2903 1900 τοι
2940 1846 3035 1900 τοῦ
3070 1846 3404 1919 Γράμματος
3456 1840 3611 1912 οὗτος
3635 1848 3705 1902 ἀν

2126 1940 2211 2010 εἴη
2246 1938 2468 2002 σκοπός.

2194 2030 2358 2087 ΚΥΡ.
2378 2029 2589 2085 Οὐκοῦν
2605 2030 2760 2103 ἄθρει
2780 2030 2841 2086 τὸ
2862 2031 3268 2104 κεκρυμμένον,
3291 2032 3386 2084 καὶ
3401 2032 3565 2085 οἱονεὶ
3584 2032 3703 2086 δια-ο

2126 2121 2332 2187 πτύξας
2357 2122 2453 2193 τὴν
2484 2123 2664 2187 σκιὰν,
2683 2124 3063 2177 κατασκέπτου
3095 2123 3297 2193 νοητῶς
3312 2121 3411 2193 τὴν
3426 2122 3698 2194 ἀλήθειαν.

2134 2214 2367 2284 Έκάστη
2396 2214 2495 2284 μὲν
2510 2214 2618 2285 γὰρ
2630 2214 2818 2287 ἀρετὴ,
2853 2217 3034 2286 μήτηρ
3049 2209 3231 2277 οἷάτίς
3256 2214 3369 2266 ἐστι
3394 2214 3503 2267 τῶν
3527 2215 3586 2279 ἐξ
3606 2216 3706 2268 αύδ

2122 2308 2219 2375 τῆς
2234 2304 2455 2372 ἀγαθῶν
2478 2305 2571 2357 καὶ
2594 2305 2828 2373 γένεσις,
2852 2298 2963 2357 οἷον
2979 2304 3033 2357 ei
3054 2321 3134 2366 τις
3158 2303 3305 2372 λέγοι
3338 2304 3433 2375 τὴν
3469 2322 3571 2376 χρη
3581 2307 3700 2358 στό*

2120 2412 2279 2467 τητα,
2309 2394 2406 2465 τὴν
2450 2394 2866 2465 φιλοπτωχείαν,
2896 2396 2993 2467 τὴν
3031 2396 3336 2466 πραότητα,
3367 2398 3465 2467 τὴν
3504 2414 3704 2469 μακροο

2123 2487 2339 2557 θυμὶαν.
2374 2486 2748 2557 Χρηστεύιται
2794 2489 2902 2559 γάρ
2939 2504 3023 2551 τις
3060 2487 3157 2558 οὐχ
3189 2488 3370 2559 ἑαυτῷ
3423 2489 3624 2559 μᾶλλον
3664 2490 3699 2560 ἢ

2121 2582 2327 2651 ἑτέροις
2346 2598 2358 2610 ·
2392 2582 2715 2652 μετάσχοιεν
2756 2580 2800 2632 δ’
2828 2575 2893 2633 αὗ
2926 2580 3026 2650 τῆς
3057 2580 3471 2650 φιλοπτωχείας,
3499 2583 3548 2633 οἱ
3576 2580 3703 2634 ταύ-

2120 2691 2218 2744 της
2258 2673 2588 2744 δεδεημένοι,
2620 2674 2714 2726 καὶ
2752 2672 3060 2744 πραότητος
3101 2672 3303 2743 ὁμοίως
3341 2675 3436 2726 καὶ
3487 2690 3694 2745 μακρο⁹

2121 2765 2338 2835 θυμίας.
2370 2764 2578 2819 Οὐκοῦν
2602 2764 2772 2835 ἀρετὴ
2799 2764 2896 2835 μὲν
2929 2764 3136 2834 ἑκάστη
3178 2765 3361 2834 μήτηρ
3408 2764 3474 2818 ἀν
3500 2767 3695 2828 νοοῖτο,

2120 2860 2214 2911 καὶ
2244 2856 2407 2911 οῖονεί
2448 2874 2532 2919 τις
2572 2855 2713 2927 ἀρχὴ
2739 2854 2846 2908 τῶν
2886 2856 2944 2908 ὲν
2986 2856 3123 2926 αὐτῇ
3157 2871 3215 2907 τε
3263 2856 3358 2907 καὶ
3415 2855 3475 2920 ἐξ
3530 2856 3698 2926 αὐτῆς

2118 2946 2359 3016 ἀγαθῶν.
2394 2947 2623 3000 Νοσσιαὶ
2642 2948 2699 3000 δὲ
2748 2945 2938 3019 ῶσπερ
2965 2946 3197 3018 ἀρετῶν,
3230 2948 3285 3001 αῖ
3330 2947 3537 3011 ταύτας
3579 2948 3700 3019 ὡδί.

2120 3014 2326 3103 νουσαι,
2367 3038 2460 3093 καὶ
2494 3042 2551 3092 ἐν
2581 3037 2765 3106 σφίσιν
2811 3014 3016 3101 αὐταῖς*
3057 3036 3275 3091 ἑλοῦσαι
3314 3038 3503 3108 ψυχαί.
3553 3014 3699 3109 Χρῆ-

2120 3148 2206 3184 ναι
2232 3128 2296 3199 δὴ
2332 3126 2424 3183 οὖν
2471 3129 2579 3199 ἄρα
2617 3128 2780 3198 φησὶν
2813 3128 2842 3179 ὁ
2893 3128 3077 3196 νόμος,
3112 3128 3240 3191 τοὺς
3280 3130 3501 3200 ἀνδράσι
3545 3148 3699 3201 περι-

2118 3218 2502 3289 τυγχάνοντας,
2566 3219 2623 3270 ὲν
2674 3214 2756 3281 οἷς
2795 3218 2862 3272 ἂν
2913 3213 3022 3271 εἷεν
3068 3220 3260 3291 ἀρεταὶ
3313 3221 3565 3294 καθάπερ
3620 3224 3699 3286 είς

2118 3310 2336 3364 νοσσιὰν
2379 3310 2902 3380 συγκεκομισμέναι,
2954 3310 3224 3364 ποιεῖσθαι
3276 3312 3375 3382 μὲν
3419 3314 3583 3384 κέρδη
3628 3314 3699 3369 τὰ

2118 3400 2176 3464 ἐξ
2202 3399 2402 3465 αὐτῶν,
2445 3399 2519 3469 μή
2556 3398 2662 3469 μὴν
2701 3397 2781 3451 ἔτι
2833 3397 3218 3451 κατασίνεσθαι
3269 3398 3446 3466 φιλεῖν
3474 3401 3697 3471 ἀρετὴν.

2117 3492 2214 3564 τὴν
2232 3491 2339 3544 τῶν
2368 3492 2608 3562 ἀρίστων
2625 3489 3063 3560 κατορθωμάτων
3088 3490 3319 3561 μητέρα·
3349 3490 3615 3545 ἀδικεῖται
3641 3494 3699 3545 δὲ

2117 3582 2310 3654 ἀρετὴ,
2339 3582 2734 3652 κατασειομένη
2775 3580 2913 3652 πρός
2950 3597 3113 3646 τινος,
3156 3582 3297 3635 κατά
3335 3598 3398 3650 γε
3442 3582 3570 3647 τοὺς
3595 3584 3693 3654 ήδη

2119 3672 2553 3745 προειρημένους
2587 3675 2839 3743 τρόπους.

2187 3856 2391 3909 ΠΑΛΛ.
2432 3855 2521 3918 Ὠς
2546 3854 2682 3925 βαθὺ
2709 3856 2770 3909 τὸ
2802 3856 3032 3927 αῐνιγμα
3056 3857 3068 3910 l

2187 3946 2350 3999 ΚΥΡ.
2375 3944 2509 3998 Ναί·
2536 3945 2719 4013 λέγεις
2750 3944 2945 4015 ὀρθῶς.
2976 3946 3141 4010 Ἀλλ’,
3172 3947 3261 4001 ἵνα
3280 3964 3334 3999 τι
3365 3947 3553 4018 φῶμεν
3578 3950 3695 4012 ταῖς

2114 4038 2209 4091 τοῦ
2251 4037 2522 4108 μακαρίου
2551 4036 2764 4092 Παύλου
2804 4036 3101 4107 συμϐαῖνον
3140 4042 3379 4107 φωναῖς,
3412 4058 3431 4090 ι
3466 4040 3556 4110 Μὴ
3584 4041 3695 4093 τῶν

2121 4131 2417 4202 στρουθίων
2448 4130 2599 4200 μέλει
2618 4129 2695 4200 τῷ
2720 4129 2870 4199 Θεῷ;
2894 4130 2926 4200 ἦ
2952 4131 3017 4184 δι’
3040 4133 3187 4202 ἡμᾶς
3212 4132 3428 4195 πάντως
3455 4132 3633 4200 λέγεις
3667 4150 3687 4184 ι

2114 4222 2319 4282 τύπους
2351 4218 2462 4288 γὰρ
2489 4220 2623 4289 ἡμῖν
2678 4219 3043 4290 πραγμάτων,
3088 4221 3188 4273 οὐκ
3225 4220 3364 4274 αύτά
3394 4222 3578 4289 σαφῶς
3606 4219 3693 4286 ἐξ-

2115 4315 2329 4382 ηγεῖται
2349 4311 2419 4364 τά
2438 4311 2756 4381 πράγματα,
2769 4312 2866 4381 τῆς
2886 4310 2973 4364 διὰ
2985 4312 3225 4375 Μωσέως
3241 4313 3495 4383 ἐντολῆςὸ
3516 4314 3693 4381 λόγος’

2119 4404 2248 4465 ῖδοις
2282 4402 2326 4456 δ’
2357 4402 2443 4467 ἂν,
2475 4402 2622 4465 ὃπως
2644 4402 2911 4473 ἡμᾶςκαὶ
2937 4404 3015 4464 είς
3042 4403 3276 4473 τρόπους
3302 4403 3397 4473 ήδη
3426 4406 3524 4473 τῆς
3555 4407 3695 4457 ἀνω-

2116 4498 2263 4550 τάτω
2290 4495 2639 4565 φιλαλληλίας
2672 4494 2992 4564 ἀνακομίζει
3023 4495 3165 4547 κατά
3195 4494 3389 4565 βραχύ.
3428 4496 3693 4565 Πειρᾶται

430 4580 636 4634 ducat:
680 4590 911 4635 conatur
949 4583 1095 4637 enim
1124 4584 1478 4653 persuadere,
1511 4592 1572 4638 ut
1614 4584 1761 4653 ipsos
1795 4601 2015 4655 quoque

2120 4589 2227 4659 γὰρ
2274 4587 2611 4651 ἀναπείθειν,
2660 4587 2754 4639 καὶ
2799 4586 2996 4648 αὐτοὺς
3038 4586 3259 4656 ἀγαπᾷν
3287 4588 3413 4649 τοὺς
3454 4604 3691 4657 προσκε-

432 4671 741 4741 diligamus,
782 4673 876 4741 qui
918 4688 1019 4728 nos
1046 4673 1399 4729 oﬂ‘enderunt
1440 4682 1537 4728 :et
1580 4675 1742 4740 iram,
1771 4690 1879 4744 qua
1921 4676 2018 4730 ad-

432 4775 624 4815 versus
665 4761 917 4818 inimicos
960 4763 1274 4828 incitamur,
1319 4779 1674 4833 superemus,
1704 4780 1775 4819 ne
1815 4781 1845 4819 a
1872 4768 2015 4821 malo

2117 4679 2456 4751 κρουκότας,
2511 4679 2608 4732 καὶ
2656 4676 2836 4748 λύπης
2874 4677 3135 4747 ἀμείνους
3184 4677 3413 4751 ὁρᾶσθαι
3462 4678 3565 4749 τῆς
3613 4679 3694 4741 είς

2118 4771 2366 4842 ἐχθροὺς,
2396 4769 2471 4841 μὴ
2496 4770 2602 4823 ὑπὸ
2628 4769 2721 4825 τοῦ
2746 4768 2918 4824 κακοῦ
2950 4769 3311 4840 νικωμένους,
3345 4770 3611 4834 νικῶντας
3635 4771 3693 4824 δὲ

431 4851 738 4918 vincamur,
760 4854 856 4909 sed
878 4856 1062 4925 potius
1079 4856 1363 4910 vincamus
1386 4857 1441 4909 in
1462 4856 1607 4912 bono
1631 4857 1853 4911 malum.
1870 4858 2018 4912 Dixit

2124 4862 2327 4934 μᾶλλον
2368 4862 2426 4915 ὲν
2463 4860 2541 4932 τῷ
2569 4860 2759 4931 ἀγαθῷ
2784 4861 2844 4913 τὸ
2872 4860 3061 4914 κακόν.
3108 4860 3252 4931 Ἔφη
3288 4861 3395 4932 γὰρ
3441 4860 3604 4915 πάλιν
3632 4863 3692 4913 έν

437 4945 585 4999 enim
609 4960 801 5001 rursus
830 4949 886 5001 in
910 4947 1096 5002 Exodo
1120 4947 1342 5016 quidem
1369 4966 1382 5000 :
1416 4968 1434 4998 ‹
1466 4948 1522 5007 Si
1548 4966 1679 5004 vero
1702 4952 2018 5007 occurreris

2122 4956 2220 5024 μὲν
2267 4956 2335 5025 τῇ
2381 4952 2607 5025 Ἐξόδῳ’
2646 4972 2666 5005 ι
2718 4952 2843 5006 Ἐὰν
2893 4952 2953 5006 δὲ
2999 4955 3338 5025 συναντήσεις
3364 4954 3444 5024 τῷ
3483 4954 3567 5023 βοῒ
3596 4954 3689 5009 τοῦ

438 5031 564 5087 bovi
608 5033 815 5089 inimici
846 5035 945 5100 tui,
987 5036 1074 5090 vel
1114 5036 1382 5107 subjugali
1424 5039 1564 5108 ejus,
1600 5041 1914 5097 errantibus
1958 5045 2013 5097 in

429 5121 538 5185 via,
564 5122 836 5202 reducens
860 5123 1060 5180 reddes
1085 5124 1188 5195 ipsi
1217 5142 1232 5191 ;
1267 5126 1311 5179 si
1334 5141 1468 5181 vero
1493 5128 1698 5182 videris
1727 5131 2011 5203 subjugale

436 5213 645 5268 .nimici
680 5216 763 5268 tui
789 5214 1054 5271 cecidisse
1085 5218 1189 5272 sub
1226 5217 1437 5273 sarcina
1462 5218 1600 5290 ejus,
1644 5235 1751 5275 non
1780 5230 2008 5291 praeter-

423 5304 539 5359 ibis
562 5302 717 5369 illud,
743 5305 840 5361 sed
866 5306 1028 5361 simul
1062 5307 1323 5363 allevabis
1354 5326 1479 5364 cum
1514 5312 1631 5381 ipso
1652 5311 1692 5365 ⁸.
1729 5332 1745 5363 ι
1780 5313 1835 5366 1η
1864 5312 2008 5368 Deu-

432 5397 738 5452 teronomio
770 5406 955 5453 autem
981 5417 993 5453 :
1026 5420 1043 5450 ι
1073 5401 1152 5456 Ne
1172 5402 1365 5457 videns
1390 5404 1585 5460 bovem
1613 5406 1799 5461 fratris
1822 5409 1908 5462 tui.
1923 5412 2012 5466 vel

431 5497 588 5536 ovem
601 5484 792 5554 ipsius,
810 5496 1058 5543 errantes
1074 5489 1131 5544 in
1145 5493 1251 5555 via,
1268 5492 1537 5562 despicias
1554 5496 1643 5550 illa
1665 5513 1677 5549 :
1698 5497 2012 5552 reducendo

434 5574 663 5630 reduces
678 5577 793 5645 ipsa
808 5577 963 5633 fratri
987 5589 1081 5635 tuo
1101 5582 1275 5651 :quod
1300 5582 1345 5637 si
1360 5584 1534 5640 frater
1559 5595 1685 5640 tuus
1712 5587 2010 5642 non‘fuerit

431 5680 601 5736 prope
625 5672 699 5733 te,
722 5684 898 5739 neque
920 5673 1143 5727 noveris
1163 5688 1312 5739 eum,
1337 5676 1508 5731 duces
1530 5692 1594 5730 ea
1622 5677 1765 5732 intra
1785 5679 2007 5734 domum

2120 5042 2315 5113 ἐχθροῦ
2343 5060 2438 5096 σου
2463 5085 2479 5110 ,
2507 5044 2541 5114 ἢ
2579 5042 2659 5113 τῷ
2687 5041 2966 5112 ὑποζυγίῳ
2994 5043 3159 5097 αὐτοῦ
3180 5085 3193 5107 ,
3222 5045 3597 5113 πλανωμένοις
3632 5047 3691 5098 ἐν

2118 5135 2186 5202 τῇ
2219 5130 2345 5202 ὁδῷ,
2368 5130 2718 5201 ἀποστρέψας
2742 5129 3043 5195 ἀποδώσεις
3074 5132 3223 5201 αύτῷ
3245 5150 3260 5164 ο
3286 5133 3381 5187 ἐάν
3404 5134 3461 5187 δὲ
3492 5134 3606 5206 ἴδῃς
3631 5137 3691 5188 τὸ

2120 5221 2415 5291 ὑποζύγιον
2448 5221 2542 5275 τοῦ
2576 5221 2773 5294 ὲχθροῦ
2804 5239 2898 5276 σου
2940 5225 3228 5288 πεπτωκὸς
3258 5220 3381 5279 sua
3400 5227 3491 5279 τὸν
3522 5227 3689 5296 γόμον

2116 5312 2303 5379 αὑτοῦ,
2345 5313 2407 5365 ού
2439 5313 2755 5385 παρελεύσῃ
2805 5313 2959 5379 αὐτὸ,
3008 5314 3145 5367 ἀλλά
3201 5318 3511 5386 συνεγερεῖς
3559 5317 3691 5371 αὐτὸ

2122 5408 2236 5476 μετ’
2261 5403 2445 5458 αὑτοῦ.
2464 5422 2482 5454 ι
2519 5404 2606 5456 Ἐν
2634 5403 2691 5456 δὲ
2711 5403 2788 5474 τῷ
2814 5407 3216 5477 Δευτερονομίῳ
3236 5425 3249 5439 ο
3279 5426 3298 5459 ι
3326 5408 3418 5478 Μὴ
3443 5407 3569 5461 ἰδὼν
3599 5409 3691 5463 τὸν

2121 5497 2320 5567 μόσχον
2347 5495 2442 5550 τοῦ
2471 5495 2700 5565 ἀδελφοῦ
2729 5512 2847 5562 σου,
2876 5498 2911 5567 ἢ
2942 5498 3002 5550 τὸ
3038 5500 3310 5569 πρόϐατον
3335 5496 3523 5562 αὐτοῦ,
3553 5500 3689 5553 πλα-

2115 5588 2331 5659 νώμενα
2357 5590 2413 5641 ὲν
2444 5590 2514 5658 τῇ
2540 5586 2667 5657 ὀδῷ,
2703 5589 2967 5659 ὑπερίδῃς
2992 5591 3133 5644 αύτά
3156 5607 3170 5621 ο
3200 5592 3519 5663 ἀποστροφῇ
3560 5593 3688 5644 ἀπο-

2118 5680 2369 5751 στρέψεις
2398 5681 2535 5735 αὐτὰ
2585 5681 2662 5753 τῷ
2696 5681 2911 5753 ἀδελφῷ
2945 5700 3039 5736 σου
3061 5699 3074 5713 ·
3106 5681 3201 5737 ἐὰν
3234 5682 3290 5736 δὲ
3325 5682 3399 5754 μή
3425 5682 3620 5755 ἐγγίζῃ
3660 5692 3689 5742 ὁ

501 5842 522 5873 ⁸
548 5842 707 5896 Deut.
761 5859 890 5909 ιιιι,
926 5844 977 5911 6,
1014 5847 1063 5899 7.
1142 5849 1201 5902 ιι
1238 5847 1363 5903 Cor.
1403 5866 1474 5912 is,
1509 5851 1560 5915 9,
1606 5850 1683 5905 l0.
1765 5853 1783 5885 '
1820 5853 1990 5907 Exod.

2120 5871 2166 5907 ιιι
2180 5896 2193 5919 ,
2231 5855 2344 5908 μέ-ὕ.
