3982 6530
229 490 319 547 561

916 484 1003 539 DE
1040 483 1480 540 ADORATIONE
1522 486 1587 539 IN
1631 483 1901 540 SPIRITU
1945 483 2033 538 ET
2074 482 2440 538 VERITA’IE.
2486 481 2613 536 LIB.
2660 481 2790 536 γωδ.

3356 483 3461 543 862

226 603 434 672 ἀδελφός
458 615 553 652 σου
585 599 721 669 πρὸς
750 596 830 659 σὲ,
853 598 989 668 μηδὲ
1023 599 1290 669 ἐπιστήσῃ
1317 600 1498 666 αὐτὸν,
1536 597 1777 663 συνάξεις

1885 606 2057 661 tuam,
2093 605 2150 651 et
2177 603 2337 650 erunt
2362 603 2564 659 tecum,
2592 609 2877 665 quousque
2900 594 3179 663 quasnerit
3202 607 3265 648 ea
3288 592 3461 649 frater

227 681 368 758 αύτάἶ
388 688 531 745 ἔνδον
566 690 645 753 εις
671 687 770 756 τὴν
801 686 978 740 οἰκίαν
1011 704 1126 752 σου,
1160 689 1254 741 xa't
1278 688 1430 741 ἔσται
1468 688 1607 757 μετά
1637 687 1731 741 σοῦ
1762 731 1774 752 ,

226 782 322 842 ῑως
361 777 423 831 ἂν
470 776 679 847 ζητήσῃ
721 774 859 828 αὐτά
886 774 914 826 ὁ
947 774 1173 844 ἀδελφός
1207 793 1320 841 σου,
1356 778 1451 829 καὶ
1480 776 1780 841 ἀποδώσεις

226 869 355 927 αύτά
394 867 578 938 αὐτῷ’
620 867 793 931 οὕτως
844 870 1094 938 ποιήσεις
1138 868 1230 921 τὸν
1272 868 1393 921 ὄνον
1441 869 1606 923 αὑτοῦ
1631 910 1646 934 ,
1687 869 1781 923 καὶ

203 960 383 1021 ῖοῦτως
428 958 675 1027 ποιήσεις
706 957 767 1009 τὸ
800 957 1013 1028 ἱμάτιον
1051 958 1213 1012 αὑτοῦ
1234 998 1248 1023 ,
1282 959 1376 1013 καὶ
1415 959 1587 1023 οὕτως
1630 961 1782 1031 ποιή-

228 1067 331 1113 σεις
370 1048 510 1101 κατὰ
550 1049 732 1101 πᾶσαν
778 1047 1052 1103 ἀπώλειαν
1084 1049 1177 1102 τοῦ
1212 1049 1445 1118 ἀδελφοῦ
1498 1068 1592 1104 σου
1617 1093 1633 1115 ,
1681 1052 1781 1105 ὅσα

225 1141 314 1193 ἐὰν
362 1139 628 1209 ἀπόληται
670 1140 799 1209 παρ’
847 1139 1011 1193 αὑτοῦ
1039 1180 1054 1205 ,
1095 1141 1189 1194 καὶ
1242 1140 1411 1213 εὕρῃς
1436 1183 1450 1206 ,
1483 1144 1545 1195 ού
1577 1143 1780 1215 δυνήσῃ

226 1228 485 1301 ὑπεριδεῖν
530 1228 703 1283 αύτάο
740 1229 837 1299 οὐχ
884 1230 1146 1302 ύπερόψει
1182 1231 1275 1285 τὸν
1320 1232 1441 1287 ὄνον
1492 1232 1585 1287 τοῦ
1624 1234 1780 1288 ἀδελ-

226 1320 320 1390 φοῦ
370 1337 494 1383 σου,
547 1320 712 1392 ἢ,τὸν
765 1321 963 1391 μόσχον
1032 1323 1197 1377 αὐτοῦ
1238 1326 1564 1379 πεπτωκότα
1620 1327 1679 1381 ὲν
1714 1330 1780 1399 τῇ

222 1410 347 1481 όδῷι
402 1410 475 1482 μὴ
514 1412 812 1484 ύπερίδῃς,
844 1413 1079 1467 ἀνιστῶν
1117 1414 1444 1487 ἀγαπήσεις
1485 1418 1625 1471 αὐτὰ
1662 1421 1781 1489 μετ’

1882 696 2028 755 tuus,
2057 698 2111 744 et
2140 689 2337 743 reddes
2363 704 2428 742 ea
2464 688 2601 758 ipsi;
2627 689 2706 743 sic
2734 687 2902 742 facies
2930 686 3085 741 asino
3106 687 3245 758 ejus,
3286 694 3343 742 et
3377 686 3461 743 sio

1880 781 2048 834 facies
2064 780 2202 834 vesti
2226 780 2365 850 ejus,
2391 786 2447 833 et
2467 779 2547 834 sic
2573 778 2737 834 facies
2759 779 2813 833 in
2837 794 3163 849 quacunque
3184 793 3263 844 re,
3291 793 3459 849 quam

1880 870 2184 942 perdiderit
2231 871 2400 925 frater
2440 878 2598 935 tuus;
2629 886 2968 941 quacunque
3007 870 3220 940 perdita
3250 864 3459 925 fuerint

1880 962 1948 1016 ab
1993 962 2131 1032 ipso,
2160 970 2215 1017 et
2258 960 2554 1024 inveneris,
2594 976 2704 1015 non
2745 960 2952 1031 poteris
2994 960 3267 1031 negligere
3308 960 3461 1030 ipsa:

1880 1067 1991 1106 non
2013 1051 2285 1122 despicies
2306 1051 2521 1106 asinum
2549 1051 2737 1106 fratris
2758 1052 2858 1117 tui,
2887 1052 2971 1106 vel
2993 1052 3227 1106 vitulum
3260 1052 3461 1122 ipsius,

1879 1144 1975 1214 qui
2012 1143 2271 1198 ceciderit
2296 1142 2353 1197 in
2375 1143 2462 1197 via
2486 1160 2499 1196 :
2527 1158 2596 1197 ne
2624 1143 2865 1212 negligas
2884 1157 2968 1206 ea,
3002 1142 3296 1197 sublevans
3320 1143 3459 1198 sub!

1879 1233 2087 1289 levabis
2123 1248 2189 1288 ea
2223 1247 2349 1287 cum
2374 1232 2493 1302 ipso
2516 1233 2556 1286 ⁸.
2592 1252 2609 1283 ι
2642 1232 2908 1302 Intelligis
2951 1232 3138 1303 igitur,
3188 1234 3452 1303 quemad-

1881 1325 2103 1381 modum
2125 1324 2529 1396 elegantissime
2568 1340 2670 1379 nos
2700 1325 2811 1396 jam
2847 1324 2914 1379 ad
2943 1331 3293 1394 praestantem
3331 1340 3459 1395 per-

1880 1416 2185 1487 fectamque
2207 1417 2467 1471 virtutem
2504 1415 2694 1480 ducat,
2738 1415 2939 1486 jubens
2978 1424 3059 1481 ut,
3100 1430 3231 1470 cura
3260 1416 3315 1469 in
3338 1417 3459 1486 ejus

222 1502 395 1556 αύτοῢ.
418 1522 436 1554 ι
459 1504 651 1575 Συνίης
678 1500 793 1567 οὖν,
822 1505 969 1568 ὅπως
989 1506 1136 1575 ἡμᾶς
1169 1505 1489 1561 ἀστειότατα
1509 1509 1777 1578 παιδαγω-

1880 1510 2130 1581 iumenta
2173 1508 2267 1578 qui
2301 1523 2403 1564 nos
2438 1507 2688 1572 offendit,
2726 1507 2993 1577 impensa,
3018 1509 3170 1563 velut
3192 1507 3458 1561 exercita-

223 1596 303 1661 γεί
324 1593 454 1665 πρὸς
488 1594 550 1648 τὸ
575 1594 714 1663 ἀγαν
732 1595 831 1666 ἤδη
865 1612 982 1659 πως
1013 1595 1109 1647 καὶ
1140 1595 1337 1660 τελέως
1363 1597 1590 1664 ἀγαθὸν,
1626 1600 1783 1670 μελέ-

222 1701 367 1753 τησιν
410 1683 597 1757 ὥσπερ
637 1685 1045 1756 ἀμνησικακίας
1095 1687 1363 1741 ποιεῖσθαι
1410 1690 1779 1759 προστάττων,

220 1775 311 1845 τὴν
338 1775 415 1838 είς
438 1775 508 1830 τά
535 1777 703 1846 κτήνη
735 1774 901 1845 φειδὼ
928 1775 1022 1829 τοῦ
1047 1775 1431 1847 λελυπηκότος,
1460 1778 1518 1831 ὃν
1549 1780 1643 1833 καὶ
1671 1781 1784 1835 ἀνω

221 1881 275 1915 τε
304 1862 394 1916 καὶ
429 1864 587 1917 κάτω
609 1863 686 1934 τῷ
722 1865 819 1935 τῆς
844 1864 1205 1936 ἀδελφότητος
1232 1867 1456 1937 ὀνόματι
1497 1874 1776 1938 στεφανοῖ,

1881 1600 2029 1654 tione
2062 1598 2132 1653 ad
2172 1598 2577 1653 obliviscendas
2616 1598 2845 1669 injurias
2868 1605 3125 1652 utamur:
3152 1592 3315 1667 quem
3344 1596 3455 1652 fre-

1880 1689 2241 1760 quentissime
2282 1688 2467 1744 fratris
2524 1689 2745 1745 nomine
2810 1689 3062 1753 decorat,
3118 1689 3454 1758 prohibens.

1880 1788 1941 1834 ut
1965 1778 2180 1848 Opinor,
2210 1778 2320 1833 iras
2343 1778 2715 1848 implacabiles
2761 1787 2819 1834 et
2849 1779 3075 1832 nimiam
3113 1779 3182 1833 ad
3213 1780 3459 1833 simulta-

1882 1874 1965 1921 tes
1984 1866 2429 1936 propensionem,
2456 1874 2511 1921 et
2532 1874 2742 1921 natura:
2770 1867 2967 1937 legem,
2994 1874 3251 1937 tanquam
3274 1866 3455 1921 chari-

228 1952 587 2009 κατακωλύων
606 1994 621 2019 ,
652 1951 805 2026 οἶμαί
837 1973 962 2020 που,
993 1956 1054 2009 τὸ
1078 1956 1289 2015 ἔντονον
1329 1936 1408 2023 είς
1440 1936 1642 2031 ὀργὰς,
1684 1964 1777 2016 καὶ

1884 1954 2010 2009 tatis
2025 1954 2307 2018 arbitram,
2331 1954 2517 2008 ferens
2540 1972 2552 2007 :
2577 1953 2633 2009 Si
2660 1954 2806 2008 enim
2831 1936 3124 2020 inveneris,
3152 1954 3349 2024 inquit,
3371 1970 3457 2009 er-

219 2045 275 2099 τδ
319 2045 570 2118 περιττὸν
616 2048 696 2109 είς
730 2048 1128 2118 μικροψυχίας,
1158 2048 1250 2107 καὶ
1288 2048 1378 2105 τὸν
1422 2051 1521 2121 τῆς
1563 2054 1777 2120 φύσεως

218 2135 389 2206 νόμον,
422 2135 730 2208 βραϐευτὴν
763 2138 951 2211 ὥσπερ
976 2140 1099 2195 τινά
1124 2140 1220 2211 τῆς
1245 2142 1467 2213 ἀγάπης
1486 2144 1773 2215 εἰσφέρων.

220 2228 309 2281 ’Ἂν
344 2227 453 2298 γὰρ
502 2228 687 2301 εὕρῃς,
729 2231 913 2302 φησὶν,
948 2231 1295 2304 πλανώμενον
1322 2236 1538 2304 κτῆνος,
1575 2236 1607 2307 ἢ
1643 2238 1778 2290 ἀπο-

216 2319 373 2383 λωλὸς
405 2319 647 2390 ἱμάτιον,
678 2321 1002 2393 περισώσεις
1021 2324 1160 2379 αὐτὰ
1184 2323 1262 2395 τῷ
1281 2324 1496 2396 ἀδελφῷ
1522 2342 1638 2379 σουο
1674 2326 1777 2381 κᾶν

215 2414 260 2466 εί
278 2412 486 2481 γένοιτό
505 2430 557 2467 τι
592 2413 703 2467 τῶν
760 2415 1084 2487 ἀχθοφορεῖν
1131 2415 1399 2469 εἰωθότων
1457 2417 1779 2490 κατολισθῆ-

216 2520 306 2556 σαν
332 2505 410 2565 είς
435 2504 544 2575 γῆν
567 2504 659 2558 ὑπ’
687 2505 834 2577 αὐτῷ
873 2505 1253 2577 συντρίϐεσθαι
1282 2508 1360 2579 τῷ
1381 2509 1585 2581 φορτίῳ
1603 2553 1619 2577 ,
1652 2528 1778 2565 συν-

214 2593 412 2664 εργάσῃ
426 2594 527 2647 καὶ
548 2598 877 2665 συνεγερεῖς.
896 2596 1120 2666 Ἕτερον
1135 2597 1192 2650 δὲ
1206 2596 1364 2652 τοῦτό
1385 2600 1531 2653 ἐστιν
1551 2600 1773 2672 οὐδὲν,ἢ

212 2680 297 2733 τὸν
321 2681 661 2752 κεκτημένον
690 2681 941 2752 ὠφελεῖν,
968 2684 1061 2736 καὶ¹
1097 2684 1296 2755 μελέτη
1328 2686 1464 2757 πρὸς
1485 2686 1654 2753 ἔλεον,
1683 2687 1779 2741 καὶ

213 2772 549 2841 παιδαγωγία
588 2774 722 2844 πρὸς
770 2775 1201 2847 φιλοικειίηητα,
1247 2777 1341 2831 καὶ
1386 2779 1449 2831 τὸ
1493 2777 1778 2834 λυπεῖσθαι

216 2860 391 2931 μακρά
420 2860 801 2932 παρωθεῖσθαι
834 2861 1037 2933 ζητεῖν,
1060 2864 1155 2917 καὶ
1185 2866 1570 2936 παραιτεῖσθαι
1593 2867 1781 2937 διαφο-

213 2950 326 3021 ρὰς,
361 2950 507 3023 ύπέρ
535 2968 599 3020 γε
642 2950 733 3005 τοῦ
776 2951 850 3023 μὴ
870 2952 1045 3007 δοκεῖν
1074 2955 1435 3026 προσκρούειν
1467 2957 1652 3029 ἀγάπῃ
1685 2958 1780 3013 καὶ

213 3038 351 3108 νόμῳ
378 3038 457 3110 τῷ
498 3040 577 3102 είς
613 3039 983 3110 φιλαδελφίαν.
1023 3043 1185 3107 Εἰκὸς
1213 3043 1272 3098 δὲ
1299 3044 1362 3116 δή
1386 3062 1437 3099 τι
1465 3046 1557 3100 καὶ
1593 3047 1780 3117 ἕτερον

210 3128 653 3195 ὑπαινίττεσθαι,
708 3130 769 3183 τὸ
820 3132 1241 3203 χρησμῴδημαθ
1283 3134 1332 3188 εἰ
1380 3134 1489 3207 γάρ
1540 3139 1779 3210 τοσαύτη

212 3219 392 3288 γέγονε
418 3219 500 3289 τῷ
523 3219 790 3292 νομοθέτῃ
825 3222 1047 3293 φροντὶς
1066 3262 1082 3286 ,
1124 3223 1200 3288 ὡς
1222 3225 1272 3277 εί
1299 3225 1391 3281 καί
1429 3244 1479 3279 τι
1515 3226 1623 3280 τῶν
1655 3227 1781 3281 ἀλό-

212 3329 317 3380 γων
341 3311 425 3383 εἴη
463 3312 529 3392 eo
557 3312 823 3377 πεπονθὸς
844 3354 859 3379 ,
887 3314 1102 3383 ὀρέγειν
1128 3316 1276 3386 ἡμᾶς
1302 3315 1399 3387 τὴν
1430 3318 1775 3389 ἐπικουρίαν,

214 3404 437 3466 πῶςούκ
455 3402 523 3457 ἂν
552 3403 701 3474 αύτῷ
725 3404 985 3476 μειζόνως
1005 3406 1254 3477 ἀρέσειεν
1287 3408 1320 3477 ἡ
1355 3408 1435 3471 είς
1456 3408 1778 3480 ἀνθρώπους

215 3489 389 3561 φειδὼ,
415 3494 510 3546 καὶ
539 3494 574 3563 ἠ
598 3496 709 3556 τοῖς
734 3493 1049 3563 ὁμογενέσιν
1070 3494 1393 3567 ὀφειλομένη
1420 3496 1776 3569 φιλαλληλία;

211 3584 395 3639 οὐκοῦν
425 3585 530 3640 κᾶν
558 3588 605 3639 εί
631 3586 825 3658 ἐχθρὸς
851 3585 1101 3658 πλανῷτο
1140 3588 1319 3658 τυχὸν,
1343 3590 1661 3661 μανθανέτω
1680 3590 1779 3660 τὴν

212 3673 292 3726 ἐπ’
316 3676 469 3740 εὐθὺ,
492 3679 593 3731 καὶ
616 3677 683 3730 δι’
712 3677 873 3749 ήμῶν
898 3679 1100 3732 νευέτω
1130 3678 1206 3750 (1)
1236 3680 1372 3751 πρὸς
1397 3681 1458 3734 τὸ
1477 3682 1776 3753 συμφέρον.

212 3762 359 3818 Οὕτω
390 3766 487 3820 καὶ
516 3768 547 3820 ὀ
583 3766 850 3839 Χριστὸς,
890 3767 1055 3831 λίθοις
1089 3769 1187 3840 μὲν
1211 3769 1463 3824 ὲϐἀλλετο
1490 3772 1643 3843 παρά
1671 3774 1780 3826 τῶν

212 3855 266 3921 ἐξ
294 3857 534 3929 Ἰσραὴλ,
561 3857 827 3927 επεφώνει
856 3859 913 3914 δὲ
939 3860 1089 3931 ὅμως
1109 3877 1122 3890 ’
1155 3880 1173 3913 ι
1205 3863 1347 3927 Ἕως
1374 3864 1435 3917 τὸ
1456 3864 1572 3933 φῶς
1605 3865 1778 3936 ἔχετε,

219 3951 575 4017 περιπατεῖτε
607 3950 666 4002 ὲν
700 3948 779 4020 τῷ
810 3968 967 4019 φωτι,
999 3952 1086 4004 ἴνα
1119 3952 1193 4024 μὴ
1229 3954 1415 4007 σκοτία
1441 3954 1585 4026 ὑμᾶς
1609 3974 1779 4012 κατα-

207 4036 362 4110 λάϐῃ.
387 4058 405 4091 ι
433 4040 551 4093 Καὶ
565 4041 614 4095 εί
631 4041 779 4112 πόνῳ
801 4058 885 4105 τις
907 4043 1000 4096 καὶ⁵
1027 4046 1350 4114 πειρασμοῖς
1366 4045 1660 4101 ὲνθλίϐοιτο
1673 4048 1780 4101 τῶν

212 4130 749 4202 προσκεκρουκότων,
781 4132 875 4185 καὶ
892 4131 1171 4196 οίονείπως
1199 4134 1278 4197 είς
1297 4134 1400 4205 γῆν
1426 4135 1778 4208 ἐρριμμένος,

210 4219 465 4288 ἀφύκτοις
480 4221 750 4291 ἀνάγκαις
767 4222 1169 4289 καταπιέξοιτο,
1187 4226 1370 4296 φησιν,
1388 4228 1782 4301 ὲπικουρείσθω

210 4312 339 4382 πρὸς
364 4315 548 4386 ἡμῶν,
562 4316 652 4369 καὶ
664 4316 802 4369 εστω
817 4315 992 4387 λύπης
1015 4316 1273 4387 ἀμείνων,
1284 4319 1312 4370 ὁ
1326 4319 1580 4390 διάφορος
1605 4321 1780 4391 (2).”[1

208 4405 323 4476 οὐχὶ
342 4407 407 4479 δὴ
427 4407 591 4461 τοῦτό
625 4407 795 4473 ἐστιν,
825 4428 843 4459 ι
871 4405 945 4462 Εὖ
977 4411 1177 4462 ποιεῖτε
1202 4409 1326 4473 τοὺς
1350 4409 1578 4481 ἐχθροὺς
1604 4412 1777 4482 ὑμῶν,

209 4496 298 4555 καὶ
328 4497 701 4568 προσεύχεσθε
733 4499 873 4569 ὑπὲρ
892 4500 999 4552 τῶν
1026 4499 1439 4570 ἐπηρεαζόντων
1464 4502 1607 4571 ὑμᾶς
1636 4520 1649 4567 ;
1701 4522 1719 4556 ι

274 4588 481 4641 ΠΑΛΛ.
527 4589 761 4659 "Aptata
796 4588 951 4659 ἔφης.

272 4678 440 4732 ΚΥΡ.
470 4677 833 4748 Ἀγιοπρεπὲς
860 4674 952 4732 οὖν
977 4677 1104 4749 ἄρα,
1129 4680 1190 4733 τὸ
1214 4682 1325 4744 τοῖς
1359 4679 1625 4751 κάμνουσι
1652 4696 1776 4733 συν-

208 4769 386 4837 αλγεῖν
409 4809 425 4835 ,
469 4768 569 4823 καὶ
599 4769 719 4840 οὐχὶ
760 4768 825 4840 δὴ
863 4769 1059 4840 μᾶλλον
1094 4769 1164 4823 τά
1200 4770 1284 4839 ἐφ’
1329 4765 1411 4836 οἷς
1447 4767 1515 4842 ἦν
1553 4773 1777 4842 ἄμεινον

206 4858 643 4932 ὲποικτείρεσθαι
695 4859 843 4925 δεῖν,
900 4859 1211 4925 πλεονεξίας
1272 4861 1371 4931 τῆς
1420 4863 1540 4915 κατ’
1592 4861 1776 4915 αὐτῶν

206 4952 477 5005 ποιεῖσθαι
524 4950 819 5022 πρόφασιν,
859 4949 1301 5023 ὲπιθρώσκοντάς
1340 4968 1401 5005 τε
1440 4952 1535 5006 καὶ
1573 4954 1777 5024 ἐπιμη-

203 5041 433 5107 νιῶντας
461 5042 548 5095 ἔτι
568 5044 680 5105 τοῖς
712 5041 1084 5113 ἠδικημένοις.
1109 5041 1227 5096 Κᾶν
1262 5044 1308 5096 εί
1331 5040 1549 5096 δύναιτό
1571 5060 1657 5108 τις
1679 5044 1777 5097 λα’

204 5130 421 5201 θραίους
450 5132 738 5187 ἀποτελεῖν
762 5133 863 5205 τῆς
892 5132 1183 5204 ἐπιϐουλῆς
1215 5134 1343 5197 τοὺς
1371 5133 1625 5203 τρόπους,
1650 5134 1781 5187 ἀπο-

205 5221 423 5291 σχέσθαι
448 5224 561 5277 δεῖν
593 5224 622 5275 ὁ
646 5223 811 5294 νόμος
848 5219 907 5277 εὖ
953 5223 1095 5294 μάλα
1121 5224 1256 5294 φησὶ
1293 5223 1389 5277 καὶ
1418 5223 1527 5277 τῶν
1548 5224 1641 5277 ἐπὶ
1670 5223 1774 5294 τῷ·

202 5312 253 5372 δε
269 5314 777 5385 κακουργημάτων·
800 5314 904 5386 ἔφη
924 5314 1035 5385 γὰρ
1062 5312 1225 5367 πάλιν
1243 5329 1255 5341 ο
1286 5332 1304 5364 ι
1331 5313 1406 5365 Ού
1426 5311 1609 5376 κακῶς
1632 5313 1778 5383 ἐρεῖς

163 5444 166 5449 .
209 5404 403 5472 κωφὸν,
446 5406 543 5457 καὶ
571 5405 830 5459 ἀπέναντι
872 5403 1076 5473 τυφλοῦ
1105 5404 1165 5456 ού
1194 5402 1523 5474 προσθήσεις
1545 5401 1774 5455 σκάνδα-

209 5490 310 5549 λον.
354 5512 373 5547 ι
411 5495 523 5549 Καί
547 5513 628 5549 τοι
649 5495 765 5561 πῶς
795 5496 896 5549 οὐκ
924 5494 1168 5567 ἄμεινον,
1189 5494 1417 5556 καὶτοῖς
1445 5493 1584 5562 ἄγαν
1610 5493 1775 5547 ἐπιει-

210 5586 351 5643 κέσιν
373 5588 458 5643 ὅτι
493 5589 727 5658 μάλιστα
750 5588 953 5659 πρέπει
989 5586 1052 5642 τὸ
1081 5585 1295 5657 χαλινὸν
1324 5584 1515 5655 ὥσπερ
1542 5584 1686 5655 ἔχειν
1715 5586 1772 5638 ὲν

1878 2062 2005 2102 rans
2036 2048 2347 2118 jumentum
2396 2056 2489 2102 aut
2516 2047 2793 2116 perditum
2820 2047 3237 2111 vestimentum,
3267 2063 3455 2101 serva—

1877 2138 1962 2193 bis
1987 2153 2051 2194 ea
2074 2137 2229 2193 fratri
2264 2146 2360 2192 tuo
2375 2154 2395 2203 ;-
2415 2137 2582 2192 etiam
2617 2138 2663 2192 si
2682 2139 2991 2210 jumentum
3017 2138 3238 2209 aliquod
3270 2140 3454 2193 oneri-

1878 2228 1981 2283 bus
2020 2227 2263 2283 ferendis
2304 2234 2584 2282 assuetum
2615 2228 2669 2282 in
2708 2235 2912 2283 terram
2955 2230 3239 2295 ceciderit,
3267 2239 3323 2285 et
3354 2232 3457 2286 sub

1877 2320 1997 2390 ipso
2021 2334 2190 2377 onere
2232 2326 2571 2383 conteratur,
2613 2320 2774 2375 simul
2801 2321 3087 2391 adjuvabis
3112 2329 3167 2376 et
3190 2321 3369 2392 eriges
3392 2322 3460 2377 il-

1876 2410 1992 2465 lud.
2019 2409 2081 2469 Id
2101 2423 2233 2465 vero
2255 2409 2394 2462 nihil
2419 2409 2569 2463 aliud
2597 2418 2703 2474 est,
2730 2425 2894 2479 quam
2929 2411 3220 2465 Dominum
3240 2411 3455 2481 juvare.

1876 2508 1934 2554 et
1957 2499 2027 2556 ad
2059 2498 2497 2555 misericordiam
2535 2500 2803 2564 exerceri,
2830 2508 2885 2555 et
2910 2500 2979 2555 ad
3018 2502 3457 2558 benevolentiam

1878 2589 2111 2653 institui,
2138 2590 2302 2659 27o
2323 2597 2381 2646 et
2410 2591 2677 2661 repellere
2700 2591 2993 2648 diuturnas
3027 2592 3378 2658 oﬂ‘ensiones,
3403 2601 3457 2648 et

1877 2680 2052 2737 vitare
2076 2680 2325 2747 dissidia,
2351 2697 2421 2736 ne
2444 2682 2769 2737 charitatem
2808 2689 2865 2737 et
2900 2682 3261 2737 fraternitatis
3282 2684 3455 2754 legem

1876 2771 2085 2826 violare
2106 2770 2655 2829 videamur.\’idetur
2670 2781 2853 2827 autem
2873 2774 2977 2828 hoc
2992 2774 3179 2829 divino
3195 2789 3458 2844 responso

1877 2863 2042 2918 etiam
2075 2863 2225 2918 aliud
2260 2863 2523 2933 quiddam
2550 2863 2846 2935 signiﬁcari
2884 2883 2896 2919 :
2926 2865 2971 2920 si
2996 2866 3143 2920 enim
3169 2873 3332 2920 tantm
3354 2865 3459 2919 fuit

1878 2968 2025 3010 cura:
2048 2954 2370 3025 legislatori,
2397 2962 2479 3019 ut,
2505 2955 2551 3009 si
2576 2956 2666 3010 cui
2697 2956 2961 3010 animanti
2995 2957 3225 3013 rationis
3245 2958 3456 3027 experti

1878 3040 2147 3110 ejusmodi
2184 3055 2346 3095 casus
2386 3041 2697 3107 accidisset,
2724 3057 2825 3098 nos
2864 3044 3134 3099 ferremus
3167 3045 3459 3108 auxilium,

1880 3130 2157 3201 quomodo
2180 3145 2291 3185 non
2316 3132 2491 3185 multo
2512 3132 2783 3202 magisilli
2813 3141 3027 3203 gratum
3056 3134 3223 3190 fuerit
3247 3136 3429 3205 impen

1881 3233 2001 3273 sum
2026 3219 2081 3273 in
2099 3219 2352 3275 homines
2365 3220 2768 3281 conservandos
2790 3222 3054 3287 studium,
3079 3231 3136 3278 et
3154 3223 3209 3278 in
3227 3238 3322 3279 cos
3362 3226 3455 3295 qui

1882 3308 2143 3363 societate
2179 3316 2389 3363 natura:
2429 3310 2725 3365 nobiscum.
2760 3313 3034 3381 conjuncti
3078 3323 3224 3377 sunt,
3270 3315 3459 3370 debita

1880 3398 2086 3454 amoris
2128 3399 2483 3454 vicissitudo?
2520 3400 2710 3470 Igitur,
2757 3401 2971 3457 etiamsi
3014 3404 3269 3460 inimicus
3309 3415 3459 3461 erret

1878 3491 2131 3555 fortasse,
2155 3500 2370 3546 rectum
2410 3492 2515 3546 iter
2547 3491 2832 3555 doceatur,
2858 3502 2933 3557 et,
2973 3495 3135 3549 nobis
3171 3510 3453 3551 common-

1877 3582 2215 3647 strantibus,
2259 3597 2326 3637 eo
2369 3583 2556 3638 tendat
2613 3599 2725 3653 quo
2781 3584 3022 3653 expedit.
3075 3584 3168 3639 Sic
3203 3585 3467 3642 Christus,

1877 3689 2097 3745 quoque
2145 3674 2424 3744 lapidibus
2464 3674 2686 3744 quidem
2734 3675 3024 3745 petebatur
3065 3675 3134 3731 ab
3173 3676 3456 3744 Israelitis,

1876 3773 1933 3821 et
1959 3774 2141 3820 tamen
2174 3781 2272 3821 eos
2297 3765 2718 3835 alloquebatur:
2755 3785 2773 3817 ι
2824 3766 2963 3820 Dum
3003 3767 3183 3822 lucem
3219 3768 3460 3833 habetis,

1878 3859 2153 3916 ambulate
2172 3859 2227 3913 in
2245 3859 2389 3922 luce,
2410 3874 2478 3913 ne
2505 3858 2745 3913 tenebrae
2768 3874 2863 3913 vos
2878 3860 3348 3928 comprehendant
3362 3862 3403 3915 ".
3431 3881 3448 3912 ι

1878 3952 1965 4015 Et,
1992 3951 2037 4006 si
2071 3950 2193 4020 quis
2229 3950 2485 4005 inimicus
2512 3949 2699 4007 labore
2724 3956 2781 4010 et
2815 3949 3210 4007 tentationibus
3232 3952 3457 4007 afﬂicto.

1877 4051 1986 4107 tur,
2014 4057 2079 4096 ac
2107 4042 2259 4096 velut
2282 4042 2436 4095 humi
2459 4048 2769 4110 prostratus
2783 4041 2982 4110 jaceat,
3011 4049 3069 4096 et
3090 4042 3242 4113 gravi
3265 4059 3457 4099 neces-

1878 4132 2039 4187 sitate
2072 4138 2379 4201 prematur,
2407 4130 2745 4192 sublevetur,
2774 4128 2977 4199 inquit,
2999 4146 3034 4208 β
3067 4131 3255 4197 vobis;
3281 4140 3338 4187 et
3360 4139 3454 4202 qui

1878 4221 2200 4288 dissidebat,
2218 4221 2401 4275 vincat
2421 4219 2741 4275 offensionis
2773 4220 3115 4275 memoriam.
3136 4220 3331 4276 Annon
3351 4223 3457 4279 hoc

1879 4312 2014 4368 illud
2037 4320 2121 4367 est
2147 4330 2159 4365 :
2196 4331 2213 4363 ι
2247 4310 2558 4366 Benefacite
2582 4308 2820 4369 inimicis
2841 4312 3063 4377 vestris,
3098 4320 3156 4367 et
3177 4320 3331 4370 orate
3355 4330 3459 4386 pro,

1879 4401 2335 4473 persequentibus
2357 4414 2455 4455 vos
2478 4399 2530 4451 °?
2560 4418 2581 4453 ι.

1810 4606 1855 4660 υ
1954 4578 2149 4639 PALL.
2177 4577 2390 4648 Optime
2419 4577 2577 4632 dicis.

1950 4666 2109 4723 CYR.
2140 4667 2306 4722 Decet
2327 4667 2493 4737 igitur
2516 4674 2735 4722 sanctos
2760 4666 2908 4721 viros
2932 4667 3306 4725 laborantibus
3328 4687 3458 4726 con-

1881 4757 2100 4822 dolere;
2129 4772 2308 4826 neque
2329 4771 2395 4811 ea
2422 4755 2539 4826 ipsa
2562 4764 2787 4827 propter
2809 4772 2930 4827 quae
2952 4757 3247 4813 miserandi
3273 4760 3458 4830 potius

1881 4854 2060 4911 erant,
2104 4846 2173 4903 ad
2215 4846 2561 4905 occasionem
2611 4846 2824 4917 injuriae
2860 4854 3024 4917 atque
3060 4848 3365 4905 insolentiae
3399 4851 3455 4905 in

1881 4954 1979 4994 eos
2000 4936 2321 4995 exercenda:
2341 4944 2689 5002 convertere,
2709 4936 2766 4990 in
2794 4951 2985 4995 eorum
3023 4938 3272 4993 miserias
3302 4939 3455 4995 insu-

1883 5045 1983 5101 per
2032 5029 2359 5084 insultantes
2390 5035 2447 5089 et
2487 5027 2841 5094 invehentes;
2871 5028 3004 5097 quin
3034 5029 3198 5085 etiam
3232 5030 3277 5085 si
3315 5031 3454 5085 clam

1880 5120 2159 5177 insidiosis
2180 5120 2290 5174 illis
2312 5119 2488 5177 modis
2509 5118 2596 5179 uti
2613 5119 2883 5188 quispiam
2899 5119 3056 5183 facile
3075 5119 3453 5190 possintamen

1880 5214 1949 5269 ab
1974 5210 2287 5282 hujusmodi
2312 5210 2649 5281 malignitate
2675 5210 3063 5268 abstinendum
3091 5226 3233 5276 esse,
3258 5212 3345 5265 lex
3361 5212 3451 5282 ju-

1880 5308 2006 5363 bet:
2033 5304 2112 5359 ait
2133 5304 2283 5359 enim
2308 5318 2535 5357 rursus:
2567 5320 2585 5353 ι
2612 5303 2731 5359 Non
2752 5302 3047 5358 maledices
3061 5303 3248 5368 surdo,
3273 5319 3452 5373 neque

1878 5413 2061 5460 coram
2086 5411 2236 5453 ceco
2252 5409 2424 5465 pones
2444 5392 2835 5449 offendiculum
2862 5394 2903 5447 ’.
2943 5412 2961 5445 ι
2990 5394 3155 5464 Atqui
3176 5394 3453 5464 quomodo

1878 5504 1989 5544 non
2010 5485 2359 5557 praestantius
2377 5493 2481 5548 est,
2511 5493 2570 5539 et
2587 5484 2776 5553 probis
2802 5483 3119 5539 hominibus
3139 5498 3449 5555 congruen-

1882 5580 2010 5643 tius,
2035 5576 2091 5630 in
2112 5576 2301 5648 lingua
2322 5574 2537 5630 frenum
2562 5574 2782 5640 habere,
2808 5583 2972 5644 atque
3006 5588 3221 5640 cavere,
3245 5589 3315 5629 ne
3338 5589 3451 5629 ma-

282 5779 302 5808 ⁸
328 5778 497 5832 Deut.
522 5791 652 5839 ιλιι,
690 5775 798 5829 1-4.
878 5774 896 5803 ⁷
930 5771 1085 5827 Joan.
1121 5787 1212 5836 xu,
1256 5771 1341 5826 55.
1418 5771 1437 5803 ⁸
1466 5769 1654 5824 Matth.
1689 5769 1741 5833 5,

1945 5768 1964 5799 ⁸
1989 5766 2166 5821 Levit.
2199 5780 2305 5827 xxx,
2336 5763 2421 5817 14.

277 5891 354 5962 (l)
396 5889 538 5944 Cod.
572 5888 766 5951 Vatic.,
809 5883 865 5940 εὗ
893 5886 1022 5955 ἤτω.

1956 5880 2031 5951 (2)
2060 5879 2207 5933 Idem
2240 5878 2360 5931 cod.
2396 5877 2599 5932 omittit
2629 5874 2659 5927 ὁ
2687 5871 2960 5934 διάφοροί.
