3982 6522
435 461 544 519 565

1464 456 1517 510 S.
1561 455 1836 511 CYRILIJ
1874 455 2343 513 ALEXANDRINI
2384 457 2703 513 ARCHIEP.

3601 457 3703 511 5&1

440 568 701 625 ledictum
740 567 795 622 in
833 565 1082 636 quamvis
1106 579 1242 627 rem,
1276 563 1386 618 imo
1410 581 1542 620 vero
1565 568 1818 636 quemvis
1843 568 2024 623 homi-

2139 571 2378 641 γλώττῃ,
2415 574 2506 625 καὶ
2551 572 2649 641 τὴν
2698 571 2785 641 ἐφ’
2823 568 3023 640 ὁτῳοῦν
3046 609 3062 634 ,
3107 569 3309 638 μᾶλλον
3338 569 3397 623 δὲ
3439 568 3709 642 ἀνθρώπῳ

442 674 574 714 nem
598 658 868 729 jactetur?
900 654 1079 709 Nolite
1119 653 1432 717 detrahere,
1468 653 1668 709 fratres
1706 656 1836 720 mei,
1878 656 2019 710 invi-

446 764 587 813 cem,
645 747 824 818 inquit
868 746 960 800 ille
1018 744 1319 799 Salvatoris
1377 746 1552 800 nostri
1616 745 1922 815 discipulus
1956 748 2018 801 ‘°.

440 837 599 896 Nunc
630 847 814 893 autem
839 838 926 891 lex
956 836 1134 906 inquit
1176 855 1189 889 :
1225 856 1242 887 ι
1290 837 1409 891 Non
1449 838 1743 893 maledices
1769 838 1964 903 surdo;
1996 858 2015 890 ι

441 930 700 984 nimirum
727 943 826 999 per
857 927 1089 998 aenigma
1126 927 1431 997 signiﬁcare
1472 930 1680 991 volens,
1705 928 2023 986 hominibus

441 1038 572 1080 sane
594 1022 781 1092 probis
799 1037 920 1077 esse
946 1021 1260 1075 necessario
1300 1021 1369 1074 ab
1400 1020 1683 1075 inferenda
1711 1021 1911 1090 injuria
1934 1021 2021 1075 fu-

432 1115 697 1187 giendum
743 1133 755 1167 :
789 1114 1006 1169 etiamsi
1037 1114 1260 1183 quidam
1308 1114 1576 1184 ejusmodi
1621 1115 1751 1178 sint,
1784 1124 1843 1168 ut
1872 1114 2024 1169 nullo

440 1205 664 1275 negotio
703 1204 786 1259 eis
826 1204 1017 1259 inferri
1054 1204 1229 1272 possit
1274 1220 1285 1255 :
1323 1204 1526 1258 surdus
1567 1205 1716 1258 enim
1758 1213 1814 1258 et
1848 1219 2025 1259 caecus

441 1312 551 1350 non
582 1304 710 1350 sunt
751 1312 782 1351 a
820 1296 1014 1350 morbo
1039 1295 1236 1360 liberi;
1268 1295 1519 1349 laborant
1546 1296 1746 1369 quippe
1774 1297 2025 1366 corporis

441 1387 627 1451 vitiis,
671 1404 737 1443 ac
777 1388 1032 1443 sensibus
1064 1387 1261 1457 privati
1294 1393 1440 1448 sunt,
1475 1380 1730 1456 aspectu,
1780 1389 2021 1458 inquam,

444 1487 502 1532 et
527 1479 718 1533 auditu
749 1497 763 1532 :
789 1494 969 1549 neque
998 1479 1188 1533 audire
1211 1486 1391 1548 potest
1414 1478 1616 1534 surdus
1639 1495 1787 1544 eum,
1811 1481 1904 1548 qui
1932 1479 2026 1533 de-

446 1570 667 1625 trahere
694 1570 846 1634 velit,
876 1585 1056 1640 neque
1087 1584 1262 1624 aecus
1293 1583 1419 1623 eum
1446 1570 1711 1639 aSpicere,
1739 1569 1830 1638 qui
1854 1568 2027 1622 offen-

446 1660 691 1717 diculum
722 1662 895 1732 ponit.
919 1662 1065 1717 Nihil
1098 1662 1265 1732 igitur
1292 1660 1497 1731 negotii
1526 1668 1630 1725 est,
1663 1676 1790 1715 eum
1832 1661 2023 1724 latere,

446 1753 542 1823 qui
572 1747 680 1808 illis
712 1753 962 1808 insidiari
1002 1753 1152 1808 velit.
1200 1752 1359 1821 271
1405 1750 1533 1817 Sed,
1581 1767 1719 1821 quos
1770 1752 2024 1806 miserari

448 1844 621 1914 magis
641 1859 859 1913 aequum
886 1852 1026 1907 erat,
1056 1851 1117 1897 ut
1141 1841 1234 1912 qui
1266 1857 1332 1895 ex
1360 1843 1557 1911 seipsis
1583 1858 1679 1896 sua
1730 1842 1841 1911 jam
1877 1842 2024 1896 cala-

2131 663 2290 715 παντὶ
2306 661 2690 733 παραιτεῖσθαι
2707 662 3068 733 κατάρρησιν;
3095 661 3189 732 Μὴ
3206 660 3560 713 καταλαλεῖτε
3583 663 3709 732 γὰρ,

2129 754 2314 823 φησὶν,
2334 752 2550 822 ἀδελφοί
2574 770 2695 824 μου,
2717 752 2983 823 ἀλλήλων,
3003 750 3098 804 τοῦ
3116 752 3365 822 Σωτῆρος
3386 754 3416 804 ὁ
3441 751 3709 823 μαθητής.

2126 843 2242 896 Νῦν
2272 844 2330 898 δέ.
2354 861 2518 915 φησιν
2539 846 2568 897 ὁ
2589 844 2773 914 νόμοςο
2803 861 2824 894 ι
2849 843 2924 897 Οὐ
2951 843 3137 905 κακῶς
3171 843 3317 912 ἐρεῖς
3354 843 3563 911 κωφὸν,
3594 861 3614 893 ι
3647 844 3711 896 δι’

2128 936 2471 1005 αἰνίγματος,
2497 928 2652 1005 οἶμαί
2672 952 2771 987 που
2793 976 2807 998 ,
2830 934 3271 1003 κατασημαίνειν
3293 932 3497 985 ἐθέλων
3520 933 3582 986 τὸ
3602 933 3713 985 δεῖν

2129 1026 2448 1094 ἀναγκαίως
2484 1026 2610 1089 τούς
2639 1043 2703 1094 γε
2731 1025 2807 1089 ὡς
2841 1026 3057 1095 ἀληθῶς
3081 1026 3345 1088 ἐπιεικεῖς
3370 1024 3463 1077 τὸν
3488 1026 3712 1094 τρόπον,

2128 1120 2429 1189 ἀποφοιτᾷν
2445 1118 2678 1182 ἀδικίας,
2707 1118 2809 1172 κᾶν
2833 1119 2880 1171 εἰ
2906 1118 2968 1171 τδ
2991 1117 3185 1170 παθεῖν
3203 1116 3437 1185 ἑτοίμως
3449 1115 3715 1169 δύνασθαι

2131 1208 2407 1279 συμϐαίνῃ
2437 1210 2579 1261 τισί·
2614 1209 2796 1279 κωφὸς
2828 1209 2929 1279 μὲν
2962 1208 3071 1278 γάρ
3095 1207 3127 1277 ἢ
3150 1208 3369 1276 τυφλὸς,
3400 1209 3718 1277 ἀρρωστίας

2128 1301 2229 1351 οὑκ
2273 1298 2581 1368 ἐλεύθεροι·
2637 1299 2856 1352 νοσοῦσι
2900 1298 3009 1370 γὰρ
3054 1298 3118 1370 δὴ
3165 1299 3236 1351 τὰ
3283 1299 3392 1352 ἀπὸ
3421 1299 3711 1368 σώματος.

2132 1392 2225 1444 καὶ
2257 1390 2356 1455 τάς
2390 1390 2672 1461 αἰσθήσεις
2712 1391 3071 1462 πεπήρωνται
3096 1430 3111 1455 ,
3165 1390 3287 1459 ὄψιν
3329 1389 3389 1443 δέ
3441 1390 3586 1457 λέγω
3621 1392 3717 1444 καὶ

2130 1484 2321 1555 ἀκοήν.
2371 1484 2481 1536 Καὶ
2504 1485 2603 1536 οὐκ
2620 1483 2687 1537 ἂν
2714 1484 2997 1537 ἀκούσειεν
3025 1486 3050 1537 6
3072 1483 3255 1551 κωφὸς
3273 1483 3367 1536 τοῦ
3390 1482 3717 1537 καταλαλείν

2131 1575 2429 1639 ἐθέλοντος,
2451 1575 2565 1630 ἀλλ’
2599 1575 2705 1628 οὐδ’
2734 1574 2800 1628 ἂν
2824 1574 3139 1645 καταθεῷτο
3154 1574 3352 1643 τυφλὸς
3384 1575 3477 1627 τὸν
3500 1591 3718 1646 προστιο

2132 1668 2295 1721 θέντα
2346 1669 2659 1722 σκάνδαλον.
2711 1669 2911 1721 Λαθεῐν
2958 1666 3053 1721 οὖν
3090 1669 3197 1737 ἄρα
3246 1669 3485 1738 χαλεπὸν
3541 1668 3717 1731 οὐδὲν,

2133 1759 2233 1813 κᾶν
2272 1762 2321 1812 εἰ
2357 1759 2597 1831 βούλοιτό
2636 1778 2719 1825 τις
2762 1759 3134 1814 ἐπιϐουλεύειν
3177 1761 3382 1824 αὐτοῖς.
3441 1760 3583 1812 Ἀλλ’
3626 1760 3720 1822 οὓς

2133 1852 2238 1904 ἔδει
2269 1852 2467 1922 μᾶλλον
2494 1852 2637 1904 ἑλεῖν
2656 1893 2670 1917 ,
2687 1852 2762 1914 ὡς
2784 1851 3213 1923 ὴρρωστηκὸτας
3248 1851 3348 1920 ἤδη
3374 1851 3476 1919 τῆς
3505 1849 3718 1903 οἴκοθεν

448 1936 636 1990 mitate
655 1935 987 1997 laborarent,
1011 1949 1105 1988 eos
1128 1934 1354 2003 insuper
1377 1933 1576 2003 injuria
1599 1931 1813 1987 afﬁcere
1837 1932 2031 2001 depre-

2139 1946 2439 2014 συμφορᾶς,
2470 1944 2565 1996 καὶ
2592 1942 3051 2015 προσαδικοῦντες
3080 1941 3401 2006 ἁλώσονται,
3434 1942 3720 2012 σκανδάλῳ

447 2026 797 2091 heuduntur,
841 2040 965 2080 cum
1007 2024 1341 2080 oﬂ‘endiculo
1418 2025 1640 2094 quidem
1684 2040 1886 2079 caseum
1930 2040 2029 2078 ne-

448 2119 713 2174 scientem
741 2119 798 2172 in
828 2133 1016 2173 casum
1042 2126 1226 2188 agant,
1259 2116 1329 2169 de
1360 2116 1618 2171 convitiis
1646 2132 1779 2171 vero
1802 2116 2031 2171 surdum

449 2219 705 2280 tamquam
731 2210 799 2264 de
828 2209 1107 2272 laudibus,
1138 2208 1413 2261 interdum
1434 2206 1615 2262 ridere
1641 2207 2028 2277 persuadeant,

449 2318 614 2371 quem
636 2304 961 2372 plerumque
985 2300 1042 2353 in
1072 2299 1239 2353 rebus
1261 2299 1559 2368 prtecipuis
1586 2298 1808 2353 feriunt.
1842 2299 2031 2369 Igitur,

450 2396 495 2450 si
514 2395 641 2464 quis
657 2395 775 2449 haec
795 2393 974 2449 facere
997 2391 1293 2454 studuerit,
1320 2392 1535 2446 occulta
1560 2391 1782 2461 quidem
1807 2391 1859 2444 in
1886 2399 2033 2444 utro-

450 2500 559 2555 que
583 2485 691 2539 erit
719 2485 839 2554 ejus
859 2483 1201 2553 malignitas;
1231 2482 1453 2536 saevitia:
1474 2496 1605 2535 vero
1630 2484 1685 2535 et
1720 2480 2032 2535 inhumani-

455 2578 583 2632 tatis
608 2578 857 2632 maxima:
880 2577 1089 2631 crimen
1116 2575 1262 2629 haud
1288 2589 1527 2644 unquam
1559 2572 1803 2643 effugiet.

524 2668 722 2723 PALL.
758 2669 960 2723 Verum
996 2676 1099 2721 cst.
1928 2719 1931 2722 ,

525 2762 681 2817 CYR.
711 2762 848 2816 Nam
876 2768 1117 2814 veterem
1144 2772 1363 2827 quoque
1388 2756 1584 2826 legem,
1615 2756 1757 2809 inter
1780 2768 1880 2809 nos
1908 2768 2030 2809 mu-

452 2862 549 2909 tuo
570 2856 817 2925 diligere,
835 2860 892 2908 et
919 2847 1303 2929 misericordes
1332 2865 1452 2905 esse
1473 2849 1630 2911 velle,
1650 2847 1807 2902 facile
1830 2848 2030 2913 disces,

453 2945 500 3000 si
519 2944 665 2998 illius
683 2944 849 2998 verba
876 2943 1087 3005 audies,
1112 2941 1367 3004 dicentis,
1394 2956 1543 2995 nunc
1561 2939 1782 3009 quidem
1810 2956 1823 2992 :
1849 2959 1867 2990 ι
1895 2940 2035 3009 Ape-

454 3034 648 3090 riendo
679 3036 893 3105 aperies
930 3034 1143 3088 viscera
1190 3041 1281 3087 tua
1314 3046 1479 3101 super
1522 3031 1798 3109 indigente
1863 3031 2034 3086 fratre

454 3126 548 3197 qui
566 3134 648 3182 est
666 3127 720 3180 in
747 3134 799 3181 te
824 3126 969 3189 ¹¹-¹²;
995 3144 1013 3176 ι
1042 3138 1190 3179 nunc
1204 3140 1335 3179 vero
1363 3142 1375 3177 :
1406 3143 1424 3175 ‹
1442 3124 1509 3177 Et
1528 3124 1791 3179 advenam
1815 3139 1925 3177 non
1949 3122 2032 3177 af-

455 3218 673 3290 fligetis,
706 3233 883 3287 neque
907 3216 1229 3287 opprimetis
1256 3230 1416 3281 eum;
1445 3216 1615 3269 eratis
1639 3217 1786 3270 enim
1811 3215 2034 3269 advenae

458 3312 511 3366 in
554 3320 699 3366 terra
738 3309 973 3380 Egypti.
1001 3309 1230 3363 Omnem
1264 3307 1483 3360 viduam
1522 3315 1577 3359 et
1616 3306 1885 3374 pupillum
1924 3320 2036 3359 non

458 3403 708 3473 amigetis
738 3421 751 3455 :
777 3401 923 3471 quod
947 3401 992 3454 si
1020 3398 1307 3469 aiiiigendo
1329 3396 1631 3451 aﬂlixeritis
1654 3396 1820 3465 ipsos,
1846 3402 1902 3449 et
1927 3396 2039 3450 cla-

460 3501 671 3548 mantes
701 3491 1058 3546 clamaverint
1091 3489 1158 3543 ad
1191 3504 1300 3552 me,
1353 3487 1545 3541 auditu
1592 3487 1808 3541 audiam
1847 3501 2039 3542 vocem

458 3598 650 3639 eorum
682 3590 739 3636 et
770 3582 977 3635 irascar
1018 3581 1120 3643 ira,
1162 3587 1219 3633 et
1260 3578 1584 3634 interﬁciam
1622 3592 1720 3632 vos
1760 3576 1959 3647 gladio,
1986 3584 2043 3630 ct

460 3679 626 3729 erunt
666 3685 867 3727 uxores
908 3677 1107 3725 vestra:
1146 3669 1356 3732 viduae,
1385 3674 1441 3723 et
1484 3668 1581 3721 lilii
1614 3668 1785 3722 vestri
1825 3667 2037 3738 pupilli.

461 3763 618 3833 Quod
644 3763 689 3819 si
712 3773 997 3834 argentum
1020 3761 1357 3815 mutuaveris
1380 3760 1538 3814 fratri
1557 3770 1652 3814 tuo
1675 3761 1922 3830 pauperi,
1945 3762 2040 3830 qui

460 3864 547 3912 est
576 3856 719 3926 apud
769 3863 840 3918 te,
871 3870 983 3908 non
1025 3852 1250 3923 urgebis
1292 3866 1439 3915 eum,
1483 3868 1662 3921 neque
1704 3853 1953 3921 impoues
1988 3854 2039 3907 ei

462 3958 689 3999 usuram
718 3962 731 3997 :
758 3943 905 4013 quod
946 3943 991 3996 si
1032 3941 1371 4012 pignerando
1402 3941 1718 4011 pigneratus
1750 3940 1921 3996 fueris
1946 3957 2041 3996 ve~

462 4043 601 4090 stem
632 4034 865 4105 proximi
896 4034 997 4097 tui,
1032 4040 1160 4086 ante
1203 4031 1338 4086 solis
1373 4044 1629 4086 occasum
1670 4031 1868 4087 reddes
1893 4034 1992 4103 ipsi
2025 4052 2039 4087 :

463 4125 554 4181 hic
575 4127 722 4182 enim
748 4132 833 4181 est
855 4126 1089 4181 amictus
1110 4123 1284 4195 ipsius
1314 4124 1513 4187 solum,
1538 4122 1645 4178 hoc
1665 4130 2042 4194 tegumentum

460 4219 820 4289 turpitudinis
852 4219 991 4289 ejus,
1034 4217 1090 4271 in
1123 4230 1233 4288 quo
1260 4215 1529 4270 dormiet?
1562 4214 1618 4270 Si
1650 4216 1816 4287 igitur
1838 4216 2041 4272 clama-

459 4312 602 4366 verit
616 4311 685 4365 ad
702 4326 808 4373 me,
824 4308 1112 4365 exaudiam
1129 4323 1255 4362 eum
1274 4324 1287 4372 ;
1305 4306 1621 4361 misericors
1635 4309 1781 4361 enim
1800 4323 1919 4363 sum
1941 4310 2001 4363 υ,
2017 4329 2034 4361 ι

466 4402 633 4457 Audis
654 4418 761 4471 qua
789 4402 1019 4464 ratione,
1049 4415 1174 4454 cum
1200 4399 1574 4468 proposuisset
1597 4398 1812 4454 dulcem
1841 4408 2044 4456 mutum

464 4488 857 4542 benevolentia:
892 4487 1259 4556 disciplinam,
1304 4487 1530 4555 insuper
1561 4487 1698 4540 iram
1729 4496 1891 4558 atque
1917 4490 2041 4544 vin-

464 4578 667 4631 dictam
690 4585 774 4630 est
802 4578 1184 4640 comminatus,
1218 4585 1275 4631 et
1312 4577 1380 4631 iis
1419 4576 1515 4645 qui
1538 4577 1834 4632 vindictam
1866 4579 2034 4643 illam,

462 4667 569 4721 nisi
603 4666 995 4720 misericordia:
1035 4667 1091 4720 in
1128 4666 1326 4721 fratres
1361 4667 1604 4721 studium
1646 4668 2035 4737 impenderim,

458 4756 701 4809 subituri
722 4762 868 4818 sunt,
892 4755 1128 4825 benigne
1150 4757 1546 4825 propemodum
1581 4772 1801 4812 causam
1826 4760 2040 4815 reddit?

462 4847 603 4914 Quia
633 4847 922 4918 benignus,
959 4846 1232 4915 inquiens,
1276 4862 1431 4913 sum;
1478 4848 1532 4902 id
1576 4856 1679 4912 est,
1723 4866 1848 4904 cum
1880 4851 2037 4907 beni-

463 4956 602 5011 gnus
620 4946 816 4993 natura
841 4938 967 5003 sim,
988 4947 1044 4993 et
1065 4938 1394 5002 misericors,
1419 4948 1608 5009 utpote
1628 4940 1720 5011 qui
1746 4942 1891 4998 Deus
1914 4946 2037 5009 sim,

462 5034 725 5104 accipiam
756 5033 980 5087 omnino
1002 5031 1180 5086 vexati
1203 5031 1441 5086 hominis
1466 5034 1783 5099 clamorem,
1817 5044 1872 5090 et
1907 5053 2040 5091 con-

465 5125 619 5179 tinuo
640 5124 944 5179 miserebor
964 5123 1330 5193 lacrymarum
1350 5136 1542 5177 eorum
1590 5125 1683 5194 qui
1711 5129 2045 5196 paupertatis

466 5217 609 5271 mole
632 5224 981 5287 premuntur.
998 5213 1254 5270 Cavenda
1276 5220 1360 5268 est
1390 5213 1558 5285 igitur
1575 5218 1832 5287 pauperis
1848 5220 2042 5275 adver-

468 5321 562 5360 sus
576 5320 676 5360 nos
697 5286 1034 5361 vociferatio.
1064 5306 1195 5359 Esse
1220 5313 1403 5359 autem
1429 5305 1495 5359 ad
1523 5286 2038 5364 communicandum

468 5396 657 5450 faciles
701 5402 987 5465 oportere,
1027 5405 1083 5449 et
1129 5395 1453 5450 charitatem
1496 5396 1550 5450 in
1589 5410 1856 5467 pauperes
1895 5416 2044 5454 sum-

470 5502 561 5540 ino
618 5486 803 5541 studio
863 5486 1295 5555 amplectendam
1343 5492 1573 5556 putare,
1611 5488 1785 5542 Suasit
1852 5504 2044 5546 rursus

467 5577 526 5631 in
555 5578 1007 5642 Deuteronomio,
1043 5576 1233 5632 dicens
1260 5594 1273 5630 :
1320 5595 1339 5628 ι
1372 5578 1491 5633 Non
1524 5576 1801 5634 fraudabis
1832 5594 2045 5637 merce-

468 5669 594 5725 dem
610 5670 867 5741 pauperis
895 5676 992 5725 aut
1014 5668 1311 5741 indigentis
1337 5685 1406 5724 ex
1433 5670 1696 5726 fratribus
1720 5673 1882 5742 272
1911 5675 2041 5740 tuis,

550 5846 595 5879 “
622 5848 737 5906 Jac.
764 5865 839 5915 ιν,
876 5848 963 5904 ll.

2064 3272 2105 3331 (Σ

2137 2035 2234 2103 μὲν
2276 2035 2366 2087 τὸν
2400 2034 2599 2103 τυφλὸν
2631 2035 2730 2087 οὐκ
2772 2034 2951 2087 εἰδότα
2982 2032 3358 2103 συντρίϐοντες
3381 2073 3396 2095 ,
3426 2032 3719 2103 λοιδορίαις

2133 2126 2188 2177 δὲ
2221 2126 2313 2177 τὸν
2353 2126 2557 2192 κωφὸν,
2584 2125 2659 2188 ὡς
2700 2126 2787 2178 ἐπ’
2812 2124 3136 2195 εὐφημίαις,
3186 2123 3298 2176 ἐσθ’
3327 2126 3418 2176 ὅτε
3462 2123 3559 2176 καὶ
3604 2141 3722 2192 pat-

2133 2216 2250 2286 διᾷν
2276 2217 2662 2279 ἀναπείθοντες
2682 2256 2697 2279 ,
2736 2216 3062 2287 πλήττοντές
3093 2232 3158 2283 γε
3201 2214 3306 2285 μὴν
3344 2216 3438 2267 καὶ
3467 2217 3550 2276 εἰς
3580 2214 3723 2267 αὺτά

2135 2323 2237 2358 που
2278 2306 2541 2369 πολλάκις
2593 2309 2664 2359 τὰ
2706 2305 3070 2377 καιριώτατα.
3100 2306 3312 2360 Οὐκοῦν
3355 2306 3719 2376 κεκρυμμὲνη

2139 2398 2259 2468 μὲν,
2294 2398 2454 2468 εἴπερ
2484 2397 2661 2450 ’ἐλοιτό
2696 2415 2780 2460 τις
2801 2440 2815 2462 ,
2861 2400 2893 2469 ἡ
2925 2398 3010 2450 ἐπ’
3042 2398 3246 2468 ἀμφοῖν
3271 2396 3337 2450 ἂν
3372 2399 3585 2464 γένοιτο
3619 2415 3719 2449 x1—

2136 2489 2368 2560 κουργία
2393 2530 2407 2551 ,
2439 2489 2806 2560 σκληρότητος
2838 2490 2893 2542 δὲ
2926 2490 3019 2543 καὶ
3049 2490 3145 2557 τῆς
3177 2489 3318 2557 ἀγαν
3360 2487 3720 2558 μισαλληλίας

2133 2582 2233 2635 οὐκ
2260 2581 2327 2635 ἀν
2350 2581 2661 2652 διεξοίχοιτο
2689 2584 2926 2652 γραφήν.

2207 2674 2414 2726 ΠΑΛΛ,
2464 2674 2705 2741 Ἀληθές.

2208 2763 2370 2819 ΚΥΡ.
2406 2763 2766 2835 Φιλαλλήλους
2814 2765 2921 2833 γὰρ
2961 2766 3042 2817 ὅτι
3087 2766 3181 2816 καὶ
3228 2764 3715 2833 φιλοικτίρμονας,

2137 2855 2232 2907 καὶ
2267 2853 2327 2906 τδ
2360 2856 2584 2926 ἀρχαῖον
2611 2856 2760 2925 ἡμᾶς
2800 2856 3090 2926 καθίστησι
3127 2853 3424 2925 θέσπισμα,
3469 2856 3607 2924 ῥᾷον
3653 2854 3718 2906 iv

2141 2947 2329 3017 μάθοις
2369 2948 2576 3000 ἐπαΐων
2628 2946 2907 3014 λέγοντος,
2963 2947 3050 3000 ὁτὲ
3102 2948 3222 3015 μὲν,
3271 2947 3353 2999 ὅτι
3394 2965 3412 2997 ι
3459 2947 3722 3011 Ἀνοίγων

2138 3039 2371 3104 ἀνοίξεις
2400 3039 2468 3093 τὰ
2510 3038 2797 3107 σπλάγχνα
2852 3054 2944 3091 σου
2996 3036 3071 3103 τῷ
3113 3037 3324 3107 ἀδελφῷ
3356 3054 3449 3092 σου
3482 3037 3561 3106 τῷ
3598 3037 3721 3088 ἐπι-

2138 3131 2375 3202 δεομένῳ
2399 3134 2457 3185 ἐν
2477 3131 2557 3184 σοί
2582 3144 2592 3156 ’
2624 3150 2641 3179 ι
2669 3129 2755 3182 ὁτὲ
2783 3128 2837 3181 δὲ
2867 3124 2955 3191 αὖ,
2994 3148 3012 3181 ι
3041 3131 3149 3183 Καὶ
3173 3128 3512 3201 προσήλυτον
3536 3127 3600 3179 οὐ
3621 3144 3722 3179 κα-

2140 3222 2368 3284 κώσετε,
2405 3223 2525 3276 οὐδὲ
2561 3222 2635 3294 μὴ
2666 3220 2881 3292 onem
2907 3220 3085 3274 αὐτόν·
3118 3216 3215 3292 ἦτε
3245 3222 3355 3291 γὰρ
3387 3219 3721 3289 προσήλυτοι

2140 3315 2198 3367 ὲν
2225 3318 2295 3384 γῇ
2324 3312 2622 3380 Αἰγύπτου.
2657 3314 2844 3367 Πᾶσαν
2871 3313 3044 3384 χῆραν
3080 3312 3174 3366 καὶ
3195 3312 3429 3383 ὀρφανὸν
3449 3309 3510 3363 οὐ
3531 3310 3718 3362 κακὼ-

2144 3421 2266 3458 σετε
2290 3424 2303 3436 -
2334 3405 2429 3458 ἐάν
2443 3404 2499 3456 δὲ
2525 3405 2693 3476 κακίᾳ
2722 3403 3010 3473 κακώσητε
3034 3402 3231 3466 αὐτοὺς
3254 3446 3267 3467 ,
3301 3404 3395 3455 καὶ
3418 3401 3723 3472 κράξαντες

2141 3493 2524 3563 καταϐοήσωσι
2554 3492 2689 3564 πρὸς
2720 3495 2806 3563 μὲ,
2836 3494 2971 3563 ἀκοῇ
3002 3491 3506 3562 εἰσακούσομαιτῆς
3532 3490 3720 3559 φωνῆς

2141 3584 2350 3647 αὐτῶν,
2413 3584 2507 3638 καί
2559 3584 2966 3655 ὀργισθήσομαι
3021 3584 3213 3657 θυμῷ,
3263 3585 3359 3638 καὶ
3418 3582 3715 3637 ἀποκτενῶ

2142 3679 2286 3748 ὑμᾶς
2328 3676 2573 3748 μαχαίρᾳ
2590 3720 2603 3742 ,
2625 3678 2719 3731 καὶ
2744 3678 2960 3731 ἔσονται
2987 3680 3039 3731 αἰ
3066 3681 3326 3745 γυναῖκες
3347 3676 3503 3746 ὑμῶν
3524 3676 3721 3744 χῆραι,

2141 3771 2235 3823 καί
2260 3771 2327 3823 τά
2348 3768 2536 3822 παιδία
2572 3768 2727 3840 ὑμῶν
2756 3769 2984 3840 ὀρφανά.
3028 3768 3153 3822 Ἐὰν
3183 3768 3239 3820 δὲ
3263 3767 3525 3840 ἀργύριον
3559 3766 3725 3819 ἐκδα-

2140 3863 2325 3932 νείσῃς
2354 3861 2433 3932 τῷ
2477 3860 2694 3931 ἀδελφῷ
2752 3879 2846 3913 σου
2894 3859 3136 3930 πενιχρῷ
3173 3859 3250 3930 τῷ
3285 3862 3433 3928 παρά
3468 3861 3581 3921 σοὶ,
3621 3860 3725 3911 οὐκ

2141 3954 2239 4024 ἔσῃ
2279 3952 2441 4006 αὐτὸν
2479 3953 2848 4020 κατεπείγων,
2880 3951 3000 4005 οὐδὲ
3034 3950 3313 4021 ἐπιθήσεις
3342 3951 3493 4020 αὐτῴ
3530 3950 3723 4003 τόκονο

2143 4044 2239 4097 ἐὰν
2271 4043 2329 4097 δὲ
2372 4043 2720 4114 ἐνεχύρασμα
2750 4043 3085 4112 ἐνεχυράσῃς
3110 4042 3171 4095 τὸ
3198 4042 3411 4111 ίμάτιον
3457 4040 3549 4093 τοῦ
3586 4040 3725 4109 πληο

2143 4134 2259 4188 σίον
2299 4152 2413 4201 σου,
2454 4135 2560 4206 πρὸ
2586 4132 2805 4205 δυσμῶν
2834 4132 2984 4204 ἡλίου
3021 4132 3320 4195 ἀποδώσεις
3356 4131 3526 4202 αὐτῷ.
3562 4132 3725 4184 Ἔστι

2140 4224 2251 4292 γάρ
2272 4223 2427 4276 τοῦτο
2459 4222 2805 4293 περιϐόλαιον
2828 4220 2989 4276 αὐτοῦ
3025 4221 3203 4293 μόνον,
3229 4220 3388 4275 τοῦτο
3413 4218 3477 4274 τὸ
3504 4221 3727 4291 ἰμάτιον

2142 4310 2529 4382 ἀσχημοσύνης
2569 4311 2763 4364 αὑτοῦ*
2803 4313 2861 4365 ἐν
2890 4312 2993 4365 τίνι
3018 4310 3455 4383 κοιμηθήσεταις
3492 4309 3587 4362 ἐὰν
3627 4307 3728 4366 οὖν

2143 4404 2456 4474 καταϐοήσῃ
2500 4404 2635 4474 πρός
2676 4421 2763 4473 με,
2801 4404 3191 4474 εἰσακούσομαι
3240 4402 3443 4457 αὐτοῦ’
3475 4404 3727 4475 ἐλεήμων

2142 4494 2251 4564 γάρ
2277 4496 2412 4563 εἰμι.
2455 4513 2473 4546 ι
2516 4493 2758 4557 ’Δκούεις
2781 4495 2927 4557 ὅπως
2955 4494 3016 4547 τὸ
3041 4494 3212 4562 γλυκὺ
3242 4493 3343 4564 τῆς
3368 4494 3727 4566 φιλαλληλίας

2072 4617 2115 4672 D
2147 4585 2377 4654 μάθημα
2405 4584 2699 4654 προτιθεὶς,
2734 4586 3139 4655 προσηπείλησε
3171 4585 3270 4657 τὴν
3304 4588 3501 4658 ὀργήνς
3529 4604 3726 4657 μονον-

2146 4677 2266 4746 ουχὶ
2294 4675 2351 4727 δὲ
2404 4675 2495 4727 καὶ
2523 4674 2871 4742 ἀπολογεῖται
2924 4674 3173 4745 χρηστῶς
3202 4677 3314 4737 τοῖς
3370 4676 3536 4746 αὐτὴν
3587 4678 3726 4729 ὑπιο-

2150 4769 2331 4836 μεῖναι
2364 4764 2669 4835 μέλλουσιν,
2697 4766 2742 4816 εί
2779 4765 2853 4835 μὴ
2882 4767 3117 4817 ποιοῖντο
3144 4764 3231 4818 διὰ
3260 4764 3496 4835 σπουδῆς
3516 4768 3615 4835 τὴν
3642 4769 3727 4829 εἰς

2147 4857 2407 4923 ἀδελφοὺς
2436 4855 2873 4924 εὐσπλαγχνίαν;
2922 4854 3202 4925 Ἐλεήμων
3239 4855 3348 4925 γάρ
3378 4859 3513 4925 εἰμι,
3548 4858 3679 4926 φησί
3708 4898 3724 4917 .

2147 4948 2447 5010 τουτέστιν,
2477 4947 2681 5014 ἀγαθὸς
2712 4947 2789 5000 ὢν
2811 4948 2951 5000 κατὰ
2989 4945 3169 5014 φύσιν,
3205 4948 3298 4998 καὶ
3319 4947 3623 5018 οἰκτίρμων
3646 4948 3726 5011 ὡς

2089 5096 2095 5101 _
2146 5040 2301 5102 Θεὸς,
2344 5038 2707 5111 προσδέξομαι
2752 5039 2968 5101 πάντως
3002 5038 3101 5109 τὴν
3128 5037 3224 5090 τοῦ
3258 5039 3524 5101 παθόντος
3553 5057 3729 5091 κατα-

2148 5132 2299 5203 ϐοὴν,
2326 5133 2421 5186 καί
2457 5131 2665 5201 ἐλεήσω
2697 5130 3004 5202 προχείρως
3030 5129 3140 5182 τῶν
3169 5128 3233 5200 τῇ
3268 5129 3427 5199 πενία
3467 5130 3732 5199 κατηχθιο

2154 5221 2368 5291 σμὲνων
2393 5220 2452 5273 τὸ
2478 5220 2734 5289 δάκρυον.
2763 5218 3139 5288 Παραιτητέον
3167 5215 3258 5269 οὖν
3290 5218 3397 5287 ἄρα
3431 5218 3523 5270 τοῦ
3559 5220 3731 5289 πένη-

2147 5331 2239 5375 τος
2261 5313 2358 5382 τὴν
2386 5313 2748 5383 κατάρῤησιν.
2786 5310 2910 5363 Ὅτι
2941 5309 3050 5379 γὰρ
3073 5305 3213 5361 εἶναι
3242 5311 3512 5379 προςήκει
3536 5327 3733 5361 κοινωο

2152 5405 2353 5467 νικοὺς,
2390 5402 2484 5456 καὶ
2523 5401 2764 5471 σπουδῆς
2788 5399 2975 5464 ἀξιοῦν
3003 5401 3105 5469 τῆς
3132 5400 3600 5471 προύργιαιτάτης
3628 5398 3733 5470 τθῖν

2151 5493 2536 5565 φιλοπτωχίαν,
2577 5491 2991 5561 ἐκδεδυσὼττηκε
3016 5491 3177 5545 πάλιν
3214 5492 3273 5543 ἐν
3306 5491 3383 5560 τῷ
3409 5494 3738 5559 Δευτερονο-

2154 5586 2283 5657 μίῳ,
2311 5585 2506 5653 λέγων,
2540 5603 2559 5635 ‹
2583 5585 2698 5638 Οὐκ
2731 5583 3133 5653 ἀποστερήσεις
3168 5581 3358 5653 μισθὸν
3401 5583 3659 5650 πένητος.
3699 5582 3734 5648 ἥ

2153 5676 2364 5739 ἐνδεοῦς
2390 5678 2452 5729 ἐκ
2482 5674 2589 5729 τῶν
2618 5676 2859 5744 ἀδελφῶν
2892 5694 3007 5741 σου,
3045 5676 3076 5747 ἦ
3115 5678 3179 5729 ἐκ
3217 5676 3325 5728 τῶν
3374 5675 3738 5746 προσηλύτων

1046 5850 1161 5884 ¹¹·¹³
1209 5849 1372 5906 Deut.
1405 5862 1494 5917 xv,
1522 5850 1574 5905 7.
1652 5851 1696 5884 “
1726 5851 1897 5908 Exod.
1932 5869 2061 5921 χιιι,
2108 5854 2293 5907 21-27.
