4072 6500
344 429 455 485 505

1061 428 1149 483 DE
1189 428 1629 485 ADORATIONE
1671 430 1735 483 ΙΝ
1777 424 2048 482 SPIRITU
2089 425 2176 479 ET
2219 425 2586 480 VERITATE.
2630 425 2755 479 LIB.
2802 426 2931 481 Vlll.

3530 427 3634 484 566

342 545 457 600 τῶν
486 545 547 598 ἐν
574 547 696 607 ταῖς
728 544 916 598 πόλεσί
944 560 1060 608 σου,
1090 546 1455 618 αὑθημερινὸν
1487 546 1789 609 ἀποδώσεις
1826 548 1917 601 τὸν
1952 593 1954 602 ι

2058 544 2106 598 el
2120 558 2187 597 ex
2202 544 2429 598 advenis
2442 544 2534 612 qui
2553 550 2681 597 sunt
2710 543 2766 598 in
2784 543 3016 598 urbibus
3036 544 3171 609 tuis;
3189 544 3389 599 eodem
3409 545 3499 600 die
3516 547 3635 605 red;

350 631 549 703 μισθὸν
578 630 767 685 αὐτοῦ.
800 633 913 685 Οὐκ
939 632 1254 687 ὲπιδύσεται
1281 636 1307 687 ὀ
1336 636 1489 706 ἥλιος
1526 637 1613 691 ἐπ’
1645 637 1825 709 αὐτῷ,
1854 640 1935 694 δτι

348 722 526 795 πένης
565 724 720 787 ἐστὶ,
752 724 846 776 καὶ
888 725 974 777 ἐπ’
1022 725 1171 796 αὐτῷ
1211 725 1325 797 ἔχει
1365 728 1464 799 τὴν
1495 729 1712 783 ἐλπίδα·
1751 732 1845 783 καὶ
1875 734 1935 785 οὐ

352 814 755 886 καταδοήσεται
781 815 923 869 κατά
950 815 1046 869 σοῦ
1082 819 1221 889 πρὸς
1252 819 1478 891 Κύριον,
1517 824 1611 875 καὶ
1649 824 1751 876 οὐκ
1785 823 1937 878 ἔσται

351 908 413 960 ὲν
445 908 528 961 σοὶ
552 908 851 979 ἁμαρτία.»
886 908 1084 979 Συνίης
1107 908 1200 965 οὖν
1229 912 1311 964 ὅτι
1343 912 1434 965 τοῦ
1463 914 1696 985 πένητος
1722 916 1819 986 τὴν
1845 935 1940 970 κα-

352 1000 564 1071 ταϐοὴν
591 1001 961 1070 κατοῤῥωδεῖν
996 1001 1300 1067 ἀναπείθει,
1327 1005 1669 1060 συνελαύνων
1700 1010 1781 1071 είς
1811 1009 1937 1078 φιλ-

356 1092 653 1162 αλληλίανς
682 1094 779 1148 καὶ
809 1096 841 1164 ή
876 1094 976 1163 μὲν
1026 1095 1121 1148 νέα
1147 1112 1206 1147 τε
1238 1096 1330 1150 καὶ
1352 1096 1442 1151 διὰ
1464 1098 1702 1168 Χριστοῦ
1729 1100 1940 1171 Γραφὴ,

353 1187 419 1238 τὸ
440 1185 661 1249 τελείως
684 1185 889 1254 ἀγαθὸν
921 1186 1269 1258 εἰσφέρουσα,
1299 1206 1317 1240 ι
1344 1189 1641 1260 Πωλήσατε
1670 1191 1740 1244 τὰ
1767 1192 1942 1263 ὐπόιρ⁸

358 1293 545 1346 χοντα,
574 1275 739 1349 φησι,
766 1278 861 1331 καὶ
898 1278 1019 1331 δότε
1053 1278 1446 1349 ἐλεημοσύνην,
1489 1282 1585 1335 καὶ
1619 1282 1727 1335 ἰδοὺ
1766 1284 1945 1337 πάντα

359 1369 521 1423 εὔοδα
548 1372 626 1438 (1)
658 1372 786 1439 ὑμῖν
817 1370 1001 1425 ἔσται·
1030 1390 1048 1422 ι
1079 1372 1107 1424 δ
1128 1371 1192 1442 δὴ
1212 1372 1306 1425 καὶ
1324 1373 1615 1443 δεδράκασι
1643 1375 1751 1428 τῶν
1784 1393 1945 1429 πεπι-

363 1464 667 1515 στευκότων
704 1463 869 1527 τινές.
906 1482 925 1515 ι
955 1463 1362 1534 Προσεκόμιξον
1388 1465 1497 1536 γὰρ
1529 1467 1746 1539 χωρίων
1767 1484 1825 1520 τε
1852 1469 1947 1521 καὶ

358 1552 552 1607 οἰκιῶν
597 1555 796 1625 τιμὰς,
832 1555 926 1608 καὶ
970 1554 1221 1608 ἐτίθεσαν
1268 1556 1423 1628 παρά
1467 1558 1596 1619 τοὺς
1640 1558 1807 1618 πόδας
1840 1559 1947 1612 τῶν

359 1645 718 1710 ἀποστόλων,
773 1648 1028 1701 διεδίδοτο
1074 1648 1130 1701 δὲ
1194 1649 1455 1719 ἑκάστῳ,
1495 1650 1682 1703 καθότι
1741 1650 1805 1703 ἀν
1866 1668 1948 1713 τις

360 1738 553 1807 χρείαν
581 1734 779 1808 εἶχεν.»
821 1740 1041 1810 Ἐπειδὴ
1062 1740 1117 1794 δὲ
1154 1742 1504 1810 στοιχειωτής
1538 1744 1687 1794 ἐστιν
1709 1744 1736 1795 ὀ
1765 1743 1947 1812 νόμος,

360 1829 458 1880 καὶ
498 1830 576 1890 εἰς
609 1828 784 1897 ἀρχὰς
813 1828 1081 1900 ἀποφέρει
1119 1828 1226 1881 τῶν
1264 1830 1462 1898 λογίων
1495 1830 1586 1883 τοῦ
1623 1830 1779 1892 Θεοῦ,
1811 1848 1945 1901 προ-

364 1918 660 1989 μελέτησιν
687 1918 878 1989 ὥσπερ
911 1920 1032 1972 τινὰ
1066 1920 1166 1989 τῆς
1209 1922 1289 1984 είς
1334 1920 1520 1973 τοῦτον
1553 1922 1741 1992 τρίόου
1773 1925 1939 1975 ποιεῖ-

364 2011 497 2064 σθαι
525 2012 851 2081 προστάττει
880 2012 942 2064 τὸ
966 2011 1042 2076 ὡς
1076 2014 1132 2064 ὲν
1168 2012 1368 2080 ὀλίγοις
1394 2012 1644 2081 ἄφθονον,
1675 2013 1761 2067 διὰ
1789 2014 1949 2067 τοῦτό

363 2116 532 2169 φησιν
553 2117 567 2130 ·
596 2119 614 2151 ι
642 2099 767 2154 Ἐὰν
794 2101 849 2154 δὲ
870 2101 1089 2173 ἀμήσῃς
1119 2102 1327 2173 ἀμητόν
1352 2119 1444 2155 σου
1469 2104 1525 2155 ἐν
1557 2102 1633 2172 τῷ
1651 2104 1805 2174 ἀγρῷ
1832 2121 1947 2170 σου,

362 2192 462 2244 καὶ
489 2190 723 2262 ἐπιλάϐῃ
751 2191 967 2262 δράχμα
1003 2195 1059 2244 ὲν
1092 2192 1168 2262 τῷ
1206 2193 1361 2264 ἀγρῷ
1394 2210 1509 2257 σου,
1542 2194 1641 2246 οὐκ
1673 2195 1948 2265 ἀναστρα-

363 2283 517 2351 φήσῃ
558 2280 741 2335 λαϐεῖν
768 2281 923 2334 αὑτόο
970 2283 1047 2355 τῷ
1096 2283 1316 2353 πτωχῷ,
1369 2286 1463 2338 καὶ
1506 2284 1585 2355 τῷ
1628 2286 1950 2356 προσηλότῳ

365 2375 465 2427 καὶ
501 2374 579 2445 τῷ
609 2375 830 2446 ὀρφανῷ
865 2375 959 2429 καὶ
989 2379 1054 2447 τῇ
1087 2378 1230 2448 χήρᾳ
1258 2376 1432 2439 ἔσται,
1467 2378 1554 2431 ἵνα
1589 2379 1861 2451 εὐλογήσῃ
1892 2395 1950 2430 σε

364 2464 574 2536 Κύριος
599 2470 627 2519 ὀ
662 2466 795 2529 Θεός
829 2484 922 2519 σου
964 2468 1022 2519 ὲν
1056 2468 1187 2521 πᾶσι
1225 2471 1337 2532 τοῖς
1376 2468 1559 2539 ἔργοις
1592 2470 1701 2523 τῶν
1753 2470 1952 2540 χειρῶν

367 2571 487 2608 σου’
522 2554 617 2609 ἐὰν
640 2556 696 2609 δὲ
724 2555 1038 2628 ὲλαιολογῇς
1068 2556 1144 2627 (‘2)
1196 2558 1295 2610 οὐκ
1326 2557 1760 2629 ὲπαναστρέψεις
1786 2559 1953 2613 καλα-

370 2645 653 2715 μήσασθαι
706 2646 776 2699 τά
819 2647 994 2700 ὀπίσω
1037 2665 1151 2711 σου,
1214 2648 1293 2719 τῷ
1358 2649 1683 2722 προσηλύτῳ
1732 2651 1827 2703 καὶ
1877 2648 1954 2720 τῷ

366 2736 589 2808 ὀρφανῷ
622 2738 714 2790 καὶ
735 2740 798 2809 τῇ
829 2740 973 2809 χήρᾳ
997 2739 1173 2805 ἔσται,
1204 2740 1295 2793 καὶ
1322 2741 1609 2812 μνησθήσῃ
1636 2742 1715 2794 δτι
1738 2742 1954 2811 οἰκέτης

368 2821 515 2896 ἦσθα
549 2827 605 2877 ὲν
640 2829 710 2896 γῇ
741 2827 1040 2895 Αἰγύπτου,
1074 2829 1160 2882 διὰ
1196 2828 1354 2881 τοῦτο
1384 2830 1493 2898 ἐγώ
1524 2848 1605 2883 σοι
1638 2831 1955 2901 ἐντέλλομαι

369 2914 547 2967 ποιεῖν
570 2913 631 2966 τὸ
652 2915 717 2985 ρῆ
728 2932 803 2984 μα
818 2915 998 2971 τοῦτο.
1026 2918 1151 2971 Ἐὰν
1170 2918 1226 2971 δὲ
1246 2921 1419 2990 τρυγή
1430 2937 1526 2991 σῃς
1548 2921 1636 2973 τὸν
1658 2920 1959 2991 ἀμπελῶνά

372 3021 490 3067 σου,
521 3005 621 3058 οὐκ
656 3007 1117 3081 ὲπανατρυγήσῃς
1166 3010 1325 3063 αὑτὸν
1373 3012 1442 3064 τά
1491 3012 1665 3065 ὀπίσω
1715 3030 1829 3077 σου,
1874 3014 1951 3083 τῷ

372 3096 704 3169 προσηλύτῳ
732 3100 826 3152 καὶ
857 3099 935 3171 τῷ
977 3101 1197 3172 ὀρφανῷ
1243 3104 1336 3155 καὶ
1368 3104 1435 3174 τῇ
1475 3105 1623 3175 χήρᾳ
1659 3104 1832 3168 ἔσται,
1866 3108 1959 3160 καὶ

2040 634 2138 690 des
2155 634 2462 689 mercedem
2478 634 2676 703 ipsius;
2694 650 2804 688 non
2816 634 3030 689 occidet
3045 635 3123 689 sol
3141 650 3307 703 super
3320 636 3491 700 illam,
3508 639 3635 707 quia

2041 742 2248 796 pauper
2259 736 2361 791 est,
2376 736 2430 781 ct
2446 728 2499 780 in
2513 728 2602 781 illa
2617 727 2782 781 habet
2795 743 2946 797 spem
2961 745 2973 779 :
2989 735 3043 781 et
3056 742 3164 780 non
3177 727 3434 781 clamabit
3446 736 3637 783 contra

2044 825 2095 871 te
2108 818 2173 872 ad
2189 818 2478 873 Dominum
2497 836 2510 883 ;
2529 829 2586 873 et
2601 835 2709 872 non
2727 821 2833 873 erit
2850 819 2903 872 in
2925 828 2973 873 te
2992 828 3276 888 peceatum
3300 820 3361 873 ιδ.
3391 840 3407 870 ι
3434 820 3637 875 Intelli-

2042 911 2123 980 gis
2144 909 2309 979 igitur
2341 910 2800 979 quemadmodum
2820 910 2888 964 ad
2924 911 3364 966 benevolentiam
3384 928 3486 967 nos
3515 928 3635 966 mu-

2045 1009 2193 1054 tuam
2235 1002 2599 1071 compellens,
2647 1002 2907 1071 pauperis
2949 1002 3245 1056 clamorem
3276 1003 3633 1057 extimescere

2044 1093 2305 1147 suadeat?
2324 1092 2401 1146 Ae
2428 1108 2566 1146 nova
2584 1093 2806 1161 quidem
2828 1094 3132 1163 Scriptura,
3153 1104 3209 1148 et
3235 1111 3335 1163 per
3352 1094 3633 1149 Christum

2045 1181 2265 1245 tradita,
2290 1181 2589 1251 perfectam
2612 1182 2876 1237 virtutem
2904 1182 3145 1237 inferens
3180 1200 3192 1234 :
3223 1201 3241 1233 ι
3271 1182 3525 1245 Vendite,
3546 1182 3632 1236 in-

2045 1275 2185 1342 quit,
2207 1289 2329 1343 qua:
2350 1273 2585 1337 habetis,
2611 1282 2665 1328 et
2686 1274 2809 1328 date
2832 1274 3265 1344 eleemosynam;
3291 1284 3346 1327 et
3370 1288 3497 1329 ecce
3520 1289 3635 1327 om-

2045 1364 2136 1418 nia
2161 1379 2423 1433 prospere
2444 1364 2641 1419 cedent
2662 1365 2819 1419 vobis
2849 1365 2911 1417 “.
2946 1384 2963 1415 ι
2995 1364 3151 1431 Quod
3183 1366 3360 1434 ipsum
3389 1364 3637 1425 fecerunt

2045 1471 2113 1510 ex
2139 1455 2224 1519 iis,
2264 1456 2360 1525 qui
2393 1456 2747 1511 crediderant
2772 1458 3022 1511 nonnulli
3054 1476 3065 1509 ε
3101 1477 3118 1507 ι
3150 1458 3468 1511 Alferebant
3489 1458 3637 1511 enim

2046 1563 2304 1619 agrorum
2341 1557 2397 1600 et
2427 1548 2719 1603 domorum
2753 1550 2951 1619 pretia,
2980 1557 3037 1603 et
3067 1550 3344 1619 ponebant
3374 1549 3441 1603 ad
3471 1550 3638 1619 pedes

2048 1640 2419 1709 apostolorum
2442 1658 2453 1693 :
2475 1640 2907 1696 distribuebatur
2936 1649 3117 1697 autem
3140 1642 3453 1711 unicuique,
3474 1651 3640 1710 prout

2049 1732 2250 1801 cuique
2273 1748 2413 1802 opus
2436 1740 2557 1787 erat
2591 1734 2651 1786 ‘°.
2688 1754 2705 1783 ι
2737 1733 2863 1796 Sed,
2891 1734 3148 1803 quoniam
3171 1735 3256 1788 lex
3282 1734 3638 1788 elementaria

2051 1833 2157 1887 est,
2192 1834 2247 1878 et
2289 1825 2357 1879 ad
2387 1825 2541 1879 initia
2572 1825 2723 1880 ducit
2747 1842 3064 1880 sermonum
3099 1826 3216 1891 Dei,
3248 1827 3405 1896 jubet
3438 1837 3498 1880 ut
3538 1826 3643 1880 hac

2051 1913 2105 1969 in
2136 1916 2350 1985 exiguis
2376 1918 2543 1970 rebus
2568 1916 2919 1981 liberalitate,
2944 1916 3171 1986 perinde
3201 1932 3265 1970 ac
3285 1917 3484 1985 praevia
3508 1932 3643 1985 qua-

2051 2007 2175 2061 dam
2206 2009 2621 2071 exercitatione,
2650 2009 2902 2063 homines
2944 2016 3187 2072 utantur,
3230 2023 3338 2077 qua
3365 2007 3431 2061 ad
3458 2006 3639 2077 perfe-

2051 2099 2249 2153 ctionis
2282 2102 2401 2170 ejus
2427 2100 2677 2154 semitam
2711 2100 3180 2169 perducerentur;
3208 2109 3502 2169 pr0pterea
3553 2082 3671 2152 in-‘

2051 2191 2172 2258 quit
2218 2208 2229 2242 :
2266 2210 2283 2241 ι
2331 2190 2387 2245 Si
2427 2191 2723 2245 messueris
2756 2206 2991 2245 messem
3045 2199 3193 2245 tuam
3238 2190 3294 2243 in
3332 2205 3463 2259 agro
3511 2199 3639 2252 tuo,

2051 2291 2109 2338 et
2142 2285 2365 2338 latuerit
2416 2293 2468 2339 te
2516 2285 2826 2354 manipulus
2870 2285 2925 2337 iu
2973 2299 3103 2353 agro
3147 2291 3263 2346 tuo,
3304 2297 3414 2336 non
3452 2298 3641 2336 rever-

2053 2374 2187 2428 teris
2243 2374 2433 2428 tollere
2476 2374 2662 2439 illum;
2712 2374 2977 2444 pauperi,
3026 2382 3083 2427 et
3114 2373 3395 2441 orphano,
3444 2380 3501 2425 et
3544 2368 3642 2424 ad-

2052 2481 2238 2531 venae,
2300 2474 2357 2519 et
2412 2464 2592 2519 vidua:
2637 2466 2773 2531 erit;
2835 2473 2897 2518 ut
2950 2464 3240 2519 benedieat
3290 2471 3342 2518 te
3379 2462 3645 2517 Dominus

2055 2560 2201 2613 Deus
2232 2567 2359 2612 tuus
2389 2559 2443 2613 in
2476 2558 2738 2627 operibus
2761 2573 3023 2612 manuum
3050 2567 3299 2621 tuarum;
3325 2563 3401 2620 et,
3430 2556 3474 2609 si
3498 2556 3647 2609 oleas

2056 2649 2485 2719 collegeris,non
2502 2635 2793 2702 reverteris
2808 2647 2875 2701 ad
2895 2648 3132 2715 reliquas
3162 2643 3496 2714 colligendas
3523 2658 3647 2712 qua:

2057 2748 2185 2793 sunt
2216 2747 2338 2808 post
2374 2748 2458 2804 te;
2493 2740 2734 2801 advenae,
2760 2748 2817 2792 et
2842 2738 3109 2807 orphano,
3134 2745 3191 2791 et
3219 2736 3399 2791 viduae
3437 2742 3601 2790 erunt
3628 2753 3642 2787 :

2057 2836 2114 2881 et
2146 2829 2523 2883 recordaberis
2547 2829 2692 2897 quod
2718 2844 2910 2882 servus
2941 2827 3109 2881 fueris
3143 2827 3199 2879 in
3227 2835 3373 2880 terra
3388 2824 3605 2895 Egypti
3629 2843 3643 2878 :

2060 2916 2184 2970 ideo
2214 2932 2314 2986 ego
2342 2918 2603 2988 praecipio
2636 2918 2736 2971 tibi
2769 2927 2828 2971 ut
2859 2917 3025 2971 facias
3059 2916 3289 2970 verbum
3333 2916 3457 2969 hoc.
3484 2916 3552 2970 Et
3599 2916 3644 2970 si

2058 3007 2485 3061 vindemiaveris
2507 3009 2720 3063 vineam
2747 3018 2915 3071 tuam,
2946 3023 3057 3061 non
3082 3006 3510 3061 revindemiahis
3526 3022 3648 3075 qua:

2061 3107 2189 3153 sunt
2215 3107 2338 3168 post
2362 3108 2442 3164 te;
2464 3099 2776 3163 advena3,et
2793 3100 3060 3168 orphano,
3079 3108 3135 3153 et
3157 3098 3335 3151 viduae
3357 3106 3521 3151 erunt
3549 3115 3563 3151 :
3590 3102 3649 3151 et

376 3187 669 3260 μνησθήσῃ
706 3189 787 3242 ὅτι
838 3178 1055 3262 οίκέτης
1099 3187 1242 3262 ἦσθα
1296 3194 1354 3244 ὲν
1408 3196 1477 3265 γῇ
1531 3194 1810 3267 Αἰγύπτῳ.
1862 3195 1954 3249 Διά

2064 3189 2444 3245 recordaberis
2480 3191 2629 3261 quod
2668 3206 2860 3245 servus
2904 3190 3076 3244 lueris
3115 3190 3170 3243 in
3200 3196 3342 3242 terra
3384 3187 3599 3259 Egypti
3631 3206 3643 3241 :

373 3279 534 3333 τοῦτο
555 3279 665 3349 ἐ.γὼ
689 3298 770 3335 σοι
800 3282 1112 3354 ἐντέλλομαι
1138 3285 1310 3337 ποιεῖν
1335 3285 1395 3337 τὸ
1426 3286 1575 3357 ῥῆμα
1604 3286 1813 3341 τοῦτο.»
1848 3289 1964 3341 Κα-

372 3369 466 3422 λὸν
500 3370 612 3443 γὰρ
656 3373 714 3425 ὲν
755 3373 1044 3443 εὐθυμίαις
1089 3375 1149 3428 τὸ
1196 3376 1596 3447 διαμεμνῆσθαι
1638 3379 1835 3442 πόνων,
1869 3378 1963 3433 καὶ

374 3461 612 3531 θλίψεως
638 3462 739 3533 τῆς
764 3465 1123 3537 ἀρχαιοτέρας
1145 3483 1157 3497 ·
1192 3468 1350 3521 καλεῖ
1381 3469 1488 3540 γὰρ
1519 3469 1579 3522 τὸ
1612 3470 1800 3542 χρῆμα
1827 3470 1963 3542 πρὸς

336 3555 770 3643 έριλοπτωχίαν,
801 3558 895 3610 καὶ
937 3559 1035 3629 τῆς
1071 3559 1371 3630 εὐημερίας
1408 3561 1467 3613 τὸ
1512 3560 1731 3627 πλάτος,
1783 3564 1962 3635 ἀμνη-

381 3650 564 3717 μονεῖν
595 3647 695 3700 οὐκ
716 3649 779 3718 ἐᾷ
803 3648 910 3701 τῶν
942 3649 999 3703 ὲν
1024 3649 1201 3721 ἐνδείᾳ
1228 3649 1434 3703 κακῶν.

453 3821 664 3875 ΠΑΑΑ.
702 3820 949 3892 Ἀληθές.

453 3916 621 3969 ΚΥΡ.
656 3916 767 3970 Θὲα
794 3917 850 3969 δὲ
885 3918 1033 3980 ὅπως
1080 3918 1227 3988 ἡμᾶς
1275 3917 1672 3988 εὐτεχνέστατα
1711 3922 1802 3974 καὶ
1845 3921 1964 3975 λίαν

380 4006 617 4071 ἀστείως
654 4009 905 4072 ἀπεθίζει
943 4009 1044 4079 μὲν
1076 4010 1183 4063 τῶν
1226 4010 1508 4080 χειρόνων,
1552 4012 1643 4064 καὶ
1688 4013 1964 4065 ἀποσπου-

380 4099 569 4164 δάζειν
609 4098 891 4152 ἀναπείθει
926 4100 987 4152 τὸ
1034 4098 1377 4169 ἀσυμπαθὲς,
1434 4100 1702 4170 προσάγει
1755 4102 1813 4154 δὲ
1851 4104 1964 4165 τοῖς

384 4188 654 4259 ἀμείνοσι,
691 4190 784 4243 καὶ
821 4192 933 4253 τοῖς
983 4193 1083 4261 τῆς
1127 4191 1480 4262 φιλαλληλίας
1517 4192 1804 4261 ὲμὸιϐἀζει
1838 4192 1963 4263 τρό-

385 4298 509 4344 ποις
533 4298 547 4311 ·
602 4281 900 4352 προτρέπει
954 4283 1052 4352 μὲν
1090 4282 1199 4355 γὰρ
1235 4282 1377 4335 είτου
1418 4283 1622 4337 δέοιντο
1654 4285 1834 4355 τυχὸν,
1874 4285 1964 4336 ὲκ-

381 4371 647 4436 δανείζειν
678 4372 944 4439 ἀδελφοῖς,
996 4373 1249 4445 ἀπείργει
1297 4372 1352 4426 δὲ
1390 4373 1583 4435 τόκων,
1626 4373 1719 4426 καὶ
1760 4373 1964 4426 διωθεῖ-

387 4461 513 4515 σθαι
541 4464 870 4533 προστάττει
902 4462 1295 4533 πλεονασμούς.
1328 4462 1739 4533 Προσεπιτάξας
1764 4462 1820 4514 δὲ
1851 4461 1964 4514 δεῖν

2068 3281 2190 3336 ideo
2236 3298 2337 3351 ego
2379 3284 2638 3351 praecipio
2682 3284 2780 3337 tibi
2823 3291 2881 3336 ut
2920 3283 3085 3337 facias
3119 3283 3348 3337 verbum
3399 3282 3503 3335 hoe
3533 3282 3593 3333 ⁸⁷.
3620 3299 3638 3330 ι

2066 3372 2392 3427 Praeclarum
2416 3383 2500 3427 est
2520 3375 2666 3429 enim
2692 3375 2746 3429 in
2775 3376 2961 3429 laetitia
2983 3375 3297 3429 meminisse
3322 3374 3572 3428 laborum
3592 3381 3648 3426 et

2064 3462 2373 3518 aillictionis
2406 3466 2664 3534 antiquae,
2708 3481 2832 3520 nam
2875 3482 2939 3520 ea
2978 3467 3165 3521 res.ad
3222 3466 3542 3521 charitatem
3587 3464 3641 3521 in

2065 3568 2334 3623 pauperes
2356 3555 2591 3609 excitat:
2619 3565 2673 3609 et
2700 3565 2922 3625 propter
2946 3556 3223 3611 felicitatis
3253 3557 3642 3611 abundantiam

2065 3645 2314 3699 oblivisci
2366 3662 2474 3699 non
2513 3648 2643 3701 sinit
2675 3648 2941 3701 malorum
2980 3664 3101 3717 quae
3140 3648 3487 3717 pertulimus,
3518 3662 3645 3703 cum

2066 3736 2121 3789 in
2151 3752 2334 3789 rerum
2358 3736 2543 3806 inopia
2567 3753 2937 3792 versaremur.

2136 3824 2333 3878 PALL.
2366 3826 2502 3881 Vera
2532 3825 2688 3881 dicis.

2132 3918 2289 3972 CYR.
2320 3919 2452 3973 Vide
2477 3929 2660 3974 autem
2694 3937 2857 3991 quam
2886 3922 3179 3977 artiﬁciose
3201 3933 3257 3977 et
3278 3924 3555 3993 eleganter
3576 3923 3649 3979 ab

2066 4012 2416 4081 improbitate
2450 4027 2662 4067 morum
2698 4030 2798 4068 nos
2830 4014 3075 4077 abducit,
3112 4022 3168 4068 et
3207 4014 3490 4069 dediscere
3518 4030 3645 4069 sua-

2064 4104 2157 4158 det
2188 4104 2677 4171 inhumanitatem;
2710 4106 2931 4160 adducit
2959 4108 3087 4161 item
3117 4106 3183 4160 ad
3218 4106 3502 4161 meliorem
3527 4105 3644 4159 fru-

2064 4210 2207 4266 gem,
2246 4203 2304 4250 et
2352 4195 2421 4249 ad
2475 4204 2726 4250 mutuum
2767 4211 3011 4251 amorem
3055 4197 3346 4251 transfert:
3396 4198 3648 4250 hortatur

2064 4287 2213 4342 enim
2243 4295 2304 4339 ut
2327 4285 2612 4351 fratribus,
2648 4288 2691 4341 si
2720 4304 2827 4356 qua
2860 4304 2917 4340 re
2944 4288 3238 4357 indigeant,
3279 4296 3592 4342 mutucmus
3629 4306 3642 4342 :

2064 4375 2325 4446 prohibet
2345 4384 2527 4431 autem
2553 4392 2768 4439 usuras,
2792 4385 2846 4429 et
2869 4375 3419 4445 superabundantiam
3444 4393 3507 4431 ac
3528 4392 3648 4431 sor-

2068 4467 2138 4519 tis
2160 4474 2509 4535 augmentum
2538 4466 2801 4535 repellere
2823 4465 2997 4534 jubet.
3028 4465 3109 4519 Ad
3144 4465 3280 4529 haec,
3307 4481 3431 4520 cum
3455 4466 3645 4536 jussis-

389 4552 466 4623 μὴ
506 4546 647 4605 εἶναι
674 4553 988 4621 φορτικοὺς,
1018 4552 1154 4623 μήτε
1193 4552 1300 4621 μὴν
1331 4550 1610 4618 ἐγκεῖσθαι
1638 4551 1749 4611 τοῖς
1779 4548 1954 4618 ὠφλη-

2069 4563 2171 4619 set,
2206 4572 2274 4610 ne
2321 4555 2537 4609 molesti
2579 4555 2770 4617 simus,
2803 4570 2980 4623 neque
3019 4554 3296 4609 debitores
3331 4570 3641 4625 urgeamus,

387 4643 561 4709 κόσιν,
602 4644 796 4711 ἄφεσιν
838 4644 1015 4715 χρεῶν
1056 4645 1328 4696 ποιεῖσθαι
1376 4643 1609 4697 κελεύει.
1664 4642 1870 4713 Γράφει
1907 4642 1964 4695 δὲ

383 4734 561 4799 οὕτως
586 4750 600 4764 ·
637 4754 655 4787 ι
688 4735 802 4789 Οὐκ
851 4738 1116 4798 ὲκτοκιεῖς
1153 4735 1232 4806 τῷ
1272 4734 1487 4806 ἀδελφῷ
1544 4752 1638 4788 σου
1681 4735 1838 4788 τόκον
1870 4734 1968 4804 ἀρ-

385 4828 604 4898 γυρίου,
656 4827 753 4880 καὶ
809 4827 969 4879 τόκον
1019 4826 1346 4898 βρωμάτων,
1413 4828 1508 4881 καὶ
1553 4828 1712 4881 τόκον
1766 4826 1967 4889 παντὸς

386 4918 736 4988 πράγματος.
778 4911 840 4972 οὗ
874 4918 969 4971 ὲάν
997 4918 1312 4989 ἐκδανείσῃς
1343 4918 1421 4989 τῷ
1442 4917 1725 4989 ἀλλοτρίῳ,
1751 4918 1850 4971 οὐκ
1876 4918 1969 4971 ἐκ·

383 5012 625 5072 τοκιεῖς·
669 5009 757 5061 ἵνα
809 5008 1077 5081 εὐλογήσῃ
1123 5009 1325 5080 Κύριος
1372 5010 1402 5061 ὀ
1442 5008 1577 5072 Θεός
1604 5026 1697 5062 σου
1730 5011 1788 5062 ὲν
1831 5009 1966 5062 πᾶσι

384 5106 502 5166 τοῖς
548 5102 731 5173 ἔργοις
772 5118 865 5154 σου
908 5101 1001 5153 ἐπὶ
1045 5100 1146 5169 τῆς
1196 5101 1330 5170 γῆς,
1379 5101 1447 5170 ἢν
1504 5100 1796 5171 είσπορεύῃ
1851 5102 1968 5155 ἐκεῖ

387 5193 797 5265 κληρονομῆσαι
823 5194 1013 5263 αὑτήν.
1053 5210 1071 5243 ι
1110 5193 1274 5245 Ὅσον
1318 5190 1417 5263 μὲν
1459 5191 1571 5263 γάρ
1609 5186 1743 5262 ἧκεν
1781 5191 1862 5253 εἰς
1901 5208 1965 5260 γε

386 5287 489 5358 τὴν
518 5284 614 5338 τοῦ
636 5285 928 5355 νομοθέτου
962 5284 1237 5355 βούλησιν,
1269 5284 1561 5358 προῦκειτο
1590 5283 1656 5337 ἂν
1696 5282 1968 5352 ἀφθόνως,

389 5376 467 5440 ὡς
513 5375 706 5447 ὀθνείῳ
758 5392 820 5430 τε
855 5375 992 5447 ὁμοῦ
1036 5376 1134 5429 καὶ
1171 5374 1420 5445 ἀδελφοῖς
1461 5374 1522 5427 τὸ
1549 5373 1658 5427 τῶν
1690 5374 1749 5427 ιν
1778 5373 1971 5429 πλάτει

392 5468 733 5539 περιουσίας,
780 5468 955 5535 δεξιὸν
1000 5468 1095 5521 καὶ
1122 5468 1406 5539 φιλότιμον
1431 5484 1445 5498 ·
1491 5485 1509 5519 ι
1538 5466 1709 5520 Παντὶ
1751 5466 1860 5535 γὰρ
1893 5466 1972 5536 τῷ

392 5559 635 5616 αἰτοῦντί
689 5577 751 5613 σε
781 5559 947 5625 δίδου,
997 5562 1162 5631 φησὶν
1203 5562 1233 5614 ὀ
1274 5559 1543 5633 Χριστὸς,
1592 5558 1686 5613 καὶ
1721 5559 1830 5612 ἀπὸ
1877 5558 1971 5611 τοῦ

404 5676 884 5801 19³⁸213ειιι.ιιιιν,
929 5677 1016 5743 14,
1062 5678 1147 5733 15.
1255 5678 1296 5709 ¹⁵
1336 5678 1469 5733 Luc.
1500 5694 1601 5742 xu,
1634 5676 1719 5731 55.

476 5865 549 5937 (l)
583 5863 759 5919 Grati
787 5864 971 5931 codd.,
1004 5864 1235 5936 καθαρά,
1277 5865 1491 5918 munda.

1828 5677 1869 5707 ¹⁸
1892 5675 2014 5729 Λοι.
2044 5690 2115 5737 ιγ,
2161 5674 2249 5737 51,
2280 5674 2366 5728 55.

2070 4645 2231 4715 273
2275 4644 2654 4699 remissionem
2700 4662 2921 4718 quoque
2963 4649 3276 4703 debitorum
3319 4648 3435 4704 ﬁeri
3466 4649 3641 4719 jubet.

2071 4735 2275 4789 Scribit
2296 4746 2481 4790 autem
2501 4735 2569 4789 ad
2592 4736 2739 4790 hunc
2762 4738 2983 4793 modum
3006 4758 3018 4792 :
3054 4760 3069 4790 ι
3100 4740 3218 4794 Non
3247 4739 3523 4794 fencrahis
3539 4738 3646 4792 fra-

2070 4826 2142 4879 tri
2174 4835 2270 4880 tuo
2294 4841 2519 4881 usuram
2544 4830 2774 4899 argenti,
2805 4840 2861 4884 et
2881 4845 3103 4885 usuram
3133 4830 3403 4893 ciborum,
3424 4838 3480 4883 et
3513 4842 3644 4883 usu-

2070 4932 2189 4971 ram
2222 4918 2596 4989 cujuscunque
2632 4920 2733 4983 rei,
2759 4935 2922 4989 quam
2962 4928 3153 4974 mutuo
3194 4919 3429 4982 dederis,
3463 4922 3644 4971 extra-

2072 5024 2177 5064 neo
2209 5024 2322 5063 non
2361 5009 2666 5077 fenerabis;
2692 5020 2753 5066 ut
2775 5011 3066 5066 benedicat
3092 5011 3192 5065 tibi
3218 5010 3479 5063 Dominus
3502 5009 3647 5062 Deus

2074 5108 2200 5156 tuus
2220 5102 2274 5156 in
2293 5102 2551 5157 omnibus
2574 5104 2835 5174 operibus
2855 5104 2963 5158 tuis
2979 5118 3143 5173 super
3162 5111 3383 5163 terram,
3398 5099 3465 5153 ad
3481 5114 3645 5169 quam

2073 5191 2378 5261 ingrederis
2406 5192 2790 5262 possidendam
2833 5194 2893 5245 ’⁸.
2931 5212 2950 5243 ι
2979 5191 3137 5255 Nam,
3174 5189 3321 5259 quod
3354 5188 3552 5243 attinet
3579 5188 3647 5242 ad

2074 5280 2399 5352 legislatoris
2432 5284 2789 5347 voluntatem,
2832 5284 3108 5353 proposita
3148 5266 3371 5352 quidem
3401 5292 3511 5335 tam
3549 5296 3645 5339 ex-

2076 5383 2195 5427 tero
2221 5389 2385 5443 quam
2427 5374 2689 5429 fratribus
2729 5374 2924 5429 fuisset
2949 5388 3140 5428 eorum
3169 5373 3263 5442 qui
3297 5370 3651 5443 amplissimis

2073 5464 2274 5533 opibus
2284 5476 2486 5529 essent,
2505 5464 2810 5535 benignitas
2823 5473 2986 5534 atque
3001 5464 3430 5536 magniﬁcentia:
3450 5481 3469 5515 ι
3488 5460 3655 5516 Omni

2077 5561 2246 5623 enim,
2274 5560 2454 5629 inquit
2478 5559 2749 5622 Christus,
2777 5558 2982 5627 petenti
3018 5566 3090 5621 te,
3131 5558 3340 5621 tribue;
3387 5564 3443 5610 et
3481 5554 3550 5610 ab
3581 5568 3656 5609 eo,

2476 5675 2514 5705 "
2548 5674 2702 5728 Deut.
2752 5690 2893 5737 xxuv,
2924 5672 3109 5727 19—91.
3220 5671 3263 5702 ⁸⁸
3290 5672 3445 5725 Deut.
3484 5682 3647 5734 χχιιι,

2155 5857 2229 5927 (ε)
2266 5856 2396 5911 Cod.
2444 5857 2634 5919 Vatia,
2674 5856 2766 5909 tim
2799 5860 2852 5909 δε
2888 5856 3073 5910 ἐλαίαν
3111 5856 3364 5924 ἁλοήσῃς.
