  <div class='ocr_page' id='page_1' title='image "/cluster/home/n/w/nwhite01/storage/ocr_20150623/68/hvd.32044019207851/291.png"; bbox 0 0 4072 6524; ppageno 0'>
   <div class='ocr_carea' id='block_1_1' title="bbox 565 415 670 474">
    <p class='ocr_par' dir='ltr' id='par_1_1' title="bbox 565 415 670 474">
     <span class='ocr_line' id='line_1_1' title="bbox 565 415 670 474; baseline -0.038 0"><span class='ocrx_word' id='word_1_1' title='bbox 565 415 670 474; x_wconf 70' lang='lat'><strong>567</strong></span> 
     </span>
    </p>
   </div>
   <div class='ocr_carea' id='block_1_2' title="bbox 1590 415 2833 473">
    <p class='ocr_par' dir='ltr' id='par_1_2' title="bbox 1590 415 2833 473">
     <span class='ocr_line' id='line_1_2' title="bbox 1590 415 2833 473; baseline -0.002 -2"><span class='ocrx_word' id='word_1_2' title='bbox 1590 417 1645 471; x_wconf 89' lang='lat' dir='ltr'><strong>S.</strong></span> <span class='ocrx_word' id='word_1_3' title='bbox 1689 417 1964 473; x_wconf 78' lang='lat' dir='ltr'><strong>CYRILLI</strong></span> <span class='ocrx_word' id='word_1_4' title='bbox 2001 415 2471 472; x_wconf 76' lang='lat' dir='ltr'><strong>ALEXANDRINI</strong></span> <span class='ocrx_word' id='word_1_5' title='bbox 2512 415 2833 472; x_wconf 77' lang='lat' dir='ltr'><strong>ARCHIEP.</strong></span> 
     </span>
    </p>
   </div>
   <div class='ocr_carea' id='block_1_3' title="bbox 3713 418 3821 484">
    <p class='ocr_par' dir='ltr' id='par_1_3' title="bbox 3713 418 3821 484">
     <span class='ocr_line' id='line_1_3' title="bbox 3713 418 3821 484; baseline 0 0"><span class='ocrx_word' id='word_1_6' title='bbox 3713 418 3821 484; x_wconf 66' lang='lat'><strong>563</strong></span> 
     </span>
    </p>
   </div>
   <div class='ocr_carea' id='block_1_4' title="bbox 564 527 2135 602">
    <p class='ocr_par' dir='ltr' id='par_1_4' title="bbox 564 529 2135 602">
     <span class='ocr_line' id='line_1_4' title="bbox 564 529 2135 602; baseline -0.001 -17"><span class='ocrx_word' id='word_1_7' title='bbox 564 532 660 602; x_wconf 90' lang='lat' dir='ltr'><strong>qui</strong></span> <span class='ocrx_word' id='word_1_8' title='bbox 685 529 866 585; x_wconf 85' lang='lat' dir='ltr'><strong>aufert</strong></span> <span class='ocrx_word' id='word_1_9' title='bbox 886 544 1005 598; x_wconf 60' lang='lat' dir='ltr'><strong>quae</strong></span> <span class='ocrx_word' id='word_1_10' title='bbox 1029 538 1117 582; x_wconf 86' lang='lat' dir='ltr'><strong>tua</strong></span> <span class='ocrx_word' id='word_1_11' title='bbox 1139 537 1286 591; x_wconf 88' lang='lat' dir='ltr'><strong>sunt,</strong></span> <span class='ocrx_word' id='word_1_12' title='bbox 1313 541 1380 580; x_wconf 89' lang='lat' dir='ltr'><strong>ne</strong></span> <span class='ocrx_word' id='word_1_13' title='bbox 1407 538 1624 598; x_wconf 76' lang='lat' dir='ltr'><strong>repetas</strong></span> <span class='ocrx_word' id='word_1_14' title='bbox 1645 532 1704 583; x_wconf 75' lang='grc' dir='ltr'><strong>ι’.</strong></span> <span class='ocrx_word' id='word_1_15' title='bbox 1733 530 1861 595; x_wconf 86' lang='lat' dir='ltr'><strong>Sed,</strong></span> <span class='ocrx_word' id='word_1_16' title='bbox 1881 531 2008 600; x_wconf 81' lang='lat' dir='ltr'><strong>quia</strong></span> <span class='ocrx_word' id='word_1_17' title='bbox 2034 546 2135 584; x_wconf 86' lang='lat' dir='ltr'><strong>non</strong></span> 
     </span>
    </p>
   </div>
   <div class='ocr_carea' id='block_1_5' title="bbox 2238 527 3814 602">
    <p class='ocr_par' dir='ltr' id='par_1_5' title="bbox 2247 527 3814 602">
     <span class='ocr_line' id='line_1_5' title="bbox 2247 527 3814 602; baseline 0.003 -19"><span class='ocrx_word' id='word_1_18' title='bbox 2247 530 2491 602; x_wconf 70' lang='grc' dir='ltr'>αἴροντος</span> <span class='ocrx_word' id='word_1_19' title='bbox 2523 529 2590 582; x_wconf 84' lang='grc' dir='ltr'><strong>τά</strong></span> <span class='ocrx_word' id='word_1_20' title='bbox 2636 528 2723 590; x_wconf 83' lang='grc' dir='ltr'><strong>σά,</strong></span> <span class='ocrx_word' id='word_1_21' title='bbox 2759 528 2834 599; x_wconf 73' lang='grc' dir='ltr'>μὴ</span> <span class='ocrx_word' id='word_1_22' title='bbox 2866 528 3106 582; x_wconf 86' lang='grc' dir='ltr'>ἀπαίτει.</span> <span class='ocrx_word' id='word_1_23' title='bbox 3141 546 3159 578; x_wconf 73' lang='grc' dir='ltr'><strong>ι</strong></span> <span class='ocrx_word' id='word_1_24' title='bbox 3211 527 3426 599; x_wconf 80' lang='grc' dir='ltr'><strong>Ἐπειδὴ</strong></span> <span class='ocrx_word' id='word_1_25' title='bbox 3462 528 3518 581; x_wconf 77' lang='grc' dir='ltr'>δὲ</span> <span class='ocrx_word' id='word_1_26' title='bbox 3547 530 3644 583; x_wconf 72' lang='grc' dir='ltr'>οὐκ</span> <span class='ocrx_word' id='word_1_27' title='bbox 3672 531 3814 600; x_wconf 72' lang='grc' dir='ltr'>ἄγαν</span> 
     </span>
    </p>
   </div>
   <div class='ocr_carea' id='block_1_6' title="bbox 562 621 2144 694">
    <p class='ocr_par' dir='ltr' id='par_1_6' title="bbox 562 621 2144 694">
     <span class='ocr_line' id='line_1_6' title="bbox 562 621 2144 694; baseline -0.001 -15"><span class='ocrx_word' id='word_1_28' title='bbox 562 633 686 680; x_wconf 86' lang='lat' dir='ltr'><strong>erat</strong></span> <span class='ocrx_word' id='word_1_29' title='bbox 713 623 1017 694; x_wconf 89' lang='lat' dir='ltr'><strong>priscorum</strong></span> <span class='ocrx_word' id='word_1_30' title='bbox 1038 621 1322 674; x_wconf 79' lang='lat' dir='ltr'><strong>hominum</strong></span> <span class='ocrx_word' id='word_1_31' title='bbox 1345 621 1562 676; x_wconf 89' lang='lat' dir='ltr'><strong>animus</strong></span> <span class='ocrx_word' id='word_1_32' title='bbox 1588 623 1641 676; x_wconf 91' lang='lat' dir='ltr'><strong>in</strong></span> <span class='ocrx_word' id='word_1_33' title='bbox 1660 623 1873 693; x_wconf 89' lang='lat' dir='ltr'><strong>iustitia</strong></span> <span class='ocrx_word' id='word_1_34' title='bbox 1896 625 2028 679; x_wconf 89' lang='lat' dir='ltr'><strong>satis</strong></span> <span class='ocrx_word' id='word_1_35' title='bbox 2051 625 2144 678; x_wconf 82' lang='lat' dir='ltr'><strong>fir-</strong></span> 
     </span>
    </p>
   </div>
   <div class='ocr_carea' id='block_1_7' title="bbox 564 711 2141 785">
    <p class='ocr_par' dir='ltr' id='par_1_7' title="bbox 564 711 2141 785">
     <span class='ocr_line' id='line_1_7' title="bbox 564 711 2141 785; baseline 0 -14"><span class='ocrx_word' id='word_1_36' title='bbox 564 731 719 780; x_wconf 89' lang='lat' dir='ltr'><strong>mus,</strong></span> <span class='ocrx_word' id='word_1_37' title='bbox 753 714 821 768; x_wconf 87' lang='lat' dir='ltr'><strong>ad</strong></span> <span class='ocrx_word' id='word_1_38' title='bbox 865 713 1124 767; x_wconf 73' lang='lat' dir='ltr'><strong>virtutem</strong></span> <span class='ocrx_word' id='word_1_39' title='bbox 1172 711 1380 783; x_wconf 81' lang='lat' dir='ltr'><strong>integre</strong></span> <span class='ocrx_word' id='word_1_40' title='bbox 1418 712 1806 783; x_wconf 86' lang='lat' dir='ltr'><strong>perﬁciendam</strong></span> <span class='ocrx_word' id='word_1_41' title='bbox 1830 756 1842 780; x_wconf 92' lang='lat'><strong>,</strong></span> <span class='ocrx_word' id='word_1_42' title='bbox 1879 717 2141 785; x_wconf 83' lang='lat' dir='ltr'><strong>paulatim</strong></span> 
     </span>
    </p>
   </div>
   <div class='ocr_carea' id='block_1_8' title="bbox 564 801 2142 876">
    <p class='ocr_par' dir='ltr' id='par_1_8' title="bbox 564 801 2142 876">
     <span class='ocr_line' id='line_1_8' title="bbox 564 801 2142 876; baseline 0.001 -18"><span class='ocrx_word' id='word_1_43' title='bbox 564 803 910 876; x_wconf 75' lang='lat' dir='ltr'><strong>progreditur</strong></span> <span class='ocrx_word' id='word_1_44' title='bbox 942 803 1029 856; x_wconf 79' lang='lat' dir='ltr'><strong>lex</strong></span> <span class='ocrx_word' id='word_1_45' title='bbox 1059 801 1126 856; x_wconf 88' lang='lat' dir='ltr'><strong>ad</strong></span> <span class='ocrx_word' id='word_1_46' title='bbox 1171 817 1292 856; x_wconf 88' lang='lat' dir='ltr'><strong>eam</strong></span> <span class='ocrx_word' id='word_1_47' title='bbox 1332 818 1448 857; x_wconf 90' lang='lat' dir='ltr'><strong>rem</strong></span> <span class='ocrx_word' id='word_1_48' title='bbox 1482 803 1791 869; x_wconf 76' lang='lat' dir='ltr'><strong>instituens,</strong></span> <span class='ocrx_word' id='word_1_49' title='bbox 1827 815 1884 860; x_wconf 91' lang='lat' dir='ltr'><strong>et</strong></span> <span class='ocrx_word' id='word_1_50' title='bbox 1916 807 2142 876; x_wconf 68' lang='lat' dir='ltr'><strong>iustitia:</strong></span> 
     </span>
    </p>
   </div>
   <div class='ocr_carea' id='block_1_9' title="bbox 470 885 2140 967">
    <p class='ocr_par' dir='ltr' id='par_1_9' title="bbox 470 885 2140 967">
     <span class='ocr_line' id='line_1_9' title="bbox 470 885 2140 967; baseline 0.001 -15"><span class='ocrx_word' id='word_1_51' title='bbox 470 885 472 887; x_wconf 6' lang='grc' dir='ltr'><strong>ἀ</strong></span> <span class='ocrx_word' id='word_1_52' title='bbox 564 898 786 952; x_wconf 89' lang='lat' dir='ltr'><strong>modum</strong></span> <span class='ocrx_word' id='word_1_53' title='bbox 823 894 1046 950; x_wconf 87' lang='lat' dir='ltr'><strong>interim</strong></span> <span class='ocrx_word' id='word_1_54' title='bbox 1071 894 1333 950; x_wconf 81' lang='lat' dir='ltr'><strong>fratribus</strong></span> <span class='ocrx_word' id='word_1_55' title='bbox 1365 896 1668 967; x_wconf 90' lang='lat' dir='ltr'><strong>vicinisque</strong></span> <span class='ocrx_word' id='word_1_56' title='bbox 1691 898 1917 952; x_wconf 83' lang='lat' dir='ltr'><strong>metitur</strong></span> <span class='ocrx_word' id='word_1_57' title='bbox 1941 917 1953 952; x_wconf 92' lang='lat'>:</span> <span class='ocrx_word' id='word_1_58' title='bbox 1976 914 2140 954; x_wconf 86' lang='lat' dir='ltr'><strong>accu-</strong></span> 
     </span>
    </p>
   </div>
   <div class='ocr_carea' id='block_1_10' title="bbox 562 985 2144 1052">
    <p class='ocr_par' dir='ltr' id='par_1_10' title="bbox 562 985 2144 1052">
     <span class='ocr_line' id='line_1_10' title="bbox 562 985 2144 1052; baseline 0.001 -9"><span class='ocrx_word' id='word_1_59' title='bbox 562 998 736 1044; x_wconf 82' lang='lat' dir='ltr'><strong>ratam</strong></span> <span class='ocrx_word' id='word_1_60' title='bbox 762 989 909 1042; x_wconf 86' lang='lat' dir='ltr'><strong>illam</strong></span> <span class='ocrx_word' id='word_1_61' title='bbox 935 986 1328 1041; x_wconf 74' lang='lat' dir='ltr'><strong>misericordize</strong></span> <span class='ocrx_word' id='word_1_62' title='bbox 1346 985 1598 1052; x_wconf 81' lang='lat' dir='ltr'><strong>formam,</strong></span> <span class='ocrx_word' id='word_1_63' title='bbox 1619 996 1674 1042; x_wconf 89' lang='lat' dir='ltr'><strong>et</strong></span> <span class='ocrx_word' id='word_1_64' title='bbox 1695 988 1751 1042; x_wconf 92' lang='lat' dir='ltr'><strong>in</strong></span> <span class='ocrx_word' id='word_1_65' title='bbox 1773 996 2061 1044; x_wconf 79' lang='lat' dir='ltr'><strong>extraneos</strong></span> <span class='ocrx_word' id='word_1_66' title='bbox 2077 989 2144 1043; x_wconf 79' lang='lat' dir='ltr'><strong>li-</strong></span> 
     </span>
    </p>
   </div>
   <div class='ocr_carea' id='block_1_11' title="bbox 563 1078 2140 1143">
    <p class='ocr_par' dir='ltr' id='par_1_11' title="bbox 563 1078 2140 1143">
     <span class='ocr_line' id='line_1_11' title="bbox 563 1078 2140 1143; baseline 0.001 -10"><span class='ocrx_word' id='word_1_67' title='bbox 563 1080 924 1143; x_wconf 83' lang='lat' dir='ltr'><strong>beralitatem,</strong></span> <span class='ocrx_word' id='word_1_68' title='bbox 952 1087 1007 1133; x_wconf 91' lang='lat' dir='ltr'><strong>et</strong></span> <span class='ocrx_word' id='word_1_69' title='bbox 1030 1078 1082 1131; x_wconf 92' lang='lat' dir='ltr'><strong>in</strong></span> <span class='ocrx_word' id='word_1_70' title='bbox 1109 1093 1300 1132; x_wconf 88' lang='lat' dir='ltr'><strong>omnes</strong></span> <span class='ocrx_word' id='word_1_71' title='bbox 1323 1078 1572 1134; x_wconf 88' lang='lat' dir='ltr'><strong>homines</strong></span> <span class='ocrx_word' id='word_1_72' title='bbox 1591 1080 2031 1136; x_wconf 84' lang='lat' dir='ltr'><strong>communicandi</strong></span> <span class='ocrx_word' id='word_1_73' title='bbox 2057 1080 2140 1135; x_wconf 87' lang='lat' dir='ltr'><strong>fa-</strong></span> 
     </span>
    </p>
   </div>
   <div class='ocr_carea' id='block_1_12' title="bbox 560 1168 2140 1239">
    <p class='ocr_par' dir='ltr' id='par_1_12' title="bbox 560 1168 2140 1239">
     <span class='ocr_line' id='line_1_12' title="bbox 560 1168 2140 1239; baseline -0.001 -15"><span class='ocrx_word' id='word_1_74' title='bbox 560 1170 848 1235; x_wconf 86' lang='lat' dir='ltr'><strong>cilitatem,</strong></span> <span class='ocrx_word' id='word_1_75' title='bbox 871 1168 1186 1239; x_wconf 89' lang='lat' dir='ltr'><strong>perfectiori</strong></span> <span class='ocrx_word' id='word_1_76' title='bbox 1210 1169 1542 1223; x_wconf 86' lang='lat' dir='ltr'><strong>institutioni</strong></span> <span class='ocrx_word' id='word_1_77' title='bbox 1568 1185 1874 1234; x_wconf 85' lang='lat' dir='ltr'><strong>reservans,</strong></span> <span class='ocrx_word' id='word_1_78' title='bbox 1899 1185 2023 1224; x_wconf 83' lang='lat' dir='ltr'><strong>nam</strong></span> <span class='ocrx_word' id='word_1_79' title='bbox 2047 1185 2140 1224; x_wconf 80' lang='lat' dir='ltr'><strong>us-</strong></span> 
     </span>
    </p>
   </div>
   <div class='ocr_carea' id='block_1_13' title="bbox 557 1260 2138 1331">
    <p class='ocr_par' dir='ltr' id='par_1_13' title="bbox 557 1260 2138 1331">
     <span class='ocr_line' id='line_1_13' title="bbox 557 1260 2138 1331; baseline 0.001 -17"><span class='ocrx_word' id='word_1_80' title='bbox 557 1276 669 1331; x_wconf 89' lang='lat' dir='ltr'><strong>que</strong></span> <span class='ocrx_word' id='word_1_81' title='bbox 691 1261 774 1316; x_wconf 75' lang='lat' dir='ltr'><strong>ad</strong></span> <span class='ocrx_word' id='word_1_82' title='bbox 809 1270 1026 1330; x_wconf 85' lang='lat' dir='ltr'><strong>tempus</strong></span> <span class='ocrx_word' id='word_1_83' title='bbox 1059 1260 1424 1315; x_wconf 87' lang='lat' dir='ltr'><strong>correctionis</strong></span> <span class='ocrx_word' id='word_1_84' title='bbox 1465 1260 1670 1315; x_wconf 73' lang='lat' dir='ltr'><strong>umbra:</strong></span> <span class='ocrx_word' id='word_1_85' title='bbox 1707 1261 1997 1331; x_wconf 76' lang='lat' dir='ltr'><strong>viguerunt</strong></span> <span class='ocrx_word' id='word_1_86' title='bbox 2035 1262 2079 1294; x_wconf 82' lang='grc'><strong>²⁰</strong></span> <span class='ocrx_word' id='word_1_87' title='bbox 2125 1278 2138 1315; x_wconf 90' lang='lat'><strong>:</strong></span> 
     </span>
    </p>
   </div>
   <div class='ocr_carea' id='block_1_14' title="bbox 561 1350 2069 1421">
    <p class='ocr_par' dir='ltr' id='par_1_14' title="bbox 561 1350 2069 1421">
     <span class='ocr_line' id='line_1_14' title="bbox 561 1350 2069 1421; baseline 0 -15"><span class='ocrx_word' id='word_1_88' title='bbox 561 1353 669 1407; x_wconf 84' lang='lat' dir='ltr'><strong>hoc</strong></span> <span class='ocrx_word' id='word_1_89' title='bbox 698 1367 828 1406; x_wconf 90' lang='lat' dir='ltr'><strong>vero</strong></span> <span class='ocrx_word' id='word_1_90' title='bbox 863 1359 1078 1421; x_wconf 87' lang='lat' dir='ltr'><strong>tempus</strong></span> <span class='ocrx_word' id='word_1_91' title='bbox 1107 1350 1240 1404; x_wconf 89' lang='lat' dir='ltr'><strong>illud</strong></span> <span class='ocrx_word' id='word_1_92' title='bbox 1266 1350 1387 1415; x_wconf 88' lang='lat' dir='ltr'><strong>fuit,</strong></span> <span class='ocrx_word' id='word_1_93' title='bbox 1418 1366 1528 1420; x_wconf 90' lang='lat' dir='ltr'><strong>quo</strong></span> <span class='ocrx_word' id='word_1_94' title='bbox 1552 1351 1804 1408; x_wconf 87' lang='lat' dir='ltr'><strong>Christus</strong></span> <span class='ocrx_word' id='word_1_95' title='bbox 1828 1352 2069 1407; x_wconf 77' lang='lat' dir='ltr'><strong>advenit.</strong></span> 
     </span>
    </p>
   </div>
   <div class='ocr_carea' id='block_1_15' title="bbox 631 1440 1828 1511">
    <p class='ocr_par' dir='ltr' id='par_1_15' title="bbox 631 1440 1828 1511">
     <span class='ocr_line' id='line_1_15' title="bbox 631 1440 1828 1511; baseline -0.001 -15"><span class='ocrx_word' id='word_1_96' title='bbox 631 1440 826 1496; x_wconf 80' lang='lat' dir='ltr'><strong>PALL.</strong></span> <span class='ocrx_word' id='word_1_97' title='bbox 859 1440 1274 1511; x_wconf 81' lang='lat' dir='ltr'><strong>Elegantissime</strong></span> <span class='ocrx_word' id='word_1_98' title='bbox 1292 1441 1501 1496; x_wconf 76' lang='lat' dir='ltr'><strong>dixisti.</strong></span> <span class='ocrx_word' id='word_1_99' title='bbox 1822 1451 1828 1456; x_wconf 93' lang='lat'>&#39;</span> 
     </span>
    </p>
   </div>
   <div class='ocr_carea' id='block_1_16' title="bbox 629 1529 2144 1602">
    <p class='ocr_par' dir='ltr' id='par_1_16' title="bbox 629 1529 2144 1602">
     <span class='ocr_line' id='line_1_16' title="bbox 629 1529 2144 1602; baseline 0.001 -16"><span class='ocrx_word' id='word_1_100' title='bbox 629 1531 786 1586; x_wconf 79' lang='lat' dir='ltr'><strong>CYR.</strong></span> <span class='ocrx_word' id='word_1_101' title='bbox 813 1529 951 1586; x_wconf 90' lang='lat' dir='ltr'><strong>Cum</strong></span> <span class='ocrx_word' id='word_1_102' title='bbox 987 1531 1170 1600; x_wconf 88' lang='lat' dir='ltr'><strong>itaque</strong></span> <span class='ocrx_word' id='word_1_103' title='bbox 1196 1531 1473 1602; x_wconf 90' lang='lat' dir='ltr'><strong>iussisset,</strong></span> <span class='ocrx_word' id='word_1_104' title='bbox 1517 1541 1575 1587; x_wconf 90' lang='lat' dir='ltr'><strong>ut</strong></span> <span class='ocrx_word' id='word_1_105' title='bbox 1609 1541 1800 1588; x_wconf 88' lang='lat' dir='ltr'><strong>mutuo</strong></span> <span class='ocrx_word' id='word_1_106' title='bbox 1834 1533 2052 1598; x_wconf 89' lang='lat' dir='ltr'><strong>darent,</strong></span> <span class='ocrx_word' id='word_1_107' title='bbox 2087 1543 2144 1588; x_wconf 92' lang='lat' dir='ltr'><strong>et</strong></span> 
     </span>
    </p>
   </div>
   <div class='ocr_carea' id='block_1_17' title="bbox 563 1623 2144 1697">
    <p class='ocr_par' dir='ltr' id='par_1_17' title="bbox 563 1623 2144 1697">
     <span class='ocr_line' id='line_1_17' title="bbox 563 1623 2144 1697; baseline 0.002 -18"><span class='ocrx_word' id='word_1_108' title='bbox 563 1623 813 1679; x_wconf 84' lang='lat' dir='ltr'><strong>usuraria</strong></span> <span class='ocrx_word' id='word_1_109' title='bbox 837 1623 1174 1678; x_wconf 86' lang='lat' dir='ltr'><strong>incrementa</strong></span> <span class='ocrx_word' id='word_1_110' title='bbox 1209 1625 1577 1694; x_wconf 70' lang='lat' dir='ltr'><strong>praecidisset,</strong></span> <span class='ocrx_word' id='word_1_111' title='bbox 1617 1626 1813 1695; x_wconf 87' lang='lat' dir='ltr'><strong>iisque,</strong></span> <span class='ocrx_word' id='word_1_112' title='bbox 1845 1628 1940 1697; x_wconf 89' lang='lat' dir='ltr'><strong>qui</strong></span> <span class='ocrx_word' id='word_1_113' title='bbox 1979 1626 2034 1682; x_wconf 94' lang='lat' dir='ltr'><strong>id</strong></span> <span class='ocrx_word' id='word_1_114' title='bbox 2059 1626 2144 1682; x_wconf 86' lang='lat' dir='ltr'><strong>fa-</strong></span> 
     </span>
    </p>
   </div>
   <div class='ocr_carea' id='block_1_18' title="bbox 561 1717 2144 1791">
    <p class='ocr_par' dir='ltr' id='par_1_18' title="bbox 561 1717 2144 1791">
     <span class='ocr_line' id='line_1_18' title="bbox 561 1717 2144 1791; baseline 0.003 -19"><span class='ocrx_word' id='word_1_115' title='bbox 561 1726 772 1782; x_wconf 89' lang='lat' dir='ltr'><strong>cerent,</strong></span> <span class='ocrx_word' id='word_1_116' title='bbox 830 1717 1276 1773; x_wconf 88' lang='lat' dir='ltr'><strong>benedictionem</strong></span> <span class='ocrx_word' id='word_1_117' title='bbox 1333 1729 1479 1776; x_wconf 85' lang='lat' dir='ltr'><strong>esset</strong></span> <span class='ocrx_word' id='word_1_118' title='bbox 1535 1720 1843 1790; x_wconf 51' lang='lat' dir='ltr'><strong>pollicitusi,</strong></span> <span class='ocrx_word' id='word_1_119' title='bbox 1909 1723 2144 1791; x_wconf 88' lang='lat' dir='ltr'><strong>septimo</strong></span> 
     </span>
    </p>
   </div>
   <div class='ocr_carea' id='block_1_19' title="bbox 561 1810 2142 1879">
    <p class='ocr_par' dir='ltr' id='par_1_19' title="bbox 561 1810 2142 1879">
     <span class='ocr_line' id='line_1_19' title="bbox 561 1810 2142 1879; baseline 0.002 -15"><span class='ocrx_word' id='word_1_120' title='bbox 561 1819 684 1879; x_wconf 90' lang='lat' dir='ltr'><strong>post</strong></span> <span class='ocrx_word' id='word_1_121' title='bbox 717 1826 791 1865; x_wconf 61' lang='lat' dir='ltr'><strong>res</strong></span> <span class='ocrx_word' id='word_1_122' title='bbox 827 1810 1068 1866; x_wconf 89' lang='lat' dir='ltr'><strong>alienum</strong></span> <span class='ocrx_word' id='word_1_123' title='bbox 1105 1819 1448 1866; x_wconf 90' lang='lat' dir='ltr'><strong>contractum</strong></span> <span class='ocrx_word' id='word_1_124' title='bbox 1481 1827 1624 1870; x_wconf 85' lang='lat' dir='ltr'><strong>anno</strong></span> <span class='ocrx_word' id='word_1_125' title='bbox 1653 1821 1921 1877; x_wconf 80' lang='lat' dir='ltr'><strong>vertente,</strong></span> <span class='ocrx_word' id='word_1_126' title='bbox 1951 1813 2142 1869; x_wconf 87' lang='lat' dir='ltr'><strong>remit-</strong></span> 
     </span>
    </p>
   </div>
   <div class='ocr_carea' id='block_1_20' title="bbox 2244 616 3817 688">
    <p class='ocr_par' dir='ltr' id='par_1_20' title="bbox 2244 616 3817 688">
     <span class='ocr_line' id='line_1_20' title="bbox 2244 616 3817 688; baseline 0 -16"><span class='ocrx_word' id='word_1_127' title='bbox 2244 619 2500 687; x_wconf 72' lang='grc' dir='ltr'>εὐσθενὴς</span> <span class='ocrx_word' id='word_1_128' title='bbox 2536 617 2642 670; x_wconf 82' lang='grc' dir='ltr'><strong>τῶν</strong></span> <span class='ocrx_word' id='word_1_129' title='bbox 2684 618 2741 670; x_wconf 83' lang='grc' dir='ltr'>ὲν</span> <span class='ocrx_word' id='word_1_130' title='bbox 2781 617 2976 687; x_wconf 82' lang='grc' dir='ltr'><strong>ἀρχαῖς</strong></span> <span class='ocrx_word' id='word_1_131' title='bbox 3007 617 3099 668; x_wconf 73' lang='grc' dir='ltr'><strong>ἐπὶ</strong></span> <span class='ocrx_word' id='word_1_132' title='bbox 3150 616 3464 688; x_wconf 74' lang='grc' dir='ltr'><strong>δικαιοσύνῃ</strong></span> <span class='ocrx_word' id='word_1_133' title='bbox 3493 618 3524 669; x_wconf 85' lang='grc' dir='ltr'>ὁ</span> <span class='ocrx_word' id='word_1_134' title='bbox 3563 618 3706 684; x_wconf 70' lang='grc' dir='ltr'>νοῦς,</span> <span class='ocrx_word' id='word_1_135' title='bbox 3737 621 3817 684; x_wconf 78' lang='grc' dir='ltr'>εἷς</span> 
     </span>
    </p>
   </div>
   <div class='ocr_carea' id='block_1_21' title="bbox 2243 701 3814 777">
    <p class='ocr_par' dir='ltr' id='par_1_21' title="bbox 2243 701 3814 777">
     <span class='ocr_line' id='line_1_21' title="bbox 2243 701 3814 777; baseline -0.002 -16"><span class='ocrx_word' id='word_1_136' title='bbox 2243 725 2306 776; x_wconf 89' lang='grc' dir='ltr'><strong>γε</strong></span> <span class='ocrx_word' id='word_1_137' title='bbox 2356 707 2417 760; x_wconf 88' lang='grc' dir='ltr'>τὸ</span> <span class='ocrx_word' id='word_1_138' title='bbox 2468 705 2747 777; x_wconf 81' lang='grc' dir='ltr'><strong>περαίνειν</strong></span> <span class='ocrx_word' id='word_1_139' title='bbox 2797 705 3117 775; x_wconf 77' lang='grc' dir='ltr'><strong>ἀμωμήτως</strong></span> <span class='ocrx_word' id='word_1_140' title='bbox 3164 701 3419 757; x_wconf 82' lang='grc' dir='ltr'>δύνασθαι</span> <span class='ocrx_word' id='word_1_141' title='bbox 3469 703 3532 756; x_wconf 83' lang='grc' dir='ltr'>τὸ</span> <span class='ocrx_word' id='word_1_142' title='bbox 3575 705 3814 773; x_wconf 82' lang='grc' dir='ltr'>ἀγαθὸν,</span> 
     </span>
    </p>
   </div>
   <div class='ocr_carea' id='block_1_22' title="bbox 2243 791 3814 865">
    <p class='ocr_par' dir='ltr' id='par_1_22' title="bbox 2243 791 3814 865">
     <span class='ocr_line' id='line_1_22' title="bbox 2243 791 3814 865; baseline -0.001 -17"><span class='ocrx_word' id='word_1_143' title='bbox 2243 794 2382 848; x_wconf 84' lang='grc' dir='ltr'>κατὰ</span> <span class='ocrx_word' id='word_1_144' title='bbox 2415 792 2591 865; x_wconf 75' lang='grc' dir='ltr'>βραχὺ</span> <span class='ocrx_word' id='word_1_145' title='bbox 2626 792 2872 863; x_wconf 79' lang='grc' dir='ltr'>πρόεισιν</span> <span class='ocrx_word' id='word_1_146' title='bbox 2903 793 2986 844; x_wconf 79' lang='grc' dir='ltr'><strong>ἐπ’</strong></span> <span class='ocrx_word' id='word_1_147' title='bbox 3021 791 3153 844; x_wconf 78' lang='grc' dir='ltr'>αὐτὸ</span> <span class='ocrx_word' id='word_1_148' title='bbox 3182 791 3549 860; x_wconf 80' lang='grc' dir='ltr'><strong>παιδαγωγῶν</strong></span> <span class='ocrx_word' id='word_1_149' title='bbox 3578 794 3606 845; x_wconf 94' lang='lat'><strong>6</strong></span> <span class='ocrx_word' id='word_1_150' title='bbox 3632 793 3814 863; x_wconf 83' lang='grc' dir='ltr'>νόμος,</span> 
     </span>
    </p>
   </div>
   <div class='ocr_carea' id='block_1_23' title="bbox 2242 882 3815 953">
    <p class='ocr_par' dir='ltr' id='par_1_23' title="bbox 2242 882 3815 953">
     <span class='ocr_line' id='line_1_23' title="bbox 2242 882 3815 953; baseline -0.001 -14"><span class='ocrx_word' id='word_1_151' title='bbox 2242 886 2336 939; x_wconf 80' lang='grc' dir='ltr'>καὶ</span> <span class='ocrx_word' id='word_1_152' title='bbox 2378 885 2468 938; x_wconf 85' lang='grc' dir='ltr'>τὸν</span> <span class='ocrx_word' id='word_1_153' title='bbox 2511 885 2612 953; x_wconf 84' lang='grc' dir='ltr'>τῆς</span> <span class='ocrx_word' id='word_1_154' title='bbox 2661 882 3010 953; x_wconf 75' lang='grc' dir='ltr'><strong>δικαιοσύνης</strong></span> <span class='ocrx_word' id='word_1_155' title='bbox 3061 882 3260 953; x_wconf 79' lang='grc' dir='ltr'>τρόπον</span> <span class='ocrx_word' id='word_1_156' title='bbox 3307 884 3704 952; x_wconf 76' lang='grc' dir='ltr'>ἐπιμετρεῖται·</span> <span class='ocrx_word' id='word_1_157' title='bbox 3741 886 3815 949; x_wconf 77' lang='grc' dir='ltr'>ὡς</span> 
     </span>
    </p>
   </div>
   <div class='ocr_carea' id='block_1_24' title="bbox 2243 972 3816 1044">
    <p class='ocr_par' dir='ltr' id='par_1_24' title="bbox 2243 972 3816 1044">
     <span class='ocr_line' id='line_1_24' title="bbox 2243 972 3816 1044; baseline -0.001 -15"><span class='ocrx_word' id='word_1_158' title='bbox 2243 977 2322 1040; x_wconf 90' lang='grc' dir='ltr'><strong>είς</strong></span> <span class='ocrx_word' id='word_1_159' title='bbox 2375 975 2638 1044; x_wconf 80' lang='grc' dir='ltr'>ἀδελφοὺς</span> <span class='ocrx_word' id='word_1_160' title='bbox 2688 975 2780 1027; x_wconf 78' lang='grc' dir='ltr'>καὶ</span> <span class='ocrx_word' id='word_1_161' title='bbox 2839 973 3118 1041; x_wconf 80' lang='grc' dir='ltr'>γείτονας,</span> <span class='ocrx_word' id='word_1_162' title='bbox 3167 972 3267 1041; x_wconf 79' lang='grc' dir='ltr'>τῆς</span> <span class='ocrx_word' id='word_1_163' title='bbox 3318 973 3716 1044; x_wconf 76' lang='grc' dir='ltr'>εὐσπλαγχνίας</span> <span class='ocrx_word' id='word_1_164' title='bbox 3759 977 3816 1027; x_wconf 81' lang='grc' dir='ltr'>τὸ</span> 
     </span>
    </p>
   </div>
   <div class='ocr_carea' id='block_1_25' title="bbox 2243 1063 3818 1139">
    <p class='ocr_par' dir='ltr' id='par_1_25' title="bbox 2243 1063 3818 1139">
     <span class='ocr_line' id='line_1_25' title="bbox 2243 1063 3818 1139; baseline -0.004 -17"><span class='ocrx_word' id='word_1_165' title='bbox 2243 1067 2498 1139; x_wconf 76' lang='grc' dir='ltr'>ἀκριϐὲς,</span> <span class='ocrx_word' id='word_1_166' title='bbox 2522 1068 2616 1122; x_wconf 78' lang='grc' dir='ltr'>καὶ</span> <span class='ocrx_word' id='word_1_167' title='bbox 2641 1066 2701 1118; x_wconf 73' lang='grc' dir='ltr'>τὸ</span> <span class='ocrx_word' id='word_1_168' title='bbox 2727 1067 2806 1129; x_wconf 85' lang='grc' dir='ltr'><strong>είς</strong></span> <span class='ocrx_word' id='word_1_169' title='bbox 2826 1063 3062 1126; x_wconf 78' lang='grc' dir='ltr'>ὀθνείους</span> <span class='ocrx_word' id='word_1_170' title='bbox 3083 1063 3331 1132; x_wconf 78' lang='grc' dir='ltr'>ἄφθονον,</span> <span class='ocrx_word' id='word_1_171' title='bbox 3359 1064 3527 1117; x_wconf 77' lang='grc' dir='ltr'>καὶτὸ</span> <span class='ocrx_word' id='word_1_172' title='bbox 3554 1066 3632 1128; x_wconf 84' lang='grc' dir='ltr'><strong>είς</strong></span> <span class='ocrx_word' id='word_1_173' title='bbox 3656 1065 3818 1119; x_wconf 69' lang='grc' dir='ltr'>ἅπαν-</span> 
     </span>
    </p>
   </div>
   <div class='ocr_carea' id='block_1_26' title="bbox 2242 1153 3816 1225">
    <p class='ocr_par' dir='ltr' id='par_1_26' title="bbox 2242 1153 3816 1225">
     <span class='ocr_line' id='line_1_26' title="bbox 2242 1153 3816 1225; baseline -0.002 -16"><span class='ocrx_word' id='word_1_174' title='bbox 2242 1174 2341 1221; x_wconf 89' lang='grc' dir='ltr'><strong>τας</strong></span> <span class='ocrx_word' id='word_1_175' title='bbox 2373 1155 2710 1220; x_wconf 82' lang='grc' dir='ltr'>κοινωνικὸν,</span> <span class='ocrx_word' id='word_1_176' title='bbox 2754 1154 3100 1224; x_wconf 74' lang='grc' dir='ltr'>παιδαγωγίᾳ</span> <span class='ocrx_word' id='word_1_177' title='bbox 3145 1153 3326 1224; x_wconf 83' lang='grc' dir='ltr'>τηρῶν</span> <span class='ocrx_word' id='word_1_178' title='bbox 3378 1156 3443 1224; x_wconf 79' lang='grc' dir='ltr'><strong>τῇ</strong></span> <span class='ocrx_word' id='word_1_179' title='bbox 3493 1154 3816 1225; x_wconf 49' lang='grc' dir='ltr'>τελεωτέρα,</span> 
     </span>
    </p>
   </div>
   <div class='ocr_carea' id='block_1_27' title="bbox 2245 1241 3815 1322">
    <p class='ocr_par' dir='ltr' id='par_1_27' title="bbox 2245 1241 3815 1322">
     <span class='ocr_line' id='line_1_27' title="bbox 2245 1241 3815 1322; baseline -0.002 -21"><span class='ocrx_word' id='word_1_180' title='bbox 2245 1248 2407 1322; x_wconf 85' lang='grc' dir='ltr'>μέχρι</span> <span class='ocrx_word' id='word_1_181' title='bbox 2429 1247 2541 1318; x_wconf 86' lang='grc' dir='ltr'>γὰρ</span> <span class='ocrx_word' id='word_1_182' title='bbox 2575 1245 2765 1317; x_wconf 78' lang='grc' dir='ltr'>καιροῦ</span> <span class='ocrx_word' id='word_1_183' title='bbox 2796 1243 3134 1315; x_wconf 81' lang='grc' dir='ltr'>διορθώσεως</span> <span class='ocrx_word' id='word_1_184' title='bbox 3159 1243 3403 1296; x_wconf 87' lang='grc' dir='ltr'>αἰσκιαί·</span> <span class='ocrx_word' id='word_1_185' title='bbox 3431 1243 3621 1313; x_wconf 75' lang='grc' dir='ltr'>καιρὸς</span> <span class='ocrx_word' id='word_1_186' title='bbox 3654 1245 3710 1297; x_wconf 79' lang='grc' dir='ltr'>δὲ</span> <span class='ocrx_word' id='word_1_187' title='bbox 3748 1241 3815 1317; x_wconf 78' lang='grc' dir='ltr'>ἦν</span> 
     </span>
    </p>
   </div>
   <div class='ocr_carea' id='block_1_28' title="bbox 2243 1332 3222 1408">
    <p class='ocr_par' dir='ltr' id='par_1_28' title="bbox 2243 1332 3222 1408">
     <span class='ocr_line' id='line_1_28' title="bbox 2243 1332 3222 1408; baseline -0.004 -15"><span class='ocrx_word' id='word_1_188' title='bbox 2243 1332 2398 1402; x_wconf 72' lang='grc' dir='ltr'>οὗτος</span> <span class='ocrx_word' id='word_1_189' title='bbox 2429 1342 2458 1393; x_wconf 98' lang='lat'><strong>6</strong></span> <span class='ocrx_word' id='word_1_190' title='bbox 2491 1339 2591 1408; x_wconf 83' lang='grc' dir='ltr'>τῆς</span> <span class='ocrx_word' id='word_1_191' title='bbox 2627 1336 2864 1408; x_wconf 79' lang='grc' dir='ltr'>Χριστοῦ</span> <span class='ocrx_word' id='word_1_192' title='bbox 2901 1334 3222 1405; x_wconf 82' lang='grc' dir='ltr'>παρουσίας.</span> 
     </span>
    </p>
   </div>
   <div class='ocr_carea' id='block_1_29' title="bbox 2314 1425 3100 1496">
    <p class='ocr_par' dir='ltr' id='par_1_29' title="bbox 2314 1425 3100 1496">
     <span class='ocr_line' id='line_1_29' title="bbox 2314 1425 3100 1496; baseline -0.01 -11"><span class='ocrx_word' id='word_1_193' title='bbox 2314 1431 2523 1484; x_wconf 83' lang='grc' dir='ltr'><strong>ΠΑΛΛ.</strong></span> <span class='ocrx_word' id='word_1_194' title='bbox 2577 1428 2924 1482; x_wconf 84' lang='grc' dir='ltr'>Ἀστειότατα</span> <span class='ocrx_word' id='word_1_195' title='bbox 2947 1425 3100 1496; x_wconf 82' lang='grc' dir='ltr'>ἔφης.</span> 
     </span>
    </p>
   </div>
   <div class='ocr_carea' id='block_1_30' title="bbox 2315 1510 3811 1594">
    <p class='ocr_par' dir='ltr' id='par_1_30' title="bbox 2315 1510 3811 1594">
     <span class='ocr_line' id='line_1_30' title="bbox 2315 1510 3811 1594; baseline -0.007 -16"><span class='ocrx_word' id='word_1_196' title='bbox 2315 1524 2476 1578; x_wconf 85' lang='grc' dir='ltr'><strong>ΚΥΡ.</strong></span> <span class='ocrx_word' id='word_1_197' title='bbox 2521 1517 2932 1594; x_wconf 80' lang='grc' dir='ltr'>Προσεπιτάξας</span> <span class='ocrx_word' id='word_1_198' title='bbox 2963 1516 3028 1588; x_wconf 83' lang='grc' dir='ltr'>δὴ</span> <span class='ocrx_word' id='word_1_199' title='bbox 3061 1510 3152 1569; x_wconf 77' lang='grc' dir='ltr'>οὖν</span> <span class='ocrx_word' id='word_1_200' title='bbox 3191 1515 3251 1568; x_wconf 84' lang='grc' dir='ltr'>τὸ</span> <span class='ocrx_word' id='word_1_201' title='bbox 3283 1516 3477 1587; x_wconf 81' lang='grc' dir='ltr'>χρῆναι</span> <span class='ocrx_word' id='word_1_202' title='bbox 3506 1515 3811 1588; x_wconf 78' lang='grc' dir='ltr'>διακιχρᾷν,</span> 
     </span>
    </p>
   </div>
   <div class='ocr_carea' id='block_1_31' title="bbox 2245 1604 3813 1681">
    <p class='ocr_par' dir='ltr' id='par_1_31' title="bbox 2245 1604 3813 1681">
     <span class='ocr_line' id='line_1_31' title="bbox 2245 1604 3813 1681; baseline -0.004 -13"><span class='ocrx_word' id='word_1_203' title='bbox 2245 1615 2339 1669; x_wconf 71' lang='grc' dir='ltr'>καὶ</span> <span class='ocrx_word' id='word_1_204' title='bbox 2397 1612 2769 1681; x_wconf 77' lang='grc' dir='ltr'>πλεονασμοὺς</span> <span class='ocrx_word' id='word_1_205' title='bbox 2817 1605 3131 1676; x_wconf 79' lang='grc' dir='ltr'>ἀποτεμὼν,</span> <span class='ocrx_word' id='word_1_206' title='bbox 3182 1607 3276 1658; x_wconf 80' lang='grc' dir='ltr'>καὶ</span> <span class='ocrx_word' id='word_1_207' title='bbox 3315 1609 3428 1669; x_wconf 84' lang='grc' dir='ltr'>τοῖς</span> <span class='ocrx_word' id='word_1_208' title='bbox 3467 1604 3624 1660; x_wconf 79' lang='grc' dir='ltr'>τοῦτο</span> <span class='ocrx_word' id='word_1_209' title='bbox 3681 1608 3813 1678; x_wconf 71' lang='grc' dir='ltr'>δρᾷν</span> 
     </span>
    </p>
   </div>
   <div class='ocr_carea' id='block_1_32' title="bbox 2245 1697 3815 1776">
    <p class='ocr_par' dir='ltr' id='par_1_32' title="bbox 2245 1697 3815 1776">
     <span class='ocr_line' id='line_1_32' title="bbox 2245 1697 3815 1776; baseline -0.006 -18"><span class='ocrx_word' id='word_1_210' title='bbox 2245 1703 2522 1776; x_wconf 79' lang='grc' dir='ltr'>ἑλομένοις</span> <span class='ocrx_word' id='word_1_211' title='bbox 2568 1701 2819 1770; x_wconf 79' lang='grc' dir='ltr'>εὐλογίαν</span> <span class='ocrx_word' id='word_1_212' title='bbox 2853 1697 3300 1769; x_wconf 81' lang='grc' dir='ltr'>ὑπισχνούμενος,</span> <span class='ocrx_word' id='word_1_213' title='bbox 3330 1697 3471 1750; x_wconf 81' lang='grc' dir='ltr'>ἐπτά</span> <span class='ocrx_word' id='word_1_214' title='bbox 3501 1701 3615 1760; x_wconf 82' lang='grc' dir='ltr'>τοῖς</span> <span class='ocrx_word' id='word_1_215' title='bbox 3650 1698 3815 1769; x_wconf 80' lang='grc' dir='ltr'>ὀφλή-</span> 
     </span>
    </p>
   </div>
   <div class='ocr_carea' id='block_1_33' title="bbox 2247 1790 3812 1866">
    <p class='ocr_par' dir='ltr' id='par_1_33' title="bbox 2247 1790 3812 1866">
     <span class='ocr_line' id='line_1_33' title="bbox 2247 1790 3812 1866; baseline -0.004 -18"><span class='ocrx_word' id='word_1_216' title='bbox 2247 1812 2412 1866; x_wconf 81' lang='grc' dir='ltr'>μασιν</span> <span class='ocrx_word' id='word_1_217' title='bbox 2454 1791 2879 1862; x_wconf 79' lang='grc' dir='ltr'>ὲπελιττομένων</span> <span class='ocrx_word' id='word_1_218' title='bbox 2911 1790 3192 1854; x_wconf 80' lang='grc' dir='ltr'>ἐνιαυτῶν,</span> <span class='ocrx_word' id='word_1_219' title='bbox 3224 1790 3428 1844; x_wconf 86' lang='grc' dir='ltr'>ἀνεῖναι</span> <span class='ocrx_word' id='word_1_220' title='bbox 3463 1791 3812 1860; x_wconf 76' lang='grc' dir='ltr'>προστάττει,</span> 
     </span>
    </p>
   </div>
   <div class='ocr_carea' id='block_1_34' title="bbox 563 1881 2135 1975">
    <p class='ocr_par' dir='ltr' id='par_1_34' title="bbox 563 1902 2135 1975">
     <span class='ocr_line' id='line_1_34' title="bbox 563 1902 2135 1975; baseline 0.003 -21"><span class='ocrx_word' id='word_1_221' title='bbox 563 1910 678 1956; x_wconf 89' lang='lat' dir='ltr'><strong>tcre</strong></span> <span class='ocrx_word' id='word_1_222' title='bbox 701 1902 878 1972; x_wconf 88' lang='lat' dir='ltr'><strong>jubet,</strong></span> <span class='ocrx_word' id='word_1_223' title='bbox 913 1911 1129 1972; x_wconf 89' lang='lat' dir='ltr'><strong>tempus</strong></span> <span class='ocrx_word' id='word_1_224' title='bbox 1155 1903 1291 1958; x_wconf 92' lang='lat' dir='ltr'><strong>illud</strong></span> <span class='ocrx_word' id='word_1_225' title='bbox 1322 1912 1670 1970; x_wconf 86' lang='lat' dir='ltr'><strong>venerantes,</strong></span> <span class='ocrx_word' id='word_1_226' title='bbox 1705 1921 1816 1975; x_wconf 91' lang='lat' dir='ltr'><strong>quo</strong></span> <span class='ocrx_word' id='word_1_227' title='bbox 1850 1906 2135 1959; x_wconf 80' lang='lat' dir='ltr'><strong>universo-</strong></span> 
     </span>
    </p>
   </div>
   <div class='ocr_carea' id='block_1_35' title="bbox 2238 1881 3810 1975">
    <p class='ocr_par' dir='ltr' id='par_1_35' title="bbox 2240 1881 3810 1956">
     <span class='ocr_line' id='line_1_35' title="bbox 2240 1881 3810 1956; baseline -0.004 -16"><span class='ocrx_word' id='word_1_228' title='bbox 2240 1888 2332 1940; x_wconf 86' lang='grc' dir='ltr'>τὸν</span> <span class='ocrx_word' id='word_1_229' title='bbox 2358 1885 2458 1956; x_wconf 83' lang='grc' dir='ltr'>τῆς</span> <span class='ocrx_word' id='word_1_230' title='bbox 2478 1884 2730 1940; x_wconf 82' lang='grc' dir='ltr'>ἁπάντων</span> <span class='ocrx_word' id='word_1_231' title='bbox 2753 1883 2996 1952; x_wconf 80' lang='grc' dir='ltr'>ἀφέσεως</span> <span class='ocrx_word' id='word_1_232' title='bbox 3015 1881 3291 1952; x_wconf 82' lang='grc' dir='ltr'>τιμῶντας</span> <span class='ocrx_word' id='word_1_233' title='bbox 3312 1882 3522 1952; x_wconf 82' lang='grc' dir='ltr'>καιρὸν,</span> <span class='ocrx_word' id='word_1_234' title='bbox 3547 1883 3810 1948; x_wconf 83' lang='grc' dir='ltr'>τουτέστι,</span> 
     </span>
    </p>
   </div>
   <div class='ocr_carea' id='block_1_36' title="bbox 562 1993 2144 2064">
    <p class='ocr_par' dir='ltr' id='par_1_36' title="bbox 562 1993 2144 2064">
     <span class='ocr_line' id='line_1_36' title="bbox 562 1993 2144 2064; baseline 0.003 -20"><span class='ocrx_word' id='word_1_235' title='bbox 562 2008 682 2045; x_wconf 89' lang='lat' dir='ltr'><strong>rum</strong></span> <span class='ocrx_word' id='word_1_236' title='bbox 722 1993 974 2047; x_wconf 78' lang='lat' dir='ltr'><strong>remissio</strong></span> <span class='ocrx_word' id='word_1_237' title='bbox 996 1993 1182 2048; x_wconf 85' lang='lat' dir='ltr'><strong>futura</strong></span> <span class='ocrx_word' id='word_1_238' title='bbox 1237 2001 1376 2058; x_wconf 86' lang='lat' dir='ltr'><strong>erat,</strong></span> <span class='ocrx_word' id='word_1_239' title='bbox 1434 1994 1488 2049; x_wconf 89' lang='lat' dir='ltr'><strong>id</strong></span> <span class='ocrx_word' id='word_1_240' title='bbox 1549 2005 1652 2059; x_wconf 87' lang='lat' dir='ltr'><strong>est,</strong></span> <span class='ocrx_word' id='word_1_241' title='bbox 1702 2003 1918 2064; x_wconf 88' lang='lat' dir='ltr'><strong>tempus</strong></span> <span class='ocrx_word' id='word_1_242' title='bbox 1939 1993 2144 2050; x_wconf 85' lang='lat' dir='ltr'><strong>Christi</strong></span> 
     </span>
    </p>
   </div>
   <div class='ocr_carea' id='block_1_37' title="bbox 506 2061 2140 2155">
    <p class='ocr_par' dir='ltr' id='par_1_37' title="bbox 506 2061 2140 2155">
     <span class='ocr_line' id='line_1_37' title="bbox 506 2061 2140 2155; baseline 0.001 -20"><span class='ocrx_word' id='word_1_243' title='bbox 506 2061 521 2084; x_wconf 76' lang='grc'><em>’</em></span> <span class='ocrx_word' id='word_1_244' title='bbox 559 2081 850 2146; x_wconf 78' lang='lat' dir='ltr'><strong>adventus,</strong></span> <span class='ocrx_word' id='word_1_245' title='bbox 884 2099 994 2152; x_wconf 91' lang='lat' dir='ltr'><strong>quo</strong></span> <span class='ocrx_word' id='word_1_246' title='bbox 1034 2099 1227 2139; x_wconf 88' lang='lat' dir='ltr'><strong>omnes</strong></span> <span class='ocrx_word' id='word_1_247' title='bbox 1268 2083 1551 2155; x_wconf 81' lang='lat' dir='ltr'><strong>iustiﬁcati</strong></span> <span class='ocrx_word' id='word_1_248' title='bbox 1590 2100 1781 2139; x_wconf 90' lang='lat' dir='ltr'><strong>sumus</strong></span> <span class='ocrx_word' id='word_1_249' title='bbox 1817 2061 1921 2154; x_wconf 79' lang='lat' dir='ltr'><strong>per</strong></span> <span class='ocrx_word' id='word_1_250' title='bbox 1943 2083 2140 2150; x_wconf 85' lang='lat' dir='ltr'><strong>ﬁdem;</strong></span> 
     </span>
    </p>
   </div>
   <div class='ocr_carea' id='block_1_38' title="bbox 559 2175 2143 2245">
    <p class='ocr_par' dir='ltr' id='par_1_38' title="bbox 559 2175 2143 2245">
     <span class='ocr_line' id='line_1_38' title="bbox 559 2175 2143 2245; baseline 0.002 -18"><span class='ocrx_word' id='word_1_251' title='bbox 559 2185 617 2227; x_wconf 88' lang='lat' dir='ltr'><strong>et</strong></span> <span class='ocrx_word' id='word_1_252' title='bbox 650 2183 898 2229; x_wconf 79' lang='lat' dir='ltr'><strong>veterum</strong></span> <span class='ocrx_word' id='word_1_253' title='bbox 929 2183 1280 2244; x_wconf 90' lang='lat' dir='ltr'><strong>peccatorum</strong></span> <span class='ocrx_word' id='word_1_254' title='bbox 1297 2175 1634 2232; x_wconf 81' lang='lat' dir='ltr'><strong>oblivionem</strong></span> <span class='ocrx_word' id='word_1_255' title='bbox 1663 2175 1866 2245; x_wconf 85' lang='lat' dir='ltr'><strong>adepti,</strong></span> <span class='ocrx_word' id='word_1_256' title='bbox 1901 2192 2026 2230; x_wconf 91' lang='lat' dir='ltr'><strong>cum</strong></span> <span class='ocrx_word' id='word_1_257' title='bbox 2055 2178 2143 2231; x_wconf 93' lang='lat' dir='ltr'><strong>ille</strong></span> 
     </span>
    </p>
   </div>
   <div class='ocr_carea' id='block_1_39' title="bbox 560 2266 2141 2337">
    <p class='ocr_par' dir='ltr' id='par_1_39' title="bbox 560 2266 2141 2337">
     <span class='ocr_line' id='line_1_39' title="bbox 560 2266 2141 2337; baseline 0.001 -19"><span class='ocrx_word' id='word_1_258' title='bbox 560 2280 673 2319; x_wconf 70' lang='lat' dir='ltr'><strong>sum</strong></span> <span class='ocrx_word' id='word_1_259' title='bbox 700 2267 849 2320; x_wconf 92' lang='lat' dir='ltr'><strong>cruci</strong></span> <span class='ocrx_word' id='word_1_260' title='bbox 866 2266 1312 2336; x_wconf 78' lang='lat' dir='ltr'><strong>chirographum,</strong></span> <span class='ocrx_word' id='word_1_261' title='bbox 1341 2269 1485 2337; x_wconf 92' lang='lat' dir='ltr'><strong>quod</strong></span> <span class='ocrx_word' id='word_1_262' title='bbox 1501 2278 1618 2323; x_wconf 82' lang='lat' dir='ltr'><strong>erat</strong></span> <span class='ocrx_word' id='word_1_263' title='bbox 1645 2268 1804 2323; x_wconf 87' lang='lat' dir='ltr'><strong>nobis</strong></span> <span class='ocrx_word' id='word_1_264' title='bbox 1831 2267 2141 2332; x_wconf 87' lang='lat' dir='ltr'><strong>adversum,</strong></span> 
     </span>
    </p>
   </div>
   <div class='ocr_carea' id='block_1_40' title="bbox 559 2354 2143 2430">
    <p class='ocr_par' dir='ltr' id='par_1_40' title="bbox 559 2354 2143 2430">
     <span class='ocr_line' id='line_1_40' title="bbox 559 2354 2143 2430; baseline 0.004 -21"><span class='ocrx_word' id='word_1_265' title='bbox 559 2354 792 2410; x_wconf 78' lang='lat' dir='ltr'><strong>afﬁxerit</strong></span> <span class='ocrx_word' id='word_1_266' title='bbox 813 2356 880 2420; x_wconf 77' lang='lat'><strong>“,</strong></span> <span class='ocrx_word' id='word_1_267' title='bbox 914 2365 970 2412; x_wconf 91' lang='lat' dir='ltr'><strong>et</strong></span> <span class='ocrx_word' id='word_1_268' title='bbox 1006 2358 1272 2424; x_wconf 89' lang='lat' dir='ltr'><strong>rationes,</strong></span> <span class='ocrx_word' id='word_1_269' title='bbox 1293 2375 1429 2429; x_wconf 91' lang='lat' dir='ltr'><strong>quas</strong></span> <span class='ocrx_word' id='word_1_270' title='bbox 1459 2359 1891 2430; x_wconf 89' lang='lat' dir='ltr'><strong>omniumjudici</strong></span> <span class='ocrx_word' id='word_1_271' title='bbox 1912 2359 2143 2416; x_wconf 90' lang='lat' dir='ltr'><strong>reddere</strong></span> 
     </span>
    </p>
   </div>
   <div class='ocr_carea' id='block_1_41' title="bbox 559 2447 2142 2516">
    <p class='ocr_par' dir='ltr' id='par_1_41' title="bbox 559 2447 2142 2516">
     <span class='ocr_line' id='line_1_41' title="bbox 559 2447 2142 2516; baseline 0.003 -15"><span class='ocrx_word' id='word_1_272' title='bbox 559 2447 928 2513; x_wconf 88' lang='lat' dir='ltr'><strong>debebamus,</strong></span> <span class='ocrx_word' id='word_1_273' title='bbox 977 2449 1046 2504; x_wconf 90' lang='lat' dir='ltr'><strong>de</strong></span> <span class='ocrx_word' id='word_1_274' title='bbox 1101 2449 1284 2505; x_wconf 91' lang='lat' dir='ltr'><strong>medio</strong></span> <span class='ocrx_word' id='word_1_275' title='bbox 1343 2450 1553 2516; x_wconf 84' lang='lat' dir='ltr'><strong>tulerit.</strong></span> <span class='ocrx_word' id='word_1_276' title='bbox 1615 2450 1760 2504; x_wconf 87' lang='lat' dir='ltr'><strong>Dicit</strong></span> <span class='ocrx_word' id='word_1_277' title='bbox 1817 2459 2002 2504; x_wconf 86' lang='lat' dir='ltr'><strong>autem</strong></span> <span class='ocrx_word' id='word_1_278' title='bbox 2061 2451 2142 2506; x_wconf 84' lang='lat' dir='ltr'><strong>sic</strong></span> 
     </span>
    </p>
   </div>
   <div class='ocr_carea' id='block_1_42' title="bbox 561 2538 2141 2612">
    <p class='ocr_par' dir='ltr' id='par_1_42' title="bbox 561 2538 2141 2612">
     <span class='ocr_line' id='line_1_42' title="bbox 561 2538 2141 2612; baseline 0.006 -23"><span class='ocrx_word' id='word_1_279' title='bbox 561 2552 752 2592; x_wconf 86' lang='lat' dir='ltr'><strong>rursus</strong></span> <span class='ocrx_word' id='word_1_280' title='bbox 795 2538 852 2592; x_wconf 85' lang='lat' dir='ltr'><strong>in</strong></span> <span class='ocrx_word' id='word_1_281' title='bbox 897 2539 1351 2606; x_wconf 87' lang='lat' dir='ltr'><strong>Deuteronomio,</strong></span> <span class='ocrx_word' id='word_1_282' title='bbox 1395 2560 1413 2592; x_wconf 72' lang='lat' dir='ltr'><strong>c</strong></span> <span class='ocrx_word' id='word_1_283' title='bbox 1460 2540 1704 2611; x_wconf 90' lang='lat' dir='ltr'><strong>Septimo</strong></span> <span class='ocrx_word' id='word_1_284' title='bbox 1741 2557 1958 2612; x_wconf 90' lang='lat' dir='ltr'><strong>quoque</strong></span> <span class='ocrx_word' id='word_1_285' title='bbox 1997 2559 2141 2598; x_wconf 90' lang='lat' dir='ltr'><strong>anno</strong></span> 
     </span>
    </p>
   </div>
   <div class='ocr_carea' id='block_1_43' title="bbox 558 2626 2139 2702">
    <p class='ocr_par' dir='ltr' id='par_1_43' title="bbox 558 2626 2139 2702">
     <span class='ocr_line' id='line_1_43' title="bbox 558 2626 2139 2702; baseline 0.004 -21"><span class='ocrx_word' id='word_1_286' title='bbox 558 2626 728 2682; x_wconf 82' lang='lat' dir='ltr'><strong>facies</strong></span> <span class='ocrx_word' id='word_1_287' title='bbox 757 2629 1136 2684; x_wconf 89' lang='lat' dir='ltr'><strong>remissionem</strong></span> <span class='ocrx_word' id='word_1_288' title='bbox 1173 2647 1186 2684; x_wconf 91' lang='lat'>:</span> <span class='ocrx_word' id='word_1_289' title='bbox 1240 2640 1296 2686; x_wconf 92' lang='lat' dir='ltr'><strong>et</strong></span> <span class='ocrx_word' id='word_1_290' title='bbox 1330 2631 1644 2702; x_wconf 90' lang='lat' dir='ltr'><strong>huiusmodi</strong></span> <span class='ocrx_word' id='word_1_291' title='bbox 1669 2640 1753 2686; x_wconf 89' lang='lat' dir='ltr'><strong>est</strong></span> <span class='ocrx_word' id='word_1_292' title='bbox 1781 2631 2023 2687; x_wconf 90' lang='lat' dir='ltr'><strong>edictum</strong></span> <span class='ocrx_word' id='word_1_293' title='bbox 2050 2649 2139 2688; x_wconf 92' lang='lat' dir='ltr'><strong>re-</strong></span> 
     </span>
    </p>
   </div>
   <div class='ocr_carea' id='block_1_44' title="bbox 559 2719 2138 2795">
    <p class='ocr_par' dir='ltr' id='par_1_44' title="bbox 559 2719 2138 2795">
     <span class='ocr_line' id='line_1_44' title="bbox 559 2719 2138 2795; baseline 0.005 -23"><span class='ocrx_word' id='word_1_294' title='bbox 559 2719 858 2785; x_wconf 86' lang='lat' dir='ltr'><strong>missionis,</strong></span> <span class='ocrx_word' id='word_1_295' title='bbox 895 2721 1164 2776; x_wconf 80' lang='lat' dir='ltr'><strong>Remittes</strong></span> <span class='ocrx_word' id='word_1_296' title='bbox 1195 2736 1358 2778; x_wconf 83' lang='lat' dir='ltr'><strong>omne</strong></span> <span class='ocrx_word' id='word_1_297' title='bbox 1395 2723 1642 2778; x_wconf 90' lang='lat' dir='ltr'><strong>debitum</strong></span> <span class='ocrx_word' id='word_1_298' title='bbox 1671 2724 1968 2793; x_wconf 87' lang='lat' dir='ltr'><strong>privatum,</strong></span> <span class='ocrx_word' id='word_1_299' title='bbox 1992 2725 2138 2795; x_wconf 86' lang='lat' dir='ltr'><strong>quod</strong></span> 
     </span>
    </p>
   </div>
   <div class='ocr_carea' id='block_1_45' title="bbox 558 2810 2136 2885">
    <p class='ocr_par' dir='ltr' id='par_1_45' title="bbox 558 2810 2136 2885">
     <span class='ocr_line' id='line_1_45' title="bbox 558 2810 2136 2885; baseline 0.004 -22"><span class='ocrx_word' id='word_1_300' title='bbox 558 2810 725 2864; x_wconf 90' lang='lat' dir='ltr'><strong>debet</strong></span> <span class='ocrx_word' id='word_1_301' title='bbox 767 2811 868 2865; x_wconf 87' lang='lat' dir='ltr'><strong>tibi</strong></span> <span class='ocrx_word' id='word_1_302' title='bbox 897 2811 1212 2881; x_wconf 76' lang='lat' dir='ltr'><strong>proximus;</strong></span> <span class='ocrx_word' id='word_1_303' title='bbox 1258 2822 1314 2868; x_wconf 92' lang='lat' dir='ltr'><strong>et</strong></span> <span class='ocrx_word' id='word_1_304' title='bbox 1359 2828 1391 2867; x_wconf 86' lang='lat' dir='ltr'><strong>a</strong></span> <span class='ocrx_word' id='word_1_305' title='bbox 1434 2812 1601 2867; x_wconf 84' lang='lat' dir='ltr'><strong>fratre</strong></span> <span class='ocrx_word' id='word_1_306' title='bbox 1637 2822 1734 2868; x_wconf 88' lang='lat' dir='ltr'><strong>tuo</strong></span> <span class='ocrx_word' id='word_1_307' title='bbox 1761 2828 1872 2869; x_wconf 91' lang='lat' dir='ltr'><strong>non</strong></span> <span class='ocrx_word' id='word_1_308' title='bbox 1901 2821 2136 2885; x_wconf 88' lang='lat' dir='ltr'><strong>repetes,</strong></span> 
     </span>
    </p>
   </div>
   <div class='ocr_carea' id='block_1_46' title="bbox 558 2903 2138 2973">
    <p class='ocr_par' dir='ltr' id='par_1_46' title="bbox 558 2903 2138 2973">
     <span class='ocr_line' id='line_1_46' title="bbox 558 2903 2138 2973; baseline 0.002 -16"><span class='ocrx_word' id='word_1_309' title='bbox 558 2903 687 2973; x_wconf 82' lang='lat' dir='ltr'><strong>quia</strong></span> <span class='ocrx_word' id='word_1_310' title='bbox 715 2903 918 2960; x_wconf 85' lang='lat' dir='ltr'><strong>indicta</strong></span> <span class='ocrx_word' id='word_1_311' title='bbox 934 2913 1020 2961; x_wconf 92' lang='lat' dir='ltr'><strong>est</strong></span> <span class='ocrx_word' id='word_1_312' title='bbox 1046 2906 1298 2960; x_wconf 89' lang='lat' dir='ltr'><strong>remissio</strong></span> <span class='ocrx_word' id='word_1_313' title='bbox 1325 2905 1555 2960; x_wconf 90' lang='lat' dir='ltr'><strong>Domino</strong></span> <span class='ocrx_word' id='word_1_314' title='bbox 1577 2905 1688 2960; x_wconf 89' lang='lat' dir='ltr'><strong>Deo</strong></span> <span class='ocrx_word' id='word_1_315' title='bbox 1713 2913 1808 2960; x_wconf 91' lang='lat' dir='ltr'><strong>tuo</strong></span> <span class='ocrx_word' id='word_1_316' title='bbox 1835 2923 1848 2959; x_wconf 89' lang='lat'>:</span> <span class='ocrx_word' id='word_1_317' title='bbox 1872 2906 1940 2961; x_wconf 88' lang='lat' dir='ltr'><strong>ab</strong></span> <span class='ocrx_word' id='word_1_318' title='bbox 1960 2906 2138 2960; x_wconf 89' lang='lat' dir='ltr'><strong>alieno</strong></span> 
     </span>
    </p>
   </div>
   <div class='ocr_carea' id='block_1_47' title="bbox 559 2997 2135 3067">
    <p class='ocr_par' dir='ltr' id='par_1_47' title="bbox 559 2997 2135 3067">
     <span class='ocr_line' id='line_1_47' title="bbox 559 2997 2135 3067; baseline 0.003 -19"><span class='ocrx_word' id='word_1_319' title='bbox 559 3002 798 3064; x_wconf 89' lang='lat' dir='ltr'><strong>repetes,</strong></span> <span class='ocrx_word' id='word_1_320' title='bbox 830 3011 1168 3066; x_wconf 67' lang='lat' dir='ltr'><strong>quaecunque</strong></span> <span class='ocrx_word' id='word_1_321' title='bbox 1210 3005 1302 3052; x_wconf 86' lang='lat' dir='ltr'><strong>tua</strong></span> <span class='ocrx_word' id='word_1_322' title='bbox 1347 2997 1556 3053; x_wconf 84' lang='lat' dir='ltr'><strong>fuerint</strong></span> <span class='ocrx_word' id='word_1_323' title='bbox 1595 2997 1742 3067; x_wconf 87' lang='lat' dir='ltr'><strong>apud</strong></span> <span class='ocrx_word' id='word_1_324' title='bbox 1769 2997 1956 3064; x_wconf 91' lang='lat' dir='ltr'><strong>illum;</strong></span> <span class='ocrx_word' id='word_1_325' title='bbox 1983 2998 2135 3053; x_wconf 87' lang='lat' dir='ltr'><strong>fratri</strong></span> 
     </span>
    </p>
   </div>
   <div class='ocr_carea' id='block_1_48' title="bbox 558 3087 2138 3158">
    <p class='ocr_par' dir='ltr' id='par_1_48' title="bbox 558 3087 2138 3158">
     <span class='ocr_line' id='line_1_48' title="bbox 558 3087 2138 3158; baseline 0.004 -20"><span class='ocrx_word' id='word_1_326' title='bbox 558 3093 741 3141; x_wconf 87' lang='lat' dir='ltr'><strong>autem</strong></span> <span class='ocrx_word' id='word_1_327' title='bbox 767 3094 861 3140; x_wconf 90' lang='lat' dir='ltr'><strong>tuo</strong></span> <span class='ocrx_word' id='word_1_328' title='bbox 893 3088 1272 3145; x_wconf 89' lang='lat' dir='ltr'><strong>remissionem</strong></span> <span class='ocrx_word' id='word_1_329' title='bbox 1303 3089 1472 3144; x_wconf 89' lang='lat' dir='ltr'><strong>facies</strong></span> <span class='ocrx_word' id='word_1_330' title='bbox 1501 3087 1695 3152; x_wconf 90' lang='lat' dir='ltr'><strong>debiti,</strong></span> <span class='ocrx_word' id='word_1_331' title='bbox 1721 3088 1867 3158; x_wconf 91' lang='lat' dir='ltr'><strong>quod</strong></span> <span class='ocrx_word' id='word_1_332' title='bbox 1907 3090 2006 3144; x_wconf 85' lang='lat' dir='ltr'><strong>tibi</strong></span> <span class='ocrx_word' id='word_1_333' title='bbox 2045 3090 2138 3144; x_wconf 89' lang='lat' dir='ltr'><strong>de-</strong></span> 
     </span>
    </p>
   </div>
   <div class='ocr_carea' id='block_1_49' title="bbox 557 3175 2134 3253">
    <p class='ocr_par' dir='ltr' id='par_1_49' title="bbox 557 3175 2134 3253">
     <span class='ocr_line' id='line_1_49' title="bbox 557 3175 2134 3253; baseline 0.004 -23"><span class='ocrx_word' id='word_1_334' title='bbox 557 3175 670 3239; x_wconf 88' lang='lat' dir='ltr'><strong>bet,</strong></span> <span class='ocrx_word' id='word_1_335' title='bbox 690 3177 818 3248; x_wconf 89' lang='lat' dir='ltr'><strong>quia</strong></span> <span class='ocrx_word' id='word_1_336' title='bbox 848 3194 953 3234; x_wconf 87' lang='lat' dir='ltr'><strong>uon</strong></span> <span class='ocrx_word' id='word_1_337' title='bbox 975 3181 1084 3234; x_wconf 91' lang='lat' dir='ltr'><strong>erit</strong></span> <span class='ocrx_word' id='word_1_338' title='bbox 1109 3181 1166 3236; x_wconf 91' lang='lat' dir='ltr'><strong>in</strong></span> <span class='ocrx_word' id='word_1_339' title='bbox 1193 3193 1246 3236; x_wconf 89' lang='lat' dir='ltr'><strong>te</strong></span> <span class='ocrx_word' id='word_1_340' title='bbox 1265 3181 1666 3253; x_wconf 77' lang='lat' dir='ltr'><strong>indigens,quia</strong></span> <span class='ocrx_word' id='word_1_341' title='bbox 1688 3181 2018 3237; x_wconf 88' lang='lat' dir='ltr'><strong>benedicens</strong></span> <span class='ocrx_word' id='word_1_342' title='bbox 2037 3183 2134 3236; x_wconf 91' lang='lat' dir='ltr'><strong>be-</strong></span> 
     </span>
    </p>
   </div>
   <div class='ocr_carea' id='block_1_50' title="bbox 2245 1969 3810 2045">
    <p class='ocr_par' dir='ltr' id='par_1_50' title="bbox 2245 1969 3810 2045">
     <span class='ocr_line' id='line_1_50' title="bbox 2245 1969 3810 2045; baseline -0.002 -19"><span class='ocrx_word' id='word_1_343' title='bbox 2245 1975 2344 2045; x_wconf 80' lang='grc' dir='ltr'>τῆς</span> <span class='ocrx_word' id='word_1_344' title='bbox 2369 1972 2461 2026; x_wconf 82' lang='grc' dir='ltr'><strong>τοῦ</strong></span> <span class='ocrx_word' id='word_1_345' title='bbox 2493 1971 2729 2043; x_wconf 81' lang='grc' dir='ltr'>Χριστοῦ</span> <span class='ocrx_word' id='word_1_346' title='bbox 2764 1970 3084 2040; x_wconf 88' lang='grc' dir='ltr'>παρουσίας,</span> <span class='ocrx_word' id='word_1_347' title='bbox 3129 1969 3251 2022; x_wconf 83' lang='grc' dir='ltr'>καθ’</span> <span class='ocrx_word' id='word_1_348' title='bbox 3277 1969 3336 2022; x_wconf 85' lang='grc' dir='ltr'>ὃν</span> <span class='ocrx_word' id='word_1_349' title='bbox 3365 1971 3412 2022; x_wconf 90' lang='grc' dir='ltr'><strong>οί</strong></span> <span class='ocrx_word' id='word_1_350' title='bbox 3448 1971 3643 2033; x_wconf 80' lang='grc' dir='ltr'>πάντες</span> <span class='ocrx_word' id='word_1_351' title='bbox 3671 1971 3810 2023; x_wconf 68' lang='lat' dir='ltr'><strong>626t-</strong></span> 
     </span>
    </p>
   </div>
   <div class='ocr_carea' id='block_1_51' title="bbox 2245 2059 3812 2134">
    <p class='ocr_par' dir='ltr' id='par_1_51' title="bbox 2245 2059 3812 2134">
     <span class='ocr_line' id='line_1_51' title="bbox 2245 2059 3812 2134; baseline -0.003 -17"><span class='ocrx_word' id='word_1_352' title='bbox 2245 2061 2531 2134; x_wconf 86' lang='grc' dir='ltr'>καιὼμεθα</span> <span class='ocrx_word' id='word_1_353' title='bbox 2575 2063 2642 2132; x_wconf 78' lang='grc' dir='ltr'>τῇ</span> <span class='ocrx_word' id='word_1_354' title='bbox 2678 2061 2880 2126; x_wconf 84' lang='grc' dir='ltr'>πίστει,</span> <span class='ocrx_word' id='word_1_355' title='bbox 2918 2059 3028 2114; x_wconf 90' lang='grc' dir='ltr'><strong>τῶν</strong></span> <span class='ocrx_word' id='word_1_356' title='bbox 3056 2060 3297 2132; x_wconf 88' lang='grc' dir='ltr'>ἀρχαίων</span> <span class='ocrx_word' id='word_1_357' title='bbox 3327 2060 3812 2131; x_wconf 76' lang='grc' dir='ltr'>πλημμελημάτων</span> 
     </span>
    </p>
   </div>
   <div class='ocr_carea' id='block_1_52' title="bbox 2245 2151 3813 2224">
    <p class='ocr_par' dir='ltr' id='par_1_52' title="bbox 2245 2151 3813 2224">
     <span class='ocr_line' id='line_1_52' title="bbox 2245 2151 3813 2224; baseline 0 -18"><span class='ocrx_word' id='word_1_358' title='bbox 2245 2153 2342 2224; x_wconf 76' lang='grc' dir='ltr'>τὴν</span> <span class='ocrx_word' id='word_1_359' title='bbox 2385 2155 2688 2224; x_wconf 82' lang='grc' dir='ltr'>ἀμνηστίαν</span> <span class='ocrx_word' id='word_1_360' title='bbox 2724 2152 3192 2223; x_wconf 85' lang='grc' dir='ltr'>ἀποκερδαίοντες,</span> <span class='ocrx_word' id='word_1_361' title='bbox 3229 2151 3676 2222; x_wconf 84' lang='grc' dir='ltr'>προσηλώσαντος</span> <span class='ocrx_word' id='word_1_362' title='bbox 3720 2155 3813 2206; x_wconf 66' lang='grc' dir='ltr'><strong>αὐ-</strong></span> 
     </span>
    </p>
   </div>
   <div class='ocr_carea' id='block_1_53' title="bbox 2242 2243 3814 2316">
    <p class='ocr_par' dir='ltr' id='par_1_53' title="bbox 2242 2243 3814 2316">
     <span class='ocr_line' id='line_1_53' title="bbox 2242 2243 3814 2316; baseline 0.001 -19"><span class='ocrx_word' id='word_1_363' title='bbox 2242 2244 2336 2298; x_wconf 79' lang='grc' dir='ltr'><strong>τοῦ</strong></span> <span class='ocrx_word' id='word_1_364' title='bbox 2365 2245 2442 2316; x_wconf 83' lang='grc' dir='ltr'>τῷ</span> <span class='ocrx_word' id='word_1_365' title='bbox 2487 2244 2600 2312; x_wconf 86' lang='grc' dir='ltr'>ίδίῳ</span> <span class='ocrx_word' id='word_1_366' title='bbox 2631 2243 2847 2314; x_wconf 80' lang='grc' dir='ltr'>σταυρῷ</span> <span class='ocrx_word' id='word_1_367' title='bbox 2877 2244 2939 2296; x_wconf 82' lang='grc' dir='ltr'>τὸ</span> <span class='ocrx_word' id='word_1_368' title='bbox 2967 2243 3089 2298; x_wconf 84' lang='grc' dir='ltr'>καθ’</span> <span class='ocrx_word' id='word_1_369' title='bbox 3116 2244 3272 2314; x_wconf 82' lang='grc' dir='ltr'>ἡμῶν</span> <span class='ocrx_word' id='word_1_370' title='bbox 3304 2244 3690 2315; x_wconf 74' lang='grc' dir='ltr'>χειρόγραφον,</span> <span class='ocrx_word' id='word_1_371' title='bbox 3722 2247 3814 2298; x_wconf 73' lang='grc' dir='ltr'>καὶ</span> 
     </span>
    </p>
   </div>
   <div class='ocr_carea' id='block_1_54' title="bbox 2241 2339 3811 2412">
    <p class='ocr_par' dir='ltr' id='par_1_54' title="bbox 2241 2339 3811 2412">
     <span class='ocr_line' id='line_1_54' title="bbox 2241 2339 3811 2412; baseline 0 -18"><span class='ocrx_word' id='word_1_372' title='bbox 2241 2341 2336 2404; x_wconf 83' lang='grc' dir='ltr'>οὓς</span> <span class='ocrx_word' id='word_1_373' title='bbox 2355 2341 2685 2412; x_wconf 84' lang='grc' dir='ltr'>ὼφλήσαμεν</span> <span class='ocrx_word' id='word_1_374' title='bbox 2709 2341 2897 2410; x_wconf 85' lang='grc' dir='ltr'>λόγους</span> <span class='ocrx_word' id='word_1_375' title='bbox 2918 2339 2996 2412; x_wconf 82' lang='grc' dir='ltr'><strong>τῷ</strong></span> <span class='ocrx_word' id='word_1_376' title='bbox 3021 2341 3204 2411; x_wconf 79' lang='grc' dir='ltr'>κριτῇ,</span> <span class='ocrx_word' id='word_1_377' title='bbox 3241 2340 3596 2411; x_wconf 84' lang='grc' dir='ltr'>πεποιηκότος</span> <span class='ocrx_word' id='word_1_378' title='bbox 3625 2343 3691 2394; x_wconf 77' lang='grc' dir='ltr'>ἐκ</span> <span class='ocrx_word' id='word_1_379' title='bbox 3717 2341 3811 2408; x_wconf 81' lang='grc' dir='ltr'>μέ·-</span> 
     </span>
    </p>
   </div>
   <div class='ocr_carea' id='block_1_55' title="bbox 2244 2431 3810 2503">
    <p class='ocr_par' dir='ltr' id='par_1_55' title="bbox 2244 2431 3810 2503">
     <span class='ocr_line' id='line_1_55' title="bbox 2244 2431 3810 2503; baseline 0 -17"><span class='ocrx_word' id='word_1_380' title='bbox 2244 2450 2357 2486; x_wconf 91' lang='grc' dir='ltr'>σου.</span> <span class='ocrx_word' id='word_1_381' title='bbox 2385 2433 2547 2501; x_wconf 80' lang='grc' dir='ltr'>Λέγει</span> <span class='ocrx_word' id='word_1_382' title='bbox 2579 2432 2636 2488; x_wconf 81' lang='grc' dir='ltr'>δὲ</span> <span class='ocrx_word' id='word_1_383' title='bbox 2666 2431 2806 2485; x_wconf 77' lang='grc' dir='ltr'>οὕτω</span> <span class='ocrx_word' id='word_1_384' title='bbox 2831 2432 2992 2486; x_wconf 78' lang='grc' dir='ltr'>πάλιν</span> <span class='ocrx_word' id='word_1_385' title='bbox 3018 2434 3075 2488; x_wconf 82' lang='grc' dir='ltr'>ὲν</span> <span class='ocrx_word' id='word_1_386' title='bbox 3100 2433 3178 2501; x_wconf 85' lang='grc' dir='ltr'>τῷ</span> <span class='ocrx_word' id='word_1_387' title='bbox 3213 2433 3621 2503; x_wconf 81' lang='grc' dir='ltr'>Δευτερονομίῳ</span> <span class='ocrx_word' id='word_1_388' title='bbox 3640 2449 3652 2461; x_wconf 77' lang='grc'><em>’</em></span> <span class='ocrx_word' id='word_1_389' title='bbox 3689 2452 3709 2484; x_wconf 76' lang='grc' dir='ltr'><strong>ι</strong></span> <span class='ocrx_word' id='word_1_390' title='bbox 3734 2432 3810 2491; x_wconf 63' lang='grc' dir='ltr'><strong>Διῗ</strong></span> 
     </span>
    </p>
   </div>
   <div class='ocr_carea' id='block_1_56' title="bbox 2241 2525 3812 2595">
    <p class='ocr_par' dir='ltr' id='par_1_56' title="bbox 2241 2525 3812 2595">
     <span class='ocr_line' id='line_1_56' title="bbox 2241 2525 3812 2595; baseline 0 -18"><span class='ocrx_word' id='word_1_391' title='bbox 2241 2525 2380 2578; x_wconf 83' lang='grc' dir='ltr'><strong>έπτά</strong></span> <span class='ocrx_word' id='word_1_392' title='bbox 2401 2526 2536 2579; x_wconf 88' lang='grc' dir='ltr'>ὲτῶν</span> <span class='ocrx_word' id='word_1_393' title='bbox 2553 2526 2795 2595; x_wconf 87' lang='grc' dir='ltr'>ποιήσεις</span> <span class='ocrx_word' id='word_1_394' title='bbox 2824 2525 3035 2594; x_wconf 82' lang='grc' dir='ltr'>ἄφεσιν,</span> <span class='ocrx_word' id='word_1_395' title='bbox 3067 2527 3162 2580; x_wconf 68' lang='grc' dir='ltr'>καὶ</span> <span class='ocrx_word' id='word_1_396' title='bbox 3189 2526 3361 2589; x_wconf 77' lang='grc' dir='ltr'>οὕτως</span> <span class='ocrx_word' id='word_1_397' title='bbox 3392 2525 3453 2578; x_wconf 78' lang='grc' dir='ltr'>τὸ</span> <span class='ocrx_word' id='word_1_398' title='bbox 3482 2525 3812 2595; x_wconf 81' lang='grc' dir='ltr'>πρόσταγμα</span> 
     </span>
    </p>
   </div>
   <div class='ocr_carea' id='block_1_57' title="bbox 2240 2611 3808 2685">
    <p class='ocr_par' dir='ltr' id='par_1_57' title="bbox 2240 2611 3808 2685">
     <span class='ocr_line' id='line_1_57' title="bbox 2240 2611 3808 2685; baseline 0.001 -21"><span class='ocrx_word' id='word_1_399' title='bbox 2240 2613 2338 2682; x_wconf 82' lang='grc' dir='ltr'>τῆς</span> <span class='ocrx_word' id='word_1_400' title='bbox 2366 2611 2612 2680; x_wconf 80' lang='grc' dir='ltr'>ἀφέσεως</span> <span class='ocrx_word' id='word_1_401' title='bbox 2630 2629 2644 2643; x_wconf 75' lang='grc'><strong>⁸</strong></span> <span class='ocrx_word' id='word_1_402' title='bbox 2676 2613 2931 2681; x_wconf 83' lang='grc' dir='ltr'>Ἀφήσεις</span> <span class='ocrx_word' id='word_1_403' title='bbox 2962 2615 3069 2668; x_wconf 81' lang='grc' dir='ltr'><strong>πᾶν</strong></span> <span class='ocrx_word' id='word_1_404' title='bbox 3098 2614 3256 2685; x_wconf 83' lang='grc' dir='ltr'>χρέος</span> <span class='ocrx_word' id='word_1_405' title='bbox 3277 2615 3425 2680; x_wconf 85' lang='grc' dir='ltr'>ῐδιον,</span> <span class='ocrx_word' id='word_1_406' title='bbox 3442 2614 3470 2667; x_wconf 85' lang='grc' dir='ltr'><strong>δ</strong></span> <span class='ocrx_word' id='word_1_407' title='bbox 3495 2614 3706 2684; x_wconf 76' lang='grc' dir='ltr'>ὀφείλει</span> <span class='ocrx_word' id='word_1_408' title='bbox 3729 2631 3808 2666; x_wconf 89' lang='grc' dir='ltr'><strong>σοι</strong></span> 
     </span>
    </p>
   </div>
   <div class='ocr_carea' id='block_1_58' title="bbox 2238 2703 3811 2775">
    <p class='ocr_par' dir='ltr' id='par_1_58' title="bbox 2238 2703 3811 2775">
     <span class='ocr_line' id='line_1_58' title="bbox 2238 2703 3811 2775; baseline 0.004 -20"><span class='ocrx_word' id='word_1_409' title='bbox 2238 2704 2267 2755; x_wconf 89' lang='lat'><strong>6</strong></span> <span class='ocrx_word' id='word_1_410' title='bbox 2314 2703 2559 2774; x_wconf 83' lang='grc' dir='ltr'>πλησίον,</span> <span class='ocrx_word' id='word_1_411' title='bbox 2595 2703 2690 2756; x_wconf 79' lang='grc' dir='ltr'>καὶ</span> <span class='ocrx_word' id='word_1_412' title='bbox 2719 2703 2813 2758; x_wconf 83' lang='grc' dir='ltr'><strong>τδν</strong></span> <span class='ocrx_word' id='word_1_413' title='bbox 2839 2703 3064 2775; x_wconf 87' lang='grc' dir='ltr'>ἀδελφόν</span> <span class='ocrx_word' id='word_1_414' title='bbox 3098 2723 3190 2760; x_wconf 77' lang='grc' dir='ltr'><strong>σου</strong></span> <span class='ocrx_word' id='word_1_415' title='bbox 3223 2707 3330 2767; x_wconf 77' lang='grc' dir='ltr'>οὐκ</span> <span class='ocrx_word' id='word_1_416' title='bbox 3362 2707 3706 2775; x_wconf 77' lang='grc' dir='ltr'>ἀπαιτήσεις,</span> <span class='ocrx_word' id='word_1_417' title='bbox 3732 2706 3811 2762; x_wconf 71' lang='grc' dir='ltr'>ὅτι</span> 
     </span>
    </p>
   </div>
   <div class='ocr_carea' id='block_1_59' title="bbox 2240 2795 3809 2872">
    <p class='ocr_par' dir='ltr' id='par_1_59' title="bbox 2240 2795 3809 2872">
     <span class='ocr_line' id='line_1_59' title="bbox 2240 2795 3809 2872; baseline -0.001 -23"><span class='ocrx_word' id='word_1_418' title='bbox 2240 2795 2592 2866; x_wconf 77' lang='grc' dir='ltr'>ἐπικέκληται</span> <span class='ocrx_word' id='word_1_419' title='bbox 2638 2795 2831 2865; x_wconf 76' lang='grc' dir='ltr'>ἄφεσις</span> <span class='ocrx_word' id='word_1_420' title='bbox 2875 2798 3064 2870; x_wconf 81' lang='grc' dir='ltr'>Κυρίῳ</span> <span class='ocrx_word' id='word_1_421' title='bbox 3108 2797 3187 2870; x_wconf 80' lang='grc' dir='ltr'><strong>τῷ</strong></span> <span class='ocrx_word' id='word_1_422' title='bbox 3223 2799 3341 2872; x_wconf 76' lang='grc' dir='ltr'>θεῷ</span> <span class='ocrx_word' id='word_1_423' title='bbox 3369 2817 3484 2857; x_wconf 88' lang='grc' dir='ltr'>σου.</span> <span class='ocrx_word' id='word_1_424' title='bbox 3520 2799 3624 2852; x_wconf 81' lang='grc' dir='ltr'><strong>Τὸν</strong></span> <span class='ocrx_word' id='word_1_425' title='bbox 3652 2799 3809 2852; x_wconf 63' lang='lat' dir='ltr'><strong>and.</strong></span> 
     </span>
    </p>
   </div>
   <div class='ocr_carea' id='block_1_60' title="bbox 2236 2884 3808 2962">
    <p class='ocr_par' dir='ltr' id='par_1_60' title="bbox 2236 2884 3808 2962">
     <span class='ocr_line' id='line_1_60' title="bbox 2236 2884 3808 2962; baseline 0.002 -22"><span class='ocrx_word' id='word_1_426' title='bbox 2236 2904 2384 2958; x_wconf 89' lang='grc' dir='ltr'>τριον</span> <span class='ocrx_word' id='word_1_427' title='bbox 2422 2886 2747 2957; x_wconf 81' lang='grc' dir='ltr'>ἀπαιτήσεις</span> <span class='ocrx_word' id='word_1_428' title='bbox 2792 2889 2891 2941; x_wconf 81' lang='grc' dir='ltr'>ὅσα</span> <span class='ocrx_word' id='word_1_429' title='bbox 2923 2888 3018 2941; x_wconf 82' lang='grc' dir='ltr'><strong>ἐὰν</strong></span> <span class='ocrx_word' id='word_1_430' title='bbox 3125 2906 3205 2942; x_wconf 88' lang='grc' dir='ltr'><strong>σοι</strong></span> <span class='ocrx_word' id='word_1_431' title='bbox 3247 2889 3373 2959; x_wconf 84' lang='grc' dir='ltr'>παρ’</span> <span class='ocrx_word' id='word_1_432' title='bbox 3422 2889 3590 2960; x_wconf 75' lang='grc' dir='ltr'>αὐτῷ.</span> <span class='ocrx_word' id='word_1_433' title='bbox 3634 2890 3727 2960; x_wconf 84' lang='grc' dir='ltr'><strong>Τῷ</strong></span> <span class='ocrx_word' id='word_1_434' title='bbox 3754 2889 3808 2943; x_wconf 76' lang='grc' dir='ltr'>δὲ</span> 
     </span>
    </p>
   </div>
   <div class='ocr_carea' id='block_1_61' title="bbox 2237 2977 3810 3051">
    <p class='ocr_par' dir='ltr' id='par_1_61' title="bbox 2237 2977 3810 3051">
     <span class='ocr_line' id='line_1_61' title="bbox 2237 2977 3810 3051; baseline 0.001 -19"><span class='ocrx_word' id='word_1_435' title='bbox 2237 2977 2448 3048; x_wconf 81' lang='grc' dir='ltr'>ἀδελφῷ</span> <span class='ocrx_word' id='word_1_436' title='bbox 2482 2995 2576 3030; x_wconf 86' lang='grc' dir='ltr'><strong>σου</strong></span> <span class='ocrx_word' id='word_1_437' title='bbox 2600 2977 2793 3048; x_wconf 79' lang='grc' dir='ltr'>ἄφεσιν</span> <span class='ocrx_word' id='word_1_438' title='bbox 2823 2980 3070 3051; x_wconf 82' lang='grc' dir='ltr'>ποιήσεις</span> <span class='ocrx_word' id='word_1_439' title='bbox 3093 2979 3188 3035; x_wconf 81' lang='grc' dir='ltr'><strong>τοῦ</strong></span> <span class='ocrx_word' id='word_1_440' title='bbox 3213 2980 3404 3050; x_wconf 85' lang='grc' dir='ltr'>χρέους</span> <span class='ocrx_word' id='word_1_441' title='bbox 3447 2997 3564 3042; x_wconf 85' lang='grc' dir='ltr'>σου,</span> <span class='ocrx_word' id='word_1_442' title='bbox 3598 2981 3678 3034; x_wconf 78' lang='grc' dir='ltr'>ὅτι</span> <span class='ocrx_word' id='word_1_443' title='bbox 3713 2983 3810 3034; x_wconf 74' lang='grc' dir='ltr'>οὐκ</span> 
     </span>
    </p>
   </div>
   <div class='ocr_carea' id='block_1_62' title="bbox 2237 3069 3809 3144">
    <p class='ocr_par' dir='ltr' id='par_1_62' title="bbox 2237 3069 3809 3144">
     <span class='ocr_line' id='line_1_62' title="bbox 2237 3069 3809 3144; baseline 0.003 -23"><span class='ocrx_word' id='word_1_444' title='bbox 2237 3069 2388 3122; x_wconf 77' lang='grc' dir='ltr'>ἔσται</span> <span class='ocrx_word' id='word_1_445' title='bbox 2414 3073 2470 3123; x_wconf 81' lang='grc' dir='ltr'>ἐν</span> <span class='ocrx_word' id='word_1_446' title='bbox 2496 3070 2577 3123; x_wconf 66' lang='grc' dir='ltr'><strong>σοὶ⁵</strong></span> <span class='ocrx_word' id='word_1_447' title='bbox 2605 3070 2813 3142; x_wconf 81' lang='grc' dir='ltr'>ἐνδεὴς,</span> <span class='ocrx_word' id='word_1_448' title='bbox 2841 3071 2924 3125; x_wconf 78' lang='grc' dir='ltr'>ὅτι</span> <span class='ocrx_word' id='word_1_449' title='bbox 2956 3072 3189 3140; x_wconf 72' lang='grc' dir='ltr'>εὐλογῶν</span> <span class='ocrx_word' id='word_1_450' title='bbox 3214 3073 3496 3144; x_wconf 80' lang='grc' dir='ltr'>εὐλογήσει</span> <span class='ocrx_word' id='word_1_451' title='bbox 3523 3091 3580 3126; x_wconf 92' lang='grc' dir='ltr'><strong>σε</strong></span> <span class='ocrx_word' id='word_1_452' title='bbox 3605 3073 3809 3142; x_wconf 81' lang='grc' dir='ltr'>Κύριος</span> 
     </span>
    </p>
   </div>
   <div class='ocr_carea' id='block_1_63' title="bbox 2234 3156 3807 3236">
    <p class='ocr_par' dir='ltr' id='par_1_63' title="bbox 2234 3156 3807 3236">
     <span class='ocr_line' id='line_1_63' title="bbox 2234 3156 3807 3236; baseline 0.003 -24"><span class='ocrx_word' id='word_1_453' title='bbox 2234 3161 2263 3212; x_wconf 87' lang='lat'><strong>6</strong></span> <span class='ocrx_word' id='word_1_454' title='bbox 2294 3161 2425 3224; x_wconf 86' lang='grc' dir='ltr'>Θεός</span> <span class='ocrx_word' id='word_1_455' title='bbox 2453 3178 2544 3214; x_wconf 89' lang='grc' dir='ltr'><strong>σου</strong></span> <span class='ocrx_word' id='word_1_456' title='bbox 2568 3162 2626 3214; x_wconf 81' lang='grc' dir='ltr'>ὲν</span> <span class='ocrx_word' id='word_1_457' title='bbox 2656 3164 2721 3232; x_wconf 80' lang='grc' dir='ltr'>τῇ</span> <span class='ocrx_word' id='word_1_458' title='bbox 2754 3165 2846 3234; x_wconf 84' lang='grc' dir='ltr'>γῇ,</span> <span class='ocrx_word' id='word_1_459' title='bbox 2936 3163 3139 3234; x_wconf 82' lang='grc' dir='ltr'>Κύριος</span> <span class='ocrx_word' id='word_1_460' title='bbox 3172 3165 3200 3216; x_wconf 90' lang='lat'><strong>6</strong></span> <span class='ocrx_word' id='word_1_461' title='bbox 3229 3162 3360 3226; x_wconf 86' lang='grc' dir='ltr'><strong>Θεός</strong></span> <span class='ocrx_word' id='word_1_462' title='bbox 3391 3180 3483 3216; x_wconf 87' lang='grc' dir='ltr'><strong>σου</strong></span> <span class='ocrx_word' id='word_1_463' title='bbox 3511 3164 3694 3216; x_wconf 79' lang='grc' dir='ltr'>δίδωσί</span> <span class='ocrx_word' id='word_1_464' title='bbox 3730 3181 3807 3216; x_wconf 82' lang='grc' dir='ltr'><strong>σοι</strong></span> 
     </span>
    </p>
   </div>
   <div class='ocr_carea' id='block_1_64' title="bbox 557 3224 2135 3343">
    <p class='ocr_par' dir='ltr' id='par_1_64' title="bbox 557 3224 2130 3343">
     <span class='ocr_line' id='line_1_64' title="bbox 557 3224 2103 3253; baseline 0.004 -23"><span class='ocrx_word' id='word_1_465' title='bbox 557 3224 670 3239; x_wconf 72' lang='lat'><strong>_--,</strong></span> <span class='ocrx_word' id='word_1_466' title='bbox 693 3224 818 3248; x_wconf 56' lang='grc' dir='ltr'><strong>ν-..</strong></span> <span class='ocrx_word' id='word_1_467' title='bbox 848 3224 953 3234; x_wconf 69' lang='grc' dir='ltr'><strong>--νη</strong></span> <span class='ocrx_word' id='word_1_468' title='bbox 977 3224 1027 3234; x_wconf 69' lang='grc' dir='ltr'><strong>ν.</strong></span> <span class='ocrx_word' id='word_1_469' title='bbox 1043 3224 1084 3234; x_wconf 88' lang='grc'><strong>.-</strong></span> <span class='ocrx_word' id='word_1_470' title='bbox 1195 3224 1246 3236; x_wconf 75' lang='grc' dir='ltr'>,ν</span> <span class='ocrx_word' id='word_1_471' title='bbox 1265 3224 1666 3253; x_wconf 59' lang='grc' dir='ltr'><strong>...ωενμυμι-η.</strong></span> <span class='ocrx_word' id='word_1_472' title='bbox 1689 3224 2018 3237; x_wconf 69' lang='lat'><strong>......-.....-....</strong></span> <span class='ocrx_word' id='word_1_473' title='bbox 2038 3224 2103 3236; x_wconf 65' lang='grc' dir='ltr'><strong>..ν</strong></span> 
     </span>
     <span class='ocr_line' id='line_1_65' title="bbox 557 3266 2130 3343; baseline 0.004 -21"><span class='ocrx_word' id='word_1_474' title='bbox 557 3266 776 3323; x_wconf 76' lang='lat' dir='ltr'><strong>nedicet</strong></span> <span class='ocrx_word' id='word_1_475' title='bbox 805 3269 905 3324; x_wconf 84' lang='lat' dir='ltr'><strong>tibi</strong></span> <span class='ocrx_word' id='word_1_476' title='bbox 940 3272 1204 3328; x_wconf 88' lang='lat' dir='ltr'><strong>Dominus</strong></span> <span class='ocrx_word' id='word_1_477' title='bbox 1234 3275 1376 3329; x_wconf 89' lang='lat' dir='ltr'><strong>Deus</strong></span> <span class='ocrx_word' id='word_1_478' title='bbox 1402 3283 1528 3328; x_wconf 91' lang='lat' dir='ltr'><strong>tuus</strong></span> <span class='ocrx_word' id='word_1_479' title='bbox 1557 3274 1613 3328; x_wconf 90' lang='lat' dir='ltr'><strong>in</strong></span> <span class='ocrx_word' id='word_1_480' title='bbox 1641 3282 1788 3328; x_wconf 86' lang='lat' dir='ltr'><strong>terra</strong></span> <span class='ocrx_word' id='word_1_481' title='bbox 1835 3290 1998 3343; x_wconf 89' lang='lat' dir='ltr'><strong>quam</strong></span> <span class='ocrx_word' id='word_1_482' title='bbox 2021 3276 2130 3330; x_wconf 92' lang='lat' dir='ltr'><strong>Do-</strong></span> 
     </span>
    </p>
   </div>
   <div class='ocr_carea' id='block_1_65' title="bbox 2238 3224 3808 3343">
    <p class='ocr_par' dir='ltr' id='par_1_65' title="bbox 2239 3224 3808 3326">
     <span class='ocr_line' id='line_1_66' title="bbox 2239 3224 3808 3326; baseline 0.001 -20"><span class='ocrx_word' id='word_1_483' title='bbox 2239 3254 2296 3306; x_wconf 75' lang='grc' dir='ltr'><strong>έν</strong></span> <span class='ocrx_word' id='word_1_484' title='bbox 2327 3251 2513 3324; x_wconf 79' lang='grc' dir='ltr'>κλήρῳ</span> <span class='ocrx_word' id='word_1_485' title='bbox 2541 3224 3083 3326; x_wconf 62' lang='grc' dir='ltr'>κατακληρονομῆσαι</span> <span class='ocrx_word' id='word_1_486' title='bbox 3106 3224 3466 3325; x_wconf 18' lang='grc' dir='ltr'><strong>αὑτήνΛῨΚαὶ</strong></span> <span class='ocrx_word' id='word_1_487' title='bbox 3496 3253 3614 3325; x_wconf 85' lang='grc' dir='ltr'>μεθ’</span> <span class='ocrx_word' id='word_1_488' title='bbox 3646 3255 3808 3326; x_wconf 76' lang='grc' dir='ltr'>ἕτερα</span> 
     </span>
    </p>
   </div>
   <div class='ocr_carea' id='block_1_66' title="bbox 558 3359 2131 3434">
    <p class='ocr_par' dir='ltr' id='par_1_66' title="bbox 558 3359 2131 3434">
     <span class='ocr_line' id='line_1_67' title="bbox 558 3359 2131 3434; baseline 0.006 -22"><span class='ocrx_word' id='word_1_489' title='bbox 558 3359 743 3413; x_wconf 86' lang='lat' dir='ltr'><strong>minus</strong></span> <span class='ocrx_word' id='word_1_490' title='bbox 790 3361 936 3416; x_wconf 88' lang='lat' dir='ltr'><strong>Deus</strong></span> <span class='ocrx_word' id='word_1_491' title='bbox 993 3371 1120 3417; x_wconf 90' lang='lat' dir='ltr'><strong>tuus</strong></span> <span class='ocrx_word' id='word_1_492' title='bbox 1181 3363 1274 3418; x_wconf 88' lang='lat' dir='ltr'><strong>dat</strong></span> <span class='ocrx_word' id='word_1_493' title='bbox 1328 3366 1426 3420; x_wconf 89' lang='lat' dir='ltr'><strong>tibi</strong></span> <span class='ocrx_word' id='word_1_494' title='bbox 1480 3366 1534 3419; x_wconf 89' lang='lat' dir='ltr'><strong>in</strong></span> <span class='ocrx_word' id='word_1_495' title='bbox 1589 3365 2021 3434; x_wconf 83' lang='lat' dir='ltr'><strong>possessionem,</strong></span> <span class='ocrx_word' id='word_1_496' title='bbox 2070 3377 2131 3421; x_wconf 89' lang='lat' dir='ltr'><strong>ut</strong></span> 
     </span>
    </p>
   </div>
   <div class='ocr_carea' id='block_1_67' title="bbox 555 3448 2130 3521">
    <p class='ocr_par' dir='ltr' id='par_1_67' title="bbox 555 3448 2130 3521">
     <span class='ocr_line' id='line_1_68' title="bbox 555 3448 2130 3521; baseline 0.004 -20"><span class='ocrx_word' id='word_1_497' title='bbox 555 3448 839 3516; x_wconf 81' lang='lat' dir='ltr'><strong>possideas</strong></span> <span class='ocrx_word' id='word_1_498' title='bbox 893 3465 1020 3504; x_wconf 86' lang='lat' dir='ltr'><strong>eam.</strong></span> <span class='ocrx_word' id='word_1_499' title='bbox 1054 3453 1120 3505; x_wconf 77' lang='lat'><strong>“.</strong></span> <span class='ocrx_word' id='word_1_500' title='bbox 1169 3471 1189 3501; x_wconf 76' lang='grc' dir='ltr'><strong>ι</strong></span> <span class='ocrx_word' id='word_1_501' title='bbox 1249 3452 1316 3506; x_wconf 84' lang='lat' dir='ltr'><strong>Et</strong></span> <span class='ocrx_word' id='word_1_502' title='bbox 1359 3461 1483 3521; x_wconf 89' lang='lat' dir='ltr'><strong>post</strong></span> <span class='ocrx_word' id='word_1_503' title='bbox 1542 3453 1648 3506; x_wconf 85' lang='lat' dir='ltr'><strong>alia</strong></span> <span class='ocrx_word' id='word_1_504' title='bbox 1707 3469 1898 3508; x_wconf 89' lang='lat' dir='ltr'><strong>rursus</strong></span> <span class='ocrx_word' id='word_1_505' title='bbox 1939 3460 1964 3507; x_wconf 71' lang='grc' dir='ltr'><em>ί</em></span> <span class='ocrx_word' id='word_1_506' title='bbox 2016 3471 2035 3504; x_wconf 77' lang='grc' dir='ltr'><strong>ι</strong></span> <span class='ocrx_word' id='word_1_507' title='bbox 2075 3452 2130 3508; x_wconf 84' lang='lat' dir='ltr'><strong>Si</strong></span> 
     </span>
    </p>
   </div>
   <div class='ocr_carea' id='block_1_68' title="bbox 557 3539 2130 3613">
    <p class='ocr_par' dir='ltr' id='par_1_68' title="bbox 557 3539 2130 3613">
     <span class='ocr_line' id='line_1_69' title="bbox 557 3539 2130 3613; baseline 0.005 -23"><span class='ocrx_word' id='word_1_508' title='bbox 557 3547 741 3592; x_wconf 85' lang='lat' dir='ltr'><strong>autem</strong></span> <span class='ocrx_word' id='word_1_509' title='bbox 769 3539 935 3594; x_wconf 89' lang='lat' dir='ltr'><strong>fuerit</strong></span> <span class='ocrx_word' id='word_1_510' title='bbox 976 3540 1031 3594; x_wconf 86' lang='lat' dir='ltr'><strong>in</strong></span> <span class='ocrx_word' id='word_1_511' title='bbox 1065 3547 1118 3596; x_wconf 86' lang='lat' dir='ltr'><strong>te</strong></span> <span class='ocrx_word' id='word_1_512' title='bbox 1148 3541 1400 3613; x_wconf 78' lang='lat' dir='ltr'><strong>indigens</strong></span> <span class='ocrx_word' id='word_1_513' title='bbox 1427 3559 1494 3598; x_wconf 79' lang='lat' dir='ltr'><strong>ex</strong></span> <span class='ocrx_word' id='word_1_514' title='bbox 1517 3542 1782 3598; x_wconf 88' lang='lat' dir='ltr'><strong>fratribus</strong></span> <span class='ocrx_word' id='word_1_515' title='bbox 1811 3544 1918 3598; x_wconf 88' lang='lat' dir='ltr'><strong>tuis</strong></span> <span class='ocrx_word' id='word_1_516' title='bbox 1943 3544 1998 3596; x_wconf 90' lang='lat' dir='ltr'><strong>in</strong></span> <span class='ocrx_word' id='word_1_517' title='bbox 2025 3558 2130 3598; x_wconf 89' lang='lat' dir='ltr'><strong>una</strong></span> 
     </span>
    </p>
   </div>
   <div class='ocr_carea' id='block_1_69' title="bbox 557 3631 2133 3705">
    <p class='ocr_par' dir='ltr' id='par_1_69' title="bbox 557 3631 2133 3705">
     <span class='ocr_line' id='line_1_70' title="bbox 557 3631 2133 3705; baseline 0.003 -20"><span class='ocrx_word' id='word_1_518' title='bbox 557 3631 843 3687; x_wconf 85' lang='lat' dir='ltr'><strong>civitatum</strong></span> <span class='ocrx_word' id='word_1_519' title='bbox 891 3640 1134 3696; x_wconf 85' lang='lat' dir='ltr'><strong>tuarum,</strong></span> <span class='ocrx_word' id='word_1_520' title='bbox 1184 3634 1240 3688; x_wconf 90' lang='lat' dir='ltr'><strong>in</strong></span> <span class='ocrx_word' id='word_1_521' title='bbox 1274 3643 1418 3689; x_wconf 87' lang='lat' dir='ltr'><strong>terra</strong></span> <span class='ocrx_word' id='word_1_522' title='bbox 1495 3651 1659 3705; x_wconf 88' lang='lat' dir='ltr'><strong>quam</strong></span> <span class='ocrx_word' id='word_1_523' title='bbox 1700 3636 1964 3691; x_wconf 87' lang='lat' dir='ltr'><strong>Dominus</strong></span> <span class='ocrx_word' id='word_1_524' title='bbox 1989 3636 2133 3690; x_wconf 87' lang='lat' dir='ltr'><strong>Deus</strong></span> 
     </span>
    </p>
   </div>
   <div class='ocr_carea' id='block_1_70' title="bbox 560 3720 2132 3796">
    <p class='ocr_par' dir='ltr' id='par_1_70' title="bbox 560 3720 2132 3796">
     <span class='ocr_line' id='line_1_71' title="bbox 560 3720 2132 3796; baseline 0.006 -23"><span class='ocrx_word' id='word_1_525' title='bbox 560 3727 688 3774; x_wconf 88' lang='lat' dir='ltr'><strong>tuus</strong></span> <span class='ocrx_word' id='word_1_526' title='bbox 717 3720 811 3774; x_wconf 89' lang='lat' dir='ltr'><strong>dat</strong></span> <span class='ocrx_word' id='word_1_527' title='bbox 864 3721 985 3786; x_wconf 89' lang='lat' dir='ltr'><strong>tibi,</strong></span> <span class='ocrx_word' id='word_1_528' title='bbox 1023 3737 1134 3777; x_wconf 90' lang='lat' dir='ltr'><strong>non</strong></span> <span class='ocrx_word' id='word_1_529' title='bbox 1181 3732 1394 3779; x_wconf 88' lang='lat' dir='ltr'><strong>avertes</strong></span> <span class='ocrx_word' id='word_1_530' title='bbox 1436 3739 1532 3780; x_wconf 90' lang='lat' dir='ltr'><strong>cor</strong></span> <span class='ocrx_word' id='word_1_531' title='bbox 1560 3733 1736 3789; x_wconf 90' lang='lat' dir='ltr'><strong>tuum,</strong></span> <span class='ocrx_word' id='word_1_532' title='bbox 1756 3725 1918 3796; x_wconf 66' lang='grc'><strong>274</strong></span> <span class='ocrx_word' id='word_1_533' title='bbox 1955 3742 2132 3796; x_wconf 86' lang='lat' dir='ltr'><strong>neque</strong></span> 
     </span>
    </p>
   </div>
   <div class='ocr_carea' id='block_1_71' title="bbox 559 3814 2126 3889">
    <p class='ocr_par' dir='ltr' id='par_1_71' title="bbox 559 3814 2126 3889">
     <span class='ocr_line' id='line_1_72' title="bbox 559 3814 2126 3889; baseline 0.003 -21"><span class='ocrx_word' id='word_1_534' title='bbox 559 3814 902 3885; x_wconf 80' lang='lat' dir='ltr'><strong>constringes</strong></span> <span class='ocrx_word' id='word_1_535' title='bbox 948 3830 1168 3870; x_wconf 87' lang='lat' dir='ltr'><strong>manum</strong></span> <span class='ocrx_word' id='word_1_536' title='bbox 1207 3823 1353 3871; x_wconf 90' lang='lat' dir='ltr'><strong>tuam</strong></span> <span class='ocrx_word' id='word_1_537' title='bbox 1385 3834 1415 3871; x_wconf 89' lang='lat' dir='ltr'><strong>a</strong></span> <span class='ocrx_word' id='word_1_538' title='bbox 1463 3816 1634 3872; x_wconf 82' lang='lat' dir='ltr'><strong>fratre</strong></span> <span class='ocrx_word' id='word_1_539' title='bbox 1673 3827 1766 3873; x_wconf 90' lang='lat' dir='ltr'><strong>tuo</strong></span> <span class='ocrx_word' id='word_1_540' title='bbox 1807 3818 2083 3889; x_wconf 75' lang='lat' dir='ltr'><strong>indigente</strong></span> <span class='ocrx_word' id='word_1_541' title='bbox 2114 3837 2126 3872; x_wconf 91' lang='lat'>:</span> 
     </span>
    </p>
   </div>
   <div class='ocr_carea' id='block_1_72' title="bbox 557 3905 2131 3977">
    <p class='ocr_par' dir='ltr' id='par_1_72' title="bbox 557 3905 2131 3977">
     <span class='ocr_line' id='line_1_73' title="bbox 557 3905 2131 3977; baseline 0.001 -19"><span class='ocrx_word' id='word_1_542' title='bbox 557 3905 812 3974; x_wconf 78' lang='lat' dir='ltr'><strong>aperiens</strong></span> <span class='ocrx_word' id='word_1_543' title='bbox 833 3907 1050 3976; x_wconf 80' lang='lat' dir='ltr'><strong>aperies</strong></span> <span class='ocrx_word' id='word_1_544' title='bbox 1077 3921 1298 3961; x_wconf 82' lang='lat' dir='ltr'><strong>manum</strong></span> <span class='ocrx_word' id='word_1_545' title='bbox 1319 3915 1466 3962; x_wconf 83' lang='lat' dir='ltr'><strong>tuam</strong></span> <span class='ocrx_word' id='word_1_546' title='bbox 1489 3906 1622 3977; x_wconf 88' lang='lat' dir='ltr'><strong>ipsi;</strong></span> <span class='ocrx_word' id='word_1_547' title='bbox 1651 3915 1900 3962; x_wconf 90' lang='lat' dir='ltr'><strong>mutuum</strong></span> <span class='ocrx_word' id='word_1_548' title='bbox 1919 3915 2131 3961; x_wconf 83' lang='lat' dir='ltr'><strong>mutua-</strong></span> 
     </span>
    </p>
   </div>
   <div class='ocr_carea' id='block_1_73' title="bbox 559 3992 2131 4066">
    <p class='ocr_par' dir='ltr' id='par_1_73' title="bbox 559 3992 2131 4066">
     <span class='ocr_line' id='line_1_74' title="bbox 559 3992 2131 4066; baseline 0.004 -19"><span class='ocrx_word' id='word_1_549' title='bbox 559 3992 771 4063; x_wconf 82' lang='lat' dir='ltr'><strong>bisipsi</strong></span> <span class='ocrx_word' id='word_1_550' title='bbox 798 4001 1066 4065; x_wconf 80' lang='lat' dir='ltr'><strong>quantum</strong></span> <span class='ocrx_word' id='word_1_551' title='bbox 1097 3996 1433 4065; x_wconf 80' lang='lat' dir='ltr'><strong>poposcerit,</strong></span> <span class='ocrx_word' id='word_1_552' title='bbox 1451 4003 1508 4050; x_wconf 92' lang='lat' dir='ltr'><strong>et</strong></span> <span class='ocrx_word' id='word_1_553' title='bbox 1539 4003 2021 4066; x_wconf 86' lang='lat' dir='ltr'><strong>quantumcunque</strong></span> <span class='ocrx_word' id='word_1_554' title='bbox 2050 3997 2131 4054; x_wconf 76' lang='lat' dir='ltr'><strong>in-</strong></span> 
     </span>
    </p>
   </div>
   <div class='ocr_carea' id='block_1_74' title="bbox 557 4081 2129 4154">
    <p class='ocr_par' dir='ltr' id='par_1_74' title="bbox 557 4081 2129 4154">
     <span class='ocr_line' id='line_1_75' title="bbox 557 4081 2129 4154; baseline 0.004 -18"><span class='ocrx_word' id='word_1_555' title='bbox 557 4081 820 4154; x_wconf 73' lang='lat' dir='ltr'><strong>diguerit.</strong></span> <span class='ocrx_word' id='word_1_556' title='bbox 848 4084 1083 4140; x_wconf 83' lang='lat' dir='ltr'><strong>Attende</strong></span> <span class='ocrx_word' id='word_1_557' title='bbox 1128 4085 1250 4150; x_wconf 91' lang='lat' dir='ltr'><strong>tibi,</strong></span> <span class='ocrx_word' id='word_1_558' title='bbox 1295 4099 1364 4138; x_wconf 92' lang='lat' dir='ltr'><strong>ne</strong></span> <span class='ocrx_word' id='word_1_559' title='bbox 1400 4085 1620 4154; x_wconf 80' lang='lat' dir='ltr'><strong>quando</strong></span> <span class='ocrx_word' id='word_1_560' title='bbox 1667 4085 1739 4140; x_wconf 89' lang='lat' dir='ltr'><strong>sit</strong></span> <span class='ocrx_word' id='word_1_561' title='bbox 1773 4086 2003 4141; x_wconf 82' lang='lat' dir='ltr'><strong>verbum</strong></span> <span class='ocrx_word' id='word_1_562' title='bbox 2032 4101 2129 4142; x_wconf 72' lang='lat' dir='ltr'><strong>oc-</strong></span> 
     </span>
    </p>
   </div>
   <div class='ocr_carea' id='block_1_75' title="bbox 556 4173 2128 4249">
    <p class='ocr_par' dir='ltr' id='par_1_75' title="bbox 556 4173 2128 4249">
     <span class='ocr_line' id='line_1_76' title="bbox 556 4173 2128 4249; baseline 0.003 -20"><span class='ocrx_word' id='word_1_563' title='bbox 556 4173 766 4229; x_wconf 83' lang='lat' dir='ltr'><strong>cultum</strong></span> <span class='ocrx_word' id='word_1_564' title='bbox 800 4175 854 4230; x_wconf 86' lang='lat' dir='ltr'><strong>in</strong></span> <span class='ocrx_word' id='word_1_565' title='bbox 881 4175 1048 4231; x_wconf 90' lang='lat' dir='ltr'><strong>corde</strong></span> <span class='ocrx_word' id='word_1_566' title='bbox 1079 4182 1195 4242; x_wconf 89' lang='lat' dir='ltr'><strong>tuo,</strong></span> <span class='ocrx_word' id='word_1_567' title='bbox 1230 4176 1512 4246; x_wconf 87' lang='lat' dir='ltr'><strong>iniquitas,</strong></span> <span class='ocrx_word' id='word_1_568' title='bbox 1539 4176 1730 4232; x_wconf 90' lang='lat' dir='ltr'><strong>dicens</strong></span> <span class='ocrx_word' id='word_1_569' title='bbox 1769 4195 1782 4230; x_wconf 91' lang='lat'>:</span> <span class='ocrx_word' id='word_1_570' title='bbox 1817 4179 2128 4249; x_wconf 82' lang='lat' dir='ltr'><strong>ApprOpin-</strong></span> 
     </span>
    </p>
   </div>
   <div class='ocr_carea' id='block_1_76' title="bbox 555 4266 2130 4338">
    <p class='ocr_par' dir='ltr' id='par_1_76' title="bbox 555 4266 2130 4338">
     <span class='ocr_line' id='line_1_77' title="bbox 555 4266 2130 4338; baseline 0.004 -19"><span class='ocrx_word' id='word_1_571' title='bbox 555 4272 690 4334; x_wconf 90' lang='lat' dir='ltr'><strong>quat</strong></span> <span class='ocrx_word' id='word_1_572' title='bbox 727 4266 994 4337; x_wconf 85' lang='lat' dir='ltr'><strong>septimus</strong></span> <span class='ocrx_word' id='word_1_573' title='bbox 1046 4283 1225 4323; x_wconf 89' lang='lat' dir='ltr'><strong>annus</strong></span> <span class='ocrx_word' id='word_1_574' title='bbox 1279 4269 1640 4333; x_wconf 86' lang='lat' dir='ltr'><strong>remissionis,</strong></span> <span class='ocrx_word' id='word_1_575' title='bbox 1690 4276 1746 4326; x_wconf 89' lang='lat' dir='ltr'><strong>et</strong></span> <span class='ocrx_word' id='word_1_576' title='bbox 1780 4285 2014 4338; x_wconf 88' lang='lat' dir='ltr'><strong>nequam</strong></span> <span class='ocrx_word' id='word_1_577' title='bbox 2059 4271 2130 4325; x_wconf 85' lang='lat' dir='ltr'><strong>sit</strong></span> 
     </span>
    </p>
   </div>
   <div class='ocr_carea' id='block_1_77' title="bbox 557 4356 2126 4430">
    <p class='ocr_par' dir='ltr' id='par_1_77' title="bbox 557 4356 2126 4430">
     <span class='ocr_line' id='line_1_78' title="bbox 557 4356 2126 4430; baseline 0.003 -18"><span class='ocrx_word' id='word_1_578' title='bbox 557 4356 752 4412; x_wconf 86' lang='lat' dir='ltr'><strong>oculus</strong></span> <span class='ocrx_word' id='word_1_579' title='bbox 775 4365 901 4413; x_wconf 88' lang='lat' dir='ltr'><strong>tuus</strong></span> <span class='ocrx_word' id='word_1_580' title='bbox 933 4373 1064 4428; x_wconf 79' lang='lat' dir='ltr'><strong>erga</strong></span> <span class='ocrx_word' id='word_1_581' title='bbox 1095 4357 1322 4412; x_wconf 87' lang='lat' dir='ltr'><strong>fratrem</strong></span> <span class='ocrx_word' id='word_1_582' title='bbox 1363 4366 1517 4414; x_wconf 86' lang='lat' dir='ltr'><strong>tuum</strong></span> <span class='ocrx_word' id='word_1_583' title='bbox 1547 4359 1912 4430; x_wconf 75' lang='lat' dir='ltr'><strong>indigentem;</strong></span> <span class='ocrx_word' id='word_1_584' title='bbox 1940 4367 1996 4414; x_wconf 88' lang='lat' dir='ltr'><strong>et</strong></span> <span class='ocrx_word' id='word_1_585' title='bbox 2017 4376 2126 4416; x_wconf 87' lang='lat' dir='ltr'><strong>non</strong></span> 
     </span>
    </p>
   </div>
   <div class='ocr_carea' id='block_1_78' title="bbox 557 4445 2128 4516">
    <p class='ocr_par' dir='ltr' id='par_1_78' title="bbox 557 4445 2128 4516">
     <span class='ocr_line' id='line_1_79' title="bbox 557 4445 2128 4516; baseline 0.002 -17"><span class='ocrx_word' id='word_1_586' title='bbox 557 4445 655 4500; x_wconf 88' lang='lat' dir='ltr'><strong>des</strong></span> <span class='ocrx_word' id='word_1_587' title='bbox 681 4446 789 4516; x_wconf 88' lang='lat' dir='ltr'><strong>ipsi</strong></span> <span class='ocrx_word' id='word_1_588' title='bbox 815 4464 826 4499; x_wconf 95' lang='lat'>:</span> <span class='ocrx_word' id='word_1_589' title='bbox 864 4457 922 4502; x_wconf 88' lang='lat' dir='ltr'><strong>et</strong></span> <span class='ocrx_word' id='word_1_590' title='bbox 957 4447 1214 4504; x_wconf 83' lang='lat' dir='ltr'><strong>clamabit</strong></span> <span class='ocrx_word' id='word_1_591' title='bbox 1247 4447 1537 4504; x_wconf 84' lang='lat' dir='ltr'><strong>adversum</strong></span> <span class='ocrx_word' id='word_1_592' title='bbox 1560 4458 1613 4503; x_wconf 90' lang='lat' dir='ltr'><strong>te</strong></span> <span class='ocrx_word' id='word_1_593' title='bbox 1644 4447 1711 4503; x_wconf 80' lang='lat' dir='ltr'><strong>ad</strong></span> <span class='ocrx_word' id='word_1_594' title='bbox 1740 4448 2048 4512; x_wconf 85' lang='lat' dir='ltr'><strong>Dominum,</strong></span> <span class='ocrx_word' id='word_1_595' title='bbox 2072 4457 2128 4503; x_wconf 89' lang='lat' dir='ltr'><strong>et</strong></span> 
     </span>
    </p>
   </div>
   <div class='ocr_carea' id='block_1_79' title="bbox 558 4536 2204 4628">
    <p class='ocr_par' dir='ltr' id='par_1_79' title="bbox 558 4536 2204 4628">
     <span class='ocr_line' id='line_1_80' title="bbox 558 4536 2204 4628; baseline 0.002 -37"><span class='ocrx_word' id='word_1_596' title='bbox 558 4536 664 4591; x_wconf 89' lang='lat' dir='ltr'><strong>erit</strong></span> <span class='ocrx_word' id='word_1_597' title='bbox 696 4537 798 4591; x_wconf 91' lang='lat' dir='ltr'><strong>tibi</strong></span> <span class='ocrx_word' id='word_1_598' title='bbox 827 4547 1111 4628; x_wconf 75' lang='lat' dir='ltr'><strong>peccatum</strong></span> <span class='ocrx_word' id='word_1_599' title='bbox 1161 4553 1414 4628; x_wconf 80' lang='lat' dir='ltr'><strong>magnum</strong></span> <span class='ocrx_word' id='word_1_600' title='bbox 1456 4555 1470 4591; x_wconf 70' lang='grc' dir='ltr'><strong>ε</strong></span> <span class='ocrx_word' id='word_1_601' title='bbox 1512 4536 1693 4592; x_wconf 86' lang='lat' dir='ltr'><strong>dando</strong></span> <span class='ocrx_word' id='word_1_602' title='bbox 1730 4539 1886 4594; x_wconf 82' lang='lat' dir='ltr'><strong>dabis</strong></span> <span class='ocrx_word' id='word_1_603' title='bbox 1919 4539 2041 4609; x_wconf 82' lang='lat' dir='ltr'><strong>ipsi,</strong></span> <span class='ocrx_word' id='word_1_604' title='bbox 2072 4549 2128 4594; x_wconf 88' lang='lat' dir='ltr'><strong>et</strong></span> <span class='ocrx_word' id='word_1_605' title='bbox 2161 4571 2204 4628; x_wconf 70' lang='grc' dir='ltr'>ο</span> 
     </span>
    </p>
   </div>
   <div class='ocr_carea' id='block_1_80' title="bbox 560 4626 2129 4700">
    <p class='ocr_par' dir='ltr' id='par_1_80' title="bbox 560 4626 2129 4700">
     <span class='ocr_line' id='line_1_81' title="bbox 560 4626 2129 4700; baseline 0.003 -22"><span class='ocrx_word' id='word_1_606' title='bbox 560 4634 753 4680; x_wconf 84' lang='lat' dir='ltr'><strong>mutuo</strong></span> <span class='ocrx_word' id='word_1_607' title='bbox 772 4627 1050 4682; x_wconf 81' lang='lat' dir='ltr'><strong>mutuabis</strong></span> <span class='ocrx_word' id='word_1_608' title='bbox 1091 4626 1217 4696; x_wconf 89' lang='lat' dir='ltr'><strong>ipsi,</strong></span> <span class='ocrx_word' id='word_1_609' title='bbox 1251 4634 1737 4697; x_wconf 85' lang='lat' dir='ltr'><strong>quantumcunque</strong></span> <span class='ocrx_word' id='word_1_610' title='bbox 1766 4628 1868 4694; x_wconf 82' lang='lat' dir='ltr'><strong>abs</strong></span> <span class='ocrx_word' id='word_1_611' title='bbox 1904 4635 1966 4700; x_wconf 79' lang='lat' dir='ltr'><strong>te</strong></span> <span class='ocrx_word' id='word_1_612' title='bbox 1989 4643 2129 4698; x_wconf 86' lang='lat' dir='ltr'><strong>opus</strong></span> 
     </span>
    </p>
   </div>
   <div class='ocr_carea' id='block_1_81' title="bbox 560 4715 2124 4786">
    <p class='ocr_par' dir='ltr' id='par_1_81' title="bbox 560 4715 2124 4786">
     <span class='ocr_line' id='line_1_82' title="bbox 560 4715 2124 4786; baseline 0.003 -16"><span class='ocrx_word' id='word_1_613' title='bbox 560 4715 818 4779; x_wconf 79' lang='lat' dir='ltr'><strong>habuerit</strong></span> <span class='ocrx_word' id='word_1_614' title='bbox 849 4733 862 4768; x_wconf 86' lang='lat'><strong>:</strong></span> <span class='ocrx_word' id='word_1_615' title='bbox 897 4725 953 4772; x_wconf 88' lang='lat' dir='ltr'><strong>et</strong></span> <span class='ocrx_word' id='word_1_616' title='bbox 989 4732 1096 4770; x_wconf 88' lang='lat' dir='ltr'><strong>non</strong></span> <span class='ocrx_word' id='word_1_617' title='bbox 1129 4717 1547 4774; x_wconf 80' lang='lat' dir='ltr'><strong>contristaberis</strong></span> <span class='ocrx_word' id='word_1_618' title='bbox 1575 4718 1631 4773; x_wconf 91' lang='lat' dir='ltr'><strong>in</strong></span> <span class='ocrx_word' id='word_1_619' title='bbox 1661 4719 1824 4775; x_wconf 86' lang='lat' dir='ltr'><strong>corde</strong></span> <span class='ocrx_word' id='word_1_620' title='bbox 1856 4727 1972 4786; x_wconf 79' lang='lat' dir='ltr'><strong>tuo,</strong></span> <span class='ocrx_word' id='word_1_621' title='bbox 2000 4736 2124 4775; x_wconf 87' lang='lat' dir='ltr'><strong>cum</strong></span> 
     </span>
    </p>
   </div>
   <div class='ocr_carea' id='block_1_82' title="bbox 560 4806 2123 4878">
    <p class='ocr_par' dir='ltr' id='par_1_82' title="bbox 560 4806 2123 4878">
     <span class='ocr_line' id='line_1_83' title="bbox 560 4806 2123 4878; baseline 0.003 -16"><span class='ocrx_word' id='word_1_622' title='bbox 560 4807 660 4868; x_wconf 83' lang='lat' dir='ltr'><strong>das</strong></span> <span class='ocrx_word' id='word_1_623' title='bbox 687 4806 821 4878; x_wconf 86' lang='lat' dir='ltr'><strong>ipsi;</strong></span> <span class='ocrx_word' id='word_1_624' title='bbox 852 4807 982 4876; x_wconf 86' lang='lat' dir='ltr'><strong>quia</strong></span> <span class='ocrx_word' id='word_1_625' title='bbox 1012 4814 1235 4876; x_wconf 81' lang='lat' dir='ltr'><strong>propter</strong></span> <span class='ocrx_word' id='word_1_626' title='bbox 1279 4807 1386 4862; x_wconf 90' lang='lat' dir='ltr'><strong>hoc</strong></span> <span class='ocrx_word' id='word_1_627' title='bbox 1423 4807 1652 4862; x_wconf 86' lang='lat' dir='ltr'><strong>verbum</strong></span> <span class='ocrx_word' id='word_1_628' title='bbox 1698 4808 1988 4866; x_wconf 89' lang='lat' dir='ltr'><strong>benedicet</strong></span> <span class='ocrx_word' id='word_1_629' title='bbox 2025 4813 2123 4867; x_wconf 86' lang='lat' dir='ltr'><strong>tibi</strong></span> 
     </span>
    </p>
   </div>
   <div class='ocr_carea' id='block_1_83' title="bbox 559 4900 2121 4971">
    <p class='ocr_par' dir='ltr' id='par_1_83' title="bbox 559 4900 2121 4971">
     <span class='ocr_line' id='line_1_84' title="bbox 559 4900 2121 4971; baseline -0.002 -13"><span class='ocrx_word' id='word_1_630' title='bbox 559 4903 821 4958; x_wconf 87' lang='lat' dir='ltr'><strong>Dominus</strong></span> <span class='ocrx_word' id='word_1_631' title='bbox 841 4902 986 4956; x_wconf 87' lang='lat' dir='ltr'><strong>Deus</strong></span> <span class='ocrx_word' id='word_1_632' title='bbox 1018 4909 1148 4955; x_wconf 89' lang='lat' dir='ltr'><strong>tuus</strong></span> <span class='ocrx_word' id='word_1_633' title='bbox 1162 4900 1217 4954; x_wconf 90' lang='lat' dir='ltr'><strong>in</strong></span> <span class='ocrx_word' id='word_1_634' title='bbox 1239 4900 1498 4956; x_wconf 89' lang='lat' dir='ltr'><strong>omnibus</strong></span> <span class='ocrx_word' id='word_1_635' title='bbox 1533 4900 1793 4971; x_wconf 82' lang='lat' dir='ltr'><strong>operibus</strong></span> <span class='ocrx_word' id='word_1_636' title='bbox 1814 4900 1944 4965; x_wconf 89' lang='lat' dir='ltr'><strong>tuis,</strong></span> <span class='ocrx_word' id='word_1_637' title='bbox 1980 4908 2036 4956; x_wconf 89' lang='lat' dir='ltr'><strong>et</strong></span> <span class='ocrx_word' id='word_1_638' title='bbox 2068 4900 2121 4955; x_wconf 92' lang='lat' dir='ltr'><strong>in</strong></span> 
     </span>
    </p>
   </div>
   <div class='ocr_carea' id='block_1_84' title="bbox 558 4991 2120 5064">
    <p class='ocr_par' dir='ltr' id='par_1_84' title="bbox 558 4991 2120 5064">
     <span class='ocr_line' id='line_1_85' title="bbox 558 4991 2120 5064; baseline 0.001 -14"><span class='ocrx_word' id='word_1_639' title='bbox 558 4994 832 5056; x_wconf 86' lang='lat' dir='ltr'><strong>omnibus.</strong></span> <span class='ocrx_word' id='word_1_640' title='bbox 873 4992 941 5048; x_wconf 84' lang='lat' dir='ltr'><strong>ad</strong></span> <span class='ocrx_word' id='word_1_641' title='bbox 971 5007 1090 5064; x_wconf 57' lang='lat' dir='ltr'><strong>quae</strong></span> <span class='ocrx_word' id='word_1_642' title='bbox 1127 4991 1380 5063; x_wconf 89' lang='lat' dir='ltr'><strong>inieceris</strong></span> <span class='ocrx_word' id='word_1_643' title='bbox 1411 5008 1633 5049; x_wconf 83' lang='lat' dir='ltr'><strong>manum</strong></span> <span class='ocrx_word' id='word_1_644' title='bbox 1658 5003 1806 5050; x_wconf 81' lang='lat' dir='ltr'><strong>tuam</strong></span> <span class='ocrx_word' id='word_1_645' title='bbox 1837 4993 1906 5046; x_wconf 77' lang='grc'><strong>’³.</strong></span> <span class='ocrx_word' id='word_1_646' title='bbox 1949 5013 1966 5045; x_wconf 76' lang='grc' dir='ltr'><strong>ι</strong></span> <span class='ocrx_word' id='word_1_647' title='bbox 2004 4993 2120 5052; x_wconf 83' lang='grc' dir='ltr'>Νου</span> 
     </span>
    </p>
   </div>
   <div class='ocr_carea' id='block_1_85' title="bbox 559 5085 2121 5156">
    <p class='ocr_par' dir='ltr' id='par_1_85' title="bbox 559 5085 2121 5156">
     <span class='ocr_line' id='line_1_86' title="bbox 559 5085 2121 5156; baseline -0.001 -16"><span class='ocrx_word' id='word_1_648' title='bbox 559 5085 989 5150; x_wconf 82' lang='lat' dir='ltr'><strong>contristaberis,</strong></span> <span class='ocrx_word' id='word_1_649' title='bbox 1031 5085 1230 5156; x_wconf 87' lang='lat' dir='ltr'><strong>inquit,</strong></span> <span class='ocrx_word' id='word_1_650' title='bbox 1266 5085 1322 5141; x_wconf 92' lang='lat' dir='ltr'><strong>in</strong></span> <span class='ocrx_word' id='word_1_651' title='bbox 1353 5085 1519 5141; x_wconf 87' lang='lat' dir='ltr'><strong>corde</strong></span> <span class='ocrx_word' id='word_1_652' title='bbox 1544 5094 1658 5148; x_wconf 82' lang='lat' dir='ltr'><strong>tuo,</strong></span> <span class='ocrx_word' id='word_1_653' title='bbox 1694 5101 1819 5141; x_wconf 90' lang='lat' dir='ltr'><strong>cum</strong></span> <span class='ocrx_word' id='word_1_654' title='bbox 1837 5086 1952 5144; x_wconf 84' lang='lat' dir='ltr'><strong>,das</strong></span> <span class='ocrx_word' id='word_1_655' title='bbox 1977 5085 2077 5156; x_wconf 79' lang='lat' dir='ltr'><strong>ipsi</strong></span> <span class='ocrx_word' id='word_1_656' title='bbox 2111 5105 2121 5138; x_wconf 93' lang='lat'><strong>:</strong></span> 
     </span>
    </p>
   </div>
   <div class='ocr_carea' id='block_1_86' title="bbox 567 5177 2128 5248">
    <p class='ocr_par' dir='ltr' id='par_1_86' title="bbox 567 5177 2128 5248">
     <span class='ocr_line' id='line_1_87' title="bbox 567 5177 2128 5248; baseline 0.003 -20"><span class='ocrx_word' id='word_1_657' title='bbox 567 5198 585 5228; x_wconf 74' lang='grc' dir='ltr'><strong>ι</strong></span> <span class='ocrx_word' id='word_1_658' title='bbox 613 5178 849 5234; x_wconf 81' lang='lat' dir='ltr'><strong>Hilarem</strong></span> <span class='ocrx_word' id='word_1_659' title='bbox 893 5178 1045 5234; x_wconf 85' lang='lat' dir='ltr'><strong>enim</strong></span> <span class='ocrx_word' id='word_1_660' title='bbox 1072 5178 1320 5234; x_wconf 80' lang='lat' dir='ltr'><strong>datorem</strong></span> <span class='ocrx_word' id='word_1_661' title='bbox 1348 5177 1524 5248; x_wconf 76' lang='lat' dir='ltr'><strong>diligit</strong></span> <span class='ocrx_word' id='word_1_662' title='bbox 1562 5178 1726 5242; x_wconf 83' lang='lat' dir='ltr'><strong>Deus,</strong></span> <span class='ocrx_word' id='word_1_663' title='bbox 1782 5195 1805 5227; x_wconf 72' lang='grc' dir='ltr'><strong>ι,</strong></span> <span class='ocrx_word' id='word_1_664' title='bbox 1844 5186 1906 5231; x_wconf 86' lang='lat' dir='ltr'><strong>ut</strong></span> <span class='ocrx_word' id='word_1_665' title='bbox 1937 5178 2128 5233; x_wconf 85' lang='lat' dir='ltr'><strong>beatus</strong></span> 
     </span>
    </p>
   </div>
   <div class='ocr_carea' id='block_1_87' title="bbox 559 5267 1007 5325">
    <p class='ocr_par' dir='ltr' id='par_1_87' title="bbox 559 5267 1007 5325">
     <span class='ocr_line' id='line_1_88' title="bbox 559 5267 1007 5325; baseline 0.002 -3"><span class='ocrx_word' id='word_1_666' title='bbox 559 5267 759 5324; x_wconf 79' lang='lat' dir='ltr'><strong>Paulus</strong></span> <span class='ocrx_word' id='word_1_667' title='bbox 781 5269 917 5325; x_wconf 74' lang='lat' dir='ltr'><strong>dixit</strong></span> <span class='ocrx_word' id='word_1_668' title='bbox 938 5269 1007 5323; x_wconf 75' lang='lat'><strong>“.</strong></span> 
     </span>
    </p>
   </div>
   <div class='ocr_carea' id='block_1_88' title="bbox 630 5358 2125 5432">
    <p class='ocr_par' dir='ltr' id='par_1_88' title="bbox 630 5358 2125 5432">
     <span class='ocr_line' id='line_1_89' title="bbox 630 5358 2125 5432; baseline 0.002 -18"><span class='ocrx_word' id='word_1_669' title='bbox 630 5358 825 5415; x_wconf 80' lang='lat' dir='ltr'><strong>PALL.</strong></span> <span class='ocrx_word' id='word_1_670' title='bbox 859 5360 968 5416; x_wconf 87' lang='lat' dir='ltr'><strong>Sed</strong></span> <span class='ocrx_word' id='word_1_671' title='bbox 989 5376 1225 5431; x_wconf 83' lang='lat' dir='ltr'><strong>quonam</strong></span> <span class='ocrx_word' id='word_1_672' title='bbox 1249 5363 1413 5418; x_wconf 87' lang='lat' dir='ltr'><strong>modo</strong></span> <span class='ocrx_word' id='word_1_673' title='bbox 1431 5361 1696 5432; x_wconf 80' lang='lat' dir='ltr'><strong>septimus</strong></span> <span class='ocrx_word' id='word_1_674' title='bbox 1721 5378 1896 5420; x_wconf 87' lang='lat' dir='ltr'><strong>annus</strong></span> <span class='ocrx_word' id='word_1_675' title='bbox 1922 5363 2125 5418; x_wconf 85' lang='lat' dir='ltr'><strong>adven-</strong></span> 
     </span>
    </p>
   </div>
   <div class='ocr_carea' id='block_1_89' title="bbox 558 5447 2125 5524">
    <p class='ocr_par' dir='ltr' id='par_1_89' title="bbox 558 5447 2125 5524">
     <span class='ocr_line' id='line_1_90' title="bbox 558 5447 2125 5524; baseline 0.003 -20"><span class='ocrx_word' id='word_1_676' title='bbox 558 5456 676 5504; x_wconf 76' lang='lat' dir='ltr'><strong>tum</strong></span> <span class='ocrx_word' id='word_1_677' title='bbox 698 5447 994 5505; x_wconf 85' lang='lat' dir='ltr'><strong>Salvatoris</strong></span> <span class='ocrx_word' id='word_1_678' title='bbox 1012 5453 1179 5507; x_wconf 88' lang='lat' dir='ltr'><strong>nostri</strong></span> <span class='ocrx_word' id='word_1_679' title='bbox 1199 5453 1487 5524; x_wconf 78' lang='lat' dir='ltr'><strong>signiﬁcat,</strong></span> <span class='ocrx_word' id='word_1_680' title='bbox 1506 5469 1615 5524; x_wconf 87' lang='lat' dir='ltr'><strong>quo</strong></span> <span class='ocrx_word' id='word_1_681' title='bbox 1643 5463 1856 5523; x_wconf 87' lang='lat' dir='ltr'><strong>tempus</strong></span> <span class='ocrx_word' id='word_1_682' title='bbox 1884 5455 2125 5509; x_wconf 89' lang='lat' dir='ltr'><strong>omnium</strong></span> 
     </span>
    </p>
   </div>
   <div class='ocr_carea' id='block_1_90' title="bbox 562 5537 2123 5607">
    <p class='ocr_par' dir='ltr' id='par_1_90' title="bbox 562 5537 2123 5607">
     <span class='ocr_line' id='line_1_91' title="bbox 562 5537 2123 5607; baseline 0.008 -16"><span class='ocrx_word' id='word_1_683' title='bbox 562 5537 844 5594; x_wconf 86' lang='lat' dir='ltr'><strong>hominum</strong></span> <span class='ocrx_word' id='word_1_684' title='bbox 873 5539 1210 5595; x_wconf 88' lang='lat' dir='ltr'><strong>remissionis</strong></span> <span class='ocrx_word' id='word_1_685' title='bbox 1234 5542 1566 5598; x_wconf 84' lang='lat' dir='ltr'><strong>declaratum</strong></span> <span class='ocrx_word' id='word_1_686' title='bbox 1601 5551 1704 5607; x_wconf 81' lang='lat' dir='ltr'><strong>est,</strong></span> <span class='ocrx_word' id='word_1_687' title='bbox 1737 5558 1837 5599; x_wconf 79' lang='lat' dir='ltr'><strong>seu</strong></span> <span class='ocrx_word' id='word_1_688' title='bbox 1859 5559 2037 5604; x_wconf 83' lang='lat' dir='ltr'><strong>mores</strong></span> <span class='ocrx_word' id='word_1_689' title='bbox 2058 5547 2123 5603; x_wconf 74' lang='lat' dir='ltr'><strong>ad</strong></span> 
     </span>
    </p>
   </div>
   <div class='ocr_carea' id='block_1_91' title="bbox 561 5627 1190 5698">
    <p class='ocr_par' dir='ltr' id='par_1_91' title="bbox 561 5627 1190 5698">
     <span class='ocr_line' id='line_1_92' title="bbox 561 5627 1190 5698; baseline 0.002 -16"><span class='ocrx_word' id='word_1_690' title='bbox 561 5627 862 5698; x_wconf 84' lang='lat' dir='ltr'><strong>perfectum</strong></span> <span class='ocrx_word' id='word_1_691' title='bbox 901 5629 1148 5698; x_wconf 86' lang='lat' dir='ltr'><strong>perducti</strong></span> <span class='ocrx_word' id='word_1_692' title='bbox 1168 5632 1190 5683; x_wconf 87' lang='lat'><strong>?</strong></span> 
     </span>
    </p>
   </div>
   <div class='ocr_carea' id='block_1_92' title="bbox 2238 3343 3807 3418">
    <p class='ocr_par' dir='ltr' id='par_1_92' title="bbox 2238 3343 3807 3418">
     <span class='ocr_line' id='line_1_93' title="bbox 2238 3343 3807 3418; baseline 0.004 -24"><span class='ocrx_word' id='word_1_693' title='bbox 2238 3343 2398 3405; x_wconf 79' lang='grc' dir='ltr'>πάλιν</span> <span class='ocrx_word' id='word_1_694' title='bbox 2421 3360 2433 3374; x_wconf 92' lang='grc'><strong>·</strong></span> <span class='ocrx_word' id='word_1_695' title='bbox 2463 3363 2484 3394; x_wconf 73' lang='grc' dir='ltr'><strong><em>ο</em></strong></span> <span class='ocrx_word' id='word_1_696' title='bbox 2507 3345 2629 3398; x_wconf 79' lang='grc' dir='ltr'><strong>Ἐὰν</strong></span> <span class='ocrx_word' id='word_1_697' title='bbox 2645 3345 2702 3398; x_wconf 84' lang='grc' dir='ltr'>δὲ</span> <span class='ocrx_word' id='word_1_698' title='bbox 2729 3345 2954 3415; x_wconf 85' lang='grc' dir='ltr'>γένηται</span> <span class='ocrx_word' id='word_1_699' title='bbox 2971 3347 3027 3398; x_wconf 75' lang='grc' dir='ltr'>ἐν</span> <span class='ocrx_word' id='word_1_700' title='bbox 3045 3347 3129 3400; x_wconf 79' lang='grc' dir='ltr'>σοὶ</span> <span class='ocrx_word' id='word_1_701' title='bbox 3144 3346 3325 3418; x_wconf 74' lang='grc' dir='ltr'>ἐνδεὴς</span> <span class='ocrx_word' id='word_1_702' title='bbox 3341 3348 3404 3400; x_wconf 79' lang='grc' dir='ltr'>ἐκ</span> <span class='ocrx_word' id='word_1_703' title='bbox 3429 3347 3538 3399; x_wconf 90' lang='grc' dir='ltr'><strong>τῶν</strong></span> <span class='ocrx_word' id='word_1_704' title='bbox 3561 3347 3807 3416; x_wconf 82' lang='grc' dir='ltr'>ἀδελφῶν</span> 
     </span>
    </p>
   </div>
   <div class='ocr_carea' id='block_1_93' title="bbox 2239 3433 3808 3508">
    <p class='ocr_par' dir='ltr' id='par_1_93' title="bbox 2239 3433 3808 3508">
     <span class='ocr_line' id='line_1_94' title="bbox 2239 3433 3808 3508; baseline 0.004 -24"><span class='ocrx_word' id='word_1_705' title='bbox 2239 3448 2353 3495; x_wconf 84' lang='grc' dir='ltr'>σου,</span> <span class='ocrx_word' id='word_1_706' title='bbox 2385 3433 2442 3491; x_wconf 68' lang='grc' dir='ltr'>ἑν</span> <span class='ocrx_word' id='word_1_707' title='bbox 2484 3435 2583 3504; x_wconf 80' lang='grc' dir='ltr'>μιᾷ</span> <span class='ocrx_word' id='word_1_708' title='bbox 2622 3433 2728 3491; x_wconf 77' lang='grc' dir='ltr'><strong>τῶν</strong></span> <span class='ocrx_word' id='word_1_709' title='bbox 2767 3433 2979 3490; x_wconf 83' lang='grc' dir='ltr'>πόλεών.</span> <span class='ocrx_word' id='word_1_710' title='bbox 3002 3453 3116 3498; x_wconf 88' lang='grc' dir='ltr'>σου,</span> <span class='ocrx_word' id='word_1_711' title='bbox 3155 3437 3213 3489; x_wconf 84' lang='grc' dir='ltr'><strong>έν</strong></span> <span class='ocrx_word' id='word_1_712' title='bbox 3235 3439 3302 3508; x_wconf 81' lang='grc' dir='ltr'>τῇ</span> <span class='ocrx_word' id='word_1_713' title='bbox 3345 3439 3414 3508; x_wconf 77' lang='grc' dir='ltr'>γῇ</span> <span class='ocrx_word' id='word_1_714' title='bbox 3452 3438 3517 3508; x_wconf 76' lang='grc' dir='ltr'>ἢν</span> <span class='ocrx_word' id='word_1_715' title='bbox 3546 3436 3750 3508; x_wconf 71' lang='grc' dir='ltr'>Κύριος</span> <span class='ocrx_word' id='word_1_716' title='bbox 3780 3440 3808 3490; x_wconf 97' lang='lat'><strong>6</strong></span> 
     </span>
    </p>
   </div>
   <div class='ocr_carea' id='block_1_94' title="bbox 2237 3521 3804 3600">
    <p class='ocr_par' dir='ltr' id='par_1_94' title="bbox 2237 3521 3804 3600">
     <span class='ocr_line' id='line_1_95' title="bbox 2237 3521 3804 3600; baseline 0.004 -25"><span class='ocrx_word' id='word_1_717' title='bbox 2237 3521 2368 3586; x_wconf 81' lang='grc' dir='ltr'>Θεός</span> <span class='ocrx_word' id='word_1_718' title='bbox 2409 3541 2503 3576; x_wconf 88' lang='grc' dir='ltr'><strong>σου</strong></span> <span class='ocrx_word' id='word_1_719' title='bbox 2549 3523 2730 3577; x_wconf 88' lang='grc' dir='ltr'>δίδωσί</span> <span class='ocrx_word' id='word_1_720' title='bbox 2759 3542 2863 3590; x_wconf 87' lang='grc' dir='ltr'>σοι,</span> <span class='ocrx_word' id='word_1_721' title='bbox 2894 3526 2993 3578; x_wconf 79' lang='grc' dir='ltr'>οὐκ</span> <span class='ocrx_word' id='word_1_722' title='bbox 3036 3526 3392 3599; x_wconf 78' lang='grc' dir='ltr'>ἀποστρέψεις</span> <span class='ocrx_word' id='word_1_723' title='bbox 3431 3530 3528 3600; x_wconf 79' lang='grc' dir='ltr'>τὴν</span> <span class='ocrx_word' id='word_1_724' title='bbox 3575 3530 3804 3600; x_wconf 78' lang='grc' dir='ltr'>καρδίαν</span> 
     </span>
    </p>
   </div>
   <div class='ocr_carea' id='block_1_95' title="bbox 2239 3614 3832 3687">
    <p class='ocr_par' dir='ltr' id='par_1_95' title="bbox 2239 3614 3832 3687">
     <span class='ocr_line' id='line_1_96' title="bbox 2239 3614 3832 3687; baseline 0.001 -21"><span class='ocrx_word' id='word_1_725' title='bbox 2239 3631 2355 3679; x_wconf 89' lang='grc' dir='ltr'>σου,</span> <span class='ocrx_word' id='word_1_726' title='bbox 2404 3614 2525 3668; x_wconf 80' lang='grc' dir='ltr'>οὐδὲ</span> <span class='ocrx_word' id='word_1_727' title='bbox 2580 3614 2654 3686; x_wconf 82' lang='grc' dir='ltr'><strong>μὴ</strong></span> <span class='ocrx_word' id='word_1_728' title='bbox 2706 3615 3006 3686; x_wconf 76' lang='grc' dir='ltr'>συσφίγξης</span> <span class='ocrx_word' id='word_1_729' title='bbox 3057 3615 3154 3686; x_wconf 78' lang='grc' dir='ltr'>τὴν</span> <span class='ocrx_word' id='word_1_730' title='bbox 3197 3617 3353 3687; x_wconf 80' lang='grc' dir='ltr'>χεῖρά</span> <span class='ocrx_word' id='word_1_731' title='bbox 3401 3633 3493 3670; x_wconf 89' lang='grc' dir='ltr'><strong>σου</strong></span> <span class='ocrx_word' id='word_1_732' title='bbox 3549 3617 3658 3669; x_wconf 84' lang='grc' dir='ltr'>ἀπὸ</span> <span class='ocrx_word' id='word_1_733' title='bbox 3710 3615 3832 3669; x_wconf 60' lang='grc' dir='ltr'>τότ</span> 
     </span>
    </p>
   </div>
   <div class='ocr_carea' id='block_1_96' title="bbox 2237 3689 3813 3778">
    <p class='ocr_par' dir='ltr' id='par_1_96' title="bbox 2237 3689 3813 3778">
     <span class='ocr_line' id='line_1_97' title="bbox 2237 3689 3813 3778; baseline 0.002 -20"><span class='ocrx_word' id='word_1_734' title='bbox 2237 3704 2464 3774; x_wconf 85' lang='grc' dir='ltr'>ἀδελφοῦ</span> <span class='ocrx_word' id='word_1_735' title='bbox 2493 3722 2608 3770; x_wconf 86' lang='grc' dir='ltr'>σου,</span> <span class='ocrx_word' id='word_1_736' title='bbox 2631 3703 2724 3758; x_wconf 79' lang='grc' dir='ltr'><strong>τοῦ</strong></span> <span class='ocrx_word' id='word_1_737' title='bbox 2752 3689 3132 3775; x_wconf 54' lang='grc' dir='ltr'>έπιδεομένουζ</span> <span class='ocrx_word' id='word_1_738' title='bbox 3169 3707 3422 3776; x_wconf 83' lang='grc' dir='ltr'>Ἀνοίγων</span> <span class='ocrx_word' id='word_1_739' title='bbox 3452 3707 3681 3772; x_wconf 81' lang='grc' dir='ltr'>ἀνοίξεις</span> <span class='ocrx_word' id='word_1_740' title='bbox 3709 3708 3813 3778; x_wconf 77' lang='grc' dir='ltr'>τὴν.</span> 
     </span>
    </p>
   </div>
   <div class='ocr_carea' id='block_1_97' title="bbox 2237 3796 3803 3869">
    <p class='ocr_par' dir='ltr' id='par_1_97' title="bbox 2237 3796 3803 3869">
     <span class='ocr_line' id='line_1_98' title="bbox 2237 3796 3803 3869; baseline -0.001 -17"><span class='ocrx_word' id='word_1_741' title='bbox 2237 3796 2394 3866; x_wconf 81' lang='grc' dir='ltr'>χεῖρά</span> <span class='ocrx_word' id='word_1_742' title='bbox 2425 3812 2517 3848; x_wconf 88' lang='grc' dir='ltr'><strong>σου</strong></span> <span class='ocrx_word' id='word_1_743' title='bbox 2538 3796 2707 3868; x_wconf 78' lang='grc' dir='ltr'>αὐτῷ,</span> <span class='ocrx_word' id='word_1_744' title='bbox 2729 3797 2936 3852; x_wconf 82' lang='grc' dir='ltr'>δάνειον</span> <span class='ocrx_word' id='word_1_745' title='bbox 2964 3798 3162 3862; x_wconf 86' lang='grc' dir='ltr'>δανιεῖς</span> <span class='ocrx_word' id='word_1_746' title='bbox 3180 3798 3328 3869; x_wconf 83' lang='grc' dir='ltr'>αὐτῷ</span> <span class='ocrx_word' id='word_1_747' title='bbox 3351 3800 3472 3852; x_wconf 78' lang='grc' dir='ltr'>ὅσον</span> <span class='ocrx_word' id='word_1_748' title='bbox 3495 3799 3560 3861; x_wconf 77' lang='grc' dir='ltr'>ἂν</span> <span class='ocrx_word' id='word_1_749' title='bbox 3584 3800 3803 3869; x_wconf 78' lang='grc' dir='ltr'>ὲπιδέη-</span> 
     </span>
    </p>
   </div>
   <div class='ocr_carea' id='block_1_98' title="bbox 2236 3887 3806 3960">
    <p class='ocr_par' dir='ltr' id='par_1_98' title="bbox 2236 3887 3806 3960">
     <span class='ocr_line' id='line_1_99' title="bbox 2236 3887 3806 3960; baseline 0.003 -22"><span class='ocrx_word' id='word_1_750' title='bbox 2236 3903 2346 3952; x_wconf 78' lang='grc' dir='ltr'>ται,</span> <span class='ocrx_word' id='word_1_751' title='bbox 2365 3889 2459 3944; x_wconf 75' lang='grc' dir='ltr'>καὶ</span> <span class='ocrx_word' id='word_1_752' title='bbox 2473 3887 2593 3942; x_wconf 79' lang='grc' dir='ltr'>καθ’</span> <span class='ocrx_word' id='word_1_753' title='bbox 2609 3889 2732 3942; x_wconf 83' lang='grc' dir='ltr'>ὅσον</span> <span class='ocrx_word' id='word_1_754' title='bbox 2753 3889 3079 3960; x_wconf 84' lang='grc' dir='ltr'>ὑστερεῖται.</span> <span class='ocrx_word' id='word_1_755' title='bbox 3104 3889 3343 3960; x_wconf 87' lang='grc' dir='ltr'>Πρόσεχε</span> <span class='ocrx_word' id='word_1_756' title='bbox 3366 3889 3574 3960; x_wconf 82' lang='grc' dir='ltr'>σεαυτῷ</span> <span class='ocrx_word' id='word_1_757' title='bbox 3593 3892 3806 3960; x_wconf 82' lang='grc' dir='ltr'>μήποτε</span> 
     </span>
    </p>
   </div>
   <div class='ocr_carea' id='block_1_99' title="bbox 2237 3976 3805 4055">
    <p class='ocr_par' dir='ltr' id='par_1_99' title="bbox 2237 3976 3805 4055">
     <span class='ocr_line' id='line_1_100' title="bbox 2237 3976 3805 4055; baseline 0.004 -25"><span class='ocrx_word' id='word_1_758' title='bbox 2237 3978 2466 4048; x_wconf 87' lang='grc' dir='ltr'>γένηται</span> <span class='ocrx_word' id='word_1_759' title='bbox 2492 3980 2642 4050; x_wconf 80' lang='grc' dir='ltr'>ῥῆμα</span> <span class='ocrx_word' id='word_1_760' title='bbox 2667 3980 2918 4052; x_wconf 79' lang='grc' dir='ltr'>κρυπτὸν,</span> <span class='ocrx_word' id='word_1_761' title='bbox 2932 3983 2989 4034; x_wconf 80' lang='grc' dir='ltr'>ὲν</span> <span class='ocrx_word' id='word_1_762' title='bbox 3010 3976 3085 4055; x_wconf 64' lang='grc' dir='ltr'>τῇ</span> <span class='ocrx_word' id='word_1_763' title='bbox 3099 3980 3295 4052; x_wconf 81' lang='grc' dir='ltr'>καρδίᾳ</span> <span class='ocrx_word' id='word_1_764' title='bbox 3317 3998 3419 4047; x_wconf 66' lang='grc' dir='ltr'>σου,</span> <span class='ocrx_word' id='word_1_765' title='bbox 3437 3983 3694 4053; x_wconf 84' lang='grc' dir='ltr'>ἀνόμημα</span> <span class='ocrx_word' id='word_1_766' title='bbox 3723 3983 3805 4036; x_wconf 80' lang='grc' dir='ltr'>λέ-</span> 
     </span>
    </p>
   </div>
   <div class='ocr_carea' id='block_1_100' title="bbox 2237 4069 3801 4143">
    <p class='ocr_par' dir='ltr' id='par_1_100' title="bbox 2237 4069 3801 4143">
     <span class='ocr_line' id='line_1_101' title="bbox 2237 4069 3801 4143; baseline 0.001 -17"><span class='ocrx_word' id='word_1_767' title='bbox 2237 4085 2349 4136; x_wconf 74' lang='grc' dir='ltr'><strong>γων</strong></span> <span class='ocrx_word' id='word_1_768' title='bbox 2365 4087 2377 4100; x_wconf 92' lang='grc'><strong>·</strong></span> <span class='ocrx_word' id='word_1_769' title='bbox 2418 4069 2654 4139; x_wconf 77' lang='grc' dir='ltr'>Ἐγγίζει</span> <span class='ocrx_word' id='word_1_770' title='bbox 2676 4071 2736 4137; x_wconf 73' lang='grc' dir='ltr'>τρ</span> <span class='ocrx_word' id='word_1_771' title='bbox 2761 4071 2879 4136; x_wconf 75' lang='grc' dir='ltr'>ἔτος</span> <span class='ocrx_word' id='word_1_772' title='bbox 2906 4071 2969 4125; x_wconf 84' lang='grc' dir='ltr'>τὸ</span> <span class='ocrx_word' id='word_1_773' title='bbox 2987 4071 3233 4143; x_wconf 68' lang='grc' dir='ltr'>ἕϐδομον,</span> <span class='ocrx_word' id='word_1_774' title='bbox 3260 4073 3378 4136; x_wconf 79' lang='grc' dir='ltr'>ἔτος</span> <span class='ocrx_word' id='word_1_775' title='bbox 3403 4073 3502 4137; x_wconf 83' lang='grc' dir='ltr'>τῆς</span> <span class='ocrx_word' id='word_1_776' title='bbox 3530 4074 3801 4143; x_wconf 76' lang='grc' dir='ltr'>ἀφέσεως,</span> 
     </span>
    </p>
   </div>
   <div class='ocr_carea' id='block_1_101' title="bbox 2240 4161 3802 4236">
    <p class='ocr_par' dir='ltr' id='par_1_101' title="bbox 2240 4161 3802 4236">
     <span class='ocr_line' id='line_1_102' title="bbox 2240 4161 3802 4236; baseline 0.002 -21"><span class='ocrx_word' id='word_1_777' title='bbox 2240 4161 2333 4215; x_wconf 76' lang='grc' dir='ltr'>καὶ</span> <span class='ocrx_word' id='word_1_778' title='bbox 2362 4161 2762 4232; x_wconf 81' lang='grc' dir='ltr'>πονηρεύσηται</span> <span class='ocrx_word' id='word_1_779' title='bbox 2787 4164 2816 4216; x_wconf 88' lang='lat'><strong>6</strong></span> <span class='ocrx_word' id='word_1_780' title='bbox 2835 4162 3112 4232; x_wconf 80' lang='grc' dir='ltr'>ὀφθαλμός</span> <span class='ocrx_word' id='word_1_781' title='bbox 3139 4180 3232 4218; x_wconf 89' lang='grc' dir='ltr'><strong>σου</strong></span> <span class='ocrx_word' id='word_1_782' title='bbox 3254 4163 3330 4235; x_wconf 78' lang='grc' dir='ltr'>τῷ</span> <span class='ocrx_word' id='word_1_783' title='bbox 3353 4163 3566 4236; x_wconf 85' lang='grc' dir='ltr'>ἀδελφῷ</span> <span class='ocrx_word' id='word_1_784' title='bbox 3597 4182 3688 4218; x_wconf 91' lang='grc' dir='ltr'><strong>σου</strong></span> <span class='ocrx_word' id='word_1_785' title='bbox 3725 4164 3802 4234; x_wconf 83' lang='grc' dir='ltr'><strong>τῷ</strong></span> 
     </span>
    </p>
   </div>
   <div class='ocr_carea' id='block_1_102' title="bbox 2237 4254 3809 4328">
    <p class='ocr_par' dir='ltr' id='par_1_102' title="bbox 2237 4254 3809 4328">
     <span class='ocr_line' id='line_1_103' title="bbox 2237 4254 3809 4328; baseline 0.003 -21"><span class='ocrx_word' id='word_1_786' title='bbox 2237 4254 2596 4325; x_wconf 64' lang='grc' dir='ltr'>ἐπιδεομένῳ,</span> <span class='ocrx_word' id='word_1_787' title='bbox 2623 4255 2715 4308; x_wconf 72' lang='grc' dir='ltr'>καὶ</span> <span class='ocrx_word' id='word_1_788' title='bbox 2735 4255 2795 4309; x_wconf 81' lang='grc' dir='ltr'>οὐ</span> <span class='ocrx_word' id='word_1_789' title='bbox 2815 4255 2922 4326; x_wconf 86' lang='grc' dir='ltr'><strong>δῷς</strong></span> <span class='ocrx_word' id='word_1_790' title='bbox 2947 4255 3114 4327; x_wconf 84' lang='grc' dir='ltr'>αὐτῷ,</span> <span class='ocrx_word' id='word_1_791' title='bbox 3145 4256 3237 4310; x_wconf 75' lang='grc' dir='ltr'>καὶ</span> <span class='ocrx_word' id='word_1_792' title='bbox 3263 4255 3514 4328; x_wconf 81' lang='grc' dir='ltr'>βοήσεται</span> <span class='ocrx_word' id='word_1_793' title='bbox 3534 4257 3672 4311; x_wconf 84' lang='grc' dir='ltr'><strong>κατά</strong></span> <span class='ocrx_word' id='word_1_794' title='bbox 3708 4255 3809 4311; x_wconf 83' lang='grc' dir='ltr'>σοῦ,</span> 
     </span>
    </p>
   </div>
   <div class='ocr_carea' id='block_1_103' title="bbox 2235 4342 3809 4420">
    <p class='ocr_par' dir='ltr' id='par_1_103' title="bbox 2235 4342 3809 4420">
     <span class='ocr_line' id='line_1_104' title="bbox 2235 4342 3809 4420; baseline 0.01 -24"><span class='ocrx_word' id='word_1_795' title='bbox 2235 4344 2371 4414; x_wconf 79' lang='grc' dir='ltr'>πρὸς</span> <span class='ocrx_word' id='word_1_796' title='bbox 2400 4342 2619 4416; x_wconf 84' lang='grc' dir='ltr'>Κύριον,</span> <span class='ocrx_word' id='word_1_797' title='bbox 2648 4346 2743 4399; x_wconf 80' lang='grc' dir='ltr'>καὶ</span> <span class='ocrx_word' id='word_1_798' title='bbox 2776 4344 2928 4399; x_wconf 74' lang='grc' dir='ltr'>ἔσται</span> <span class='ocrx_word' id='word_1_799' title='bbox 2965 4363 3047 4400; x_wconf 92' lang='grc' dir='ltr'><strong>σοι</strong></span> <span class='ocrx_word' id='word_1_800' title='bbox 3072 4347 3317 4419; x_wconf 77' lang='grc' dir='ltr'>ἁμαρτία</span> <span class='ocrx_word' id='word_1_801' title='bbox 3353 4348 3590 4420; x_wconf 75' lang='grc' dir='ltr'>μεγᾲλη·</span> <span class='ocrx_word' id='word_1_802' title='bbox 3625 4347 3809 4411; x_wconf 63' lang='grc' dir='ltr'>διδοὺς</span> 
     </span>
    </p>
   </div>
   <div class='ocr_carea' id='block_1_104' title="bbox 2234 4435 3802 4510">
    <p class='ocr_par' dir='ltr' id='par_1_104' title="bbox 2234 4435 3802 4510">
     <span class='ocr_line' id='line_1_105' title="bbox 2234 4435 3802 4510; baseline 0.002 -22"><span class='ocrx_word' id='word_1_803' title='bbox 2234 4435 2424 4500; x_wconf 84' lang='grc' dir='ltr'>δώσεις</span> <span class='ocrx_word' id='word_1_804' title='bbox 2458 4435 2629 4507; x_wconf 80' lang='grc' dir='ltr'>αὐτῷ,</span> <span class='ocrx_word' id='word_1_805' title='bbox 2665 4437 2758 4490; x_wconf 82' lang='grc' dir='ltr'>καὶ</span> <span class='ocrx_word' id='word_1_806' title='bbox 2798 4437 3013 4492; x_wconf 80' lang='grc' dir='ltr'>δάνειον</span> <span class='ocrx_word' id='word_1_807' title='bbox 3028 4439 3228 4502; x_wconf 82' lang='grc' dir='ltr'>δανιεῖς</span> <span class='ocrx_word' id='word_1_808' title='bbox 3264 4439 3412 4510; x_wconf 81' lang='grc' dir='ltr'><strong>αὐτῷ</strong></span> <span class='ocrx_word' id='word_1_809' title='bbox 3434 4442 3555 4495; x_wconf 82' lang='grc' dir='ltr'>ὅσον</span> <span class='ocrx_word' id='word_1_810' title='bbox 3577 4439 3642 4493; x_wconf 73' lang='grc' dir='ltr'>ἂν</span> <span class='ocrx_word' id='word_1_811' title='bbox 3681 4440 3802 4503; x_wconf 77' lang='grc' dir='ltr'>ἐπι-</span> 
     </span>
    </p>
   </div>
   <div class='ocr_carea' id='block_1_105' title="bbox 2233 4528 3804 4603">
    <p class='ocr_par' dir='ltr' id='par_1_105' title="bbox 2233 4528 3804 4603">
     <span class='ocr_line' id='line_1_106' title="bbox 2233 4528 3804 4603; baseline 0.003 -22"><span class='ocrx_word' id='word_1_812' title='bbox 2233 4528 2418 4599; x_wconf 83' lang='grc' dir='ltr'>δέηταί</span> <span class='ocrx_word' id='word_1_813' title='bbox 2451 4545 2574 4593; x_wconf 70' lang='grc' dir='ltr'>σου,</span> <span class='ocrx_word' id='word_1_814' title='bbox 2608 4529 2702 4582; x_wconf 74' lang='grc' dir='ltr'>καὶ</span> <span class='ocrx_word' id='word_1_815' title='bbox 2738 4530 2800 4582; x_wconf 83' lang='grc' dir='ltr'>οὺ</span> <span class='ocrx_word' id='word_1_816' title='bbox 2831 4529 3123 4602; x_wconf 80' lang='grc' dir='ltr'>λυπηθήσῃ</span> <span class='ocrx_word' id='word_1_817' title='bbox 3155 4534 3221 4603; x_wconf 79' lang='grc' dir='ltr'>τῇ</span> <span class='ocrx_word' id='word_1_818' title='bbox 3255 4532 3452 4603; x_wconf 64' lang='grc' dir='ltr'>καρδία</span> <span class='ocrx_word' id='word_1_819' title='bbox 3485 4549 3600 4598; x_wconf 88' lang='grc' dir='ltr'>σου,</span> <span class='ocrx_word' id='word_1_820' title='bbox 3625 4531 3804 4585; x_wconf 86' lang='grc' dir='ltr'>διδόν-.</span> 
     </span>
    </p>
   </div>
   <div class='ocr_carea' id='block_1_106' title="bbox 2230 4619 3795 4694">
    <p class='ocr_par' dir='ltr' id='par_1_106' title="bbox 2230 4619 3795 4694">
     <span class='ocr_line' id='line_1_107' title="bbox 2230 4619 3795 4694; baseline 0.001 -20"><span class='ocrx_word' id='word_1_821' title='bbox 2230 4639 2320 4684; x_wconf 88' lang='grc' dir='ltr'><strong>τος</strong></span> <span class='ocrx_word' id='word_1_822' title='bbox 2352 4621 2446 4675; x_wconf 80' lang='grc' dir='ltr'><strong>σοῦ</strong></span> <span class='ocrx_word' id='word_1_823' title='bbox 2486 4619 2636 4692; x_wconf 83' lang='grc' dir='ltr'><strong>αὑτῷ</strong></span> <span class='ocrx_word' id='word_1_824' title='bbox 2657 4637 2669 4651; x_wconf 90' lang='grc'><strong>·</strong></span> <span class='ocrx_word' id='word_1_825' title='bbox 2698 4622 2753 4675; x_wconf 83' lang='grc' dir='ltr'>ὅτ</span> <span class='ocrx_word' id='word_1_826' title='bbox 2765 4639 2788 4684; x_wconf 14' lang='grc' dir='ltr'>ι(</span> <span class='ocrx_word' id='word_1_827' title='bbox 2827 4622 2915 4676; x_wconf 88' lang='grc' dir='ltr'><strong>διά</strong></span> <span class='ocrx_word' id='word_1_828' title='bbox 2947 4623 3008 4676; x_wconf 84' lang='grc' dir='ltr'>τὸ</span> <span class='ocrx_word' id='word_1_829' title='bbox 3056 4624 3208 4694; x_wconf 80' lang='grc' dir='ltr'>ῥῆμα</span> <span class='ocrx_word' id='word_1_830' title='bbox 3233 4623 3390 4677; x_wconf 81' lang='grc' dir='ltr'>τοῦτο</span> <span class='ocrx_word' id='word_1_831' title='bbox 3420 4624 3701 4694; x_wconf 80' lang='grc' dir='ltr'>εὐλογήσει</span> <span class='ocrx_word' id='word_1_832' title='bbox 3735 4641 3795 4677; x_wconf 90' lang='grc' dir='ltr'><strong>σε</strong></span> 
     </span>
    </p>
   </div>
   <div class='ocr_carea' id='block_1_107' title="bbox 2231 4711 3795 4786">
    <p class='ocr_par' dir='ltr' id='par_1_107' title="bbox 2231 4711 3795 4786">
     <span class='ocr_line' id='line_1_108' title="bbox 2231 4711 3795 4786; baseline 0.002 -22"><span class='ocrx_word' id='word_1_833' title='bbox 2231 4711 2432 4783; x_wconf 81' lang='grc' dir='ltr'>Κύριος</span> <span class='ocrx_word' id='word_1_834' title='bbox 2478 4714 2506 4766; x_wconf 90' lang='lat'><strong>6</strong></span> <span class='ocrx_word' id='word_1_835' title='bbox 2538 4712 2670 4777; x_wconf 88' lang='grc' dir='ltr'><strong>Θεός</strong></span> <span class='ocrx_word' id='word_1_836' title='bbox 2700 4730 2816 4776; x_wconf 92' lang='grc' dir='ltr'>σου,</span> <span class='ocrx_word' id='word_1_837' title='bbox 2853 4715 2910 4767; x_wconf 74' lang='grc' dir='ltr'>ἐν</span> <span class='ocrx_word' id='word_1_838' title='bbox 2944 4715 3076 4780; x_wconf 72' lang='grc' dir='ltr'>πᾶσι</span> <span class='ocrx_word' id='word_1_839' title='bbox 3101 4717 3211 4778; x_wconf 85' lang='grc' dir='ltr'>τοῖς</span> <span class='ocrx_word' id='word_1_840' title='bbox 3253 4715 3435 4786; x_wconf 74' lang='grc' dir='ltr'>ἔργοις</span> <span class='ocrx_word' id='word_1_841' title='bbox 3467 4733 3580 4781; x_wconf 84' lang='grc' dir='ltr'>σου,</span> <span class='ocrx_word' id='word_1_842' title='bbox 3615 4717 3706 4768; x_wconf 76' lang='grc' dir='ltr'>καὶ</span> <span class='ocrx_word' id='word_1_843' title='bbox 3739 4717 3795 4768; x_wconf 70' lang='grc' dir='ltr'>ἐν</span> 
     </span>
    </p>
   </div>
   <div class='ocr_carea' id='block_1_108' title="bbox 2232 4794 3794 4879">
    <p class='ocr_par' dir='ltr' id='par_1_108' title="bbox 2232 4794 3794 4879">
     <span class='ocr_line' id='line_1_109' title="bbox 2232 4794 3794 4879; baseline 0.004 -26"><span class='ocrx_word' id='word_1_844' title='bbox 2232 4794 2395 4855; x_wconf 77' lang='grc' dir='ltr'>πᾶσιν</span> <span class='ocrx_word' id='word_1_845' title='bbox 2415 4795 2476 4856; x_wconf 74' lang='grc' dir='ltr'><strong>οὗ</strong></span> <span class='ocrx_word' id='word_1_846' title='bbox 2499 4803 2564 4858; x_wconf 81' lang='grc' dir='ltr'><strong>ἀν</strong></span> <span class='ocrx_word' id='word_1_847' title='bbox 2593 4804 2854 4879; x_wconf 77' lang='grc' dir='ltr'>ὲπιδάλῃς</span> <span class='ocrx_word' id='word_1_848' title='bbox 2880 4806 2977 4878; x_wconf 76' lang='grc' dir='ltr'>τὴν</span> <span class='ocrx_word' id='word_1_849' title='bbox 2999 4807 3155 4878; x_wconf 73' lang='grc' dir='ltr'><strong>χεῖρό</strong></span> <span class='ocrx_word' id='word_1_850' title='bbox 3177 4825 3290 4863; x_wconf 91' lang='grc' dir='ltr'>σου.</span> <span class='ocrx_word' id='word_1_851' title='bbox 3323 4827 3342 4859; x_wconf 74' lang='grc' dir='ltr'><strong>ι</strong></span> <span class='ocrx_word' id='word_1_852' title='bbox 3378 4809 3452 4862; x_wconf 84' lang='grc' dir='ltr'><strong>Οὐ</strong></span> <span class='ocrx_word' id='word_1_853' title='bbox 3484 4807 3794 4878; x_wconf 78' lang='grc' dir='ltr'>λυπηθήσῃ,</span> 
     </span>
    </p>
   </div>
   <div class='ocr_carea' id='block_1_109' title="bbox 2234 4895 3793 4971">
    <p class='ocr_par' dir='ltr' id='par_1_109' title="bbox 2234 4895 3793 4971">
     <span class='ocr_line' id='line_1_110' title="bbox 2234 4895 3793 4971; baseline 0.004 -26"><span class='ocrx_word' id='word_1_854' title='bbox 2234 4895 2389 4963; x_wconf 79' lang='grc' dir='ltr'>φησὶ,</span> <span class='ocrx_word' id='word_1_855' title='bbox 2409 4897 2474 4966; x_wconf 75' lang='grc' dir='ltr'><strong>τῇ</strong></span> <span class='ocrx_word' id='word_1_856' title='bbox 2497 4896 2692 4968; x_wconf 59' lang='grc' dir='ltr'><strong>καρδίᾳ⁵</strong></span> <span class='ocrx_word' id='word_1_857' title='bbox 2706 4897 2935 4961; x_wconf 84' lang='grc' dir='ltr'>διδόντος</span> <span class='ocrx_word' id='word_1_858' title='bbox 2955 4898 3048 4951; x_wconf 80' lang='grc' dir='ltr'>σοῦ</span> <span class='ocrx_word' id='word_1_859' title='bbox 3071 4897 3267 4968; x_wconf 66' lang='grc' dir='ltr'>αὐτῷ-ε</span> <span class='ocrx_word' id='word_1_860' title='bbox 3297 4900 3499 4970; x_wconf 74' lang='grc' dir='ltr'>Ἱλαρὸν</span> <span class='ocrx_word' id='word_1_861' title='bbox 3521 4901 3627 4971; x_wconf 74' lang='grc' dir='ltr'>γὰρ</span> <span class='ocrx_word' id='word_1_862' title='bbox 3639 4901 3793 4969; x_wconf 81' lang='grc' dir='ltr'>δότην</span> 
     </span>
    </p>
   </div>
   <div class='ocr_carea' id='block_1_110' title="bbox 2232 4985 3793 5059">
    <p class='ocr_par' dir='ltr' id='par_1_110' title="bbox 2232 4985 3793 5059">
     <span class='ocr_line' id='line_1_111' title="bbox 2232 4985 3793 5059; baseline 0.003 -22"><span class='ocrx_word' id='word_1_863' title='bbox 2232 4985 2420 5055; x_wconf 81' lang='grc' dir='ltr'>ἀγαπᾷ</span> <span class='ocrx_word' id='word_1_864' title='bbox 2462 4986 2498 5046; x_wconf 80' lang='lat'><strong>6,</strong></span> <span class='ocrx_word' id='word_1_865' title='bbox 2527 4986 2692 5053; x_wconf 84' lang='grc' dir='ltr'>Θεὸς,</span> <span class='ocrx_word' id='word_1_866' title='bbox 2721 5006 2738 5039; x_wconf 71' lang='grc' dir='ltr'><strong>ι</strong></span> <span class='ocrx_word' id='word_1_867' title='bbox 2776 4987 2916 5046; x_wconf 79' lang='grc' dir='ltr'><strong>κατά</strong></span> <span class='ocrx_word' id='word_1_868' title='bbox 2969 4989 3066 5058; x_wconf 79' lang='grc' dir='ltr'>τὴν</span> <span class='ocrx_word' id='word_1_869' title='bbox 3121 4988 3216 5054; x_wconf 78' lang='grc' dir='ltr'>τιοῦ</span> <span class='ocrx_word' id='word_1_870' title='bbox 3265 4989 3535 5059; x_wconf 70' lang='grc' dir='ltr'>μακαοίου</span> <span class='ocrx_word' id='word_1_871' title='bbox 3583 4989 3793 5049; x_wconf 79' lang='grc' dir='ltr'>Παύλου</span> 
     </span>
    </p>
   </div>
   <div class='ocr_carea' id='block_1_111' title="bbox 2232 5077 2433 5148">
    <p class='ocr_par' dir='ltr' id='par_1_111' title="bbox 2232 5077 2433 5148">
     <span class='ocr_line' id='line_1_112' title="bbox 2232 5077 2433 5148; baseline 0.01 -21"><span class='ocrx_word' id='word_1_872' title='bbox 2232 5077 2433 5148; x_wconf 81' lang='grc' dir='ltr'>φωνήν.</span> 
     </span>
    </p>
   </div>
   <div class='ocr_carea' id='block_1_112' title="bbox 2301 5356 3794 5428">
    <p class='ocr_par' dir='ltr' id='par_1_112' title="bbox 2301 5356 3794 5428">
     <span class='ocr_line' id='line_1_113' title="bbox 2301 5356 3794 5428; baseline -0.006 -10"><span class='ocrx_word' id='word_1_873' title='bbox 2301 5365 2506 5420; x_wconf 81' lang='grc' dir='ltr'><strong>ΠΑΛΔ.</strong></span> <span class='ocrx_word' id='word_1_874' title='bbox 2548 5360 2680 5418; x_wconf 71' lang='grc' dir='ltr'>Εἶτα</span> <span class='ocrx_word' id='word_1_875' title='bbox 2715 5361 2830 5427; x_wconf 84' lang='grc' dir='ltr'><strong>πῶς</strong></span> <span class='ocrx_word' id='word_1_876' title='bbox 2878 5364 2938 5415; x_wconf 79' lang='grc' dir='ltr'>τὸ</span> <span class='ocrx_word' id='word_1_877' title='bbox 2977 5361 3094 5424; x_wconf 76' lang='grc' dir='ltr'>ἔτος</span> <span class='ocrx_word' id='word_1_878' title='bbox 3122 5362 3184 5414; x_wconf 86' lang='grc' dir='ltr'>τὸ</span> <span class='ocrx_word' id='word_1_879' title='bbox 3228 5359 3453 5428; x_wconf 71' lang='grc' dir='ltr'>ἒδδομρν</span> <span class='ocrx_word' id='word_1_880' title='bbox 3496 5356 3651 5411; x_wconf 79' lang='grc' dir='ltr'>τοῦτο</span> <span class='ocrx_word' id='word_1_881' title='bbox 3694 5357 3794 5427; x_wconf 74' lang='grc' dir='ltr'>τὴν</span> 
     </span>
    </p>
   </div>
   <div class='ocr_carea' id='block_1_113' title="bbox 2227 5448 3791 5526">
    <p class='ocr_par' dir='ltr' id='par_1_113' title="bbox 2227 5448 3791 5526">
     <span class='ocr_line' id='line_1_114' title="bbox 2227 5448 3791 5526; baseline -0.006 -17"><span class='ocrx_word' id='word_1_882' title='bbox 2227 5455 2322 5509; x_wconf 75' lang='grc' dir='ltr'><strong>τοῦ</strong></span> <span class='ocrx_word' id='word_1_883' title='bbox 2349 5455 2600 5526; x_wconf 85' lang='grc' dir='ltr'>Σωτῆρος</span> <span class='ocrx_word' id='word_1_884' title='bbox 2629 5453 2783 5525; x_wconf 78' lang='grc' dir='ltr'>ἡμῶν</span> <span class='ocrx_word' id='word_1_885' title='bbox 2825 5452 3116 5520; x_wconf 84' lang='grc' dir='ltr'>καταδηλοί</span> <span class='ocrx_word' id='word_1_886' title='bbox 3163 5451 3481 5521; x_wconf 85' lang='grc' dir='ltr'>παρουσίαν,</span> <span class='ocrx_word' id='word_1_887' title='bbox 3528 5448 3647 5502; x_wconf 82' lang='grc' dir='ltr'>καθ’</span> <span class='ocrx_word' id='word_1_888' title='bbox 3674 5448 3737 5517; x_wconf 74' lang='grc' dir='ltr'>ἣν</span> <span class='ocrx_word' id='word_1_889' title='bbox 3761 5450 3791 5500; x_wconf 90' lang='lat'><strong>6</strong></span> 
     </span>
    </p>
   </div>
   <div class='ocr_carea' id='block_1_114' title="bbox 2226 5540 3790 5618">
    <p class='ocr_par' dir='ltr' id='par_1_114' title="bbox 2226 5540 3790 5618">
     <span class='ocr_line' id='line_1_115' title="bbox 2226 5540 3790 5618; baseline -0.006 -18"><span class='ocrx_word' id='word_1_890' title='bbox 2226 5551 2324 5618; x_wconf 80' lang='grc' dir='ltr'>τῆς</span> <span class='ocrx_word' id='word_1_891' title='bbox 2351 5547 2602 5602; x_wconf 80' lang='grc' dir='ltr'>ἁπάντων</span> <span class='ocrx_word' id='word_1_892' title='bbox 2643 5547 2888 5616; x_wconf 84' lang='grc' dir='ltr'>ἀφέσεως</span> <span class='ocrx_word' id='word_1_893' title='bbox 2916 5541 3193 5612; x_wconf 76' lang='grc' dir='ltr'>ἀνεδείχθη</span> <span class='ocrx_word' id='word_1_894' title='bbox 3239 5540 3448 5611; x_wconf 73' lang='grc' dir='ltr'>καιρὸς,</span> <span class='ocrx_word' id='word_1_895' title='bbox 3499 5540 3616 5610; x_wconf 77' lang='grc' dir='ltr'>ἤτοι</span> <span class='ocrx_word' id='word_1_896' title='bbox 3642 5552 3790 5591; x_wconf 83' lang='grc' dir='ltr'>τετε-</span> 
     </span>
    </p>
   </div>
   <div class='ocr_carea' id='block_1_115' title="bbox 2225 5636 2704 5714">
    <p class='ocr_par' dir='ltr' id='par_1_115' title="bbox 2225 5636 2704 5714">
     <span class='ocr_line' id='line_1_116' title="bbox 2225 5636 2704 5714; baseline 0.006 -25"><span class='ocrx_word' id='word_1_897' title='bbox 2225 5637 2443 5691; x_wconf 87' lang='grc' dir='ltr'>λείωται</span> <span class='ocrx_word' id='word_1_898' title='bbox 2473 5654 2501 5688; x_wconf 93' lang='grc' dir='ltr'><strong>τ</strong></span> <span class='ocrx_word' id='word_1_899' title='bbox 2510 5636 2669 5714; x_wconf 69' lang='grc' dir='ltr'>ρόπος</span> <span class='ocrx_word' id='word_1_900' title='bbox 2690 5655 2704 5701; x_wconf 83' lang='grc'><strong>;</strong></span> 
     </span>
    </p>
   </div>
   <div class='ocr_carea' id='block_1_116' title="bbox 640 5810 2135 5893">
    <p class='ocr_par' dir='ltr' id='par_1_116' title="bbox 640 5810 2072 5880">
     <span class='ocr_line' id='line_1_117' title="bbox 640 5810 2072 5880; baseline 0.002 -13"><span class='ocrx_word' id='word_1_901' title='bbox 640 5810 683 5844; x_wconf 78' lang='grc'><strong>³⁸</strong></span> <span class='ocrx_word' id='word_1_902' title='bbox 709 5810 844 5868; x_wconf 84' lang='lat' dir='ltr'><strong>Luc.</strong></span> <span class='ocrx_word' id='word_1_903' title='bbox 875 5829 946 5878; x_wconf 81' lang='lat' dir='ltr'><strong>vt,</strong></span> <span class='ocrx_word' id='word_1_904' title='bbox 974 5812 1058 5867; x_wconf 80' lang='grc'><strong>50.</strong></span> <span class='ocrx_word' id='word_1_905' title='bbox 1139 5814 1181 5846; x_wconf 74' lang='grc'><strong>³³</strong></span> <span class='ocrx_word' id='word_1_906' title='bbox 1211 5813 1375 5869; x_wconf 80' lang='lat' dir='ltr'><strong>Hebr.</strong></span> <span class='ocrx_word' id='word_1_907' title='bbox 1406 5832 1479 5879; x_wconf 76' lang='lat' dir='ltr'><strong>ix,</strong></span> <span class='ocrx_word' id='word_1_908' title='bbox 1510 5816 1591 5869; x_wconf 86' lang='grc'><strong>10.</strong></span> <span class='ocrx_word' id='word_1_909' title='bbox 1671 5816 1709 5846; x_wconf 81' lang='grc'>²¹</span> <span class='ocrx_word' id='word_1_910' title='bbox 1743 5817 1856 5871; x_wconf 74' lang='lat' dir='ltr'><strong>Cet.</strong></span> <span class='ocrx_word' id='word_1_911' title='bbox 1895 5833 1950 5880; x_wconf 84' lang='lat' dir='ltr'><strong>tl,</strong></span> <span class='ocrx_word' id='word_1_912' title='bbox 1992 5816 2072 5872; x_wconf 77' lang='grc'><strong>14.</strong></span> 
     </span>
    </p>
   </div>
   <div class='ocr_carea' id='block_1_117' title="bbox 2238 5810 3632 5893">
    <p class='ocr_par' dir='ltr' id='par_1_117' title="bbox 2238 5812 3632 5893">
     <span class='ocr_line' id='line_1_118' title="bbox 2238 5812 3632 5893; baseline 0 -22"><span class='ocrx_word' id='word_1_913' title='bbox 2238 5818 2388 5872; x_wconf 88' lang='lat' dir='ltr'><strong>Deut.</strong></span> <span class='ocrx_word' id='word_1_914' title='bbox 2420 5818 2504 5885; x_wconf 82' lang='lat' dir='ltr'><strong>l5,</strong></span> <span class='ocrx_word' id='word_1_915' title='bbox 2541 5817 2646 5872; x_wconf 80' lang='grc'><strong>1-5.</strong></span> <span class='ocrx_word' id='word_1_916' title='bbox 2727 5815 2771 5847; x_wconf 74' lang='grc'><strong>’³</strong></span> <span class='ocrx_word' id='word_1_917' title='bbox 2802 5814 2938 5870; x_wconf 85' lang='lat' dir='ltr'><strong>Ibid.</strong></span> <span class='ocrx_word' id='word_1_918' title='bbox 2976 5813 3138 5893; x_wconf 47' lang='lat'><strong>7-10.‘</strong></span> <span class='ocrx_word' id='word_1_919' title='bbox 3166 5814 3208 5845; x_wconf 79' lang='lat'>“</span> <span class='ocrx_word' id='word_1_920' title='bbox 3235 5813 3281 5869; x_wconf 82' lang='lat' dir='ltr'><strong>ll</strong></span> <span class='ocrx_word' id='word_1_921' title='bbox 3314 5812 3556 5890; x_wconf 35' lang='grc' dir='ltr'><strong>σοι-..ιι</strong></span> <span class='ocrx_word' id='word_1_922' title='bbox 3580 5812 3632 5872; x_wconf 78' lang='grc'><strong>7.</strong></span> 
     </span>
    </p>
   </div>
  </div>
