3982 6558
158 438 261 495 569

859 430 946 484 DE
985 427 1423 485 ADORATIONE
1461 428 1529 483 IN
1570 422 1837 481 SPIRITU
1876 423 1964 479 ET
2000 422 2367 480 VERITATE.
2407 421 2535 475 LIB.
2570 420 2705 476 VIII.

3304 425 3407 479 570

224 548 391 604 ΚΥΡ.
442 547 510 599 Ἣ
547 544 609 598 οὐ
656 546 910 615 μεμνήσῃ
958 544 1311 614 διειρηκότων
1349 542 1505 614 ήμῶν
1550 544 1644 595 καὶ
1677 542 1718 592 ἐκ

1904 537 2063 593 CYR.
2104 538 2185 591 An
2208 546 2267 591 tu
2294 536 2496 591 oblitus
2528 552 2607 599 es,
2639 534 2758 590 nos’
2782 535 3036 604 superius
3057 550 3275 606 quoque
3294 538 3407 608 jam

156 644 263 703 τοῖς
291 638 395 709 ήδη
443 635 848 708 παρῳχηκόσιν,
881 636 964 687 ὅτι
995 633 1223 704 σύνηθες
1255 636 1322 705 τῇ
1366 633 1485 705 θείᾳ
1517 633 1725 702 Γραφῇ,

153 730 246 785 τοῦ
293 727 562 799 παρόντος
607 725 705 779 καὶ
749 726 1101 796 ἐνεστηκότος
1148 725 1343 787 αἰῶνος
1394 724 1455 776 τὸ
1511 723 1730 792 σύμπαν

153 822 427 890 διάστημα
452 816 785 888 παρομοιοῖω
813 816 1090 885 ἑϐδομάδι,
1114 814 1205 867 διὰ
1233 816 1332 884 τὴν
1361 815 1440 877 εἰς
1467 812 1526 865 τὸ
1555 814 1731 882 ἀπαρ-

154 913 251 982 χῆς
288 910 400 963 τῶν
442 909 665 980 ἡμερῶν
701 906 1113 969 άνακύκλωσινς
1156 906 1328 975 πέρας
1362 905 1470 976 γὰρ
1496 903 1729 973 ἐϐδομά-

154 1005 271 1067 δος,
317 1003 381 1054 τὸ
418 995 719 1063 Σάϐϐατον,
765 1002 861 1052 καὶ
899 998 1093 1067 γείτων
1121 996 1283 1060 εὐθὺς
1312 998 1346 1067 ἠ
1384 997 1568 1065 ὀγδόη,
1603 996 1729 1048 νέαν

153 1097 281 1163 ἡμῖν
333 1092 526 1163 ὥσπερ
572 1092 768 1154 αίῶνος
808 1089 983 1161 ἀρχὴν
1025 1088 1433 1159 είσκομίσουσα,
1486 1087 1573 1141 διὰ
1629 1086 1729 1156 τῆς

153 1183 502 1245 ἀναστάσεως
528 1181 622 1234 τοῦ
654 1179 891 1250 Χριστοῦ
902 1220 915 1233 .

217 1275 429 1328 ΠΔΛΛ.
472 1274 553 1327 Me
565 1274 860 1343 μνήσομαι.

216 1364 384 1417 ΚΥΡ.
440 1362 841 1432 Ἐπιδεδήμηκε
863 1360 1045 1414 τοίνυν
1066 1356 1210 1413 κατὰ
1233 1358 1330 1420 τὰς
1361 1355 1603 1430 Γραφάς,
1635 1356 1726 1409 ἐπὶ

152 1455 432 1527 συντελείᾳ
459 1454 554 1508 τοῦ
602 1455 867 1525 παρόντος
907 1452 1123 1515 αἰῶνος,
1169 1452 1262 1504 καὶ
1305 1450 1466 1503 οἱονεί
1511 1466 1627 1512 πως
1668 1449 1725 1501 ἐν

150 1547 411 1617 Σαϐϐάτῳ
440 1547 694 1619 Χριστὸς,
721 1547 809 1599 ὅτε
839 1547 933 1598 καὶ
977 1546 1179 1615 ἀνῆκεν
1220 1544 1486 1608 ἅπαντας,
1521 1543 1725 1612 σειραῖς

150 1634 251 1687 τῶν
279 1634 503 1687 οἰκείων
527 1634 813 1706 ἁμαρτιῶν
834 1632 1325 1702 κατεσφιγμένους,
1356 1631 1449 1685 καὶ
1479 1631 1725 1700 ὲπωφλη-

149 1725 307 1788 κότας
341 1725 497 1795 αὑτῷ
522 1727 646 1789 τοὺς
667 1727 769 1794 τῆς
794 1725 1161 1797 παραϐάσεως
1192 1726 1400 1794 λόγους.
1434 1724 1723 1793 Τοιγάρτοι

150 1820 236 1870 καὶ
258 1818 316 1869 ὲν
343 1819 461 1879 τοῖς
493 1817 866 1885 Εὐαγγελίοις,
896 1817 1199 1887 ὀφειλέταις
1228 1817 1375 1887 ἡμᾶς
1402 1814 1722 1885 παρεικάζει

1832 629 2054 693 dixisse,
2081 628 2249 682 moris
2300 644 2421 682 esse
2477 627 2676 681 divinae
2727 625 3045 695 Scriptum,
3090 627 3408 682 universum

1830 721 2013 776 saeculi
2041 721 2327 791 praesentis
2368 722 2624 789 spatium,
2652 727 2878 788 propter
2906 719 3056 772 illam
3094 719 3308 774 dierum
3339 722 3407 775 ad

1830 814 2049 868 initium
2090 813 2490 867 revolutionem
2538 811 2868 866 hebdomadi
2897 812 3255 881 comparare?
3281 812 3408 866 ﬁnis

1829 904 1974 958 enim
2003 903 2359 958 hebdomadze
2406 902 2706 957 Sabbatum
2746 912 2858 967 est;
2910 903 3072 972 eique
3122 904 3406 973 proximus

1828 995 2089 1050 continuo
2114 1004 2197 1048 est
2231 995 2349 1048 dies
2372 986 2615 1059 Octavus,
2652 994 2745 1063 qui
2778 1011 2980 1049 novum
3006 996 3406 1065 quodammodo

1828 1086 2011 1141 saeculi
2034 1086 2250 1141 initium
2274 1102 2372 1157 per
2397 1085 2600 1141 Christi
2633 1087 3090 1141 resurrectionem
3117 1088 3299 1142 affert.

1899 1259 2095 1315 PALL.
2129 1260 2371 1314 Memini.

1897 1349 2052 1405 CYR.
2081 1352 2318 1406 Advenit
2350 1350 2516 1422 igitur
2539 1351 2843 1406 secundum
2879 1350 3191 1421 Scripturas
3215 1349 3268 1404 in
3295 1350 3403 1406 fine

1826 1442 2110 1510 praesentis
2135 1443 2338 1507 saeculi,
2391 1459 2455 1497 ac
2507 1442 2664 1512 quasi
2716 1442 2771 1496 in
2813 1441 3053 1497 Sabbato
3107 1442 3400 1497 Christus:

1825 1548 1950 1587 cum
1975 1535 2139 1589 etiam
2188 1551 2379 1591 omnes
2420 1536 2675 1590 homines
2712 1535 2964 1598 exsolvit,
2998 1534 3233 1589 vinculis
3276 1550 3405 1604 pec-

1825 1634 2069 1680 catorum
2108 1642 2335 1681 suorum
2366 1628 2712 1691 constrictos,
2737 1635 2792 1681 et
2825 1627 3269 1697 transgressionis
3290 1640 3402 1680 sua:

1826 1712 2132 1768 rationibus
2166 1714 2461 1769 reddendis
2487 1716 2775 1770 obnoxios.
2824 1716 3012 1785 ItaqUe
3046 1725 3102 1770 et
3139 1718 3194 1769 in
3219 1717 3399 1769 Evan-

1825 1802 1979 1870 geliis
2005 1817 2106 1857 nos
2136 1802 2483 1859 debitoribus
2512 1811 2810 1873 comparat,
2841 1802 3072 1859 dicens:
3107 1825 3123 1856 ι
3159 1805 3274 1858 Duo
3301 1804 3401 1859 de-

148 1907 342 1975 λέγωνο
379 1924 399 1958 ι
429 1906 537 1961 Δύο
561 1880 953 1979 χρεωφειλέται
984 1904 1123 1978 ἦσαν
1151 1880 1422 1979 ἀνθρώπῳ
1445 1880 1524 1960 ἑνί
1546 1920 1559 1935 ⁸
1589 1907 1617 1957 6
1641 1900 1718 1968 είς

1827 1890 2034 1946 bitores
2091 1903 2248 1947 erant
2305 1894 2520 1947 cuidam
2571 1893 2902 1959 feneratori;
2965 1911 3106 1948 unus
3165 1895 3401 1949 debebat

152 1997 371 2066 ὤφειλεν
406 1998 561 2069 αὐτῷ
584 2000 813 2070 δηνάρια
845 2001 1195 2061 πεντακόσια,
1226 2001 1254 2052 6
1282 1999 1338 2052 δὲ
1370 1998 1555 2070 ἕτερος
1589 2013 1720 2049 πεν-

150 2094 395 2161 τήκοντα.
435 2092 533 2163 Μὴ
562 2093 790 2162 ἑχόντων
819 2092 876 2146 δὲ
910 2092 1093 2145 αὐτῶν
1134 2092 1448 2155 ἀποδοῦναι,
1479 2090 1721 2160 ἀμφοτέ-

154 2200 259 2253 ροις
290 2184 608 2253 ἐχαρίσατο.
666 2202 686 2234 ι
740 2184 851 2237 Καὶ
909 2183 1047 2255 πρὸς
1096 2185 1305 2246 τούτοις
1360 2182 1438 2234 ἔτι
1483 2181 1576 2233 τὸν
1624 2179 1721 2249 τῆς

152 2276 452 2344 προσευχῆς
503 2274 633 2344 ἡμῖν
683 2274 1024 2328 διαπλάττων
1068 2272 1260 2336 τύπον,
1319 2291 1337 2323 ι
1392 2271 1580 2333 Οὕτως
1625 2267 1719 2322 οὖν

156 2367 303 2434 ὑμεῖς
338 2363 733 2435 προσεύχεσθε,
770 2366 936 2435 φησί·
971 2365 1151 2436 Πάτερ
1175 2364 1328 2434 ἡμῶν
1355 2366 1384 2416 6
1411 2364 1467 2415 ὲν
1495 2365 1601 2424 τοῖς
1626 2363 1718 2413 ού-

155 2457 345 2527 ρανοῖς,
381 2456 704 2525 ἁγιασθήτω
736 2456 798 2508 τὸ
824 2455 996 2526 δνομά
1032 2473 1149 2520 σου,
1188 2454 1446 2523 ὲλθέτωὴ
1476 2452 1718 2523 βασιλεία

157 2562 261 2605 σου,
310 2543 602 2614 γενηθήτω
655 2544 716 2596 τὸ
775 2543 988 2614 θέλημά
1040 2561 1132 2597 σου
1161 2544 1236 2608 ὼς
1271 2545 1329 2597 ὲν
1371 2542 1585 2614 ούρανῷ
1625 2543 1720 2595 καὶ

155 2636 239 2693 ἐπὶ
262 2636 357 2706 τῆς
383 2636 512 2705 γῆς,
558 2634 649 2687 τὸν
679 2633 842 2705 ἄρτον
875 2636 1032 2705 ἡμῶν
1058 2635 1146 2688 τὸν
1178 2634 1448 2688 ἐπιούσιον
1473 2634 1560 2698 δὸς
1587 2636 1719 2704 ἡμῖν

160 2727 401 2798 σήμερον,
447 2725 547 2778 καὶ
590 2725 727 2793 ἄφες
766 2727 899 2796 ἡμῖν
932 2725 998 2779 τὰ
1038 2727 1381 2796 ὀφειλήματα
1429 2724 1607 2796 ήμῶν,
1643 2725 1719 2787 ὠς

158 2820 242 2872 καὶ
262 2819 419 2888 ἡμεῖς
465 2818 700 2888 ἀφίεμεν
732 2821 845 2881 τοῖς
883 2817 1185 2886 ὀφειλέταις
1206 2818 1384 2889 ἡμῶν.
1416 2836 1433 2868 ι
1470 2817 1718 2885 Πλαγίως

160 2904 242 2963 οὖν
284 2911 389 2981 ἄρα
428 2910 526 2962 καὶ
561 2908 974 2978 αἰνιγματωδῶς
1022 2909 1052 2961 ὁ
1098 2908 1260 2977 νόμος
1306 2906 1367 2960 τὸ
1399 2906 1540 2959 θεῖον
1586 2908 1716 2975 ἡμῖν

161 3000 408 3070 ὑπεδήλου
453 3000 775 3070 μυστήριον,
814 3000 1007 3066 ἄφεσιν
1052 2997 1322 3050 ποιεῖσθαι
1366 2997 1719 3067 προστάττων

159 3091 246 3162 τὴν
267 3091 329 3144 δι’
378 3091 520 3144 ἑτῶν
554 3091 714 3153 ἑπτά,
751 3090 843 3144 καὶ
870 3092 990 3153 ταῖς
1029 3090 1131 3158 τῆς
1157 3089 1525 3160 χρηστότητος
1557 3087 1716 3159 ἐμϐι-

1822 1982 2076 2038 denarios
2122 1985 2471 2055 quingentos,
2514 1987 2653 2041 alter
2703 1987 3094 2058 quinquaginta
3138 2005 3151 2040 ζ
3192 1996 3399 2041 etcum

1820 2088 1929 2127 non
1958 2074 2224 2129 haberent
2252 2077 2397 2130 unde
2424 2076 2741 2142 redderent,
2761 2079 2984 2133 donavit
3007 2080 3253 2148 utrisque
3278 2080 3345 2133 ’⁸.
3375 2099 3392 2128 ›
3496 2136 3509 2157 ⁸

1815 2164 1899 2220 Ad
1924 2166 2058 2230 haec,
2081 2182 2205 2220 cum
2230 2166 2458 2221 formam
2481 2184 2699 2238 quoque
2723 2169 2915 2223 orandi
2938 2170 3097 2224 nobis
3123 2170 3361 2224 traderet
3384 2188 3398 2222 :

1828 2273 1845 2305 ι
1883 2253 1999 2319 Sic,
2030 2255 2237 2325 inquit,
2282 2272 2380 2310 vos
2431 2265 2584 2311 orate
2624 2276 2636 2310 :
2681 2258 2839 2312 Pater
2876 2268 3083 2323 noster,
3118 2259 3211 2328 qui
3244 2274 3303 2314 es
3342 2258 3399 2313 in

1819 2346 1995 2411 caelis,
2026 2347 2399 2402 sanctificetur
2439 2364 2640 2402 nomen
2671 2357 2854 2417 tuum;
2892 2349 3145 2404 adveniat
3173 2366 3399 2420 regnum

1818 2445 1995 2504 tuum,
2040 2437 2131 2492 ﬁat
2157 2439 2412 2493 voluntas
2454 2447 2547 2493 tua
2576 2440 2719 2494 sicut
2765 2440 2820 2493 in
2866 2441 3005 2495 caelo
3033 2448 3089 2494 et
3126 2442 3181 2494 in
3222 2449 3399 2507 terra;

1818 2546 2013 2600 panem
2036 2538 2283 2586 nostrum
2308 2531 2688 2601 quotidianum
2718 2532 2785 2585 da
2816 2532 2979 2586 nobis
3006 2532 3200 2598 hodie,
3233 2541 3287 2587 et
3313 2533 3400 2586 di-

1818 2624 1973 2677 mitte
2004 2622 2164 2693 275
2197 2623 2356 2677 nobis
2378 2623 2565 2678 debita
2600 2631 2807 2687 nostra,
2837 2623 2979 2678 sicut
3004 2632 3059 2678 et
3081 2640 3179 2678 nos
3211 2625 3404 2680 dimit.

1823 2716 1994 2769 timus
2014 2715 2359 2770 debitoribus
2380 2714 2587 2770 nostris
2607 2715 2674 2768 ".
2710 2734 2729 2766 ι
2775 2714 3007 2785 Oblique
3031 2715 3195 2787 igitur
3224 2725 3279 2771 et
3301 2733 3403 2786 per

1816 2807 2045 2877 aenigma
2105 2807 2265 2862 nobis
2305 2806 2393 2862 lex
2430 2806 2676 2861 divinum
2730 2810 3055 2877 mysterium
3112 2808 3397 2875 indicavit;

1817 2913 1942 2952 cum
1959 2899 2192 2968 septimo
2211 2915 2428 2969 quoque
2454 2914 2596 2953 anno
2621 2900 3037 2953 remissionnem
3065 2898 3181 2953 ﬁeri
3203 2900 3397 2970 jussit:

1820 2998 1875 3043 et
1907 2990 2068 3044 simul
2099 2990 2165 3044 ad
2199 2990 2560 3060 benignitatis
2600 2992 2825 3045 semitas
2858 2990 3088 3053 inducit,
3117 2992 3245 3045 dum
3271 2994 3401 3047 cha-

1818 3086 2037 3142 ritatem
2071 3087 2126 3141 in
2148 3087 2347 3141 fratres
2376 3087 2586 3141 divitiis
2616 3103 2936 3157 praaponere
2966 3087 3144 3148 docet,
3168 3087 3399 3143 etfacile

161 3183 301 3247 ϐάζει
318 3182 550 3253 τρίϐοις,
582 3182 881 3253 χρημάτων
907 3182 1114 3251 ἀμείνω
1138 3179 1408 3232 ποιεῖσθαι
1428 3179 1714 3242 διδάσκων,

1827 3179 1945 3235 aliis
1988 3180 2261 3250 impertiri
2310 3186 2473 3248 atque
2513 3179 2921 3234 communicare
2974 3180 3168 3234 suadet
3199 3188 3400 3251 :atque

159 3274 245 3344 τὴν
279 3275 358 3337 είς
395 3273 661 3342 ἀδελφοὺς
711 3272 1011 3341 ἀγάπησιν,
1055 3270 1444 3341 εὐμεταδότους
1489 3287 1548 3322 τε
1578 3265 1717 3322 εἷναι

163 3368 245 3419 καὶ
293 3368 644 3429 κοινωνικούς
686 3364 1027 3422 ἀναπείθων.
1077 3364 1172 3417 καὶ
1216 3363 1380 3416 οἱονεὶ
1435 3362 1719 3433 μελέτησίν

160 3474 267 3509 τινα
304 3458 398 3527 τῆς
427 3458 513 3519 είς
562 3456 807 3518 ἅπαντας
840 3454 1227 3525 ἀφθονωτέρας
1261 3454 1463 3519 αἰδοῦς,
1508 3455 1607 3524 τὴν
1640 3455 1719 3517 εἰς

162 3548 365 3618 ἀδελφὺν
403 3550 505 3602 καὶ
544 3549 759 3618 γείτονα
784 3546 920 3611 τέως
949 3546 1265 3617 ἡμερότητα
1290 3545 1478 3608 τιθείς.

162 3621 414 3702 ’ΠΑΛΔΜ
465 3634 592 3694 Ὧδε
627 3639 760 3711 ἔχει.
803 3639 1190 3709 Συναινέσαιμι
1232 3638 1340 3709 νάρ
1374 3639 1718 3709 ἁριστοεπεῖν

162 3732 376 3791 ἐθέλοντί
404 3750 512 3788 σοι.

219 3824 367 3879 ΚΥΡ.
393 3826 509 3878 Καὶ
532 3823 591 3877 τὸ
613 3823 692 3878 έτι
722 3822 928 3894 μεῖζον,
953 3823 1000 3875 εί
1023 3821 1236 3894 μάθοις,
1267 3821 1720 3894 καταθαυμάσαις

163 3912 236 3979 ἂν,
268 3910 308 3968 ὧ
337 3916 626 3971 Παλλάδιε.

223 4003 417 4065 ΠΔΛΛ.
463 4004 535 4058 Τὸ
567 4006 719 4057 ποῖον
738 4021 753 4069 ;

225 4095 372 4151 ΚΥΡ.
401 4096 786 4167 Χρηστότητος
812 4094 921 4165 γὰρ
950 4094 1043 4148 καὶ
1071 4092 1423 4164 φιλαλληλίας
1455 4093 1532 4156 είς
1562 4092 1719 4145 τοῦτο

168 4188 403 4257 προήκειν
430 4187 581 4257 ἡμᾶς
609 4186 637 4239 6
664 4184 827 4255 νόμος
862 4182 1130 4253 βούλεται,
1162 4182 1238 4245 ὡς
1267 4182 1417 4235 οὐδὲν
1444 4180 1713 4251 ἡγεῖσθαι,

168 4276 252 4346 τῆς
280 4278 353 4340 είς
375 4276 638 4347 ἀδελφοὺς
664 4276 884 4347 ἀγάπης
916 4276 977 4328 τὸ
1008 4272 1342 4328 ἰσοστατοῦν.
1372 4272 1721 4326 Κατακολουη

169 4365 263 4425 θεῖν
302 4368 355 4432 δὲ
399 4368 544 4422 οὕτω
572 4365 835 4436 γεννικῶς
875 4369 996 4429 ταῖς
1043 4366 1129 4420 ἐπ’
1164 4365 1346 4428 αὐτοῖς
1376 4363 1716 4433 δυσθυμίαις,

169 4457 230 4520 ὼς
280 4460 368 4512 καὶ
410 4460 488 4530 (I)
529 4459 699 4531 ὀργῆς
749 4456 981 4529 ὁρᾶσθαι
1014 4456 1361 4527 κρείττονας,
1415 4454 1516 4508 κᾶν
1555 4456 1603 4507 εἰ
1644 4454 1719 4525 μὴ

1822 3272 1962 3327 hanc
1991 3272 2210 3326 interim
2238 3272 2289 3325 in
2314 3270 2541 3325 fratrem
2570 3279 2623 3325 et
2648 3271 2961 3340 proximum
2996 3272 3397 3328 humanitatem

1820 3365 1974 3434 quasi
2001 3365 2451 3420 exercitationem
2480 3365 2775 3436 quamdam
2808 3367 3086 3435 proponit,
3116 3383 3211 3437 per
3233 3383 3397 3437 quam

1820 3457 1888 3510 ad
1917 3457 2287 3511 liberaliorem
2320 3457 2467 3512 illam
2492 3473 2620 3529 erga
2643 3474 2835 3513 omnes
2854 3459 3105 3514 homines
3137 3460 3397 3531 pietatem

1717 3575 1737 3591 ε
1818 3544 2192 3614 perveniatur.

1889 3636 2084 3690 PALL.
2126 3635 2217 3692 Sic
2244 3652 2301 3692 se
2333 3653 2423 3692 res
2445 3637 2613 3693 habet
2643 3638 2775 3693 :tibi
2799 3639 2945 3693 enim
2969 3640 3172 3710 Optima
3193 3640 3395 3697 dicenti

1818 3728 2107 3783 assentior.

1888 3819 2045 3874 (ΝΚ.
2081 3819 2267 3890 Atqui,
2291 3822 2335 3876 si
2367 3820 2441 3887 id,
2480 3821 2625 3891 quod
2655 3823 2831 3893 majus
2855 3833 2963 3887 est,
2994 3823 3275 3890 didiceris,
3302 3824 3399 3879 ad-

1820 3911 2113 3977 mirabere,
2148 3912 2373 3966 Palladi.
3126 3922 3129 3925 '

1891 4002 2087 4057 PALL.
2121 4003 2261 4069 Quid
2289 4005 2432 4059 istud
2474 4005 2735 4060 tandem?
2833 4024 2839 4033 λ

1897 4093 2160 4149 CYR.Ad
2202 4111 2319 4149 eam
2374 4096 2519 4149 enim
2552 4097 2655 4155 ,lex
2705 4096 3094 4167 benignitatem
3139 4097 3393 4168 progredi

1820 4202 1920 4241 nos
1942 4186 2080 4249 vult,
2102 4193 2162 4239 ut
2186 4186 2322 4238 nihil
2347 4186 2602 4240 charitati
2628 4187 2682 4239 in
2720 4186 2919 4241 fratres
2937 4186 3263 4256 aequandum
3288 4203 3394 4257 pu-

1820 4288 1998 4334 temus
2029 4296 2041 4330 :
2068 4277 2206 4332 adeo
2222 4277 2385 4332 etiam
2409 4278 2475 4332 iis
2490 4278 2686 4333 cedere
2728 4293 2791 4332 ac
2815 4277 3028 4333 fortiter
3043 4277 3185 4333 ferre
3200 4295 3394 4333 eorum

1822 4372 2153 4426 inhumanos
2194 4378 2357 4439 atque
2393 4385 2618 4439 asperos
2662 4385 2864 4434 mores,
2904 4378 2965 4424 ut
3009 4370 3147 4425 iram
3173 4387 3393 4442 quoque

1820 4463 2125 4524 vincamus,
2149 4461 2399 4531 quamvis
2425 4461 2503 4515 illi
2531 4477 2642 4515 non
2666 4462 2935 4531 ejusmodi
2972 4462 3083 4516 sint
3107 4478 3235 4533 erga
3268 4479 3391 4529 nos,

168 4548 380 4614 γένοιντο
403 4551 542 4620 πρὸς
563 4551 711 4621 ἡμᾶς
732 4548 948 4611 ὁποίους
970 4544 1108 4603 εἷναί
1131 4566 1188 4601 τε
1214 4548 1310 4600 καὶ
1332 4546 1559 4618 δρᾶσθαι
1590 4546 1715 4618 χρὴ.

1827 4553 2012 4623 quales
2054 4568 2150 4639 eqs
2190 4567 2310 4605 esse
2354 4566 2417 4605 ac
2461 4551 2635 4605 videri
2675 4551 2964 4605 conveniat
3007 4545 3185 4621 :quiri
3225 4553 3391 4607 etiam

168 4642 247 4693 καὶ
284 4644 394 4704 ταῖς
423 4640 867 4712 άφιλοστοργίαις
913 4640 1119 4693 ἕλοιντο
1156 4639 1366 4692 λυπεῖν.
1402 4640 1588 4709 Ἔχεις
1619 4639 1714 4691 καὶ

169 4732 301 4786 τοῦδε
334 4734 423 4788 τὸν
448 4734 620 4789 τύπον
646 4737 705 4789 ὲν
726 4735 838 4797 τοῖς
878 4733 1184 4804 ’Δριθμοῖς·
1219 4753 1237 4785 ι
1266 4733 1377 4788 Καὶ
1426 4733 1710 4788 ἀπέστειλε

166 4825 278 4893 γὰρ,
293 4827 468 4898 φησὶν,
482 4829 513 4881 6
528 4827 731 4895 Μωσῆς
760 4828 1024 4898 ἀγγέλους
1055 4828 1119 4880 ὲκ
1137 4827 1318 4897 Κάδης
1338 4829 1474 4897 πρὸς
1485 4823 1711 4896 βασιλέα

178 4916 350 4988 Ἐδὼμ,
384 4918 559 4987 λέγων
580 4936 593 4948 ·
646 4918 785 4973 Τάδε
827 4918 975 4987 λέγει
1007 4920 1035 4971 ὁ
1062 4916 1290 4986 ἀδελφός
1323 4934 1415 4971 σου
1457 4918 1706 4988 Ἰσραήλ’

168 5002 228 5057 Σὺ
253 5006 436 5080 ἐπίστῃ
471 5006 649 5059 πάντα
680 5006 770 5059 τὸν
806 5006 1002 5077 μόχθον
1035 5005 1123 5059 τὸν
1156 5006 1385 5076 εὑρόντα
1419 5008 1585 5076 ἡμᾶς,
1618 5009 1712 5061 καὶ

169 5092 445 5164 κατέϐησαν
472 5096 521 5150 οί
554 5095 790 5169 πατέρες
816 5097 974 5169 ήμῶν
998 5097 1079 5160 είς
1117 5096 1410 5164 Αἴγυπτον,
1450 5098 1545 5152 καὶ
1569 5116 1709 5171 παρ-

167 5184 430 5257 ῳκήσαμεν
451 5189 509 5241 ὲν
535 5187 793 5258 Αἰγύπτῳ
807 5188 1019 5260 ήμέρας
1043 5187 1279 5252 πλείους,
1307 5189 1400 5241 καὶ
1424 5189 1710 5244 ἐκάκωσαν

171 5272 294 5339 ἡμᾶς
342 5279 388 5330 οί
436 5278 724 5347 Αἰγύπτιοι
773 5279 867 5333 καὶ
913 5280 1039 5342 τοὺς
1082 5278 1328 5349 πατέρας
1380 5279 1573 5349 ἡμῶν,
1615 5284 1709 5335 καὶ

172 5364 508 5439 ἁνεὸοήσαμεν
535 5370 670 5440 πρὸς
694 5369 918 5441 Κύριον,
944 5370 1037 5440 καξι
1064 5370 1352 5439 είσήκουσε
1381 5369 1583 5443 Κύριος
1609 5372 1709 5441 τῆς

176 5460 329 5527 δίωνῆς
378 5460 558 5530 ήμῶν,
605 5460 699 5514 καὶ
750 5460 1078 5524 ἀποστείλας
1128 5460 1385 5529 ἄγγελον,
1438 5459 1707 5531 ἐξήγαγεν

176 5538 293 5606 θμᾶς
319 5545 372 5611 ἐξ
396 5547 690 5615 Αἰγύπτου,
719 5548 812 5607 καὶ
839 5548 933 5602 νῦν
961 5550 1127 5619 ἐσμεν
1154 5550 1212 5602 ὲν
1238 5548 1422 5620 Κάδης
1446 5548 1614 5613 πόλει,
1642 5552 1705 5603 ἐκ

232 5698 270 5730 ⁸³
296 5700 417 5758 Luc.
449 5723 540 5770 vn,
579 5707 665 5771 6i,
698 5707 783 5761 42.
861 5709 907 5739 ’⁸
937 5708 1126 5763 Matth.
1153 5721 1228 5777 vl,
1248 5712 1394 5767 945.

1818 4647 2001 4700 animo
2030 4659 2060 4698 a
2081 4641 2285 4714 pietate
2311 4657 2537 4711 prorsus
2578 4641 2779 4705 alieno,
2814 4641 2975 4696 nobis
3026 4641 3271 4697 dolorem
3311 4642 3397 4696 in-

1816 4752 1978 4792 urere
1996 4740 2213 4790 curent.
2231 4733 2410 4787 Habes
2433 4732 2595 4803 hujus
2617 4748 2835 4802 quoque
2849 4732 2928 4787 rei
2952 4731 3177 4803 figuram
3201 4733 3256 4786 in
3279 4733 3395 4787 Nu-

1815 4827 2013 4881 meris:
2046 4844 2062 4875 ι
2084 4826 2153 4881 Et
2191 4823 2371 4889 misit,
2402 4823 2599 4893 inquit,
2644 4823 2853 4893 Moyses
2876 4823 3100 4877 nuntios
3128 4839 3194 4877 ex
3218 4822 3394 4878 Cades

1816 4918 1885 4973 ad
1921 4934 2107 4989 regem
2155 4917 2350 4981 Edom,
2402 4917 2593 4972 dicens
2640 4933 2652 4968 :
2702 4915 2828 4971 Hmc
2871 4914 3005 4970 dicit
3048 4914 3216 4969 frater
3264 4923 3394 4971 tuus

1813 5012 1978 5066 Israel
2016 5010 2136 5064 :Tu
2161 5011 2269 5065 scis
2310 5026 2528 5064 omnem
2575 5009 2842 5072 laborem,
2895 5007 2988 5076 qui
3022 5006 3230 5060 invenit
3255 5022 3387 5072 nos;

1811 5109 1869 5156 et
1890 5102 2293 5157 descenderunt
2316 5111 2501 5173 patres
2522 5102 2695 5158 nostri
2720 5104 2771 5156 in
2792 5102 3109 5172 Egyptum,
3144 5107 3200 5153 et
3222 5100 3391 5155 adve-

1814 5208 1899 5248 nae
1920 5192 2126 5247 fuimus
2151 5192 2207 5247 in
2232 5192 2460 5265 Egypto
2484 5193 2601 5248 dies
2632 5192 2974 5261 complures;
3009 5199 3064 5243 et
3086 5188 3391 5245 afﬂixerunt

1816 5301 1916 5340 nos
1952 5285 2210 5356 Egyptii,
2253 5292 2309 5340 et
2343 5294 2527 5354 patres
2570 5293 2787 5340 nostros
2818 5301 2830 5335 :
2856 5291 2913 5336 et
2940 5281 3297 5337 elamavimus
3322 5284 3388 5337 ad

1816 5378 2128 5441 Dominum,
2153 5384 2209 5431 et
2230 5377 2509 5432 exaudivit
2532 5377 2797 5430 Dominus
2828 5390 3016 5429 vocem
3046 5382 3310 5441 nostram,
3336 5385 3392 5431 et

1816 5470 2040 5524 mittens
2064 5470 2336 5538 angelum,
2383 5467 2573 5522 eduxit
2610 5482 2710 5520 nos
2758 5482 2825 5520 ex
2875 5464 3126 5536 Egypto.
3154 5465 3221 5519 Et
3244 5482 3391 5520 nunc

1815 5572 2006 5611 sumus
2030 5556 2083 5610 in
2110 5556 2329 5610 civitate
2348 5555 2523 5612 Cadcs
2547 5571 2608 5611 ex
2635 5565 2788 5625 parte
2807 5554 3103 5611 confinium
3131 5563 3351 5610 tuorum
3375 5576 3386 5610 :

236 5836 303 5911 (ί)
326 5841 446 5901 Cod.
468 5847 668 5913 Natio,
704 5847 1118 5905 κατακολουθεῖν
1145 5849 1199 5902 δὲ
1230 5849 1369 5904 οὕτω
1399 5851 1487 5904 καὶ
1528 5849 1718 5920 φέρειν

1827 5851 1945 5914 ςὲπ¹
1988 5851 2167 5913 αὐτοῖς
2190 5848 2506 5921 δυσθυμίας,
2539 5849 2614 5915 ὡς
2652 5849 2761 5922 καί,
2796 5859 2903 5907 etc.
