3982 6518
683 410 744 463 τι
1677 414 1731 469 S.
1772 412 2053 468 CYRILLI
2091 412 2563 467 ALEXANDIIINI
2600 414 2911 469 ARCHIEP.
3760 427 3834 484 571

648 526 1005 582 transibimus
1028 542 1126 596 per
1166 535 1362 581 terram
1400 532 1569 590 tuam,
1610 542 1715 581 non
1750 529 2105 583 transibimus
2128 544 2212 598 per

2332 527 2528 597 μέρους
2557 528 2666 580 τῶν
2697 526 2861 600 ὁρίων
2898 542 3013 581 σου.
3056 525 3509 596 Παρελευσόμεθα
3545 527 3626 580 διὰ
3653 532 3734 601 τῆς
3758 540 3830 608 γῆς

644 634 803 688 agros
828 627 969 688 tuos,
997 632 1174 686 neque
1200 616 1452 672 bibemus
1488 633 1682 686 aquam
1709 616 1777 673 de
1810 619 2066 673 cisternis
2090 620 2218 681 tuis,

643 712 728 765 via
756 682 901 781 regia
927 709 1258 780 gradiemur,
1285 726 1394 764 non
1411 710 1809 766 declinabimus
1829 710 1895 765 ad
1918 711 2219 775 dexteram,

641 817 817 871 neque
836 801 902 855 ad
925 802 1223 865 sinistram,
1257 818 1542 871 quousque
1579 804 2007 871 praeterierimus
2031 804 2220 857 termi-

641 910 740 948 nos
766 902 907 947 tuos.
933 892 1000 947 Et
1022 893 1161 946 dixit
1187 892 1255 947 ad
1291 908 1418 946 eum
1458 893 1628 946 Edom
1659 911 1670 945 :
1696 892 1815 947 Non
1862 892 2220 963 pertransibis

641 1000 737 1053 per
758 984 1106 1054 me;alioqui
1135 985 1189 1037 in
1228 982 1373 1037 bello
1416 982 1578 1037 exibo
1626 983 1683 1036 in
1726 998 2016 1037 occursum
2041 991 2216 1037 tuum.

642 1076 919 1130 Etdicunt
940 1076 991 1131 ei
1018 1076 1115 1130 ﬁlii
1148 1077 1315 1135 Israel
1360 1095 1373 1130 :
1419 1077 1593 1145 Prope
1634 1085 1876 1130 montem
1908 1076 2217 1145 prmteribi-

639 1180 792 1230 ntus;
820 1165 967 1234 quod
991 1166 1035 1220 si
1064 1181 1131 1220 ex
1155 1182 1295 1235 aqua
1320 1174 1412 1219 tua
1436 1166 1744 1220 biberimus
1768 1181 1868 1236 ego
1898 1167 2217 1236 etjumenta

638 1268 777 1316 mea,
810 1253 1066 1308 dabimus
1089 1254 1329 1323 pretium
1358 1253 1490 1319 tibi;
1527 1254 1623 1308 sed
1652 1270 1739 1308 res
1775 1254 1932 1323 parvi
1954 1254 2215 1307 momenti

634 1355 745 1409 est;
763 1361 933 1415 prope
958 1353 1197 1399 montem
1220 1345 1801 1416 pcrtransibimus.Ille
1828 1360 1958 1399 vero
1979 1345 2054 1399 ait
2071 1363 2081 1397 :
2098 1344 2215 1398 Non

638 1435 997 1505 pet-transibis
1030 1452 1129 1505 per
1167 1451 1273 1488 me.
1324 1436 1391 1489 Et
1418 1436 1551 1490 exiit
1581 1436 1754 1490 Edom
1805 1436 1861 1490 in
1918 1436 2081 1506 276
2120 1452 2213 1491 oe-

637 1536 859 1578 cursum
887 1525 964 1578 illi
1005 1525 1060 1578 in
1101 1523 1451 1578 multitudine
1477 1526 1648 1596 gravi,
1679 1534 1733 1579 et
1776 1526 1831 1579 in
1862 1541 2026 1579 manu
2054 1526 2210 1591 forti;

636 1622 692 1668 et
717 1615 893 1668 noluit
926 1614 1097 1668 Edom
1141 1614 1459 1682 permittere
1500 1614 1711 1675 Israeli,
1763 1621 1821 1667 ut
1854 1615 2215 1682 pertransiret

638 1719 734 1771 per
759 1705 1024 1760 terminos
1067 1722 1229 1770 suos;
1270 1716 1326 1759 et
1370 1704 1668 1759 declinavit
1696 1706 1861 1759 Israel
1899 1704 1969 1759 ab
1991 1720 2058 1759 eo
2087 1706 2153 1759 ’7.
2188 1725 2204 1755 ι

636 1797 806 1851 Audis
835 1813 948 1861 eos,
975 1800 1067 1868 qui
1097 1800 1164 1853 de
1190 1815 1391 1870 genere
1422 1808 1579 1852 erant
1608 1797 1797 1861 Israel,
1824 1798 1891 1852 iis
1930 1798 2210 1861 aerumnis,

2332 634 2446 681 σου,
2474 619 2536 671 οὐ
2562 618 2952 689 διελευσόμεθα
2979 618 3046 671 δι’
3071 618 3279 689 ἀγρῶν,
3300 619 3420 671 οὐδὲ
3447 618 3515 672 δι’
3538 621 3831 691 ἀμπελώνων,

2327 709 2448 763 οὐδὲ
2500 710 2738 781 πιόμεθα
2786 710 2932 779 ὕδωρ
2984 710 3051 762 ὲκ
3098 709 3302 763 λάκκου
3342 725 3465 773 σου,
3502 709 3601 779 ὁδῷ
3637 711 3830 789 βασιλικῇ

2329 800 2732 872 πορευσόμεθα,
2764 800 2863 853 οὐκ
2903 799 3258 869 ὲκκλινοῦμεν
3298 799 3451 865 δεξιά
3478 798 3592 852 οὐδὲ
3616 801 3831 874 εὐώνυμα,

2326 889 2431 952 ἓως
2460 891 2525 944 ἂν
2555 890 2914 961 παρέλθωμεν
2945 890 3014 943 τά
3044 891 3170 960 ὄριά
3200 907 3312 944 σου.
3347 891 3457 943 Ka‘t
3484 887 3598 943 εἷπε
3625 895 3740 961 πρὸς
3764 900 3831 950 αὑ.

2325 980 2417 1033 τόν
2452 982 2663 1052 Ἐδώμο
2690 983 2765 1034 Οὐ
2799 981 3045 1053 διελεύσῃ
3069 982 3134 1034 δι’
3169 979 3325 1051 ἐμοῦ,
3356 982 3405 1033 εί
3436 981 3494 1034 δὲ
3526 982 3615 1051 μὴ,
3645 984 3695 1036 ὲν
3717 986 3832 1039 πολέ-

2328 1090 2413 1143 μῳ
2454 1073 2803 1144 ὲξελεύσομαι
2853 1077 2933 1137 είς
2979 1073 3304 1142 συνάντησίν
3343 1089 3446 1125 σοι.
3497 1074 3601 1126 Ka‘t
3641 1075 3829 1141 λέγουσιν

2324 1164 2471 1235 αὑτῷ
2501 1166 2550 1217 οί
2576 1166 2681 1218 υἱοὶ
2720 1165 2936 1234 Ἰσραήλ
2955 1181 2968 1193 ·
3000 1162 3163 1234 Παρὰ
3186 1163 3249 1216 τὸ
3271 1163 3396 1233 ὅρος
3421 1163 3827 1235 παρελευσόμεθιι*

2323 1253 2418 1305 ἐὰν
2450 1254 2503 1306 δὲ
2534 1252 2627 1307 τοῦ
2658 1254 2848 1316 ὕδατός
2881 1270 2973 1305 σου
3005 1253 3218 1321 πίωμεν
3245 1252 3357 1319 ἐγώ
3402 1267 3464 1303 τε
3494 1253 3584 1305 καὶ
3613 1255 3672 1305 τά
3700 1257 3827 1326 κτήνη

2326 1361 2449 1414 μου,
2476 1342 2631 1396 δώσω
2677 1345 2842 1414 τιμήν
2872 1360 2954 1396 σοι
2974 1358 2989 1374 ·
3032 1342 3198 1396 Ἀλλὰ
3225 1341 3288 1396 τὸ
3317 1343 3550 1413 πρᾶγμα
3574 1343 3705 1397 οὐδέν
3727 1348 3826 1409 ἐστι,

2322 1436 2472 1498 παρά
2514 1436 2575 1487 τὸ
2625 1434 2751 1504 ὅρος
2803 1433 3272 1505 παρελευσόμεθα.
3310 1433 3370 1485 ὐ
3402 1434 3461 1486 δὲ
3494 1430 3744 1490 είπεΨΟὐ
3771 1438 3827 1489 δι·

2320 1526 2514 1597 ελεύσῃ
2558 1525 2625 1579 δι’
2669 1525 2825 1596 ἐμοῦ.
2864 1526 2973 1577 Kal.
2999 1524 3223 1595 ἐξῆλθεν
3266 1523 3446 1594 Ἐδὼμ
3469 1525 3548 1586 είς
3573 1525 3828 1595 συνάντησιν

2320 1616 2466 1687 αὐτῷ
2499 1619 2555 1670 ὲν
2597 1615 2737 1686 ὖχλῳ
2780 1616 2954 1686 βαρεῖ.
2983 1616 3079 1669 καὶ
3113 1616 3173 1668 ὲν
3201 1615 3346 1685 χειρὶ
3394 1616 3606 1684 ἰσχυρᾷ.
3643 1617 3733 1667 Καὶ
3758 1620 3829 1670 οὒκ

2317 1708 2582 1779 ἠθέλησεν
2637 1707 2817 1778 Ἐδὼμ
2855 1707 3038 1761 δοῦναι
3076 1707 3157 1778 τῷ
3212 1707 3435 1777 Ἰσραὴλ
3478 1705 3734 1777 παρελθεῖν
3766 1708 3829 1761 διὰ

2319 1802 2423 1853 τῶν
2447 1800 2610 1872 ὁρίων
2641 1800 2826 1868 αὑτοῦ,
2856 1800 2950 1853 καὶ
2977 1799 3246 1865 ἐξέκλινεν
3286 1797 3507 1869 Ἰσραὴλ
3531 1798 3618 1850 ἀπ’
3642 1798 3786 1850 αὑτοῦ.
3810 1821 3823 1849 ι

636 1906 771 1960 quas
794 1890 846 1944 in
868 1891 1099 1962 Egypto
1125 1894 1484 1962 pertulerant,
1513 1899 1821 1960 opportune
1855 1890 2211 1955 enumeratis,

2332 1894 2575 1956 Ἀκούεις
2603 1894 2783 1959 ὅπως,
2816 1894 2867 1946 οί
2906 1893 3002 1963 μὲν
3033 1893 3094 1957 ἐξ
3134 1893 3368 1963 αἵματος
3421 1892 3654 1962 Ἰσραὴλ,
3686 1893 3763 1953 τὰς
3786 1895 3826 1945 ἐν

632 1987 688 2030 et
713 1980 934 2048 superbi
968 1980 1115 2035 illius
1140 1981 1453 2036 dominatus
1498 1980 1675 2035 modis
1710 1980 2027 2050 frequenter
2050 1991 2215 2051 atque

634 2076 759 2136 apte
785 2072 1249 2136 commemoratis,
1276 2072 1626 2137 beneficium,
1665 2071 1809 2142 quod
1841 2072 1977 2125 nihil
2005 2071 2215 2126 incom-

634 2157 781 2212 rirodi
815 2158 1057 2225 afferret,
1090 2172 1307 2231 petere;
1349 2162 1745 2234 propemodum
1769 2172 2055 2233 cognatam
2080 2178 2214 2234 gen-

632 2256 743 2302 tem
788 2250 1113 2321 adjutricem
1160 2254 1264 2307 sibi
1330 2254 1628 2324 adjungere
1678 2253 1965 2308 studentes
2036 2252 2216 2324 (erant

632 2330 779 2394 enim
804 2357 868 2397 ex
894 2343 1035 2397 Esau
1078 2344 1243 2399 fratre
1267 2345 1487 2415 Iacob);
1534 2344 1627 2399 sed
1653 2360 1790 2415 quos
1816 2346 1882 2399 ad
1907 2345 2216 2399 misericor-

633 2433 780 2487 diam
806 2450 998 2489 eorum
1025 2438 1357 2493 commoveri
1382 2454 1599 2507 mquum
1632 2437 1830 2502 fuerat,
1871 2446 1927 2492 et
1957 2437 2064 2492 illis
2088 2454 2214 2509 per-

636 2525 875 2591 mittere,
904 2537 1048 2583 utea
1080 2529 1344 2595 facerent,
1382 2547 1503 2600 quae
1539 2531 1644 2585 sibi
1671 2532 1826 2585 utilia
1850 2540 1906 2587 et
1928 2530 2214 2586 commoda

635 2631 753 2671 esse
780 2620 1007 2685 scirent,
1040 2638 1137 2676 eos
1160 2622 1327 2677 duros
1350 2622 1518 2677 fuisse
1563 2632 1619 2678 et
1654 2640 1896 2695 asperos,
1922 2633 1977 2679 et
2007 2640 2038 2679 a
2060 2640 2212 2678 eom-

636 2712 987 2769 miseratione
1036 2715 1263 2781 alienos,
1295 2710 1536 2787 ipsarum
1563 2734 1746 2773 rerum
1774 2718 1952 2772 exitus
1966 2730 2214 2787 compro-

635 2800 783 2855 bavit
815 2819 827 2854 :
854 2803 1144 2872 prohibent
1171 2806 1316 2861 enim
1343 2824 1438 2862 eos
1461 2825 1491 2863 a
1519 2808 1629 2871 via,
1650 2810 1899 2879 quamvis
1918 2810 2009 2864 ille
2035 2826 2211 2881 popu-

634 2894 719 2946 lus
743 2903 927 2962 aperte
954 2895 1182 2963 diceret,
1210 2914 1267 2953 se
1315 2916 1494 2970 neque
1535 2900 1730 2965 vineis,
1759 2916 1936 2969 neque
1959 2916 2211 2971 agrorum

632 2984 906 3041 fructibus
950 3004 1179 3058 usquam
1230 2990 1488 3045 damnum
1537 2991 1856 3047 illaturum:
1893 2991 2209 3059 quinetiam

634 3075 806 3145 ipsam
847 3093 1065 3148 quoque
1114 3097 1310 3150 aquam
1359 3097 1467 3135 non
1493 3083 1609 3136 sine
1649 3083 1827 3153 pretio
1859 3084 2206 3138 hausturum.

632 3166 727 3221 Ille
745 3185 898 3235 vero,
925 3170 1029 3224 nisi
1047 3171 1115 3224 ab
1137 3171 1222 3235 iis,
1246 3188 1366 3242 qua:
1392 3173 1669 3242 petebant,
1689 3173 2071 3239 abscederent,
2101 3190 2207 3228 non

2318 1983 2579 2055 Αἰγύπτῳ
2622 1984 2994 2055 ταλαιπωρίας
3043 1985 3331 2056 χρησίμως
3384 1984 3825 2054 ἀπαριθμούμενοι,

2318 2076 2411 2127 καὶ
2448 2076 2546 2145 τῆς
2591 2074 2904 2140 πλεονεξίας
2930 2077 3059 2139 τοὺς
3100 2079 3340 2147 τρόπους
3379 2076 3493 2129 ἀνω
3520 2091 3577 2126 τε
3607 2076 3689 2127 καὶ
3718 2076 3827 2128 κάτω

2320 2168 2683 2233 συντιθέντες,
2736 2168 2965 2231 ἀστείως
3000 2170 3099 2238 τὴν
3147 2168 3304 2221 οὐδὲν
3353 2166 3637 2221 ἀδικοῦσαν
3668 2168 3824 2220 αἰτοῦσι

2316 2253 2495 2322 χάριν,
2531 2256 2813 2325 μονονουχὶ
2835 2256 3182 2328 συλλήπτορα
3208 2256 3483 2309 ποιεῖσθαι
3509 2257 3825 2319 σπουδάζοντες

2314 2345 2404 2394 τὸν
2430 2345 2684 2417 ὁμογενῆ·
2708 2348 2801 2400 καὶ
2827 2348 2935 2417 γὰρ
2959 2343 3100 2418 ἦσαν
3123 2349 3184 2412 ἐξ
3217 2347 3394 2402 Ἦσαῦ
3420 2348 3629 2417 ἀδελφοὶ
3661 2349 3822 2401 Ἰακὼϐ-

2314 2436 2363 2487 οί
2416 2435 2471 2488 δὲ
2538 2438 2712 2492 καίτοι
2758 2444 3128 2512 κατοικτεῖραι
3177 2441 3320 2513 δέον,
3401 2442 3604 2510 ιφεῖναί
3650 2459 3699 2495 τε
3730 2443 3823 2512 δρᾷν

2314 2527 2451 2601 ὅπερ
2487 2530 2553 2582 ἂν
2596 2531 2784 2584 είδεῖεν
2820 2534 3091 2603 χρήσιμόν
3122 2551 3182 2587 τε
3220 2536 3317 2587 καὶ⁵
3357 2533 3627 2602 ὲπωφελὲς
3663 2535 3822 2595 αὐτῶν,

2316 2621 2540 2692 σκληροί
2567 2640 2626 2675 τε
2647 2624 2737 2676 καὶ
2760 2625 3094 2696 ἀτεράμονες
3122 2627 3218 2679 καὶ
3238 2628 3530 2695 συναλγεῖν
3548 2627 3639 2679 οὐκ
3658 2626 3822 2688 εἰδότες.

2312 2709 2379 2763 δι’
2411 2711 2590 2765 αὐτῶν
2614 2714 2901 2783 ἠλέγχοντο
2927 2714 3035 2767 τῶν
3065 2718 3435 2786 πραγμάτων·
3457 2716 3729 2788 ὲξείργουσι
3747 2717 3825 2786 γὰρ

2311 2802 2469 2864 ὀδοῦ,
2528 2803 2703 2857 καίτοι
2745 2805 2993 2873 λέγοντος
3023 2807 3265 2877 ἐναργῶς
3296 2806 3396 2860 τοῦ
3424 2806 3572 2868 λαοῦ,
3618 2809 3730 2875 μήτε
3747 2809 3822 2873 ἁμ-

2312 2893 2516 2947 πελῶσι
2538 2936 2550 2955 ,
2586 2896 2721 2967 μήτε
2754 2896 2941 2966 ἀγρῶν
2988 2898 3317 2969 εὐκαρπίαις
3352 2897 3713 2951 κατασίνεσθαί
3739 2913 3823 2959 πα,

2311 2985 2448 3039 ἀλλὰ
2494 2988 2587 3039 καὶ
2627 2986 2770 3057 ὕδωρ
2805 2989 3091 3061 ἀντλήσειν
3120 2992 3221 3043 οὐκ
3253 2990 3585 3059 ἀνάργυρον.
3633 2990 3681 3039 '0
3710 2988 3825 3051 δὲ,εί

2316 3078 2388 3147 μὴ
2423 3076 2695 3146 βούλοιντο
2734 3078 2843 3131 τῶν
2874 3079 3205 3148 αίτηθέντων
3239 3081 3586 3149 ἀποχωρεῖν,
3625 3079 3679 3130 οὐ
3705 3094 3826 3147 apag.

2312 3169 2573 3239 ηπείλησε
2618 3170 2777 3240 μόνον
2814 3170 2914 3242 τὴν
2958 3171 3180 3239 ἔφοδον,
3211 3171 3328 3224 ἀλλ’
3366 3168 3437 3242 ἦν
3473 3173 3564 3223 καὶ
3600 3172 3651 3222 ὲν
3688 3172 3825 3233 ὅπλοις

642 3260 804 3313 modo
831 3276 887 3315 se
910 3277 1005 3316 eos
1030 3262 1351 3317 invasurum
1377 3265 1742 3319 comminatus
1764 3273 1880 3331 est;
1908 3265 2002 3320 sed
2023 3266 2133 3336 jam
2161 3266 2212 3320 in

2318 3261 2440 3331 ἤδη,
2474 3263 2568 3315 καὶ
2610 3263 2937 3332 πανστρατὶ,
2986 3262 3378 3336 παρετάττετο.
3421 3263 3532 3316 Καὶ
3567 3262 3617 3313 τί
3651 3262 3703 3331 δὴ
3730 3261 3827 3330 πρὸς

631 3353 799 3405 armis
812 3360 1017 3418 erat,et
1041 3355 1309 3409 universis
1321 3355 1492 3424 copiis
1513 3356 1746 3420 eductis,
1771 3357 1941 3411 aciem
1959 3357 2212 3412 adversus

2316 3353 2472 3405 τοῦτο
2497 3370 2511 3417 ;
2544 3353 2807 3421 κρείττων
2827 3349 2895 3424 ἧν
2921 3353 3287 3425 μικροψυχίας
3315 3355 3347 3406 ὁ
3380 3352 3624 3423 Ἰσραήλ*
3644 3351 3825 3415 ἐξέκλινε

631 3461 727 3507 cos
754 3445 1079 3500 instruebat.
1106 3444 1247 3512 Quid
1272 3462 1436 3516 porro
1461 3448 1528 3501 ad
1557 3448 1671 3503 haec
1695 3449 1900 3504 Israel?
1920 3449 2053 3503 vicit
2076 3450 2218 3505 indi-

635 3534 914 3606 gnationis
959 3538 1462 3607 perturbationem;
1515 3538 1803 3594 declinavit
1830 3540 1979 3594 enim
2002 3541 2070 3595 ab
2098 3542 2210 3608 illo,

633 3627 833 3697 inquit,
860 3627 1267 3681 contentionem
1292 3627 1555 3682 adversus
1581 3629 1782 3684 fratres
1804 3630 2064 3684 nimirum
2088 3647 2211 3686 sus-

634 3720 819 3788 cipere
869 3719 1068 3783 vitans,
1096 3735 1161 3773 ac
1192 3719 1617 3789 propinquitatis
1654 3722 1831 3788 legem
1873 3738 2087 3778 summa
2115 3741 2209 3795 pa-

638 3809 828 3863 tientia
866 3818 1178 3863 veneratus.
1210 3813 1292 3864 An
1328 3810 1443 3864 hmo
1470 3826 1578 3864 non
1610 3811 1683 3865 ita
1708 3827 1765 3865 se
1790 3812 1991 3868 habere
2022 3816 2212 3883 putas?

706 3898 905 3953 PALL.
932 3900 1011 3953 Ita
1047 3915 1293 3972 prorsus.

704 3989 859 4044 CYR.
897 3990 1069 4061 Igitur
1100 3991 1531 4062 indignationem
1562 3992 1883 4062 reprimere,
1910 4002 1965 4047 et
1991 3994 2099 4047 iras
2115 4010 2209 4049 eo-

639 4081 856 4146 hibere,
886 4097 949 4136 ac
971 4099 1071 4153 pro
1096 4084 1523 4153 uniuscujusque
1548 4087 1973 4154 peccatispcena:
1988 4088 2209 4140 modum

633 4174 918 4236 adhibere,
969 4183 1231 4244 praeterea
1294 4175 1362 4229 de
1424 4192 1753 4245 unoquoque
1806 4186 1953 4230 recta
1997 4188 2210 4247 etquae

630 4266 855 4319 omnino
877 4266 1204 4336 reprehendi
1230 4282 1341 4321 non
1378 4267 1611 4336 possint,
1638 4282 1667 4319 a
1685 4267 1844 4321 nobis
1866 4268 1983 4321 fieri
2003 4269 2208 4338 judicia

631 4358 872 4412 fructum
900 4357 952 4411 id
990 4374 1110 4414 esse
1136 4374 1199 4413 ac
1222 4374 1422 4412 munus
1446 4358 1733 4413 charitatis
1758 4359 1810 4413 in
1836 4360 2050 4427 fratres,
2076 4378 2208 4418 ceu»

630 4450 861 4504 sendum
887 4459 991 4504 est.

701 4543 897 4596 PALL.
934 4543 1001 4597 Et
1022 4541 1243 4612 quidem
1267 4545 1391 4616 jure
1415 4546 1645 4615 optimo.

700 4630 857 4686 (ΝΒ.
888 4632 947 4685 In
974 4641 1230 4702 promptu
1255 4643 1339 4689 est
1366 4636 1531 4706 igitur
1560 4636 1774 4702 audire,
1802 4638 1847 4692 si
1870 4637 2024 4702 velis,
2057 4652 2206 4693 nunc

631 4723 854 4792 quidem
876 4723 1152 4777 dicentem
1196 4742 1208 4778 :
1244 4743 1261 4776 ι
1291 4726 1360 4781 Ει
1402 4743 1514 4783 non
1558 4729 1810 4785 irasceris
1851 4730 1977 4785 filiis
2014 4721 2227 4801 populi'

634 4816 712 4869 tui
738 4816 803 4867 ’⁸.
829 4834 847 4866 ι
868 4815 1019 4869 Alias
1044 4824 1227 4871 autem
1253 4835 1265 4870 :
1297 4836 1315 4869 ι
1360 4818 1415 4873 Si
1447 4819 1612 4874 fuerit
1636 4822 2010 4877 controversia
2059 4825 2205 4876 inter

632 4907 901 4973 homines,
925 4915 981 4962 et
1009 4910 1342 4964 accesserint
1358 4911 1425 4965 ad
1444 4912 1733 4982 judicium,
1748 4923 1803 4967 et
1818 4914 2205 4985 judicaverint,

627 4996 1256 5071 justificabuntjustum,
1287 5009 1350 5066 et,
1386 5002 1827 5058 condemnabunt
1853 5005 2080 5075 impium
2113 5025 2124 5058 :
2154 5016 2211 5061 et

631 5086 758 5149 erit,
786 5087 830 5142 si
870 5087 1036 5143 fuerit
1068 5088 1267 5160 dignus
1310 5090 1506 5161 plagis,
1551 5092 1646 5162 qui
1690 5093 2026 5162 impietatem
2056 5093 2208 5158 fecit,

634 5187 948 5250 prosternes
968 5196 1094 5235 eum
1120 5198 1306 5237 coram
1322 5182 1621 5255 iudicibus,
1637 5192 1692 5238 et
1714 5184 2062 5254 ﬂagellabunt
2082 5201 2207 5241 eum

634 5284 813 5322 coram
858 5271 1009 5342 ipsis,
1057 5274 1359 5329 secundum
1409 5274 1743 5345 impietatem
1790 5277 1928 5346 ejus,
1979 5294 2207 5332 numero

596 5384 605 5392 ’
636 5360 993 5431 quadraginta
1019 5364 1369 5435 ﬂagellabunt
1394 5382 1556 5429 eum;
1587 5383 1695 5421 non
1734 5368 1968 5421 addent:
1994 5368 2139 5436 quod
2162 5368 2209 5421 si

636 5451 949 5505 addiderint
975 5454 1247 5525 flagellare
1288 5473 1414 5511 eum
1450 5458 1591 5511 ultra
1627 5458 1724 5512 has
1772 5458 1955 5529 plagas
2003 5458 2206 5528 plures,

636 5541 1020 5611 deturpabitur
1043 5543 1209 5599 frater
1238 5552 1363 5599 tuus
1402 5562 1584 5600 coram
1626 5554 1679 5600 te
1710 5548 1774 5600 ’⁸.
1810 5565 1827 5596 ι

2317 3444 2425 3513 γὰρ
2454 3443 2546 3496 ἀπ’
2580 3443 2766 3509 αὑτοῦ,
2805 3444 2956 3514 φησὶ,
2983 3443 3045 3497 τὸ
3071 3444 3207 3514 πρὸς
3235 3442 3505 3512 ἀδελφοὺς
3536 3441 3701 3513 δύσερι
3724 3457 3825 3510 περ⁴

2316 3535 2641 3606 ωθούμενος,
2672 3537 2767 3590 καὶ
2801 3536 2901 3606 τῆς
2932 3534 3248 3605 ἀγχιστείας
3280 3535 3374 3587 τὸν
3402 3535 3584 3603 νόμον,
3609 3536 3710 3594 ταῖς
3728 3534 3827 3596 ἄγαν

2316 3625 2689 3691 ἁνεξικακίαις
2732 3625 3126 3697 ὲκτετιμηκὼς.
3170 3626 3240 3679 Ἦ
3276 3624 3380 3696 οὐχ
3419 3618 3521 3680 ὧδε
3548 3623 3678 3695 ἔχειν
3710 3616 3826 3691 ulla)

2313 3721 2499 3784 ταυτίς

2388 3918 2595 3971 ΠΛΛΛ.
2624 3918 2734 3972 Καὶ
2761 3917 2924 3971 πάνυ.

2384 4011 2548 4063 ΚΥΡ.
2586 4008 2795 4063 Οὐκοῦν
2827 4010 2889 4062 τὸ
2922 4007 3127 4079 θυμοὺς
3170 4007 3502 4062 ἀνακόπτειν
3539 4007 3628 4061 καὶ
3661 4005 3825 4058 avum-

2316 4103 2498 4173 ράζειν
2547 4100 2734 4171 ὀργὰς,
2792 4099 2886 4153 καὶ
2934 4100 3251 4169 ἐπιμετρεϊν
3282 4098 3561 4165 ἀναλόγως
3596 4098 3682 4159 τὰς
3714 4094 3827 4153 δίκας

2309 4197 2422 4256 τοῖς
2452 4192 2682 4244 ἑκάστου
2723 4190 3029 4259 πταίσμασι
3053 4230 3068 4253 ,
3096 4192 3189 4242 καὶ
3230 4191 3337 4261 μὴν
3368 4192 3467 4243 καὶ
3495 4189 3556 4241 τὸ
3585 4188 3682 4239 δεῖν
3706 4183 3827 4254 ὁρθὰς

2311 4287 2403 4337 καὶ
2450 4282 2805 4352 ἁδιαόλὴτους
2847 4281 3123 4345 παντελῶς
3174 4282 3515 4351 πράττεσθαι
3557 4280 3680 4350 πρὸς
3714 4275 3828 4345 ἡμῶν

2309 4376 2405 4437 τὰς
2430 4374 2512 4442 ἐφ’
2540 4373 2753 4444 ἑκάστῳ
2776 4373 3006 4444 κρίσεις,
3035 4372 3255 4443 ἀγάπης
3279 4369 3421 4425 εἶναι
3444 4367 3742 4440 λογιούμεθα
3758 4367 3827 4435 τῆς

2309 4468 2387 4529 εἰς
2418 4465 2677 4533 ἀδελφοὺς
2706 4464 2916 4535 καρπόν
2948 4480 3005 4515 τε
3039 4465 3132 4515 καὶ
3160 4464 3532 4535 ἀποτέλεσμα.

2383 4558 2587 4609 lI.-\.\A.
2618 4556 2728 4607 Kal.
2759 4554 2904 4625 μάλα
2930 4554 3178 4617 δικαίως.

2376 4648 2536 4700 ΚΥΡ.
2581 4648 2737 4717 Πάρα
2780 4646 2846 4716 δὴ
2902 4642 2994 4699 οὖν
3043 4645 3285 4698 ὲθέλοντί
3335 4661 3452 4706 σοι,
3512 4641 3828 4697 διαπείθεσθαι

2309 4738 2490 4797 πάλιν,
2524 4737 2649 4789 ποτὲ
2679 4736 2777 4806 μὲν
2801 4736 3071 4804 λέγοντος,
3103 4754 3121 4787 ι
3160 4734 3268 4788 Καὶ
3290 4735 3351 4788 οὐ
3383 4738 3596 4806 μηνιεῖς
3613 4737 3711 4796 τοῖς
3728 4733 3830 4792 υίοίς

2308 4827 2402 4881 τοῦ
2427 4828 2556 4881 λαοῦ
2574 4846 2665 4881 σου
2687 4845 2699 4857 ·
2716 4828 2869 4881 »ποτὲ
2888 4828 2945 4881 δὲ
2969 4825 3035 4881 αὖ
3058 4846 3071 4858 ·
3086 4847 3104 4878 ι
3129 4828 3255 4881 Ἐάν
3281 4827 3337 4881 δὲ
3363 4827 3588 4897 γένηται
3608 4824 3831 4891 ἀντιλογία

2311 4920 2415 4972 ἀνὰ
2446 4920 2607 4989 μέσον
2635 4918 2938 4989 ἀνθρώπων
2959 4961 2973 4983 ,
3018 4920 3113 4972 καὶ
3145 4917 3523 4989 προσέλθωσιν
3562 4920 3637 4979 είς
3669 4916 3829 4986 κρίσιν,

2312 5013 2406 5066 καὶ⁵
2444 5011 2668 5082 κρίνωσι
2709 5011 2801 5064 καὶ
2852 5010 3180 5064 δικαιώσωσι
3220 5011 3311 5063 τὸν
3346 5010 3557 5064 δίκαιον
3605 5008 3688 5061 καὶ
3731 5021 3832 5057 xu:-

2312 5102 2517 5170 αγνῶσι
2545 5101 2638 5155 τοῦ
2683 5101 2931 5164 ἀσεϐοῦς,
2967 5102 3062 5153 καὶ
3090 5100 3183 5154 ὲάν
3210 5100 3360 5163 ἄξιος
3456 5098 3666 5169 πληγῶν
3692 5095 3831 5148 ὁάστ-

2312 5193 2444 5258 εῶν,
2488 5194 2581 5247 καὶ
2627 5194 2835 5257 καθιεὶς
2881 5191 3042 5246 αὐτὸν
3085 5192 3325 5245 ἐναντίον
3361 5192 3475 5245 τῶν
3524 5189 3738 5262 κριτῶν,
3763 5184 3834 5238 καὶ

2315 5280 2748 5351 μαστιγώσουσιν
2818 5281 2979 5335 αὐτὸν
3037 5281 3276 5334 ἐναντίον
3326 5280 3529 5345 αὑτοῦ,
3585 5278 3710 5333 κατὰ
3760 5275 3834 5340 τὴν

2313 5372 2566 5425 ἀσέϐειαν
2596 5371 2785 5436 αὑτοῦ,
2828 5371 3046 5442 ἀριθμῷ
3067 5372 3476 5440 τεσσαράκοντα
3508 5366 3834 5441 μαστιγώσου-

2316 5479 2401 5516 σιν
2447 5463 2642 5525 αὐτὸν,
2697 5464 2756 5515 οὐ
2804 5462 3236 5534 προσθήσουσιν,
3282 5461 3376 5515 ἐὰν
3424 5462 3481 5514 δὲ
3534 5458 3834 5529 προσθήσωσι

2318 5553 2660 5623 μαστιγῶσαι
2689 5553 2871 5617 αὑτὸν,
2899 5553 3039 5623 ὑπὲρ
3062 5552 3265 5615 ταύτας
3285 5553 3384 5615 τὰς
3407 5552 3618 5622 πληγὰς
3640 5544 3834 5607 πλείους,

2314 5643 2686 5712 ἁσχημονήοει
2709 5643 2737 5695 ὁ
2758 5642 2982 5712 ἀδελφός
3016 5659 3107 5696 σου
3143 5642 3379 5696 ἐναντίον
3411 5659 3507 5695 σου
3574 5660 3590 5691 ι

719 5822 735 5851 ¹
788 5821 952 5875 Num.
988 5831 1075 5886 xx,
1112 5819 1289 5875 H-‘ZI.
1370 5822 1413 5855 "
1447 5822 1618 5876 chlt.
1658 5839 1761 5887 XIX,
1794 5824 1872 5876 I7.
1955 5826 1996 5855 ”
2028 5824 2184 5877 Deut.
2215 5839 2332 5876 xxv.
2366 5822 2476 5876 1-4.
