  <div class='ocr_page' id='page_1' title='image "/cluster/home/n/w/nwhite01/storage/ocr_20150623/68/hvd.32044019207851/294.png"; bbox 0 0 4072 6538; ppageno 0'>
   <div class='ocr_carea' id='block_1_1' title="bbox 262 440 369 497">
    <p class='ocr_par' dir='ltr' id='par_1_1' title="bbox 262 440 369 497">
     <span class='ocr_line' id='line_1_1' title="bbox 262 440 369 497; baseline -0.019 0"><span class='ocrx_word' id='word_1_1' title='bbox 262 440 369 497; x_wconf 77' lang='grc'><strong>575</strong></span> 
     </span>
    </p>
   </div>
   <div class='ocr_carea' id='block_1_2' title="bbox 979 425 1847 492">
    <p class='ocr_par' dir='ltr' id='par_1_2' title="bbox 979 433 1841 492">
     <span class='ocr_line' id='line_1_2' title="bbox 979 433 1841 492; baseline 0.001 -2"><span class='ocrx_word' id='word_1_2' title='bbox 979 433 1068 490; x_wconf 76' lang='grc' dir='ltr'><strong>οε</strong></span> <span class='ocrx_word' id='word_1_3' title='bbox 1105 433 1544 492; x_wconf 65' lang='grc' dir='ltr'><strong>ΑὈΟΒΑΤΙΟΝΕ</strong></span> <span class='ocrx_word' id='word_1_4' title='bbox 1582 436 1648 492; x_wconf 78' lang='lat' dir='ltr'><strong>IN</strong></span> <span class='ocrx_word' id='word_1_5' title='bbox 1690 433 1841 491; x_wconf 78' lang='lat' dir='ltr'><strong>SPIR</strong></span> 
     </span>
    </p>
   </div>
   <div class='ocr_carea' id='block_1_3' title="bbox 1945 425 2843 492">
    <p class='ocr_par' dir='ltr' id='par_1_3' title="bbox 1945 425 2843 490">
     <span class='ocr_line' id='line_1_3' title="bbox 1945 425 2843 490; baseline -0.01 0"><span class='ocrx_word' id='word_1_6' title='bbox 1945 436 1959 490; x_wconf 83' lang='lat' dir='ltr'><strong>l</strong></span> <span class='ocrx_word' id='word_1_7' title='bbox 2001 432 2088 488; x_wconf 84' lang='lat' dir='ltr'><strong>ET</strong></span> <span class='ocrx_word' id='word_1_8' title='bbox 2131 430 2497 488; x_wconf 74' lang='lat' dir='ltr'><strong>VERITATE.</strong></span> <span class='ocrx_word' id='word_1_9' title='bbox 2538 426 2667 483; x_wconf 86' lang='lat' dir='ltr'><strong>LIB.</strong></span> <span class='ocrx_word' id='word_1_10' title='bbox 2710 425 2843 483; x_wconf 78' lang='lat' dir='ltr'><strong>VIII.</strong></span> 
     </span>
    </p>
   </div>
   <div class='ocr_carea' id='block_1_4' title="bbox 3431 426 3539 484">
    <p class='ocr_par' dir='ltr' id='par_1_4' title="bbox 3431 426 3539 484">
     <span class='ocr_line' id='line_1_4' title="bbox 3431 426 3539 484; baseline 0.019 -2"><span class='ocrx_word' id='word_1_11' title='bbox 3431 426 3539 484; x_wconf 62' lang='grc'><strong>574</strong></span> 
     </span>
    </p>
   </div>
   <div class='ocr_carea' id='block_1_5' title="bbox 339 543 1847 621">
    <p class='ocr_par' dir='ltr' id='par_1_5' title="bbox 339 549 1847 621">
     <span class='ocr_line' id='line_1_5' title="bbox 339 549 1847 621; baseline -0.002 -14"><span class='ocrx_word' id='word_1_12' title='bbox 339 552 557 607; x_wconf 79' lang='grc' dir='ltr'><strong>ΠΔΔᾹ.</strong></span> <span class='ocrx_word' id='word_1_13' title='bbox 594 552 703 604; x_wconf 72' lang='grc' dir='ltr'>Καὶ</span> <span class='ocrx_word' id='word_1_14' title='bbox 740 553 823 614; x_wconf 89' lang='grc' dir='ltr'><strong>τίς</strong></span> <span class='ocrx_word' id='word_1_15' title='bbox 848 552 915 604; x_wconf 78' lang='grc' dir='ltr'><strong>ἀν</strong></span> <span class='ocrx_word' id='word_1_16' title='bbox 947 549 1118 621; x_wconf 77' lang='grc' dir='ltr'>ὁρῷτο</span> <span class='ocrx_word' id='word_1_17' title='bbox 1159 551 1319 603; x_wconf 81' lang='grc' dir='ltr'>πάλιν</span> <span class='ocrx_word' id='word_1_18' title='bbox 1345 554 1478 621; x_wconf 79' lang='grc' dir='ltr'>ἡμῖν</span> <span class='ocrx_word' id='word_1_19' title='bbox 1500 554 1528 605; x_wconf 90' lang='lat'><strong>6</strong></span> <span class='ocrx_word' id='word_1_20' title='bbox 1558 552 1734 621; x_wconf 75' lang='grc' dir='ltr'>λόγος,</span> <span class='ocrx_word' id='word_1_21' title='bbox 1758 550 1847 604; x_wconf 85' lang='grc' dir='ltr'><strong>τοῦ</strong></span> 
     </span>
    </p>
   </div>
   <div class='ocr_carea' id='block_1_6' title="bbox 1945 543 3537 621">
    <p class='ocr_par' dir='ltr' id='par_1_6' title="bbox 2028 543 3537 615">
     <span class='ocr_line' id='line_1_6' title="bbox 2028 543 3537 615; baseline -0.003 -11"><span class='ocrx_word' id='word_1_22' title='bbox 2028 548 2225 605; x_wconf 78' lang='lat' dir='ltr'><strong>PALL.</strong></span> <span class='ocrx_word' id='word_1_23' title='bbox 2261 546 2391 613; x_wconf 65' lang='lat' dir='ltr'><strong>Quae</strong></span> <span class='ocrx_word' id='word_1_24' title='bbox 2430 554 2614 601; x_wconf 89' lang='lat' dir='ltr'><strong>autem</strong></span> <span class='ocrx_word' id='word_1_25' title='bbox 2663 560 2857 599; x_wconf 82' lang='lat' dir='ltr'><strong>rursus</strong></span> <span class='ocrx_word' id='word_1_26' title='bbox 2900 558 3163 615; x_wconf 82' lang='lat' dir='ltr'><strong>apparere</strong></span> <span class='ocrx_word' id='word_1_27' title='bbox 3208 543 3367 599; x_wconf 89' lang='lat' dir='ltr'><strong>nobis</strong></span> <span class='ocrx_word' id='word_1_28' title='bbox 3397 545 3537 599; x_wconf 87' lang='lat' dir='ltr'><strong>ratio</strong></span> 
     </span>
    </p>
   </div>
   <div class='ocr_carea' id='block_1_7' title="bbox 265 640 1852 715">
    <p class='ocr_par' dir='ltr' id='par_1_7' title="bbox 265 640 1852 715">
     <span class='ocr_line' id='line_1_7' title="bbox 265 640 1852 715; baseline -0.014 0"><span class='ocrx_word' id='word_1_29' title='bbox 265 646 463 715; x_wconf 70' lang='grc' dir='ltr'><strong>χρῆναι</strong></span> <span class='ocrx_word' id='word_1_30' title='bbox 515 643 755 713; x_wconf 78' lang='grc' dir='ltr'>πληγαῖς</span> <span class='ocrx_word' id='word_1_31' title='bbox 808 640 1028 714; x_wconf 83' lang='grc' dir='ltr'>ἀριθμῷ</span> <span class='ocrx_word' id='word_1_32' title='bbox 1073 641 1481 713; x_wconf 78' lang='grc' dir='ltr'>τεσσαράκοντα</span> <span class='ocrx_word' id='word_1_33' title='bbox 1519 642 1709 713; x_wconf 79' lang='grc' dir='ltr'><strong>μόναις</strong></span> <span class='ocrx_word' id='word_1_34' title='bbox 1752 659 1852 695; x_wconf 86' lang='grc' dir='ltr'>κα-</span> 
     </span>
    </p>
   </div>
   <div class='ocr_carea' id='block_1_8' title="bbox 265 734 1853 806">
    <p class='ocr_par' dir='ltr' id='par_1_8' title="bbox 265 734 1853 806">
     <span class='ocr_line' id='line_1_8' title="bbox 265 734 1853 806; baseline -0.003 -16"><span class='ocrx_word' id='word_1_35' title='bbox 265 734 599 790; x_wconf 81' lang='grc' dir='ltr'>ταπαίεσθαι</span> <span class='ocrx_word' id='word_1_36' title='bbox 632 737 761 797; x_wconf 83' lang='grc' dir='ltr'>τοὺς</span> <span class='ocrx_word' id='word_1_37' title='bbox 794 734 1311 804; x_wconf 77' lang='grc' dir='ltr'>κατεγνωσμένους;</span> <span class='ocrx_word' id='word_1_38' title='bbox 1343 734 1589 806; x_wconf 75' lang='grc' dir='ltr'>αἰσχύνει</span> <span class='ocrx_word' id='word_1_39' title='bbox 1618 734 1674 787; x_wconf 87' lang='grc' dir='ltr'>δὲ</span> <span class='ocrx_word' id='word_1_40' title='bbox 1706 734 1853 797; x_wconf 84' lang='grc' dir='ltr'>ὅπως</span> 
     </span>
    </p>
   </div>
   <div class='ocr_carea' id='block_1_9' title="bbox 264 822 1180 895">
    <p class='ocr_par' dir='ltr' id='par_1_9' title="bbox 264 822 1180 895">
     <span class='ocr_line' id='line_1_9' title="bbox 264 822 1180 895; baseline -0.001 -17"><span class='ocrx_word' id='word_1_41' title='bbox 264 825 442 888; x_wconf 82' lang='grc' dir='ltr'>τινὰς,</span> <span class='ocrx_word' id='word_1_42' title='bbox 470 826 531 877; x_wconf 87' lang='grc' dir='ltr'><strong>τὸ</strong></span> <span class='ocrx_word' id='word_1_43' title='bbox 565 825 703 893; x_wconf 79' lang='grc' dir='ltr'>ὑπὲρ</span> <span class='ocrx_word' id='word_1_44' title='bbox 728 822 918 876; x_wconf 76' lang='grc' dir='ltr'>τούτου</span> <span class='ocrx_word' id='word_1_45' title='bbox 951 824 1180 895; x_wconf 79' lang='grc' dir='ltr'><strong>φράσον.</strong></span> 
     </span>
    </p>
   </div>
   <div class='ocr_carea' id='block_1_10' title="bbox 344 1000 1851 1073">
    <p class='ocr_par' dir='ltr' id='par_1_10' title="bbox 344 1000 1851 1073">
     <span class='ocr_line' id='line_1_10' title="bbox 344 1000 1851 1073; baseline -0.002 -16"><span class='ocrx_word' id='word_1_46' title='bbox 344 1004 508 1058; x_wconf 75' lang='grc' dir='ltr'><strong>ΚΥΡ.</strong></span> <span class='ocrx_word' id='word_1_47' title='bbox 557 1003 718 1056; x_wconf 82' lang='grc' dir='ltr'>Κατά</span> <span class='ocrx_word' id='word_1_48' title='bbox 765 1001 995 1063; x_wconf 83' lang='grc' dir='ltr'>πολλοὺς</span> <span class='ocrx_word' id='word_1_49' title='bbox 1042 1004 1176 1073; x_wconf 75' lang='grc' dir='ltr'>ἡμῖν</span> <span class='ocrx_word' id='word_1_50' title='bbox 1222 1003 1459 1073; x_wconf 80' lang='grc' dir='ltr'><strong>τρόπους</strong></span> <span class='ocrx_word' id='word_1_51' title='bbox 1507 1003 1567 1055; x_wconf 90' lang='grc' dir='ltr'><strong>τὸ</strong></span> <span class='ocrx_word' id='word_1_52' title='bbox 1616 1000 1851 1072; x_wconf 82' lang='grc' dir='ltr'>Χριστοῦ</span> 
     </span>
    </p>
   </div>
   <div class='ocr_carea' id='block_1_11' title="bbox 274 1093 1854 1164">
    <p class='ocr_par' dir='ltr' id='par_1_11' title="bbox 274 1093 1854 1164">
     <span class='ocr_line' id='line_1_11' title="bbox 274 1093 1854 1164; baseline -0.001 -17"><span class='ocrx_word' id='word_1_53' title='bbox 274 1095 581 1164; x_wconf 86' lang='grc' dir='ltr'>μυστήριον</span> <span class='ocrx_word' id='word_1_54' title='bbox 623 1096 1047 1162; x_wconf 85' lang='grc' dir='ltr'>σκιαγραφεῖται</span> <span class='ocrx_word' id='word_1_55' title='bbox 1096 1094 1276 1157; x_wconf 78' lang='grc' dir='ltr'>καλῶς</span> <span class='ocrx_word' id='word_1_56' title='bbox 1327 1094 1417 1147; x_wconf 86' lang='grc' dir='ltr'>διὰ</span> <span class='ocrx_word' id='word_1_57' title='bbox 1464 1094 1564 1162; x_wconf 76' lang='grc' dir='ltr'>τῆς</span> <span class='ocrx_word' id='word_1_58' title='bbox 1620 1093 1854 1164; x_wconf 77' lang='grc' dir='ltr'><strong>ἀρχαίας</strong></span> 
     </span>
    </p>
   </div>
   <div class='ocr_carea' id='block_1_12' title="bbox 270 1181 1851 1253">
    <p class='ocr_par' dir='ltr' id='par_1_12' title="bbox 270 1181 1851 1253">
     <span class='ocr_line' id='line_1_12' title="bbox 270 1181 1851 1253; baseline 0.001 -20"><span class='ocrx_word' id='word_1_59' title='bbox 270 1182 517 1252; x_wconf 80' lang='grc' dir='ltr'>ἐντολῆς,</span> <span class='ocrx_word' id='word_1_60' title='bbox 542 1181 637 1234; x_wconf 78' lang='grc' dir='ltr'>καὶ</span> <span class='ocrx_word' id='word_1_61' title='bbox 658 1182 720 1232; x_wconf 88' lang='grc' dir='ltr'><strong>τὸ</strong></span> <span class='ocrx_word' id='word_1_62' title='bbox 750 1182 1018 1252; x_wconf 88' lang='grc' dir='ltr'>σωτήριον</span> <span class='ocrx_word' id='word_1_63' title='bbox 1046 1183 1177 1251; x_wconf 86' lang='grc' dir='ltr'>ήμῖν</span> <span class='ocrx_word' id='word_1_64' title='bbox 1209 1183 1374 1235; x_wconf 71' lang='grc' dir='ltr'>οἱονεὶ</span> <span class='ocrx_word' id='word_1_65' title='bbox 1399 1183 1851 1253; x_wconf 84' lang='grc' dir='ltr'>πλαστουργεῖται</span> 
     </span>
    </p>
   </div>
   <div class='ocr_carea' id='block_1_13' title="bbox 269 1262 1853 1343">
    <p class='ocr_par' dir='ltr' id='par_1_13' title="bbox 269 1262 1853 1343">
     <span class='ocr_line' id='line_1_13' title="bbox 269 1262 1853 1343; baseline 0 -20"><span class='ocrx_word' id='word_1_66' title='bbox 269 1271 464 1334; x_wconf 81' lang='grc' dir='ltr'>πάθος.</span> <span class='ocrx_word' id='word_1_67' title='bbox 491 1273 551 1322; x_wconf 79' lang='grc' dir='ltr'>ὲν</span> <span class='ocrx_word' id='word_1_68' title='bbox 572 1262 638 1338; x_wconf 84' lang='grc' dir='ltr'><strong>ᾧ,</strong></span> <span class='ocrx_word' id='word_1_69' title='bbox 674 1270 770 1323; x_wconf 76' lang='grc' dir='ltr'><strong>καὶ</strong></span> <span class='ocrx_word' id='word_1_70' title='bbox 796 1272 866 1323; x_wconf 80' lang='grc' dir='ltr'>δι’</span> <span class='ocrx_word' id='word_1_71' title='bbox 895 1265 956 1324; x_wconf 78' lang='grc' dir='ltr'><strong>οὖ</strong></span> <span class='ocrx_word' id='word_1_72' title='bbox 986 1271 1184 1334; x_wconf 78' lang='grc' dir='ltr'>παντὸς</span> <span class='ocrx_word' id='word_1_73' title='bbox 1214 1271 1610 1343; x_wconf 77' lang='grc' dir='ltr'><strong>ἀπηλλάγμεθα</strong></span> <span class='ocrx_word' id='word_1_74' title='bbox 1634 1270 1726 1323; x_wconf 88' lang='grc' dir='ltr'><strong>τοῦ</strong></span> <span class='ocrx_word' id='word_1_75' title='bbox 1756 1288 1853 1323; x_wconf 85' lang='grc' dir='ltr'>κα-</span> 
     </span>
    </p>
   </div>
   <div class='ocr_carea' id='block_1_14' title="bbox 267 1360 1850 1432">
    <p class='ocr_par' dir='ltr' id='par_1_14' title="bbox 267 1360 1850 1432">
     <span class='ocr_line' id='line_1_14' title="bbox 267 1360 1850 1432; baseline -0.001 -18"><span class='ocrx_word' id='word_1_76' title='bbox 267 1362 402 1414; x_wconf 86' lang='grc' dir='ltr'>κοῦν</span> <span class='ocrx_word' id='word_1_77' title='bbox 438 1361 751 1431; x_wconf 77' lang='grc' dir='ltr'>ἰσχύοντος,</span> <span class='ocrx_word' id='word_1_78' title='bbox 785 1362 879 1414; x_wconf 82' lang='grc' dir='ltr'>καὶ</span> <span class='ocrx_word' id='word_1_79' title='bbox 907 1360 1225 1431; x_wconf 79' lang='grc' dir='ltr'><strong>ἀνηκέστοις</strong></span> <span class='ocrx_word' id='word_1_80' title='bbox 1259 1363 1404 1432; x_wconf 79' lang='grc' dir='ltr'>ἡμᾶς</span> <span class='ocrx_word' id='word_1_81' title='bbox 1438 1360 1671 1423; x_wconf 80' lang='grc' dir='ltr'>ὲνιέντος</span> <span class='ocrx_word' id='word_1_82' title='bbox 1710 1377 1850 1431; x_wconf 88' lang='grc' dir='ltr'>συμ-</span> 
     </span>
    </p>
   </div>
   <div class='ocr_carea' id='block_1_15' title="bbox 265 1446 1851 1521">
    <p class='ocr_par' dir='ltr' id='par_1_15' title="bbox 265 1446 1851 1521">
     <span class='ocr_line' id='line_1_15' title="bbox 265 1446 1851 1521; baseline -0.001 -18"><span class='ocrx_word' id='word_1_83' title='bbox 265 1453 464 1518; x_wconf 77' lang='grc' dir='ltr'>φοραῖς</span> <span class='ocrx_word' id='word_1_84' title='bbox 486 1467 502 1480; x_wconf 88' lang='grc'><strong>·</strong></span> <span class='ocrx_word' id='word_1_85' title='bbox 550 1451 643 1503; x_wconf 59' lang='grc' dir='ltr'><strong>καὶ⁷</strong></span> <span class='ocrx_word' id='word_1_86' title='bbox 676 1451 866 1521; x_wconf 85' lang='grc' dir='ltr'>ὥσπερ</span> <span class='ocrx_word' id='word_1_87' title='bbox 893 1448 1120 1519; x_wconf 74' lang='grc' dir='ltr'>ἔναγχος</span> <span class='ocrx_word' id='word_1_88' title='bbox 1159 1449 1317 1519; x_wconf 77' lang='grc' dir='ltr'>ἔφην,</span> <span class='ocrx_word' id='word_1_89' title='bbox 1352 1450 1414 1503; x_wconf 89' lang='grc' dir='ltr'><strong>τὸ</strong></span> <span class='ocrx_word' id='word_1_90' title='bbox 1447 1449 1514 1501; x_wconf 88' lang='grc' dir='ltr'>δι’</span> <span class='ocrx_word' id='word_1_91' title='bbox 1540 1446 1678 1502; x_wconf 83' lang='grc' dir='ltr'>ὲπτά</span> <span class='ocrx_word' id='word_1_92' title='bbox 1714 1447 1851 1501; x_wconf 79' lang='grc' dir='ltr'>ἐτῶν</span> 
     </span>
    </p>
   </div>
   <div class='ocr_carea' id='block_1_16' title="bbox 262 1539 1852 1611">
    <p class='ocr_par' dir='ltr' id='par_1_16' title="bbox 262 1539 1852 1611">
     <span class='ocr_line' id='line_1_16' title="bbox 262 1539 1852 1611; baseline -0.001 -17"><span class='ocrx_word' id='word_1_93' title='bbox 262 1541 518 1594; x_wconf 85' lang='grc' dir='ltr'>ἀνεῖσθαι</span> <span class='ocrx_word' id='word_1_94' title='bbox 555 1541 683 1604; x_wconf 75' lang='grc' dir='ltr'>τοὺς</span> <span class='ocrx_word' id='word_1_95' title='bbox 706 1539 1026 1611; x_wconf 81' lang='grc' dir='ltr'><strong>ὠφληκότας</strong></span> <span class='ocrx_word' id='word_1_96' title='bbox 1046 1582 1061 1606; x_wconf 93' lang='grc'>,</span> <span class='ocrx_word' id='word_1_97' title='bbox 1084 1540 1175 1593; x_wconf 86' lang='grc' dir='ltr'><strong>τὸν</strong></span> <span class='ocrx_word' id='word_1_98' title='bbox 1203 1540 1303 1610; x_wconf 84' lang='grc' dir='ltr'>τῆς</span> <span class='ocrx_word' id='word_1_99' title='bbox 1328 1541 1580 1594; x_wconf 86' lang='grc' dir='ltr'>ἀπάντων</span> <span class='ocrx_word' id='word_1_100' title='bbox 1602 1541 1852 1608; x_wconf 81' lang='grc' dir='ltr'>ἀφέσεως</span> 
     </span>
    </p>
   </div>
   <div class='ocr_carea' id='block_1_17' title="bbox 265 1630 1846 1704">
    <p class='ocr_par' dir='ltr' id='par_1_17' title="bbox 265 1630 1846 1704">
     <span class='ocr_line' id='line_1_17' title="bbox 265 1630 1846 1704; baseline -0.004 -17"><span class='ocrx_word' id='word_1_101' title='bbox 265 1634 466 1704; x_wconf 81' lang='grc' dir='ltr'>καιρὸν</span> <span class='ocrx_word' id='word_1_102' title='bbox 505 1632 901 1686; x_wconf 83' lang='grc' dir='ltr'>ὑπαινίττεται.</span> <span class='ocrx_word' id='word_1_103' title='bbox 932 1630 1342 1701; x_wconf 83' lang='grc' dir='ltr'>Δεδικαιώμεθα</span> <span class='ocrx_word' id='word_1_104' title='bbox 1374 1632 1480 1701; x_wconf 82' lang='grc' dir='ltr'>γὰρ</span> <span class='ocrx_word' id='word_1_105' title='bbox 1502 1633 1559 1684; x_wconf 81' lang='grc' dir='ltr'>ὲν</span> <span class='ocrx_word' id='word_1_106' title='bbox 1592 1630 1811 1700; x_wconf 85' lang='grc' dir='ltr'>Χριστῷ</span> <span class='ocrx_word' id='word_1_107' title='bbox 1831 1671 1846 1693; x_wconf 95' lang='grc'>,</span> 
     </span>
    </p>
   </div>
   <div class='ocr_carea' id='block_1_18' title="bbox 264 1724 1852 1795">
    <p class='ocr_par' dir='ltr' id='par_1_18' title="bbox 264 1724 1852 1795">
     <span class='ocr_line' id='line_1_18' title="bbox 264 1724 1852 1795; baseline -0.003 -16"><span class='ocrx_word' id='word_1_108' title='bbox 264 1727 366 1779; x_wconf 80' lang='grc' dir='ltr'>καὶ</span> <span class='ocrx_word' id='word_1_109' title='bbox 385 1724 749 1795; x_wconf 83' lang='grc' dir='ltr'>δεδιδάγμεθα</span> <span class='ocrx_word' id='word_1_110' title='bbox 769 1724 949 1792; x_wconf 88' lang='grc' dir='ltr'>λέγειν</span> <span class='ocrx_word' id='word_1_111' title='bbox 970 1726 1028 1776; x_wconf 74' lang='grc' dir='ltr'>ἐν</span> <span class='ocrx_word' id='word_1_112' title='bbox 1051 1726 1403 1795; x_wconf 86' lang='grc' dir='ltr'>προσευχαῖς,</span> <span class='ocrx_word' id='word_1_113' title='bbox 1427 1724 1565 1793; x_wconf 88' lang='grc' dir='ltr'>πρὸς</span> <span class='ocrx_word' id='word_1_114' title='bbox 1588 1724 1677 1775; x_wconf 85' lang='grc' dir='ltr'><strong>τὸν</strong></span> <span class='ocrx_word' id='word_1_115' title='bbox 1695 1726 1750 1776; x_wconf 74' lang='grc' dir='ltr'>ὲν</span> <span class='ocrx_word' id='word_1_116' title='bbox 1769 1726 1852 1776; x_wconf 57' lang='lat'><strong>0‘3-</strong></span> 
     </span>
    </p>
   </div>
   <div class='ocr_carea' id='block_1_19' title="bbox 266 1813 1850 1885">
    <p class='ocr_par' dir='ltr' id='par_1_19' title="bbox 266 1813 1850 1885">
     <span class='ocr_line' id='line_1_19' title="bbox 266 1813 1850 1885; baseline 0.001 -18"><span class='ocrx_word' id='word_1_117' title='bbox 266 1817 456 1885; x_wconf 79' lang='grc' dir='ltr'>ρανοῖς</span> <span class='ocrx_word' id='word_1_118' title='bbox 479 1814 695 1883; x_wconf 81' lang='grc' dir='ltr'>Πατέρα</span> <span class='ocrx_word' id='word_1_119' title='bbox 718 1814 812 1866; x_wconf 70' lang='grc' dir='ltr'><strong>καὶ</strong></span> <span class='ocrx_word' id='word_1_120' title='bbox 839 1813 989 1877; x_wconf 90' lang='grc' dir='ltr'>Θεὸν,</span> <span class='ocrx_word' id='word_1_121' title='bbox 1017 1832 1036 1865; x_wconf 78' lang='grc' dir='ltr'><strong>ι</strong></span> <span class='ocrx_word' id='word_1_122' title='bbox 1053 1814 1223 1881; x_wconf 81' lang='grc' dir='ltr'>Ἀφες</span> <span class='ocrx_word' id='word_1_123' title='bbox 1257 1815 1385 1884; x_wconf 82' lang='grc' dir='ltr'>ἡμῖν</span> <span class='ocrx_word' id='word_1_124' title='bbox 1407 1814 1475 1867; x_wconf 78' lang='grc' dir='ltr'><strong>τὰ</strong></span> <span class='ocrx_word' id='word_1_125' title='bbox 1508 1815 1850 1885; x_wconf 73' lang='grc' dir='ltr'>ὀφειλήματα</span> 
     </span>
    </p>
   </div>
   <div class='ocr_carea' id='block_1_20' title="bbox 261 1904 1848 1976">
    <p class='ocr_par' dir='ltr' id='par_1_20' title="bbox 261 1904 1848 1976">
     <span class='ocr_line' id='line_1_20' title="bbox 261 1904 1848 1976; baseline 0.001 -18"><span class='ocrx_word' id='word_1_126' title='bbox 261 1904 447 1976; x_wconf 74' lang='grc' dir='ltr'>ἡμῶν·</span> <span class='ocrx_word' id='word_1_127' title='bbox 460 1925 480 1955; x_wconf 72' lang='grc' dir='ltr'><strong>ι</strong></span> <span class='ocrx_word' id='word_1_128' title='bbox 504 1904 647 1957; x_wconf 77' lang='grc' dir='ltr'>οὕτω</span> <span class='ocrx_word' id='word_1_129' title='bbox 667 1904 919 1968; x_wconf 77' lang='grc' dir='ltr'>κάνθάδε,</span> <span class='ocrx_word' id='word_1_130' title='bbox 938 1904 1000 1957; x_wconf 89' lang='grc' dir='ltr'><strong>τὸ</strong></span> <span class='ocrx_word' id='word_1_131' title='bbox 1019 1905 1178 1975; x_wconf 84' lang='grc' dir='ltr'>μέχρι</span> <span class='ocrx_word' id='word_1_132' title='bbox 1200 1904 1423 1975; x_wconf 83' lang='grc' dir='ltr'><strong>πληγῶν</strong></span> <span class='ocrx_word' id='word_1_133' title='bbox 1443 1906 1848 1975; x_wconf 86' lang='grc' dir='ltr'>τεσσαράκοντα</span> 
     </span>
    </p>
   </div>
   <div class='ocr_carea' id='block_1_21' title="bbox 262 1996 1845 2067">
    <p class='ocr_par' dir='ltr' id='par_1_21' title="bbox 262 1996 1845 2067">
     <span class='ocr_line' id='line_1_21' title="bbox 262 1996 1845 2067; baseline 0 -18"><span class='ocrx_word' id='word_1_134' title='bbox 262 2000 535 2067; x_wconf 79' lang='grc' dir='ltr'>προήκειν</span> <span class='ocrx_word' id='word_1_135' title='bbox 585 1998 698 2060; x_wconf 84' lang='grc' dir='ltr'>τοῖς</span> <span class='ocrx_word' id='word_1_136' title='bbox 747 1997 1037 2062; x_wconf 79' lang='grc' dir='ltr'>παίουσιν,</span> <span class='ocrx_word' id='word_1_137' title='bbox 1083 1998 1201 2067; x_wconf 71' lang='grc' dir='ltr'>ἢτοι</span> <span class='ocrx_word' id='word_1_138' title='bbox 1252 1996 1569 2067; x_wconf 80' lang='grc' dir='ltr'>παιομένοις</span> <span class='ocrx_word' id='word_1_139' title='bbox 1612 1996 1711 2059; x_wconf 84' lang='grc' dir='ltr'>τὰς</span> <span class='ocrx_word' id='word_1_140' title='bbox 1757 1996 1845 2049; x_wconf 87' lang='grc' dir='ltr'><strong>’ὁιά</strong></span> 
     </span>
    </p>
   </div>
   <div class='ocr_carea' id='block_1_22' title="bbox 265 2087 1846 2160">
    <p class='ocr_par' dir='ltr' id='par_1_22' title="bbox 265 2087 1846 2160">
     <span class='ocr_line' id='line_1_22' title="bbox 265 2087 1846 2160; baseline -0.003 -16"><span class='ocrx_word' id='word_1_141' title='bbox 265 2090 554 2159; x_wconf 81' lang='grc' dir='ltr'>μαστίγων</span> <span class='ocrx_word' id='word_1_142' title='bbox 600 2090 811 2151; x_wconf 89' lang='grc' dir='ltr'>αίκίας,</span> <span class='ocrx_word' id='word_1_143' title='bbox 863 2090 953 2142; x_wconf 84' lang='grc' dir='ltr'><strong>τὸν</strong></span> <span class='ocrx_word' id='word_1_144' title='bbox 1006 2088 1330 2159; x_wconf 79' lang='grc' dir='ltr'>τριπόθητον</span> <span class='ocrx_word' id='word_1_145' title='bbox 1374 2090 1504 2160; x_wconf 71' lang='grc' dir='ltr'>ἡμῖν</span> <span class='ocrx_word' id='word_1_146' title='bbox 1559 2088 1659 2157; x_wconf 81' lang='grc' dir='ltr'>τῆς</span> <span class='ocrx_word' id='word_1_147' title='bbox 1709 2087 1846 2159; x_wconf 82' lang='grc' dir='ltr'><strong>μετά</strong></span> 
     </span>
    </p>
   </div>
   <div class='ocr_carea' id='block_1_23' title="bbox 265 2178 1840 2251">
    <p class='ocr_par' dir='ltr' id='par_1_23' title="bbox 265 2178 1840 2251">
     <span class='ocr_line' id='line_1_23' title="bbox 265 2178 1840 2251; baseline -0.001 -18"><span class='ocrx_word' id='word_1_148' title='bbox 265 2181 475 2251; x_wconf 84' lang='grc' dir='ltr'>σαρκὸς</span> <span class='ocrx_word' id='word_1_149' title='bbox 498 2180 808 2249; x_wconf 74' lang='grc' dir='ltr'>οἰκονομίας</span> <span class='ocrx_word' id='word_1_150' title='bbox 836 2179 930 2232; x_wconf 85' lang='grc' dir='ltr'><strong>τοῦ</strong></span> <span class='ocrx_word' id='word_1_151' title='bbox 955 2179 1293 2246; x_wconf 85' lang='grc' dir='ltr'>Μονογενοῦς</span> <span class='ocrx_word' id='word_1_152' title='bbox 1318 2179 1605 2247; x_wconf 75' lang='grc' dir='ltr'>ἀποφαίνει</span> <span class='ocrx_word' id='word_1_153' title='bbox 1630 2178 1840 2251; x_wconf 84' lang='grc' dir='ltr'>καιρὸν,</span> 
     </span>
    </p>
   </div>
   <div class='ocr_carea' id='block_1_24' title="bbox 263 2267 1846 2341">
    <p class='ocr_par' dir='ltr' id='par_1_24' title="bbox 263 2267 1846 2341">
     <span class='ocr_line' id='line_1_24' title="bbox 263 2267 1846 2341; baseline -0.001 -18"><span class='ocrx_word' id='word_1_154' title='bbox 263 2269 393 2323; x_wconf 80' lang='grc' dir='ltr'>καθ’</span> <span class='ocrx_word' id='word_1_155' title='bbox 430 2271 491 2323; x_wconf 78' lang='grc' dir='ltr'>ὃν</span> <span class='ocrx_word' id='word_1_156' title='bbox 523 2269 599 2341; x_wconf 85' lang='grc' dir='ltr'>τῷ</span> <span class='ocrx_word' id='word_1_157' title='bbox 639 2270 867 2341; x_wconf 83' lang='grc' dir='ltr'>μώλωπι</span> <span class='ocrx_word' id='word_1_158' title='bbox 910 2270 1076 2322; x_wconf 76' lang='grc' dir='ltr'>αὐτοῦ</span> <span class='ocrx_word' id='word_1_159' title='bbox 1122 2272 1283 2340; x_wconf 85' lang='grc' dir='ltr'>ήμεῖς</span> <span class='ocrx_word' id='word_1_160' title='bbox 1320 2267 1578 2341; x_wconf 87' lang='grc' dir='ltr'>ἰάθημεν,</span> <span class='ocrx_word' id='word_1_161' title='bbox 1619 2270 1711 2322; x_wconf 76' lang='grc' dir='ltr'>καὶ</span> <span class='ocrx_word' id='word_1_162' title='bbox 1751 2285 1846 2339; x_wconf 54' lang='grc' dir='ltr'>μεθ</span> 
     </span>
    </p>
   </div>
   <div class='ocr_carea' id='block_1_25' title="bbox 265 2358 1846 2431">
    <p class='ocr_par' dir='ltr' id='par_1_25' title="bbox 265 2358 1846 2431">
     <span class='ocr_line' id='line_1_25' title="bbox 265 2358 1846 2431; baseline -0.003 -17"><span class='ocrx_word' id='word_1_163' title='bbox 265 2361 605 2431; x_wconf 82' lang='grc' dir='ltr'>μαλάκισται</span> <span class='ocrx_word' id='word_1_164' title='bbox 638 2362 737 2431; x_wconf 81' lang='grc' dir='ltr'>μὲν</span> <span class='ocrx_word' id='word_1_165' title='bbox 771 2361 933 2425; x_wconf 83' lang='grc' dir='ltr'>αὐτὸς</span> <span class='ocrx_word' id='word_1_166' title='bbox 965 2361 1053 2415; x_wconf 83' lang='grc' dir='ltr'><strong>διὰ</strong></span> <span class='ocrx_word' id='word_1_167' title='bbox 1088 2360 1186 2424; x_wconf 82' lang='grc' dir='ltr'>τὰς</span> <span class='ocrx_word' id='word_1_168' title='bbox 1220 2362 1491 2431; x_wconf 83' lang='grc' dir='ltr'>ἁμαρτίας</span> <span class='ocrx_word' id='word_1_169' title='bbox 1525 2358 1712 2431; x_wconf 79' lang='grc' dir='ltr'>ἡμῶν,</span> <span class='ocrx_word' id='word_1_170' title='bbox 1745 2360 1846 2426; x_wconf 87' lang='grc' dir='ltr'><strong>ὲμ-</strong></span> 
     </span>
    </p>
   </div>
   <div class='ocr_carea' id='block_1_26' title="bbox 263 2451 1845 2525">
    <p class='ocr_par' dir='ltr' id='par_1_26' title="bbox 263 2451 1845 2525">
     <span class='ocr_line' id='line_1_26' title="bbox 263 2451 1845 2525; baseline -0.003 -18"><span class='ocrx_word' id='word_1_171' title='bbox 263 2454 720 2525; x_wconf 74' lang='grc' dir='ltr'>παροινησάντων</span> <span class='ocrx_word' id='word_1_172' title='bbox 755 2456 835 2517; x_wconf 88' lang='grc' dir='ltr'><strong>είς</strong></span> <span class='ocrx_word' id='word_1_173' title='bbox 884 2454 1047 2507; x_wconf 80' lang='grc' dir='ltr'>αὐτὸν</span> <span class='ocrx_word' id='word_1_174' title='bbox 1092 2453 1199 2506; x_wconf 82' lang='grc' dir='ltr'><strong>τῶν</strong></span> <span class='ocrx_word' id='word_1_175' title='bbox 1250 2453 1307 2520; x_wconf 78' lang='grc' dir='ltr'>ἐξ</span> <span class='ocrx_word' id='word_1_176' title='bbox 1354 2452 1588 2523; x_wconf 81' lang='grc' dir='ltr'>Ἰσραὴλ,</span> <span class='ocrx_word' id='word_1_177' title='bbox 1627 2452 1721 2505; x_wconf 83' lang='grc' dir='ltr'><strong>καὶ</strong></span> <span class='ocrx_word' id='word_1_178' title='bbox 1747 2451 1845 2514; x_wconf 85' lang='grc' dir='ltr'><strong>τάς</strong></span> 
     </span>
    </p>
   </div>
   <div class='ocr_carea' id='block_1_27' title="bbox 262 2542 1846 2616">
    <p class='ocr_par' dir='ltr' id='par_1_27' title="bbox 262 2542 1846 2616">
     <span class='ocr_line' id='line_1_27' title="bbox 262 2542 1846 2616; baseline -0.003 -19"><span class='ocrx_word' id='word_1_179' title='bbox 262 2544 413 2598; x_wconf 79' lang='grc' dir='ltr'><strong>κατά</strong></span> <span class='ocrx_word' id='word_1_180' title='bbox 454 2543 640 2599; x_wconf 82' lang='grc' dir='ltr'>νώτων</span> <span class='ocrx_word' id='word_1_181' title='bbox 671 2545 885 2616; x_wconf 80' lang='grc' dir='ltr'>πληγὰς</span> <span class='ocrx_word' id='word_1_182' title='bbox 919 2545 1304 2613; x_wconf 79' lang='grc' dir='ltr'>ἐπενεγκόντος</span> <span class='ocrx_word' id='word_1_183' title='bbox 1348 2544 1610 2607; x_wconf 80' lang='grc' dir='ltr'><strong>Πιλάτου,</strong></span> <span class='ocrx_word' id='word_1_184' title='bbox 1653 2542 1846 2612; x_wconf 77' lang='grc' dir='ltr'>ποινῆς</span> 
     </span>
    </p>
   </div>
   <div class='ocr_carea' id='block_1_28' title="bbox 260 2629 1846 2712">
    <p class='ocr_par' dir='ltr' id='par_1_28' title="bbox 260 2629 1846 2712">
     <span class='ocr_line' id='line_1_28' title="bbox 260 2629 1846 2712; baseline -0.001 -23"><span class='ocrx_word' id='word_1_185' title='bbox 260 2637 319 2689; x_wconf 83' lang='grc' dir='ltr'>δὲ</span> <span class='ocrx_word' id='word_1_186' title='bbox 349 2639 515 2712; x_wconf 73' lang='grc' dir='ltr'>ήμετς</span> <span class='ocrx_word' id='word_1_187' title='bbox 548 2636 643 2689; x_wconf 76' lang='grc' dir='ltr'><strong>καὶ</strong></span> <span class='ocrx_word' id='word_1_188' title='bbox 680 2637 953 2699; x_wconf 77' lang='grc' dir='ltr'>κολάσεως</span> <span class='ocrx_word' id='word_1_189' title='bbox 988 2636 1319 2707; x_wconf 78' lang='grc' dir='ltr'>ἐξῃρήμεθα.</span> <span class='ocrx_word' id='word_1_190' title='bbox 1362 2636 1537 2689; x_wconf 84' lang='grc' dir='ltr'>Πάλαι</span> <span class='ocrx_word' id='word_1_191' title='bbox 1571 2634 1677 2704; x_wconf 88' lang='grc' dir='ltr'><strong>γάρ</strong></span> <span class='ocrx_word' id='word_1_192' title='bbox 1707 2629 1846 2703; x_wconf 80' lang='grc' dir='ltr'>ἦσαν</span> 
     </span>
    </p>
   </div>
   <div class='ocr_carea' id='block_1_29' title="bbox 263 2726 1846 2798">
    <p class='ocr_par' dir='ltr' id='par_1_29' title="bbox 263 2726 1846 2798">
     <span class='ocr_line' id='line_1_29' title="bbox 263 2726 1846 2798; baseline -0.004 -14"><span class='ocrx_word' id='word_1_193' title='bbox 263 2729 463 2784; x_wconf 51' lang='lat' dir='ltr'><strong>mihi.</strong></span> <span class='ocrx_word' id='word_1_194' title='bbox 486 2732 539 2782; x_wconf 90' lang='grc' dir='ltr'><strong>αί</strong></span> <span class='ocrx_word' id='word_1_195' title='bbox 565 2729 827 2798; x_wconf 82' lang='grc' dir='ltr'>μάστιγες</span> <span class='ocrx_word' id='word_1_196' title='bbox 850 2728 944 2781; x_wconf 87' lang='grc' dir='ltr'><strong>τοῦ</strong></span> <span class='ocrx_word' id='word_1_197' title='bbox 971 2726 1318 2798; x_wconf 86' lang='grc' dir='ltr'>ἀμαρτωλοῦ,</span> <span class='ocrx_word' id='word_1_198' title='bbox 1345 2726 1483 2780; x_wconf 70' lang='grc' dir='ltr'>κατὰ</span> <span class='ocrx_word' id='word_1_199' title='bbox 1510 2728 1571 2778; x_wconf 88' lang='grc' dir='ltr'><strong>τὸ</strong></span> <span class='ocrx_word' id='word_1_200' title='bbox 1598 2743 1846 2796; x_wconf 86' lang='grc' dir='ltr'>γεγραμ-</span> 
     </span>
    </p>
   </div>
   <div class='ocr_carea' id='block_1_30' title="bbox 268 2816 1846 2889">
    <p class='ocr_par' dir='ltr' id='par_1_30' title="bbox 268 2816 1846 2889">
     <span class='ocr_line' id='line_1_30' title="bbox 268 2816 1846 2889; baseline -0.003 -17"><span class='ocrx_word' id='word_1_201' title='bbox 268 2820 454 2888; x_wconf 77' lang='grc' dir='ltr'>μένον,</span> <span class='ocrx_word' id='word_1_202' title='bbox 491 2820 603 2874; x_wconf 77' lang='grc' dir='ltr'>ἀλλ’</span> <span class='ocrx_word' id='word_1_203' title='bbox 637 2820 779 2888; x_wconf 80' lang='grc' dir='ltr'>ὑπὲρ</span> <span class='ocrx_word' id='word_1_204' title='bbox 816 2820 971 2889; x_wconf 78' lang='grc' dir='ltr'>ήμῶν</span> <span class='ocrx_word' id='word_1_205' title='bbox 1003 2818 1302 2889; x_wconf 83' lang='grc' dir='ltr'>ὲμαστίχθη</span> <span class='ocrx_word' id='word_1_206' title='bbox 1345 2818 1577 2888; x_wconf 82' lang='grc' dir='ltr'>Χριστός</span> <span class='ocrx_word' id='word_1_207' title='bbox 1603 2834 1617 2849; x_wconf 77' lang='grc' dir='ltr'><strong><em>ο</em></strong></span> <span class='ocrx_word' id='word_1_208' title='bbox 1658 2816 1846 2885; x_wconf 83' lang='grc' dir='ltr'>ὥσπερ</span> 
     </span>
    </p>
   </div>
   <div class='ocr_carea' id='block_1_31' title="bbox 261 2907 1847 2979">
    <p class='ocr_par' dir='ltr' id='par_1_31' title="bbox 261 2907 1847 2979">
     <span class='ocr_line' id='line_1_31' title="bbox 261 2907 1847 2979; baseline -0.003 -17"><span class='ocrx_word' id='word_1_209' title='bbox 261 2910 380 2979; x_wconf 86' lang='grc' dir='ltr'><strong>γάρ</strong></span> <span class='ocrx_word' id='word_1_210' title='bbox 407 2910 546 2978; x_wconf 81' lang='grc' dir='ltr'>ὑπὲρ</span> <span class='ocrx_word' id='word_1_211' title='bbox 581 2909 801 2961; x_wconf 86' lang='grc' dir='ltr'>πάντων</span> <span class='ocrx_word' id='word_1_212' title='bbox 827 2908 1097 2961; x_wconf 79' lang='grc' dir='ltr'>ἀπέθανεν</span> <span class='ocrx_word' id='word_1_213' title='bbox 1120 2948 1134 2971; x_wconf 95' lang='grc'>,</span> <span class='ocrx_word' id='word_1_214' title='bbox 1166 2907 1308 2961; x_wconf 80' lang='grc' dir='ltr'>οὓτω</span> <span class='ocrx_word' id='word_1_215' title='bbox 1336 2909 1428 2960; x_wconf 74' lang='grc' dir='ltr'><strong>καὶ</strong></span> <span class='ocrx_word' id='word_1_216' title='bbox 1460 2907 1599 2973; x_wconf 80' lang='grc' dir='ltr'>ὑπὲρ</span> <span class='ocrx_word' id='word_1_217' title='bbox 1630 2907 1847 2959; x_wconf 87' lang='grc' dir='ltr'>πάντων</span> 
     </span>
    </p>
   </div>
   <div class='ocr_carea' id='block_1_32' title="bbox 263 2996 1846 3070">
    <p class='ocr_par' dir='ltr' id='par_1_32' title="bbox 263 2996 1846 3070">
     <span class='ocr_line' id='line_1_32' title="bbox 263 2996 1846 3070; baseline -0.004 -17"><span class='ocrx_word' id='word_1_218' title='bbox 263 2999 633 3070; x_wconf 68' lang='grc' dir='ltr'>ἐμαστιγοῦτο</span> <span class='ocrx_word' id='word_1_219' title='bbox 674 3000 861 3062; x_wconf 86' lang='grc' dir='ltr'>πάλιν,</span> <span class='ocrx_word' id='word_1_220' title='bbox 898 2997 978 3061; x_wconf 72' lang='grc' dir='ltr'>εἷς</span> <span class='ocrx_word' id='word_1_221' title='bbox 1014 2998 1089 3052; x_wconf 85' lang='grc' dir='ltr'>ὣν</span> <span class='ocrx_word' id='word_1_222' title='bbox 1119 2999 1147 3050; x_wconf 97' lang='lat'><strong>6</strong></span> <span class='ocrx_word' id='word_1_223' title='bbox 1185 2999 1398 3051; x_wconf 84' lang='grc' dir='ltr'>πάντων</span> <span class='ocrx_word' id='word_1_224' title='bbox 1440 2996 1708 3061; x_wconf 82' lang='grc' dir='ltr'>ἀντάξιος.</span> <span class='ocrx_word' id='word_1_225' title='bbox 1744 2996 1846 3049; x_wconf 88' lang='grc' dir='ltr'><strong>Τὸν</strong></span> 
     </span>
    </p>
   </div>
   <div class='ocr_carea' id='block_1_33' title="bbox 260 3087 1848 3162">
    <p class='ocr_par' dir='ltr' id='par_1_33' title="bbox 260 3087 1848 3162">
     <span class='ocr_line' id='line_1_33' title="bbox 260 3087 1848 3162; baseline -0.003 -17"><span class='ocrx_word' id='word_1_226' title='bbox 260 3092 322 3145; x_wconf 76' lang='grc' dir='ltr'><strong>δέ</strong></span> <span class='ocrx_word' id='word_1_227' title='bbox 363 3108 428 3159; x_wconf 84' lang='grc' dir='ltr'><strong>γε</strong></span> <span class='ocrx_word' id='word_1_228' title='bbox 466 3092 1049 3162; x_wconf 84' lang='grc' dir='ltr'>τεσσαρακονθήμερον</span> <span class='ocrx_word' id='word_1_229' title='bbox 1087 3089 1320 3161; x_wconf 83' lang='grc' dir='ltr'>ἀριθμὸν</span> <span class='ocrx_word' id='word_1_230' title='bbox 1352 3091 1430 3153; x_wconf 86' lang='grc' dir='ltr'>εἰς</span> <span class='ocrx_word' id='word_1_231' title='bbox 1473 3091 1561 3142; x_wconf 90' lang='grc' dir='ltr'><strong>τὸν</strong></span> <span class='ocrx_word' id='word_1_232' title='bbox 1591 3087 1848 3150; x_wconf 87' lang='grc' dir='ltr'>πεντάκις</span> 
     </span>
    </p>
   </div>
   <div class='ocr_carea' id='block_1_34' title="bbox 260 3179 1843 3254">
    <p class='ocr_par' dir='ltr' id='par_1_34' title="bbox 260 3179 1843 3254">
     <span class='ocr_line' id='line_1_34' title="bbox 260 3179 1843 3254; baseline -0.001 -19"><span class='ocrx_word' id='word_1_233' title='bbox 260 3182 414 3235; x_wconf 78' lang='grc' dir='ltr'>ὀκτὼ</span> <span class='ocrx_word' id='word_1_234' title='bbox 443 3183 789 3253; x_wconf 82' lang='grc' dir='ltr'>κατατεμὼν,</span> <span class='ocrx_word' id='word_1_235' title='bbox 828 3186 1101 3254; x_wconf 84' lang='grc' dir='ltr'>χρήσιμον</span> <span class='ocrx_word' id='word_1_236' title='bbox 1129 3184 1383 3253; x_wconf 79' lang='grc' dir='ltr'>εὑρήσεις</span> <span class='ocrx_word' id='word_1_237' title='bbox 1418 3185 1484 3253; x_wconf 82' lang='grc' dir='ltr'>τῇ</span> <span class='ocrx_word' id='word_1_238' title='bbox 1522 3182 1615 3235; x_wconf 86' lang='grc' dir='ltr'><strong>τοῦ</strong></span> <span class='ocrx_word' id='word_1_239' title='bbox 1645 3179 1843 3252; x_wconf 83' lang='grc' dir='ltr'>καιροῦ</span> 
     </span>
    </p>
   </div>
   <div class='ocr_carea' id='block_1_35' title="bbox 265 3268 1844 3343">
    <p class='ocr_par' dir='ltr' id='par_1_35' title="bbox 265 3268 1844 3343">
     <span class='ocr_line' id='line_1_35' title="bbox 265 3268 1844 3343; baseline -0.005 -16"><span class='ocrx_word' id='word_1_240' title='bbox 265 3271 539 3343; x_wconf 69' lang='grc' dir='ltr'>σημασίᾳ,</span> <span class='ocrx_word' id='word_1_241' title='bbox 567 3273 660 3326; x_wconf 89' lang='grc' dir='ltr'><strong>τὸν</strong></span> <span class='ocrx_word' id='word_1_242' title='bbox 689 3274 845 3326; x_wconf 74' lang='grc' dir='ltr'>πέντε</span> <span class='ocrx_word' id='word_1_243' title='bbox 870 3273 965 3327; x_wconf 75' lang='grc' dir='ltr'><strong>καὶ</strong></span> <span class='ocrx_word' id='word_1_244' title='bbox 992 3273 1083 3325; x_wconf 88' lang='grc' dir='ltr'><strong>τὸν</strong></span> <span class='ocrx_word' id='word_1_245' title='bbox 1124 3272 1270 3325; x_wconf 84' lang='grc' dir='ltr'>ὀκτὼ</span> <span class='ocrx_word' id='word_1_246' title='bbox 1294 3312 1309 3335; x_wconf 93' lang='grc'>,</span> <span class='ocrx_word' id='word_1_247' title='bbox 1338 3271 1701 3340; x_wconf 73' lang='grc' dir='ltr'>ἐπιδεδήμηκε</span> <span class='ocrx_word' id='word_1_248' title='bbox 1737 3268 1844 3338; x_wconf 86' lang='grc' dir='ltr'><strong>γάρ</strong></span> 
     </span>
    </p>
   </div>
   <div class='ocr_carea' id='block_1_36' title="bbox 260 3359 1846 3434">
    <p class='ocr_par' dir='ltr' id='par_1_36' title="bbox 260 3359 1846 3434">
     <span class='ocr_line' id='line_1_36' title="bbox 260 3359 1846 3434; baseline -0.006 -17"><span class='ocrx_word' id='word_1_249' title='bbox 260 3366 293 3417; x_wconf 86' lang='lat'><strong>6</strong></span> <span class='ocrx_word' id='word_1_250' title='bbox 326 3364 642 3433; x_wconf 82' lang='grc' dir='ltr'>Μονογενὴς</span> <span class='ocrx_word' id='word_1_251' title='bbox 674 3366 734 3417; x_wconf 76' lang='grc' dir='ltr'>ὲν</span> <span class='ocrx_word' id='word_1_252' title='bbox 769 3363 1008 3434; x_wconf 81' lang='grc' dir='ltr'>πέμπτῳ</span> <span class='ocrx_word' id='word_1_253' title='bbox 1034 3360 1211 3432; x_wconf 79' lang='grc' dir='ltr'>καιρῷ</span> <span class='ocrx_word' id='word_1_254' title='bbox 1231 3400 1244 3424; x_wconf 95' lang='grc'>,</span> <span class='ocrx_word' id='word_1_255' title='bbox 1274 3360 1415 3413; x_wconf 86' lang='grc' dir='ltr'><strong>κατά</strong></span> <span class='ocrx_word' id='word_1_256' title='bbox 1446 3376 1509 3427; x_wconf 87' lang='grc' dir='ltr'><strong>γε</strong></span> <span class='ocrx_word' id='word_1_257' title='bbox 1538 3360 1636 3429; x_wconf 84' lang='grc' dir='ltr'>τὴν</span> <span class='ocrx_word' id='word_1_258' title='bbox 1671 3359 1846 3425; x_wconf 81' lang='grc' dir='ltr'>Εὐαγ-</span> 
     </span>
    </p>
   </div>
   <div class='ocr_carea' id='block_1_37' title="bbox 263 3450 1844 3527">
    <p class='ocr_par' dir='ltr' id='par_1_37' title="bbox 263 3450 1844 3527">
     <span class='ocr_line' id='line_1_37' title="bbox 263 3450 1844 3527; baseline -0.003 -20"><span class='ocrx_word' id='word_1_259' title='bbox 263 3454 496 3524; x_wconf 70' lang='grc' dir='ltr'>γελικὴν</span> <span class='ocrx_word' id='word_1_260' title='bbox 523 3455 870 3527; x_wconf 62' lang='grc' dir='ltr'>παραϐολήν</span> <span class='ocrx_word' id='word_1_261' title='bbox 907 3454 1225 3527; x_wconf 81' lang='grc' dir='ltr'>Ἐμισθοῦτο</span> <span class='ocrx_word' id='word_1_262' title='bbox 1258 3452 1365 3523; x_wconf 89' lang='grc' dir='ltr'><strong>γάρ</strong></span> <span class='ocrx_word' id='word_1_263' title='bbox 1396 3469 1477 3515; x_wconf 88' lang='grc' dir='ltr'><strong>τις</strong></span> <span class='ocrx_word' id='word_1_264' title='bbox 1507 3455 1585 3513; x_wconf 89' lang='grc' dir='ltr'>εἰς</span> <span class='ocrx_word' id='word_1_265' title='bbox 1615 3451 1706 3503; x_wconf 88' lang='grc' dir='ltr'><strong>τὸν</strong></span> <span class='ocrx_word' id='word_1_266' title='bbox 1736 3450 1844 3520; x_wconf 87' lang='grc' dir='ltr'>ἀμ-</span> 
     </span>
    </p>
   </div>
   <div class='ocr_carea' id='block_1_38' title="bbox 258 3529 1845 3618">
    <p class='ocr_par' dir='ltr' id='par_1_38' title="bbox 258 3529 1845 3618">
     <span class='ocr_line' id='line_1_38' title="bbox 258 3529 1845 3618; baseline -0.003 -17"><span class='ocrx_word' id='word_1_267' title='bbox 258 3542 488 3601; x_wconf 76' lang='grc' dir='ltr'>πελῶνα</span> <span class='ocrx_word' id='word_1_268' title='bbox 525 3549 652 3611; x_wconf 84' lang='grc' dir='ltr'>τοὺς</span> <span class='ocrx_word' id='word_1_269' title='bbox 689 3548 927 3618; x_wconf 75' lang='grc' dir='ltr'>ἐργάτας</span> <span class='ocrx_word' id='word_1_270' title='bbox 952 3565 964 3578; x_wconf 75' lang='grc' dir='ltr'><strong>ο</strong></span> <span class='ocrx_word' id='word_1_271' title='bbox 1007 3547 1237 3613; x_wconf 74' lang='grc' dir='ltr'>ἐξελθὼν</span> <span class='ocrx_word' id='word_1_272' title='bbox 1289 3548 1345 3600; x_wconf 77' lang='grc' dir='ltr'>δὲ</span> <span class='ocrx_word' id='word_1_273' title='bbox 1383 3529 1511 3616; x_wconf 70' lang='grc' dir='ltr'>περὶ</span> <span class='ocrx_word' id='word_1_274' title='bbox 1550 3544 1647 3616; x_wconf 82' lang='grc' dir='ltr'>τὴν</span> <span class='ocrx_word' id='word_1_275' title='bbox 1699 3543 1845 3614; x_wconf 82' lang='grc' dir='ltr'>ὥραν</span> 
     </span>
    </p>
   </div>
   <div class='ocr_carea' id='block_1_39' title="bbox 256 3634 1844 3709">
    <p class='ocr_par' dir='ltr' id='par_1_39' title="bbox 256 3634 1844 3709">
     <span class='ocr_line' id='line_1_39' title="bbox 256 3634 1844 3709; baseline -0.004 -18"><span class='ocrx_word' id='word_1_276' title='bbox 256 3637 495 3708; x_wconf 78' lang='grc' dir='ltr'>πρώτην</span> <span class='ocrx_word' id='word_1_277' title='bbox 513 3677 528 3701; x_wconf 95' lang='grc'>,</span> <span class='ocrx_word' id='word_1_278' title='bbox 570 3637 762 3709; x_wconf 79' lang='grc' dir='ltr'>τρίτην</span> <span class='ocrx_word' id='word_1_279' title='bbox 784 3656 843 3692; x_wconf 90' lang='grc' dir='ltr'><strong>τε</strong></span> <span class='ocrx_word' id='word_1_280' title='bbox 877 3639 971 3692; x_wconf 78' lang='grc' dir='ltr'><strong>καὶ</strong></span> <span class='ocrx_word' id='word_1_281' title='bbox 992 3638 1158 3709; x_wconf 72' lang='grc' dir='ltr'>ἕκτην</span> <span class='ocrx_word' id='word_1_282' title='bbox 1177 3679 1190 3701; x_wconf 86' lang='grc'>,</span> <span class='ocrx_word' id='word_1_283' title='bbox 1215 3639 1309 3690; x_wconf 62' lang='grc' dir='ltr'><strong>καὶ⁴</strong></span> <span class='ocrx_word' id='word_1_284' title='bbox 1336 3638 1562 3706; x_wconf 82' lang='grc' dir='ltr'>ἐννάτην</span> <span class='ocrx_word' id='word_1_285' title='bbox 1586 3636 1679 3688; x_wconf 76' lang='grc' dir='ltr'><strong>καὶ</strong></span> <span class='ocrx_word' id='word_1_286' title='bbox 1698 3634 1844 3687; x_wconf 80' lang='grc' dir='ltr'>ἐνδε-</span> 
     </span>
    </p>
   </div>
   <div class='ocr_carea' id='block_1_40' title="bbox 257 3727 1845 3801">
    <p class='ocr_par' dir='ltr' id='par_1_40' title="bbox 257 3727 1845 3801">
     <span class='ocr_line' id='line_1_40' title="bbox 257 3727 1845 3801; baseline -0.004 -17"><span class='ocrx_word' id='word_1_287' title='bbox 257 3732 472 3799; x_wconf 79' lang='grc' dir='ltr'>κάτην·</span> <span class='ocrx_word' id='word_1_288' title='bbox 503 3732 799 3801; x_wconf 69' lang='grc' dir='ltr'>ἐγήγερται</span> <span class='ocrx_word' id='word_1_289' title='bbox 824 3730 879 3783; x_wconf 79' lang='grc' dir='ltr'><strong>δὲ</strong></span> <span class='ocrx_word' id='word_1_290' title='bbox 915 3731 1057 3784; x_wconf 80' lang='grc' dir='ltr'>κατὰ</span> <span class='ocrx_word' id='word_1_291' title='bbox 1082 3730 1187 3800; x_wconf 82' lang='grc' dir='ltr'>τὴν</span> <span class='ocrx_word' id='word_1_292' title='bbox 1215 3730 1406 3799; x_wconf 82' lang='grc' dir='ltr'>ὀγδόην</span> <span class='ocrx_word' id='word_1_293' title='bbox 1431 3770 1445 3793; x_wconf 94' lang='grc'>,</span> <span class='ocrx_word' id='word_1_294' title='bbox 1487 3728 1577 3781; x_wconf 83' lang='grc' dir='ltr'><strong>τοῦ</strong></span> <span class='ocrx_word' id='word_1_295' title='bbox 1616 3727 1845 3780; x_wconf 86' lang='grc' dir='ltr'>θανάτου</span> 
     </span>
    </p>
   </div>
   <div class='ocr_carea' id='block_1_41' title="bbox 256 3818 1845 3894">
    <p class='ocr_par' dir='ltr' id='par_1_41' title="bbox 256 3818 1845 3894">
     <span class='ocr_line' id='line_1_41' title="bbox 256 3818 1845 3894; baseline -0.003 -19"><span class='ocrx_word' id='word_1_296' title='bbox 256 3820 578 3883; x_wconf 71' lang='grc' dir='ltr'>καταλύσας</span> <span class='ocrx_word' id='word_1_297' title='bbox 604 3822 663 3874; x_wconf 89' lang='grc' dir='ltr'><strong>τὸ</strong></span> <span class='ocrx_word' id='word_1_298' title='bbox 686 3822 905 3894; x_wconf 82' lang='grc' dir='ltr'>κράτος,</span> <span class='ocrx_word' id='word_1_299' title='bbox 931 3823 1024 3874; x_wconf 74' lang='grc' dir='ltr'><strong>καὶ</strong></span> <span class='ocrx_word' id='word_1_300' title='bbox 1052 3823 1149 3891; x_wconf 83' lang='grc' dir='ltr'>τῆς</span> <span class='ocrx_word' id='word_1_301' title='bbox 1172 3822 1497 3874; x_wconf 76' lang='grc' dir='ltr'>ἐπεισάκτου</span> <span class='ocrx_word' id='word_1_302' title='bbox 1522 3820 1728 3890; x_wconf 82' lang='grc' dir='ltr'>φθορᾶς</span> <span class='ocrx_word' id='word_1_303' title='bbox 1748 3818 1845 3889; x_wconf 81' lang='grc' dir='ltr'><strong>τὴν</strong></span> 
     </span>
    </p>
   </div>
   <div class='ocr_carea' id='block_1_42' title="bbox 262 3907 1843 3984">
    <p class='ocr_par' dir='ltr' id='par_1_42' title="bbox 262 3907 1843 3984">
     <span class='ocr_line' id='line_1_42' title="bbox 262 3907 1843 3984; baseline 0 -20"><span class='ocrx_word' id='word_1_304' title='bbox 262 3912 486 3984; x_wconf 72' lang='grc' dir='ltr'>μητέρα</span> <span class='ocrx_word' id='word_1_305' title='bbox 522 3914 834 3976; x_wconf 73' lang='grc' dir='ltr'>συνδιολλὺς</span> <span class='ocrx_word' id='word_1_306' title='bbox 858 3912 1007 3983; x_wconf 80' lang='grc' dir='ltr'>αὐτῷ</span> <span class='ocrx_word' id='word_1_307' title='bbox 1027 3953 1040 3974; x_wconf 90' lang='grc'>,</span> <span class='ocrx_word' id='word_1_308' title='bbox 1066 3913 1211 3966; x_wconf 82' lang='grc' dir='ltr'>τοῦτ’</span> <span class='ocrx_word' id='word_1_309' title='bbox 1234 3912 1403 3977; x_wconf 75' lang='grc' dir='ltr'>ἔστιν,</span> <span class='ocrx_word' id='word_1_310' title='bbox 1432 3911 1708 3983; x_wconf 83' lang='grc' dir='ltr'>ἁμαρτίαν</span> <span class='ocrx_word' id='word_1_311' title='bbox 1731 3951 1744 3973; x_wconf 94' lang='grc'>,</span> <span class='ocrx_word' id='word_1_312' title='bbox 1777 3907 1843 3982; x_wconf 84' lang='grc' dir='ltr'>ἦς</span> 
     </span>
    </p>
   </div>
   <div class='ocr_carea' id='block_1_43' title="bbox 257 4002 1843 4075">
    <p class='ocr_par' dir='ltr' id='par_1_43' title="bbox 257 4002 1843 4075">
     <span class='ocr_line' id='line_1_43' title="bbox 257 4002 1843 4075; baseline -0.003 -18"><span class='ocrx_word' id='word_1_313' title='bbox 257 4004 622 4075; x_wconf 75' lang='grc' dir='ltr'>ἀνῃρημένης</span> <span class='ocrx_word' id='word_1_314' title='bbox 641 4043 655 4066; x_wconf 94' lang='grc'>,</span> <span class='ocrx_word' id='word_1_315' title='bbox 684 4005 876 4075; x_wconf 80' lang='grc' dir='ltr'>ἀργεῖν</span> <span class='ocrx_word' id='word_1_316' title='bbox 917 4004 1131 4074; x_wconf 81' lang='grc' dir='ltr'>ἀνάγκη</span> <span class='ocrx_word' id='word_1_317' title='bbox 1166 4003 1260 4057; x_wconf 76' lang='grc' dir='ltr'><strong>καὶ</strong></span> <span class='ocrx_word' id='word_1_318' title='bbox 1293 4003 1565 4074; x_wconf 83' lang='grc' dir='ltr'>μάστιγας</span> <span class='ocrx_word' id='word_1_319' title='bbox 1583 4044 1596 4067; x_wconf 91' lang='grc'>,</span> <span class='ocrx_word' id='word_1_320' title='bbox 1623 4002 1718 4055; x_wconf 77' lang='grc' dir='ltr'>καὶ</span> <span class='ocrx_word' id='word_1_321' title='bbox 1747 4002 1843 4064; x_wconf 75' lang='grc' dir='ltr'>τὰς</span> 
     </span>
    </p>
   </div>
   <div class='ocr_carea' id='block_1_44' title="bbox 257 4092 1846 4166">
    <p class='ocr_par' dir='ltr' id='par_1_44' title="bbox 257 4092 1846 4166">
     <span class='ocr_line' id='line_1_44' title="bbox 257 4092 1846 4166; baseline -0.003 -15"><span class='ocrx_word' id='word_1_322' title='bbox 257 4096 337 4151; x_wconf 77' lang='grc' dir='ltr'>δι’</span> <span class='ocrx_word' id='word_1_323' title='bbox 373 4096 545 4165; x_wconf 70' lang='grc' dir='ltr'>αὐτὴν</span> <span class='ocrx_word' id='word_1_324' title='bbox 581 4097 773 4159; x_wconf 76' lang='grc' dir='ltr'>ποινὰς</span> <span class='ocrx_word' id='word_1_325' title='bbox 813 4097 907 4150; x_wconf 73' lang='grc' dir='ltr'><strong>καὶ</strong></span> <span class='ocrx_word' id='word_1_326' title='bbox 945 4096 1214 4159; x_wconf 74' lang='grc' dir='ltr'>κολάσεις.</span> <span class='ocrx_word' id='word_1_327' title='bbox 1261 4096 1374 4148; x_wconf 75' lang='grc' dir='ltr'>Οὐκ</span> <span class='ocrx_word' id='word_1_328' title='bbox 1401 4097 1464 4166; x_wconf 73' lang='grc' dir='ltr'>ὲᾲ</span> <span class='ocrx_word' id='word_1_329' title='bbox 1492 4092 1780 4165; x_wconf 81' lang='grc' dir='ltr'>τοιγαροῦν</span> <span class='ocrx_word' id='word_1_330' title='bbox 1819 4094 1846 4146; x_wconf 90' lang='lat'><strong>6</strong></span> 
     </span>
    </p>
   </div>
   <div class='ocr_carea' id='block_1_45' title="bbox 258 4185 1845 4257">
    <p class='ocr_par' dir='ltr' id='par_1_45' title="bbox 258 4185 1845 4257">
     <span class='ocr_line' id='line_1_45' title="bbox 258 4185 1845 4257; baseline -0.001 -20"><span class='ocrx_word' id='word_1_331' title='bbox 258 4186 431 4255; x_wconf 70' lang='grc' dir='ltr'>νόμος</span> <span class='ocrx_word' id='word_1_332' title='bbox 476 4185 832 4257; x_wconf 82' lang='grc' dir='ltr'>ὑπερτρέχειν</span> <span class='ocrx_word' id='word_1_333' title='bbox 870 4185 951 4239; x_wconf 78' lang='grc' dir='ltr'>ἐτι</span> <span class='ocrx_word' id='word_1_334' title='bbox 979 4186 1078 4257; x_wconf 83' lang='grc' dir='ltr'>τὴν</span> <span class='ocrx_word' id='word_1_335' title='bbox 1121 4185 1361 4256; x_wconf 79' lang='grc' dir='ltr'>μάστιγα</span> <span class='ocrx_word' id='word_1_336' title='bbox 1391 4186 1482 4239; x_wconf 89' lang='grc' dir='ltr'><strong>τὸν</strong></span> <span class='ocrx_word' id='word_1_337' title='bbox 1508 4201 1845 4255; x_wconf 82' lang='grc' dir='ltr'>τεσσαρακο-</span> 
     </span>
    </p>
   </div>
   <div class='ocr_carea' id='block_1_46' title="bbox 261 4276 1845 4349">
    <p class='ocr_par' dir='ltr' id='par_1_46' title="bbox 261 4276 1845 4349">
     <span class='ocr_line' id='line_1_46' title="bbox 261 4276 1845 4349; baseline -0.003 -17"><span class='ocrx_word' id='word_1_338' title='bbox 261 4279 395 4333; x_wconf 79' lang='grc' dir='ltr'>στὸν</span> <span class='ocrx_word' id='word_1_339' title='bbox 448 4278 709 4349; x_wconf 74' lang='grc' dir='ltr'>ἀριθμὸν,</span> <span class='ocrx_word' id='word_1_340' title='bbox 772 4276 933 4349; x_wconf 83' lang='grc' dir='ltr'>μέχρι</span> <span class='ocrx_word' id='word_1_341' title='bbox 974 4279 1072 4348; x_wconf 84' lang='grc' dir='ltr'><strong>τῆς</strong></span> <span class='ocrx_word' id='word_1_342' title='bbox 1120 4277 1358 4348; x_wconf 83' lang='grc' dir='ltr'>Χριστοῦ</span> <span class='ocrx_word' id='word_1_343' title='bbox 1415 4277 1713 4348; x_wconf 81' lang='grc' dir='ltr'>παρουσίας</span> <span class='ocrx_word' id='word_1_344' title='bbox 1751 4276 1845 4329; x_wconf 74' lang='grc' dir='ltr'>καὶ</span> 
     </span>
    </p>
   </div>
   <div class='ocr_carea' id='block_1_47' title="bbox 256 4368 1843 4439">
    <p class='ocr_par' dir='ltr' id='par_1_47' title="bbox 256 4368 1843 4439">
     <span class='ocr_line' id='line_1_47' title="bbox 256 4368 1843 4439; baseline 0.001 -20"><span class='ocrx_word' id='word_1_345' title='bbox 256 4370 430 4425; x_wconf 69' lang='grc' dir='ltr'>οἱονεί</span> <span class='ocrx_word' id='word_1_346' title='bbox 453 4384 570 4433; x_wconf 84' lang='grc' dir='ltr'><strong>πως</strong></span> <span class='ocrx_word' id='word_1_347' title='bbox 594 4370 745 4433; x_wconf 76' lang='grc' dir='ltr'>ίστάς</span> <span class='ocrx_word' id='word_1_348' title='bbox 774 4369 843 4422; x_wconf 71' lang='grc' dir='ltr'><strong>τὰ</strong></span> <span class='ocrx_word' id='word_1_349' title='bbox 869 4370 1222 4439; x_wconf 79' lang='grc' dir='ltr'>κολαστήρια,</span> <span class='ocrx_word' id='word_1_350' title='bbox 1247 4370 1339 4421; x_wconf 81' lang='grc' dir='ltr'><strong>καὶ</strong></span> <span class='ocrx_word' id='word_1_351' title='bbox 1364 4368 1454 4420; x_wconf 89' lang='grc' dir='ltr'><strong>τὸν</strong></span> <span class='ocrx_word' id='word_1_352' title='bbox 1473 4369 1571 4439; x_wconf 82' lang='grc' dir='ltr'>τῆς</span> <span class='ocrx_word' id='word_1_353' title='bbox 1596 4368 1843 4436; x_wconf 88' lang='grc' dir='ltr'>ἀφέσεως</span> 
     </span>
    </p>
   </div>
   <div class='ocr_carea' id='block_1_48' title="bbox 260 4460 1845 4534">
    <p class='ocr_par' dir='ltr' id='par_1_48' title="bbox 260 4460 1845 4534">
     <span class='ocr_line' id='line_1_48' title="bbox 260 4460 1845 4534; baseline -0.003 -17"><span class='ocrx_word' id='word_1_354' title='bbox 260 4463 697 4534; x_wconf 81' lang='grc' dir='ltr'>κατασημαίνων</span> <span class='ocrx_word' id='word_1_355' title='bbox 732 4462 942 4533; x_wconf 79' lang='grc' dir='ltr'>καιρόν.</span> <span class='ocrx_word' id='word_1_356' title='bbox 976 4462 1086 4532; x_wconf 82' lang='grc' dir='ltr'><strong>Τῆς</strong></span> <span class='ocrx_word' id='word_1_357' title='bbox 1112 4462 1222 4533; x_wconf 74' lang='grc' dir='ltr'><strong>γάρ</strong></span> <span class='ocrx_word' id='word_1_358' title='bbox 1248 4461 1503 4530; x_wconf 83' lang='grc' dir='ltr'>ἀληθείας</span> <span class='ocrx_word' id='word_1_359' title='bbox 1529 4462 1578 4513; x_wconf 79' lang='grc' dir='ltr'>οἱ</span> <span class='ocrx_word' id='word_1_360' title='bbox 1600 4461 1759 4513; x_wconf 82' lang='grc' dir='ltr'>τύποι</span> <span class='ocrx_word' id='word_1_361' title='bbox 1784 4460 1845 4512; x_wconf 90' lang='grc' dir='ltr'><strong>τὸ</strong></span> 
     </span>
    </p>
   </div>
   <div class='ocr_carea' id='block_1_49' title="bbox 262 4547 1920 4635">
    <p class='ocr_par' dir='ltr' id='par_1_49' title="bbox 262 4547 1920 4635">
     <span class='ocr_line' id='line_1_49' title="bbox 262 4547 1920 4635; baseline -0.004 -28"><span class='ocrx_word' id='word_1_362' title='bbox 262 4551 465 4614; x_wconf 83' lang='grc' dir='ltr'>κάλλος</span> <span class='ocrx_word' id='word_1_363' title='bbox 515 4551 814 4606; x_wconf 83' lang='grc' dir='ltr'>ὡδίνονσιν.</span> <span class='ocrx_word' id='word_1_364' title='bbox 888 4550 1078 4604; x_wconf 73' lang='grc' dir='ltr'>’ἰστέον</span> <span class='ocrx_word' id='word_1_365' title='bbox 1133 4550 1189 4602; x_wconf 74' lang='grc' dir='ltr'><strong>δὲ</strong></span> <span class='ocrx_word' id='word_1_366' title='bbox 1241 4550 1322 4603; x_wconf 83' lang='grc' dir='ltr'><strong>ὅτι</strong></span> <span class='ocrx_word' id='word_1_367' title='bbox 1384 4547 1763 4621; x_wconf 87' lang='grc' dir='ltr'>προσκρούσας</span> <span class='ocrx_word' id='word_1_368' title='bbox 1818 4549 1845 4602; x_wconf 89' lang='grc' dir='ltr'><strong>ὀ</strong></span> <span class='ocrx_word' id='word_1_369' title='bbox 1880 4582 1920 4635; x_wconf 70' lang='grc' dir='ltr'><strong>η</strong></span> 
     </span>
    </p>
   </div>
   <div class='ocr_carea' id='block_1_50' title="bbox 276 4640 1841 4716">
    <p class='ocr_par' dir='ltr' id='par_1_50' title="bbox 276 4640 1841 4716">
     <span class='ocr_line' id='line_1_50' title="bbox 276 4640 1841 4716; baseline -0.003 -18"><span class='ocrx_word' id='word_1_370' title='bbox 276 4644 519 4716; x_wconf 80' lang='grc' dir='ltr'>Ἰσραὴλ,</span> <span class='ocrx_word' id='word_1_371' title='bbox 550 4644 984 4715; x_wconf 75' lang='grc' dir='ltr'>τεσσαρακοστὸν</span> <span class='ocrx_word' id='word_1_372' title='bbox 1020 4644 1139 4706; x_wconf 74' lang='grc' dir='ltr'>ἔτος</span> <span class='ocrx_word' id='word_1_373' title='bbox 1171 4643 1436 4696; x_wconf 78' lang='grc' dir='ltr'>ἐπλανᾶτο</span> <span class='ocrx_word' id='word_1_374' title='bbox 1466 4642 1563 4712; x_wconf 81' lang='grc' dir='ltr'><strong>τὴν</strong></span> <span class='ocrx_word' id='word_1_375' title='bbox 1604 4640 1806 4712; x_wconf 76' lang='grc' dir='ltr'>ἔρημον</span> <span class='ocrx_word' id='word_1_376' title='bbox 1828 4658 1841 4672; x_wconf 93' lang='grc'><strong>·</strong></span> 
     </span>
    </p>
   </div>
   <div class='ocr_carea' id='block_1_51' title="bbox 258 4731 1845 4807">
    <p class='ocr_par' dir='ltr' id='par_1_51' title="bbox 258 4731 1845 4807">
     <span class='ocr_line' id='line_1_51' title="bbox 258 4731 1845 4807; baseline -0.003 -17"><span class='ocrx_word' id='word_1_377' title='bbox 258 4739 415 4807; x_wconf 80' lang='grc' dir='ltr'>ὅρκῳ</span> <span class='ocrx_word' id='word_1_378' title='bbox 438 4738 542 4807; x_wconf 75' lang='grc' dir='ltr'><strong>γάρ</strong></span> <span class='ocrx_word' id='word_1_379' title='bbox 572 4736 787 4806; x_wconf 78' lang='grc' dir='ltr'>ὤμοσεν</span> <span class='ocrx_word' id='word_1_380' title='bbox 816 4737 843 4788; x_wconf 87' lang='grc' dir='ltr'>ὁ</span> <span class='ocrx_word' id='word_1_381' title='bbox 867 4736 1020 4798; x_wconf 80' lang='grc' dir='ltr'>Θεὸς,</span> <span class='ocrx_word' id='word_1_382' title='bbox 1058 4735 1135 4805; x_wconf 72' lang='grc' dir='ltr'><strong>μὴ</strong></span> <span class='ocrx_word' id='word_1_383' title='bbox 1165 4732 1401 4798; x_wconf 71' lang='grc' dir='ltr'>εἰσάξειν</span> <span class='ocrx_word' id='word_1_384' title='bbox 1427 4734 1623 4796; x_wconf 80' lang='grc' dir='ltr'>αὐτοὺς</span> <span class='ocrx_word' id='word_1_385' title='bbox 1645 4735 1723 4796; x_wconf 90' lang='grc' dir='ltr'><strong>είς</strong></span> <span class='ocrx_word' id='word_1_386' title='bbox 1747 4731 1845 4802; x_wconf 88' lang='grc' dir='ltr'>τὴν</span> 
     </span>
    </p>
   </div>
   <div class='ocr_carea' id='block_1_52' title="bbox 258 4822 1847 4899">
    <p class='ocr_par' dir='ltr' id='par_1_52' title="bbox 258 4822 1847 4899">
     <span class='ocr_line' id='line_1_52' title="bbox 258 4822 1847 4899; baseline -0.001 -18"><span class='ocrx_word' id='word_1_387' title='bbox 258 4829 375 4898; x_wconf 77' lang='grc' dir='ltr'>γῆν</span> <span class='ocrx_word' id='word_1_388' title='bbox 418 4830 517 4899; x_wconf 81' lang='grc' dir='ltr'><strong>τῆς</strong></span> <span class='ocrx_word' id='word_1_389' title='bbox 551 4828 901 4896; x_wconf 69' lang='grc' dir='ltr'>ἐπαγγελίας.</span> <span class='ocrx_word' id='word_1_390' title='bbox 951 4829 1059 4881; x_wconf 68' lang='grc' dir='ltr'>Καὶ</span> <span class='ocrx_word' id='word_1_391' title='bbox 1087 4823 1155 4897; x_wconf 81' lang='grc' dir='ltr'>ἦν</span> <span class='ocrx_word' id='word_1_392' title='bbox 1188 4828 1313 4897; x_wconf 83' lang='grc' dir='ltr'>ὄρος</span> <span class='ocrx_word' id='word_1_393' title='bbox 1344 4822 1499 4890; x_wconf 72' lang='grc' dir='ltr'>οὗτος</span> <span class='ocrx_word' id='word_1_394' title='bbox 1532 4828 1713 4888; x_wconf 85' lang='grc' dir='ltr'>αὐτοῖς</span> <span class='ocrx_word' id='word_1_395' title='bbox 1747 4827 1847 4896; x_wconf 83' lang='grc' dir='ltr'>τῆς</span> 
     </span>
    </p>
   </div>
   <div class='ocr_carea' id='block_1_53' title="bbox 258 4916 1846 4991">
    <p class='ocr_par' dir='ltr' id='par_1_53' title="bbox 258 4916 1846 4991">
     <span class='ocr_line' id='line_1_53' title="bbox 258 4916 1846 4991; baseline -0.003 -20"><span class='ocrx_word' id='word_1_396' title='bbox 258 4922 469 4991; x_wconf 72' lang='grc' dir='ltr'>ὀργῆς,</span> <span class='ocrx_word' id='word_1_397' title='bbox 515 4919 908 4990; x_wconf 81' lang='grc' dir='ltr'>παρῳχηκότος</span> <span class='ocrx_word' id='word_1_398' title='bbox 934 4918 991 4971; x_wconf 80' lang='grc' dir='ltr'>δὲ</span> <span class='ocrx_word' id='word_1_399' title='bbox 1030 4916 1125 4970; x_wconf 88' lang='grc' dir='ltr'><strong>τοῦ</strong></span> <span class='ocrx_word' id='word_1_400' title='bbox 1160 4916 1351 4987; x_wconf 84' lang='grc' dir='ltr'>καιροῦ</span> <span class='ocrx_word' id='word_1_401' title='bbox 1373 4956 1387 4979; x_wconf 94' lang='grc'>,</span> <span class='ocrx_word' id='word_1_402' title='bbox 1423 4916 1638 4969; x_wconf 84' lang='grc' dir='ltr'>λέλυται</span> <span class='ocrx_word' id='word_1_403' title='bbox 1673 4916 1771 4986; x_wconf 89' lang='grc' dir='ltr'><strong>μὲν</strong></span> <span class='ocrx_word' id='word_1_404' title='bbox 1813 4917 1846 4987; x_wconf 86' lang='grc' dir='ltr'><strong>ή</strong></span> 
     </span>
    </p>
   </div>
   <div class='ocr_carea' id='block_1_54' title="bbox 258 5006 1849 5079">
    <p class='ocr_par' dir='ltr' id='par_1_54' title="bbox 258 5006 1849 5079">
     <span class='ocr_line' id='line_1_54' title="bbox 258 5006 1849 5079; baseline -0.004 -16"><span class='ocrx_word' id='word_1_405' title='bbox 258 5010 444 5079; x_wconf 75' lang='grc' dir='ltr'>ὀργὴ,</span> <span class='ocrx_word' id='word_1_406' title='bbox 486 5009 745 5079; x_wconf 80' lang='grc' dir='ltr'>διέϐησαν</span> <span class='ocrx_word' id='word_1_407' title='bbox 775 5008 833 5062; x_wconf 81' lang='grc' dir='ltr'>δὲ</span> <span class='ocrx_word' id='word_1_408' title='bbox 866 5009 959 5061; x_wconf 85' lang='grc' dir='ltr'><strong>τὸν</strong></span> <span class='ocrx_word' id='word_1_409' title='bbox 1007 5007 1274 5078; x_wconf 80' lang='grc' dir='ltr'>Ἰορδάνην</span> <span class='ocrx_word' id='word_1_410' title='bbox 1321 5008 1370 5059; x_wconf 87' lang='grc' dir='ltr'><strong>οί</strong></span> <span class='ocrx_word' id='word_1_411' title='bbox 1410 5006 1471 5071; x_wconf 82' lang='grc' dir='ltr'>ἐξ</span> <span class='ocrx_word' id='word_1_412' title='bbox 1504 5006 1710 5068; x_wconf 81' lang='grc' dir='ltr'>αὐτῶν,</span> <span class='ocrx_word' id='word_1_413' title='bbox 1754 5006 1849 5058; x_wconf 78' lang='grc' dir='ltr'>καὶ</span> 
     </span>
    </p>
   </div>
   <div class='ocr_carea' id='block_1_55' title="bbox 258 5096 1847 5172">
    <p class='ocr_par' dir='ltr' id='par_1_55' title="bbox 258 5096 1847 5172">
     <span class='ocr_line' id='line_1_55' title="bbox 258 5096 1847 5172; baseline -0.004 -17"><span class='ocrx_word' id='word_1_414' title='bbox 258 5102 607 5172; x_wconf 82' lang='grc' dir='ltr'>είσέφρησαν</span> <span class='ocrx_word' id='word_1_415' title='bbox 650 5101 731 5163; x_wconf 83' lang='grc' dir='ltr'><strong>είς</strong></span> <span class='ocrx_word' id='word_1_416' title='bbox 772 5098 870 5169; x_wconf 82' lang='grc' dir='ltr'>τὴν</span> <span class='ocrx_word' id='word_1_417' title='bbox 920 5100 1052 5168; x_wconf 85' lang='grc' dir='ltr'>γῆν,</span> <span class='ocrx_word' id='word_1_418' title='bbox 1100 5099 1198 5168; x_wconf 81' lang='grc' dir='ltr'>οὐχ</span> <span class='ocrx_word' id='word_1_419' title='bbox 1249 5096 1705 5169; x_wconf 76' lang='grc' dir='ltr'>ὑπερδραμοῦσης</span> <span class='ocrx_word' id='word_1_420' title='bbox 1751 5098 1847 5166; x_wconf 81' lang='grc' dir='ltr'>τῆς</span> 
     </span>
    </p>
   </div>
   <div class='ocr_carea' id='block_1_56' title="bbox 256 5184 1849 5262">
    <p class='ocr_par' dir='ltr' id='par_1_56' title="bbox 256 5184 1849 5262">
     <span class='ocr_line' id='line_1_56' title="bbox 256 5184 1849 5262; baseline -0.003 -15"><span class='ocrx_word' id='word_1_421' title='bbox 256 5194 693 5262; x_wconf 77' lang='grc' dir='ltr'>ἀγανακτήσεως</span> <span class='ocrx_word' id='word_1_422' title='bbox 736 5192 798 5244; x_wconf 89' lang='grc' dir='ltr'><strong>τὸ</strong></span> <span class='ocrx_word' id='word_1_423' title='bbox 842 5190 1278 5260; x_wconf 82' lang='grc' dir='ltr'>τεσσαρακοστὸν</span> <span class='ocrx_word' id='word_1_424' title='bbox 1335 5190 1474 5253; x_wconf 77' lang='grc' dir='ltr'>ἔτος.</span> <span class='ocrx_word' id='word_1_425' title='bbox 1524 5188 1706 5251; x_wconf 84' lang='grc' dir='ltr'>Τύπος</span> <span class='ocrx_word' id='word_1_426' title='bbox 1755 5184 1849 5242; x_wconf 83' lang='grc' dir='ltr'>οὖν</span> 
     </span>
    </p>
   </div>
   <div class='ocr_carea' id='block_1_57' title="bbox 256 5279 1843 5357">
    <p class='ocr_par' dir='ltr' id='par_1_57' title="bbox 256 5279 1843 5357">
     <span class='ocr_line' id='line_1_57' title="bbox 256 5279 1843 5357; baseline -0.004 -18"><span class='ocrx_word' id='word_1_427' title='bbox 256 5286 372 5357; x_wconf 70' lang='grc' dir='ltr'>ἄρα</span> <span class='ocrx_word' id='word_1_428' title='bbox 404 5284 497 5337; x_wconf 75' lang='grc' dir='ltr'>καὶ</span> <span class='ocrx_word' id='word_1_429' title='bbox 519 5282 674 5336; x_wconf 85' lang='grc' dir='ltr'>τοῦδε</span> <span class='ocrx_word' id='word_1_430' title='bbox 703 5280 903 5351; x_wconf 81' lang='grc' dir='ltr'>σαφὴς,</span> <span class='ocrx_word' id='word_1_431' title='bbox 929 5280 989 5334; x_wconf 89' lang='grc' dir='ltr'><strong>τὸ</strong></span> <span class='ocrx_word' id='word_1_432' title='bbox 1013 5281 1173 5350; x_wconf 86' lang='grc' dir='ltr'>μέχρι</span> <span class='ocrx_word' id='word_1_433' title='bbox 1197 5279 1420 5350; x_wconf 87' lang='grc' dir='ltr'>πληγῶν</span> <span class='ocrx_word' id='word_1_434' title='bbox 1438 5280 1843 5350; x_wconf 85' lang='grc' dir='ltr'>τεσσαράκοντα</span> 
     </span>
    </p>
   </div>
   <div class='ocr_carea' id='block_1_58' title="bbox 257 5371 1842 5443">
    <p class='ocr_par' dir='ltr' id='par_1_58' title="bbox 257 5371 1842 5443">
     <span class='ocr_line' id='line_1_58' title="bbox 257 5371 1842 5443; baseline -0.004 -13"><span class='ocrx_word' id='word_1_435' title='bbox 257 5373 669 5432; x_wconf 81' lang='grc' dir='ltr'>καταπαίεσθαι</span> <span class='ocrx_word' id='word_1_436' title='bbox 700 5372 877 5436; x_wconf 78' lang='grc' dir='ltr'>τινὰς,</span> <span class='ocrx_word' id='word_1_437' title='bbox 909 5373 1159 5439; x_wconf 85' lang='grc' dir='ltr'>ἀφέσεως</span> <span class='ocrx_word' id='word_1_438' title='bbox 1192 5372 1299 5443; x_wconf 78' lang='grc' dir='ltr'>γὰρ</span> <span class='ocrx_word' id='word_1_439' title='bbox 1326 5373 1355 5424; x_wconf 91' lang='lat'><strong>6</strong></span> <span class='ocrx_word' id='word_1_440' title='bbox 1383 5371 1522 5441; x_wconf 89' lang='grc' dir='ltr'><strong>μετά</strong></span> <span class='ocrx_word' id='word_1_441' title='bbox 1546 5372 1701 5425; x_wconf 84' lang='grc' dir='ltr'>τοῦτο</span> <span class='ocrx_word' id='word_1_442' title='bbox 1726 5388 1842 5424; x_wconf 87' lang='grc' dir='ltr'>και-</span> 
     </span>
    </p>
   </div>
   <div class='ocr_carea' id='block_1_59' title="bbox 259 5462 1841 5535">
    <p class='ocr_par' dir='ltr' id='par_1_59' title="bbox 259 5462 1841 5535">
     <span class='ocr_line' id='line_1_59' title="bbox 259 5462 1841 5535; baseline -0.006 -13"><span class='ocrx_word' id='word_1_443' title='bbox 259 5468 392 5532; x_wconf 76' lang='grc' dir='ltr'>ρὸς,</span> <span class='ocrx_word' id='word_1_444' title='bbox 420 5466 672 5520; x_wconf 81' lang='grc' dir='ltr'>διάϐασιν</span> <span class='ocrx_word' id='word_1_445' title='bbox 701 5467 832 5535; x_wconf 80' lang='grc' dir='ltr'>ἡμῖν</span> <span class='ocrx_word' id='word_1_446' title='bbox 870 5464 1136 5533; x_wconf 76' lang='grc' dir='ltr'>εἰσφέρων</span> <span class='ocrx_word' id='word_1_447' title='bbox 1168 5464 1267 5534; x_wconf 83' lang='grc' dir='ltr'>τὴν</span> <span class='ocrx_word' id='word_1_448' title='bbox 1306 5463 1399 5516; x_wconf 88' lang='grc' dir='ltr'><strong>τοῦ</strong></span> <span class='ocrx_word' id='word_1_449' title='bbox 1444 5462 1703 5534; x_wconf 86' lang='grc' dir='ltr'>Ἰορδάνου</span> <span class='ocrx_word' id='word_1_450' title='bbox 1744 5462 1841 5534; x_wconf 80' lang='grc' dir='ltr'>τὴν</span> 
     </span>
    </p>
   </div>
   <div class='ocr_carea' id='block_1_60' title="bbox 259 5553 1839 5626">
    <p class='ocr_par' dir='ltr' id='par_1_60' title="bbox 259 5553 1839 5626">
     <span class='ocr_line' id='line_1_60' title="bbox 259 5553 1839 5626; baseline -0.001 -18"><span class='ocrx_word' id='word_1_451' title='bbox 259 5556 569 5626; x_wconf 81' lang='grc' dir='ltr'>μυστικὴν,</span> <span class='ocrx_word' id='word_1_452' title='bbox 598 5555 692 5608; x_wconf 77' lang='grc' dir='ltr'><strong>καὶ</strong></span> <span class='ocrx_word' id='word_1_453' title='bbox 736 5556 843 5626; x_wconf 80' lang='grc' dir='ltr'>μὴν</span> <span class='ocrx_word' id='word_1_454' title='bbox 878 5555 973 5607; x_wconf 76' lang='grc' dir='ltr'><strong>καὶ</strong></span> <span class='ocrx_word' id='word_1_455' title='bbox 1001 5554 1277 5625; x_wconf 86' lang='grc' dir='ltr'>μαχαίρας</span> <span class='ocrx_word' id='word_1_456' title='bbox 1311 5553 1572 5623; x_wconf 86' lang='grc' dir='ltr'>πετρίνας</span> <span class='ocrx_word' id='word_1_457' title='bbox 1591 5593 1605 5616; x_wconf 93' lang='grc'>,</span> <span class='ocrx_word' id='word_1_458' title='bbox 1634 5553 1662 5606; x_wconf 83' lang='grc' dir='ltr'><strong>ὃ</strong></span> <span class='ocrx_word' id='word_1_459' title='bbox 1690 5555 1803 5606; x_wconf 79' lang='grc' dir='ltr'>ἐστι</span> <span class='ocrx_word' id='word_1_460' title='bbox 1823 5592 1839 5616; x_wconf 93' lang='grc'>,</span> 
     </span>
    </p>
   </div>
   <div class='ocr_carea' id='block_1_61' title="bbox 254 5644 1839 5719">
    <p class='ocr_par' dir='ltr' id='par_1_61' title="bbox 254 5644 1839 5719">
     <span class='ocr_line' id='line_1_61' title="bbox 254 5644 1839 5719; baseline -0.001 -20"><span class='ocrx_word' id='word_1_461' title='bbox 254 5648 361 5719; x_wconf 73' lang='grc' dir='ltr'>τὴν</span> <span class='ocrx_word' id='word_1_462' title='bbox 392 5649 453 5701; x_wconf 80' lang='grc' dir='ltr'>ὲν</span> <span class='ocrx_word' id='word_1_463' title='bbox 482 5646 751 5717; x_wconf 76' lang='grc' dir='ltr'>πνεύματι</span> <span class='ocrx_word' id='word_1_464' title='bbox 780 5645 1107 5718; x_wconf 83' lang='grc' dir='ltr'>περιτομὴν,</span> <span class='ocrx_word' id='word_1_465' title='bbox 1134 5647 1227 5699; x_wconf 74' lang='grc' dir='ltr'><strong>καὶ</strong></span> <span class='ocrx_word' id='word_1_466' title='bbox 1258 5645 1358 5716; x_wconf 78' lang='grc' dir='ltr'>τὴν</span> <span class='ocrx_word' id='word_1_467' title='bbox 1400 5644 1580 5716; x_wconf 86' lang='grc' dir='ltr'><strong>Ἰησοῦ</strong></span> <span class='ocrx_word' id='word_1_468' title='bbox 1608 5660 1839 5716; x_wconf 84' lang='grc' dir='ltr'>στρατη-</span> 
     </span>
    </p>
   </div>
   <div class='ocr_carea' id='block_1_62' title="bbox 353 5739 469 5779">
    <p class='ocr_par' dir='ltr' id='par_1_62' title="bbox 353 5739 469 5779">
     <span class='ocr_line' id='line_1_62' title="bbox 353 5739 469 5779; baseline 0 -11"><span class='ocrx_word' id='word_1_469' title='bbox 353 5739 469 5779; x_wconf 61' lang='grc' dir='ltr'>μυ</span> 
     </span>
    </p>
   </div>
   <div class='ocr_carea' id='block_1_63' title="bbox 1956 635 3538 709">
    <p class='ocr_par' dir='ltr' id='par_1_63' title="bbox 1956 635 3538 709">
     <span class='ocr_line' id='line_1_63' title="bbox 1956 635 3538 709; baseline -0.003 -16"><span class='ocrx_word' id='word_1_470' title='bbox 1956 640 2153 709; x_wconf 89' lang='lat' dir='ltr'><strong>possit,</strong></span> <span class='ocrx_word' id='word_1_471' title='bbox 2170 652 2269 691; x_wconf 91' lang='lat' dir='ltr'><strong>cur</strong></span> <span class='ocrx_word' id='word_1_472' title='bbox 2281 636 2453 707; x_wconf 85' lang='lat' dir='ltr'><strong>plagis</strong></span> <span class='ocrx_word' id='word_1_473' title='bbox 2465 636 2624 705; x_wconf 78' lang='lat'><strong>277</strong></span> <span class='ocrx_word' id='word_1_474' title='bbox 2649 651 2879 689; x_wconf 90' lang='lat' dir='ltr'><strong>numero</strong></span> <span class='ocrx_word' id='word_1_475' title='bbox 2892 635 3249 704; x_wconf 87' lang='lat' dir='ltr'><strong>quadraginta</strong></span> <span class='ocrx_word' id='word_1_476' title='bbox 3273 635 3538 689; x_wconf 76' lang='lat' dir='ltr'><strong>duntaxat</strong></span> 
     </span>
    </p>
   </div>
   <div class='ocr_carea' id='block_1_64' title="bbox 1955 725 3539 796">
    <p class='ocr_par' dir='ltr' id='par_1_64' title="bbox 1955 725 3539 796">
     <span class='ocr_line' id='line_1_64' title="bbox 1955 725 3539 796; baseline -0.004 -11"><span class='ocrx_word' id='word_1_477' title='bbox 1955 729 2308 786; x_wconf 85' lang='lat' dir='ltr'><strong>condemnati</strong></span> <span class='ocrx_word' id='word_1_478' title='bbox 2337 727 2584 782; x_wconf 80' lang='lat' dir='ltr'><strong>caedendi</strong></span> <span class='ocrx_word' id='word_1_479' title='bbox 2615 726 2759 781; x_wconf 91' lang='lat' dir='ltr'><strong>sint?</strong></span> <span class='ocrx_word' id='word_1_480' title='bbox 2795 741 2972 796; x_wconf 88' lang='lat' dir='ltr'><strong>quave</strong></span> <span class='ocrx_word' id='word_1_481' title='bbox 3000 726 3210 779; x_wconf 85' lang='lat' dir='ltr'><strong>ratione</strong></span> <span class='ocrx_word' id='word_1_482' title='bbox 3241 725 3539 795; x_wconf 81' lang='lat' dir='ltr'><strong>deturpen-</strong></span> 
     </span>
    </p>
   </div>
   <div class='ocr_carea' id='block_1_65' title="bbox 1956 816 3539 889">
    <p class='ocr_par' dir='ltr' id='par_1_65' title="bbox 1956 816 3539 889">
     <span class='ocr_line' id='line_1_65' title="bbox 1956 816 3539 889; baseline -0.003 -13"><span class='ocrx_word' id='word_1_483' title='bbox 1956 830 2064 885; x_wconf 91' lang='lat' dir='ltr'><strong>tur,</strong></span> <span class='ocrx_word' id='word_1_484' title='bbox 2093 820 2138 875; x_wconf 88' lang='lat' dir='ltr'><strong>si</strong></span> <span class='ocrx_word' id='word_1_485' title='bbox 2163 820 2257 889; x_wconf 89' lang='lat' dir='ltr'><strong>qui</strong></span> <span class='ocrx_word' id='word_1_486' title='bbox 2281 835 2447 889; x_wconf 89' lang='lat' dir='ltr'><strong>supra</strong></span> <span class='ocrx_word' id='word_1_487' title='bbox 2469 819 2618 872; x_wconf 89' lang='lat' dir='ltr'><strong>hunc</strong></span> <span class='ocrx_word' id='word_1_488' title='bbox 2646 833 2935 871; x_wconf 87' lang='lat' dir='ltr'><strong>numerum</strong></span> <span class='ocrx_word' id='word_1_489' title='bbox 2960 816 3260 880; x_wconf 63' lang='lat' dir='ltr'><strong>caedantur,</strong></span> <span class='ocrx_word' id='word_1_490' title='bbox 3298 816 3539 885; x_wconf 83' lang='lat' dir='ltr'><strong>explices</strong></span> 
     </span>
    </p>
   </div>
   <div class='ocr_carea' id='block_1_66' title="bbox 1954 912 2140 966">
    <p class='ocr_par' dir='ltr' id='par_1_66' title="bbox 1954 912 2140 966">
     <span class='ocr_line' id='line_1_66' title="bbox 1954 912 2140 966; baseline -0.011 -1"><span class='ocrx_word' id='word_1_491' title='bbox 1954 912 2140 966; x_wconf 87' lang='lat' dir='ltr'><strong>velim.</strong></span> 
     </span>
    </p>
   </div>
   <div class='ocr_carea' id='block_1_67' title="bbox 2016 996 3535 1069">
    <p class='ocr_par' dir='ltr' id='par_1_67' title="bbox 2016 996 3535 1069">
     <span class='ocr_line' id='line_1_67' title="bbox 2016 996 3535 1069; baseline -0.005 -12"><span class='ocrx_word' id='word_1_492' title='bbox 2016 1002 2171 1057; x_wconf 83' lang='lat' dir='ltr'><strong>CYR.</strong></span> <span class='ocrx_word' id='word_1_493' title='bbox 2200 1000 2383 1055; x_wconf 78' lang='lat' dir='ltr'><strong>Multis</strong></span> <span class='ocrx_word' id='word_1_494' title='bbox 2407 999 2586 1054; x_wconf 89' lang='lat' dir='ltr'><strong>modis</strong></span> <span class='ocrx_word' id='word_1_495' title='bbox 2601 998 2807 1053; x_wconf 87' lang='lat' dir='ltr'><strong>Christi</strong></span> <span class='ocrx_word' id='word_1_496' title='bbox 2835 999 3154 1069; x_wconf 85' lang='lat' dir='ltr'><strong>mysterium</strong></span> <span class='ocrx_word' id='word_1_497' title='bbox 3180 1006 3329 1052; x_wconf 91' lang='lat' dir='ltr'><strong>recte</strong></span> <span class='ocrx_word' id='word_1_498' title='bbox 3360 996 3535 1051; x_wconf 86' lang='lat' dir='ltr'><strong>veteri</strong></span> 
     </span>
    </p>
   </div>
   <div class='ocr_carea' id='block_1_68' title="bbox 1954 1088 3538 1160">
    <p class='ocr_par' dir='ltr' id='par_1_68' title="bbox 1954 1088 3538 1160">
     <span class='ocr_line' id='line_1_68' title="bbox 1954 1088 3538 1160; baseline -0.004 -13"><span class='ocrx_word' id='word_1_499' title='bbox 1954 1092 2211 1147; x_wconf 89' lang='lat' dir='ltr'><strong>mandato</strong></span> <span class='ocrx_word' id='word_1_500' title='bbox 2240 1092 2401 1146; x_wconf 89' lang='lat' dir='ltr'><strong>nobis</strong></span> <span class='ocrx_word' id='word_1_501' title='bbox 2439 1090 2823 1154; x_wconf 91' lang='lat' dir='ltr'><strong>adumbratur,</strong></span> <span class='ocrx_word' id='word_1_502' title='bbox 2860 1099 2915 1144; x_wconf 89' lang='lat' dir='ltr'><strong>et</strong></span> <span class='ocrx_word' id='word_1_503' title='bbox 2953 1088 3357 1160; x_wconf 89' lang='lat' dir='ltr'><strong>quodammodo</strong></span> <span class='ocrx_word' id='word_1_504' title='bbox 3384 1088 3538 1142; x_wconf 81' lang='lat' dir='ltr'><strong>eﬁin—</strong></span> 
     </span>
    </p>
   </div>
   <div class='ocr_carea' id='block_1_69' title="bbox 1953 1183 3534 1257">
    <p class='ocr_par' dir='ltr' id='par_1_69' title="bbox 1953 1183 3534 1257">
     <span class='ocr_line' id='line_1_69' title="bbox 1953 1183 3534 1257; baseline -0.002 -17"><span class='ocrx_word' id='word_1_505' title='bbox 1953 1186 2099 1257; x_wconf 81' lang='lat' dir='ltr'><strong>gitur</strong></span> <span class='ocrx_word' id='word_1_506' title='bbox 2114 1185 2294 1255; x_wconf 89' lang='lat' dir='ltr'><strong>passio</strong></span> <span class='ocrx_word' id='word_1_507' title='bbox 2315 1184 2633 1248; x_wconf 85' lang='lat' dir='ltr'><strong>Salvatoris,</strong></span> <span class='ocrx_word' id='word_1_508' title='bbox 2662 1184 2715 1237; x_wconf 92' lang='lat' dir='ltr'><strong>in</strong></span> <span class='ocrx_word' id='word_1_509' title='bbox 2740 1200 2848 1254; x_wconf 89' lang='lat' dir='ltr'><strong>qua</strong></span> <span class='ocrx_word' id='word_1_510' title='bbox 2895 1192 2951 1238; x_wconf 89' lang='lat' dir='ltr'><strong>et</strong></span> <span class='ocrx_word' id='word_1_511' title='bbox 2974 1200 3074 1253; x_wconf 92' lang='lat' dir='ltr'><strong>per</strong></span> <span class='ocrx_word' id='word_1_512' title='bbox 3103 1199 3269 1253; x_wconf 91' lang='lat' dir='ltr'><strong>quam</strong></span> <span class='ocrx_word' id='word_1_513' title='bbox 3293 1183 3361 1237; x_wconf 86' lang='lat' dir='ltr'><strong>ab</strong></span> <span class='ocrx_word' id='word_1_514' title='bbox 3385 1184 3534 1239; x_wconf 90' lang='lat' dir='ltr'><strong>omni</strong></span> 
     </span>
    </p>
   </div>
   <div class='ocr_carea' id='block_1_70' title="bbox 1954 1275 3537 1344">
    <p class='ocr_par' dir='ltr' id='par_1_70' title="bbox 1954 1275 3537 1344">
     <span class='ocr_line' id='line_1_70' title="bbox 1954 1275 3537 1344; baseline -0.001 -14"><span class='ocrx_word' id='word_1_515' title='bbox 1954 1277 2095 1331; x_wconf 90' lang='lat' dir='ltr'><strong>malo</strong></span> <span class='ocrx_word' id='word_1_516' title='bbox 2126 1276 2341 1334; x_wconf 84' lang='lat' dir='ltr'><strong>liberati</strong></span> <span class='ocrx_word' id='word_1_517' title='bbox 2390 1290 2581 1329; x_wconf 87' lang='lat' dir='ltr'><strong>sumus</strong></span> <span class='ocrx_word' id='word_1_518' title='bbox 2622 1275 2768 1344; x_wconf 85' lang='lat' dir='ltr'><strong>quod</strong></span> <span class='ocrx_word' id='word_1_519' title='bbox 2794 1291 2895 1329; x_wconf 90' lang='lat' dir='ltr'><strong>nos</strong></span> <span class='ocrx_word' id='word_1_520' title='bbox 2919 1290 3114 1329; x_wconf 77' lang='lat' dir='ltr'><strong>vexare</strong></span> <span class='ocrx_word' id='word_1_521' title='bbox 3134 1283 3371 1344; x_wconf 86' lang='lat' dir='ltr'><strong>poterat,</strong></span> <span class='ocrx_word' id='word_1_522' title='bbox 3402 1276 3537 1329; x_wconf 89' lang='lat' dir='ltr'><strong>etin</strong></span> 
     </span>
    </p>
   </div>
   <div class='ocr_carea' id='block_1_71' title="bbox 1951 1363 3532 1434">
    <p class='ocr_par' dir='ltr' id='par_1_71' title="bbox 1951 1363 3532 1434">
     <span class='ocr_line' id='line_1_71' title="bbox 1951 1363 3532 1434; baseline 0.001 -15"><span class='ocrx_word' id='word_1_523' title='bbox 1951 1380 2224 1427; x_wconf 64' lang='lat' dir='ltr'><strong>aerumnas</strong></span> <span class='ocrx_word' id='word_1_524' title='bbox 2256 1363 2588 1418; x_wconf 88' lang='lat' dir='ltr'><strong>insanabiles</strong></span> <span class='ocrx_word' id='word_1_525' title='bbox 2611 1363 3156 1433; x_wconf 83' lang='lat' dir='ltr'><strong>conjecerat.Atque,</strong></span> <span class='ocrx_word' id='word_1_526' title='bbox 3182 1364 3325 1419; x_wconf 90' lang='lat' dir='ltr'><strong>sicut</strong></span> <span class='ocrx_word' id='word_1_527' title='bbox 3349 1381 3532 1434; x_wconf 88' lang='lat' dir='ltr'><strong>nuper</strong></span> 
     </span>
    </p>
   </div>
   <div class='ocr_carea' id='block_1_72' title="bbox 1953 1452 3539 1523">
    <p class='ocr_par' dir='ltr' id='par_1_72' title="bbox 1953 1452 3539 1523">
     <span class='ocr_line' id='line_1_72' title="bbox 1953 1452 3539 1523; baseline 0 -14"><span class='ocrx_word' id='word_1_528' title='bbox 1953 1454 2085 1519; x_wconf 80' lang='lat' dir='ltr'><strong>dixi,</strong></span> <span class='ocrx_word' id='word_1_529' title='bbox 2129 1454 2233 1507; x_wconf 88' lang='lat' dir='ltr'><strong>hoc</strong></span> <span class='ocrx_word' id='word_1_530' title='bbox 2254 1453 2454 1523; x_wconf 91' lang='lat' dir='ltr'><strong>ipsum,</strong></span> <span class='ocrx_word' id='word_1_531' title='bbox 2488 1452 2637 1522; x_wconf 92' lang='lat' dir='ltr'><strong>quod</strong></span> <span class='ocrx_word' id='word_1_532' title='bbox 2670 1453 2902 1522; x_wconf 89' lang='lat' dir='ltr'><strong>septimo</strong></span> <span class='ocrx_word' id='word_1_533' title='bbox 2944 1458 3331 1523; x_wconf 76' lang='lat' dir='ltr'><strong>quoque‘anno</strong></span> <span class='ocrx_word' id='word_1_534' title='bbox 3372 1454 3539 1509; x_wconf 89' lang='lat' dir='ltr'><strong>ﬁebat</strong></span> 
     </span>
    </p>
   </div>
   <div class='ocr_carea' id='block_1_73' title="bbox 1952 1545 3537 1616">
    <p class='ocr_par' dir='ltr' id='par_1_73' title="bbox 1952 1545 3537 1616">
     <span class='ocr_line' id='line_1_73' title="bbox 1952 1545 3537 1616; baseline 0.003 -17"><span class='ocrx_word' id='word_1_535' title='bbox 1952 1545 2261 1601; x_wconf 90' lang='lat' dir='ltr'><strong>debitorum</strong></span> <span class='ocrx_word' id='word_1_536' title='bbox 2283 1546 2552 1610; x_wconf 87' lang='lat' dir='ltr'><strong>remissio,</strong></span> <span class='ocrx_word' id='word_1_537' title='bbox 2587 1556 2801 1616; x_wconf 90' lang='lat' dir='ltr'><strong>tempus</strong></span> <span class='ocrx_word' id='word_1_538' title='bbox 2838 1546 3228 1602; x_wconf 89' lang='lat' dir='ltr'><strong>universorum</strong></span> <span class='ocrx_word' id='word_1_539' title='bbox 3256 1548 3537 1604; x_wconf 71' lang='lat' dir='ltr'><strong>remissio»</strong></span> 
     </span>
    </p>
   </div>
   <div class='ocr_carea' id='block_1_74' title="bbox 1952 1635 3539 1709">
    <p class='ocr_par' dir='ltr' id='par_1_74' title="bbox 1952 1635 3539 1709">
     <span class='ocr_line' id='line_1_74' title="bbox 1952 1635 3539 1709; baseline 0.003 -20"><span class='ocrx_word' id='word_1_540' title='bbox 1952 1637 2038 1691; x_wconf 89' lang='lat' dir='ltr'><strong>nis</strong></span> <span class='ocrx_word' id='word_1_541' title='bbox 2062 1637 2285 1707; x_wconf 89' lang='lat' dir='ltr'><strong>ﬁgurate</strong></span> <span class='ocrx_word' id='word_1_542' title='bbox 2312 1635 2622 1707; x_wconf 90' lang='lat' dir='ltr'><strong>signiﬁcare</strong></span> <span class='ocrx_word' id='word_1_543' title='bbox 2690 1637 2707 1708; x_wconf 92' lang='lat'>(</span> <span class='ocrx_word' id='word_1_544' title='bbox 2739 1636 3023 1707; x_wconf 88' lang='lat' dir='ltr'><strong>justiﬁcati</strong></span> <span class='ocrx_word' id='word_1_545' title='bbox 3064 1654 3298 1709; x_wconf 89' lang='lat' dir='ltr'><strong>namque</strong></span> <span class='ocrx_word' id='word_1_546' title='bbox 3348 1651 3539 1693; x_wconf 73' lang='lat' dir='ltr'><strong>sumus</strong></span> 
     </span>
    </p>
   </div>
   <div class='ocr_carea' id='block_1_75' title="bbox 1952 1724 3533 1789">
    <p class='ocr_par' dir='ltr' id='par_1_75' title="bbox 1952 1724 3533 1789">
     <span class='ocr_line' id='line_1_75' title="bbox 1952 1724 3533 1789; baseline 0.003 -11"><span class='ocrx_word' id='word_1_547' title='bbox 1952 1724 2008 1778; x_wconf 93' lang='lat' dir='ltr'><strong>in</strong></span> <span class='ocrx_word' id='word_1_548' title='bbox 2045 1724 2283 1789; x_wconf 86' lang='lat' dir='ltr'><strong>Christo,</strong></span> <span class='ocrx_word' id='word_1_549' title='bbox 2311 1733 2368 1780; x_wconf 92' lang='lat' dir='ltr'><strong>et</strong></span> <span class='ocrx_word' id='word_1_550' title='bbox 2408 1725 2702 1780; x_wconf 88' lang='lat' dir='ltr'><strong>didicimus</strong></span> <span class='ocrx_word' id='word_1_551' title='bbox 2743 1725 2927 1782; x_wconf 88' lang='lat' dir='ltr'><strong>dicere</strong></span> <span class='ocrx_word' id='word_1_552' title='bbox 2976 1726 3031 1781; x_wconf 92' lang='lat' dir='ltr'><strong>in</strong></span> <span class='ocrx_word' id='word_1_553' title='bbox 3074 1728 3420 1784; x_wconf 88' lang='lat' dir='ltr'><strong>orationibus</strong></span> <span class='ocrx_word' id='word_1_554' title='bbox 3463 1731 3533 1783; x_wconf 88' lang='lat' dir='ltr'><strong>ad</strong></span> 
     </span>
    </p>
   </div>
   <div class='ocr_carea' id='block_1_76' title="bbox 1951 1814 3540 1885">
    <p class='ocr_par' dir='ltr' id='par_1_76' title="bbox 1951 1814 3540 1885">
     <span class='ocr_line' id='line_1_76' title="bbox 1951 1814 3540 1885; baseline 0.003 -16"><span class='ocrx_word' id='word_1_555' title='bbox 1951 1816 2122 1870; x_wconf 88' lang='lat' dir='ltr'><strong>Deum</strong></span> <span class='ocrx_word' id='word_1_556' title='bbox 2176 1825 2231 1869; x_wconf 91' lang='lat' dir='ltr'><strong>et</strong></span> <span class='ocrx_word' id='word_1_557' title='bbox 2251 1816 2486 1879; x_wconf 87' lang='lat' dir='ltr'><strong>Patrem,</strong></span> <span class='ocrx_word' id='word_1_558' title='bbox 2528 1814 2703 1885; x_wconf 90' lang='lat' dir='ltr'><strong>quiin</strong></span> <span class='ocrx_word' id='word_1_559' title='bbox 2748 1816 2902 1871; x_wconf 74' lang='lat' dir='ltr'><strong>cmlis</strong></span> <span class='ocrx_word' id='word_1_560' title='bbox 2926 1825 3081 1871; x_wconf 75' lang='grc' dir='ltr'>εειει</span> <span class='ocrx_word' id='word_1_561' title='bbox 3111 1817 3331 1873; x_wconf 89' lang='lat' dir='ltr'><strong>Dimitte</strong></span> <span class='ocrx_word' id='word_1_562' title='bbox 3377 1819 3540 1873; x_wconf 89' lang='lat' dir='ltr'><strong>nobis</strong></span> 
     </span>
    </p>
   </div>
   <div class='ocr_carea' id='block_1_77' title="bbox 1885 1907 3536 1980">
    <p class='ocr_par' dir='ltr' id='par_1_77' title="bbox 1885 1907 3536 1980">
     <span class='ocr_line' id='line_1_77' title="bbox 1885 1907 3536 1980; baseline 0.001 -19"><span class='ocrx_word' id='word_1_563' title='bbox 1885 1910 1923 1961; x_wconf 82' lang='grc' dir='ltr'><strong>Β</strong></span> <span class='ocrx_word' id='word_1_564' title='bbox 1949 1909 2134 1964; x_wconf 82' lang='lat' dir='ltr'><strong>debita</strong></span> <span class='ocrx_word' id='word_1_565' title='bbox 2166 1918 2354 1963; x_wconf 91' lang='lat' dir='ltr'><strong>nostra</strong></span> <span class='ocrx_word' id='word_1_566' title='bbox 2377 1910 2420 1939; x_wconf 85' lang='grc'>³⁰</span> <span class='ocrx_word' id='word_1_567' title='bbox 2448 1907 2499 1980; x_wconf 88' lang='lat'><strong>;)</strong></span> <span class='ocrx_word' id='word_1_568' title='bbox 2535 1929 2552 1960; x_wconf 75' lang='grc' dir='ltr'><strong>ι</strong></span> <span class='ocrx_word' id='word_1_569' title='bbox 2588 1910 2668 1964; x_wconf 93' lang='lat' dir='ltr'><strong>sic</strong></span> <span class='ocrx_word' id='word_1_570' title='bbox 2695 1909 2797 1964; x_wconf 89' lang='lat' dir='ltr'><strong>hoc</strong></span> <span class='ocrx_word' id='word_1_571' title='bbox 2830 1926 3048 1979; x_wconf 89' lang='lat' dir='ltr'><strong>quoque</strong></span> <span class='ocrx_word' id='word_1_572' title='bbox 3086 1910 3207 1964; x_wconf 92' lang='lat' dir='ltr'><strong>loco</strong></span> <span class='ocrx_word' id='word_1_573' title='bbox 3234 1908 3379 1980; x_wconf 90' lang='lat' dir='ltr'><strong>quod</strong></span> <span class='ocrx_word' id='word_1_574' title='bbox 3409 1925 3536 1963; x_wconf 89' lang='lat' dir='ltr'><strong>ver-</strong></span> 
     </span>
    </p>
   </div>
   <div class='ocr_carea' id='block_1_78' title="bbox 1940 2000 3537 2070">
    <p class='ocr_par' dir='ltr' id='par_1_78' title="bbox 1940 2000 3537 2070">
     <span class='ocr_line' id='line_1_78' title="bbox 1940 2000 3537 2070; baseline 0.002 -18"><span class='ocrx_word' id='word_1_575' title='bbox 1940 2000 2138 2055; x_wconf 82' lang='lat' dir='ltr'><strong>berum</strong></span> <span class='ocrx_word' id='word_1_576' title='bbox 2162 2001 2447 2069; x_wconf 87' lang='lat' dir='ltr'><strong>supplicia,</strong></span> <span class='ocrx_word' id='word_1_577' title='bbox 2476 2012 2584 2056; x_wconf 85' lang='lat' dir='ltr'><strong>tam</strong></span> <span class='ocrx_word' id='word_1_578' title='bbox 2608 2001 2763 2055; x_wconf 83' lang='lat' dir='ltr'><strong>caesis</strong></span> <span class='ocrx_word' id='word_1_579' title='bbox 2784 2017 2948 2070; x_wconf 89' lang='lat' dir='ltr'><strong>quam</strong></span> <span class='ocrx_word' id='word_1_580' title='bbox 2981 2001 3341 2063; x_wconf 67' lang='lat' dir='ltr'><strong>caedentibus,</strong></span> <span class='ocrx_word' id='word_1_581' title='bbox 3364 2015 3537 2070; x_wconf 86' lang='lat' dir='ltr'><strong>usque</strong></span> 
     </span>
    </p>
   </div>
   <div class='ocr_carea' id='block_1_79' title="bbox 1945 2092 3537 2163">
    <p class='ocr_par' dir='ltr' id='par_1_79' title="bbox 1945 2092 3537 2163">
     <span class='ocr_line' id='line_1_79' title="bbox 1945 2092 3537 2163; baseline 0.001 -18"><span class='ocrx_word' id='word_1_582' title='bbox 1945 2092 2013 2146; x_wconf 89' lang='lat' dir='ltr'><strong>ad</strong></span> <span class='ocrx_word' id='word_1_583' title='bbox 2067 2092 2558 2161; x_wconf 75' lang='lat' dir='ltr'><strong>quadragenarium</strong></span> <span class='ocrx_word' id='word_1_584' title='bbox 2606 2092 2891 2161; x_wconf 84' lang='lat' dir='ltr'><strong>plagarum</strong></span> <span class='ocrx_word' id='word_1_585' title='bbox 2954 2107 3245 2146; x_wconf 90' lang='lat' dir='ltr'><strong>numerum</strong></span> <span class='ocrx_word' id='word_1_586' title='bbox 3307 2106 3537 2163; x_wconf 79' lang='lat' dir='ltr'><strong>progre-</strong></span> 
     </span>
    </p>
   </div>
   <div class='ocr_carea' id='block_1_80' title="bbox 1944 2184 3535 2254">
    <p class='ocr_par' dir='ltr' id='par_1_80' title="bbox 1944 2184 3535 2254">
     <span class='ocr_line' id='line_1_80' title="bbox 1944 2184 3535 2254; baseline -0.001 -16"><span class='ocrx_word' id='word_1_587' title='bbox 1944 2184 2191 2249; x_wconf 89' lang='lat' dir='ltr'><strong>diuntur,</strong></span> <span class='ocrx_word' id='word_1_588' title='bbox 2224 2184 2276 2238; x_wconf 90' lang='lat' dir='ltr'><strong>id</strong></span> <span class='ocrx_word' id='word_1_589' title='bbox 2324 2184 2470 2237; x_wconf 92' lang='lat' dir='ltr'><strong>illius</strong></span> <span class='ocrx_word' id='word_1_590' title='bbox 2522 2184 2789 2254; x_wconf 87' lang='lat' dir='ltr'><strong>unigeniti</strong></span> <span class='ocrx_word' id='word_1_591' title='bbox 2826 2184 2969 2247; x_wconf 88' lang='lat' dir='ltr'><strong>Filii,</strong></span> <span class='ocrx_word' id='word_1_592' title='bbox 3017 2193 3301 2254; x_wconf 87' lang='lat' dir='ltr'><strong>assumpta</strong></span> <span class='ocrx_word' id='word_1_593' title='bbox 3346 2199 3535 2248; x_wconf 90' lang='lat' dir='ltr'><strong>carne,</strong></span> 
     </span>
    </p>
   </div>
   <div class='ocr_carea' id='block_1_81' title="bbox 1946 2275 3527 2346">
    <p class='ocr_par' dir='ltr' id='par_1_81' title="bbox 1946 2275 3527 2346">
     <span class='ocr_line' id='line_1_81' title="bbox 1946 2275 3527 2346; baseline -0.001 -16"><span class='ocrx_word' id='word_1_594' title='bbox 1946 2275 2368 2345; x_wconf 83' lang='lat' dir='ltr'><strong>dispensationis</strong></span> <span class='ocrx_word' id='word_1_595' title='bbox 2420 2284 2636 2345; x_wconf 86' lang='lat' dir='ltr'><strong>tempus</strong></span> <span class='ocrx_word' id='word_1_596' title='bbox 2700 2276 2861 2330; x_wconf 90' lang='lat' dir='ltr'><strong>nobis</strong></span> <span class='ocrx_word' id='word_1_597' title='bbox 2911 2277 3386 2346; x_wconf 72' lang='lat' dir='ltr'><strong>exoptatissxmum</strong></span> <span class='ocrx_word' id='word_1_598' title='bbox 3444 2276 3527 2329; x_wconf 83' lang='lat' dir='ltr'><strong>in-</strong></span> 
     </span>
    </p>
   </div>
   <div class='ocr_carea' id='block_1_82' title="bbox 1945 2366 3537 2437">
    <p class='ocr_par' dir='ltr' id='par_1_82' title="bbox 1945 2366 3537 2437">
     <span class='ocr_line' id='line_1_82' title="bbox 1945 2366 3537 2437; baseline 0 -18"><span class='ocrx_word' id='word_1_599' title='bbox 1945 2366 2108 2430; x_wconf 81' lang='lat' dir='ltr'><strong>dicat,</strong></span> <span class='ocrx_word' id='word_1_600' title='bbox 2135 2383 2244 2436; x_wconf 88' lang='lat' dir='ltr'><strong>quo</strong></span> <span class='ocrx_word' id='word_1_601' title='bbox 2262 2375 2504 2436; x_wconf 89' lang='lat' dir='ltr'><strong>tempore</strong></span> <span class='ocrx_word' id='word_1_602' title='bbox 2522 2367 2694 2421; x_wconf 79' lang='lat' dir='ltr'><strong>liv‘ore</strong></span> <span class='ocrx_word' id='word_1_603' title='bbox 2724 2368 2844 2437; x_wconf 88' lang='lat' dir='ltr'><strong>ejus</strong></span> <span class='ocrx_word' id='word_1_604' title='bbox 2879 2383 2978 2421; x_wconf 90' lang='lat' dir='ltr'><strong>nos</strong></span> <span class='ocrx_word' id='word_1_605' title='bbox 3015 2368 3190 2422; x_wconf 90' lang='lat' dir='ltr'><strong>sanati</strong></span> <span class='ocrx_word' id='word_1_606' title='bbox 3223 2382 3451 2431; x_wconf 90' lang='lat' dir='ltr'><strong>sumus;</strong></span> <span class='ocrx_word' id='word_1_607' title='bbox 3477 2374 3537 2419; x_wconf 85' lang='lat' dir='ltr'><strong>et</strong></span> 
     </span>
    </p>
   </div>
   <div class='ocr_carea' id='block_1_83' title="bbox 1946 2457 3536 2528">
    <p class='ocr_par' dir='ltr' id='par_1_83' title="bbox 1946 2457 3536 2528">
     <span class='ocr_line' id='line_1_83' title="bbox 1946 2457 3536 2528; baseline 0.001 -18"><span class='ocrx_word' id='word_1_608' title='bbox 1946 2457 2062 2526; x_wconf 87' lang='lat' dir='ltr'><strong>ipse</strong></span> <span class='ocrx_word' id='word_1_609' title='bbox 2088 2457 2312 2527; x_wconf 88' lang='lat' dir='ltr'><strong>quidem</strong></span> <span class='ocrx_word' id='word_1_610' title='bbox 2337 2457 2644 2512; x_wconf 87' lang='lat' dir='ltr'><strong>inﬁrmatus</strong></span> <span class='ocrx_word' id='word_1_611' title='bbox 2671 2465 2756 2511; x_wconf 91' lang='lat' dir='ltr'><strong>est</strong></span> <span class='ocrx_word' id='word_1_612' title='bbox 2779 2465 3004 2527; x_wconf 88' lang='lat' dir='ltr'><strong>propter</strong></span> <span class='ocrx_word' id='word_1_613' title='bbox 3030 2468 3253 2528; x_wconf 88' lang='lat' dir='ltr'><strong>peccata</strong></span> <span class='ocrx_word' id='word_1_614' title='bbox 3283 2467 3468 2513; x_wconf 79' lang='lat' dir='ltr'><strong>nostra</strong></span> <span class='ocrx_word' id='word_1_615' title='bbox 3493 2459 3536 2490; x_wconf 81' lang='grc'><strong>²¹</strong></span> 
     </span>
    </p>
   </div>
   <div class='ocr_carea' id='block_1_84' title="bbox 1946 2545 3539 2618">
    <p class='ocr_par' dir='ltr' id='par_1_84' title="bbox 1946 2545 3539 2618">
     <span class='ocr_line' id='line_1_84' title="bbox 1946 2545 3539 2618; baseline 0.002 -19"><span class='ocrx_word' id='word_1_616' title='bbox 1946 2561 2069 2600; x_wconf 89' lang='lat' dir='ltr'><strong>cum</strong></span> <span class='ocrx_word' id='word_1_617' title='bbox 2114 2546 2334 2615; x_wconf 86' lang='lat' dir='ltr'><strong>injuriis</strong></span> <span class='ocrx_word' id='word_1_618' title='bbox 2377 2562 2502 2600; x_wconf 89' lang='lat' dir='ltr'><strong>eum</strong></span> <span class='ocrx_word' id='word_1_619' title='bbox 2547 2545 2870 2610; x_wconf 76' lang='lat' dir='ltr'><strong>aﬁecerunt,</strong></span> <span class='ocrx_word' id='word_1_620' title='bbox 2918 2547 3012 2616; x_wconf 83' lang='lat' dir='ltr'><strong>qui</strong></span> <span class='ocrx_word' id='word_1_621' title='bbox 3060 2563 3128 2602; x_wconf 80' lang='lat' dir='ltr'><strong>ex</strong></span> <span class='ocrx_word' id='word_1_622' title='bbox 3166 2548 3331 2602; x_wconf 86' lang='lat' dir='ltr'><strong>Israel</strong></span> <span class='ocrx_word' id='word_1_623' title='bbox 3363 2563 3539 2618; x_wconf 86' lang='lat' dir='ltr'><strong>genus</strong></span> 
     </span>
    </p>
   </div>
   <div class='ocr_carea' id='block_1_85' title="bbox 1946 2637 3538 2709">
    <p class='ocr_par' dir='ltr' id='par_1_85' title="bbox 1946 2637 3538 2709">
     <span class='ocr_line' id='line_1_85' title="bbox 1946 2637 3538 2709; baseline 0.001 -18"><span class='ocrx_word' id='word_1_624' title='bbox 1946 2637 2247 2701; x_wconf 86' lang='lat' dir='ltr'><strong>ducebant,</strong></span> <span class='ocrx_word' id='word_1_625' title='bbox 2278 2644 2446 2706; x_wconf 90' lang='lat' dir='ltr'><strong>atque</strong></span> <span class='ocrx_word' id='word_1_626' title='bbox 2493 2637 2548 2691; x_wconf 89' lang='lat' dir='ltr'><strong>in</strong></span> <span class='ocrx_word' id='word_1_627' title='bbox 2582 2639 2703 2708; x_wconf 91' lang='lat' dir='ltr'><strong>ejus</strong></span> <span class='ocrx_word' id='word_1_628' title='bbox 2732 2645 2945 2706; x_wconf 83' lang='lat' dir='ltr'><strong>tergum</strong></span> <span class='ocrx_word' id='word_1_629' title='bbox 2986 2638 3194 2693; x_wconf 86' lang='lat' dir='ltr'><strong>Pilatus</strong></span> <span class='ocrx_word' id='word_1_630' title='bbox 3221 2639 3406 2709; x_wconf 85' lang='lat' dir='ltr'><strong>plagas</strong></span> <span class='ocrx_word' id='word_1_631' title='bbox 3448 2638 3538 2692; x_wconf 89' lang='lat' dir='ltr'><strong>in-</strong></span> 
     </span>
    </p>
   </div>
   <div class='ocr_carea' id='block_1_86' title="bbox 1946 2727 3543 2799">
    <p class='ocr_par' dir='ltr' id='par_1_86' title="bbox 1946 2727 3543 2799">
     <span class='ocr_line' id='line_1_86' title="bbox 1946 2727 3543 2799; baseline 0.001 -17"><span class='ocrx_word' id='word_1_632' title='bbox 1946 2727 2117 2794; x_wconf 76' lang='lat' dir='ltr'><strong>ﬂixit;</strong></span> <span class='ocrx_word' id='word_1_633' title='bbox 2170 2744 2271 2783; x_wconf 87' lang='lat' dir='ltr'><strong>nos</strong></span> <span class='ocrx_word' id='word_1_634' title='bbox 2302 2727 2546 2782; x_wconf 86' lang='lat' dir='ltr'><strong>vicissim</strong></span> <span class='ocrx_word' id='word_1_635' title='bbox 2572 2744 2602 2782; x_wconf 89' lang='lat' dir='ltr'><strong>a</strong></span> <span class='ocrx_word' id='word_1_636' title='bbox 2630 2729 2808 2798; x_wconf 76' lang='lat' dir='ltr'><strong>pomis</strong></span> <span class='ocrx_word' id='word_1_637' title='bbox 2846 2736 3010 2798; x_wconf 85' lang='lat' dir='ltr'><strong>atque</strong></span> <span class='ocrx_word' id='word_1_638' title='bbox 3041 2728 3310 2799; x_wconf 88' lang='lat' dir='ltr'><strong>supplicio</strong></span> <span class='ocrx_word' id='word_1_639' title='bbox 3350 2742 3543 2784; x_wconf 88' lang='lat' dir='ltr'><strong>sumus</strong></span> 
     </span>
    </p>
   </div>
   <div class='ocr_carea' id='block_1_87' title="bbox 1944 2818 3534 2891">
    <p class='ocr_par' dir='ltr' id='par_1_87' title="bbox 1944 2818 3534 2891">
     <span class='ocr_line' id='line_1_87' title="bbox 1944 2818 3534 2891; baseline 0.001 -17"><span class='ocrx_word' id='word_1_640' title='bbox 1944 2820 2141 2889; x_wconf 85' lang='lat' dir='ltr'><strong>erepti.</strong></span> <span class='ocrx_word' id='word_1_641' title='bbox 2181 2818 2320 2875; x_wconf 90' lang='lat' dir='ltr'><strong>Olim</strong></span> <span class='ocrx_word' id='word_1_642' title='bbox 2347 2835 2583 2889; x_wconf 87' lang='lat' dir='ltr'><strong>namque</strong></span> <span class='ocrx_word' id='word_1_643' title='bbox 2608 2820 2777 2873; x_wconf 91' lang='lat' dir='ltr'><strong>multa</strong></span> <span class='ocrx_word' id='word_1_644' title='bbox 2797 2829 2953 2874; x_wconf 90' lang='lat' dir='ltr'><strong>erant</strong></span> <span class='ocrx_word' id='word_1_645' title='bbox 2973 2819 3181 2890; x_wconf 75' lang='lat' dir='ltr'><strong>flagella</strong></span> <span class='ocrx_word' id='word_1_646' title='bbox 3205 2822 3534 2891; x_wconf 86' lang='lat' dir='ltr'><strong>peccatoris,</strong></span> 
     </span>
    </p>
   </div>
   <div class='ocr_carea' id='block_1_88' title="bbox 1948 2911 3540 2981">
    <p class='ocr_par' dir='ltr' id='par_1_88' title="bbox 1948 2911 3540 2981">
     <span class='ocr_line' id='line_1_88' title="bbox 1948 2911 3540 2981; baseline 0.001 -15"><span class='ocrx_word' id='word_1_647' title='bbox 1948 2922 2008 2966; x_wconf 85' lang='lat' dir='ltr'><strong>ut</strong></span> <span class='ocrx_word' id='word_1_648' title='bbox 2026 2911 2289 2981; x_wconf 89' lang='lat' dir='ltr'><strong>scriptum</strong></span> <span class='ocrx_word' id='word_1_649' title='bbox 2312 2921 2397 2966; x_wconf 87' lang='lat' dir='ltr'><strong>est</strong></span> <span class='ocrx_word' id='word_1_650' title='bbox 2430 2912 2498 2976; x_wconf 84' lang='grc'><strong>³²,</strong></span> <span class='ocrx_word' id='word_1_651' title='bbox 2524 2912 2618 2965; x_wconf 91' lang='lat' dir='ltr'><strong>sed</strong></span> <span class='ocrx_word' id='word_1_652' title='bbox 2643 2927 2743 2981; x_wconf 91' lang='lat' dir='ltr'><strong>pro</strong></span> <span class='ocrx_word' id='word_1_653' title='bbox 2766 2912 2925 2966; x_wconf 91' lang='lat' dir='ltr'><strong>nobis</strong></span> <span class='ocrx_word' id='word_1_654' title='bbox 2948 2911 3248 2981; x_wconf 87' lang='lat' dir='ltr'><strong>ﬁagellatus</strong></span> <span class='ocrx_word' id='word_1_655' title='bbox 3275 2921 3359 2967; x_wconf 83' lang='lat' dir='ltr'><strong>est</strong></span> <span class='ocrx_word' id='word_1_656' title='bbox 3379 2912 3540 2967; x_wconf 87' lang='lat' dir='ltr'><strong>Chri-</strong></span> 
     </span>
    </p>
   </div>
   <div class='ocr_carea' id='block_1_89' title="bbox 1947 3002 3528 3073">
    <p class='ocr_par' dir='ltr' id='par_1_89' title="bbox 1947 3002 3528 3073">
     <span class='ocr_line' id='line_1_89' title="bbox 1947 3002 3528 3073; baseline 0.002 -19"><span class='ocrx_word' id='word_1_657' title='bbox 1947 3009 2068 3056; x_wconf 90' lang='lat' dir='ltr'><strong>tus:</strong></span> <span class='ocrx_word' id='word_1_658' title='bbox 2098 3010 2157 3055; x_wconf 87' lang='lat' dir='ltr'><strong>ut</strong></span> <span class='ocrx_word' id='word_1_659' title='bbox 2192 3002 2340 3056; x_wconf 91' lang='lat' dir='ltr'><strong>enim</strong></span> <span class='ocrx_word' id='word_1_660' title='bbox 2373 3017 2473 3070; x_wconf 94' lang='lat' dir='ltr'><strong>pro</strong></span> <span class='ocrx_word' id='word_1_661' title='bbox 2496 3002 2751 3056; x_wconf 85' lang='lat' dir='ltr'><strong>omnibus</strong></span> <span class='ocrx_word' id='word_1_662' title='bbox 2786 3012 3034 3057; x_wconf 91' lang='lat' dir='ltr'><strong>mortuus</strong></span> <span class='ocrx_word' id='word_1_663' title='bbox 3057 3011 3162 3068; x_wconf 87' lang='lat' dir='ltr'><strong>est,</strong></span> <span class='ocrx_word' id='word_1_664' title='bbox 3189 3004 3260 3057; x_wconf 88' lang='lat' dir='ltr'><strong>ita</strong></span> <span class='ocrx_word' id='word_1_665' title='bbox 3289 3020 3389 3073; x_wconf 92' lang='lat' dir='ltr'><strong>pro</strong></span> <span class='ocrx_word' id='word_1_666' title='bbox 3412 3020 3528 3057; x_wconf 84' lang='lat' dir='ltr'><strong>om—</strong></span> 
     </span>
    </p>
   </div>
   <div class='ocr_carea' id='block_1_90' title="bbox 1949 3092 3531 3161">
    <p class='ocr_par' dir='ltr' id='par_1_90' title="bbox 1949 3092 3531 3161">
     <span class='ocr_line' id='line_1_90' title="bbox 1949 3092 3531 3161; baseline 0 -16"><span class='ocrx_word' id='word_1_667' title='bbox 1949 3092 2113 3146; x_wconf 89' lang='lat' dir='ltr'><strong>nibus</strong></span> <span class='ocrx_word' id='word_1_668' title='bbox 2135 3106 2354 3160; x_wconf 90' lang='lat' dir='ltr'><strong>quoque</strong></span> <span class='ocrx_word' id='word_1_669' title='bbox 2394 3092 2717 3161; x_wconf 87' lang='lat' dir='ltr'><strong>ﬂagellatus,</strong></span> <span class='ocrx_word' id='word_1_670' title='bbox 2748 3107 2872 3145; x_wconf 92' lang='lat' dir='ltr'><strong>cum</strong></span> <span class='ocrx_word' id='word_1_671' title='bbox 2916 3109 3057 3147; x_wconf 90' lang='lat' dir='ltr'><strong>unus</strong></span> <span class='ocrx_word' id='word_1_672' title='bbox 3080 3094 3251 3147; x_wconf 90' lang='lat' dir='ltr'><strong>instar</strong></span> <span class='ocrx_word' id='word_1_673' title='bbox 3284 3093 3531 3147; x_wconf 90' lang='lat' dir='ltr'><strong>omnium</strong></span> 
     </span>
    </p>
   </div>
   <div class='ocr_carea' id='block_1_91' title="bbox 1949 3183 3539 3253">
    <p class='ocr_par' dir='ltr' id='par_1_91' title="bbox 1949 3183 3539 3253">
     <span class='ocr_line' id='line_1_91' title="bbox 1949 3183 3539 3253; baseline 0 -16"><span class='ocrx_word' id='word_1_674' title='bbox 1949 3190 2116 3238; x_wconf 87' lang='lat' dir='ltr'><strong>esset.</strong></span> <span class='ocrx_word' id='word_1_675' title='bbox 2159 3183 2461 3237; x_wconf 84' lang='lat' dir='ltr'><strong>Numerum</strong></span> <span class='ocrx_word' id='word_1_676' title='bbox 2505 3198 2667 3251; x_wconf 89' lang='lat' dir='ltr'><strong>porro</strong></span> <span class='ocrx_word' id='word_1_677' title='bbox 2706 3184 3068 3253; x_wconf 82' lang='lat' dir='ltr'><strong>quadraginta</strong></span> <span class='ocrx_word' id='word_1_678' title='bbox 3108 3185 3347 3247; x_wconf 88' lang='lat' dir='ltr'><strong>dierum,</strong></span> <span class='ocrx_word' id='word_1_679' title='bbox 3408 3185 3452 3238; x_wconf 93' lang='lat' dir='ltr'><strong>si</strong></span> <span class='ocrx_word' id='word_1_680' title='bbox 3482 3185 3539 3238; x_wconf 88' lang='lat' dir='ltr'><strong>in</strong></span> 
     </span>
    </p>
   </div>
   <div class='ocr_carea' id='block_1_92' title="bbox 1899 3260 3599 3342">
    <p class='ocr_par' dir='ltr' id='par_1_92' title="bbox 1899 3260 3599 3342">
     <span class='ocr_line' id='line_1_92' title="bbox 1899 3260 3599 3342; baseline 0.003 -19"><span class='ocrx_word' id='word_1_681' title='bbox 1899 3275 1919 3298; x_wconf 85' lang='grc'><em>⁴</em></span> <span class='ocrx_word' id='word_1_682' title='bbox 1950 3270 2239 3341; x_wconf 89' lang='lat' dir='ltr'><strong>quinquies</strong></span> <span class='ocrx_word' id='word_1_683' title='bbox 2262 3280 2385 3326; x_wconf 88' lang='lat' dir='ltr'><strong>octo</strong></span> <span class='ocrx_word' id='word_1_684' title='bbox 2420 3270 2791 3336; x_wconf 88' lang='lat' dir='ltr'><strong>distribueris,</strong></span> <span class='ocrx_word' id='word_1_685' title='bbox 2826 3273 3144 3342; x_wconf 88' lang='lat' dir='ltr'><strong>quinarium</strong></span> <span class='ocrx_word' id='word_1_686' title='bbox 3189 3273 3436 3341; x_wconf 87' lang='lat' dir='ltr'><strong>reperies</strong></span> <span class='ocrx_word' id='word_1_687' title='bbox 3484 3283 3541 3328; x_wconf 91' lang='lat' dir='ltr'><strong>et</strong></span> <span class='ocrx_word' id='word_1_688' title='bbox 3595 3260 3599 3264; x_wconf 56' lang='grc'><strong>’</strong></span> 
     </span>
    </p>
   </div>
   <div class='ocr_carea' id='block_1_93' title="bbox 1943 3361 3540 3433">
    <p class='ocr_par' dir='ltr' id='par_1_93' title="bbox 1943 3361 3540 3433">
     <span class='ocr_line' id='line_1_93' title="bbox 1943 3361 3540 3433; baseline 0.002 -19"><span class='ocrx_word' id='word_1_689' title='bbox 1943 3361 2304 3426; x_wconf 88' lang='lat' dir='ltr'><strong>octonarium,</strong></span> <span class='ocrx_word' id='word_1_690' title='bbox 2328 3370 2482 3431; x_wconf 89' lang='lat' dir='ltr'><strong>aptos</strong></span> <span class='ocrx_word' id='word_1_691' title='bbox 2515 3378 2777 3416; x_wconf 83' lang='lat' dir='ltr'><strong>numeros</strong></span> <span class='ocrx_word' id='word_1_692' title='bbox 2815 3363 2883 3417; x_wconf 87' lang='lat' dir='ltr'><strong>ad</strong></span> <span class='ocrx_word' id='word_1_693' title='bbox 2913 3365 3030 3433; x_wconf 90' lang='lat' dir='ltr'><strong>ejus</strong></span> <span class='ocrx_word' id='word_1_694' title='bbox 3061 3364 3323 3432; x_wconf 85' lang='lat' dir='ltr'><strong>temporis</strong></span> <span class='ocrx_word' id='word_1_695' title='bbox 3365 3363 3540 3433; x_wconf 51' lang='lat' dir='ltr'><strong>signi.</strong></span> 
     </span>
    </p>
   </div>
   <div class='ocr_carea' id='block_1_94' title="bbox 1945 3451 3542 3526">
    <p class='ocr_par' dir='ltr' id='par_1_94' title="bbox 1945 3451 3542 3526">
     <span class='ocr_line' id='line_1_94' title="bbox 1945 3451 3542 3526; baseline 0.003 -21"><span class='ocrx_word' id='word_1_696' title='bbox 1945 3451 2250 3508; x_wconf 87' lang='lat' dir='ltr'><strong>ﬁcationem</strong></span> <span class='ocrx_word' id='word_1_697' title='bbox 2296 3471 2309 3505; x_wconf 89' lang='lat'>:</span> <span class='ocrx_word' id='word_1_698' title='bbox 2355 3453 2579 3507; x_wconf 87' lang='lat' dir='ltr'><strong>advenit</strong></span> <span class='ocrx_word' id='word_1_699' title='bbox 2625 3453 2771 3508; x_wconf 88' lang='lat' dir='ltr'><strong>enim</strong></span> <span class='ocrx_word' id='word_1_700' title='bbox 2821 3455 2911 3509; x_wconf 90' lang='lat' dir='ltr'><strong>ille</strong></span> <span class='ocrx_word' id='word_1_701' title='bbox 2964 3454 3291 3524; x_wconf 89' lang='lat' dir='ltr'><strong>Unigenitus</strong></span> <span class='ocrx_word' id='word_1_702' title='bbox 3342 3454 3542 3526; x_wconf 88' lang='lat' dir='ltr'><strong>quinto</strong></span> 
     </span>
    </p>
   </div>
   <div class='ocr_carea' id='block_1_95' title="bbox 1946 3543 3539 3621">
    <p class='ocr_par' dir='ltr' id='par_1_95' title="bbox 1946 3543 3539 3621">
     <span class='ocr_line' id='line_1_95' title="bbox 1946 3543 3539 3621; baseline 0.001 -24"><span class='ocrx_word' id='word_1_703' title='bbox 1946 3550 2207 3613; x_wconf 87' lang='lat' dir='ltr'><strong>tempore,</strong></span> <span class='ocrx_word' id='word_1_704' title='bbox 2227 3545 2380 3621; x_wconf 68' lang='lat' dir='ltr'><strong>juxta</strong></span> <span class='ocrx_word' id='word_1_705' title='bbox 2414 3543 2560 3596; x_wconf 90' lang='lat' dir='ltr'><strong>illam</strong></span> <span class='ocrx_word' id='word_1_706' title='bbox 2584 3544 2956 3614; x_wconf 79' lang='lat' dir='ltr'><strong>evangelicam</strong></span> <span class='ocrx_word' id='word_1_707' title='bbox 2998 3545 3313 3619; x_wconf 83' lang='lat' dir='ltr'><strong>parabolam</strong></span> <span class='ocrx_word' id='word_1_708' title='bbox 3345 3562 3357 3597; x_wconf 88' lang='lat'>:</span> <span class='ocrx_word' id='word_1_709' title='bbox 3393 3543 3539 3599; x_wconf 89' lang='lat' dir='ltr'><strong>Con-</strong></span> 
     </span>
    </p>
   </div>
   <div class='ocr_carea' id='block_1_96' title="bbox 1944 3635 3543 3705">
    <p class='ocr_par' dir='ltr' id='par_1_96' title="bbox 1944 3635 3543 3705">
     <span class='ocr_line' id='line_1_96' title="bbox 1944 3635 3543 3705; baseline 0 -16"><span class='ocrx_word' id='word_1_710' title='bbox 1944 3635 2100 3689; x_wconf 75' lang='lat' dir='ltr'><strong>duxit</strong></span> <span class='ocrx_word' id='word_1_711' title='bbox 2121 3636 2268 3689; x_wconf 89' lang='lat' dir='ltr'><strong>enim</strong></span> <span class='ocrx_word' id='word_1_712' title='bbox 2291 3635 2515 3705; x_wconf 86' lang='lat' dir='ltr'><strong>quidam</strong></span> <span class='ocrx_word' id='word_1_713' title='bbox 2528 3636 2815 3703; x_wconf 90' lang='lat' dir='ltr'><strong>operarios</strong></span> <span class='ocrx_word' id='word_1_714' title='bbox 2841 3636 2896 3691; x_wconf 91' lang='lat' dir='ltr'><strong>in</strong></span> <span class='ocrx_word' id='word_1_715' title='bbox 2921 3637 3159 3699; x_wconf 83' lang='lat' dir='ltr'><strong>vineam,</strong></span> <span class='ocrx_word' id='word_1_716' title='bbox 3190 3652 3315 3690; x_wconf 74' lang='lat' dir='ltr'><strong>cum</strong></span> <span class='ocrx_word' id='word_1_717' title='bbox 3339 3638 3543 3691; x_wconf 80' lang='lat' dir='ltr'><strong>exisset</strong></span> 
     </span>
    </p>
   </div>
   <div class='ocr_carea' id='block_1_97' title="bbox 1944 3727 3542 3797">
    <p class='ocr_par' dir='ltr' id='par_1_97' title="bbox 1944 3727 3542 3797">
     <span class='ocr_line' id='line_1_97' title="bbox 1944 3727 3542 3797; baseline -0.002 -15"><span class='ocrx_word' id='word_1_718' title='bbox 1944 3728 2089 3783; x_wconf 84' lang='lat' dir='ltr'><strong>circa</strong></span> <span class='ocrx_word' id='word_1_719' title='bbox 2134 3727 2327 3780; x_wconf 89' lang='lat' dir='ltr'><strong>horam</strong></span> <span class='ocrx_word' id='word_1_720' title='bbox 2370 3727 2625 3796; x_wconf 90' lang='lat' dir='ltr'><strong>primam,</strong></span> <span class='ocrx_word' id='word_1_721' title='bbox 2673 3729 2912 3791; x_wconf 88' lang='lat' dir='ltr'><strong>tertiam,</strong></span> <span class='ocrx_word' id='word_1_722' title='bbox 2959 3734 3167 3782; x_wconf 83' lang='lat' dir='ltr'><strong>sextam</strong></span> <span class='ocrx_word' id='word_1_723' title='bbox 3218 3743 3439 3797; x_wconf 90' lang='lat' dir='ltr'><strong>quoque</strong></span> <span class='ocrx_word' id='word_1_724' title='bbox 3480 3741 3542 3780; x_wconf 89' lang='lat' dir='ltr'><strong>ac</strong></span> 
     </span>
    </p>
   </div>
   <div class='ocr_carea' id='block_1_98' title="bbox 1943 3818 3543 3875">
    <p class='ocr_par' dir='ltr' id='par_1_98' title="bbox 1943 3818 3543 3875">
     <span class='ocr_line' id='line_1_98' title="bbox 1943 3818 3543 3875; baseline -0.001 -1"><span class='ocrx_word' id='word_1_725' title='bbox 1943 3835 2139 3874; x_wconf 90' lang='lat' dir='ltr'><strong>nonam</strong></span> <span class='ocrx_word' id='word_1_726' title='bbox 2169 3829 2225 3874; x_wconf 90' lang='lat' dir='ltr'><strong>et</strong></span> <span class='ocrx_word' id='word_1_727' title='bbox 2270 3818 2611 3873; x_wconf 86' lang='lat' dir='ltr'><strong>undecimam</strong></span> <span class='ocrx_word' id='word_1_728' title='bbox 2645 3819 2691 3850; x_wconf 82' lang='grc'><strong>³³</strong></span> <span class='ocrx_word' id='word_1_729' title='bbox 2724 3837 2737 3872; x_wconf 84' lang='grc' dir='ltr'><strong>ι</strong></span> <span class='ocrx_word' id='word_1_730' title='bbox 2788 3820 3092 3875; x_wconf 79' lang='lat' dir='ltr'><strong>resurrexit</strong></span> <span class='ocrx_word' id='word_1_731' title='bbox 3115 3826 3295 3874; x_wconf 90' lang='lat' dir='ltr'><strong>autem</strong></span> <span class='ocrx_word' id='word_1_732' title='bbox 3349 3828 3543 3874; x_wconf 87' lang='lat' dir='ltr'><strong>octavo</strong></span> 
     </span>
    </p>
   </div>
   <div class='ocr_carea' id='block_1_99' title="bbox 1944 3910 3541 3978">
    <p class='ocr_par' dir='ltr' id='par_1_99' title="bbox 1944 3910 3541 3978">
     <span class='ocr_line' id='line_1_99' title="bbox 1944 3910 3541 3978; baseline 0.001 -14"><span class='ocrx_word' id='word_1_733' title='bbox 1944 3910 2053 3974; x_wconf 90' lang='lat' dir='ltr'><strong>die,</strong></span> <span class='ocrx_word' id='word_1_734' title='bbox 2076 3910 2359 3964; x_wconf 88' lang='lat' dir='ltr'><strong>destructo</strong></span> <span class='ocrx_word' id='word_1_735' title='bbox 2391 3910 2584 3963; x_wconf 89' lang='lat' dir='ltr'><strong>mortis</strong></span> <span class='ocrx_word' id='word_1_736' title='bbox 2622 3910 2876 3978; x_wconf 89' lang='lat' dir='ltr'><strong>imperio,</strong></span> <span class='ocrx_word' id='word_1_737' title='bbox 2905 3918 3109 3964; x_wconf 89' lang='lat' dir='ltr'><strong>etcum</strong></span> <span class='ocrx_word' id='word_1_738' title='bbox 3137 3926 3204 3965; x_wconf 92' lang='lat' dir='ltr'><strong>eo</strong></span> <span class='ocrx_word' id='word_1_739' title='bbox 3251 3910 3541 3965; x_wconf 88' lang='lat' dir='ltr'><strong>adventitii</strong></span> 
     </span>
    </p>
   </div>
   <div class='ocr_carea' id='block_1_100' title="bbox 1946 4002 3541 4073">
    <p class='ocr_par' dir='ltr' id='par_1_100' title="bbox 1946 4002 3541 4073">
     <span class='ocr_line' id='line_1_100' title="bbox 1946 4002 3541 4073; baseline -0.001 -14"><span class='ocrx_word' id='word_1_740' title='bbox 1946 4004 2200 4059; x_wconf 88' lang='lat' dir='ltr'><strong>interitus</strong></span> <span class='ocrx_word' id='word_1_741' title='bbox 2250 4010 2477 4072; x_wconf 89' lang='lat' dir='ltr'><strong>parente</strong></span> <span class='ocrx_word' id='word_1_742' title='bbox 2524 4003 2686 4057; x_wconf 90' lang='lat' dir='ltr'><strong>simul</strong></span> <span class='ocrx_word' id='word_1_743' title='bbox 2747 4002 3106 4072; x_wconf 89' lang='lat' dir='ltr'><strong>interempto,</strong></span> <span class='ocrx_word' id='word_1_744' title='bbox 3159 4012 3404 4073; x_wconf 89' lang='lat' dir='ltr'><strong>peccato,</strong></span> <span class='ocrx_word' id='word_1_745' title='bbox 3455 4004 3541 4057; x_wconf 86' lang='lat' dir='ltr'><strong>in-</strong></span> 
     </span>
    </p>
   </div>
   <div class='ocr_carea' id='block_1_101' title="bbox 1944 4093 3542 4165">
    <p class='ocr_par' dir='ltr' id='par_1_101' title="bbox 1944 4093 3542 4165">
     <span class='ocr_line' id='line_1_101' title="bbox 1944 4093 3542 4165; baseline -0.003 -15"><span class='ocrx_word' id='word_1_746' title='bbox 1944 4110 2128 4165; x_wconf 90' lang='lat' dir='ltr'><strong>quam,</strong></span> <span class='ocrx_word' id='word_1_747' title='bbox 2172 4109 2281 4163; x_wconf 91' lang='lat' dir='ltr'><strong>quo</strong></span> <span class='ocrx_word' id='word_1_748' title='bbox 2325 4093 2562 4156; x_wconf 88' lang='lat' dir='ltr'><strong>sublato,</strong></span> <span class='ocrx_word' id='word_1_749' title='bbox 2600 4093 2833 4147; x_wconf 86' lang='lat' dir='ltr'><strong>verbera</strong></span> <span class='ocrx_word' id='word_1_750' title='bbox 2867 4108 3084 4161; x_wconf 89' lang='lat' dir='ltr'><strong>quoque</strong></span> <span class='ocrx_word' id='word_1_751' title='bbox 3136 4108 3199 4147; x_wconf 86' lang='lat' dir='ltr'><strong>ac</strong></span> <span class='ocrx_word' id='word_1_752' title='bbox 3248 4108 3439 4161; x_wconf 87' lang='lat' dir='ltr'><strong>poenas</strong></span> <span class='ocrx_word' id='word_1_753' title='bbox 3483 4100 3542 4145; x_wconf 93' lang='lat' dir='ltr'><strong>et</strong></span> 
     </span>
    </p>
   </div>
   <div class='ocr_carea' id='block_1_102' title="bbox 1945 4180 3539 4253">
    <p class='ocr_par' dir='ltr' id='par_1_102' title="bbox 1945 4180 3539 4253">
     <span class='ocr_line' id='line_1_102' title="bbox 1945 4180 3539 4253; baseline -0.003 -16"><span class='ocrx_word' id='word_1_754' title='bbox 1945 4183 2211 4253; x_wconf 87' lang='lat' dir='ltr'><strong>supplicia</strong></span> <span class='ocrx_word' id='word_1_755' title='bbox 2264 4190 2486 4251; x_wconf 88' lang='lat' dir='ltr'><strong>peccato</strong></span> <span class='ocrx_word' id='word_1_756' title='bbox 2518 4180 2705 4234; x_wconf 87' lang='lat' dir='ltr'><strong>debita</strong></span> <span class='ocrx_word' id='word_1_757' title='bbox 2752 4196 2969 4235; x_wconf 88' lang='lat' dir='ltr'><strong>cessare</strong></span> <span class='ocrx_word' id='word_1_758' title='bbox 3017 4195 3240 4235; x_wconf 87' lang='lat' dir='ltr'><strong>necesse</strong></span> <span class='ocrx_word' id='word_1_759' title='bbox 3264 4187 3368 4234; x_wconf 90' lang='lat' dir='ltr'><strong>est.</strong></span> <span class='ocrx_word' id='word_1_760' title='bbox 3416 4180 3539 4234; x_wconf 85' lang='lat' dir='ltr'><strong>Fla-</strong></span> 
     </span>
    </p>
   </div>
   <div class='ocr_carea' id='block_1_103' title="bbox 1944 4271 3539 4345">
    <p class='ocr_par' dir='ltr' id='par_1_103' title="bbox 1944 4271 3539 4345">
     <span class='ocr_line' id='line_1_103' title="bbox 1944 4271 3539 4345; baseline -0.004 -16"><span class='ocrx_word' id='word_1_761' title='bbox 1944 4276 2081 4345; x_wconf 85' lang='lat' dir='ltr'><strong>gella</strong></span> <span class='ocrx_word' id='word_1_762' title='bbox 2107 4274 2275 4343; x_wconf 83' lang='lat' dir='ltr'><strong>igitur</strong></span> <span class='ocrx_word' id='word_1_763' title='bbox 2304 4271 2809 4342; x_wconf 88' lang='lat' dir='ltr'><strong>quadragenarium</strong></span> <span class='ocrx_word' id='word_1_764' title='bbox 2856 4272 3035 4325; x_wconf 87' lang='lat' dir='ltr'><strong>adhuc</strong></span> <span class='ocrx_word' id='word_1_765' title='bbox 3064 4287 3357 4324; x_wconf 86' lang='lat' dir='ltr'><strong>numerum</strong></span> <span class='ocrx_word' id='word_1_766' title='bbox 3380 4286 3539 4325; x_wconf 79' lang='lat' dir='ltr'><strong>exce-</strong></span> 
     </span>
    </p>
   </div>
   <div class='ocr_carea' id='block_1_104' title="bbox 1945 4362 3542 4434">
    <p class='ocr_par' dir='ltr' id='par_1_104' title="bbox 1945 4362 3542 4434">
     <span class='ocr_line' id='line_1_104' title="bbox 1945 4362 3542 4434; baseline -0.003 -14"><span class='ocrx_word' id='word_1_767' title='bbox 1945 4366 2074 4420; x_wconf 91' lang='lat' dir='ltr'><strong>dere</strong></span> <span class='ocrx_word' id='word_1_768' title='bbox 2097 4380 2206 4419; x_wconf 88' lang='lat' dir='ltr'><strong>non</strong></span> <span class='ocrx_word' id='word_1_769' title='bbox 2231 4364 2499 4434; x_wconf 86' lang='lat' dir='ltr'><strong>permittit</strong></span> <span class='ocrx_word' id='word_1_770' title='bbox 2523 4363 2631 4425; x_wconf 78' lang='lat' dir='ltr'><strong>lex,</strong></span> <span class='ocrx_word' id='word_1_771' title='bbox 2661 4363 2787 4430; x_wconf 84' lang='lat' dir='ltr'><strong>quia</strong></span> <span class='ocrx_word' id='word_1_772' title='bbox 2814 4378 2986 4431; x_wconf 86' lang='lat' dir='ltr'><strong>usque</strong></span> <span class='ocrx_word' id='word_1_773' title='bbox 3012 4366 3079 4416; x_wconf 81' lang='lat' dir='ltr'><strong>ad</strong></span> <span class='ocrx_word' id='word_1_774' title='bbox 3101 4362 3306 4417; x_wconf 86' lang='lat' dir='ltr'><strong>Christi</strong></span> <span class='ocrx_word' id='word_1_775' title='bbox 3335 4362 3542 4416; x_wconf 86' lang='lat' dir='ltr'><strong>adven-</strong></span> 
     </span>
    </p>
   </div>
   <div class='ocr_carea' id='block_1_105' title="bbox 1948 4453 3541 4524">
    <p class='ocr_par' dir='ltr' id='par_1_105' title="bbox 1948 4453 3541 4524">
     <span class='ocr_line' id='line_1_105' title="bbox 1948 4453 3541 4524; baseline -0.003 -13"><span class='ocrx_word' id='word_1_776' title='bbox 1948 4466 2061 4511; x_wconf 89' lang='lat' dir='ltr'><strong>tum</strong></span> <span class='ocrx_word' id='word_1_777' title='bbox 2086 4455 2353 4524; x_wconf 89' lang='lat' dir='ltr'><strong>supplicia</strong></span> <span class='ocrx_word' id='word_1_778' title='bbox 2372 4471 2439 4509; x_wconf 91' lang='lat' dir='ltr'><strong>nc</strong></span> <span class='ocrx_word' id='word_1_779' title='bbox 2460 4454 2603 4508; x_wconf 90' lang='lat' dir='ltr'><strong>ultra</strong></span> <span class='ocrx_word' id='word_1_780' title='bbox 2628 4454 3116 4523; x_wconf 88' lang='lat' dir='ltr'><strong>progrederentur,</strong></span> <span class='ocrx_word' id='word_1_781' title='bbox 3140 4453 3541 4522; x_wconf 85' lang='lat' dir='ltr'><strong>quodammodo</strong></span> 
     </span>
    </p>
   </div>
   <div class='ocr_carea' id='block_1_106' title="bbox 1945 4545 3540 4616">
    <p class='ocr_par' dir='ltr' id='par_1_106' title="bbox 1945 4545 3540 4616">
     <span class='ocr_line' id='line_1_106' title="bbox 1945 4545 3540 4616; baseline -0.003 -14"><span class='ocrx_word' id='word_1_782' title='bbox 1945 4548 2108 4608; x_wconf 88' lang='lat' dir='ltr'><strong>sistit,</strong></span> <span class='ocrx_word' id='word_1_783' title='bbox 2144 4563 2207 4601; x_wconf 89' lang='lat' dir='ltr'><strong>ac</strong></span> <span class='ocrx_word' id='word_1_784' title='bbox 2233 4547 2392 4600; x_wconf 87' lang='lat' dir='ltr'><strong>simul</strong></span> <span class='ocrx_word' id='word_1_785' title='bbox 2434 4546 2776 4600; x_wconf 89' lang='lat' dir='ltr'><strong>remissionis</strong></span> <span class='ocrx_word' id='word_1_786' title='bbox 2830 4553 3050 4615; x_wconf 89' lang='lat' dir='ltr'><strong>tempus</strong></span> <span class='ocrx_word' id='word_1_787' title='bbox 3100 4545 3350 4616; x_wconf 84' lang='lat' dir='ltr'><strong>designat</strong></span> <span class='ocrx_word' id='word_1_788' title='bbox 3375 4564 3387 4599; x_wconf 92' lang='lat'>:</span> <span class='ocrx_word' id='word_1_789' title='bbox 3412 4562 3540 4600; x_wconf 87' lang='lat' dir='ltr'><strong>nam</strong></span> 
     </span>
    </p>
   </div>
   <div class='ocr_carea' id='block_1_107' title="bbox 1947 4634 3542 4707">
    <p class='ocr_par' dir='ltr' id='par_1_107' title="bbox 1947 4634 3542 4707">
     <span class='ocr_line' id='line_1_107' title="bbox 1947 4634 3542 4707; baseline -0.003 -16"><span class='ocrx_word' id='word_1_790' title='bbox 1947 4636 2412 4707; x_wconf 89' lang='lat' dir='ltr'><strong>pulchritudinem</strong></span> <span class='ocrx_word' id='word_1_791' title='bbox 2431 4635 2678 4689; x_wconf 87' lang='lat' dir='ltr'><strong>veritatis</strong></span> <span class='ocrx_word' id='word_1_792' title='bbox 2705 4636 2889 4705; x_wconf 65' lang='lat' dir='ltr'><strong>ﬁgura:</strong></span> <span class='ocrx_word' id='word_1_793' title='bbox 2911 4634 3358 4690; x_wconf 86' lang='lat' dir='ltr'><strong>continent.lllud</strong></span> <span class='ocrx_word' id='word_1_794' title='bbox 3378 4651 3542 4705; x_wconf 89' lang='lat' dir='ltr'><strong>porro</strong></span> 
     </span>
    </p>
   </div>
   <div class='ocr_carea' id='block_1_108' title="bbox 1946 4726 3542 4798">
    <p class='ocr_par' dir='ltr' id='par_1_108' title="bbox 1946 4726 3542 4798">
     <span class='ocr_line' id='line_1_108' title="bbox 1946 4726 3542 4798; baseline -0.001 -15"><span class='ocrx_word' id='word_1_795' title='bbox 1946 4728 2231 4784; x_wconf 88' lang='lat' dir='ltr'><strong>sciendum</strong></span> <span class='ocrx_word' id='word_1_796' title='bbox 2252 4736 2337 4783; x_wconf 87' lang='lat' dir='ltr'><strong>est</strong></span> <span class='ocrx_word' id='word_1_797' title='bbox 2376 4728 2653 4791; x_wconf 90' lang='lat' dir='ltr'><strong>lsraelem,</strong></span> <span class='ocrx_word' id='word_1_798' title='bbox 2676 4726 2997 4798; x_wconf 80' lang='lat' dir='ltr'><strong>278quod</strong></span> <span class='ocrx_word' id='word_1_799' title='bbox 3018 4727 3189 4781; x_wconf 89' lang='lat' dir='ltr'><strong>Deum</strong></span> <span class='ocrx_word' id='word_1_800' title='bbox 3202 4728 3542 4793; x_wconf 74' lang='lat' dir='ltr'><strong>oﬁ‘endissct,</strong></span> 
     </span>
    </p>
   </div>
   <div class='ocr_carea' id='block_1_109' title="bbox 1949 4818 3543 4890">
    <p class='ocr_par' dir='ltr' id='par_1_109' title="bbox 1949 4818 3543 4890">
     <span class='ocr_line' id='line_1_109' title="bbox 1949 4818 3543 4890; baseline 0 -18"><span class='ocrx_word' id='word_1_801' title='bbox 1949 4818 2308 4890; x_wconf 87' lang='lat' dir='ltr'><strong>quadraginta</strong></span> <span class='ocrx_word' id='word_1_802' title='bbox 2353 4833 2528 4872; x_wconf 86' lang='lat' dir='ltr'><strong>annos</strong></span> <span class='ocrx_word' id='word_1_803' title='bbox 2565 4833 2664 4887; x_wconf 86' lang='lat' dir='ltr'><strong>per</strong></span> <span class='ocrx_word' id='word_1_804' title='bbox 2700 4818 2983 4873; x_wconf 90' lang='lat' dir='ltr'><strong>desertum</strong></span> <span class='ocrx_word' id='word_1_805' title='bbox 3024 4818 3341 4873; x_wconf 89' lang='lat' dir='ltr'><strong>oberrasse:</strong></span> <span class='ocrx_word' id='word_1_806' title='bbox 3388 4820 3543 4888; x_wconf 87' lang='lat' dir='ltr'><strong>jura-</strong></span> 
     </span>
    </p>
   </div>
   <div class='ocr_carea' id='block_1_110' title="bbox 1951 4911 3542 4982">
    <p class='ocr_par' dir='ltr' id='par_1_110' title="bbox 1951 4911 3542 4982">
     <span class='ocr_line' id='line_1_110' title="bbox 1951 4911 3542 4982; baseline -0.004 -14"><span class='ocrx_word' id='word_1_807' title='bbox 1951 4920 2138 4968; x_wconf 90' lang='lat' dir='ltr'><strong>mento</strong></span> <span class='ocrx_word' id='word_1_808' title='bbox 2164 4913 2313 4967; x_wconf 90' lang='lat' dir='ltr'><strong>enim</strong></span> <span class='ocrx_word' id='word_1_809' title='bbox 2363 4911 2571 4982; x_wconf 90' lang='lat' dir='ltr'><strong>juravit</strong></span> <span class='ocrx_word' id='word_1_810' title='bbox 2629 4912 2796 4975; x_wconf 91' lang='lat' dir='ltr'><strong>Deus,</strong></span> <span class='ocrx_word' id='word_1_811' title='bbox 2844 4927 2955 4965; x_wconf 90' lang='lat' dir='ltr'><strong>non</strong></span> <span class='ocrx_word' id='word_1_812' title='bbox 2998 4926 3057 4966; x_wconf 90' lang='lat' dir='ltr'><strong>se</strong></span> <span class='ocrx_word' id='word_1_813' title='bbox 3101 4912 3542 4965; x_wconf 89' lang='lat' dir='ltr'><strong>introducturnm</strong></span> 
     </span>
    </p>
   </div>
   <div class='ocr_carea' id='block_1_111' title="bbox 1946 5000 3542 5073">
    <p class='ocr_par' dir='ltr' id='par_1_111' title="bbox 1946 5000 3542 5073">
     <span class='ocr_line' id='line_1_111' title="bbox 1946 5000 3542 5073; baseline -0.006 -12"><span class='ocrx_word' id='word_1_814' title='bbox 1946 5005 2116 5061; x_wconf 88' lang='lat' dir='ltr'><strong>eosin</strong></span> <span class='ocrx_word' id='word_1_815' title='bbox 2164 5012 2373 5059; x_wconf 90' lang='lat' dir='ltr'><strong>terram</strong></span> <span class='ocrx_word' id='word_1_816' title='bbox 2426 5002 2843 5073; x_wconf 88' lang='lat' dir='ltr'><strong>promissionis;</strong></span> <span class='ocrx_word' id='word_1_817' title='bbox 2912 5005 3068 5071; x_wconf 88' lang='lat' dir='ltr'><strong>isque</strong></span> <span class='ocrx_word' id='word_1_818' title='bbox 3119 5008 3238 5056; x_wconf 90' lang='lat' dir='ltr'><strong>erat</strong></span> <span class='ocrx_word' id='word_1_819' title='bbox 3288 5000 3396 5054; x_wconf 90' lang='lat' dir='ltr'><strong>illis</strong></span> <span class='ocrx_word' id='word_1_820' title='bbox 3448 5000 3542 5053; x_wconf 66' lang='lat' dir='ltr'><strong>iraa</strong></span> 
     </span>
    </p>
   </div>
   <div class='ocr_carea' id='block_1_112' title="bbox 1948 5090 3542 5166">
    <p class='ocr_par' dir='ltr' id='par_1_112' title="bbox 1948 5090 3542 5166">
     <span class='ocr_line' id='line_1_112' title="bbox 1948 5090 3542 5166; baseline -0.004 -14"><span class='ocrx_word' id='word_1_821' title='bbox 1948 5096 2218 5152; x_wconf 83' lang='lat' dir='ltr'><strong>terminus</strong></span> <span class='ocrx_word' id='word_1_822' title='bbox 2257 5094 2638 5166; x_wconf 67' lang='lat' dir='ltr'><strong>prmstitutus:</strong></span> <span class='ocrx_word' id='word_1_823' title='bbox 2669 5094 2979 5164; x_wconf 89' lang='lat' dir='ltr'><strong>quoelapso</strong></span> <span class='ocrx_word' id='word_1_824' title='bbox 3005 5102 3267 5161; x_wconf 87' lang='lat' dir='ltr'><strong>tempore,</strong></span> <span class='ocrx_word' id='word_1_825' title='bbox 3308 5090 3542 5145; x_wconf 89' lang='lat' dir='ltr'><strong>cessavit</strong></span> 
     </span>
    </p>
   </div>
   <div class='ocr_carea' id='block_1_113' title="bbox 1949 5183 3538 5257">
    <p class='ocr_par' dir='ltr' id='par_1_113' title="bbox 1949 5183 3538 5257">
     <span class='ocr_line' id='line_1_113' title="bbox 1949 5183 3538 5257; baseline -0.002 -17"><span class='ocrx_word' id='word_1_826' title='bbox 1949 5188 2048 5252; x_wconf 92' lang='lat' dir='ltr'><strong>ira,</strong></span> <span class='ocrx_word' id='word_1_827' title='bbox 2085 5203 2151 5243; x_wconf 87' lang='lat' dir='ltr'><strong>ac</strong></span> <span class='ocrx_word' id='word_1_828' title='bbox 2177 5188 2476 5243; x_wconf 69' lang='lat' dir='ltr'><strong>Iordanem</strong></span> <span class='ocrx_word' id='word_1_829' title='bbox 2510 5188 2731 5243; x_wconf 89' lang='lat' dir='ltr'><strong>illorum</strong></span> <span class='ocrx_word' id='word_1_830' title='bbox 2759 5185 2965 5257; x_wconf 91' lang='lat' dir='ltr'><strong>posteri</strong></span> <span class='ocrx_word' id='word_1_831' title='bbox 2993 5184 3348 5254; x_wconf 77' lang='lat' dir='ltr'><strong>trajecerant,</strong></span> <span class='ocrx_word' id='word_1_832' title='bbox 3382 5190 3438 5237; x_wconf 90' lang='lat' dir='ltr'><strong>et</strong></span> <span class='ocrx_word' id='word_1_833' title='bbox 3485 5183 3538 5237; x_wconf 92' lang='lat' dir='ltr'><strong>in</strong></span> 
     </span>
    </p>
   </div>
   <div class='ocr_carea' id='block_1_114' title="bbox 1939 5277 3538 5355">
    <p class='ocr_par' dir='ltr' id='par_1_114' title="bbox 1939 5277 3538 5355">
     <span class='ocr_line' id='line_1_114' title="bbox 1939 5277 3538 5355; baseline -0.005 -18"><span class='ocrx_word' id='word_1_834' title='bbox 1939 5293 2138 5340; x_wconf 90' lang='lat' dir='ltr'><strong>terram</strong></span> <span class='ocrx_word' id='word_1_835' title='bbox 2172 5284 2403 5355; x_wconf 86' lang='lat' dir='ltr'><strong>ingressi</strong></span> <span class='ocrx_word' id='word_1_836' title='bbox 2425 5291 2574 5348; x_wconf 91' lang='lat' dir='ltr'><strong>sunt,</strong></span> <span class='ocrx_word' id='word_1_837' title='bbox 2602 5298 2728 5338; x_wconf 88' lang='lat' dir='ltr'><strong>cum</strong></span> <span class='ocrx_word' id='word_1_838' title='bbox 2766 5282 2857 5336; x_wconf 88' lang='lat' dir='ltr'><strong>illa</strong></span> <span class='ocrx_word' id='word_1_839' title='bbox 2887 5277 3190 5349; x_wconf 90' lang='lat' dir='ltr'><strong>indignatio</strong></span> <span class='ocrx_word' id='word_1_840' title='bbox 3232 5277 3375 5332; x_wconf 90' lang='lat' dir='ltr'><strong>ultra</strong></span> <span class='ocrx_word' id='word_1_841' title='bbox 3399 5292 3538 5345; x_wconf 82' lang='lat' dir='ltr'><strong>qua-</strong></span> 
     </span>
    </p>
   </div>
   <div class='ocr_carea' id='block_1_115' title="bbox 1939 5368 3542 5448">
    <p class='ocr_par' dir='ltr' id='par_1_115' title="bbox 1939 5368 3542 5448">
     <span class='ocr_line' id='line_1_115' title="bbox 1939 5368 3542 5448; baseline -0.007 -17"><span class='ocrx_word' id='word_1_842' title='bbox 1939 5376 2306 5448; x_wconf 91' lang='lat' dir='ltr'><strong>dragesimum</strong></span> <span class='ocrx_word' id='word_1_843' title='bbox 2323 5391 2527 5430; x_wconf 87' lang='lat' dir='ltr'><strong>annum</strong></span> <span class='ocrx_word' id='word_1_844' title='bbox 2555 5390 2667 5428; x_wconf 89' lang='lat' dir='ltr'><strong>non</strong></span> <span class='ocrx_word' id='word_1_845' title='bbox 2721 5380 2869 5428; x_wconf 83' lang='lat' dir='ltr'><strong>esset</strong></span> <span class='ocrx_word' id='word_1_846' title='bbox 2894 5385 3133 5441; x_wconf 87' lang='lat' dir='ltr'><strong>egressa.</strong></span> <span class='ocrx_word' id='word_1_847' title='bbox 3163 5369 3335 5439; x_wconf 87' lang='lat' dir='ltr'><strong>Igitur</strong></span> <span class='ocrx_word' id='word_1_848' title='bbox 3374 5368 3542 5437; x_wconf 87' lang='lat' dir='ltr'><strong>hujus</strong></span> 
     </span>
    </p>
   </div>
   <div class='ocr_carea' id='block_1_116' title="bbox 1939 5457 3539 5537">
    <p class='ocr_par' dir='ltr' id='par_1_116' title="bbox 1939 5457 3539 5537">
     <span class='ocr_line' id='line_1_116' title="bbox 1939 5457 3539 5537; baseline -0.009 -15"><span class='ocrx_word' id='word_1_849' title='bbox 1939 5482 2157 5537; x_wconf 87' lang='lat' dir='ltr'><strong>quoque</strong></span> <span class='ocrx_word' id='word_1_850' title='bbox 2193 5467 2270 5521; x_wconf 91' lang='lat' dir='ltr'><strong>rei</strong></span> <span class='ocrx_word' id='word_1_851' title='bbox 2294 5466 2521 5521; x_wconf 82' lang='lat' dir='ltr'><strong>evidens</strong></span> <span class='ocrx_word' id='word_1_852' title='bbox 2559 5463 2729 5533; x_wconf 83' lang='lat' dir='ltr'><strong>ﬁgura</strong></span> <span class='ocrx_word' id='word_1_853' title='bbox 2756 5462 2880 5524; x_wconf 71' lang='lat' dir='ltr'><strong>fuit,</strong></span> <span class='ocrx_word' id='word_1_854' title='bbox 2916 5459 3069 5530; x_wconf 89' lang='lat' dir='ltr'><strong>quod</strong></span> <span class='ocrx_word' id='word_1_855' title='bbox 3114 5474 3293 5528; x_wconf 89' lang='lat' dir='ltr'><strong>usque</strong></span> <span class='ocrx_word' id='word_1_856' title='bbox 3323 5457 3389 5511; x_wconf 88' lang='lat' dir='ltr'><strong>ad</strong></span> <span class='ocrx_word' id='word_1_857' title='bbox 3406 5472 3539 5526; x_wconf 79' lang='lat' dir='ltr'><strong>qua-</strong></span> 
     </span>
    </p>
   </div>
   <div class='ocr_carea' id='block_1_117' title="bbox 1938 5547 3538 5627">
    <p class='ocr_par' dir='ltr' id='par_1_117' title="bbox 1938 5547 3538 5627">
     <span class='ocr_line' id='line_1_117' title="bbox 1938 5547 3538 5627; baseline -0.006 -17"><span class='ocrx_word' id='word_1_858' title='bbox 1938 5556 2186 5627; x_wconf 86' lang='lat' dir='ltr'><strong>draginta</strong></span> <span class='ocrx_word' id='word_1_859' title='bbox 2206 5557 2387 5626; x_wconf 88' lang='lat' dir='ltr'><strong>plagas</strong></span> <span class='ocrx_word' id='word_1_860' title='bbox 2415 5554 2581 5624; x_wconf 85' lang='lat' dir='ltr'><strong>aliqui</strong></span> <span class='ocrx_word' id='word_1_861' title='bbox 2606 5553 2958 5608; x_wconf 60' lang='lat' dir='ltr'><strong>caedebantur</strong></span> <span class='ocrx_word' id='word_1_862' title='bbox 2984 5568 2998 5604; x_wconf 92' lang='lat'><strong><em>:</em></strong></span> <span class='ocrx_word' id='word_1_863' title='bbox 3020 5549 3358 5605; x_wconf 86' lang='lat' dir='ltr'><strong>remissionis</strong></span> <span class='ocrx_word' id='word_1_864' title='bbox 3388 5547 3538 5601; x_wconf 86' lang='lat' dir='ltr'><strong>enim</strong></span> 
     </span>
    </p>
   </div>
   <div class='ocr_carea' id='block_1_118' title="bbox 1938 5638 3534 5717">
    <p class='ocr_par' dir='ltr' id='par_1_118' title="bbox 1938 5638 3534 5717">
     <span class='ocr_line' id='line_1_118' title="bbox 1938 5638 3534 5717; baseline -0.005 -16"><span class='ocrx_word' id='word_1_865' title='bbox 1938 5655 2154 5717; x_wconf 84' lang='lat' dir='ltr'><strong>tempus</strong></span> <span class='ocrx_word' id='word_1_866' title='bbox 2177 5655 2315 5711; x_wconf 83' lang='lat' dir='ltr'><strong>erat,</strong></span> <span class='ocrx_word' id='word_1_867' title='bbox 2344 5646 2489 5716; x_wconf 85' lang='lat' dir='ltr'><strong>quod</strong></span> <span class='ocrx_word' id='word_1_868' title='bbox 2512 5654 2635 5717; x_wconf 90' lang='lat' dir='ltr'><strong>post</strong></span> <span class='ocrx_word' id='word_1_869' title='bbox 2668 5660 2796 5700; x_wconf 90' lang='lat' dir='ltr'><strong>eum</strong></span> <span class='ocrx_word' id='word_1_870' title='bbox 2829 5659 3125 5700; x_wconf 87' lang='lat' dir='ltr'><strong>numerum</strong></span> <span class='ocrx_word' id='word_1_871' title='bbox 3157 5638 3534 5711; x_wconf 80' lang='lat' dir='ltr'><strong>consequeba-</strong></span> 
     </span>
    </p>
   </div>
   <div class='ocr_carea' id='block_1_119' title="bbox 336 5814 2577 5903">
    <p class='ocr_par' dir='ltr' id='par_1_119' title="bbox 336 5814 2577 5903">
     <span class='ocr_line' id='line_1_119' title="bbox 336 5814 2577 5903; baseline -0.002 -10"><span class='ocrx_word' id='word_1_872' title='bbox 336 5814 603 5893; x_wconf 43' lang='lat' dir='ltr'><strong>&quot;iliatth.</strong></span> <span class='ocrx_word' id='word_1_873' title='bbox 637 5854 710 5897; x_wconf 80' lang='lat' dir='ltr'><strong>vi.</strong></span> <span class='ocrx_word' id='word_1_874' title='bbox 746 5837 826 5893; x_wconf 75' lang='lat' dir='ltr'><strong>l2.</strong></span> <span class='ocrx_word' id='word_1_875' title='bbox 904 5838 943 5870; x_wconf 83' lang='lat'><strong>&quot;</strong></span> <span class='ocrx_word' id='word_1_876' title='bbox 974 5838 1075 5893; x_wconf 86' lang='lat' dir='ltr'><strong>lsa.</strong></span> <span class='ocrx_word' id='word_1_877' title='bbox 1111 5854 1218 5903; x_wconf 80' lang='lat' dir='ltr'><strong>un,</strong></span> <span class='ocrx_word' id='word_1_878' title='bbox 1386 5839 1427 5871; x_wconf 74' lang='grc'><strong>³⁸</strong></span> <span class='ocrx_word' id='word_1_879' title='bbox 1456 5837 1597 5894; x_wconf 80' lang='lat' dir='ltr'><strong>Psal.</strong></span> <span class='ocrx_word' id='word_1_880' title='bbox 1641 5854 1783 5899; x_wconf 76' lang='lat' dir='ltr'><strong>xxxi,</strong></span> <span class='ocrx_word' id='word_1_881' title='bbox 1830 5838 1910 5897; x_wconf 80' lang='lat' dir='ltr'><strong>lO,</strong></span> <span class='ocrx_word' id='word_1_882' title='bbox 1994 5838 2034 5868; x_wconf 72' lang='grc'>³³</span> <span class='ocrx_word' id='word_1_883' title='bbox 2071 5837 2258 5891; x_wconf 68' lang='lat' dir='ltr'><strong>Matth.</strong></span> <span class='ocrx_word' id='word_1_884' title='bbox 2309 5853 2397 5895; x_wconf 75' lang='lat' dir='ltr'><strong>xx.</strong></span> <span class='ocrx_word' id='word_1_885' title='bbox 2438 5836 2577 5891; x_wconf 89' lang='lat' dir='ltr'><strong>l-l6.</strong></span> 
     </span>
    </p>
   </div>
  </div>
