3982 6534
654 426 764 481 575

1684 429 1738 483 δ.
1783 430 2056 484 CYRILLI
2097 430 2569 489 ALEXANDRINI
2608 435 2925 491 ARCHIEP.
3769 442 3841 495 576

655 554 766 609 tur,
803 545 1090 600 transitum
1141 544 1299 600 nobis
1326 546 1620 617 mysticum
1666 546 1921 602 Jordanis
1972 548 2229 614 aﬂ'erens,

2340 551 2497 618 γίαν’
2532 552 2722 621 γέγονε
2752 553 2859 625 γὰρ
2889 555 3022 623 ἡμῖν
3069 551 3385 624 καθηγητὴς
3424 551 3453 603 ὁ
3486 553 3716 623 Χριστὸς,
3743 560 3840 623 pari

651 652 865 691 necnon
914 635 1154 706 lapideos
1208 638 1434 700 cultros,
1475 637 1528 692 id
1572 645 1692 702 est,
1737 638 1884 692 illam
1933 639 1989 692 in
2027 639 2226 707 spiritu

2335 643 2536 695 Μωσέα
2561 644 2649 696 καὶ
2676 644 2858 714 νόμον.

649 725 1145 789 circumcisionem,
1175 735 1229 780 et
1264 727 1412 780 illam
1469 726 1595 781 Jesu
1641 726 2049 796 imperatoriam
2085 733 2455 797 potestatem:
2503 732 2611 785 dux
2668 734 2870 803 quippe
2910 732 3071 787 nobis
3121 732 3293 786 factus
3338 740 3427 786 est
3490 731 3719 786 Christus
3756 741 3839 802 pos

650 818 869 889 Moysen
890 833 953 871 ac
982 817 1177 887 legem.

722 906 917 961 PALL.
941 908 1245 961 Assentior.

718 998 875 1053 CYB.
912 997 980 1052 Ut
1009 998 1175 1067 igitur
1206 1007 1354 1053 recto
1377 1005 1539 1068 atque
1574 999 1893 1069 incorrupto
1914 998 2142 1069 judicio,
2184 998 2229 1051 si

654 1103 776 1157 qua:
802 1088 928 1142 lites
966 1087 1278 1151 inciderint,
1312 1089 1659 1153 dirimantur,
1708 1098 1765 1144 et
1799 1090 2014 1159 injuria:
2068 1099 2229 1155 atque

649 1180 953 1248 iniquitatis
980 1195 1178 1251 genera
1204 1182 1487 1236 tollantur:
1520 1200 1537 1232 ι
1558 1181 1799 1243 Iudices,
1821 1183 2016 1250 inquit,
2042 1191 2096 1236 et
2121 1198 2232 1235 ma-

647 1271 845 1341 gistros
880 1272 1184 1326 constitues
1214 1273 1312 1328 tibi
1355 1272 1409 1325 in
1446 1274 1700 1327 omnibus
1763 1273 2077 1326 civitatibus
2124 1273 2231 1325 tnis

648 1376 786 1428 quas
812 1360 1075 1415 Dominus
1102 1362 1244 1417 Deus
1276 1362 1369 1415 dat
1414 1362 1532 1426 tibi,
1558 1379 1655 1432 per
1690 1363 1897 1427 tribus;
1932 1371 1986 1416 et
2015 1362 2231 1432 judica~

646 1450 789 1504 bunt
813 1452 1243 1522 populumjusto
1276 1452 1513 1522 judicio:
1558 1470 1666 1507 non
1698 1453 2054 1507 declinabunt
2079 1452 2229 1522 judi-

648 1543 814 1607 cium,
874 1560 1052 1613 neque
1100 1553 1398 1616 agnoscent
1452 1545 1670 1609 faciem,
1722 1560 1901 1613 neque
1960 1544 2231 1613 accipient

649 1648 875 1686 munera
897 1651 909 1686 :
932 1650 1160 1688 munera
1179 1636 1324 1689 enim
1338 1644 1612 1689 excaecant
1628 1634 1816 1688 oculos
1829 1634 2157 1703 sapientum,
2176 1642 2231 1687 et

648 1723 901 1779 auferunt
914 1727 1473 1797 sermonesjustorum
1488 1726 1531 1756 ³⁸
1554 1745 1572 1776 ι
1592 1724 1827 1794 {Equum
1844 1726 1989 1778 enim
2008 1725 2233 1794 putabat

648 1816 753 1877 lex,
777 1824 832 1869 et
859 1816 1053 1870 merito
1084 1817 1397 1886 quicunque
1422 1817 1490 1870 ad
1518 1815 1723 1886 judicia
1740 1815 2043 1869 exercenda
2065 1815 2233 1868 collo-

646 1906 752 1959 cati
774 1915 977 1972 essent,
1012 1924 1108 1963 eos
1146 1910 1388 1963 suilucri
1414 1918 1578 1977 atque
1612 1908 1980 1962 emolumenti
2012 1907 2231 1977 cupidi-

649 2002 757 2048 tate
804 1996 1029 2051 minime
1078 1998 1221 2067 capi,
1281 2014 1459 2067 neque
1502 1997 1736 2051 aliorum
1782 1997 1969 2067 gratiae
2019 2004 2229 2051 tantum

647 2086 912 2154 tribuere,
945 2098 1003 2144 ut
1037 2106 1066 2143 a
1109 2098 1257 2143 recto
1298 2090 1617 2160 integroque
1643 2088 1819 2143 oﬂicio
1854 2088 2226 2151 declinarent;

2398 906 2605 959 ΠΑΛΛ.
2637 907 2920 976 Πείθομαι.

2402 998 2567 1052 ΚΥΡ.
2598 999 2712 1051 Ἵνα
2742 999 2920 1051 τοίνυν
2942 994 3118 1067 ὀρθῶς
3137 1013 3196 1049 τε
3220 997 3311 1049 καὶ
3336 996 3645 1061 ἀδεκάστοις
3664 1001 3719 1053 τὰ
3741 1022 3837 1076 παρ-

2331 1090 2673 1157 εμπίπτοντα
2698 1090 3043 1161 διακρίνοιτο,
3074 1089 3168 1143 καὶ
3195 1091 3243 1141 οί
3269 1088 3373 1158 τῆς
3400 1087 3695 1155 πλεονεξίας
3715 1095 3836 1163 ἀφαν-

2334 1179 2528 1242 ίζοιντο
2561 1181 2770 1251 τρόποι,
2808 1198 2827 1231 ι
2870 1180 3096 1250 Κριτὰς,
3138 1180 3302 1249 φησὶ,
3360 1180 3457 1232 καὶ
3502 1197 3837 1252 γραμματοεισ.

2330 1274 2567 1338 αγωγεῖς
2611 1273 2975 1341 καταστήσεις
3023 1271 3232 1341 σεαυτῷ
3270 1272 3329 1324 ὲν
3361 1271 3563 1336 πάσαις
3588 1277 3838 1336 ταῖςπόλεσί

2333 1380 2447 1424 σου,
2479 1358 2567 1426 αἷς
2609 1362 2811 1435 Κύριος
2843 1365 2870 1416 ὁ
2903 1362 3035 1425 Θεὸς
3051 1361 3231 1415 δίδωσί
3264 1378 3347 1413 σοι
3369 1400 3385 1425 ,
3417 1360 3559 1415 κατὰ
3595 1364 3738 1430 φυλὰς
3774 1374 3837 1423 ut

2333 1454 2579 1524 κρινοῦσι
2626 1453 2716 1507 τὸν
2759 1453 2886 1506 λαὸν
2926 1452 3142 1506 δικαίαν
3186 1452 3394 1523 κρίσιν.
3449 1454 3560 1506 Οὐκ
3602 1456 3837 1512 ἐκκλινοῦσι

2334 1546 2539 1616 κρίσιν,
2574 1547 2692 1600 οὐδὲ
2725 1546 3115 1615 ἐπιγνώσονται
3152 1546 3470 1616 πρόσωπον,
3501 1546 3613 1599 οὐδὲ
3639 1546 3835 1617 λήψονται

2332 1638 2478 1708 δῶρα
2502 1654 2514 1665 ·
2545 1638 2612 1690 τὰ
2641 1637 2749 1708 γὰρ
2776 1637 2925 1707 δῶρα
2956 1637 3212 1705 ὲκτυφλοῖ
3237 1635 3550 1704 ὀφθαλμοὺς
3576 1637 3754 1705 σοφῶν,
3772 1644 3837 1693 καὶ

2333 1727 2538 1797 ἐξαίρει
2572 1727 2765 1795 λόγους
2809 1728 3054 1781 δικαίων.
3103 1746 3120 1778 ι
3165 1727 3324 1796 ᾯετο
3368 1724 3478 1797 γὰρ
3510 1725 3612 1779 δεῖν
3643 1728 3667 1780 ὁ
3694 1729 3833 1799 νόμος,

2333 1820 2427 1872 καὶ
2466 1819 2613 1890 μάλα
2641 1820 2865 1882 εἰκότως
2894 1820 3019 1883 τοὺς
3050 1820 3207 1888 οἵπερ
3234 1817 3302 1871 ἂν
3326 1813 3438 1870 εἷεν
3468 1819 3544 1881 είς
3570 1818 3626 1870 τὺ
3657 1818 3837 1885 δικάζειν

2332 1910 2582 1979 ἠγμένοι,
2614 1911 2707 1963 καὶ
2741 1910 2834 1961 τοῦ
2858 1907 3292 1980 χρηματίζεσθαι
3319 1906 3501 1975 φιλεῖν
3532 1907 3727 1977 ὁρᾶσθαι
3749 1910 3832 1977 βελ-

2332 2001 2501 2063 τίους,
2537 2000 2632 2052 καὶ
2656 2002 2722 2069 τῇ
2756 2000 2891 2070 πρός
2923 2017 3075 2063 τινας
3111 2000 3247 2053 αἰδοῖ
3277 1999 3356 2070 μὴ
3389 2000 3745 2069 χαριζομένους
3769 2005 3832 2056 το]

2334 2090 2513 2152 καλῶς
2544 2092 2638 2144 καλ⁸
2667 2090 3004 2161 ἀδιαϐλήτως
3041 2090 3253 2161 ἔχοντος
3292 2090 3395 2160 τὴν
3440 2089 3740 2161 παράϐασιν,
3771 2097 3833 2147 καὶ

645 2178 738 2234 sed
780 2181 963 2249 potius
998 2182 1144 2235 illam
1184 2182 1240 2235 in
1285 2183 1511 2235 alteram
1564 2188 1777 2249 partem
1822 2178 2232 2233 inclinationem

2340 2183 2445 2252 μὴν
2480 2183 2574 2235 καὶ
2616 2183 2677 2236 τὸ
2722 2182 3086 2255 ὲτεροκλινὲς,
3119 2182 3196 2245 ὡς
3236 2181 3457 2235 ἀνόσιον
3494 2183 3830 2252 ἀποσειομένους

646 2271 814 2324 veluti
842 2271 1108 2327 nefariam
1146 2273 1463 2343 rejiciendo,
1500 2288 1563 2325 ac
1601 2272 1840 2341 singulas
1866 2287 1955 2325 res
1988 2270 2228 2341 legitime

645 2365 1022 2432 ponderando,
1073 2366 1277 2421 imitari
1321 2367 1475 2419 illum
1527 2365 1915 2419 universorum
1961 2363 2227 2433 judicem,

645 2455 926 2509 Christum
974 2456 1248 2520 videlicet,
1303 2471 1466 2524 quem
1502 2455 1619 2523 ipsa
1670 2469 1887 2523 quoque
1929 2453 2017 2507 lex
2044 2462 2231 2522 aperte

647 2549 1054 2615 praenuntiavit,
1090 2564 1212 2602 cum
1259 2548 1434 2612 illum,
1471 2554 1664 2617 utpote
1718 2545 1814 2615 qui
1868 2545 2013 2599 Deus
2065 2552 2228 2607 esset,

647 2637 815 2691 etiam
856 2639 1098 2710 judicem
1154 2647 1497 2709 agnosceret.
1549 2638 1641 2693 Sic
1683 2637 1829 2692 enim
1874 2651 2064 2690 rursus
2108 2635 2229 2688 ait:

656 2749 674 2779 ‹
701 2730 757 2784 Si
789 2746 921 2785 vero
952 2731 1232 2801 ingressus
1259 2730 1432 2785 fueris
1464 2730 1520 2783 in
1548 2738 1751 2783 terram
1780 2744 1943 2798 quam
1966 2726 2232 2781 Dominus

649 2823 795 2877 Deus
824 2832 950 2877 tuus
976 2822 1069 2877 dat
1117 2822 1214 2876 tibi
1267 2822 1323 2876 in
1374 2822 1800 2892 possessionem,
1837 2827 1892 2874 et
1920 2816 2233 2888 possederis

649 2929 793 2979 eam,
829 2923 885 2969 et
918 2914 1251 2970 habitaveris
1287 2915 1342 2968 in
1385 2931 1472 2978 ea,
1513 2922 1569 2967 et
1602 2912 1846 2966 dixeris:
1887 2909 2231 2965 Constituam

650 3006 785 3058 mihi
808 3005 1131 3075 principem,
1154 3015 1215 3059 ut
1240 3014 1294 3060 et
1323 3006 1443 3059 alia:
1478 3013 1668 3074 gentes
1735 3018 1855 3073 quae
1880 3009 2009 3056 sunt
2036 3000 2092 3055 in
2122 3001 2232 3055 cir-

648 3098 800 3153 cuitu
836 3113 984 3163 meo;
1020 3098 1363 3153 constituens
1442 3094 1743 3151 constitues
1770 3093 1870 3148 tibi
1923 3092 2231 3163 principem

648 3206 812 3260 quem
844 3190 1070 3261 elegerit
1091 3190 1357 3244 Dominus
1382 3190 1527 3244 Deus
1556 3196 1714 3254 tuus;
1744 3188 1923 3258 ipsum
1952 3186 2020 3240 de
2048 3185 2232 3240 fratri-

650 3281 752 3335 bus
782 3281 890 3336 tuis
915 3280 1216 3336 constitues
1258 3295 1422 3349 super
1453 3286 1503 3333 te
1525 3278 1827 3349 principem
1854 3295 1867 3330 :
1893 3291 2003 3331 non
2030 3275 2236 3346 poteris

650 3372 986 3426 constituere
1031 3386 1196 3441 super
1228 3370 1619 3440 teprineipem
1663 3369 1943 3423 hominem
1972 3367 2233 3439 alienige-

655 3476 800 3524 nam,
836 3461 961 3527 quia
986 3476 1097 3514 non
1124 3469 1207 3515 est
1230 3459 1539 3514 fratertuus
1558 3459 1623 3511 ".
1656 3477 1673 3509 ι
1701 3457 1927 3528 Oportet
1959 3459 2107 3513 enim
2136 3472 2236 3511 nos

652 3568 683 3605 a
736 3552 1001 3607 servitute
1043 3550 1538 3621 creaturaapotius
1600 3566 1762 3621 quam
1805 3550 2070 3605 creatoris
2116 3550 2214 3603 Dei

654 3642 971 3711 longissime
1011 3642 1369 3714 refugientes,
1400 3644 1467 3698 ad
1517 3643 1767 3697 veritatis
1793 3657 2074 3697 sermones
2106 3656 2237 3711 pro-

658 3747 858 3801 pensos
878 3748 1017 3796 esse,
1046 3741 1101 3787 et
1143 3749 1429 3788 accurrere
1463 3734 1868 3803 quodammodo
1904 3734 1958 3787 in
1994 3741 2238 3788 sanetam

662 3834 883 3886 terram,
914 3823 1077 3893 279
1098 3824 1149 3877 id
1170 3833 1272 3886 est,
1297 3824 1362 3877 ad
1400 3824 1813 3895 promissionem
1830 3826 1946 3889 Dei,
1966 3842 2062 3895 per
2080 3826 2238 3879 ﬁdem

658 3928 781 3981 quae
815 3921 897 3966 est
926 3913 979 3967 in
1008 3913 1247 3977 Christo,
1286 3926 1447 3984 atque
1475 3914 1550 3968 ita
1580 3915 1921 3970 constituere
1949 3933 2114 3987 super
2144 3936 2243 3975 nos

660 4004 961 4075 principem
976 4020 1039 4060 ac
1060 4004 1303 4077 judicem
1329 4006 1483 4060 illum
1518 4006 1612 4075 qui
1648 4022 1712 4061 ex
1732 4007 1844 4061 Deo
1868 4016 2022 4063 ortus
2044 4011 2243 4075 εει,Ρί-

659 4094 817 4160 lium,
848 4095 1099 4166 quamvis
1128 4111 1251 4150 cum
1283 4111 1447 4150 carne
1479 4096 1838 4167 intelligatur,
1862 4098 1956 4167 qui
1991 4098 2059 4154 de
2088 4101 2248 4155 nobis

667 4190 800 4244 dicit
840 4206 852 4242 :
898 4209 917 4241 ι
954 4188 1064 4260 Ego
1087 4197 1267 4243 autem
1298 4188 1627 4243 constitutus
1661 4205 1779 4243 sum
1812 4206 1905 4244 rex
1936 4191 2004 4246 ab
2046 4209 2111 4247 eo
2143 4210 2233 4247 sn-

667 4297 764 4351 per
789 4279 918 4334 Sion
950 4288 1188 4334 montem
1219 4287 1465 4334 sanctum
1499 4281 1636 4348 ejus,
1668 4281 1969 4349 [medicans
1995 4299 2236 4353 praecep-

666 4381 779 4425 tum
814 4371 1023 4425 Domini
1051 4372 1115 4424 ³⁸.
1147 4388 1161 4424 ι
1204 4371 1381 4424 Alium
1422 4380 1601 4425 autem
1636 4371 1773 4424 ultra
1817 4371 1967 4425 illum
2012 4374 2237 4426 omnino

665 4463 1013 4517 admittemus
1053 4464 1348 4526 neminem,
1390 4480 1565 4535 neque
1598 4475 1909 4519 exterorum
1948 4464 2079 4535 jugo
2117 4480 2235 4519 cer-

669 4555 839 4608 vicem
870 4554 1282 4609 submittemus:
1317 4572 1458 4611 unus
1495 4566 1577 4611 est
1599 4556 1742 4611 enim
1784 4556 1941 4611 nobis
1979 4557 2234 4627 magister

662 4643 989 4697 Christus".
1030 4643 1203 4698 Miseri
1229 4654 1407 4698 autem
1432 4645 1600 4699 Judaei
1625 4645 1824 4699 exclusi
1856 4653 1983 4700 sunt
2011 4654 2233 4715 pr0pter

669 4730 1066 4795 inﬁdelitatem,
1090 4746 1264 4801 neque
1285 4732 1389 4786 sibi
1408 4731 1711 4801 principem
1749 4748 1811 4787 ac
1831 4733 2072 4803 judicem
2095 4750 2253 4791 acce-

2333 2272 2760 2337 ταλαντεύοντάς
2788 2291 2847 2327 τε
2882 2274 3160 2345 συννόμως
3185 2272 3398 2326 ἕκαστα
3426 2272 3530 2327 τῶν
3551 2275 3830 2345 πραγμάτων,

2333 2364 2426 2417 καὶ
2464 2365 2553 2417 τὸν
2586 2363 2692 2418 τῶν
2732 2365 2869 2417 ὅλων
2899 2363 3295 2435 ἀπομιμεῖσθαι
3324 2364 3550 2435 κριτὴν,
3587 2364 3705 2417 τοῦτ’
3737 2366 3829 2429 ἐπι,

2333 2455 2603 2525 Χριστὸν,
2641 2455 2700 2508 ὃν
2741 2456 2835 2509 καὶ
2869 2454 3032 2519 αὐτὸς
3082 2454 3110 2507 ὀ
3158 2454 3320 2525 νόμος
3377 2454 3831 2525 προαναπεφὼνῃκεν

2332 2547 2611 2618 ἐναργῶς,
2646 2546 2740 2600 καὶ
2781 2547 2976 2617 κριτὴν
3016 2545 3145 2600 ὅντα
3178 2545 3332 2610 εἰδὼς
3369 2546 3445 2609 ὡς
3484 2545 3625 2601 Θεόν.
3660 2547 3769 2614 Ἔφη
3793 2548 3829 2599 ἃ

2333 2640 2475 2694 οὕτω
2506 2639 2686 2692 πάλιν·
2731 2657 2749 2690 ι
2797 2638 2921 2692 Ἐὰν
2945 2639 3000 2692 δὲ
3022 2638 3268 2711 εἰσέλθῃς
3307 2637 3393 2698 εἰς
3424 2638 3520 2706 τὴν
3546 2638 3663 2706 γῆν,
3682 2637 3733 2707 ἣν
3752 2637 3829 2689 lii-

2339 2749 2451 2802 ριος
2489 2733 2517 2784 ὀ
2563 2731 2697 2795 Θεός
2737 2748 2830 2784 σου
2874 2730 3057 2784 δίδωσί
3084 2746 3167 2782 σοι
3194 2731 3251 2782 ὲν
3278 2729 3470 2799 κλήρῳ
3491 2769 3505 2790 ,
3538 2728 3622 2781 καὶ
3648 2728 3827 2799 κληρονο-

2338 2825 2518 2895 μήσῃς
2550 2824 2740 2893 αὐτὴν,
2776 2824 2869 2877 καὶ
2903 2824 3236 2893 κατοικήσῃς
3264 2823 3356 2874 ἐπ’
3379 2820 3565 2890 αὐτῆς,
3592 2820 3671 2873 καὶ
3690 2819 3827 2889 εἴπῃς,

2334 2917 2675 2986 Καταστήσω
2716 2916 2803 2967 ἐπ’
2832 2914 3066 2985 ἐμαυτὸν
3094 2914 3331 2985 ἄρχοντα
3368 2911 3513 2965 καθὰ
3539 2910 3695 2964 καὶτὰ
3718 2910 3829 2963 λοιπὰ

2335 3006 2460 3077 ἔθνη
2484 3007 2551 3059 τὰ
2581 3006 2764 3078 κύκλῳ
2799 3025 2924 3077 μου,
2956 3005 3230 3059 καθιστῶν
3251 3004 3606 3073 καταστήσεις
3626 3003 3700 3055 ἐπὶ
3720 3018 3826 3055 σεαυ-

2334 3095 2425 3148 τὸν
2451 3095 2705 3166 ἄρχοντα,
2736 3096 2794 3147 ὃν
2823 3095 2887 3148 ἂν
2923 3093 3207 3164 ἐκλέξηται
3230 3092 3440 3164 Κύριος
3469 3094 3496 3147 ὁ
3521 3091 3637 3154 θεός
3657 3108 3745 3154 σου,
3768 3092 3831 3141 αὑ-

2334 3188 2425 3242 τδν
2470 3190 2534 3241 ὲκ
2578 3188 2685 3240 τῶν
2724 3186 2968 3254 ἀδελφῶν
3008 3203 3102 3239 σου
3149 3185 3514 3255 καταστήσεις
3548 3184 3630 3236 ἐπὶ
3671 3183 3828 3236 σεαυτὸν

2336 3282 2575 3351 ἄρχοντα
2594 3293 2609 3309 ⁶
2638 3280 2697 3332 οὐ
2719 3279 2924 3351 δυνήσῃ
2954 3277 3300 3346 καταστῆσαι
3326 3276 3423 3329 ἐπὶ
3454 3274 3655 3328 σεαυτὸν
3680 3273 3826 3341 ἄνθρωο

2337 3389 2436 3426 πον
2468 3369 2765 3443 ἀλλότριον,
2801 3369 2880 3424 ὅτι
2912 3369 3012 3423 οὐκ
3049 3367 3279 3437 ἀδελφός
3324 3366 3423 3421 σού
3463 3367 3619 3419 ἐστιν.
3654 3382 3669 3415 ι
3701 3364 3754 3415 05
3778 3363 3829 3413 δεῖ

2338 3462 2449 3535 γὰρ
2486 3463 2635 3534 ἡμᾶς
2676 3465 2743 3534 τῇ
2788 3460 2964 3515 κτίσει
3009 3460 3295 3531 λατρεύειν
3336 3458 3487 3529 παρὰ
3524 3456 3604 3510 τὸν
3641 3453 3825 3509 κτίσαντα

2341 3555 2493 3618 Θεὸν,
2528 3554 2704 3617 ἱέντας
2735 3553 2809 3616 ὡς
2838 3552 3093 3606 ἐσωτάτω
3119 3554 3232 3613 τοῖς
3256 3551 3358 3619 τῆς
3383 3548 3623 3619 ἀληθείας
3644 3542 3826 3615 προσκλί-

2339 3644 2528 3699 νεσθαι
2552 3643 2731 3711 λόγοις
2757 3643 2867 3711 (ι),
2905 3643 2997 3695 καὶ
3019 3640 3330 3694 εἰσκαλέσαι
3371 3641 3467 3711 μὲν
3493 3637 3659 3707 ὥσπερ
3677 3636 3738 3697 εἰς
3760 3634 3826 3701 γῆν

2340 3735 2440 3803 τὴν
2469 3732 2649 3801 ἁγίαν,
2686 3731 2829 3785 τοῦτ’
2863 3730 3002 3793 ἔστι,
3035 3730 3134 3800 τὴν
3157 3729 3492 3797 ἐπαγγελίαν
3522 3726 3606 3779 τοῦ
3637 3723 3742 3777 Θεοῦ
3765 3720 3826 3788 τὴν

2342 3825 2430 3877 διὰ
2467 3823 2701 3886 πίστεως
2737 3822 2834 3893 τῆς
2872 3822 2929 3874 ὲν
2970 3820 3227 3892 Χριστῷ·
3262 3818 3594 3888 καταστῆσαι
3637 3815 3685 3868 δὲ
3711 3812 3826 3871 οὕτως

2344 3916 2428 3986 ἐφ’
2454 3917 2668 3979 ἑαυτοῖς
2691 3914 2926 3986 ἄρχοντα
2954 3913 3049 3966 καὶ
3072 3912 3265 3984 κριτὴν
3284 3912 3378 3965 τὸν
3406 3913 3469 3963 ὲκ
3488 3908 3607 3963 Θεοῦ
3626 3904 3827 3973 πεφυκότι

2345 4009 2497 4071 Υίδν,
2516 4004 2618 4060 κᾶν
2639 4006 2686 4059 εί
2709 4007 2883 4059 νοοῖτο
2905 4003 3042 4074 μετὰ
3066 4002 3270 4075 σαρκός
3288 4019 3302 4033 ·
3325 4002 3477 4069 λέγει
3500 4015 3555 4052 τε
3576 3996 3682 4067 περὶ
3702 3990 3825 4063 ήμῦνο

2352 4117 2369 4147 ι
2422 4095 2566 4165 Ἐγὼ
2593 4096 2649 4149 δὲ
2680 4092 3022 4164 κατεστάθην
3052 4092 3305 4162 βασιλεὺς
3333 4091 3428 4144 ὑπ’
3452 4089 3620 4151 αὑτοῦ,
3643 4085 3715 4139 ἐπὶ
3736 4081 3827 4134 Σιὼν

2347 4190 2472 4260 ὅρος
2504 4188 2565 4241 τὺ
2603 4187 2757 4256 ἅγιον
2783 4187 2968 4251 αὑτοῦ,
3003 4185 3337 4255 διαγγέλλων
3368 4184 3431 4237 τὸ
3454 4182 3732 4253 πρόσταγμα
3756 4175 3828 4227 Ku-

2352 4282 2490 4353 ρίου·
2522 4300 2539 4332 ι
2577 4277 2805 4350 Ἕτερόν
2842 4296 2907 4348 γε
2940 4279 3047 4349 μὴν
3079 4280 3166 4331 ἐπ’
3197 4274 3346 4347 αὐτῷ
3376 4274 3436 4327 τδ
3464 4272 3675 4342 σύμπαν,
3697 4264 3826 4319 οὐδένα

2352 4370 2798 4443 παραδεξόμεθα,
2833 4369 2928 4424 καὶ
2953 4372 3065 4431 τοῖς
3096 4367 3319 4421 ὀθνείων
3365 4366 3544 4433 ζυγοῖς
3572 4363 3653 4431 οὐχ
3680 4356 3828 4411 om

2355 4484 2455 4537 μεν
2484 4464 2576 4518 τὸν
2604 4464 2807 4533 αὐχένα
2829 4480 2841 4493 ·
2871 4456 2951 4526 εἷς
2974 4462 3081 4533 γὰρ
3108 4462 3239 4531 ἡμῖν
3269 4462 3389 4512 ἐστι
3411 4449 3826 4537 καθηγητὴςόκριῖ

2354 4534 2497 4619 στος.
2558 4554 2799 4608 Ἰουδαῖοι
2832 4552 2941 4624 γὰρ
2977 4553 3026 4605 οἱ
3073 4550 3299 4613 τάλανες
3336 4548 3442 4613 ἔξω
3480 4544 3755 4616 μεμενήκασι
3786 4534 3827 4587 δι’

2354 4646 2631 4708 ἀπιστίαν,
2656 4646 2747 4699 καλ.
2766 4646 2965 4715 ἥκιστα
2990 4644 3093 4712 μὲν
3127 4644 3212 4710 ἐφ’
3245 4642 3457 4703 ἑαυτοῖς
3490 4639 3561 4699 είς
3592 4630 3773 4704 ἄρχοντά
3789 4642 3825 4677 τι

2355 4740 2449 4795 καὶ
2479 4739 2671 4812 κριτὴν
2712 4736 3066 4802 κατεδέξαντο
3111 4734 3205 4787 τὸν
3245 4732 3505 4803 Χριστὸν,
3535 4727 3616 4782 καί
3645 4740 3710 4812 τοι
3739 4734 3827 4812 ταῖς

666 4819 1440 4891 peruntChristum,quamvis
1458 4822 1546 4877 ille
1570 4822 1636 4876 de
1664 4824 1803 4877 C(BIO
1833 4824 1928 4878 Dei
1953 4825 2130 4880 Patris
2158 4841 2233 4881 vo-

2354 4804 2592 4901 ηγμένον
2620 4804 2680 4893 ὲξ
2708 4827 2938 4898 οὐρανοῦ
2958 4868 2973 4892 ,
2999 4825 3214 4897 θελήσει
3240 4841 3299 4876 τε
3323 4823 3416 4876 καὶ
3442 4818 3631 4886 εὐδοκία
3652 4804 3825 4910 τοῦ.θῷ

665 4906 874 4968 luntate
894 4929 957 4969 ac
978 4914 1320 4983 beneplacito
1337 4915 1724 4982 descendisset;
1743 4917 1837 4971 sed
1858 4917 2080 4988 insuper
2097 4918 2233 4973 hom}

2471 4919 2699 4991 Πατρὸς,
2734 4897 2826 4971 καὶ
2845 4917 2980 4987 πρὸς
3003 4916 3212 4978 τούτοις
3236 4916 3317 4968 ὅτι
3349 4914 3441 4967 καὶ
3458 4909 3702 4979 ἄνθρωπον

664 5019 788 5058 nem
809 5005 1192 5074 alienigenam,
1216 5005 1431 5074 quisibi
1450 5006 1759 5075 imperaret,
1782 5008 2244 5078 elegerunt,illum

665 5095 992 5163 perditionis
1009 5094 1204 5160 lilium,
1235 5096 1635 5151 Antichristum
1660 5097 1805 5161 dico,
1837 5109 2155 5154 extraneum
2190 5110 2245 5157 et

666 5188 1045 5259 alienigenam,
1072 5205 1249 5259 neque
1272 5204 1339 5243 ex
1362 5204 1562 5260 genere
1599 5188 1765 5244 Israel
1795 5198 1996 5257 ortum,
2024 5194 2242 5249 tametsi

669 5280 755 5332 lex
778 5291 967 5349 aperte
1001 5282 1369 5352 prohibuerit,
1411 5300 1429 5330 ι
1465 5281 1583 5335 Νοιι
1613 5281 1837 5351 poteris,
1865 5282 2063 5352 inquit,
2110 5299 2242 5339 con-

671 5371 899 5435 stituere
928 5388 1092 5441 super
1126 5373 1371 5443 teipsum
1404 5373 1682 5427 hominem
1712 5372 2092 5443 alienigenam,
2117 5376 2244 5444 quia

674 5482 780 5519 non
802 5476 885 5521 est
909 5465 1078 5520 frater
1101 5474 1226 5521 tuus
1252 5466 1332 5531 '9;
1376 5486 1394 5517 ι
1427 5475 1482 5520 et
1515 5466 1691 5535 ipsum
1721 5480 1940 5535 quoque
1964 5464 2243 5522 Christum

2348 5027 2499 5082 τριον
2530 4986 2611 5077 ὲιρ*
2642 5009 2856 5070 ἑαυτοῖς
2890 4986 3368 5076 κεχειροτονήκασι
3399 5000 3485 5054 τὸν
3513 4999 3601 5068 τῆς

2351 5076 2493 5167 υῖον,
2526 5076 2673 5152 τοῦτ’
2715 5097 2852 5162 ἔστι,
2888 5097 2980 5151 τὸν
3020 5096 3420 5167 Ἀντίχριστον,
3462 5085 3664 5157 ἕκφυλόν
3694 5096 3739 5133 τε
3766 5076 3826 5175 In}

2350 5191 2637 5260 ἀλλογενῆν
2678 5190 2772 5243 καὶ
2795 5190 2901 5243 οὐδ’
2932 5188 2992 5253 ἐξ
3024 5188 3255 5258 αἵματος
3304 5181 3539 5255 Ἰσραὴλ,
3566 5176 3644 5231 καί
3675 5190 3735 5225 τοι
3763 5184 3824 5219 του

2350 5286 2518 5355 νόμου
2564 5283 2864 5345 διειπόντος
2911 5280 3117 5349 σαφῶς,
3168 5298 3187 5329 ι
3234 5278 3310 5331 Οὐ
3343 5276 3535 5345 δυνήσῃ
3573 5261 3825 5355 καταστήσει

2351 5347 2442 5432 ὲπλ
2491 5371 2719 5430 σεαυτὸν
2752 5347 3036 5445 ἄνθρωπον
3087 5370 3399 5440 ἀλλότριον,
3436 5366 3509 5418 ὅτι
3552 5360 3637 5413 οὐκ
3667 5347 3823 5445 ἀδελφός

2353 5467 2446 5521 σού
2474 5470 2639 5520 ἐστιν.
2676 5485 2694 5516 ι
2730 5439 2967 5517 Ἤκουον
2999 5462 3055 5514 δὲ
3088 5439 3338 5527 λέγοντος
3368 5456 3456 5510 καὶ
3484 5448 3627 5506 αὑτοῦ
3646 5441 3719 5497 τοῦ
3737 5439 3826 5508 Χρι-

746 5621 791 5653 ⁸⁵
818 5620 975 5675 Deut.
1012 5634 1119 5684 ιιιί,
1158 5620 1241 5685 18,
1285 5620 1370 5674 l9.
1445 5621 1488 5652 ³⁸
1522 5621 1677 5674 Deut.
1702 5636 1832 5685 xvn,
1876 5620 2072 5685 14,15.
2152 5622 2197 5654 ³⁸
2230 5624 2233 5631 ’

2334 5623 2370 5677 l.
2399 5639 2457 5687 ιι,
2499 5622 2552 5676 6.
2614 5621 2672 5653 ‘"
2704 5617 2895 5674 Matth.
2934 5632 3081 5678 χχιιι,
3122 5615 3172 5667 8.
3250 5612 3295 5649 ³⁸
3330 5613 3476 5667 Deut.
3505 5619 3612 5663 xm,
3648 5603 3711 5655 l3.

749 5776 826 5847 (Ι)
856 5776 993 5848 Cod.
1020 5776 1196 5848 Vatic.
1225 5795 1235 5827 :
1263 5779 1352 5831 Δεῖ
1384 5778 1491 5848 γὰρ
1545 5779 1686 5848 ἡμᾶς

679 5820 942 5916 ἀλῆθξίαξ
973 5847 1163 5917 προκλ.
1199 5820 1407 5914 λόγοις,⁸
1438 5820 1853 5917 ‹ιῗιο(ί⁶”ι’θὶ1(1·ἰ‹1ἱι
1894 5820 2182 5919 interpres.

1670 5777 2008 5851 ς-τοῌκτίσει
2039 5778 2317 5850 λατρεύειν
2360 5778 2510 5851 παρὰ
2543 5776 2629 5831 τὸν
2672 5774 2932 5833 κτίσαντα
2975 5772 3105 5828 θεὸν
3150 5773 3325 5831 ἱέντας
3371 5764 3627 5824 ἀπωτάτω,
3651 5757 3733 5815 τοῖς
3760 5763 3822 5815 τηέ
