3982 6550
153 404 253 460 577

844 401 931 455 DE
971 395 1412 455 ADORATIONE
1451 398 1518 454 IN
1558 396 1827 453 SPIRITU
1862 399 1957 453 ἘΤ
2000 398 2363 456 VERITATE.
2410 400 2535 455 LIB.
2573 399 2701 456 Vlll.

3320 407 3424 459 578

153 515 275 569 στοῦ
298 532 311 546 ο
351 535 371 568 ι
398 514 536 583 Ἐγὼ
558 512 793 584 ἐλήλυθα
814 515 871 566 ὲν
893 513 971 585 τῷ
992 514 1215 584 ὀνόματι
1239 514 1333 567 τοῦ
1367 513 1575 584 Πατρός
1614 530 1728 582 μου1

1845 515 2102 569 audirent
2154 514 2453 569 dicentem:
2506 534 2523 566 ι
2560 516 2674 586 Ego
2723 514 2847 569 veni
2879 531 2939 568 ιιι
2971 514 3196 572 nomine
3247 519 3427 576 Patris

150 610 241 662 καὶ
271 608 335 661 οὐ
366 605 677 678 λαμδάνετέ
709 623 798 675 με.
840 606 967 659 Ἐὰν
997 606 1157 669 ἄλλος
1183 606 1310 677 ἔλθῃ
1334 607 1391 658 ἐν
1412 606 1489 676 τῷ
1515 605 1741 675 ὀνόματι

151 700 225 771 τῷ
258 699 401 770 ἰδίῳ,
434 700 639 751 ἐκεῖνον
660 697 918 768 λήψεσθε.
955 716 973 747 ι
1012 697 1257 767 Ἐπιδεδή
1270 714 1408 767 μηκε
1431 698 1538 769 γὰρ
1562 700 1590 751 ὁ
1609 700 1744 771 Χρι-

155 792 273 856 στδς
305 793 390 855 είς
416 789 571 855 δόξαν
598 790 734 843 Θεοῦ
764 789 998 861 Πατρός.
1026 790 1182 854 Ἥξει
1211 790 1267 843 δὲ
1294 791 1435 844 κατὰ
1465 791 1692 857 καιροὺς
1714 793 1743 844 ὁ

151 885 249 952 τῆς
278 881 515 952 ἀνομίας
559 881 708 944 υίὸς,
736 880 837 933 οὐκ
865 881 944 942 είς
973 879 1128 946 δόξαν
1157 880 1290 933 Θεοῦ
1320 880 1551 952 Πατρὸς,
1587 881 1742 934 τοῦτο

151 972 256 1043 γὰρ
286 966 443 1041 οἶμαι
470 964 612 1024 εἶναι
640 969 722 1031 τὸ,
767 969 855 1022 Ἐν
884 968 961 1039 τῷ
989 968 1209 1039 ὀνόματι
1240 967 1334 1020 τοῦ
1367 969 1594 1039 Πατρὸς,
1627 968 1740 1020 ἀλλ’

155 1063 260 1130 ίδίᾳ.
306 1059 521 1130 κεφαλῇ
558 1057 858 1130 περιτιθεὶς
903 1061 931 1111 ὁ
972 1058 1202 1122 δείλαιος
1246 1059 1305 1111 τὸ
1343 1058 1441 1128 τῆς
1489 1059 1741 1129 θεότητος

152 1153 341 1222 ὄνομα.
371 1171 390 1203 ι
424 1151 708 1204 Καθιεῖται
727 1149 835 1220 γὰρ
859 1150 939 1213 είς
966 1150 1056 1203 τὸν
1075 1145 1221 1203 οἷκον
1251 1150 1342 1203 τοῦ
1368 1150 1502 1203 Θεοῦ
1527 1152 1739 1204 ἀποδει-

153 1246 279 1307 κνὺς
301 1242 514 1311 ἑαυτὸν,
536 1244 619 1296 ὅτι
642 1243 757 1295 ἐστὶ
786 1242 935 1306 Θεός.
962 1261 982 1295 ι
1020 1242 1159 1295 Ἀλλ’
1182 1243 1282 1295 οὐκ
1308 1242 1371 1296 ἂν
1400 1243 1550 1312 αὑτῷ
1572 1261 1736 1315 προσ-

152 1335 483 1404 κυνήσουσιν
539 1333 808 1398 Ἰουδαῖοι,
859 1334 968 1386 οὐδ’
1005 1333 1071 1387 ἂν
1118 1333 1192 1396 ὡς
1237 1334 1471 1403 Χριστὸν
1505 1335 1739 1406 παραδέ-

156 1424 337 1488 ξαιντό
376 1441 510 1477 ποτε
552 1423 847 1493 τηροῦντες
892 1423 981 1476 τὸν
1025 1423 1219 1493 νόμον·
1264 1423 1324 1487 ἐξ
1358 1424 1587 1493 αἵματος
1629 1424 1736 1494 γὰρ

165 1515 377 1588 Ἰσραὴλ
407 1516 678 1585 ἀναφύναι
714 1514 971 1585 Χριστὸν,
1011 1518 1434 1585 προμεμήνυκεν
1468 1516 1733 1585 ἐναργῶς.

153 1611 211 1661 υἱ
237 1608 314 1671 δὲ,
353 1606 629 1661 καὶτοῦτο
657 1605 909 1677 μεθέντες
941 1606 1015 1669 ὡς
1045 1607 1232 1671 ἕωλον,
1262 1607 1549 1679 ἄνθρωπον
1582 1608 1737 1662 ἀλλό-

154 1714 299 1769 τριον
330 1698 428 1750 καὶ
454 1696 719 1766 ἀλλογενῆ
754 1694 1168 1766 παραδέξονται.

219 1787 432 1840 ΠΑΛΛ.
464 1784 675 1840 Οὐκοῦν
698 1786 905 1838 ἔδονται
933 1785 1032 1854 τῆς
1066 1784 1272 1838 ἑαυτῶν
1300 1784 1422 1838 ὁδοῦ
1448 1786 1573 1849 τοὺς
1606 1802 1737 1856 καρ-

1835 604 1974 668 mei,
2015 613 2071 657 et
2098 618 2206 657 non
2228 605 2574 673 accipitisme
2599 623 2610 656 :
2647 605 2690 658 si
2714 605 2856 658 alius
2876 606 3093 659 venerit
3120 606 3175 661 in
3201 610 3424 663 nomine

1844 710 1964 759 suo,
2002 695 2155 748 illum
2194 695 2478 763 accipietis
2511 695 2591 760 ”;
2626 714 2643 746 ι
2682 695 2900 749 advenit
2921 696 3068 749 enim
3098 697 3349 753 Christus
3367 700 3422 754 ir

1842 786 2071 855 gloriam
2112 786 2208 840 Dei
2242 787 2445 850 Patris,
2477 786 2532 840 id
2574 787 2722 841 enim
2752 803 2872 843 esse
2896 796 3050 858 puto,
3100 789 3159 843 In
3192 793 3416 846 nomine

1842 878 2052 943 Patris;
2088 878 2273 932 veniet
2301 886 2484 931 autem
2510 878 2624 931 suis
2650 880 2990 947 temporibus
3018 881 3110 935 ille
3143 881 3289 937 [ilius
3318 884 3421 938 ini-

1842 969 2089 1036 quitatis,
2120 984 2230 1022 non
2262 968 2318 1021 in
2362 968 2591 1038 gloriam
2624 969 2718 1023 Dei
2750 969 2945 1034 Patris,
2972 972 3068 1025 sed
3117 988 3217 1027 suo
3252 975 3417 1043 capiti

1841 1061 2009 1114 miser
2036 1061 2281 1130 imponet
2309 1060 2615 1114 divinitatis
2639 1077 2860 1116 nomen.
2898 1081 2916 1112 ι
2941 1062 3327 1120 Sedebiteuim
3362 1067 3419 1121 in

1841 1151 2005 1204 domo
2044 1151 2140 1205 Dei
2173 1150 2470 1205 ostendens
2526 1151 2765 1220 seipsum
2815 1152 2963 1220 quod
3002 1153 3074 1207 sit
3118 1155 3266 1210 Deus
3290 1156 3355 1209 ⁸ο.
3390 1174 3411 1207 ι

1841 1241 1946 1295 Sed
1970 1256 2252 1310 nunquam
2292 1241 2444 1296 illum
2467 1242 2641 1296 Judaei
2670 1251 2863 1296 essent
2905 1243 3208 1310 adoraturi,
3240 1262 3417 1316 neque

1841 1344 1902 1389 ut
1941 1333 2219 1390 Christum
2247 1334 2579 1403 suscepturi,
2608 1334 2653 1388 si
2682 1335 2858 1404 legem
2889 1335 3265 1400 observarent,
3296 1354 3419 1407 qua:

1839 1427 2127 1482 manifeste
2182 1427 2585 1496 pronuntiavit,
2633 1426 2750 1481 fore
2798 1436 2859 1480 ut
2889 1442 2955 1482 ex
2991 1428 3206 1483 lsraelis
3248 1427 3417 1499 stir’pe

1837 1516 2094 1571 Christus
2123 1517 2386 1571 oriretur.
2435 1517 2541 1572 Sed
2566 1516 2666 1582 illi,
2696 1517 2750 1571 id
2786 1533 3003 1587 quoque
3032 1526 3288 1587 tanquam
3318 1535 3416 1572 ve-

1839 1622 1927 1667 tus
1976 1628 2039 1667 ac
2070 1612 2320 1682 putidum
2378 1609 2711 1681 rejieientes,
2751 1609 3027 1663 hominem
3056 1610 3318 1675 alienum,
3360 1620 3417 1665 et

1835 1705 2197 1775 alienigenam
2221 1704 2511 1772 recipient.

1904 1797 2101 1851 PALL.
2127 1796 2297 1866 Igitur
2320 1795 2488 1850 edent
2518 1794 2732 1848 fructus
2784 1793 2885 1848 viae
2923 1808 3034 1847 suae
3077 1793 3142 1856 “,
3184 1800 3239 1846 ει
3277 1794 3415 1847 adeo

151 1879 298 1940 ποὺς,
342 1876 441 1929 καὶ
474 1879 573 1947 τῆς
613 1876 843 1947 αἰσχρᾶς
889 1872 1288 1939 είκαιοδουλίας
1345 1874 1445 1946 τὴν
1498 1875 1726 1946 ίσοπαλῆ

1832 1891 2012 1960 turpis
2042 1890 2098 1943 in
2125 1888 2360 1943 consilio
2385 1887 2656 1959 capiendo
2683 1886 3013 1958 temeritatis
3059 1885 3254 1956 dignas
3292 1902 3413 1955 pm-

156 1968 475 2040 κομιοῦνται
510 1967 685 2040 δίκην.

1840 1998 1939 2037 nas
1973 1983 2237 2037 referent.

216 2062 379 2114 Kl’P.
455 2057 531 2113 E6
597 2060 769 2131 ἔφηςο
816 2060 845 2112 ὁ
902 2058 1093 2129 γάρτοι
1151 2058 1220 2112 τὰ
1290 2058 1475 2113 δίκαια
1532 2060 1728 2131 κρίνων

1910 2074 2068 2129 CYR.
2098 2075 2265 2129 Recte
2297 2075 2398 2138 ais,
2425 2088 2550 2127 nam
2580 2072 2628 2126 is
2679 2070 2774 2140 qui
2802 2076 2951 2124 recta
2985 2068 3199 2139 judieat
3244 2069 3406 2135 Deus,

154 2152 298 2217 Θεὸς,
329 2153 580 2222 διανεμεῖ
610 2152 673 2223 δὴ
710 2152 929 2215 πάντως
958 2151 1173 2222 ἑκάστῳ
1199 2152 1341 2204 κατὰ
1365 2153 1425 2205 τὺ
1446 2152 1607 2223 ἔργον
1633 2152 1728 2207 αὐ-

1839 2165 2134 2220 distribuet
2192 2180 2422 2235 prorsus
2447 2162 2746 2230 unicuique
2769 2162 2924 2231 juxta
2948 2174 3087 2228 opus
3122 2174 3303 2211 suum.
3336 2158 3413 2212 Ac

156 2244 261 2298 τοῦ.
295 2245 403 2298 Καὶ
458 2237 562 2297 ὦδε
601 2245 702 2313 μὲν
731 2246 863 2314 ἡμῖν
906 2243 1075 2313 ἐχέτω
1118 2244 1295 2307 ταυτὶ,
1342 2245 1437 2297 καὶ
1472 2244 1728 2316 ἀποχρῶν

1839 2257 1907 2311 de
1941 2257 2029 2310 his
2073 2256 2296 2326 quidem
2344 2256 2613 2309 hactenus
2678 2252 2887 2307 dictum
2925 2251 3014 2304 sit.
3063 2251 3172 2303 Eos
3201 2260 3409 2313 autem,

158 2335 287 2387 ἱττω
314 2338 342 2388 ὁ
370 2335 554 2403 λόγος.
599 2334 764 2404 Ἀτάρ
796 2333 858 2405 δὴ
887 2337 998 2396 τοῖς
1047 2337 1125 2399 είς
1174 2335 1235 2389 τὸ
1268 2336 1475 2406 κρίνειν
1514 2335 1728 2406 ἐτέρους

1838 2348 1931 2418 qui
1969 2348 2035 2401 ad
2072 2330 2399 2417 judicandos
2454 2352 2681 2399 cazteros
2725 2340 3009 2395 constituti
3055 2348 3201 2403 sunt,
3259 2348 3314 2393 et
3355 2340 3412 2392 in

160 2427 426 2497 ἠγμένοις,
460 2429 557 2480 καὶ
588 2429 667 2488 εἰς
712 2428 801 2479 τὸν
844 2429 958 2490 τοῖς
1004 2426 1282 2491 δικάζουσι
1313 2428 1590 2500 πρέποντα
1623 2427 1728 2481 θῶ-

1832 2440 2101 2511 judieium
2131 2439 2259 2493 sede
2316 2436 2593 2498 collocati,
2640 2431 3022 2502 alloquebatur
3066 2431 3264 2483 iterum
3290 2430 3407 2483 lex:

159 2535 263 2585 κον,
289 2517 566 2587 ἐπεφώνει
596 2518 757 2572 πάλιν
798 2520 827 2572 ὁ
861 2518 1020 2588 νόμος
1044 2535 1058 2549 ο
1100 2537 1118 2570 ι
1151 2521 1226 2573 Οὐ
1250 2519 1529 2592 παραδέξῃ
1560 2520 1728 2591 ἀκοὴν

1845 2531 1999 2585 «Non
2036 2529 2273 2600 accipies
2296 2527 2545 2582 auditum
2588 2538 2790 2579 vanum
2821 2523 2887 2585 δ’,
2913 2541 2929 2572 ι
2966 2520 3018 2573 id
3053 2530 3157 2585 est,
3199 2535 3411 2574 sermo-

168 2608 418 2677 ματαίαν,
457 2626 479 2659 ι
513 2606 656 2660 τοῦτ’
685 2607 820 2670 ἔστι,
855 2606 1010 2675 λόγον
1039 2607 1207 2679 ψευδῆ
1241 2608 1336 2660 καὶ
1369 2608 1728 2677 συκοφαντίας

1835 2637 1962 2677 nem
1998 2620 2219 2683 falsum,
2258 2627 2315 2673 et
2343 2615 2631 2673 calumniae
2654 2614 2878 2685 plenum
2907 2628 2921 2664 :
2958 2629 2975 2660 ι
3007 2609 3125 2663 Non
3149 2608 3414 2680 adjungas

159 2698 399 2769 ἔμπλεω·
442 2719 465 2750 ι
496 2700 569 2752 Οὐ
610 2698 958 2771 προστεθήσῃ
1022 2699 1160 2769 μετὰ
1217 2698 1453 2768 πλήθους
1485 2700 1726 2751 ἐκκλῖναι

1836 2722 1888 2768 ιε
1912 2710 2277 2773 multitudini,
2299 2716 2359 2763 ut
2386 2708 2631 2763 declines
2687 2719 2813 2759 cum
2852 2700 3107 2772 pluribus
3140 2700 3208 2754 ad
3237 2700 3409 2755 decli-

161 2790 289 2859 μετὰ
318 2790 609 2853 πλειόνων,
637 2789 778 2843 ὥστε
811 2790 1059 2843 ἐκκλῖναι
1102 2788 1303 2859 κρίσιν.
1334 2809 1352 2841 ι
1400 2791 1511 2843 Καὶ
1563 2790 1726 2842 πάλιν

1835 2805 2074 2859 nandum
2096 2802 2367 2874 judicium
2393 2800 2478 2867 ";
2515 2819 2533 2850 ι
2575 2797 2739 2867 280
2785 2804 2841 2849 et
2887 2808 3080 2849 rursus
3117 2800 3240 2863 post
3267 2806 3410 2845 non-

163 2881 267 2950 μεθ’
298 2882 468 2954 ἕτερα
488 2898 501 2912 ⁸
538 2901 555 2932 ι
589 2881 662 2933 Οὐ
685 2881 1030 2952 διαστρέψεις
1058 2883 1235 2951 κρῖμα
1269 2881 1498 2950 πένητος
1528 2882 1586 2933 ἐν
1616 2880 1728 2952 κρί-

1833 2895 1983 2949 nulla
2019 2893 2159 2947 alia:
2196 2891 2357 2946 «Non
2406 2895 2689 2958 pervertes
2724 2883 2995 2955 judicium
3038 2879 3301 2953 pauperis
3352 2880 3409 2933 in

163 2989 237 3025 σει
278 2972 469 3037 αὑτοῦ,
497 2973 605 3027 ἀπὸ
637 2972 841 3036 παντὸς
877 2974 1125 3043 ῥήματος
1156 2971 1340 3024 ἀδίκου
1364 2972 1669 3043 ἀποστήσῃ.
1702 2992 1717 3024 ι

1832 2985 2038 3055 judicio
2102 2997 2204 3037 suo
2254 2999 2266 3035 :
2323 2980 2393 3035 ab
2434 2979 2585 3034 omni
2638 2975 2808 3031 verbo
2875 2973 3080 3044 injusto
3164 2970 3409 3025 abstine-

162 3065 355 3135 Πρέποι
386 3066 503 3137 γὰρ
550 3065 617 3119 ἂν
645 3066 727 3119 δτι
771 3065 1007 3136 μάλιστά
1040 3082 1125 3133 γε,
1154 3064 1217 3117 τὸ
1257 3064 1621 3134 ἀνεπίληπτον
1668 3066 1726 3118 ὲν

1834 3074 1919 3129 bis
1954 3076 2018 3128 ⁸⁵.
2044 3093 2062 3125 ι
2103 3074 2239 3129 Nam
2278 3087 2448 3142 penes
2497 3083 2635 3139 quos
2663 3073 2748 3120 est
2789 3063 3074 3134 judicandi
3139 3070 3403 3132 potestas,

162 3154 324 3224 λόγοις
369 3161 489 3221 τοῖς
539 3157 634 3210 τοῦ
691 3157 932 3221 δικάζειν
987 3156 1237 3228 κυρίοις,
1296 3156 1388 3209 καὶ
1445 3155 1727 3226 ὀρθοεπεῖν

1832 3178 2022 3217 eorum
2073 3162 2385 3216 orationem
2425 3174 2547 3213 esse
2602 3156 2838 3209 alienam
2881 3169 2923 3207 av
2967 3150 3407 3222 reprehensione

162 3248 356 3318 ἀνάγκη
386 3248 481 3301 τὸν
534 3250 620 3319 ἐφ’
644 3249 861 3318 ἑκάστῳ
893 3248 1002 3301 τῶν
1032 3247 1528 3319 κατηγορουμένων
1552 3247 1726 3319 ψηφο-

1832 3254 2064 3308 maxime
2098 3252 2377 3317 convenit,
2422 3258 2476 3305 et
2500 3259 2649 3304 recte
2696 3245 2849 3315 loqui
2888 3259 3114 3299 necesse
3165 3251 3249 3298 est
3279 3259 3407 3298 eum

165 3341 267 3408 ρεῖν
293 3338 576 3408 ὀφείλοντα
627 3340 688 3393 τὸ
725 3338 803 3409 τῷ
852 3337 1120 3411 νομοθέτῃ
1158 3337 1368 3391 δοκοῦν.
1436 3337 1727 3407 Ἐπενήνε-

1832 3346 1920 3415 qui
1959 3353 2044 3400 est
2108 3343 2188 3399 de.
2236 3356 2572 3412 unoquoque
2644 3336 2877 3393 crimine
2947 3335 3278 3390 sententiam
3340 3349 3408 3389 ex

168 3431 348 3485 κταιδὲ
375 3432 666 3503 χρησίμως
688 3432 882 3496 καὶτὸ,
937 3451 954 3482 ι
996 3431 1213 3499 Πένητα
1238 3431 1337 3483 οὐκ
1382 3430 1623 3501 ὲλεήσεις
1668 3431 1725 3482 ὲν

1832 3436 2153 3505 legislatoris
2186 3435 2409 3490 decreto
2436 3434 2669 3487 laturus.
2708 3428 2849 3484 Illud
2881 3442 3102 3497 quoque
3150 3442 3260 3481 non
3305 3425 3408 3482 abs

167 3525 345 3594 κρίσει.
360 3526 689 3596 »Πρόχειρον
706 3526 813 3594 γάρ
830 3524 1082 3594 τιχρῆμα
1100 3526 1189 3577 καὶ
1211 3522 1464 3594 προαλὲς,
1489 3523 1641 3593 παρά
1663 3540 1725 3589 γε

1832 3543 1887 3581 re
1913 3528 2265 3597 subjunctum
2298 3532 2384 3579 est
2426 3542 2438 3578 :
2482 3544 2499 3574 ι
2524 3522 2788 3592 Pauperis
2825 3536 2936 3575 non
2963 3518 3321 3574 misereberis
3348 3519 3407 3573 in

164 3618 259 3677 τοῖς
284 3616 527 3685 κρίνουσι
562 3615 625 3668 τὸ
646 3616 730 3667 ἐπ’
756 3616 923 3685 ἄμφω
959 3614 1201 3684 βλέπειν,
1242 3615 1330 3666 ὅτε
1360 3614 1434 3683 μὴ
1474 3612 1726 3676 πλούσιος

1832 3619 2031 3689 iudicio
2054 3619 2171 3684 “;n
2219 3633 2370 3682 nam,
2418 3615 2515 3669 ubi
2560 3630 2690 3668 reus
2744 3611 2970 3666 minime
3017 3610 3171 3665 dives
3215 3609 3405 3674 fuerit,

166 3707 190 3756 ὁ
214 3706 541 3777 κρινόμενος,
570 3707 663 3758 καὶ
693 3706 1093 3775 εύκατάτροχον
1124 3705 1326 3775 κομιδῆ
1349 3704 1484 3775 πρὸς
1506 3704 1723 3758 πλεονε-

167 3796 290 3862 ξίαν,
320 3798 457 3869 ἀνὴρ
488 3798 649 3868 πενία
672 3796 1141 3866 Δκιιιτιιιχθιιειμένος·
1175 3796 1286 3866 ἔχει
1312 3795 1366 3847 δὲ
1407 3796 1506 3847 οὐκ
1534 3796 1725 3849 ἀνικά-

168 3901 257 3951 ιως
302 3888 408 3942 ἐσθ’
438 3891 532 3943 ὅτε
585 3889 679 3941 καὶ
715 3888 849 3958 πρός
879 3904 942 3956 γε
970 3888 1033 3940 τὸ
1082 3886 1340 3940 δύνασθαι
1383 3885 1474 3938 τὸν
1521 3886 1615 3939 τοῦ
1650 3886 1726 3939 δι-

168 3979 307 4033 καίου
356 3980 792 4034 καταϐιάσασθαι
849 3979 1028 4047 λόγον,
1066 3978 1246 4032 καλῶν
1290 3979 1373 4040 είς
1420 3976 1569 4030 ἔλεον
1599 3978 1726 4040 τοὺς

168 4068 263 4123 τῶν
310 4071 636 4135 δικαζόντων
689 4070 1096 4141 ἁπαλωτέρους.
1131 4069 1397 4139 Ἑξείργει
1444 4068 1507 4139 δὴ
1563 4066 1656 4123 οὖν
1699 4071 1727 4122 ὁ

175 4159 317 4229 νόμος
366 4162 462 4213 καὶ
519 4159 614 4213 τοῦ
678 4158 1115 4213 πλεονεκτεῖσθαι
1168 4158 1278 4211 δεῖν
1326 4158 1419 4211 καὶ
1448 4159 1543 4212 τοῦ
1593 4176 1727 4211 κατ-

173 4252 437 4323 οικτείρειν
472 4254 600 4315 τοὺς
630 4254 687 4305 ὲν
711 4253 888 4324 ἐνδείᾳ
920 4252 1012 4305 καὶ
1034 4250 1332 4322 ἀθλιότητι,
1355 4251 1455 4322 τῆς
1485 4251 1727 4305 δικαιοκ-

177 4344 333 4411 ρισίας
359 4345 418 4399 τὸ
446 4345 645 4408 κάλλος
670 4344 853 4417 τηρῶν
880 4343 1290 4414 άπαρὰφθορον,
1314 4344 1524 4414 καὶτῆς
1556 4345 1728 4413 ἰσότη-

171 4452 248 4498 τος
290 4438 552 4509 πρύτανιν
599 4438 847 4509 πανταχῆ
879 4437 970 4491 τὸν
1005 4436 1294 4501 δικάζοντα
1350 4435 1517 4499 τιθείς
1540 4452 1554 4467 ο
1588 4455 1607 4487 ι
1638 4434 1726 4488 Δι-

172 4528 321 4591 καίως
367 4530 475 4603 γὰρ
512 4530 573 4583 τὸ
608 4530 817 4584 δίκαιον
857 4527 1100 4591 διώξεις,
1128 4548 1148 4581 ι
1194 4529 1376 4599 φησίν.
1420 4529 1509 4592 Ὠς
1538 4528 1600 4581 τό
1640 4545 1723 4581 τοι

172 4616 347 4674 λυποῦν
377 4623 468 4675 τὸν
500 4622 685 4693 νόμον,
714 4622 820 4676 κᾶν
848 4620 981 4675 εἴτι
1032 4621 1141 4675 τῶν
1185 4621 1404 4689 ἀγαθῶν
1452 4620 1719 4691 ὑπάρχειν

171 4710 302 4784 δοκῇ,
330 4716 485 4768 νοοίτ⁹
511 4715 576 4768 ἂν
601 4713 825 4777 εἰκότως
847 4713 947 4766 οὐκ
972 4712 1355 4783 ἀπλημμελέςο
1391 4713 1579 4766 «Ἔστι
1608 4711 1718 4782 γὰρ

171 4802 353 4869 δίκαιος
382 4806 751 4877 ἀπολλύμενος
779 4806 836 4859 ἐν
862 4803 1054 4875 δικαίῳ
1086 4803 1272 4869 αὑτοῦ,
1300 4823 1319 4856 ι
1350 4803 1493 4857 κατὰ
1528 4803 1590 4856 τὸ
1619 4819 1715 4870 γε-

172 4898 484 4967 γραμμένον.
512 4900 688 4950 Δεῖται
719 4895 783 4966 δὴ
819 4892 912 4949 οὖν
955 4894 1235 4964 εὐτεχνίας
1265 4894 1327 4946 τὸ
1360 4892 1583 4962 ἀγαθὸν,
1621 4893 1716 4945 καὶ

173 4987 223 5037 τὸ
246 4989 592 5061 ὲποικτείρειν
620 4989 721 5042 οὐκ
752 4989 809 5040 ἐν
840 4985 1034 5056 καιρῷ,
1074 4985 1173 5055 τῆς
1205 4986 1287 5048 είς
1317 4986 1480 5055 νόμον
1505 4983 1719 5047 ἀδικίας

172 5078 257 5132 οὐκ
298 5080 359 5134 ἂν
407 5081 663 5150 διαφύγοι
708 5079 948 5149 γραφήν.
989 5076 1129 5140 Τοὺς
1192 5076 1292 5147 μὲν
1327 5071 1421 5131 οὖν
1475 5076 1716 5147 μετρίοις

172 5167 677 5243 ἐγκατειλημμένους
732 5168 1041 5241 αἱτιάμασι,
1099 5169 1222 5232 ταῖς
1293 5167 1384 5221 διὰ
1438 5168 1718 5236 μαστίγων

174 5258 353 5323 αἰκίαις
404 5260 711 5333 ἐπανορθοῖ.
754 5260 865 5314 Θέα
920 5259 977 5312 δὲ
1032 5259 1180 5323 ὅπως
1232 5258 1599 5330 δουλοπρεπὲς
1657 5258 1717 5312 τὸ

173 5348 340 5420 χρῆμα
378 5355 471 5407 καὶ
516 5352 874 5422 ἀνελεύθερον
900 5349 1119 5422 κομιδῆ,
1161 5351 1259 5404 καὶ
1288 5351 1364 5422 μή
1392 5366 1475 5405 τοι
1507 5350 1716 5421 θαυμά-

179 5454 290 5508 cur
318 5446 527 5517 πνεῦμα
553 5446 660 5517 γὰρ
705 5441 773 5517 ἦν
810 5446 869 5497 ὲν
897 5444 1080 5505 αὐτοῖς
1109 5442 1371 5506 δουλείας.
1413 5442 1514 5496 Διὰ
1556 5443 1715 5497 τοῦτο

175 5530 356 5601 πληγαὶ
388 5540 482 5607 μὲν
513 5538 700 5593 οὐκέτι
755 5540 869 5601 τοῖς
914 5535 1005 5590 διὰ
1060 5535 1297 5608 Χριστοῦ
1348 5534 1712 5608 θεσπίσμασιν

240 5742 276 5811 ’κθ
306 5740 447 5797 loan.
480 5762 536 5810 v,
569 5746 656 5800 45.
720 5747 765 5776 ⁵ο
806 5746 851 5799 ll
880 5744 1072 5797 Thess.
1100 5758 1159 5804 ιι,
1199 5744 1249 5797 4.
1325 5746 1366 5777 ⁸³
1396 5746 1559 5802 Prov.
1594 5764 1630 5811 ι,
1671 5744 1759 5800 31.

184 5811 220 5837 ’τ’
246 5810 295 5863 Ds
318 5821 391 5865 ut.
432 5831 535 5879 xvi,
569 5816 657 5882 20,
740 5817 783 5848 ⁸⁷
809 5816 1112 5878 ΕειιιεΛἪ,
1144 5814 1230 5868 16.

1826 3710 2067 3782 proclive
2101 3725 2164 3763 ac
2185 3709 2345 3764 facile
2393 3716 2499 3770 est,
2528 3715 2588 3760 ut
2607 3704 2825 3776 judices
2858 3703 2915 3756 in
2954 3700 3222 3755 utramvis
3276 3717 3405 3771 par-

1829 3813 1936 3859 tem
1965 3810 2323 3872 spectent;et
2373 3792 2591 3870 injuriae
2623 3795 2911 3867 expositus
2951 3802 3036 3849 est
3082 3791 3404 3855 admodum,

1826 3893 1919 3963 qui
1956 3892 2139 3961 inopia
2157 3890 2659 3961 premiturzneque
2685 3886 2928 3940 vicissim
2951 3882 3003 3938 id
3039 3898 3234 3954 parum
3264 3883 3409 3936 valet

1827 3982 2108 4038 interdum
2135 3981 2204 4035 ad
2222 3980 2450 4051 justitite
2464 3978 2734 4032 rationem
2758 3974 3095 4038 violandam,
3121 3972 3267 4042 quod
3288 3988 3403 4035 eos,

1827 4073 1922 4143 qui
1948 4080 2078 4127 sunt
2101 4072 2158 4125 in
2177 4059 2815 4142 judicando'molliores,
2847 4066 2917 4120 ad
2960 4062 3403 4119 misericordiam

1826 4164 2016 4219 ﬂectit.
2044 4162 2306 4217 Prohibet
2340 4162 2525 4230 itaque
2559 4160 2667 4223 lex,
2701 4173 2768 4212 ne
2795 4166 2891 4212 aut
2930 4164 3188 4226 potentes
3213 4154 3404 4223 oppri-

1826 4264 1999 4320 mant,
2039 4262 2133 4308 aut
2167 4251 2578 4307 misericordia'
2601 4256 3008 4319 prosequantur
3046 4260 3142 4299 eos
3198 4244 3292 4313 qui
3349 4242 3403 4296 in

1826 4354 2145 4417 paupertate
2174 4354 2229 4398 et
2271 4342 2495 4398 miseria
2551 4347 2874 4402 versantur;
2908 4338 2963 4390 in
3009 4351 3118 4406 quo
3140 4334 3277 4405 justi
3311 4334 3404 4402 ju-

1829 4440 1960 4493 dicii
1993 4435 2465 4508 pulchritudinem
2511 4438 2694 4486 servat
2740 4430 3137 4497 incorruptam,
3184 4424 3407 4494 etjudi-

1828 4546 1947 4586 cem
1969 4528 2295 4600 :equalitatis
2317 4526 2586 4581 arbitrum
2602 4522 2807 4592 ubique
2832 4520 2993 4574 facit:
3020 4539 3036 4569 ι
3053 4519 3207 4573 Juste
3232 4517 3402 4581 enim,

1830 4622 1976 4692 quod
2018 4622 2226 4691 justum
2273 4624 2388 4682 est,
2457 4614 2842 4687 persequeris,
2870 4632 2889 4664 ι
2945 4612 3126 4681 inquit
3163 4611 3235 4675 M‘;
3277 4625 3402 4662 nam

1824 4714 2033 4767 violare
2060 4713 2257 4781 legem,
2283 4708 2534 4780 quamvis
2555 4706 2765 4776 aliquid
2788 4704 3060 4777 ejusmodi
3096 4703 3190 4767 sit,
3226 4710 3285 4755 ut
3310 4701 3406 4755 bc-

1823 4822 1895 4862 ne
1917 4806 2035 4861 ﬁeri
2056 4804 2330 4868 videatur,
2367 4810 2550 4857 tamen
2579 4815 2698 4854 esse
2725 4815 2755 4853 a
2772 4805 2997 4868 peccato
3026 4795 3249 4849 minime
3274 4794 3404 4847 alic-

1822 4914 1977 4962 num,
2002 4896 2149 4951 haud
2169 4893 2445 4950 immerito
2472 4891 2829 4960 intelligitur:
2868 4908 2887 4939 ι
2912 4889 3007 4942 Est
3031 4887 3177 4942 enim
3196 4887 3398 4956 justus,

1825 4988 1920 5058 qui
1948 4987 2093 5057 perit
2128 4986 2183 5040 in
2209 4984 2421 5056 justitia
2438 4999 2558 5047 sua,
2586 5002 2604 5032 ι
2636 4981 2781 5036 sicut
2803 4978 3068 5047 scriptum
3092 4984 3177 5029 est
3212 4976 3277 5028 ⁵⁷.
3301 4973 3405 5042 lgi-

1827 5090 1916 5134 tur
1944 5079 2190 5150 probitas
2203 5076 2425 5133 solertia
2443 5071 2808 5143 opus_habet:
2838 5082 2964 5121 nam
2980 5063 3125 5120 istud
3153 5062 3399 5132 quidem,

1824 5171 2013 5225 nonin
2066 5179 2316 5239 tempore
2360 5162 2746 5223 misericordia
2790 5154 3149 5219 commoveri,
3192 5154 3399 5207 crimen

1824 5261 2039 5315 violate
2069 5259 2204 5330 legis
2226 5270 2509 5326 nunquam
2544 5251 2792 5321 effugiet.
2819 5249 2926 5302 Eos
2972 5245 3161 5317 igitur,
3187 5242 3281 5313 qui
3319 5245 3397 5296 le-

1825 5352 2071 5407 vioribus
2093 5358 2351 5406 tenentur
2378 5346 2575 5417 culpis,
2607 5341 2938 5398 verberibus
2985 5337 3232 5407 corrigit.
3261 5335 3400 5390 Vide

1821 5456 2004 5499 autem
2051 5458 2217 5513 quam
2242 5440 2462 5497 servilis
2491 5437 2563 5492 sit
2592 5452 2656 5491 ea
2704 5450 2811 5499 res,
2858 5441 2915 5487 et
2957 5431 3136 5485 libero
3171 5427 3397 5482 homine

1820 5536 2231 5607 indignissima:
2260 5546 2437 5601 neque
2470 5544 2604 5584 vero
2647 5526 2746 5581 tibi
2789 5524 2842 5580 id
2873 5523 3073 5577 mirum
3104 5520 3357 5574 videatur
3376 5534 3395 5573 :

1828 5746 1868 5776 δ’
1898 5742 2071 5798 Exod.
2098 5756 2249 5803 mu,
2288 5738 2339 5791 l.
2403 5735 2448 5767 "
2482 5733 2618 5789 ibid.
2650 5732 2705 5788 2.
2766 5730 2810 5762 “
2829 5728 2963 5785 ibid.
2988 5727 3039 5782 6.
3101 5724 3144 5755 “
3168 5720 3303 5776 ibid.
3333 5716 3393 5773 5.
