4140 6522
649 383 753 438 579

1669 377 1727 431 S.
1769 377 2043 433 CYBILLI
2087 375 2557 433 ALEXANDRINI
2598 372 2917 428 ABCHIEP.

3806 384 3914 437 580

649 494 931 549 sanitatis
952 506 1189 561 namque
1220 490 1448 561 spiritus
1478 490 1532 543 in
1561 490 1670 543 illis
1700 500 1839 545 erat.
1888 492 1970 546 0b
1994 507 2223 562 eamque

2330 491 2567 552 [πονται,
2622 487 2763 541 καθά
2811 487 2906 540 καὶ
2960 502 3039 557 τῳ
3093 488 3264 541 πάλαι
3306 487 3471 559 νόμῳ.
3530 491 3912 561 Πρόκειταιδι

650 598 872 638 causam
898 583 1101 638 Christi
1143 582 1432 652 praeceptis
1481 595 1590 635 non
1639 580 1876 650 amplius
1932 582 2100 651 plaga:
2125 581 2223 635 ad-

647 678 853 747 juncta:
873 684 1023 739 sunt,
1052 684 1114 728 ut
1138 674 1192 727 in
1215 674 1332 744 lege
1358 673 1555 736 veteri,
1590 672 1685 727 sed
1712 674 1894 743 potius
1931 690 1994 728 ea
2020 688 2219 743 propo-

652 770 756 824 sita
776 810 790 835 ,
814 783 934 838 quae
957 768 1162 821 liberos
1184 766 1402 831 decent,
1425 766 1661 820 illustria
1686 766 1959 835 dignaque
1976 764 2220 835 praemia,

652 871 708 917 et
732 862 1101 932 spiritualium
1128 861 1401 914 honorum
1444 858 1733 929 primitiaa,
1762 868 1926 928 atque
1952 859 2195 928 pollicita
2226 898 2227 901 η

654 954 853 1016 tiones,
889 961 945 1007 et
992 951 1364 1006 beatitudines
1387 958 1537 1005 recte
1584 949 1744 1004 factis
1794 950 2183 1004 convenientes
2212 966 2255 1033 ε⁸

651 1058 831 1112 neque
854 1042 1035 1096 adhuc
1059 1042 1241 1104 minae,
1266 1040 1361 1095 sed
1386 1039 1803 1093 adhortationes
1816 1039 1998 1108 potius
2021 1039 2089 1092 ad
2113 1039 2227 1093 vir—

652 1141 847 1187 tutem.
872 1132 1008 1187 Cum
1036 1132 1234 1203 priscis
1284 1132 1435 1185 enim
1468 1130 1578 1184 illis
1603 1129 1921 1184 hominibus
1967 1136 2224 1199 tanquam

651 1240 777 1278 cum
802 1224 1040 1288 famulis,
1078 1233 1137 1276 ut
1160 1222 1396 1277 famulus
1428 1232 1592 1290 atque
1638 1234 1937 1273 conservus
1959 1220 2225 1289 loqueba-

2335 580 2533 651 μᾶλλον
2562 578 2632 633 τὰ
2661 576 2971 647 ἐλευθέροις
2996 578 3295 647 πρέποντα,
3338 578 3592 650 λαμπραὶ
3634 582 3727 637 καὶ
3765 582 3915 646 dead-

2330 672 2524 742 ληπτοι
2560 670 2782 739 δωρεαὶ,
2831 672 2926 723 καὶ
2954 669 3356 741 γπνευματικῶν
3390 672 3611 739 ἀγαθῶν
3664 674 3913 744 ἀπαρχαί

2332 782 2391 819 τε
2421 765 2515 817 καὶ
2552 763 2897 833 ὑποσχέσεις,
2923 764 3018 817 καὶ
3050 767 3390 835 μακαρισμοὶ
3409 770 3524 828 τοῖς
3551 766 3911 837 κατορθώμα-

2335 873 2389 909 σι
2420 856 2744 927 πρέποντες,
2799 855 2895 907 καὶ
2938 855 3137 925 ἀπειλὴ
3184 856 3283 925 μὲν
3332 858 3537 924 οὐκέτι,
3574 858 3909 929 προκλήσεις

2328 948 2386 1000 δὲ
2430 948 2631 1017 μᾶλλον
2670 946 2756 999 ἐπ’
2786 947 3007 1017 ἀρετήν.
3050 947 3308 1011 Οίκέταις
3357 950 3455 1019 μὲν
3495 950 3604 1020 γὰρ
3645 950 3723 1009 ὡς
3757 950 3909 1002 οἰκέ-

2328 1055 2429 1108 της
2468 1037 2564 1090 καὶ
2604 1036 2989 1106 συνομὸδουλος
3038 1037 3360 1107 προσελάλει
3407 1040 3632 1109 Μωσῆς,
3655 1042 3768 1102 τοῖς
3806 1041 3908 1110 ἀρ-

2332 1129 2655 1200 χαιοτέροις,
2691 1127 2926 1199 Χριστὸς
2965 1128 3021 1181 δὲ
3053 1129 3192 1193 υἱοῖς
3227 1130 3302 1193 ὡς
3335 1130 3481 1203 Υίδς,
3523 1131 3615 1184 καὶ
3654 1130 3729 1193 ὡς
3751 1131 3907 1183 ἀδελ-

2333 1225 2452 1291 φοῖς
2484 1221 2626 1275 κατά
2654 1220 2867 1286 θέσιν,ὁ
2900 1219 3117 1290 ἀληθῶς
3148 1221 3241 1273 καὶ
3262 1224 3484 1292 γνήσιος
3516 1223 3579 1275 ὲκ
3607 1222 3743 1275 Θεοῦ
3788 1222 3903 1274 Πα-

654 1324 744 1369 tur
774 1315 1012 1386 Moyses;
1039 1314 1294 1369 Christus
1331 1328 1464 1366 vero
1495 1326 1620 1365 cum
1668 1310 1817 1374 ﬁliis,
1846 1318 1906 1364 ut
1938 1311 2131 1375 Filius,
2172 1320 2227 1366 et
2331 1314 2481 1385 τρός.

654 1420 911 1475 tanquam
958 1420 1081 1457 eum
1122 1403 1389 1457 fratribus
1430 1418 1528 1471 per
1561 1400 1937 1469 adoptionem,
1972 1405 2039 1461 is,
2073 1404 2164 1472 qui
2204 1418 2330 1459 vere
2365 1412 2421 1459 et
2465 1420 2757 1475 germanus
2790 1413 2910 1460 erat
2940 1420 3007 1460 ex
3046 1406 3158 1460 Deo
3194 1407 3353 1461 Patre
3386 1408 3583 1464 Filius.

722 1499 919 1554 PALL.
942 1499 1109 1552 Recte
1135 1514 1193 1551 se
1218 1498 1386 1550 habet
1408 1497 1605 1550 oratio.

721 1592 875 1647 CYR.
906 1592 1077 1645 Morte
1109 1591 1278 1660 igitur
1301 1590 1635 1645 homicidam
1664 1591 1841 1661 punit,
1860 1605 1923 1644 ac
1957 1604 2117 1658 pmna
2145 1597 2228 1642 ta-

2404 1500 2618 1552 IlAAA.
2669 1498 2872 1567 Ὀρθῶς
2904 1499 3037 1567 εχει.

2406 1592 2571 1644 ΚΥΡ.
2612 1590 2836 1661 Θανάτῳ
2874 1608 2937 1659 γε
2985 1592 3091 1661 μὴν
3117 1591 3210 1643 τὸν
3242 1592 3532 1661 φονεύοντα
3561 1594 3767 1664 ζημιοῖ,
3808 1598 3905 1650 καὶ

652 1684 819 1738 lionis
847 1682 1169 1735 eﬂrcnatam
1209 1679 1493 1733 audaciam
1540 1681 1785 1741 cohibet.
1818 1680 1976 1747 281
2018 1684 2075 1731 et
2118 1693 2223 1730 non

2330 1684 2448 1743 ταῖς
2488 1681 2597 1735 τῶν
2648 1682 2776 1734 ἴσων
2822 1682 3153 1749 ἐπαγωγαῖς,
3186 1682 3248 1734 τὸ
3274 1683 3526 1753 ἀχάλινον
3551 1685 3904 1756 ἀνασειράζει

652 1774 939 1830 ferendum
987 1773 1231 1827 furorem
1274 1772 1750 1827 animadversione
1798 1772 2032 1824 maxima
2054 1777 2109 1824 et
2131 1785 2223 1823 ex-

2330 1775 2547 1846 θράσος,
2582 1775 2676 1828 καὶ
2706 1774 2795 1827 τὸν
2827 1772 3011 1827 οὐκέτι
3050 1774 3285 1844 φορητὸν
3319 1776 3537 1840 κολάζει
3564 1776 3733 1846 θυμὸν
3763 1779 3907 1847 ἀφο-

654 1877 829 1921 tremo
855 1864 1124 1935 supplicio
1164 1863 1380 1932 plectit;
1408 1864 1562 1933 prius
1583 1874 1767 1918 autem
1808 1862 2102 1931 diligenter
2122 1876 2219 1915 ex-

651 1958 855 2011 aminat
893 1972 1002 2026 quo
1055 1956 1238 2010 animo
1294 1954 1517 2020 fecerit;
1558 1971 1642 2019 ac,
1692 1956 1736 2009 si
1773 1962 1967 2024 sponte
2007 1952 2079 2007 sit
2120 1951 2219 2006 ad-

651 2050 880 2104 missum
906 2049 1135 2112 crimen,
1162 2046 1376 2101 nullum
1403 2047 1795 2102 misericordia:
1827 2047 2009 2100 locum
2050 2043 2221 2098 relin-

650 2143 791 2211 quit,
816 2157 995 2210 neque
1022 2139 1458 2195 benevolentiam
1478 2140 1712 2209 turpiter
1731 2140 2086 2209 languescere
2102 2150 2224 2205 per-

650 2235 853 2298 mitlit,
889 2232 1274 2301 intempestiva
1312 2231 1665 2285 miseratione
1688 2230 1941 2293 fractam,
1971 2238 2133 2297 atque
2165 2226 2222 2280 in

651 2326 719 2380 iis
746 2326 931 2389 rebus,
980 2326 1034 2378 in
1069 2324 1271 2393 quibus
1296 2322 1523 2375 minime
1553 2329 1792 2390 oportet,
1817 2319 1885 2373 ad
1917 2317 2222 2373 molliorem

650 2418 907 2471 affectum
935 2416 1234 2470 detractam
1261 2431 1275 2479 ;
1316 2413 1391 2466 ita
1420 2413 1567 2466 enim
1608 2412 1775 2466 dixit:
1810 2431 1825 2460 ι
1847 2410 2003 2477 Quod
2026 2408 2071 2464 si
2097 2408 2223 2478 quis

649 2524 939 2578 aggressus
962 2507 1127 2561 fuerit
1161 2506 1382 2560 fratrem
1430 2519 1612 2566 suum,
1660 2502 1728 2557 ad
1760 2500 2223 2567 interficiendum

650 2614 776 2652 eum
800 2599 946 2661 dolo,
965 2608 1020 2653 et
1044 2598 1389 2668 confugerit;
1416 2596 1485 2651 ab
1506 2595 1665 2649 altari
1696 2611 1817 2649 meo
1839 2593 2075 2664 accipies
2094 2607 2222 2647 eum

654 2701 711 2745 ut
757 2690 1055 2746 interficias
1097 2692 1162 2744 “.
1193 2711 1209 2742 ι
1245 2691 1341 2745 Sin
1388 2698 1573 2743 autem
1626 2688 1747 2758 ejus
1791 2686 2220 2751 incommodum,

649 2782 744 2850 qui
767 2781 1021 2851 injuriam
1047 2796 1075 2833 a
1098 2793 1418 2849 percussore
1440 2793 1635 2848 passus
1655 2786 1760 2841 est,
1791 2776 2057 2844 tantisper
2082 2775 2222 2829 dun-

651 2881 798 2927 taxat
831 2871 1183 2942 processerit,
1212 2878 1273 2923 ut
1295 2870 1603 2940 langueret,
1635 2883 1809 2938 paenae
1854 2867 2076 2920 modum
2125 2866 2223 2921 ad-

650 2966 896 3027 metitur,
944 2971 999 3016 et
1041 2963 1302 3016 damnum
1355 2962 1489 3015 illud
1534 2960 1770 3030 pecunia
1817 2958 2079 3011 luendum
2103 2973 2224 3011 esse

649 3055 916 3110 decernit.
944 3054 1021 3107 Ita
1046 3054 1194 3107 enim
1219 3067 1414 3107 rursus
1466 3053 1571 3106 ait:
1610 3070 1627 3101 ι
1657 3050 1812 3116 Quod
1858 3048 1904 3103 si
1929 3047 2221 3102 conviciati

2329 1868 2476 1937 ρήτῳ
2495 1866 2619 1935 δίκῃ
2652 1866 2747 1919 καὶ
2781 1869 2895 1928 τοῖς
2924 1868 3004 1928 είς
3036 1864 3190 1933 λῆξιν
3217 1866 3358 1920 ίοῦσι
3386 1868 3578 1929 κακοῦ,
3614 1870 3902 1938 προΰασα-

2324 1959 2485 2022 νίζων
2517 1954 2575 2011 εὖ
2612 1958 2755 2028 μάλα
2814 1958 2906 2011 τοῦ
2949 1958 3269 2029 δεδρακότος
3306 1960 3396 2011 τὸν
3438 1962 3669 2013 σκοπόνο
3718 1964 3813 2014 καὶ
3849 1964 3904 2016 ιι

2327 2045 2425 2115 μὲν
2453 2044 2699 2097 ἑκούσιον
2737 2046 2820 2115 είη
2848 2046 2908 2098 τὸ
2942 2044 3352 2117 πλημμεληθὲν,
3380 2048 3590 2121 ἀναιρεῖ
3614 2051 3705 2104 τὸν
3728 2051 3900 2104 ἔλεον.

2335 2137 2685 2205 Ἀσχημονεῖν
2724 2137 2782 2189 δὲ
2819 2138 2919 2190 οὐκ
2954 2138 3019 2208 ἐᾷ
3045 2140 3143 2209 τὴν
3170 2140 3541 2213 φιλαλληλίαν,
3589 2143 3900 2215 θρυπτομέ-

2323 2245 2421 2298 νην
2445 2230 2547 2282 οὐκ
2580 2230 2638 2282 ὲν
2662 2228 2859 2301 καιρῷ,
2900 2230 2994 2283 καὶ
3043 2230 3126 2300 ἐφ’
3158 2229 3241 2295 οἷς
3285 2233 3486 2302 ἥκιστα
3542 2235 3676 2306 χρὴ,
3731 2253 3903 2290 κατα-

2324 2314 2618 2391 σπωμένην
2645 2319 2835 2391 ὥσπερ
2867 2321 2960 2373 ἐπὶ
3000 2320 3061 2374 τὸ
3104 2322 3550 2397 μαλθακώτερον.
3600 2329 3743 2398 Ἔφη
3791 2328 3901 2400 γὰρ

2322 2412 2495 2475 οὕτως
2514 2429 2528 2443 °
2558 2431 2577 2464 ι
2600 2412 2725 2466 Ἐὰν
2749 2412 2803 2465 δέ
2833 2430 2917 2476 τις
2952 2413 3206 2485 ἐπίθηται
3230 2415 3308 2485 τῷ
3330 2417 3555 2487 πλησίον
3584 2419 3900 2473 ἀποκτεῖναι

2325 2506 2484 2559 αὐτὸν
2525 2505 2682 2576 δόλῳ,
2711 2506 2805 2559 καὶ
2853 2505 3162 2577 καταφύγῃ,
3216 2508 3324 2561 ἀπὸ
3358 2509 3454 2561 τοῦ
3513 2508 3901 2581 θυσιαστηρίου

2329 2613 2429 2665 μου
2460 2594 2621 2666 λήψῃ.
2653 2594 2815 2648 αὐτὸν
2845 2594 3172 2649 θανατῶσαι.
3206 2617 3225 2647 ι
3249 2598 3381 2650 Εἱδὲ
3414 2598 3573 2668 μέχρι
3599 2598 3692 2652 τοῦ
3718 2602 3896 2671 appu-

2327 2687 2519 2757 στῆσαι
2560 2686 2720 2757 μόνον
2761 2687 2991 2757 προήκει
3034 2685 3111 2757 τῷ
3146 2687 3358 2740 παίοντι
3406 2689 3498 2741 τοῦ
3543 2689 3900 2759 βεϐιασμένου

2324 2778 2387 2832 τὸ
2417 2777 2620 2840 πάθος·
2652 2780 2943 2847 ὲπιμετρεῖ
2982 2778 3081 2848 τὴν
3120 2779 3296 2849 δίκην,
3329 2780 3423 2833 καὶ
3467 2780 3629 2851 μέχρι
3675 2784 3899 2851 χρημά-

2324 2888 2433 2923 των
2472 2870 2799 2941 προστάττει
2834 2869 3088 2937 γενέσθαι
3134 2870 3193 2922 τὸ
3230 2870 3442 2939 βλάϐος.
3475 2873 3618 2943 Ἔφη
3658 2874 3768 2942 γὰρ
3799 2867 3900 2925 ὧδε

2327 2962 2489 3015 πάλιν
2508 2979 2521 2992 ·
2562 2981 2579 3012 ι
2611 2961 2738 3013 Ἐὰν
2772 2960 2830 3013 δὲ
2877 2960 3220 3031 λοιδορῶνται
3240 2961 3346 3015 οδύο
3370 2963 3577 3033 ἄνδρες,
3604 2964 3697 3016 καὶ
3720 2966 3896 3015 πατά-

2329 3053 2395 3125 ξῃ
2424 3070 2509 3116 τις
2544 3053 2637 3106 τὸν
2679 3053 2905 3124 πλησίον
2938 3052 3091 3122 λίθῳ,
3124 3052 3156 3122 ἢ
3189 3056 3405 3123 πυγμῇ,
3445 3056 3537 3107 καὶ
3583 3056 3655 3125 μὴ
3692 3056 3902 3110 ἀποθά..

650 3149 853 3202 fuerint
887 3146 997 3201 duo
1027 3146 1157 3209 viri,
1183 3153 1239 3199 et
1262 3145 1600 3213 percusserit
1643 3144 1767 3212 quis
1799 3142 2109 3211 proximum
2137 3140 2217 3192 la-

2330 3160 2409 3214 νῃ,
2442 3141 2741 3212 κατακλιθῇ
2777 3143 2832 3195 δὲ
2857 3143 2951 3193 ὲπὶ
2970 3142 3177 3210 κοίτης,
3210 3142 3303 3194 ἐὰν
3332 3143 3906 3216 ὲξαναστάςὸἄνθρω-

649 3240 797 3311 pide,
822 3248 914 3293 aut
941 3253 1144 3308 pugno,
1180 3244 1235 3289 et
1266 3236 1355 3289 ille
1381 3244 1634 3289 mortuus
1651 3249 1759 3287 non
1783 3233 1971 3296 fuerit,
2001 3232 2097 3287 sed
2121 3231 2220 3285 de—

648 3331 902 3385 eubuerit
938 3330 994 3382 in
1022 3328 1199 3391 lecto;
1227 3325 1272 3379 si
1299 3341 1602 3395 exsurgens
1629 3326 1793 3379 homo
1840 3324 1930 3377 ille
1975 3322 2222 3377 ambula-

647 3420 792 3473 verit
837 3418 971 3472 foris
1014 3417 1070 3470 in
1118 3416 1290 3484 virga,
1342 3414 1602 3468 immunis
1647 3416 2088 3484 eritpereussor,
2113 3412 2219 3466 nisi

649 3510 793 3581 quod
820 3524 920 3578 pro
948 3507 1252 3560 cessatione
1284 3506 1405 3574 ejus
1440 3506 1738 3573 persolvet,
1767 3514 1823 3557 et
1872 3520 2139 3573 expensas
2167 3505 2221 3557 in

650 3602 979 3656 medicinam
1020 3599 1189 3651 factas
1216 3598 1280 3650 δ”.
1306 3617 1323 3648 ι
1360 3597 1539 3666 Atque
1591 3597 1709 3650 haec
1755 3597 1976 3666 quidem
2012 3597 2099 3650 lex
2138 3598 2227 3666 ju-

650 3692 745 3746 bet
777 3708 791 3755 ;
819 3690 1065 3743 Salvator
1100 3696 1303 3751 autem,
1350 3687 1445 3756 qui
1493 3686 1749 3757 perfectae
1784 3688 2007 3742 virtutis
2049 3688 2223 3759 legem

653 3782 1065 3853 promulgaret:
1111 3797 1128 3828 ι
1163 3776 1218 3831 Si
1265 3778 1411 3846 quis,
1450 3778 1651 3846 inquit,
1698 3777 1757 3832 ιε’
1795 3780 2131 3848 percusserit
2168 3780 2221 3832 in

654 3874 933 3927 dexteram
985 3871 1281 3933 maxillam,
1327 3878 1482 3924 verte
1530 3870 1607 3923 illi
1639 3879 1696 3923 et
1740 3871 1969 3924 alteram
1998 3872 2065 3923 '°.
2100 3889 2118 3920 ›
2150 3872 2223 3926 De

653 3964 1061 4034 scrvisquoque
1090 3963 1205 4017 hate
1227 3963 1451 4016 statuit:
1494 3982 1510 4011 ι
1530 3961 1685 4027 Quod
1711 3962 1754 4015 si
1788 3962 1913 4030 quis
1939 3976 2227 4030 percusse-

654 4059 729 4112 rit
777 4071 994 4111 servum
1041 4072 1225 4117 suum;
1279 4064 1372 4109 aut
1418 4055 1674 4108 ancillam
1720 4070 1874 4109 suam
1927 4055 2144 4117 baculo,
2169 4062 2225 4107 et

654 4155 908 4200 mortuus
934 4144 1220 4199 fueritsub
1239 4144 1494 4198 manibus
1526 4159 1674 4213 ejus,
1703 4144 1973 4212 supplicio
2010 4146 2061 4197 in
2097 4160 2223 4197 eum

653 4237 1154 4301 animadvertetur;
1204 4236 1287 4290 sin
1332 4245 1515 4289 autem
1582 4236 1950 4304 supervixerit
1996 4251 2106 4287 uno
2136 4235 2225 4289 die

657 4327 738 4381 vel
763 4326 998 4389 duobus,
1026 4340 1135 4378 non
1164 4323 1635 4377 animadvertetur
1678 4324 1731 4376 in
1754 4338 1910 4388 cum;
1939 4332 2225 4392 argentum

658 4419 801 4473 enim
852 4418 1027 4487 ipsius
1053 4410 1136 4472 est
1173 4419 1239 4469 ⁵¹.
1271 4435 1287 4467 ι
1335 4416 1618 4469 Summam
1664 4415 1830 4485 igitur
1871 4415 2006 4468 iram
2050 4425 2225 4470 morte

2329 3250 2427 3296 πος
2455 3233 2803 3304 περιπατήσῃ
2834 3231 2936 3296 ἔξω
2964 3234 3058 3286 ἐπὶ
3088 3233 3303 3303 ῥάϐδου,
3332 3234 3504 3299 άθῶος
3549 3235 3701 3288 ἔσται
3734 3239 3761 3290 ὁ
3794 3255 3905 3290 πα-

2327 3323 2516 3389 τάξας,
2575 3324 2712 3394 πλὴν
2749 3324 2848 3393 τῆς
2905 3324 3105 3394 ἀργίας
3153 3326 3316 3378 αὑτοῦ
3379 3327 3646 3389 ἀποτίσει,
3695 3329 3788 3381 καὶ
3835 3330 3906 3384 τὰ

2332 3415 2601 3485 ίατρεῖα.ι
2637 3414 2743 3467 Καὶ
2773 3414 2927 3467 ταυτὶ
2965 3415 3061 3483 μὲν
3097 3415 3125 3466 ὀ
3156 3416 3335 3484 νόμος.
3375 3417 3511 3468 Ἀλλ’
3539 3419 3568 3470 ὃ
3588 3436 3650 3486 γε
3693 3421 3907 3491 Σωτὴρ,

2326 3505 2387 3557 τὸ
2402 3505 2617 3568 τελείως
2642 3505 2846 3572 ἀγαθὸν
2884 3506 3174 3579 εἰσφέρων·
3202 3525 3221 3557 ι
3248 3507 3338 3577 Τῷ
3354 3508 3564 3562 παίοντί
3586 3528 3697 3573 ea,»
3717 3516 3906 3583 φησιν,

2338 3598 2459 3650 «ἐπὶ
2473 3596 2572 3667 τὴν
2592 3595 2770 3659 δεξιὰν
2790 3598 3269 3670 σιαγόνα,στρέψον
3288 3601 3435 3671 αύτῷ
3455 3603 3548 3656 καὶ
3567 3605 3665 3675 τὴν
3682 3606 3865 3677 ἀλλην.
3881 3626 3902 3659 ι

2332 3688 2571 3741 υίκετῶν
2599 3687 2656 3741 δὲ
2685 3688 2812 3760 πέρι
2837 3690 3117 3759 νομοθετεῖ
3141 3692 3287 3745 τάδε·
3316 3712 3335 3743 ι
3360 3693 3483 3747 Ἐὰν
3504 3695 3562 3749 δέ
3589 3714 3673 3760 τις
3694 3698 3909 3771 πατάξῃ

2330 3778 2422 3831 τὸν
2454 3779 2619 3832 παῖδα
2661 3780 2848 3841 αὑτοῦ,
2894 3780 2927 3849 ἢ
2967 3781 3065 3851 τὴν
3105 3783 3399 3851 παιδίσκην
3428 3785 3592 3839 αὑτοῦ
3621 3789 3676 3839 ὲν

2334 3871 2428 3923 καὶ
2455 3870 2699 3942 ἀποθάνῃ
2735 3872 2840 3925 ὑπὸ
2881 3872 2980 3936 τὰς
3024 3876 3209 3943 χεῖρας
3247 3874 3433 3939 αὑτοῦ,
3463 3877 3584 3947 δίκῃ
3622 3881 3913 3952 ἐκδικηθήδ

2335 3977 2508 4024 σεται,
2543 3961 2637 4014 ἐὰν
2675 3960 2731 4014 δὲ
2774 3961 3037 4034 διαϐιώσῃ
3072 3964 3285 4036 ἡμέραν
3328 3965 3454 4035 μίαν
3482 3967 3513 4037 ἢ
3542 3968 3653 4033 δύο,
3690 3972 3789 4025 οὐκ
3819 3975 3909 4026 ὲκ-

2333 4050 2708 4121 δικηθήσεται·
2740 4052 2802 4105 τὸ
2824 4052 2932 4125 γὰρ
2960 4055 3220 4124 ἀργύριον
3249 4057 3413 4111 αὑτοῦ
3443 4060 3610 4113 ἐστιν.
3630 4080 3655 4111 η»
3682 4062 3909 4135 Θανάτῳ

2336 4142 2437 4211 μὲν
2462 4138 2553 4197 οὖν
2591 4145 2815 4214 τιμᾶται
2847 4145 2944 4215 τὴν
2976 4148 3209 4200 είσάπαν
3232 4149 3401 4221 ὀργήν
3419 4166 3435 4182 ο
3460 4153 3519 4205 ού
3546 4153 3653 4225 γὰρ
3676 4155 3798 4208 ὲπεί
3825 4174 3907 4210 τοι

2335 4234 2638 4305 γεγόναμεν
2672 4237 2736 4288 ὲκ
2768 4236 3078 4303 πλεονεξίας
3105 4238 3385 4305 δεσπόται,
3413 4243 3507 4296 καὶ
3538 4243 3683 4316 ζωῆς
3712 4248 3907 4319 ἀπείρ-

2334 4341 2453 4393 γειν
2492 4326 2662 4395 αὐτῆς
2702 4326 2873 4396 ὲφῆκε
2909 4327 3060 4393 Θεὸς,
3096 4331 3222 4393 τοὺς
3250 4330 3355 4384 ὑπὸ
3387 4335 3545 4404 χεῖρα
3592 4337 3686 4389 καὶ
3721 4339 3906 4405 ζυγόν.

2337 4416 2769 4470 Συναναπλέκειν
2814 4418 2869 4472 δὲ
2900 4421 3017 4481 ταῖς
3066 4419 3257 4491 ὀργαῖς
3298 4424 3583 4480 ἀναπείθει
3616 4428 3708 4481 τὸν
3738 4429 3906 4492 ἔλεον,

654 4509 888 4563 multat:
943 4524 1122 4577 neque
1147 4508 1319 4567 enim,
1375 4506 1527 4575 quia,
1584 4523 1707 4560 cum
1756 4507 1878 4576 plus
1920 4522 2223 4576 possemus,

2336 4508 2526 4577 ποινὴν
2542 4507 2852 4580 καθορίζων
2892 4510 2987 4563 τοῦ
3026 4512 3342 4580 φονεύοντος
3370 4516 3477 4586 τὴν
3520 4519 3771 4589 ἐσχάτην.
3805 4542 3822 4573 ι
3843 4523 3907 4576 Εί

655 4601 863 4655 domini
889 4600 1019 4654 facti
1046 4614 1258 4662 sumus,
1288 4599 1434 4662 ideo,
1483 4599 1575 4668 qui
1604 4599 1658 4651 in
1705 4608 1893 4653 nostra
1935 4608 2225 4669 potestate,

654 4702 709 4743 et
745 4692 848 4743 sub
866 4690 999 4759 jugo
1022 4698 1210 4744 nostro
1227 4698 1375 4751 sunt,
1402 4705 1497 4744 eos
1520 4691 1685 4743 etiam
1716 4700 1776 4744 ut
1818 4692 1929 4745 vita
1980 4692 2229 4760 privare-

2334 4594 2390 4647 δὲ
2422 4594 2887 4667 διαᾶιῲηιῳησὶν,
2917 4599 3131 4670 ἡμέραν
3182 4600 3310 4669 μίαν
3340 4602 3514 4673 ἢιδύο,
3547 4608 3647 4661 οὐκ
3690 4609 3907 4678 ἐκδικη-

2335 4686 2582 4758 θήσεται,
2606 4689 2675 4741 »τὸ
2714 4690 2979 4760 ἀργύριον
3021 4692 3186 4746 αὑτοῦ
3214 4696 3388 4752 ἐστιν.
3414 4716 3434 4749 ο
3468 4700 3764 4772 Μονονουχὶ
3799 4705 3909 4774 γάρ

657 4795 798 4843 mus,
826 4778 1075 4848 permisit
1101 4779 1274 4841 Deus;
1312 4778 1407 4833 sed
1430 4794 1557 4833 cum
1586 4780 1666 4833 ira
1708 4780 2145 4836 misericordiam
2172 4792 2223 4835 ιιι

2337 4794 2520 4846 φησιν,
2555 4779 2631 4832 Οὐ
2667 4782 2765 4851 τῆς
2802 4780 2898 4835 τοῦ
2939 4782 3193 4848 καίοντος
3216 4785 3385 4858 ἔργον
3410 4788 3582 4859 ὀργῆς
3598 4791 3663 4843 τὸ
3687 4792 3765 4861 τῷ
3806 4811 3907 4847 παο

657 4873 985 4927 misceamus
1006 4870 1220 4934 suadet,
1250 4871 1791 4942 extremosupplicio
1817 4873 1870 4927 in
1899 4874 2223 4929 homicidam

2338 4868 2480 4921 θόντι
2518 4870 2883 4940 συμῦεῦηκὸς,
2920 4873 3060 4943 μετά
3090 4891 3152 4943 γε
3191 4878 3250 4931 τὸ
3292 4879 3635 4951 εύρωστῆσαί
3657 4901 3794 4946 πως.
3830 4888 3905 4938 Οὐ

655 4962 977 5017 constituto.
1018 4981 1045 5013 ὀ
1077 4961 1171 5016 Sin
1217 4972 1399 5016 autem
1445 4964 1833 5032 supervixerit,
1864 4965 2073 5034 inquit,
2122 4981 2223 5020 uno

2338 4962 2446 5031 γὰρ
2473 4959 2539 5014 ἀν
2576 4961 2810 5033 ἠθέλησέ
2840 4981 2926 5028 τις
2958 4966 3252 5021 ἀποϐαλεῖν
3287 4970 3377 5023 τὸν
3408 4970 3537 5024 ἴδιον
3566 4974 3802 5043 οἰκέτην,
3848 4976 3909 5027 δν

656 5052 747 5107 die
769 5061 864 5106 aut
887 5051 1123 5115 duobus,
1176 5066 1284 5105 non
1315 5051 1369 5105 in
1413 5066 1540 5105 eum
1594 5051 2095 5117 animadvertetur;
2143 5069 2223 5107 ar-

2337 5052 2619 5124 ἀργυρίοις
2669 5054 2919 5124 ἐπρίατο,
2974 5058 3068 5110 καὶ
3114 5060 3379 5129 ,χρήματα
3421 5062 3565 5127 δοὺς,
3620 5065 3905 5135 ἐκτήσατο.

658 5150 881 5211 gentum
917 5141 1091 5210 ipsius
1112 5148 1215 5195 est.
1246 5159 1263 5190 ι
1307 5140 1707 5210 Pr0pemodnm
1735 5141 1882 5194 enim
1913 5141 2082 5196 dicit:
2112 5142 2223 5195 Non

2350 5144 2629 5207 Ἀκούσιος
2659 5145 2716 5198 δὲ
2762 5148 2810 5201 ει
2850 5147 3062 5215 γένοιτο
3097 5153 3312 5216 φονεὺς,
3368 5152 3599 5223 ζημιοῦν
3648 5158 3909 5227 ἀειφυγίᾳ

659 5231 1018 5299 percutientis
1050 5231 1128 5284 ira
1150 5231 1408 5285 effectum
1433 5240 1537 5292 est,
1573 5230 1720 5299 quod
1746 5246 2030 5300 percusso,
2085 5242 2223 5302 post-

2332 5236 2532 5289 δικαιοῖ
2564 5237 2773 5291 πάλινδ
2804 5240 2964 5309 νόμος
2997 5242 3178 5307 αὑτὸν,
3206 5216 3503 5317 συμμέτρῳ
3536 5216 3908 5321 φιλανθρωπίά

660 5334 893 5387 eaquam
944 5328 1029 5373 est
1058 5335 1088 5373 a
1113 5321 1375 5391 languore
1425 5329 1705 5391 utcunque
1747 5330 2045 5383 recreatus,
2080 5324 2223 5378 acci-

2336 5326 2578 5396 κεράσας
2623 5328 2721 5397 τὴν
2768 5308 3003 5394 κόλασιν,
3038 5332 3132 5384 καὶ
3177 5334 3238 5386 τὸ
3278 5308 3614 5406 ἀνεθελῆτίυς
3654 5308 3908 5408 πλῆμμεί

661 5407 775 5471 dit;
818 5423 993 5476 neque
1021 5410 1165 5462 enim
1191 5410 1480 5480 quisquam
1512 5412 1778 5466 voluisset
1807 5428 2026 5467 servum
2069 5430 2223 5468 suum

2337 5414 2520 5484 ληθὲν.
2554 5416 2655 5469 οὐκ
2706 5418 2763 5469 ὲν
2821 5418 2911 5489 ἴσῃ
2967 5420 3131 5491 μοίρᾳ
3176 5426 3289 5487 τοῖς
3319 5424 3641 5489 ὲθελουσίοις
3669 5424 3728 5481 εὖ
3761 5407 3906 5498 μάλα

661 5497 934 5561 amittere,
967 5514 1131 5580 quem
1153 5502 1446 5555 cecinisset
1473 5511 1699 5571 argento
1725 5512 1779 5555 et
1822 5504 2053 5571 pecunia
2104 5505 2223 5559 data

2334 5506 2523 5570 τιθείς.
2561 5508 2749 5571 Πόλεις
2778 5509 2832 5562 δὲ
2866 5511 3220 5581 ἀφορίζεσθαι
3248 5520 3395 5586 τρεῖς
3420 5497 3809 5591 προστέταχεν,
3844 5523 3908 5586 ἀς

658 5581 1050 5658 comparas/set.
1078 5590 1205 5653 Sed,
1262 5592 1306 5647 si
1334 5602 1529 5661 przetcr
1570 5594 1907 5647 voluntatem
1952 5596 2223 5651 hominem

2338 5599 2428 5651 καὶ
2457 5598 2565 5651 τῶν
2592 5600 3040 5673 Φυγαδευτηρίων
3069 5606 3341 5678 ὠνόμασε,
3376 5612 3684 5665 συνελαύνει
3721 5629 3776 5664 τε
3815 5614 3909 5666 οὖν

736 5787 777 5817 λ’
808 5787 979 5842 Emd.
1018 5804 1124 5852 xxi,
1165 5789 1242 5843 ll.
1325 5787 1364 5820 δ’
1393 5790 1558 5844 Exod.
1586 5806 1730 5854 xvm,
1782 5790 1859 5846 19.
1940 5792 1983 5823 '°
2016 5794 2202 5850 Matth.
2247 5812 2297 5858 ν,
2336 5797 2421 5850 59.
2502 5798 2543 5829 ἰ
2569 5797 2737 5852 Exod.
2774 5815 2881 5863 xxx,
2915 5801 2999 5862 20,
3029 5802 3112 5854 Ἦ.
