4140 6528
302 374 409 432 531

1010 372 1100 426 DE
1138 371 1580 427 ADORATIONE
1622 371 1687 426 IN
1728 370 1998 426 SPIRITU
2042 372 2129 426 ΕΤ
2166 373 2535 428 VERITATE.
2576 373 2706 428 LIB.
2737 374 2871 428 VIII.

3485 370 3587 426 581’.

301 506 418 552 τως
472 488 592 539 ἐκεῖ
642 488 769 550 τοῦς
816 486 903 538 ἐπ’
936 485 1212 549 ἀκουσίως
1242 485 1547 556 πταίσμασι
1590 484 1907 556 φεύγοντας.

2018 485 2305 550 occiderit,
2332 501 2458 540 eum
2485 486 2567 540 lex
2602 501 2793 540 rursus
2816 493 3083 555 perpetuo
3110 484 3308 540 exsilio
3349 486 3587 539 multan-

304 580 427 633 Kal.
455 577 649 649 καιρὸν
689 575 939 645 ἀφέσεως
976 575 1147 649 ὁρίζει
1183 576 1347 630 πάλιν
1385 578 1619 635 καὶτοῖς
1648 569 1750 629 ὦδε
1813 592 1911 627 πε-

306 670 588 740 πραχόσιν
642 667 862 733 ἀθλίως,
902 667 1093 738 ἱερέως
1136 667 1366 721 θάνατον
1390 666 1484 720 τοῦ
1512 666 1909 739 ὑπερκειμένου

311 762 411 813 καὶ
438 758 790 832 προῦχοντος.
828 758 1037 830 Γράφει
1065 758 1121 811 δὲ
1155 756 1328 823 οὕτως
1355 759 1412 811 ὲν
1443 760 1556 822 τοῖς
1598 755 1905 826 Ἀριθμοῖς’

319 874 341 906 ι
378 853 507 907 Ἐἀν
537 851 591 905 δὲ
629 850 893 921 ἐξαπίνης
921 850 981 902 ού
1009 849 1076 903 δι’
1097 849 1299 921 ἔχθραν
1339 848 1452 921 ὤσῃ
1481 848 1664 915 αὐτὸν,
1697 846 1909 918 ἢὲπιρ-

316 946 457 1018 ῥίψῃ
483 947 571 1000 ἐπ’
613 945 777 998 αὑτὸν
808 946 918 998 πᾶν
964 942 1177 1008 σκεῦος,
1211 943 1311 998 οὐκ
1341 943 1400 1007 ἐξ
1430 943 1645 1015 ὲνέδρου
1680 941 1713 1013 ἢ
1747 940 1910 994 παντὶ

316 1041 478 1111 λίθῳ,
514 1042 571 1094 ὲν
603 1032 647 1108 ᾧ
679 1039 1032 1094 ἀποθανεῖται
1085 1038 1143 1091 ὲν
1205 1037 1354 1110 αύτῷ
1406 1038 1506 1092 οὐκ
1575 1035 1753 1101 εἰδὼς,
1815 1034 1909 1089 καὶ

318 1134 565 1205 ἐπιπέσῃ
625 1132 711 1185 ἐπ’
768 1130 954 1199 αὑτὸν,
1006 1131 1102 1185 καὶ
1147 1130 1395 1202 ἀποθάνῃ
1424 1173 1436 1195 ,
1490 1129 1653 1194 αὐτὸς
1701 1128 1759 1182 δὲ
1808 1128 1909 1182 οὐκ

322 1225 531 1297 ἐχθρὸς
551 1224 719 1278 αὑτοῦ
748 1219 837 1295 ἦν,
856 1224 976 1277 οὐδὲ
1002 1220 1182 1293 ζητῶν
1208 1222 1598 1291 κακοποιῆσαι,
1619 1222 1713 1274 καὶ
1734 1222 1909 1291 κρινεῖ

318 1317 357 1383 ὴ
396 1315 706 1384 Συναγωγὴ
745 1313 851 1367 ἀνά
899 1313 1065 1383 μέσον
1116 1312 1211 1366 τοῦ
1251 1310 1612 1380 πατάξαντος,
1666 1311 1760 1365 καὶ
1804 1311 1908 1363 ἀνά

317 1406 491 1475 μέσον
520 1405 615 1459 τοῦ
648 1404 1073 1476 ἀγχιστεύοντος
1108 1404 1168 1457 τὸ
1208 1398 1348 1477 αἷμα
1399 1403 1542 1458 κατά
1564 1403 1633 1457 τά
1666 1402 1909 1473 κρίματα

312 1497 519 1562 ταῦτα,
547 1498 641 1551 καὶ
695 1497 958 1563 ἐξελεῖται
1001 1498 1034 1568 ἡ
1087 1497 1383 1568 Συναγωγὴ
1430 1496 1520 1550 τὸν
1572 1496 1907 1567 φονεύσαντα

315 1590 434 1643 ἀπὸ
462 1589 557 1642 τοῦ
597 1589 1014 1660 ἀγχιστεύοντος
1066 1590 1127 1643 τὸ
1178 1586 1337 1660 αἷμα.
1380 1590 1490 1642 Καὶ
1523 1589 1908 1659 ἀποκαταστή-

319 1700 514 1737 σουσιν
547 1682 709 1735 αὑτὸν
742 1685 777 1753 ἡ
812 1683 1114 1754 Συναγωγή
1146 1685 1225 1748 είς
1259 1683 1357 1753 τὴν
1408 1683 1561 1735 πόλιν
1601 1680 1696 1735 τοῦ
1733 1698 1907 1751 φυγα-

306 1775 628 1846 δευτηρίου,
671 1769 733 1829 οὗ
772 1777 1079 1846 κατέφυγε·
1119 1776 1210 1829 καὶ
1259 1775 1578 1845 κατοικήσει
1640 1776 1755 1828 ἐκεῖ
1802 1774 1907 1834 ἕως

306 1866 382 1921 ἂν
440 1867 687 1939 ἀποθάνῃ
735 1870 764 1921 ό
821 1869 999 1938 ἱερεὺς
1040 1868 1236 1938 μέγας,
1271 1866 1329 1921 ὃν
1376 1868 1599 1939 ἔχρισαν
1632 1868 1793 1921 αὐτὸν
1825 1867 1903 1938 τῷ

307 1960 487 2029 ἐλαίῳ
532 1959 611 2031 τῷ
656 1960 816 2031 ἁγίῳ.
845 1980 862 2012 ι
896 1957 1030 2015 Εἶτα
1085 1962 1202 2031 μεθ’
1232 1960 1395 2032 ἕτερα
1418 1976 1433 1992 ·
1470 1979 1490 2013 ι
1519 1961 1629 2015 Καὶ
1680 1963 1813 2032 μετά
1842 1962 1903 2014 τὸ

304 2051 609 2105 ἀποθανεῖν
648 2052 740 2106 τὸν
774 2052 924 2124 ἱερέα
954 2054 1042 2106 τὸν
1094 2052 1287 2124 μέγαν,
1322 2053 1723 2124 ὲπαναστρέψει
1755 2055 1783 2106 ὁ
1814 2071 1904 2124 φο-

306 2142 513 2208 νεύσας
545 2146 626 2209 είς
655 2144 751 2217 τὴν
785 2148 888 2216 γῆν
913 2149 1011 2217 τῆς
1042 2145 1426 2217 κατασχέσεως
1452 2146 1639 2200 αὑτοῦ.
1664 2166 1681 2198 ι

2015 575 2145 629 dum
2169 586 2378 640 censet,
2404 593 2467 630 ac
2492 577 2775 631 moderata
2798 577 3089 631 clementia
3135 590 3352 645 pmnam
3388 584 3594 645 tempe-

2015 679 2119 731 rat,
2145 677 2220 733 et,
2245 668 2395 739 quod
2428 678 2629 739 praeter
2652 670 2993 724 voluntatem
3020 668 3323 723 admissum
3347 676 3452 733 est,
3482 684 3592 722 non

2011 761 2175 830 282
2200 761 2393 815 eodem
2419 762 2539 816 loco
2588 762 2775 827 habet,
2822 778 2932 833 quo
2972 762 3285 817 voluntaria
3333 762 3589 824 crimina,

2013 852 2178 923 idque
2200 855 2516 924 aequissimo
2541 856 2667 925 jure
2706 855 2856 909 facit.
2907 854 3083 911 Urbes
3122 864 3307 909 autem
3348 864 3458 911 tres
3498 856 3592 911 de-

2012 943 2162 997 cerni
2183 944 2366 1014 jussit,
2392 961 2529 1013 quas
2549 945 2734 1008 etiam,
2775 944 2995 1016 Refugii
3036 945 3103 1009 σί,
3134 944 3386 1011 vocavit;
3414 960 3589 1015 eoque

2011 1035 2292 1105 compellit
2321 1051 2437 1100 eos,
2480 1037 2574 1106 qui
2616 1037 2688 1091 ob
2729 1036 2962 1091 crimina
2989 1052 3101 1090 non
3149 1037 3457 1092 voluntarie
3488 1037 3588 1092 ad-

2012 1128 2178 1183 missa
2232 1130 2566 1182 exsularent.
2608 1128 2693 1183 -Ac
2727 1129 2910 1184 denuo
2977 1139 3194 1199 tempus
3248 1129 3592 1184 remissionis

2011 1221 2322 1291 praescribit
2349 1221 2418 1275 iis
2472 1222 2661 1286 etiam,
2712 1222 2806 1290 qui
2851 1222 3168 1292 hujusmodi
3212 1222 3417 1276 infelici
3466 1223 3591 1276 vita:

2011 1312 2329 1367 conditione
2376 1322 2698 1367 uterentur:
2732 1312 2867 1367 illud
2892 1314 3176 1378 nimirum,
3211 1331 3321 1384 quo
3340 1330 3589 1369 summus

2010 1420 2074 1459 ac
2098 1405 2589 1474 praestantissimus
2617 1406 2879 1460 sacerdos
2914 1414 3245 1460 moreretur.
3274 1405 3364 1461 Sic
3406 1416 3587 1460 autem

2010 1498 2203 1553 scribit
2227 1498 2285 1551 in
2311 1497 2600 1553 Numeris:
2638 1518 2655 1549 «ι
2680 1498 2735 1553 Si
2764 1499 3062 1569 derepente
3089 1516 3196 1553 non
3226 1507 3454 1568 propter
3480 1499 3587 1553 ini-

2010 1591 2245 1647 micitias
2284 1591 2563 1661 impulerit
2582 1606 2732 1654 eum,
2764 1603 2860 1646 aut
2882 1592 3180 1661 eonjecerit
3204 1592 3259 1645 in
3280 1607 3405 1644 eum
3430 1606 3588 1645 omne

2010 1700 2127 1746 vas,
2156 1700 2267 1737 non
2291 1699 2358 1737 ex
2378 1682 2623 1745 insidiis,
2651 1692 2747 1736 aut
2778 1684 2927 1736 omni
2977 1683 3183 1752 lapide,
3238 1684 3292 1737 in
3322 1698 3432 1752 quo
3470 1698 3589 1736 mo-

2012 1776 2185 1830 rietur
2211 1775 2266 1829 in
2293 1775 2434 1845 ipso,
2461 1774 2735 1839 nesciens,
2786 1782 2844 1830 et
2894 1775 3161 1829 ceciderit
3201 1790 3367 1845 super
3387 1776 3589 1845 ipsum,

2010 1877 2064 1921 et
2092 1874 2343 1921 mortuus
2369 1865 2557 1928 fuerit,
2576 1874 2631 1921 et
2656 1866 2771 1935 ipse
2790 1882 2902 1919 non
2932 1874 3054 1920 erat
3100 1867 3381 1931 inimicus,
3410 1881 3590 1936 neque

1993 1976 2136 2027 eum
2164 1958 2445 2029 quaerebat
2475 1958 2756 2011 offendere
2789 1976 2801 2011 :
2823 1958 3097 2028 judicabit
3139 1958 3421 2029 Synagoga
3445 1958 3589 2011 inter

2009 2052 2428 2125 percutientem,
2472 2059 2528 2103 et
2550 2064 2676 2103 eum
2706 2048 2801 2118 qui
2848 2050 3133 2118 proximus
3178 2058 3264 2103 est
3314 2048 3588 2117 sanguini,

2002 2150 2158 2219 juxta
2182 2146 2298 2198 hate
2318 2142 2525 2213 judicia
2547 2160 2558 2195 :
2583 2149 2637 2196 et
2668 2150 2826 2195 eruet
2856 2140 3139 2212 Synagoga
3177 2157 3302 2196 eum
3328 2142 3419 2211 qui
3447 2142 3595 2196 occi-

304 2237 485 2304 derit,
509 2238 579 2293 ab
613 2253 681 2292 eo
720 2239 813 2308 qui
851 2238 1141 2308 proximus
1170 2246 1257 2292 est
1298 2239 1587 2309 sanguini;
1615 2248 1671 2293 et
1702 2242 2003 2297 constituet
2036 2231 2162 2295 eum
2204 2236 2483 2306 Synagoga
2524 2235 2578 2288 in
2619 2234 2813 2288 urbem
2858 2234 3076 2304 refugii,
3101 2250 3210 2303 quo
3244 2234 3506 2304 confugit,
3534 2239 3594 2288 et

307 2327 593 2383 habitabit
623 2327 721 2392 ibi,
744 2343 1030 2398 quousque
1051 2328 1324 2382 moriatur
1357 2327 1617 2383 sacerdos
1642 2346 1890 2401 magnus,
1933 2347 2097 2402 quem
2141 2335 2420 2382 unxerunt
2460 2325 2584 2379 oleo
2633 2333 2823 2379 sancto
2866 2324 2931 2378 ⁸⁸.
2955 2344 2970 2374 ι
3008 2322 3219 2378 Deinde
3279 2334 3401 2393 post
3447 2326 3587 2380 alia:

314 2441 333 2473 ι
370 2416 441 2475 Et
469 2430 828 2491 posteaquam
883 2428 1141 2475 mortuus
1179 2420 1347 2476 fuerit
1371 2420 1631 2476 sacerdos
1649 2438 1901 2492 magnus,
1946 2430 2257 2478 revertetur
2285 2417 2562 2472 homicida
2616 2416 2673 2469 in
2699 2424 2901 2470 terram
2955 2416 3324 2485 possessionis
3351 2432 3463 2470 suae
3489 2419 3585 2470 ⁸⁸.»

385 2514 600 2566 ΠΑΛΛ.
640 2513 807 2577 Λύσις
836 2508 930 2566 οὖν
963 2514 1075 2585 ἄρα
1092 2513 1193 2585 τῆς
1212 2514 1500 2584 ἀειφυγίας
1520 2516 1727 2580 αὐτοῖς,
1751 2519 1778 2569 ό
1806 2516 1901 2570 τοῦ

308 2605 709 2678 προλεχθέντος
730 2608 863 2677 ἡμῖν
892 2606 1096 2676 ἀρτίως
1122 2605 1311 2677 ἱερέως
1339 2607 1587 2672 θάνατος.

389 2698 557 2751 ΚΥΡ.
597 2698 792 2768 Σχῆμα
840 2698 1000 2751 τοῦτο
1023 2700 1134 2763 τοῖς
1165 2698 1375 2763 τύποις.
1426 2701 1694 2754 Ὠδίνουσι
1732 2702 1790 2754 δὲ
1845 2700 1904 2754 τὸ

307 2789 415 2844 τοῦ
450 2788 688 2860 Χριστοῦ
718 2790 1016 2860 μυστήριον
1045 2791 1103 2843 αἱ
1134 2790 1305 2845 σκιαί.

389 2882 604 2935 ΠΑΔΛ.
646 2881 781 2935 Τίνα
807 2880 1033 2952 τρόπονς

391 2972 559 3026 ΚΥΡ.
600 2972 718 3025 Οὐκ
740 2970 1021 3035 ἀπίθανον,
1062 2965 1108 3025 ὧ
1156 2972 1444 3039 Παλλάδιε,
1496 2975 1557 3027 τό
1600 2990 1661 3042 γε
1700 2974 1908 3028 οἴεσθαι

306 3066 483 3136 τυχὸν
507 3065 632 3128 τοὺς
659 3066 779 3128 ταῖς
800 3064 1099 3136 ἁμαρτίαις
1119 3065 1679 3137 ὲγκατειλημμένους,
1717 3084 1907 3137 φονευ-

308 3161 418 3223 si;
444 3158 637 3229 ὥσπερ
664 3156 817 3221 τινὰς
843 3158 944 3227 τῆς
975 3158 1110 3231 ἰδέας
1145 3158 1411 3230 ὑπάρχειν
1431 3158 1630 3230 ψυχῆς,
1657 3161 1750 3213 καὶ
1778 3177 1906 3213 κατ-

310 3251 607 3320 ολισθῆσαι
654 3254 734 3315 είς
792 3250 952 3305 τοῦτο
994 3252 1369 3323 ταλαιπωρίας
1412 3253 1514 3306 οὐκ
1556 3254 1904 3321 ἐθελουσίως,

310 3341 864 3413 ὲκϐεδιασμένουςδὲ
890 3343 1080 3413 ὥσπερ
1130 3347 1210 3407 είς
1252 3344 1586 3415 παράϐασιν,
1615 3348 1708 3399 καὶ
1740 3348 1820 3410 είς
1850 3349 1909 3400 τὸ

311 3434 700 3506 προσκροῦσαι
731 3434 870 3506 Θεῷ,
896 3436 985 3491 διά
1010 3437 1069 3489 τὸ
1098 3437 1377 3504 ἐγκεῖσθαι
1406 3438 1505 3509 τὴν
1529 3438 1766 3492 διάνοιαν
1811 3439 1905 3492 τοῦ

308 3528 613 3597 ἀνθρώπου
645 3530 736 3582 ἐπὶ
756 3529 825 3582 τά
866 3530 1079 3601 πονηρὰ
1107 3532 1171 3582 ὲκ
1194 3531 1462 3600 νεότητος,
1488 3531 1581 3584 καὶ
1609 3532 1698 3585 διὰ
1728 3533 1820 3585 τὸν
1851 3536 1908 3586 ἐν

310 3621 434 3682 τοῖς
483 3618 673 3689 μέλεσι
709 3620 807 3690 τῆς
860 3620 1063 3691 σαρκὸς
1116 3622 1214 3692 τῆς
1245 3620 1539 3675 ἀτιθάσσου
1574 3623 1905 3694 φιληδονίας,

310 3713 735 3782 τυραννήσαντα
762 3712 946 3782 νόμον.
976 3715 1126 3785 Φυγῇ
1156 3715 1445 3787 τοιγαροῦν
1467 3719 1534 3789 τῇ
1566 3718 1672 3771 ἀπὸ
1701 3718 1905 3789 κόσμου

310 3806 417 3859 καὶ
443 3805 695 3876 σώματος
724 3808 756 3877 ἡ
781 3806 941 3861 ἀθλία
960 3806 1103 3878 ψυχὴ
1135 3808 1229 3861 τοῦ
1250 3806 1545 3881 ἀνθρώπου
1589 3809 1904 3880 ζημιοῦται,

312 3898 418 3952 καὶ
451 3898 641 3970 ὥσπερ
664 3900 744 3962 είς
781 3899 932 3953 πόλιν
989 3901 1113 3953 τινά
1167 3902 1602 3972 φυγαδευτηρίου
1653 3906 1765 3966 τοῖς
1813 3903 1906 3957 τοῦ

313 3991 556 4044 θανάτου
582 3995 771 4063 μυχοῖς
795 3992 1110 4063 ὲνιζήσασα,
1138 3997 1384 4066 μακροὺς
1410 3997 1636 4050 διετέλει
1658 3998 1905 4070 χρόνους,

314 4081 511 4152 ἀνείθη
554 4082 611 4135 δὲ
671 4083 825 4153 μόλις
866 4085 1230 4148 ἀποθανόντος
1270 4086 1506 4157 Χριστοῦ
1545 4087 1640 4140 τοῦ
1667 4088 1907 4157 μεγάλου

318 4174 537 4244 ἱερέως,
566 4174 628 4237 ὃς
653 4175 745 4227 τὸν
770 4175 912 4245 ὑπὲρ
936 4176 1155 4229 πάντων
1184 4176 1413 4230 θάνατον
1459 4178 1717 4243 ἀνατλὰς,
1738 4195 1907 4233 κατα-

330 4267 633 4337 πεφοίτηκε
676 4268 775 4337 μὲν
801 4270 881 4331 εἰς
918 4268 1066 4339 ᾅδου,
1100 4268 1274 4332 πύλας
1297 4270 1354 4323 δὲ
1384 4269 1562 4341 ἠνοιξε
1591 4274 1705 4333 τοῖς
1732 4272 1904 4336 κάτω,

318 4361 416 4412 καὶ
443 4359 657 4428 δεσμῶν
686 4360 856 4429 ἠφίει,
894 4379 912 4412 ι
933 4361 1107 4428 λέγων
1128 4364 1239 4423 τοῖς
1260 4363 1319 4413 ὲν
1338 4361 1575 4432 δεσμοῖς,
1608 4362 1905 4427 Ἐξέλθετε,

314 4451 555 4514 καὶτοῖς
588 4453 645 4503 ἐν
669 4451 746 4521 τῷ
780 4452 981 4516 σκότει,
1028 4452 1550 4506 Ἀνακαλύπτεσθε.»

393 4544 605 4597 ΠΔΛΛ.
659 4543 746 4606 Ὠς
780 4543 956 4613 σαφὴς
979 4546 1006 4596 ὁ
1030 4543 1206 4611 λόγος.

392 4636 562 4687 ΚΥΡ.
605 4636 681 4687 Ub
716 4634 838 4687 καθ’
877 4635 973 4687 ἕνα
994 4635 1051 4687 δὲ
1099 4635 1300 4705 τρόπον
1335 4634 1641 4706 εὐδοκιμεῖν
1681 4635 1910 4689 ἀναπεί-

318 4726 433 4778 θων
477 4727 603 4788 τοὺς
666 4726 1055 4797 ἀρχαιοτέρους
1098 4727 1126 4779 ὁ
1176 4726 1359 4796 νόμος,
1395 4727 1510 4780 ἀλλ’
1538 4722 1598 4781 εὖ
1640 4727 1910 4780 συντεθεῖ-

322 4814 452 4868 σθαι
479 4814 567 4867 διὰ
597 4814 838 4877 πάντων,
887 4815 1073 4877 καὶὼς
1105 4814 1305 4884 ἄριστα
1339 4816 1509 4886 ἔχειν,
1541 4816 1627 4869 ἵνα
1725 4817 1912 4888 ἄρτιος

316 4908 348 4959 ό
379 4905 475 4958 τοῦ
502 4904 639 4958 θεοῦ
682 4906 985 4976 ἄνθρωπος,
1012 4907 1149 4976 πρὸς
1181 4908 1290 4960 πᾶν
1314 4907 1473 4977 ἔργον
1522 4908 1727 4975 ἀγαθὸν
1752 4908 1913 4979 ἐξηρ-

317 4999 581 5068 τημένος,
619 5000 712 5051 καὶ
752 4999 1001 5063 συνόδους
1024 4999 1267 5068 γαμικάς
1311 4997 1744 5071 καταῤῥυθμίζει
1773 5000 1909 5071 πρὸς

316 5093 383 5145 τὸ
434 5092 652 5161 σεμνὸν.
700 5093 795 5145 καὶ
841 5090 917 5154 ὡς
954 5091 1020 5145 ἂν
1065 5094 1380 5162 ἀμωμήτως
1412 5094 1704 5163 πράττοιτο
1750 5094 1909 5145 ταυτὶ

316 5185 474 5255 παρά
520 5201 582 5236 τε
624 5182 744 5252 Θεῷ
801 5184 896 5236 καὶ
940 5182 1270 5255 ἀνθρώποις,
1301 5182 1625 5254 καθίστησιν
1657 5182 1905 5255 ἐναργές.

319 5275 589 5348 Πορνείαν
634 5276 735 5345 μὲν
785 5272 881 5329 οὖν
926 5276 1019 5328 καὶ
1069 5274 1411 5348 ἀκαθαρσίαν
1442 5274 1676 5346 ἐξορίζει
1713 5293 1908 5329 παντε-

314 5367 450 5427 λῶς,
508 5367 901 5440 ἁρρενομιξίαν
948 5366 1004 5420 δὲ
1064 5367 1159 5421 καὶ
1203 5368 1469 5437 μοιχείαν,
1499 5367 1575 5431 ὡς
1635 5368 1908 5422 ἀπωτάτω

290 5457 579 5531 ξποιεϊται,
622 5457 795 5526 λέγων
839 5460 896 5510 ὲν
948 5458 1025 5529 τῷ
1073 5459 1375 5530 Λευιτικῴο
1439 5479 1458 5513 ι
1487 5461 1597 5515 Καὶ
1644 5462 1780 5534 πρὸς
1808 5464 1907 5533 τὴν

298 5551 559 5615 1γυναῖκα
583 5549 676 5603 τοῦ
726 5551 954 5621 πλησίον
989 5568 1082 5603 σου
1121 5551 1184 5604 ού
1213 5550 1405 5616 δώσεις
1430 5554 1617 5623 κοίτην
1656 5554 1906 5625 σπέρμα-

316 5637 411 5703 τός
440 5656 559 5707 σου,
590 5641 950 5713 ὲκμιανθῆναι
990 5642 1126 5712 πρὸς
1172 5643 1362 5715 αὐτὴν,
1417 5646 1513 5699 καὶ
1567 5646 1707 5717 μετά
1745 5647 1909 5717 ἄρσε-

390 5829 435 5859 "
468 5828 629 5883 Deut.
657 5843 729 5893 iv,
759 5827 844 5884 II.
902 5828 946 5860 "
969 5828 1127 5886 Num.
1155 5844 1312 5891 xxxv,
1338 5826 1527 5882 ἓξὲξ-25.
1588 5826 1635 5858 ⁸³
1662 5823 1797 5880 ibid.
1832 5826 1919 5880 ‘28.

2077 2516 2273 2572 PALL.
2292 2512 2453 2567 Finis
2476 2511 2646 2581 igitur
2670 2510 2852 2565 exsilii
2877 2509 2987 2564 illis
3018 2508 3129 2563 erit
3155 2523 3307 2563 mors
3331 2512 3592 2567 sacerdo-

2006 2611 2099 2674 tis,
2127 2623 2291 2678 quem
2338 2604 2501 2659 modo
2529 2604 2792 2658 diximus.

2073 2700 2567 2769 CYR.Figurarum
2598 2697 2822 2767 quidem
2844 2698 3086 2752 exterior
3112 2698 3334 2753 habitus
3349 2698 3593 2767 ejusmo—

2000 2794 2055 2849 di
2082 2791 2301 2847 est.Sed
2324 2790 2769 2859 complectuntur
2788 2789 2997 2844 umbrae
3019 2788 3225 2844 Christi
3242 2788 3589 2859 mysterium.

2075 2884 2274 2940 PALL.
2302 2882 2423 2949 Quo
2450 2882 2675 2936 tandem
2712 2881 2910 2935 modo?
3102 2924 3117 2941 η

2071 2978 2228 3034 CYR.
2255 2978 2484 3039 Noncst
2504 2976 2894 3046 improbabile,
2954 2975 3183 3039 Palladi,
3224 2984 3420 3045 putare
3468 2974 3588 3029 for-

2007 3071 2170 3126 tassis
2216 3085 2333 3134 eos,
2365 3069 2460 3139 qui
2508 3068 2753 3137 peccatis
2795 3068 3062 3137 implicati
3106 3075 3259 3131 sunt,
3303 3083 3417 3122 suae
3461 3067 3592 3121 ani-

2008 3178 2112 3217 mat
2148 3161 2300 3217 velut
2321 3159 2794 3222 homicidasesse,
2819 3168 2985 3229 atque
3029 3159 3096 3213 ad
3145 3175 3265 3214 eam
3313 3159 3593 3215 miseriam

2010 3272 2123 3330 non}
2146 3263 2351 3325 sponte
2391 3253 2669 3322 delapsos,
2694 3252 2791 3307 sed
2838 3252 2908 3306 ad
2954 3253 3133 3323 legem
3177 3253 3489 3307 violandam
3537 3261 3594 3306 et

2010 3350 2185 3403 Deum
2209 3345 2604 3402 offendendum
2648 3353 2882 3400 coactos
2907 3360 3033 3399 esse
3085 3345 3493 3414 quodammodo
3538 3355 3594 3399 ct

2011 3440 2296 3510 impulsos,
2321 3453 2390 3492 eo
2413 3437 2562 3506 quod
2585 3452 2760 3506 prona
2784 3436 2855 3490 sit
2880 3451 3038 3491 mens
3082 3436 3326 3490 hominis
3360 3437 3428 3491 ad
3451 3438 3591 3491 mala

2009 3544 2077 3583 ex
2095 3530 2384 3599 juventute
2405 3528 2474 3589 ⁸⁵,
2508 3535 2565 3581 et
2609 3524 2893 3579 indomitze
2933 3526 3397 3595 concupiscentiae
3421 3526 3509 3580 lex
3536 3527 3593 3579 in

2009 3621 2275 3678 membris
2296 3620 2480 3674 carnis
2501 3618 2838 3673 dominetur.
2867 3618 3040 3688 Igitur
3066 3618 3257 3687 procul
3298 3634 3326 3671 a
3384 3619 3594 3672 mundo

2006 3720 2065 3768 et
2085 3728 2116 3767 a
2140 3726 2371 3781 corpore
2396 3709 2637 3765 hominis
2656 3710 2843 3764 anima
2869 3709 3062 3765 infelix
3093 3711 3290 3764 exsilio
3315 3711 3593 3765 multaba-

2009 3816 2123 3869 tur,
2150 3812 2317 3874 atque
2340 3804 2399 3858 in
2420 3803 2627 3858 abditis
2650 3785 2848 3858 mortis
2895 3818 2961 3858 ac
2996 3804 3385 3873 {penetralibus
3433 3804 3595 3867 locis,

2012 3905 2275 3965 tanquam
2314 3895 2370 3949 in
2401 3894 2542 3950 urbe
2587 3895 2825 3964 quadam
2875 3895 3073 3965 refugii
3118 3895 3386 3959 residens,
3433 3897 3595 3963 longo

2009 4000 2254 4059 tempore
2278 3988 2701 4059 perseverabat;
2734 3998 2957 4043 mortuo
2980 3996 3168 4043 autem
3196 3988 3427 4043 Christo
3473 4005 3593 4044 ma~

2009 4098 2117 4152 gno
2140 4081 2446 4145 sacerdote,
2487 4081 2581 4135 vix
2628 4080 2850 4135 tandem
2897 4080 3123 4134 dimissa
3160 4088 3264 4135 est.
3311 4079 3438 4146 Qui,
3466 4095 3592 4135 cum

2010 4189 2112 4243 pro
2178 4171 2436 4227 omnibus
2516 4170 2838 4240 pertulisset
2896 4178 3176 4233 mortem,
3236 4169 3305 4223 ad
3364 4170 3593 4224 inferna

2009 4263 2317 4326 descendit,
2340 4270 2504 4331 atque
2536 4269 2725 4331 portas
2772 4260 2967 4316 inferis
3012 4260 3252 4329 aperuit,
3288 4276 3593 4331 eorumque

2010 4356 2227 4411 vincula
2267 4354 2560 4417 relaxavit,
2610 4353 2844 4408 «dicens
2891 4352 2995 4415 eis,
3034 4352 3149 4431 .qui
3197 4353 3591 4408 vinetierant:

2016 4448 2203 4512 Exite;
2228 4457 2285 4501 et
2324 4446 2393 4500 iis
2416 4445 2511 4515 qui
2539 4446 2597 4498 in
2618 4444 2865 4499 tenebris
2892 4461 2904 4497 :
2933 4443 3272 4499 Rcvelamini
3299 4446 3366 4500 “.
3390 4466 3408 4496 ι

2085 4536 2282 4592 PALL.
2310 4535 2521 4605 Aperta
2543 4549 2674 4588 sane
2694 4532 2989 4603 expositio.

2081 4630 2239 4685 (ΝΒ.
2269 4628 2564 4691 Caeterum,
2593 4626 2725 4696 quia
2748 4624 2915 4695 283
2940 4626 3029 4680 lex
3054 4640 3165 4679 non
3196 4642 3309 4681 uno
3329 4625 3595 4683 duntaxat

2019 4738 2225 4794 genere
2250 4720 2475 4774 virtutis
2500 4720 2758 4787 antiquos
2783 4718 2908 4772 illos
2930 4717 3306 4773 commendari
3356 4719 3593 4783 volebat,

2012 4816 2107 4871 sed
2134 4814 2198 4869 ad
2225 4812 2410 4867 omnia
2436 4812 2776 4879 compositos
2798 4826 2943 4875 esse,
2984 4820 3041 4866 et
3092 4812 3302 4881 optime
3340 4819 3591 4881 .paratos,

2013 4915 2074 4962 ut
2105 4906 2382 4976 perfectus
2403 4911 2552 4958 esset
2576 4903 2741 4957 homo
2764 4903 2888 4967 Dei,
2913 4903 2980 4957 ad
3006 4918 3173 4959 omne
3214 4920 3354 4973 opus
3387 4906 3593 4959 bonum

2016 5008 2241 5069 paratus
2265 4998 2332 5061 ετ,
2360 4996 2485 5050 ideo
2510 4995 2828 5064 nuptiarum
2874 4997 3321 5064 conjunctionem
3358 4998 3424 5051 ad
3471 5014 3594 5051 mo-

2017 5106 2139 5145 rum
2197 5090 2542 5143 honestatem
2584 5086 2894 5157 componit:
2942 5096 2999 5141 et
3046 5104 3155 5156 qua
3207 5089 3418 5143 ratione
3481 5090 3596 5145 lucc

2016 5185 2133 5239 fieri
2159 5185 2233 5237 ita
2255 5182 2492 5253 possint,
2516 5189 2575 5234 ut
2598 5180 3032 5250 reprehensione
3064 5189 3181 5233 tum
3202 5180 3349 5251 apud
3398 5182 3593 5246 Deum,

2017 5286 2130 5330 tum
2177 5291 2311 5330 vero
2356 5273 2501 5344 apud
2542 5272 2794 5326 homines
2839 5280 3084 5332 careant.
3116 5274 3385 5341 exponit.
3425 5275 3597 5345 Igitur

2014 5368 2437 5423 fornicationem
2461 5364 2943 5420 etimmunditiam
2965 5379 3197 5433 prorsus
3228 5367 3439 5436 rejicit;
3475 5383 3594 5423 ma-

2014 5463 2291 5516 sculorum
2321 5474 2451 5513 vero
2476 5458 2831 5512 concubitum
2858 5464 2912 5511 et
2933 5456 3271 5513 adulterium
3296 5476 3460 5529 quam
3479 5462 3597 5515 lon-

2013 5554 2234 5623 gissime
2259 5552 2499 5621 repellit,
2522 5550 2713 5604 dicens
2740 5548 2795 5602 in
2821 5547 3097 5603 Levitieo:
3135 5569 3154 5600 ι
3173 5551 3241 5605 Ει
3264 5550 3332 5605 ad
3367 5567 3595 5608 uxorem

2015 5645 2247 5716 proximi
2279 5644 2356 5697 tui
2389 5659 2497 5697 non
2521 5642 2679 5697 dabis
2704 5642 3025 5697 cucubitum
3046 5642 3271 5698 seminis
3294 5642 3396 5708 tui,
3422 5652 3484 5698 ut
3508 5644 3596 5698 in-

2000 5826 2043 5857 ”
2067 5826 2263 5882 Cenes.
2292 5840 2402 5891 vm,
2443 5824 2531 5880 21.
2613 5825 2789 5881 “15a.
2818 5830 3042 5901 xmx,_9.
3122 5830 3163 5861 ⁵⁷
3194 5827 3239 5884 Π
3261 5828 3401 5886 Tim.
3426 5846 3483 5899 ιι,
3506 5830 3599 5888 ἳιο
