3982 6524
636 382 741 440 585

1657 376 1713 431 S.
1757 374 2032 431 CYRILLI
2074 370 2546 431 ALEXANDRINI
2585 371 2904 432 ARCHIEP.
3751 396 3822 457 su

635 502 885 573 quineris
900 516 1023 555 cum
1037 515 1128 565 ea;
1148 506 1204 552 et
1229 512 1352 551 cum
1370 494 1739 550 masculo‘non
1764 495 2004 550 dormies
2021 510 2207 550 concu-

2326 511 2414 557 νος
2443 494 2505 546 ού
2548 496 2859 566 κοιμηθήσῃ
2907 495 3093 565 κοίτην
3129 499 3459 564 γυναικείαν
3482 500 3725 577 βδέλυγμα
3748 519 3824 586 γάρ

637 593 754 648 bitu
772 591 1035 655 femineo;
1053 587 1388 643 exsecrabile
1403 586 1547 641 enim
1564 586 1722 640 est“.
1736 605 1753 636 ›
1777 586 2117 656 llujusmodi,
2135 586 2222 639 in-

2326 586 2493 639 ἐστιν.
2551 605 2569 637 ι
2627 586 2884 652 Αὑτὸθεν,
2921 589 3074 657 φησὶ,
3103 588 3173 641 τὰ
3216 590 3440 645 τοιαῦτα
3464 596 3523 646 τὸ
3567 607 3822 674 κατακεκρε.

636 680 983 751 quit,ﬂagitia
1004 695 1099 733 sua
1122 686 1316 747 sponte
1334 676 1590 731 damnata
1613 686 1763 742 sunt,
1789 686 1844 732 et
1866 694 2132 732 summam
2150 678 2207 731 iis

2329 676 2455 729 σθαι
2483 680 2649 739 νοσεῖ,
2681 678 2776 732 καὶ
2821 679 2954 731 πολὺ
2995 680 3055 733 τὸ
3111 680 3341 745 δυσῶδες
3363 684 3644 755 ἐντετηκὸς
3670 693 3819 759 αὐτοῖς,

636 772 854 843 ﬂagitiis
876 770 1178 826 foeditatem
1196 770 1376 824 inesse
1398 768 1753 838 perspicuum
1780 780 1859 824 est
1883 787 1898 835 ;
1927 786 2029 825 nec
2048 770 2221 839 pluri-

636 865 737 918 bus
757 862 939 917 verbis
954 877 1093 931 opus
1118 862 1225 915 erit
1249 871 1309 916 ut
1327 861 1450 916 illos
1472 861 1565 930 qui
1587 861 1653 914 ad
1676 876 1797 915 eam
1823 861 2220 931 turpitudinem

633 963 992 1021 venerunt,ut
1008 954 1112 1024 ipsi
1130 963 1327 1024 sponte
1346 953 1482 1008 adeo
1499 953 1643 1023 turpi
1658 953 2220 1021 etdeformiOpinione

633 1045 1243 1116 laborarentipsamque
1269 1056 1525 1100 naturam
1552 1052 1899 1100 accusantem
1928 1044 2215 1109 haberent,

632 1152 1009 1207 coarguamus.
1037 1135 1313 1207 Hisigitur
1335 1135 1738 1207 prmtertnissis,
1758 1151 1879 1204 quae
1899 1135 2137 1205 legitime
2162 1145 2219 1190 et

633 1227 938 1282 secundum
964 1229 1236 1281 rationem
1265 1226 1422 1292 fiunt,
1458 1227 1755 1289 examinat,
1783 1224 1971 1280 dicens
1995 1226 2049 1279 in
2070 1226 2217 1280 Deu-

634 1319 979 1373 teronomio:
1024 1338 1041 1369 ι
1068 1318 1124 1373 Si
1161 1319 1289 1388 quis
1336 1319 1616 1388 acceperit
1653 1331 1900 1380 uxorem,
1948 1325 2004 1370 et
2046 1317 2214 1372 coha-

636 1411 901 1465 bitaverit
932 1426 1058 1465 cum
1082 1427 1168 1475 ea,
1195 1420 1251 1466 et
1284 1412 1414 1476 erit,
1440 1412 1484 1465 si
1512 1412 1602 1465 illa
1650 1426 1759 1465 non
1779 1410 2053 1464 invenerit
2087 1425 2212 1480 gra-

634 1503 764 1557 tiam
797 1504 853 1557 in
877 1514 1174 1573 conspectu
1202 1504 1344 1573 ejus,
1391 1504 1518 1572 quia
1550 1503 1759 1557 invenit
1782 1501 1834 1554 in
1852 1516 1915 1555 ea
1958 1516 2073 1555 rem
2099 1510 2213 1555 tur-

632 1610 790 1663 pem;
821 1594 1030 1649 scribet
1053 1593 1103 1649 ei
1146 1594 1393 1649 libellum
1444 1595 1762 1664 repudii,et
1808 1593 1962 1648 dabit
2007 1593 2062 1647 in
2093 1609 2211 1647 ma-

546 1678 549 1679 ⁷
633 1701 740 1739 nus
772 1687 911 1756 ejus,
935 1694 995 1740 et
1017 1685 1259 1741 dimittet
1278 1702 1397 1741 eam
1424 1702 1453 1739 e
1486 1687 1647 1739 domo
1689 1700 1817 1738 sua:
1846 1692 1900 1738 et
1925 1685 1969 1738 si
2020 1684 2211 1739 abiens

632 1777 799 1832 fuerit
825 1778 982 1832 alteri
1008 1778 1151 1841 viro,
1179 1787 1235 1832 et
1256 1779 1435 1833 oderit
1459 1794 1579 1832 eam
1611 1777 1696 1831 vir
1718 1778 1964 1842 ultimus,
1992 1785 2047 1831 et
2072 1778 2212 1832 scri-

630 1869 865 1936 pseritei
890 1869 1134 1922 libellum
1164 1870 1398 1938 repudii,
1425 1881 1479 1924 et
1505 1869 1723 1924 dederit
1748 1870 1801 1923 in
1836 1886 2033 1924 manus
2060 1871 2204 1940 ejus,
2242 1849 2281 1902 Β

631 1967 689 2011 et
721 1958 997 2013 dimiserit
1023 1974 1145 2014 eam
1177 1975 1206 2014 e
1247 1960 1410 2015 domo
1463 1976 1581 2025 sua,
1606 1968 1702 2014 aut
1736 1971 1999 2015 mortuus
2043 1961 2213 2015 fuerit

628 2049 715 2102 vir
739 2050 857 2119 ejus
879 2050 1126 2115 ultimus,
1152 2052 1248 2120 qui
1273 2053 1488 2121 accepit
1510 2067 1630 2106 eam
1674 2052 1783 2106 sibi
1808 2067 2066 2117 uxorem;
2099 2068 2210 2106 non

628 2141 833 2209 poterit
856 2142 965 2206 vir,
994 2143 1087 2212 qui
1117 2144 1274 2212 prius
1310 2143 1524 2196 dimisit
1563 2158 1706 2207 eam,
1733 2144 1916 2198 denuo
1961 2143 2212 2213 accipere

628 2235 734 2289 sibi
768 2236 822 2290 in
852 2252 1103 2301 uxorem,
1132 2249 1494 2308 posteaquam
1534 2240 1745 2309 polluta
1783 2248 1896 2304 est;
1952 2240 2082 2308 quia
2113 2255 2209 2293 cx-

628 2325 896 2381 secrabile
921 2328 1084 2382 estin
1107 2340 1407 2398 conspectu
1461 2330 1678 2383 Domini
1730 2330 1827 2384 Dei
1857 2331 1969 2395 tui;
2004 2340 2060 2385 et
2100 2346 2209 2384 non

628 2417 889 2485 polluetis
943 2428 1174 2485 terram,
1199 2436 1361 2489 quam
1393 2420 1660 2476 Dominus
1699 2422 1844 2477 Deus
1899 2432 2080 2477 vester
2119 2423 2211 2478 dat

628 2509 785 2564 vobis
810 2510 863 2563 in
890 2511 1295 2579 possessionem
1323 2514 1388 2566 5°.
1417 2532 1434 2563 ›
1468 2513 1624 2578 Nam,
1655 2529 1776 2584 quae
1796 2515 1959 2585 justis
1988 2514 2054 2569 de
2078 2532 2209 2569 cau-

629 2603 704 2656 sis
724 2618 754 2655 a
778 2604 898 2656 viro
924 2602 1201 2674 disjuncta
1231 2614 1334 2670 est,
1364 2614 1419 2660 et
1443 2607 1672 2661 alterius
1718 2608 1821 2661 viri
1855 2608 2206 2661 concubitum

630 2709 808 2762 passa,
858 2710 979 2749 eam
1020 2696 1320 2766 legitimam
1348 2698 1453 2751 sibi
1480 2714 1708 2752 uxorem
1748 2700 2037 2763 asciscere,
2061 2699 2207 2754 haud

632 2792 812 2837 tutum
851 2793 954 2850 est,
982 2784 1093 2841 imo
1114 2802 1249 2841 vero
1288 2788 1707 2842 stultissimum:
1732 2804 1878 2852 nam,
1938 2809 1955 2839 ‹
1977 2788 2077 2855 Qui
2108 2790 2206 2842 ha-

630 2875 726 2929 bet
770 2876 1094 2942 adulteram,
1133 2878 1333 2948 inquit,
1371 2879 1571 2934 stultus
1618 2887 1790 2934 estet
1841 2880 2042 2949 impius
2079 2881 2142 2933 ‘°.
2180 2900 2198 2931 ι

630 2965 702 3021 Ut
733 2974 920 3021 autem
948 2967 1209 3037 prohibet
1257 2984 1326 3023 ne
1358 2969 1447 3035 iis,
1507 2984 1628 3039 qua:
1675 2971 1969 3039 perspicue
2024 2970 2206 3040 turpia

629 3067 777 3122 sunt,
796 3068 852 3113 et
875 3059 994 3113 sine
1027 3061 1409 3115 controversia
1430 3061 1783 3125 damnantur,
1829 3062 2201 3129 oblectemur;

2323 768 2726 841 ἀταλαιπώρως
2758 769 3090 841 εὑρίσκεται,
3128 774 3221 825 καὶ
3256 775 3468 843 μακροῦ
3513 778 3636 848 πρὸς
3658 781 3818 853 ἔλεγχε,

2322 860 2384 913 ού
2430 861 2613 930 δεήσει
2660 860 2818 930 λόγου
2865 862 2977 925 τοῖς
3008 866 3084 926 είς
3116 863 3276 916 τοῦτο
3300 865 3579 937 βδελυρίας
3604 868 3818 941 ἠγμένοις.

2320 950 2395 1014 ὡς
2440 950 2652 1004 οἴκοθεν
2700 951 2845 1021 ἔχειν
2896 954 3125 1023 αἰσχρὰν
3150 950 3292 1007 οὕτω
3318 956 3415 1009 καὶ
3447 958 3641 1030 ἀκαλλῆ
3671 965 3818 1034 τὴνω-

2323 1041 2438 1108 ξαν,
2474 1044 2569 1095 καλ⁹
2601 1061 2676 1096 πα
2689 1045 2735 1113 ρ’
2770 1045 2943 1113 αὐτῆς
2973 1045 3071 1114 τῆς
3112 1045 3326 1114 φύσεως
3367 1048 3469 1119 τὴν
3497 1054 3711 1123 γραφήν.
3735 1058 3817 1111 Tm.

2319 1134 2427 1204 γάρ
2474 1149 2552 1186 τοι
2605 1136 2802 1206 παρεὶς
2832 1136 2898 1188 τὰ
2929 1136 3174 1198 τοιαῦτα,
3204 1138 3273 1190 τά
3316 1139 3591 1209 συννόμως
3610 1143 3813 1215 δρώμενα,

2318 1226 2413 1278 καὶ
2441 1225 2541 1279 οὐκ
2565 1223 2669 1290 ἔξω
2701 1226 2861 1295 λόγου
2911 1227 3210 1298 βασανίζει,
3241 1229 3415 1297 λέγων
3448 1231 3505 1283 ἐν
3532 1232 3602 1302 τῷ
3626 1236 3815 1309 Δεύτερο-

2315 1317 2486 1387 νομίῳ
2510 1330 2522 1344 ⁸
2559 1334 2577 1367 ι
2620 1317 2743 1370 Ἐὰν
2772 1318 2829 1371 δέ
2872 1336 2957 1381 τις
2990 1319 3128 1390 λάϐῃ
3179 1323 3414 1388 γυναῖκα
3448 1323 3540 1374 καὶ
3589 1332 3815 1404 συνοικήσῃ

2320 1408 2457 1477 αὐτῇ
2478 1424 2490 1438 ·
2519 1408 2614 1462 καί⁸
2637 1407 2808 1470 ἔσται,
2835 1407 2931 1461 ἐὰν
2964 1411 3035 1479 μὴ
3062 1410 3197 1481 εὕρῃ
3222 1409 3384 1481 χάριν
3411 1413 3639 1466 ἐναντίον
3669 1417 3812 1471 αὑτοῦ*

2314 1501 2397 1554 ὅτι
2450 1491 2609 1570 εὗρεν
2645 1502 2702 1554 ἐν
2739 1502 2876 1572 αὐτῇ
2916 1502 3164 1572 ἄσχημον
3198 1505 3464 1573 πρᾶγμα,
3506 1506 3684 1576 γράψει
3716 1515 3811 1584 αὐτῇ

2315 1595 2519 1663 βιϐλίον
2552 1593 2909 1657 ἀποστασίου,
2948 1595 3042 1647 καὶ
3097 1592 3368 1648 ἀποδώσει
3428 1597 3509 1660 είς
3545 1598 3635 1663 τάς
3677 1607 3813 1675 χεῖρας

2313 1686 2505 1756 αὐτῆς,
2539 1687 2632 1739 καὶ
2675 1686 2966 1739 ἀποστελεῖ
2997 1686 3167 1758 αὐτὴν
3224 1689 3289 1740 ἐκ
3330 1687 3435 1757 τῆς
3475 1690 3638 1754 οίκίας
3676 1695 3808 1748 αὑτοῦ·

2314 1779 2404 1831 καὶ
2426 1778 2520 1831 ἐὰν
2546 1776 2855 1831 ἀπελθοῦσα
2885 1779 3107 1849 γένηται
3146 1778 3300 1849 ἀνδρὶ
3330 1779 3522 1849 ἑτέρῳ,
3551 1782 3636 1835 καὶ
3661 1788 3809 1857 μισήσῃ

2310 1869 2476 1941 αὐτὴν
2506 1869 2645 1941 ἀνὴρ
2673 1870 2701 1921 6
2729 1871 2975 1940 ἔσχατος,
3010 1870 3105 1924 καὶ
3146 1870 3339 1943 γράψῃ
3370 1873 3506 1943 αὐτῇ
3531 1873 3703 1944 βιϐλίον
3720 1879 3809 1931 ἀπυ-

2314 1962 2555 2022 στασίου,
2583 1961 2677 2014 καὶ
2698 1960 2844 2035 δώσῃ
2868 1964 2948 2025 είς
2989 1963 3089 2027 τὰς
3141 1964 3330 2035 χεῖρας
3358 1964 3544 2036 αὐτῆς,
3565 1968 3644 2019 καὶ
3668 1969 3806 2032 tam.

2314 2054 2498 2126 στείλῃ
2535 2053 2703 2125 αὐτὴν
2744 2055 2810 2106 ἐκ
2835 2054 2935 2123 τῆς
2963 2055 3141 2118 οίκίας
3174 2055 3369 2118 αὐτοῦ,
3398 2056 3431 2126 ἢ
3464 2061 3552 2109 καὶ
3575 2059 3807 2133 ἀποθάνῃό

2311 2143 2449 2215 ἀνὴρ
2490 2145 2657 2212 αὐτῆς
2684 2147 2712 2197 6
2738 2144 2985 2214 ἔσχατος,
3033 2146 3090 2209 ὃς
3132 2146 3326 2199 ἐλαϐεν
3367 2145 3533 2217 αὐτὴν
3575 2149 3722 2219 ἐαυτῷ
3742 2170 3805 2218 γδ-

2311 2240 2493 2298 ναῖκα,
2524 2235 2584 2288 οὐ
2618 2236 2908 2306 δυνήσεται
2937 2237 2965 2288 6
2987 2238 3126 2308 ἀνὴρ
3148 2240 3176 2290 6
3204 2238 3474 2309 πρότερον
3498 2238 3805 2305 ἐξαποστείλας

2311 2326 2499 2395 αὐτὴν,
2533 2327 2947 2397 ἐπαναστρέψας
2973 2328 3162 2382 λαϐεῖν
3211 2330 3387 2399 αὐτὴν
3428 2329 3591 2400 ἐαυτῷ
3616 2336 3801 2399 γυναῖκα,

2315 2417 2451 2488 μετὰ
2499 2416 2560 2492 τὸ
2601 2416 2888 2488 μιανθῆναι
2918 2419 3109 2490 αὐτὴν,
3138 2418 3219 2472 ὃτι
3246 2418 3525 2490 βδέλυγμά
3549 2422 3675 2473 ἐστιν
3697 2422 3804 2473 ἐναν-

2309 2508 2421 2560 τίον
2466 2508 2668 2577 Κυρίου
2707 2507 2799 2560 τοῦ
2827 2507 2959 2561 Θεοῦ
2994 2526 3113 2571 σου,
3144 2511 3238 2561 καὶ
3262 2510 3324 2562 ού
3378 2511 3595 2579 μιάνητε
3616 2512 3696 2581 τὴν
3716 2511 3799 2582 γῆν,

2311 2598 2375 2667 ῆν
2423 2597 2625 2667 Κύριος
2673 2598 2702 2649 6
2747 2598 2878 2661 Θεὸς
2925 2598 3079 2666 ὑμῶν
3108 2599 3321 2652 δίδωσιν
3370 2600 3498 2669 ύμῖν
3527 2602 3579 2652 ἐν
3606 2601 3797 2670 κλήρῳ.»

2311 2689 2422 2760 Τὴν
2448 2689 2557 2760 γὰρ
2596 2692 2681 2742 ἐπ’
2709 2691 2910 2752 αἰτίαις
2930 2690 3174 2758 εὐλόγοις
3199 2692 3398 2761 ἀνδρὸς
3424 2691 3801 2762 διεσχοινισμένην

2309 2781 2404 2833 καὶ
2441 2779 2748 2834 ἀνατλᾶσαν
2779 2780 2933 2851 ὕϐριν
2962 2782 3060 2851 τὴν
3090 2781 3178 2849 ὑφ’
3200 2782 3397 2852 ἑτέρῳ,
3447 2784 3649 2851 γνήσιον
3684 2784 3801 2833 mi-

2310 2870 2431 2924 σθαι
2462 2871 2728 2935 σύνοικον,
2762 2872 2863 2925 οὐκ
2908 2872 3169 2941 ἀσφαλὲς,
3202 2873 3407 2943 μᾶλλον
3436 2873 3491 2926 δὲ
3529 2875 3612 2927 καὶ
3631 2872 3799 2926 είσάπαν

2312 2962 2540 3033 ἀμαθές.
2576 2982 2593 3014 ι
2617 2963 2676 3017 '0
2706 2962 2815 3034 γὰρ
2845 2964 3112 3033 κατέχων,
3151 2964 3305 3035 φησὶ,
3353 2965 3633 3035 μοιχαλίδα.
3666 2966 3799 3034 ἄφρων

2308 3056 2403 3109 καὶ
2428 3056 2683 3126 ἀσεϐής.»
2733 3056 2944 3127 Ὠσπερ
2984 3056 3043 3109 δέ
3088 3058 3403 3126 ἀποφάσκει
3465 3058 3571 3119 τοῖς
3613 3054 3800 3125 ἐμφανές

629 3150 717 3204 sic
739 3166 935 3204 rursus
979 3166 1091 3204 non
1114 3153 1390 3221 permittit
1435 3160 1497 3206 ut
1538 3152 1790 3216 honesta,
1825 3163 2085 3222 tanquam
2114 3154 2199 3207 in-

2310 3148 2552 3217 αἰσχροῖς
2590 3146 2686 3199 καὶ
2721 3146 3106 3217 ἀναμφιὸόλως
3144 3147 3620 3217 κατεγνωσμένοις,
3663 3146 3800 3211 16h;-

629 3241 858 3296 honesta
880 3241 1011 3305 sint,
1041 3258 1364 3298 accusemus
1388 3262 1400 3297 :
1452 3259 1553 3313 par
1576 3243 1724 3297 enim
1783 3252 2070 3313 peccatum
2093 3252 2198 3310 est,

629 3330 686 3385 id
712 3331 1077 3387 adamandum
1106 3342 1325 3402 putare,
1363 3334 1510 3404 quod
1533 3333 1699 3404 284
1728 3332 1916 3403 fugere
1946 3342 2197 3403 praestat;

627 3432 685 3478 et
710 3424 778 3477 ad
809 3425 943 3479 illud
999 3427 1153 3480 nullo
1192 3426 1397 3480 affectu
1449 3425 1788 3496 permoveri,
1824 3426 1971 3494 quod
2027 3426 2201 3481 vitare

631 3522 790 3583 turpe
828 3522 931 3569 est.
980 3533 999 3565 σ
1024 3515 1117 3569 Vae
1164 3515 1332 3577 enim,
1367 3514 1462 3577 ait,
1496 3514 1590 3583 qui
1634 3512 1818 3567 dicitis
1859 3514 2017 3568 dulce
2051 3530 2201 3569 ama-

629 3621 773 3669 rum,
801 3614 857 3659 et
878 3621 1128 3660 amarum
1160 3605 1354 3670 dulce;
1404 3605 1610 3659 bonum
1635 3604 1861 3669 malum,
1904 3614 1962 3659 et
1997 3606 2200 3660 malum

630 3697 864 3762 bonum;
890 3697 983 3767 qui
1033 3696 1243 3766 ponitis
1299 3698 1478 3751 lucem
1505 3696 1782 3761 tenebras,
1845 3704 1901 3752 et
1946 3699 2201 3753 tenebras

630 3788 813 3842 lucem
847 3788 913 3841 ⁶¹.
937 3807 954 3838 ι
988 3787 1159 3857 Igitur
1189 3788 1462 3842 asciscere
1486 3786 1671 3841 denuo
1711 3787 2051 3855 repudiatam
2089 3778 2225 3843 non

628 3879 993 3949 sinit;neque
1038 3890 1221 3934 tamen
1268 3878 1511 3933 vicissim
1556 3880 1847 3949 permittit,
1899 3889 1996 3944 ut,
2037 3881 2205 3934 rebus

628 3972 871 4025 nondum
896 3971 1292 4035 condemnatis,
1311 3971 1545 4040 quadam
1573 3970 1917 4040 vituperandi
1947 3971 2203 4025 facilitate

628 4064 885 4135 injuriam
911 4063 1241 4119 inferamus:
1270 4064 1349 4118 sic
1376 4063 1524 4117 enim
1549 4062 1628 4116 ait
1650 4076 1880 4115 rursus:
1916 4081 1934 4111 τ
1952 4060 2109 4126 Quod
2155 4060 2199 4113 si

626 4157 752 4226 quis
801 4157 1077 4225 acceperit
1121 4170 1369 4221 uxorem,
1401 4161 1459 4209 et
1510 4154 1845 4208 habitaverit
1880 4168 2004 4206 cum
2034 4166 2119 4214 ea,
2149 4158 2204 4205 et

625 4247 804 4303 oderit
825 4262 967 4311 eam,
998 4257 1055 4302 et
1082 4247 1326 4315 imponat
1371 4245 1423 4301 ei
1453 4245 1764 4300 occasionis
1794 4244 1983 4307 verba,
2012 4249 2069 4296 et
2103 4242 2202 4296 de—

627 4341 816 4395 tulerit
838 4356 958 4395 eam
994 4339 1062 4393 de
1093 4341 1238 4403 malo
1280 4338 1527 4401 nomine,
1581 4345 1637 4391 et
1671 4335 1904 4391 dixerit:
1964 4335 2202 4391 Uxorem

626 4430 769 4484 hanc
805 4431 1012 4501 accepi,
1047 4440 1104 4485 et
1124 4430 1392 4485 accedens
1421 4429 1489 4482 ad
1520 4442 1663 4491 eam,
1707 4442 1818 4481 non
1860 4426 2044 4480 inveni
2087 4425 2205 4495 ejus

2306 3237 2528 3307 ήδεσθαι
2556 3238 2687 3303 δεῖν,
2709 3238 2851 3292 οὕτω
2869 3238 2933 3307 δὴ
2952 3238 3114 3292 πάλιν
3137 3240 3237 3292 οὐκ
3265 3240 3331 3309 ἐᾷ
3362 3237 3432 3291 τά
3466 3240 3621 3308 σεμνά
3643 3237 3799 3291 sum.

2301 3328 2434 3392 λειν,
2487 3328 2564 3393 ὡς
2612 3330 2844 3399 ἄσεμνα.
2896 3331 2984 3383 Ἑν
3038 3330 3137 3400 ῐσῳ
3163 3331 3272 3402 γὰρ
3317 3330 3670 3401 πλημμελείας
3700 3330 3799 3398 λόγῳ

2303 3421 2546 3474 κείσεται
2567 3421 2627 3473 τὸ
2649 3421 3036 3492 φιλοστοργίας
3086 3422 3291 3488 ἀξιοῦν,
3323 3421 3358 3474 ὅ
3397 3421 3604 3490 φεύγειν
3621 3421 3797 3490 ἄμεινον,

2303 3514 2398 3566 καὶ
2428 3513 2489 3565 τὸ
2522 3511 2814 3575 διαθέσεως
2846 3515 3195 3583 ἀποστερεῖν,
3222 3513 3251 3566 ὃ
3280 3512 3644 3584 παραιτεῖσθαι
3666 3510 3796 3579 φόϐος.

2315 3624 2331 3655 ι
2362 3604 2497 3658 Οὐαὶ
2529 3604 2656 3675 γὰρ,
2684 3606 2868 3675 φησὶν,
2904 3607 2953 3658 οί
2996 3605 3245 3673 λέγοντες
3266 3604 3326 3658 τὸ
3351 3606 3518 3673 γλυκὺ
3544 3603 3722 3674 πικρὸν,
3734 3602 3798 3654 καὶ

2306 3698 2365 3750 τὸ
2399 3697 2593 3768 πικρὸν
2618 3695 2820 3764 γλυκύ·
2852 3696 2915 3750 τδ
2942 3697 3107 3750 καλὸν
3147 3698 3409 3767 πονηρὸν,
3440 3697 3605 3750 καὶτὸ
3626 3693 3796 3762 πονηρὸν

2306 3787 2495 3840 καλόνο
2551 3789 2600 3840 οί
2649 3787 2887 3849 τιθέντες
2924 3787 2984 3839 τὸ
3040 3787 3156 3856 φῶς
3195 3787 3407 3850 σκότος,
3452 3787 3539 3840 καὶ
3572 3788 3627 3838 τὸ
3665 3784 3797 3843 σκύτος

2303 3880 2437 3948 φῶς.
2454 3897 2471 3930 ι
2502 3878 2710 3931 Οὐκοῦν
2728 3876 3083 3931 εἰσποιεῖσθαι
3109 3879 3208 3948 μὲν
3230 3880 3310 3941 είς
3342 3874 3496 3941 αὖθις
3515 3879 3602 3947 τήν
3624 3890 3796 3945 γεγενη·

2307 3968 2472 4037 μένην
2505 3967 2871 4038 ἀπόπεμπτον
2925 3969 3026 4021 οὐκ
3076 3970 3163 4040 ἐᾷ,
3216 3968 3340 4022 οὔτε
3403 3968 3502 4039 μὴν
3528 3968 3683 4037 ἐφίησι
3721 3967 3798 4025 τοῖς

2302 4060 2454 4113 οὔπω
2482 4060 2952 4130 κατεγνωσμένοις
2990 4060 3060 4112 τὰ
3095 4063 3159 4113 ἐκ
3184 4060 3493 4128 φιλολογίας
3516 4055 3795 4129 ἐπιφέρεσθαι

2306 4151 2498 4221 βλάϐη.
2531 4153 2676 4221 Ἔφη
2700 4151 2757 4203 δέ
2780 4151 2923 4205 οὕτω
2946 4151 3125 4204 πάλιν·
3156 4169 3175 4202 ι
3200 4150 3324 4205 Ἐὰν
3346 4151 3405 4204 δέ
3430 4167 3510 4212 τις
3524 4148 3643 4219 λάϐῃ
3665 4149 3796 4215 γυναί-

2303 4260 2396 4308 κα,
2429 4245 2523 4296 καὶ
2548 4244 2844 4315 συνοικήσῃ
2869 4243 3027 4313 αὐτῇ,
3054 4242 3150 4296 καὶ
3180 4244 3386 4313 μισήσῃ
3416 4242 3592 4311 αὐτὴν,
3616 4240 3690 4293 καὶ
3712 4240 3795 4290 ἐπι-

2304 4331 2369 4403 Θῇ
2399 4334 2536 4404 αὐτῇ
2579 4334 3041 4404 προφασιστικοὺς
3070 4332 3283 4401 λόγους,
3311 4333 3407 4385 καὶ
3450 4329 3711 4398 κατενέγκῃ
3731 4326 3795 4377 αὖ·

2302 4424 2403 4494 τῆς
2449 4425 2621 4494 δνομα
2650 4424 2905 4495 πονηρὸν,
2951 4425 3045 4477 καὶ
3081 4424 3237 4494 λέγῃ,
3268 4424 3383 4493 Τὴν
3406 4424 3619 4491 γυναῖκα
3646 4416 3794 4484 ταύτην

626 4523 953 4592 virginalia:
986 4530 1042 4576 et
1058 4523 1335 4592 accipiens
1355 4532 1511 4591 pater
1532 4520 1729 4590 puella:
1754 4526 1809 4573 et
1835 4527 2032 4582 mater,
2067 4531 2197 4585 pro-

2310 4514 2526 4585 εῖληφα,
2556 4514 2652 4567 καὶ
2693 4513 3008 4585 προσελθὼν
3038 4515 3175 4585 αὐτῇ
3214 4515 3312 4583 οὑχ
3352 4513 3553 4583 εὕρηκα
3586 4508 3721 4577 αὐτῆς
3748 4505 3795 4556 τὰ

641 4614 855 4669 ducent
884 4614 1171 4685 virginalia
1205 4614 1399 4683 puellae
1428 4612 1499 4667 ad
1531 4620 1781 4667 senatum
1840 4610 1897 4663 in
1946 4618 2161 4679 portam
2188 4649 2202 4673 ,

625 4713 685 4758 et
724 4704 873 4758 dicet
936 4714 1094 4774 pater
1153 4704 1349 4773 puellae
1391 4702 1458 4756 ad
1510 4713 1790 4755 senatum:
1843 4701 2034 4754 Filiam
2064 4700 2207 4753 hanc

635 4808 816 4847 meam
840 4792 968 4848 dedi
999 4793 1209 4847 homini
1248 4793 1379 4846 huic
1411 4806 1673 4856 uxorem;
1726 4799 1783 4845 et
1814 4805 1938 4843 cum
1966 4789 2044 4843 illi
2079 4788 2207 4843 odio

626 4895 796 4950 esset,
837 4900 985 4939 nunc
1012 4885 1127 4955 ipse
1152 4884 1387 4954 imponit
1408 4884 1487 4937 illi
1514 4884 1819 4938 occasionis
1869 4882 2063 4945 verba,
2117 4881 2203 4935 di-

625 4992 788 5032 cens:
829 4976 950 5031 Non
980 4976 1167 5031 inveni
1195 4975 1320 5030 filiae
1360 4984 1466 5029 tuae
1489 4974 1801 5045 virginalia:
1842 4983 1897 5028 et
1917 4988 2044 5027 ecce
2075 4972 2192 5026 vir-

625 5064 825 5134 ginalia
850 5064 974 5119 filiae
1012 5079 1167 5119 meae.
1212 5064 1280 5119 Et
1323 5064 1677 5133 explicabunt
1700 5063 1924 5133 pallium
1970 5062 2027 5116 in
2059 5077 2193 5117 con-

625 5163 812 5223 spectu
845 5164 1069 5209 senatus
1100 5155 1340 5210 civitatis
1381 5154 1561 5219 illius;
1606 5161 1663 5209 et
1684 5152 1916 5221 accipiet
1972 5161 2195 5208 senatus

626 5244 865 5301 civitatis
881 5245 1031 5302 illius
1055 5247 1336 5301 hominem
1370 5247 1544 5311 illum,
1568 5253 1625 5300 et
1650 5244 2022 5299 verberabunt
2042 5260 2191 5310 eum,

627 5340 789 5402 atque
832 5336 1144 5391 multabunt
1198 5343 1421 5391 centum
1480 5335 1660 5400 siclis;
1707 5346 1766 5389 et
1810 5333 2021 5389 dabunt
2055 5334 2196 5405 patri

626 5422 1066 5490 adolescentulae,
1102 5428 1231 5496 quia
1254 5427 1486 5498 protulit
1522 5442 1725 5482 nomen
1775 5425 1979 5480 malum
2029 5440 2196 5495 super

626 5511 840 5581 virgine
857 5511 1197 5580 lsraelitide;
1226 5523 1283 5571 et
1309 5516 1482 5586 ipsius
1506 5516 1616 5571 erit
1650 5529 1825 5581 uxor;
1852 5530 1963 5569 non
1995 5515 2197 5585 poterit

625 5602 909 5661 dimittere
943 5618 1063 5660 eam
1089 5616 1355 5675 perpetuo
1390 5616 1635 5677 tempore
1663 5608 1727 5659 ⁸⁸.
1756 5627 1772 5657 ι
1808 5606 1978 5661 Audis
2003 5607 2192 5677 igitur,

2303 4605 2602 4676 παρθένιαο
2628 4606 2724 4658 καὶ
2754 4604 2936 4659 λαὸὼν
2964 4607 2992 4659 6
3018 4605 3201 4676 πατὴρ
3224 4605 3322 4674 τῆς
3348 4602 3531 4665 παιδὸς
3554 4601 3635 4654 καὶ
3666 4602 3692 4669 ή
3724 4597 3796 4667 μή·

2309 4714 2437 4768 τηρ,
2473 4696 2741 4761 ἐξοίσουσι
2787 4696 2857 4750 τὰ
2905 4696 3172 4768 παρθένια
3215 4696 3317 4764 τῆς
3367 4694 3544 4756 παιδὸς
3582 4692 3694 4761 πρδς
3726 4689 3795 4753 τὴν

2302 4800 2592 4869 γερουσίαν
2624 4797 2716 4849 ἐπί
2739 4795 2836 4866 τὴν
2868 4796 3065 4867 πύλην,
3084 4797 3178 4849 καὶ
3207 4796 3325 4865 ἐρεῖ
3352 4797 3381 4848 6
3410 4793 3578 4862 πατὴρ
3602 4790 3684 4858 τῆς
3707 4802 3795 4837 παι·

2302 4898 2389 4961 δὸς
2412 4901 2475 4969 τῇ
2505 4897 2795 4969 γερουσίᾳ·
2829 4897 2940 4968 Τὴν
2967 4895 3243 4967 θυγατέρα
3293 4912 3393 4965 μου
3424 4894 3609 4962 ταύτην
3641 4888 3794 4941 δέδωκα

2298 5000 2378 5071 τῷ
2409 4998 2680 5072 ἀνθρώπῳ
2707 5000 2880 5071 τούτῳ
2902 5003 3153 5070 γυναῖκα,
3190 4999 3288 5054 καὶ
3319 5000 3544 5069 μισήσας
3562 4991 3702 5061 αὐτὴν
3725 4985 3791 5041 νῦν

2299 5096 2473 5170 οὗτος,
2520 5101 2829 5173 ἐπιτίθησιν
2860 5103 2995 5173 αὐτῇ
3036 5099 3493 5171 προφασιστικοὺς
3542 5086 3793 5161 λόγουςυλέ’

2309 5218 2444 5271 των,
2499 5201 2613 5274 Οὐχ
2646 5202 2859 5274 εὕρηκα.
2904 5205 2970 5273 τῇ
3011 5202 3239 5274 θυγατρί
3290 5218 3381 5254 σου
3428 5195 3687 5268 παρθένια·
3729 5188 3793 5241 καὶ

2302 5301 2477 5355 ταῦτα
2499 5302 2569 5357 τὰ
2598 5301 2869 5374 παρθένια
2900 5301 3001 5371 τῆς
3029 5300 3300 5371 θυγατρός
3337 5317 3454 5369 μου.
3482 5297 3584 5349 Καὶ
3614 5286 3796 5347 ἀναπτύ·

2306 5399 2452 5464 ξουσι
2481 5401 2540 5455 τὸ
2565 5401 2778 5472 ίμάτιον
2798 5400 3037 5455 ἐναντίον
3064 5401 3162 5471 τῆς
3190 5400 3471 5471 γερουσίας
3500 5396 3587 5465 τῆς
3618 5391 3793 5447 πόλεως.

2305 5500 2396 5553 καί
2428 5500 2658 5572 λήψεται
2690 5502 2725 5571 ή
2766 5500 3023 5573 γερουσία
3056 5501 3154 5570 τῆς
3184 5498 3387 5559 πόλεως
3414 5494 3609 5560 ἐκείνης
3640 5487 3710 5541 τὸν
3728 5484 3795 5537 ἄν·

2305 5602 2522 5673 Θρωπον
2540 5605 2764 5669 ἐκεῖνον,
2803 5602 2898 5655 καὶ
2926 5599 3302 5653 παιδεύσουσιν
3332 5595 3507 5659 αὑτὸν,
3535 5590 3615 5644 καὶ
3634 5580 3792 5656 ζημιώ-

736 5776 783 5807 ⁸⁶¹
812 5778 988 5836 Levit.
1028 5796 1175 5847 mn,
1222 5782 1403 5838 20-22.
1448 5846 1461 5855 .
1498 5786 1543 5816 ⁸⁸³
1569 5785 1729 5839 Deut.
1755 5800 1897 5848 xxiv,
1929 5784 2043 5837 1-4.
2147 5784 2192 5815 ⁸⁸
2233 5784 2392 5839 Prov.
2418 5800 2564 5847 xvm,
2591 5783 2679 5838 22.
2780 5782 2950 5837 "15a.
2992 5777 3153 5847 v,20.
3236 5776 3277 5808 “
3302 5775 3452 5830 Deut.
3482 5785 3597 5833 nn,
3652 5753 3787 5823 {3-19.
