3982 6502
223 409 334 467 535

901 401 989 455 DE
1025 394 1464 453 ADORATIONE
1503 393 1570 448 IN
1605 390 1872 447 SPIRITU
1915 389 2002 444 ET
2042 389 2406 445 V’ERITATE.
2450 391 2577 446 LIB.
2619 393 2750 447 VIII.

3365 395 3470 454 386

223 539 414 576 σουσιν
439 519 602 574 αὑτὸν
629 514 824 570 ἑκατὸν
858 513 1096 577 σίκλους,
1128 511 1224 564 καὶ
1249 509 1480 562 δώσουσι
1518 507 1596 577 τῷ
1636 504 1800 575 πατρὶ

1905 502 2369 572 quemadmodum
2391 503 2537 559 haud
2550 505 2772 574 impune
2799 504 3002 561 dimitti
3034 523 3064 562 a
3105 511 3341 566 concilio
3354 515 3475 585 jus-

219 614 325 684 τῆς
355 611 616 673 νεάνιδος,
649 609 732 660 ὅτι
764 605 1056 675 ἐξήνεγκεν
1082 602 1256 670 δνομα
1283 600 1517 670 πονηρὸν
1545 599 1637 652 ἐπὶ
1663 615 1803 668 παρ-

218 705 381 759 θένον
414 701 758 773 Ἰσραηλῖτιν,
795 697 890 750 καὶ
932 693 1098 749 αὑτοῦ
1140 693 1294 746 ἔσται
1329 692 1490 762 γυνή.
1533 691 1609 744 Ού
1653 690 1805 760 δυνή-

221 812 382 849 σεται
411 791 788 858 ἐξαποστεῖλαι
810 787 979 858 αὐτὴν
993 787 1084 840 τὸν
1094 786 1309 840 ἅπαντα
1328 784 1536 855 χρόνον.
1568 802 1585 872 ι
1613 781 1805 852 Συνίης

220 881 321 939 οὖν
350 887 498 948 ὅπως
523 885 623 936 οὐκ
659 879 892 951 ἀζήμιον
919 875 1198 938 παντελῶς
1234 873 1668 928 ἀπαλλάττεσθαι
1694 873 1804 926 δεῖν

218 975 318 1029 τοῦ
344 974 639 1045 συνεδρίου,
672 970 1010 1043 προστέταχε
1042 968 1134 1021 τὸν
1160 968 1361 1029 ἀδίκως
1385 966 1804 1036 ὀλιγωρήσαντα

219 1064 327 1134 τῆς
367 1063 519 1117 οὔπω
549 1058 1025 1129 κατεγνωσμένης.
1054 1057 1267 1129 Χρῆναι
1312 1055 1422 1127 γὰρ
1460 1051 1614 1126 οἴμαι
1657 1071 1807 1125 περι-

218 1154 386 1208 έπειν
410 1150 468 1207 εὖ
494 1153 641 1223 μάλα
669 1151 730 1204 τὸ
755 1149 959 1217 ἀγαθὸν
984 1145 1082 1217 (1),
1111 1147 1205 1200 καὶ
1229 1146 1303 1217 μὴ
1326 1146 1599 1216 ἁψικόρως
1631 1145 1805 1198 ῐεσθαι

220 1245 364 1314 πρὸς
396 1242 455 1295 τὸ
496 1240 685 1294 δοκοῦν
739 1239 800 1291 τὸ
834 1235 1031 1307 σεμνὸν
1067 1235 1142 1298 ὡς
1186 1237 1421 1306 ἄσεμνον
1454 1236 1806 1302 συκοφαντεῖν

216 1335 562 1406 ᾑρημένους·
598 1331 894 1403 πειρᾶσθαι
943 1329 1016 1382 δὲ’
1051 1328 1250 1399 μᾶλλον
1293 1326 1477 1389 αἰδοῦς
1505 1325 1709 1390 ἀξιοῦν,
1745 1325 1806 1378 τὸ

218 1428 391 1478 παντὶ
423 1423 780 1494 προσκεῖσθαι
831 1419 1001 1489 καλῷ,
1032 1420 1126 1472 καὶ
1160 1422 1272 1482 τοῖς
1320 1417 1563 1488 ἀρίστοις
1609 1418 1690 1480 είς
1723 1417 1807 1470 εὑο

219 1517 436 1588 φημίαν
487 1513 894 1568 συνδιαιτᾶσθαι
941 1511 1134 1580 φιλεῖν.
1201 1510 1259 1563 '0
1301 1510 1410 1580 γάρ
1454 1526 1533 1562 τοι
1582 1508 1683 1572 τὰς
1719 1509 1806 1563 διὰ

220 1611 393 1680 μέσου
423 1608 529 1660 τῶν
582 1604 924 1676 πραγμάτων
951 1603 1182 1672 ἀκηδίας
1213 1601 1287 1671 (5'2)
1327 1603 1389 1654 ού
1425 1600 1802 1672 προσιέμενος,

213 1700 313 1752 τὸν
348 1698 434 1767 ἐφ’
463 1694 543 1760 οἷς
587 1696 654 1751 ἂν
689 1697 900 1764 γένοιτο
935 1693 1114 1757 καλῶς
1163 1694 1524 1764 ἀποπεραίνει
1581 1692 1801 1746 σκοπόν.

219 1794 350 1845 Ὀτι
399 1793 458 1845 δὲ
505 1787 646 1845 εἶναι
693 1789 963 1859 προσήκει
1017 1786 1290 1849 τοιούτους
1339 1787 1485 1856 ἡμᾶς
1542 1785 1803 1856 ὑπεδήλου

221 1881 390 1935 πάλιν
462 1882 490 1933 6
563 1879 728 1948 νόμος
795 1875 1096 1944 ὑποψωνῶν
1128 1891 1142 1906 ·
1187 1893 1206 1926 ι
1257 1875 1384 1928 Ἐὰν
1438 1875 1801 1946 οίκοδομήσῃς

217 1973 403 2027 οἰκίαν
452 1972 666 2041 καινὴν,
703 1971 949 2038 ποιήσεις
998 1967 1266 2037 στεφάνην
1299 1966 1378 2037 τῷ
1421 1965 1630 2037 δὼματί
1685 1984 1797 2022 σου.

216 2065 333 2119 Καὶ
367 2063 429 2118 οὑ
464 2064 708 2133 ποιήσεις
756 2061 916 2130 φόνον
964 2060 1022 2112 ὲν
1074 2062 1140 2129 τῇ
1179 2057 1326 2129 οἰκίᾳ
1367 2074 1482 2122 σου,
1531 2057 1625 2112 έάν
1659 2058 1800 2129 πέσῃ

221 2159 257 2210 ὁ
315 2155 495 2209 πεσὼν
549 2154 637 2206 ἐπ’
679 2151 864 2205 αὑτοῦ,
920 2168 941 2204 ι
981 2151 1188 2220 Ὥσπερ
1218 2149 1327 2218 γάρ
1379 2149 1527 2200 ἐστιν
1563 2147 1802 2218 ἀκαλλὴς

216 2250 367 2304 οἰκία
432 2248 638 2307 ταινίας
683 2246 885 2315 ἐρήμη,
943 2242 1035 2294 καὶ
1096 2239 1202 2292 τῶν
1272 2236 1668 2308 ὑστεροδομίων
1703 2237 1802 2288 οὐκ

216 2338 673 2409 ἐπενηνεγμένων
726 2337 863 2406 αὐτῇ
894 2374 910 2399 ,
951 2333 1042 2387 τὸν
1095 2331 1278 2394 αὑτὸν,
1344 2325 1518 2400 οἶμαι,
1563 2329 1798 2399 τρόπον,

213 2431 483 2489 ἀπίθανον
509 2428 706 2499 κομιδῆ
739 2427 845 2480 πᾶν
872 2425 1032 2496 ἔργον
1063 2425 1196 2494 ⁴ἡμῖν
1226 2421 1452 2489 ἀγαθὸν,
1481 2421 1528 2472 εί
1557 2421 1633 2490 μὴ
1663 2418 1801 2490 πρὸς

216 2527 396 2596 πέρας
427 2525 609 2592 ἄγοιτο
637 2522 696 2576 τὸ
725 2520 935 2591 πρέπον
960 2515 1130 2587 αὐτῷ’
1166 2517 1261 2569 καὶ
1292 2514 1353 2567 ού
1389 2513 1549 2584 μέχρι
1571 2512 1798 2577 τούτων,

211 2615 336 2672 ἀλλ’
368 2616 554 2685 ἕψεται
575 2615 687 2676 τοῖς
723 2610 1026 2683 ῥᾳθυμοῦσι
1049 2608 1144 2662 καὶ
1171 2606 1436 2670 κίνδυνος.
1468 2603 1639 2657 Τοῦτο
1668 2602 1797 2674 γὰρ,

222 2707 405 2779 οἶμαι,
441 2707 554 2760 ἔστι
586 2705 646 2758 τὸ
664 2701 1002 2758 κατολισθεῖν
1034 2702 1098 2754 ἐκ
1118 2699 1219 2769 τῆς
1249 2698 1426 2761 οίκίας
1462 2696 1603 2750 τινά.
1623 2714 1642 2747 ι
1666 2695 1801 2748 Οὐαὶ

215 2801 385 2870 γὰρ.»
408 2793 622 2867 φησ“ιν,‹
655 2797 703 2849 οἱ
734 2792 1011 2855 ποιοῦντες
1028 2791 1090 2843 τὸ
1110 2789 1272 2862 ἔργον
1295 2786 1501 2857 Κυρίου
1525 2785 1793 2857 ἀμελῶς.»

214 2892 321 2946 Διά
352 2890 558 2961 μυρίων
581 2884 673 2943 οὖν
704 2888 843 2940 ὅσων
875 2886 904 2938 6
937 2885 1098 2956 νόμος
1127 2884 1274 2954 ἡμᾶς
1303 2881 1628 2952 άποκομίζει
1663 2880 1800 2950 πρὸς

211 2984 279 3037 τὺ
309 2981 604 3052 συμφέρον.
640 2979 746 3033 Καὶ
779 2977 984 3050 τροφὴν
1014 2977 1114 3048 μὶν
1152 2975 1304 3028 οῦπω
1333 2973 1669 3046 παρατίθησι
1701 2971 1799 3044 τὴν

211 3064 670 3145 ἀνδροπρεπῆ’τε
696 3071 790 3124 καὶ
829 3068 1222 3140 στερεωτέραν,
1253 3067 1485 3134 γάλακτι
1511 3064 1572 3118 δὲ
1605 3064 1797 3135 ὥσπερ

212 3166 448 3237 νηπίους
480 3163 637 3225 ὄντας
685 3160 1027 3230 παιδοκομεῖ,
1066 3159 1194 3222 τοὺς
1243 3157 1637 3228 ἀρχαιοτέρους
1684 3155 1799 3208 δια-

1831 1865 1872 1920 B
1901 1863 2040 1920 lario
2106 1875 2201 1922 tuo
2244 1886 2257 1921 :

1903 594 2061 657 serit,
2091 594 2343 663 quisquis
2365 595 2566 665 injuria
2608 597 2853 650 nondum
2882 599 3299 656 condemnatam
3340 618 3478 659 con-

1906 683 2258 753 tempsisset?
2290 685 2388 739 Est
2409 687 2559 740 enim
2585 688 2854 758 probitas,
2881 705 3003 746 mea
3029 697 3322 760 sententia,
3347 696 3478 753 dili-

1905 775 2224 846 gentissime
2277 779 2694 847 amplectenda,
2722 797 2900 851 neque
2931 783 3042 838 cito
3091 786 3344 843 satietate
3389 804 3482 844 ca-

1905 874 2030 936 ptos
2053 868 2104 922 id
2130 869 2288 937 sequi
2332 879 2569 939 oportet,
2595 872 2742 940 quod
2782 874 2998 930 libitum
3032 875 3222 944 fuerit,
3269 897 3334 935 ac
3360 898 3478 936 rem

1907 959 2218 1024 honestam,
2272 967 2533 1031 tanquam
2586 962 2932 1021 inhonestam
2966 969 3330 1039 calumniari;
3382 975 3478 1030 sed

1907 1051 2094 1118 potius
2115 1049 2462 1115 enitendum,
2506 1061 2568 1106 ut
2597 1054 2852 1110 omnibus
2874 1060 3152 1126 praeclaris
3193 1063 3360 1118 rebus
3379 1064 3478 1118 ad-

1911 1143 2143 1207 haerere,
2192 1153 2251 1198 et
2289 1160 2414 1199 cum
2465 1145 2533 1200 iis
2577 1162 2698 1215 qua:
2724 1149 2791 1202 ad
2815 1149 3032 1206 laudem
3077 1156 3480 1214 conciliandam

1907 1241 2034 1286 sunt
2057 1235 2532 1301 przestantissima,
2571 1240 3025 1296 consuetudinem
3078 1244 3304 1311 habere,
3354 1250 3480 1318 plu-

1907 1322 2030 1376 rimi
2052 1323 2358 1391 faciamus;
2397 1341 2524 1381 nam
2574 1328 2667 1397 qui
2713 1330 2955 1396 taedium,
3004 1335 3150 1402 quod
3196 1337 3254 1390 in
3294 1340 3480 1396 medio

1905 1414 2183 1468 actionum
2208 1431 2373 1470 cursu
2411 1432 2530 1473 sese
2555 1419 2855 1488 interponit
2881 1423 3104 1479 minime
3127 1427 3385 1496 admittit,
3409 1433 3478 1498 is,

1907 1523 2266 1577 quascunque
2302 1525 2391 1563 res
2437 1511 2676 1580 agendas
2701 1517 3027 1584 susceperit,
3065 1521 3294 1587 optime,
3330 1524 3480 1592 quod

1907 1598 2014 1653 sibi
2031 1600 2338 1668 proposuit,
2366 1601 2631 1656 absolvet.
2662 1603 2794 1658 Esse
2826 1614 3013 1661 autem
3031 1624 3132 1664 nos
3159 1611 3294 1667 tales
3317 1628 3481 1684 opor-

1908 1698 2063 1753 tere,
2123 1690 2214 1744 lex
2261 1690 2454 1744 eadem
2511 1707 2704 1748 rursus
2739 1693 3005 1751 indicavit
3051 1700 3327 1756 clamans:
3379 1703 3480 1760 «Si

1903 1778 2261 1835 aedilicaveris
2303 1781 2527 1836 domum
2583 1800 2816 1851 novam,
2866 1787 3036 1844 facies
3089 1807 3350 1848 coronam
3387 1809 3482 1850 so-

2321 1876 2378 1923 et
2419 1886 2530 1924 non
2579 1870 2748 1929 facies
2797 1875 3000 1932 aedem
3047 1878 3103 1933 in
3145 1880 3309 1935 domo
3363 1890 3479 1950 tua,

1907 1956 1953 2008 si
2009 1957 2282 2027 quispiam
2351 1960 2600 2016 cadendo
2665 1965 2930 2021 ceciderit
2994 1969 3063 2023 ab
3129 1984 3198 2026 eo
3249 1972 3310 2026 ⁸³.
3344 1993 3362 2025 ι
3410 1975 3482 2031 Ut

1907 2046 2056 2101 enim
2121 2049 2319 2105 domus
2389 2068 2594 2108 corona
2643 2071 2890 2123 carens,
2954 2067 3012 2115 et
3065 2060 3299 2133 fastigiis
3369 2081 3480 2120 non

1905 2140 2219 2210 impositis,
2264 2143 2525 2200 deformis
2591 2157 2716 2215 est;
2774 2151 2854 2205 sic
2907 2152 3095 2208 itidem
3163 2157 3325 2226 285
3378 2159 3480 2212 ab-

1906 2235 2134 2289 surdum
2185 2251 2315 2292 sane
2363 2247 2448 2293 est
2508 2255 2671 2295 omne
2721 2251 2974 2297 nostrum
3016 2260 3155 2315 Opus
3222 2247 3428 2303 bonum
3457 2287 3479 2314 ,

1906 2327 2012 2380 nisi
2043 2327 2109 2380 ad
2140 2327 2304 2382 finem
2335 2330 2441 2384 sibi
2463 2332 2881 2388 convenientem
2903 2336 3272 2405 perducatur;
3300 2354 3484 2410 neque

1907 2435 2038 2474 vero
2076 2419 2180 2475 hac
2223 2421 2277 2475 in
2317 2437 2376 2476 re
2406 2424 2622 2494 jactura
2670 2425 2954 2492 consistet,
2997 2428 3096 2483 sed
3142 2431 3484 2502 negligentes

1905 2511 2071 2565 etiam
2103 2513 2409 2581 periculum
2442 2526 2814 2586 consequetur
2847 2537 2860 2572 :
2892 2519 2998 2574 hoc
3022 2521 3171 2574 enim
3213 2530 3318 2588 est,
3357 2525 3482 2594 opi-

1905 2615 2027 2666 nor,
2054 2602 2166 2656 labi
2195 2604 2437 2674 aliquem
2467 2620 2535 2660 ex
2570 2606 2753 2662 domo.
2797 2627 2815 2660 ι
2859 2610 2950 2664 Va:
2987 2611 3158 2676 enim,
3199 2632 3217 2664 ι
3279 2613 3479 2685 inquit,

1913 2710 1931 2744 ι
1964 2694 2057 2763 qui
2082 2693 2265 2750 facitis
2306 2712 2444 2766 opus
2468 2698 2562 2752 Dei
2605 2699 2948 2770 negligenter
2966 2701 3030 2755 “.
3075 2722 3092 2752 ι
3127 2702 3483 2775 Quampluri-

1904 2784 2011 2840 mis
2046 2785 2214 2857 igitur
2247 2788 2353 2842 viis
2388 2789 2476 2843 lex
2514 2789 2583 2843 ad
2621 2789 2678 2844 id
2735 2791 2882 2860 quod
2924 2794 3168 2863 expedit,
3205 2812 3307 2851 nos
3349 2814 3480 2868 per-

1904 2875 2059 2932 ducit
2085 2896 2098 2930 :
2123 2887 2180 2933 et
2219 2895 2402 2934 escam
2434 2881 2657 2950 quidem
2695 2885 2941 2938 nondum
2976 2887 3207 2956 apponit
3235 2889 3357 2944 viro
3391 2891 3479 2945 di-

1904 2981 2065 3036 gnam
2091 2977 2146 3022 et
2183 2969 2435 3034 solidam,
2482 2971 2579 3025 sed
2610 2971 2750 3027 lacte
2781 2974 3186 3043 quodammodo
3220 2985 3482 3049 tanquam

1903 3057 2086 3112 adhuc
2111 3057 2366 3124 infantes,
2401 3061 2656 3116 homines
2692 3062 2819 3118 illos
2847 3071 3065 3119 veteres
3104 3068 3301 3133 nutrit,
3340 3085 3480 3138 pau-

1904 3144 2058 3200 latim
2084 3149 2395 3217 provehens
2417 3150 2486 3204 ad
2526 3150 2735 3206 Christi
2759 3153 3102 3223 mysterium.
3135 3157 3268 3212 Esse
3294 3167 3480 3214 autem

696 3252 869 3323 βραχὺ
913 3212 1049 3322 πρὸς
1080 3250 1140 3302 τὸ
1173 3212 1426 3320 ’Χριστοῦ
1475 3212 1795 3319 μῦστήριον.

1901 3212 2475 3306 Ιοεεω-ερὶι-ἱιιιθιεω,
2502 3249 2579 3304 et,
2617 3240 2763 3310 quod
2797 3212 2866 3294 ad
2907 3243 3157 3298 umbram
3189 3253 3246 3300 et
3277 3212 3481 3318 figuras

216 3348 344 3402 Ὀτι
375 3347 484 3415 γὰρ
518 3343 884 3414 πνευματικὸς
926 3343 955 3394 ὁ
1000 3342 1184 3412 νόμος,
1218 3341 1313 3394 καὶ
1349 3341 1473 3394 ὅσον
1519 3339 1616 3409 μὲν
1663 3333 1799 3410 ἦκεν

212 3444 296 3504 si;
330 3441 486 3492 σκιὰν
519 3439 611 3492 καὶ
641 3437 866 3499 τύπους,
899 3435 1060 3489 οἱονεί
1090 3452 1205 3496 πως
1234 3434 1336 3487 οὐκ
1367 3432 1653 3503 ἐδώδιμος,
1674 3431 1799 3485 οὔτε

217 3537 330 3606 μὴν
365 3534 656 3599 ἀναγκαῖος
690 3532 770 3592 είς
803 3524 1179 3596 πνευματικὴν
1221 3524 1287 3578 ἂν
1319 3524 1528 3593 γένοιτο
1567 3523 1797 3596 τροφὴν,

213 3625 373 3678 ἔσται
402 3623 459 3676 δὲ
484 3620 745 3683 τοιοῦτος,
783 3619 832 3670 εί
865 3616 995 3685 γοῦν
1030 3613 1458 3685 μεταπλάττοιτο
1486 3612 1622 3683 πρὸς
1663 3611 1799 3665 θεω-

215 3716 344 3787 ρίαν
383 3711 783 3782 εύαγγελικὴν,
827 3709 925 3762 καὶ
961 3710 1040 3769 εἰς
1089 3706 1154 3758 τὸ
1194 3702 1429 3775 Χριστοῦ
1477 3704 1795 3774 μυστήριον,

216 3808 475 3877 συνήσεις
496 3802 555 3859 εὖ
587 3804 730 3874 μάλα
759 3800 1096 3872 γεγραφότος
1121 3798 1219 3852 ὡδὶ
1247 3795 1340 3849 τοῦ
1365 3795 1638 3864 πανσόφου
1670 3797 1799 3849 Μω-

214 3900 356 3960 σέως
373 3897 502 3967 περί
521 3894 706 3948 αὐτοῦ.
739 3894 883 3962 Ἔφη
914 3890 1022 3962 γὰρ
1058 3890 1118 3942 ὲν
1145 3888 1224 3958 τῷ
1261 3886 1604 3956 Λευιτικῷνιι
1631 3886 1796 3940 Ὅταν

210 3991 270 4044 δὲ
294 3988 542 4058 εἰσέλθῃς
565 3989 644 4050 είς
669 3987 765 4057 τὴν
785 3987 909 4054 γῆν,
935 3984 1000 4055 ἢν
1025 3981 1227 4052 Κύριος
1253 3982 1282 4032 6
1308 3979 1438 4042 Θεός
1467 3996 1560 4030 σου
1583 3977 1795 4030 δίδωσιν

215 4081 370 4151 ὑμῖν,
404 4079 497 4131 καὶ
537 4075 982 4146 καταψυτεύσητε
1019 4075 1126 4126 πᾶν
1171 4071 1326 4137 ξύλον
1361 4069 1658 4140 βρώσιμον,
1694 4085 1793 4120 πε-

217 4171 593 4241 ρικαθαριεῖτε
622 4169 718 4236 τὴν
747 4164 1087 4235 ἀκαθαρσίαν
1121 4161 1306 4216 αὑτοῦ·
1336 4165 1364 4214 6
1392 4161 1601 4231 καρπὸς
1630 4159 1792 4212 αὐτοῦ

213 4261 340 4331 τρία
367 4262 461 4329 ἔτη
497 4259 646 4310 ἔσται
673 4257 800 4327 ὑμῖν
829 4253 1298 4324 ἀπερικάθαρτος,
1331 4252 1390 4303 ού
1427 4249 1790 4321 βρωθήσεται.

211 4352 322 4405 Καὶ
351 4349 431 4419 τῷ
469 4349 578 4400 ἔτει
614 4347 692 4412 τῷ
724 4346 971 4416 τετάρτῳ
1003 4344 1154 4395 ἔσται
1195 4341 1301 4402 πᾶς
1330 4341 1357 4392 6
1390 4338 1600 4408 καρπὸς
1627 4337 1790 4389 αὑτοῦ

212 4445 386 4512 ἅγιος,
425 4441 634 4503 αἱνετδς
652 4437 731 4508 τῷ
753 4436 959 4509 Κυρίῳ.
1003 4436 1090 4488 Ἐν
1121 4434 1178 4486 δὲ
1204 4432 1281 4502 τῷ
1309 4431 1418 4484 ἔτει
1444 4431 1523 4500 τῷ
1558 4429 1791 4498 πέμπτῳ

1898 3326 2116 3391 attinet,
2145 3329 2551 3398 quodammodo
2597 3330 2746 3386 haud
2792 3333 3152 3399 esculentam,
3198 3351 3377 3406 neque
3409 3338 3481 3396 ad

1899 3417 2243 3487 spiritualem
2293 3421 2479 3476 cibum
2514 3423 2739 3490 utilem;
2792 3425 3061 3495 ejusmodi
3108 3437 3292 3483 autem
3337 3429 3496 3496 fore,.

1899 3509 1946 3563 si
1983 3511 2051 3564 ad
2079 3513 2599 3581 contemplationem
2631 3517 3024 3586 evangelicam,
3071 3525 3127 3574 et
3171 3519 3240 3574 ad
3272 3520 3480 3578 Christi

1899 3601 2221 3673 mysterium
2269 3603 2656 3672 transferatur,
2687 3615 2877 3676 aperte
2907 3608 3198 3682 intelliges,
3244 3629 3369 3668 cum
3407 3615 3480 3671 ad

1898 3692 2047 3747 hunc
2069 3694 2293 3748 modum
2329 3696 2421 3749 ille
2448 3698 2886 3766 sapientissimus
2908 3701 3118 3772 Moyses
3149 3703 3218 3758 de
3246 3720 3311 3760 ea
3339 3721 3447 3761 seri

1897 3784 2090 3853 pserit.
2125 3783 2218 3838 Ait
2251 3785 2401 3840 enim
2427 3786 2483 3840 in
2511 3787 2759 3844 Levitico
2795 3808 2807 3843 :
2854 3810 2871 3842 ι
2914 3790 3053 3846 Cum
3085 3809 3220 3848 vero
3247 3795 3477 3867 ingressi

1896 3875 2114 3931 fueritis
2156 3877 2213 3931 in
2237 3886 2440 3933 terram
2491 3895 2655 3950 quam
2699 3881 2967 3937 Dominus
3007 3884 3150 3939 Deus
3204 3893 3335 3941 tuus
3383 3888 3480 3942 dat

1897 3965 2076 4030 vobis,
2102 3974 2156 4020 et
2174 3967 2557 4036 plantaveritis
2577 3985 2738 4025 omne
2763 3971 2972 4041 lignum
2994 3973 3358 4039 esculentum,
3381 3990 3478 4029 ex-

1895 4057 2206 4128 purgabitis
2254 4059 2631 4129 impuritatem
2679 4063 2824 4132 ejus;
2880 4062 3094 4118 fructus
3138 4065 3259 4134 ejus
3295 4065 3476 4121 tribus

1895 4149 2056 4204 annis
2110 4151 2220 4204 erit
2263 4152 2420 4206 vobis
2467 4153 2829 4207 immundus:
2866 4169 2976 4210 non
3013 4159 3368 4222 comedetur;
3415 4165 3475 4212 et

1894 4256 2043 4295 anno
2076 4251 2273 4311 quarto
2299 4244 2407 4297 erit
2437 4243 2617 4299 omnis
2647 4243 2858 4300 fructus
2904 4248 3024 4316 ejus
3067 4255 3312 4313 sanctus,
3349 4250 3471 4304 lau«

1894 4331 2094 4385 dabilis
2148 4333 2414 4399 Domino;
2463 4349 2608 4388 anno
2669 4343 2854 4388 autem
2917 4338 3112 4406 quinto
3169 4339 3472 4396 comedetis

1893 4422 2133 4477 fructum
2181 4426 2319 4495 ejus.
2361 4426 2647 4496 Appositio
2690 4428 2846 4483 vobis
2880 4437 3045 4484 erunt
3087 4429 3300 4486 fructus
3330 4432 3469 4501 ejus.

213 4536 454 4605 φάγεσθε
485 4535 580 4588 τὸν
610 4531 822 4602 καρπὸν
867 4527 1052 4582 αὑτοῦ.
1085 4525 1376 4596 Πρόσθεμα
1408 4523 1534 4592 ύμῖν
1568 4520 1636 4572 τὰ
1673 4537 1794 4588 γεν-

1901 4515 2010 4584 Ego
2039 4516 2305 4572 Dominus
2349 4518 2494 4573 Deus
2528 4526 2712 4574 vester
2754 4521 2817 4574 “.
2854 4541 2872 4572 ι
2923 4520 3109 4576 Hortis
3137 4522 3285 4577 enim
3316 4523 3473 4577 ferti-

211 4629 432 4696 νήματα
455 4622 641 4676 αὐτοῦ.
683 4619 824 4688 Ἐγὼ
851 4618 1102 4689 Κύριοςιὸ
1124 4615 1254 4677 Θεὸς
1276 4613 1448 4684 ὑμῶν.
1482 4631 1500 4663 ι
1529 4609 1791 4681 Παραδεί-

213 4734 328 4780 σοις
354 4716 456 4787 μὲν
483 4714 592 4784 γὰρ
617 4715 728 4775 τοῖς
751 4709 1156 4781 εύερνεστάτοις
1177 4709 1209 4776 ἡ
1231 4707 1474 4768 Μωσέως
1493 4706 1626 4773 ἡμῖν
1649 4701 1791 4755 ἔοικε

209 4806 534 4877 Συγγραφὴ,
563 4801 1220 4873 πολυειδῆῖθεσπισμάτων
1243 4797 1504 4852 ὠδίνουσα
1530 4794 1788 4865 βλάστην,

210 4902 306 4953 καὶ
331 4898 509 4963 ξύλοις
533 4896 722 4966 ὥσπερ
748 4894 1082 4961 κατάκομος,
1101 4891 1213 4952 τοῖς
1234 4887 1318 4958 ἐφ’
1340 4886 1556 4956 ἑκάστῳ
1580 4884 1786 4955 νόμοις.

219 4990 366 5046 Ἀλλ’
407 4990 492 5057 ἐφ’
520 4986 737 5056 ἑκάστῳ
776 4983 916 5053 ξύλῳ
947 4981 1283 5052 καθαριεῖτε,
1314 4977 1500 5047 φησὶν,
1527 4975 1626 5046 την
1657 4975 1792 5030 ἀκα-

211 5082 447 5154 θαρσίαν
481 5076 668 5142 αὑτοῦ,
704 5073 846 5130 τοῦτ’
877 5073 1021 5139 ἔστι,
1065 5072 1124 5125 τὸ
1158 5070 1256 5141 τῆς
1309 5067 1546 5139 ιστορίας
1588 5069 1790 5120 εἰκαῖον

207 5172 531 5240 ἀποτεμεῖς,
555 5169 650 5221 καὶ
675 5167 734 5219 τὸ
751 5165 914 5218 οἱονεὶ
937 5162 1170 5230 ξυλῶδες
1197 5157 1466 5230 περιελεῖς
1490 5154 1583 5210 τοῦ
1614 5156 1790 5228 γράμ-

210 5279 405 5334 ματος,
436 5259 524 5313 ἔπ’
571 5258 740 5329 αὐτὴν
785 5257 842 5310 δὲ
891 5253 1040 5324 ἣξεις
1073 5253 1166 5306 τοῦ
1209 5249 1377 5321 φυτοῦ
1409 5249 1507 5318 τὴν
1539 5247 1787 5318 καρδίαν,

205 5353 354 5407 τοῦτ’
370 5352 508 5414 ἔστι,
523 5351 617 5402 τοῦ
631 5348 890 5402 τεθεσπισ
896 5347 1056 5416 μένου
1075 5344 1167 5397 τὸν
1182 5343 1290 5397 ἔσω
1307 5359 1373 5396 πε
1379 5341 1642 5414 ριεργάσῃ
1656 5357 1791 5410 καρ-

206 5445 310 5498 πὸν
326 5443 428 5515 ('5),
448 5443 543 5496 καὶ
563 5439 695 5494 αὐτὸ
720 5439 918 5509 ποιήσῃ
942 5436 1202 5507 τροφήν.‹·
1224 5434 1364 5487 Ἀλλ’
1386 5433 1559 5495 ἔσται,
1574 5432 1786 5502 »φησὶν,

1898 4605 2124 4660 lissimis
2157 4607 2328 4678 Moysi
2355 4608 2642 4678 Scriptura
2664 4610 2864 4665 similis
2888 4611 3051 4666 nobis
3089 4611 3330 4674 videtur,
3351 4627 3475 4682 qua

1899 4699 2187 4770 multiplex
2244 4709 2647 4772 praeceptorum
2697 4719 2923 4775 germen
2969 4705 3374 4776 complectitur,
3415 4711 3476 4760 et

1900 4800 2158 4862 tanquam
2196 4792 2493 4850 arboribus
2525 4794 2714 4850 densis
2756 4804 2951 4852 ornata
2995 4803 3103 4860 est,
3126 4796 3362 4867 legibus,
3384 4795 3474 4851 in-

1896 4899 2082 4954 quam,
2107 4883 2175 4940 de
2210 4900 2428 4956 quaque
2453 4901 2510 4942 re
2533 4887 2869 4942 constitutis.
2896 4886 3002 4943 Sed
3041 4886 3474 4956 uniuscujusque

1896 4976 2131 5041 arboris,
2177 4977 2378 5048 inquit,
2416 4979 2795 5050 expurgabitis
2833 4979 3231 5050 impuritatem,
3276 4977 3330 5031 id
3365 4985 3471 5039 est,

1896 5069 2043 5138 quod
2061 5069 2116 5124 in
2142 5069 2374 5125 historia
2391 5070 2636 5141 ineptum
2655 5081 2758 5136 est,
2785 5070 3106 5135 abscindes;
3132 5069 3388 5140 quodque
3416 5067 3474 5121 in

1895 5161 2076 5216 littera
2136 5163 2305 5217 veluti
2360 5164 2698 5220 corticosum
2728 5205 2742 5228 ,
2783 5162 3168 5226 circumcides,
3196 5168 3362 5231 atque
3402 5157 3473 5212 ad

1896 5253 2074 5322 ipsum
2103 5268 2200 5308 cor
2229 5253 2447 5309 arboris
2482 5256 2796 5324 pervenies,
2830 5255 2884 5310 id
2911 5262 3018 5318 est,
3057 5253 3308 5308 intimum
3333 5265 3476 5322 pra:-

1894 5343 2039 5413 cepti
2074 5343 2313 5399 fructum
2338 5345 2794 5415 perscrutaberis,
2831 5353 2996 5415 atque
3019 5344 3074 5399 in
3103 5342 3288 5399 cibum
3315 5355 3473 5396 assn-
3563 5364 3568 5378 -

1894 5450 2032 5491 mes.
2091 5455 2108 5487 ι
2142 5435 2249 5492 Sed
2272 5436 2398 5502 erit,
2434 5457 2451 5488 ι
2481 5437 2682 5508 inquit,
2717 5456 2735 5490 ι
2768 5439 2890 5510 ejus
2921 5437 3138 5494 fructus
3159 5435 3339 5490 tribus
3362 5447 3470 5488 an-

283 5563 330 5594 “
382 5563 544 5618 Deut.
575 5576 706 5625 xm,
743 5559 796 5614 8.
873 5557 918 5589 “
943 5557 1056 5614 Jer.
1095 5570 1276 5618 xum,
1314 5553 1400 5608 IO.
1479 5554 1523 5584 "
1546 5552 1722 5607 Levit.
1756 5567 1867 5618 nx,
1894 5552 2085 5610 23-25.

391 5749 471 5806 Ila
504 5748 627 5803 cod.
674 5740 881 5808 Vatic.;
936 5743 1124 5798 Sirleti
1177 5740 1364 5796 autem
1409 5740 1643 5805 ἀδικίας,
1681 5750 1961 5814 corrupte.

311 5679 359 5752 ἰ)
393 5677 483 5734 Sic
511 5677 722 5741 Vatic.;
749 5673 872 5730 cod.
898 5672 1198 5754 Sirleti,.'c6
1233 5669 1450 5742 ἀληθές,
1477 5671 1693 5724 veritas.

391 5749 471 5806 Ila
504 5748 627 5803 cod.
674 5746 881 5808 Vatic.;
936 5743 1124 5798 Sirleti
1177 5750 1364 5796 autem
1409 5740 1643 5805 ἀδικίας,
1681 5754 1693 5792 ι

280 5682 529 5891 ὲζβω.
567 5817 776 5880 Sirleti,
807 5814 1026 5876 σκοπόν,
1055 5829 1290 5882 scopum.

304 5823 340 5875 5

392 5753 471 5806 lla
504 5753 627 5803 cod.
675 5753 881 5808 Vatic.;
936 5753 1124 5798 Sirleti
1177 5753 1290 5796 aute

341 5753 529 5892 ICOd.
567 5817 776 5880 Sirleti,
807 5814 1026 5876 σκοπόν,
1055 5829 1290 5882 scopum.

534 5911 808 5972 ΡΑτειοι.
857 5907 972 5967 Gn.
1017 5903 1276 5966 LXVIII.

3041 5884 3110 5949 19
