3982 6516
583 384 690 444 58⁸1

1611 374 1668 433 S.
1709 377 1985 434 CYRILLI
2028 376 2499 437 ALEXANDle
2535 383 2855 442 ARClllEP.

584 508 673 563 nis
705 503 1039 568 immundus,
1085 515 1195 557 non
1224 496 1670 554 manducabitur.
1706 516 1724 550 ι
1767 499 1989 554 Annum
2012 500 2166 570 ponit

2278 518 2297 555 ι
2325 503 2354 556 6
2376 505 2588 575 καρπὸς
2603 506 2793 572 αὐτοῦ,
2814 508 2940 581 τρία
2965 508 3059 581 ἔτη
3084 509 3630 584 ἀπερικάθαρτοςόὒ
3653 511 3842 587 βρωθῆ-

584 617 687 672 pro
713 611 995 669 tempore;
1020 596 1126 650 tria
1158 595 1305 649 enim
1332 592 1515 663 prima
1545 600 1794 663 tempora
1829 594 1985 648 fuere
2041 594 2169 663 qui-

584 691 689 745 bus
721 691 900 744 adhuc
942 688 1028 742 lex
1066 694 1185 739 erat
1235 685 1473 754 impura,
1512 682 1765 739 historia:
1797 684 2169 740 crassitudine

585 792 940 853 przegravata,
968 788 1023 833 et
1050 778 1300 832 umbram
1328 786 1591 845 tanquam
1628 776 1877 831 inutilem
1908 776 2169 831 corticem

584 869 1035 938 circumpositam
1077 868 1339 922 habebat.
1380 867 1510 921 Tria
1544 881 1713 936 porro
1762 874 2008 937 tempora
2050 884 2171 923 esse

582 962 692 1025 aio,
736 975 847 1029 quo
889 960 1121 1030 Moyses,
1152 974 1263 1029 quo
1288 959 1477 1025 Josue,
1513 974 1623 1028 quo
1644 959 1868 1014 Judices
1911 959 2167 1028 fuerunt;

583 1062 839 1121 quartum
866 1060 1054 1122 postea
1080 1050 1203 1115 fuit,
1231 1066 1341 1121 quo
1366 1051 1603 1105 illustris
1619 1051 2011 1122 prophetarum
2035 1053 2169 1105 cho-

582 1158 679 1199 rus
703 1152 933 1197 exortus
954 1152 1067 1209 est;
1096 1153 1210 1197 tum
1232 1143 1452 1197 fructus
1489 1144 1625 1214 legis
1648 1152 1873 1199 sanctus
1892 1152 1975 1198 est
1992 1143 2169 1199 factus

581 1243 639 1290 et
653 1234 947 1289 laudabilis
973 1252 985 1287 :
1002 1235 1168 1306 286
1182 1250 1309 1289 nam
1326 1250 1355 1289 a
1372 1236 1658 1305 prophetis
1679 1236 1902 1300 sanctis,
1914 1252 2035 1305 quae
2050 1236 2168 1307 lege

583 1326 1034 1391 continebantur,
1066 1327 1322 1398 abrogari
1348 1335 1475 1382 sunt
1498 1335 1677 1397 empta
1703 1343 1717 1393 ;
1752 1336 1809 1381 et
1832 1343 1902 1382 ne
1925 1343 2168 1382 comme-

582 1419 790 1473 morari
823 1419 1046 1488 quidem
1070 1434 1135 1474 ea
1184 1434 1306 1489 qua:
1329 1420 1384 1474 in
1412 1419 1625 1474 umbris
1657 1426 1838 1483 erant,
1866 1429 2167 1490 contraque

583 1510 791 1566 veritas
813 1510 1099 1581 praedicari
1123 1511 1323 1581 palam,
1352 1520 1407 1565 et
1428 1510 1633 1566 Christi
1660 1511 1930 1566 adventus
1960 1521 2165 1583 myste-

586 1604 729 1658 rium
766 1603 1161 1658 commendari.
1212 1604 1324 1657 llos
1354 1604 1605 1673 proxime
1629 1604 1777 1659 illico
1823 1614 2045 1658 secutus
2081 1614 2166 1658 est

584 1696 678 1751 ille
715 1710 1049 1766 praecursor,
1080 1696 1325 1750 clamans
1354 1710 1417 1749 ac
1446 1696 1639 1751 dicens
1666 1713 1679 1749 :
1731 1714 1749 1746 ι
1779 1695 2167 1751 Ρωιιίιθηῑίοιῐι

2275 611 2480 650 σεται.»
2515 596 2589 651 Τὸ
2616 598 2735 663 ἔτος
2763 600 2981 673 τίθησιν
3014 604 3093 667 είς
3114 604 3328 676 καιρόνο
3356 606 3545 678 καιροὶ
3568 605 3689 677 γὰρ
3718 609 3842 677 πρῶ-

2270 698 2355 736 τοι
2385 686 2643 754 γεγόνασι
2670 692 2819 759 τρεῖς
2841 730 2856 755 ,
2886 689 3009 744 καθ’
3034 690 3129 756 οὓς
3156 688 3224 764 ἦν
3247 692 3276 747 6
3299 694 3462 765 νόμος
3485 696 3843 766 ἁπερικάθαρ-

2270 790 2362 838 τος
2391 774 2494 839 ἔτι,
2526 776 2604 847 τῷ
2633 778 2737 848 τῆς
2769 781 3012 852 ἱστορίας
3051 782 3214 853 πάχει
3256 784 3738 857 κατηχθισμένος,
3768 787 3841 841 ui

2271 863 2463 937 ὥσπερ
2509 870 2716 922 εἰκαῖον
2767 872 3034 943 συρφετὸν
3082 874 3468 945 περικείμενος
3518 875 3627 947 τὴν
3679 878 3838 932 σκιάν.

2270 958 2512 1029 Χρόνους
2535 960 2591 1014 δὲ
2611 965 2761 1033 τρεῖς
2781 959 2919 1017 εἷναί
2940 981 3103 1036 φημι,
3125 964 3219 1018 τὸν
3242 967 3507 1031 Μωσέως,
3527 966 3627 1021 τδν
3664 969 3837 1038 Tum}.

2270 1050 2363 1103 τὸν
2386 1052 2626 1121 Κριτῶν·
2663 1054 2852 1125 καιρὸς
2900 1057 3014 1125 μετ’
3054 1056 3297 1121 ἐκείνους
3317 1057 3580 1129 τέταρτος
3608 1054 3704 1128 ἦν,
3741 1060 3839 1113 καθ’

2270 1140 2329 1196 ὃν
2376 1142 2405 1193 6
2444 1143 2694 1215 λαμπρὸς
2745 1145 2852 1200 τῶν
2899 1146 3071 1215 ἁγίων
3104 1148 3404 1219 προφητῶν
3448 1149 3628 1217 ἀνέφυ
3680 1152 3837 1220 χορός.

2272 1232 2404 1286 Τότε
2438 1234 2661 1303 γέγονεν
2685 1238 2714 1290 6
2736 1236 2831 1291 τοῦ
2872 1237 3040 1309 νόμου
3079 1239 3289 1310 καρπὸς
3317 1239 3474 1307 ἅγιός
3497 1256 3557 1293 τε
3589 1242 3692 1292 καὶ
3720 1244 3842 1296 etv:-

2270 1324 2380 1387 τός.
2408 1322 2650 1397 Ἤρξατο
2666 1325 2776 1397 γὰρ
2803 1328 2869 1379 ὲκ
2894 1326 3192 1399 προφητῶν
3219 1327 3412 1395 ἁγίων,
3438 1327 3761 1381 ἀθετεῖσθαι
3785 1332 3841 1383 τὰ

2271 1416 2331 1470 ἐν
2360 1418 2530 1491 νόμῳ,
2560 1420 2656 1473 καὶ
2689 1420 2813 1474 οὐδὲ
2837 1420 3199 1493 ὀνομάζεσθαι
3226 1422 3297 1474 τὰ
3329 1420 3406 1486 ὡς
3431 1423 3494 1473 ὲν
3525 1424 3736 1483 σκιαῖς,
3761 1438 3840 1491 ιη-

2274 1510 2561 1583 ρύττεσθαι
2595 1512 2656 1565 δὲ
2687 1512 2937 1583 φανερῶς
2984 1513 3018 1583 ἡ
3057 1511 3316 1583 ἀλήθεια,
3356 1512 3453 1565 καὶ⁵
3487 1512 3592 1582 τῆς
3624 1512 3839 1582 Χριστοῦ

2273 1602 2576 1675 παρουσίας
2620 1604 2962 1657 ἐπαινεῖσθαι
3009 1604 3070 1656 τὸ
3134 1605 3452 1676 μυστήριον.
3502 1603 3621 1657 Καὶ
3667 1604 3839 1669 γείτων

2272 1696 2433 1759 εὐθὺς
2460 1695 2488 1746 ὁ
2523 1696 2828 1767 πρόδρομος
2864 1690 2956 1767 ἦν,
2988 1696 3383 1765 ἁνακειιραγῶς
3419 1713 3481 1749 τε
3524 1695 3623 1748 καὶ
3667 1693 3836 1761 λέγων·

584 1789 758 1859 agite;
786 1787 1250 1860 appropinquavit
1282 1787 1431 1841 enim
1474 1802 1701 1858 regnum
1745 1787 2011 1842 caelorum
2028 1788 2095 1840 “.
2142 1806 2159 1838 ι

2278 1804 2295 1834 ο
2322 1787 2651 1840 Μετανοεῖτε
2671 1803 2685 1817 ’
2723 1788 2923 1858 ἧγγικε
2945 1786 3056 1856 γὰρ
3075 1789 3108 1858 ἠ
3140 1786 3387 1858 βασιλεία
3411 1787 3524 1841 τῶν
3538 1786 3797 1857 οὐρανῶν.
3818 1806 3834 1839 ι

583 1880 755 1952 Igitur
774 1890 968 1951 quarto
994 1890 1261 1951 tempore,
1288 1895 1411 1949 qua!
1453 1879 1509 1934 in
1532 1881 1651 1951 lege
1688 1879 1890 1935 tradita
1923 1879 2163 1951 fuerant,

2268 1877 2477 1931 Οὐκοῦν
2499 1880 2558 1932 ὲν
2577 1879 2824 1950 τετάρτῳ
2852 1879 3033 1951 χρόνῳ
3069 1879 3207 1951 πρὸς
3236 1878 3412 1950 ἀρχὰς
3444 1878 3545 1932 τοῦ
3573 1877 3839 1931 διακαθαί-

582 1974 881 2044 expurgari
906 1980 1224 2043 cmperunt;
1253 1982 1482 2043 eratque
1502 1975 1614 2045 jam
1638 1981 1862 2029 sanctus
1894 1975 2164 2044 quodam-

583 2068 749 2121 modo
796 2068 916 2137 ejus
950 2067 1163 2122 fructus
1201 2084 1218 2119 :
1263 2075 1648 2122 verumtamen
1697 2067 1891 2135 quinto
1919 2075 2167 2136 tempore

584 2156 654 2210 ad
685 2157 871 2211 cibum
916 2158 1019 2213 fuit
1065 2167 1245 2228 aptus,
1282 2174 1392 2229 quo
1419 2165 1665 2227 tempore
1694 2157 1899 2212 Christi
1938 2157 2169 2227 contigit

582 2248 873 2314 adventus,
908 2248 1235 2305 testiﬁcatus
1258 2265 1288 2305 a
1315 2249 1433 2320 lege
1450 2255 1505 2303 et
1528 2248 1832 2318 prophetis.
1866 2249 2167 2319 Propterea

585 2339 808 2410 inquit:
849 2361 867 2392 ι
904 2342 1023 2396 Erit
1060 2341 1275 2397 fructus
1309 2342 1429 2411 ejus
1461 2340 1733 2411 appositio
1753 2341 1932 2395 vobis.
1977 2361 1994 2392 ι
2030 2342 2166 2396 Nam

586 2442 786 2501 prater
824 2434 1172 2505 evangelicas
1197 2433 1640 2504 praedicationes,
1680 2432 1797 2503 ipsa
1822 2449 2039 2504 quoque
2086 2436 2167 2490 le-

584 2524 722 2592 galis
742 2524 985 2579 eruditio
1022 2523 1090 2577 ad
1120 2522 1644 2593 contemplationem
1684 2523 2029 2592 spiritualem
2053 2532 2167 2578 tra-

583 2614 769 2681 ducta,
838 2616 1102 2672 studiosis
1158 2617 1452 2672 utilissima
1492 2622 1596 2683 est,
1659 2616 1897 2685 ideoque
1950 2614 2169 2669 dicebat

584 2705 836 2765 Salvator
871 2725 889 2761 :
926 2728 943 2760 ‹
987 2708 1177 2764 Omnis
1221 2709 1402 2764 scriba
1437 2709 1633 2764 doctus
1676 2708 1733 2762 in
1793 2722 1963 2778 regno
1997 2707 2166 2763 coelo-

584 2816 733 2866 rum,
768 2800 965 2856 similis
990 2810 1072 2856 est
1111 2800 1321 2856 homini
1358 2801 1540 2867 diviti,
1578 2799 1672 2871 qui
1708 2799 1917 2872 profert
1942 2798 2010 2855 de
2046 2800 2168 2855 the-

580 2904 750 2945 sauro
805 2906 906 2945 suo
956 2906 1098 2945 nova
1146 2900 1203 2946 et
1254 2898 1444 2946 vetera
1497 2891 1584 2944 "t
1629 2910 1647 2942 ι
1700 2904 1843 2944 nova
1885 2889 2168 2959 appellans

577 2980 916 3051 evangelica,
954 2989 1140 3037 vetera
1160 2989 1366 3045 autem,
1390 2998 1512 3051 qua:
1534 2981 1591 3037 in
1615 2982 1733 3051 lege
1747 2970 2115 3035 continentur
2147 2998 2163 3035 :

576 3082 702 3138 quae
722 3068 882 3124 nobis
906 3070 1056 3124 illam
1101 3069 1162 3124 in
1185 3069 1407 3125 Christo
1433 3069 1803 3140 cognitionem
1845 3084 1957 3123 non
1990 3069 2166 3125 inele-

576 3167 771 3230 ganter
798 3163 1116 3227 conciliant,
1137 3177 1301 3232 quem
1340 3163 1499 3217 decet
1526 3162 1719 3231 gloria,
1769 3161 1948 3216 honor
1970 3169 2027 3216 et
2064 3159 2163 3216 ad-

2270 1969 2461 2041 ρεσθαι
2485 1970 2555 2023 τὰ
2586 1973 2644 2024 ὲν
2672 1972 2821 2043 νόμῳ
2849 1972 3065 2041 γέγονε,
3101 1973 3197 2026 καὶ
3224 1968 3295 2044 ἧν
3312 1973 3413 2043 ἢδη
3437 1988 3559 2035 πως
3588 1973 3621 2024 6
3653 1970 3837 2041 καρπὸς

2268 2063 2441 2130 ἂγιος.
2475 2062 2643 2133 Πλὴν,
2662 2064 2719 2116 ὲν
2740 2063 2977 2135 πέμπτῳ
3002 2064 3302 2136 βρώσιμος,
3325 2064 3448 2119 καθ’
3472 2063 3536 2117 ὃν
3558 2064 3597 2135 ἡ
3623 2060 3836 2132 Χριστοῦ

2268 2154 2540 2225 παρουσία
2572 2157 2990 2227 μαρτυρουμένη
3015 2157 3104 2213 διά
3122 2174 3181 2211 τε
3199 2157 3296 2211 τοῦ
3315 2157 3487 2228 νόμου
3511 2156 3613 2209 καὶ
3636 2153 3725 2207 διὰ
3748 2154 3835 2206 τῶν

2269 2232 2583 2317 προξρητῶν.
2610 2247 2709 2301 Διὰ
2724 2247 2883 2301 τοῦτό
2904 2265 3090 2319 φησιν,
3120 2269 3137 2300 ι
3167 2250 3361 2302 Ἔσται
3398 2250 3428 2302 6
3449 2247 3675 2319 accpi-:6;
3693 2245 3833 2299 αὑτοῖν

2268 2336 2556 2408 πρόσθεμα
2585 2338 2734 2408 ὑμῖν.
2762 2356 2786 2388 ›
2811 2337 2954 2409 Πρὸς
2974 2337 3089 2410 γὰρ
3133 2339 3247 2402 τοῖς
3274 2337 3664 2405 εὐαγγελικοις
3693 2336 3836 2405 κηρύ-

2267 2445 2441 2499 γμασι
2471 2430 2565 2482 καὶ
2595 2431 2629 2500 ἠ
2663 2428 2863 2499 νομικὴ
2890 2429 3173 2491 παίδευσις
3213 2429 3350 2500 πρὸς
3375 2428 3619 2500 θεωρίαν
3645 2426 3832 2496 ἠγμένη

2268 2520 2645 2589 πνευματικὴν
2664 2523 2779 2584 τοῖς
2809 2521 3132 2592 φιλομαθέσι
3151 2520 3581 2593 χρειωδεστὰτη·
3614 2520 3710 2571 καὶ
3727 2518 3835 2585 γοῦν

2267 2611 2505 2683 ἔφασκεν
2526 2614 2879 2685 όΣαηὴρ,ὅτι
2904 2633 2923 2666 ι
2954 2614 3072 2677 Πᾶς
3100 2612 3467 2686 γραμματεὺς
3497 2612 3833 2682 μαθητευθεὶς

2266 2706 2331 2775 τῇ
2385 2703 2634 2776 βασιλείᾳ
2677 2706 2787 2759 τῶν
2828 2704 3095 2777 οὐρανῶν,
3145 2704 3331 2775 ὅμοιός
3377 2706 3529 2757 ἐστιν
3584 2698 3832 2774 ἀνθρώπῳ

2267 2792 2548 2865 πλουσίῳ,
2597 2796 2749 2858 ὅστις
2806 2796 3058 2851 ἐκϐάλλει
3102 2796 3167 2849 ἐκ
3233 2796 3327 2849 τοῦ
3370 2786 3656 2866 θησαυροῦ
3690 2794 3831 2847 αὑτώ

2266 2884 2429 2939 καινὰ
2462 2886 2813 2953 καὶζπαλαιά·
2839 2905 2859 2939 ι
2884 2887 3046 2942 καινὰ
3072 2886 3267 2956 λέγων,
3297 2887 3368 2940 τὰ
3399 2885 3726 2955 Euanthe,
3750 2889 3831 2939 καὶ

2266 2976 2475 3032 παλαιὰ
2502 2975 2581 3042 δὲ,
2620 2978 2691 3033 τὰ
2726 2980 2784 3032 ὲν
2810 2977 2983 3051 νόμῳ,
3024 2978 3120 3050 τὴν
3146 2980 3204 3032 ὲν
3229 2978 3453 3050 Χριστῷ
3490 2977 3693 3045 γνῶσιν
3717 2979 3832 3048 ἡμῖν

2265 3070 2367 3124 οὐκ
2398 3069 2639 3138 ἀγεννῶς
2687 3072 3134 3142 συνεισφέρονταο
3178 3070 3328 3141 αὐτῷ
3370 3072 3404 3139 ὴ
3444 3069 3576 3135 δόξα
3616 3071 3697 3133 είς
3724 3070 3829 3133 τοὺς

2266 3161 2472 3225 αίῶνας
2502 3161 2613 3216 τῶν
2644 3162 2878 3226 αἰώνων,
2927 3163 3124 3234 Ἀμήν.

577 3253 794 3319 oratio,
836 3268 963 3308 cum
1000 3254 1197 3319 Patre,
1249 3252 1345 3324 qui
1398 3252 1517 3308 sine
1559 3252 1832 3324 principio
1851 3262 1957 3320 est,
1986 3262 2045 3310 et
2082 3268 2206 3309 cum
2243 3253 2612 3319 sanctissimo,
2660 3263 2717 3310 et
2756 3254 2922 3319 bono,
2976 3262 3035 3310 et
3065 3251 3380 3310 viviﬁcante
3418 3252 3657 3325 Spiritu,
3701 3264 3828 3308 nunc

577 3351 635 3402 et
659 3360 898 3416 semper,
933 3355 989 3401 et
1022 3344 1077 3400 in
1100 3346 1301 3401 saacula
1341 3345 1690 3401 saeculorum.
1721 3346 1917 3401 Amen.

654 3462 699 3494 “
758 3460 1047 3525 Matthuv,
1076 3460 1161 3513 i7.
1242 3461 1285 3491 ⁸⁷
1320 3458 1518 3515 Matth.
1567 3475 1685 3525 χιιι,
1738 3458 1829 3513 52.

605 3643 3813 3682 W

1158 3823 1554 3950 ΠΕΡΙ
1655 3816 1998 3946 ΤΗΣ
2099 3817 2311 3944 ΕΝ
2411 3811 3291 3950 ΠΝΕΥΜΑΤΙ

1787 4048 2519 4142 ΪΚᾹΙΑΛΗΘΈΠΧ

989 4246 2217 4369 ΠΡΟΣΚΥΝΗΣΕΩΣ
2327 4246 2606 4363 ΚΑΙ
2716 4218 3462 4365 ΑΑΤΡΕΙΑΣ

1743 4469 2112 4559 ΛΟΓΟΣ
2185 4466 2725 4558 ΕΝΝΑΤΟΣ.

657 4736 840 4849 DE
951 4734 1883 4853 ADORATIONE
2026 4743 2211 4854 ET
2326 4741 2805 4861 CULTU
2913 4742 3067 4859 IN
3187 4745 3756 4865 SPIRITU

1737 4978 1904 5080 ET

2012 4980 2323 5085 Vth
2348 4980 2410 5083 Γ
2420 4984 2674 5086 ΑΤΕ

1849 5202 1945 5278 LI
1966 5201 2150 5281 BER
2223 5206 2430 5284 NON
2451 5207 2603 5284 US.

568 5536 731 5609 287
764 5533 843 5590 De
885 5544 1069 5590 sancto
1103 5537 1629 5622 tabernacnlotquod
1671 5535 1865 5593 Christi
1905 5538 2153 5593 Ecclesiae

2268 5539 2403 5609 Περὶ
2444 5540 2556 5611 τῆς
2590 5541 2766 5622 ἁγίας
2807 5540 3051 5622 σκηνῆς
3074 5582 3091 5608 ,
3138 5544 3229 5622 δτι
3267 5545 3471 5622 ,τύπος
3511 5544 3593 5618 ἦν
3627 5544 3732 5615 τῆς
3757 5543 3815 5599 ἐν

1170 5615 1322 5678 typus
1353 5608 1536 5677 fuerit.

641 5697 943 5755 Charitatis
969 5696 1158 5769 igitur,
1188 5708 1245 5753 et
1279 5699 1399 5769 ejus
1443 5715 1565 5770 qua.
1597 5700 1653 5755 in
1707 5701 1899 5766 Deum,
1938 5708 1995 5756 et
2032 5717 2155 5771 quae

571 5790 631 5847 in
653 5788 854 5846 fratres
881 5789 1213 5857 ostenditur,
1247 5790 1475 5861 insignia
1506 5793 1766 5860 praeclara
1786 5800 1934 5857 sunt.
1965 5802 2021 5849 et
2052 5794 2149 5849 ha-

2712 5615 2945 5681 Χριστῷ
2993 5615 3372 5701 Ἐκκλησιάς.
3537 5615 3546 5618 ⁷
3824 5674 3827 5699 ζ

2347 5702 2593 5776 Ἀγάπης
2629 5705 2727 5775 μὲν
2770 5700 2863 5759 οὖν
2894 5707 2974 5769 εἰς
3005 5700 3138 5761 Θεόν
3175 5723 3234 5762 τε
3266 5708 3360 5763 καὶ
3391 5707 3652 5779 ἀδελφοὺς
3678 5722 3812 5776 περι-

2257 5797 2399 5867 φανῆ
2418 5797 2486 5852 τὰ
2506 5798 2821 5867 αὐχήματα,
2851 5800 2943 5852 καὶ
2970 5799 3400 5871 ἀποπεραίνεται
3428 5801 3531 5874 μὲν
3551 5803 3617 5856 δι’
3636 5800 3812 5870 ἀμφοῖν
