3982 6504
97 436 108 485 ι
169 401 264 477 ἑςθν

895 414 983 468 ne
1019 408 1461 469 ADORATiONE
1502 412 1564 468 IN
1608 408 1875 471 sanun?
1919 411 2005 466 ET
2046 411 2409 470 VERITATE.
2455 412 2579 468 LIB.
2610 390 2698 468 ix.

3302 412 3405 472 590

167 531 377 600 ὸνόμος.
402 525 656 590 Εὐκλείας
686 542 749 595 γε
780 527 883 598 μὴν
910 529 990 591 εἰς
1024 527 1181 581 τοῦτο
1206 526 1558 605 κατηντηκὼς
1588 527 1714 588 ἅπας

1836 542 1957 581 rum
1993 537 2225 598 utraque
2258 528 2344 582 lex
2391 529 2676 599 perﬁcitur
2712 546 2722 580 :
2762 543 2842 592 ac,
2881 526 3129 599 quisquis
3169 528 3236 583 ad
3279 544 3405 584 eum

166 639 243 683 τις
270 617 381 684 οὖν,
406 616 656 687 λαμπρός
686 634 744 668 τε
782 616 873 670 καὶ
908 615 1259 683 ἀξιάγαστος,
1294 617 1388 670 καὶ
1420 616 1476 669 ὲν
1505 617 1617 679 τοῖς
1646 617 1727 669 ὅτι

169 713 389 786 μάλιστα
426 707 671 783 γνησίοις
715 704 1176 772 κατατετάξεται,
1227 707 1462 778 Χριστοῦ
1498 706 1727 777 βοῶντος

166 802 253 859 καὶ
274 800 586 869 λέγοντος,ξι
607 794 705 863 Εὖ,
735 798 885 851 δοῦλε
918 796 1087 866 ἀγαθὲ
1117 799 1213 851 καὶ
1239 798 1418 862 πιστὲ,
1449 794 1540 851 ἐπὶ
1570 792 1726 866 ὀλίγα

164 895 225 969 ἧς
248 896 453 958 πιστὸς,
473 894 564 947 ἐπὶ
588 891 799 946 πολλῶν
821 908 880 945 σε
910 895 1257 962 καταστήσω·
1289 889 1495 944 εῐσελθε
1522 890 1601 953 είς
1626 890 1725 960 τὴν

164 991 324 1061 χαρὰν
361 986 455 1038 τοῦ
491 985 699 1057 Κυρίου
734 1000 851 1040 σου.
892 1002 912 1036 ι
948 982 1330 1036 Είσελεύσεται
1368 981 1478 1054 γάρ
1522 982 1585 1053 δὴ
1632 982 1726 1037 καὶ

168 1079 299 1151 μάλα
327 1078 560 1148 ἑτοίμως
585 1078 670 1140 είς
716 1076 817 1147 τὴν
844 1074 1162 1147 ἐπουράνιον
1217 1074 1569 1147 Ἰερουσαλὴμ
1588 1116 1602 1140 ,
1630 1073 1725 1127 καὶ

162 1172 271 1233 ταῖς
299 1168 405 1221 ἀνω
437 1170 624 1237 μοναῖς
667 1166 1082 1237 ὲνδιαιτήσεται,
1131 1166 1243 1228 τοῖς
1286 1165 1425 1234 ὑπὲρ
1469 1162 1592 1217 νοῦν
1629 1163 1725 1217 καὶ

164 1261 305 1328 λόγον
326 1257 603 1329 ἐντρυφῶν
627 1256 869 1326 ἀγαθοῖς.
892 1255 1169 1309 Τοιουτονί
1190 1272 1241 1308 τι
1264 1255 1361 1309 καὶ
1385 1257 1413 1309 ὁ
1438 1254 1723 1326 προφήτης

170 1352 385 1412 Ἥσαῖας
413 1351 597 1420 φησὶν·
636 1368 654 1400 ι
686 1350 748 1403 0i
777 1348 1045 1419 ὀφθαλμοί
1070 1365 1165 1401 σου
1191 1346 1431 1417 ὄψονται,
1452 1347 1721 1417 Ἰερουσα-

160 1442 281 1514 λὴμ,
312 1440 491 1502 πόλεις
527 1438 810 1503 πλουσίας,
847 1437 1085 1510 σκηνὰς,
1111 1437 1166 1491 αῖ
1197 1436 1259 1492 οὐ
1302 1437 1375 1507 μὴ
1412 1436 1718 1500 σεισθῶσιν,

158 1534 269 1587 οὐδὲ
300 1531 371 1603 μὴ
398 1531 696 1601 κινηθῶσιν
734 1531 783 1583 ot
811 1529 1080 1584 πάσσαλοι
1106 1531 1205 1599 τῆς
1235 1527 1467 1598 σκηνῆς,
1504 1527 1623 1582 οὐδὲ
1651 1528 1722 1580 τά

161 1622 354 1695 σχοινία
372 1622 545 1692 αὐτῆς
567 1622 629 1674 ού
666 1621 738 1692 μὴ
763 1619 1121 1693 διαρραγῶσι.
1162 1636 1184 1672 ι
1214 1618 1461 1688 Παράγει
1493 1619 1589 1689 μὲν
1609 1619 1718 1689 γάρ

159 1713 213 1767 τὸ
257 1712 432 1783 σχῆμα
472 1711 566 1765 τοῦ
616 1712 822 1780 κόσμου
863 1709 1079 1774 τούτου,
1131 1706 1273 1761 κατὰ
1314 1706 1414 1772 τὰς
1472 1708 1713 1777 Γραφάς.

1829 620 2016 701 gloria:
2056 620 2283 701 gradum
2315 621 2651 690 pervenerit,
2672 616 2912 701 illustris
2938 620 3045 675 erit
3072 629 3128 675 et
3161 618 3404 675 admira-

1829 696 1975 776 bilis,
2008 720 2063 766 et
2088 696 2235 767 inter
2274 711 2624 767 ﬁdelissimos
2657 696 2751 766 Dei
2782 708 2973 767 Servos
3000 712 3402 776 numerabitur,

1829 818 1954 857 cum
1977 802 2231 857 clamabit
2251 801 2521 868 Christus,
2547 819 2609 856 ae
2627 803 2803 858 dicet:
2837 824 2854 853 ι
2877 804 3046 875 Euge,
3076 820 3232 859 serve
3261 804 3404 859 bone

1827 901 1884 947 et
1931 893 2127 957 ﬁdelis,
2159 894 2214 947 in
2244 910 2417 964 pauca
2467 894 2619 949 fuisti
2668 894 2878 962 ﬁdelis,
2937 912 3101 966 supra
3143 897 3313 951 multa
3348 906 3403 951 te

1825 982 2190 1048 constituam;
2230 983 2374 1038 intra
2411 982 2467 1038 in
2505 983 2767 1054 gaudium
2801 985 3018 1039 Domini
3049 986 3127 1039 tui
3154 986 3227 1039 ⁸⁸3
3260 1005 3278 1036 ι
3308 986 3401 1041 In-

1824 1073 2104 1144 gredietur
2133 1074 2302 1137 enim,
2333 1082 2390 1129 et
2437 1074 2658 1143 quidem
2697 1075 2973 1145 expedite,
3017 1076 3071 1129 in
3118 1056 3263 1129 illam
3292 1090 3404 1131 eo:-

1824 1164 2016 1219 lestem
2049 1165 2379 1230 Jerusalem,
2419 1173 2475 1219 et
2515 1165 2572 1220 in
2610 1166 2866 1236 supernis
2895 1166 3002 1220 illis
3026 1167 3403 1221 mansionibus

1823 1256 2004 1327 deget,
2036 1264 2093 1311 et
2130 1256 2292 1311 bonis
2334 1271 2455 1326 quae
2499 1272 2721 1312 omnem
2773 1257 3151 1328 intelligentiae
3192 1259 3401 1313 oratio-

1822 1348 2017 1418 nisque
2067 1348 2383 1405 facultatem
2428 1358 2719 1418 superant,
2756 1348 3087 1418 perfruetur.
3118 1348 3401 1419 Ejusmodi

1820 1438 1988 1507 288
2039 1438 2320 1508 quidpiam
2371 1438 2538 1493 etiam
2602 1439 2871 1508 propheta
2923 1439 3089 1493 Isaias
3148 1439 3328 1507 inquit
3381 1455 3396 1492 :

1828 1547 1845 1579 ι
1878 1527 2035 1583 Oculi
2069 1529 2149 1583 tui
2172 1529 2438 1585 videbunt
2467 1530 2790 1594 Jerusalem,
2819 1520 3067 1585 civitates
3091 1531 3396 1600 opulentas,

1819 1619 2171 1674 tabernacula
2201 1636 2323 1689 quae
2366 1635 2714 1690 nequaquam
2765 1620 3170 1683 concutientur,
3218 1635 3397 1688 neque

1818 1710 2187 1765 movebuntur
2212 1710 2397 1781 paxilli
2428 1710 2788 1775 tabernaculi,
2822 1725 3002 1780 neque
3037 1709 3196 1763 funes
3225 1710 3398 1779 ipsius

169 1802 504 1875 Έδραιοτάτη
548 1801 606 1854 δὲ
655 1798 857 1870 σφόδρα
895 1798 991 1852 καὶ
1038 1797 1371 1868 ἀκράδαντος
1416 1796 1633 1860 πάντως
1681 1798 1713 1867 ἡ

1821 1801 2239 1871 disrumpentur
2279 1802 2363 1867 Il’;
2427 1820 2445 1852 ι
2505 1801 2751 1870 praaterit
2795 1799 2941 1853 enim
3003 1798 3175 1868 ﬁgura
3232 1799 3396 1869 hujus

158 1865 264 1948 sibi;
286 1865 556 1961 ὲσὸμένων
584 1865 756 1954 ἐλπίς.
790 1865 960 1943 ⁷Ἀλλά
999 1865 1203 1943 τούτων
1234 1888 1487 1943 ἀπάντων
1516 1865 1712 1957 λυομέέ

1821 1892 2011 1947 mundi
2039 1865 2114 1957 ιο,
2148 1900 2210 1945 ιιι
2257 1865 2554 1961 Scriptura;
2601 1891 2827 1955 dicunt;
2860 1889 2952 1943 illa
2979 1865 3113 1943 νει-ο
3151 1896 3276 1959 Spes
3304 1865 3393 1942 ru-

159 2003 272 2050 νων,
300 1983 435 2038 καθά
471 1984 569 2037 καὶ
602 1982 693 2036 τοῦ
732 1982 983 2053 Σωτῆρος
1013 1980 1385 2051 διισχυρίσατο
1426 1978 1709 2049 μαθητὴς,

159 2076 419 2145 ποταμοὺς
460 2074 545 2127 δεῖ
571 2072 859 2143 εὑρεθῆναι
896 2072 1071 2142 ἡμᾶς,
1101 2070 1295 2144 ἁγίους
1329 2069 1422 2124 καὶ
1454 2066 1714 2139 ἀμώμους

160 2166 268 2221 κατ’
292 2163 522 2218 ἐνώπιον
559 2162 758 2225 αὑτοῦ,
799 2164 1194 2236 πνευματικαῖς
1242 2161 1338 2230 μὲν
1365 2158 1576 2221 θυσίαις
1614 2174 1714 2210 κα-

157 2256 569 2330 ταγεραίροντας
604 2252 679 2316 ὡς
716 2250 950 2322 Σωτῆρα
992 2250 1083 2304 καὶ
1120 2246 1434 2320 Λυτρωτὴν,
1477 2250 1627 2320 ἱερὰν
1658 2249 1715 2303 δὲ

160 2350 242 2404 καὶ
270 2346 584 2419 ἀπόλεκτον,
626 2342 720 2397 καὶ
750 2340 864 2405 τοῖς
904 2341 1275 2410 εύαγγελικοῖς
1314 2340 1713 2411 συμϐαίνουσαν

156 2441 321 2509 νςμοις
360 2434 782 2505 ἐπιτηδεύοντας
852 2431 1159 2485 πολιτείανο
1218 2429 1467 2501 καθάπερ
1524 2422 1716 2500 ἀμέλει

158 2531 256 2592 τοῖς
292 2525 667 2600 ἀρχαιοτέροις
706 2526 735 2577 ὁ
777 2517 939 2593 νόμος
978 2520 1078 2592 τὴν
1113 2520 1254 2574 οὕτω
1291 2522 1496 2599 σεπτήν
1534 2537 1591 2572 τε
1623 2520 1717 2573 καὶ

156 2621 458 2691 ἀξιόληπτον
506 2613 865 2684 ὲσκιαγράφει
894 2612 1060 2683 ζωήνο
1094 2611 1463 2681 μηλοσφαγεῖν
1496 2611 1717 2663 ἐπιτάτ-

154 2731 274 2774 των,
311 2709 404 2763 καὶ
439 2706 548 2770 τὰς
589 2706 655 2758 δι’
700 2703 947 2775 αἱμάτων
998 2699 1270 2754 ποιεῖσθαι
1319 2701 1712 2772 προσαγωγὰς,

158 2805 371 2865 δεκάτας
392 2818 452 2854 τε
486 2799 584 2853 καὶ
617 2794 870 2867 ἀπαρχάς
897 2793 1155 2864 ἁφιεροῦν
1185 2792 1263 2864 τῷ
1292 2793 1432 2863 Θεῷ,
1461 2793 1553 2847 καλ⁵
1580 2781 1715 2863 πρὸς

160 2894 348 2957 τούτοις
363 2891 440 2944 ἔτι
458 2890 812 2961 χαριστήρια.
835 2884 1003 2954 Πλὴν,
1025 2882 1123 2937 οὐκ
1141 2883 1245 2949 ἔξω
1264 2882 1420 2936 ταυτὶ
1438 2884 1533 2953 τῆς
1555 2884 1717 2951 ἁγίας

162 2982 470 3057 πράττεσθαι
505 2981 612 3033 δεῖν
637 2976 943 3048 ἐνομοθέτει
972 2976 1192 3047 σκηνῆς.
1233 2972 1552 3028 Ἀπόλεκτον
1574 2974 1631 3028 δὲ
1658 2976 1717 3029 τὸ

160 3074 216 3128 ἐκ
244 3071 363 3127 Λευῖ
388 3070 549 3139 γένος
570 3066 821 3133 τάνετίθει
864 3064 942 3135 τῷ
987 3065 1125 3136 Θεῷ,
1150 3064 1317 3119 τύπον
1346 3067 1475 3136 ἡμῖν
1519 3066 1613 3119 καὶ
1637 3066 1717 3129 είς

1816 1991 2069 2038 turorum
2112 1984 2383 2038 bonorum
2436 1981 2749 2036 ﬁrmissima
2787 1990 2907 2045 est,
2955 1994 3134 2050 neque
3171 1979 3394 2037 concuti

1816 2075 1927 2129 ullo
1953 2075 2115 2129 modo
2164 2083 2361 2144 potest.
2414 2073 2541 2138 Sed,
2581 2088 2707 2128 cum
2769 2072 2885 2127 haec
2922 2072 3106 2126 omnia
3166 2072 3389 2126 solvan-

1832 2175 1921 2219 tur
1954 2166 2036 2235 (ut
2090 2149 2388 2219 salvatoris
2437 2164 2610 2219 nostri
2660 2158 2878 2232 quoque
2907 2160 3206 2242 discipulus
3250 2152 3393 2216 aﬁir—

1820 2256 2036 2326 mavit),
2071 2256 2261 2326 quales
2293 2271 2393 2310 nos
2431 2250 2661 2309 inveniri
2697 2262 2915 2324 oportet
2954 2253 2997 2286 "
3020 2295 3034 2318 ,
3083 2252 3300 2310 sanctos
3336 2266 3393 2310 et

1816 2346 2191 2400 immaculatos
2229 2347 2284 2400 in
2310 2354 2605 2416 conspectu
2637 2347 2787 2416 ejus;
2835 2337 3029 2401 hostiis
3068 2362 3195 2400 eum
3226 2340 3390 2415 spiri-

1818 2438 2058 2493 tualibus
2092 2448 2153 2492 ut
2194 2438 2531 2493 Salvatorem
2569 2452 2632 2492 ac
2663 2423 3085 2506 Redemptorem
3118 2442 3392 2491 Veneran-

1817 2534 1920 2592 tes,
1969 2542 2033 2581 ac
2064 2542 2275 2582 sacram
2313 2534 2369 2580 et
2395 2526 2667 2596 egregiam
2695 2526 3195 2589 conversationem,
3227 2541 3394 2582 evan-

1816 2618 2111 2689 gelicisque
2153 2617 2364 2689 legibus
2407 2626 2801 2687 congruentem
2834 2620 3128 2686 sequentes
3161 2620 3173 2669 ἑ
3205 2617 3390 2688 cujus-

1818 2708 1965 2762 modi
1993 2708 2212 2762 vivendi
2248 2722 2418 2777 genus
2460 2706 2597 2761 adeo
2626 2706 2998 2761 venerandum
3035 2716 3089 2760 et
3118 2707 3267 2760 omni
3295 2708 3392 2762 ad-

1817 2800 2110 2854 miratione
2151 2799 2377 2869 dignum
2430 2799 2515 2853 lex
2572 2798 2770 2868 priscis
2811 2796 2922 2852 illis
2948 2797 3264 2852 hominibus
3289 2798 3390 2852 ad-

1818 2871 2114 2954 umbravit,
2153 2906 2277 2944 cum
2313 2887 2553 2961 pecudes
2598 2888 2829 2954 caedere,
2863 2895 2921 2943 et
2954 2884 3207 2945 cruentas
3233 2890 3389 2944 obla-

1820 2974 1997 3035 tiones
2024 2980 2254 3046 oﬁ‘erre,
2291 2981 2533 3035 decimas
2561 2988 2847 3051 praeterea,
2880 2986 2937 3034 et
2980 2977 3252 3049 primitias
3276 2980 3389 3034 Deo

1818 3088 2163 3135 consecrare,
2204 3087 2431 3127 munera
2471 3070 2729 3140 denique,
2780 3066 2982 3140 quibus
3028 3070 3094 3125 de
3152 3070 3390 3140 acceptis

159 3168 288 3236 ἡμᾶς
321 3154 519 3243 αὐτοὺς
555 3160 616 3213 τὸ
652 3160 839 3254 χρῆμά
870 3156 1058 3222 τιθείς.
1105 3154 1435 3228 Κεκλήμεθα
1465 3157 1574 3229 γὰρ
1619 3159 1713 3210 καὶ

1818 3160 2101 3220 beneﬁciis
2134 3165 2321 3235 gratia),
2363 3171 2679 3234 agerentur,
2727 3157 2923 3216 aﬁ‘erre
2960 3156 3201 3233 juberet.
3262 3161 3389 3216 Haec

157 3259 298 3329 ἡμεῖς
325 3242 474 3326 παρά
502 3270 565 3322 γε
597 3254 713 3310 ταῖς
736 3238 902 3311 θείαις
927 3244 1172 3319 Γραφαῖς
1203 3265 1220 3298 ι
1254 3248 1410 3315 γένος
1432 3246 1708 3314 ἐκλεκτὸν,

157 3349 402 3421 βασίλειον
428 3330 753 3417 ἱεράτευμα,
785 3341 935 3405 ἔθνος
964 3342 1135 3410 ἅγιον,
1161 3341 1288 3405 λαὸς
1310 3342 1390 3403 είς
1422 3341 1710 3414 περιποίη-

160 3453 251 3491 σιν.
281 3455 298 3487 ι
333 3428 727 3503 Είσελαύνομεν
755 3430 812 3484 δὲ
844 3431 937 3483 καὶ
962 3431 1040 3494 είς
1062 3429 1263 3502 σκηνὴν
1294 3429 1393 3501 τὴν
1419 3429 1711 3500 ἀληθεστέ-

159 3545 265 3599 ραν,
291 3528 352 3595 ῆν
392 3524 664 3602 ἔπηξενὸ
695 3510 898 3593 Κύριος
933 3521 1029 3574 καὶ
1073 3517 1174 3573 οὐκ
1210 3518 1528 3592 ἄνθρωπος,
1567 3520 1710 3574 τοῦτ’

157 3618 257 3671 ἔστι
320 3615 414 3687 τὴν
468 3608 816 3684 Ἐκκλησίαν,
860 3613 921 3666 οὑ
960 3612 1046 3665 διὰ
1094 3609 1307 3683 μόσχων
1365 3613 1459 3665 καὶ
1493 3612 1710 3683 τράγων

157 3705 607 3779 ἐκμειλισσόμενοι
629 3706 720 3759 τὸν
742 3704 850 3758 τῶν
871 3698 1004 3757 ὅλων
1030 3702 1233 3774 Δημιου
1243 3701 1390 3775 ργὸν,
1418 3703 1531 3757 ἀλλ’
1554 3704 1629 3768 ὡς
1650 3705 1709 3758 ὲν

156 3796 275 3869 ὀρθῇ
323 3814 380 3849 τε
426 3795 528 3848 καὶ
573 3796 856 3865 ἀμωμήτῳ
915 3793 1094 3847 πίστει
1140 3792 1564 3865 διαπρέποντες,
1613 3794 1709 3847 καὶ

154 3887 531 3957 πνευματικαῖς
582 3883 979 3955 καρποφορίαις
1042 3881 1245 3953 νοητῶς
1305 3882 1707 3946 εύωδιάζοντες.

159 3994 180 4030 ι
206 3975 482 4040 Τοιαύταις
514 3975 620 4047 γὰρ
646 3974 709 4045 δὴ
735 3974 945 4038 θυσίαις
968 3973 1345 4044 εὐαρεστεῖται
1377 3972 1531 4039 Θεὸς,
1565 3982 1585 4027 ι
1613 3973 1709 4027 καὶ

155 4068 266 4131 τοὺς
302 4060 739 4140 προσκυνοῦντας
773 4066 953 4129 αὐτὸν,
984 4066 1039 4117 ἐν
1066 4064 1335 4136 πνεύματι
1357 4065 1451 4119 καὶ
1483 4065 1709 4139 ἀληθείᾳ

155 4157 226 4214 δεῖ
243 4158 583 4232 προσκυνεῖν,
610 4157 752 4211 κατά
769 4158 867 4228 τὴν
884 4157 975 4211 τοῦ
1006 4157 1259 4227 Σωτῆρος
1285 4158 1491 4229 φωνήν.

1815 3263 1997 3311 tamen
2035 3256 2238 3320 omnia,
2273 3270 2343 3310 ne
2370 3262 2523 3309 extra
2556 3261 2802 3309 sanetum
2835 3251 3252 3307 tabernaculum
3287 3253 3385 3308 ﬁe-

1810 3354 1955 3410 rent,
1989 3344 2294 3400 constituit.
2328 3340 2601 3399 Selectum
2652 3342 2817 3412 porro
2859 3341 3177 3397 [levitarum
3215 3357 3389 3414 genus

1810 3440 1921 3493 Deo
1959 3438 2191 3503 dicavit;
2226 3451 2332 3507 qua
2370 3435 2594 3506 quidem
2624 3428 2700 3505 ⁸ἰιι
2753 3450 2813 3489 re
2857 3434 3019 3489 nobis
3055 3433 3283 3505 ﬁguram
3317 3434 3385 3490 ad

1808 3544 1909 3582 nos
1935 3527 2081 3599 ipsos
2104 3525 2469 3597 pertinentem
2497 3518 2648 3578 dedit
2682 3540 2694 3576 :
2728 3538 2855 3577 nam
2900 3522 2958 3578 in
3004 3522 3205 3579 divinis
3244 3522 3388 3578 Scri-

1812 3619 1993 3690 pturis
2031 3633 2132 3673 nos
2160 3618 2378 3687 quoque
2411 3629 2604 3671 sumus
2642 3633 2660 3665 ι
2706 3629 2879 3685 genus
2916 3613 3175 3680 electum,
3207 3616 3387 3685 regale

1816 3708 2204 3772 sacerdotium,
2225 3710 2357 3778 gens
2385 3702 2594 3768 sancta,
2621 3704 2857 3782 populus
2885 3702 3264 3773 acquisitionis
3285 3705 3331 3735 τ’
3362 3725 3381 3753 ι

1817 3800 2113 3871 appellati;
2152 3798 2247 3870 qui
2295 3788 2463 3854 etiam
2503 3796 2691 3852 verius
2737 3795 3189 3860 tabernaculum,
3240 3796 3388 3865 quod

1818 3891 1935 3945 ﬁxit
1965 3891 2130 3956 Deus,
2163 3890 2219 3945 et
2254 3905 2365 3945 non
2407 3889 2574 3943 homo
2612 3886 2679 3952 ⁷³,
2720 3885 2777 3940 id
2819 3893 2904 3941 est
2937 3884 3259 3951 Ecclesiam,
3300 3886 3389 3940 in-

1814 3980 2131 4052 gredimur;
2166 3996 2276 4035 non
2302 3979 2448 4050 quod
2482 3977 2866 4033 universarum
2901 3991 3089 4031 rerum
3118 3974 3386 4031 Condito-

1814 4074 1928 4125 rem
1954 4072 2141 4127 vitulis
2182 4077 2238 4126 et
2285 4070 2452 4125 hircis
2478 4070 2779 4140 placemus,
2810 4067 2907 4123 sed
2942 4077 3090 4123 recta
3119 4066 3388 4122 immacu-

1811 4160 2030 4233 lataque
2063 4163 2170 4218 ﬁde
2204 4164 2375 4217 simus
2437 4160 2637 4225 ornati,
2688 4174 2752 4214 ac
2791 4159 3104 4228 spirituales
3148 4159 3386 4215 oblatio-

153 4272 261 4322 nes,
305 4254 661 4327 intelligentia
708 4252 1031 4319 sublimiori,
1086 4254 1141 4307 in
1186 4252 1414 4308 odorem
1466 4253 1766 4313 suavitatis
1841 4259 2214 4315 incendamus.
2252 4279 2269 4310 ι
2323 4258 2549 4312 Talibus
2599 4256 2745 4310 enim
2793 4255 2991 4311 hostiis
3040 4263 3388 4325 promeretur

156 4349 286 4405 Deus
308 4350 353 4381 "‘
379 4369 390 4403 :
431 4370 448 4401 ι
490 4357 545 4403 et
572 4362 667 4401 eos
696 4347 790 4417 qui
828 4346 1059 4402 adorant
1087 4362 1235 4411 eum,
1264 4356 1324 4401 ut
1353 4347 1603 4402 Salvator
1625 4356 1812 4405 noster
1851 4350 2007 4413 dixit,
2062 4350 2117 4406 in
2174 4349 2373 4420 spiritu
2409 4358 2464 4403 et
2484 4348 2715 4402 veritate
2744 4345 2973 4400 adorare
2998 4353 3213 4415 oportet
3242 4347 3309 4399 ⁷⁵.

218 4446 409 4499 ΠΑΛΛ.
462 4442 669 4514 Ὀρθῶς
703 4441 856 4512 ἔφης.
893 4443 1001 4494 Καὶ
1043 4441 1256 4505 θυσίαις
1298 4441 1395 4511 μὲν
1422 4445 1541 4506 ταῖς
1572 4438 1710 4515 ὑπὲρ

1884 4444 2080 4500 PALL.
2114 4446 2283 4499 Recte
2310 4459 2439 4498 sane
2472 4442 2628 4497 dicis.
2655 4442 2858 4496 Verum
2886 4439 3082 4494 hostiis
3127 4440 3384 4510 equidem

155 4536 299 4604 νόμον
320 4535 398 4588 ὅτι
420 4532 697 4605 προσῆκεν
720 4532 863 4601 ἡμᾶς
887 4530 1059 4583 εύδοκι
1069 4533 1210 4600 μεῖν,
1235 4531 1401 4600 φαίην
1424 4531 1489 4585 ἂν
1513 4532 1706 4599 ἔγωγε·

158 4629 473 4702 συνθήσομαι
514 4628 639 4696 γάρ.
672 4625 839 4697 Πλὴν,
883 4618 1060 4679 ἐκεῖνο
1088 4625 1314 4696 φράσον·
1362 4623 1452 4697 ἆρ’
1491 4622 1589 4680 ούκ
1633 4629 1712 4692 είς

155 4721 306 4775 τύπον
333 4722 460 4791 ἡμῖν
486 4721 583 4788 τῆς
612 4718 671 4786 ἐξ
710 4716 879 4771 ὲθνῶν
922 4716 1247 4786 Ἐκκλησίας
1275 4719 1308 4779 ἡ
1344 4712 1547 4771 παλαιά
1573 4718 1713 4772 κατὰ

156 4810 242 4883 τὴν
265 4811 461 4882 ἔρημον
481 4810 804 4879 διεπήγνυτο
828 4807 1023 4877 σκηνὴ,
1053 4806 1151 4876 τῆς
1181 4798 1711 4879 ἀληθεστέραξάμυ-

154 4901 265 4976 δρόν
290 4921 400 4966 πως
438 4901 518 4956 ἔτι
548 4900 608 4955 τὸ
635 4900 829 4965 κάλλος
854 4898 1213 4968 ὲκφαίνουσας

214 5168 371 5223 ΚΥΡ.
404 5167 555 5221 Πάνυ
620 5163 719 5237 μὲν
778 5158 891 5220 οὖν.
956 5164 1135 5235 Ἔφην
1177 5164 1235 5217 δὲ
1294 5166 1389 5218 καί¹
1451 5165 1653 5236 ἀρτίως
1690 5206 1707 5232 ,

154 5243 226 5313 δτί
289 5260 383 5313 καὶ
423 5259 486 5312 τδ
529 5259 727 5329 ἄριστα
759 5257 869 5309 δεῖν
920 5254 1176 5325 είλῆφθαι
1216 5256 1350 5326 πρὸς
1397 5256 1549 5325 ίεράς
1605 5256 1711 5311 λει.

152 5352 392 5424 τουργίας
447 5351 572 5414 τοὺς
624 5349 683 5415 ἐξ
740 5347 967 5417 αἵματος
1006 5344 1171 5410 Λευῒ,
1212 5345 1307 5400 καὶ
1335 5348 1708 5420 ῗκεκλημένων

154 5442 206 5496 ιν
254 5444 429 5496 πίστει
492 5442 626 5506 πρὸς
678 5438 830 5510 ἱεράν
887 5438 982 5491 καὶ
1027 5436 1327 5508 ἀμώμητον
1382 5437 1549 5509 ζωὴν,
1604 5458 1708 5513 φη-

158 5535 212 5605 μὶ
251 5535 312 5606 δὴ
354 5534 453 5605 τὴν
500 5533 557 5586 ἐν
597 5529 850 5605 Χριστῷ,
890 5528 1056 5592 τύπος
1113 5528 1178 5581 ἂν
1236 5527 1323 5600 εἴη
1381 5531 1562 5586 πάλιν.

1808 4554 1930 4609 quae
1959 4538 2068 4593 sint
2095 4537 2361 4608 legalibus
2388 4536 2497 4589 illis
2528 4532 2953 4604 praestantiores,
2975 4547 3077 4586 nos
3107 4546 3388 4587 commen-

1808 4627 1926 4682 dari
1950 4638 2207 4697 oportere
2230 4626 2454 4679 minime
2483 4622 2801 4688 abnuerim;
2844 4621 2944 4676 tibi
2976 4621 3123 4675 enim
3150 4622 3388 4677 libenter

1808 4717 2097 4773 assentior.
2142 4716 2250 4772 Sed
2290 4726 2471 4772 tamen
2498 4713 2634 4768 illud
2679 4713 2918 4783 explices
2941 4712 3129 4777 velim,
3167 4729 3235 4767 an
3274 4730 3385 4770 non

1810 4810 1866 4864 in
1900 4809 2074 4880 ﬁgura
2121 4809 2381 4864 Ecclesiae
2426 4824 2495 4862 ex
2530 4806 2786 4878 gentibus
2818 4816 2979 4861 vetus
3018 4806 3152 4860 illud
3197 4806 3384 4861 taber-

1810 4901 2066 4956 naculum
2101 4915 2199 4971 per
2242 4914 2489 4954 eremum
2523 4899 2595 4953 sit
2632 4897 2819 4960 ﬁxum,
2844 4897 2990 4966 quod
3020 4898 3168 4951 illius
3199 4897 3383 4951 verio—

1812 4992 1889 5047 ris
1930 4991 2303 5046 obscuriorem
2339 4990 2741 5061 quodammodo
2782 4988 2963 5044 adhuc
2996 4987 3231 5056 speciem
3272 5003 3385 5056 pm

1811 5097 1868 5137 se
1905 5081 2106 5136 ferret?

1881 5171 2037 5227 ΟΥΕ.
2064 5171 2291 5226 Maxime
2320 5186 2452 5225 vero
2484 5187 2498 5224 :
2528 5168 2639 5223 dixi
2672 5167 2837 5221 etiam
2871 5164 3032 5235 paulo
3059 5172 3207 5227 ante,
3236 5162 3292 5216 in
3316 5179 3386 5217 eo

1813 5264 1959 5334 quod
1998 5264 2066 5319 ad
2119 5280 2272 5320 sacra
2319 5262 2580 5333 obsequia
2629 5261 2667 5314 ii
2715 5259 2818 5314 rite
2851 5255 3164 5312 assumendi
3201 5263 3382 5320 erant,

1814 5356 1909 5425 qui
1942 5356 2010 5411 de
2038 5371 2239 5427 genere
2267 5354 2400 5410 Levi
2440 5354 2549 5409 orti
2586 5359 2791 5415 essent,
2824 5363 3018 5405 rursus
3051 5362 3243 5402 eorum
3285 5346 3383 5416 qui

1814 5446 1879 5501 ad
1927 5461 2138 5501 sacram
2194 5444 2710 5513 immaculatamque
2754 5440 2959 5504 vitam,
3013 5438 3277 5493 nimirum
3324 5437 3383 5493 in

1814 5534 2055 5603 Christo,
2083 5535 2262 5592 vocati
2321 5544 2526 5602 essent,
2585 5533 2751 5605 289
2812 5532 3037 5603 ﬁguram
3090 5528 3383 5586 contineri.

216 5712 255 5741 ⁸⁸
276 5710 465 5764 Matth.
518 5726 639 5773 xxv,
695 5710 784 5763 2|.
859 5713 903 5744 ⁸⁵
948 5709 1047 5764 Isa.
1092 5723 1278 5767 xxxm.
1316 5707 1405 5761 20.
1482 5706 1528 5741 "
1558 5708 1708 5765 [Cor

1819 5727 1857 5777 ι,
1885 5711 1973 5766 51.
2052 5711 2093 5744 ⁷¹
2125 5712 2168 5766 ll
2191 5712 2306 5766 Pet.
2344 5725 2425 5776 ιιι,
2470 5710 2558 5765 Η.
2642 5710 2727 5764 ⁷¹1
2766 5711 2879 5763 Pet.
2914 5723 2971 5769 ιι,
3002 5706 3053 5759 9.
3128 5702 3174 5735 ’⁷³
3208 5700 3301 5756 lle“
3332 5712 3380 5759 ’.‘.

159 5792 259 5847 vm,
288 5780 338 5833 2.
415 5781 462 5811 7‘
492 5780 653 5834 llebr.
682 5797 793 5843 xm,
834 5782 918 5835 16.
994 5781 1038 5809 ⁷⁵
1060 5778 1212 5833 Joau.
1247 5794 1318 5843 ιν,
1347 5779 1437 5833 24.
