3982 6532
650 439 747 498 591

1675 436 1730 491 S.
1771 435 2049 492 CYRILL!
2088 434 2560 493 ALEXANDRINI
2602 431 2919 488 ARCHIEP.
3753 443 3828 499 ωε

719 556 915 613 PALL.
960 556 1123 610 Visne
1155 554 1320 625 igitur
1346 552 1601 608 nonnihil
1642 552 1711 608 de
1753 564 1945 609 sancto
1973 552 2231 609 taberna-

2410 552 2618 607 HAAA.
2661 548 2847 603 Βούλει
2896 548 2961 620 δή
3008 541 3101 603 οὖν
3147 547 3302 615 ὀλίγα
3346 548 3478 602 ἀττα
3528 552 3641 622 περί
3676 568 3727 608 τε
3757 559 3827 630 τῆς

647 650 792 715 culo,
821 657 875 704 et
903 647 972 702 de
1010 646 1168 719 legali
1198 645 1508 701 sacerdotio
1562 644 1831 711 dicamus,
1883 646 1958 701 ita
2002 654 2062 701 ut
2112 661 2233 716 quia

647 740 987 797 sanctissime
1016 746 1145 793 sunt
1174 744 1404 806 utraque
1444 736 1513 791 de
1555 752 1614 793 re
1650 737 1880 804 sancita,
1911 746 2100 793 nostra
2134 753 2230 793 ex-

648 833 831 902 quirat
858 830 1035 885 oratio
1050 830 1075 882 ἲ

712 986 871 1041 CVR.
918 986 1015 1041 Est
1044 985 1268 1056 quidem
1311 1000 1375 1040 ea
1428 1000 1521 1040 res
1564 985 1709 1040 haud
1744 986 1920 1039 facilis
1957 985 2233 1038 :maxima

686 1093 883 1147 amque
910 1077 1072 1133 nobis
1104 1092 1273 1148 opera
1296 1086 1353 1133 et
1380 1076 1588 1143 labore,
1614 1076 1841 1142 Palladi,
1864 1075 1930 1129 ad
1965 1076 2082 1130 hac
2115 1084 2233 1129 tum

649 1167 1021 1238 intelligenda,
1048 1175 1165 1222 tum
1204 1168 1371 1223 etiam
1394 1166 1739 1233 disserenda,
1766 1182 1906 1236 opus
1940 1167 2066 1221 erit.
2099 1165 2230 1230 Sed,

648 1259 696 1313 si
720 1259 794 1314 ita
824 1259 1060 1325 videtur,
1092 1260 1190 1315 Dei
1222 1259 1425 1316 auxilio
1475 1259 1622 1322 freti,
1652 1258 2030 1330 aggrediamur
2068 1275 2081 1309 ε
2132 1272 2233 1311 au-

652 1352 781 1406 disti
813 1351 961 1406 enim
990 1352 1143 1407 illum
1180 1358 1373 1423 aperte
1402 1351 1677 1407 dicentem
1724 1368 1737 1402 :
1779 1369 1796 1401 ι
1828 1349 1963 1416 Quis
1988 1349 2141 1404 dedit
2172 1365 2236 1404 os

653 1445 861 1500 homini
886 1444 910 1497 ?
933 1452 989 1500 et
1016 1444 1141 1514 quis
1170 1443 1303 1500 fecit
1357 1453 1573 1498 mutum
1634 1450 1691 1497 et
1745 1442 1997 1507 surdum,
2034 1441 2231 1497 viden—

655 1546 763 1590 tem
795 1545 849 1591 et
875 1551 1079 1593 caecum
1100 1537 1125 1589 ?
1148 1551 1330 1592 nonne
1364 1551 1464 1606 ego
1492 1535 1757 1590 Dominus
1792 1533 1972 1589 Deus?
1997 1534 2064 1588 Et
2088 1549 2234 1587 nunc

654 1628 811 1692 vade,
847 1636 905 1683 et
946 1644 1046 1698 ego
1070 1628 1312 1699 aperiam
1343 1644 1405 1683 os
1430 1636 1585 1682 tuum
1610 1629 1677 1680 ⁷⁸.
1719 1645 1736 1678 ι

723 1873 919 1929 PALL.
954 1875 1122 1945 Perge
1153 1873 1337 1945 igitur,
1371 1882 1429 1928 et
1472 1873 1625 1928 illum
1680 1872 1962 1943 sapientiae
2010 1873 2235 1942 largito.

655 1978 772 2018 rem
804 1962 872 2018 ad
901 1979 1021 2019 eam
1050 1978 1170 2019 rem
1202 1963 1510 2034 adjutorem
1549 1963 1771 2018 adhibe.

710 2090 877 2155 'CYR.
917 2098 1147 2170 Pergam
1180 2099 1458 2169 equidem,
1499 2108 1664 2169 atque
1698 2101 1809 2170 jam
1843 2098 2127 2169 aggrediar
2167 2099 2235 2153 ad

651 2189 966 2254 dicendum,
1001 2204 1066 2244 ac
1098 2188 1166 2244 de
1212 2189 1385 2244 sacris
1417 2188 1639 2243 Litteris
1675 2188 1968 2259 diligenter
1993 2189 2240 2243 testimo-

652 2281 742 2335 nia
770 2280 1043 2351 colligam.
1078 2279 1375 2335 Descendit
1415 2279 1585 2351 igitur
1614 2279 1757 2350 ignis
1782 2279 1964 2348 specie
1992 2279 2047 2333 in
2077 2293 2236 2333 mon-

653 2383 763 2429 tem
798 2372 929 2427 Sina
950 2371 1098 2427 Deus
1133 2372 1227 2428 ille
1255 2373 1642 2427 universorum
1679 2370 1952 2435 conditor,
1982 2371 2237 2441 legesque

652 2464 777 2519 tulit
829 2464 1033 2534 quibus
1077 2464 1275 2519 liceret
1329 2463 1576 2535 singulas
1624 2462 1871 2517 actiones
1918 2461 1986 2516 ad
2030 2469 2237 2516 rectam

650 2571 950 2625 veramque
981 2570 1233 2610 normam
1268 2554 1531 2628 dirigere.
1565 2554 1795 2618 Deinde,
1834 2561 1897 2608 ut
1935 2553 2056 2608 illos
2083 2569 2113 2609 a
2147 2569 2240 2608 ve-

651 2648 757 2702 teri
785 2664 976 2704 errore
1023 2648 1327 2704 abduceret
1349 2688 1363 2713 ,
1400 2655 1566 2719 atque
1589 2664 1620 2703 a
1655 2646 1792 2702 falso
1828 2647 1977 2701 cultu
2031 2646 2236 2716 longis-

649 2740 789 2796 sime
832 2750 1163 2806 removeret,
1224 2740 1444 2796 locutus
1493 2747 1579 2795 est
1640 2738 1707 2794 ad
1767 2738 2008 2810 Moysen,
2043 2738 2137 2807 qui
2171 2753 2238 2792 eo

647 2837 899 2902 ampore
971 2830 1247 2886 mediator
1294 2839 1434 2886 erat.
1479 2850 1497 2882 ι
1542 2831 1669 2887 Haec
1724 2829 1915 2892 dices,
1963 2850 1981 2880 ι
2020 2830 2233 2900 inquit,

658 2939 678 2972 ι
703 2919 896 2975 domui
930 2921 1123 2988 Jacob,
1155 2929 1212 2976 et
1232 2921 1590 2976 annuntiabis
1617 2920 1744 2977 ﬁliis
1777 2922 1941 2977 Israel
1982 2941 1994 2975 :
2024 2923 2133 2979 Vos
2158 2924 2238 2978 vi-

649 3014 811 3069 distis
872 3013 1019 3083 quod
1046 3029 1078 3068 e
1116 3014 1257 3069 cmlo
1296 3014 1519 3069 locutus
1552 3015 1656 3069 sim
1684 3014 1843 3069 vobis
1875 3033 1887 3069 :
1925 3032 2036 3069 non
2064 3014 2235 3071 facie-

646 3104 721 3159 tis
750 3105 910 3159 vobis
928 3105 1063 3161 deos
1088 3111 1400 3177 argenteos,
1436 3110 1492 3159 et
1515 3102 1648 3159 deos
1671 3120 1871 3161 aureos
1892 3122 2002 3161 non
2024 3105 2237 3161 facietis

643 3195 804 3249 vobis
841 3195 974 3265 ipsis
999 3196 1063 3249 ⁷⁷.
1100 3214 1117 3247 ι
1146 3195 1289 3250 Deos
1312 3195 1460 3250 enim
1486 3195 1623 3250 falso
1658 3197 1883 3252 nomine
1934 3199 2236 3269 appellatos

646 3286 828 3342 colere
858 3302 969 3343 non
1000 3286 1391 3357 permittebat;
1430 3285 1527 3341 sed
1552 3285 1604 3341 ei
1625 3287 1727 3342 soli
1760 3287 2027 3344 inhaerere
2053 3290 2234 3361 jubet,

645 3377 742 3448 qui
791 3376 859 3433 de
899 3377 1116 3447 superis
1154 3376 1292 3432 locis
1330 3392 1394 3433 ac
1438 3377 1506 3432 de
1546 3378 1687 3433 caelo
1730 3387 1977 3445 venerat,
2027 3381 2234 3451 quique

645 3484 840 3524 revera
927 3469 1099 3524 rebus
1158 3468 1432 3524 universis
1489 3468 1912 3535 dominabatur,
1969 3472 2234 3542 cujusque

646 3558 907 3629 splendor
931 3576 1043 3614 non
1075 3560 1347 3614 materiali
1385 3562 1569 3631 specie
1615 3569 1781 3632 atque
1831 3563 2015 3617 colore
2054 3564 2232 3618 conti-

648 3649 922 3715 nebatur;
960 3649 1055 3704 sed
1091 3648 1148 3703 in
1180 3666 1247 3705 eo
1285 3650 1433 3721 quod
1466 3667 1626 3705 suum
1658 3668 1780 3709 esse
1820 3655 2018 3709 caelum
2044 3664 2233 3710 ostcn-

648 3738 833 3794 debat.
879 3740 1012 3797 Erat
1055 3748 1239 3795 autem
1277 3741 1684 3812 quodammodo
1728 3745 2120 3811 necessarium,
2148 3755 2230 3812 ut,

647 3833 850 3904 quibus
871 3834 1086 3905 jussum
1124 3841 1263 3901 erat,
1314 3850 1346 3889 a
1374 3835 1550 3890 veteri
1592 3836 1872 3907 impietate
1910 3838 2231 3910 nefarioque

647 3923 800 3978 cultu
834 3924 1125 3991 recedere,
1179 3924 1218 3979 ii
1270 3924 1341 3980 ad
1389 3927 1847 3983 consuetudinem
1876 3930 2039 3984 aliam
2082 3931 2231 3987 illico

650 4016 967 4081 transirent,
1008 4032 1071 4070 ac
1125 4017 1220 4071 Dei
1262 4018 1409 4073 illius
1469 4019 1563 4089 qui
1625 4022 1928 4077 secundum
1976 4030 2229 4079 naturain

644 4109 793 4164 Deus
814 4118 919 4174 est,
959 4111 1190 4174 cultum,
1238 4120 1498 4181 tanquam
1530 4115 1720 4186 jugum
1762 4115 2060 4186 quoddam,
2100 4117 2231 4172 sub-

2342 643 2502 713 ἁγίας
2539 642 2777 712 σκηνῆς.
2806 641 2900 694 καὶ
2921 642 3020 712 τῆς
3048 639 3192 695 κατά
3221 640 3383 711 νόμον
3418 640 3829 717 ιερωσύνηςλέτω

2344 752 2478 807 μεν,
2517 734 2899 806 βασανίζοντος
2945 735 3080 805 ήμίν
3119 733 3214 786 τοῦ
3262 732 3420 801 λόγου
3460 735 3526 788 τὰ
3571 735 3648 787 ἔπ’
3681 738 3829 811 tam

2339 829 2501 893 ὁσίως
2530 825 2930 898 τεθεσπισμένα
2955 842 2970 891 ;

2413 982 2577 1036 ΚΥΡ.
2625 982 2739 1036 Οὐκ
2780 981 2991 1054 ἀτραχυ
3024 980 3122 1051 μὲν
3151 980 3213 1033 τὸ
3242 980 3449 1051 χρῆμα·
3485 981 3637 1038 πόνου
3655 986 3759 1058 γὰρ,
3778 987 3829 1044 οἵ.

2343 1091 2465 1146 μαι,
2494 1073 2677 1145 δεήσει
2714 1070 2950 1145 μακροῦ,
2989 1072 3087 1125 καὶ
3113 1071 3334 1143 ἱδρῶτος
3360 1073 3511 1143 ἡμῖν,
3538 1067 3581 1127 ὧ
3610 1076 3829 1143 Παλλάδα,

2340 1166 2476 1236 πρός
2516 1180 2577 1217 τε
2613 1164 2674 1216 τὸ
2719 1161 2978 1217 δύνασθαι
3023 1162 3264 1217 συνιέναι
3302 1163 3491 1228 ταυτὶ,
3535 1165 3623 1218 καὶ
3654 1167 3741 1239 μὴν
3767 1176 3830 1225 καὶ

2340 1257 2567 1326 φράσαι.
2614 1254 2801 1326 Ἀτάρ,
2833 1254 2969 1307 εῐτοι
3003 1254 3172 1319 δοκεῖ,
3202 1253 3322 1325 Θεῷ
3358 1254 3568 1310 πίσυνοι
3591 1256 3830 1332 ὃιαστιίχω-

2345 1364 2468 1418 μεν·
2500 1346 2756 1401 διεπύθου
2791 1344 2902 1416 γὰρ
2957 1345 3211 1415 λέγοντος
3252 1345 3529 1416 ἐναργῶς,
3562 1364 3579 1398 ι
3615 1348 3695 1413 Τίς
3714 1350 3830 1407 ἔδωκε

2343 1441 2517 1511 στόμα
2570 1437 2874 1509 ἀνθρώπως
2927 1437 3021 1491 καὶ⁵
3071 1436 3155 1501 τίς
3211 1437 3437 1507 εποίησε
3490 1437 3735 1509 δύσκωφον
3771 1446 3833 1496 ul

2340 1531 2555 1600 κωφὸν,
2604 1530 2869 1600 βλέποντα
2916 1530 3014 1583 καὶ
3056 1528 3290 1598 τυφλόν;
3336 1530 3439 1582 οὐκ
3482 1530 3591 1599 ἐγὼ
3626 1533 3832 1604 Κύριοςὸ

2341 1623 2500 1686 Θεός;
2558 1624 2654 1676 καὶ
2693 1621 2788 1676 νῦν
2835 1621 3068 1693 πορεύου
3121 1621 3217 1675 καὶ
3258 1619 3372 1690 έγὼ
3411 1622 3599 1688 ἀνοίξω
3632 1625 3684 1677 τὸ
3709 1627 3831 1696 στόμα

2342 1729 2456 1767 σου.
2500 1733 2520 1766 θ

2413 1866 2622 1921 ΠΑΛΛ.
2663 1866 2765 1920 Ἴθι
2797 1866 2862 1936 δὴ
2885 1863 3001 1930 οὖν,
3029 1866 3376 1938 συλλήπτορα
3404 1866 3496 1920 καὶ
3518 1867 3640 1937 πρός
3659 1884 3708 1935 γε
3730 1871 3831 1922 τουτὶ

2339 1955 2433 2009 τὸν
2452 1956 2551 2027 τῆς
2579 1956 2774 2026 σοφίας
2815 1956 3139 2028 ποιούμενος
3168 1957 3431 2030 χορηγόν.

2409 2091 2577 2145 ΚΥΡ.
2608 2090 2818 2145 Ούκοῦν
2867 2086 2983 2162 εἶμί
3024 2108 3141 2156 τοι,
3178 2092 3275 2145 καὶ
3326 2090 3392 2162 δὴ
3439 2090 3533 2144 καὶ
3576 2091 3688 2162 ἐρῶ,
3714 2094 3765 2146 τὰ
3792 2095 3833 2160 ἐξ

2340 2184 2501 2255 ἱερῶν
2552 2183 2901 2256 Γραμμάτων
2945 2179 3005 2238 εὖ
3054 2183 3201 2255 μάλα
3242 2184 3593 2253 συνενεγκών.
3633 2185 3829 2257 Κατέθορι

2342 2276 2441 2347 μὲν
2485 2275 2595 2347 γὰρ
2641 2278 2698 2330 έν
2745 2275 2875 2329 εῖδει
2924 2276 3099 2347 πυρὸς
3135 2276 3230 2329 ἐπὶ
3270 2275 3399 2346 ὅρος
3449 2275 3511 2329 τό
3550 2275 3665 2329 Σινᾶ
3691 2276 3831 2340 Θεὺςό

2340 2369 2559 2423 πάντων
2584 2367 2940 2440 δημιουργὸς,
2975 2367 3073 2421 καὶ
3120 2368 3319 2439 νόμους
3361 2366 3547 2431 ἐτίθει,
3576 2366 3681 2420 καθ’
3702 2367 3771 2431 οὓς
3786 2365 3830 2438 ἦν

2338 2461 2547 2515 ἕκαστα
2584 2459 2697 2514 τῶν
2738 2458 3029 2530 πρακτέων
3075 2458 3452 2530 ἀποφέρεσθαι
3496 2458 3618 2528 πρὸς
3662 2459 3710 2511 τὸ
3742 2460 3828 2513 εὐθὺ

2338 2553 2432 2607 καὶ
2479 2551 2783 2624 ἀκισδήλως
2813 2551 2956 2622 ἔχον.
3003 2547 3139 2605 Εἶτα
3171 2552 3268 2624 τῆς
3321 2552 3671 2624 ἀρχαιοτέρας
3694 2553 3829 2615 ali-.93;

2337 2643 2689 2716 ἀποκομίζων
2723 2642 2954 2715 πλάνης,
2991 2645 3087 2698 καὶ
3129 2644 3228 2716 τῆς
3266 2644 3325 2697 έν
3364 2643 3613 2714 Αἰγύπτῳ
3640 2643 3828 2713 ψευδαλα-

2336 2736 2523 2810 τρείας
2569 2735 2645 2801 ὡς
2695 2735 2971 2792 ἀπωτάτω
3009 2736 3213 2802 τιθεὶς,
3247 2736 3573 2807 προσελάλει
3614 2738 3749 2808 Μωσῇ
3780 2735 3831 2809 τῷ

2336 2828 2592 2899 τηνικάδε
2616 2828 2979 2899 μεσιτεύοντι.
3015 2848 3033 2881 ι
3058 2828 3196 2883 Τάδε
3228 2830 3439 2901 ὲρείς,›
3470 2828 3617 2898 φησὶ,
3638 2827 3722 2899 ιτῷ
3742 2830 3829 2896 sing

2351 2920 2570 2987 Ἰακὼϐ,
2614 2921 2711 2975 xa‘t
2752 2920 3073 2990 ἀναγγελεῖς
3115 2923 3229 2985 τοῖς
3270 2923 3413 2985 υἱοῖς
3456 2920 3669 2993 Ἰσραήλ*
3701 2920 3829 2991 Ὑμιέ

2337 3014 2641 3086 ἑωράκατε,
2676 3013 2758 3068 ὅτι
2790 3014 2855 3067 ὲκ
2889 3012 2984 3067 τοῦ
3013 3013 3243 3084 ούρανοῦ
3276 3012 3553 3083 λελάληκα
3576 3013 3689 3083 πρὸς
3717 3012 3827 3082 ὑμᾶς,

2338 3105 2401 3158 ού
2432 3106 2689 3177 ποιήσετε
2719 3106 2935 3170 ἑαυτοῖς
2968 3105 3125 3170 θεοὺς
3155 3104 3460 3179 ἀργυροῦς,
3494 3106 3581 3159 καὶ
3603 3104 3830 3175 0209:199-

2339 3197 2466 3262 σοῦς
2507 3198 2568 3251 ού
2612 3202 2869 3269 ποιήσετε
2920 3199 3048 3270 ὑμῖν
3102 3199 3337 3262 ἑαυτοῖς.
3401 3217 3421 3251 ι
3459 3197 3601 3261 Θεοῖς
3642 3198 3720 3268 μὲν
3754 3197 3829 3266 γὰρ

2336 3291 2437 3345 οὐκ
2468 3292 2621 3363 ήφίει
2658 3294 2775 3356 τοῖς
2803 3290 3176 3363 ψευδωνύμοις
3207 3281 3517 3364 λατρεύειν.
3556 3290 3831 3363 Προσκείσθιι

2334 3382 2392 3436 δὲ
2420 3383 2531 3437 δεῖν
2572 3383 2853 3438 ἐπιτάττει
2885 3383 3032 3456 μόνῳ
3054 3382 3132 3455 τῷ
3156 3382 3373 3437 ἀνωθεν
3400 3384 3579 3455 ἥκοντι
3606 3384 3682 3436 καὶ
3706 3382 3751 3447 ἐξ
3766 3383 3830 3433 οὓς

2337 3469 2526 3541 ρανοῦ,
2573 3472 2669 3525 κα)⁵
2717 3472 2796 3543 τῷ
2845 3473 2987 3526 κατὰ
3035 3472 3253 3527 πάντων
3294 3471 3570 3536 οὐσιωδῶς
3610 3470 3829 3542 ἀνημμένῳ

2332 3560 2396 3613 τὸ
2442 3561 2645 3633 κράτος
2664 3603 2680 3628 ,
2710 3562 2814 3616 ούκ
2859 3563 2916 3616 ὲν
2946 3562 3244 3637 ,εύχροίαις
3291 3563 3440 3617 ὑλῶν
3471 3563 3631 3634 ἔχοντι
3656 3560 3704 3614 τὸ
3726 3579 3829 3631 περι-

2334 3650 2524 3721 φανὲς,
2557 3652 2672 3706 ἀλλ’
2701 3656 2759 3707 ὲν
2794 3653 2874 3725 τῷ
2906 3653 3173 3709 δεικνύειν
3220 3655 3359 3709 ἴδιον
3397 3654 3521 3709 sm
3549 3655 3628 3709 τὸν
3649 3654 3825 3727 οὐρανόν.

2332 3741 2442 3800 Ἦν
2471 3745 2530 3800 δέ
2562 3765 2679 3811 πως
2721 3747 2967 3818 ἀνάγκη,
2998 3748 3127 3812 τοὺς
3167 3748 3266 3820 τῆς
3302 3748 3535 3820 ἀρχαίας
3567 3748 3827 3818 ἀνοσιότητος

2333 3837 2428 3888 καὶ
2474 3835 2703 3909 βεϐήλου
2753 3838 3010 3910 λατρείας
3063 3840 3374 3911 ἀποφοιτᾷν
3433 3840 3823 3912 ἐπιτεταγμένους,

2332 3931 2417 3999 ἐφ’
2447 3931 2641 4001 ἑτέραν
2672 3932 2835 3996 εὐθὺς
2882 3932 3275 4004 μεταχωρῆσαι
3322 3933 3621 4004 συνήθειαν,
3652 3934 3726 3984 καὶ
3752 3930 3826 3986 ὦσ-

2337 4038 2438 4093 περ
2470 4022 2596 4075 τινὰ
2638 4023 2806 4092 ζυγὸν
2835 4023 3087 4077 ὑπελθεῖν
3116 4024 3216 4095 τὴν
3259 4024 3370 4078 ὑπὸ
3396 4025 3514 4096 6εῷ
3538 4024 3609 4097 τῷ
3630 4022 3742 4079 κατᾰ
3762 4022 3828 4093 φύ-

2332 4130 2437 4178 σιν,
2469 4114 2751 4188 λατρείαν.
2788 4117 3096 4187 Ἀνειμένος
3123 4117 3232 4189 γὰρ
3273 4117 3425 4183 νοῦς,
3467 4118 3745 4180 ἀκάθεκτος,
3765 4116 3828 4167 καὶ

647 4200 791 4255 'rent
823 4218 837 4253 :
864 4201 1081 4255 animus
1111 4201 1312 4272 quippe
1339 4204 1481 4259 liber
1513 4221 1576 4260 ac
1603 4207 1817 4262 solutus
1841 4208 2088 4262 cohibe'ri
2113 4226 2225 4266 non

2333 4204 2463 4259 πολὺ
2496 4204 2616 4259 λίαν
2648 4206 2868 4278 ἕτοιμος
2896 4208 2977 4271 είς
3012 4207 3317 4280 ἀποφορὰν,
3348 4209 3452 4280 τήν
3488 4211 3563 4271 είς
3588 4210 3680 4263 πᾶν
3702 4206 3825 4261 ὁτιοῦν

644 4301 846 4363 potest,
893 4293 1259 4365 facillimeque
1308 4295 1376 4350 ad
1406 4296 1801 4353 absurdissima
1828 4315 2056 4370 quasque
2082 4316 2224 4371 prte-

2333 4298 2437 4353 τῶν
2464 4299 2861 4353 ὲκτοπωτάτων
2890 4300 3162 4372 δειμάτων
3200 4317 3261 4353 τε
3302 4302 3402 4355 καὶ
3432 4301 3683 4373 φροντίδος
3707 4302 3826 4369 ἐπηρ-

644 4398 775 4454 eeps
802 4383 977 4438 fertur
1006 4403 1021 4438 :
1051 4385 1217 4451 idem,
1268 4388 1313 4442 si
1352 4397 1533 4443 metus
1562 4397 1727 4459 atque
1774 4390 2088 4446 sollicitudo
2118 4392 2224 4447 ina-

2333 4407 2391 4463 τη
2401 4391 2597 4461 μένων,
2627 4391 3030 4465 ἀταλαιπώρως
3054 4393 3253 4465 κομιδῆ
3278 4394 3484 4448 διάττει
3508 4395 3630 4467 πρὸς
3652 4394 3701 4446 τὺ
3718 4391 3826 4451 εὐθὺ»

644 4473 869 4537 minent,
913 4474 1063 4529 nullo
1096 4476 1315 4545 negotio
1344 4476 1411 4530 ad
1438 4484 1649 4532 rectum
1694 4478 1799 4532 iter
1842 4480 2123 4544 accurrit,
2169 4490 2226 4535 et

2333 4482 2420 4536 καὶ
2451 4482 2707 4538 ἀπονεύει
2750 4482 2885 4555 πρὸς
2914 4484 2974 4537 τὸ
3001 4484 3300 4557 συμφέρον.
3347 4486 3561 4558 Ἐπειδὴ
3586 4486 3635 4539 δὲ
3664 4486 3717 4539 δι’
3736 4481 3828 4537 Υίοῦ

642 4563 711 4617 ad
768 4562 821 4617 id
859 4564 1003 4633 quod
1054 4566 1187 4621 utile
1227 4576 1314 4622 est
1356 4570 1713 4625 convertitur.
1765 4570 2035 4637 Quoniam
2092 4588 2222 4627 vero

2333 4574 2597 4645 πρόσιμεν
2625 4575 2703 4646 τῷ
2735 4575 2928 4648 Πατρίο
2973 4597 2992 4629 ι
3028 4577 3217 4642 Οὐδεὶς
3248 4578 3361 4650 γάρ
3406 4578 3611 4651 ἔρχεται
3636 4573 3828 4642 πρὸςτδν

643 4665 742 4720 per
785 4649 983 4705 Filium
1017 4653 1329 4708 recedimus
1368 4655 1435 4710 ad
1474 4657 1691 4713 Patrem
1734 4677 1748 4711 :
1794 4679 1811 4711 ‹
1859 4660 2032 4716 Nemo
2071 4662 2219 4715 enim

2333 4664 2604 4737 Πατέρα,›
2640 4667 2858 4737 φησὶν,‹
2887 4668 2935 4721 εί
2969 4667 3045 4739 μή
3063 4668 3130 4722 δι’
3151 4649 3341 4739 tholi
3372 4649 3569 4724 Λοιπὸν
3584 4666 3826 4736 ἀναγκαίως

642 4740 793 4795 venit
816 4741 882 4795 ad
909 4741 1127 4795 Patrem
1150 4782 1164 4806 ,
1197 4761 1214 4792 ι
1255 4742 1461 4812 inquit,
1492 4764 1510 4795 ι
1536 4746 1642 4801 nisi
1667 4763 1765 4817 per
1804 4764 1890 4804 me
1930 4750 2013 4816 "';
2040 4771 2057 4801 ›
2096 4752 2222 4808 ideo

2333 4756 2420 4827 τὴν
2457 4757 2525 4811 δι’
2557 4756 2688 4810 Υἱοῦ
2724 4759 2984 4831 πρόσοδον
3004 4758 3099 4814 καὶ
3138 4760 3240 4830 τῆς
3261 4761 3318 4813 ὲν
3348 4759 3499 4832 αύτῷ
3524 4757 3825 4833 καρποφορῖις

638 4843 864 4883 necesse
894 4828 998 4882 fuit
1022 4839 1083 4883 ut
1105 4829 1281 4899 ipsum
1307 4846 1405 4901 per
1428 4832 1624 4888 Filium
1661 4850 1961 4903 accessum,
1980 4848 2035 4893 et
2061 4840 2214 4896 obla—

2333 4848 2450 4912 τοὺς
2483 4847 2710 4916 τύπους,
2744 4828 3094 4921 ἐθεσμοθέτει
3123 4828 3319 4919 λέγων·
3364 4870 3383 4902 ι
3416 4828 3761 4921 Θυσιαστήριον
3780 4846 3826 4899 ιι

638 4918 869 4983 ιὲοηυηι,
920 4934 1042 4988 qua:
1086 4935 1184 4990 per
1217 4920 1399 4990 ipsum
1443 4921 1737 4980 offerenda:
1786 4938 1974 4993 erant,
2014 4930 2217 5001 figuras

2333 4939 2424 5010 γῆς
2472 4942 2720 5010 ποιήσεις
2751 4918 2889 5012 μοι,
2911 4942 3007 4997 καὶ
3036 4918 3229 4996 θύσετε
3264 4942 3355 4995 ἐπ’
3396 4940 3541 5012 αύτῷ
3567 4939 3629 4995 τὰ
3656 4918 3824 4994 stomu-

632 5008 751 5081 lege
778 5010 1038 5075 sanciret,
1065 5010 1255 5066 dicens
1283 5029 1301 5065 τ
1336 5031 1353 5063 ‹
1380 5013 1566 5069 Altare
1589 5031 1656 5069 ex
1682 5027 1826 5071 terra
1857 5018 2025 5074 facies
2049 5022 2209 5088 mihi,

2333 5008 2572 5103 ιῶματα,
2589 5008 2702 5086 καὶ
2733 5008 2833 5096 τὰς
2860 5008 3056 5097 θυσίας
3081 5034 3110 5087 ὑ
3119 5034 3261 5105 μῶν,
3285 5034 3354 5088 τὰ
3378 5008 3614 5106 «pasam
3639 5032 3717 5087 καὶ
3736 5030 3824 5090 τοὺς

630 5099 795 5170 200
812 5110 866 5155 et
885 5100 1248 5156 immolabitis
1267 5116 1432 5171 super
1457 5102 1576 5172 ipso
1603 5103 1919 5161 holocausta
1933 5116 1989 5163 et
2004 5108 2212 5165 hostias

2333 5099 2451 5186 Βόας
2499 5121 2673 5193 ὑμῶν,
2723 5124 2781 5176 tv
2833 5125 2999 5178 παντὶ
3060 5099 3213 5197 τόπῳ
3262 5118 3307 5195 ᾧ
3352 5099 3434 5181 ἄν’
3469 5124 3752 5195 tuome
3782 5118 3825 5170 τὺ

632 5201 859 5255 vestras,
893 5209 1025 5248 oves
1051 5202 1107 5248 et
1144 5194 1313 5250 boves
1346 5202 1557 5248 vestros
1580 5193 1633 5248 in
1664 5197 1813 5251 omni
1847 5198 1968 5253 loco
2018 5201 2072 5256 in
2100 5217 2212 5273 quo

2333 5211 2493 5284 5νομά
2514 5229 2616 5284 μου
2649 5214 2785 5268 ἐκεῖ·
2820 5216 2915 5270 καὶ
2958 5215 3076 5287 ἥξω
3107 5193 3246 5290 πρδς
3276 5193 3354 5283 σὲ,
3384 5218 3479 5272 καὶ
3503 5193 3745 5285 εὐλογήσω
3767 5227 3822 5263 σε.

628 5297 902 5337 vocavere
937 5300 1138 5339 nomen
1192 5300 1376 5340 meum
1431 5284 1505 5339 ibi
1538 5302 1551 5337 :
1581 5294 1637 5340 et
1683 5287 1900 5343 veniam
1943 5290 2011 5345 ad
2050 5300 2126 5357 te,
2158 5300 2216 5348 et

2333 5301 2456 5356 Ἐὰν
2485 5301 2543 5355 δὲ
2572 5303 2637 5357 ὲκ
2668 5303 2834 5359 λίθων
2872 5284 3262 5380 θυσιαστήριον
3286 5309 3449 5379 ποιῇς
3480 5324 3584 5378 μοι,
3606 5284 3691 5357 οὐκ
3716 5302 3824 5353 olxo-

627 5372 953 5428 benedicam
1002 5375 1125 5430 tibi.
1163 5376 1220 5431 Si
1250 5386 1436 5433 autem
1469 5379 1537 5435 de
1567 5379 1842 5451 lapidibus
1867 5382 2038 5439 altare
2062 5383 2211 5441 fece-

2333 5394 2577 5464 ῑομήσεις
2621 5394 2824 5460 αὐτοὺς
2874 5372 3241 5470 τμητούςῗτδ
3276 5372 3414 5471 γὰρ’⁷
3430 5372 3720 5468 ἐγχειρίδιόν
3757 5403 3825 5440 σου

627 5465 705 5521 ris
735 5464 895 5530 mihi,
936 5483 1046 5521 non
1077 5468 1378 5527 aedificabis
1410 5487 1507 5529 eos
1551 5482 1763 5540 sectos;
1801 5475 2012 5530 cultum
2060 5477 2209 5532 enim

2333 5478 2685 5551 ιπιδέϐληκας
2711 5482 2800 5535 ἐπ’
2829 5464 2986 5550 αὐτὸ,
3028 5486 3122 5538 καὶ
3152 5464 3530 5557 μεμίανται.τί
3566 5464 3730 5553 Ῡήῖνον
3752 5475 3824 5546 μιν

625 5564 782 5614 tuum
816 5559 1053 5631 injecisti
1104 5576 1270 5632 super
1325 5563 1506 5633 ipsos,
1548 5574 1605 5620 et
1646 5564 1920 5637 inquinati
1950 5571 2201 5624 sunt".i

2333 5570 2423 5643 reip
2455 5570 2713 5643 ὀνομάζει
2756 5573 3144 5649 θυσιαστήριον
3191 5577 3285 5631 τὸν
3337 5572 3680 5649 Ἐμμανουήλ
3711 5588 3726 5620 ι
3755 5564 3824 5619 Γί·

625 5648 930 5708 Terrenum
958 5652 1107 5708 enim
1139 5653 1332 5721 altare,
1364 5655 1544 5727 ipsum
1570 5657 1895 5715 Emmanuel
1925 5661 2165 5733 appellat
2190 5681 2202 5714 ε

2333 5679 2437 5729 Γονε
2462 5663 2573 5735 γὰρ
2600 5664 2739 5737 σὰρξ
2773 5666 2801 5720 ὁ
2829 5648 3066 5737 Λόγος.»
3104 5668 3181 5739 Γῆ
3206 5667 3264 5721 δὲ
3285 5669 3347 5722 έκ
3371 5668 3474 5740 γῆς
3500 5668 3532 5739 ή
3554 5648 3839 5736 σαρκόςὲστι

694 5828 743 5862 ’⁵
767 5830 937 5888 Exod.
973 5850 1045 5901 tv,
1084 5836 1170 5902 11,
1200 5837 1287 5892 12.
1365 5839 1410 5873 ⁷⁷
1434 5839 1605 5897 Exod.
1639 5856 1728 5907 xx,
1762 5840 1851 5907 22,
1873 5842 1965 5899 25.
2021 5844 2234 5919 _"'_Joan

2333 5862 2396 5911 ιν,
2433 5846 2484 5901 6.
2562 5848 2609 5880 "
2672 5847 2845 5904 Exod.
2905 5864 2998 5918 xx,
3048 5849 3141 5916 24,
3176 5848 3267 5904 25.
