4140 6506
294 365 405 425 59$

1044 360 1134 416 DE
1170 358 1613 416 ADORATIONE
1650 356 1719 413 IN
1758 356 2032 413 SPlRlTU
2074 355 2163 411 ET
2203 353 2567 410 VERITATE.
2610 353 2737 408 LIB.
2779 353 2869 409 rx.

3449 349 3554 409 594

296 478 487 548 φύσις.
542 477 630 530 Ἐν
656 475 880 548 Χριστῷ
906 474 972 546 δή
1001 472 1096 529 οὖν
1123 478 1158 547 ή
1198 476 1349 530 πᾶσα
1395 476 1743 548 καρποφορία
1781 474 1874 528 καλ⁵

1989 489 2001 521 ι
2051 470 2289 527 Verbum
2338 471 2484 526 enim
2535 484 2664 525 caro
2711 470 2918 526 factum
2954 478 3041 526 est
3064 470 3129 524 “.
3177 488 3194 520 ι
3242 468 3410 523 Terra
3457 484 3555 522 au-

296 570 453 623 πᾶσα
484 568 822 639 προσαγωγή
851 584 865 598 ·
918 568 1053 638 φησι
1084 567 1194 639 γὰρ
1232 567 1419 633 αὐτὸς,
1452 585 1471 619 ι
1507 566 1692 638 Χωρὶς
1719 566 1877 637 ἐμοῦ,

293 660 359 712 ού
395 657 628 712 δύνασθε
685 660 859 711 ποιεῖν
906 657 1081 711 οὐδέν.
1136 675 1155 708 ι
1197 658 1408 728 Ὠσπερ
1453 656 1562 728 γὰρ
1611 657 1679 717 δι’
1713 655 1878 710 αὑτοῦ

296 750 397 821 τὴν
442 748 809 820 προσαγωγὴν
838 750 1171 819 ἐσχήκαμεν,
1206 746 1349 801 οὕτω
1388 747 1482 800 καὶ
1529 748 1681 801 πᾶσα
1717 744 1881 800 θυσία

295 841 465 912 δεκτὴ
511 839 578 892 δι’
635 839 836 903 αὐτοῦ,
889 838 997 892 τῶν
1042 838 1140 910 τὴν
1190 840 1374 893 πίστιν
1434 838 1877 909 εἰσδεδεγμένων.

312 931 753 1000 Ἐπαγγέλλεται
780 930 839 984 δὲ
880 933 995 994 τοῖς
1021 929 1083 983 τὸ
1126 931 1191 984 ὲκ
1221 930 1324 1001 γῆς
1375 931 1555 985 ἱστᾶσι
1585 930 1879 1001 θυσιαστή-

298 1039 454 1094 ριον,
500 1022 682 1093 ἄφιξίν
726 1038 785 1075 τε
818 1022 912 1075 καὶ
934 1021 1203 1090 εὐλογίαν.
1239 1040 1258 1073 ι
1297 1021 1447 1087 Ἦξω
1483 1023 1592 1095 γὰρ
1615 1061 1631 1085 ,
1675 1042 1692 1074 ι
1722 1022 1877 1091 φησι,

307 1132 327 1164 ι
369 1113 508 1185 πρὸς
550 1112 631 1178 σὲ,
657 1113 752 1166 καὶ⁵
778 1112 1062 1185 εὐλογήσω
1094 1131 1175 1168 σε.
1219 1132 1237 1165 ι
1262 1112 1735 1185 Παραδεξαμένοις
1772 1111 1880 1185 γὰρ

301 1204 441 1273 ἡμῖν
460 1202 549 1256 διὰ
586 1202 681 1256 τοῦ
725 1202 1005 1271 πανσόφου
1045 1203 1287 1266 Μωσέως
1319 1207 1419 1275 τῆς
1456 1203 1716 1274 ἀληθείας
1754 1205 1881 1267 τοὺς

301 1292 645 1358 τύπους,καὶ
663 1293 802 1365 αῦτη
830 1293 973 1347 κατὰ
992 1296 1216 1363 καιροὺς
1238 1293 1550 1364 ἐπέλαμψεν
1576 1297 1609 1366 ή
1632 1294 1877 1366 ἀλήθεια,

301 1384 455 1438 τοῦτ’
488 1383 607 1438 εστι
652 1384 887 1457 Χριστὸς
909 1425 924 1450 ,
954 1385 1023 1439 δι’
1050 1378 1113 1439 οὗ
1146 1387 1240 1440 καὶ
1280 1387 1338 1439 ὲν
1363 1379 1409 1454 ᾧ
1437 1385 1533 1456 τὴν
1558 1384 1763 1439 ἄνωθεν
1792 1386 1881 1438 εύ-

303 1475 497 1545 λογίαν
526 1476 619 1530 καὶ
647 1478 802 1546 παρὰ
828 1477 1043 1548 Πατρὸς
1066 1479 1875 1549 πεπλουτήκαμεν,κατεσφραι

302 1569 561 1641 γισμὲνοι
613 1570 753 1641 πρὸς
823 1571 1097 1623 υἱοθεσίαν
1151 1572 1210 1625 ὲν
1265 1570 1405 1640 ἁγίῳ
1463 1568 1775 1639 Πνεύματι,
1824 1571 1881 1623 ὲν

306 1659 536 1731 Χριστῷ
558 1659 617 1713 δὲ
640 1660 705 1731 δὴ
731 1658 894 1714 πάλιν
935 1660 1030 1714 καὶ
1057 1659 1214 1713 τοῦτο
1238 1659 1667 1733 διαπεραίνεται.
1704 1679 1722 1712 ι
1760 1661 1882 1713 Ἐὰν

304 1749 368 1803 δὲ
406 1748 789 1821 θυσιαστήριον
818 1751 884 1802 ὲκ
912 1748 1074 1804 λίθων
1106 1754 1265 1821 ποιῇς
1294 1769 1403 1823 μοι,
1443 1771 1460 1802 ι
1497 1751 1684 1822 φησιν,
1718 1769 1735 1802 ι
1783 1750 1882 1803 οὐκ

307 1841 695 1912 οίκοδομήσεις
747 1841 944 1904 αὐτοὺς
996 1841 1255 1913 τμητούς.
1312 1862 1331 1894 ι
1393 1845 1508 1897 υύκ
1556 1846 1623 1916 ὲᾷ
1681 1845 1885 1914 σιδήρῳ

312 1929 856 1999 κατατιτρώσκεσθαι
876 1931 1003 1993 τοὺς
1021 1932 1429 2003 ἀφιερωμένους
1450 1932 1525 2004 τῷ
1542 1932 1663 2004 Θεῷ
1683 1933 1884 1997 λίθους.

311 2018 478 2082 Alﬁo;
521 2019 634 2091 γὰρ
682 2015 750 2090 ἦν
793 2019 1089 2085 ἐκλεκτὸς,
1132 2023 1556 2094 ἀκρογωνιαῖος,
1583 2023 1830 2095 ἔντιμος,
1860 2026 1888 2078 6

311 2112 573 2183 Χριστὸς,
604 2112 847 2182 ἄτρωτος
876 2112 974 2182 μὲν
996 2115 1312 2186 ἁμαρτίαις,
1340 2116 1441 2180 τὰς
1464 2116 1520 2169 δὲ
1546 2118 1610 2170 ὲκ
1641 2117 1886 2171 διαϐόλου

312 2203 529 2274 πληγὰς
565 2204 759 2257 παθεῖν
801 2206 903 2259 οὐκ
932 2207 1110 2272 εἰδὼς,
1140 2210 1201 2261 ού
1243 2211 1640 2280 μεμερισμένος
1677 2211 1796 2283 Θεῷ
1828 2228 1888 2264 τε

313 2294 411 2346 καὶ
435 2294 645 2364 κόσμῳ,
680 2296 774 2348 καλ⁸
803 2296 851 2348 εί
890 2297 1082 2365 γέγονε
1105 2298 1261 2369 σὰρξ,
1294 2298 1407 2352 ἀλλ’
1433 2301 1553 2365 ὅλος
1590 2300 1667 2355 ὢν
1710 2303 1888 2370 ἆγιος,

307 2384 375 2436 ού
424 2383 804 2455 διαιρούμενος
847 2387 927 2450 εἰς
979 2387 1112 2442 Θεὸν
1170 2390 1310 2461 ἰδίᾳ,
1355 2393 1451 2444 καὶ
1483 2394 1565 2455 είς
1604 2392 1889 2464 ἄνθρωπον

313 2475 506 2539 ίδικῶς
543 2476 684 2546 μετὰ
732 2476 831 2549 τὴν
883 2477 1120 2550 ἄρρητον
1165 2480 1392 2546 ἕνωσιν,
1437 2484 1557 2553 ήτοι
1605 2484 1704 2554 τήν
1754 2484 1889 2555 πρὸς

313 2567 501 2638 σάρκα
548 2566 787 2633 σύνοδον,
815 2567 931 2621 ἀλλ’
956 2562 1039 2635 εἷς
1073 2570 1333 2642 ὑπάρχων
1357 2572 1510 2637 Θεὸς,
1545 2575 1638 2626 καὶ
1675 2572 1889 2644 ἄνθρωι

324 2674 432 2720 πος
456 2660 487 2711 6
520 2658 703 2719 αὐτός.
741 2660 1086 2729 Μεμέρισται
1109 2663 1217 2731 γὰρ
1241 2663 1491 2733 οὐδαμῶς
1510 2703 1526 2729 ,
1565 2664 1710 2718 καθὰ
1732 2666 1825 2718 καὶ
1861 2667 1891 2718 6

310 2750 488 2818 σοφὸς
513 2749 717 2821 γράφει
746 2749 975 2815 Παῦλος.

391 2926 602 2980 ΠᾹΛΔ.
634 2926 710 2981 T6
734 2927 799 2981 ἐκ
821 2928 925 2998 γῆς
950 2923 1047 2982 οῦν
1078 2928 1187 3000 ἄρα
1217 2928 1600 3002 θυσιαστήριον
1618 2972 1634 2999 ,
1666 2934 1759 2987 καὶ
1783 2935 1892 3007 μὴν

310 3019 417 3071 καὶ
454 3018 505 3070 οί
554 3017 800 3090 ἀπλῆγες
844 3018 1016 3085 λίθοι,
1072 3020 1398 3091 σημαίνουσι
1449 3024 1715 3094 Χριστὸν,
1753 3027 1893 3081 κατὰ

306 3110 449 3170 τοὺς
476 3109 577 3180 ήδη
608 3111 1040 3182 προειρημένους
1073 3112 1347 3183 τρόπους;

395 3199 560 3256 ΚΥΡ.
590 3198 747 3253 Οὕτω
778 3200 942 3270 φημί⁹
973 3202 1344 3271 πνευματικὸς
1366 3202 1518 3276 γὰρό
1544 3205 1731 3276 νόμος,
1749 3206 1891 3262 κατὰ

306 3290 419 3354 τὰς
449 3289 691 3359 Γραφὰς.
744 3290 961 3361 Ἐπειδὴ
990 3290 1048 3343 δὲ
1077 3291 1137 3344 τὸ
1176 3293 1413 3364 Χριστοῦ
1442 3297 1762 3366 μυστήριον,
1796 3297 1891 3351 καὶ

308 3380 421 3451 τὴν
465 3380 533 3432 δι’
581 3378 747 3434 αὑτοῦ
806 3380 1067 3450 πρόσοδον
1125 3382 1539 3454 αίνιγματωδῶς
1588 3385 1889 3450 ὑπετύπου,

308 3469 445 3521 τότε
464 3466 548 3539 δὴ,
594 3468 717 3522 τότε
759 3470 855 3522 καὶ
892 3470 994 3539 τῆς
1035 3471 1363 3543 Ἑκκλησίας
1408 3475 1787 3546 προαναδεῖξαι
1832 3476 1893 3530 τὸ

311 3559 509 3627 σχῆμα
540 3556 672 3621 Θεὸς
717 3559 1031 3613 ἐσκέπτετο.
1074 3561 1279 3616 Μωσέα
1320 3562 1419 3633 μὲν
1455 3560 1547 3618 οῦν
1575 3565 1757 3620 ἐκάλει
1800 3568 1893 3622 καὶ

312 3651 422 3701 σὺν
472 3649 621 3720 αὖτῷ
664 3650 758 3703 τὸν
808 3652 1017 3720 Ἰησοῦν
1061 3654 1155 3706 ἐπὶ
1204 3654 1263 3708 τὸ
1314 3655 1439 3726 ὅρος
1477 3658 1539 3712 τὸ
1587 3660 1736 3714 Σινᾶ.
1783 3661 1894 3715 Καὶ

313 3737 483 3801 σύνες
508 3737 781 3804 ἐντεῦθεν,
804 3740 887 3794 ὅτι
920 3742 1015 3794 καὶ
1038 3743 1221 3807 αὐτοῖς
1249 3746 1362 3808 τοῖς
1390 3746 1567 3815 ἁγίοις
1591 3750 1893 3819 προφήταις

306 3831 389 3883 δι’
414 3828 543 3883 Υἱοῦ
570 3831 825 3903 προσιτὸς
853 3834 881 3885 6
912 3833 1120 3904 Πατήρ·
1155 3834 1566 3906 ἁναθρώσκουσι
1597 3838 1703 3909 γὰρ
1727 3840 1892 3911 ἀλλή-

315 3924 437 3987 λοις
464 3924 674 3995 Μωσῆς
702 3942 762 3977 τε
803 3926 898 4005 καὶ
935 3925 1159 3996 Ἰησοῦς.
1190 3928 1499 4001 Γέγραπται
1549 3931 1689 4002 γὰρ,
1735 3952 1753 3984 ι
1784 3934 1894 3987 Καὶ

308 4013 555 4085 ὲλὰλησε
585 4015 788 4086 Κύριος
814 4015 952 4086 πρὸς
977 4018 1185 4089 Μωσῆν
1210 4018 1403 4089 λέγων’
1429 4014 1595 4075 Εἶπον
1622 4026 1733 4086 τοῖς
1760 4026 1893 4089 υίοῖς

331 4105 572 4178 Ἰσραήλ,
607 4108 703 4159 καὶ
728 4106 923 4161 λαϐετέ
954 4126 1046 4179 μοι
1077 4109 1332 4182 ἀπαρχὰς
1362 4112 1516 4184 παρὰ
1545 4114 1790 4183 πάντων,
1812 4110 1894 4180 οἷς

316 4201 389 4254 ἂν
418 4200 548 4273 δόξῃ
582 4203 649 4273 τῇ
691 4202 921 4274 καρδίᾳ,
953 4202 1188 4275 λήψεσθε
1218 4206 1315 4270 τὰς
1348 4206 1603 4279 ἀπαρχάς
1639 4226 1760 4279 μου,
1800 4211 1895 4263 καὶ

315 4291 461 4363 αῦτη
519 4294 666 4347 ἐστὶν
708 4293 742 4363 ὴ
796 4294 1049 4366 ἀπαρχὴ,
1107 4296 1173 4365 ἢν
1221 4296 1453 4368 λήψεσθε
1504 4299 1636 4369 παρ’
1678 4300 1889 4367 αὐτῶν,

314 4386 547 4455 χρυσίον
589 4385 685 4438 καὶ
722 4384 1007 4459 ἀργύριον,
1041 4386 1242 4456 χαλκὸν
1269 4390 1365 4442 καὶ
1399 4389 1726 4457 ὑακίνθινον,
1760 4408 1894 4463 πορ-

1982 571 2091 617 tem
2123 577 2153 616 e
2179 569 2344 625 terra,
2369 561 2485 631 ipsa
2514 562 2698 617 carnis
2724 570 2922 616 natura
2967 568 3071 616 est.
3105 560 3163 614 ln
3198 559 3418 616 Christo
3454 560 3558 631 igi-

1981 662 2071 708 tur
2093 654 2272 709 omnis
2300 654 2527 719 oblatio,
2558 663 2616 708 et
2639 653 2820 709 omnis
2842 668 3100 708 accessus
3133 662 3217 708 est
3242 670 3257 717 ;
3297 654 3375 708 ait
3410 654 3557 706 enim

1982 744 2096 814 ipse
2128 761 2140 795 :
2183 764 2200 795 ι
2244 744 2372 800 Sine
2408 761 2495 799 me
2522 744 2660 799 nihil
2690 744 2922 815 potestis
2943 743 3125 799 facere
3152 744 3217 799 ⁸¹.
3254 763 3270 795 ι
3312 744 3381 800 Ut
3409 743 3559 799 enim

1980 850 2080 904 per
2113 835 2291 905 ipsum
2340 851 2623 891 accessum
2656 836 2972 901 habuimus,
3012 836 3091 891 sic
3133 837 3314 893 omnis
3338 850 3559 906 quoque

1980 927 2158 982 hostia
2182 942 2377 981 eorum
2433 927 2528 998 qui
2575 927 2737 982 ﬁdem
2764 936 3147 1001 perceperunt,
3184 936 3407 998 accepta
3435 944 3557 999 gra-

1981 1030 2144 1092 taque
2191 1038 2289 1093 per
2339 1021 2517 1090 ipsum
2561 1029 2666 1075 est.
2709 1020 3007 1076 Pollicetur
3043 1031 3226 1079 autem
3279 1022 3348 1081 iis
3404 1021 3499 1091 qui
3527 1036 3557 1075 e

1983 1126 2128 1172 terra
2159 1115 2331 1170 altare
2364 1114 2784 1179 constituerent,
2810 1130 2868 1168 se
2898 1122 3212 1178 venturum,
3240 1124 3298 1168 et
3324 1113 3429 1168 illis
3459 1112 3556 1167 be—

1981 1205 2327 1260 ncdicturum
2349 1246 2361 1258 .
2389 1225 2405 1257 ι
2438 1204 2665 1261 Veniam
2691 1205 2864 1269 enim,
2890 1223 2907 1256 ι
2942 1204 3143 1274 inquit,
3171 1224 3188 1255 ‹
3229 1213 3285 1258 ει
3325 1202 3556 1258 benedi-

1981 1312 2099 1351 cam
2132 1296 2251 1351 tibi.
2304 1317 2321 1348 ι
2353 1296 2489 1351 Cum
2535 1296 2683 1351 enim
2724 1312 2823 1367 per
2863 1296 3327 1367 sapientissimum
3377 1296 3557 1355 virum

1982 1388 2201 1460 Moysen
2231 1389 2481 1444 veritatis
2505 1388 2708 1459 ﬁguras
2741 1388 3161 1458 accepissemus,
3189 1389 3305 1458 ipsa
3338 1386 3559 1442 tandem

1981 1480 2186 1535 veritas
2216 1480 2455 1544 affulsit,
2512 1480 2568 1533 id
2607 1490 2695 1534 est
2740 1479 3032 1543 Christus,
3069 1494 3167 1548 per
3204 1494 3367 1548 quem
3404 1487 3461 1533 et
3504 1479 3560 1533 in

1983 1586 2091 1639 quo
2115 1586 2351 1640 superna
2387 1570 2899 1626 illa-benedictione
2948 1571 3109 1625 etiam
3151 1586 3181 1624 a
3214 1571 3373 1625 Patre
3402 1569 3558 1624 ditati

1984 1676 2192 1727 sumus,
2223 1662 2498 1733 obsignati
2547 1663 2604 1717 in
2636 1661 2843 1732 Spiritu
2887 1670 3076 1717 sancto
3111 1663 3167 1715 in
3208 1662 3560 1731 adoptionem

1986 1753 2221 1809 ﬁliorum
2251 1754 2295 1785 θ’
2331 1772 2344 1807 :
2379 1754 2526 1825 quod
2574 1754 2754 1824 ipsum
2792 1754 2957 1809 etiam
2997 1754 3053 1808 in
3091 1752 3311 1809 Christo
3337 1753 3558 1823 perfici-

1986 1855 2097 1901 tur.
2146 1866 2164 1897 ‹
2197 1845 2254 1901 Si
2290 1856 2476 1901 autem
2515 1846 2689 1900 altare
2712 1860 2779 1899 ex
2808 1844 3083 1915 lapidibus
3110 1843 3309 1900 feceris
3346 1845 3502 1909 mihi,
3534 1865 3552 1896 ι

1987 1936 2183 2007 inquit,
2217 1956 2234 1987 ι
2258 1952 2369 1991 non
2407 1936 2712 1991 aadilicabis
2733 1950 2829 1989 eos
2852 1942 3047 1989 sectos.
3088 1954 3106 1986 ι
3146 1936 3266 1989 Non
3294 1934 3563 2003 permittit

1986 2027 2098 2082 Deo
2145 2035 2497 2082 consecratos
2550 2024 2759 2095 lapides
2801 2022 2948 2079 ferro
3006 2022 3175 2088 ctedi;
3228 2022 3365 2093 lapis
3411 2023 3561 2078 enim

1986 2126 2104 2173 erat
2144 2118 2373 2182 electus,
2434 2114 2730 2185 angularis,
2770 2112 3066 2183 pretiosus,
3118 2111 3410 2177 Christus,
3464 2112 3559 2181 qui

1986 2222 2165 2277 neque
2201 2205 2441 2276 peccatis
2469 2203 2769 2270 vulnerari,
2804 2219 2982 2274 neque
3020 2203 3222 2259 diaboli
3248 2203 3431 2274 plagas
3463 2218 3559 2256 ex-

1986 2300 2172 2370 cipere
2196 2304 2417 2367 posset;
2465 2310 2568 2351 nec
2613 2294 2725 2349 Deo
2771 2303 2828 2349 et
2858 2294 3065 2350 mundo
3112 2294 3320 2348 divisus
3367 2302 3558 2357 esset;

1988 2403 2136 2452 nam,
2163 2386 2267 2442 etsi
2293 2401 2423 2442 caro
2452 2384 2630 2440 factus
2674 2393 2778 2449 est,
2820 2393 2968 2440 totus
2996 2393 3186 2441 tamen
3205 2392 3291 2440 est
3317 2393 3558 2446 sanctus,

1989 2475 2087 2546 qui
2112 2484 2238 2547 post
2265 2475 2413 2531 illam
2440 2475 2768 2531 ineffabilem
2808 2475 3090 2541 unionem,
3118 2491 3217 2531 seu
3250 2490 3374 2530 cum
3398 2491 3562 2530 carne

1989 2582 2362 2639 congressum,
2392 2581 2499 2623 non
2536 2567 2592 2621 in
2618 2568 2792 2623 Deum
2813 2576 2898 2623 est
2920 2568 3215 2639 separatim
3251 2567 3561 2623 hominem-

1987 2676 2098 2731 que
2137 2676 2385 2716 seorsum
2412 2660 2642 2725 divisus,
2669 2660 2766 2716 sed
2803 2675 2949 2716 unus
2987 2668 3291 2731 permanet,
3323 2660 3469 2715 Deus
3504 2670 3563 2716 et

1990 2749 2157 2805 homo
2195 2750 2361 2805 idem.
2394 2749 2583 2819 Neque
2616 2750 2763 2804 enim
2803 2750 2917 2805 ullo
2945 2750 3108 2805 modo
3132 2750 3343 2806 divisus
3369 2759 3475 2816 est,
3502 2760 3565 2805 ut

1990 2839 2186 2895 scribit
2212 2841 2406 2896 beatus
2435 2840 2639 2896 Paulus
2663 2841 2730 2895 ⁸³.

2062 2928 2260 2984 PALL.
2288 2930 2459 3001 Igitur
2491 2930 2664 2984 altare
2692 2928 2759 2983 de
2787 2936 2931 2983 terra
2953 2937 3351 2997 constructum,
3378 2939 3435 2985 et
3456 2932 3563 2986 mi-

1992 3017 2140 3073 nime
2182 3016 2350 3073 dolati
2374 3017 2613 3088 lapides,
2644 3016 2732 3084 iis,
2762 3033 2903 3088 quos
2940 3017 3149 3083 dixisti,
3173 3020 3371 3086 modis,
3399 3020 3561 3076 Chri-

1992 3117 2136 3165 stum
2163 3108 2507 3179 signiﬁcant?

2063 3202 2221 3258 CYR.
2269 3203 2347 3258 lta
2396 3203 2574 3258 sentio
2624 3219 2655 3272 τ,
2687 3202 2775 3258 lex
2807 3202 2955 3258 enim
2993 3203 3297 3273 spiritualis
3339 3210 3454 3268 est,
3502 3211 3564 3257 ut

1992 3293 2290 3363 Scriptura:
2325 3293 2568 3349 tradunt.
2612 3293 2804 3366 igitur,
2844 3300 3197 3363 posteaquam
3220 3293 3425 3348 Christi
3448 3308 3565 3364 my-

1990 3384 2244 3448 sterium,
2291 3392 2349 3440 et
2388 3384 2543 3439 illum
2594 3400 2694 3455 per
2729 3399 2857 3441 eum
2898 3398 3180 3439 accessum
3221 3383 3563 3454 aenigmatioo

1990 3474 2395 3547 praeﬁguravit,
2442 3483 2560 3529 tum
2613 3491 2748 3530 vero
2792 3474 2957 3529 etiam
3015 3474 3273 3529 Ecclesiae
3330 3473 3562 3529 formam

1991 3564 2135 3621 Deus
2167 3566 2327 3637 longe
2372 3573 2501 3620 ante
2541 3565 2835 3622 ostendere
2876 3563 3181 3619 constituit.
3211 3564 3434 3635 Moysen
3457 3563 3560 3633 igi-

1992 3665 2103 3723 tur,
2146 3666 2203 3713 et
2227 3674 2353 3712 cum
2389 3673 2457 3713 eo
2488 3657 2673 3713 Jesum
2715 3656 2783 3711 ad
2808 3666 3077 3723 ,montem
3122 3655 3255 3712 Sina
3291 3655 3559 3712 evocavit.

1991 3748 2171 3819 Atque
2214 3747 2346 3804 hinc
2400 3749 2675 3820 intelligas
2720 3748 2906 3815 velim,
2939 3748 3073 3820 ipsis
3103 3762 3322 3818 quoque
3359 3746 3564 3801 sanctis

1992 3839 2277 3910 prophetis
2332 3855 2434 3911 per
2485 3840 2685 3896 Filium
2736 3847 2925 3910 patere
2995 3838 3075 3895 ad-
3116 3838 3332 3894 Patrem
3375 3851 3562 3891 acces-

1993 3946 2116 3985 sum
2170 3949 2185 3984 :
2241 3931 2404 3986 simul
2456 3931 2606 3987 enim
2664 3931 2971 3986 ascendunt
3020 3930 3232 4000 Moyses
3280 3937 3337 3983 et
3375 3927 3551 3983 Jesus.

1992 4020 2151 4091 291
2172 4020 2446 4092 Scriptum
2470 4030 2558 4084 est
2579 4022 2730 4078 enim
2756 4039 2771 4075 :
2806 4040 2824 4073 ι
2853 4021 2921 4076 Et
2946 4021 3165 4076 locutus
3187 4028 3271 4075 est
3302 4018 3564 4073 Dominus

1990 4110 2060 4165 ad
2106 4111 2347 4182 Moysen,
2392 4111 2584 4166 dicens
2619 4128 2633 4165 :
2666 4112 2765 4165 Dic
2807 4110 2935 4167 ﬁliis
2984 4111 3153 4167 Israel
3182 4130 3195 4165 :
3222 4111 3289 4165 Et
3329 4110 3562 4178 accipito

1994 4204 2127 4258 mihi
2152 4204 2422 4275 primitias
2448 4204 2519 4258 ab
2547 4202 2825 4265 omnibus,
2852 4217 3087 4272 quorum
3123 4200 3277 4257 cordi
3313 4200 3559 4263 libuerit,

1990 4294 2063 4348 ab
2090 4293 2159 4347 iis
2186 4292 2469 4362 accipietis
2492 4291 2767 4361 primitias
2794 4304 2942 4344 meas
2969 4307 2981 4342 :
3014 4298 3069 4344 et
3105 4290 3188 4344 ha:
3214 4296 3341 4343 sunt
3368 4286 3558 4357 primi-

1996 4384 2086 4439 tiae
2131 4399 2266 4454 quas
2308 4382 2590 4452 accipietis
2630 4382 2700 4436 ab
2738 4380 2890 4450 ipsis,
2922 4396 3118 4435 aurum
3162 4389 3217 4434 et
3254 4386 3560 4450 argentum,

316 4475 505 4547 φύραν
531 4476 625 4530 καὶ
664 4476 919 4531 κόκκινον
944 4477 1187 4543 διπλοῦν,
1220 4480 1312 4533 καὶ
1341 4480 1540 4551 βυσσὸν
1572 4460 1888 4554 κεκλωσμέ-

1994 4488 2070 4528 as
2097 4481 2153 4527 et
2180 4471 2556 4542 byacinthurn,
2591 4484 2892 4541 purpuram
2930 4477 2986 4524 et
3023 4468 3306 4523 coccinum
3339 4466 3560 4537 duplex,

315 4582 451 4655 νην,
481 4566 575 4619 καὶ
607 4566 799 4638 τρίχας
838 4568 1087 4637 αἰγείας,
1113 4570 1210 4622 καλ⁵
1254 4569 1500 4640 δέρματα
1552 4572 1721 4642 κριῶν
1760 4574 1897 4644 ήρυ-

317 4657 750 4728 θροδανωμένα,
808 4661 903 4713 καὶ
960 4660 1207 4731 δέρματα
1263 4661 1577 4729 ὑακίνθινα,
1624 4662 1720 4716 καὶ
1765 4662 1898 4728 ξύλα

317 4751 578 4819 ἄσηπτα,
631 4753 724 4805 καὶ
774 4751 1259 4824 λίθουςσαρδίου,
1297 4754 1392 4809 καὶ
1444 4754 1626 4818 λίθους
1669 4756 1751 4819 είς
1798 4755 1896 4826 τὴν

316 4839 561 4923 γλυφὴν,
591 4841 672 4905 είς
720 4841 817 4911 τὴν
856 4842 1127 4912 ἐπωμίδα,
1161 4843 1255 4896 καὶ
1288 4846 1368 4908 εἰς
1405 4843 1495 4897 τὸν
1526 4844 1758 4915 ποδήρη,
1801 4844 1896 4898 καὶ

316 4930 572 5001 ποιήσεις
603 4948 693 5001 μοι
740 4932 1020 5001 ἁγίασμα,
1053 4932 1146 4985 καὶ
1172 4931 1481 5002 ὀφθήσομαι
1513 4935 1571 4986 ὲν
1606 4933 1753 5003 ὑμῖν.
1787 4934 1896 4986 Καὶ

320 5022 575 5093 ποιήσεις
618 5040 707 5094 μοι
751 5023 893 5076 κατὰ
940 5023 1117 5077 πάντα
1164 5025 1267 5077 ὅσα
1304 5025 1369 5079 ἄν
1412 5040 1494 5077 σοι
1534 5024 1692 5089 δείξω
1725 5028 1783 5078 ὲν
1819 5023 1897 5094 τῷ

316 5114 443 5185 δρει
466 5112 527 5167 τὸ
554 5114 905 5186 παράδειγμα
931 5116 1032 5185 τῆς
1060 5116 1286 5187 σκηνῆς,
1324 5114 1418 5169 καὶ
1444 5115 1506 5169 τὸ
1548 5115 1897 5187 παράδειγμα

321 5206 545 5260 πάντων
570 5204 680 5258 τῶν
710 5204 922 5259 σκευῶν
953 5203 1339 5272 αὐτῆς,οῦτως
1368 5204 1633 5276 ποιήσεις.
1670 5223 1688 5256 ι
1736 5205 1898 5277 Ὁρᾷς

314 5297 473 5359 ὕπως
519 5297 613 5349 ἐπὶ
654 5297 714 5350 τὸ
759 5297 957 5367 χρῆναι
1002 5299 1373 5368 καρποφορεῖν
1414 5296 1476 5350 τὸ
1520 5295 1796 5360 λυσιτελές
1841 5313 1900 5349 τε

320 5387 420 5440 καὶ
474 5386 919 5459 χρειωδέστατον,
969 5389 1048 5451 εἰς
1089 5387 1413 5458 Ἐκκλησίας
1462 5387 1722 5441 σύστασιν
1758 5404 1891 5459 προ-

319 5476 519 5547 τρέπει
550 5477 735 5541 λαοὺς,
764 5479 1232 5549 προσκομίζοντας
1263 5478 1462 5551 ἱλαρῶς
1488 5478 1555 5532 τὰ
1588 5478 1707 5531 κατ’
1739 5479 1895 5547 ἰσχύν

319 5584 382 5623 τε
415 5568 510 5621 καὶ
559 5567 820 5639 γνώμην;
855 5570 931 5622 Οὐ
966 5569 1074 5640 γάρ
1125 5587 1205 5623 τοι
1257 5567 1454 5640 χρυσὸν
1485 5566 1666 5637 ἐζήτει
1714 5567 1892 5637 μόνον,

398 5750 444 5778 ⁸⁸³
472 5749 627 5803 Joau.
650 5765 685 5811 ι,
718 5748 800 5803 14.
880 5748 921 5780 δ’
964 5747 1117 5802 Juau.
1140 5764 1226 5807 xv,
1257 5746 1304 5801 3.
1384 5748 1426 5780 δ’
1454 5745 1651 5816 Ephes.
1674 5762 1711 5811 ι,
1748 5745 1799 5799 5.

1992 4574 2050 4621 et
2073 4567 2295 4636 byssum
2321 4571 2526 4627 netam,
2553 4570 2610 4617 et
2640 4562 2781 4632 pilos
2810 4578 3121 4633 caprarum,
3145 4570 3200 4616 et
3225 4560 3394 4631 pelles
3416 4560 3563 4617 arie-

1995 4665 2110 4710 tum
2142 4654 2470 4718 rubricatas,
2496 4661 2553 4709 et
2581 4652 2752 4723 pelles
2776 4652 3178 4724 hyacinthinas,
3205 4659 3261 4705 et
3285 4650 3430 4720 ligna
3455 4650 3562 4705 im-

1992 4744 2298 4815 putribilia,
2321 4752 2377 4799 et
2402 4743 2611 4813 lapides
2637 4741 2869 4806 sardios,
2896 4752 2952 4797 et
2978 4740 3184 4812 lapides
3222 4741 3289 4795 ad
3316 4741 3560 4810 sculptu-

1993 4852 2133 4899 ram,
2173 4834 2241 4888 ad
2281 4832 2732 4904 superhumerale
2772 4841 2829 4887 et
2861 4831 2927 4887 ad
2965 4831 3203 4885 tunicam
3238 4830 3483 4893 talarem,
3508 4842 3564 4884 et

1993 4928 2160 4982 facies
2185 4927 2320 4981 mihi
2348 4925 2742 4989 sanctuarium,
2765 4934 2823 4981 et
2850 4921 3125 4994 apparebo
3156 4920 3311 4974 vobis
3344 4936 3356 4972 :
3385 4926 3442 4973 et
3479 4919 3560 4973 fa-

1993 5018 2107 5075 cies
2128 5016 2265 5073 mihi
2295 5018 2450 5089 juxta
2478 5015 2663 5070 omnia
2688 5028 3027 5085 quaecunque
3050 5017 3426 5066 monstravero
3460 5008 3561 5063 tibi

1996 5113 2050 5167 in
2098 5121 2283 5168 monte
2322 5109 2600 5180 exemplar
2637 5106 2997 5171 tabernaculi,
3033 5113 3088 5161 et
3126 5102 3406 5174 exemplar
3441 5118 3563 5160 om-

1996 5206 2147 5261 nium
2179 5217 2434 5259 vasorum
2471 5201 2665 5270 ipsius,
2697 5199 2778 5253 sic
2819 5196 2988 5253 facies
3010 5197 3074 5250 ⁸⁵.
3111 5215 3128 5247 ι
3177 5194 3344 5250 Vides
3394 5201 3455 5249 ut
3494 5193 3562 5248 ad

1996 5312 2064 5352 ea
2106 5311 2227 5367 qua:
2252 5293 2323 5349 ad
2350 5292 2779 5349 exstructionem
2807 5287 3062 5343 Ecclesiae
3088 5285 3482 5350 conducerent,
3507 5290 3565 5339 et

1999 5389 2124 5444 usui
2153 5386 2389 5442 maximo
2420 5384 2604 5439 futura
2639 5386 2823 5435 essent
2858 5376 3159 5440 offerenda,
3186 5376 3437 5431 hortetur
3464 5387 3564 5443 po-

2001 5476 2159 5548 pulos
2181 5473 2429 5531 hilariter
2466 5487 2568 5541 pro
2611 5469 2772 5525 modo
2796 5466 3021 5533 virium,
3053 5473 3109 5521 et
3137 5481 3204 5521 ex
3234 5464 3400 5520 animi
3437 5476 3567 5518 sen-

2002 5567 2172 5623 tentia
2203 5563 2585 5622 confcrentcs?
2606 5561 2795 5630 Neque
2818 5559 2965 5616 enim
2990 5572 3183 5638 aurum
3216 5555 3377 5610 modo
3415 5566 3567 5623 qua-

1879 5745 1920 5776 ⁸³
1954 5744 1970 5799 l
2002 5744 2123 5799 Cor.
2180 5760 2251 5797 χι.
2294 5738 2531 5796 "Exod.
2575 5754 2694 5797 nt“,
2736 5736 2846 5791 1-9.
