3982 6518
630 380 736 436 595

1628 377 1681 430 s.
1723 375 1996 430 cvniLLi
2036 374 2500 430 ALEXANDIUNI
2540 375 2855 432 ARCHIEP.
3126 362 3148 402 τ
3735 390 3811 453 ωδ

630 496 808 561 rcbat,
836 502 931 549 aut
964 510 1025 551 ea
1062 493 1288 548 fortasse
1354 508 1474 561 qua:
1503 492 1663 564 vulgo
1697 494 2037 564 suppeditari
2064 493 2200 547 ditii-

2311 495 2477 565 ἧγουν
2507 494 2574 548 τά
2605 494 2820 558 πολλοῖς
2843 493 3175 566 δυσπόριστα
3206 496 3385 565 τυχὸν,
3408 497 3543 552 ἀλλά
3565 505 3649 556 καὶ
3664 511 3808 580 τρίχας

630 586 735 640 cile
766 594 1005 655 possent,
1041 583 1136 639 sed
1172 582 1335 637 etiam
1380 582 1521 652 pilos
1554 598 1844 653 caprarum
1883 591 1939 638 et
1972 584 2204 638 arietum

629 677 820 745 pelles,
862 683 923 729 ut
964 670 1281 729 ostenderet
1330 672 1588 743 exiguum
1636 690 1702 729 ac
1745 674 1852 728 vile
1899 689 2119 739 munus,
2159 675 2205 728 si

630 767 769 822 nihil
806 768 852 821 is
896 766 988 835 qui
1024 765 1225 819 oﬂ'erre
1248 763 1578 828 decreverit,
1607 764 1959 834 prmstantius
1987 764 2205 828 habeat,

628 856 853 909 minime
889 872 920 909 a
962 854 1075 909 Deo
1117 853 1326 923 respui,
1352 862 1517 922 atque
1550 852 1715 906 etiam
1756 852 1991 907 fortasse
2044 853 2208 907 rebus

627 963 749 1018 quae
774 948 829 1001 in
855 946 1093 1001 maximo
1118 945 1297 1015 pretio
1323 954 1470 1009 sunt,
1496 945 1724 1014 aequari,
1753 954 1847 999 aut
1877 944 2049 1015 magis
2073 959 2209 1015 quo-

626 1056 732 1110 que
759 1038 995 1104 laudari,
1022 1046 1085 1092 ut
1113 1045 1265 1092 certe
1287 1036 1543 1092 Christus
1573 1038 1723 1101 fecit,
1751 1053 1874 1091 cum
1909 1037 2053 1092 haud
2088 1037 2207 1091 sine

626 1130 991 1185 admiratione
1012 1129 1233 1183 viduam
1261 1129 1410 1184 illam
1444 1130 1679 1199 excepit,
1708 1146 1829 1199 quae
1853 1129 2207 1200 Jerosolymis

628 1224 685 1277 in
731 1222 1181 1294 gazophylacium
1220 1222 1477 1292 exiguum
1518 1220 1653 1276 illud
1692 1221 1935 1290 quidem,
1968 1228 2023 1275 et
2059 1222 2205 1291 quod

625 1314 884 1368 t'ocillime
924 1313 1228 1384 comparari
1255 1320 1459 1383 posset,
1491 1312 1694 1376 intulit,
1722 1311 1817 1366 sed
1851 1328 2106 1382 magnum
2138 1314 2206 1368 iis

626 1406 861 1461 fortasse
906 1405 1001 1476 qui
1036 1406 1091 1459 in
1135 1419 1347 1460 summa
1382 1404 1566 1474 inopia
1598 1411 1911 1469 versantur,
1938 1418 2075 1473 quos
2108 1420 2205 1460 ve-

628 1496 857 1551 risimile
898 1503 983 1551 est
1030 1495 1193 1549 etiam
1239 1493 1627 1548 vilissimarum
1674 1508 1858 1547 rerum
1910 1493 2204 1549 amissione

624 1587 831 1640 vexari.
858 1586 1110 1656 Acceptis
1133 1601 1262 1654 ergo
1288 1584 1569 1656 primitiis,
1605 1604 1623 1635 ι
1652 1583 2034 1638 Sanetuarium
2066 1585 2202 1639 mihi

634 1679 880 1743 «facies,»
923 1679 1152 1748 inquit,t
1182 1686 1237 1732 et
1260 1676 1537 1747 apparebo
1556 1676 1713 1731 vobis
1739 1694 1752 1730 :
1784 1695 1800 1727 ι
1826 1677 2014 1734 illucet
2054 1678 2202 1757 enim

626 1768 684 1821 in
740 1768 979 1823 Ecclesia
1027 1768 1313 1831 Christus,
1364 1774 1421 1821 et
1478 1768 1547 1822 iis
1602 1768 1697 1837 qui
1734 1769 1787 1821 in
1840 1784 1906 1823 ea
1957 1776 2199 1833 manent,

2312 586 2558 654 αἰγεξας,
2602 587 2696 639 καὶ
2742 586 2914 657 κριῶν
2960 586 3240 658 δέρματα.
3287 588 3498 654 δεικνὺς
3544 594 3619 648 ὅτι
3658 602 3733 653 καὶ
3767 606 3809 658 τὸ

2310 674 2484 747 βραχύ
2517 693 2576 729 τε
2605 678 2699 729 καὶ
2729 675 2963 740 εὐτελὲς,
3001 679 3049 729 εἰ
3099 677 3263 747 μηδὲν
3303 679 3411 747 ἔχοι
3439 680 3809 757 λαμπρότερονὸ

2309 768 2677 838 καρποφορεῖν
2726 767 3031 838 ᾑρημένος,
3066 768 3167 819 οὐκ
3209 767 3513 840 ἀπόϐλητον
3544 773 3614 843 τῷ
3655 776 3806 852 Θεῷῆ

2307 858 2446 927 τάχα
2491 875 2591 910 που
2631 857 2724 910 καὶ
2768 860 2826 911 ὲν
2877 857 2975 927 ἴσῳ
3021 860 3133 921 τοῖς
3180 861 3614 935 τιμιωτάτοις,ἢ
3661 870 3736 919 καὶ
3770 876 3807 921 ἐν

2308 947 2515 1017 ἐπαίνῳ
2546 949 2770 1018 μείζονι,
2801 949 3050 1020 καθάπερ
3087 950 3277 1019 ἀμέλει
3309 951 3405 1003 καὶ
3440 952 3468 1002 ὁ
3509 952 3711 1022 Χριστὸς
3738 961 3807 1013 οὐκ

2307 1040 2657 1110 ἀθαύμαστον
2695 1041 2847 1109 ἠφίει
2882 1041 2982 1111 τὴν
3026 1043 3084 1095 ὲν
3116 1044 3225 1104 τοῖς
3264 1042 3640 1113 Ἱεροσολύμοις
3661 1053 3806 1117 χήραν,

2305 1130 2382 1200 τῷ
2428 1129 2811 1201 γαζοφυλακίῳ
2858 1129 3241 1201 προσάγουσαν
3283 1128 3456 1199 βραχύ
3497 1146 3547 1181 τι
3575 1134 3656 1183 καὶ
3690 1134 3808 1187 εὐπό-

2307 1238 2491 1291 ριστον
2528 1221 2758 1291 κομιδῆ,
2793 1222 2934 1291 μέγα
2971 1220 3014 1273 δ’
3063 1221 3192 1284 ἴσως
3225 1224 3337 1283 τοῖς
3368 1223 3427 1273 ὲν
3458 1223 3645 1294 ἐσχάτῃ
3671 1227 3803 1295 πενίᾳ,

2304 1312 2396 1377 οὒς
2424 1313 2489 1384 δὴ
2521 1314 2615 1366 καὶ
2645 1312 3007 1383 κατατρύχειν
3048 1312 3194 1376 εἰκὸς
3231 1313 3325 1365 καὶ
3360 1313 3470 1366 τῶν
3498 1315 3625 1381 ἄγαν
3646 1315 3805 1368 562:1:-

2310 1405 2518 1458 στάτων
2559 1404 2660 1476 τὴν
2705 1404 3051 1474 ἀπεμπολήν.
3099 1403 3427 1474 Ληφθεισῶν
3459 1403 3514 1457 δὲ
3554 1404 3649 1457 τῶν
3678 1408 3805 1476 dmp-

2305 1495 2437 1564 χῶν,
2471 1514 2489 1545 ι
2534 1494 2810 1565 Ἀγίασμά
2837 1511 2926 1565 μοι
2960 1494 3224 1565 ποιήσεις,
3263 1512 3282 1545 ι
3322 1496 3477 1564 φησι,
3525 1513 3542 1546 t
3577 1497 3659 1548 mi
3682 1498 3805 1567 ὀφθή-

2307 1603 2471 1657 σομαι
2521 1588 2579 1642 ὲν
2628 1587 2775 1657 ὑμῖν.
2828 1605 2845 1637 ι
2888 1584 3260 1655 Ἐπιφαινεται
3313 1586 3421 1656 γὰρ
3468 1587 3525 1639 ὲν
3576 1588 3804 1660 Ἐκκλησίᾳ

2305 1675 2554 1746 Χριστὸς,
2590 1677 2684 1730 καὶ
2729 1676 3030 1745 ἐπιλάμπει
3066 1677 3179 1738 τοῖς
3232 1677 3289 1727 ὲν
3335 1676 3508 1746 αὐτῇ,
3537 1678 3662 1729 κατά
3689 1696 3739 1744 γε
3764 1680 3805 1730 τὸ

2306 1769 2362 1821 ἐν
2393 1767 2641 1837 Ψαλμοῖς
2661 1809 2673 1829 ,
2706 1787 2724 1819 ι
2778 1766 2908 1831 Θεὸς
2961 1766 3186 1837 Κύριος,
3227 1767 3321 1818 καὶ
3360 1766 3617 1835 ὲπέφανεν
3643 1771 3759 1838 ἡμῖν.
3786 1791 3799 1823 ι

625 1859 869 1930 afl‘ulget,
898 1869 958 1913 ut
992 1868 1077 1914 est
1114 1861 1168 1914 in
1198 1859 1429 1914 Psalmis
1457 1877 1468 1911 :
1506 1879 1523 1910 ι
1554 1836 1697 1915 Deus
1730 1861 2012 1925 Dominus,
2043 1870 2100 1915 et
2130 1862 2198 1915 il-

2317 1836 2594 1931 Ἐπιτήρει
2638 1858 2695 1911 δὲ
2735 1858 2919 1921 ὅπως,
2968 1836 3146 1911 καίτοι
3222 1858 3609 1930 καταϐεϐηκὼς
3762 1866 3803 1916 τὸ

627 1952 763 2004 luxit
790 1951 948 2006 nobis
970 1953 1035 2005 ⁸³.
1070 1972 1087 2001 ι
1124 1952 1259 2007 Illud
1294 1962 1477 2008 autem
1509 1953 1771 2007 observes
1795 1953 1979 2016 velim,
2004 1969 2200 2021 quam-

625 2044 709 2099 vis
742 2044 833 2099 ille
870 2045 1013 2116 ignis
1056 2045 1237 2116 specie
1275 2045 1650 2101 descendisset
1693 2046 1747 2099 in
1790 2055 2053 2107 montem,
2083 2053 2136 2098 et
2169 2061 2198 2099 a

624 2136 829 2206 populo
852 2138 1110 2192 universo
1137 2136 1290 2192 visus
1312 2146 1459 2193 esset
1487 2137 1587 2207 (sic
1611 2138 1756 2191 enim
1782 2136 2045 2205 scriptum
2070 2136 2196 2207 est);

626 2235 808 2282 tamen
839 2229 919 2283 sic
944 2244 1070 2282 cum
1105 2227 1309 2293 dicere,
1333 2228 1622 2298 Apparcbo
1644 2228 1820 2292 vobis,
1846 2236 2199 2297 posteaquam

625 2326 964 2373 exstructum
1001 2317 1169 2376 fuerit
1206 2318 1603 2383 sanctuarium,
1634 2319 1789 2388 quasi
1830 2318 2073 2373 nondum
2101 2334 2199 2389 ap-

626 2409 936 2478 paruisset:
969 2424 1109 2479 pene
1154 2408 1303 2463 enim
1345 2419 1531 2479 aperte
1578 2411 1817 2465 clamare
1854 2409 2074 2465 videtur
2121 2412 2201 2464 vi-

626 2500 812 2557 siones
846 2501 968 2556 illas
999 2517 1140 2556 verae
1178 2501 1325 2569 illius
1366 2496 1460 2555 Dei
1493 2500 1719 2555 visionis
1745 2501 1967 2557 umbras
1996 2500 2197 2567 fuisse;

624 2604 815 2645 veram
847 2599 1029 2644 autem
1067 2591 1435 2645 ostensionem
1464 2590 1639 2659 ipsum
1667 2607 1722 2644 se
1748 2589 2029 2644 Christum
2056 2605 2197 2659 esse,

627 2680 685 2733 in
717 2695 826 2748 quo
861 2679 1038 2749 ipsum
1078 2678 1297 2750 quoque
1327 2681 1542 2733 Patrem
1569 2680 1972 2748 conspeximus.
2016 2679 2199 2748 Itaque

623 2769 875 2837 Judmos,
917 2771 1010 2842 qui
1049 2786 1107 2826 se
1153 2771 1563 2825 arbitrabantur
1598 2785 1781 2825 rerum
1819 2771 2199 2826 universarum

624 2862 800 2917 Deum
831 2864 885 2917 in
924 2872 1105 2917 monte
1146 2862 1275 2917 Sina
1312 2878 1438 2916 vere
1479 2862 1851 2932 conspexissc,
1882 2863 2201 2917 stultissime

625 2953 682 3007 id
720 2953 823 3007 sibi
862 2952 1199 3033 persuasisse
1237 2952 1506 3023 coarguit,
1540 2952 1729 3007 dicens
1763 2971 1775 3006 :
1815 2974 1832 3003 ι
1866 2954 2054 3023 Neque
2100 2970 2199 3007 vo-

624 3058 746 3098 cem
790 3045 910 3114 ejus
952 3044 1203 3111 audistis,
1233 3045 1395 3115 292
1432 3062 1611 3115 neque
1649 3047 1885 3119 speciem
1912 3048 2031 3117 ejus
2056 3046 2199 3100 vidi-

625 3133 743 3198 stis,
770 3142 825 3188 et
851 3150 1161 3189 sermonem
1190 3137 1309 3205 ejus
1333 3151 1441 3189 non
1473 3135 1689 3190 habetis
1713 3136 1767 3189 in
1790 3136 1947 3190 vobis
1971 3151 2199 3209 manen-

626 3232 765 3289 tem,
811 3225 961 3294 quia,
1004 3241 1167 3294 quem
1210 3225 1300 3279 ille
1344 3226 1515 3290 misit,
1544 3224 1690 3280 huic
1732 3240 1830 3281 vos
1870 3241 1980 3281 non
2024 3227 2204 3282 credi-

625 3310 697 3364 tis
722 3311 789 3363 “.
824 3332 842 3362 ι
876 3313 987 3381 Ego
1034 3312 1310 3382 apparebo
1359 3315 1413 3368 in
1460 3313 1636 3378 vobis,
1680 3315 1879 3385 inquit,
1927 3324 2207 3371 exstructo

625 3404 942 3457 sanctuario
972 3420 983 3455 :
1013 3402 1066 3455 id
1090 3411 1272 3457 autem
1303 3402 1474 3473 figura
1506 3412 1625 3459 erat
1655 3404 1935 3470 Ecclesiae,
1962 3406 2031 3460 ad
2060 3406 2208 3462 illius

622 3507 879 3560 superna:
922 3492 1339 3546 similitudinem
1382 3493 1557 3547 factae.
1607 3494 1695 3547 Ait
1738 3494 1932 3548 enim:
1969 3514 1986 3546 ι
2018 3496 2209 3553 Facies

625 3584 762 3637 mihi
794 3586 948 3655 juxta
987 3585 1169 3638 omnia
1220 3600 1559 3654 qumcunque
1606 3593 1983 3642 monstravero
2012 3588 2107 3642 tibi
2149 3588 2204 3643 in

626 3684 844 3738 monte,
894 3676 973 3729 sic
1017 3676 1203 3729 facies.
1260 3696 1277 3727 ι
1332 3675 1625 3731 Ostensum
1677 3686 1762 3733 est
1809 3678 1953 3733 enim
1996 3678 2204 3749 aliquid

626 3767 791 3823 beato
814 3769 1004 3840 Moysi,
1034 3768 1207 3840 figura
1237 3770 1519 3833 nimirum,
1548 3778 1608 3823 ut
1635 3771 1796 3826 modo
1824 3772 1959 3837 dixi,
1988 3782 2205 3828 sancta—

627 3876 752 3915 rum
797 3846 1202 3926 Ecclesiarum,
1254 3869 1309 3915 et
1354 3862 1469 3931 ipse
1514 3862 1603 3917 ille
1648 3864 1798 3919 varie
1844 3871 2102 3934 tanquam
2150 3866 2205 3920 in

628 3952 822 4007 umbra
856 3951 1199 4017 efl‘ormatus,
1230 3952 1324 4023 qui
1358 3969 1459 4023 pro
1492 3954 1652 4009 nobis
1691 3965 1776 4009 est
1812 3955 1976 4010 homo
2008 3954 2202 4011 factus.

625 4044 703 4099 De
738 4044 968 4114 singulis
1007 4055 1189 4101 autem
1231 4046 1634 4119 exemplaribus
1663 4049 1706 4103 si
1742 4048 1927 4105 dicere
1962 4051 2201 4105 volueri-

624 4151 769 4197 mus,
804 4138 1051 4205 prolixus
1078 4137 1186 4191 erit
1230 4145 1285 4191 et
1316 4138 1510 4207 longus
1542 4154 1744 4205 sermo,
1769 4149 1824 4195 et
1853 4141 2035 4195 nimia:
2066 4142 2199 4196 sub-

625 4225 841 4280 tilitatis
886 4226 1098 4296 plenus.
1145 4226 1251 4282 Sed
1283 4228 1542 4296 quoniam
1584 4228 1844 4299 nonnulla
1886 4236 2015 4283 sunt
2078 4244 2199 4299 qua:

2305 1952 2427 2023 ὅρος
2453 1952 2510 2006 ἐν
2544 1950 2673 2003 εῖδει
2699 1948 2889 2019 πυρὸς,
2914 1946 3103 2017 ὀφθείς
3123 1964 3183 2000 τε
3211 1947 3288 2017 τῷ
3318 1946 3436 2021 λαῷ
3469 1948 3635 2001 παντίο
3657 1950 3802 2022 γέγρα.

2308 2061 2439 2097 πται
2475 2042 2583 2113 γὰρ
2624 2042 2823 2104 οὓτως,
2853 2040 2929 2104 ὠς
2961 2039 3116 2092 οὖπω
3155 2041 3381 2107 φανεὶς,
3415 2040 3476 2091 τὺ
3517 2041 3802 2112 Ὀφθήσιμιιι,

2307 2135 2491 2206 φησιν,
2524 2135 2582 2186 ὲν
2611 2134 2760 2204 ὑμῖν,
2796 2130 3165 2203 ὲγηγερμένου
3189 2129 3286 2183 τοῦ
3311 2129 3651 2201 ἀγιάσματος.
3678 2133 3801 2186 Μόνη

2306 2227 2414 2297 γάρ
2434 2226 2554 2296 ούχὶ
2577 2224 2954 2295 διακεκραγὼς
2985 2224 3181 2293 δρᾶται
3217 2221 3406 2290 σαφῶς
3422 2261 3437 2286 ,
3467 2223 3544 2275 ὅτι
3570 2225 3695 2275 σκιαὶ
3717 2226 3800 2292 μὲν,

2307 2318 2363 2371 αἱ
2408 2316 2666 2370 ὀπτασίαι
2715 2317 2920 2368 ἐκεῖναι
2972 2314 3073 2384 τῆς
3114 2312 3349 2383 ἀληθοῦς
3394 2312 3644 2377 θεοπτιας.
3683 2313 3732 2367 Ἦ
3763 2317 3800 2368 ἃ

2307 2408 2511 2479 ἀληθὴς
2540 2408 2836 2474 ἀνάδειξις,
2874 2410 2902 2461 ὁ
2935 2406 3189 2477 Χριστὸς,
3223 2407 3282 2459 ὲν
3304 2398 3351 2472 ᾧ
3378 2404 3475 2457 καὶ
3512 2405 3801 2458 αὐτδντεθεεὶ-

2310 2500 2452 2570 μεθα
2492 2501 2581 2553 τὸν
2632 2500 2873 2570 Πατέρα.
2924 2498 3034 2552 Καὶ
3079 2498 3210 2567 γοῦν
3258 2496 3546 2560 Ἰουδαίους
3593 2498 3799 2567 οἰομένους

2305 2592 2387 2643 ὅτι
2428 2590 2713 2644 τεθέανται
2747 2590 2886 2643 κατά
2925 2590 2987 2642 τὸ
3023 2590 3223 2659 ἀληθὲς
3255 2590 3313 2641 ὲν
3342 2588 3423 2659 τῷ
3461 2589 3570 2659 δρει
3607 2590 3711 2642 Σινᾶ
3739 2592 3798 2643 τὸν

2305 2681 2414 2733 τῶν
2446 2682 2580 2734 ὅλων
2613 2680 2776 2745 Θεὸν,
2813 2680 3118 2734 ἀνούστατα
3147 2678 3553 2749 διατιθεμένους
3596 2679 3796 2750 διήλεγχε,

2306 2772 2510 2839 λέγων·
2554 2789 2573 2824 ε
2625 2770 2763 2825 Οῠτε
2798 2772 2979 2843 φωνὴν
3029 2771 3191 2824 αὐτοῦ
3222 2771 3531 2840 ἀκηκόατε,
3572 2771 3675 2824 οὕτε
3704 2772 3797 2837 ei?“

2306 2864 2471 2917 αὑτοῦ
2506 2863 2784 2933 ἑωράκατε
2806 2904 2820 2928 ,
2864 2865 2958 2917 καὶ
2994 2863 3084 2915 τον
3116 2863 3272 2931 λόγον
3297 2863 3464 2917 αὑτοῦ
3497 2864 3589 2915 οὐκ
3626 2864 3740 2932 ἔχετε
3761 2865 3798 2915 iv

2309 2957 2435 3026 ὑμῖν
2486 2954 2746 3023 μένοντα,
2803 2954 2881 3007 ὅτι
2942 2953 3000 3007 δν
3052 2952 3377 3007 ἀπέστειλεν
3429 2957 3636 3019 ἐκεῖνος,
3674 2956 3797 3023 τούτῳ

2307 3046 2465 3116 ὑμεῖς
2495 3046 2556 3099 οὐ
2598 3044 2902 3099 πιστεύετε.
2931 3064 2949 3097 ι
2984 3045 3193 3099 Οὐκοῦν
3224 3046 3532 3117 ὀφθήσομαι
3552 3088 3565 3112 ,
3597 3049 3739 3117 φησιν,
3760 3049 3797 3099 iv

2306 3136 2432 3206 ὑμῖν
2492 3137 2862 3207 ὲγηγερμένου
2923 3136 3015 3188 τοῦ
3075 3136 3438 3208 ἀγιάσματος.
3485 3138 3635 3190 Τοῦτο
3672 3139 3713 3190 δὲ
3752 3134 3796 3201 ἦν

2318 3229 2643 3299 Ἐκκλησίας
2692 3227 2895 3293 τύπος,
2938 3227 3061 3281 καθ’
3105 3229 3403 3300 ὁμοιότητα
3447 3229 3703 3299 γενομένης
3732 3229 3797 3296 τῆς

2303 3321 2433 3375 ἄνω.
2474 3320 2586 3374 Καὶ
2613 3320 2719 3391 γάρ
2744 3336 2826 3373 τοι
2879 3320 3032 3390 φησὶ,
3069 3340 3085 3371 ι
3130 3321 3384 3391 Ποιήσεις
3420 3339 3505 3392 μοι
3535 3321 3655 3373 κατὰ
3673 3304 3796 3373 πῶηᾴ

2302 3413 2402 3466 ὅσα
2429 3411 2656 3481 δεικνύω
2676 3430 2759 3465 σοι
2783 3415 2839 3466 ἐν
2861 3412 2937 3483 τῷ
2956 3413 3092 3484 δρει,
3117 3412 3260 3466 οὕτω
3286 3414 3549 3484 ποιήσεις.
3572 3433 3588 3464 ι
3604 3411 3796 3482 [Iapesz-

2303 3503 2407 3575 χθη
2443 3504 2551 3573 γάρ
2590 3521 2674 3557 τοι
2716 3503 2792 3574 τῷ
2832 3505 3086 3576 μακαρίῳ
3120 3505 3291 3576 Μωσῇ
3351 3504 3537 3569 τύπος,
3578 3504 3642 3566 ὡς
3686 3503 3793 3571 ἔφην,

2302 3596 2411 3669 τῶν
2445 3596 2617 3671 ἁγίων
2662 3596 3022 3667 Ἐκκλησιῶν,
3052 3597 3148 3650 καὶ
3176 3596 3473 3658 πολυειδῶς
3510 3594 3652 3658 αὐτὸς
3684 3594 3738 3655 ὡς
3758 3596 3795 3644 ὲν

2305 3690 2433 3759 σκιᾷ
2470 3687 2835 3758 πλαττόμενος
2878 3690 2904 3740 ό
2945 3687 3013 3741 δι’
3048 3689 3196 3758 ἡμᾶς
3238 3687 3525 3757 γενόμενος
3561 3685 3793 3753 ἅνθρωπος.

2315 3782 2433 3849 Ἐφ’
2465 3781 2676 3851 ἑκάστῳ
2707 3797 2768 3847 γε
2816 3779 2924 3850 μὴν
2965 3779 3073 3831 τῶν
3116 3778 3571 3849 παραδειγμάτων
3596 3778 3728 3839 πολὺς
3752 3776 3793 3827 ἂν

2303 3867 2511 3935 γένοιτο
2548 3867 2638 3920 καὶ
2684 3866 2896 3935 μακρὸς
2941 3868 2969 3919 ὁ
3010 3865 3198 3934 λόγος,
3229 3867 3323 3918 καὶ
3377 3864 3693 3936 ἰσχνομυθίας
3726 3864 3793 3931 ἒμ-

2303 3957 2500 4021 πλεως.
2546 3957 2765 4029 Ἐπειδὴ
2793 3957 2849 4012 δέ
2879 3958 2994 4011 ἐστι
3027 3957 3096 4011 τά
3125 3958 3224 4028 μὲν
3260 3958 3370 4013 ἴδιά
3393 3976 3449 4011 τε
3478 3958 3563 4011 καὶ
3587 3955 3794 4027 πρέποντα

2304 4051 2369 4121 τῇ
2403 4050 2509 4102 τῶν
2534 4048 2835 4117 γεγονότων
2881 4051 3218 4119 κατασκευῇ,
3262 4050 3327 4103 τὰ
3355 4049 3411 4102 δὲ
3459 4048 3583 4121 πρὸς
3617 4046 3696 4116 τὴν
3720 4043 3794 4097 τῶν

2305 4140 2675 4212 θεωρημάτων
2708 4139 3035 4193 ἀπονένευκε
3070 4140 3280 4209 χρείαν,
3316 4140 3480 4210 φέρε,
3514 4138 3716 4207 λέγωμεν
3746 4136 3793 4185 τὰ

2304 4229 2385 4292 εἷς
2417 4246 2479 4296 γε
2509 4228 2665 4281 τοῦτο
2686 4227 2963 4298 λυσιτελῆ,
2994 4228 3250 4298 μεθέντες
3275 4226 3347 4281 τά
3379 4229 3555 4300 ἕτερα.

626 4321 847 4389 proprie
886 4320 954 4374 ad
992 4322 1209 4375 illorum
1253 4336 1482 4390 operum
1526 4322 1998 4377 constructionem
2032 4324 2332 4393 pertinent,
2396 4322 2501 4377 alia
2548 4338 2682 4378 vero
2724 4323 2791 4378 ad
2836 4323 3316 4395 contemplationis
3377 4340 3531 4393 usum
3587 4328 3791 4393 spectant.

626 4430 743 4495 age,
782 4433 903 4487 qua:
931 4417 999 4471 ad
1035 4433 1155 4472 eam
1198 4433 1312 4472 rem
1354 4418 1507 4471 utilia
1546 4428 1692 4481 sunt,
1719 4419 1787 4473 de
1829 4419 1896 4474 iis
1934 4406 2201 4481 dicamus,
2241 4419 2559 4476 omittamus
2588 4427 2805 4475 czetera.

696 4511 891 4587 PALL.
931 4511 1049 4565 Non
1076 4511 1207 4565 satis
1228 4511 1373 4580 quod
1402 4511 1541 4566 dicis
1568 4511 1830 4583 intelligo.

694 4602 851 4655 CYR.
896 4600 1130 4655 Adverte
1169 4601 1336 4671 igitur
1369 4602 1514 4671 quod
1552 4602 1803 4658 dicturus
1830 4621 1947 4659 sum
1980 4623 1992 4657 :
2033 4605 2194 4659 intel-

623 4694 762 4764 liges
789 4693 957 4756 enim,
991 4700 1045 4765 et
1078 4693 1299 4762 quidem
1336 4692 1613 4762 perfacile,
1645 4703 1704 4749 ut
1747 4697 1961 4765 opinor.
1998 4696 2194 4752 Arcam

623 4783 744 4839 fieri
780 4782 944 4855 jussit
970 4782 1037 4836 de
1066 4781 1227 4851 lignis
1262 4781 1715 4850 imputribiiibus,
1771 4793 1829 4839 et
1865 4784 2197 4839 intrinsecus

621 4884 678 4931 et
700 4875 1045 4935 extrinsecus
1078 4886 1217 4951 auro
1252 4871 1455 4925 mundo
1481 4880 1680 4926 tectam
1703 4873 1770 4937 ⁸⁷,
1796 4889 1917 4943 quae
1945 4874 2194 4928 contine-

622 4979 707 5023 ret
743 4968 852 5033 illa,
889 4982 1009 5036 quae
1037 4964 1374 5035 vocabantur
1409 4962 1741 5039 testimonia,
1778 4964 1833 5018 id
1863 4971 1947 5018 est
1996 4963 2193 5035 legem,

623 5068 682 5112 ut
734 5059 788 5112 in
834 5057 1033 5111 tabulis
1076 5055 1469 5126 parturientem
1504 5073 1516 5109 :
1552 5070 1731 5125 neque
1774 5070 1905 5109 vero
1945 5055 2037 5110 hic
2072 5055 2197 5109 finis

620 5152 740 5219 ejus
780 5147 1169 5204 exstructionis
1211 5145 1346 5223 fuit;
1394 5162 1519 5221 nam
1559 5154 1615 5200 et
1657 5153 1843 5201 vectes
1881 5145 1998 5200 ﬁeri
2042 5145 2197 5216 jubet

624 5256 816 5293 rursus
857 5256 921 5293 ex
950 5239 1112 5308 lignis
1151 5236 1586 5306 imputribiiibus
1615 5253 1768 5307 teque
1800 5237 2113 5300 deauratos,
2142 5244 2198 5291 et

624 5345 819 5384 aureos
851 5330 1101 5389 annulos.
1128 5339 1183 5384 et
1210 5328 1486 5405 versatilia
1520 5329 1982 5399 circumquaque;
2019 5328 2195 5399 longi-

626 5420 870 5475 tudinem
922 5436 1160 5489 quoque,
1204 5436 1267 5475 ac
1312 5420 1679 5485 latitudinem,
1721 5430 1776 5475 et
1822 5419 2192 5491 altitudinem,

621 5522 825 5581 quanta
856 5512 1035 5567 futura
1065 5523 1211 5567 esset
1253 5514 1307 5569 in
1350 5530 1417 5568 co
1455 5513 1695 5583 opificio,
1759 5513 2025 5568 definivit.
2086 5512 2191 5566 Ve-

624 5588 767 5671 rum,
796 5605 839 5657 si
867 5603 991 5673 quis
1032 5603 1165 5663 velit
1198 5603 1510 5675 hujusmodi
1567 5620 1655 5659 res
1688 5605 1913 5675 mystice
1940 5611 1995 5658 et
2025 5618 2187 5657 accu-

696 5776 741 5821 βδ
794 5777 931 5839 ινδειι.
965 5795 1119 5843 um,
1148 5778 1233 5830 27.

2228 4517 2273 4572 D
2368 4515 2570 4568 HAAA.
2602 4513 2677 4566 Ού
2715 4515 2939 4597 συνίημι
2974 4516 3002 4567 ὃ
3035 4516 3158 4585 φὴς.

2374 4604 2537 4657 ΚΥΡ.
2570 4603 2760 4675 Ἀθρει
2793 4605 2856 4675 δὴ
2890 4600 2982 4658 οὖν
3008 4606 3036 4658 ὅ
3064 4621 3226 4677 φημιο
3255 4607 3507 4678 συνήσεις
3530 4606 3641 4677 γὰρ,
3665 4602 3789 4675 οἶμαι.

2303 4695 2395 4748 καὶ
2443 4693 2563 4748 λίαν
2608 4696 2867 4765 ἀμογητί·
2917 4696 3151 4761 κιϐωτὸν
3197 4698 3451 4767 γενέσθαι
3505 4698 3791 4769 προστέταχεν

2301 4786 2365 4838 ὲκ
2411 4784 2583 4849 ξύλων
2610 4775 2901 4854 ἀσήπτων,
2932 4786 3136 4841 ἐσωθέν
3177 4805 3236 4841 τε
3291 4790 3387 4849 καὶ
3428 4788 3608 4854 ἔξωθεν
3639 4785 3791 4859 χρυσίῳ

2301 4873 2527 4947 καθαρῷ
2561 4876 3107 4949 διαπεπυκασμὲνην,
3143 4880 3236 4933 καὶ
3278 4879 3347 4933 τά
3381 4880 3657 4950 καλούμενα
3689 4893 3789 4947 μαρε

2300 4965 2482 5039 τύρια,
2506 4966 2651 5020 τοῦτ’
2679 4967 2816 5032 ἔστι,
2851 4967 2944 5022 τὸν
2970 4968 3133 5039 νόμον
3147 4970 3223 5032 ὼς
3252 4972 3309 5024 ἐν
3337 4970 3521 5037 πλαξὶν
3547 4969 3787 5029 ὠδίνουσαν,

2303 5058 2396 5111 καὶ
2437 5060 2499 5111 οὗ
2547 5058 2708 5128 μέχρι
2740 5058 2946 5113 τούτων
2978 5060 3047 5113 τά
3086 5061 3175 5114 ἐπ’
3203 5062 3393 5133 αὑτήνα
3427 5060 3690 5132 ἀναφορέας
3713 5056 3788 5127 γὰρ

2300 5149 2364 5219 δὴ
2408 5150 2659 5217 γενέσθαι
2695 5150 3021 5222 προστάττει
3073 5150 3235 5205 πάλιν
3281 5151 3339 5218 ἐξ
3385 5153 3621 5222 ἀσήπτων
3647 5148 3786 5219 ξύλω,

2301 5240 2361 5290 ὲν
2392 5238 2490 5307 ἴσῳ
2523 5238 2973 5309 κεχρυσωμένους
2994 5277 3008 5302 ,
3044 5238 3279 5311 χρυσοῦς
3318 5256 3377 5292 τε
3413 5238 3688 5298 δακτυλίους
3720 5234 3787 5287 καὶ

2304 5329 2543 5399 στρεπτὰ
2570 5328 2776 5397 κύκλῳ.
2812 5329 3002 5398 Μῆκός
3025 5346 3083 5382 τε
3106 5330 3199 5383 καὶ
3230 5329 3428 5393 πλάτος
3456 5329 3539 5382 καὶ
3561 5327 3671 5395 {Haec
3695 5321 3789 5391 ὡρε-

2305 5436 2436 5474 σατο
2463 5438 2539 5490 τῳ
2574 5423 2892 5491 τεχνήματι.
2939 5419 3078 5473 Ἀλλ’
3111 5422 3159 5472 εἰ
3202 5419 3440 5490 βούλοιτό
3466 5435 3542 5482 τις
3570 5415 3788 5482 πολυπρα-

2301 5512 2524 5580 γμονεῖν
2552 5504 2613 5562 εὖ
2662 5510 2808 5579 μάλα
2848 5508 2916 5562 τά
2954 5508 3128 5562 τοιάδε
3163 5510 3461 5579 μυστικῶς,
3506 5506 3690 5577 εὑρήσει
3719 5500 3787 5568 μὲν

2303 5601 2452 5665 ἴσως,
2495 5602 2522 5654 ὃ
2552 5602 2603 5653 τί
2656 5601 2784 5655 ποτέ
2829 5604 2976 5655 ἐστιν
3017 5603 3048 5671 ἡ
3092 5600 3356 5669 κιϐωτὸς,
3401 5600 3489 5654 καὶ
3527 5597 3585 5651 τὰ
3613 5596 3661 5647 ὲν
3685 5591 3784 5671 αὐτῇ

1309 5779 1351 5807 ⁸⁸
1379 5777 1528 5840 Joan.
1569 5794 1617 5841 ν,
1652 5776 1739 5843 57,
1792 5776 1879 5831 58.
1922 5776 1965 5807 ⁸⁷
1998 5776 2169 5834 Exod.
2201 5792 2327 5841 xxv,
2367 5775 2445 5840 to,
2493 5775 2572 5829 tl.
