3982 6502
177 393 307 454 $97

914 390 1000 446 DE
1037 383 1480 444 ADORATIONE
1516 381 1584 437 IN
1624 373 1897 436 SPIRITU
1945 375 2033 431 ΕΤ
2068 377 2442 436 VEBlTATE.
2486 377 2615 433 LIB.
2657 374 2793 433 1X."

3370 372 3478 439 598

190 504 506 577 μαρτύρια,
538 504 633 556 καὶ
676 499 759 563 τίς
785 498 822 570 ἡ
858 497 1031 565 ξύλων
1072 498 1333 569 ἀσήπτων
1372 494 1565 564 γέγονε
1605 490 1786 564 χρεία.

1917 493 2010 540 ate
2050 487 2458 558 pervestigare,
2503 486 2758 542 fortassis
2800 486 3047 543 inveniet
3112 485 3205 543 ille
3252 486 3474 559 quidem

187 599 269 651 Τί
296 596 346 651 δ’
380 596 448 649 ἂν
484 593 727 663 βούλοιτο
749 588 963 661 δηλοῦν,
996 589 1093 642 καὶ
1117 591 1184 660 τῇ
1218 586 1436 659 κιϐωτῷ
1459 586 1520 640 τὺ
1541 586 1788 657 χρυσίον,

184 689 275 743 τὰ
296 688 439 749 τέως
459 687 514 738 ὲν
539 684 693 749 τάξει
717 682 908 752 χρείας
927 698 988 734 τε
1015 681 1110 735 καὶ
1135 680 1343 749 κόσμου
1375 674 1788 746 συντεθειμένα,

194 778 455 848 κυμάτια
494 774 558 841 δὴ
591 771 756 840 λέγω,
794 770 1071 842 στρεπτὰ,
1103 769 1331 842 κρίκους
1369 785 1430 822 τε
1460 766 1552 821 καὶ
1585 766 1791 835 ἀναφο-

198 869 363 941 ρέας,
409 868 459 919 εί
499 861 921 935 περιεργάζοιτο
951 860 1153 931 τυχὸν,
1200 858 1437 930 σκληρὸν
1477 858 1699 928 εὑρήσει
1731 855 1793 909 τὸ

196 958 425 1030 χρῆμα.
465 954 573 1008 Kal.
619 951 778 1020 λόγον
820 950 1000 1013 αὐτοῖς
1047 947 1360 1019 ἐφαρμόσαι
1390 945 1484 999 τὸν
1533 942 1794 1015 μυστικὸν

196 1050 315 1102 οὐκ
345 1048 515 1114 ἔχων,
556 1042 977 1114 περιττοεπήσει
1013 1041 1155 1110 τάχα
1190 1056 1292 1093 που
1318 1078 1333 1101 ,
1378 1036 1475 1091 καὶ
1513 1036 1670 1107 ὅχιλον
1714 1037 1794 1089 εί-

198 1139 388 1193 καίων
412 1134 771 1207 ὲπισωρεύσει
805 1131 1086 1204 ῥημάτων,
1121 1132 1241 1193 ταῖς
1267 1128 1378 1181 τῶν
1401 1125 1797 1197 φιλομαθεστέ-

204 1249 328 1303 ρων
373 1230 584 1289 ἀκοαῖς.
635 1224 864 1297 Ἀληθὴς
906 1224 965 1277 δὲ
1009 1224 1142 1295 ἡμῖν
1170 1223 1199 1275 ό
1238 1220 1399 1289 λόγος
1446 1219 1546 1273 οὐκ
1596 1219 1686 1271 ἐπί
1714 1236 1797 1273 τοι

207 1324 392 1393 μόνης
430 1321 527 1390 τῆς
555 1316 791 1372 κιϐωτοῦ
820 1316 1002 1386 τυχὸν,
1039 1311 1335 1385 προσθείην
1368 1310 1414 1364 δ’
1457 1309 1524 1364 ἂν
1574 1310 1657 1362 ὅτι
1700 1310 1799 1363 καὶ

203 1413 310 1466 ὲπί
344 1430 409 1483 γε
433 1412 542 1466 τῶν
571 1410 769 1475 ἀλλων,
803 1407 841 1463 δι
869 1406 933 1478 δὴ
957 1404 1210 1474 γενέσθαι
1235 1404 1629 1477 προστέταχεν.

288 1666 507 1723 ΠΑΛΛ.
553 1665 667 1720 Οὐκ
711 1665 950 1720 ἀπίθανά
999 1682 1092 1737 μοι
1142 1666 1320 1731 δοκεῖς
1366 1665 1698 1721 διανοεῖσθαί
1740 1684 1801 1721 τε

208 1760 316 1814 καὶ
353 1744 549 1828 λέγειν.
592 1759 882 1829 Τοιγάρτοι
931 1760 1114 1829 μεθεὶς
1151 1759 1211 1812 τό
1241 1777 1306 1829 γε
1345 1755 1513 1832 ἧκον,
1558 1761 1634 1824 ὡς
1671 1760 1801 1832 φὴς,

209 1855 301 1915 είς
340 1852 685 1923 συμμετρίαν
720 1869 782 1905 τε
816 1852 909 1907 καὶ
935 1852 1145 1923 χρείαν,
1167 1853 1333 1924 ηγουν
1353 1854 1435 1916 είς
1460 1853 1668 1924 κόσμον
1691 1853 1801 1906 τῶν

211 1944 713 2016 ἀποτελεσμάτων,
756 1945 844 1999 ἐπ’
890 1946 1022 2000 αὐτὸ
1052 1947 1288 2001 διάττειν
1329 1945 1553 2015 ἐπείγου
1589 1945 1651 2000 τὸ
1688 1948 1804 2010 τοῖς

215 2035 608 2108 θεωρήμασιν,
653 2037 972 2105 ἀναγκαῖον,
1023 2036 1169 2091 τοῦτ’
1221 2036 1371 2103 ἔστι,
1421 2037 1546 2091 τίνα
1600 2039 1804 2109 τρόπον

212 2127 390 2192 αὐτὸς
418 2130 552 2199 ἡμῖν
597 2129 628 2181 ό
659 2130 897 2200 Χριστὸς
928 2129 1258 2201 σημαίνεται
1289 2128 1378 2184 διὰ
1414 2128 1525 2183 τῶν
1557 2130 1803 2202 παραδε-

209 2220 557 2289 δειγμένων,
612 2221 732 2293 ἤτοι
786 2222 1346 2294 κατεσκευασμένων,
1402 2221 1638 2293 ἀμελητὶ
1685 2222 1805 2277 δια-

218 2325 411 2378 σαφει.

292 2401 462 2455 ΚΥΡ.
520 2402 749 2468 Οὐκοῦν,
807 2402 921 2473 ἐγὼ
953 2405 1070 2476 μὲν,
1098 2404 1175 2468 ὡς
1211 2404 1289 2461 ἔνι
1349 2407 1557 2477 φράσαι
1589 2423 1653 2460 τε
1713 2408 1809 2462 καὶ

218 2491 392 2552 νοεῖν,
423 2490 774 2562 πειράσομαι.
808 2493 1240 2565 Διαμαρτάνοντι
1259 2494 1319 2549 δέ
1356 2497 1402 2549 τ’
1430 2496 1684 2568 ἀληθοῦς,
1711 2498 1807 2552 καὶ

224 2584 381 2650 μεῖον
415 2580 449 2652 ἤ
482 2581 589 2653 χρὴ
632 2585 700 2654 τῇ
751 2584 862 2637 τῶν
902 2583 1192 2654 νοημάτων
1249 2586 1492 2658 ὑπεροχῇ
1534 2587 1810 2659 προσϐάλ-

219 2673 393 2740 λοντι,
449 2675 788 2747 συγγνώμων
835 2676 946 2731 ἔσο.
977 2677 1053 2730 Τὸ
1084 2677 1195 2748 γὰρ
1220 2677 1279 2731 ἑν
1325 2678 1577 2751 ἐσόπτρῳ
1620 2697 1683 2734 τε
1712 2683 1811 2735 καὶ

221 2766 516 2835 αἰνίγματι
540 2766 783 2836 βλέπειν,
817 2767 1186 2839 ἀποσφήλειεν
1214 2768 1281 2824 ἂν
1312 2767 1425 2823 ἐσθ’
1451 2771 1541 2825 ὅτε
1583 2772 1681 2826 καὶ
1717 2774 1810 2827 τὸν

224 2855 436 2927 ἀκριϐῆ
468 2873 528 2909 τε
551 2858 645 2911 καὶ
669 2857 919 2930 ἔμφρονα
945 2857 1096 2915 νοῦν.

302 2948 514 3001 ΠΔΛΛ.
550 2944 624 3003 Εὖ
653 2948 851 3017 λέγεις.

298 3040 469 3095 ΚΥΡ.
513 3041 577 3093 Ἡ
604 3041 835 3106 κιϐωτὸς
864 3044 1019 3113 ἡμῖν,
1046 3036 1092 3097 ὦ
1121 3041 1409 3112 Παλλάδιε,
1434 3045 1604 3112 τύπος
1628 3048 1695 3103 ἂν
1726 3050 1811 3121 εἴη

1891 576 2024 645 quid
2060 578 2131 631 sit
2167 592 2316 643 arca,
2348 577 2551 647 quidve
2588 577 2904 633 testimonia
2937 593 3061 647 quae
3100 577 3157 631 in
3195 594 3258 633 ea
3296 580 3476 635 conti-

1891 667 2189 733 nebantur,
2213 669 2417 739 quidve
2443 685 2578 725 usus
2600 669 3025 740 imputribilium
3056 669 3331 741 lignorum
3360 671 3481 728 fue-

1894 760 1986 814 rit.
2013 759 2120 815 Sed
2147 770 2329 815 tamen
2353 760 2485 831 quid
2519 762 2623 816 sibi
2662 762 2795 817 velit
2828 762 2963 817 illud
3001 763 3056 817 in
3095 779 3223 820 arca
3254 780 3472 830 aurum,

1894 850 2096 920 quidve
2132 867 2346 921 eaquae
2390 852 2613 907 interim
2658 852 2728 907 ad
2775 869 2934 908 usum
2966 856 3087 925 ejus
3125 863 3183 910 et
3218 864 3475 910 ornatum

1896 942 2197 1011 composita
2229 951 2376 1008 sunt,
2402 944 2657 1015 cymatia,
2686 944 2929 1015 inquam,
2955 955 3010 1000 et
3038 948 3336 1011 versatilia,
3364 949 3474 1004 cir-

1897 1033 2007 1087 culi
2041 1033 2208 1088 etiam
2229 1050 2294 1091 ac
2315 1042 2522 1101 vectes,
2546 1035 2591 1091 si
2619 1036 2893 1092 curiosius
2918 1038 3192 1107 exquirat,
3241 1038 3474 1093 arduum

1897 1138 1963 1179 ac
1996 1124 2215 1180 difﬁcile
2241 1141 2380 1195 opus
2404 1127 2667 1182 inveniet.
2692 1127 2827 1183 Cum
2851 1128 3035 1197 itaque
3061 1129 3346 1200 mysticam
3392 1144 3481 1183 ra-

1898 1214 2105 1272 tionem
2143 1217 2253 1273 illis
2287 1226 2477 1288 aptare
2506 1228 2765 1289 nequeat,
2790 1235 3199 1289 supervacaneo
3224 1234 3482 1276 sermone

1900 1305 2236 1363 redundabit
2276 1308 2532 1374 fortasse,
2575 1320 2633 1365 et
2687 1310 2935 1365 inanium
2977 1312 3272 1366 verborum
3317 1311 3482 1367 turba

1900 1398 2273 1455 studiosorum
2300 1416 2471 1456 aures.
2506 1401 2781 1456 onerabit.
2820 1401 3011 1471 quue,
3036 1402 3181 1471 quod
3224 1402 3480 1468 dicimUs,

1901 1507 2012 1546 non
2040 1492 2096 1545 in
2127 1508 2256 1548 arca
2278 1494 2394 1548 sola
2416 1509 2608 1549 verum
2632 1503 2738 1559 est,
2768 1493 2863 1549 sed
2893 1493 2946 1548 in
2977 1494 3105 1549 aliis
3143 1496 3308 1550 etiam
3361 1510 3484 1565 qua:

1902 1582 2023 1638 fieri
2042 1584 2226 1653 jussit.

1972 1675 2170 1729 PALL.
2211 1675 2343 1730 Mihi
2376 1692 2509 1732 vero
2544 1692 2656 1733 non
2696 1677 2935 1733 absurde
2964 1680 3171 1735 sentire
3206 1695 3270 1735 ac
3298 1680 3488 1738 dicere

1903 1760 2132 1816 videris.
2158 1761 2319 1832 293
2344 1763 2534 1834 Igitur,
2572 1764 2642 1820 iis
2680 1768 3064 1835 pmtermissis
3098 1786 3219 1839 quae
3249 1769 3316 1824 ad
3350 1785 3487 1829 con-

1904 1854 2215 1924 gruentiam
2256 1864 2315 1910 et
2351 1872 2534 1922 usum,
2569 1866 2633 1911 ut
2657 1857 2817 1924 dicis,
2843 1875 2940 1914 seu
2970 1869 3226 1915 ornatum
3255 1876 3489 1931 cperunt

1905 1944 2207 2014 pertinent,
2235 1947 2303 2002 ad
2340 1963 2404 2003 ea
2440 1948 2625 2017 potius
2660 1951 2982 2020 explicanda
3007 1967 3193 2023 perge,
3216 1969 3337 2023 qua:
3360 1961 3493 2008 sunt

1905 2036 1975 2093 ad
2019 2038 2540 2108 contemplationem
2587 2043 2921 2108 necessaria,
2965 2042 3020 2099 id
3067 2052 3171 2109 est,
3212 2044 3493 2114 quomodo

1906 2127 2069 2182 nobis
2107 2127 2362 2184 Christus
2405 2130 2524 2200 ipse
2567 2147 2667 2201 per
2705 2148 2769 2187 ea
2814 2150 2955 2202 quae,
2992 2134 3082 2189 vel
3121 2142 3361 2200 ostensa,
3402 2135 3492 2191 vel

1907 2233 2077 2290 opere
2102 2219 2351 2290 perfecta
2381 2232 2530 2287 sunt,
2560 2222 2925 2293 signiﬁcetur,
2955 2225 3009 2280 id
3041 2241 3174 2280 vero
3200 2226 3319 2281 sine
3350 2242 3492 2281 cun-

1909 2309 2149 2367 ctatione
2178 2311 2414 2381 explica.

1978 2401 2137 2459 CYR.
2176 2403 2291 2475 Ego
2317 2420 2472 2470 vero,
2502 2413 2565 2461 ut
2594 2413 2807 2476 potero,
2834 2415 2893 2460 et
2930 2406 3258 2479 intelligere,
3290 2416 3349 2463 et
3392 2423 3491 2464 ex-

1909 2492 2117 2563 plicare
2156 2495 2401 2551 conabor
2429 2513 2443 2552 :
2471 2498 2593 2563 sed,
2627 2498 2674 2554 si
2716 2514 2748 2553 a
2788 2498 3020 2555 veritate
3052 2500 3401 2566 aberravero,
3436 2509 3496 2557 et

1910 2585 2094 2641 minus
2119 2602 2285 2657 quam
2318 2596 2595 2658 oporteat,
2629 2604 2891 2645 sensuum
2932 2590 3308 2659 praestantiam
3349 2607 3502 2647 assc-

1912 2686 2075 2733 cutus
2100 2676 2279 2743 fuero,
2303 2680 2521 2737 veniam
2552 2680 2713 2735 dabis
2738 2698 2751 2733 :
2780 2696 2909 2737 nam
2931 2680 3059 2750 quia
3085 2680 3144 2735 in
3190 2682 3414 2751 speculo
3441 2688 3502 2737 et

1911 2769 2201 2841 aenigmate
2245 2770 2518 2837 videmus,
2562 2771 2800 2827 edicitur
2842 2788 3239 2843 nonnunquam
3310 2782 3371 2829 ut
3408 2772 3499 2832 vel

1912 2861 2161 2931 prudens
2186 2871 2242 2916 et
2266 2863 2499 2933 diligens
2529 2862 2745 2918 animus
2774 2863 3011 2918 labatur.

1986 2952 2067 3009 PA
2078 2954 2185 3008 LL.
2227 2955 2396 3010 Recte
2424 2954 2585 3011 dicis.

1989 3042 2147 3099 CVR.
2187 3043 2329 3099 Area
2372 3043 2561 3114 igitur,
2591 3045 2821 3110 Palladi,
2850 3053 2912 3099 ut
2948 3062 3050 3116 ego
3095 3048 3294 3112 sentio,
3321 3047 3500 3117 imago

225 3135 328 3187 καὶ
373 3133 539 3187 εἰκὼν
580 3134 675 3188 τοῦ
706 3135 965 3201 Χριστοῦ,
1003 3136 1107 3190 Τὸν
1152 3137 1262 3209 γὰρ
1305 3139 1408 3210 τῆς
1454 3140 1809 3214 ὲνανθρωπήο

1917 3149 1982 3189 ac
2030 3133 2200 3204 ﬁgura
2243 3132 2447 3188 Christi
2492 3142 2616 3189 est:
2649 3150 2797 3199 nam,
2850 3136 2893 3189 si
2945 3136 3360 3192 consideremus
3392 3152 3500 3207 qua

228 3244 372 3292 σεως
400 3226 494 3280 τοῦ
525 3227 863 3295 Μονογενοῦς
887 3228 1357 3299 ἀνασκοπούμενοι
1389 3233 1613 3303 τρόπον,
1635 3236 1813 3290 καθά⁶

225 3336 341 3390 περ
394 3320 453 3372 ὲν
485 3319 704 3390 κιϐωτῷ
748 3319 826 3390 τῷ
861 3322 926 3373 ὲκ
965 3320 1243 3392 Παρθένου
1294 3323 1407 3395 ναῷ
1444 3324 1535 3378 τὸν
1568 3327 1634 3381 ἐκ
1678 3327 1814 3383 Θεοῦ

228 3411 451 3481 Πατρός
478 3411 647 3477 Λόγον
693 3409 1080 3481 ὲνηυλισμένον
1148 3412 1411 3484 ὀψόμεθα.
1451 3435 1471 3466 ι
1507 3417 1815 3491 Κατῲκησε

228 3502 343 3573 γὰρ
398 3503 457 3554 ὲν
503 3500 655 3572 αύτῷ
702 3504 811 3557 πᾶν
854 3502 916 3555 τὸ
948 3502 1220 3575 πλήρωμα
1272 3508 1372 3577 τῆς
1410 3506 1663 3579 θεότητος
1714 3527 1817 3563 σω-

233 3594 507 3665 ματικῶς,
542 3613 562 3645 ι
614 3594 757 3648 κατά
786 3594 887 3658 τὰς
924 3595 1167 3666 Γραφάς.
1194 3597 1365 3666 Λόγος
1383 3597 1439 3653 δὲ
1461 3594 1530 3671 ἦν
1562 3600 1719 3665 Θεοῦ,
1750 3603 1817 3657 τά

230 3690 291 3742 ἐν
320 3690 386 3757 τῇ
420 3685 637 3756 κιϐωτῷ
682 3686 979 3757 μαρτύρια.
1016 3689 1128 3741 Καὶ
1157 3689 1379 3759 ἄσηπτα
1410 3690 1508 3760 μὲν
1553 3687 1621 3765 ἦν
1647 3692 1819 3763 αὐτῆς

229 3779 302 3832 τὰ
344 3778 500 3844 ξύλα,
547 3778 735 3849 χρυσῷ
783 3778 841 3831 δὲ
889 3779 971 3851 τῷ
1024 3780 1252 3851 καθαρῷ
1307 3782 1400 3835 καὶ
1460 3782 1818 3857 δοκιμωτάτῳ

231 3870 689 3935 κατεκαλλύνετο,
738 3870 942 3925 ἔσωθεν
993 3890 1055 3926 τε
1103 3874 1198 3927 καὶ
1251 3873 1470 3938 ἔξωθεν.
1508 3877 1818 3948 Ἀφθαρτον

230 3966 342 4033 γὰρ
372 3963 436 4017 τὸ
461 3965 619 4034 σῶμα
659 3964 919 4035 Χριστοῦ,
956 3966 1206 4039 καθάπερ
1241 3969 1349 4021 τινὶ
1380 3969 1589 4041 χρυσῷ,
1615 3974 1682 4042 τῇ
1722 3971 1817 4025 τοῦ

232 4057 571 4120 ἐνοικοῦντος
616 4058 792 4126 Λόγου
842 4057 1068 4128 δυνάμει
1129 4059 1223 4113 καὶ
1285 4058 1675 4132 λαμπρότητι,
1724 4062 1820 4116 καὶ

232 4151 300 4218 τῇ
358 4148 454 4201 τοῦ
525 4148 681 4217 ἁγίου
750 4149 1067 4220 νεύματος
1144 4151 1304 4219 φύσει
1387 4151 1482 4204 καὶ
1558 4153 1815 4223 ἐνεργείᾳ

235 4239 527 4310 ζωοποιῷ,
587 4240 725 4311 πρὸς
779 4240 1091 4312 ἀφθαρσίαν
1154 4242 1643 4313 διακρατούμενον.
1720 4245 1820 4299 Διὰ

233 4330 344 4400 γάρ
374 4346 456 4381 τοι
494 4328 651 4381 τοῦτο
680 4329 777 4382 καὶ
823 4329 1108 4394 ζωοποιεῖν
1150 4328 1368 4396 λέγεται
1398 4328 1655 4400 Χριστός.
1695 4330 1818 4400 Ζωὴ

233 4418 345 4486 γάρ
379 4416 455 4470 ὢν
483 4416 626 4470 κατὰ
655 4416 816 4485 φύσιν
842 4421 870 4470 ὁ
905 4419 967 4469 ὲκ
994 4417 1131 4470 Θεοῦ
1161 4418 1374 4487 Πατρὺς
1405 4417 1596 4485 Λόγος,
1629 4420 1696 4489 τῇ
1725 4419 1820 4471 δυ·

234 4508 401 4576 νάμει
450 4506 545 4559 τοῦ
622 4506 751 4560 ίδίου
806 4506 1115 4576 πνεύματος
1164 4507 1257 4560 τὸν
1308 4506 1438 4561 ίδιον
1482 4507 1646 4570 αὐτὸς
1719 4508 1817 4561 ἀν-
1852 4489 1899 4545 Ῑ)

235 4596 525 4660 εζωοποίει
545 4596 694 4660 ναὸν,
714 4596 921 4669 φθορᾶς
945 4596 1206 4671 ἀνωτέρω
1224 4597 1411 4663 τιθείς.
1425 4617 1443 4649 ι
1466 4599 1529 4650 Ἥ
1545 4597 1654 4671 γὰρ
1682 4598 1820 4670 σὰρξ

235 4688 406 4747 αὐτοῦ
457 4691 558 4744 οὐκ
601 4686 711 4743 οίδε
766 4690 1104 4761 διαφθορὰν,
1154 4709 1173 4743 ι
1222 4690 1367 4745 κατά
1392 4690 1491 4762 τὴν
1523 4690 1618 4745 τοῦ
1658 4692 1815 4760 άγίου

238 4782 455 4835 Παύλου
500 4782 707 4852 φωνήν.
749 4768 1097 4853 Προσειρώνει
1143 4780 1201 4835 δέ
1239 4799 1341 4835 που
1388 4783 1485 4835 καὶ
1522 4780 1816 4848 Ἰουδαίοις,

238 4874 370 4944 περὶ
400 4872 495 4926 τοῦ
532 4874 665 4927 ίδίου
716 4872 989 4943 σώματος*
1024 4893 1041 4925 ι
1066 4874 1285 4928 Λύσατε
1327 4872 1421 4927 τὸν
1455 4873 1583 4927 ναὸν
1606 4874 1818 4939 τοῦτον,

238 4968 331 5019 καὶ
376 4980 433 5019 εν
461 4966 639 5036 τρισὶν
667 4965 903 5037 ἡμέραις
937 4965 1115 5037 ἐγερῶ
1158 4963 1353 5018 αὐτόν·
1398 4982 1417 5016 ι
1450 4964 1548 5018 καὶ
1590 4964 1699 5035 μὴν
1730 4963 1824 5019 καὶ

237 5060 269 5112 ὁ
309 5057 515 5127 Πέτρος
553 5056 962 5111 τεθανατῶσθαι
1013 5057 1109 5128 μὲν
1175 5057 1358 5127 σαρκὶ,
1409 5057 1594 5126 φησὶν,
1636 5056 1822 5120 αὐτὸν,

238 5147 644 5217 ὲζωοποιῆσθαι
693 5147 753 5201 δὲ
780 5148 1098 5217 πνεύματι.
1152 5147 1427 5219 Σύμϐολον
1457 5143 1550 5203 οῦν
1576 5148 1687 5219 ἄρα
1720 5147 1824 5217 τῆς

238 5238 639 5309 ὑπερλάμπρου
696 5237 975 5310 θεότητος,
1023 5242 1051 5292 ό
1076 5239 1300 5310 χρυσὸς,
1338 5239 1821 5311 ὲπαληλειμμένης

238 5329 430 5397 ὥσπερ
459 5328 540 5399 τῷ
569 5330 712 5400 ἁγίῳ
763 5329 1000 5400 σώματι,
1034 5332 1129 5384 καλ⁸
1169 5332 1269 5401 τὴν
1315 5331 1454 5385 ἰδίαν
1486 5331 1652 5385 αὐτοῦ
1688 5331 1826 5402 λαμ-

241 5419 494 5489 πρότητά
519 5436 579 5476 τε
610 5419 706 5477 καὶ
736 5419 1047 5491 ἀφθαρσίαν
1072 5421 1313 5492 ὲνιείσης
1342 5423 1697 5493 ἀπορῥήτως,
1726 5422 1825 5476 καὶ

240 5512 316 5573 ὡς
366 5512 503 5583 αὐτή
549 5528 655 5565 που
693 5512 826 5583 μόνη
855 5513 950 5566 καί
971 5513 1093 5566 καθ’
1137 5512 1336 5585 ἑαυτὴν
1392 5514 1427 5580 ἡ
1477 5512 1597 5567 θεία
1642 5531 1702 5568 τε
1731 5513 1827 5568 καὶ

243 5605 385 5675 ὑπὲρ
414 5606 541 5657 νεῦν
567 5605 855 5659 ἐπίσταται
876 5604 1055 5676 φύσις.
1078 5603 1139 5658 Εἰ
1171 5604 1279 5676 γάρ
1318 5622 1337 5655 ι
1370 5605 1434 5659 Οἱ
1455 5604 1655 5659 δίκαιοι
1685 5606 1825 5660 κατά

1917 3224 2129 3278 ratione
2156 3223 2249 3278 ille
2273 3223 2602 3293 Unigenitus
2625 3224 2694 3277 sit
2724 3223 2887 3277 homo
2912 3223 3109 3289 factus,
3135 3224 3270 3279 illud
3295 3241 3363 3280 ex
3388 3226 3503 3280 Deo

1916 3314 2077 3368 Patre
2107 3313 2347 3369 Verbum
2383 3314 2439 3367 in
2470 3329 2536 3368 eo
2567 3313 2790 3382 templo,
2818 3313 2966 3383 quod
2999 3330 3066 3369 ex
3101 3315 3326 3386 Virgine
3353 3331 3506 3371 sum-

1916 3405 2044 3475 psit,
2068 3414 2325 3475 tanquam
2358 3405 2413 3459 in
2439 3421 2567 3460 arca
2590 3405 2929 3461 diversatum
2951 3405 3123 3461 fuisse
3146 3407 3459 3464 videbimus
3485 3427 3499 3463 :

1924 3517 1943 3547 ι
1986 3498 2264 3552 llabitavit
2295 3499 2443 3554 enim
2484 3497 2539 3552 in
2574 3513 2644 3552 eo
2676 3498 2861 3553 omnis
2884 3498 3169 3569 plenitudo
3197 3498 3505 3555 divinitatis

1917 3590 2281 3659 corporaliter
2305 3590 2372 3653 ⁸⁸,
2407 3609 2425 3641 ι
2471 3596 2533 3644 ut.
2563 3590 2833 3659 scriptum
2883 3598 2987 3645 est.
3029 3590 3273 3645 Verbum
3319 3600 3503 3646 autem

1917 3680 2016 3734 Dei
2044 3688 2204 3734 erant
2244 3679 2335 3734 illa
2382 3681 2438 3734 in
2483 3695 2610 3735 arca
2641 3679 2990 3747 testimonia;
3023 3695 3087 3735 ac
3113 3680 3258 3752 ligna
3280 3682 3505 3752 quidem

1918 3786 2061 3826 arcae
2096 3772 2458 3842 imputribilia
2500 3778 2680 3837 erant,
2711 3787 2847 3827 auro
2876 3771 3043 3827 etiam
3084 3774 3381 3843 purissimo
3439 3788 3506 3828 ac

1918 3866 2312 3936 probatissimo
2358 3865 2595 3921 interius
2659 3872 2716 3920 et
2759 3864 3002 3920 exterius
3044 3872 3235 3921 ornata
3270 3882 3282 3918 :
3319 3864 3504 3919 incor-

1919 3958 2183 4027 ruptibile
2227 3973 2467 4027 namque
2506 3967 2629 4013 erat
2666 3956 2873 4012 Christi
2906 3971 3131 4028 corpus,
3159 3956 3306 4027 quod
3338 3957 3390 4010 vi
3424 3964 3507 4009 al-

1919 4064 2026 4118 que
2085 4048 2379 4119 splendore
2427 4049 2597 4104 Verbi
2657 4048 3040 4113 inhabitantis,
3076 4057 3133 4104 et
3189 4047 3506 4104 viviﬁcante

1919 4142 2096 4197 sancti
2139 4142 2384 4212 Spiritus
2422 4148 2622 4197 natura
2667 4147 2835 4210 atque
2871 4140 3198 4205 efﬁcientia,
3243 4146 3504 4211 tanquam

1920 4249 2056 4290 auro
2101 4234 2339 4305 quodam
2381 4233 2437 4288 in
2476 4233 2891 4303 incorruptione
2925 4233 3346 4287 contineretur:
3374 4247 3504 4287 nam

1921 4328 1993 4381 ob
2036 4340 2159 4381 eam
2205 4340 2426 4380 causam
2464 4322 2746 4387 vivijlcare
2788 4325 2953 4380 etiam
2986 4321 3240 4377 Christus
3268 4323 3503 4389 dicitur;

1923 4433 2048 4474 cum
2078 4418 2229 4473 enim
2266 4416 2398 4471 illud
2437 4431 2505 4470 ex
2536 4416 2649 4469 Deo
2683 4415 2846 4469 Patre
2888 4414 3132 4469 Verbum
3173 4422 3363 4485 suapte
3401 4430 3505 4469 na-

1926 4516 2048 4562 tura
2074 4506 2187 4561 vita
2212 4513 2379 4570 esset,
2415 4504 2501 4559 sui
2528 4502 2755 4573 spiritus
2786 4502 2839 4557 vi
2870 4516 3031 4557 suum
3068 4502 3331 4572 templum
3361 4502 3496 4557 vivi-

1926 4596 2144 4660 ﬁcabat,
2173 4602 2338 4664 atque
2375 4601 2439 4647 ut
2472 4592 2845 4662 corruptionis
2880 4606 3079 4662 expers
3109 4600 3274 4657 esset,
3299 4590 3505 4647 eﬂicie-

1924 4686 2038 4744 bat.
2075 4706 2094 4739 ι
2126 4686 2267 4743 Caro
2302 4686 2451 4741 enim
2486 4686 2607 4757 ejus
2636 4700 2747 4739 non
2772 4685 2912 4740 vidit
2944 4683 3356 4755 corruptionem
3380 4685 3446 4745 θ’,
3479 4703 3498 4735 ο

1921 4780 2078 4850 juxta
2117 4778 2263 4833 beati
2300 4777 2451 4832 Pauli
2480 4791 2693 4831 vocem.
2723 4776 3080 4847 Loquebatur
3109 4774 3274 4829 etiam
3307 4774 3375 4829 ad
3404 4775 3505 4830 Ju-

1926 4874 2073 4929 dteos
2094 4871 2162 4926 de
2189 4885 2422 4940 corpore
2447 4884 2549 4924 suo
2576 4886 2589 4921 :
2624 4887 2642 4919 ι
2675 4869 2883 4924 Solvite
2918 4869 3181 4938 templum
3217 4866 3343 4931 hoc,
3369 4876 3425 4921 et
3450 4866 3506 4920 in

1925 4964 2107 5018 tribus
2139 4961 2339 5017 diebus
2378 4960 2632 5015 excitabo
2656 4959 2789 5015 illud
2815 4960 2881 5014 ’°.
2925 4980 2942 5010 ι
2972 4958 3282 5025 Quinetiam
3309 4958 3506 5011 Petrus

1926 5054 2081 5111 illum
2113 5053 2336 5124 quidem
2377 5068 2546 5107 carne
2590 5051 2977 5106 mortiﬁcatum
3010 5051 3107 5115 ait,
3139 5049 3234 5104 sed
3263 5048 3507 5103 viviﬁca-

1926 5157 2044 5203 tum
2082 5148 2279 5217 spiritu
2303 5147 2371 5199 ".
2418 5144 2736 5217 Symbolum
2774 5151 2859 5197 est
2895 5143 3062 5213 igitur
3089 5156 3287 5196 aurum
3323 5141 3504 5211 ipsum

1926 5239 2382 5311 splendidissima:
2403 5238 2729 5301 divinitatis,
2747 5251 2854 5305 qua
2874 5241 3124 5289 sanctum
3146 5233 3282 5289 illud
3304 5248 3507 5303 corpus

1928 5332 2102 5387 veluti
2136 5330 2335 5384 illitum
2361 5337 2500 5393 erat,
2528 5343 2760 5398 quazque
2789 5340 2951 5381 suum
2987 5325 3105 5395 ipsa
3152 5324 3503 5396 splendorem

1929 5430 1988 5479 et
2023 5421 2493 5491 incorruptionem
2530 5417 2885 5473 ineﬂ‘abiliter
2917 5416 3267 5481 immittebat,
3299 5423 3359 5471 ut
3390 5417 3507 5487 ipsa

1932 5514 2180 5586 proiecto
2206 5513 2347 5576 sola,
2371 5521 2429 5566 et
2452 5510 2674 5580 quidem
2709 5524 2810 5579 per
2836 5525 2895 5565 se
2920 5510 3074 5564 novit
3098 5509 3282 5564 divina
3316 5509 3427 5573 illa,
3453 5517 3507 5566 et

1934 5624 2056 5679 qua:
2086 5606 2505 5676 intelligentiam
2546 5619 2765 5661 omnem
2806 5611 3049 5675 superat,
3088 5611 3304 5658 natura.
3345 5602 3505 5667 Nam,

314 5784 362 5818 ⁸³
398 5783 606 5840 Celess.
636 5784 763 5849 ",9.
844 5780 889 5815 θ’
913 5783 1031 5840 Act.
1077 5800 1132 5849 ιι,
1167 5784 1253 5838 31.
1334 5783 1554 5839 "Joan.
1601 5800 1659 5850 ιι,
1696 5784 1775 5841 i9.

1960 5782 2151 5837 lPetr.
2200 5772 2278 5845 ιιι,
2320 5778 2398 5832 18.
