  <div class='ocr_page' id='page_1' title='image "/cluster/home/n/w/nwhite01/storage/ocr_20150623/68/hvd.32044019207851/307.png"; bbox 0 0 3982 6526; ppageno 0'>
   <div class='ocr_carea' id='block_1_1' title="bbox 604 369 710 427">
    <p class='ocr_par' dir='ltr' id='par_1_1' title="bbox 604 369 710 427">
     <span class='ocr_line' id='line_1_1' title="bbox 604 369 710 427; baseline 0 0"><span class='ocrx_word' id='word_1_1' title='bbox 604 369 710 427; x_wconf 63' lang='lat'><strong>$99</strong></span> 
     </span>
    </p>
   </div>
   <div class='ocr_carea' id='block_1_2' title="bbox 1637 358 3802 434">
    <p class='ocr_par' dir='ltr' id='par_1_2' title="bbox 1637 358 3802 434">
     <span class='ocr_line' id='line_1_2' title="bbox 1637 358 3802 434; baseline -0.006 -13"><span class='ocrx_word' id='word_1_2' title='bbox 1637 368 1689 421; x_wconf 56' lang='grc' dir='ltr'><strong>ς.</strong></span> <span class='ocrx_word' id='word_1_3' title='bbox 1731 366 2006 423; x_wconf 80' lang='lat' dir='ltr'><strong>CYRILLI</strong></span> <span class='ocrx_word' id='word_1_4' title='bbox 2047 362 2516 420; x_wconf 68' lang='lat' dir='ltr'><strong>ALEXANDRINI</strong></span> <span class='ocrx_word' id='word_1_5' title='bbox 2556 358 2905 417; x_wconf 18' lang='lat' dir='ltr'><strong>ARCHIEP.‘</strong></span> <span class='ocrx_word' id='word_1_6' title='bbox 3725 373 3802 434; x_wconf 64' lang='grc' dir='ltr'>ωο</span> 
     </span>
    </p>
   </div>
   <div class='ocr_carea' id='block_1_3' title="bbox 604 478 2169 560">
    <p class='ocr_par' dir='ltr' id='par_1_3' title="bbox 604 485 2169 559">
     <span class='ocr_line' id='line_1_3' title="bbox 604 485 2169 559; baseline -0.001 -18"><span class='ocrx_word' id='word_1_7' title='bbox 604 488 649 542; x_wconf 87' lang='lat' dir='ltr'><strong>si</strong></span> <span class='ocrx_word' id='word_1_8' title='bbox 685 509 702 538; x_wconf 74' lang='grc' dir='ltr'><strong>ι</strong></span> <span class='ocrx_word' id='word_1_9' title='bbox 735 488 875 545; x_wconf 82' lang='lat' dir='ltr'><strong>.lusti</strong></span> <span class='ocrx_word' id='word_1_10' title='bbox 902 487 1200 559; x_wconf 82' lang='lat' dir='ltr'><strong>aliquando</strong></span> <span class='ocrx_word' id='word_1_11' title='bbox 1240 486 1526 558; x_wconf 78' lang='lat' dir='ltr'><strong>fulgebunt</strong></span> <span class='ocrx_word' id='word_1_12' title='bbox 1575 496 1637 541; x_wconf 88' lang='lat' dir='ltr'><strong>ut</strong></span> <span class='ocrx_word' id='word_1_13' title='bbox 1675 486 1756 541; x_wconf 89' lang='lat' dir='ltr'><strong>sol</strong></span> <span class='ocrx_word' id='word_1_14' title='bbox 1794 486 1852 541; x_wconf 92' lang='lat' dir='ltr'><strong>in</strong></span> <span class='ocrx_word' id='word_1_15' title='bbox 1890 500 2061 557; x_wconf 85' lang='lat' dir='ltr'><strong>regno</strong></span> <span class='ocrx_word' id='word_1_16' title='bbox 2084 485 2169 541; x_wconf 77' lang='lat' dir='ltr'><strong>Pa</strong></span> 
     </span>
    </p>
   </div>
   <div class='ocr_carea' id='block_1_4' title="bbox 2270 478 3801 560">
    <p class='ocr_par' dir='ltr' id='par_1_4' title="bbox 2287 478 3801 560">
     <span class='ocr_line' id='line_1_4' title="bbox 2287 478 3801 560; baseline 0.004 -26"><span class='ocrx_word' id='word_1_17' title='bbox 2287 482 2514 553; x_wconf 79' lang='grc' dir='ltr'>καιροὺς</span> <span class='ocrx_word' id='word_1_18' title='bbox 2546 479 2918 550; x_wconf 73' lang='grc' dir='ltr'><strong>ἐκλάμψουσιν</strong></span> <span class='ocrx_word' id='word_1_19' title='bbox 2957 478 3035 542; x_wconf 82' lang='grc' dir='ltr'><strong>ὡς</strong></span> <span class='ocrx_word' id='word_1_20' title='bbox 3069 479 3098 533; x_wconf 78' lang='grc'>6</span> <span class='ocrx_word' id='word_1_21' title='bbox 3126 479 3279 549; x_wconf 79' lang='grc' dir='ltr'>ήλιος</span> <span class='ocrx_word' id='word_1_22' title='bbox 3308 480 3363 534; x_wconf 87' lang='grc' dir='ltr'><strong>ἐν</strong></span> <span class='ocrx_word' id='word_1_23' title='bbox 3392 484 3460 553; x_wconf 75' lang='grc' dir='ltr'><strong>τῇ</strong></span> <span class='ocrx_word' id='word_1_24' title='bbox 3491 481 3711 560; x_wconf 75' lang='grc' dir='ltr'>βασιλείᾳ</span> <span class='ocrx_word' id='word_1_25' title='bbox 3730 493 3801 547; x_wconf 76' lang='grc' dir='ltr'><strong>τοῦ</strong></span> 
     </span>
    </p>
   </div>
   <div class='ocr_carea' id='block_1_5' title="bbox 602 577 2186 650">
    <p class='ocr_par' dir='ltr' id='par_1_5' title="bbox 602 577 2186 650">
     <span class='ocr_line' id='line_1_5' title="bbox 602 577 2186 650; baseline 0 -19"><span class='ocrx_word' id='word_1_26' title='bbox 602 581 705 634; x_wconf 81' lang='lat' dir='ltr'><strong>tris</strong></span> <span class='ocrx_word' id='word_1_27' title='bbox 744 581 830 635; x_wconf 92' lang='lat' dir='ltr'><strong>sui</strong></span> <span class='ocrx_word' id='word_1_28' title='bbox 858 580 927 641; x_wconf 69' lang='grc' dir='ltr'>υ,</span> <span class='ocrx_word' id='word_1_29' title='bbox 962 599 980 631; x_wconf 75' lang='grc' dir='ltr'><strong>ι</strong></span> <span class='ocrx_word' id='word_1_30' title='bbox 1017 581 1127 650; x_wconf 90' lang='lat' dir='ltr'><strong>jam</strong></span> <span class='ocrx_word' id='word_1_31' title='bbox 1152 586 1355 649; x_wconf 88' lang='lat' dir='ltr'><strong>quanta</strong></span> <span class='ocrx_word' id='word_1_32' title='bbox 1392 578 1500 633; x_wconf 87' lang='lat' dir='ltr'><strong>erit</strong></span> <span class='ocrx_word' id='word_1_33' title='bbox 1538 578 1712 649; x_wconf 84' lang='lat' dir='ltr'><strong>ipsius</strong></span> <span class='ocrx_word' id='word_1_34' title='bbox 1733 577 1942 634; x_wconf 80' lang='lat' dir='ltr'><strong>Christi</strong></span> <span class='ocrx_word' id='word_1_35' title='bbox 1976 577 2186 648; x_wconf 78' lang='lat' dir='ltr'><strong>gloria?</strong></span> 
     </span>
    </p>
   </div>
   <div class='ocr_carea' id='block_1_6' title="bbox 602 670 2182 743">
    <p class='ocr_par' dir='ltr' id='par_1_6' title="bbox 602 670 2182 743">
     <span class='ocr_line' id='line_1_6' title="bbox 602 670 2182 743; baseline -0.001 -17"><span class='ocrx_word' id='word_1_36' title='bbox 602 670 765 743; x_wconf 65' lang='grc'><strong>294</strong></span> <span class='ocrx_word' id='word_1_37' title='bbox 789 670 1073 737; x_wconf 85' lang='lat' dir='ltr'><strong>Quomodo</strong></span> <span class='ocrx_word' id='word_1_38' title='bbox 1108 685 1219 725; x_wconf 89' lang='lat' dir='ltr'><strong>non</strong></span> <span class='ocrx_word' id='word_1_39' title='bbox 1252 681 1308 724; x_wconf 91' lang='lat' dir='ltr'><strong>et</strong></span> <span class='ocrx_word' id='word_1_40' title='bbox 1342 670 1758 742; x_wconf 73' lang='lat' dir='ltr'><strong>intelligentiam</strong></span> <span class='ocrx_word' id='word_1_41' title='bbox 1788 679 1845 727; x_wconf 92' lang='lat' dir='ltr'><strong>et</strong></span> <span class='ocrx_word' id='word_1_42' title='bbox 1875 672 2182 726; x_wconf 89' lang='lat' dir='ltr'><strong>orationem</strong></span> 
     </span>
    </p>
   </div>
   <div class='ocr_carea' id='block_1_7' title="bbox 601 762 2180 833">
    <p class='ocr_par' dir='ltr' id='par_1_7' title="bbox 601 762 2180 833">
     <span class='ocr_line' id='line_1_7' title="bbox 601 762 2180 833; baseline 0.001 -16"><span class='ocrx_word' id='word_1_43' title='bbox 601 780 819 818; x_wconf 87' lang='lat' dir='ltr'><strong>omnem</strong></span> <span class='ocrx_word' id='word_1_44' title='bbox 858 763 1032 818; x_wconf 92' lang='lat' dir='ltr'><strong>vincit</strong></span> <span class='ocrx_word' id='word_1_45' title='bbox 1066 763 1158 817; x_wconf 90' lang='lat' dir='ltr'><strong>ille</strong></span> <span class='ocrx_word' id='word_1_46' title='bbox 1190 762 1402 833; x_wconf 77' lang='lat' dir='ltr'><strong>fulgor?</strong></span> <span class='ocrx_word' id='word_1_47' title='bbox 1433 762 1601 817; x_wconf 76' lang='lat' dir='ltr'><strong>Aurei</strong></span> <span class='ocrx_word' id='word_1_48' title='bbox 1625 762 1790 818; x_wconf 87' lang='lat' dir='ltr'><strong>etiam</strong></span> <span class='ocrx_word' id='word_1_49' title='bbox 1816 771 1947 818; x_wconf 85' lang='lat' dir='ltr'><strong>sunt</strong></span> <span class='ocrx_word' id='word_1_50' title='bbox 1973 771 2180 827; x_wconf 87' lang='lat' dir='ltr'><strong>vectes,</strong></span> 
     </span>
    </p>
   </div>
   <div class='ocr_carea' id='block_1_8' title="bbox 601 854 2182 925">
    <p class='ocr_par' dir='ltr' id='par_1_8' title="bbox 601 854 2182 925">
     <span class='ocr_line' id='line_1_8' title="bbox 601 854 2182 925; baseline 0.003 -19"><span class='ocrx_word' id='word_1_51' title='bbox 601 855 693 923; x_wconf 80' lang='lat' dir='ltr'><strong>qui</strong></span> <span class='ocrx_word' id='word_1_52' title='bbox 723 869 905 909; x_wconf 90' lang='lat' dir='ltr'><strong>arcam</strong></span> <span class='ocrx_word' id='word_1_53' title='bbox 931 855 1226 918; x_wconf 75' lang='lat' dir='ltr'><strong>sustinent,</strong></span> <span class='ocrx_word' id='word_1_54' title='bbox 1252 854 1407 910; x_wconf 90' lang='lat' dir='ltr'><strong>aurei</strong></span> <span class='ocrx_word' id='word_1_55' title='bbox 1429 862 1485 909; x_wconf 89' lang='lat' dir='ltr'><strong>et</strong></span> <span class='ocrx_word' id='word_1_56' title='bbox 1508 854 1723 917; x_wconf 90' lang='lat' dir='ltr'><strong>circuli,</strong></span> <span class='ocrx_word' id='word_1_57' title='bbox 1752 869 1921 910; x_wconf 87' lang='lat' dir='ltr'><strong>aurea</strong></span> <span class='ocrx_word' id='word_1_58' title='bbox 1943 854 2182 925; x_wconf 88' lang='lat' dir='ltr'><strong>denique</strong></span> 
     </span>
    </p>
   </div>
   <div class='ocr_carea' id='block_1_9' title="bbox 600 945 2181 1017">
    <p class='ocr_par' dir='ltr' id='par_1_9' title="bbox 600 945 2181 1017">
     <span class='ocr_line' id='line_1_9' title="bbox 600 945 2181 1017; baseline 0.001 -17"><span class='ocrx_word' id='word_1_59' title='bbox 600 947 655 1000; x_wconf 89' lang='lat' dir='ltr'><strong>in</strong></span> <span class='ocrx_word' id='word_1_60' title='bbox 694 961 757 1001; x_wconf 91' lang='lat' dir='ltr'><strong>ea</strong></span> <span class='ocrx_word' id='word_1_61' title='bbox 795 955 925 1002; x_wconf 91' lang='lat' dir='ltr'><strong>sunt</strong></span> <span class='ocrx_word' id='word_1_62' title='bbox 961 947 1144 1002; x_wconf 91' lang='lat' dir='ltr'><strong>omnia</strong></span> <span class='ocrx_word' id='word_1_63' title='bbox 1174 964 1186 999; x_wconf 89' lang='lat'><strong>:</strong></span> <span class='ocrx_word' id='word_1_64' title='bbox 1213 946 1511 1017; x_wconf 78' lang='lat' dir='ltr'><strong>participes</strong></span> <span class='ocrx_word' id='word_1_65' title='bbox 1540 961 1780 1016; x_wconf 86' lang='lat' dir='ltr'><strong>namque</strong></span> <span class='ocrx_word' id='word_1_66' title='bbox 1816 946 1965 1001; x_wconf 91' lang='lat' dir='ltr'><strong>illius</strong></span> <span class='ocrx_word' id='word_1_67' title='bbox 1995 945 2181 1017; x_wconf 60' lang='lat' dir='ltr'><strong>gloria</strong></span> 
     </span>
    </p>
   </div>
   <div class='ocr_carea' id='block_1_10' title="bbox 599 1037 2181 1108">
    <p class='ocr_par' dir='ltr' id='par_1_10' title="bbox 599 1037 2181 1108">
     <span class='ocr_line' id='line_1_10' title="bbox 599 1037 2181 1108; baseline 0.001 -16"><span class='ocrx_word' id='word_1_68' title='bbox 599 1046 728 1093; x_wconf 90' lang='lat' dir='ltr'><strong>sunt</strong></span> <span class='ocrx_word' id='word_1_69' title='bbox 796 1039 891 1108; x_wconf 86' lang='lat' dir='ltr'><strong>qui</strong></span> <span class='ocrx_word' id='word_1_70' title='bbox 943 1038 1097 1093; x_wconf 94' lang='lat' dir='ltr'><strong>illum</strong></span> <span class='ocrx_word' id='word_1_71' title='bbox 1144 1037 1525 1102; x_wconf 85' lang='lat' dir='ltr'><strong>circumstant,</strong></span> <span class='ocrx_word' id='word_1_72' title='bbox 1578 1038 1769 1108; x_wconf 89' lang='lat' dir='ltr'><strong>illique</strong></span> <span class='ocrx_word' id='word_1_73' title='bbox 1815 1038 2079 1093; x_wconf 89' lang='lat' dir='ltr'><strong>charitate</strong></span> <span class='ocrx_word' id='word_1_74' title='bbox 2125 1046 2181 1093; x_wconf 89' lang='lat' dir='ltr'><strong>et</strong></span> 
     </span>
    </p>
   </div>
   <div class='ocr_carea' id='block_1_11' title="bbox 600 1129 2173 1200">
    <p class='ocr_par' dir='ltr' id='par_1_11' title="bbox 600 1129 2173 1200">
     <span class='ocr_line' id='line_1_11' title="bbox 600 1129 2173 1200; baseline 0.001 -18"><span class='ocrx_word' id='word_1_75' title='bbox 600 1129 891 1184; x_wconf 80' lang='lat' dir='ltr'><strong>sanctitate</strong></span> <span class='ocrx_word' id='word_1_76' title='bbox 928 1138 1187 1199; x_wconf 87' lang='lat' dir='ltr'><strong>tanquam</strong></span> <span class='ocrx_word' id='word_1_77' title='bbox 1233 1129 1377 1184; x_wconf 84' lang='lat' dir='ltr'><strong>aflixi</strong></span> <span class='ocrx_word' id='word_1_78' title='bbox 1416 1138 1566 1195; x_wconf 92' lang='lat' dir='ltr'><strong>sunt,</strong></span> <span class='ocrx_word' id='word_1_79' title='bbox 1606 1138 1663 1185; x_wconf 90' lang='lat' dir='ltr'><strong>et</strong></span> <span class='ocrx_word' id='word_1_80' title='bbox 1701 1145 1861 1184; x_wconf 88' lang='lat' dir='ltr'><strong>usum</strong></span> <span class='ocrx_word' id='word_1_81' title='bbox 1909 1130 2173 1200; x_wconf 64' lang='lat' dir='ltr'><strong>prmbeut.</strong></span> 
     </span>
    </p>
   </div>
   <div class='ocr_carea' id='block_1_12' title="bbox 598 1218 2178 1291">
    <p class='ocr_par' dir='ltr' id='par_1_12' title="bbox 598 1218 2178 1291">
     <span class='ocr_line' id='line_1_12' title="bbox 598 1218 2178 1291; baseline 0.001 -17"><span class='ocrx_word' id='word_1_82' title='bbox 598 1218 800 1286; x_wconf 85' lang='lat' dir='ltr'><strong>Quales</strong></span> <span class='ocrx_word' id='word_1_83' title='bbox 827 1220 904 1275; x_wconf 86' lang='lat' dir='ltr'><strong>illi</strong></span> <span class='ocrx_word' id='word_1_84' title='bbox 935 1221 1109 1276; x_wconf 87' lang='lat' dir='ltr'><strong>sancti</strong></span> <span class='ocrx_word' id='word_1_85' title='bbox 1153 1221 1409 1291; x_wconf 88' lang='lat' dir='ltr'><strong>discipuli</strong></span> <span class='ocrx_word' id='word_1_86' title='bbox 1452 1228 1633 1286; x_wconf 90' lang='lat' dir='ltr'><strong>erant,</strong></span> <span class='ocrx_word' id='word_1_87' title='bbox 1666 1224 1760 1291; x_wconf 90' lang='lat' dir='ltr'><strong>qui</strong></span> <span class='ocrx_word' id='word_1_88' title='bbox 1794 1222 1904 1275; x_wconf 90' lang='lat' dir='ltr'><strong>vim</strong></span> <span class='ocrx_word' id='word_1_89' title='bbox 1935 1222 2178 1276; x_wconf 87' lang='lat' dir='ltr'><strong>divinam</strong></span> 
     </span>
    </p>
   </div>
   <div class='ocr_carea' id='block_1_13' title="bbox 598 1311 2178 1382">
    <p class='ocr_par' dir='ltr' id='par_1_13' title="bbox 598 1311 2178 1382">
     <span class='ocr_line' id='line_1_13' title="bbox 598 1311 2178 1382; baseline 0.001 -17"><span class='ocrx_word' id='word_1_90' title='bbox 598 1311 669 1365; x_wconf 90' lang='lat' dir='ltr'><strong>ab</strong></span> <span class='ocrx_word' id='word_1_91' title='bbox 711 1326 780 1367; x_wconf 90' lang='lat' dir='ltr'><strong>eo</strong></span> <span class='ocrx_word' id='word_1_92' title='bbox 831 1312 1196 1382; x_wconf 86' lang='lat' dir='ltr'><strong>accipiebant,</strong></span> <span class='ocrx_word' id='word_1_93' title='bbox 1244 1320 1300 1367; x_wconf 94' lang='lat' dir='ltr'><strong>et</strong></span> <span class='ocrx_word' id='word_1_94' title='bbox 1352 1328 1604 1382; x_wconf 76' lang='lat' dir='ltr'><strong>supemze</strong></span> <span class='ocrx_word' id='word_1_95' title='bbox 1652 1313 1800 1367; x_wconf 90' lang='lat' dir='ltr'><strong>illius</strong></span> <span class='ocrx_word' id='word_1_96' title='bbox 1842 1314 2178 1367; x_wconf 65' lang='lat' dir='ltr'><strong>excellentiae</strong></span> 
     </span>
    </p>
   </div>
   <div class='ocr_carea' id='block_1_14' title="bbox 598 1402 2176 1475">
    <p class='ocr_par' dir='ltr' id='par_1_14' title="bbox 598 1402 2176 1475">
     <span class='ocr_line' id='line_1_14' title="bbox 598 1402 2176 1475; baseline 0.003 -19"><span class='ocrx_word' id='word_1_97' title='bbox 598 1402 947 1472; x_wconf 84' lang='lat' dir='ltr'><strong>splendorem</strong></span> <span class='ocrx_word' id='word_1_98' title='bbox 996 1413 1155 1458; x_wconf 88' lang='lat' dir='ltr'><strong>erant</strong></span> <span class='ocrx_word' id='word_1_99' title='bbox 1200 1404 1579 1474; x_wconf 86' lang='lat' dir='ltr'><strong>participando</strong></span> <span class='ocrx_word' id='word_1_100' title='bbox 1622 1404 1926 1461; x_wconf 87' lang='lat' dir='ltr'><strong>consecuti.</strong></span> <span class='ocrx_word' id='word_1_101' title='bbox 1990 1405 2176 1475; x_wconf 85' lang='lat' dir='ltr'><strong>Itaque</strong></span> 
     </span>
    </p>
   </div>
   <div class='ocr_carea' id='block_1_15' title="bbox 597 1490 1737 1562">
    <p class='ocr_par' dir='ltr' id='par_1_15' title="bbox 597 1490 1737 1562">
     <span class='ocr_line' id='line_1_15' title="bbox 597 1490 1737 1562; baseline 0.005 -19"><span class='ocrx_word' id='word_1_102' title='bbox 597 1490 783 1545; x_wconf 88' lang='lat' dir='ltr'><strong>divina</strong></span> <span class='ocrx_word' id='word_1_103' title='bbox 816 1492 970 1562; x_wconf 87' lang='lat' dir='ltr'><strong>signa</strong></span> <span class='ocrx_word' id='word_1_104' title='bbox 993 1492 1064 1547; x_wconf 92' lang='lat' dir='ltr'><strong>ob</strong></span> <span class='ocrx_word' id='word_1_105' title='bbox 1087 1508 1207 1548; x_wconf 88' lang='lat' dir='ltr'><strong>eam</strong></span> <span class='ocrx_word' id='word_1_106' title='bbox 1234 1509 1453 1549; x_wconf 88' lang='lat' dir='ltr'><strong>causam</strong></span> <span class='ocrx_word' id='word_1_107' title='bbox 1480 1495 1737 1551; x_wconf 85' lang='lat' dir='ltr'><strong>edebant.</strong></span> 
     </span>
    </p>
   </div>
   <div class='ocr_carea' id='block_1_16' title="bbox 669 1581 1417 1639">
    <p class='ocr_par' dir='ltr' id='par_1_16' title="bbox 669 1581 1417 1639">
     <span class='ocr_line' id='line_1_16' title="bbox 669 1581 1417 1639; baseline 0.005 -4"><span class='ocrx_word' id='word_1_108' title='bbox 669 1581 868 1636; x_wconf 83' lang='lat' dir='ltr'><strong>PALL.</strong></span> <span class='ocrx_word' id='word_1_109' title='bbox 910 1582 1079 1638; x_wconf 80' lang='lat' dir='ltr'><strong>Recte</strong></span> <span class='ocrx_word' id='word_1_110' title='bbox 1103 1599 1234 1639; x_wconf 85' lang='lat' dir='ltr'><strong>sane</strong></span> <span class='ocrx_word' id='word_1_111' title='bbox 1259 1585 1417 1639; x_wconf 86' lang='lat' dir='ltr'><strong>dicis.</strong></span> 
     </span>
    </p>
   </div>
   <div class='ocr_carea' id='block_1_17' title="bbox 665 1672 2172 1750">
    <p class='ocr_par' dir='ltr' id='par_1_17' title="bbox 665 1672 2172 1750">
     <span class='ocr_line' id='line_1_17' title="bbox 665 1672 2172 1750; baseline 0.005 -23"><span class='ocrx_word' id='word_1_112' title='bbox 665 1672 824 1727; x_wconf 82' lang='lat' dir='ltr'><strong>CYR.</strong></span> <span class='ocrx_word' id='word_1_113' title='bbox 874 1692 893 1724; x_wconf 83' lang='grc' dir='ltr'><strong>ι</strong></span> <span class='ocrx_word' id='word_1_114' title='bbox 931 1674 999 1729; x_wconf 82' lang='lat' dir='ltr'><strong>Et</strong></span> <span class='ocrx_word' id='word_1_115' title='bbox 1020 1684 1220 1744; x_wconf 68' lang='lat' dir='ltr'><strong>praeter</strong></span> <span class='ocrx_word' id='word_1_116' title='bbox 1244 1691 1425 1731; x_wconf 91' lang='lat' dir='ltr'><strong>arcam</strong></span> <span class='ocrx_word' id='word_1_117' title='bbox 1462 1677 1651 1743; x_wconf 78' lang='lat' dir='ltr'><strong>facies,</strong></span> <span class='ocrx_word' id='word_1_118' title='bbox 1687 1698 1704 1727; x_wconf 77' lang='grc' dir='ltr'><strong>ι</strong></span> <span class='ocrx_word' id='word_1_119' title='bbox 1741 1679 1948 1749; x_wconf 88' lang='lat' dir='ltr'><strong>inquit,</strong></span> <span class='ocrx_word' id='word_1_120' title='bbox 1994 1699 2011 1730; x_wconf 90' lang='grc' dir='ltr'><strong>ι</strong></span> <span class='ocrx_word' id='word_1_121' title='bbox 2043 1696 2172 1750; x_wconf 80' lang='lat' dir='ltr'><strong>pro-</strong></span> 
     </span>
    </p>
   </div>
   <div class='ocr_carea' id='block_1_18' title="bbox 595 1761 2173 1839">
    <p class='ocr_par' dir='ltr' id='par_1_18' title="bbox 595 1761 2173 1839">
     <span class='ocr_line' id='line_1_18' title="bbox 595 1761 2173 1839; baseline 0.008 -25"><span class='ocrx_word' id='word_1_122' title='bbox 595 1761 961 1831; x_wconf 88' lang='lat' dir='ltr'><strong>pitiatorium,</strong></span> <span class='ocrx_word' id='word_1_123' title='bbox 1003 1767 1501 1835; x_wconf 86' lang='lat' dir='ltr'><strong>superpositionem</strong></span> <span class='ocrx_word' id='word_1_124' title='bbox 1527 1783 1593 1823; x_wconf 82' lang='lat' dir='ltr'><strong>ex</strong></span> <span class='ocrx_word' id='word_1_125' title='bbox 1616 1784 1753 1823; x_wconf 89' lang='lat' dir='ltr'><strong>auro</strong></span> <span class='ocrx_word' id='word_1_126' title='bbox 1776 1785 1915 1839; x_wconf 89' lang='lat' dir='ltr'><strong>puro</strong></span> <span class='ocrx_word' id='word_1_127' title='bbox 1938 1769 2173 1826; x_wconf 89' lang='lat' dir='ltr'><strong>duorum</strong></span> 
     </span>
    </p>
   </div>
   <div class='ocr_carea' id='block_1_19' title="bbox 597 1853 2174 1928">
    <p class='ocr_par' dir='ltr' id='par_1_19' title="bbox 597 1853 2174 1928">
     <span class='ocr_line' id='line_1_19' title="bbox 597 1853 2174 1928; baseline 0.007 -23"><span class='ocrx_word' id='word_1_128' title='bbox 597 1853 911 1908; x_wconf 89' lang='lat' dir='ltr'><strong>cubitorum</strong></span> <span class='ocrx_word' id='word_1_129' title='bbox 949 1863 1005 1909; x_wconf 89' lang='lat' dir='ltr'><strong>et</strong></span> <span class='ocrx_word' id='word_1_130' title='bbox 1034 1856 1247 1911; x_wconf 88' lang='lat' dir='ltr'><strong>dimidii</strong></span> <span class='ocrx_word' id='word_1_131' title='bbox 1289 1858 1654 1928; x_wconf 83' lang='lat' dir='ltr'><strong>longitudine,</strong></span> <span class='ocrx_word' id='word_1_132' title='bbox 1682 1869 1738 1915; x_wconf 89' lang='lat' dir='ltr'><strong>et</strong></span> <span class='ocrx_word' id='word_1_133' title='bbox 1778 1861 1949 1916; x_wconf 90' lang='lat' dir='ltr'><strong>cubiti</strong></span> <span class='ocrx_word' id='word_1_134' title='bbox 1992 1870 2050 1917; x_wconf 91' lang='lat' dir='ltr'><strong>et</strong></span> <span class='ocrx_word' id='word_1_135' title='bbox 2087 1862 2174 1916; x_wconf 81' lang='lat' dir='ltr'><strong>di-</strong></span> 
     </span>
    </p>
   </div>
   <div class='ocr_carea' id='block_1_20' title="bbox 597 1942 2174 2017">
    <p class='ocr_par' dir='ltr' id='par_1_20' title="bbox 597 1942 2174 2017">
     <span class='ocr_line' id='line_1_20' title="bbox 597 1942 2174 2017; baseline 0.01 -24"><span class='ocrx_word' id='word_1_136' title='bbox 597 1942 755 1997; x_wconf 87' lang='lat' dir='ltr'><strong>midii</strong></span> <span class='ocrx_word' id='word_1_137' title='bbox 806 1944 1118 2000; x_wconf 86' lang='lat' dir='ltr'><strong>latitudine.</strong></span> <span class='ocrx_word' id='word_1_138' title='bbox 1163 1947 1230 2002; x_wconf 86' lang='lat' dir='ltr'><strong>Et</strong></span> <span class='ocrx_word' id='word_1_139' title='bbox 1277 1948 1445 2004; x_wconf 82' lang='lat' dir='ltr'><strong>facies</strong></span> <span class='ocrx_word' id='word_1_140' title='bbox 1494 1950 1605 2006; x_wconf 92' lang='lat' dir='ltr'><strong>duo</strong></span> <span class='ocrx_word' id='word_1_141' title='bbox 1635 1951 1960 2017; x_wconf 80' lang='lat' dir='ltr'><strong>Cherubim,</strong></span> <span class='ocrx_word' id='word_1_142' title='bbox 2006 1968 2174 2008; x_wconf 87' lang='lat' dir='ltr'><strong>aurea</strong></span> 
     </span>
    </p>
   </div>
   <div class='ocr_carea' id='block_1_21' title="bbox 596 2036 2173 2115">
    <p class='ocr_par' dir='ltr' id='par_1_21' title="bbox 596 2036 2173 2115">
     <span class='ocr_line' id='line_1_21' title="bbox 596 2036 2173 2115; baseline 0.008 -29"><span class='ocrx_word' id='word_1_143' title='bbox 596 2036 908 2102; x_wconf 83' lang='lat' dir='ltr'><strong>toruatilia;</strong></span> <span class='ocrx_word' id='word_1_144' title='bbox 953 2048 1010 2093; x_wconf 91' lang='lat' dir='ltr'><strong>et</strong></span> <span class='ocrx_word' id='word_1_145' title='bbox 1045 2039 1297 2110; x_wconf 89' lang='lat' dir='ltr'><strong>impones</strong></span> <span class='ocrx_word' id='word_1_146' title='bbox 1328 2057 1391 2097; x_wconf 87' lang='lat' dir='ltr'><strong>ea</strong></span> <span class='ocrx_word' id='word_1_147' title='bbox 1423 2058 1490 2097; x_wconf 83' lang='lat' dir='ltr'><strong>ex</strong></span> <span class='ocrx_word' id='word_1_148' title='bbox 1520 2050 1756 2113; x_wconf 88' lang='lat' dir='ltr'><strong>utroque</strong></span> <span class='ocrx_word' id='word_1_149' title='bbox 1784 2044 1957 2099; x_wconf 90' lang='lat' dir='ltr'><strong>latere</strong></span> <span class='ocrx_word' id='word_1_150' title='bbox 1982 2045 2173 2115; x_wconf 84' lang='lat' dir='ltr'><strong>propi-</strong></span> 
     </span>
    </p>
   </div>
   <div class='ocr_carea' id='block_1_22' title="bbox 594 2124 2173 2197">
    <p class='ocr_par' dir='ltr' id='par_1_22' title="bbox 594 2124 2173 2197">
     <span class='ocr_line' id='line_1_22' title="bbox 594 2124 2173 2197; baseline 0.009 -21"><span class='ocrx_word' id='word_1_151' title='bbox 594 2124 829 2190; x_wconf 86' lang='lat' dir='ltr'><strong>tiatorii,</strong></span> <span class='ocrx_word' id='word_1_152' title='bbox 854 2125 1078 2182; x_wconf 89' lang='lat' dir='ltr'><strong>Cherub</strong></span> <span class='ocrx_word' id='word_1_153' title='bbox 1108 2145 1252 2184; x_wconf 90' lang='lat' dir='ltr'><strong>unus</strong></span> <span class='ocrx_word' id='word_1_154' title='bbox 1295 2145 1362 2184; x_wconf 87' lang='lat' dir='ltr'><strong>ex</strong></span> <span class='ocrx_word' id='word_1_155' title='bbox 1388 2132 1582 2197; x_wconf 86' lang='lat' dir='ltr'><strong>latere,</strong></span> <span class='ocrx_word' id='word_1_156' title='bbox 1609 2140 1665 2187; x_wconf 90' lang='lat' dir='ltr'><strong>et</strong></span> <span class='ocrx_word' id='word_1_157' title='bbox 1686 2133 1910 2189; x_wconf 85' lang='lat' dir='ltr'><strong>Cberub</strong></span> <span class='ocrx_word' id='word_1_158' title='bbox 1937 2151 2083 2189; x_wconf 90' lang='lat' dir='ltr'><strong>unus</strong></span> <span class='ocrx_word' id='word_1_159' title='bbox 2106 2152 2173 2190; x_wconf 84' lang='lat' dir='ltr'><strong>ex</strong></span> 
     </span>
    </p>
   </div>
   <div class='ocr_carea' id='block_1_23' title="bbox 591 2215 2175 2289">
    <p class='ocr_par' dir='ltr' id='par_1_23' title="bbox 591 2215 2175 2289">
     <span class='ocr_line' id='line_1_23' title="bbox 591 2215 2175 2289; baseline 0.009 -19"><span class='ocrx_word' id='word_1_160' title='bbox 591 2215 767 2273; x_wconf 82' lang='lat' dir='ltr'><strong>latere</strong></span> <span class='ocrx_word' id='word_1_161' title='bbox 791 2217 967 2274; x_wconf 87' lang='lat' dir='ltr'><strong>altero</strong></span> <span class='ocrx_word' id='word_1_162' title='bbox 988 2222 1378 2289; x_wconf 88' lang='lat' dir='ltr'><strong>propitiatorii.</strong></span> <span class='ocrx_word' id='word_1_163' title='bbox 1397 2224 1467 2278; x_wconf 86' lang='lat' dir='ltr'><strong>Et</strong></span> <span class='ocrx_word' id='word_1_164' title='bbox 1488 2224 1658 2282; x_wconf 82' lang='lat' dir='ltr'><strong>facies</strong></span> <span class='ocrx_word' id='word_1_165' title='bbox 1683 2227 1785 2282; x_wconf 89' lang='lat' dir='ltr'><strong>hos</strong></span> <span class='ocrx_word' id='word_1_166' title='bbox 1810 2227 1950 2283; x_wconf 93' lang='lat' dir='ltr'><strong>duos</strong></span> <span class='ocrx_word' id='word_1_167' title='bbox 1962 2228 2175 2284; x_wconf 90' lang='lat' dir='ltr'><strong>Cheru-</strong></span> 
     </span>
    </p>
   </div>
   <div class='ocr_carea' id='block_1_24' title="bbox 590 2307 2171 2390">
    <p class='ocr_par' dir='ltr' id='par_1_24' title="bbox 590 2307 2171 2390">
     <span class='ocr_line' id='line_1_24' title="bbox 590 2307 2171 2390; baseline 0.009 -29"><span class='ocrx_word' id='word_1_168' title='bbox 590 2307 709 2362; x_wconf 89' lang='lat' dir='ltr'><strong>bim</strong></span> <span class='ocrx_word' id='word_1_169' title='bbox 743 2323 911 2379; x_wconf 81' lang='lat' dir='ltr'><strong>supra</strong></span> <span class='ocrx_word' id='word_1_170' title='bbox 934 2309 1044 2364; x_wconf 91' lang='lat' dir='ltr'><strong>duo</strong></span> <span class='ocrx_word' id='word_1_171' title='bbox 1078 2312 1274 2377; x_wconf 89' lang='lat' dir='ltr'><strong>latera,</strong></span> <span class='ocrx_word' id='word_1_172' title='bbox 1304 2316 1665 2373; x_wconf 79' lang='lat' dir='ltr'><strong>extendentes</strong></span> <span class='ocrx_word' id='word_1_173' title='bbox 1689 2333 1885 2374; x_wconf 88' lang='lat' dir='ltr'><strong>manus</strong></span> <span class='ocrx_word' id='word_1_174' title='bbox 1912 2336 2171 2390; x_wconf 87' lang='lat' dir='ltr'><strong>superne,</strong></span> 
     </span>
    </p>
   </div>
   <div class='ocr_carea' id='block_1_25' title="bbox 591 2400 2173 2479">
    <p class='ocr_par' dir='ltr' id='par_1_25' title="bbox 591 2400 2173 2479">
     <span class='ocr_line' id='line_1_25' title="bbox 591 2400 2173 2479; baseline 0.011 -25"><span class='ocrx_word' id='word_1_175' title='bbox 591 2400 993 2457; x_wconf 88' lang='lat' dir='ltr'><strong>obumbrantes</strong></span> <span class='ocrx_word' id='word_1_176' title='bbox 1017 2403 1121 2458; x_wconf 87' lang='lat' dir='ltr'><strong>alis</strong></span> <span class='ocrx_word' id='word_1_177' title='bbox 1145 2404 1261 2459; x_wconf 86' lang='lat' dir='ltr'><strong>suis</strong></span> <span class='ocrx_word' id='word_1_178' title='bbox 1286 2421 1455 2475; x_wconf 88' lang='lat' dir='ltr'><strong>supra</strong></span> <span class='ocrx_word' id='word_1_179' title='bbox 1479 2410 1946 2479; x_wconf 89' lang='lat' dir='ltr'><strong>propitiatorium,</strong></span> <span class='ocrx_word' id='word_1_180' title='bbox 1971 2420 2029 2467; x_wconf 90' lang='lat' dir='ltr'><strong>et</strong></span> <span class='ocrx_word' id='word_1_181' title='bbox 2049 2416 2173 2470; x_wconf 89' lang='lat' dir='ltr'><strong>vul-</strong></span> 
     </span>
    </p>
   </div>
   <div class='ocr_carea' id='block_1_26' title="bbox 592 2488 2177 2575">
    <p class='ocr_par' dir='ltr' id='par_1_26' title="bbox 592 2488 2177 2575">
     <span class='ocr_line' id='line_1_26' title="bbox 592 2488 2177 2575; baseline 0.009 -30"><span class='ocrx_word' id='word_1_182' title='bbox 592 2496 685 2545; x_wconf 88' lang='lat' dir='ltr'><strong>tus</strong></span> <span class='ocrx_word' id='word_1_183' title='bbox 707 2505 900 2545; x_wconf 89' lang='lat' dir='ltr'><strong>eorum</strong></span> <span class='ocrx_word' id='word_1_184' title='bbox 927 2492 1157 2548; x_wconf 89' lang='lat' dir='ltr'><strong>alterius</strong></span> <span class='ocrx_word' id='word_1_185' title='bbox 1198 2494 1255 2548; x_wconf 91' lang='lat' dir='ltr'><strong>in</strong></span> <span class='ocrx_word' id='word_1_186' title='bbox 1296 2496 1530 2551; x_wconf 90' lang='lat' dir='ltr'><strong>alterum</strong></span> <span class='ocrx_word' id='word_1_187' title='bbox 1568 2488 1851 2565; x_wconf 86' lang='lat' dir='ltr'><strong>obversos,</strong></span> <span class='ocrx_word' id='word_1_188' title='bbox 1891 2503 1958 2557; x_wconf 89' lang='lat' dir='ltr'><strong>ad</strong></span> <span class='ocrx_word' id='word_1_189' title='bbox 1989 2505 2177 2575; x_wconf 88' lang='lat' dir='ltr'><strong>propi-</strong></span> 
     </span>
    </p>
   </div>
   <div class='ocr_carea' id='block_1_27' title="bbox 590 2581 2171 2666">
    <p class='ocr_par' dir='ltr' id='par_1_27' title="bbox 590 2581 2171 2666">
     <span class='ocr_line' id='line_1_27' title="bbox 590 2581 2171 2666; baseline 0.011 -32"><span class='ocrx_word' id='word_1_190' title='bbox 590 2581 878 2636; x_wconf 87' lang='lat' dir='ltr'><strong>tiatorium</strong></span> <span class='ocrx_word' id='word_1_191' title='bbox 918 2590 1083 2638; x_wconf 90' lang='lat' dir='ltr'><strong>erunt</strong></span> <span class='ocrx_word' id='word_1_192' title='bbox 1104 2585 1289 2640; x_wconf 86' lang='lat' dir='ltr'><strong>vultus</strong></span> <span class='ocrx_word' id='word_1_193' title='bbox 1323 2586 1644 2654; x_wconf 87' lang='lat' dir='ltr'><strong>Cherubim,</strong></span> <span class='ocrx_word' id='word_1_194' title='bbox 1670 2598 1727 2645; x_wconf 88' lang='lat' dir='ltr'><strong>et</strong></span> <span class='ocrx_word' id='word_1_195' title='bbox 1767 2592 2017 2663; x_wconf 89' lang='lat' dir='ltr'><strong>impones</strong></span> <span class='ocrx_word' id='word_1_196' title='bbox 2039 2611 2171 2666; x_wconf 88' lang='lat' dir='ltr'><strong>pro-</strong></span> 
     </span>
    </p>
   </div>
   <div class='ocr_carea' id='block_1_28' title="bbox 592 2670 2172 2756">
    <p class='ocr_par' dir='ltr' id='par_1_28' title="bbox 592 2670 2172 2756">
     <span class='ocr_line' id='line_1_28' title="bbox 592 2670 2172 2756; baseline 0.011 -31"><span class='ocrx_word' id='word_1_197' title='bbox 592 2670 936 2740; x_wconf 86' lang='lat' dir='ltr'><strong>pitiatorium</strong></span> <span class='ocrx_word' id='word_1_198' title='bbox 973 2673 1030 2728; x_wconf 91' lang='lat' dir='ltr'><strong>in</strong></span> <span class='ocrx_word' id='word_1_199' title='bbox 1068 2690 1252 2731; x_wconf 87' lang='lat' dir='ltr'><strong>arcam</strong></span> <span class='ocrx_word' id='word_1_200' title='bbox 1296 2694 1556 2749; x_wconf 90' lang='lat' dir='ltr'><strong>superne,</strong></span> <span class='ocrx_word' id='word_1_201' title='bbox 1581 2689 1638 2735; x_wconf 91' lang='lat' dir='ltr'><strong>et</strong></span> <span class='ocrx_word' id='word_1_202' title='bbox 1681 2683 1737 2737; x_wconf 93' lang='lat' dir='ltr'><strong>iu</strong></span> <span class='ocrx_word' id='word_1_203' title='bbox 1773 2699 1900 2740; x_wconf 90' lang='lat' dir='ltr'><strong>arca</strong></span> <span class='ocrx_word' id='word_1_204' title='bbox 1936 2702 2172 2756; x_wconf 90' lang='lat' dir='ltr'><strong>repones</strong></span> 
     </span>
    </p>
   </div>
   <div class='ocr_carea' id='block_1_29' title="bbox 588 2764 2166 2844">
    <p class='ocr_par' dir='ltr' id='par_1_29' title="bbox 588 2764 2166 2844">
     <span class='ocr_line' id='line_1_29' title="bbox 588 2764 2166 2844; baseline 0.013 -28"><span class='ocrx_word' id='word_1_205' title='bbox 588 2764 908 2821; x_wconf 88' lang='lat' dir='ltr'><strong>testimonia</strong></span> <span class='ocrx_word' id='word_1_206' title='bbox 947 2782 1070 2837; x_wconf 65' lang='lat' dir='ltr'><strong>qum</strong></span> <span class='ocrx_word' id='word_1_207' title='bbox 1095 2769 1193 2823; x_wconf 92' lang='lat' dir='ltr'><strong>tibi</strong></span> <span class='ocrx_word' id='word_1_208' title='bbox 1232 2769 1375 2826; x_wconf 84' lang='lat' dir='ltr'><strong>dabo</strong></span> <span class='ocrx_word' id='word_1_209' title='bbox 1408 2780 1503 2827; x_wconf 88' lang='lat' dir='ltr'><strong>:et</strong></span> <span class='ocrx_word' id='word_1_210' title='bbox 1539 2789 1841 2844; x_wconf 79' lang='lat' dir='ltr'><strong>COgnoscar</strong></span> <span class='ocrx_word' id='word_1_211' title='bbox 1873 2794 1903 2832; x_wconf 93' lang='lat' dir='ltr'><strong>a</strong></span> <span class='ocrx_word' id='word_1_212' title='bbox 1936 2786 1989 2833; x_wconf 94' lang='lat' dir='ltr'><strong>te</strong></span> <span class='ocrx_word' id='word_1_213' title='bbox 2019 2780 2166 2844; x_wconf 83' lang='lat' dir='ltr'><strong>inde,</strong></span> 
     </span>
    </p>
   </div>
   <div class='ocr_carea' id='block_1_30' title="bbox 587 2855 2168 2933">
    <p class='ocr_par' dir='ltr' id='par_1_30' title="bbox 587 2855 2168 2933">
     <span class='ocr_line' id='line_1_30' title="bbox 587 2855 2168 2933; baseline 0.013 -26"><span class='ocrx_word' id='word_1_214' title='bbox 587 2862 646 2907; x_wconf 89' lang='lat' dir='ltr'><strong>et</strong></span> <span class='ocrx_word' id='word_1_215' title='bbox 667 2855 861 2925; x_wconf 86' lang='lat' dir='ltr'><strong>loquar</strong></span> <span class='ocrx_word' id='word_1_216' title='bbox 889 2866 1068 2913; x_wconf 91' lang='lat' dir='ltr'><strong>tecum</strong></span> <span class='ocrx_word' id='word_1_217' title='bbox 1107 2875 1273 2930; x_wconf 90' lang='lat' dir='ltr'><strong>super</strong></span> <span class='ocrx_word' id='word_1_218' title='bbox 1305 2863 1692 2933; x_wconf 90' lang='lat' dir='ltr'><strong>pr0pitiatorio</strong></span> <span class='ocrx_word' id='word_1_219' title='bbox 1727 2867 1871 2921; x_wconf 90' lang='lat' dir='ltr'><strong>inter</strong></span> <span class='ocrx_word' id='word_1_220' title='bbox 1893 2868 2002 2924; x_wconf 94' lang='lat' dir='ltr'><strong>duo</strong></span> <span class='ocrx_word' id='word_1_221' title='bbox 2023 2871 2168 2927; x_wconf 80' lang='lat' dir='ltr'><strong>Che-</strong></span> 
     </span>
    </p>
   </div>
   <div class='ocr_carea' id='block_1_31' title="bbox 587 2946 2168 3034">
    <p class='ocr_par' dir='ltr' id='par_1_31' title="bbox 587 2946 2168 3034">
     <span class='ocr_line' id='line_1_31' title="bbox 587 2946 2168 3034; baseline 0.013 -36"><span class='ocrx_word' id='word_1_222' title='bbox 587 2946 773 3001; x_wconf 85' lang='lat' dir='ltr'><strong>rubim</strong></span> <span class='ocrx_word' id='word_1_223' title='bbox 822 2964 944 3019; x_wconf 63' lang='lat' dir='ltr'><strong>quae</strong></span> <span class='ocrx_word' id='word_1_224' title='bbox 995 2961 1125 3006; x_wconf 88' lang='lat' dir='ltr'><strong>sunt</strong></span> <span class='ocrx_word' id='word_1_225' title='bbox 1168 2969 1335 3023; x_wconf 85' lang='lat' dir='ltr'><strong>supra</strong></span> <span class='ocrx_word' id='word_1_226' title='bbox 1399 2970 1584 3011; x_wconf 87' lang='lat' dir='ltr'><strong>arcam</strong></span> <span class='ocrx_word' id='word_1_227' title='bbox 1627 2959 1969 3027; x_wconf 86' lang='lat' dir='ltr'><strong>testimonii,</strong></span> <span class='ocrx_word' id='word_1_228' title='bbox 2011 2964 2168 3034; x_wconf 83' lang='lat' dir='ltr'><strong>juxta</strong></span> 
     </span>
    </p>
   </div>
   <div class='ocr_carea' id='block_1_32' title="bbox 586 3036 2168 3181">
    <p class='ocr_par' dir='ltr' id='par_1_32' title="bbox 586 3036 2168 3181">
     <span class='ocr_line' id='line_1_32' title="bbox 587 3036 2168 3111; baseline 0.015 -24"><span class='ocrx_word' id='word_1_229' title='bbox 587 3036 772 3091; x_wconf 82' lang='lat' dir='ltr'><strong>omnia</strong></span> <span class='ocrx_word' id='word_1_230' title='bbox 872 3054 1213 3111; x_wconf 72' lang='lat' dir='ltr'><strong>quaecunque</strong></span> <span class='ocrx_word' id='word_1_231' title='bbox 1304 3044 1641 3102; x_wconf 83' lang='lat' dir='ltr'><strong>mandavero</strong></span> <span class='ocrx_word' id='word_1_232' title='bbox 1718 3049 1821 3104; x_wconf 88' lang='lat' dir='ltr'><strong>tibi</strong></span> <span class='ocrx_word' id='word_1_233' title='bbox 1878 3052 1948 3107; x_wconf 85' lang='lat' dir='ltr'><strong>ad</strong></span> <span class='ocrx_word' id='word_1_234' title='bbox 2023 3053 2168 3111; x_wconf 78' lang='lat' dir='ltr'><strong>filios</strong></span> 
     </span>
     <span class='ocr_line' id='line_1_33' title="bbox 586 3124 897 3181; baseline -0.006 0"><span class='ocrx_word' id='word_1_235' title='bbox 586 3124 840 3181; x_wconf 81' lang='lat' dir='ltr'><strong>Israel”.</strong></span> <span class='ocrx_word' id='word_1_236' title='bbox 879 3148 897 3179; x_wconf 76' lang='grc' dir='ltr'><strong>ι</strong></span> 
     </span>
    </p>
   </div>
   <div class='ocr_carea' id='block_1_33' title="bbox 612 3128 897 3182">
    <p class='ocr_par' dir='ltr' id='par_1_33' title="bbox 612 3128 897 3182">
     <span class='ocr_line' id='line_1_34' title="bbox 612 3128 897 3182; baseline 0 -3"><span class='ocrx_word' id='word_1_237' title='bbox 612 3128 752 3182; x_wconf 88' lang='lat' dir='ltr'><strong>srael</strong></span> <span class='ocrx_word' id='word_1_238' title='bbox 776 3129 840 3182; x_wconf 81' lang='lat'><strong>”.</strong></span> <span class='ocrx_word' id='word_1_239' title='bbox 879 3148 897 3179; x_wconf 76' lang='grc' dir='ltr'><strong>ι</strong></span> 
     </span>
    </p>
   </div>
   <div class='ocr_carea' id='block_1_34' title="bbox 655 3371 2106 3448">
    <p class='ocr_par' dir='ltr' id='par_1_34' title="bbox 655 3371 2106 3448">
     <span class='ocr_line' id='line_1_35' title="bbox 655 3371 2106 3448; baseline 0.012 -22"><span class='ocrx_word' id='word_1_240' title='bbox 655 3371 852 3427; x_wconf 80' lang='lat' dir='ltr'><strong>PALL.</strong></span> <span class='ocrx_word' id='word_1_241' title='bbox 891 3372 1034 3439; x_wconf 87' lang='lat' dir='ltr'><strong>Quid</strong></span> <span class='ocrx_word' id='word_1_242' title='bbox 1066 3390 1199 3445; x_wconf 89' lang='lat' dir='ltr'><strong>ergo</strong></span> <span class='ocrx_word' id='word_1_243' title='bbox 1228 3378 1671 3448; x_wconf 84' lang='lat' dir='ltr'><strong>propitiatorium</strong></span> <span class='ocrx_word' id='word_1_244' title='bbox 1714 3399 1837 3441; x_wconf 90' lang='lat' dir='ltr'><strong>esse</strong></span> <span class='ocrx_word' id='word_1_245' title='bbox 1870 3390 2106 3446; x_wconf 82' lang='lat' dir='ltr'><strong>censes?</strong></span> 
     </span>
    </p>
   </div>
   <div class='ocr_carea' id='block_1_35' title="bbox 653 3465 2163 3547">
    <p class='ocr_par' dir='ltr' id='par_1_35' title="bbox 653 3465 2163 3547">
     <span class='ocr_line' id='line_1_36' title="bbox 653 3465 2163 3547; baseline 0.012 -26"><span class='ocrx_word' id='word_1_246' title='bbox 653 3465 812 3521; x_wconf 82' lang='lat' dir='ltr'><strong>CYR.</strong></span> <span class='ocrx_word' id='word_1_247' title='bbox 853 3466 1007 3533; x_wconf 81' lang='lat' dir='ltr'><strong>Quod</strong></span> <span class='ocrx_word' id='word_1_248' title='bbox 1040 3468 1264 3537; x_wconf 87' lang='lat' dir='ltr'><strong>quidem</strong></span> <span class='ocrx_word' id='word_1_249' title='bbox 1296 3471 1363 3526; x_wconf 89' lang='lat' dir='ltr'><strong>ad</strong></span> <span class='ocrx_word' id='word_1_250' title='bbox 1391 3472 1631 3529; x_wconf 82' lang='lat' dir='ltr'><strong>litteram</strong></span> <span class='ocrx_word' id='word_1_251' title='bbox 1662 3478 1908 3547; x_wconf 88' lang='lat' dir='ltr'><strong>pertinet</strong></span> <span class='ocrx_word' id='word_1_252' title='bbox 1950 3491 2009 3537; x_wconf 91' lang='lat' dir='ltr'><strong>et</strong></span> <span class='ocrx_word' id='word_1_253' title='bbox 2039 3499 2163 3538; x_wconf 87' lang='lat' dir='ltr'><strong>um-</strong></span> 
     </span>
    </p>
   </div>
   <div class='ocr_carea' id='block_1_36' title="bbox 582 3559 2166 3642">
    <p class='ocr_par' dir='ltr' id='par_1_36' title="bbox 582 3559 2166 3642">
     <span class='ocr_line' id='line_1_37' title="bbox 582 3559 2166 3642; baseline 0.012 -29"><span class='ocrx_word' id='word_1_254' title='bbox 582 3559 763 3622; x_wconf 82' lang='lat' dir='ltr'><strong>bram,</strong></span> <span class='ocrx_word' id='word_1_255' title='bbox 788 3575 855 3613; x_wconf 77' lang='lat' dir='ltr'><strong>ex</strong></span> <span class='ocrx_word' id='word_1_256' title='bbox 882 3575 1018 3614; x_wconf 89' lang='lat' dir='ltr'><strong>auro</strong></span> <span class='ocrx_word' id='word_1_257' title='bbox 1048 3576 1190 3629; x_wconf 89' lang='lat' dir='ltr'><strong>puro</strong></span> <span class='ocrx_word' id='word_1_258' title='bbox 1217 3562 1422 3619; x_wconf 88' lang='lat' dir='ltr'><strong>factum</strong></span> <span class='ocrx_word' id='word_1_259' title='bbox 1454 3576 1594 3631; x_wconf 90' lang='lat' dir='ltr'><strong>erat,</strong></span> <span class='ocrx_word' id='word_1_260' title='bbox 1632 3578 1688 3623; x_wconf 92' lang='lat' dir='ltr'><strong>et</strong></span> <span class='ocrx_word' id='word_1_261' title='bbox 1724 3571 1987 3642; x_wconf 56' lang='lat' dir='ltr'><strong>subjecta!</strong></span> <span class='ocrx_word' id='word_1_262' title='bbox 2023 3590 2166 3632; x_wconf 59' lang='lat' dir='ltr'><strong>arca;</strong></span> 
     </span>
    </p>
   </div>
   <div class='ocr_carea' id='block_1_37' title="bbox 583 3648 2162 3734">
    <p class='ocr_par' dir='ltr' id='par_1_37' title="bbox 583 3648 2162 3734">
     <span class='ocr_line' id='line_1_38' title="bbox 583 3648 2162 3734; baseline 0.01 -31"><span class='ocrx_word' id='word_1_263' title='bbox 583 3657 706 3703; x_wconf 82' lang='lat' dir='ltr'><strong>erat</strong></span> <span class='ocrx_word' id='word_1_264' title='bbox 740 3648 1055 3718; x_wconf 90' lang='lat' dir='ltr'><strong>impositum</strong></span> <span class='ocrx_word' id='word_1_265' title='bbox 1084 3669 1096 3703; x_wconf 92' lang='lat'>:</span> <span class='ocrx_word' id='word_1_266' title='bbox 1124 3651 1196 3706; x_wconf 91' lang='lat' dir='ltr'><strong>ob</strong></span> <span class='ocrx_word' id='word_1_267' title='bbox 1229 3667 1349 3707; x_wconf 88' lang='lat' dir='ltr'><strong>eam</strong></span> <span class='ocrx_word' id='word_1_268' title='bbox 1389 3656 1594 3725; x_wconf 89' lang='lat' dir='ltr'><strong>quippe</strong></span> <span class='ocrx_word' id='word_1_269' title='bbox 1622 3673 1842 3715; x_wconf 88' lang='lat' dir='ltr'><strong>causam</strong></span> <span class='ocrx_word' id='word_1_270' title='bbox 1891 3676 2162 3734; x_wconf 87' lang='lat' dir='ltr'><strong>superpo-</strong></span> 
     </span>
    </p>
   </div>
   <div class='ocr_carea' id='block_1_38' title="bbox 583 3740 2165 3821">
    <p class='ocr_par' dir='ltr' id='par_1_38' title="bbox 583 3740 2165 3821">
     <span class='ocr_line' id='line_1_39' title="bbox 583 3740 2165 3821; baseline 0.01 -25"><span class='ocrx_word' id='word_1_271' title='bbox 583 3740 716 3796; x_wconf 86' lang='lat' dir='ltr'><strong>sitio</strong></span> <span class='ocrx_word' id='word_1_272' title='bbox 744 3740 955 3796; x_wconf 89' lang='lat' dir='ltr'><strong>dictum</strong></span> <span class='ocrx_word' id='word_1_273' title='bbox 984 3750 1089 3807; x_wconf 90' lang='lat' dir='ltr'><strong>est,</strong></span> <span class='ocrx_word' id='word_1_274' title='bbox 1117 3742 1185 3799; x_wconf 88' lang='lat' dir='ltr'><strong>ad</strong></span> <span class='ocrx_word' id='word_1_275' title='bbox 1218 3743 1366 3813; x_wconf 90' lang='lat' dir='ltr'><strong>quod</strong></span> <span class='ocrx_word' id='word_1_276' title='bbox 1407 3761 1533 3801; x_wconf 90' lang='lat' dir='ltr'><strong>cum</strong></span> <span class='ocrx_word' id='word_1_277' title='bbox 1577 3752 1829 3807; x_wconf 87' lang='lat' dir='ltr'><strong>conversi</strong></span> <span class='ocrx_word' id='word_1_278' title='bbox 1873 3762 2079 3821; x_wconf 87' lang='lat' dir='ltr'><strong>essent,</strong></span> <span class='ocrx_word' id='word_1_279' title='bbox 2106 3765 2165 3811; x_wconf 92' lang='lat' dir='ltr'><strong>et</strong></span> 
     </span>
    </p>
   </div>
   <div class='ocr_carea' id='block_1_39' title="bbox 581 3832 2163 3919">
    <p class='ocr_par' dir='ltr' id='par_1_39' title="bbox 581 3832 2163 3919">
     <span class='ocr_line' id='line_1_40' title="bbox 581 3832 2163 3919; baseline 0.011 -32"><span class='ocrx_word' id='word_1_280' title='bbox 581 3832 722 3887; x_wconf 88' lang='lat' dir='ltr'><strong>illud</strong></span> <span class='ocrx_word' id='word_1_281' title='bbox 780 3833 1126 3903; x_wconf 88' lang='lat' dir='ltr'><strong>aspicerent,</strong></span> <span class='ocrx_word' id='word_1_282' title='bbox 1179 3836 1274 3906; x_wconf 91' lang='lat' dir='ltr'><strong>qui</strong></span> <span class='ocrx_word' id='word_1_283' title='bbox 1333 3841 1626 3897; x_wconf 90' lang='lat' dir='ltr'><strong>sacerdotii</strong></span> <span class='ocrx_word' id='word_1_284' title='bbox 1687 3843 1864 3914; x_wconf 87' lang='lat' dir='ltr'><strong>gloria</strong></span> <span class='ocrx_word' id='word_1_285' title='bbox 1920 3847 2163 3919; x_wconf 77' lang='lat' dir='ltr'><strong>insignes</strong></span> 
     </span>
    </p>
   </div>
   <div class='ocr_carea' id='block_1_40' title="bbox 581 3925 2161 4009">
    <p class='ocr_par' dir='ltr' id='par_1_40' title="bbox 581 3925 2161 4009">
     <span class='ocr_line' id='line_1_41' title="bbox 581 3925 2161 4009; baseline 0.013 -32"><span class='ocrx_word' id='word_1_286' title='bbox 581 3927 762 3988; x_wconf 66' lang='lat' dir='ltr'><strong>erant,</strong></span> <span class='ocrx_word' id='word_1_287' title='bbox 808 3925 878 3980; x_wconf 90' lang='lat' dir='ltr'><strong>ad</strong></span> <span class='ocrx_word' id='word_1_288' title='bbox 921 3926 1093 3980; x_wconf 89' lang='lat' dir='ltr'><strong>Deum</strong></span> <span class='ocrx_word' id='word_1_289' title='bbox 1143 3926 1323 3995; x_wconf 87' lang='lat' dir='ltr'><strong>ipsum</strong></span> <span class='ocrx_word' id='word_1_290' title='bbox 1360 3927 1599 3996; x_wconf 87' lang='lat' dir='ltr'><strong>obverti,</strong></span> <span class='ocrx_word' id='word_1_291' title='bbox 1629 3946 1870 4006; x_wconf 90' lang='lat' dir='ltr'><strong>eumque</strong></span> <span class='ocrx_word' id='word_1_292' title='bbox 1914 3939 2161 4009; x_wconf 87' lang='lat' dir='ltr'><strong>aspicere</strong></span> 
     </span>
    </p>
   </div>
   <div class='ocr_carea' id='block_1_41' title="bbox 580 4013 2159 4100">
    <p class='ocr_par' dir='ltr' id='par_1_41' title="bbox 580 4013 2159 4100">
     <span class='ocr_line' id='line_1_42' title="bbox 580 4013 2159 4100; baseline 0.013 -34"><span class='ocrx_word' id='word_1_293' title='bbox 580 4013 931 4069; x_wconf 85' lang='lat' dir='ltr'><strong>videbantur.</strong></span> <span class='ocrx_word' id='word_1_294' title='bbox 989 4014 1045 4070; x_wconf 89' lang='lat' dir='ltr'><strong>Id</strong></span> <span class='ocrx_word' id='word_1_295' title='bbox 1096 4032 1230 4072; x_wconf 89' lang='lat' dir='ltr'><strong>vero</strong></span> <span class='ocrx_word' id='word_1_296' title='bbox 1278 4017 1325 4073; x_wconf 91' lang='lat' dir='ltr'><strong>si</strong></span> <span class='ocrx_word' id='word_1_297' title='bbox 1377 4019 1741 4089; x_wconf 87' lang='lat' dir='ltr'><strong>spiritualiter</strong></span> <span class='ocrx_word' id='word_1_298' title='bbox 1802 4026 2159 4100; x_wconf 88' lang='lat' dir='ltr'><strong>intelligatur,</strong></span> 
     </span>
    </p>
   </div>
   <div class='ocr_carea' id='block_1_42' title="bbox 579 4105 2162 4187">
    <p class='ocr_par' dir='ltr' id='par_1_42' title="bbox 579 4105 2162 4187">
     <span class='ocr_line' id='line_1_43' title="bbox 579 4105 2162 4187; baseline 0.014 -30"><span class='ocrx_word' id='word_1_299' title='bbox 579 4105 1026 4175; x_wconf 86' lang='lat' dir='ltr'><strong>propitiatorium</strong></span> <span class='ocrx_word' id='word_1_300' title='bbox 1057 4123 1177 4165; x_wconf 87' lang='lat' dir='ltr'><strong>esse</strong></span> <span class='ocrx_word' id='word_1_301' title='bbox 1201 4110 1449 4167; x_wconf 91' lang='lat' dir='ltr'><strong>dicemus</strong></span> <span class='ocrx_word' id='word_1_302' title='bbox 1475 4128 1603 4169; x_wconf 91' lang='lat' dir='ltr'><strong>eum</strong></span> <span class='ocrx_word' id='word_1_303' title='bbox 1650 4117 1745 4185; x_wconf 91' lang='lat' dir='ltr'><strong>qui</strong></span> <span class='ocrx_word' id='word_1_304' title='bbox 1773 4133 1874 4187; x_wconf 90' lang='lat' dir='ltr'><strong>pro</strong></span> <span class='ocrx_word' id='word_1_305' title='bbox 1896 4121 2058 4177; x_wconf 90' lang='lat' dir='ltr'><strong>nobis</strong></span> <span class='ocrx_word' id='word_1_306' title='bbox 2077 4133 2162 4180; x_wconf 90' lang='lat' dir='ltr'><strong>est</strong></span> 
     </span>
    </p>
   </div>
   <div class='ocr_carea' id='block_1_43' title="bbox 579 4194 2159 4281">
    <p class='ocr_par' dir='ltr' id='par_1_43' title="bbox 579 4194 2159 4281">
     <span class='ocr_line' id='line_1_44' title="bbox 579 4194 2159 4281; baseline 0.015 -32"><span class='ocrx_word' id='word_1_307' title='bbox 579 4194 745 4249; x_wconf 84' lang='lat' dir='ltr'><strong>homo</strong></span> <span class='ocrx_word' id='word_1_308' title='bbox 769 4195 965 4261; x_wconf 85' lang='lat' dir='ltr'><strong>factus,</strong></span> <span class='ocrx_word' id='word_1_309' title='bbox 996 4217 1014 4249; x_wconf 76' lang='grc' dir='ltr'><strong>ι</strong></span> <span class='ocrx_word' id='word_1_310' title='bbox 1040 4214 1203 4268; x_wconf 91' lang='lat' dir='ltr'><strong>quem</strong></span> <span class='ocrx_word' id='word_1_311' title='bbox 1232 4204 1519 4272; x_wconf 88' lang='lat' dir='ltr'><strong>proposuit</strong></span> <span class='ocrx_word' id='word_1_312' title='bbox 1544 4206 1690 4263; x_wconf 89' lang='lat' dir='ltr'><strong>Deus</strong></span> <span class='ocrx_word' id='word_1_313' title='bbox 1713 4213 2159 4281; x_wconf 88' lang='lat' dir='ltr'><strong>propitiationem</strong></span> 
     </span>
    </p>
   </div>
   <div class='ocr_carea' id='block_1_44' title="bbox 578 4284 2160 4374">
    <p class='ocr_par' dir='ltr' id='par_1_44' title="bbox 578 4284 2160 4374">
     <span class='ocr_line' id='line_1_45' title="bbox 578 4284 2160 4374; baseline 0.016 -37"><span class='ocrx_word' id='word_1_314' title='bbox 578 4299 679 4355; x_wconf 85' lang='lat' dir='ltr'><strong>per</strong></span> <span class='ocrx_word' id='word_1_315' title='bbox 702 4284 864 4340; x_wconf 80' lang='lat' dir='ltr'><strong>fidem</strong></span> <span class='ocrx_word' id='word_1_316' title='bbox 886 4288 941 4342; x_wconf 92' lang='lat' dir='ltr'><strong>in</strong></span> <span class='ocrx_word' id='word_1_317' title='bbox 967 4290 1230 4359; x_wconf 87' lang='lat' dir='ltr'><strong>sanguine</strong></span> <span class='ocrx_word' id='word_1_318' title='bbox 1253 4291 1427 4362; x_wconf 86' lang='lat' dir='ltr'><strong>ipsius</strong></span> <span class='ocrx_word' id='word_1_319' title='bbox 1451 4295 1519 4349; x_wconf 86' lang='lat' dir='ltr'><strong>ad</strong></span> <span class='ocrx_word' id='word_1_320' title='bbox 1541 4300 1914 4358; x_wconf 88' lang='lat' dir='ltr'><strong>ostcnsionem</strong></span> <span class='ocrx_word' id='word_1_321' title='bbox 1931 4305 2063 4374; x_wconf 88' lang='lat' dir='ltr'><strong>justi</strong></span> <span class='ocrx_word' id='word_1_322' title='bbox 2074 4308 2160 4363; x_wconf 65' lang='lat' dir='ltr'><strong>tiae</strong></span> 
     </span>
    </p>
   </div>
   <div class='ocr_carea' id='block_1_45' title="bbox 576 4378 2157 4455">
    <p class='ocr_par' dir='ltr' id='par_1_45' title="bbox 576 4378 2157 4455">
     <span class='ocr_line' id='line_1_46' title="bbox 576 4378 2157 4455; baseline 0.015 -24"><span class='ocrx_word' id='word_1_323' title='bbox 576 4393 690 4431; x_wconf 71' lang='lat' dir='ltr'><strong>sua:</strong></span> <span class='ocrx_word' id='word_1_324' title='bbox 728 4378 793 4431; x_wconf 71' lang='lat'><strong>&quot;.</strong></span> <span class='ocrx_word' id='word_1_325' title='bbox 835 4398 854 4429; x_wconf 79' lang='grc' dir='ltr'><strong>ι</strong></span> <span class='ocrx_word' id='word_1_326' title='bbox 910 4380 1113 4438; x_wconf 88' lang='lat' dir='ltr'><strong>Paulus</strong></span> <span class='ocrx_word' id='word_1_327' title='bbox 1168 4384 1315 4439; x_wconf 90' lang='lat' dir='ltr'><strong>enim</strong></span> <span class='ocrx_word' id='word_1_328' title='bbox 1376 4386 1481 4442; x_wconf 89' lang='lat' dir='ltr'><strong>hoc</strong></span> <span class='ocrx_word' id='word_1_329' title='bbox 1538 4389 1693 4445; x_wconf 91' lang='lat' dir='ltr'><strong>dicit.</strong></span> <span class='ocrx_word' id='word_1_330' title='bbox 1740 4391 1944 4450; x_wconf 89' lang='lat' dir='ltr'><strong>Scribit</strong></span> <span class='ocrx_word' id='word_1_331' title='bbox 1990 4399 2157 4455; x_wconf 86' lang='lat' dir='ltr'><strong>etiam</strong></span> 
     </span>
    </p>
   </div>
   <div class='ocr_carea' id='block_1_46' title="bbox 2287 569 3803 648">
    <p class='ocr_par' dir='ltr' id='par_1_46' title="bbox 2287 569 3803 648">
     <span class='ocr_line' id='line_1_47' title="bbox 2287 569 3803 648; baseline 0.003 -23"><span class='ocrx_word' id='word_1_332' title='bbox 2287 570 2501 642; x_wconf 87' lang='grc' dir='ltr'>Πατρὸς</span> <span class='ocrx_word' id='word_1_333' title='bbox 2551 571 2753 635; x_wconf 81' lang='grc' dir='ltr'>αὐτῶν,</span> <span class='ocrx_word' id='word_1_334' title='bbox 2802 588 2822 623; x_wconf 70' lang='grc' dir='ltr'><strong>ι</strong></span> <span class='ocrx_word' id='word_1_335' title='bbox 2859 569 2944 634; x_wconf 85' lang='grc' dir='ltr'><strong>τίς</strong></span> <span class='ocrx_word' id='word_1_336' title='bbox 2993 570 3146 625; x_wconf 81' lang='grc' dir='ltr'>ἔσται</span> <span class='ocrx_word' id='word_1_337' title='bbox 3199 571 3381 626; x_wconf 85' lang='grc' dir='ltr'>λοιπὸν</span> <span class='ocrx_word' id='word_1_338' title='bbox 3426 575 3460 644; x_wconf 80' lang='grc' dir='ltr'>ὴ</span> <span class='ocrx_word' id='word_1_339' title='bbox 3494 576 3658 645; x_wconf 67' lang='grc' dir='ltr'>αὑτοῦ</span> <span class='ocrx_word' id='word_1_340' title='bbox 3707 581 3803 648; x_wconf 68' lang='grc' dir='ltr'>δόξα</span> 
     </span>
    </p>
   </div>
   <div class='ocr_carea' id='block_1_47' title="bbox 2284 660 3799 743">
    <p class='ocr_par' dir='ltr' id='par_1_47' title="bbox 2284 660 3799 743">
     <span class='ocr_line' id='line_1_48' title="bbox 2284 660 3799 743; baseline 0.004 -28"><span class='ocrx_word' id='word_1_341' title='bbox 2284 660 2559 732; x_wconf 84' lang='grc' dir='ltr'>Χριστοῦ;</span> <span class='ocrx_word' id='word_1_342' title='bbox 2616 661 2742 725; x_wconf 81' lang='grc' dir='ltr'><strong>Πῶς</strong></span> <span class='ocrx_word' id='word_1_343' title='bbox 2784 660 2841 715; x_wconf 81' lang='grc' dir='ltr'>δὲ</span> <span class='ocrx_word' id='word_1_344' title='bbox 2877 662 2940 714; x_wconf 81' lang='grc' dir='ltr'><strong>οὐ</strong></span> <span class='ocrx_word' id='word_1_345' title='bbox 2979 661 3072 713; x_wconf 91' lang='grc' dir='ltr'><strong>νοῦ</strong></span> <span class='ocrx_word' id='word_1_346' title='bbox 3104 662 3199 715; x_wconf 74' lang='grc' dir='ltr'>καὶ</span> <span class='ocrx_word' id='word_1_347' title='bbox 3234 661 3389 731; x_wconf 80' lang='grc' dir='ltr'><strong>λόγου</strong></span> <span class='ocrx_word' id='word_1_348' title='bbox 3426 664 3566 735; x_wconf 82' lang='grc' dir='ltr'>πέρα</span> <span class='ocrx_word' id='word_1_349' title='bbox 3592 671 3799 743; x_wconf 76' lang='grc' dir='ltr'>παντὸςή</span> 
     </span>
    </p>
   </div>
   <div class='ocr_carea' id='block_1_48' title="bbox 2284 752 3802 830">
    <p class='ocr_par' dir='ltr' id='par_1_48' title="bbox 2284 752 3802 830">
     <span class='ocr_line' id='line_1_49' title="bbox 2284 752 3802 830; baseline -0.001 -23"><span class='ocrx_word' id='word_1_350' title='bbox 2284 753 2587 825; x_wconf 79' lang='grc' dir='ltr'>ἐκλαμψις;</span> <span class='ocrx_word' id='word_1_351' title='bbox 2634 754 2843 823; x_wconf 85' lang='grc' dir='ltr'>Χρυσοῖ</span> <span class='ocrx_word' id='word_1_352' title='bbox 2888 752 2946 806; x_wconf 79' lang='grc' dir='ltr'>δὲ</span> <span class='ocrx_word' id='word_1_353' title='bbox 2990 752 3089 824; x_wconf 82' lang='grc' dir='ltr'>τὴν</span> <span class='ocrx_word' id='word_1_354' title='bbox 3135 753 3365 807; x_wconf 84' lang='grc' dir='ltr'>κιϐωτὸν</span> <span class='ocrx_word' id='word_1_355' title='bbox 3406 754 3611 824; x_wconf 78' lang='grc' dir='ltr'>ἔχοντες</span> <span class='ocrx_word' id='word_1_356' title='bbox 3644 761 3802 830; x_wconf 42' lang='lat' dir='ltr'><strong>(meo.</strong></span> 
     </span>
    </p>
   </div>
   <div class='ocr_carea' id='block_1_49' title="bbox 2285 843 3790 923">
    <p class='ocr_par' dir='ltr' id='par_1_49' title="bbox 2285 843 3790 923">
     <span class='ocr_line' id='line_1_50' title="bbox 2285 843 3790 923; baseline -0.001 -24"><span class='ocrx_word' id='word_1_357' title='bbox 2285 848 2419 916; x_wconf 84' lang='grc' dir='ltr'>ρεῖς,</span> <span class='ocrx_word' id='word_1_358' title='bbox 2467 845 2659 914; x_wconf 79' lang='grc' dir='ltr'><strong>χρυσοῖ</strong></span> <span class='ocrx_word' id='word_1_359' title='bbox 2692 843 2787 898; x_wconf 67' lang='grc' dir='ltr'>καὶ</span> <span class='ocrx_word' id='word_1_360' title='bbox 2842 844 2894 897; x_wconf 77' lang='grc' dir='ltr'><strong>οἱ</strong></span> <span class='ocrx_word' id='word_1_361' title='bbox 2934 844 3136 915; x_wconf 80' lang='grc' dir='ltr'><strong>κρίκοι,</strong></span> <span class='ocrx_word' id='word_1_362' title='bbox 3182 844 3275 898; x_wconf 80' lang='grc' dir='ltr'>καὶ</span> <span class='ocrx_word' id='word_1_363' title='bbox 3304 844 3479 897; x_wconf 83' lang='grc' dir='ltr'>πάντα</span> <span class='ocrx_word' id='word_1_364' title='bbox 3511 847 3577 899; x_wconf 80' lang='grc' dir='ltr'>τὰ</span> <span class='ocrx_word' id='word_1_365' title='bbox 3592 849 3645 900; x_wconf 86' lang='grc' dir='ltr'><strong>ἐν</strong></span> <span class='ocrx_word' id='word_1_366' title='bbox 3667 852 3790 923; x_wconf 51' lang='lat' dir='ltr'><strong>afug-</strong></span> 
     </span>
    </p>
   </div>
   <div class='ocr_carea' id='block_1_50' title="bbox 2286 934 3801 1008">
    <p class='ocr_par' dir='ltr' id='par_1_50' title="bbox 2286 934 3801 1008">
     <span class='ocr_line' id='line_1_51' title="bbox 2286 934 3801 1008; baseline 0.001 -18"><span class='ocrx_word' id='word_1_367' title='bbox 2286 937 2504 1008; x_wconf 82' lang='grc' dir='ltr'><strong>μέτοχοι</strong></span> <span class='ocrx_word' id='word_1_368' title='bbox 2559 934 2668 1006; x_wconf 79' lang='grc' dir='ltr'><strong>γὰρ</strong></span> <span class='ocrx_word' id='word_1_369' title='bbox 2723 935 2823 1005; x_wconf 83' lang='grc' dir='ltr'>τῆς</span> <span class='ocrx_word' id='word_1_370' title='bbox 2865 934 3024 1006; x_wconf 77' lang='grc' dir='ltr'>δόξης</span> <span class='ocrx_word' id='word_1_371' title='bbox 3048 937 3098 989; x_wconf 77' lang='grc' dir='ltr'><strong>οἱ</strong></span> <span class='ocrx_word' id='word_1_372' title='bbox 3155 937 3294 1006; x_wconf 78' lang='grc' dir='ltr'>ἀμφ’</span> <span class='ocrx_word' id='word_1_373' title='bbox 3327 936 3506 1000; x_wconf 83' lang='grc' dir='ltr'>αὑτὸν,</span> <span class='ocrx_word' id='word_1_374' title='bbox 3538 939 3625 991; x_wconf 82' lang='grc' dir='ltr'><strong>καὶ</strong></span> <span class='ocrx_word' id='word_1_375' title='bbox 3661 940 3723 1004; x_wconf 79' lang='grc' dir='ltr'><strong>ὡς</strong></span> <span class='ocrx_word' id='word_1_376' title='bbox 3760 946 3801 997; x_wconf 76' lang='grc' dir='ltr'><strong>ἐν</strong></span> 
     </span>
    </p>
   </div>
   <div class='ocr_carea' id='block_1_51' title="bbox 2283 1027 3798 1100">
    <p class='ocr_par' dir='ltr' id='par_1_51' title="bbox 2283 1027 3798 1100">
     <span class='ocr_line' id='line_1_52' title="bbox 2283 1027 3798 1100; baseline 0 -16"><span class='ocrx_word' id='word_1_377' title='bbox 2283 1031 2470 1099; x_wconf 78' lang='grc' dir='ltr'>ἀγάπη</span> <span class='ocrx_word' id='word_1_378' title='bbox 2501 1028 2594 1082; x_wconf 72' lang='grc' dir='ltr'>καὶ</span> <span class='ocrx_word' id='word_1_379' title='bbox 2620 1027 2880 1098; x_wconf 85' lang='grc' dir='ltr'><strong>ἁγιασμῷ</strong></span> <span class='ocrx_word' id='word_1_380' title='bbox 2908 1027 3435 1099; x_wconf 81' lang='grc' dir='ltr'>προσερηρεισμένοι</span> <span class='ocrx_word' id='word_1_381' title='bbox 3462 1029 3552 1081; x_wconf 80' lang='grc' dir='ltr'>καὶ</span> <span class='ocrx_word' id='word_1_382' title='bbox 3570 1032 3798 1100; x_wconf 82' lang='grc' dir='ltr'>χρήσιμοι,</span> 
     </span>
    </p>
   </div>
   <div class='ocr_carea' id='block_1_52' title="bbox 2282 1112 3799 1190">
    <p class='ocr_par' dir='ltr' id='par_1_52' title="bbox 2282 1112 3799 1190">
     <span class='ocr_line' id='line_1_53' title="bbox 2282 1112 3799 1190; baseline 0.002 -19"><span class='ocrx_word' id='word_1_383' title='bbox 2282 1117 2524 1171; x_wconf 88' lang='grc' dir='ltr'>Τοιοῦτοί</span> <span class='ocrx_word' id='word_1_384' title='bbox 2547 1133 2690 1180; x_wconf 89' lang='grc' dir='ltr'>τινες</span> <span class='ocrx_word' id='word_1_385' title='bbox 2710 1112 2850 1187; x_wconf 82' lang='grc' dir='ltr'>ἦσαν</span> <span class='ocrx_word' id='word_1_386' title='bbox 2873 1116 2969 1169; x_wconf 70' lang='grc' dir='ltr'>καὶ</span> <span class='ocrx_word' id='word_1_387' title='bbox 2991 1115 3042 1168; x_wconf 87' lang='grc' dir='ltr'>οί</span> <span class='ocrx_word' id='word_1_388' title='bbox 3060 1115 3323 1185; x_wconf 81' lang='grc' dir='ltr'>μακάριοι</span> <span class='ocrx_word' id='word_1_389' title='bbox 3349 1115 3605 1185; x_wconf 77' lang='grc' dir='ltr'>μαθηταὶ,</span> <span class='ocrx_word' id='word_1_390' title='bbox 3619 1118 3799 1190; x_wconf 72' lang='grc' dir='ltr'>δύναμιν</span> 
     </span>
    </p>
   </div>
   <div class='ocr_carea' id='block_1_53' title="bbox 2280 1206 3799 1282">
    <p class='ocr_par' dir='ltr' id='par_1_53' title="bbox 2280 1206 3799 1282">
     <span class='ocr_line' id='line_1_54' title="bbox 2280 1206 3799 1282; baseline 0.001 -19"><span class='ocrx_word' id='word_1_391' title='bbox 2280 1209 2377 1282; x_wconf 78' lang='grc' dir='ltr'>τὴν</span> <span class='ocrx_word' id='word_1_392' title='bbox 2415 1209 2545 1281; x_wconf 88' lang='grc' dir='ltr'>παρ’</span> <span class='ocrx_word' id='word_1_393' title='bbox 2599 1207 2766 1263; x_wconf 78' lang='grc' dir='ltr'>αὑτοῦ</span> <span class='ocrx_word' id='word_1_394' title='bbox 2817 1207 2919 1279; x_wconf 79' lang='grc' dir='ltr'>τὴν</span> <span class='ocrx_word' id='word_1_395' title='bbox 2970 1206 3253 1278; x_wconf 81' lang='grc' dir='ltr'><strong>θεοπρεπῆ</strong></span> <span class='ocrx_word' id='word_1_396' title='bbox 3304 1207 3600 1278; x_wconf 80' lang='grc' dir='ltr'>δεχόμενοι,</span> <span class='ocrx_word' id='word_1_397' title='bbox 3630 1213 3799 1282; x_wconf 72' lang='grc' dir='ltr'>καὶτῆς</span> 
     </span>
    </p>
   </div>
   <div class='ocr_carea' id='block_1_54' title="bbox 2278 1298 3800 1372">
    <p class='ocr_par' dir='ltr' id='par_1_54' title="bbox 2278 1298 3800 1372">
     <span class='ocr_line' id='line_1_55' title="bbox 2278 1298 3800 1372; baseline -0.002 -15"><span class='ocrx_word' id='word_1_398' title='bbox 2278 1301 2485 1357; x_wconf 79' lang='grc' dir='ltr'>ἄνωθεν</span> <span class='ocrx_word' id='word_1_399' title='bbox 2518 1300 2794 1372; x_wconf 79' lang='grc' dir='ltr'><strong>ὑπεροχῆς</strong></span> <span class='ocrx_word' id='word_1_400' title='bbox 2843 1300 2942 1371; x_wconf 83' lang='grc' dir='ltr'>τὴν</span> <span class='ocrx_word' id='word_1_401' title='bbox 2982 1298 3349 1371; x_wconf 81' lang='grc' dir='ltr'><strong>λαμπρότητα</strong></span> <span class='ocrx_word' id='word_1_402' title='bbox 3395 1299 3655 1370; x_wconf 64' lang='grc' dir='ltr'>μεθεκτιῖκ</span> <span class='ocrx_word' id='word_1_403' title='bbox 3676 1304 3800 1357; x_wconf 63' lang='lat' dir='ltr'><strong>tm.</strong></span> 
     </span>
    </p>
   </div>
   <div class='ocr_carea' id='block_1_55' title="bbox 2279 1389 3799 1465">
    <p class='ocr_par' dir='ltr' id='par_1_55' title="bbox 2279 1389 3799 1465">
     <span class='ocr_line' id='line_1_56' title="bbox 2279 1389 3799 1465; baseline -0.001 -17"><span class='ocrx_word' id='word_1_404' title='bbox 2279 1392 2667 1463; x_wconf 81' lang='grc' dir='ltr'>πλουτηκότες,</span> <span class='ocrx_word' id='word_1_405' title='bbox 2719 1391 2816 1446; x_wconf 75' lang='grc' dir='ltr'>καὶ</span> <span class='ocrx_word' id='word_1_406' title='bbox 2862 1390 3197 1463; x_wconf 79' lang='grc' dir='ltr'><strong>πληροῦντες</strong></span> <span class='ocrx_word' id='word_1_407' title='bbox 3226 1390 3313 1445; x_wconf 85' lang='grc' dir='ltr'>διὰ</span> <span class='ocrx_word' id='word_1_408' title='bbox 3344 1389 3503 1443; x_wconf 87' lang='grc' dir='ltr'>τοῦτο</span> <span class='ocrx_word' id='word_1_409' title='bbox 3538 1391 3626 1456; x_wconf 78' lang='grc' dir='ltr'><strong>τὰς</strong></span> <span class='ocrx_word' id='word_1_410' title='bbox 3655 1392 3799 1465; x_wconf 75' lang='grc' dir='ltr'>θεοσή-</span> 
     </span>
    </p>
   </div>
   <div class='ocr_carea' id='block_1_56' title="bbox 2282 1485 2429 1555">
    <p class='ocr_par' dir='ltr' id='par_1_56' title="bbox 2282 1485 2429 1555">
     <span class='ocr_line' id='line_1_57' title="bbox 2282 1485 2429 1555; baseline 0 -17"><span class='ocrx_word' id='word_1_411' title='bbox 2282 1485 2429 1555; x_wconf 86' lang='grc' dir='ltr'>μίας.</span> 
     </span>
    </p>
   </div>
   <div class='ocr_carea' id='block_1_57' title="bbox 2343 1574 2990 1646">
    <p class='ocr_par' dir='ltr' id='par_1_57' title="bbox 2343 1574 2990 1646">
     <span class='ocr_line' id='line_1_58' title="bbox 2343 1574 2990 1646; baseline -0.003 -16"><span class='ocrx_word' id='word_1_412' title='bbox 2343 1578 2550 1636; x_wconf 80' lang='grc' dir='ltr'><strong>ΠΑΛΛ,</strong></span> <span class='ocrx_word' id='word_1_413' title='bbox 2598 1574 2803 1645; x_wconf 85' lang='grc' dir='ltr'>Ὀρθῶς</span> <span class='ocrx_word' id='word_1_414' title='bbox 2833 1574 2990 1646; x_wconf 76' lang='grc' dir='ltr'>ἔφης.</span> 
     </span>
    </p>
   </div>
   <div class='ocr_carea' id='block_1_58' title="bbox 2345 1664 3796 1738">
    <p class='ocr_par' dir='ltr' id='par_1_58' title="bbox 2345 1664 3796 1738">
     <span class='ocr_line' id='line_1_59' title="bbox 2345 1664 3796 1738; baseline -0.002 -15"><span class='ocrx_word' id='word_1_415' title='bbox 2345 1669 2509 1723; x_wconf 81' lang='grc' dir='ltr'><strong>ΚΥΡ.</strong></span> <span class='ocrx_word' id='word_1_416' title='bbox 2546 1686 2563 1718; x_wconf 90' lang='grc' dir='ltr'><strong>ι</strong></span> <span class='ocrx_word' id='word_1_417' title='bbox 2603 1668 2714 1721; x_wconf 74' lang='grc' dir='ltr'>Καὶ</span> <span class='ocrx_word' id='word_1_418' title='bbox 2734 1666 2872 1737; x_wconf 85' lang='grc' dir='ltr'>πρός</span> <span class='ocrx_word' id='word_1_419' title='bbox 2899 1682 2964 1735; x_wconf 89' lang='grc' dir='ltr'>γε</span> <span class='ocrx_word' id='word_1_420' title='bbox 2990 1667 3057 1736; x_wconf 81' lang='grc' dir='ltr'>τῇ</span> <span class='ocrx_word' id='word_1_421' title='bbox 3082 1664 3322 1735; x_wconf 85' lang='grc' dir='ltr'>κιϐωτῷ,</span> <span class='ocrx_word' id='word_1_422' title='bbox 3354 1665 3796 1738; x_wconf 77' lang='grc' dir='ltr'>ποιήσεις,ιφησὶν,</span> 
     </span>
    </p>
   </div>
   <div class='ocr_carea' id='block_1_59' title="bbox 2283 1757 3799 1831">
    <p class='ocr_par' dir='ltr' id='par_1_59' title="bbox 2283 1757 3799 1831">
     <span class='ocr_line' id='line_1_60' title="bbox 2283 1757 3799 1831; baseline 0.002 -19"><span class='ocrx_word' id='word_1_423' title='bbox 2283 1779 2302 1812; x_wconf 90' lang='grc' dir='ltr'><strong>ι</strong></span> <span class='ocrx_word' id='word_1_424' title='bbox 2339 1760 2677 1830; x_wconf 84' lang='grc' dir='ltr'>ἱλαστήριον,</span> <span class='ocrx_word' id='word_1_425' title='bbox 2710 1757 2951 1829; x_wconf 87' lang='grc' dir='ltr'>ἐπίθεμα</span> <span class='ocrx_word' id='word_1_426' title='bbox 2986 1757 3212 1829; x_wconf 81' lang='grc' dir='ltr'>χρυσίου</span> <span class='ocrx_word' id='word_1_427' title='bbox 3247 1757 3495 1827; x_wconf 81' lang='grc' dir='ltr'>καθαροῦ</span> <span class='ocrx_word' id='word_1_428' title='bbox 3521 1757 3607 1812; x_wconf 81' lang='grc' dir='ltr'>δύο</span> <span class='ocrx_word' id='word_1_429' title='bbox 3631 1762 3799 1831; x_wconf 82' lang='grc' dir='ltr'>πήχεων</span> 
     </span>
    </p>
   </div>
   <div class='ocr_carea' id='block_1_60' title="bbox 2278 1847 3798 1922">
    <p class='ocr_par' dir='ltr' id='par_1_60' title="bbox 2278 1847 3798 1922">
     <span class='ocr_line' id='line_1_61' title="bbox 2278 1847 3798 1922; baseline -0.015 -2"><span class='ocrx_word' id='word_1_430' title='bbox 2278 1853 2374 1906; x_wconf 71' lang='grc' dir='ltr'>καὶ</span> <span class='ocrx_word' id='word_1_431' title='bbox 2438 1852 2673 1922; x_wconf 81' lang='grc' dir='ltr'>ἡμίσους</span> <span class='ocrx_word' id='word_1_432' title='bbox 2724 1849 2788 1902; x_wconf 81' lang='grc' dir='ltr'><strong>τὸ</strong></span> <span class='ocrx_word' id='word_1_433' title='bbox 2825 1847 3021 1919; x_wconf 77' lang='grc' dir='ltr'>μῆκος,</span> <span class='ocrx_word' id='word_1_434' title='bbox 3054 1849 3148 1902; x_wconf 74' lang='grc' dir='ltr'>καὶ</span> <span class='ocrx_word' id='word_1_435' title='bbox 3180 1850 3403 1918; x_wconf 87' lang='grc' dir='ltr'>πήχεως</span> <span class='ocrx_word' id='word_1_436' title='bbox 3427 1848 3522 1901; x_wconf 69' lang='grc' dir='ltr'><strong>καὶ</strong></span> <span class='ocrx_word' id='word_1_437' title='bbox 3542 1850 3734 1918; x_wconf 75' lang='grc' dir='ltr'>ἡμίσους</span> <span class='ocrx_word' id='word_1_438' title='bbox 3752 1853 3798 1904; x_wconf 76' lang='grc' dir='ltr'>τδ</span> 
     </span>
    </p>
   </div>
   <div class='ocr_carea' id='block_1_61' title="bbox 2277 1937 3795 2010">
    <p class='ocr_par' dir='ltr' id='par_1_61' title="bbox 2277 1937 3795 2010">
     <span class='ocr_line' id='line_1_62' title="bbox 2277 1937 3795 2010; baseline 0.001 -16"><span class='ocrx_word' id='word_1_439' title='bbox 2277 1940 2500 2002; x_wconf 84' lang='grc' dir='ltr'>πλάτος.</span> <span class='ocrx_word' id='word_1_440' title='bbox 2532 1938 2642 1992; x_wconf 74' lang='grc' dir='ltr'>Καὶ</span> <span class='ocrx_word' id='word_1_441' title='bbox 2670 1940 2918 2009; x_wconf 84' lang='grc' dir='ltr'>ποιήσεις</span> <span class='ocrx_word' id='word_1_442' title='bbox 2945 1937 3040 1992; x_wconf 84' lang='grc' dir='ltr'>δύο</span> <span class='ocrx_word' id='word_1_443' title='bbox 3059 1937 3345 2009; x_wconf 79' lang='grc' dir='ltr'>Χερουϐὶμ</span> <span class='ocrx_word' id='word_1_444' title='bbox 3367 1940 3545 2009; x_wconf 80' lang='grc' dir='ltr'>χρυσᾶ</span> <span class='ocrx_word' id='word_1_445' title='bbox 3570 1944 3795 2010; x_wconf 75' lang='grc' dir='ltr'>τορνευτάο</span> 
     </span>
    </p>
   </div>
   <div class='ocr_carea' id='block_1_62' title="bbox 2276 2030 3795 2103">
    <p class='ocr_par' dir='ltr' id='par_1_62' title="bbox 2276 2030 3795 2103">
     <span class='ocr_line' id='line_1_63' title="bbox 2276 2030 3795 2103; baseline 0.001 -17"><span class='ocrx_word' id='word_1_446' title='bbox 2276 2034 2372 2087; x_wconf 75' lang='grc' dir='ltr'>καὶ</span> <span class='ocrx_word' id='word_1_447' title='bbox 2419 2031 2701 2103; x_wconf 80' lang='grc' dir='ltr'>ἐπιθήσεις</span> <span class='ocrx_word' id='word_1_448' title='bbox 2754 2031 2892 2084; x_wconf 84' lang='grc' dir='ltr'>αὐτὰ</span> <span class='ocrx_word' id='word_1_449' title='bbox 2925 2030 2987 2096; x_wconf 83' lang='grc' dir='ltr'>ἐξ</span> <span class='ocrx_word' id='word_1_450' title='bbox 3009 2032 3337 2103; x_wconf 79' lang='grc' dir='ltr'>ἀμφοτέρων</span> <span class='ocrx_word' id='word_1_451' title='bbox 3375 2032 3487 2085; x_wconf 82' lang='grc' dir='ltr'><strong>τῶν</strong></span> <span class='ocrx_word' id='word_1_452' title='bbox 3528 2032 3701 2085; x_wconf 81' lang='grc' dir='ltr'>κλιτῶν</span> <span class='ocrx_word' id='word_1_453' title='bbox 3726 2035 3795 2087; x_wconf 73' lang='grc' dir='ltr'><strong>τοῦ</strong></span> 
     </span>
    </p>
   </div>
   <div class='ocr_carea' id='block_1_63' title="bbox 2278 2122 3795 2197">
    <p class='ocr_par' dir='ltr' id='par_1_63' title="bbox 2278 2122 3795 2197">
     <span class='ocr_line' id='line_1_64' title="bbox 2278 2122 3795 2197; baseline 0.002 -19"><span class='ocrx_word' id='word_1_454' title='bbox 2278 2125 2613 2197; x_wconf 83' lang='grc' dir='ltr'>ἱλαστηρίου.</span> <span class='ocrx_word' id='word_1_455' title='bbox 2669 2123 3066 2195; x_wconf 87' lang='grc' dir='ltr'>Ποιηθήσονται</span> <span class='ocrx_word' id='word_1_456' title='bbox 3139 2124 3429 2195; x_wconf 77' lang='grc' dir='ltr'>Χερουϐὶμ</span> <span class='ocrx_word' id='word_1_457' title='bbox 3498 2122 3573 2188; x_wconf 75' lang='grc' dir='ltr'><strong>εἷς</strong></span> <span class='ocrx_word' id='word_1_458' title='bbox 3635 2126 3689 2179; x_wconf 84' lang='grc' dir='ltr'><strong>ἐκ</strong></span> <span class='ocrx_word' id='word_1_459' title='bbox 3726 2127 3795 2181; x_wconf 79' lang='grc' dir='ltr'><strong>τοῦ</strong></span> 
     </span>
    </p>
   </div>
   <div class='ocr_carea' id='block_1_64' title="bbox 2275 2209 3795 2285">
    <p class='ocr_par' dir='ltr' id='par_1_64' title="bbox 2275 2209 3795 2285">
     <span class='ocr_line' id='line_1_65' title="bbox 2275 2209 3795 2285; baseline 0.001 -16"><span class='ocrx_word' id='word_1_460' title='bbox 2275 2215 2496 2278; x_wconf 78' lang='grc' dir='ltr'>κλίτους</span> <span class='ocrx_word' id='word_1_461' title='bbox 2554 2214 2781 2279; x_wconf 84' lang='grc' dir='ltr'>τούτου,</span> <span class='ocrx_word' id='word_1_462' title='bbox 2833 2215 2929 2268; x_wconf 80' lang='grc' dir='ltr'>καὶ</span> <span class='ocrx_word' id='word_1_463' title='bbox 3004 2215 3290 2285; x_wconf 72' lang='grc' dir='ltr'>Χερουϐὶμ</span> <span class='ocrx_word' id='word_1_464' title='bbox 3341 2209 3425 2279; x_wconf 80' lang='grc' dir='ltr'>εἷς</span> <span class='ocrx_word' id='word_1_465' title='bbox 3480 2216 3543 2268; x_wconf 85' lang='grc' dir='ltr'><strong>ἐκ</strong></span> <span class='ocrx_word' id='word_1_466' title='bbox 3594 2216 3676 2269; x_wconf 83' lang='grc' dir='ltr'><strong>τοῦ</strong></span> <span class='ocrx_word' id='word_1_467' title='bbox 3712 2219 3795 2271; x_wconf 77' lang='grc' dir='ltr'>κλί-</span> 
     </span>
    </p>
   </div>
   <div class='ocr_carea' id='block_1_65' title="bbox 2274 2304 3795 2378">
    <p class='ocr_par' dir='ltr' id='par_1_65' title="bbox 2274 2304 3795 2378">
     <span class='ocr_line' id='line_1_66' title="bbox 2274 2304 3795 2378; baseline 0.001 -19"><span class='ocrx_word' id='word_1_468' title='bbox 2274 2323 2402 2369; x_wconf 86' lang='grc' dir='ltr'>τους</span> <span class='ocrx_word' id='word_1_469' title='bbox 2445 2304 2540 2359; x_wconf 89' lang='grc' dir='ltr'><strong>τοῦ</strong></span> <span class='ocrx_word' id='word_1_470' title='bbox 2590 2304 2842 2375; x_wconf 79' lang='grc' dir='ltr'>δευτέρου</span> <span class='ocrx_word' id='word_1_471' title='bbox 2895 2304 2989 2358; x_wconf 91' lang='grc' dir='ltr'><strong>τοῦ</strong></span> <span class='ocrx_word' id='word_1_472' title='bbox 3046 2304 3389 2376; x_wconf 81' lang='grc' dir='ltr'>ῖλαστηρίου.</span> <span class='ocrx_word' id='word_1_473' title='bbox 3453 2307 3560 2361; x_wconf 73' lang='grc' dir='ltr'><strong>Καὶ</strong></span> <span class='ocrx_word' id='word_1_474' title='bbox 3603 2310 3795 2378; x_wconf 73' lang='grc' dir='ltr'>ποιήσεις</span> 
     </span>
    </p>
   </div>
   <div class='ocr_carea' id='block_1_66' title="bbox 2272 2395 3791 2468">
    <p class='ocr_par' dir='ltr' id='par_1_66' title="bbox 2272 2395 3791 2468">
     <span class='ocr_line' id='line_1_67' title="bbox 2272 2395 3791 2468; baseline 0.001 -16"><span class='ocrx_word' id='word_1_475' title='bbox 2272 2399 2400 2461; x_wconf 81' lang='grc' dir='ltr'>τοὺς</span> <span class='ocrx_word' id='word_1_476' title='bbox 2438 2397 2532 2451; x_wconf 87' lang='grc' dir='ltr'>δύο</span> <span class='ocrx_word' id='word_1_477' title='bbox 2566 2396 2848 2468; x_wconf 76' lang='grc' dir='ltr'>Χερουϐὶμ</span> <span class='ocrx_word' id='word_1_478' title='bbox 2897 2395 2992 2450; x_wconf 76' lang='grc' dir='ltr'>ἐπὶ</span> <span class='ocrx_word' id='word_1_479' title='bbox 3022 2395 3094 2450; x_wconf 70' lang='grc' dir='ltr'><strong>τὰ</strong></span> <span class='ocrx_word' id='word_1_480' title='bbox 3147 2396 3242 2450; x_wconf 79' lang='grc' dir='ltr'><strong>δύο</strong></span> <span class='ocrx_word' id='word_1_481' title='bbox 3297 2397 3481 2468; x_wconf 85' lang='grc' dir='ltr'>κλίτη.</span> <span class='ocrx_word' id='word_1_482' title='bbox 3515 2400 3731 2453; x_wconf 73' lang='grc' dir='ltr'>Ἔσονται</span> <span class='ocrx_word' id='word_1_483' title='bbox 3756 2403 3791 2453; x_wconf 78' lang='lat' dir='ltr'><strong>ot</strong></span> 
     </span>
    </p>
   </div>
   <div class='ocr_carea' id='block_1_67' title="bbox 2274 2487 3793 2561">
    <p class='ocr_par' dir='ltr' id='par_1_67' title="bbox 2274 2487 3793 2561">
     <span class='ocr_line' id='line_1_68' title="bbox 2274 2487 3793 2561; baseline 0 -18"><span class='ocrx_word' id='word_1_484' title='bbox 2274 2488 2555 2561; x_wconf 83' lang='grc' dir='ltr'>Χερουϐὶμ</span> <span class='ocrx_word' id='word_1_485' title='bbox 2603 2487 2936 2551; x_wconf 77' lang='grc' dir='ltr'>ἐκτείνοντες</span> <span class='ocrx_word' id='word_1_486' title='bbox 2963 2487 3075 2551; x_wconf 70' lang='grc' dir='ltr'>ιτάς</span> <span class='ocrx_word' id='word_1_487' title='bbox 3118 2489 3401 2559; x_wconf 71' lang='grc' dir='ltr'>πτέρυγας</span> <span class='ocrx_word' id='word_1_488' title='bbox 3445 2488 3692 2543; x_wconf 84' lang='grc' dir='ltr'>ἐπάνωθεν</span> <span class='ocrx_word' id='word_1_489' title='bbox 3726 2508 3793 2543; x_wconf 80' lang='grc' dir='ltr'>σν-</span> 
     </span>
    </p>
   </div>
   <div class='ocr_carea' id='block_1_68' title="bbox 2275 2578 3792 2652">
    <p class='ocr_par' dir='ltr' id='par_1_68' title="bbox 2275 2578 3792 2652">
     <span class='ocr_line' id='line_1_69' title="bbox 2275 2578 3792 2652; baseline 0 -17"><span class='ocrx_word' id='word_1_490' title='bbox 2275 2581 2593 2645; x_wconf 79' lang='grc' dir='ltr'>σκιάζοντες</span> <span class='ocrx_word' id='word_1_491' title='bbox 2620 2581 2743 2644; x_wconf 85' lang='grc' dir='ltr'>ταῖς</span> <span class='ocrx_word' id='word_1_492' title='bbox 2762 2578 3022 2649; x_wconf 81' lang='grc' dir='ltr'>πτέρυξιν</span> <span class='ocrx_word' id='word_1_493' title='bbox 3049 2579 3228 2633; x_wconf 83' lang='grc' dir='ltr'>αὐτῶν</span> <span class='ocrx_word' id='word_1_494' title='bbox 3261 2582 3358 2634; x_wconf 76' lang='grc' dir='ltr'>ἐπὶ</span> <span class='ocrx_word' id='word_1_495' title='bbox 3392 2580 3485 2634; x_wconf 83' lang='grc' dir='ltr'><strong>τοῦ</strong></span> <span class='ocrx_word' id='word_1_496' title='bbox 3522 2582 3792 2652; x_wconf 78' lang='grc' dir='ltr'>ἱλαστηρίου,</span> 
     </span>
    </p>
   </div>
   <div class='ocr_carea' id='block_1_69' title="bbox 2270 2668 3792 2745">
    <p class='ocr_par' dir='ltr' id='par_1_69' title="bbox 2270 2668 3792 2745">
     <span class='ocr_line' id='line_1_70' title="bbox 2270 2668 3792 2745; baseline 0 -19"><span class='ocrx_word' id='word_1_497' title='bbox 2270 2671 2369 2727; x_wconf 72' lang='grc' dir='ltr'>καὶ</span> <span class='ocrx_word' id='word_1_498' title='bbox 2396 2670 2465 2725; x_wconf 81' lang='grc' dir='ltr'><strong>τά</strong></span> <span class='ocrx_word' id='word_1_499' title='bbox 2492 2669 2762 2741; x_wconf 85' lang='grc' dir='ltr'>πρόσωπα</span> <span class='ocrx_word' id='word_1_500' title='bbox 2787 2668 2968 2723; x_wconf 80' lang='grc' dir='ltr'>αὐτῶν</span> <span class='ocrx_word' id='word_1_501' title='bbox 2993 2671 3309 2742; x_wconf 81' lang='grc' dir='ltr'>εῖσάλληλα,</span> <span class='ocrx_word' id='word_1_502' title='bbox 3348 2674 3431 2737; x_wconf 85' lang='grc' dir='ltr'><strong>είς</strong></span> <span class='ocrx_word' id='word_1_503' title='bbox 3454 2673 3514 2726; x_wconf 88' lang='grc' dir='ltr'><strong>τὸ</strong></span> <span class='ocrx_word' id='word_1_504' title='bbox 3542 2673 3792 2745; x_wconf 75' lang='grc' dir='ltr'>ἱλαστήριον</span> 
     </span>
    </p>
   </div>
   <div class='ocr_carea' id='block_1_70' title="bbox 2271 2761 3791 2837">
    <p class='ocr_par' dir='ltr' id='par_1_70' title="bbox 2271 2761 3791 2837">
     <span class='ocr_line' id='line_1_71' title="bbox 2271 2761 3791 2837; baseline 0.001 -20"><span class='ocrx_word' id='word_1_505' title='bbox 2271 2763 2487 2818; x_wconf 67' lang='grc' dir='ltr'>ἔσονται</span> <span class='ocrx_word' id='word_1_506' title='bbox 2516 2761 2585 2816; x_wconf 79' lang='grc' dir='ltr'><strong>τά</strong></span> <span class='ocrx_word' id='word_1_507' title='bbox 2613 2761 2883 2833; x_wconf 80' lang='grc' dir='ltr'>πρόσωπα</span> <span class='ocrx_word' id='word_1_508' title='bbox 2927 2762 3036 2816; x_wconf 82' lang='grc' dir='ltr'>τῶν</span> <span class='ocrx_word' id='word_1_509' title='bbox 3068 2763 3376 2835; x_wconf 85' lang='grc' dir='ltr'>Χερουϐίμ.</span> <span class='ocrx_word' id='word_1_510' title='bbox 3415 2764 3525 2819; x_wconf 79' lang='grc' dir='ltr'><strong>Καὶ</strong></span> <span class='ocrx_word' id='word_1_511' title='bbox 3572 2766 3791 2837; x_wconf 72' lang='grc' dir='ltr'>ἐπιθήσεις</span> 
     </span>
    </p>
   </div>
   <div class='ocr_carea' id='block_1_71' title="bbox 2268 2853 3791 2929">
    <p class='ocr_par' dir='ltr' id='par_1_71' title="bbox 2268 2853 3791 2929">
     <span class='ocr_line' id='line_1_72' title="bbox 2268 2853 3791 2929; baseline 0.001 -21"><span class='ocrx_word' id='word_1_512' title='bbox 2268 2854 2331 2908; x_wconf 87' lang='grc' dir='ltr'><strong>τὸ</strong></span> <span class='ocrx_word' id='word_1_513' title='bbox 2361 2854 2671 2927; x_wconf 81' lang='grc' dir='ltr'>ἱλαστήριον</span> <span class='ocrx_word' id='word_1_514' title='bbox 2698 2854 2792 2908; x_wconf 74' lang='grc' dir='ltr'>ἐπὶ</span> <span class='ocrx_word' id='word_1_515' title='bbox 2822 2853 2920 2925; x_wconf 84' lang='grc' dir='ltr'>τὴν</span> <span class='ocrx_word' id='word_1_516' title='bbox 2949 2855 3194 2926; x_wconf 79' lang='grc' dir='ltr'>κεφαλήν</span> <span class='ocrx_word' id='word_1_517' title='bbox 3220 2856 3453 2921; x_wconf 80' lang='grc' dir='ltr'>ἄνωθεν,</span> <span class='ocrx_word' id='word_1_518' title='bbox 3493 2858 3582 2910; x_wconf 75' lang='grc' dir='ltr'>καὶ</span> <span class='ocrx_word' id='word_1_519' title='bbox 3613 2858 3683 2921; x_wconf 86' lang='grc' dir='ltr'><strong>είς</strong></span> <span class='ocrx_word' id='word_1_520' title='bbox 3720 2860 3791 2929; x_wconf 78' lang='grc' dir='ltr'><strong>τήν</strong></span> 
     </span>
    </p>
   </div>
   <div class='ocr_carea' id='block_1_72' title="bbox 2270 2944 3790 3018">
    <p class='ocr_par' dir='ltr' id='par_1_72' title="bbox 2270 2944 3790 3018">
     <span class='ocr_line' id='line_1_73' title="bbox 2270 2944 3790 3018; baseline 0.002 -19"><span class='ocrx_word' id='word_1_521' title='bbox 2270 2945 2502 3000; x_wconf 90' lang='grc' dir='ltr'>κιϐωτὸν</span> <span class='ocrx_word' id='word_1_522' title='bbox 2534 2944 2792 3016; x_wconf 88' lang='grc' dir='ltr'>ἐμϐαλεῖς</span> <span class='ocrx_word' id='word_1_523' title='bbox 2829 2945 2900 2998; x_wconf 83' lang='grc' dir='ltr'><strong>τά</strong></span> <span class='ocrx_word' id='word_1_524' title='bbox 2951 2946 3228 3018; x_wconf 82' lang='grc' dir='ltr'>μαρτύρια</span> <span class='ocrx_word' id='word_1_525' title='bbox 3268 2947 3306 3001; x_wconf 78' lang='grc' dir='ltr'>ἃ</span> <span class='ocrx_word' id='word_1_526' title='bbox 3358 2947 3428 3002; x_wconf 81' lang='grc' dir='ltr'>ἂν</span> <span class='ocrx_word' id='word_1_527' title='bbox 3475 2947 3547 3002; x_wconf 82' lang='grc' dir='ltr'><strong>δῶ</strong></span> <span class='ocrx_word' id='word_1_528' title='bbox 3581 2965 3667 3001; x_wconf 87' lang='grc' dir='ltr'>σοι.</span> <span class='ocrx_word' id='word_1_529' title='bbox 3712 2950 3790 3001; x_wconf 77' lang='grc' dir='ltr'><strong>Καὶ</strong></span> 
     </span>
    </p>
   </div>
   <div class='ocr_carea' id='block_1_73' title="bbox 2270 3034 3788 3107">
    <p class='ocr_par' dir='ltr' id='par_1_73' title="bbox 2270 3034 3788 3107">
     <span class='ocr_line' id='line_1_74' title="bbox 2270 3034 3788 3107; baseline -0.001 -18"><span class='ocrx_word' id='word_1_530' title='bbox 2270 3034 2662 3105; x_wconf 83' lang='grc' dir='ltr'>γνωσθήσομαί</span> <span class='ocrx_word' id='word_1_531' title='bbox 2715 3051 2798 3089; x_wconf 89' lang='grc' dir='ltr'><strong>σοι</strong></span> <span class='ocrx_word' id='word_1_532' title='bbox 2847 3034 3081 3098; x_wconf 79' lang='grc' dir='ltr'>ἐκεῖθεν,</span> <span class='ocrx_word' id='word_1_533' title='bbox 3121 3035 3217 3089; x_wconf 77' lang='grc' dir='ltr'>καὶ</span> <span class='ocrx_word' id='word_1_534' title='bbox 3266 3035 3490 3107; x_wconf 82' lang='grc' dir='ltr'>λαλήσω</span> <span class='ocrx_word' id='word_1_535' title='bbox 3522 3053 3597 3090; x_wconf 87' lang='grc' dir='ltr'><strong>σοι</strong></span> <span class='ocrx_word' id='word_1_536' title='bbox 3628 3035 3788 3090; x_wconf 76' lang='grc' dir='ltr'>ἄνωθεν</span> 
     </span>
    </p>
   </div>
   <div class='ocr_carea' id='block_1_74' title="bbox 2198 3124 3790 3208">
    <p class='ocr_par' dir='ltr' id='par_1_74' title="bbox 2198 3124 3790 3208">
     <span class='ocr_line' id='line_1_75' title="bbox 2198 3124 3790 3208; baseline 0.001 -28"><span class='ocrx_word' id='word_1_537' title='bbox 2198 3148 2243 3208; x_wconf 68' lang='grc' dir='ltr'>ο</span> <span class='ocrx_word' id='word_1_538' title='bbox 2275 3124 2371 3181; x_wconf 92' lang='grc' dir='ltr'><strong>τοῦ</strong></span> <span class='ocrx_word' id='word_1_539' title='bbox 2424 3126 2739 3197; x_wconf 82' lang='grc' dir='ltr'>ἱλαστηρίου</span> <span class='ocrx_word' id='word_1_540' title='bbox 2773 3126 2881 3181; x_wconf 78' lang='grc' dir='ltr'><strong>ἀνὰ</strong></span> <span class='ocrx_word' id='word_1_541' title='bbox 2935 3126 3099 3196; x_wconf 70' lang='grc' dir='ltr'>μέσον</span> <span class='ocrx_word' id='word_1_542' title='bbox 3137 3126 3247 3181; x_wconf 85' lang='grc' dir='ltr'><strong>τῶν</strong></span> <span class='ocrx_word' id='word_1_543' title='bbox 3289 3128 3392 3181; x_wconf 82' lang='grc' dir='ltr'>δύο</span> <span class='ocrx_word' id='word_1_544' title='bbox 3440 3127 3790 3200; x_wconf 73' lang='grc' dir='ltr'>Χερουϐὶμτῶν</span> 
     </span>
    </p>
   </div>
   <div class='ocr_carea' id='block_1_75' title="bbox 2271 3215 3791 3289">
    <p class='ocr_par' dir='ltr' id='par_1_75' title="bbox 2271 3215 3791 3289">
     <span class='ocr_line' id='line_1_76' title="bbox 2271 3215 3791 3289; baseline 0.002 -19"><span class='ocrx_word' id='word_1_545' title='bbox 2271 3216 2441 3271; x_wconf 76' lang='grc' dir='ltr'>ὄντων</span> <span class='ocrx_word' id='word_1_546' title='bbox 2468 3216 2562 3271; x_wconf 74' lang='grc' dir='ltr'>ἐπὶ</span> <span class='ocrx_word' id='word_1_547' title='bbox 2597 3216 2698 3288; x_wconf 85' lang='grc' dir='ltr'>τῆς</span> <span class='ocrx_word' id='word_1_548' title='bbox 2746 3215 2985 3271; x_wconf 87' lang='grc' dir='ltr'>κιϐωτοῦ</span> <span class='ocrx_word' id='word_1_549' title='bbox 3019 3216 3115 3271; x_wconf 84' lang='grc' dir='ltr'><strong>τοῦ</strong></span> <span class='ocrx_word' id='word_1_550' title='bbox 3145 3218 3474 3289; x_wconf 86' lang='grc' dir='ltr'>μαρτυρίου.</span> <span class='ocrx_word' id='word_1_551' title='bbox 3502 3218 3631 3274; x_wconf 77' lang='grc' dir='ltr'>κατὰ</span> <span class='ocrx_word' id='word_1_552' title='bbox 3657 3218 3791 3273; x_wconf 68' lang='grc' dir='ltr'>πάντα</span> 
     </span>
    </p>
   </div>
   <div class='ocr_carea' id='block_1_76' title="bbox 2266 3306 3730 3382">
    <p class='ocr_par' dir='ltr' id='par_1_76' title="bbox 2266 3306 3730 3382">
     <span class='ocr_line' id='line_1_77' title="bbox 2266 3306 3730 3382; baseline 0 -21"><span class='ocrx_word' id='word_1_553' title='bbox 2266 3307 2369 3362; x_wconf 80' lang='grc' dir='ltr'>ὅσα</span> <span class='ocrx_word' id='word_1_554' title='bbox 2395 3306 2463 3361; x_wconf 80' lang='grc' dir='ltr'>ἂν</span> <span class='ocrx_word' id='word_1_555' title='bbox 2500 3306 2823 3379; x_wconf 68' lang='grc' dir='ltr'>ἐντείλωμαί</span> <span class='ocrx_word' id='word_1_556' title='bbox 2864 3325 2948 3362; x_wconf 91' lang='grc' dir='ltr'><strong>σοι</strong></span> <span class='ocrx_word' id='word_1_557' title='bbox 2974 3308 3113 3382; x_wconf 85' lang='grc' dir='ltr'>πρὸς</span> <span class='ocrx_word' id='word_1_558' title='bbox 3131 3309 3260 3373; x_wconf 80' lang='grc' dir='ltr'>τοὺς</span> <span class='ocrx_word' id='word_1_559' title='bbox 3291 3310 3448 3375; x_wconf 77' lang='grc' dir='ltr'>υἱοὺς</span> <span class='ocrx_word' id='word_1_560' title='bbox 3476 3308 3685 3381; x_wconf 82' lang='grc' dir='ltr'>Ἰσραήλ.</span> <span class='ocrx_word' id='word_1_561' title='bbox 3714 3328 3730 3361; x_wconf 77' lang='grc' dir='ltr'><strong>ι</strong></span> 
     </span>
    </p>
   </div>
   <div class='ocr_carea' id='block_1_77' title="bbox 2336 3391 3565 3470">
    <p class='ocr_par' dir='ltr' id='par_1_77' title="bbox 2336 3391 3565 3470">
     <span class='ocr_line' id='line_1_78' title="bbox 2336 3391 3565 3470; baseline 0.003 -20"><span class='ocrx_word' id='word_1_562' title='bbox 2336 3397 2546 3451; x_wconf 79' lang='grc' dir='ltr'><strong>ΠΛΛΛ.</strong></span> <span class='ocrx_word' id='word_1_563' title='bbox 2581 3391 2715 3450; x_wconf 79' lang='grc' dir='ltr'>Εἶτα</span> <span class='ocrx_word' id='word_1_564' title='bbox 2747 3396 2801 3451; x_wconf 82' lang='grc' dir='ltr'><strong>τι</strong></span> <span class='ocrx_word' id='word_1_565' title='bbox 2834 3396 2895 3451; x_wconf 84' lang='grc' dir='ltr'><strong>τὸ</strong></span> <span class='ocrx_word' id='word_1_566' title='bbox 2919 3397 3230 3470; x_wconf 73' lang='grc' dir='ltr'>ἱλαστήριον</span> <span class='ocrx_word' id='word_1_567' title='bbox 3258 3394 3404 3453; x_wconf 81' lang='grc' dir='ltr'>εῖναι</span> <span class='ocrx_word' id='word_1_568' title='bbox 3434 3400 3565 3470; x_wconf 80' lang='grc' dir='ltr'>φής;</span> 
     </span>
    </p>
   </div>
   <div class='ocr_carea' id='block_1_78' title="bbox 2336 3484 3784 3562">
    <p class='ocr_par' dir='ltr' id='par_1_78' title="bbox 2336 3484 3784 3562">
     <span class='ocr_line' id='line_1_79' title="bbox 2336 3484 3784 3562; baseline -0.001 -20"><span class='ocrx_word' id='word_1_569' title='bbox 2336 3488 2503 3543; x_wconf 80' lang='grc' dir='ltr'><strong>ΚΥΡ.</strong></span> <span class='ocrx_word' id='word_1_570' title='bbox 2539 3488 2701 3542; x_wconf 88' lang='grc' dir='ltr'>Ὅσον</span> <span class='ocrx_word' id='word_1_571' title='bbox 2738 3488 2836 3559; x_wconf 82' lang='grc' dir='ltr'>μὲν</span> <span class='ocrx_word' id='word_1_572' title='bbox 2883 3484 3019 3561; x_wconf 84' lang='grc' dir='ltr'>ἦκεν</span> <span class='ocrx_word' id='word_1_573' title='bbox 3051 3489 3132 3554; x_wconf 73' lang='grc' dir='ltr'>εἷς</span> <span class='ocrx_word' id='word_1_574' title='bbox 3156 3507 3215 3544; x_wconf 88' lang='grc' dir='ltr'><strong>τε</strong></span> <span class='ocrx_word' id='word_1_575' title='bbox 3253 3492 3492 3562; x_wconf 85' lang='grc' dir='ltr'>γράμμα</span> <span class='ocrx_word' id='word_1_576' title='bbox 3539 3492 3622 3545; x_wconf 80' lang='grc' dir='ltr'>καὶ</span> <span class='ocrx_word' id='word_1_577' title='bbox 3652 3490 3784 3551; x_wconf 79' lang='grc' dir='ltr'>σκιὰν,</span> 
     </span>
    </p>
   </div>
   <div class='ocr_carea' id='block_1_79' title="bbox 2264 3578 3786 3653">
    <p class='ocr_par' dir='ltr' id='par_1_79' title="bbox 2264 3578 3786 3653">
     <span class='ocr_line' id='line_1_80' title="bbox 2264 3578 3786 3653; baseline 0.001 -21"><span class='ocrx_word' id='word_1_578' title='bbox 2264 3578 2331 3632; x_wconf 81' lang='grc' dir='ltr'><strong>ἐκ</strong></span> <span class='ocrx_word' id='word_1_579' title='bbox 2374 3578 2578 3649; x_wconf 87' lang='grc' dir='ltr'>χρυσοῦ</span> <span class='ocrx_word' id='word_1_580' title='bbox 2625 3580 2921 3650; x_wconf 79' lang='grc' dir='ltr'>ἐπεποίητο</span> <span class='ocrx_word' id='word_1_581' title='bbox 2963 3579 3243 3652; x_wconf 86' lang='grc' dir='ltr'>καθαροῦ,</span> <span class='ocrx_word' id='word_1_582' title='bbox 3276 3583 3377 3636; x_wconf 76' lang='grc' dir='ltr'>καὶ</span> <span class='ocrx_word' id='word_1_583' title='bbox 3418 3581 3668 3653; x_wconf 82' lang='grc' dir='ltr'>ἐπήρτητό</span> <span class='ocrx_word' id='word_1_584' title='bbox 3704 3598 3786 3642; x_wconf 81' lang='grc' dir='ltr'><strong>πως</strong></span> 
     </span>
    </p>
   </div>
   <div class='ocr_carea' id='block_1_80' title="bbox 2264 3670 3784 3745">
    <p class='ocr_par' dir='ltr' id='par_1_80' title="bbox 2264 3670 3784 3745">
     <span class='ocr_line' id='line_1_81' title="bbox 2264 3670 3784 3745; baseline 0.001 -22"><span class='ocrx_word' id='word_1_585' title='bbox 2264 3670 2591 3741; x_wconf 72' lang='grc' dir='ltr'>ἐπικειμένη</span> <span class='ocrx_word' id='word_1_586' title='bbox 2632 3673 2699 3742; x_wconf 83' lang='grc' dir='ltr'>τῇ</span> <span class='ocrx_word' id='word_1_587' title='bbox 2755 3671 2973 3742; x_wconf 85' lang='grc' dir='ltr'>κιϐωτῷ</span> <span class='ocrx_word' id='word_1_588' title='bbox 2999 3689 3013 3706; x_wconf 79' lang='grc' dir='ltr'><strong>ο</strong></span> <span class='ocrx_word' id='word_1_589' title='bbox 3064 3672 3282 3743; x_wconf 84' lang='grc' dir='ltr'>εἴρηται</span> <span class='ocrx_word' id='word_1_590' title='bbox 3320 3673 3434 3745; x_wconf 75' lang='grc' dir='ltr'>γὰρ</span> <span class='ocrx_word' id='word_1_591' title='bbox 3484 3673 3690 3743; x_wconf 78' lang='grc' dir='ltr'>ἐπίθεμα</span> <span class='ocrx_word' id='word_1_592' title='bbox 3722 3672 3784 3725; x_wconf 65' lang='grc' dir='ltr'>διὰ</span> 
     </span>
    </p>
   </div>
   <div class='ocr_carea' id='block_1_81' title="bbox 2261 3759 3784 3834">
    <p class='ocr_par' dir='ltr' id='par_1_81' title="bbox 2261 3759 3784 3834">
     <span class='ocr_line' id='line_1_82' title="bbox 2261 3759 3784 3834; baseline -0.001 -20"><span class='ocrx_word' id='word_1_593' title='bbox 2261 3759 2438 3815; x_wconf 84' lang='grc' dir='ltr'>τοῦτο.</span> <span class='ocrx_word' id='word_1_594' title='bbox 2473 3762 2856 3832; x_wconf 53' lang='grc' dir='ltr'>Τετραμμὼοι</span> <span class='ocrx_word' id='word_1_595' title='bbox 2896 3764 2955 3816; x_wconf 83' lang='grc' dir='ltr'>δὲ</span> <span class='ocrx_word' id='word_1_596' title='bbox 2992 3764 3074 3825; x_wconf 84' lang='grc' dir='ltr'><strong>εἰς</strong></span> <span class='ocrx_word' id='word_1_597' title='bbox 3109 3763 3242 3817; x_wconf 76' lang='grc' dir='ltr'>αὐτὸ</span> <span class='ocrx_word' id='word_1_598' title='bbox 3291 3766 3392 3818; x_wconf 77' lang='grc' dir='ltr'>καὶ</span> <span class='ocrx_word' id='word_1_599' title='bbox 3431 3764 3711 3834; x_wconf 82' lang='grc' dir='ltr'>βλέποντες,</span> <span class='ocrx_word' id='word_1_600' title='bbox 3748 3763 3784 3813; x_wconf 82' lang='grc' dir='ltr'><strong>οἱ</strong></span> 
     </span>
    </p>
   </div>
   <div class='ocr_carea' id='block_1_82' title="bbox 2261 3851 3782 3926">
    <p class='ocr_par' dir='ltr' id='par_1_82' title="bbox 2261 3851 3782 3926">
     <span class='ocr_line' id='line_1_83' title="bbox 2261 3851 3782 3926; baseline 0 -21"><span class='ocrx_word' id='word_1_601' title='bbox 2261 3853 2376 3914; x_wconf 82' lang='grc' dir='ltr'>τοῖς</span> <span class='ocrx_word' id='word_1_602' title='bbox 2417 3852 2515 3921; x_wconf 88' lang='grc' dir='ltr'>τῆς</span> <span class='ocrx_word' id='word_1_603' title='bbox 2540 3852 2843 3924; x_wconf 81' lang='grc' dir='ltr'>ἱερωσύνης</span> <span class='ocrx_word' id='word_1_604' title='bbox 2878 3854 3165 3925; x_wconf 81' lang='grc' dir='ltr'>αὐχήμασι</span> <span class='ocrx_word' id='word_1_605' title='bbox 3193 3854 3660 3926; x_wconf 78' lang='grc' dir='ltr'>κατηγλαῖσμένοι,</span> <span class='ocrx_word' id='word_1_606' title='bbox 3686 3851 3782 3922; x_wconf 64' lang='grc' dir='ltr'>πρὶς</span> 
     </span>
    </p>
   </div>
   <div class='ocr_carea' id='block_1_83' title="bbox 2261 3939 3782 4018">
    <p class='ocr_par' dir='ltr' id='par_1_83' title="bbox 2261 3939 3782 4018">
     <span class='ocr_line' id='line_1_84' title="bbox 2261 3939 3782 4018; baseline -0.002 -22"><span class='ocrx_word' id='word_1_607' title='bbox 2261 3942 2396 3997; x_wconf 82' lang='grc' dir='ltr'>Θεὸν</span> <span class='ocrx_word' id='word_1_608' title='bbox 2424 3944 2645 3998; x_wconf 82' lang='grc' dir='ltr'>ἐδόκουν</span> <span class='ocrx_word' id='word_1_609' title='bbox 2666 3947 2973 4017; x_wconf 85' lang='grc' dir='ltr'>τετράφθαι</span> <span class='ocrx_word' id='word_1_610' title='bbox 3007 3949 3103 4002; x_wconf 77' lang='grc' dir='ltr'>καὶ</span> <span class='ocrx_word' id='word_1_611' title='bbox 3132 3947 3376 4018; x_wconf 76' lang='grc' dir='ltr'>βλέπειν.</span> <span class='ocrx_word' id='word_1_612' title='bbox 3409 3948 3583 4017; x_wconf 76' lang='grc' dir='ltr'>Φαμὲν</span> <span class='ocrx_word' id='word_1_613' title='bbox 3612 3946 3660 3998; x_wconf 79' lang='grc' dir='ltr'>δὲ</span> <span class='ocrx_word' id='word_1_614' title='bbox 3680 3939 3782 3997; x_wconf 61' lang='lat' dir='ltr'><strong>sint</strong></span> 
     </span>
    </p>
   </div>
   <div class='ocr_carea' id='block_1_84' title="bbox 2259 4034 3781 4111">
    <p class='ocr_par' dir='ltr' id='par_1_84' title="bbox 2259 4034 3781 4111">
     <span class='ocr_line' id='line_1_85' title="bbox 2259 4034 3781 4111; baseline 0.005 -24"><span class='ocrx_word' id='word_1_615' title='bbox 2259 4034 2322 4088; x_wconf 87' lang='grc' dir='ltr'><strong>τὸ</strong></span> <span class='ocrx_word' id='word_1_616' title='bbox 2369 4035 2702 4107; x_wconf 83' lang='grc' dir='ltr'>ἱλαστήριον,</span> <span class='ocrx_word' id='word_1_617' title='bbox 2734 4038 2785 4091; x_wconf 83' lang='grc' dir='ltr'><strong>εί</strong></span> <span class='ocrx_word' id='word_1_618' title='bbox 2821 4040 2995 4092; x_wconf 81' lang='grc' dir='ltr'>νοοῖτο</span> <span class='ocrx_word' id='word_1_619' title='bbox 3040 4040 3450 4111; x_wconf 82' lang='grc' dir='ltr'>πνευματικῶς,</span> <span class='ocrx_word' id='word_1_620' title='bbox 3479 4039 3563 4094; x_wconf 86' lang='grc' dir='ltr'><strong>τὸν</strong></span> <span class='ocrx_word' id='word_1_621' title='bbox 3586 4040 3641 4093; x_wconf 79' lang='grc' dir='ltr'>δι’</span> <span class='ocrx_word' id='word_1_622' title='bbox 3672 4039 3781 4108; x_wconf 71' lang='grc' dir='ltr'><strong>ἡμᾶς</strong></span> 
     </span>
    </p>
   </div>
   <div class='ocr_carea' id='block_1_85' title="bbox 2261 4126 3780 4202">
    <p class='ocr_par' dir='ltr' id='par_1_85' title="bbox 2261 4126 3780 4202">
     <span class='ocr_line' id='line_1_86' title="bbox 2261 4126 3780 4202; baseline 0.001 -23"><span class='ocrx_word' id='word_1_623' title='bbox 2261 4126 2551 4196; x_wconf 83' lang='grc' dir='ltr'>γενόμενον</span> <span class='ocrx_word' id='word_1_624' title='bbox 2574 4126 2669 4180; x_wconf 76' lang='grc' dir='ltr'>ἄνθ</span> <span class='ocrx_word' id='word_1_625' title='bbox 2679 4144 2880 4198; x_wconf 89' lang='grc' dir='ltr'>ρωπον,</span> <span class='ocrx_word' id='word_1_626' title='bbox 2904 4147 2922 4180; x_wconf 86' lang='grc' dir='ltr'><strong>ι</strong></span> <span class='ocrx_word' id='word_1_627' title='bbox 2943 4129 3002 4183; x_wconf 80' lang='grc' dir='ltr'>ὃν</span> <span class='ocrx_word' id='word_1_628' title='bbox 3017 4131 3280 4202; x_wconf 77' lang='grc' dir='ltr'>προέθετο</span> <span class='ocrx_word' id='word_1_629' title='bbox 3306 4133 3339 4184; x_wconf 83' lang='grc' dir='ltr'><strong>ὁ</strong></span> <span class='ocrx_word' id='word_1_630' title='bbox 3364 4132 3494 4195; x_wconf 84' lang='grc' dir='ltr'>Θεὸς</span> <span class='ocrx_word' id='word_1_631' title='bbox 3532 4132 3780 4199; x_wconf 72' lang='grc' dir='ltr'>ίλαστήριον</span> 
     </span>
    </p>
   </div>
   <div class='ocr_carea' id='block_1_86' title="bbox 2258 4218 3777 4294">
    <p class='ocr_par' dir='ltr' id='par_1_86' title="bbox 2258 4218 3777 4294">
     <span class='ocr_line' id='line_1_87' title="bbox 2258 4218 3777 4294; baseline 0 -22"><span class='ocrx_word' id='word_1_632' title='bbox 2258 4219 2346 4272; x_wconf 74' lang='grc' dir='ltr'><strong>διὰ</strong></span> <span class='ocrx_word' id='word_1_633' title='bbox 2377 4218 2611 4283; x_wconf 82' lang='grc' dir='ltr'>πίστεως</span> <span class='ocrx_word' id='word_1_634' title='bbox 2643 4221 2703 4275; x_wconf 85' lang='grc' dir='ltr'><strong>ἐν</strong></span> <span class='ocrx_word' id='word_1_635' title='bbox 2737 4220 2815 4292; x_wconf 83' lang='grc' dir='ltr'>τῷ</span> <span class='ocrx_word' id='word_1_636' title='bbox 2835 4222 3001 4276; x_wconf 82' lang='grc' dir='ltr'>αὐτοῦ</span> <span class='ocrx_word' id='word_1_637' title='bbox 3031 4224 3245 4294; x_wconf 83' lang='grc' dir='ltr'>αἵματι,</span> <span class='ocrx_word' id='word_1_638' title='bbox 3276 4226 3359 4288; x_wconf 74' lang='grc' dir='ltr'>εἰς</span> <span class='ocrx_word' id='word_1_639' title='bbox 3381 4223 3592 4288; x_wconf 78' lang='grc' dir='ltr'>ἔνδειξιν</span> <span class='ocrx_word' id='word_1_640' title='bbox 3610 4222 3693 4289; x_wconf 81' lang='grc' dir='ltr'>τῆς</span> <span class='ocrx_word' id='word_1_641' title='bbox 3719 4219 3777 4272; x_wconf 81' lang='grc' dir='ltr'>δι·</span> 
     </span>
    </p>
   </div>
   <div class='ocr_carea' id='block_1_87' title="bbox 2260 4313 3779 4392">
    <p class='ocr_par' dir='ltr' id='par_1_87' title="bbox 2260 4313 3779 4392">
     <span class='ocr_line' id='line_1_88' title="bbox 2260 4313 3779 4392; baseline 0.001 -24"><span class='ocrx_word' id='word_1_642' title='bbox 2260 4313 2555 4385; x_wconf 81' lang='grc' dir='ltr'>καιοσύνης</span> <span class='ocrx_word' id='word_1_643' title='bbox 2577 4315 2765 4371; x_wconf 79' lang='grc' dir='ltr'>αὐτοῦ.</span> <span class='ocrx_word' id='word_1_644' title='bbox 2788 4335 2807 4369; x_wconf 73' lang='grc' dir='ltr'><strong>ι</strong></span> <span class='ocrx_word' id='word_1_645' title='bbox 2844 4318 3053 4383; x_wconf 87' lang='grc' dir='ltr'>Παῦλος</span> <span class='ocrx_word' id='word_1_646' title='bbox 3074 4320 3185 4391; x_wconf 78' lang='grc' dir='ltr'><strong>γὰρ</strong></span> <span class='ocrx_word' id='word_1_647' title='bbox 3202 4314 3307 4375; x_wconf 81' lang='grc' dir='ltr'>ὧδέ</span> <span class='ocrx_word' id='word_1_648' title='bbox 3335 4338 3517 4392; x_wconf 82' lang='grc' dir='ltr'>φησιν.</span> <span class='ocrx_word' id='word_1_649' title='bbox 3560 4316 3779 4373; x_wconf 78' lang='grc' dir='ltr'>Ἐπιστέλ·</span> 
     </span>
    </p>
   </div>
   <div class='ocr_carea' id='block_1_88' title="bbox 2258 4404 3774 4482">
    <p class='ocr_par' dir='ltr' id='par_1_88' title="bbox 2258 4404 3774 4482">
     <span class='ocr_line' id='line_1_89' title="bbox 2258 4404 3774 4482; baseline 0.004 -25"><span class='ocrx_word' id='word_1_650' title='bbox 2258 4404 2340 4458; x_wconf 91' lang='grc' dir='ltr'><strong>λει</strong></span> <span class='ocrx_word' id='word_1_651' title='bbox 2399 4405 2456 4460; x_wconf 79' lang='grc' dir='ltr'><strong>δέ</strong></span> <span class='ocrx_word' id='word_1_652' title='bbox 2515 4407 2650 4477; x_wconf 81' lang='grc' dir='ltr'>ἡμῖν</span> <span class='ocrx_word' id='word_1_653' title='bbox 2705 4408 2803 4463; x_wconf 72' lang='grc' dir='ltr'>καὶ</span> <span class='ocrx_word' id='word_1_654' title='bbox 2836 4409 3087 4482; x_wconf 83' lang='grc' dir='ltr'>Ἰωάννης</span> <span class='ocrx_word' id='word_1_655' title='bbox 3128 4413 3158 4465; x_wconf 82' lang='grc' dir='ltr'><strong>ὁ</strong></span> <span class='ocrx_word' id='word_1_656' title='bbox 3207 4411 3519 4481; x_wconf 82' lang='grc' dir='ltr'>σοφώτατος</span> <span class='ocrx_word' id='word_1_657' title='bbox 3560 4408 3774 4481; x_wconf 61' lang='grc' dir='ltr'>μαθητής</span> 
     </span>
    </p>
   </div>
   <div class='ocr_carea' id='block_1_89' title="bbox 576 4467 2169 4575">
    <p class='ocr_par' dir='ltr' id='par_1_89' title="bbox 576 4467 2152 4558">
     <span class='ocr_line' id='line_1_90' title="bbox 576 4467 2152 4558; baseline 0.018 -39"><span class='ocrx_word' id='word_1_658' title='bbox 576 4467 644 4520; x_wconf 89' lang='lat' dir='ltr'><strong>ad</strong></span> <span class='ocrx_word' id='word_1_659' title='bbox 703 4484 804 4523; x_wconf 90' lang='lat' dir='ltr'><strong>nos</strong></span> <span class='ocrx_word' id='word_1_660' title='bbox 858 4470 1098 4527; x_wconf 83' lang='lat' dir='ltr'><strong>Joannes</strong></span> <span class='ocrx_word' id='word_1_661' title='bbox 1152 4474 1243 4529; x_wconf 91' lang='lat' dir='ltr'><strong>ille</strong></span> <span class='ocrx_word' id='word_1_662' title='bbox 1303 4478 1743 4548; x_wconf 84' lang='lat' dir='ltr'><strong>sapientissimus</strong></span> <span class='ocrx_word' id='word_1_663' title='bbox 1795 4484 2152 4558; x_wconf 86' lang='lat' dir='ltr'><strong>discipulus:</strong></span> 
     </span>
    </p>
   </div>
   <div class='ocr_carea' id='block_1_90' title="bbox 2270 4467 3777 4575">
    <p class='ocr_par' dir='ltr' id='par_1_90' title="bbox 2270 4467 3777 4575">
     <span class='ocr_line' id='line_1_91' title="bbox 2270 4467 3777 4575; baseline 0.003 -28"><span class='ocrx_word' id='word_1_664' title='bbox 2270 4514 2284 4547; x_wconf 85' lang='lat' dir='ltr'><strong>I</strong></span> <span class='ocrx_word' id='word_1_665' title='bbox 2312 4467 2741 4560; x_wconf 60' lang='grc' dir='ltr'>Τεκνία,“ταῦτα</span> <span class='ocrx_word' id='word_1_666' title='bbox 2779 4501 2978 4573; x_wconf 82' lang='grc' dir='ltr'>γράφω</span> <span class='ocrx_word' id='word_1_667' title='bbox 3009 4467 3159 4573; x_wconf 51' lang='grc' dir='ltr'>ὑμῖν,</span> <span class='ocrx_word' id='word_1_668' title='bbox 3187 4467 3384 4575; x_wconf 36' lang='grc' dir='ltr'>ἴναιμὴ</span> <span class='ocrx_word' id='word_1_669' title='bbox 3413 4467 3688 4574; x_wconf 65' lang='grc' dir='ltr'>ἁμάρτητε,</span> <span class='ocrx_word' id='word_1_670' title='bbox 3708 4467 3777 4553; x_wconf 64' lang='grc' dir='ltr'>καὶ</span> 
     </span>
    </p>
   </div>
   <div class='ocr_carea' id='block_1_91' title="bbox 585 4556 2149 4647">
    <p class='ocr_par' dir='ltr' id='par_1_91' title="bbox 585 4556 2149 4647">
     <span class='ocr_line' id='line_1_92' title="bbox 585 4556 2149 4647; baseline 0.02 -41"><span class='ocrx_word' id='word_1_671' title='bbox 585 4577 609 4647; x_wconf 13' lang='grc' dir='ltr'>ιγ</span> <span class='ocrx_word' id='word_1_672' title='bbox 648 4556 861 4647; x_wconf 56' lang='grc' dir='ltr'>ξίιίοὶί,</span> <span class='ocrx_word' id='word_1_673' title='bbox 913 4560 1030 4615; x_wconf 57' lang='lat' dir='ltr'><strong>haec</strong></span> <span class='ocrx_word' id='word_1_674' title='bbox 1094 4564 1276 4620; x_wconf 88' lang='lat' dir='ltr'><strong>scribo</strong></span> <span class='ocrx_word' id='word_1_675' title='bbox 1324 4569 1512 4634; x_wconf 87' lang='lat' dir='ltr'><strong>vobis,</strong></span> <span class='ocrx_word' id='word_1_676' title='bbox 1567 4581 1628 4626; x_wconf 91' lang='lat' dir='ltr'><strong>ut</strong></span> <span class='ocrx_word' id='word_1_677' title='bbox 1694 4591 1804 4630; x_wconf 92' lang='lat' dir='ltr'><strong>non</strong></span> <span class='ocrx_word' id='word_1_678' title='bbox 1862 4556 2149 4647; x_wconf 81' lang='lat' dir='ltr'><strong>peccetis:</strong></span> 
     </span>
    </p>
   </div>
   <div class='ocr_carea' id='block_1_92' title="bbox 575 4645 2151 4733">
    <p class='ocr_par' dir='ltr' id='par_1_92' title="bbox 575 4645 2151 4733">
     <span class='ocr_line' id='line_1_93' title="bbox 575 4645 2151 4733; baseline 0.021 -35"><span class='ocrx_word' id='word_1_679' title='bbox 575 4645 738 4715; x_wconf 77' lang='lat'><strong>295</strong></span> <span class='ocrx_word' id='word_1_680' title='bbox 799 4649 844 4702; x_wconf 89' lang='lat' dir='ltr'><strong>si</strong></span> <span class='ocrx_word' id='word_1_681' title='bbox 904 4658 1087 4705; x_wconf 91' lang='lat' dir='ltr'><strong>autem</strong></span> <span class='ocrx_word' id='word_1_682' title='bbox 1152 4664 1460 4723; x_wconf 87' lang='lat' dir='ltr'><strong>peccaverit</strong></span> <span class='ocrx_word' id='word_1_683' title='bbox 1526 4662 1761 4733; x_wconf 89' lang='lat' dir='ltr'><strong>aliquis,</strong></span> <span class='ocrx_word' id='word_1_684' title='bbox 1825 4645 2151 4731; x_wconf 81' lang='lat' dir='ltr'><strong>advocatum</strong></span> 
     </span>
    </p>
   </div>
   <div class='ocr_carea' id='block_1_93' title="bbox 2259 4587 3773 4667">
    <p class='ocr_par' dir='ltr' id='par_1_93' title="bbox 2259 4587 3773 4667">
     <span class='ocr_line' id='line_1_94' title="bbox 2259 4587 3773 4667; baseline 0.003 -27"><span class='ocrx_word' id='word_1_685' title='bbox 2259 4587 2355 4641; x_wconf 83' lang='grc' dir='ltr'><strong>ἐάν</strong></span> <span class='ocrx_word' id='word_1_686' title='bbox 2379 4605 2461 4654; x_wconf 87' lang='grc' dir='ltr'><strong>τις</strong></span> <span class='ocrx_word' id='word_1_687' title='bbox 2491 4589 2549 4645; x_wconf 85' lang='grc' dir='ltr'>δὲ</span> <span class='ocrx_word' id='word_1_688' title='bbox 2576 4591 2817 4664; x_wconf 78' lang='grc' dir='ltr'>ἁμάρτῃ,</span> <span class='ocrx_word' id='word_1_689' title='bbox 2844 4594 3197 4665; x_wconf 80' lang='grc' dir='ltr'>παράκλητον</span> <span class='ocrx_word' id='word_1_690' title='bbox 3215 4596 3416 4667; x_wconf 81' lang='grc' dir='ltr'>ἔχομεν</span> <span class='ocrx_word' id='word_1_691' title='bbox 3448 4595 3574 4667; x_wconf 76' lang='grc' dir='ltr'>πρὸς</span> <span class='ocrx_word' id='word_1_692' title='bbox 3595 4596 3671 4648; x_wconf 80' lang='grc' dir='ltr'><strong>τὸν</strong></span> <span class='ocrx_word' id='word_1_693' title='bbox 3691 4594 3773 4646; x_wconf 79' lang='lat' dir='ltr'><strong>[la-</strong></span> 
     </span>
    </p>
   </div>
   <div class='ocr_carea' id='block_1_94' title="bbox 2257 4677 3774 4754">
    <p class='ocr_par' dir='ltr' id='par_1_94' title="bbox 2257 4677 3774 4754">
     <span class='ocr_line' id='line_1_95' title="bbox 2257 4677 3774 4754; baseline 0.005 -23"><span class='ocrx_word' id='word_1_694' title='bbox 2257 4677 2414 4750; x_wconf 80' lang='grc' dir='ltr'>τέρα,</span> <span class='ocrx_word' id='word_1_695' title='bbox 2469 4678 2679 4751; x_wconf 85' lang='grc' dir='ltr'>Ἰησοῦν</span> <span class='ocrx_word' id='word_1_696' title='bbox 2722 4683 2961 4754; x_wconf 81' lang='grc' dir='ltr'>Χριστὸν</span> <span class='ocrx_word' id='word_1_697' title='bbox 3009 4685 3240 4751; x_wconf 87' lang='grc' dir='ltr'>δίκαιον,</span> <span class='ocrx_word' id='word_1_698' title='bbox 3284 4689 3383 4741; x_wconf 77' lang='grc' dir='ltr'>καὶ</span> <span class='ocrx_word' id='word_1_699' title='bbox 3412 4688 3568 4750; x_wconf 82' lang='grc' dir='ltr'>αὐτὸς</span> <span class='ocrx_word' id='word_1_700' title='bbox 3596 4682 3774 4749; x_wconf 77' lang='grc' dir='ltr'>ἱλασμός</span> 
     </span>
    </p>
   </div>
   <div class='ocr_carea' id='block_1_95' title="bbox 574 4736 2169 4848">
    <p class='ocr_par' dir='ltr' id='par_1_95' title="bbox 574 4736 2149 4831">
     <span class='ocr_line' id='line_1_96' title="bbox 574 4736 2149 4831; baseline 0.017 -40"><span class='ocrx_word' id='word_1_701' title='bbox 574 4736 845 4794; x_wconf 88' lang='lat' dir='ltr'><strong>habemus</strong></span> <span class='ocrx_word' id='word_1_702' title='bbox 859 4738 925 4794; x_wconf 86' lang='lat' dir='ltr'><strong>ad</strong></span> <span class='ocrx_word' id='word_1_703' title='bbox 948 4741 1189 4812; x_wconf 86' lang='lat' dir='ltr'><strong>Patrem,</strong></span> <span class='ocrx_word' id='word_1_704' title='bbox 1207 4744 1391 4801; x_wconf 88' lang='lat' dir='ltr'><strong>Jesum</strong></span> <span class='ocrx_word' id='word_1_705' title='bbox 1407 4749 1686 4807; x_wconf 88' lang='lat' dir='ltr'><strong>Christum</strong></span> <span class='ocrx_word' id='word_1_706' title='bbox 1702 4756 1935 4824; x_wconf 87' lang='lat' dir='ltr'><strong>justum,</strong></span> <span class='ocrx_word' id='word_1_707' title='bbox 1956 4768 2013 4815; x_wconf 91' lang='lat' dir='ltr'><strong>et</strong></span> <span class='ocrx_word' id='word_1_708' title='bbox 2031 4760 2149 4831; x_wconf 89' lang='lat' dir='ltr'><strong>ipsc</strong></span> 
     </span>
    </p>
   </div>
   <div class='ocr_carea' id='block_1_96' title="bbox 2270 4736 3773 4848">
    <p class='ocr_par' dir='ltr' id='par_1_96' title="bbox 2270 4736 3773 4848">
     <span class='ocr_line' id='line_1_97' title="bbox 2270 4736 3773 4848; baseline 0.005 -25"><span class='ocrx_word' id='word_1_709' title='bbox 2270 4736 2374 4824; x_wconf 68' lang='grc' dir='ltr'>ισῖει</span> <span class='ocrx_word' id='word_1_710' title='bbox 2402 4736 2560 4842; x_wconf 68' lang='grc' dir='ltr'><strong>⁷περὶ</strong></span> <span class='ocrx_word' id='word_1_711' title='bbox 2595 4772 2706 4825; x_wconf 85' lang='grc' dir='ltr'><strong>τῶν</strong></span> <span class='ocrx_word' id='word_1_712' title='bbox 2749 4736 3247 4848; x_wconf 36' lang='lat' dir='ltr'><strong>stagnat;</strong></span> <span class='ocrx_word' id='word_1_713' title='bbox 3286 4736 3773 4848; x_wconf 34' lang='lat' dir='ltr'><strong>gaias;</strong></span> 
     </span>
    </p>
   </div>
   <div class='ocr_carea' id='block_1_97' title="bbox 568 4831 2169 4941">
    <p class='ocr_par' dir='ltr' id='par_1_97' title="bbox 568 4831 2148 4918">
     <span class='ocr_line' id='line_1_98' title="bbox 568 4831 2148 4918; baseline 0.015 -35"><span class='ocrx_word' id='word_1_714' title='bbox 568 4838 654 4883; x_wconf 88' lang='lat' dir='ltr'><strong>est</strong></span> <span class='ocrx_word' id='word_1_715' title='bbox 684 4831 1003 4901; x_wconf 89' lang='lat' dir='ltr'><strong>propitiatio</strong></span> <span class='ocrx_word' id='word_1_716' title='bbox 1022 4840 1137 4906; x_wconf 70' lang='lat' dir='ltr'><strong>fpro</strong></span> <span class='ocrx_word' id='word_1_717' title='bbox 1162 4840 1403 4907; x_wconf 89' lang='lat' dir='ltr'><strong>peccatis</strong></span> <span class='ocrx_word' id='word_1_718' title='bbox 1428 4844 1663 4909; x_wconf 87' lang='lat' dir='ltr'><strong>nostris;</strong></span> <span class='ocrx_word' id='word_1_719' title='bbox 1688 4861 1797 4901; x_wconf 91' lang='lat' dir='ltr'><strong>non</strong></span> <span class='ocrx_word' id='word_1_720' title='bbox 1823 4864 1925 4918; x_wconf 88' lang='lat' dir='ltr'><strong>pro</strong></span> <span class='ocrx_word' id='word_1_721' title='bbox 1943 4853 2148 4909; x_wconf 89' lang='lat' dir='ltr'><strong>nostris</strong></span> 
     </span>
    </p>
   </div>
   <div class='ocr_carea' id='block_1_98' title="bbox 2270 4831 3767 4941">
    <p class='ocr_par' dir='ltr' id='par_1_98' title="bbox 2270 4831 3767 4941">
     <span class='ocr_line' id='line_1_99' title="bbox 2270 4831 3767 4941; baseline 0 -26"><span class='ocrx_word' id='word_1_722' title='bbox 2270 4860 2428 4933; x_wconf 73' lang='lat' dir='ltr'><strong>:épmv</strong></span> <span class='ocrx_word' id='word_1_723' title='bbox 2455 4831 2519 4916; x_wconf 61' lang='grc' dir='ltr'>δέ</span> <span class='ocrx_word' id='word_1_724' title='bbox 2556 4863 2757 4934; x_wconf 87' lang='grc' dir='ltr'>μόνων,</span> <span class='ocrx_word' id='word_1_725' title='bbox 2955 4868 3051 4923; x_wconf 81' lang='grc' dir='ltr'>καὶ</span> <span class='ocrx_word' id='word_1_726' title='bbox 3087 4831 3374 4941; x_wconf 50' lang='grc' dir='ltr'>περιϐλου</span> <span class='ocrx_word' id='word_1_727' title='bbox 3418 4831 3509 4922; x_wconf 69' lang='grc' dir='ltr'><strong>τοῦ</strong></span> <span class='ocrx_word' id='word_1_728' title='bbox 3543 4831 3767 4931; x_wconf 69' lang='grc' dir='ltr'>κόσμου.»</span> 
     </span>
    </p>
   </div>
   <div class='ocr_carea' id='block_1_99' title="bbox 569 4929 2169 5032">
    <p class='ocr_par' dir='ltr' id='par_1_99' title="bbox 569 4929 2137 5003">
     <span class='ocr_line' id='line_1_100' title="bbox 569 4929 2137 5003; baseline 0.013 -28"><span class='ocrx_word' id='word_1_729' title='bbox 569 4929 755 4978; x_wconf 86' lang='lat' dir='ltr'><strong>autem</strong></span> <span class='ocrx_word' id='word_1_730' title='bbox 799 4931 1046 4992; x_wconf 88' lang='lat' dir='ltr'><strong>tantum,</strong></span> <span class='ocrx_word' id='word_1_731' title='bbox 1105 4930 1201 4985; x_wconf 91' lang='lat' dir='ltr'><strong>sed</strong></span> <span class='ocrx_word' id='word_1_732' title='bbox 1242 4931 1409 4988; x_wconf 91' lang='lat' dir='ltr'><strong>etiam</strong></span> <span class='ocrx_word' id='word_1_733' title='bbox 1448 4948 1552 5003; x_wconf 89' lang='lat' dir='ltr'><strong>pro</strong></span> <span class='ocrx_word' id='word_1_734' title='bbox 1588 4937 1758 4993; x_wconf 89' lang='lat' dir='ltr'><strong>totius</strong></span> <span class='ocrx_word' id='word_1_735' title='bbox 1791 4942 1980 4997; x_wconf 89' lang='lat' dir='ltr'><strong>mundi</strong></span> <span class='ocrx_word' id='word_1_736' title='bbox 2016 4945 2081 4997; x_wconf 81' lang='grc'><strong>³⁸.</strong></span> <span class='ocrx_word' id='word_1_737' title='bbox 2118 4964 2137 4995; x_wconf 74' lang='grc' dir='ltr'><strong>ι</strong></span> 
     </span>
    </p>
   </div>
   <div class='ocr_carea' id='block_1_100' title="bbox 2270 4929 3772 5032">
    <p class='ocr_par' dir='ltr' id='par_1_100' title="bbox 2270 4929 3772 5032">
     <span class='ocr_line' id='line_1_101' title="bbox 2270 4929 3772 5032; baseline 0.005 -26"><span class='ocrx_word' id='word_1_738' title='bbox 2270 4929 2330 5006; x_wconf 53' lang='lat' dir='ltr'><strong>lt;</strong></span> <span class='ocrx_word' id='word_1_739' title='bbox 2368 4954 2535 5023; x_wconf 73' lang='grc' dir='ltr'>αὑτοῦ</span> <span class='ocrx_word' id='word_1_740' title='bbox 2557 4929 2686 5027; x_wconf 28' lang='grc' dir='ltr'><strong>*γὰρ</strong></span> <span class='ocrx_word' id='word_1_741' title='bbox 2717 4958 2963 5030; x_wconf 71' lang='grc' dir='ltr'>ἱλασμὸς,</span> <span class='ocrx_word' id='word_1_742' title='bbox 3009 4960 3142 5032; x_wconf 75' lang='grc' dir='ltr'>εὐχή</span> <span class='ocrx_word' id='word_1_743' title='bbox 3169 4929 3241 5014; x_wconf 50' lang='grc' dir='ltr'>’τε</span> <span class='ocrx_word' id='word_1_744' title='bbox 3280 4962 3451 5023; x_wconf 79' lang='grc' dir='ltr'>πᾶσα,</span> <span class='ocrx_word' id='word_1_745' title='bbox 3486 4960 3573 5012; x_wconf 80' lang='grc' dir='ltr'>καὶ</span> <span class='ocrx_word' id='word_1_746' title='bbox 3599 4929 3772 5025; x_wconf 58' lang='lat' dir='ltr'><strong>altam;</strong></span> 
     </span>
    </p>
   </div>
   <div class='ocr_carea' id='block_1_101' title="bbox 568 5016 2169 5125">
    <p class='ocr_par' dir='ltr' id='par_1_101' title="bbox 568 5016 2141 5103">
     <span class='ocr_line' id='line_1_102' title="bbox 568 5016 2141 5103; baseline 0.015 -34"><span class='ocrx_word' id='word_1_747' title='bbox 568 5016 675 5070; x_wconf 85' lang='lat' dir='ltr'><strong>Per</strong></span> <span class='ocrx_word' id='word_1_748' title='bbox 714 5016 893 5086; x_wconf 91' lang='lat' dir='ltr'><strong>ipsum</strong></span> <span class='ocrx_word' id='word_1_749' title='bbox 923 5020 1073 5075; x_wconf 88' lang='lat' dir='ltr'><strong>enim</strong></span> <span class='ocrx_word' id='word_1_750' title='bbox 1109 5024 1451 5094; x_wconf 83' lang='lat' dir='ltr'><strong>propitiatio,</strong></span> <span class='ocrx_word' id='word_1_751' title='bbox 1478 5029 1917 5103; x_wconf 89' lang='lat' dir='ltr'><strong>supplicatioque</strong></span> <span class='ocrx_word' id='word_1_752' title='bbox 1942 5037 2141 5103; x_wconf 89' lang='lat' dir='ltr'><strong>omnis,</strong></span> 
     </span>
    </p>
   </div>
   <div class='ocr_carea' id='block_1_102' title="bbox 2270 5016 3768 5125">
    <p class='ocr_par' dir='ltr' id='par_1_102' title="bbox 2270 5016 3768 5125">
     <span class='ocr_line' id='line_1_103' title="bbox 2270 5016 3768 5125; baseline -0.011 -12"><span class='ocrx_word' id='word_1_753' title='bbox 2270 5016 2495 5112; x_wconf 64' lang='grc' dir='ltr'>ιγαόῶν.</span> <span class='ocrx_word' id='word_1_754' title='bbox 2532 5067 2551 5100; x_wconf 71' lang='grc'><em>⁸</em></span> <span class='ocrx_word' id='word_1_755' title='bbox 2589 5016 2738 5113; x_wconf 47' lang='grc' dir='ltr'><strong>ιΈὶιυες</strong></span> <span class='ocrx_word' id='word_1_756' title='bbox 2779 5016 2888 5125; x_wconf 54' lang='grc' dir='ltr'>γάρ</span> <span class='ocrx_word' id='word_1_757' title='bbox 2920 5016 3047 5123; x_wconf 63' lang='grc' dir='ltr'>άρτι</span> <span class='ocrx_word' id='word_1_758' title='bbox 3072 5016 3105 5117; x_wconf 48' lang='grc' dir='ltr'><em>ζ</em></span> <span class='ocrx_word' id='word_1_759' title='bbox 3180 5053 3362 5122; x_wconf 74' lang='grc' dir='ltr'>φησὶν,</span> <span class='ocrx_word' id='word_1_760' title='bbox 3401 5016 3555 5105; x_wconf 63' lang='grc' dir='ltr'>ιόὐκ</span> <span class='ocrx_word' id='word_1_761' title='bbox 3577 5016 3768 5121; x_wconf 70' lang='grc' dir='ltr'>ᾐτήσατε</span> 
     </span>
    </p>
   </div>
   <div class='ocr_carea' id='block_1_103' title="bbox 564 5107 2169 5213">
    <p class='ocr_par' dir='ltr' id='par_1_103' title="bbox 564 5107 2137 5197">
     <span class='ocr_line' id='line_1_104' title="bbox 564 5107 2137 5197; baseline 0.016 -38"><span class='ocrx_word' id='word_1_762' title='bbox 564 5121 630 5159; x_wconf 75' lang='lat' dir='ltr'><strong>ac</strong></span> <span class='ocrx_word' id='word_1_763' title='bbox 652 5107 923 5165; x_wconf 88' lang='lat' dir='ltr'><strong>bonorum</strong></span> <span class='ocrx_word' id='word_1_764' title='bbox 949 5111 1146 5180; x_wconf 90' lang='lat' dir='ltr'><strong>petitio</strong></span> <span class='ocrx_word' id='word_1_765' title='bbox 1179 5130 1191 5165; x_wconf 94' lang='lat'>:</span> <span class='ocrx_word' id='word_1_766' title='bbox 1231 5130 1358 5170; x_wconf 89' lang='lat' dir='ltr'><strong>nam</strong></span> <span class='ocrx_word' id='word_1_767' title='bbox 1389 5135 1407 5166; x_wconf 86' lang='grc' dir='ltr'><strong>ι</strong></span> <span class='ocrx_word' id='word_1_768' title='bbox 1447 5116 1631 5189; x_wconf 88' lang='lat' dir='ltr'><strong>Usque</strong></span> <span class='ocrx_word' id='word_1_769' title='bbox 1654 5122 1838 5187; x_wconf 91' lang='lat' dir='ltr'><strong>modo,</strong></span> <span class='ocrx_word' id='word_1_770' title='bbox 1880 5145 1898 5176; x_wconf 73' lang='grc' dir='ltr'><strong>ι</strong></span> <span class='ocrx_word' id='word_1_771' title='bbox 1936 5126 2137 5197; x_wconf 86' lang='lat' dir='ltr'><strong>inquit,</strong></span> 
     </span>
    </p>
   </div>
   <div class='ocr_carea' id='block_1_104' title="bbox 2270 5107 3769 5213">
    <p class='ocr_par' dir='ltr' id='par_1_104' title="bbox 2270 5107 3769 5213">
     <span class='ocr_line' id='line_1_105' title="bbox 2270 5107 3769 5213; baseline 0 -22"><span class='ocrx_word' id='word_1_772' title='bbox 2270 5107 2400 5192; x_wconf 66' lang='grc' dir='ltr'>ιῦδέν</span> <span class='ocrx_word' id='word_1_773' title='bbox 2422 5139 2516 5193; x_wconf 78' lang='grc' dir='ltr'>ἐπὶ</span> <span class='ocrx_word' id='word_1_774' title='bbox 2545 5139 2624 5210; x_wconf 83' lang='grc' dir='ltr'>τῷ</span> <span class='ocrx_word' id='word_1_775' title='bbox 2658 5107 2885 5212; x_wconf 56' lang='grc' dir='ltr'>ὄνομα-ἐι</span> <span class='ocrx_word' id='word_1_776' title='bbox 2934 5107 3038 5213; x_wconf 54' lang='grc' dir='ltr'><strong>μου</strong></span> <span class='ocrx_word' id='word_1_777' title='bbox 3062 5107 3087 5176; x_wconf 35' lang='grc'><strong>’⁷</strong></span> <span class='ocrx_word' id='word_1_778' title='bbox 3128 5107 3366 5210; x_wconf 65' lang='grc' dir='ltr'>αἰτεῖτε,</span> <span class='ocrx_word' id='word_1_779' title='bbox 3413 5142 3507 5197; x_wconf 77' lang='grc' dir='ltr'>καὶ</span> <span class='ocrx_word' id='word_1_780' title='bbox 3535 5107 3769 5210; x_wconf 66' lang='grc' dir='ltr'>δοθήσεται</span> 
     </span>
    </p>
   </div>
   <div class='ocr_carea' id='block_1_105' title="bbox 575 5201 2169 5306">
    <p class='ocr_par' dir='ltr' id='par_1_105' title="bbox 575 5201 2150 5306">
     <span class='ocr_line' id='line_1_106' title="bbox 575 5201 2150 5306; baseline 0.018 -59"><span class='ocrx_word' id='word_1_781' title='bbox 575 5215 599 5306; x_wconf 48' lang='grc' dir='ltr'>ζ</span> <span class='ocrx_word' id='word_1_782' title='bbox 618 5210 727 5306; x_wconf 52' lang='lat' dir='ltr'><strong>uLon</strong></span> <span class='ocrx_word' id='word_1_783' title='bbox 750 5201 987 5266; x_wconf 89' lang='lat' dir='ltr'><strong>petiistis</strong></span> <span class='ocrx_word' id='word_1_784' title='bbox 1026 5204 1326 5274; x_wconf 87' lang='lat' dir='ltr'><strong>quidquam</strong></span> <span class='ocrx_word' id='word_1_785' title='bbox 1358 5206 1414 5263; x_wconf 90' lang='lat' dir='ltr'><strong>in</strong></span> <span class='ocrx_word' id='word_1_786' title='bbox 1440 5211 1664 5268; x_wconf 90' lang='lat' dir='ltr'><strong>nomine</strong></span> <span class='ocrx_word' id='word_1_787' title='bbox 1698 5228 1852 5280; x_wconf 89' lang='lat' dir='ltr'><strong>meo;</strong></span> <span class='ocrx_word' id='word_1_788' title='bbox 1879 5217 2067 5286; x_wconf 86' lang='lat' dir='ltr'><strong>petite,</strong></span> <span class='ocrx_word' id='word_1_789' title='bbox 2091 5229 2150 5275; x_wconf 88' lang='lat' dir='ltr'><strong>et</strong></span> 
     </span>
    </p>
   </div>
   <div class='ocr_carea' id='block_1_106' title="bbox 2270 5201 3765 5306">
    <p class='ocr_par' dir='ltr' id='par_1_106' title="bbox 2270 5201 3765 5306">
     <span class='ocr_line' id='line_1_107' title="bbox 2270 5201 3765 5306; baseline -0.001 -23"><span class='ocrx_word' id='word_1_790' title='bbox 2270 5232 2393 5300; x_wconf 71' lang='grc' dir='ltr'>νμῖν.</span> <span class='ocrx_word' id='word_1_791' title='bbox 2432 5250 2451 5283; x_wconf 77' lang='grc' dir='ltr'><strong>ι</strong></span> <span class='ocrx_word' id='word_1_792' title='bbox 2493 5201 2663 5296; x_wconf 72' lang='grc' dir='ltr'>Αὐτὸς</span> <span class='ocrx_word' id='word_1_793' title='bbox 2692 5201 2787 5287; x_wconf 71' lang='grc' dir='ltr'><strong>οὖν</strong></span> <span class='ocrx_word' id='word_1_794' title='bbox 2823 5201 3020 5305; x_wconf 47' lang='grc' dir='ltr'>ἄρα-τὸ</span> <span class='ocrx_word' id='word_1_795' title='bbox 3048 5201 3377 5306; x_wconf 71' lang='grc' dir='ltr'>ἱλαστήριον.</span> <span class='ocrx_word' id='word_1_796' title='bbox 3412 5235 3490 5287; x_wconf 86' lang='grc' dir='ltr'><strong>Δι’</strong></span> <span class='ocrx_word' id='word_1_797' title='bbox 3514 5201 3660 5285; x_wconf 79' lang='grc' dir='ltr'>αὐτοῦ</span> <span class='ocrx_word' id='word_1_798' title='bbox 3683 5227 3765 5293; x_wconf 75' lang='grc' dir='ltr'>γὰρ</span> 
     </span>
    </p>
   </div>
   <div class='ocr_carea' id='block_1_107' title="bbox 567 5286 2169 5395">
    <p class='ocr_par' dir='ltr' id='par_1_107' title="bbox 567 5286 2142 5388">
     <span class='ocr_line' id='line_1_108' title="bbox 567 5286 2142 5388; baseline 0.019 -50"><span class='ocrx_word' id='word_1_799' title='bbox 567 5286 793 5388; x_wconf 70' lang='lat' dir='ltr'><strong>dabitur</strong></span> <span class='ocrx_word' id='word_1_800' title='bbox 821 5291 978 5348; x_wconf 90' lang='lat' dir='ltr'><strong>vobis</strong></span> <span class='ocrx_word' id='word_1_801' title='bbox 995 5294 1085 5348; x_wconf 58' lang='lat'><strong>&quot;2</strong></span> <span class='ocrx_word' id='word_1_802' title='bbox 1128 5315 1149 5347; x_wconf 75' lang='grc' dir='ltr'><strong>ι</strong></span> <span class='ocrx_word' id='word_1_803' title='bbox 1180 5297 1300 5366; x_wconf 82' lang='lat' dir='ltr'><strong>ipse</strong></span> <span class='ocrx_word' id='word_1_804' title='bbox 1341 5299 1509 5370; x_wconf 89' lang='lat' dir='ltr'><strong>igitur</strong></span> <span class='ocrx_word' id='word_1_805' title='bbox 1548 5311 1634 5358; x_wconf 89' lang='lat' dir='ltr'><strong>est</strong></span> <span class='ocrx_word' id='word_1_806' title='bbox 1664 5306 2142 5377; x_wconf 79' lang='lat' dir='ltr'><strong>propitiatorium;</strong></span> 
     </span>
    </p>
   </div>
   <div class='ocr_carea' id='block_1_108' title="bbox 2270 5286 3767 5395">
    <p class='ocr_par' dir='ltr' id='par_1_108' title="bbox 2270 5286 3767 5395">
     <span class='ocr_line' id='line_1_109' title="bbox 2270 5286 3767 5395; baseline -0.004 -21"><span class='ocrx_word' id='word_1_807' title='bbox 2270 5286 2374 5391; x_wconf 72' lang='grc' dir='ltr'>ιμῖν</span> <span class='ocrx_word' id='word_1_808' title='bbox 2407 5320 2566 5386; x_wconf 76' lang='grc' dir='ltr'>ἵλεως</span> <span class='ocrx_word' id='word_1_809' title='bbox 2598 5286 2875 5395; x_wconf 48' lang='grc' dir='ltr'>δ’Πατὴρ;</span> <span class='ocrx_word' id='word_1_810' title='bbox 2906 5286 3009 5377; x_wconf 61' lang='grc' dir='ltr'><strong>καῖ</strong></span> <span class='ocrx_word' id='word_1_811' title='bbox 3046 5286 3334 5388; x_wconf 81' lang='grc' dir='ltr'><strong>είς</strong></span> <span class='ocrx_word' id='word_1_812' title='bbox 3364 5286 3657 5390; x_wconf 63' lang='grc' dir='ltr'>καταλήγει</span> 
     </span>
    </p>
   </div>
   <div class='ocr_carea' id='block_1_109' title="bbox 566 5385 2169 5486">
    <p class='ocr_par' dir='ltr' id='par_1_109' title="bbox 566 5385 2144 5486">
     <span class='ocr_line' id='line_1_110' title="bbox 566 5385 2144 5486; baseline 0.018 -59"><span class='ocrx_word' id='word_1_813' title='bbox 566 5389 667 5477; x_wconf 80' lang='lat' dir='ltr'><strong>per</strong></span> <span class='ocrx_word' id='word_1_814' title='bbox 700 5385 882 5486; x_wconf 55' lang='lat' dir='ltr'><strong>ips‘um</strong></span> <span class='ocrx_word' id='word_1_815' title='bbox 912 5396 1150 5486; x_wconf 77' lang='lat' dir='ltr'><strong>namque</strong></span> <span class='ocrx_word' id='word_1_816' title='bbox 1179 5385 1239 5442; x_wconf 81' lang='lat' dir='ltr'><strong>fit</strong></span> <span class='ocrx_word' id='word_1_817' title='bbox 1278 5388 1438 5445; x_wconf 89' lang='lat' dir='ltr'><strong>nobis</strong></span> <span class='ocrx_word' id='word_1_818' title='bbox 1472 5393 1746 5462; x_wconf 90' lang='lat' dir='ltr'><strong>propitius</strong></span> <span class='ocrx_word' id='word_1_819' title='bbox 1781 5396 1964 5462; x_wconf 84' lang='lat' dir='ltr'><strong>Pater,</strong></span> <span class='ocrx_word' id='word_1_820' title='bbox 1996 5406 2055 5454; x_wconf 87' lang='lat' dir='ltr'><strong>et</strong></span> <span class='ocrx_word' id='word_1_821' title='bbox 2086 5399 2144 5455; x_wconf 90' lang='lat' dir='ltr'><strong>in</strong></span> 
     </span>
    </p>
   </div>
   <div class='ocr_carea' id='block_1_110' title="bbox 2270 5385 3764 5486">
    <p class='ocr_par' dir='ltr' id='par_1_110' title="bbox 2270 5385 3764 5486">
     <span class='ocr_line' id='line_1_111' title="bbox 2270 5385 3764 5486; baseline -0.002 -22"><span class='ocrx_word' id='word_1_822' title='bbox 2270 5385 2418 5481; x_wconf 63' lang='grc' dir='ltr'>ιέρας</span> <span class='ocrx_word' id='word_1_823' title='bbox 2462 5412 2648 5483; x_wconf 73' lang='grc' dir='ltr'><strong>εὐχῆς.</strong></span> <span class='ocrx_word' id='word_1_824' title='bbox 2685 5385 2880 5467; x_wconf 73' lang='grc' dir='ltr'>καὶ</span> <span class='ocrx_word' id='word_1_825' title='bbox 2924 5385 3438 5486; x_wconf 28' lang='grc' dir='ltr'>αὐτοῦνπρύσιμεν,</span> <span class='ocrx_word' id='word_1_826' title='bbox 3471 5385 3764 5479; x_wconf 34' lang='grc' dir='ltr'>οὐχ-ἐτέρους</span> 
     </span>
    </p>
   </div>
   <div class='ocr_carea' id='block_1_111' title="bbox 564 5468 2169 5577">
    <p class='ocr_par' dir='ltr' id='par_1_111' title="bbox 564 5468 2142 5577">
     <span class='ocr_line' id='line_1_112' title="bbox 564 5468 2142 5577; baseline 0.02 -58"><span class='ocrx_word' id='word_1_827' title='bbox 564 5468 749 5577; x_wconf 59' lang='lat' dir='ltr'><strong>ipsum</strong></span> <span class='ocrx_word' id='word_1_828' title='bbox 768 5468 972 5527; x_wconf 87' lang='lat' dir='ltr'><strong>desinit</strong></span> <span class='ocrx_word' id='word_1_829' title='bbox 998 5476 1176 5532; x_wconf 86' lang='lat' dir='ltr'><strong>omnis</strong></span> <span class='ocrx_word' id='word_1_830' title='bbox 1208 5481 1541 5549; x_wconf 87' lang='lat' dir='ltr'><strong>precationis</strong></span> <span class='ocrx_word' id='word_1_831' title='bbox 1573 5483 1718 5549; x_wconf 84' lang='lat' dir='ltr'><strong>ﬁnis,</strong></span> <span class='ocrx_word' id='word_1_832' title='bbox 1745 5495 1804 5544; x_wconf 87' lang='lat' dir='ltr'><strong>et</strong></span> <span class='ocrx_word' id='word_1_833' title='bbox 1832 5503 1932 5559; x_wconf 88' lang='lat' dir='ltr'><strong>per</strong></span> <span class='ocrx_word' id='word_1_834' title='bbox 1963 5489 2142 5561; x_wconf 90' lang='lat' dir='ltr'><strong>ipsum</strong></span> 
     </span>
    </p>
   </div>
   <div class='ocr_carea' id='block_1_112' title="bbox 2270 5468 3756 5577">
    <p class='ocr_par' dir='ltr' id='par_1_112' title="bbox 2272 5468 3756 5577">
     <span class='ocr_line' id='line_1_113' title="bbox 2272 5468 3756 5577; baseline 0.001 -23"><span class='ocrx_word' id='word_1_835' title='bbox 2272 5468 2625 5566; x_wconf 35' lang='lat' dir='ltr'><strong>vetabat-ci.-</strong></span> <span class='ocrx_word' id='word_1_836' title='bbox 2635 5468 2939 5577; x_wconf 45' lang='grc' dir='ltr'>’Τοιγάρτοι</span> <span class='ocrx_word' id='word_1_837' title='bbox 2967 5505 3162 5577; x_wconf 72' lang='grc' dir='ltr'>φησιν,</span> <span class='ocrx_word' id='word_1_838' title='bbox 3178 5468 3211 5557; x_wconf 50' lang='grc' dir='ltr'>,ι</span> <span class='ocrx_word' id='word_1_839' title='bbox 3254 5468 3394 5573; x_wconf 60' lang='grc' dir='ltr'><strong>’ἐγώ</strong></span> <span class='ocrx_word' id='word_1_840' title='bbox 3418 5468 3586 5573; x_wconf 47' lang='lat' dir='ltr'><strong>om}</strong></span> <span class='ocrx_word' id='word_1_841' title='bbox 3604 5468 3756 5557; x_wconf 79' lang='grc'><strong><em>⁹</em></strong></span> 
     </span>
    </p>
   </div>
   <div class='ocr_carea' id='block_1_113' title="bbox 564 5558 2169 5665">
    <p class='ocr_par' dir='ltr' id='par_1_113' title="bbox 564 5558 2139 5641">
     <span class='ocr_line' id='line_1_114' title="bbox 564 5558 2139 5641; baseline 0.02 -31"><span class='ocrx_word' id='word_1_842' title='bbox 564 5558 899 5627; x_wconf 79' lang='lat' dir='ltr'><strong>accedimus,</strong></span> <span class='ocrx_word' id='word_1_843' title='bbox 919 5580 1042 5621; x_wconf 91' lang='lat' dir='ltr'><strong>cum</strong></span> <span class='ocrx_word' id='word_1_844' title='bbox 1067 5567 1213 5624; x_wconf 85' lang='lat' dir='ltr'><strong>haud</strong></span> <span class='ocrx_word' id='word_1_845' title='bbox 1234 5572 1342 5629; x_wconf 88' lang='lat' dir='ltr'><strong>alia</strong></span> <span class='ocrx_word' id='word_1_846' title='bbox 1359 5576 1573 5632; x_wconf 89' lang='lat' dir='ltr'><strong>ratione</strong></span> <span class='ocrx_word' id='word_1_847' title='bbox 1597 5577 1810 5636; x_wconf 83' lang='lat' dir='ltr'><strong>admitti</strong></span> <span class='ocrx_word' id='word_1_848' title='bbox 1836 5558 2139 5641; x_wconf 3' lang='lat' dir='ltr'><strong>duossimus.</strong></span> 
     </span>
    </p>
   </div>
   <div class='ocr_carea' id='block_1_114' title="bbox 2270 5558 3763 5665">
    <p class='ocr_par' dir='ltr' id='par_1_114' title="bbox 2270 5558 3763 5665">
     <span class='ocr_line' id='line_1_115' title="bbox 2270 5558 3763 5665; baseline -0.005 -21"><span class='ocrx_word' id='word_1_849' title='bbox 2270 5558 2394 5655; x_wconf 59' lang='grc' dir='ltr'><strong>ωιιᾷ</strong></span> <span class='ocrx_word' id='word_1_850' title='bbox 2432 5591 2573 5660; x_wconf 84' lang='grc' dir='ltr'>Ἑγὼ</span> <span class='ocrx_word' id='word_1_851' title='bbox 2596 5558 2932 5665; x_wconf 60' lang='grc' dir='ltr'>εἰμιθῦραμ</span> <span class='ocrx_word' id='word_1_852' title='bbox 3088 5613 3108 5648; x_wconf 82' lang='grc' dir='ltr'><strong>ι</strong></span> <span class='ocrx_word' id='word_1_853' title='bbox 3129 5558 3549 5664; x_wconf 51' lang='grc' dir='ltr'>ὀῠδσὶςὶρχεται</span> <span class='ocrx_word' id='word_1_854' title='bbox 3567 5558 3763 5649; x_wconf 67' lang='grc' dir='ltr'>πρὺςὼν</span> 
     </span>
    </p>
   </div>
   <div class='ocr_carea' id='block_1_115' title="bbox 632 5731 2169 5833">
    <p class='ocr_par' dir='ltr' id='par_1_115' title="bbox 632 5731 2156 5816">
     <span class='ocr_line' id='line_1_116' title="bbox 632 5731 2156 5816; baseline 0.013 -23"><span class='ocrx_word' id='word_1_855' title='bbox 632 5731 677 5770; x_wconf 83' lang='grc'><strong><em>⁹²</em></strong></span> <span class='ocrx_word' id='word_1_856' title='bbox 702 5736 892 5795; x_wconf 77' lang='lat' dir='ltr'><strong>Matth.</strong></span> <span class='ocrx_word' id='word_1_857' title='bbox 936 5758 1049 5807; x_wconf 64' lang='lat' dir='ltr'><strong>ain,</strong></span> <span class='ocrx_word' id='word_1_858' title='bbox 1076 5744 1160 5800; x_wconf 66' lang='lat' dir='ltr'><strong>i5.</strong></span> <span class='ocrx_word' id='word_1_859' title='bbox 1239 5747 1281 5779; x_wconf 81' lang='lat'>&quot;</span> <span class='ocrx_word' id='word_1_860' title='bbox 1304 5746 1472 5805; x_wconf 75' lang='lat' dir='ltr'><strong>Exod.</strong></span> <span class='ocrx_word' id='word_1_861' title='bbox 1503 5768 1625 5816; x_wconf 78' lang='lat' dir='ltr'><strong>xxv,</strong></span> <span class='ocrx_word' id='word_1_862' title='bbox 1662 5752 1847 5811; x_wconf 70' lang='lat'><strong>17-22.</strong></span> <span class='ocrx_word' id='word_1_863' title='bbox 1932 5758 1977 5789; x_wconf 78' lang='lat'>”</span> <span class='ocrx_word' id='word_1_864' title='bbox 2002 5758 2156 5816; x_wconf 76' lang='lat' dir='ltr'><strong>Rom.</strong></span> 
     </span>
    </p>
   </div>
   <div class='ocr_carea' id='block_1_116' title="bbox 2270 5731 3601 5833">
    <p class='ocr_par' dir='ltr' id='par_1_116' title="bbox 2306 5763 3601 5833">
     <span class='ocr_line' id='line_1_117' title="bbox 2306 5763 3601 5833; baseline 0 -9"><span class='ocrx_word' id='word_1_865' title='bbox 2306 5764 2393 5819; x_wconf 70' lang='grc'><strong>23.</strong></span> <span class='ocrx_word' id='word_1_866' title='bbox 2473 5767 2515 5799; x_wconf 80' lang='grc'><strong>⁸⁸</strong></span> <span class='ocrx_word' id='word_1_867' title='bbox 2548 5766 2567 5824; x_wconf 87' lang='grc' dir='ltr'><strong>ι</strong></span> <span class='ocrx_word' id='word_1_868' title='bbox 2599 5782 2752 5824; x_wconf 82' lang='lat' dir='ltr'><strong>.oan.</strong></span> <span class='ocrx_word' id='word_1_869' title='bbox 2782 5784 2840 5831; x_wconf 76' lang='grc' dir='ltr'><strong>ιι,</strong></span> <span class='ocrx_word' id='word_1_870' title='bbox 2879 5768 2928 5833; x_wconf 81' lang='grc'>1,</span> <span class='ocrx_word' id='word_1_871' title='bbox 2961 5770 3013 5824; x_wconf 77' lang='lat'><strong>2.</strong></span> <span class='ocrx_word' id='word_1_872' title='bbox 3093 5769 3161 5802; x_wconf 81' lang='grc'><strong>⁹⁸⁹</strong></span> <span class='ocrx_word' id='word_1_873' title='bbox 3184 5768 3339 5825; x_wconf 74' lang='lat' dir='ltr'><strong>Joan.</strong></span> <span class='ocrx_word' id='word_1_874' title='bbox 3378 5782 3487 5831; x_wconf 76' lang='grc' dir='ltr'><strong>ιη,</strong></span> <span class='ocrx_word' id='word_1_875' title='bbox 3522 5763 3601 5824; x_wconf 67' lang='grc'><strong>26.</strong></span> 
     </span>
    </p>
   </div>
  </div>
