  <div class='ocr_page' id='page_1' title='image "/cluster/home/n/w/nwhite01/storage/ocr_20150623/68/hvd.32044019207851/308.png"; bbox 0 0 3982 6504; ppageno 0'>
   <div class='ocr_carea' id='block_1_1' title="bbox 195 381 2740 457">
    <p class='ocr_par' dir='ltr' id='par_1_1' title="bbox 195 381 2740 457">
     <span class='ocr_line' id='line_1_1' title="bbox 195 381 2740 457; baseline -0.009 0"><span class='ocrx_word' id='word_1_1' title='bbox 195 398 287 457; x_wconf 57' lang='lat' dir='ltr'><strong>Ni</strong></span> <span class='ocrx_word' id='word_1_2' title='bbox 922 389 1010 445; x_wconf 82' lang='lat' dir='ltr'><strong>DE</strong></span> <span class='ocrx_word' id='word_1_3' title='bbox 1048 386 1490 444; x_wconf 74' lang='lat' dir='ltr'><strong>ADORATIONE</strong></span> <span class='ocrx_word' id='word_1_4' title='bbox 1526 384 1594 440; x_wconf 78' lang='lat' dir='ltr'><strong>IN</strong></span> <span class='ocrx_word' id='word_1_5' title='bbox 1627 381 1900 440; x_wconf 80' lang='lat' dir='ltr'><strong>SPIRITU</strong></span> <span class='ocrx_word' id='word_1_6' title='bbox 1940 383 2029 438; x_wconf 87' lang='lat' dir='ltr'>ET</span> <span class='ocrx_word' id='word_1_7' title='bbox 2070 381 2438 438; x_wconf 75' lang='lat' dir='ltr'><strong>VERITATE.</strong></span> <span class='ocrx_word' id='word_1_8' title='bbox 2478 381 2606 436; x_wconf 82' lang='lat' dir='ltr'><strong>LIB.</strong></span> <span class='ocrx_word' id='word_1_9' title='bbox 2649 381 2740 437; x_wconf 77' lang='lat' dir='ltr'><strong>1X.</strong></span> 
     </span>
    </p>
   </div>
   <div class='ocr_carea' id='block_1_2' title="bbox 3342 381 3448 440">
    <p class='ocr_par' dir='ltr' id='par_1_2' title="bbox 3342 381 3448 440">
     <span class='ocr_line' id='line_1_2' title="bbox 3342 381 3448 440; baseline 0.038 -4"><span class='ocrx_word' id='word_1_10' title='bbox 3342 381 3448 440; x_wconf 64' lang='grc' dir='ltr'><strong>θος</strong></span> 
     </span>
    </p>
   </div>
   <div class='ocr_carea' id='block_1_3' title="bbox 193 493 1763 584">
    <p class='ocr_par' dir='ltr' id='par_1_3' title="bbox 193 499 1754 584">
     <span class='ocr_line' id='line_1_3' title="bbox 193 499 1754 584; baseline -0.01 -15"><span class='ocrx_word' id='word_1_11' title='bbox 193 512 426 584; x_wconf 79' lang='grc' dir='ltr'>Πατέρα,</span> <span class='ocrx_word' id='word_1_12' title='bbox 459 510 509 564; x_wconf 80' lang='grc' dir='ltr'><strong>εἱ</strong></span> <span class='ocrx_word' id='word_1_13' title='bbox 552 507 626 579; x_wconf 86' lang='grc' dir='ltr'>μὴ</span> <span class='ocrx_word' id='word_1_14' title='bbox 653 508 720 562; x_wconf 77' lang='grc' dir='ltr'><strong>δι’</strong></span> <span class='ocrx_word' id='word_1_15' title='bbox 756 506 914 577; x_wconf 85' lang='grc' dir='ltr'>ἑμοῦ.</span> <span class='ocrx_word' id='word_1_16' title='bbox 961 525 981 558; x_wconf 75' lang='grc' dir='ltr'><strong>ι</strong></span> <span class='ocrx_word' id='word_1_17' title='bbox 1021 505 1169 575; x_wconf 83' lang='grc' dir='ltr'>Πλὴν</span> <span class='ocrx_word' id='word_1_18' title='bbox 1213 505 1262 556; x_wconf 88' lang='grc' dir='ltr'><strong>εἱ</strong></span> <span class='ocrx_word' id='word_1_19' title='bbox 1287 503 1382 556; x_wconf 70' lang='grc' dir='ltr'>καὶ</span> <span class='ocrx_word' id='word_1_20' title='bbox 1411 502 1602 571; x_wconf 81' lang='grc' dir='ltr'>γέγονε</span> <span class='ocrx_word' id='word_1_21' title='bbox 1631 499 1754 554; x_wconf 84' lang='grc' dir='ltr'>καθ’</span> 
     </span>
    </p>
   </div>
   <div class='ocr_carea' id='block_1_4' title="bbox 1863 493 3438 584">
    <p class='ocr_par' dir='ltr' id='par_1_4' title="bbox 1863 493 3438 570">
     <span class='ocr_line' id='line_1_4' title="bbox 1863 493 3438 570; baseline -0.004 -16"><span class='ocrx_word' id='word_1_22' title='bbox 1863 499 2043 570; x_wconf 83' lang='lat' dir='ltr'><strong>itaque</strong></span> <span class='ocrx_word' id='word_1_23' title='bbox 2079 498 2192 553; x_wconf 89' lang='lat' dir='ltr'><strong>ait:</strong></span> <span class='ocrx_word' id='word_1_24' title='bbox 2221 517 2239 550; x_wconf 80' lang='grc' dir='ltr'><strong>ι</strong></span> <span class='ocrx_word' id='word_1_25' title='bbox 2266 498 2378 569; x_wconf 84' lang='lat' dir='ltr'><strong>Ego</strong></span> <span class='ocrx_word' id='word_1_26' title='bbox 2397 513 2517 552; x_wconf 91' lang='lat' dir='ltr'><strong>sum</strong></span> <span class='ocrx_word' id='word_1_27' title='bbox 2543 497 2666 562; x_wconf 89' lang='lat' dir='ltr'><strong>via;</strong></span> <span class='ocrx_word' id='word_1_28' title='bbox 2697 515 2714 546; x_wconf 76' lang='grc' dir='ltr'><strong>ι</strong></span> <span class='ocrx_word' id='word_1_29' title='bbox 2739 503 2830 550; x_wconf 87' lang='lat' dir='ltr'><strong>et:</strong></span> <span class='ocrx_word' id='word_1_30' title='bbox 2865 513 2882 546; x_wconf 77' lang='grc' dir='ltr'><strong>ι</strong></span> <span class='ocrx_word' id='word_1_31' title='bbox 2907 495 3019 565; x_wconf 85' lang='lat' dir='ltr'><strong>Ego</strong></span> <span class='ocrx_word' id='word_1_32' title='bbox 3047 493 3380 564; x_wconf 84' lang='lat' dir='ltr'><strong>sumjanua;</strong></span> <span class='ocrx_word' id='word_1_33' title='bbox 3419 514 3438 547; x_wconf 76' lang='grc' dir='ltr'><strong>ι</strong></span> 
     </span>
    </p>
   </div>
   <div class='ocr_carea' id='block_1_5' title="bbox 191 591 1756 678">
    <p class='ocr_par' dir='ltr' id='par_1_5' title="bbox 191 591 1756 678">
     <span class='ocr_line' id='line_1_5' title="bbox 191 591 1756 678; baseline -0.01 -19"><span class='ocrx_word' id='word_1_34' title='bbox 191 607 354 678; x_wconf 69' lang='grc' dir='ltr'>ἡμᾶς,</span> <span class='ocrx_word' id='word_1_35' title='bbox 389 601 595 662; x_wconf 70' lang='grc' dir='ltr'>καθιεὶς</span> <span class='ocrx_word' id='word_1_36' title='bbox 627 598 820 652; x_wconf 82' lang='grc' dir='ltr'>ἑαυτὸν</span> <span class='ocrx_word' id='word_1_37' title='bbox 871 598 951 659; x_wconf 83' lang='grc' dir='ltr'><strong>εἱς</strong></span> <span class='ocrx_word' id='word_1_38' title='bbox 989 593 1387 667; x_wconf 78' lang='grc' dir='ltr'>άνθρωπότητά</span> <span class='ocrx_word' id='word_1_39' title='bbox 1437 611 1496 645; x_wconf 86' lang='grc' dir='ltr'><strong>τε</strong></span> <span class='ocrx_word' id='word_1_40' title='bbox 1535 594 1631 645; x_wconf 76' lang='grc' dir='ltr'>καὶ</span> <span class='ocrx_word' id='word_1_41' title='bbox 1661 591 1756 644; x_wconf 86' lang='grc' dir='ltr'>κέ-</span> 
     </span>
    </p>
   </div>
   <div class='ocr_carea' id='block_1_6' title="bbox 191 680 1758 758">
    <p class='ocr_par' dir='ltr' id='par_1_6' title="bbox 191 680 1758 758">
     <span class='ocr_line' id='line_1_6' title="bbox 191 680 1758 758; baseline -0.008 -13"><span class='ocrx_word' id='word_1_42' title='bbox 191 707 349 748; x_wconf 89' lang='grc' dir='ltr'>νωσιν</span> <span class='ocrx_word' id='word_1_43' title='bbox 397 689 427 741; x_wconf 86' lang='grc' dir='ltr'>ὁ</span> <span class='ocrx_word' id='word_1_44' title='bbox 464 687 756 758; x_wconf 82' lang='grc' dir='ltr'>μονογενὴς</span> <span class='ocrx_word' id='word_1_45' title='bbox 796 684 891 737; x_wconf 87' lang='grc' dir='ltr'><strong>τοῦ</strong></span> <span class='ocrx_word' id='word_1_46' title='bbox 935 683 1070 738; x_wconf 91' lang='grc' dir='ltr'>Θεοῦ</span> <span class='ocrx_word' id='word_1_47' title='bbox 1111 684 1303 752; x_wconf 82' lang='grc' dir='ltr'>Λόγος,</span> <span class='ocrx_word' id='word_1_48' title='bbox 1355 682 1469 736; x_wconf 81' lang='grc' dir='ltr'>ἀλλ’</span> <span class='ocrx_word' id='word_1_49' title='bbox 1506 681 1623 734; x_wconf 78' lang='grc' dir='ltr'>ἐστι</span> <span class='ocrx_word' id='word_1_50' title='bbox 1663 680 1758 733; x_wconf 78' lang='grc' dir='ltr'>καὶ</span> 
     </span>
    </p>
   </div>
   <div class='ocr_carea' id='block_1_7' title="bbox 194 770 1756 842">
    <p class='ocr_par' dir='ltr' id='par_1_7' title="bbox 194 770 1756 842">
     <span class='ocr_line' id='line_1_7' title="bbox 194 770 1756 842; baseline -0.005 -13"><span class='ocrx_word' id='word_1_51' title='bbox 194 776 315 829; x_wconf 82' lang='grc' dir='ltr'>ῐδιον</span> <span class='ocrx_word' id='word_1_52' title='bbox 346 773 510 828; x_wconf 91' lang='grc' dir='ltr'>αὑτοῦ</span> <span class='ocrx_word' id='word_1_53' title='bbox 551 771 795 840; x_wconf 82' lang='grc' dir='ltr'><strong>φυσικῶς</strong></span> <span class='ocrx_word' id='word_1_54' title='bbox 822 771 883 824; x_wconf 75' lang='grc' dir='ltr'><strong>τὸ</strong></span> <span class='ocrx_word' id='word_1_55' title='bbox 910 775 967 824; x_wconf 90' lang='grc' dir='ltr'><strong>ἑν</strong></span> <span class='ocrx_word' id='word_1_56' title='bbox 996 771 1122 842; x_wconf 79' lang='grc' dir='ltr'>δόξῃ</span> <span class='ocrx_word' id='word_1_57' title='bbox 1147 771 1386 824; x_wconf 81' lang='grc' dir='ltr'><strong>νοεῖσθαι</strong></span> <span class='ocrx_word' id='word_1_58' title='bbox 1427 773 1494 840; x_wconf 81' lang='grc' dir='ltr'>τῇ</span> <span class='ocrx_word' id='word_1_59' title='bbox 1526 770 1756 840; x_wconf 85' lang='grc' dir='ltr'>θεοπρε-</span> 
     </span>
    </p>
   </div>
   <div class='ocr_carea' id='block_1_8' title="bbox 193 860 1759 934">
    <p class='ocr_par' dir='ltr' id='par_1_8' title="bbox 193 860 1759 934">
     <span class='ocr_line' id='line_1_8' title="bbox 193 860 1759 934; baseline -0.006 -14"><span class='ocrx_word' id='word_1_60' title='bbox 193 871 296 929; x_wconf 86' lang='grc' dir='ltr'>πεῖ,</span> <span class='ocrx_word' id='word_1_61' title='bbox 326 866 420 918; x_wconf 71' lang='grc' dir='ltr'>καὶ</span> <span class='ocrx_word' id='word_1_62' title='bbox 445 866 504 917; x_wconf 84' lang='grc' dir='ltr'><strong>ἑν</strong></span> <span class='ocrx_word' id='word_1_63' title='bbox 550 865 842 934; x_wconf 75' lang='grc' dir='ltr'><strong>ὑπεροχαῖς</strong></span> <span class='ocrx_word' id='word_1_64' title='bbox 885 863 1150 934; x_wconf 81' lang='grc' dir='ltr'><strong>ὑπάρχειν</strong></span> <span class='ocrx_word' id='word_1_65' title='bbox 1181 866 1302 926; x_wconf 87' lang='grc' dir='ltr'>ταῖς</span> <span class='ocrx_word' id='word_1_66' title='bbox 1338 863 1478 933; x_wconf 84' lang='grc' dir='ltr'>ὑπὲρ</span> <span class='ocrx_word' id='word_1_67' title='bbox 1509 861 1604 932; x_wconf 83' lang='grc' dir='ltr'>τὴν</span> <span class='ocrx_word' id='word_1_68' title='bbox 1642 860 1759 912; x_wconf 85' lang='grc' dir='ltr'>κτί-</span> 
     </span>
    </p>
   </div>
   <div class='ocr_carea' id='block_1_9' title="bbox 193 948 1759 1022">
    <p class='ocr_par' dir='ltr' id='par_1_9' title="bbox 193 948 1759 1022">
     <span class='ocr_line' id='line_1_9' title="bbox 193 948 1759 1022; baseline -0.003 -18"><span class='ocrx_word' id='word_1_69' title='bbox 193 969 290 1014; x_wconf 88' lang='grc' dir='ltr'>σιν,</span> <span class='ocrx_word' id='word_1_70' title='bbox 327 951 576 1020; x_wconf 83' lang='grc' dir='ltr'>καθάπερ</span> <span class='ocrx_word' id='word_1_71' title='bbox 599 951 791 1020; x_wconf 81' lang='grc' dir='ltr'>ἀμέλει</span> <span class='ocrx_word' id='word_1_72' title='bbox 812 949 906 1003; x_wconf 73' lang='grc' dir='ltr'>καὶ</span> <span class='ocrx_word' id='word_1_73' title='bbox 933 951 1038 1021; x_wconf 82' lang='grc' dir='ltr'>πρὸ</span> <span class='ocrx_word' id='word_1_74' title='bbox 1075 951 1175 1020; x_wconf 77' lang='grc' dir='ltr'>τῆς</span> <span class='ocrx_word' id='word_1_75' title='bbox 1207 953 1428 1022; x_wconf 88' lang='grc' dir='ltr'>σαρκός.</span> <span class='ocrx_word' id='word_1_76' title='bbox 1470 949 1572 1002; x_wconf 84' lang='grc' dir='ltr'>Διὰ</span> <span class='ocrx_word' id='word_1_77' title='bbox 1596 948 1759 1001; x_wconf 88' lang='grc' dir='ltr'>τοῦτο</span> 
     </span>
    </p>
   </div>
   <div class='ocr_carea' id='block_1_10' title="bbox 122 1042 1761 1116">
    <p class='ocr_par' dir='ltr' id='par_1_10' title="bbox 122 1042 1761 1116">
     <span class='ocr_line' id='line_1_10' title="bbox 122 1042 1761 1116; baseline -0.004 -18"><span class='ocrx_word' id='word_1_78' title='bbox 122 1111 126 1116; x_wconf 92' lang='lat'><strong>_</strong></span> <span class='ocrx_word' id='word_1_79' title='bbox 191 1045 253 1098; x_wconf 75' lang='grc' dir='ltr'><strong>τά</strong></span> <span class='ocrx_word' id='word_1_80' title='bbox 283 1042 561 1114; x_wconf 75' lang='grc' dir='ltr'>Χερουϐὶμ</span> <span class='ocrx_word' id='word_1_81' title='bbox 613 1044 933 1112; x_wconf 77' lang='grc' dir='ltr'><strong>περιεστᾶσι</strong></span> <span class='ocrx_word' id='word_1_82' title='bbox 969 1043 1030 1096; x_wconf 87' lang='grc' dir='ltr'><strong>τὺ</strong></span> <span class='ocrx_word' id='word_1_83' title='bbox 1079 1043 1410 1114; x_wconf 78' lang='grc' dir='ltr'><strong>ἱλαστήριον,</strong></span> <span class='ocrx_word' id='word_1_84' title='bbox 1446 1042 1761 1106; x_wconf 77' lang='grc' dir='ltr'>πυκάζοντα</span> 
     </span>
    </p>
   </div>
   <div class='ocr_carea' id='block_1_11' title="bbox 190 1134 1761 1207">
    <p class='ocr_par' dir='ltr' id='par_1_11' title="bbox 190 1134 1761 1207">
     <span class='ocr_line' id='line_1_11' title="bbox 190 1134 1761 1207; baseline -0.001 -17"><span class='ocrx_word' id='word_1_85' title='bbox 190 1138 306 1198; x_wconf 81' lang='grc' dir='ltr'>ταῖς</span> <span class='ocrx_word' id='word_1_86' title='bbox 339 1134 590 1206; x_wconf 77' lang='grc' dir='ltr'><strong>πτέρυξι,</strong></span> <span class='ocrx_word' id='word_1_87' title='bbox 627 1135 722 1188; x_wconf 73' lang='grc' dir='ltr'>καὶ</span> <span class='ocrx_word' id='word_1_88' title='bbox 754 1135 890 1205; x_wconf 82' lang='grc' dir='ltr'>πρὸς</span> <span class='ocrx_word' id='word_1_89' title='bbox 925 1135 1059 1188; x_wconf 83' lang='grc' dir='ltr'>αὐτὸ</span> <span class='ocrx_word' id='word_1_90' title='bbox 1088 1137 1440 1207; x_wconf 81' lang='grc' dir='ltr'>τετραμμένα</span> <span class='ocrx_word' id='word_1_91' title='bbox 1461 1177 1475 1201; x_wconf 88' lang='grc'><strong>,</strong></span> <span class='ocrx_word' id='word_1_92' title='bbox 1529 1137 1625 1189; x_wconf 71' lang='grc' dir='ltr'><strong>καὶ</strong></span> <span class='ocrx_word' id='word_1_93' title='bbox 1671 1136 1761 1189; x_wconf 81' lang='grc' dir='ltr'><strong>άεὶ</strong></span> 
     </span>
    </p>
   </div>
   <div class='ocr_carea' id='block_1_12' title="bbox 191 1227 1760 1299">
    <p class='ocr_par' dir='ltr' id='par_1_12' title="bbox 191 1227 1760 1299">
     <span class='ocr_line' id='line_1_12' title="bbox 191 1227 1760 1299; baseline -0.001 -18"><span class='ocrx_word' id='word_1_94' title='bbox 191 1228 246 1281; x_wconf 84' lang='grc' dir='ltr'><strong>τὺ</strong></span> <span class='ocrx_word' id='word_1_95' title='bbox 281 1227 582 1296; x_wconf 87' lang='grc' dir='ltr'>πρόσωπον</span> <span class='ocrx_word' id='word_1_96' title='bbox 609 1228 983 1299; x_wconf 87' lang='grc' dir='ltr'>ἑπερείδοντα,</span> <span class='ocrx_word' id='word_1_97' title='bbox 1013 1228 1108 1281; x_wconf 73' lang='grc' dir='ltr'>καὶ</span> <span class='ocrx_word' id='word_1_98' title='bbox 1135 1229 1460 1299; x_wconf 77' lang='grc' dir='ltr'><strong>δορυφορίας</strong></span> <span class='ocrx_word' id='word_1_99' title='bbox 1503 1227 1602 1297; x_wconf 74' lang='grc' dir='ltr'>μὲν</span> <span class='ocrx_word' id='word_1_100' title='bbox 1624 1228 1760 1280; x_wconf 82' lang='grc' dir='ltr'>ἀπό-</span> 
     </span>
    </p>
   </div>
   <div class='ocr_carea' id='block_1_13' title="bbox 189 1317 1757 1389">
    <p class='ocr_par' dir='ltr' id='par_1_13' title="bbox 189 1317 1757 1389">
     <span class='ocr_line' id='line_1_13' title="bbox 189 1317 1757 1389; baseline 0.002 -19"><span class='ocrx_word' id='word_1_101' title='bbox 189 1317 341 1380; x_wconf 81' lang='grc' dir='ltr'>δειξις</span> <span class='ocrx_word' id='word_1_102' title='bbox 373 1318 630 1388; x_wconf 77' lang='grc' dir='ltr'>ἐναργὴς,</span> <span class='ocrx_word' id='word_1_103' title='bbox 659 1320 692 1388; x_wconf 82' lang='grc' dir='ltr'><strong>ἡ</strong></span> <span class='ocrx_word' id='word_1_104' title='bbox 719 1320 798 1382; x_wconf 85' lang='grc' dir='ltr'><strong>είς</strong></span> <span class='ocrx_word' id='word_1_105' title='bbox 841 1318 992 1384; x_wconf 77' lang='grc' dir='ltr'>δεξιά</span> <span class='ocrx_word' id='word_1_106' title='bbox 1040 1337 1098 1372; x_wconf 90' lang='grc' dir='ltr'><strong>τε</strong></span> <span class='ocrx_word' id='word_1_107' title='bbox 1129 1320 1224 1372; x_wconf 75' lang='grc' dir='ltr'>καὶ</span> <span class='ocrx_word' id='word_1_108' title='bbox 1250 1319 1507 1389; x_wconf 82' lang='grc' dir='ltr'>εὐώνυμα</span> <span class='ocrx_word' id='word_1_109' title='bbox 1549 1317 1757 1380; x_wconf 79' lang='grc' dir='ltr'>στάσις.</span> 
     </span>
    </p>
   </div>
   <div class='ocr_carea' id='block_1_14' title="bbox 191 1406 1760 1477">
    <p class='ocr_par' dir='ltr' id='par_1_14' title="bbox 191 1406 1760 1477">
     <span class='ocr_line' id='line_1_14' title="bbox 191 1406 1760 1477; baseline -0.001 -17"><span class='ocrx_word' id='word_1_110' title='bbox 191 1406 258 1460; x_wconf 84' lang='grc' dir='ltr'><strong>Τὸ</strong></span> <span class='ocrx_word' id='word_1_111' title='bbox 289 1407 342 1458; x_wconf 84' lang='grc' dir='ltr'>δὲ</span> <span class='ocrx_word' id='word_1_112' title='bbox 371 1407 480 1458; x_wconf 86' lang='grc' dir='ltr'><strong>τῶν</strong></span> <span class='ocrx_word' id='word_1_113' title='bbox 509 1408 770 1461; x_wconf 82' lang='grc' dir='ltr'><strong>ἀνωτάτω</strong></span> <span class='ocrx_word' id='word_1_114' title='bbox 795 1408 1076 1477; x_wconf 82' lang='grc' dir='ltr'>δυνάμεων</span> <span class='ocrx_word' id='word_1_115' title='bbox 1101 1406 1260 1460; x_wconf 90' lang='grc' dir='ltr'>οἱονεί</span> <span class='ocrx_word' id='word_1_116' title='bbox 1307 1425 1422 1470; x_wconf 89' lang='grc' dir='ltr'><strong>πως</strong></span> <span class='ocrx_word' id='word_1_117' title='bbox 1464 1407 1674 1460; x_wconf 78' lang='grc' dir='ltr'>ἔντονόν</span> <span class='ocrx_word' id='word_1_118' title='bbox 1700 1423 1760 1459; x_wconf 85' lang='grc' dir='ltr'><strong>τε</strong></span> 
     </span>
    </p>
   </div>
   <div class='ocr_carea' id='block_1_15' title="bbox 191 1495 1762 1568">
    <p class='ocr_par' dir='ltr' id='par_1_15' title="bbox 191 1495 1762 1568">
     <span class='ocr_line' id='line_1_15' title="bbox 191 1495 1762 1568; baseline -0.001 -18"><span class='ocrx_word' id='word_1_119' title='bbox 191 1498 276 1550; x_wconf 78' lang='grc' dir='ltr'>καὶ</span> <span class='ocrx_word' id='word_1_120' title='bbox 311 1497 606 1568; x_wconf 80' lang='grc' dir='ltr'>ἀκόρεστον</span> <span class='ocrx_word' id='word_1_121' title='bbox 639 1498 718 1560; x_wconf 85' lang='grc' dir='ltr'><strong>εἱς</strong></span> <span class='ocrx_word' id='word_1_122' title='bbox 761 1497 1038 1561; x_wconf 81' lang='grc' dir='ltr'>θεοπτίαν,</span> <span class='ocrx_word' id='word_1_123' title='bbox 1086 1496 1449 1566; x_wconf 85' lang='grc' dir='ltr'>ὑπεμφαίνειν</span> <span class='ocrx_word' id='word_1_124' title='bbox 1479 1495 1670 1558; x_wconf 82' lang='grc' dir='ltr'>ἔοικεν,</span> <span class='ocrx_word' id='word_1_125' title='bbox 1701 1496 1762 1549; x_wconf 84' lang='grc' dir='ltr'>τὸ</span> 
     </span>
    </p>
   </div>
   <div class='ocr_carea' id='block_1_16' title="bbox 191 1588 1754 1660">
    <p class='ocr_par' dir='ltr' id='par_1_16' title="bbox 191 1588 1754 1660">
     <span class='ocr_line' id='line_1_16' title="bbox 191 1588 1754 1660; baseline 0.001 -20"><span class='ocrx_word' id='word_1_126' title='bbox 191 1588 397 1658; x_wconf 82' lang='grc' dir='ltr'>βλέπειν</span> <span class='ocrx_word' id='word_1_127' title='bbox 422 1588 512 1641; x_wconf 78' lang='grc' dir='ltr'>άεὶ</span> <span class='ocrx_word' id='word_1_128' title='bbox 541 1588 608 1640; x_wconf 72' lang='grc' dir='ltr'><strong>τά</strong></span> <span class='ocrx_word' id='word_1_129' title='bbox 637 1588 919 1659; x_wconf 72' lang='grc' dir='ltr'>Χερουϐὶμ</span> <span class='ocrx_word' id='word_1_130' title='bbox 949 1589 1042 1642; x_wconf 77' lang='grc' dir='ltr'><strong>ἑπὶ</strong></span> <span class='ocrx_word' id='word_1_131' title='bbox 1073 1589 1135 1640; x_wconf 74' lang='grc' dir='ltr'><strong>τὸ</strong></span> <span class='ocrx_word' id='word_1_132' title='bbox 1171 1588 1504 1660; x_wconf 80' lang='grc' dir='ltr'>ἱλαστήριον.</span> <span class='ocrx_word' id='word_1_133' title='bbox 1559 1590 1648 1642; x_wconf 89' lang='grc' dir='ltr'>Ἐν</span> <span class='ocrx_word' id='word_1_134' title='bbox 1673 1590 1754 1660; x_wconf 85' lang='grc' dir='ltr'>τῷ</span> 
     </span>
    </p>
   </div>
   <div class='ocr_carea' id='block_1_17' title="bbox 193 1679 1764 1752">
    <p class='ocr_par' dir='ltr' id='par_1_17' title="bbox 193 1679 1764 1752">
     <span class='ocr_line' id='line_1_17' title="bbox 193 1679 1764 1752; baseline -0.001 -19"><span class='ocrx_word' id='word_1_135' title='bbox 193 1679 298 1750; x_wconf 83' lang='grc' dir='ltr'>ίδίῳ</span> <span class='ocrx_word' id='word_1_136' title='bbox 333 1679 390 1732; x_wconf 84' lang='grc' dir='ltr'>δὲ</span> <span class='ocrx_word' id='word_1_137' title='bbox 427 1681 668 1751; x_wconf 85' lang='grc' dir='ltr'>σχήματι</span> <span class='ocrx_word' id='word_1_138' title='bbox 710 1681 911 1750; x_wconf 85' lang='grc' dir='ltr'>γράφει</span> <span class='ocrx_word' id='word_1_139' title='bbox 950 1680 1042 1734; x_wconf 83' lang='grc' dir='ltr'>τὸν</span> <span class='ocrx_word' id='word_1_140' title='bbox 1092 1681 1220 1734; x_wconf 84' lang='grc' dir='ltr'>Υἱὸν</span> <span class='ocrx_word' id='word_1_141' title='bbox 1259 1681 1354 1734; x_wconf 72' lang='grc' dir='ltr'>καὶ</span> <span class='ocrx_word' id='word_1_142' title='bbox 1399 1682 1428 1734; x_wconf 88' lang='grc' dir='ltr'><strong>ό</strong></span> <span class='ocrx_word' id='word_1_143' title='bbox 1479 1681 1764 1752; x_wconf 80' lang='grc' dir='ltr'>προφήτης</span> 
     </span>
    </p>
   </div>
   <div class='ocr_carea' id='block_1_18' title="bbox 199 1770 1761 1844">
    <p class='ocr_par' dir='ltr' id='par_1_18' title="bbox 199 1770 1761 1844">
     <span class='ocr_line' id='line_1_18' title="bbox 199 1770 1761 1844; baseline 0 -19"><span class='ocrx_word' id='word_1_144' title='bbox 199 1771 648 1842; x_wconf 77' lang='grc' dir='ltr'>Ἢσαῒας,λέγων·</span> <span class='ocrx_word' id='word_1_145' title='bbox 690 1791 708 1823; x_wconf 77' lang='grc' dir='ltr'><strong>ι</strong></span> <span class='ocrx_word' id='word_1_146' title='bbox 739 1770 891 1825; x_wconf 77' lang='grc' dir='ltr'>Εἶδον</span> <span class='ocrx_word' id='word_1_147' title='bbox 913 1772 1008 1825; x_wconf 85' lang='grc' dir='ltr'>τὸν</span> <span class='ocrx_word' id='word_1_148' title='bbox 1039 1772 1242 1842; x_wconf 81' lang='grc' dir='ltr'>Κύριον</span> <span class='ocrx_word' id='word_1_149' title='bbox 1270 1771 1499 1827; x_wconf 75' lang='grc' dir='ltr'>Σαϐαὼθ</span> <span class='ocrx_word' id='word_1_150' title='bbox 1515 1772 1761 1844; x_wconf 86' lang='grc' dir='ltr'>καθήμε-</span> 
     </span>
    </p>
   </div>
   <div class='ocr_carea' id='block_1_19' title="bbox 1859 582 3443 655">
    <p class='ocr_par' dir='ltr' id='par_1_19' title="bbox 1859 582 3443 655">
     <span class='ocr_line' id='line_1_19' title="bbox 1859 582 3443 655; baseline -0.004 -9"><span class='ocrx_word' id='word_1_151' title='bbox 1859 601 1916 646; x_wconf 91' lang='lat' dir='ltr'><strong>et</strong></span> <span class='ocrx_word' id='word_1_152' title='bbox 1942 609 1954 643; x_wconf 88' lang='lat'><strong>:</strong></span> <span class='ocrx_word' id='word_1_153' title='bbox 1986 610 2002 640; x_wconf 77' lang='grc' dir='ltr'><strong>ι</strong></span> <span class='ocrx_word' id='word_1_154' title='bbox 2032 591 2205 644; x_wconf 87' lang='lat' dir='ltr'><strong>Nemo</strong></span> <span class='ocrx_word' id='word_1_155' title='bbox 2225 590 2378 644; x_wconf 91' lang='lat' dir='ltr'><strong>venit</strong></span> <span class='ocrx_word' id='word_1_156' title='bbox 2404 588 2471 642; x_wconf 90' lang='lat' dir='ltr'><strong>ad</strong></span> <span class='ocrx_word' id='word_1_157' title='bbox 2501 589 2739 652; x_wconf 86' lang='lat' dir='ltr'><strong>Patrem,</strong></span> <span class='ocrx_word' id='word_1_158' title='bbox 2767 586 2872 640; x_wconf 92' lang='lat' dir='ltr'><strong>nisi</strong></span> <span class='ocrx_word' id='word_1_159' title='bbox 2899 600 2996 655; x_wconf 86' lang='lat' dir='ltr'><strong>per</strong></span> <span class='ocrx_word' id='word_1_160' title='bbox 3023 585 3192 639; x_wconf 81' lang='lat' dir='ltr'><strong>me&quot;.</strong></span> <span class='ocrx_word' id='word_1_161' title='bbox 3225 603 3242 635; x_wconf 75' lang='grc' dir='ltr'><strong>ι</strong></span> <span class='ocrx_word' id='word_1_162' title='bbox 3270 582 3443 640; x_wconf 57' lang='grc' dir='ltr'>(Σκιρτ-</span> 
     </span>
    </p>
   </div>
   <div class='ocr_carea' id='block_1_20' title="bbox 1857 673 3444 744">
    <p class='ocr_par' dir='ltr' id='par_1_20' title="bbox 1857 673 3444 744">
     <span class='ocr_line' id='line_1_20' title="bbox 1857 673 3444 744; baseline -0.005 -9"><span class='ocrx_word' id='word_1_163' title='bbox 1857 696 2001 744; x_wconf 90' lang='lat' dir='ltr'><strong>rum,</strong></span> <span class='ocrx_word' id='word_1_164' title='bbox 2042 679 2259 734; x_wconf 75' lang='lat' dir='ltr'><strong>tametsi</strong></span> <span class='ocrx_word' id='word_1_165' title='bbox 2313 679 2486 732; x_wconf 85' lang='lat' dir='ltr'><strong>nostri</strong></span> <span class='ocrx_word' id='word_1_166' title='bbox 2534 677 2729 732; x_wconf 87' lang='lat' dir='ltr'><strong>similis</strong></span> <span class='ocrx_word' id='word_1_167' title='bbox 2766 675 2942 730; x_wconf 89' lang='lat' dir='ltr'><strong>factus</strong></span> <span class='ocrx_word' id='word_1_168' title='bbox 2965 675 3055 737; x_wconf 90' lang='lat' dir='ltr'><strong>sit,</strong></span> <span class='ocrx_word' id='word_1_169' title='bbox 3084 690 3205 728; x_wconf 94' lang='lat' dir='ltr'><strong>cum</strong></span> <span class='ocrx_word' id='word_1_170' title='bbox 3231 689 3348 727; x_wconf 86' lang='lat' dir='ltr'><strong>sese</strong></span> <span class='ocrx_word' id='word_1_171' title='bbox 3377 673 3444 727; x_wconf 89' lang='lat' dir='ltr'><strong>ad</strong></span> 
     </span>
    </p>
   </div>
   <div class='ocr_carea' id='block_1_21' title="bbox 1859 763 3444 834">
    <p class='ocr_par' dir='ltr' id='par_1_21' title="bbox 1859 763 3444 834">
     <span class='ocr_line' id='line_1_21' title="bbox 1859 763 3444 834; baseline -0.003 -10"><span class='ocrx_word' id='word_1_172' title='bbox 1859 770 2260 824; x_wconf 86' lang='lat' dir='ltr'><strong>humanitatem</strong></span> <span class='ocrx_word' id='word_1_173' title='bbox 2285 767 2826 834; x_wconf 81' lang='lat' dir='ltr'><strong>exinanitioncmque</strong></span> <span class='ocrx_word' id='word_1_174' title='bbox 2856 764 3075 819; x_wconf 81' lang='lat' dir='ltr'><strong>demisit</strong></span> <span class='ocrx_word' id='word_1_175' title='bbox 3097 763 3229 817; x_wconf 91' lang='lat' dir='ltr'><strong>illud</strong></span> <span class='ocrx_word' id='word_1_176' title='bbox 3254 767 3444 833; x_wconf 84' lang='lat' dir='ltr'><strong>unige-</strong></span> 
     </span>
    </p>
   </div>
   <div class='ocr_carea' id='block_1_22' title="bbox 1857 853 3446 923">
    <p class='ocr_par' dir='ltr' id='par_1_22' title="bbox 1857 853 3446 923">
     <span class='ocr_line' id='line_1_22' title="bbox 1857 853 3446 923; baseline -0.006 -9"><span class='ocrx_word' id='word_1_177' title='bbox 1857 861 2035 914; x_wconf 92' lang='lat' dir='ltr'><strong>nitum</strong></span> <span class='ocrx_word' id='word_1_178' title='bbox 2075 858 2171 912; x_wconf 85' lang='lat' dir='ltr'><strong>Dei</strong></span> <span class='ocrx_word' id='word_1_179' title='bbox 2205 858 2478 923; x_wconf 83' lang='lat' dir='ltr'><strong>Verbum;</strong></span> <span class='ocrx_word' id='word_1_180' title='bbox 2509 864 2593 911; x_wconf 92' lang='lat' dir='ltr'><strong>est</strong></span> <span class='ocrx_word' id='word_1_181' title='bbox 2627 864 2808 910; x_wconf 90' lang='lat' dir='ltr'><strong>tamen</strong></span> <span class='ocrx_word' id='word_1_182' title='bbox 2844 853 2922 907; x_wconf 85' lang='lat' dir='ltr'><strong>illi</strong></span> <span class='ocrx_word' id='word_1_183' title='bbox 2958 854 3316 906; x_wconf 85' lang='lat' dir='ltr'><strong>nihilominus</strong></span> <span class='ocrx_word' id='word_1_184' title='bbox 3353 869 3446 905; x_wconf 87' lang='lat' dir='ltr'><strong>na-</strong></span> 
     </span>
    </p>
   </div>
   <div class='ocr_carea' id='block_1_23' title="bbox 1858 945 3449 1018">
    <p class='ocr_par' dir='ltr' id='par_1_23' title="bbox 1858 945 3449 1018">
     <span class='ocr_line' id='line_1_23' title="bbox 1858 945 3449 1018; baseline -0.006 -14"><span class='ocrx_word' id='word_1_185' title='bbox 1858 959 1995 1004; x_wconf 74' lang='lat' dir='ltr'><strong>tura:</strong></span> <span class='ocrx_word' id='word_1_186' title='bbox 2017 966 2129 1004; x_wconf 73' lang='lat' dir='ltr'><strong>sua:</strong></span> <span class='ocrx_word' id='word_1_187' title='bbox 2163 949 2371 1002; x_wconf 85' lang='lat' dir='ltr'><strong>ratione</strong></span> <span class='ocrx_word' id='word_1_188' title='bbox 2390 949 2694 1018; x_wconf 91' lang='lat' dir='ltr'><strong>proprium,</strong></span> <span class='ocrx_word' id='word_1_189' title='bbox 2720 947 2774 999; x_wconf 91' lang='lat' dir='ltr'><strong>in</strong></span> <span class='ocrx_word' id='word_1_190' title='bbox 2801 961 2862 1000; x_wconf 90' lang='lat' dir='ltr'><strong>ea</strong></span> <span class='ocrx_word' id='word_1_191' title='bbox 2885 945 3055 1015; x_wconf 82' lang='lat' dir='ltr'><strong>gloria</strong></span> <span class='ocrx_word' id='word_1_192' title='bbox 3083 960 3146 998; x_wconf 88' lang='lat' dir='ltr'><strong>ac</strong></span> <span class='ocrx_word' id='word_1_193' title='bbox 3195 945 3449 1013; x_wconf 87' lang='lat' dir='ltr'><strong>majesta-</strong></span> 
     </span>
    </p>
   </div>
   <div class='ocr_carea' id='block_1_24' title="bbox 1861 1036 3445 1112">
    <p class='ocr_par' dir='ltr' id='par_1_24' title="bbox 1861 1036 3445 1112">
     <span class='ocr_line' id='line_1_24' title="bbox 1861 1036 3445 1112; baseline -0.006 -15"><span class='ocrx_word' id='word_1_194' title='bbox 1861 1052 1915 1098; x_wconf 88' lang='lat' dir='ltr'><strong>te</strong></span> <span class='ocrx_word' id='word_1_195' title='bbox 1953 1058 2075 1112; x_wconf 71' lang='lat' dir='ltr'><strong>qua:</strong></span> <span class='ocrx_word' id='word_1_196' title='bbox 2097 1044 2266 1097; x_wconf 91' lang='lat' dir='ltr'><strong>Deum</strong></span> <span class='ocrx_word' id='word_1_197' title='bbox 2306 1042 2520 1105; x_wconf 90' lang='lat' dir='ltr'><strong>deceat,</strong></span> <span class='ocrx_word' id='word_1_198' title='bbox 2545 1040 2804 1108; x_wconf 83' lang='lat' dir='ltr'><strong>intelligi;</strong></span> <span class='ocrx_word' id='word_1_199' title='bbox 2830 1049 2887 1092; x_wconf 90' lang='lat' dir='ltr'><strong>et</strong></span> <span class='ocrx_word' id='word_1_200' title='bbox 2913 1038 2967 1090; x_wconf 91' lang='lat' dir='ltr'><strong>in</strong></span> <span class='ocrx_word' id='word_1_201' title='bbox 3009 1053 3076 1092; x_wconf 89' lang='lat' dir='ltr'><strong>ea</strong></span> <span class='ocrx_word' id='word_1_202' title='bbox 3123 1036 3445 1091; x_wconf 79' lang='lat' dir='ltr'><strong>excellentia</strong></span> 
     </span>
    </p>
   </div>
   <div class='ocr_carea' id='block_1_25' title="bbox 1859 1126 3445 1204">
    <p class='ocr_par' dir='ltr' id='par_1_25' title="bbox 1859 1126 3445 1204">
     <span class='ocr_line' id='line_1_25' title="bbox 1859 1126 3445 1204; baseline -0.005 -16"><span class='ocrx_word' id='word_1_203' title='bbox 1859 1149 1966 1204; x_wconf 87' lang='lat' dir='ltr'><strong>qua</strong></span> <span class='ocrx_word' id='word_1_204' title='bbox 1988 1134 2256 1189; x_wconf 85' lang='lat' dir='ltr'><strong>creaturis</strong></span> <span class='ocrx_word' id='word_1_205' title='bbox 2281 1133 2536 1188; x_wconf 92' lang='lat' dir='ltr'><strong>omnibus</strong></span> <span class='ocrx_word' id='word_1_206' title='bbox 2559 1138 2801 1202; x_wconf 66' lang='lat' dir='ltr'><strong>praestat,</strong></span> <span class='ocrx_word' id='word_1_207' title='bbox 2821 1144 3165 1198; x_wconf 85' lang='lat' dir='ltr'><strong>permanere,</strong></span> <span class='ocrx_word' id='word_1_208' title='bbox 3180 1126 3445 1197; x_wconf 87' lang='lat' dir='ltr'><strong>quemad-</strong></span> 
     </span>
    </p>
   </div>
   <div class='ocr_carea' id='block_1_26' title="bbox 1861 1220 3443 1294">
    <p class='ocr_par' dir='ltr' id='par_1_26' title="bbox 1861 1220 3443 1294">
     <span class='ocr_line' id='line_1_26' title="bbox 1861 1220 3443 1294; baseline -0.005 -14"><span class='ocrx_word' id='word_1_209' title='bbox 1861 1226 2085 1280; x_wconf 91' lang='lat' dir='ltr'><strong>modum</strong></span> <span class='ocrx_word' id='word_1_210' title='bbox 2101 1225 2218 1279; x_wconf 91' lang='lat' dir='ltr'><strong>sine</strong></span> <span class='ocrx_word' id='word_1_211' title='bbox 2235 1225 2405 1279; x_wconf 93' lang='lat' dir='ltr'><strong>dubio</strong></span> <span class='ocrx_word' id='word_1_212' title='bbox 2421 1233 2542 1279; x_wconf 90' lang='lat' dir='ltr'><strong>erat</strong></span> <span class='ocrx_word' id='word_1_213' title='bbox 2576 1233 2870 1294; x_wconf 89' lang='lat' dir='ltr'><strong>antequam</strong></span> <span class='ocrx_word' id='word_1_214' title='bbox 2889 1236 3106 1276; x_wconf 85' lang='lat' dir='ltr'><strong>carnem</strong></span> <span class='ocrx_word' id='word_1_215' title='bbox 3123 1220 3443 1288; x_wconf 84' lang='lat' dir='ltr'><strong>accepisset.</strong></span> 
     </span>
    </p>
   </div>
   <div class='ocr_carea' id='block_1_27' title="bbox 1861 1314 3445 1388">
    <p class='ocr_par' dir='ltr' id='par_1_27' title="bbox 1861 1314 3445 1388">
     <span class='ocr_line' id='line_1_27' title="bbox 1861 1314 3445 1388; baseline -0.006 -15"><span class='ocrx_word' id='word_1_216' title='bbox 1861 1319 1942 1374; x_wconf 92' lang='lat' dir='ltr'><strong>Ob</strong></span> <span class='ocrx_word' id='word_1_217' title='bbox 1973 1334 2094 1372; x_wconf 89' lang='lat' dir='ltr'><strong>eam</strong></span> <span class='ocrx_word' id='word_1_218' title='bbox 2123 1318 2288 1388; x_wconf 80' lang='lat' dir='ltr'><strong>igitur</strong></span> <span class='ocrx_word' id='word_1_219' title='bbox 2334 1332 2553 1371; x_wconf 87' lang='lat' dir='ltr'><strong>causam</strong></span> <span class='ocrx_word' id='word_1_220' title='bbox 2581 1315 2877 1370; x_wconf 90' lang='lat' dir='ltr'><strong>Cherubim</strong></span> <span class='ocrx_word' id='word_1_221' title='bbox 2925 1314 3280 1368; x_wconf 85' lang='lat' dir='ltr'><strong>circumstant</strong></span> <span class='ocrx_word' id='word_1_222' title='bbox 3313 1326 3445 1380; x_wconf 91' lang='lat' dir='ltr'><strong>pro-</strong></span> 
     </span>
    </p>
   </div>
   <div class='ocr_carea' id='block_1_28' title="bbox 1862 1402 3444 1480">
    <p class='ocr_par' dir='ltr' id='par_1_28' title="bbox 1862 1402 3444 1480">
     <span class='ocr_line' id='line_1_28' title="bbox 1862 1402 3444 1480; baseline -0.006 -17"><span class='ocrx_word' id='word_1_223' title='bbox 1862 1408 2225 1480; x_wconf 90' lang='lat' dir='ltr'><strong>pitiatorium,</strong></span> <span class='ocrx_word' id='word_1_224' title='bbox 2267 1417 2324 1462; x_wconf 92' lang='lat' dir='ltr'><strong>ct</strong></span> <span class='ocrx_word' id='word_1_225' title='bbox 2357 1414 2548 1478; x_wconf 87' lang='lat' dir='ltr'><strong>tegunt</strong></span> <span class='ocrx_word' id='word_1_226' title='bbox 2586 1407 2715 1470; x_wconf 81' lang='lat' dir='ltr'><strong>alis,</strong></span> <span class='ocrx_word' id='word_1_227' title='bbox 2751 1413 2806 1459; x_wconf 89' lang='lat' dir='ltr'><strong>et</strong></span> <span class='ocrx_word' id='word_1_228' title='bbox 2833 1405 2898 1459; x_wconf 90' lang='lat' dir='ltr'><strong>ad</strong></span> <span class='ocrx_word' id='word_1_229' title='bbox 2932 1402 3066 1457; x_wconf 90' lang='lat' dir='ltr'><strong>illud</strong></span> <span class='ocrx_word' id='word_1_230' title='bbox 3102 1418 3258 1456; x_wconf 87' lang='lat' dir='ltr'><strong>versa</strong></span> <span class='ocrx_word' id='word_1_231' title='bbox 3295 1410 3444 1466; x_wconf 92' lang='lat' dir='ltr'><strong>sunt,</strong></span> 
     </span>
    </p>
   </div>
   <div class='ocr_carea' id='block_1_29' title="bbox 1863 1493 3445 1570">
    <p class='ocr_par' dir='ltr' id='par_1_29' title="bbox 1863 1493 3445 1570">
     <span class='ocr_line' id='line_1_29' title="bbox 1863 1493 3445 1570; baseline -0.006 -14"><span class='ocrx_word' id='word_1_232' title='bbox 1863 1511 2029 1570; x_wconf 86' lang='lat' dir='ltr'><strong>atque</strong></span> <span class='ocrx_word' id='word_1_233' title='bbox 2051 1501 2234 1555; x_wconf 88' lang='lat' dir='ltr'><strong>vultus</strong></span> <span class='ocrx_word' id='word_1_234' title='bbox 2267 1501 2322 1554; x_wconf 90' lang='lat' dir='ltr'><strong>in</strong></span> <span class='ocrx_word' id='word_1_235' title='bbox 2354 1499 2488 1554; x_wconf 90' lang='lat' dir='ltr'><strong>illud</strong></span> <span class='ocrx_word' id='word_1_236' title='bbox 2513 1500 2718 1569; x_wconf 83' lang='lat' dir='ltr'><strong>ﬁgunt;</strong></span> <span class='ocrx_word' id='word_1_237' title='bbox 2763 1513 2826 1552; x_wconf 85' lang='lat' dir='ltr'><strong>ac</strong></span> <span class='ocrx_word' id='word_1_238' title='bbox 2867 1496 3186 1551; x_wconf 89' lang='lat' dir='ltr'><strong>satellitium</strong></span> <span class='ocrx_word' id='word_1_239' title='bbox 3223 1493 3445 1563; x_wconf 88' lang='lat' dir='ltr'><strong>quidem</strong></span> 
     </span>
    </p>
   </div>
   <div class='ocr_carea' id='block_1_30' title="bbox 1862 1583 3443 1650">
    <p class='ocr_par' dir='ltr' id='par_1_30' title="bbox 1862 1583 3443 1650">
     <span class='ocr_line' id='line_1_30' title="bbox 1862 1583 3443 1650; baseline -0.006 -5"><span class='ocrx_word' id='word_1_240' title='bbox 1862 1589 2151 1645; x_wconf 87' lang='lat' dir='ltr'><strong>evidenter</strong></span> <span class='ocrx_word' id='word_1_241' title='bbox 2173 1588 2415 1644; x_wconf 88' lang='lat' dir='ltr'><strong>ostendit</strong></span> <span class='ocrx_word' id='word_1_242' title='bbox 2465 1588 2556 1641; x_wconf 88' lang='lat' dir='ltr'><strong>illa</strong></span> <span class='ocrx_word' id='word_1_243' title='bbox 2605 1586 2674 1641; x_wconf 94' lang='lat' dir='ltr'><strong>ad</strong></span> <span class='ocrx_word' id='word_1_244' title='bbox 2715 1585 2998 1640; x_wconf 79' lang='lat' dir='ltr'><strong>dexteram</strong></span> <span class='ocrx_word' id='word_1_245' title='bbox 3053 1583 3443 1650; x_wconf 86' lang='lat' dir='ltr'><strong>sinistramque</strong></span> 
     </span>
    </p>
   </div>
   <div class='ocr_carea' id='block_1_31' title="bbox 1864 1674 3442 1749">
    <p class='ocr_par' dir='ltr' id='par_1_31' title="bbox 1864 1674 3442 1749">
     <span class='ocr_line' id='line_1_31' title="bbox 1864 1674 3442 1749; baseline -0.006 -14"><span class='ocrx_word' id='word_1_246' title='bbox 1864 1682 2029 1736; x_wconf 88' lang='lat' dir='ltr'><strong>statio</strong></span> <span class='ocrx_word' id='word_1_247' title='bbox 2065 1699 2077 1732; x_wconf 92' lang='lat'><strong>:</strong></span> <span class='ocrx_word' id='word_1_248' title='bbox 2109 1679 2256 1749; x_wconf 86' lang='lat' dir='ltr'><strong>quod</strong></span> <span class='ocrx_word' id='word_1_249' title='bbox 2284 1695 2414 1733; x_wconf 92' lang='lat' dir='ltr'><strong>vero</strong></span> <span class='ocrx_word' id='word_1_250' title='bbox 2439 1694 2656 1748; x_wconf 89' lang='lat' dir='ltr'><strong>semper</strong></span> <span class='ocrx_word' id='word_1_251' title='bbox 2677 1677 2976 1732; x_wconf 91' lang='lat' dir='ltr'><strong>Cherubim</strong></span> <span class='ocrx_word' id='word_1_252' title='bbox 3002 1674 3442 1745; x_wconf 86' lang='lat' dir='ltr'><strong>propitiatorium</strong></span> 
     </span>
    </p>
   </div>
   <div class='ocr_carea' id='block_1_32' title="bbox 1864 1769 3445 1844">
    <p class='ocr_par' dir='ltr' id='par_1_32' title="bbox 1864 1769 3445 1844">
     <span class='ocr_line' id='line_1_32' title="bbox 1864 1769 3445 1844; baseline -0.006 -15"><span class='ocrx_word' id='word_1_253' title='bbox 1864 1774 2156 1844; x_wconf 90' lang='lat' dir='ltr'><strong>aspiciunt,</strong></span> <span class='ocrx_word' id='word_1_254' title='bbox 2192 1772 2324 1826; x_wconf 92' lang='lat' dir='ltr'><strong>illud</strong></span> <span class='ocrx_word' id='word_1_255' title='bbox 2364 1786 2726 1840; x_wconf 89' lang='lat' dir='ltr'><strong>supernarum</strong></span> <span class='ocrx_word' id='word_1_256' title='bbox 2763 1772 3029 1824; x_wconf 92' lang='lat' dir='ltr'><strong>virtutum</strong></span> <span class='ocrx_word' id='word_1_257' title='bbox 3071 1769 3361 1830; x_wconf 88' lang='lat' dir='ltr'><strong>intentum,</strong></span> <span class='ocrx_word' id='word_1_258' title='bbox 3388 1772 3445 1820; x_wconf 89' lang='lat' dir='ltr'><strong>et</strong></span> 
     </span>
    </p>
   </div>
   <div class='ocr_carea' id='block_1_33' title="bbox 190 1841 1763 1935">
    <p class='ocr_par' dir='ltr' id='par_1_33' title="bbox 190 1841 1763 1935">
     <span class='ocr_line' id='line_1_33' title="bbox 190 1841 1763 1935; baseline 0.001 -19"><span class='ocrx_word' id='word_1_259' title='bbox 190 1881 272 1916; x_wconf 89' lang='lat' dir='ltr'><strong>vov</strong></span> <span class='ocrx_word' id='word_1_260' title='bbox 299 1863 389 1914; x_wconf 77' lang='grc' dir='ltr'><strong>ἑπὶ</strong></span> <span class='ocrx_word' id='word_1_261' title='bbox 426 1861 617 1933; x_wconf 86' lang='grc' dir='ltr'>θρόνου</span> <span class='ocrx_word' id='word_1_262' title='bbox 653 1862 857 1932; x_wconf 80' lang='grc' dir='ltr'>ὑψηλοῦ</span> <span class='ocrx_word' id='word_1_263' title='bbox 894 1864 990 1915; x_wconf 74' lang='grc' dir='ltr'>καὶ</span> <span class='ocrx_word' id='word_1_264' title='bbox 1018 1841 1353 1934; x_wconf 71' lang='grc' dir='ltr'>ἐπηρμένου,</span> <span class='ocrx_word' id='word_1_265' title='bbox 1385 1865 1478 1917; x_wconf 67' lang='grc' dir='ltr'><strong>καὶ⁵</strong></span> <span class='ocrx_word' id='word_1_266' title='bbox 1510 1841 1763 1935; x_wconf 74' lang='grc' dir='ltr'>Σεραφὶμ</span> 
     </span>
    </p>
   </div>
   <div class='ocr_carea' id='block_1_34' title="bbox 1863 1841 3447 1935">
    <p class='ocr_par' dir='ltr' id='par_1_34' title="bbox 1869 1841 3447 1935">
     <span class='ocr_line' id='line_1_34' title="bbox 1869 1841 3447 1935; baseline -0.004 -17"><span class='ocrx_word' id='word_1_267' title='bbox 1869 1841 2200 1935; x_wconf 79' lang='lat' dir='ltr'><strong>inexplebile</strong></span> <span class='ocrx_word' id='word_1_268' title='bbox 2240 1863 2337 1918; x_wconf 90' lang='lat' dir='ltr'><strong>Dei</strong></span> <span class='ocrx_word' id='word_1_269' title='bbox 2380 1863 2600 1918; x_wconf 86' lang='lat' dir='ltr'><strong>videndi</strong></span> <span class='ocrx_word' id='word_1_270' title='bbox 2628 1862 2963 1916; x_wconf 88' lang='lat' dir='ltr'><strong>desiderium</strong></span> <span class='ocrx_word' id='word_1_271' title='bbox 3021 1860 3262 1915; x_wconf 86' lang='lat' dir='ltr'><strong>indicare</strong></span> <span class='ocrx_word' id='word_1_272' title='bbox 3291 1859 3447 1912; x_wconf 86' lang='lat' dir='ltr'><strong>vide-</strong></span> 
     </span>
    </p>
   </div>
   <div class='ocr_carea' id='block_1_35' title="bbox 190 1953 1764 2026">
    <p class='ocr_par' dir='ltr' id='par_1_35' title="bbox 190 1953 1764 2026">
     <span class='ocr_line' id='line_1_35' title="bbox 190 1953 1764 2026; baseline 0.003 -20"><span class='ocrx_word' id='word_1_273' title='bbox 190 1955 501 2023; x_wconf 76' lang='grc' dir='ltr'>εἱστήκεσαν</span> <span class='ocrx_word' id='word_1_274' title='bbox 539 1953 724 2023; x_wconf 84' lang='grc' dir='ltr'><strong>κύκλῳ</strong></span> <span class='ocrx_word' id='word_1_275' title='bbox 755 1954 944 2017; x_wconf 87' lang='grc' dir='ltr'>αὑτοῦ,</span> <span class='ocrx_word' id='word_1_276' title='bbox 986 1973 1005 2005; x_wconf 76' lang='grc' dir='ltr'><strong>ι</strong></span> <span class='ocrx_word' id='word_1_277' title='bbox 1040 1957 1136 2008; x_wconf 77' lang='grc' dir='ltr'>καὶ</span> <span class='ocrx_word' id='word_1_278' title='bbox 1177 1956 1236 2022; x_wconf 81' lang='grc' dir='ltr'>ἑξ</span> <span class='ocrx_word' id='word_1_279' title='bbox 1271 1957 1369 2026; x_wconf 84' lang='grc' dir='ltr'>μὲν</span> <span class='ocrx_word' id='word_1_280' title='bbox 1395 1957 1609 2026; x_wconf 81' lang='grc' dir='ltr'>ἑκάστῳ</span> <span class='ocrx_word' id='word_1_281' title='bbox 1637 1958 1764 2010; x_wconf 82' lang='grc' dir='ltr'>πτέ·</span> 
     </span>
    </p>
   </div>
   <div class='ocr_carea' id='block_1_36' title="bbox 192 2046 1765 2116">
    <p class='ocr_par' dir='ltr' id='par_1_36' title="bbox 192 2046 1765 2116">
     <span class='ocr_line' id='line_1_36' title="bbox 192 2046 1765 2116; baseline 0.002 -18"><span class='ocrx_word' id='word_1_282' title='bbox 192 2062 350 2116; x_wconf 56' lang='lat' dir='ltr'><strong>pura;</strong></span> <span class='ocrx_word' id='word_1_283' title='bbox 379 2047 771 2112; x_wconf 78' lang='grc' dir='ltr'>ἐκπεφυκέναι,</span> <span class='ocrx_word' id='word_1_284' title='bbox 803 2047 969 2115; x_wconf 80' lang='grc' dir='ltr'>φησὶ,</span> <span class='ocrx_word' id='word_1_285' title='bbox 1011 2046 1310 2101; x_wconf 84' lang='grc' dir='ltr'>καλύπτειν</span> <span class='ocrx_word' id='word_1_286' title='bbox 1336 2048 1394 2100; x_wconf 86' lang='grc' dir='ltr'>δὲ</span> <span class='ocrx_word' id='word_1_287' title='bbox 1438 2047 1613 2113; x_wconf 85' lang='grc' dir='ltr'>αὑτὰ,</span> <span class='ocrx_word' id='word_1_288' title='bbox 1645 2049 1765 2111; x_wconf 78' lang='grc' dir='ltr'>ταῖς</span> 
     </span>
    </p>
   </div>
   <div class='ocr_carea' id='block_1_37' title="bbox 194 2135 1762 2208">
    <p class='ocr_par' dir='ltr' id='par_1_37' title="bbox 194 2135 1762 2208">
     <span class='ocr_line' id='line_1_37' title="bbox 194 2135 1762 2208; baseline 0.002 -21"><span class='ocrx_word' id='word_1_289' title='bbox 194 2135 285 2207; x_wconf 78' lang='grc' dir='ltr'>μὲν</span> <span class='ocrx_word' id='word_1_290' title='bbox 319 2135 440 2187; x_wconf 81' lang='grc' dir='ltr'>δυσὶ</span> <span class='ocrx_word' id='word_1_291' title='bbox 464 2136 595 2197; x_wconf 82' lang='grc' dir='ltr'>τοὺς</span> <span class='ocrx_word' id='word_1_292' title='bbox 620 2136 808 2198; x_wconf 86' lang='grc' dir='ltr'>πόδας,</span> <span class='ocrx_word' id='word_1_293' title='bbox 839 2139 959 2198; x_wconf 84' lang='grc' dir='ltr'>ταῖς</span> <span class='ocrx_word' id='word_1_294' title='bbox 996 2137 1054 2189; x_wconf 86' lang='grc' dir='ltr'>δὲ</span> <span class='ocrx_word' id='word_1_295' title='bbox 1088 2136 1209 2189; x_wconf 77' lang='grc' dir='ltr'>δυσὶ</span> <span class='ocrx_word' id='word_1_296' title='bbox 1239 2137 1308 2190; x_wconf 85' lang='grc' dir='ltr'><strong>τά</strong></span> <span class='ocrx_word' id='word_1_297' title='bbox 1337 2138 1624 2208; x_wconf 83' lang='grc' dir='ltr'>πρόσωπα,</span> <span class='ocrx_word' id='word_1_298' title='bbox 1663 2137 1762 2190; x_wconf 87' lang='grc' dir='ltr'>πέ-</span> 
     </span>
    </p>
   </div>
   <div class='ocr_carea' id='block_1_38' title="bbox 189 2224 1764 2298">
    <p class='ocr_par' dir='ltr' id='par_1_38' title="bbox 189 2224 1764 2298">
     <span class='ocr_line' id='line_1_38' title="bbox 189 2224 1764 2298; baseline 0 -20"><span class='ocrx_word' id='word_1_299' title='bbox 189 2225 364 2278; x_wconf 84' lang='grc' dir='ltr'>τεσθαι</span> <span class='ocrx_word' id='word_1_300' title='bbox 386 2224 442 2276; x_wconf 81' lang='grc' dir='ltr'>δὲ</span> <span class='ocrx_word' id='word_1_301' title='bbox 476 2227 600 2289; x_wconf 86' lang='grc' dir='ltr'>ταῖς</span> <span class='ocrx_word' id='word_1_302' title='bbox 636 2227 874 2296; x_wconf 80' lang='grc' dir='ltr'>ἑτέραις.</span> <span class='ocrx_word' id='word_1_303' title='bbox 914 2226 1026 2278; x_wconf 76' lang='grc' dir='ltr'><strong>Καὶ</strong></span> <span class='ocrx_word' id='word_1_304' title='bbox 1058 2227 1104 2279; x_wconf 88' lang='grc' dir='ltr'><strong>εἱ</strong></span> <span class='ocrx_word' id='word_1_305' title='bbox 1142 2227 1240 2296; x_wconf 80' lang='grc' dir='ltr'>μὲν</span> <span class='ocrx_word' id='word_1_306' title='bbox 1271 2227 1437 2298; x_wconf 72' lang='grc' dir='ltr'>οἴοιτό</span> <span class='ocrx_word' id='word_1_307' title='bbox 1475 2244 1558 2288; x_wconf 87' lang='grc' dir='ltr'><strong>τις</strong></span> <span class='ocrx_word' id='word_1_308' title='bbox 1594 2226 1764 2279; x_wconf 83' lang='grc' dir='ltr'>ὅτιτὸ</span> 
     </span>
    </p>
   </div>
   <div class='ocr_carea' id='block_1_39' title="bbox 191 2304 1761 2387">
    <p class='ocr_par' dir='ltr' id='par_1_39' title="bbox 191 2304 1761 2387">
     <span class='ocr_line' id='line_1_39' title="bbox 191 2304 1761 2387; baseline 0.001 -18"><span class='ocrx_word' id='word_1_309' title='bbox 191 2304 274 2369; x_wconf 87' lang='grc' dir='ltr'><strong>τοῦ</strong></span> <span class='ocrx_word' id='word_1_310' title='bbox 303 2314 435 2367; x_wconf 88' lang='grc' dir='ltr'>Θεοῦ</span> <span class='ocrx_word' id='word_1_311' title='bbox 471 2316 786 2385; x_wconf 86' lang='grc' dir='ltr'>πρόσωπον,</span> <span class='ocrx_word' id='word_1_312' title='bbox 819 2316 912 2368; x_wconf 79' lang='grc' dir='ltr'><strong>καὶ</strong></span> <span class='ocrx_word' id='word_1_313' title='bbox 936 2316 1040 2387; x_wconf 82' lang='grc' dir='ltr'>μὴν</span> <span class='ocrx_word' id='word_1_314' title='bbox 1070 2317 1166 2370; x_wconf 77' lang='grc' dir='ltr'>καὶ</span> <span class='ocrx_word' id='word_1_315' title='bbox 1191 2317 1319 2381; x_wconf 81' lang='grc' dir='ltr'>τοὺς</span> <span class='ocrx_word' id='word_1_316' title='bbox 1345 2318 1511 2380; x_wconf 85' lang='grc' dir='ltr'>πόδας</span> <span class='ocrx_word' id='word_1_317' title='bbox 1533 2318 1761 2371; x_wconf 83' lang='grc' dir='ltr'>κατεκά-</span> 
     </span>
    </p>
   </div>
   <div class='ocr_carea' id='block_1_40' title="bbox 192 2407 1763 2478">
    <p class='ocr_par' dir='ltr' id='par_1_40' title="bbox 192 2407 1763 2478">
     <span class='ocr_line' id='line_1_40' title="bbox 192 2407 1763 2478; baseline 0.001 -19"><span class='ocrx_word' id='word_1_318' title='bbox 192 2407 378 2460; x_wconf 86' lang='grc' dir='ltr'>λυπτον</span> <span class='ocrx_word' id='word_1_319' title='bbox 399 2407 468 2459; x_wconf 84' lang='grc' dir='ltr'><strong>τὰ</strong></span> <span class='ocrx_word' id='word_1_320' title='bbox 495 2409 772 2478; x_wconf 76' lang='grc' dir='ltr'>Σεραφὶμ,</span> <span class='ocrx_word' id='word_1_321' title='bbox 803 2407 957 2461; x_wconf 82' lang='grc' dir='ltr'>οὐδὲν</span> <span class='ocrx_word' id='word_1_322' title='bbox 997 2409 1224 2472; x_wconf 79' lang='grc' dir='ltr'>ἀπεικὸς</span> <span class='ocrx_word' id='word_1_323' title='bbox 1260 2411 1461 2463; x_wconf 75' lang='grc' dir='ltr'>ἐννοεῖν</span> <span class='ocrx_word' id='word_1_324' title='bbox 1499 2427 1548 2462; x_wconf 87' lang='grc' dir='ltr'><strong>τι</strong></span> <span class='ocrx_word' id='word_1_325' title='bbox 1587 2408 1763 2462; x_wconf 80' lang='grc' dir='ltr'>τοιοῦ-</span> 
     </span>
    </p>
   </div>
   <div class='ocr_carea' id='block_1_41' title="bbox 189 2498 1760 2571">
    <p class='ocr_par' dir='ltr' id='par_1_41' title="bbox 189 2498 1760 2571">
     <span class='ocr_line' id='line_1_41' title="bbox 189 2498 1760 2571; baseline 0 -19"><span class='ocrx_word' id='word_1_326' title='bbox 189 2515 290 2552; x_wconf 86' lang='grc' dir='ltr'>τον.</span> <span class='ocrx_word' id='word_1_327' title='bbox 324 2500 775 2570; x_wconf 78' lang='grc' dir='ltr'>Μετατρέποντες</span> <span class='ocrx_word' id='word_1_328' title='bbox 810 2499 919 2570; x_wconf 82' lang='grc' dir='ltr'>γὰρ</span> <span class='ocrx_word' id='word_1_329' title='bbox 959 2499 1039 2564; x_wconf 88' lang='grc' dir='ltr'><strong>εἱς</strong></span> <span class='ocrx_word' id='word_1_330' title='bbox 1084 2499 1356 2570; x_wconf 82' lang='grc' dir='ltr'>Ἐλλήνων</span> <span class='ocrx_word' id='word_1_331' title='bbox 1407 2500 1613 2571; x_wconf 82' lang='grc' dir='ltr'>φωνὴν.</span> <span class='ocrx_word' id='word_1_332' title='bbox 1665 2498 1760 2553; x_wconf 89' lang='grc' dir='ltr'><strong>τοῦ</strong></span> 
     </span>
    </p>
   </div>
   <div class='ocr_carea' id='block_1_42' title="bbox 189 2589 1761 2662">
    <p class='ocr_par' dir='ltr' id='par_1_42' title="bbox 189 2589 1761 2662">
     <span class='ocr_line' id='line_1_42' title="bbox 189 2589 1761 2662; baseline 0.001 -19"><span class='ocrx_word' id='word_1_333' title='bbox 189 2590 424 2661; x_wconf 76' lang='grc' dir='ltr'>Σεραφὶμ</span> <span class='ocrx_word' id='word_1_334' title='bbox 471 2589 574 2662; x_wconf 80' lang='grc' dir='ltr'>τὴν</span> <span class='ocrx_word' id='word_1_335' title='bbox 608 2590 860 2661; x_wconf 85' lang='grc' dir='ltr'>δήλωσιν,</span> <span class='ocrx_word' id='word_1_336' title='bbox 885 2589 1140 2658; x_wconf 88' lang='grc' dir='ltr'>γνώσεως</span> <span class='ocrx_word' id='word_1_337' title='bbox 1168 2591 1488 2662; x_wconf 81' lang='grc' dir='ltr'>πληθυσμὸν</span> <span class='ocrx_word' id='word_1_338' title='bbox 1515 2593 1639 2662; x_wconf 67' lang='grc' dir='ltr'>ἦτοι</span> <span class='ocrx_word' id='word_1_339' title='bbox 1670 2609 1761 2644; x_wconf 86' lang='grc' dir='ltr'>σο·-</span> 
     </span>
    </p>
   </div>
   <div class='ocr_carea' id='block_1_43' title="bbox 191 2681 1760 2753">
    <p class='ocr_par' dir='ltr' id='par_1_43' title="bbox 191 2681 1760 2753">
     <span class='ocr_line' id='line_1_43' title="bbox 191 2681 1760 2753; baseline 0.001 -19"><span class='ocrx_word' id='word_1_340' title='bbox 191 2681 308 2750; x_wconf 80' lang='grc' dir='ltr'><strong>φὶας</strong></span> <span class='ocrx_word' id='word_1_341' title='bbox 338 2682 492 2752; x_wconf 86' lang='grc' dir='ltr'>χύσιν</span> <span class='ocrx_word' id='word_1_342' title='bbox 524 2682 934 2752; x_wconf 61' lang='grc' dir='ltr'>σημαινομένην</span> <span class='ocrx_word' id='word_1_343' title='bbox 963 2683 1293 2753; x_wconf 81' lang='grc' dir='ltr'>εὑρήσομεν.</span> <span class='ocrx_word' id='word_1_344' title='bbox 1329 2682 1760 2753; x_wconf 85' lang='grc' dir='ltr'>Ὑπεμφαίνουσι</span> 
     </span>
    </p>
   </div>
   <div class='ocr_carea' id='block_1_44' title="bbox 190 2771 1760 2843">
    <p class='ocr_par' dir='ltr' id='par_1_44' title="bbox 190 2771 1760 2843">
     <span class='ocr_line' id='line_1_44' title="bbox 190 2771 1760 2843; baseline 0 -18"><span class='ocrx_word' id='word_1_345' title='bbox 190 2771 459 2843; x_wconf 81' lang='grc' dir='ltr'>τοιγαροῦν</span> <span class='ocrx_word' id='word_1_346' title='bbox 497 2772 582 2841; x_wconf 84' lang='grc' dir='ltr'>τῷ</span> <span class='ocrx_word' id='word_1_347' title='bbox 619 2773 861 2843; x_wconf 79' lang='grc' dir='ltr'>σχήματι</span> <span class='ocrx_word' id='word_1_348' title='bbox 895 2773 988 2826; x_wconf 73' lang='grc' dir='ltr'>καὶ</span> <span class='ocrx_word' id='word_1_349' title='bbox 1007 2772 1150 2843; x_wconf 88' lang='grc' dir='ltr'>μάλα</span> <span class='ocrx_word' id='word_1_350' title='bbox 1173 2773 1382 2842; x_wconf 87' lang='grc' dir='ltr'>σαφῶς,</span> <span class='ocrx_word' id='word_1_351' title='bbox 1414 2773 1472 2826; x_wconf 84' lang='grc' dir='ltr'><strong>αἱ</strong></span> <span class='ocrx_word' id='word_1_352' title='bbox 1497 2773 1760 2841; x_wconf 80' lang='grc' dir='ltr'>πάνσοφοί</span> 
     </span>
    </p>
   </div>
   <div class='ocr_carea' id='block_1_45' title="bbox 191 2862 1758 2935">
    <p class='ocr_par' dir='ltr' id='par_1_45' title="bbox 191 2862 1758 2935">
     <span class='ocr_line' id='line_1_45' title="bbox 191 2862 1758 2935; baseline 0 -21"><span class='ocrx_word' id='word_1_353' title='bbox 191 2876 243 2914; x_wconf 82' lang='grc' dir='ltr'><strong>τι</strong></span> <span class='ocrx_word' id='word_1_354' title='bbox 275 2863 360 2915; x_wconf 82' lang='grc' dir='ltr'>καὶ</span> <span class='ocrx_word' id='word_1_355' title='bbox 407 2862 672 2917; x_wconf 77' lang='grc' dir='ltr'>ἀνωτάτω</span> <span class='ocrx_word' id='word_1_356' title='bbox 711 2862 971 2933; x_wconf 83' lang='grc' dir='ltr'>δυνάμεις</span> <span class='ocrx_word' id='word_1_357' title='bbox 997 2900 1014 2926; x_wconf 89' lang='grc'><strong>,</strong></span> <span class='ocrx_word' id='word_1_358' title='bbox 1059 2864 1143 2917; x_wconf 84' lang='grc' dir='ltr'>ὅτι</span> <span class='ocrx_word' id='word_1_359' title='bbox 1176 2862 1312 2916; x_wconf 91' lang='grc' dir='ltr'>Θεοῦ</span> <span class='ocrx_word' id='word_1_360' title='bbox 1363 2863 1657 2935; x_wconf 84' lang='grc' dir='ltr'>πρόσωπον</span> <span class='ocrx_word' id='word_1_361' title='bbox 1695 2863 1758 2915; x_wconf 87' lang='grc' dir='ltr'><strong>οὑ</strong></span> 
     </span>
    </p>
   </div>
   <div class='ocr_carea' id='block_1_46' title="bbox 193 2951 1758 3026">
    <p class='ocr_par' dir='ltr' id='par_1_46' title="bbox 193 2951 1758 3026">
     <span class='ocr_line' id='line_1_46' title="bbox 193 2951 1758 3026; baseline 0.008 -23"><span class='ocrx_word' id='word_1_362' title='bbox 193 2951 336 3021; x_wconf 84' lang='grc' dir='ltr'>θέμις</span> <span class='ocrx_word' id='word_1_363' title='bbox 363 2953 599 3024; x_wconf 80' lang='grc' dir='ltr'>ὁρᾶσθαι</span> <span class='ocrx_word' id='word_1_364' title='bbox 646 2954 782 3024; x_wconf 88' lang='grc' dir='ltr'>πρός</span> <span class='ocrx_word' id='word_1_365' title='bbox 823 2971 990 3018; x_wconf 87' lang='grc' dir='ltr'>τινος.</span> <span class='ocrx_word' id='word_1_366' title='bbox 1035 2955 1312 3018; x_wconf 83' lang='grc' dir='ltr'>Ἀποπτος</span> <span class='ocrx_word' id='word_1_367' title='bbox 1345 2956 1454 3026; x_wconf 83' lang='grc' dir='ltr'>γάρ</span> <span class='ocrx_word' id='word_1_368' title='bbox 1485 2954 1758 3016; x_wconf 81' lang='grc' dir='ltr'>παντελῶς</span> 
     </span>
    </p>
   </div>
   <div class='ocr_carea' id='block_1_47' title="bbox 191 3044 1760 3116">
    <p class='ocr_par' dir='ltr' id='par_1_47' title="bbox 191 3044 1760 3116">
     <span class='ocr_line' id='line_1_47' title="bbox 191 3044 1760 3116; baseline 0.001 -19"><span class='ocrx_word' id='word_1_369' title='bbox 191 3046 221 3115; x_wconf 83' lang='grc' dir='ltr'><strong>ή</strong></span> <span class='ocrx_word' id='word_1_370' title='bbox 253 3045 383 3116; x_wconf 78' lang='grc' dir='ltr'>ὑπὲρ</span> <span class='ocrx_word' id='word_1_371' title='bbox 412 3048 596 3100; x_wconf 88' lang='grc' dir='ltr'>πάντα</span> <span class='ocrx_word' id='word_1_372' title='bbox 633 3044 760 3098; x_wconf 87' lang='grc' dir='ltr'>νοῦν</span> <span class='ocrx_word' id='word_1_373' title='bbox 802 3047 919 3098; x_wconf 90' lang='grc' dir='ltr'>ἑστι</span> <span class='ocrx_word' id='word_1_374' title='bbox 949 3046 1130 3115; x_wconf 82' lang='grc' dir='ltr'>φύσις,</span> <span class='ocrx_word' id='word_1_375' title='bbox 1179 3047 1272 3100; x_wconf 83' lang='grc' dir='ltr'>καὶ</span> <span class='ocrx_word' id='word_1_376' title='bbox 1320 3046 1435 3114; x_wconf 89' lang='grc' dir='ltr'><strong>φῶς</strong></span> <span class='ocrx_word' id='word_1_377' title='bbox 1466 3046 1760 3116; x_wconf 85' lang='grc' dir='ltr'>ἀπρόσιτον</span> 
     </span>
    </p>
   </div>
   <div class='ocr_carea' id='block_1_48' title="bbox 1866 1948 3448 2023">
    <p class='ocr_par' dir='ltr' id='par_1_48' title="bbox 1866 1948 3448 2023">
     <span class='ocr_line' id='line_1_48' title="bbox 1866 1948 3448 2023; baseline -0.006 -13"><span class='ocrx_word' id='word_1_378' title='bbox 1866 1964 1955 2011; x_wconf 94' lang='lat' dir='ltr'><strong>tur</strong></span> <span class='ocrx_word' id='word_1_379' title='bbox 1990 1975 2002 2009; x_wconf 89' lang='lat'><strong>:</strong></span> <span class='ocrx_word' id='word_1_380' title='bbox 2034 1955 2478 2011; x_wconf 88' lang='lat' dir='ltr'><strong>describitetiam</strong></span> <span class='ocrx_word' id='word_1_381' title='bbox 2505 1954 2767 2023; x_wconf 87' lang='lat' dir='ltr'><strong>propheta</strong></span> <span class='ocrx_word' id='word_1_382' title='bbox 2802 1953 2966 2007; x_wconf 86' lang='lat' dir='ltr'><strong>Isaias</strong></span> <span class='ocrx_word' id='word_1_383' title='bbox 3001 1953 3197 2005; x_wconf 90' lang='lat' dir='ltr'><strong>Filium</strong></span> <span class='ocrx_word' id='word_1_384' title='bbox 3225 1948 3448 2019; x_wconf 89' lang='lat' dir='ltr'><strong>proprio</strong></span> 
     </span>
    </p>
   </div>
   <div class='ocr_carea' id='block_1_49' title="bbox 1864 2042 3447 2118">
    <p class='ocr_par' dir='ltr' id='par_1_49' title="bbox 1864 2042 3447 2118">
     <span class='ocr_line' id='line_1_49' title="bbox 1864 2042 3447 2118; baseline -0.005 -15"><span class='ocrx_word' id='word_1_385' title='bbox 1864 2049 2100 2118; x_wconf 89' lang='lat' dir='ltr'><strong>quodam</strong></span> <span class='ocrx_word' id='word_1_386' title='bbox 2139 2049 2354 2111; x_wconf 91' lang='lat' dir='ltr'><strong>habitu,</strong></span> <span class='ocrx_word' id='word_1_387' title='bbox 2391 2047 2582 2101; x_wconf 91' lang='lat' dir='ltr'><strong>dicens</strong></span> <span class='ocrx_word' id='word_1_388' title='bbox 2613 2065 2628 2099; x_wconf 72' lang='grc' dir='ltr'><strong>ι</strong></span> <span class='ocrx_word' id='word_1_389' title='bbox 2671 2065 2689 2097; x_wconf 75' lang='grc' dir='ltr'><strong>ι</strong></span> <span class='ocrx_word' id='word_1_390' title='bbox 2731 2045 2855 2100; x_wconf 78' lang='lat' dir='ltr'><strong>Vidi</strong></span> <span class='ocrx_word' id='word_1_391' title='bbox 2883 2044 3172 2098; x_wconf 91' lang='lat' dir='ltr'><strong>Dominum</strong></span> <span class='ocrx_word' id='word_1_392' title='bbox 3206 2042 3447 2098; x_wconf 82' lang='lat' dir='ltr'><strong>Sabaoth</strong></span> 
     </span>
    </p>
   </div>
   <div class='ocr_carea' id='block_1_50' title="bbox 1865 2142 3448 2214">
    <p class='ocr_par' dir='ltr' id='par_1_50' title="bbox 1865 2142 3448 2214">
     <span class='ocr_line' id='line_1_50' title="bbox 1865 2142 3448 2214; baseline -0.004 -14"><span class='ocrx_word' id='word_1_393' title='bbox 1865 2146 2150 2200; x_wconf 90' lang='lat' dir='ltr'><strong>sedentem</strong></span> <span class='ocrx_word' id='word_1_394' title='bbox 2178 2161 2346 2214; x_wconf 91' lang='lat' dir='ltr'><strong>super</strong></span> <span class='ocrx_word' id='word_1_395' title='bbox 2363 2145 2623 2199; x_wconf 91' lang='lat' dir='ltr'><strong>thronum</strong></span> <span class='ocrx_word' id='word_1_396' title='bbox 2659 2144 2934 2198; x_wconf 76' lang='lat' dir='ltr'><strong>excelsum</strong></span> <span class='ocrx_word' id='word_1_397' title='bbox 2988 2150 3045 2194; x_wconf 86' lang='lat' dir='ltr'><strong>et</strong></span> <span class='ocrx_word' id='word_1_398' title='bbox 3068 2142 3363 2202; x_wconf 89' lang='lat' dir='ltr'><strong>elevatum,</strong></span> <span class='ocrx_word' id='word_1_399' title='bbox 3392 2153 3448 2194; x_wconf 82' lang='lat' dir='ltr'><strong>et</strong></span> 
     </span>
    </p>
   </div>
   <div class='ocr_carea' id='block_1_51' title="bbox 1864 2229 3446 2305">
    <p class='ocr_par' dir='ltr' id='par_1_51' title="bbox 1864 2229 3446 2305">
     <span class='ocr_line' id='line_1_51' title="bbox 1864 2229 3446 2305; baseline -0.004 -14"><span class='ocrx_word' id='word_1_400' title='bbox 1864 2235 2155 2305; x_wconf 89' lang='lat' dir='ltr'><strong>Seraphim</strong></span> <span class='ocrx_word' id='word_1_401' title='bbox 2184 2236 2402 2290; x_wconf 86' lang='lat' dir='ltr'><strong>stabant</strong></span> <span class='ocrx_word' id='word_1_402' title='bbox 2447 2236 2592 2288; x_wconf 92' lang='lat' dir='ltr'><strong>circa</strong></span> <span class='ocrx_word' id='word_1_403' title='bbox 2649 2233 2801 2286; x_wconf 91' lang='lat' dir='ltr'><strong>illum</strong></span> <span class='ocrx_word' id='word_1_404' title='bbox 2833 2250 2846 2284; x_wconf 84' lang='lat'><strong>:</strong></span> <span class='ocrx_word' id='word_1_405' title='bbox 2896 2251 2913 2283; x_wconf 79' lang='grc' dir='ltr'><strong>ι</strong></span> <span class='ocrx_word' id='word_1_406' title='bbox 2948 2239 3004 2285; x_wconf 91' lang='lat' dir='ltr'><strong>et</strong></span> <span class='ocrx_word' id='word_1_407' title='bbox 3030 2247 3190 2285; x_wconf 88' lang='lat' dir='ltr'><strong>senas</strong></span> <span class='ocrx_word' id='word_1_408' title='bbox 3225 2229 3446 2299; x_wconf 89' lang='lat' dir='ltr'><strong>quidem</strong></span> 
     </span>
    </p>
   </div>
   <div class='ocr_carea' id='block_1_52' title="bbox 1861 2320 3448 2395">
    <p class='ocr_par' dir='ltr' id='par_1_52' title="bbox 1861 2320 3448 2395">
     <span class='ocr_line' id='line_1_52' title="bbox 1861 2320 3448 2395; baseline -0.006 -15"><span class='ocrx_word' id='word_1_409' title='bbox 1861 2327 1974 2380; x_wconf 90' lang='lat' dir='ltr'><strong>alas</strong></span> <span class='ocrx_word' id='word_1_410' title='bbox 2013 2327 2191 2395; x_wconf 90' lang='lat' dir='ltr'><strong>inquit</strong></span> <span class='ocrx_word' id='word_1_411' title='bbox 2235 2326 2434 2394; x_wconf 87' lang='lat' dir='ltr'><strong>cuique</strong></span> <span class='ocrx_word' id='word_1_412' title='bbox 2484 2325 2683 2387; x_wconf 86' lang='lat' dir='ltr'><strong>fuisse;</strong></span> <span class='ocrx_word' id='word_1_413' title='bbox 2731 2326 2908 2392; x_wconf 89' lang='lat' dir='ltr'><strong>iisque</strong></span> <span class='ocrx_word' id='word_1_414' title='bbox 2966 2330 3176 2392; x_wconf 78' lang='lat' dir='ltr'><strong>tegere,</strong></span> <span class='ocrx_word' id='word_1_415' title='bbox 3232 2320 3448 2373; x_wconf 89' lang='lat' dir='ltr'><strong>duabus</strong></span> 
     </span>
    </p>
   </div>
   <div class='ocr_carea' id='block_1_53' title="bbox 1863 2408 3445 2484">
    <p class='ocr_par' dir='ltr' id='par_1_53' title="bbox 1863 2408 3445 2484">
     <span class='ocr_line' id='line_1_53' title="bbox 1863 2408 3445 2484; baseline -0.005 -17"><span class='ocrx_word' id='word_1_416' title='bbox 1863 2414 2082 2484; x_wconf 92' lang='lat' dir='ltr'><strong>quidem</strong></span> <span class='ocrx_word' id='word_1_417' title='bbox 2112 2414 2297 2483; x_wconf 89' lang='lat' dir='ltr'><strong>pedes,</strong></span> <span class='ocrx_word' id='word_1_418' title='bbox 2325 2412 2541 2467; x_wconf 90' lang='lat' dir='ltr'><strong>duabus</strong></span> <span class='ocrx_word' id='word_1_419' title='bbox 2567 2411 2754 2476; x_wconf 83' lang='lat' dir='ltr'><strong>facies,</strong></span> <span class='ocrx_word' id='word_1_420' title='bbox 2781 2410 2996 2466; x_wconf 71' lang='lat' dir='ltr'><strong>caateris</strong></span> <span class='ocrx_word' id='word_1_421' title='bbox 3042 2410 3226 2463; x_wconf 89' lang='lat' dir='ltr'><strong>volare</strong></span> <span class='ocrx_word' id='word_1_422' title='bbox 3255 2410 3321 2460; x_wconf 76' lang='grc'><strong>³⁷.</strong></span> <span class='ocrx_word' id='word_1_423' title='bbox 3348 2408 3445 2470; x_wconf 83' lang='lat' dir='ltr'><strong>Ac,</strong></span> 
     </span>
    </p>
   </div>
   <div class='ocr_carea' id='block_1_54' title="bbox 1862 2495 3448 2574">
    <p class='ocr_par' dir='ltr' id='par_1_54' title="bbox 1862 2495 3448 2574">
     <span class='ocr_line' id='line_1_54' title="bbox 1862 2495 3448 2574; baseline -0.008 -15"><span class='ocrx_word' id='word_1_424' title='bbox 1862 2504 1909 2559; x_wconf 89' lang='lat' dir='ltr'><strong>si</strong></span> <span class='ocrx_word' id='word_1_425' title='bbox 1940 2503 2066 2572; x_wconf 91' lang='lat' dir='ltr'><strong>quis</strong></span> <span class='ocrx_word' id='word_1_426' title='bbox 2088 2511 2244 2574; x_wconf 90' lang='lat' dir='ltr'><strong>putet</strong></span> <span class='ocrx_word' id='word_1_427' title='bbox 2271 2504 2370 2558; x_wconf 91' lang='lat' dir='ltr'><strong>Dei</strong></span> <span class='ocrx_word' id='word_1_428' title='bbox 2428 2501 2621 2555; x_wconf 89' lang='lat' dir='ltr'><strong>faciem</strong></span> <span class='ocrx_word' id='word_1_429' title='bbox 2665 2515 2730 2554; x_wconf 90' lang='lat' dir='ltr'><strong>ac</strong></span> <span class='ocrx_word' id='word_1_430' title='bbox 2759 2500 2928 2569; x_wconf 90' lang='lat' dir='ltr'><strong>pedes</strong></span> <span class='ocrx_word' id='word_1_431' title='bbox 2958 2505 3250 2567; x_wconf 80' lang='lat' dir='ltr'><strong>contegere</strong></span> <span class='ocrx_word' id='word_1_432' title='bbox 3285 2495 3448 2550; x_wconf 86' lang='lat' dir='ltr'><strong>Scra-</strong></span> 
     </span>
    </p>
   </div>
   <div class='ocr_carea' id='block_1_55' title="bbox 1861 2587 3448 2666">
    <p class='ocr_par' dir='ltr' id='par_1_55' title="bbox 1861 2587 3448 2666">
     <span class='ocr_line' id='line_1_55' title="bbox 1861 2587 3448 2666; baseline -0.006 -16"><span class='ocrx_word' id='word_1_433' title='bbox 1861 2596 2036 2666; x_wconf 90' lang='lat' dir='ltr'><strong>phim,</strong></span> <span class='ocrx_word' id='word_1_434' title='bbox 2089 2596 2228 2650; x_wconf 90' lang='lat' dir='ltr'><strong>nihil</strong></span> <span class='ocrx_word' id='word_1_435' title='bbox 2249 2594 2475 2649; x_wconf 91' lang='lat' dir='ltr'><strong>absurdi</strong></span> <span class='ocrx_word' id='word_1_436' title='bbox 2526 2600 2612 2647; x_wconf 91' lang='lat' dir='ltr'><strong>est</strong></span> <span class='ocrx_word' id='word_1_437' title='bbox 2651 2593 2729 2646; x_wconf 91' lang='lat' dir='ltr'><strong>ita</strong></span> <span class='ocrx_word' id='word_1_438' title='bbox 2771 2591 3110 2645; x_wconf 78' lang='lat' dir='ltr'><strong>existimare.</strong></span> <span class='ocrx_word' id='word_1_439' title='bbox 3165 2589 3339 2651; x_wconf 89' lang='lat' dir='ltr'><strong>Nam,</strong></span> <span class='ocrx_word' id='word_1_440' title='bbox 3399 2587 3448 2652; x_wconf 80' lang='lat' dir='ltr'><strong>si</strong></span> 
     </span>
    </p>
   </div>
   <div class='ocr_carea' id='block_1_56' title="bbox 1863 2676 3449 2756">
    <p class='ocr_par' dir='ltr' id='par_1_56' title="bbox 1863 2676 3449 2756">
     <span class='ocr_line' id='line_1_56' title="bbox 1863 2676 3449 2756; baseline -0.006 -16"><span class='ocrx_word' id='word_1_441' title='bbox 1863 2687 2028 2756; x_wconf 81' lang='lat' dir='ltr'><strong>hujus</strong></span> <span class='ocrx_word' id='word_1_442' title='bbox 2056 2686 2296 2739; x_wconf 91' lang='lat' dir='ltr'><strong>nominis</strong></span> <span class='ocrx_word' id='word_1_443' title='bbox 2323 2683 2609 2753; x_wconf 90' lang='lat' dir='ltr'><strong>Seraphim</strong></span> <span class='ocrx_word' id='word_1_444' title='bbox 2636 2680 3089 2752; x_wconf 88' lang='lat' dir='ltr'><strong>signiﬁcationem</strong></span> <span class='ocrx_word' id='word_1_445' title='bbox 3125 2678 3181 2732; x_wconf 91' lang='lat' dir='ltr'><strong>in</strong></span> <span class='ocrx_word' id='word_1_446' title='bbox 3205 2676 3449 2732; x_wconf 64' lang='lat' dir='ltr'><strong>Graecam</strong></span> 
     </span>
    </p>
   </div>
   <div class='ocr_carea' id='block_1_57' title="bbox 1860 2765 3449 2841">
    <p class='ocr_par' dir='ltr' id='par_1_57' title="bbox 1860 2765 3449 2841">
     <span class='ocr_line' id='line_1_57' title="bbox 1860 2765 3449 2841; baseline -0.007 -11"><span class='ocrx_word' id='word_1_447' title='bbox 1860 2792 2054 2830; x_wconf 88' lang='lat' dir='ltr'><strong>vocem</strong></span> <span class='ocrx_word' id='word_1_448' title='bbox 2081 2775 2493 2838; x_wconf 83' lang='lat' dir='ltr'><strong>transferamus,</strong></span> <span class='ocrx_word' id='word_1_449' title='bbox 2521 2772 2765 2828; x_wconf 65' lang='lat' dir='ltr'><strong>scientiae</strong></span> <span class='ocrx_word' id='word_1_450' title='bbox 2789 2769 3214 2841; x_wconf 88' lang='lat' dir='ltr'><strong>plenitudinem,</strong></span> <span class='ocrx_word' id='word_1_451' title='bbox 3245 2775 3341 2821; x_wconf 88' lang='lat' dir='ltr'><strong>aut</strong></span> <span class='ocrx_word' id='word_1_452' title='bbox 3366 2765 3449 2820; x_wconf 84' lang='lat' dir='ltr'><strong>ef-</strong></span> 
     </span>
    </p>
   </div>
   <div class='ocr_carea' id='block_1_58' title="bbox 1861 2860 3452 2936">
    <p class='ocr_par' dir='ltr' id='par_1_58' title="bbox 1861 2860 3452 2936">
     <span class='ocr_line' id='line_1_58' title="bbox 1861 2860 3452 2936; baseline -0.004 -16"><span class='ocrx_word' id='word_1_453' title='bbox 1861 2867 2131 2922; x_wconf 78' lang='lat' dir='ltr'><strong>fusionem</strong></span> <span class='ocrx_word' id='word_1_454' title='bbox 2158 2867 2459 2936; x_wconf 61' lang='lat' dir='ltr'><strong>sapientiae,</strong></span> <span class='ocrx_word' id='word_1_455' title='bbox 2486 2864 2796 2935; x_wconf 89' lang='lat' dir='ltr'><strong>signiﬁcare</strong></span> <span class='ocrx_word' id='word_1_456' title='bbox 2835 2861 3329 2932; x_wconf 90' lang='lat' dir='ltr'><strong>deprehendcmus.</strong></span> <span class='ocrx_word' id='word_1_457' title='bbox 3355 2860 3452 2914; x_wconf 88' lang='lat' dir='ltr'><strong>Sa-</strong></span> 
     </span>
    </p>
   </div>
   <div class='ocr_carea' id='block_1_59' title="bbox 1861 2951 3449 3029">
    <p class='ocr_par' dir='ltr' id='par_1_59' title="bbox 1861 2951 3449 3029">
     <span class='ocr_line' id='line_1_59' title="bbox 1861 2951 3449 3029; baseline -0.004 -17"><span class='ocrx_word' id='word_1_458' title='bbox 1861 2959 2217 3029; x_wconf 75' lang='lat' dir='ltr'><strong>picntissimze</strong></span> <span class='ocrx_word' id='word_1_459' title='bbox 2268 2956 2434 3026; x_wconf 88' lang='lat' dir='ltr'><strong>igitur</strong></span> <span class='ocrx_word' id='word_1_460' title='bbox 2483 2956 2588 3008; x_wconf 75' lang='lat' dir='ltr'><strong>illa:</strong></span> <span class='ocrx_word' id='word_1_461' title='bbox 2650 2970 2716 3008; x_wconf 91' lang='lat' dir='ltr'><strong>ac</strong></span> <span class='ocrx_word' id='word_1_462' title='bbox 2777 2967 3048 3021; x_wconf 77' lang='lat' dir='ltr'><strong>suprema:</strong></span> <span class='ocrx_word' id='word_1_463' title='bbox 3110 2951 3343 3006; x_wconf 86' lang='lat' dir='ltr'><strong>virtutes</strong></span> <span class='ocrx_word' id='word_1_464' title='bbox 3381 2967 3449 3006; x_wconf 90' lang='lat' dir='ltr'><strong>eo</strong></span> 
     </span>
    </p>
   </div>
   <div class='ocr_carea' id='block_1_60' title="bbox 1863 3043 3450 3116">
    <p class='ocr_par' dir='ltr' id='par_1_60' title="bbox 1863 3043 3450 3116">
     <span class='ocr_line' id='line_1_60' title="bbox 1863 3043 3450 3116; baseline -0.004 -12"><span class='ocrx_word' id='word_1_465' title='bbox 1863 3050 2052 3104; x_wconf 89' lang='lat' dir='ltr'><strong>habitu</strong></span> <span class='ocrx_word' id='word_1_466' title='bbox 2077 3049 2211 3104; x_wconf 92' lang='lat' dir='ltr'><strong>illud</strong></span> <span class='ocrx_word' id='word_1_467' title='bbox 2243 3047 2652 3104; x_wconf 88' lang='lat' dir='ltr'><strong>evidentissime</strong></span> <span class='ocrx_word' id='word_1_468' title='bbox 2694 3061 2804 3116; x_wconf 72' lang='lat' dir='ltr'><strong>prze</strong></span> <span class='ocrx_word' id='word_1_469' title='bbox 2830 3060 2888 3098; x_wconf 91' lang='lat' dir='ltr'><strong>se</strong></span> <span class='ocrx_word' id='word_1_470' title='bbox 2914 3043 3118 3106; x_wconf 87' lang='lat' dir='ltr'><strong>ferunt,</strong></span> <span class='ocrx_word' id='word_1_471' title='bbox 3153 3043 3298 3097; x_wconf 87' lang='lat' dir='ltr'><strong>haud</strong></span> <span class='ocrx_word' id='word_1_472' title='bbox 3329 3058 3450 3098; x_wconf 82' lang='lat' dir='ltr'><strong>esse</strong></span> 
     </span>
    </p>
   </div>
   <div class='ocr_carea' id='block_1_61' title="bbox 191 3133 1763 3224">
    <p class='ocr_par' dir='ltr' id='par_1_61' title="bbox 191 3133 1754 3218">
     <span class='ocr_line' id='line_1_61' title="bbox 191 3133 1754 3218; baseline 0.003 -34"><span class='ocrx_word' id='word_1_473' title='bbox 191 3133 336 3195; x_wconf 83' lang='grc' dir='ltr'>οἱκεῖ.</span> <span class='ocrx_word' id='word_1_474' title='bbox 366 3134 511 3188; x_wconf 79' lang='grc' dir='ltr'>κατὰ</span> <span class='ocrx_word' id='word_1_475' title='bbox 550 3134 646 3218; x_wconf 79' lang='grc' dir='ltr'>τὴν</span> <span class='ocrx_word' id='word_1_476' title='bbox 673 3134 767 3187; x_wconf 84' lang='grc' dir='ltr'><strong>τοῦ</strong></span> <span class='ocrx_word' id='word_1_477' title='bbox 798 3135 1068 3205; x_wconf 85' lang='grc' dir='ltr'>μακαρίου</span> <span class='ocrx_word' id='word_1_478' title='bbox 1123 3135 1335 3188; x_wconf 88' lang='grc' dir='ltr'>Παύλου</span> <span class='ocrx_word' id='word_1_479' title='bbox 1383 3137 1590 3207; x_wconf 80' lang='grc' dir='ltr'>φωνὴν,</span> <span class='ocrx_word' id='word_1_480' title='bbox 1657 3136 1754 3189; x_wconf 74' lang='grc' dir='ltr'>καὶ</span> 
     </span>
    </p>
   </div>
   <div class='ocr_carea' id='block_1_62' title="bbox 1863 3133 3448 3224">
    <p class='ocr_par' dir='ltr' id='par_1_62' title="bbox 1863 3133 3448 3212">
     <span class='ocr_line' id='line_1_62' title="bbox 1863 3133 3448 3212; baseline -0.008 -15"><span class='ocrx_word' id='word_1_481' title='bbox 1863 3144 1942 3198; x_wconf 89' lang='lat' dir='ltr'><strong>fas</strong></span> <span class='ocrx_word' id='word_1_482' title='bbox 1968 3159 2000 3196; x_wconf 93' lang='lat' dir='ltr'><strong>a</strong></span> <span class='ocrx_word' id='word_1_483' title='bbox 2035 3156 2310 3212; x_wconf 87' lang='lat' dir='ltr'><strong>quoquam</strong></span> <span class='ocrx_word' id='word_1_484' title='bbox 2339 3140 2434 3194; x_wconf 90' lang='lat' dir='ltr'><strong>Dei</strong></span> <span class='ocrx_word' id='word_1_485' title='bbox 2469 3139 2664 3193; x_wconf 85' lang='lat' dir='ltr'><strong>faciem</strong></span> <span class='ocrx_word' id='word_1_486' title='bbox 2695 3137 2959 3206; x_wconf 89' lang='lat' dir='ltr'><strong>conspici.</strong></span> <span class='ocrx_word' id='word_1_487' title='bbox 2979 3134 3276 3190; x_wconf 84' lang='lat' dir='ltr'><strong>Invisibilis</strong></span> <span class='ocrx_word' id='word_1_488' title='bbox 3303 3133 3448 3187; x_wconf 92' lang='lat' dir='ltr'><strong>enim</strong></span> 
     </span>
    </p>
   </div>
   <div class='ocr_carea' id='block_1_63' title="bbox 197 3215 1763 3298">
    <p class='ocr_par' dir='ltr' id='par_1_63' title="bbox 197 3215 1763 3298">
     <span class='ocr_line' id='line_1_63' title="bbox 197 3215 1763 3298; baseline 0.004 -20"><span class='ocrx_word' id='word_1_489' title='bbox 197 3241 214 3278; x_wconf 79' lang='grc' dir='ltr'><strong>ι</strong></span> <span class='ocrx_word' id='word_1_490' title='bbox 238 3225 415 3289; x_wconf 74' lang='grc' dir='ltr'>Οὐδεὶς</span> <span class='ocrx_word' id='word_1_491' title='bbox 441 3215 637 3294; x_wconf 72' lang='grc' dir='ltr'>ὕψεται</span> <span class='ocrx_word' id='word_1_492' title='bbox 655 3226 792 3279; x_wconf 85' lang='grc' dir='ltr'>Θεοῦ</span> <span class='ocrx_word' id='word_1_493' title='bbox 825 3225 1138 3296; x_wconf 82' lang='grc' dir='ltr'>πρόσωπον,</span> <span class='ocrx_word' id='word_1_494' title='bbox 1167 3228 1262 3279; x_wconf 81' lang='grc' dir='ltr'><strong>καὶ</strong></span> <span class='ocrx_word' id='word_1_495' title='bbox 1283 3227 1528 3298; x_wconf 81' lang='grc' dir='ltr'>ζήσεται,</span> <span class='ocrx_word' id='word_1_496' title='bbox 1556 3247 1574 3281; x_wconf 86' lang='grc' dir='ltr'><strong>ι</strong></span> <span class='ocrx_word' id='word_1_497' title='bbox 1617 3231 1763 3284; x_wconf 88' lang='grc' dir='ltr'>κατά</span> 
     </span>
    </p>
   </div>
   <div class='ocr_carea' id='block_1_64' title="bbox 192 3317 1763 3393">
    <p class='ocr_par' dir='ltr' id='par_1_64' title="bbox 192 3317 1763 3393">
     <span class='ocr_line' id='line_1_64' title="bbox 192 3317 1763 3393; baseline 0.004 -26"><span class='ocrx_word' id='word_1_498' title='bbox 192 3333 250 3384; x_wconf 84' lang='grc' dir='ltr'>γε</span> <span class='ocrx_word' id='word_1_499' title='bbox 289 3317 346 3370; x_wconf 80' lang='grc' dir='ltr'>τὸ</span> <span class='ocrx_word' id='word_1_500' title='bbox 391 3317 526 3387; x_wconf 87' lang='grc' dir='ltr'>παρ’</span> <span class='ocrx_word' id='word_1_501' title='bbox 559 3317 722 3370; x_wconf 91' lang='grc' dir='ltr'>αὑτοῦ</span> <span class='ocrx_word' id='word_1_502' title='bbox 759 3318 896 3388; x_wconf 82' lang='grc' dir='ltr'>πρὸς</span> <span class='ocrx_word' id='word_1_503' title='bbox 927 3317 1132 3371; x_wconf 85' lang='grc' dir='ltr'>Μωσέα</span> <span class='ocrx_word' id='word_1_504' title='bbox 1156 3317 1248 3370; x_wconf 80' lang='grc' dir='ltr'>τὸν</span> <span class='ocrx_word' id='word_1_505' title='bbox 1285 3317 1578 3389; x_wconf 87' lang='grc' dir='ltr'>ἱερώτατον</span> <span class='ocrx_word' id='word_1_506' title='bbox 1607 3322 1763 3393; x_wconf 89' lang='grc' dir='ltr'>εἱρη-</span> 
     </span>
    </p>
   </div>
   <div class='ocr_carea' id='block_1_65' title="bbox 194 3406 1763 3483">
    <p class='ocr_par' dir='ltr' id='par_1_65' title="bbox 194 3406 1763 3483">
     <span class='ocr_line' id='line_1_65' title="bbox 194 3406 1763 3483; baseline 0.006 -24"><span class='ocrx_word' id='word_1_507' title='bbox 194 3407 339 3477; x_wconf 79' lang='grc' dir='ltr'>μένον</span> <span class='ocrx_word' id='word_1_508' title='bbox 367 3406 569 3477; x_wconf 80' lang='grc' dir='ltr'>ὀρθῶς.</span> <span class='ocrx_word' id='word_1_509' title='bbox 614 3407 754 3460; x_wconf 79' lang='grc' dir='ltr'>Ἀλλ’</span> <span class='ocrx_word' id='word_1_510' title='bbox 784 3407 892 3460; x_wconf 84' lang='grc' dir='ltr'>οὐδ’</span> <span class='ocrx_word' id='word_1_511' title='bbox 919 3407 986 3461; x_wconf 78' lang='grc' dir='ltr'>ἄν</span> <span class='ocrx_word' id='word_1_512' title='bbox 1013 3426 1098 3470; x_wconf 89' lang='grc' dir='ltr'><strong>τις</strong></span> <span class='ocrx_word' id='word_1_513' title='bbox 1123 3409 1277 3479; x_wconf 81' lang='grc' dir='ltr'>γνοίη</span> <span class='ocrx_word' id='word_1_514' title='bbox 1313 3411 1380 3464; x_wconf 86' lang='grc' dir='ltr'><strong>τά</strong></span> <span class='ocrx_word' id='word_1_515' title='bbox 1418 3429 1478 3464; x_wconf 88' lang='grc' dir='ltr'><strong>τε</strong></span> <span class='ocrx_word' id='word_1_516' title='bbox 1519 3413 1638 3483; x_wconf 79' lang='grc' dir='ltr'>ἴχνη</span> <span class='ocrx_word' id='word_1_517' title='bbox 1669 3415 1763 3468; x_wconf 80' lang='grc' dir='ltr'>καὶ</span> 
     </span>
    </p>
   </div>
   <div class='ocr_carea' id='block_1_66' title="bbox 190 3498 1764 3573">
    <p class='ocr_par' dir='ltr' id='par_1_66' title="bbox 190 3498 1764 3573">
     <span class='ocr_line' id='line_1_66' title="bbox 190 3498 1764 3573; baseline 0.004 -20"><span class='ocrx_word' id='word_1_518' title='bbox 190 3498 281 3562; x_wconf 80' lang='grc' dir='ltr'><strong>τὰς</strong></span> <span class='ocrx_word' id='word_1_519' title='bbox 308 3500 455 3563; x_wconf 78' lang='grc' dir='ltr'>ὁδοὺς</span> <span class='ocrx_word' id='word_1_520' title='bbox 487 3499 680 3554; x_wconf 85' lang='grc' dir='ltr'>αὑτοῦ.</span> <span class='ocrx_word' id='word_1_521' title='bbox 722 3499 1034 3570; x_wconf 80' lang='grc' dir='ltr'>Γέγραπται</span> <span class='ocrx_word' id='word_1_522' title='bbox 1066 3500 1196 3569; x_wconf 84' lang='grc' dir='ltr'>γάρ,</span> <span class='ocrx_word' id='word_1_523' title='bbox 1235 3519 1255 3554; x_wconf 79' lang='grc' dir='ltr'><strong>ι</strong></span> <span class='ocrx_word' id='word_1_524' title='bbox 1305 3498 1376 3554; x_wconf 83' lang='grc' dir='ltr'><strong><em>Ὦ</em></strong></span> <span class='ocrx_word' id='word_1_525' title='bbox 1407 3501 1573 3573; x_wconf 85' lang='grc' dir='ltr'>βάθος</span> <span class='ocrx_word' id='word_1_526' title='bbox 1601 3505 1764 3559; x_wconf 80' lang='grc' dir='ltr'>πλού·-</span> 
     </span>
    </p>
   </div>
   <div class='ocr_carea' id='block_1_67' title="bbox 190 3590 1764 3666">
    <p class='ocr_par' dir='ltr' id='par_1_67' title="bbox 190 3590 1764 3666">
     <span class='ocr_line' id='line_1_67' title="bbox 190 3590 1764 3666; baseline 0.005 -25"><span class='ocrx_word' id='word_1_527' title='bbox 190 3606 296 3652; x_wconf 88' lang='grc' dir='ltr'>του,</span> <span class='ocrx_word' id='word_1_528' title='bbox 334 3591 424 3642; x_wconf 77' lang='grc' dir='ltr'>καὶ</span> <span class='ocrx_word' id='word_1_529' title='bbox 462 3591 681 3658; x_wconf 82' lang='grc' dir='ltr'>σοφίας,</span> <span class='ocrx_word' id='word_1_530' title='bbox 716 3590 814 3644; x_wconf 78' lang='grc' dir='ltr'>καὶ</span> <span class='ocrx_word' id='word_1_531' title='bbox 838 3590 1095 3658; x_wconf 86' lang='grc' dir='ltr'>γνώσεως</span> <span class='ocrx_word' id='word_1_532' title='bbox 1155 3592 1290 3650; x_wconf 85' lang='grc' dir='ltr'>Θεοῦ</span> <span class='ocrx_word' id='word_1_533' title='bbox 1317 3609 1330 3624; x_wconf 77' lang='grc' dir='ltr'><strong><em>ο</em></strong></span> <span class='ocrx_word' id='word_1_534' title='bbox 1366 3593 1442 3656; x_wconf 78' lang='grc' dir='ltr'>ὡς</span> <span class='ocrx_word' id='word_1_535' title='bbox 1479 3595 1764 3666; x_wconf 83' lang='grc' dir='ltr'>ἀνεξερεύ-</span> 
     </span>
    </p>
   </div>
   <div class='ocr_carea' id='block_1_68' title="bbox 194 3681 1763 3754">
    <p class='ocr_par' dir='ltr' id='par_1_68' title="bbox 194 3681 1763 3754">
     <span class='ocr_line' id='line_1_68' title="bbox 194 3681 1763 3754; baseline 0.008 -22"><span class='ocrx_word' id='word_1_536' title='bbox 194 3696 315 3750; x_wconf 87' lang='grc' dir='ltr'>νητα</span> <span class='ocrx_word' id='word_1_537' title='bbox 339 3681 407 3734; x_wconf 68' lang='grc' dir='ltr'><strong>τὰ</strong></span> <span class='ocrx_word' id='word_1_538' title='bbox 441 3681 694 3752; x_wconf 85' lang='grc' dir='ltr'>κρίματα</span> <span class='ocrx_word' id='word_1_539' title='bbox 725 3682 912 3746; x_wconf 86' lang='grc' dir='ltr'>αὑτοῦ,</span> <span class='ocrx_word' id='word_1_540' title='bbox 941 3685 1036 3736; x_wconf 73' lang='grc' dir='ltr'>καὶ</span> <span class='ocrx_word' id='word_1_541' title='bbox 1089 3684 1486 3754; x_wconf 80' lang='grc' dir='ltr'>ἀνεξιχνίαστοι</span> <span class='ocrx_word' id='word_1_542' title='bbox 1540 3690 1598 3742; x_wconf 89' lang='grc' dir='ltr'><strong>αἱ</strong></span> <span class='ocrx_word' id='word_1_543' title='bbox 1654 3689 1763 3743; x_wconf 78' lang='grc' dir='ltr'>ὁδοὶ</span> 
     </span>
    </p>
   </div>
   <div class='ocr_carea' id='block_1_69' title="bbox 194 3772 1765 3845">
    <p class='ocr_par' dir='ltr' id='par_1_69' title="bbox 194 3772 1765 3845">
     <span class='ocr_line' id='line_1_69' title="bbox 194 3772 1765 3845; baseline 0.007 -21"><span class='ocrx_word' id='word_1_544' title='bbox 194 3772 375 3825; x_wconf 86' lang='grc' dir='ltr'>αὑτοῦι</span> <span class='ocrx_word' id='word_1_545' title='bbox 414 3792 434 3826; x_wconf 75' lang='grc' dir='ltr'><strong>ι</strong></span> <span class='ocrx_word' id='word_1_546' title='bbox 473 3774 686 3826; x_wconf 74' lang='grc' dir='ltr'>Ψάλλει</span> <span class='ocrx_word' id='word_1_547' title='bbox 710 3775 767 3827; x_wconf 82' lang='grc' dir='ltr'>δὲ</span> <span class='ocrx_word' id='word_1_548' title='bbox 799 3774 895 3827; x_wconf 81' lang='grc' dir='ltr'>καὶ</span> <span class='ocrx_word' id='word_1_549' title='bbox 922 3774 952 3825; x_wconf 84' lang='grc' dir='ltr'><strong>ὁ</strong></span> <span class='ocrx_word' id='word_1_550' title='bbox 983 3775 1253 3845; x_wconf 89' lang='grc' dir='ltr'>μακάριος</span> <span class='ocrx_word' id='word_1_551' title='bbox 1292 3777 1478 3840; x_wconf 73' lang='grc' dir='ltr'>Δαὸἱδ,</span> <span class='ocrx_word' id='word_1_552' title='bbox 1531 3781 1626 3834; x_wconf 80' lang='grc' dir='ltr'><strong>καὶ</strong></span> <span class='ocrx_word' id='word_1_553' title='bbox 1677 3798 1765 3835; x_wconf 85' lang='grc' dir='ltr'>σο-</span> 
     </span>
    </p>
   </div>
   <div class='ocr_carea' id='block_1_70' title="bbox 195 3863 1760 3940">
    <p class='ocr_par' dir='ltr' id='par_1_70' title="bbox 195 3863 1760 3940">
     <span class='ocr_line' id='line_1_70' title="bbox 195 3863 1760 3940; baseline 0.006 -24"><span class='ocrx_word' id='word_1_554' title='bbox 195 3863 282 3930; x_wconf 77' lang='grc' dir='ltr'><strong>φὸν</strong></span> <span class='ocrx_word' id='word_1_555' title='bbox 304 3864 595 3935; x_wconf 84' lang='grc' dir='ltr'>άνακρούει</span> <span class='ocrx_word' id='word_1_556' title='bbox 627 3864 808 3934; x_wconf 82' lang='grc' dir='ltr'>μέλος·</span> <span class='ocrx_word' id='word_1_557' title='bbox 851 3883 869 3916; x_wconf 81' lang='grc' dir='ltr'><strong>ι</strong></span> <span class='ocrx_word' id='word_1_558' title='bbox 920 3865 1008 3918; x_wconf 89' lang='grc' dir='ltr'>Ἐν</span> <span class='ocrx_word' id='word_1_559' title='bbox 1035 3869 1099 3935; x_wconf 82' lang='grc' dir='ltr'>τῇ</span> <span class='ocrx_word' id='word_1_560' title='bbox 1141 3866 1385 3940; x_wconf 81' lang='grc' dir='ltr'>θαλάσσῃ</span> <span class='ocrx_word' id='word_1_561' title='bbox 1424 3871 1457 3939; x_wconf 84' lang='grc' dir='ltr'><strong>ἡ</strong></span> <span class='ocrx_word' id='word_1_562' title='bbox 1491 3870 1609 3934; x_wconf 77' lang='grc' dir='ltr'>ὁδός</span> <span class='ocrx_word' id='word_1_563' title='bbox 1642 3889 1760 3937; x_wconf 90' lang='grc' dir='ltr'>σου,</span> 
     </span>
    </p>
   </div>
   <div class='ocr_carea' id='block_1_71' title="bbox 195 3954 1762 4033">
    <p class='ocr_par' dir='ltr' id='par_1_71' title="bbox 195 3954 1762 4033">
     <span class='ocr_line' id='line_1_71' title="bbox 195 3954 1762 4033; baseline 0.007 -27"><span class='ocrx_word' id='word_1_564' title='bbox 195 3954 354 4008; x_wconf 83' lang='grc' dir='ltr'><strong>καιαὶ</strong></span> <span class='ocrx_word' id='word_1_565' title='bbox 398 3955 582 4027; x_wconf 81' lang='grc' dir='ltr'>τρίσοι</span> <span class='ocrx_word' id='word_1_566' title='bbox 619 3972 713 4009; x_wconf 90' lang='grc' dir='ltr'><strong>σου</strong></span> <span class='ocrx_word' id='word_1_567' title='bbox 741 3957 799 4008; x_wconf 85' lang='grc' dir='ltr'><strong>ἑν</strong></span> <span class='ocrx_word' id='word_1_568' title='bbox 833 3955 990 4009; x_wconf 77' lang='grc' dir='ltr'>ὕδασι</span> <span class='ocrx_word' id='word_1_569' title='bbox 1021 3957 1256 4021; x_wconf 85' lang='grc' dir='ltr'>πολλοῖς,</span> <span class='ocrx_word' id='word_1_570' title='bbox 1297 3961 1392 4013; x_wconf 81' lang='grc' dir='ltr'>καὶ</span> <span class='ocrx_word' id='word_1_571' title='bbox 1424 3961 1492 4014; x_wconf 85' lang='grc' dir='ltr'><strong>τά</strong></span> <span class='ocrx_word' id='word_1_572' title='bbox 1518 3962 1635 4033; x_wconf 84' lang='grc' dir='ltr'>ίχνη</span> <span class='ocrx_word' id='word_1_573' title='bbox 1668 3980 1762 4016; x_wconf 89' lang='grc' dir='ltr'><strong>σου</strong></span> 
     </span>
    </p>
   </div>
   <div class='ocr_carea' id='block_1_72' title="bbox 196 4043 1764 4125">
    <p class='ocr_par' dir='ltr' id='par_1_72' title="bbox 196 4043 1764 4125">
     <span class='ocr_line' id='line_1_72' title="bbox 196 4043 1764 4125; baseline 0.01 -30"><span class='ocrx_word' id='word_1_574' title='bbox 196 4043 251 4096; x_wconf 84' lang='grc' dir='ltr'><strong>ού</strong></span> <span class='ocrx_word' id='word_1_575' title='bbox 274 4046 696 4116; x_wconf 83' lang='grc' dir='ltr'>γνωσθήσονται.</span> <span class='ocrx_word' id='word_1_576' title='bbox 746 4066 766 4098; x_wconf 74' lang='grc' dir='ltr'><strong>ι</strong></span> <span class='ocrx_word' id='word_1_577' title='bbox 802 4047 974 4100; x_wconf 71' lang='lat' dir='ltr'><strong>&quot;nam</strong></span> <span class='ocrx_word' id='word_1_578' title='bbox 985 4065 1014 4118; x_wconf 94' lang='grc' dir='ltr'><strong>ρ</strong></span> <span class='ocrx_word' id='word_1_579' title='bbox 1040 4048 1148 4120; x_wconf 84' lang='grc' dir='ltr'><strong>γάρ</strong></span> <span class='ocrx_word' id='word_1_580' title='bbox 1175 4051 1274 4104; x_wconf 82' lang='grc' dir='ltr'>οὐκ</span> <span class='ocrx_word' id='word_1_581' title='bbox 1299 4051 1363 4104; x_wconf 78' lang='grc' dir='ltr'>ἄν</span> <span class='ocrx_word' id='word_1_582' title='bbox 1391 4070 1475 4116; x_wconf 86' lang='grc' dir='ltr'><strong>τις</strong></span> <span class='ocrx_word' id='word_1_583' title='bbox 1499 4054 1597 4108; x_wconf 87' lang='grc' dir='ltr'>ίδοι</span> <span class='ocrx_word' id='word_1_584' title='bbox 1621 4056 1764 4125; x_wconf 77' lang='grc' dir='ltr'>ἴχνος</span> 
     </span>
    </p>
   </div>
   <div class='ocr_carea' id='block_1_73' title="bbox 198 4135 1765 4214">
    <p class='ocr_par' dir='ltr' id='par_1_73' title="bbox 198 4135 1765 4214">
     <span class='ocr_line' id='line_1_73' title="bbox 198 4135 1765 4214; baseline 0.009 -27"><span class='ocrx_word' id='word_1_585' title='bbox 198 4135 250 4186; x_wconf 82' lang='grc' dir='ltr'><strong>ἑν</strong></span> <span class='ocrx_word' id='word_1_586' title='bbox 285 4135 482 4201; x_wconf 75' lang='grc' dir='ltr'>ὕδασιν,</span> <span class='ocrx_word' id='word_1_587' title='bbox 524 4137 556 4205; x_wconf 79' lang='grc' dir='ltr'>ἦ</span> <span class='ocrx_word' id='word_1_588' title='bbox 584 4137 872 4208; x_wconf 84' lang='grc' dir='ltr'>ἀνθρώπου</span> <span class='ocrx_word' id='word_1_589' title='bbox 907 4139 1128 4209; x_wconf 82' lang='grc' dir='ltr'>τυχὸνῆ</span> <span class='ocrx_word' id='word_1_590' title='bbox 1175 4140 1331 4205; x_wconf 84' lang='grc' dir='ltr'>νεὼς,</span> <span class='ocrx_word' id='word_1_591' title='bbox 1368 4143 1401 4214; x_wconf 76' lang='grc' dir='ltr'>ἦ</span> <span class='ocrx_word' id='word_1_592' title='bbox 1441 4144 1549 4199; x_wconf 90' lang='grc' dir='ltr'><strong>τῶν</strong></span> <span class='ocrx_word' id='word_1_593' title='bbox 1579 4146 1636 4199; x_wconf 85' lang='grc' dir='ltr'><strong>ἑν</strong></span> <span class='ocrx_word' id='word_1_594' title='bbox 1667 4148 1765 4200; x_wconf 88' lang='grc' dir='ltr'>αὑ-</span> 
     </span>
    </p>
   </div>
   <div class='ocr_carea' id='block_1_74' title="bbox 197 4228 1764 4303">
    <p class='ocr_par' dir='ltr' id='par_1_74' title="bbox 197 4228 1764 4303">
     <span class='ocr_line' id='line_1_74' title="bbox 197 4228 1764 4303; baseline 0.008 -25"><span class='ocrx_word' id='word_1_595' title='bbox 197 4228 295 4288; x_wconf 68' lang='grc' dir='ltr'>τοῖς</span> <span class='ocrx_word' id='word_1_596' title='bbox 325 4228 657 4298; x_wconf 82' lang='grc' dir='ltr'>νηχομένων,</span> <span class='ocrx_word' id='word_1_597' title='bbox 688 4228 860 4294; x_wconf 79' lang='grc' dir='ltr'>οὕτως</span> <span class='ocrx_word' id='word_1_598' title='bbox 879 4231 980 4284; x_wconf 87' lang='grc' dir='ltr'><strong>ούκ</strong></span> <span class='ocrx_word' id='word_1_599' title='bbox 1000 4231 1065 4285; x_wconf 81' lang='grc' dir='ltr'>ἂν</span> <span class='ocrx_word' id='word_1_600' title='bbox 1094 4233 1462 4303; x_wconf 86' lang='grc' dir='ltr'>καταθρήσειέ</span> <span class='ocrx_word' id='word_1_601' title='bbox 1490 4253 1576 4300; x_wconf 84' lang='grc' dir='ltr'><strong>τις</strong></span> <span class='ocrx_word' id='word_1_602' title='bbox 1614 4238 1764 4302; x_wconf 87' lang='grc' dir='ltr'>θείας</span> 
     </span>
    </p>
   </div>
   <div class='ocr_carea' id='block_1_75' title="bbox 197 4316 1764 4391">
    <p class='ocr_par' dir='ltr' id='par_1_75' title="bbox 197 4316 1764 4391">
     <span class='ocr_line' id='line_1_75' title="bbox 197 4316 1764 4391; baseline 0.008 -23"><span class='ocrx_word' id='word_1_603' title='bbox 197 4333 250 4368; x_wconf 83' lang='grc' dir='ltr'><strong>τε</strong></span> <span class='ocrx_word' id='word_1_604' title='bbox 285 4321 374 4372; x_wconf 80' lang='grc' dir='ltr'>καὶ</span> <span class='ocrx_word' id='word_1_605' title='bbox 409 4320 760 4391; x_wconf 75' lang='grc' dir='ltr'>ἀπορρήτους</span> <span class='ocrx_word' id='word_1_606' title='bbox 795 4320 973 4385; x_wconf 84' lang='grc' dir='ltr'>ὁδούς.</span> <span class='ocrx_word' id='word_1_607' title='bbox 1014 4316 1112 4375; x_wconf 83' lang='grc' dir='ltr'>Ὧν</span> <span class='ocrx_word' id='word_1_608' title='bbox 1144 4324 1210 4377; x_wconf 82' lang='grc' dir='ltr'>ἂν</span> <span class='ocrx_word' id='word_1_609' title='bbox 1248 4322 1357 4378; x_wconf 85' lang='grc' dir='ltr'>εἷεν</span> <span class='ocrx_word' id='word_1_610' title='bbox 1395 4328 1474 4390; x_wconf 90' lang='grc' dir='ltr'><strong>εἱς</strong></span> <span class='ocrx_word' id='word_1_611' title='bbox 1518 4327 1688 4381; x_wconf 88' lang='grc' dir='ltr'>τύπον</span> <span class='ocrx_word' id='word_1_612' title='bbox 1713 4329 1764 4381; x_wconf 87' lang='grc' dir='ltr'><strong>οἱ</strong></span> 
     </span>
    </p>
   </div>
   <div class='ocr_carea' id='block_1_76' title="bbox 200 4408 1763 4485">
    <p class='ocr_par' dir='ltr' id='par_1_76' title="bbox 200 4408 1763 4485">
     <span class='ocr_line' id='line_1_76' title="bbox 200 4408 1763 4485; baseline 0.007 -25"><span class='ocrx_word' id='word_1_613' title='bbox 200 4408 361 4472; x_wconf 81' lang='grc' dir='ltr'>πόδες.</span> <span class='ocrx_word' id='word_1_614' title='bbox 395 4411 458 4463; x_wconf 83' lang='grc' dir='ltr'><strong>Εἰ</strong></span> <span class='ocrx_word' id='word_1_615' title='bbox 497 4411 555 4463; x_wconf 79' lang='grc' dir='ltr'>δὲ</span> <span class='ocrx_word' id='word_1_616' title='bbox 593 4411 658 4479; x_wconf 82' lang='grc' dir='ltr'>δὴ</span> <span class='ocrx_word' id='word_1_617' title='bbox 690 4411 784 4463; x_wconf 72' lang='grc' dir='ltr'>καὶ</span> <span class='ocrx_word' id='word_1_618' title='bbox 815 4412 883 4464; x_wconf 70' lang='grc' dir='ltr'><strong>τά</strong></span> <span class='ocrx_word' id='word_1_619' title='bbox 918 4413 1128 4467; x_wconf 79' lang='grc' dir='ltr'>ἑαυτῶν</span> <span class='ocrx_word' id='word_1_620' title='bbox 1170 4415 1439 4485; x_wconf 85' lang='grc' dir='ltr'>πρόσωπα</span> <span class='ocrx_word' id='word_1_621' title='bbox 1485 4418 1580 4470; x_wconf 82' lang='grc' dir='ltr'>καὶ</span> <span class='ocrx_word' id='word_1_622' title='bbox 1637 4419 1763 4482; x_wconf 86' lang='grc' dir='ltr'>τοὺς</span> 
     </span>
    </p>
   </div>
   <div class='ocr_carea' id='block_1_77' title="bbox 201 4497 1839 4577">
    <p class='ocr_par' dir='ltr' id='par_1_77' title="bbox 201 4497 1839 4577">
     <span class='ocr_line' id='line_1_77' title="bbox 201 4497 1839 4577; baseline 0.007 -27"><span class='ocrx_word' id='word_1_623' title='bbox 201 4499 349 4563; x_wconf 83' lang='grc' dir='ltr'>πόδας</span> <span class='ocrx_word' id='word_1_624' title='bbox 378 4500 788 4564; x_wconf 73' lang='grc' dir='ltr'>καταπυκάζειν</span> <span class='ocrx_word' id='word_1_625' title='bbox 818 4505 935 4565; x_wconf 86' lang='grc' dir='ltr'>ταῖς</span> <span class='ocrx_word' id='word_1_626' title='bbox 969 4503 1226 4573; x_wconf 77' lang='grc' dir='ltr'>πτέρυξιν</span> <span class='ocrx_word' id='word_1_627' title='bbox 1259 4506 1658 4577; x_wconf 87' lang='grc' dir='ltr'>ύποτοπήσαιτό</span> <span class='ocrx_word' id='word_1_628' title='bbox 1679 4525 1763 4572; x_wconf 87' lang='grc' dir='ltr'><strong>τις</strong></span> <span class='ocrx_word' id='word_1_629' title='bbox 1795 4497 1839 4552; x_wconf 82' lang='grc' dir='ltr'>Ῑ)</span> 
     </span>
    </p>
   </div>
   <div class='ocr_carea' id='block_1_78' title="bbox 201 4589 1764 4668">
    <p class='ocr_par' dir='ltr' id='par_1_78' title="bbox 201 4589 1764 4668">
     <span class='ocr_line' id='line_1_78' title="bbox 201 4589 1764 4668; baseline 0.007 -27"><span class='ocrx_word' id='word_1_630' title='bbox 201 4589 261 4642; x_wconf 72' lang='grc' dir='ltr'><strong>τὰ</strong></span> <span class='ocrx_word' id='word_1_631' title='bbox 293 4590 417 4658; x_wconf 76' lang='grc' dir='ltr'>ἅγια</span> <span class='ocrx_word' id='word_1_632' title='bbox 463 4591 742 4661; x_wconf 78' lang='grc' dir='ltr'>Σεραφὶμ,</span> <span class='ocrx_word' id='word_1_633' title='bbox 783 4592 1052 4663; x_wconf 82' lang='grc' dir='ltr'>ἐννοῶμεν</span> <span class='ocrx_word' id='word_1_634' title='bbox 1082 4595 1163 4648; x_wconf 82' lang='grc' dir='ltr'>ὅτι</span> <span class='ocrx_word' id='word_1_635' title='bbox 1209 4595 1310 4665; x_wconf 82' lang='grc' dir='ltr'>τῆς</span> <span class='ocrx_word' id='word_1_636' title='bbox 1350 4600 1480 4668; x_wconf 70' lang='grc' dir='ltr'>περὶ</span> <span class='ocrx_word' id='word_1_637' title='bbox 1509 4599 1644 4651; x_wconf 87' lang='grc' dir='ltr'>Θεοῦ</span> <span class='ocrx_word' id='word_1_638' title='bbox 1678 4617 1764 4652; x_wconf 84' lang='grc' dir='ltr'>σο-</span> 
     </span>
    </p>
   </div>
   <div class='ocr_carea' id='block_1_79' title="bbox 203 4679 1758 4760">
    <p class='ocr_par' dir='ltr' id='par_1_79' title="bbox 203 4679 1758 4760">
     <span class='ocr_line' id='line_1_79' title="bbox 203 4679 1758 4760; baseline 0.009 -30"><span class='ocrx_word' id='word_1_639' title='bbox 203 4679 334 4745; x_wconf 84' lang='grc' dir='ltr'>φίας,</span> <span class='ocrx_word' id='word_1_640' title='bbox 374 4680 486 4750; x_wconf 75' lang='grc' dir='ltr'>ήτοι</span> <span class='ocrx_word' id='word_1_641' title='bbox 525 4680 777 4746; x_wconf 83' lang='grc' dir='ltr'>γνώσεως</span> <span class='ocrx_word' id='word_1_642' title='bbox 805 4682 980 4752; x_wconf 81' lang='grc' dir='ltr'>ἀρχὴν</span> <span class='ocrx_word' id='word_1_643' title='bbox 1025 4683 1058 4754; x_wconf 87' lang='grc' dir='ltr'>ἢ</span> <span class='ocrx_word' id='word_1_644' title='bbox 1115 4685 1268 4748; x_wconf 80' lang='grc' dir='ltr'>τέλος</span> <span class='ocrx_word' id='word_1_645' title='bbox 1312 4687 1441 4742; x_wconf 83' lang='grc' dir='ltr'>ἰδεῖν</span> <span class='ocrx_word' id='word_1_646' title='bbox 1472 4690 1532 4741; x_wconf 84' lang='grc' dir='ltr'><strong>οὑ</strong></span> <span class='ocrx_word' id='word_1_647' title='bbox 1578 4689 1758 4760; x_wconf 88' lang='grc' dir='ltr'>θέμις.</span> 
     </span>
    </p>
   </div>
   <div class='ocr_carea' id='block_1_80' title="bbox 215 4771 1762 4850">
    <p class='ocr_par' dir='ltr' id='par_1_80' title="bbox 215 4771 1762 4850">
     <span class='ocr_line' id='line_1_80' title="bbox 215 4771 1762 4850; baseline 0.011 -30"><span class='ocrx_word' id='word_1_648' title='bbox 215 4771 611 4840; x_wconf 79' lang='grc' dir='ltr'>Ἀκατάληπτος</span> <span class='ocrx_word' id='word_1_649' title='bbox 640 4771 746 4843; x_wconf 78' lang='grc' dir='ltr'><strong>γὰρ</strong></span> <span class='ocrx_word' id='word_1_650' title='bbox 770 4773 866 4826; x_wconf 75' lang='grc' dir='ltr'>καὶ</span> <span class='ocrx_word' id='word_1_651' title='bbox 895 4773 1054 4845; x_wconf 82' lang='grc' dir='ltr'>αὑτὴ,</span> <span class='ocrx_word' id='word_1_652' title='bbox 1091 4777 1184 4830; x_wconf 75' lang='grc' dir='ltr'>καὶ</span> <span class='ocrx_word' id='word_1_653' title='bbox 1209 4778 1348 4850; x_wconf 83' lang='grc' dir='ltr'>ὑπὲρ</span> <span class='ocrx_word' id='word_1_654' title='bbox 1377 4780 1500 4834; x_wconf 89' lang='grc' dir='ltr'>νοῦν</span> <span class='ocrx_word' id='word_1_655' title='bbox 1526 4783 1641 4835; x_wconf 81' lang='grc' dir='ltr'>ἐστι</span> <span class='ocrx_word' id='word_1_656' title='bbox 1672 4783 1762 4837; x_wconf 85' lang='grc' dir='ltr'>τὸν</span> 
     </span>
    </p>
   </div>
   <div class='ocr_carea' id='block_1_81' title="bbox 203 4862 1763 4946">
    <p class='ocr_par' dir='ltr' id='par_1_81' title="bbox 203 4862 1763 4946">
     <span class='ocr_line' id='line_1_81' title="bbox 203 4862 1763 4946; baseline 0.01 -32"><span class='ocrx_word' id='word_1_657' title='bbox 203 4862 548 4933; x_wconf 80' lang='grc' dir='ltr'>ἀνθρώπινον.</span> <span class='ocrx_word' id='word_1_658' title='bbox 586 4863 755 4935; x_wconf 81' lang='grc' dir='ltr'>Ἀρχὴ</span> <span class='ocrx_word' id='word_1_659' title='bbox 784 4865 842 4918; x_wconf 73' lang='grc' dir='ltr'>δὲ</span> <span class='ocrx_word' id='word_1_660' title='bbox 869 4868 1067 4931; x_wconf 83' lang='grc' dir='ltr'>παντὸς</span> <span class='ocrx_word' id='word_1_661' title='bbox 1099 4871 1371 4940; x_wconf 81' lang='grc' dir='ltr'>σώματος,</span> <span class='ocrx_word' id='word_1_662' title='bbox 1407 4875 1638 4946; x_wconf 87' lang='grc' dir='ltr'>κεφαλή·</span> <span class='ocrx_word' id='word_1_663' title='bbox 1673 4876 1763 4929; x_wconf 81' lang='grc' dir='ltr'><strong>τέ·</strong></span> 
     </span>
    </p>
   </div>
   <div class='ocr_carea' id='block_1_82' title="bbox 205 4951 1767 5036">
    <p class='ocr_par' dir='ltr' id='par_1_82' title="bbox 205 4951 1767 5036">
     <span class='ocr_line' id='line_1_82' title="bbox 205 4951 1767 5036; baseline 0.012 -32"><span class='ocrx_word' id='word_1_664' title='bbox 205 4951 286 5015; x_wconf 90' lang='grc' dir='ltr'><strong>λος</strong></span> <span class='ocrx_word' id='word_1_665' title='bbox 319 4955 374 5007; x_wconf 82' lang='grc' dir='ltr'>δὲ</span> <span class='ocrx_word' id='word_1_666' title='bbox 411 4958 461 5008; x_wconf 90' lang='grc' dir='ltr'><strong>οἱ</strong></span> <span class='ocrx_word' id='word_1_667' title='bbox 503 4955 684 5019; x_wconf 86' lang='grc' dir='ltr'>πόδες.</span> <span class='ocrx_word' id='word_1_668' title='bbox 707 4957 780 5009; x_wconf 82' lang='grc' dir='ltr'><strong>Τὸ</strong></span> <span class='ocrx_word' id='word_1_669' title='bbox 809 4957 1120 5030; x_wconf 84' lang='grc' dir='ltr'>ἱλαστήριον</span> <span class='ocrx_word' id='word_1_670' title='bbox 1153 4957 1246 5016; x_wconf 87' lang='grc' dir='ltr'><strong>οῦν</strong></span> <span class='ocrx_word' id='word_1_671' title='bbox 1275 4963 1384 5034; x_wconf 78' lang='grc' dir='ltr'>ἄρα</span> <span class='ocrx_word' id='word_1_672' title='bbox 1422 4967 1677 5036; x_wconf 88' lang='grc' dir='ltr'>Χριστὸς,</span> <span class='ocrx_word' id='word_1_673' title='bbox 1709 4969 1767 5032; x_wconf 83' lang='grc' dir='ltr'>ὂς</span> 
     </span>
    </p>
   </div>
   <div class='ocr_carea' id='block_1_83' title="bbox 205 5046 1767 5123">
    <p class='ocr_par' dir='ltr' id='par_1_83' title="bbox 205 5046 1767 5123">
     <span class='ocr_line' id='line_1_83' title="bbox 205 5046 1767 5123; baseline 0.011 -27"><span class='ocrx_word' id='word_1_674' title='bbox 205 5046 289 5097; x_wconf 74' lang='grc' dir='ltr'>καὶ</span> <span class='ocrx_word' id='word_1_675' title='bbox 341 5047 396 5098; x_wconf 81' lang='grc' dir='ltr'>ὲν</span> <span class='ocrx_word' id='word_1_676' title='bbox 445 5047 610 5119; x_wconf 81' lang='grc' dir='ltr'>σαρκὶ</span> <span class='ocrx_word' id='word_1_677' title='bbox 643 5049 924 5119; x_wconf 83' lang='grc' dir='ltr'>πεφηνὼς,</span> <span class='ocrx_word' id='word_1_678' title='bbox 959 5052 1114 5105; x_wconf 83' lang='grc' dir='ltr'>οὐδὲν</span> <span class='ocrx_word' id='word_1_679' title='bbox 1144 5048 1305 5123; x_wconf 82' lang='grc' dir='ltr'>ἧττόν</span> <span class='ocrx_word' id='word_1_680' title='bbox 1343 5057 1459 5110; x_wconf 86' lang='grc' dir='ltr'>ἑστι</span> <span class='ocrx_word' id='word_1_681' title='bbox 1493 5059 1646 5122; x_wconf 81' lang='grc' dir='ltr'>Θεὸς,</span> <span class='ocrx_word' id='word_1_682' title='bbox 1675 5061 1767 5113; x_wconf 76' lang='grc' dir='ltr'>καὶ</span> 
     </span>
    </p>
   </div>
   <div class='ocr_carea' id='block_1_84' title="bbox 207 5134 1766 5221">
    <p class='ocr_par' dir='ltr' id='par_1_84' title="bbox 207 5134 1766 5221">
     <span class='ocr_line' id='line_1_84' title="bbox 207 5134 1766 5221; baseline 0.012 -35"><span class='ocrx_word' id='word_1_683' title='bbox 207 5134 416 5207; x_wconf 81' lang='grc' dir='ltr'>Κύριος,</span> <span class='ocrx_word' id='word_1_684' title='bbox 450 5138 610 5206; x_wconf 86' lang='grc' dir='ltr'>φύσει</span> <span class='ocrx_word' id='word_1_685' title='bbox 635 5155 695 5191; x_wconf 80' lang='grc' dir='ltr'><strong>τε</strong></span> <span class='ocrx_word' id='word_1_686' title='bbox 725 5140 820 5192; x_wconf 80' lang='grc' dir='ltr'>καὶ</span> <span class='ocrx_word' id='word_1_687' title='bbox 844 5141 1080 5211; x_wconf 86' lang='grc' dir='ltr'>άληθῶς,</span> <span class='ocrx_word' id='word_1_688' title='bbox 1105 5147 1476 5216; x_wconf 87' lang='grc' dir='ltr'>περιεστώσας</span> <span class='ocrx_word' id='word_1_689' title='bbox 1497 5149 1556 5201; x_wconf 85' lang='grc' dir='ltr'><strong>ἑν</strong></span> <span class='ocrx_word' id='word_1_690' title='bbox 1583 5149 1766 5221; x_wconf 86' lang='grc' dir='ltr'>κύκλῳ</span> 
     </span>
    </p>
   </div>
   <div class='ocr_carea' id='block_1_85' title="bbox 205 5224 1770 5304">
    <p class='ocr_par' dir='ltr' id='par_1_85' title="bbox 205 5224 1770 5304">
     <span class='ocr_line' id='line_1_85' title="bbox 205 5224 1770 5304; baseline 0.012 -26"><span class='ocrx_word' id='word_1_691' title='bbox 205 5224 574 5294; x_wconf 78' lang='grc' dir='ltr'>δουλοπρεπῶς</span> <span class='ocrx_word' id='word_1_692' title='bbox 633 5229 731 5282; x_wconf 79' lang='grc' dir='ltr'>καὶ</span> <span class='ocrx_word' id='word_1_693' title='bbox 787 5230 956 5295; x_wconf 85' lang='grc' dir='ltr'>αὑτάς</span> <span class='ocrx_word' id='word_1_694' title='bbox 995 5232 1134 5304; x_wconf 79' lang='grc' dir='ltr'>ἔχων</span> <span class='ocrx_word' id='word_1_695' title='bbox 1192 5235 1291 5300; x_wconf 77' lang='grc' dir='ltr'><strong>τὰς</strong></span> <span class='ocrx_word' id='word_1_696' title='bbox 1321 5239 1580 5294; x_wconf 79' lang='grc' dir='ltr'>ἀνωτάτω</span> <span class='ocrx_word' id='word_1_697' title='bbox 1609 5243 1770 5296; x_wconf 82' lang='grc' dir='ltr'>δυνά·</span> 
     </span>
    </p>
   </div>
   <div class='ocr_carea' id='block_1_86' title="bbox 211 5317 1770 5405">
    <p class='ocr_par' dir='ltr' id='par_1_86' title="bbox 211 5317 1770 5405">
     <span class='ocr_line' id='line_1_86' title="bbox 211 5317 1770 5405; baseline 0.015 -38"><span class='ocrx_word' id='word_1_698' title='bbox 211 5331 340 5384; x_wconf 83' lang='grc' dir='ltr'>μεις.</span> <span class='ocrx_word' id='word_1_699' title='bbox 375 5318 516 5388; x_wconf 85' lang='grc' dir='ltr'>Ἔφη</span> <span class='ocrx_word' id='word_1_700' title='bbox 544 5317 600 5370; x_wconf 84' lang='grc' dir='ltr'><strong>δέ</strong></span> <span class='ocrx_word' id='word_1_701' title='bbox 634 5336 734 5374; x_wconf 84' lang='grc' dir='ltr'><strong>που</strong></span> <span class='ocrx_word' id='word_1_702' title='bbox 757 5322 851 5376; x_wconf 72' lang='grc' dir='ltr'>καὶ</span> <span class='ocrx_word' id='word_1_703' title='bbox 884 5323 1040 5392; x_wconf 82' lang='grc' dir='ltr'>λόγος</span> <span class='ocrx_word' id='word_1_704' title='bbox 1073 5326 1392 5399; x_wconf 72' lang='grc' dir='ltr'>ήμῑνςὶερὸς,</span> <span class='ocrx_word' id='word_1_705' title='bbox 1417 5331 1492 5395; x_wconf 85' lang='grc' dir='ltr'>ὼς</span> <span class='ocrx_word' id='word_1_706' title='bbox 1523 5335 1662 5403; x_wconf 89' lang='grc' dir='ltr'>μετά</span> <span class='ocrx_word' id='word_1_707' title='bbox 1703 5353 1770 5405; x_wconf 80' lang='grc' dir='ltr'><strong>γε</strong></span> 
     </span>
    </p>
   </div>
   <div class='ocr_carea' id='block_1_87' title="bbox 209 5405 1772 5497">
    <p class='ocr_par' dir='ltr' id='par_1_87' title="bbox 209 5405 1772 5497">
     <span class='ocr_line' id='line_1_87' title="bbox 209 5405 1772 5497; baseline 0.015 -37"><span class='ocrx_word' id='word_1_708' title='bbox 209 5405 266 5459; x_wconf 76' lang='grc' dir='ltr'><strong>τὸ</strong></span> <span class='ocrx_word' id='word_1_709' title='bbox 302 5410 554 5481; x_wconf 83' lang='grc' dir='ltr'>ἑκστῆναι</span> <span class='ocrx_word' id='word_1_710' title='bbox 589 5412 684 5466; x_wconf 84' lang='grc' dir='ltr'>τὸν</span> <span class='ocrx_word' id='word_1_711' title='bbox 717 5414 964 5470; x_wconf 81' lang='grc' dir='ltr'>Σατανᾶν</span> <span class='ocrx_word' id='word_1_712' title='bbox 1009 5417 1107 5489; x_wconf 78' lang='grc' dir='ltr'><strong>τήν</strong></span> <span class='ocrx_word' id='word_1_713' title='bbox 1159 5421 1217 5474; x_wconf 79' lang='grc' dir='ltr'><strong>ἑν</strong></span> <span class='ocrx_word' id='word_1_714' title='bbox 1274 5423 1498 5495; x_wconf 83' lang='grc' dir='ltr'>Χριστῷ</span> <span class='ocrx_word' id='word_1_715' title='bbox 1537 5427 1772 5497; x_wconf 86' lang='grc' dir='ltr'>μεθέντα</span> 
     </span>
    </p>
   </div>
   <div class='ocr_carea' id='block_1_88' title="bbox 211 5500 1771 5591">
    <p class='ocr_par' dir='ltr' id='par_1_88' title="bbox 211 5500 1771 5591">
     <span class='ocr_line' id='line_1_88' title="bbox 211 5500 1771 5591; baseline 0.014 -39"><span class='ocrx_word' id='word_1_716' title='bbox 211 5500 413 5591; x_wconf 70' lang='grc' dir='ltr'>πεῖραν,</span> <span class='ocrx_word' id='word_1_717' title='bbox 441 5504 530 5556; x_wconf 75' lang='grc' dir='ltr'>ὅτε</span> <span class='ocrx_word' id='word_1_718' title='bbox 541 5505 898 5574; x_wconf 84' lang='grc' dir='ltr'>νενήστευκεν</span> <span class='ocrx_word' id='word_1_719' title='bbox 914 5507 1055 5581; x_wconf 85' lang='grc' dir='ltr'>ὑπὲρ</span> <span class='ocrx_word' id='word_1_720' title='bbox 1089 5511 1267 5581; x_wconf 80' lang='grc' dir='ltr'>ἡμῶν,</span> <span class='ocrx_word' id='word_1_721' title='bbox 1293 5514 1513 5584; x_wconf 78' lang='grc' dir='ltr'>ἄγγελοι</span> <span class='ocrx_word' id='word_1_722' title='bbox 1533 5519 1771 5591; x_wconf 74' lang='grc' dir='ltr'>προσῆλο</span> 
     </span>
    </p>
   </div>
   <div class='ocr_carea' id='block_1_89' title="bbox 213 5586 1769 5678">
    <p class='ocr_par' dir='ltr' id='par_1_89' title="bbox 213 5586 1769 5678">
     <span class='ocr_line' id='line_1_89' title="bbox 213 5586 1769 5678; baseline 0.015 -37"><span class='ocrx_word' id='word_1_723' title='bbox 213 5586 296 5641; x_wconf 86' lang='grc' dir='ltr'><strong>θον</strong></span> <span class='ocrx_word' id='word_1_724' title='bbox 329 5593 421 5644; x_wconf 80' lang='grc' dir='ltr'>καὶ</span> <span class='ocrx_word' id='word_1_725' title='bbox 443 5592 719 5664; x_wconf 82' lang='grc' dir='ltr'>διηκόνουν</span> <span class='ocrx_word' id='word_1_726' title='bbox 751 5596 922 5668; x_wconf 84' lang='grc' dir='ltr'>αύτῷ·</span> <span class='ocrx_word' id='word_1_727' title='bbox 986 5619 1006 5651; x_wconf 75' lang='grc' dir='ltr'><strong>ι</strong></span> <span class='ocrx_word' id='word_1_728' title='bbox 1045 5602 1339 5672; x_wconf 87' lang='grc' dir='ltr'>Πνεύματα</span> <span class='ocrx_word' id='word_1_729' title='bbox 1376 5608 1485 5678; x_wconf 84' lang='grc' dir='ltr'>γάρ</span> <span class='ocrx_word' id='word_1_730' title='bbox 1520 5586 1626 5664; x_wconf 78' lang='grc' dir='ltr'>εἱσι</span> <span class='ocrx_word' id='word_1_731' title='bbox 1662 5586 1769 5665; x_wconf 71' lang='grc' dir='ltr'>λὲε.</span> 
     </span>
    </p>
   </div>
   <div class='ocr_carea' id='block_1_90' title="bbox 1865 3223 3452 3297">
    <p class='ocr_par' dir='ltr' id='par_1_90' title="bbox 1865 3223 3452 3297">
     <span class='ocr_line' id='line_1_90' title="bbox 1865 3223 3452 3297; baseline -0.006 -9"><span class='ocrx_word' id='word_1_732' title='bbox 1865 3241 1949 3288; x_wconf 91' lang='lat' dir='ltr'><strong>est</strong></span> <span class='ocrx_word' id='word_1_733' title='bbox 1979 3231 2203 3287; x_wconf 87' lang='lat' dir='ltr'><strong>omnino</strong></span> <span class='ocrx_word' id='word_1_734' title='bbox 2234 3237 2429 3284; x_wconf 88' lang='lat' dir='ltr'><strong>natura</strong></span> <span class='ocrx_word' id='word_1_735' title='bbox 2456 3229 2547 3282; x_wconf 90' lang='lat' dir='ltr'><strong>illa</strong></span> <span class='ocrx_word' id='word_1_736' title='bbox 2603 3242 2724 3297; x_wconf 69' lang='lat' dir='ltr'><strong>qua:</strong></span> <span class='ocrx_word' id='word_1_737' title='bbox 2750 3233 2972 3295; x_wconf 87' lang='lat' dir='ltr'><strong>superat</strong></span> <span class='ocrx_word' id='word_1_738' title='bbox 2998 3239 3214 3279; x_wconf 91' lang='lat' dir='ltr'><strong>omnem</strong></span> <span class='ocrx_word' id='word_1_739' title='bbox 3249 3223 3452 3278; x_wconf 77' lang='lat' dir='ltr'><strong>intelli-</strong></span> 
     </span>
    </p>
   </div>
   <div class='ocr_carea' id='block_1_91' title="bbox 1864 3315 3447 3396">
    <p class='ocr_par' dir='ltr' id='par_1_91' title="bbox 1864 3315 3447 3396">
     <span class='ocr_line' id='line_1_91' title="bbox 1864 3315 3447 3396; baseline -0.008 -16"><span class='ocrx_word' id='word_1_740' title='bbox 1864 3325 2200 3396; x_wconf 86' lang='lat' dir='ltr'><strong>gentiam,et</strong></span> <span class='ocrx_word' id='word_1_741' title='bbox 2243 3324 2421 3376; x_wconf 88' lang='lat' dir='ltr'><strong>lucem</strong></span> <span class='ocrx_word' id='word_1_742' title='bbox 2471 3319 2906 3374; x_wconf 87' lang='lat' dir='ltr'><strong>inaccessibilem</strong></span> <span class='ocrx_word' id='word_1_743' title='bbox 2948 3316 3181 3378; x_wconf 87' lang='lat' dir='ltr'><strong>habitat,</strong></span> <span class='ocrx_word' id='word_1_744' title='bbox 3217 3327 3277 3368; x_wconf 91' lang='lat' dir='ltr'><strong>ut</strong></span> <span class='ocrx_word' id='word_1_745' title='bbox 3303 3315 3447 3370; x_wconf 91' lang='lat' dir='ltr'><strong>beati</strong></span> 
     </span>
    </p>
   </div>
   <div class='ocr_carea' id='block_1_92' title="bbox 1865 3405 3445 3478">
    <p class='ocr_par' dir='ltr' id='par_1_92' title="bbox 1865 3405 3445 3478">
     <span class='ocr_line' id='line_1_92' title="bbox 1865 3405 3445 3478; baseline -0.008 -8"><span class='ocrx_word' id='word_1_746' title='bbox 1865 3415 2018 3471; x_wconf 88' lang='lat' dir='ltr'><strong>Pauli</strong></span> <span class='ocrx_word' id='word_1_747' title='bbox 2038 3429 2173 3469; x_wconf 91' lang='lat' dir='ltr'><strong>voce</strong></span> <span class='ocrx_word' id='word_1_748' title='bbox 2208 3421 2333 3467; x_wconf 88' lang='lat' dir='ltr'><strong>utar</strong></span> <span class='ocrx_word' id='word_1_749' title='bbox 2364 3413 2438 3478; x_wconf 64' lang='lat'><strong>’3;</strong></span> <span class='ocrx_word' id='word_1_750' title='bbox 2478 3421 2534 3466; x_wconf 90' lang='lat' dir='ltr'><strong>et</strong></span> <span class='ocrx_word' id='word_1_751' title='bbox 2567 3428 2578 3463; x_wconf 93' lang='lat'>:</span> <span class='ocrx_word' id='word_1_752' title='bbox 2620 3430 2637 3460; x_wconf 86' lang='grc'><em>‹</em></span> <span class='ocrx_word' id='word_1_753' title='bbox 2671 3410 2842 3464; x_wconf 91' lang='lat' dir='ltr'><strong>Nemo</strong></span> <span class='ocrx_word' id='word_1_754' title='bbox 2872 3407 3083 3462; x_wconf 87' lang='lat' dir='ltr'><strong>videbit</strong></span> <span class='ocrx_word' id='word_1_755' title='bbox 3107 3406 3299 3460; x_wconf 82' lang='lat' dir='ltr'><strong>faciem</strong></span> <span class='ocrx_word' id='word_1_756' title='bbox 3327 3405 3445 3465; x_wconf 86' lang='lat' dir='ltr'><strong>Dei.</strong></span> 
     </span>
    </p>
   </div>
   <div class='ocr_carea' id='block_1_93' title="bbox 1863 3493 3448 3574">
    <p class='ocr_par' dir='ltr' id='par_1_93' title="bbox 1863 3493 3448 3574">
     <span class='ocr_line' id='line_1_93' title="bbox 1863 3493 3448 3574; baseline -0.009 -14"><span class='ocrx_word' id='word_1_757' title='bbox 1863 3515 1920 3560; x_wconf 92' lang='lat' dir='ltr'><strong>et</strong></span> <span class='ocrx_word' id='word_1_758' title='bbox 1953 3504 2119 3574; x_wconf 77' lang='lat'><strong>296</strong></span> <span class='ocrx_word' id='word_1_759' title='bbox 2145 3503 2294 3557; x_wconf 86' lang='lat' dir='ltr'><strong>vivet</strong></span> <span class='ocrx_word' id='word_1_760' title='bbox 2317 3502 2386 3564; x_wconf 84' lang='lat'><strong>”,</strong></span> <span class='ocrx_word' id='word_1_761' title='bbox 2427 3520 2444 3551; x_wconf 78' lang='grc' dir='ltr'><strong>ι</strong></span> <span class='ocrx_word' id='word_1_762' title='bbox 2491 3507 2553 3553; x_wconf 82' lang='grc' dir='ltr'><strong>ιιι</strong></span> <span class='ocrx_word' id='word_1_763' title='bbox 2593 3499 2711 3569; x_wconf 90' lang='lat' dir='ltr'><strong>ipse</strong></span> <span class='ocrx_word' id='word_1_764' title='bbox 2750 3497 2895 3552; x_wconf 90' lang='lat' dir='ltr'><strong>idem</strong></span> <span class='ocrx_word' id='word_1_765' title='bbox 2933 3495 3238 3550; x_wconf 85' lang='lat' dir='ltr'><strong>rectissime</strong></span> <span class='ocrx_word' id='word_1_766' title='bbox 3287 3493 3448 3548; x_wconf 87' lang='lat' dir='ltr'><strong>beato</strong></span> 
     </span>
    </p>
   </div>
   <div class='ocr_carea' id='block_1_94' title="bbox 1864 3585 3450 3667">
    <p class='ocr_par' dir='ltr' id='par_1_94' title="bbox 1864 3585 3450 3667">
     <span class='ocr_line' id='line_1_94' title="bbox 1864 3585 3450 3667; baseline -0.008 -17"><span class='ocrx_word' id='word_1_767' title='bbox 1864 3596 2032 3667; x_wconf 87' lang='lat' dir='ltr'><strong>Moysi</strong></span> <span class='ocrx_word' id='word_1_768' title='bbox 2097 3595 2255 3648; x_wconf 77' lang='lat' dir='ltr'><strong>dixit.</strong></span> <span class='ocrx_word' id='word_1_769' title='bbox 2316 3593 2506 3661; x_wconf 87' lang='lat' dir='ltr'><strong>Neque</strong></span> <span class='ocrx_word' id='word_1_770' title='bbox 2561 3605 2694 3644; x_wconf 89' lang='lat' dir='ltr'><strong>vero</strong></span> <span class='ocrx_word' id='word_1_771' title='bbox 2749 3588 3039 3659; x_wconf 85' lang='lat' dir='ltr'><strong>quisquam</strong></span> <span class='ocrx_word' id='word_1_772' title='bbox 3090 3593 3271 3656; x_wconf 87' lang='lat' dir='ltr'><strong>potest</strong></span> <span class='ocrx_word' id='word_1_773' title='bbox 3303 3585 3450 3638; x_wconf 87' lang='lat' dir='ltr'><strong>illius</strong></span> 
     </span>
    </p>
   </div>
   <div class='ocr_carea' id='block_1_95' title="bbox 1863 3676 3449 3760">
    <p class='ocr_par' dir='ltr' id='par_1_95' title="bbox 1863 3676 3449 3760">
     <span class='ocr_line' id='line_1_95' title="bbox 1863 3676 3449 3760; baseline -0.011 -16"><span class='ocrx_word' id='word_1_774' title='bbox 1863 3689 2090 3760; x_wconf 90' lang='lat' dir='ltr'><strong>vestigia</strong></span> <span class='ocrx_word' id='word_1_775' title='bbox 2117 3694 2174 3742; x_wconf 87' lang='lat' dir='ltr'><strong>et</strong></span> <span class='ocrx_word' id='word_1_776' title='bbox 2199 3686 2316 3740; x_wconf 87' lang='lat' dir='ltr'><strong>vias</strong></span> <span class='ocrx_word' id='word_1_777' title='bbox 2341 3699 2521 3739; x_wconf 88' lang='lat' dir='ltr'><strong>nosse.</strong></span> <span class='ocrx_word' id='word_1_778' title='bbox 2566 3683 2843 3752; x_wconf 91' lang='lat' dir='ltr'><strong>Scriptum</strong></span> <span class='ocrx_word' id='word_1_779' title='bbox 2874 3689 2957 3734; x_wconf 88' lang='lat' dir='ltr'><strong>est</strong></span> <span class='ocrx_word' id='word_1_780' title='bbox 2998 3679 3145 3732; x_wconf 91' lang='lat' dir='ltr'><strong>enim</strong></span> <span class='ocrx_word' id='word_1_781' title='bbox 3179 3695 3191 3729; x_wconf 88' lang='lat'>:</span> <span class='ocrx_word' id='word_1_782' title='bbox 3235 3697 3251 3727; x_wconf 86' lang='grc'><em>‹</em></span> <span class='ocrx_word' id='word_1_783' title='bbox 3281 3676 3324 3730; x_wconf 90' lang='grc' dir='ltr'><strong>Ο</strong></span> <span class='ocrx_word' id='word_1_784' title='bbox 3346 3676 3449 3728; x_wconf 85' lang='lat' dir='ltr'><strong>ali-</strong></span> 
     </span>
    </p>
   </div>
   <div class='ocr_carea' id='block_1_96' title="bbox 1864 3771 3445 3848">
    <p class='ocr_par' dir='ltr' id='par_1_96' title="bbox 1864 3771 3445 3848">
     <span class='ocr_line' id='line_1_96' title="bbox 1864 3771 3445 3848; baseline -0.011 -7"><span class='ocrx_word' id='word_1_785' title='bbox 1864 3786 1999 3840; x_wconf 92' lang='lat' dir='ltr'><strong>tudo</strong></span> <span class='ocrx_word' id='word_1_786' title='bbox 2055 3784 2392 3845; x_wconf 90' lang='lat' dir='ltr'><strong>divitiarum,</strong></span> <span class='ocrx_word' id='word_1_787' title='bbox 2444 3789 2500 3834; x_wconf 90' lang='lat' dir='ltr'><strong>et</strong></span> <span class='ocrx_word' id='word_1_788' title='bbox 2550 3777 2853 3848; x_wconf 71' lang='lat' dir='ltr'><strong>sapientiae,</strong></span> <span class='ocrx_word' id='word_1_789' title='bbox 2913 3783 2969 3830; x_wconf 91' lang='lat' dir='ltr'><strong>et</strong></span> <span class='ocrx_word' id='word_1_790' title='bbox 3023 3773 3266 3828; x_wconf 66' lang='lat' dir='ltr'><strong>scientiae</strong></span> <span class='ocrx_word' id='word_1_791' title='bbox 3316 3771 3445 3825; x_wconf 81' lang='lat' dir='ltr'><strong>Dei!</strong></span> 
     </span>
    </p>
   </div>
   <div class='ocr_carea' id='block_1_97' title="bbox 1865 3865 3453 3951">
    <p class='ocr_par' dir='ltr' id='par_1_97' title="bbox 1865 3865 3453 3951">
     <span class='ocr_line' id='line_1_97' title="bbox 1865 3865 3453 3951; baseline -0.01 -17"><span class='ocrx_word' id='word_1_792' title='bbox 1865 3895 2029 3951; x_wconf 91' lang='lat' dir='ltr'><strong>quam</strong></span> <span class='ocrx_word' id='word_1_793' title='bbox 2046 3873 2623 3945; x_wconf 85' lang='lat' dir='ltr'><strong>incomprehensibilia</strong></span> <span class='ocrx_word' id='word_1_794' title='bbox 2651 3879 2781 3926; x_wconf 90' lang='lat' dir='ltr'><strong>sunt</strong></span> <span class='ocrx_word' id='word_1_795' title='bbox 2809 3869 3014 3941; x_wconf 90' lang='lat' dir='ltr'><strong>judicia</strong></span> <span class='ocrx_word' id='word_1_796' title='bbox 3037 3869 3177 3938; x_wconf 88' lang='lat' dir='ltr'><strong>cjus,</strong></span> <span class='ocrx_word' id='word_1_797' title='bbox 3203 3875 3258 3919; x_wconf 91' lang='lat' dir='ltr'><strong>et</strong></span> <span class='ocrx_word' id='word_1_798' title='bbox 3303 3865 3453 3918; x_wconf 91' lang='lat' dir='ltr'><strong>inve-</strong></span> 
     </span>
    </p>
   </div>
   <div class='ocr_carea' id='block_1_98' title="bbox 1870 3954 3447 4041">
    <p class='ocr_par' dir='ltr' id='par_1_98' title="bbox 1870 3954 3447 4041">
     <span class='ocr_line' id='line_1_98' title="bbox 1870 3954 3447 4041; baseline -0.012 -15"><span class='ocrx_word' id='word_1_799' title='bbox 1870 3970 2156 4041; x_wconf 88' lang='lat' dir='ltr'><strong>stigabiles</strong></span> <span class='ocrx_word' id='word_1_800' title='bbox 2183 3967 2286 4020; x_wconf 73' lang='lat' dir='ltr'><strong>via:</strong></span> <span class='ocrx_word' id='word_1_801' title='bbox 2307 3967 2428 4035; x_wconf 87' lang='lat' dir='ltr'><strong>ejus</strong></span> <span class='ocrx_word' id='word_1_802' title='bbox 2463 3964 2511 4016; x_wconf 68' lang='lat' dir='ltr'><strong>‘l</strong></span> <span class='ocrx_word' id='word_1_803' title='bbox 2549 3982 2566 4014; x_wconf 87' lang='grc'><strong>›</strong></span> <span class='ocrx_word' id='word_1_804' title='bbox 2598 3961 2789 4017; x_wconf 89' lang='lat' dir='ltr'><strong>Psallit</strong></span> <span class='ocrx_word' id='word_1_805' title='bbox 2834 3960 2997 4014; x_wconf 91' lang='lat' dir='ltr'><strong>etiam</strong></span> <span class='ocrx_word' id='word_1_806' title='bbox 3024 3959 3218 4012; x_wconf 87' lang='lat' dir='ltr'><strong>beatus</strong></span> <span class='ocrx_word' id='word_1_807' title='bbox 3259 3954 3447 4017; x_wconf 85' lang='lat' dir='ltr'><strong>David,</strong></span> 
     </span>
    </p>
   </div>
   <div class='ocr_carea' id='block_1_99' title="bbox 1863 4048 3450 4131">
    <p class='ocr_par' dir='ltr' id='par_1_99' title="bbox 1863 4048 3450 4131">
     <span class='ocr_line' id='line_1_99' title="bbox 1863 4048 3450 4131; baseline -0.013 -13"><span class='ocrx_word' id='word_1_808' title='bbox 1863 4071 1921 4119; x_wconf 91' lang='lat' dir='ltr'><strong>et</strong></span> <span class='ocrx_word' id='word_1_809' title='bbox 1950 4062 2167 4131; x_wconf 88' lang='lat' dir='ltr'><strong>sapiens</strong></span> <span class='ocrx_word' id='word_1_810' title='bbox 2194 4072 2414 4112; x_wconf 90' lang='lat' dir='ltr'><strong>carmen</strong></span> <span class='ocrx_word' id='word_1_811' title='bbox 2461 4052 2704 4109; x_wconf 91' lang='lat' dir='ltr'><strong>concinit</strong></span> <span class='ocrx_word' id='word_1_812' title='bbox 2738 4069 2751 4104; x_wconf 91' lang='lat'><strong>:</strong></span> <span class='ocrx_word' id='word_1_813' title='bbox 2797 4069 2813 4100; x_wconf 73' lang='grc' dir='ltr'><strong>ι</strong></span> <span class='ocrx_word' id='word_1_814' title='bbox 2845 4051 2904 4105; x_wconf 84' lang='lat' dir='ltr'><strong>In</strong></span> <span class='ocrx_word' id='word_1_815' title='bbox 2952 4048 3090 4102; x_wconf 88' lang='lat' dir='ltr'><strong>mari</strong></span> <span class='ocrx_word' id='word_1_816' title='bbox 3133 4048 3219 4100; x_wconf 92' lang='lat' dir='ltr'><strong>via</strong></span> <span class='ocrx_word' id='word_1_817' title='bbox 3249 4054 3361 4108; x_wconf 90' lang='lat' dir='ltr'><strong>tua,</strong></span> <span class='ocrx_word' id='word_1_818' title='bbox 3393 4052 3450 4098; x_wconf 90' lang='lat' dir='ltr'><strong>et</strong></span> 
     </span>
    </p>
   </div>
   <div class='ocr_carea' id='block_1_100' title="bbox 1866 4141 3445 4218">
    <p class='ocr_par' dir='ltr' id='par_1_100' title="bbox 1866 4141 3445 4218">
     <span class='ocr_line' id='line_1_100' title="bbox 1866 4141 3445 4218; baseline -0.013 -8"><span class='ocrx_word' id='word_1_819' title='bbox 1866 4155 2074 4211; x_wconf 71' lang='lat' dir='ltr'><strong>semita:</strong></span> <span class='ocrx_word' id='word_1_820' title='bbox 2098 4161 2204 4206; x_wconf 83' lang='lat' dir='ltr'><strong>tuae</strong></span> <span class='ocrx_word' id='word_1_821' title='bbox 2246 4151 2302 4204; x_wconf 90' lang='lat' dir='ltr'><strong>in</strong></span> <span class='ocrx_word' id='word_1_822' title='bbox 2335 4148 2492 4218; x_wconf 89' lang='lat' dir='ltr'><strong>aquis</strong></span> <span class='ocrx_word' id='word_1_823' title='bbox 2523 4145 2733 4208; x_wconf 89' lang='lat' dir='ltr'><strong>multis,</strong></span> <span class='ocrx_word' id='word_1_824' title='bbox 2761 4151 2818 4197; x_wconf 92' lang='lat' dir='ltr'><strong>et</strong></span> <span class='ocrx_word' id='word_1_825' title='bbox 2842 4141 3070 4212; x_wconf 87' lang='lat' dir='ltr'><strong>vestigia</strong></span> <span class='ocrx_word' id='word_1_826' title='bbox 3099 4148 3189 4194; x_wconf 89' lang='lat' dir='ltr'><strong>tua</strong></span> <span class='ocrx_word' id='word_1_827' title='bbox 3217 4153 3325 4192; x_wconf 91' lang='lat' dir='ltr'><strong>non</strong></span> <span class='ocrx_word' id='word_1_828' title='bbox 3351 4152 3445 4190; x_wconf 91' lang='lat' dir='ltr'><strong>co—</strong></span> 
     </span>
    </p>
   </div>
   <div class='ocr_carea' id='block_1_101' title="bbox 1865 4230 3450 4317">
    <p class='ocr_par' dir='ltr' id='par_1_101' title="bbox 1865 4230 3450 4317">
     <span class='ocr_line' id='line_1_101' title="bbox 1865 4230 3450 4317; baseline -0.014 -15"><span class='ocrx_word' id='word_1_829' title='bbox 1865 4245 2252 4317; x_wconf 80' lang='lat' dir='ltr'><strong>gnoscentur&#39;.</strong></span> <span class='ocrx_word' id='word_1_830' title='bbox 2283 4260 2301 4292; x_wconf 85' lang='grc'><strong>)</strong></span> <span class='ocrx_word' id='word_1_831' title='bbox 2323 4240 2393 4295; x_wconf 90' lang='lat' dir='ltr'><strong>Ut</strong></span> <span class='ocrx_word' id='word_1_832' title='bbox 2416 4238 2562 4294; x_wconf 89' lang='lat' dir='ltr'><strong>enim</strong></span> <span class='ocrx_word' id='word_1_833' title='bbox 2593 4237 2647 4290; x_wconf 94' lang='lat' dir='ltr'><strong>in</strong></span> <span class='ocrx_word' id='word_1_834' title='bbox 2664 4235 2821 4304; x_wconf 90' lang='lat' dir='ltr'><strong>aquis</strong></span> <span class='ocrx_word' id='word_1_835' title='bbox 2837 4234 3024 4288; x_wconf 87' lang='lat' dir='ltr'><strong>videre</strong></span> <span class='ocrx_word' id='word_1_836' title='bbox 3043 4230 3328 4302; x_wconf 84' lang='lat' dir='ltr'><strong>vestigium</strong></span> <span class='ocrx_word' id='word_1_837' title='bbox 3355 4235 3450 4281; x_wconf 88' lang='lat' dir='ltr'><strong>aut</strong></span> 
     </span>
    </p>
   </div>
   <div class='ocr_carea' id='block_1_102' title="bbox 1866 4322 3447 4395">
    <p class='ocr_par' dir='ltr' id='par_1_102' title="bbox 1866 4322 3447 4395">
     <span class='ocr_line' id='line_1_102' title="bbox 1866 4322 3447 4395; baseline -0.012 -1"><span class='ocrx_word' id='word_1_838' title='bbox 1866 4339 2104 4394; x_wconf 89' lang='lat' dir='ltr'><strong>hominis</strong></span> <span class='ocrx_word' id='word_1_839' title='bbox 2139 4336 2394 4395; x_wconf 80' lang='lat' dir='ltr'><strong>fortasse,</strong></span> <span class='ocrx_word' id='word_1_840' title='bbox 2449 4338 2545 4385; x_wconf 89' lang='lat' dir='ltr'><strong>aut</strong></span> <span class='ocrx_word' id='word_1_841' title='bbox 2577 4328 2752 4392; x_wconf 90' lang='lat' dir='ltr'><strong>navis,</strong></span> <span class='ocrx_word' id='word_1_842' title='bbox 2797 4333 2894 4380; x_wconf 92' lang='lat' dir='ltr'><strong>aut</strong></span> <span class='ocrx_word' id='word_1_843' title='bbox 2941 4325 3303 4379; x_wconf 89' lang='lat' dir='ltr'><strong>innatantium</strong></span> <span class='ocrx_word' id='word_1_844' title='bbox 3330 4322 3447 4376; x_wconf 86' lang='lat' dir='ltr'><strong>bel-</strong></span> 
     </span>
    </p>
   </div>
   <div class='ocr_carea' id='block_1_103' title="bbox 1867 4416 3448 4493">
    <p class='ocr_par' dir='ltr' id='par_1_103' title="bbox 1867 4416 3448 4493">
     <span class='ocr_line' id='line_1_103' title="bbox 1867 4416 3448 4493; baseline -0.01 -9"><span class='ocrx_word' id='word_1_845' title='bbox 1867 4431 2082 4484; x_wconf 88' lang='lat' dir='ltr'><strong>luarum</strong></span> <span class='ocrx_word' id='word_1_846' title='bbox 2108 4441 2270 4480; x_wconf 89' lang='lat' dir='ltr'><strong>nemo</strong></span> <span class='ocrx_word' id='word_1_847' title='bbox 2290 4431 2500 4493; x_wconf 85' lang='lat' dir='ltr'><strong>potest;</strong></span> <span class='ocrx_word' id='word_1_848' title='bbox 2543 4423 2624 4476; x_wconf 88' lang='lat' dir='ltr'><strong>sic</strong></span> <span class='ocrx_word' id='word_1_849' title='bbox 2647 4435 2808 4474; x_wconf 91' lang='lat' dir='ltr'><strong>nemo</strong></span> <span class='ocrx_word' id='word_1_850' title='bbox 2833 4419 3046 4472; x_wconf 88' lang='lat' dir='ltr'><strong>divinas</strong></span> <span class='ocrx_word' id='word_1_851' title='bbox 3067 4426 3122 4471; x_wconf 90' lang='lat' dir='ltr'><strong>et</strong></span> <span class='ocrx_word' id='word_1_852' title='bbox 3145 4416 3448 4470; x_wconf 75' lang='lat' dir='ltr'><strong>ineffabiles</strong></span> 
     </span>
    </p>
   </div>
   <div class='ocr_carea' id='block_1_104' title="bbox 1869 4508 3446 4588">
    <p class='ocr_par' dir='ltr' id='par_1_104' title="bbox 1869 4508 3446 4588">
     <span class='ocr_line' id='line_1_104' title="bbox 1869 4508 3446 4588; baseline -0.01 -12"><span class='ocrx_word' id='word_1_853' title='bbox 1869 4522 1986 4577; x_wconf 86' lang='lat' dir='ltr'><strong>vias</strong></span> <span class='ocrx_word' id='word_1_854' title='bbox 2012 4519 2278 4588; x_wconf 87' lang='lat' dir='ltr'><strong>aspicere,</strong></span> <span class='ocrx_word' id='word_1_855' title='bbox 2301 4530 2531 4585; x_wconf 90' lang='lat' dir='ltr'><strong>quarum</strong></span> <span class='ocrx_word' id='word_1_856' title='bbox 2587 4512 2815 4582; x_wconf 89' lang='lat' dir='ltr'><strong>ﬁguram</strong></span> <span class='ocrx_word' id='word_1_857' title='bbox 2844 4511 3012 4580; x_wconf 90' lang='lat' dir='ltr'><strong>pedes</strong></span> <span class='ocrx_word' id='word_1_858' title='bbox 3039 4508 3318 4578; x_wconf 87' lang='lat' dir='ltr'><strong>aptissime</strong></span> <span class='ocrx_word' id='word_1_859' title='bbox 3352 4521 3446 4577; x_wconf 86' lang='lat' dir='ltr'><strong>ge-</strong></span> 
     </span>
    </p>
   </div>
   <div class='ocr_carea' id='block_1_105' title="bbox 1870 4600 3448 4679">
    <p class='ocr_par' dir='ltr' id='par_1_105' title="bbox 1870 4600 3448 4679">
     <span class='ocr_line' id='line_1_105' title="bbox 1870 4600 3448 4679; baseline -0.01 -11"><span class='ocrx_word' id='word_1_860' title='bbox 1870 4622 2016 4668; x_wconf 91' lang='lat' dir='ltr'><strong>runt.</strong></span> <span class='ocrx_word' id='word_1_861' title='bbox 2046 4612 2201 4679; x_wconf 90' lang='lat' dir='ltr'><strong>Quod</strong></span> <span class='ocrx_word' id='word_1_862' title='bbox 2230 4611 2275 4666; x_wconf 92' lang='lat' dir='ltr'><strong>si</strong></span> <span class='ocrx_word' id='word_1_863' title='bbox 2306 4609 2429 4678; x_wconf 90' lang='lat' dir='ltr'><strong>quis</strong></span> <span class='ocrx_word' id='word_1_864' title='bbox 2477 4605 2752 4661; x_wconf 81' lang='lat' dir='ltr'><strong>existimet</strong></span> <span class='ocrx_word' id='word_1_865' title='bbox 2789 4619 2917 4659; x_wconf 90' lang='lat' dir='ltr'><strong>suas</strong></span> <span class='ocrx_word' id='word_1_866' title='bbox 2967 4603 3134 4657; x_wconf 87' lang='lat' dir='ltr'><strong>facies</strong></span> <span class='ocrx_word' id='word_1_867' title='bbox 3185 4617 3248 4655; x_wconf 86' lang='lat' dir='ltr'><strong>ac</strong></span> <span class='ocrx_word' id='word_1_868' title='bbox 3280 4600 3448 4670; x_wconf 88' lang='lat' dir='ltr'><strong>pedes</strong></span> 
     </span>
    </p>
   </div>
   <div class='ocr_carea' id='block_1_106' title="bbox 1868 4694 3446 4774">
    <p class='ocr_par' dir='ltr' id='par_1_106' title="bbox 1868 4694 3446 4774">
     <span class='ocr_line' id='line_1_106' title="bbox 1868 4694 3446 4774; baseline -0.01 -13"><span class='ocrx_word' id='word_1_869' title='bbox 1868 4708 1970 4761; x_wconf 89' lang='lat' dir='ltr'><strong>alis</strong></span> <span class='ocrx_word' id='word_1_870' title='bbox 1984 4715 2275 4774; x_wconf 86' lang='lat' dir='ltr'><strong>contegere</strong></span> <span class='ocrx_word' id='word_1_871' title='bbox 2300 4709 2483 4757; x_wconf 88' lang='lat' dir='ltr'><strong>sancta</strong></span> <span class='ocrx_word' id='word_1_872' title='bbox 2503 4698 2811 4767; x_wconf 85' lang='lat' dir='ltr'><strong>Seraphim,</strong></span> <span class='ocrx_word' id='word_1_873' title='bbox 2836 4695 2969 4749; x_wconf 91' lang='lat' dir='ltr'><strong>illud</strong></span> <span class='ocrx_word' id='word_1_874' title='bbox 2994 4694 3314 4765; x_wconf 76' lang='lat' dir='ltr'><strong>cogitemus,</strong></span> <span class='ocrx_word' id='word_1_875' title='bbox 3335 4707 3446 4746; x_wconf 93' lang='lat' dir='ltr'><strong>non</strong></span> 
     </span>
    </p>
   </div>
   <div class='ocr_carea' id='block_1_107' title="bbox 1868 4780 3447 4864">
    <p class='ocr_par' dir='ltr' id='par_1_107' title="bbox 1868 4780 3447 4864">
     <span class='ocr_line' id='line_1_107' title="bbox 1868 4780 3447 4864; baseline -0.012 -10"><span class='ocrx_word' id='word_1_876' title='bbox 1868 4815 1992 4854; x_wconf 88' lang='lat' dir='ltr'><strong>esse</strong></span> <span class='ocrx_word' id='word_1_877' title='bbox 2019 4798 2099 4853; x_wconf 91' lang='lat' dir='ltr'><strong>fas</strong></span> <span class='ocrx_word' id='word_1_878' title='bbox 2122 4797 2217 4851; x_wconf 92' lang='lat' dir='ltr'><strong>Dei</strong></span> <span class='ocrx_word' id='word_1_879' title='bbox 2242 4792 2676 4864; x_wconf 74' lang='lat' dir='ltr'><strong>sapientia:,scu</strong></span> <span class='ocrx_word' id='word_1_880' title='bbox 2711 4787 2951 4844; x_wconf 75' lang='lat' dir='ltr'><strong>scicntia:</strong></span> <span class='ocrx_word' id='word_1_881' title='bbox 2990 4786 3210 4840; x_wconf 91' lang='lat' dir='ltr'><strong>initium</strong></span> <span class='ocrx_word' id='word_1_882' title='bbox 3243 4789 3339 4837; x_wconf 90' lang='lat' dir='ltr'><strong>aut</strong></span> <span class='ocrx_word' id='word_1_883' title='bbox 3380 4780 3447 4834; x_wconf 86' lang='lat' dir='ltr'><strong>ﬁ-</strong></span> 
     </span>
    </p>
   </div>
   <div class='ocr_carea' id='block_1_108' title="bbox 1867 4873 3448 4951">
    <p class='ocr_par' dir='ltr' id='par_1_108' title="bbox 1867 4873 3448 4951">
     <span class='ocr_line' id='line_1_108' title="bbox 1867 4873 3448 4951; baseline -0.013 -5"><span class='ocrx_word' id='word_1_884' title='bbox 1867 4906 1994 4946; x_wconf 90' lang='lat' dir='ltr'><strong>nem</strong></span> <span class='ocrx_word' id='word_1_885' title='bbox 2023 4889 2209 4944; x_wconf 82' lang='lat' dir='ltr'><strong>videre</strong></span> <span class='ocrx_word' id='word_1_886' title='bbox 2252 4904 2264 4939; x_wconf 93' lang='lat'>:</span> <span class='ocrx_word' id='word_1_887' title='bbox 2301 4893 2387 4941; x_wconf 89' lang='lat' dir='ltr'><strong>est</strong></span> <span class='ocrx_word' id='word_1_888' title='bbox 2407 4883 2555 4939; x_wconf 91' lang='lat' dir='ltr'><strong>enim</strong></span> <span class='ocrx_word' id='word_1_889' title='bbox 2589 4883 2702 4951; x_wconf 87' lang='lat' dir='ltr'><strong>ipsa</strong></span> <span class='ocrx_word' id='word_1_890' title='bbox 2735 4895 2954 4950; x_wconf 92' lang='lat' dir='ltr'><strong>quoque</strong></span> <span class='ocrx_word' id='word_1_891' title='bbox 2975 4873 3448 4945; x_wconf 86' lang='lat' dir='ltr'><strong>incomprehensi-</strong></span> 
     </span>
    </p>
   </div>
   <div class='ocr_carea' id='block_1_109' title="bbox 1868 4967 3445 5046">
    <p class='ocr_par' dir='ltr' id='par_1_109' title="bbox 1868 4967 3445 5046">
     <span class='ocr_line' id='line_1_109' title="bbox 1868 4967 3445 5046; baseline -0.013 -8"><span class='ocrx_word' id='word_1_892' title='bbox 1868 4983 2017 5046; x_wconf 90' lang='lat' dir='ltr'><strong>bilis,</strong></span> <span class='ocrx_word' id='word_1_893' title='bbox 2042 4990 2098 5035; x_wconf 92' lang='lat' dir='ltr'><strong>et</strong></span> <span class='ocrx_word' id='word_1_894' title='bbox 2126 4979 2369 5033; x_wconf 89' lang='lat' dir='ltr'><strong>hominis</strong></span> <span class='ocrx_word' id='word_1_895' title='bbox 2400 4974 2821 5046; x_wconf 84' lang='lat' dir='ltr'><strong>intelligentiam</strong></span> <span class='ocrx_word' id='word_1_896' title='bbox 2849 4976 3092 5040; x_wconf 89' lang='lat' dir='ltr'><strong>superat.</strong></span> <span class='ocrx_word' id='word_1_897' title='bbox 3134 4967 3230 5021; x_wconf 90' lang='lat' dir='ltr'><strong>Est</strong></span> <span class='ocrx_word' id='word_1_898' title='bbox 3263 4974 3445 5019; x_wconf 87' lang='lat' dir='ltr'><strong>autem</strong></span> 
     </span>
    </p>
   </div>
   <div class='ocr_carea' id='block_1_110' title="bbox 1868 5056 3447 5141">
    <p class='ocr_par' dir='ltr' id='par_1_110' title="bbox 1868 5056 3447 5141">
     <span class='ocr_line' id='line_1_110' title="bbox 1868 5056 3447 5141; baseline -0.012 -13"><span class='ocrx_word' id='word_1_899' title='bbox 1868 5075 2038 5128; x_wconf 88' lang='lat' dir='ltr'><strong>totius</strong></span> <span class='ocrx_word' id='word_1_900' title='bbox 2079 5071 2328 5141; x_wconf 88' lang='lat' dir='ltr'><strong>corporis</strong></span> <span class='ocrx_word' id='word_1_901' title='bbox 2362 5069 2580 5124; x_wconf 91' lang='lat' dir='ltr'><strong>initium</strong></span> <span class='ocrx_word' id='word_1_902' title='bbox 2614 5071 2797 5134; x_wconf 86' lang='lat' dir='ltr'><strong>caput,</strong></span> <span class='ocrx_word' id='word_1_903' title='bbox 2834 5069 2898 5116; x_wconf 88' lang='lat' dir='ltr'><strong>ut</strong></span> <span class='ocrx_word' id='word_1_904' title='bbox 2941 5060 3063 5113; x_wconf 92' lang='lat' dir='ltr'><strong>ﬁnis</strong></span> <span class='ocrx_word' id='word_1_905' title='bbox 3095 5057 3282 5128; x_wconf 90' lang='lat' dir='ltr'><strong>pedes.</strong></span> <span class='ocrx_word' id='word_1_906' title='bbox 3313 5056 3447 5110; x_wconf 84' lang='lat' dir='ltr'><strong>Pro-</strong></span> 
     </span>
    </p>
   </div>
   <div class='ocr_carea' id='block_1_111' title="bbox 1867 5146 3450 5232">
    <p class='ocr_par' dir='ltr' id='par_1_111' title="bbox 1867 5146 3450 5232">
     <span class='ocr_line' id='line_1_111' title="bbox 1867 5146 3450 5232; baseline -0.011 -16"><span class='ocrx_word' id='word_1_907' title='bbox 1867 5162 2207 5232; x_wconf 89' lang='lat' dir='ltr'><strong>pitiatorium</strong></span> <span class='ocrx_word' id='word_1_908' title='bbox 2235 5159 2403 5229; x_wconf 86' lang='lat' dir='ltr'><strong>igitur</strong></span> <span class='ocrx_word' id='word_1_909' title='bbox 2449 5166 2534 5212; x_wconf 91' lang='lat' dir='ltr'><strong>est</strong></span> <span class='ocrx_word' id='word_1_910' title='bbox 2591 5154 2866 5216; x_wconf 89' lang='lat' dir='ltr'><strong>Christus,</strong></span> <span class='ocrx_word' id='word_1_911' title='bbox 2916 5151 3032 5220; x_wconf 92' lang='lat' dir='ltr'><strong>qui,</strong></span> <span class='ocrx_word' id='word_1_912' title='bbox 3061 5146 3314 5218; x_wconf 82' lang='lat' dir='ltr'><strong>quamvis</strong></span> <span class='ocrx_word' id='word_1_913' title='bbox 3356 5161 3450 5216; x_wconf 84' lang='lat' dir='ltr'><strong>ap-</strong></span> 
     </span>
    </p>
   </div>
   <div class='ocr_carea' id='block_1_112' title="bbox 1865 5247 3450 5324">
    <p class='ocr_par' dir='ltr' id='par_1_112' title="bbox 1865 5247 3450 5324">
     <span class='ocr_line' id='line_1_112' title="bbox 1865 5247 3450 5324; baseline -0.011 -15"><span class='ocrx_word' id='word_1_914' title='bbox 1865 5254 2051 5324; x_wconf 86' lang='lat' dir='ltr'><strong>paruit</strong></span> <span class='ocrx_word' id='word_1_915' title='bbox 2080 5254 2136 5306; x_wconf 91' lang='lat' dir='ltr'><strong>in</strong></span> <span class='ocrx_word' id='word_1_916' title='bbox 2171 5267 2358 5316; x_wconf 90' lang='lat' dir='ltr'><strong>carne,</strong></span> <span class='ocrx_word' id='word_1_917' title='bbox 2386 5247 2746 5304; x_wconf 88' lang='lat' dir='ltr'><strong>nihilominus</strong></span> <span class='ocrx_word' id='word_1_918' title='bbox 2777 5255 2957 5299; x_wconf 90' lang='lat' dir='ltr'><strong>tamen</strong></span> <span class='ocrx_word' id='word_1_919' title='bbox 2985 5257 3137 5304; x_wconf 86' lang='lat' dir='ltr'><strong>vere,</strong></span> <span class='ocrx_word' id='word_1_920' title='bbox 3164 5255 3229 5295; x_wconf 87' lang='lat' dir='ltr'><strong>ac</strong></span> <span class='ocrx_word' id='word_1_921' title='bbox 3255 5247 3450 5294; x_wconf 88' lang='lat' dir='ltr'><strong>natura</strong></span> 
     </span>
    </p>
   </div>
   <div class='ocr_carea' id='block_1_113' title="bbox 1867 5328 3452 5405">
    <p class='ocr_par' dir='ltr' id='par_1_113' title="bbox 1867 5328 3452 5405">
     <span class='ocr_line' id='line_1_113' title="bbox 1867 5328 3452 5405; baseline -0.008 -8"><span class='ocrx_word' id='word_1_922' title='bbox 1867 5344 2012 5397; x_wconf 90' lang='lat' dir='ltr'><strong>Deus</strong></span> <span class='ocrx_word' id='word_1_923' title='bbox 2037 5351 2143 5405; x_wconf 90' lang='lat' dir='ltr'><strong>est,</strong></span> <span class='ocrx_word' id='word_1_924' title='bbox 2182 5348 2239 5395; x_wconf 88' lang='lat' dir='ltr'><strong>et</strong></span> <span class='ocrx_word' id='word_1_925' title='bbox 2265 5339 2529 5395; x_wconf 86' lang='lat' dir='ltr'><strong>Dominus</strong></span> <span class='ocrx_word' id='word_1_926' title='bbox 2559 5353 2571 5388; x_wconf 90' lang='lat'><strong>:</strong></span> <span class='ocrx_word' id='word_1_927' title='bbox 2603 5349 2729 5389; x_wconf 93' lang='lat' dir='ltr'><strong>cum</strong></span> <span class='ocrx_word' id='word_1_928' title='bbox 2758 5347 3044 5402; x_wconf 88' lang='lat' dir='ltr'><strong>supremas</strong></span> <span class='ocrx_word' id='word_1_929' title='bbox 3070 5331 3190 5385; x_wconf 90' lang='lat' dir='ltr'><strong>illas</strong></span> <span class='ocrx_word' id='word_1_930' title='bbox 3218 5328 3452 5384; x_wconf 89' lang='lat' dir='ltr'><strong>virtutes</strong></span> 
     </span>
    </p>
   </div>
   <div class='ocr_carea' id='block_1_114' title="bbox 1866 5422 3453 5491">
    <p class='ocr_par' dir='ltr' id='par_1_114' title="bbox 1866 5422 3453 5491">
     <span class='ocr_line' id='line_1_114' title="bbox 1866 5422 3453 5491; baseline -0.01 -1"><span class='ocrx_word' id='word_1_931' title='bbox 1866 5435 2071 5491; x_wconf 90' lang='lat' dir='ltr'><strong>circum</strong></span> <span class='ocrx_word' id='word_1_932' title='bbox 2096 5449 2152 5489; x_wconf 90' lang='lat' dir='ltr'><strong>se</strong></span> <span class='ocrx_word' id='word_1_933' title='bbox 2183 5431 2438 5487; x_wconf 87' lang='lat' dir='ltr'><strong>servilem</strong></span> <span class='ocrx_word' id='word_1_934' title='bbox 2473 5429 2527 5482; x_wconf 93' lang='lat' dir='ltr'><strong>in</strong></span> <span class='ocrx_word' id='word_1_935' title='bbox 2552 5427 2775 5482; x_wconf 90' lang='lat' dir='ltr'><strong>modum</strong></span> <span class='ocrx_word' id='word_1_936' title='bbox 2802 5431 3008 5479; x_wconf 85' lang='lat' dir='ltr'><strong>stantes</strong></span> <span class='ocrx_word' id='word_1_937' title='bbox 3030 5423 3246 5478; x_wconf 87' lang='lat' dir='ltr'><strong>habeat.</strong></span> <span class='ocrx_word' id='word_1_938' title='bbox 3275 5422 3453 5477; x_wconf 58' lang='lat' dir='ltr'><strong>Sacrae</strong></span> 
     </span>
    </p>
   </div>
   <div class='ocr_carea' id='block_1_115' title="bbox 1865 5513 3455 5589">
    <p class='ocr_par' dir='ltr' id='par_1_115' title="bbox 1865 5513 3455 5589">
     <span class='ocr_line' id='line_1_115' title="bbox 1865 5513 3455 5589; baseline -0.011 -6"><span class='ocrx_word' id='word_1_939' title='bbox 1865 5528 2030 5583; x_wconf 90' lang='lat' dir='ltr'><strong>etiam</strong></span> <span class='ocrx_word' id='word_1_940' title='bbox 2046 5527 2268 5580; x_wconf 71' lang='lat' dir='ltr'><strong>Litterae</strong></span> <span class='ocrx_word' id='word_1_941' title='bbox 2297 5529 2569 5578; x_wconf 88' lang='lat' dir='ltr'><strong>testantur</strong></span> <span class='ocrx_word' id='word_1_942' title='bbox 2593 5520 2634 5583; x_wconf 88' lang='grc'>³,</span> <span class='ocrx_word' id='word_1_943' title='bbox 2663 5527 3018 5589; x_wconf 88' lang='lat' dir='ltr'><strong>posteaquam</strong></span> <span class='ocrx_word' id='word_1_944' title='bbox 3043 5515 3270 5571; x_wconf 87' lang='lat' dir='ltr'><strong>recessit</strong></span> <span class='ocrx_word' id='word_1_945' title='bbox 3301 5513 3455 5568; x_wconf 85' lang='lat' dir='ltr'><strong>Sata-</strong></span> 
     </span>
    </p>
   </div>
   <div class='ocr_carea' id='block_1_116' title="bbox 1866 5605 3453 5681">
    <p class='ocr_par' dir='ltr' id='par_1_116' title="bbox 1866 5605 3453 5681">
     <span class='ocr_line' id='line_1_116' title="bbox 1866 5605 3453 5681; baseline -0.007 -11"><span class='ocrx_word' id='word_1_946' title='bbox 1866 5632 1987 5681; x_wconf 90' lang='lat' dir='ltr'><strong>nas,</strong></span> <span class='ocrx_word' id='word_1_947' title='bbox 2019 5616 2108 5669; x_wconf 88' lang='lat' dir='ltr'><strong>illa</strong></span> <span class='ocrx_word' id='word_1_948' title='bbox 2139 5615 2462 5676; x_wconf 89' lang='lat' dir='ltr'><strong>tcntatione,</strong></span> <span class='ocrx_word' id='word_1_949' title='bbox 2515 5625 2680 5680; x_wconf 87' lang='lat' dir='ltr'><strong>quam</strong></span> <span class='ocrx_word' id='word_1_950' title='bbox 2713 5609 2934 5664; x_wconf 87' lang='lat' dir='ltr'><strong>Christo</strong></span> <span class='ocrx_word' id='word_1_951' title='bbox 2985 5607 3191 5670; x_wconf 89' lang='lat' dir='ltr'><strong>intulit,</strong></span> <span class='ocrx_word' id='word_1_952' title='bbox 3226 5605 3453 5671; x_wconf 82' lang='lat' dir='ltr'><strong>omissa,</strong></span> 
     </span>
    </p>
   </div>
   <div class='ocr_carea' id='block_1_117' title="bbox 282 5745 1763 5833">
    <p class='ocr_par' dir='ltr' id='par_1_117' title="bbox 282 5745 1760 5833">
     <span class='ocr_line' id='line_1_117' title="bbox 282 5745 1760 5833; baseline 0.017 -36"><span class='ocrx_word' id='word_1_953' title='bbox 282 5745 325 5833; x_wconf 56' lang='grc' dir='ltr'>ξθ</span> <span class='ocrx_word' id='word_1_954' title='bbox 358 5747 640 5833; x_wconf 40' lang='lat' dir='ltr'><strong>1.0811.‘X‘I_V,</strong></span> <span class='ocrx_word' id='word_1_955' title='bbox 675 5751 728 5804; x_wconf 86' lang='lat'><strong>6.</strong></span> <span class='ocrx_word' id='word_1_956' title='bbox 783 5752 848 5833; x_wconf 78' lang='lat'><strong>_&#39;_’</strong></span> <span class='ocrx_word' id='word_1_957' title='bbox 910 5753 1008 5810; x_wconf 80' lang='lat' dir='ltr'><strong>lsa.</strong></span> <span class='ocrx_word' id='word_1_958' title='bbox 1046 5775 1118 5824; x_wconf 74' lang='lat' dir='ltr'><strong>vi,</strong></span> <span class='ocrx_word' id='word_1_959' title='bbox 1166 5761 1270 5823; x_wconf 63' lang='lat' dir='ltr'><strong>l,‘3.</strong></span> <span class='ocrx_word' id='word_1_960' title='bbox 1351 5764 1434 5820; x_wconf 72' lang='grc'><strong>⁸⁸1</strong></span> <span class='ocrx_word' id='word_1_961' title='bbox 1462 5764 1601 5821; x_wconf 85' lang='lat' dir='ltr'><strong>Tim.</strong></span> <span class='ocrx_word' id='word_1_962' title='bbox 1636 5784 1705 5833; x_wconf 73' lang='grc' dir='ltr'><strong>τι,</strong></span> <span class='ocrx_word' id='word_1_963' title='bbox 1739 5769 1760 5822; x_wconf 84' lang='lat' dir='ltr'><strong>l</strong></span> 
     </span>
    </p>
   </div>
   <div class='ocr_carea' id='block_1_118' title="bbox 1863 5745 3447 5833">
    <p class='ocr_par' dir='ltr' id='par_1_118' title="bbox 1893 5759 3447 5831">
     <span class='ocr_line' id='line_1_118' title="bbox 1893 5759 3447 5831; baseline -0.011 -5"><span class='ocrx_word' id='word_1_964' title='bbox 1893 5771 1936 5802; x_wconf 68' lang='grc'><strong>’³⁸</strong></span> <span class='ocrx_word' id='word_1_965' title='bbox 1971 5769 2137 5825; x_wconf 79' lang='lat' dir='ltr'><strong>Exod.</strong></span> <span class='ocrx_word' id='word_1_966' title='bbox 2169 5783 2352 5831; x_wconf 59' lang='grc' dir='ltr'>χχχιιι,</span> <span class='ocrx_word' id='word_1_967' title='bbox 2381 5765 2468 5821; x_wconf 62' lang='lat'><strong>9.3.</strong></span> <span class='ocrx_word' id='word_1_968' title='bbox 2529 5765 2541 5795; x_wconf 85' lang='lat'>&#39;</span> <span class='ocrx_word' id='word_1_969' title='bbox 2569 5765 2723 5819; x_wconf 80' lang='lat' dir='ltr'><strong>Rom.</strong></span> <span class='ocrx_word' id='word_1_970' title='bbox 2756 5777 2828 5827; x_wconf 55' lang='grc' dir='ltr'><strong>τι,</strong></span> <span class='ocrx_word' id='word_1_971' title='bbox 2852 5760 2938 5816; x_wconf 80' lang='grc'>55.</span> <span class='ocrx_word' id='word_1_972' title='bbox 3019 5761 3037 5790; x_wconf 81' lang='grc'>²</span> <span class='ocrx_word' id='word_1_973' title='bbox 3067 5759 3206 5816; x_wconf 80' lang='lat' dir='ltr'><strong>Psal.</strong></span> <span class='ocrx_word' id='word_1_974' title='bbox 3273 5774 3447 5819; x_wconf 72' lang='lat' dir='ltr'><strong>um,</strong></span> 
     </span>
    </p>
   </div>
   <div class='ocr_carea' id='block_1_119' title="bbox 225 5812 861 5882">
    <p class='ocr_par' dir='ltr' id='par_1_119' title="bbox 225 5812 861 5882">
     <span class='ocr_line' id='line_1_119' title="bbox 225 5812 861 5882; baseline 0.017 -18"><span class='ocrx_word' id='word_1_975' title='bbox 225 5812 302 5866; x_wconf 75' lang='lat'><strong>20.</strong></span> <span class='ocrx_word' id='word_1_976' title='bbox 380 5817 396 5844; x_wconf 79' lang='grc'><em>³</em></span> <span class='ocrx_word' id='word_1_977' title='bbox 451 5812 635 5873; x_wconf 71' lang='lat' dir='ltr'><strong>Matth.</strong></span> <span class='ocrx_word' id='word_1_978' title='bbox 669 5836 740 5882; x_wconf 83' lang='lat' dir='ltr'><strong>Iv,</strong></span> <span class='ocrx_word' id='word_1_979' title='bbox 781 5821 861 5875; x_wconf 86' lang='lat' dir='ltr'><strong>ll.</strong></span> 
     </span>
    </p>
   </div>
  </div>
