3982 6512
528 400 635 456 003

1547 395 1601 450 S.
1643 393 1916 451 CYRILLI
1960 392 2429 447 ALEXANDRINI
2468 389 2785 446 ARCHIEP.

3674 390 3777 448 eo:

531 534 656 572 cum
688 518 779 573 ille
802 532 901 587 pro
929 517 1085 571 nobis
1112 517 1430 587 jejunasset,
1455 513 1676 582 angelos
1706 510 2023 574 accessisse,
2051 517 2107 564 et

2222 510 2475 579 τουργικὰ
2540 511 2620 574 είς
2674 508 2954 564 διακονίαν
2999 511 3462 583 ἀποστελλόμενα,
3512 504 3605 567 διὰ
3657 516 3779 577 τοὺς

528 609 613 669 illi
653 610 1033 663 ministrasse:
1082 627 1100 658 ι
1140 606 1379 677 Spiritus
1417 620 1650 673 namque
1690 602 2103 657 administrato—

534 715 621 753 rcs
642 708 789 762 sunt,
817 699 873 757 in
896 698 1257 752 ministerium
1277 696 1425 751 missi
1451 704 1675 767 propter
1707 711 1802 750 eos
1823 694 1916 765 qui
1936 695 2108 749 haere—

534 790 756 843 ditatem
782 790 1004 858 capiunt
1028 788 1219 846 salutis
1236 789 1277 842 ⁸.
1307 808 1324 839 ›
1351 787 1527 857 Supra
1551 786 1989 857 propitiatorium
2013 802 2108 838 au-

536 889 640 933 tem
670 895 964 948 cognosear
994 894 1023 931 a
1052 886 1126 941 te,
1155 878 1352 947 inquit,
1378 885 1431 931 et
1452 878 1646 946 loquar
1674 886 1872 931 tecum.
1898 875 2107 941 Quibus

533 952 734 1031 verbis,
767 976 825 1021 ut
860 985 960 1039 ego
987 968 1244 1030 arbitror,
1292 968 1400 1021 duo
1455 967 1703 1037 quaedam
1757 965 2103 1035 significavit,

533 1070 624 1113 aut
646 1060 947 1125 Christum,
975 1062 1222 1130 quamvis
1252 1062 1416 1115 homo
1447 1068 1592 1115 esset
1622 1062 1711 1115 ille
1746 1061 1987 1130 quidem,
2026 1069 2105 1113 ta-

533 1168 656 1205 men
705 1168 868 1220 supra
924 1151 1162 1206 hominis
1226 1160 1479 1205 naturam
1533 1152 1875 1215 locuturum,
1930 1165 2107 1218 neque

528 1242 675 1295 intra
691 1242 1078 1297 exinanitionis
1104 1242 1325 1295 modum
1349 1242 1610 1296 duntaxat
1625 1258 1743 1296 esse
1765 1257 2103 1306 mansurum,

531 1349 656 1393 cum
692 1334 835 1388 Deus
860 1334 948 1396 sit,
982 1341 1036 1386 et
1059 1348 1124 1386 ex
1152 1333 1262 1386 Deo
1294 1331 1593 1385 secundum
1626 1337 1908 1383 naturam:
1946 1348 1964 1379 ι
1995 1330 2106 1398 Ego

525 1426 731 1488 enim,»
754 1425 991 1488 dicebat,
1014 1433 1096 1477 «et
1126 1424 1286 1477 Pater
1315 1436 1484 1474 unum
1511 1436 1699 1475 sumus
1718 1421 1766 1486 ⁸;
1793 1440 1810 1470 ι
1846 1428 1901 1474 et
1926 1438 1938 1472 :
1968 1439 1983 1470 ι
2003 1420 2107 1485 Qui

531 1517 667 1572 vidit
694 1533 800 1581 me,
832 1516 968 1570 vidit
1000 1525 1056 1569 ct
1098 1515 1312 1568 Patrem
1347 1528 1530 1565 meum
1569 1512 1608 1564 ⁸.
1649 1531 1666 1561 ›
1702 1511 1811 1565 Aut
1836 1510 1967 1564 illud
1995 1510 2109 1564 for-

535 1614 677 1662 tasse
705 1626 715 1659 :
743 1606 1092 1677 cognoscitur
1140 1604 1285 1657 enim
1328 1618 1494 1673 super
1541 1602 2003 1672 propitiatorium,
2052 1609 2109 1656 et

534 1714 700 1767 super
729 1697 1046 1761 Cherubim,
1078 1696 1131 1749 id
1158 1705 1275 1757 est,
1324 1695 1381 1748 in
1440 1693 1764 1747 excellentia
1811 1699 1866 1747 et
1914 1692 2104 1762 gloria,

534 1804 698 1857 supra
731 1787 1008 1841 hominem
1059 1795 1115 1840 et
1142 1784 1410 1857 quidquid
1442 1791 1526 1837 est
1552 1792 1755 1847 ortum,
1790 1784 1844 1836 in
1875 1798 1985 1852 quo
2012 1798 2107 1852 ge-

2213 601 2507 671 μέλλοντας
2545 600 2899 671 κληρονομεῖν
2932 600 3228 671 σωτηρίας.
3273 620 3292 653 ι
3338 600 3587 656 Ἀνωθεν
3610 603 3668 655 δέ
3689 604 3778 655 τοῦ

2210 692 2397 762 ίλαστη
2409 691 2543 762 ρίου,
2577 690 2965 762 γνωσθήσομαί
2984 708 3086 754 σοι,
3115 693 3268 763 φησὶ,
3306 693 3401 747 καὶ
3423 692 3653 764 λαλήσω
3682 710 3777 756 σοι,

2206 782 2298 835 δύο
2334 800 2458 844 που,
2499 781 2750 853 καθάπερ
2786 776 3020 852 ἐγῷμαι,
3066 783 3159 835 καὶ
3200 782 3287 836 διὰ
3337 783 3533 836 τούτου
3585 783 3778 851 δηλῶν.

2207 873 2279 925 Ἢ
2309 873 2418 944 γὰρ
2447 874 2527 926 ὅτι
2561 873 2844 944 ἄνθρωπος
2874 874 2994 925 ὣνό
3020 873 3270 944 Χριστὸς,
3296 873 3366 926 τὰ
3398 874 3543 944 ὑπὲρ
3579 873 3783 943 ἀνθρὼ-

2208 981 2310 1018 ποσ)
2347 963 2569 1035 λαλήσει
2627 964 2808 1033 φύσιν,
2862 966 2954 1018 καὶ
3010 966 3129 1035 οὐχὶ
3193 966 3375 1034 μόνοις
3414 966 3653 1035 ἐμμενεί
3681 967 3783 1024 τοῖς

2206 1055 2304 1122 τῆς
2336 1054 2619 1118 κενώσεως
2662 1055 2901 1126 μέτροις,
2932 1056 3019 1109 διά
3057 1073 3119 1123 γε
3152 1056 3214 1109 τὸ
3250 1051 3388 1108 εἶναι
3426 1056 3563 1116 Θεὸς
3598 1056 3697 1107 καὶ
3728 1059 3783 1108 ἐκ

2207 1143 2340 1196 Θεοῦ
2377 1144 2519 1197 κατὰ
2546 1144 2727 1212 φύσιν,
2760 1163 2778 1194 ι
2825 1143 2965 1211 Ἐγὼ
2984 1144 3113 1215 γὰρ,
3150 1144 3375 1211 ἔφασκε,
3417 1145 3514 1195 καὶ
3539 1145 3567 1193 ὁ
3600 1144 3783 1210 Πατὴρ

2207 1238 2266 1291 ἐν
2285 1239 2471 1308 ἐσμεν,
2507 1258 2525 1290 ι
2546 1239 2659 1299 καὶ,
2691 1258 2709 1289 ι
2744 1240 2804 1291 '0
2822 1237 3079 1309 ἑωρακὼς
3102 1238 3220 1307 ἐμὲ,
3244 1236 3456 1307 ἑώρακε
3499 1237 3591 1290 τὸν
3618 1237 3785 1288 Πατέο

2214 1346 2301 1399 ρα.
2333 1348 2350 1380 ι
2384 1330 2451 1381 Ἢ
2469 1329 2643 1382 ἐκεῖνό
2663 1345 2764 1381 που
2780 1329 2922 1399 τάχα
2942 1345 2956 1358 ⁸
2978 1328 3303 1397 γινώσκεται
3324 1328 3433 1398 γὰρ
3457 1327 3676 1381 ἄνωθεν
3698 1326 3781 1379 τοῦ

2212 1420 2523 1491 ξλαστηρίου
2546 1419 2641 1474 καὶ
2672 1419 2781 1473 τῶν
2805 1420 3105 1490 Χερουϐὶμ,
3134 1420 3429 1480 τουτέστιν,
3458 1420 3519 1470 ἐν
3543 1418 3781 1486 ὑπεροχῇ

2208 1513 2303 1565 καὶ
2337 1511 2462 1582 δόξῃ
2493 1514 2557 1583 τῇ
2604 1513 2744 1583 ὑπὲρ
2779 1511 3099 1582 ἄνθρωπον,
3146 1512 3241 1565 καὶ
3286 1511 3489 1574 παντὸς
3530 1509 3783 1563 ἐπέκεινα

2208 1603 2441 1672 γενητοῦ
2463 1642 2477 1667 ,
2506 1596 2581 1656 ὧν
2608 1603 2669 1656 τὸ
2705 1604 3003 1675 ἁκρότατόν
3039 1620 3099 1656 τε
3138 1603 3232 1656 καὶ
3260 1602 3571 1673 ὑπέρτατον
3605 1601 3676 1653 τὰ
3702 1600 3788 1652 Σε-

2213 1694 2406 1764 ραφὶμ,
2426 1694 2474 1746 εἰ
2498 1695 2591 1747 καλ¹
2621 1693 2812 1762 γέγονε
2845 1694 3001 1767 σάρξ.
3036 1692 3132 1747 Ἐκ
3154 1694 3355 1764 χρυσοῦ
3398 1694 3455 1746 δὲ
3485 1693 3548 1745 τὸ
3582 1691 3788 1761 ἱλαστή-

2215 1769 2489 1857 ριον,’καὶ
2529 1784 2667 1838 αὐτὰ
2718 1785 2788 1838 τὰ
2840 1786 3108 1856 Σεραφίμ.
3155 1786 3220 1839 Ἦ
3275 1786 3372 1855 μὲν
3409 1784 3523 1854 γάρ
3562 1782 3787 1851 εὐκλεής

534 1896 664 1933 nere
693 1881 927 1947 primum
972 1893 1035 1931 ac
1069 1892 1342 1931 summum
1379 1877 1558 1930 locum
1582 1882 1770 1927 tenent
1796 1873 2105 1943 Seraphim,

2222 1890 2270 1926 τε
2322 1873 2419 1926 καὶ
2462 1873 2929 1946 περικαλλεστάτη
2973 1873 3155 1943 φύσις,
3206 1873 3358 1937 Θεός.
3405 1874 3497 1927 Ἐν
3530 1870 3786 1941 ὁμοιώσει

534 1970 783 2038 quamvis
822 1984 951 2022 caro
990 1969 1063 2022 sit
1113 1967 1306 2021 factus.
1350 1967 1448 2022 Est
1492 1974 1677 2019 autem
1716 1981 1784 2019 ex
1816 1980 1957 2018 auro
1984 1979 2112 2033 pro-

532 2060 955 2129 pitiatorium,et
975 2060 1089 2130 ipsa
1113 2074 1329 2128 quoque
1342 2057 1645 2125 'Seraphim’
1659 2075 1676 2109 τ
1696 2063 1891 2110 natura
1909 2056 2111 2124 quippe

530 2148 947 2217 prteclarissima
998 2156 1159 2217 atque
1198 2146 1571 2216 pulcherrima
1618 2146 1764 2199 Deus
1818 2152 1904 2198 est
1938 2161 1953 2208 ;
1991 2158 2113 2212 quae

528 2250 714 2294 autem
741 2251 861 2295 orta
897 2251 1043 2305 sunt,
1081 2256 1144 2295 ea
1169 2240 1586 2295 similitudinem
1612 2240 1730 2310 ejus
1762 2254 1861 2308 per
1886 2239 2113 2308 partici-

531 2332 811 2399 pationem
869 2332 1126 2386 retinent.
1182 2331 1250 2384 lis
1308 2344 1471 2398 porro
1522 2330 1616 2398 qui
1663 2329 1824 2397 297
1875 2329 2020 2383 circa
2052 2344 2116 2382 ac

2213 1962 2271 2017 δέ
2300 1967 2367 2035 τῇ
2409 1964 2546 2035 πρὸς
2580 1962 2742 2016 αὐτὸν
2774 1963 2916 2016 κατὰ
2957 1961 3193 2033 μέθεξιν,
3221 1962 3290 2015 τὰ
3324 1961 3554 2031 γενητά.
3581 1961 3711 2021 Τοῖς
3735 1958 3786 2012 δι

2214 2055 2273 2107 ἐν
2299 2054 2482 2125 κύκλῳ
2513 2055 2608 2107 καὶ
2634 2052 2804 2123 ἀγχοῦ
2842 2053 3123 2122 γεγονόσιν
3152 2051 3339 2119 αὐτοῦ,
3369 2052 3470 2122 τὴν
3516 2051 3624 2122 τῆς
3665 2050 3787 2115 ίόίας

2216 2148 2312 2199 καὶ
2353 2148 2591 2216 φυσικῆς
2622 2146 2976 2216 φαιδρότητος
3041 2143 3349 2216 ἐπιμερίξει
3414 2142 3680 2214 μέθεξιν,
3722 2142 3790 2206 ὡς

2219 2237 2394 2307 φωτὸς
2427 2236 2519 2289 ἐπί
2548 2254 2601 2290 τι
2635 2237 2743 2289 τῶν
2785 2237 2954 2299 πέλας
2990 2236 3511 2306 ἁντανακλωμένου,
3534 2236 3639 2289 καὶ
3663 2234 3790 2304 λαμ-

2220 2328 2455 2398 πρότητι
2488 2330 2555 2398 τῇ
2591 2327 2696 2398 ἰδία
2711 2327 2773 2380 τὸ
2808 2327 3113 2397 προστυχὸν
3154 2326 3622 2395 ωταυγάζοντος.

533 2438 702 2493 prepe
731 2424 909 2492 ipsum
938 2432 1085 2488 sunt,
1131 2438 1243 2477 sua:
1295 2423 1559 2477 naturalis
1599 2424 1863 2478 claritatis
1890 2424 2225 2477 consortium
2282 2423 2613 2492 impertitur,
2636 2430 2698 2476 ut
2734 2422 2981 2487 luminis,
3006 2437 3130 2477 cum
3154 2421 3223 2476 ad
3262 2421 3541 2492 objectum
3573 2420 3786 2491 aliquod

532 2528 734 2582 corpus
766 2514 1052 2582 appulsum
1076 2514 1394 2576 reﬂectitur,
1420 2522 1475 2567 et
1513 2529 1613 2568 suo
1635 2513 1945 2583 splendore,
1974 2513 2238 2583 quidquid
2270 2514 2493 2569 obvium
2520 2521 2621 2579 est,
2653 2514 2942 2568 illuminat.

606 2606 803 2662 PALL.
841 2607 1005 2663 Recte
1031 2620 1160 2659 sane
1205 2605 1390 2670 habet,
1418 2612 1474 2659 et
1505 2614 1588 2659 est
1614 2604 1680 2658 ad
1714 2605 2003 2659 veritatem
2026 2620 2119 2660 ex-

534 2698 704 2769 polita
741 2697 940 2751 oratio.

604 2788 760 2841 CYR.
792 2788 910 2842 Jam
965 2804 1119 2851 vero,
1174 2797 1455 2843 exstructo
1510 2787 1914 2857 propitiatorio,
1951 2788 2117 2843 aliter

535 2895 754 2947 quoque
788 2879 948 2932 nobis
969 2878 1172 2933 Christi
1198 2879 1517 2950 mysterium
1544 2879 1854 2945 adumbrat,
1888 2879 2111 2934 dicens:

544 2989 563 3019 ι
602 2970 667 3023 Et
698 2968 865 3023 facies
893 2984 1133 3022 mensam
1187 2985 1253 3022 ex
1298 2985 1435 3023 auro
1489 2969 1694 3023 mundo
1719 2971 1761 3021 ".
1796 2989 1813 3021 ι
1865 2970 2111 3040 Cumque

530 3061 782 3130 jussisset
814 3071 873 3114 ut
896 3061 1079 3113 annuli
1104 3075 1305 3114 mensa:
1322 3059 1692 3129 adigerentur,
1719 3061 1773 3114 in
1801 3076 1939 3130 quos
1960 3063 2113 3117 aurei

536 3157 719 3203 vectes
766 3148 1215 3211 immitterentur,
1256 3164 1488 3217 eumque
1517 3165 1803 3204 mensuras
1843 3151 2009 3205 etiam
2044 3153 2112 3205 il-

2290 2604 2497 2658 ΠΛΛΛ.
2546 2603 2753 2676 Ὀρθῶς
2771 2604 2906 2674 ,ἔχει
2932 2643 2947 2669 ,
2998 2603 3092 2656 καὶ
3126 2601 3499 2673 ἀπεξεσμένος
3552 2605 3686 2673 ἡμῖν
3716 2606 3786 2668 είς

2220 2696 2473 2765 τάληθὲς,
2506 2697 2533 2747 ό
2562 2696 2738 2763 λόγος.

2289 2781 2454 2835 ΚΥΡ.
2486 2781 2640 2835 Μετὰ
2678 2781 2735 2834 δέ
2777 2780 2877 2851 τὴν
2911 2780 3004 2834 τοῦ
3058 2780 3374 2853 ἱλαοτηρίου
3421 2783 3784 2852 κατασκευὴν,

2215 2871 2309 2923 καὶ
2337 2870 2541 2941 ἑτέρως
2577 2872 2709 2942 ἡμῖν
2739 2871 2800 2925 τὸ
2825 2870 3063 2941 Χριστοῦ
3102 2873 3401 2944 μυστήριον
3437 2874 3786 2941 σκιαγραφεῖ,

2226 2961 2429 3028 λέγων·
2462 2982 2478 3010 ι
2511 2962 2619 3015 Καὶ
2668 2963 2914 3031 ποιήσεις
2941 2962 3218 3032 τράπεζαν
3243 2962 3443 3033 χρυσοῦ
3475 2963 3735 3034 καθαροῦ.
3766 2983 3785 3015 ι

2216 3051 2547 3113 Δακτυλίους
2577 3068 2636 3105 τε
2681 3051 2816 3121 αὐτῇ
2850 3052 3312 3123 πῳσερειρῆσθαι
3354 3053 3466 3105 δεῖν
3514 3052 3786 3117 ἐπιτάξας,

2222 3144 2315 3194 καὶ
2343 3141 2579 3212 χρυσοῦς
2608 3142 2977 3211 ἐμϐάλλεσθαι
3000 3143 3129 3205 τοὺς
3170 3145 3505 3214 ἁναφορέας,
3541 3145 3714 3216 μέτρα
3735 3162 3789 3197 τε

538 3239 662 3301 lius,
692 3249 747 3293 et
784 3239 1002 3294 artiﬁcii
1030 3241 1319 3303 rationem,
1353 3256 1461 3309 qua
1499 3240 1565 3295 ad
1605 3257 1871 3295 summam
1895 3243 2111 3313 elegan-

2222 3231 2385 3300 αὐτῆς
2424 3231 2517 3282 καὶ
2552 3230 2833 3299 εὐτεχνίας
2882 3231 3009 3294 τοὺς
3045 3232 3301 3302 τρόπους,
3330 3235 3452 3288 καθ’
3492 3234 3589 3296 οὓς
3621 3235 3687 3288 ἄν
3712 3235 3791 3302 γέ·

536 3330 667 3391 tiam
704 3330 929 3399 insignis
956 3331 1133 3394 fieret,
1163 3332 1504 3399 apertissime
1543 3333 1985 3402 praescripsisset,
2013 3334 2111 3388 de-

2222 3339 2360 3379 νοιτο
2405 3322 2645 3392 λαχοῦσα
2689 3323 2751 3376 τὸ
2808 3325 3086 3395 ἐκπρεπὲς
3132 3328 3213 3389 είς
3263 3322 3404 3390 εἶδος
3443 3327 3507 3379 τὸ
3538 3328 3791 3380 ἀνωτάτω

538 3419 702 3486 nique
733 3435 746 3470 :
782 3438 797 3468 ι
818 3418 885 3471 Ει
919 3418 1459 3488 impones,»inquit,c
1484 3435 1650 3489 super
1672 3434 1914 3474 mensam
1944 3437 2111 3490 panes

2222 3414 2531 3481 σαφέστατα
2577 3414 2816 3475 διειπὼν.
2870 3433 2891 3467 ι
2937 3417 3046 3470 Καὶ
3084 3418 3364 3488 ἐπιθήσεις
3395 3458 3410 3483 ,
3463 3418 3654 3489 φησιν,
3708 3420 3791 3472 ἐπὶ

539 3510 931 3579 propositionis
958 3514 1142 3563 coram
1164 3526 1252 3563 me
1274 3519 1542 3580 perpetuo
1566 3513 1607 3566 ⁸.
1634 3532 1650 3563 ι
1684 3512 1972 3582 Aureaque
1997 3516 2116 3585 ejus

537 3588 689 3665 vasa,
713 3610 769 3655 et
793 3602 1097 3664 acetabula,
1144 3610 1200 3655 et
1248 3602 1586 3665 mortariola,
1617 3610 1672 3657 et
1703 3605 1947 3674 cyathos,
1975 3614 2029 3659 et
2053 3606 2118 3658 li-

540 3695 751 3759 batoria
785 3695 902 3748 ﬁeri
943 3694 1124 3764 jussit.
1174 3693 1253 3747 An
1302 3709 1434 3747 vero
1478 3709 1671 3763 parum
1713 3695 1998 3749 evidenter
2024 3697 2116 3752 ille

540 3787 749 3857 panise
783 3786 921 3841 coelo
964 3786 1125 3839 nobis
1165 3784 1661 3849 demonstrabatur,
1700 3787 1794 3855 qui
1825 3787 2116 3856 aliquando

541 3862 596 3931 in
627 3876 830 3931 sanctis
876 3875 1230 3931 ecclesiarum
1273 3875 1476 3929 mensis
1528 3877 1915 3946 proponendus
1950 3887 2115 3943 esset,

537 3978 596 4024 et
637 3971 806 4023 vitam
848 3968 1053 4023 mundo
1086 3968 1353 4023 daturus?

607 4148 806 4203 PALL.
836 4148 949 4202 lmo
970 4163 1104 4202 vero
1126 4149 1381 4201 maxime.

606 4240 761 4296 CYR.
812 4240 1106 4294 Acetabula
1162 4254 1357 4307 porro,
1410 4246 1466 4292 et
1515 4238 1869 4302 mortariola,
1939 4237 2119 4308 cyathi

537 4351 757 4407 quoque
792 4333 1137 4398 etlibatoria,
1165 4344 1219 4388 et
1244 4349 1307 4388 ea
1342 4332 1526 4387 omnia
1573 4348 1809 4401 quorum
1847 4332 1915 4386 ad
1964 4347 2121 4386 men-

538 4444 655 4482 sam
682 4427 828 4481 illam
851 4442 1061 4480 sacram
1116 4440 1179 4479 ac
1206 4426 1487 4496 mysticam
1539 4441 1672 4481 usus
1733 4435 1870 4489 erat,
1914 4441 2117 4491 nonne,

541 4518 764 4580 Palladi,
815 4516 1123 4570 divinorum
1154 4516 1534 4570 thesaurorum
1559 4516 1729 4587 ﬁgura
1754 4518 1916 4571 sunt?

612 4610 812 4663 PALL.
848 4609 989 4663 Sane
1021 4623 1171 4661 vero.

609 4700 764 4756 CYR.
817 4699 921 4755 Sed
968 4700 1083 4753 hare
1134 4699 1352 4766 quidem
1405 4700 1459 4753 in
1511 4701 1699 4754 Exodo
1749 4718 1763 4753 :

540 4808 672 4847 vero
701 4800 756 4847 et
786 4792 1015 4861 panibus
1048 4793 1439 4862 propositionis
1474 4794 1755 4862 legislator
1793 4793 1849 4846 in
1875 4793 2119 4849 Levitico

539 4883 738 4949 sanxit,
765 4891 929 4952 atque
960 4883 1030 4937 ibi
1055 4882 1454 4953 quodammodo
1477 4883 1711 4951 explicat
1759 4883 1865 4936 hoe
1907 4897 2118 4951 praece-

540 4982 715 5041 ptum,
759 4980 815 5026 et
870 4973 1334 5041 quemadmodum
1383 4973 1682 5042 propositio
1729 4972 1847 5026 ﬁeri
1898 4973 2115 5037 debeat,

541 5066 697 5132 plane
724 5065 883 5119 docet
913 5064 1001 5119 his
1036 5066 1221 5119 verbis
1259 5083 1271 5119 :
1309 5085 1326 5115 ι
1364 5064 1430 5119 Et
1461 5065 1741 5134 accipietis
1776 5065 2031 5127 similam,
2056 5073 2114 5118 et

539 5153 749 5207 facietis
786 5169 853 5207 ex
899 5168 963 5207 ea
1012 5153 1303 5207 duodecim
1333 5167 1526 5222 panes;
1569 5168 1600 5206 e
1626 5151 1843 5205 duabus
1883 5150 2113 5205 decimis

537 5243 642 5298 erit
671 5244 827 5312 panis
850 5260 1026 5310 unus;
1070 5254 1127 5299 et
1161 5244 1455 5313 imponetis
1490 5259 1586 5297 eos
1613 5244 1751 5297 duas
1789 5241 2109 5311 positiones,

538 5345 594 5390 et
615 5352 707 5390 sex
730 5352 897 5405 panes
927 5354 1034 5392 una
1074 5336 1275 5406 positio
1318 5352 1485 5406 super
1515 5351 1762 5390 mensam
1794 5350 1985 5403 puram
2016 5348 2111 5387 co-

541 5441 655 5478 ram
681 5425 929 5481 Domino.
947 5427 1015 5479 Et
1034 5427 1325 5496 imponetis
1347 5427 1412 5481 ad
1442 5427 1769 5496 positionem
1798 5442 1962 5479 unam
1983 5426 2113 5479 thus

542 5516 805 5570 mundum
831 5533 955 5572 cum
989 5519 1120 5582 sale,
1148 5528 1204 5574 et
1241 5528 1405 5573 erunt
1430 5518 1484 5572 in
1514 5533 1681 5587 panes
1713 5516 2112 5571 recordationis

544 5605 825 5674 proposita
868 5606 1128 5672 Domino;
1168 5607 1256 5663 die
1283 5608 1645 5663 Sabbatorum
1680 5613 1984 5677 apponetur
2014 5620 2108 5659 co-

1819 4700 1887 4754 de
1931 4716 2121 4755 mensa
2202 4728 2205 4729 ν

2215 3505 2315 3576 τὴν
2348 3506 2625 3575 τράπεζαν
2688 3507 2886 3577 ἄρτους
2932 3508 3220 3573 ἐνωπίους,
3268 3508 3513 3561 ἐναντίον
3564 3528 3666 3580 μου
3712 3509 3790 3564 διὰ

2218 3597 2437 3661 παντός.
2476 3616 2495 3649 ι
2526 3599 2721 3669 Χρυσᾶ
2742 3598 2798 3651 δέ
2823 3599 2994 3668 αὐτῆς
3024 3599 3095 3654 τὰ
3124 3599 3315 3671 σκεύη,
3347 3600 3582 3671 τρυϐλία
3619 3619 3681 3655 τε
3704 3602 3790 3655 καὶ

2219 3690 2470 3753 θυίσκας.
2490 3690 2586 3744 καὶ
2618 3691 2725 3761 μὴν
2751 3692 2845 3745 καὶ
2866 3692 3123 3756 κυάθους,
3149 3694 3243 3746 καὶ
3260 3695 3517 3747 σπονδεῖα
3545 3695 3789 3764 γενέσθαι

2219 3781 2606 3850 προστέταχεν.
2644 3778 2772 3854 'Ap’
2817 3784 2917 3836 οὐκ
2964 3784 3211 3853 ἐναργῶς
3238 3787 3267 3837 ό
3307 3786 3473 3857 ἄρτος
3518 3788 3707 3857 ήμῖνό
3736 3786 3788 3851 ἐξ

2219 3870 2449 3941 οὐρανοῦ
2496 3872 2913 3937 κατεδείκνυτο,
2946 3874 3368 3943 προκεισόμενος
3398 3876 3543 3928 κατὰ
3574 3877 3790 3947 καιροὺς

2219 3963 2277 4014 ἐν
2313 3963 2494 4030 άγίαις
2523 3962 2824 4033 τραπέζαις
2860 3964 3187 4037 ἐκκλησιῶν,
3217 3966 3313 4019 καὶ
3346 3966 3495 4038 ζωὴν
3524 3968 3788 4037 διδοῦςτῷ

2223 4052 2409 4122 κόσμῳ
2425 4069 2440 4117 ;

2293 4145 2502 4199 HAAA.
2536 4145 2644 4198 και
2681 4146 2844 4215 μάλα.

2293 4236 2457 4291 ΚΥΡ.
2515 4236 2757 4307 Τρυϐλία
2807 4253 2866 4288 τε
2920 4239 3014 4290 καὶ
3066 4237 3305 4303 θυίσκαι,
3343 4237 3541 4291 κύαθοί
3590 4255 3651 4291 τε
3705 4240 3787 4291 καλ

2221 4329 2497 4390 σπονδεῖα,
2529 4330 2623 4381 καὶ¹
2655 4329 2721 4381 τὰ
2738 4329 2803 4381 δι’
2824 4324 2897 4380 ὧν
2922 4330 3019 4397 τῆς
3038 4329 3199 4396 ἁγίας
3222 4329 3544 4401 τραπέζηςή
3567 4330 3786 4399 μυστικῆ

2222 4419 2317 4473 καὶ
2348 4419 2618 4490 ἱερωτάτη
2649 4418 2952 4489 πληροῦται
2979 4419 3161 4489 χρεία,
3191 4420 3252 4472 οὐ
3280 4420 3388 4472 τῶν
3405 4419 3571 4473 θείων
3604 4437 3788 4491 κειμη-

2226 4509 2355 4562 λίων
2389 4509 2558 4572 τύπος
2590 4510 2656 4563 ἄν
2690 4505 2819 4567 εἷεν.
2850 4503 2895 4561 ὦ
2922 4511 3058 4574 civ;

2294 4603 2500 4654 ΠΔΛΛ.
2534 4602 2680 4655 Πάνυ
2714 4602 2811 4670 μὲν
2846 4598 2960 4655 οὖν.

2292 4690 2457 4746 ΚΥΡ.
2506 4690 2665 4744 Ἀλλὰ
2703 4690 2859 4742 ταυτὶ
2892 4689 2991 4759 μὲν
3032 4688 3092 4740 ὲν
3120 4689 3189 4757 τῇ
3252 4686 3469 4758 Ἐξόδῳ.
3503 4686 3787 4758 Τραπέζης

2219 4782 2277 4835 δέ
2310 4781 2436 4851 πέρι
2461 4782 2553 4834 καὶ
2582 4780 2689 4851 μὴν
2710 4781 2804 4833 καὶ
2826 4779 3135 4850 προθέσεως
3163 4776 3367 4848 ἄρτων,
3402 4777 3787 4847 κεχρησμῴδη-

2220 4890 2314 4925 κεν
2334 4873 2363 4924 ὁ
2390 4871 2687 4942 νομοθέτης
2705 4873 2762 4924 ἐν
2788 4870 2864 4941 τῷ
2884 4867 3155 4939 Λευιτικῷ
3174 4885 3188 4900 ο
3212 4865 3499 4940 ἀνευρύνει
3523 4870 3582 4921 δὲ
3608 4869 3785 4937 ὥσπερ

2227 4963 2327 5034 τὴν
2341 4962 2787 5033 ἐντολὴν,τίνατε
2803 4962 3005 5032 τρόπον
3030 4963 3062 5033 ἡ
3091 4959 3531 5030 πρόθεσιςὼται,
3557 4959 3786 5012 διδάσκει

2219 5056 2428 5123 σαφῶς,
2460 5054 2635 5121 λέγων
2670 5053 2861 5117 οὕτως’
2906 5071 2924 5103 ι
2949 5052 3060 5105 Καὶ
3093 5050 3327 5122 λήψεσθε
3361 5050 3662 5121 σεμίδαλιν,
3700 5050 3783 5102 καὶ

2217 5147 2470 5215 ποιήσετε
2492 5145 2661 5215 αὐτὴν
2690 5143 2900 5197 δώδεκα
2926 5143 3144 5214 ἄρτους.
3174 5142 3280 5195 Δύο
3310 5142 3553 5195 δεκάτων
3585 5142 3734 5194 ἔσται
3756 5143 3783 5193 ὁ

2218 5238 2383 5307 ἄρτος
2404 5238 2432 5289 ὁ
2458 5231 2558 5299 εἷς.
2589 5237 2700 5289 Καὶ
2733 5236 3023 5305 ἐπιϐήσετε
3068 5234 3266 5296 αὐτοὺς
3295 5233 3392 5286 δύο
3428 5231 3665 5303 θέματα,
3695 5231 3781 5283 καὶ

2218 5328 2276 5393 ἐξ
2312 5328 2511 5398 ἄρτους
2544 5326 2604 5380 τὸ
2624 5325 2684 5380 ἐν
2716 5325 2857 5397 θέμα
2877 5325 2970 5378 ἐπὶ
2992 5324 3093 5394 τὴν
3113 5324 3393 5395 τράπεζαν
3421 5323 3521 5391 τὴν
3546 5320 3780 5391 καθαρὰν

2219 5420 2400 5473 ἔναντι
2444 5419 2670 5490 Κυρίου.
2704 5418 2815 5472 Kal
2860 5416 3278 5487 ἐπιθήσετενὲπὶ
3310 5415 3370 5467 τὸ
3400 5413 3546 5482 θέμα
3574 5412 3777 5464 λίϐανον

2216 5511 2460 5583 καθαρὸν
2488 5510 2581 5564 καὶ
2606 5510 2725 5568 ἄλα,
2763 5510 2858 5562 καὶ
2885 5508 3103 5561 ἔσονται
3122 5509 3201 5570 εἰς
3223 5508 3419 5576 ἄρτους
3442 5506 3526 5567 εἰς
3554 5504 3776 5570 ἀνάμνηο

2219 5621 2305 5656 σιν
2345 5603 2685 5675 προκείμενα
2710 5600 2788 5671 τῷ
2813 5600 3024 5671 Κυρίῳ,
3049 5601 3116 5669 τῇ
3144 5598 3328 5671 ἡμέρᾳ
3354 5597 3464 5651 τῶν
3499 5594 3770 5649 σαϐϐάτων

617 5778 637 5808 ⁸
675 5778 839 5833 Hebr.
867 5770 904 5845 ι,
952 5782 1029 5836 Η.
1112 5782 1129 5811 ’⁸
1163 5781 1317 5836 .loan.
1343 5798 1397 5843 κ,
1434 5781 1517 5834 50.
1593 5781 1611 5809 ⁵
1643 5780 1795 5835 Joan.
1828 5795 1931 5845 XIV,
1974 5781 2023 5833 9.
2099 5783 2111 5811 ⁷

2224 5778 2313 5833 od.
2354 5795 2475 5842 xxv,
2514 5777 2597 5831 I7.
2675 5776 2696 5807 ⁸
2724 5774 2887 5839 1ὺὶ(1.,
2915 5773 3000 5829 50.
