3982 6506
191 407 293 467 035

916 396 1003 453 DE
1039 391 1484 452 ADORATIONE
1517 394 1586 451 IN
1624 392 1896 450 ειηιιιτυ
1934 394 2023 450 ET
2061 392 2431 452 VERITATE.
2477 394 2605 448 LIB.
2644 377 2768 449 ιχ(

3307 391 3419 451 608

195 516 546 590 προσθήσεται
590 510 770 564 ἔναντι
802 506 1011 578 Κυρίου
1055 505 1347 570 διαπαντὸς
1380 505 1609 560 ἐνώπιον
1636 504 1744 558 τῶν

1863 521 1963 560 -am
2001 506 2233 561 Domino
2283 516 2551 577 perpetuo
2583 521 2615 559 ιι
2654 504 2781 558 ﬁliis
2824 502 2991 559 Israel
3031 508 3419 559 testamentum

193 609 318 665 υἱῶν
367 603 601 677 Ἰσραὴλ
631 602 899 673 διαθήκην
925 600 1143 654 αῑώνιον
1165 615 1181 630 ⁹
1215 599 1309 652 καὶ
1348 598 1496 652 ἔσται
1538 597 1748 667 Ἀαρὼν

194 696 418 757 καὶτοῖς
463 694 602 755 υἱοῖς
640 690 826 744 αὑτοῦ.
862 689 973 742 Καὶ
1018 688 1285 757 φάγονται
1312 687 1452 741 αὐτᾶ
1490 688 1549 740 ἐν
1598 686 1749 756 τόπῳ

196 787 344 857 ἁγίῳ⁹
369 785 498 853 ἔστιξ
509 785 618 853 γὰρ
631 783 797 850 Ἅγια
806 780 916 833 τῶν
936 779 1107 847 ἁγίων
1125 779 1283 832 τοῦτο
1311 777 1511 841 αὐτῶν,
1535 778 1627 830 καὶ
1641 776 1750 830 ἀπὸ

196 878 294 931 τῶν
332 873 733 943 θυσιαζομένων
776 872 855 941 τῷ
907 870 1117 940 Κυρίῳ,
1153 870 1383 939 νόμιμον
1430 868 1665 923 αἱώνιον.
1723 885 1755 924 ι,

208 971 289 1023 Ἐν
314 967 367 1020 δέ
387 983 451 1032 γε
471 968 581 1028 τοῖς
615 963 765 1033 Ἀριθ
775 966 916 1032 μοῖς,
931 962 1007 1025 ὡς
1025 963 1121 1015 ἕνα
1137 961 1295 1016 πάλιν
1320 960 1485 1030 ἄρτον
1508 962 1639 1031 ήμῖν
1660 959 1751 1012 τὸν

198 1061 252 1125 ἐξ
281 1056 506 1129 οὐρανοῦ
540 1057 633 1109 καὶ
664 1055 726 1120 ἐξ
755 1057 932 1126 ήμῶν·
969 1054 1161 1122 γέγονε
1195 1054 1305 1124 γὰρ
1334 1054 1464 1115 Θεὸς
1482 1052 1557 1105 ὢν
1591 1051 1751 1120 φύσει

201 1134 315 1205 καθ’
337 1151 482 1220 ἡμᾶς
499 1149 526 1201 6
538 1148 729 1216 Λόγος,
754 1148 848 1199 καὶ
865 1148 1173 1217 ἐσκήνωσεν
1195 1145 1252 1197 ὲν
1268 1146 1419 1215 ἡμῖν,
1437 1144 1751 1197 κατεδείκνυ

197 1243 359 1308 λέγων
394 1240 529 1312 πρὸς
555 1240 649 1293 τὸν
679 1240 998 1311 ἱεροφάντην
1020 1236 1280 1291 Μωῦσέαο
1313 1255 1332 1288 ι
1371 1236 1618 1306 Λάλήσον
1640 1238 1753 1299 τοῖς

194 1335 323 1395 υἱοῖς
365 1329 602 1401 Ἰσραὴλ,
641 1329 734 1382 καὶ
767 1330 912 1400 ἐρεῖς
951 1327 1087 1407 πρὸς
1127 1326 1346 1390 αὐτούς·
1401 1328 1488 1380 Ἐν
1533 1327 1611 1397 τῷ
1660 1344 1756 1380 πο-

202 1424 441 1497 ρεύεσθαι
496 1424 640 1494 ὑμᾶς
680 1424 760 1486 εἱς
793 1421 891 1493 τὴν
927 1421 1032 1491 γῆν
1083 1422 1148 1491 ήν
1195 1419 1304 1487 ἐγὼ
1351 1421 1556 1488 εἰσάγω
1612 1421 1756 1490 ὑμᾶς

198 1521 322 1581 ἐκεῖ,
362 1518 454 1570 καὶ
490 1517 664 1581 ἔσται,
696 1517 823 1570 ὅταν
870 1514 1088 1585 ἐσθίητε
1119 1515 1275 1585 ὑμεῖς
1317 1513 1428 1567 ἀπὸ
1446 1514 1556 1568 τῶν
1577 1513 1757 1582 ἀρτων

196 1609 290 1678 τῆς
316 1608 440 1677 γῆς,
465 1607 751 1677 ἀφαιρεῖτε
776 1604 1058 1676 ἀφαίρεμα
1075 1604 1356 1683 ἀφόρισμα
1371 1603 1559 1675 Κυρίῳ
1578 1604 1757 1673 ἀπαρ-

198 1702 291 1772 χὴν
334 1698 652 1767 φυράματος
694 1698 883 1768 ὑμῶν·
921 1696 1085 1767 ἄρτον
1133 1695 1419 1766 ἀφαίρεμα
1481 1696 1757 1765 ἀφοριείτε

198 1789 321 1859 αὐτὸ
363 1790 438 1851 ὡς
476 1788 761 1857 ἀφαίρεμα
809 1786 915 1841 ἀπὺ
953 1785 1180 1850 ἆλωνος,
1208 1784 1383 1850 οὕτως
1416 1786 1759 1856 ἀφαιρήσετε

198 1878 441 1949 ἀπαρχήν
486 1878 810 1949 φυράματος
846 1876 1021 1949 ὑμῶν,
1064 1876 1159 1931 καὶ⁹
1205 1873 1405 1930 δώσετε
1439 1875 1518 1946 τῷ
1570 1876 1760 1946 Κυρίῳ

199 1969 471 2041 ἀφαίρεμα
500 1971 583 2034 είς
606 1969 705 2033 τὰς
736 1970 929 2038 γενεὰς
980 1970 1155 2041 ὑμῶν.
1186 1988 1204 2023 ι
1247 1970 1359 2024 Καὶ
1402 1969 1631 2040 ἀπονητὶ
1663 1968 1761 2039 μὲν

198 2060 279 2114 aa:
295 2060 493 2114 τούτων
516 2059 831 2130 καταθεῷτό
862 2078 943 2123 τις
960 2059 1027 2114 ἃν
1054 2060 1113 2113 τὸ
1132 2061 1235 2131 τῆς
1265 2060 1525 2131 ἀληθείας
1556 2060 1762 2131 μυστή-

205 2167 329 2220 ριον.
359 2149 650 2213 Δελέξεται
673 2149 729 2203 δὲ
763 2151 900 2221 πρὸς
923 2150 1084 2220 ήμῶν
1112 2153 1170 2204 ἐν
1208 2150 1322 2221 ἱδίῳ
1348 2150 1526 2222 καιρῷ
1549 2150 1761 2214 λεπτῶς

202 2229 287 2295 καὶ
310 2241 807 2312 ἀπηκριϐωμένως,
837 2242 916 2303 εἱς
936 2241 1122 2311 ἕτερον
1149 2243 1280 2313 ἡμῖν
1306 2241 1503 2314 ἱδρῶτα
1524 2258 1762 2313 συγγρα-

205 2332 299 2403 φῆς
331 2334 731 2403 μετερῤηκότος
751 2331 846 2384 τοῦ
864 2331 1049 2400 λόγου.
1073 2332 1219 2403 Πλὴν
1237 2334 1431 2395 ἐκεῖνο.
1461 2329 1613 2402 οἶμαί
1632 2350 1758 2398 που,

201 2422 560 2495 κατατεθήποι
591 2441 673 2489 τις
716 2423 782 2477 ἂν
824 2422 905 2499 εἷς
941 2439 1004 2491 γε
1046 2422 1106 2477 τὺ
1132 2422 1306 2496 παρὸν
1344 2426 1501 2497 ἡμῖν,
1534 2420 1579 2478 ὦ
1621 2424 1763 2478 Παλο

199 2514 357 2569 λάδιε.

267 2607 465 2661 ΠΑΛΛ.
503 2606 578 2661 Τὸ
610 2607 757 2662 ποῖόν
782 2626 837 2661 τι
862 2609 967 2679 φής
991 2624 1005 2678 ;

268 2700 423 2753 ΚΥΡ.
474 2698 779 2763 Πολυειδῶς
808 2700 916 2769 γὰρ
950 2700 1081 2770 ήμὶν
1112 2699 1330 2769 ἐμφανῆ
1373 2698 1639 2761 καθιστὰς
1672 2699 1762 2752 τὸν

216 2792 572 2863 Ἐμμανουήλ,
610 2793 702 2845 καὶ
725 2793 793 2846 δι’
825 2792 1014 2863 ἐτέρου
1043 2792 1204 2845 πάλιν
1241 2790 1403 2845 αὑτὸν
1436 2791 1764 2846 ἀναπλάττει

198 2882 368 2953 λόγου.
400 2884 551 2953 Πρὸς
577 2886 682 2956 γάρ
723 2901 804 2937 τοι
838 2884 1077 2937 Μωῦσέα
1108 2883 1240 2953 φησί
1267 2900 1280 2914 ·
1319 2902 1339 2934 ι
1383 2883 1493 2935 Καὶ
1521 2884 1765 2951 ποιήσεις

211 2976 418 3045 λυχνίαν
470 2977 543 3028 ἐκ
592 2975 817 3046 χρυσίου
858 2975 1122 3044 καθαροῦ,
1176 2975 1474 3045 τορνευτὴν
1519 2974 1767 3042 ποιήσεις

206 3065 295 3133 τήν
315 3064 555 3135 λυχνίαν·
597 3068 625 3118 6
648 3065 844 3129 καυλὸς
885 3065 1057 3135 αὐτῆς
1093 3065 1185 3116 καὶ
1211 3065 1261 3117 οἱ
1290 3062 1636 3132 καλαμίσκοι,
1673 3061 1766 3115 καὶ

204 3157 251 3211 9i
279 3155 572 3225 κρατῆρες,
611 3155 707 3208 καὶ
745 3156 794 3207 οἱ
828 3155 1230 3227 σφαιρωτῆρες,
1273 3155 1368 3208 καὶ
1410 3156 1477 3208 τὰ
1503 3154 1667 3225 κρίνα
1708 3152 1767 3218 ἐξ

208 3244 364 3314 αὐτῆς
398 3245 572 3298 ἔσται.
596 3244 695 3310 Ἓξ
725 3246 1057 3317 καλαμίσκοι
1087 3249 1150 3301 ἐκ
1174 3248 1268 3301 τοῦ
1301 3247 1514 3310 κλίτους
1538 3247 1632 3300 τοῦ
1654 3247 1771 3299 δευ-

208 3336 375 3407 τέρου.
408 3358 425 3389 ι
468 3338 586 3391 Καὶ
633 3332 701 3391 αὖ
738 3338 833 3391 ἐπὶ
865 3337 1078 3402 τούτοις
1107 3339 1176 3391 τὰ
1206 3341 1286 3401 εἱς
1332 3338 1537 3407 κόσμον
1573 3352 1633 3390 τε
1677 3336 1772 3389 καὶ

210 3428 382 3501 χρείαν
406 3428 487 3499 τῷ
518 3428 818 3499 τεχνήματι
850 3428 1108 3482 τελοῦντα
1144 3426 1585 3499 προστεθεικὼς,
1610 3427 1771 3499 κρίνα

208 3519 263 3573 τέ
292 3538 453 3592 φημι,
483 3521 581 3574 καὶ
604 3521 987 3592 σφαιρωτῆρας
1012 3528 1105 3573 vat
1130 3518 1478 3590 καρυίσκους,
1505 3519 1772 3588 ἐπεφώνει

212 3609 383 3663 πάλινο
421 3630 438 3662 ι
475 3610 618 3680 Ὀλη
665 3611 949 3682 τορνευτὴ,
994 3609 1055 3674 ἐξ
1083 3610 1201 3672 ἐνὸς
1246 3609 1468 3680 χρυσίου
1503 3609 1767 3679 καθαροῦ·

212 3701 297 3753 καὶ
320 3702 567 3772 ποιήσεις
587 3702 714 3764 τοὺς
739 3699 968 3770 λύχνους
992 3701 1163 3768 αὐτῆς
1180 3701 1340 3760 ἑπτὰ.
1373 3700 1465 3753 καὶ
1492 3698 1774 3769 ἐπιθήσεις

210 3791 324 3855 τοὺς
352 3791 581 3863 λύχνους
597 3793 785 3863 αὐτῆς.
810 3792 920 3845 Καὶ
950 3792 1211 3860 φανοῦοιν
1227 3792 1291 3844 ἐκ
1316 3790 1409 3844 τοῦ
1443 3790 1563 3853 ἐνὸς
1595 3807 1771 3860 προσ-

208 3879 368 3937 ώπου.
410 3881 527 3935 Καὶ
571 3881 664 3934 τὸν
707 3883 1067 3953 ἐπαρυστήρα
1110 3881 1302 3951 αὐτῆς,
1345 3883 1439 3935 καὶ
1464 3880 1534 3933 τὰ
1574 3878 1775 3933 ὑποθέ-

216 3989 351 4043 ματα
379 3974 555 4044 αὐτῆς
593 3973 658 4027 ἐκ
683 3973 908 4045 χρυσίου
937 3972 1202 4043 καθαροῦ,
1229 3974 1477 4044 ποιήσεις
1501 3972 1682 4026 πάντα
1705 3969 1774 4024 τὰ

216 4064 372 4135 σκεύη
421 4064 602 4118 ταῦτα
670 4063 938 4117 ταλάντου
990 4064 1213 4135 χρυσίου
1270 4062 1535 4134 καθαροῦ.
1596 4062 1772 4133 Ὅρα,

215 4156 445 4226 ποιήσεις
495 4155 638 4208 κατά
673 4154 764 4208 τὸν
795 4154 964 4209 τύπον
1004 4155 1097 4208 τὸν
1144 4155 1420 4225 δειχθέντα
1460 4171 1544 4207 σοι
1593 4157 1653 4208 ἐν
1697 4152 1775 4223 τῷ

215 4247 339 4317 ὄρει.
375 4268 394 4300 ι
430 4247 628 4318 Χρυσῆ
662 4246 761 4317 μέν
786 4243 881 4300 οὖν
906 4248 938 4317 ή
972 4246 1164 4316 λυχνία
1190 4248 1361 4299 τύπον
1383 4246 1653 4315 ἐπέχουσα
1678 4242 1773 4297 τοῦ

218 4337 457 4407 Χριστοῦ.
496 4337 658 4390 Φύσει
688 4336 797 4407 γὰρ
828 4339 922 4391 καὶ
949 4337 1176 4408 ἀληθείᾳ
1205 4336 1338 4399 Θεὸς
1368 4339 1395 4390 6
1424 4337 1566 4398 Υἱόςο
1590 4334 1777 4407 χρυσῷ

221 4426 271 4479 δὲ
306 4429 723 4498 παρεικαστέον,
768 4426 910 4481 καθὰ
948 4427 1045 4479 καὶ
1071 4428 1130 4479 ἐν
1161 4428 1275 4488 τοῖς
1307 4424 1565 4495 ἀνωτέρω
1592 4426 1775 4498 διωρι-

1845 605 2147 663 aeternum;
2176 605 2233 651 et
2252 607 2414 652 erunt
2439 598 2618 651 Aaron
2666 605 2723 652 et
2745 596 2873 650 ﬁliis
2890 596 3030 666 ejus,
3057 603 3115 649 et
3134 595 3424 650 comedent

1847 700 1911 739 ea
1940 685 1994 739 in
2026 685 2147 740 loco
2184 694 2373 740 sancto
2402 704 2415 738 ι
2447 694 2531 740 εει
2567 686 2712 740 enim
2753 684 2951 741 Sancta
2979 692 3293 739 sanctorum
3317 685 3424 740 hoc

1849 776 2001 846 ipsis,
2030 784 2085 830 et
2106 776 2176 830 ab
2212 778 2506 831 immolatis
2536 777 2763 831 Domino
2793 778 3096 848 legitimum
3135 779 3424 847 sempiter-

1848 882 1980 921 num
2007 869 2050 919 ⁸.
2088 886 2107 917 ι
2148 867 2209 920 ιιι
2238 866 2495 921 Numeris
2533 882 2664 921 vero
2694 874 2751 920 ut
2790 883 2959 920 unum
2985 882 3177 921 rursus
3202 882 3420 935 panem,

1840 959 1943 1028 qui
1964 957 2031 1012 de
2061 958 2219 1023 calo,
2263 970 2319 1011 et
2360 974 2429 1011 ex
2470 958 2628 1011 nobis
2664 966 2749 1011 est
2793 959 3052 1027 (Verbum
3100 958 3269 1021 enim,
3299 973 3421 1011 eum

1849 1050 1997 1105 Deus
2020 1049 2324 1104 secundum
2344 1057 2597 1102 naturam
2622 1057 2787 1112 esset,
2814 1048 3017 1102 factum
3047 1057 3130 1103 est
3155 1050 3329 1103 nostri
3354 1050 3425 1103 si-

1851 1142 2001 1206 mile,
2025 1150 2082 1196 et
2102 1141 2367 1196 habitavit
2406 1140 2461 1195 in
2488 1143 2647 1196 nobis
2674 1140 2758 1211 ‘°),
2794 1148 3049 1209 tanquam
3073 1157 3240 1194 unum
3267 1142 3428 1197 nobis

1851 1243 2047 1299 panem
2076 1229 2490 1294 demonstravit,
2519 1245 2643 1284 cum
2677 1229 2759 1283 sic
2781 1229 2919 1283 dixit
2943 1229 3109 1299 Moysi
3146 1230 3223 1283 illi
3246 1246 3429 1284 εδει-ορ

1852 1333 1976 1372 rum
2005 1318 2170 1388 298
2189 1317 2478 1386 interpreti
2507 1335 2521 1370 :
2571 1336 2589 1367 ι
2618 1316 2867 1385 Loquere
2897 1317 2963 1370 ad
2995 1317 3136 1372 ﬁlios
3165 1319 3349 1383 Israel,
3373 1325 3430 1373 et

1854 1407 2005 1462 dices
2038 1409 2120 1461 eis
2158 1426 2171 1465 ;
2210 1408 2348 1471 Cum
2394 1405 2775 1478 ingrediemini
2814 1406 2871 1459 in
2919 1416 3118 1460 terram
3165 1408 3220 1461 in
3265 1425 3428 1477 quam

1854 1514 1955 1570 ego
1978 1498 2179 1553 induco
2201 1515 2319 1564 vos,
2355 1506 2411 1553 et
2431 1498 2574 1567 ierit,
2606 1514 2732 1553 cum
2772 1497 2999 1552 ederitis
3022 1513 3118 1552 vos
3143 1514 3172 1552 e
3198 1499 3431 1567 panibus

1856 1598 2038 1654 terrae,
2079 1591 2407 1661 seperabitis
2442 1591 2841 1660 separationem
2874 1591 3300 1661 segregationem
3328 1591 3433 1643 Dee

1858 1680 2009 1735 mino
2032 1680 2302 1750 primitias
2327 1696 2518 1736 massa:
2548 1689 2779 1747 vestrae;
2807 1696 3003 1750 panem
3032 1679 3431 1749 separationem

1858 1771 2216 1843 segregabitis
2236 1772 2436 1841 ipsum.
2465 1780 2722 1841 tanquam
2746 1771 3152 1841 separationem
3185 1770 3252 1824 ab
3282 1784 3429 1832 area,

1790 1844 1834 1901 Β
1861 1862 1943 1918 sic
1977 1864 2302 1933 separabitis
2344 1864 2542 1934 ipsum,
2584 1862 2857 1933 primitias
2900 1876 3092 1917 massa
3121 1868 3334 1925 vestrae,
3372 1865 3431 1913 et

1860 1954 2063 2011 dabitis
2096 1956 2328 2010 Domino
2376 1954 2774 2025 separationem
2813 1953 2870 2008 in
2908 1952 3289 2023 generationes
3333 1965 3433 2005 ves

1859 2054 2003 2103 stras
2049 2048 2111 2103 “.
2161 2067 2180 2098 ι
2215 2047 2369 2103 Licet
2417 2062 2486 2101 ex
2526 2045 2614 2101 his
2649 2045 2838 2101 verbis
2889 2043 3148 2098 facillime
3184 2039 3435 2096 veritatis

1860 2139 2180 2209 mysterium
2210 2137 2527 2207 perspicere
2545 2176 2560 2200 ,
2590 2136 2657 2191 de
2682 2152 2791 2205 quo
2818 2144 3002 2191 tamen
3022 2149 3054 2190 α
3076 2132 3237 2187 nobis
3263 2129 3438 2186 subtiv

1858 2229 1986 2284 liter
2017 2238 2074 2283 et
2105 2235 2360 2283 accurate
2410 2242 2510 2281 suo
2542 2227 2662 2282 loco
2686 2227 2922 2290 dicetur,
2952 2225 3201 2293 hancque
3227 2221 3437 2276 oratio-

1859 2320 1948 2375 nis
1988 2328 2200 2390 partem
2256 2319 2314 2373 in
2360 2318 2592 2374 alterius
2651 2316 3133 2372 commentationis
3190 2314 3436 2369 laborem

1856 2410 2274 2464 transferamus.
2296 2409 2436 2464 Illud
2461 2417 2663 2475 tamen,
2689 2416 2751 2464 ut
2777 2408 2996 2479 opinor,
3024 2406 3286 2461 admirari
3306 2405 3437 2460 licet

1863 2499 1919 2554 iu
1953 2515 2211 2570 praesens,
2242 2498 2470 2554 Palladi.

1933 2613 2128 2668 PALL.
2169 2614 2309 2680 Quid
2348 2613 2495 2668 istud
2527 2611 2784 2669 tandem?

1931 2706 2087 2760 CYR.
2113 2705 2248 2760 Cum
2290 2706 2494 2759 ctenim
2532 2706 2685 2760 varie
2729 2703 2889 2758 nobis
2920 2700 3071 2755 illum
3118 2700 3439 2755 Emmanuel

1862 2794 2220 2864 spectandum
2253 2795 2649 2863 proposuisset,
2681 2808 2876 2848 rursus
2914 2792 3035 2846 aliis
3073 2805 3290 2861 quoque
3318 2805 3444 2843 ver—

1864 2884 1951 2937 bis
1975 2883 2227 2937 eumdem
2269 2882 2504 2953 eﬁingit;
2547 2882 2716 2953 Moysi
2741 2881 2887 2937 enim
2915 2881 3048 2935 dicit
3079 2898 3092 2932 :
3133 2899 3149 2931 ι
3180 2880 3247 2934 Et
3273 2878 3443 2933 facies

1866 2973 2252 3029 candelabrum
2276 2988 2344 3027 ex
2382 2989 2518 3027 auro
2554 2973 2793 3037 mundo;
2842 2959 3100 3025 tornatile
3120 2971 3289 3025 facies
3312 2985 3444 3024 can-

1864 3063 2181 3128 delabrum;
2214 3063 2410 3117 hastile
2445 3063 2636 3131 ipsius,
2662 3070 2717 3117 et
2753 3062 2968 3125 calami,
3012 3068 3069 3115 et
3098 3068 3357 3125 crateres,
3385 3066 3443 3114 et

1795 3179 1834 3235 c
1868 3152 2170 3221 sphterulae,
2214 3159 2271 3206 et
2319 3152 2429 3206 lilia
2473 3168 2541 3206 ex
2590 3153 2710 3221 ipso
2750 3158 2914 3205 erunt
2940 3169 2953 3204 :
2980 3166 3075 3205 sex
3097 3150 3288 3204 calami
3317 3166 3446 3221 pro-

1868 3243 2101 3298 deuntes
2133 3258 2200 3298 ex
2222 3243 2488 3309 adverso;
2527 3242 2663 3313 [tres
2692 3242 2885 3296 calami
2919 3240 3227 3295 candelabri
3269 3256 3335 3294 ex
3366 3240 3446 3293 la-

1869 3344 1985 3391 tere
2011 3351 2138 3398 uno,
2157 3342 2212 3390 et
2235 3343 2349 3389 tres
2373 3334 2565 3390 calami
2595 3350 2661 3389 ex
2687 3335 2855 3388 latere
2880 3332 3075 3403 altero]
3099 3332 3281 3387 ⁸¹.›Α‹1
3306 3332 3441 3395 haec,

1869 3442 1991 3481 eum
2014 3426 2352 3497 adjunxisset
2387 3442 2451 3481 ea
2488 3442 2609 3495 qua:
2635 3426 2701 3480 ad
2735 3434 2987 3482 ornatum
3022 3434 3077 3480 et
3125 3439 3284 3479 usum
3311 3439 3429 3493 ope-

1868 3517 1948 3571 ris
1973 3518 2334 3587 pertinerent,
2365 3518 2500 3582 lilia,
2528 3518 2772 3586 inquam,
2810 3526 2865 3570 et
2891 3516 3213 3586 sphrerulas,
3238 3523 3293 3569 et
3322 3529 3445 3585 scy-

1869 3611 2028 3679 phos,
2076 3624 2297 3662 rursum
2334 3609 2533 3677 adjecit
2570 3629 2581 3663 :
2625 3628 2643 3660 ι
2686 3608 2883 3662 Totum
2920 3606 3173 3662 tornatile
3223 3620 3287 3659 ex
3337 3619 3446 3660 uno

1870 3715 2005 3755 auro
2042 3701 2275 3765 mundo;
2298 3707 2353 3754 et
2376 3700 2541 3755 facies
2564 3701 2612 3755 ei
2643 3701 2894 3754 lucernas
2921 3706 3150 3768 septem,
3186 3704 3241 3751 et
3268 3697 3445 3765 impo-

1870 3808 1968 3847 nes
1989 3794 2241 3847 lucernas
2289 3792 2481 3861 ipsius,
2534 3801 2589 3847 et
2620 3792 2887 3847 lucebunt
2939 3806 3006 3845 ex
3052 3805 3159 3843 una
3204 3788 3363 3851 facie,
3391 3794 3446 3843 et

1869 3880 2273 3936 emunctorium
2312 3880 2452 3949 ejus,
2492 3888 2548 3934 et
2592 3880 3000 3949 suppositiones
3042 3876 3264 3947 ejus‘ex
3310 3892 3447 3931 auro

1872 3973 2077 4027 mundo
2112 3989 2124 4025 :
2160 3972 2326 4026 facies
2346 3972 2529 4025 omnia
2558 3986 2681 4025 vasa
2706 3970 2825 4040 ejus
2850 3970 3116 4024 talentum
3142 3968 3259 4023 auri
3284 3984 3447 4022 mun--

1872 4063 1947 4116 di.
1994 4061 2147 4125 Vide,
2191 4062 2359 4119 facies
2401 4062 2585 4115 omnia
2636 4063 2788 4131 juxta
2843 4060 3070 4129 ﬁguram
3111 4074 3232 4127 quae
3254 4057 3356 4111 tibi
3390 4056 3447 4111 in

1871 4164 2057 4211 monte
2080 4161 2297 4208 ostensa
2324 4162 2409 4208 est
2437 4154 2500 4207 ¹³.
2532 4171 2550 4204 ι
2584 4152 2825 4206 Aureum
2848 4152 3015 4221 igitur
3037 4148 3446 4214 candelabrum,

1874 4247 2082 4303 Christi
2123 4245 2351 4315 ﬁguram
2383 4250 2564 4307 tenet;
2598 4242 2770 4297 Filius
2817 4242 2962 4295 enim
2993 4249 3190 4294 natura
3225 4253 3290 4293 ac
3319 4252 3448 4292 vere

1872 4340 2015 4393 Deus
2041 4345 2145 4391 est.
2168 4335 2317 4389 Auro
2347 4340 2530 4387 autem
2568 4332 2762 4387 similis
2788 4347 2908 4385 esse
2932 4329 3171 4400 putanda
3194 4335 3298 4392 est,
3316 4327 3448 4381 utin

1875 4426 2255 4498 superioribus
2282 4425 2698 4489 deﬁniebamus,
2718 4424 2810 4477 illa
2842 4424 3023 4477 divina
3050 4423 3265 4477 claritas
3289 4429 3452 4490 atque

224 4493 430 4588 ςόμεθα,
465 4520 566 4589 τὴν
597 4518 749 4573 θείαν
775 4520 1135 4588 λαμπρότητα
1180 4520 1275 4575 καὶ
1312 4493 1601 4587 ὑπεροχήν.
1638 4493 1766 4586 Τορ-

1875 4516 2214 4588 ιιι-ωειιιιιιὶιις
2237 4515 2493 4569 tornatile
2510 4521 2712 4577 autem,
2736 4514 2863 4583 quia
2899 4511 3333 4583 speeiosissimus
3346 4519 3451 4577 est,

222 4609 367 4678 νευτή
395 4609 450 4661 δὲ
480 4610 563 4662 ὅτι
593 4607 923 4679 περικαλλὴς
965 4608 1059 4661 καὶ
1087 4608 1227 4679 πέρα
1264 4607 1423 4675 λόγου
1465 4607 1683 4671 παντὸς,
1712 4608 1775 4661 τό

221 4713 279 4761 γε
309 4692 438 4768 ἧκον
483 4700 563 4762 είς
610 4697 913 4768 εὐμορφίαν
943 4697 1040 4766 τὴν
1084 4696 1302 4767 νοητὴν,
1341 4699 1369 4749 ό
1405 4696 1772 4767 Ἐμμανουήλ.

220 4787 523 4858 Γέγραπται
544 4788 653 4861 γὰρ
678 4790 760 4844 ὅτι
787 4809 805 4841 ι
855 4790 1066 4860 Ὠραῖος
1089 4789 1272 4843 κάλλει
1302 4788 1451 4860 παρὰ
1478 4789 1600 4852 τοὺς
1628 4790 1777 4853 υἱοὺς

218 4877 318 4942 τῶν
366 4880 692 4950 ἀνθρώπων.
752 4898 770 4931 ι
821 4881 1030 4933 Οὐκοῦν
1075 4880 1136 4933 τὸ
1179 4866 1625 4951 ἐκτετορνεῦσθαι
1673 4881 1772 4952 τὴν

221 4968 447 5039 λυχνίαν,
474 4971 538 5026 τδ
566 4974 646 5039 εἱς
682 4968 822 5036 εἶδος
858 4972 1157 5043 ἐκπρεπὲς,
1194 4971 1349 5044 δῆλον
1380 4973 1434 5026 δὲ
1459 4974 1539 5026 ὅτι
1565 4974 1625 5027 τδ
1655 4973 1774 5026 θεο-

222 5062 439 5129 πρεπὲς,
471 5064 852 5130 κατεδείκνυεν
892 5064 958 5117 ἀν
988 5060 1048 5118 εὖ
1091 5064 1239 5135 μάλα
1273 5062 1365 5117 τοῦ
1408 5065 1776 5136 Ἐμμανουήλ.

223 5151 309 5212 Εἰς
330 5152 496 5217 δεξιὸν
526 5156 583 5209 δέ
615 5156 710 5209 καὶ
731 5155 1032 5226 εὐώνυμον,
1056 5149 1255 5225 οἷάπερ
1284 5157 1349 5209 ἐκ
1367 5156 1589 5226 δένδρου
1612 5155 1782 5209 καλαο

227 5240 443 5309 μίσκους
477 5246 873 5315 ἐκπεφυκότας,
921 5245 1391 5317 συναναθρώσκειν
1422 5247 1479 5298 δὲ
1520 5245 1598 5316 τῷ
1629 5246 1779 5317 μέσῳ

223 5334 398 5406 καυλῷ
420 5376 433 5398 ,
466 5339 559 5391 καὶ
590 5340 670 5401 εἱς
713 5338 844 5407 ὕψος
889 5339 1136 5409 αἴρεσθαί
1177 5355 1310 5410 φησι
1338 5338 1400 5391 τὸ
1442 5338 1776 5391 ίσοστατοῦν.

225 5421 308 5487 Εἷς
340 5427 446 5498 γὰρ
468 5428 542 5481 ὢν
566 5430 706 5483 κατά
730 5430 891 5499 φύσιν
907 5433 935 5483 ὁ
964 5430 1295 5500 Μονογενής,
1315 5429 1407 5482 καὶ
1430 5430 1487 5481 ἐν
1516 5429 1780 5499 ἁπλότητι

224 5518 284 5583 τῇ
310 5520 423 5571 κατ’
446 5520 652 5586 οὐσίαν,
683 5523 756 5586 ὡς
778 5522 928 5586 Θεὸς,
959 5522 1247 5594 διαφόροις·
1268 5521 1568 5601 ἐνεργείαις
1589 5521 1781 5575 πολλο-

229 5608 343 5671 στὸς
367 5606 503 5666 εἶναι
547 5612 712 5679 δοκεῖ,
746 5614 861 5668 ἀλλ’
885 5616 1036 5668 οὐδὲν
1072 5613 1482 5686 εξσκεκριμὲνον
1515 5612 1547 5681 ἢ
1579 5613 1781 5668 ὀθνεῖον

338 5722 505 5797 Livi!-
542 5744 685 5794 XXW,
711 5730 820 5784 5-9.
896 5730 1108 5787 IoJoan.
1138 5748 1174 5794 ι,
1209 5730 1286 5786 Η.
1334 5732 1371 5763 ¹¹
1400 5732 1561 5795 Num.
1593 5748 1677 5797 xv,
1705 5727 1889 5784 17-9.].
1970 5724 2012 5756 ¹¹
2036 5720 2205 5777 Exod.
2256 5735 2377 5785 xxv;
2401 5721 2490 5785 3i,
2530 5721 2620 5776 32.

228 5802 359 5863 uti,
383 5792 433 5847 5.

1879 4609 2167 4679 plusquam
2224 4606 2411 4661 verbis
2443 4606 2704 4675 explicari
2743 4605 2933 4675 possit,
2974 4605 3063 4658 ille
3096 4601 3452 4666 Emmanuel,
3508 4617 3517 4625 '

1881 4701 1927 4755 si
1961 4697 2426 4769 pulchritudinem
2454 4697 2638 4751 animo
2665 4697 3017 4766 spectabilem
3054 4694 3278 4765 cogites.
3307 4692 3455 4747 Seria-

1880 4802 2033 4863 ptum
2054 4798 2139 4847 est
2175 4790 2322 4844 enim
2354 4807 2369 4843 :
2406 4809 2424 4839 ι
2454 4788 2746 4858 Spcciosus
2774 4788 2947 4842 forma
2973 4800 3087 4856 prae
3116 4783 3242 4838 ﬁliis
3264 4782 3454 4837 homi-

1871 4880 2072 4935 num“.
2085 4877 2268 4945 :Quod
2289 4877 2454 4948 igitur
2468 4877 2855 4932 candelabrum
2872 4874 3124 4929 tornatile
3136 4872 3332 4926 factum
3348 4880 3454 4934 est,

1874 4964 1929 5025 id
1945 4984 2078 5025 vero
2094 4969 2241 5023 illam
2263 4968 2690 5038 pulchritudinis
2708 4965 3097 5037 praestantiam,
3117 4961 3172 5016 id
3202 4968 3287 5015 est
3318 4959 3457 5014 divi-

1876 5077 2003 5117 nam
2041 5061 2188 5114 illam
2214 5060 2388 5114 nostri
2414 5057 2787 5113 Emmanuelis
2811 5056 3153 5125 dignitatem,
3178 5052 3457 5121 aptissime

1879 5152 2241 5223 signiﬁcabat.
2288 5151 2541 5207 Calamos
2578 5156 2771 5220 (porro
2806 5161 2873 5201 ex
2896 5146 3088 5200 dextro
3126 5144 3458 5212 sinistroque

1882 5242 2052 5296 latere
2094 5249 2352 5310 tanquam
2384 5255 2453 5295 ex
2485 5240 2682 5293 arbore
2701 5236 3054 5306 prodeuntes,
3092 5232 3292 5301 inquit,
3330 5244 3456 5285 cum

1881 5334 2068 5391 medio
2099 5333 2283 5402 stipite
2306 5332 2466 5386 simul
2484 5343 2797 5399 exsurgere,
2823 5334 2878 5380 et
2897 5324 2963 5379 ad
2994 5339 3178 5394 parem
3206 5321 3454 5378 altitudi-a

1881 5442 2008 5483 nem
2029 5426 2168 5481 tolli.
2204 5423 2464 5491 Quamvis
2496 5423 2642 5476 enim
2681 5419 3006 5490 Unigenitus
3034 5418 3126 5471 ille
3157 5414 3457 5471 secundum

1881 5528 2135 5575 naturam
2161 5532 2304 5571 unus
2343 5516 2432 5579 sit,
2464 5514 2628 5583 299
2664 5521 2723 5566 et
2764 5520 2826 5566 ut
2860 5512 3005 5567 Deus
3032 5508 3333 5579 simplicem
3360 5506 3460 5559 hac

1884 5614 2012 5667 beat
2056 5607 2371 5671 essentiam,
2427 5605 2745 5661 diversitate
2814 5611 2991 5658 tamen
3056 5598 3457 5671 operationuni,

2723 5718 2763 5750 ’³
2788 5716 2951 5781 lbitL,
2980 5713 3163 5770 36-40.
3242 5712 3285 5745 “
3313 5710 3454 5773 Psal.
