3982 6520
536 372 645 434 037

1547 378 1602 434 s.
1646 376 1922 434 manu
1965 375 2439 433 smmum!
2479 346 2833 433 Αιιαιιιειιξ

535 490 694 562 quasi
730 488 1017 561 multiplex
1047 504 1167 545 esse
1194 489 1411 546 videtur
1454 509 1466 544 :
1518 508 1700 562 neque
1737 507 1870 548 vero
1901 493 2105 564 aliquid

2217 496 2275 547 ὲν
2299 490 2469 563 αὐτῷ,
2510 478 2611 545 κᾶν
2637 492 2686 544 εί
2719 490 2891 545 νοοῖτό
2921 505 3035 555 πως
3062 494 3189 554 τοῖς
3222 488 3587 563 θεοπρεπέσιν
3625 489 3789 553 aeta.

534 585 595 638 in
615 598 683 638 eo
709 591 997 637 externum
1026 590 1111 636 est
1151 590 1208 635 et
1234 581 1619 648 adventitium,
1661 584 1876 639 tametsi
1905 583 2112 639 divinis

532 674 816 730 attributis
850 671 1249 743 quodammodo
1289 672 1436 728 haud
1466 673 1698 744 simplex
1719 674 2058 745 intelligatur
2092 692 2107 728 :

534 767 625 819 lux
661 766 828 825 enim,
854 772 910 817 et
932 762 1064 827 vita,
1086 770 1142 817 et
1159 763 1262 827 vis,
1296 772 1353 818 et
1376 764 1717 834 incorruptio
1744 781 1865 821 esse
1902 765 2110 820 intelli-

534 857 701 926 gitur.
735 855 866 909 Nam
900 871 1027 909 cum
1060 855 1258 910 docere
1284 857 1450 912 vellet
1476 858 1615 912 nihil
1662 874 1783 914 esse
1821 860 1878 913 in
1911 873 1981 913 eo
2008 858 2110 913 ad-

534 946 819 1009 scititium,
844 946 1049 1010 intulit,
1086 954 1147 1000 ut
1175 948 1392 1016 opinor,
1426 948 1561 1002 illud
1599 966 1612 1000 :
1650 968 1668 1000 ι
1700 949 2022 1019 Sphaerulaz,
2052 959 2112 1003 et

532 1035 745 1098 calami,
774 1044 829 1089 et
852 1035 963 1089 lilia
997 1051 1065 1090 ex
1089 1036 1206 1105 ipso
1225 1036 1355 1101 sint,
1389 1044 1563 1091 totum
1593 1038 1847 1093 tornatile
1873 1053 1941 1093 ex
1971 1052 2110 1093 auro

531 1140 672 1194 puro
699 1126 763 1189 “,
806 1146 825 1177 ι
860 1126 915 1179 id
942 1134 1046 1190 est,
1085 1135 1234 1183 totus
1274 1128 1516 1197 undique
1543 1129 1707 1191 Deus,
1732 1144 1843 1182 non
1880 1131 2111 1199 perinde

531 1224 695 1285 atque
723 1231 789 1270 ea
843 1233 965 1286 qua:
1004 1226 1122 1272 orta
1173 1227 1336 1283 sunt,
1394 1219 1765 1275 sanctiﬁcatus
1794 1238 1809 1274 :
1838 1236 2018 1291 neque
2050 1230 2112 1277 ut

531 1306 731 1375 angeli,
756 1307 851 1376 qui
880 1322 1005 1361 cum
1030 1308 1084 1361 in
1108 1323 1204 1365 sua
1228 1309 1461 1378 quadam
1486 1320 1684 1365 natura
1705 1311 2105 1382 intelligantur,

532 1397 679 1451 illius
708 1398 879 1468 gratia
921 1407 977 1453 et
1034 1399 1205 1469 gloria
1266 1400 1509 1456 decorati
1555 1410 1703 1466 sunt,
1752 1416 1817 1456 ac
1851 1409 2109 1470 tanquam

528 1502 667 1542 auro
693 1490 922 1554 mundo,
966 1492 1192 1561 spiritus
1233 1507 1463 1547 munere
1516 1492 1921 1565 quodammodo
1946 1493 2107 1559 illiti;

534 1579 633 1633 sed
678 1581 825 1649 quod
882 1592 1072 1652 suapte
1125 1594 1321 1639 natura
1372 1585 1443 1639 sit
1494 1584 1586 1639 illa
1630 1586 1747 1656 ipsa
1770 1599 1879 1650 res,
1912 1598 2110 1654 nempe

531 1668 696 1734 Deus,
723 1671 815 1726 illa
862 1672 1124 1727 nimirum
1176 1674 1471 1743 purissima
1510 1683 1566 1728 et
1599 1689 1853 1744 suprema
1890 1684 2106 1729 natura.

2217 600 2383 654 μασιν
2412 583 2511 653 οὐχ
2541 581 2766 646 ἁπλοῦς.
2788 581 2907 645 Φῶς
2933 581 3041 651 γὰρ
3069 584 3164 634 καὶ
3187 583 3319 652 ζωὴ,
3339 582 3433 635 καὶ
3451 579 3687 649 δύναμις
3706 582 3791 633 καὶ

2212 673 2488 746 άφθαρσία
2513 676 2733 728 νοεῖται.
2768 673 2886 728 Ὅτι
2915 673 3024 744 γάρ
3047 673 3200 726 οὐδὲν
3219 672 3534 741 εἰσποιητὸν
3559 672 3620 723 ἐν
3650 671 3789 741 αὐτῷ

2215 764 2425 830 διδάξαι
2450 763 2867 835 βεϐουλημένος,
2889 764 3355 833 προσεπήνεγκεν,
3378 760 3537 833 οἶμαί
3555 777 3683 818 που,
3715 762 3790 825 τὸ,

2219 870 2238 904 ι
2279 852 2341 904 Oi
2376 851 2757 921 σφαιρωτῆρες
2788 849 2882 904 καὶ
2908 851 2959 903 ot
2993 850 3321 920 καλαμίσκοι
3348 849 3411 915 ἐξ
3429 850 3607 918 αὐτῆς
3630 847 3793 900 Eatu-

2214 959 2312 996 σαν
2336 960 2351 973 ο
2396 942 2490 1012 ὅλη
2537 940 2794 1012 τορνευτὴ
2844 941 2909 992 ἐκ
2963 941 3188 1011 χρυσίου
3232 940 3475 1011 καθαροῦ
3502 979 3519 1002 ,
3578 957 3598 988 ι
3653 937 3793 991 τοῦτ’

2211 1035 2378 1100 ἔστιν,
2409 1034 2527 1097 ὅλος
2575 1033 2750 1086 διόλου
2793 1033 2946 1097 Θεὸς,
3000 1032 3101 1085 οὐκ
3142 1034 3201 1084 ὲν
3234 1031 3333 1102 ἴσῳ
3386 1034 3500 1092 τοῖς
3546 1032 3794 1098 γενητοῖς

2211 1126 2562 1197 ήγιασμένος,
2591 1124 2711 1178 οὑδὲ
2739 1123 2930 1195 ὥσπερ
2955 1123 3174 1191 ἄγγελοι
3212 1122 3371 1192 τυχὸν
3396 1123 3455 1175 έν
3501 1120 3612 1190 ἰδίᾳ
3645 1120 3791 1171 νοού-

2215 1235 2366 1288 μενοι
2400 1215 2581 1284 φύσει,
2614 1212 3141 1284 κατηγλαῖσμένοιδὲ
3169 1212 3378 1265 ἐκείνου
3402 1210 3594 1281 χάριτί
3614 1226 3678 1261 τε
3708 1211 3793 1261 καὶ

2211 1307 2360 1380 δόξῃ,
2406 1306 2499 1360 καὶ
2526 1302 2724 1375 οἷάπερ
2751 1303 2961 1374 χρυσίῳ
2988 1301 3236 1371 καθαρῷ,
3263 1304 3328 1373 τῇ
3359 1300 3453 1356 τοῦ
3486 1299 3794 1369 πνεύματος

2210 1401 2356 1454 δόσει
2382 1394 2893 1466 κατακεχρισμένοι,
2917 1389 3032 1445 ἀλλ’
3056 1390 3188 1444 αὐτὸ
3214 1393 3281 1462 τῇ
3304 1391 3465 1459 φύσει
3485 1390 3548 1442 τὸ
3584 1390 3794 1458 χρῆμα,

2212 1489 2365 1552 Θεὸς,
2398 1491 2431 1558 ἡ
2463 1485 2826 1557 καθαρωτάτη
2864 1502 2924 1537 τε
2957 1482 3052 1538 καὶ
3082 1481 3360 1553 ὑπερτάτη
3395 1480 3579 1548 φύσις.
3629 1479 3795 1530 Ἑπτὰ

2211 1576 2269 1630 δὲ
2302 1576 2351 1628 οἱ
2402 1574 2605 1645 λύχνον
2655 1573 2800 1626 κατὰ
2849 1572 3077 1635 πολλοὺς
3130 1572 3240 1641 γὰρ
3286 1570 3527 1641 τρόπους
3563 1571 3595 1621 ὁ
3649 1567 3797 1638 παρὰ

2213 1667 2452 1739 Χριστοῦ
2475 1666 2773 1736 φωτισμός.
2802 1665 2935 1731 Καὶ,
2968 1684 2986 1716 ι
3021 1658 3093 1736 ⁷ῼ
3129 1664 3227 1734 μὲν
3269 1662 3481 1717 δέδοται
3511 1661 3675 1730 λόγος
3707 1676 3791 1712 σοι

529 1756 749 1829 Septem
794 1778 958 1832 porro
1019 1763 1257 1819 lucernae
1302 1774 1460 1830 sunt;
1516 1767 1707 1821 multis
1737 1782 1973 1837 namque
1995 1783 2105 1822 mo-

2215 1760 2365 1831 φίας,
2400 1759 2575 1829 ἑτέρῳ
2602 1757 2660 1811 δὲ
2687 1757 2841 1826 λόγος
2866 1754 3138 1825 γνώσεως,
3171 1754 3441 1826 διάκρισίς
3471 1770 3531 1805 τε
3559 1752 3797 1822 πνευμάο

530 1850 616 1905 dis
639 1867 671 1906 a
708 1829 927 1908 Christo
965 1854 1293 1911 illuminatio
1328 1829 1596 1920 tribuitur
1630 1868 1750 1923 :et,
1794 1878 1814 1910 ι
1844 1829 2105 1930 Ᾰιὶίιιυία

2211 1829 2341 1919 των,
2380 1871 2399 1905 ι
2453 1852 2551 1905 καὶ
2594 1850 2662 1905 τὰ
2704 1849 2888 1903 λοιπά.
2957 1846 3307 1914 Τελειότητος
3358 1844 3415 1898 δὲ
3473 1845 3732 1914 σημεῖον,
3767 1845 3795 1896 ό

528 1940 653 1995 dem
688 1943 849 1998 datur
869 1960 1049 2001 sermo
1081 1949 1380 2018 sapientiae,
1404 1950 1496 2004 alii
1521 1958 1706 2005 autem
1726 1965 1907 2006 sermo
1927 1952 2108 2006 scien-

530 2030 639 2094 tiae,
670 2042 729 2086 ct
752 2032 1015 2089 discretio
1053 2037 1344 2104 spirituum
1380 2040 1446 2104 ¹⁶,
1477 2058 1495 2090 ι
1554 2047 1612 2094 et
1642 2040 1874 2110 reliqua.
1920 2040 2108 2095 Perfe-

524 2120 727 2176 ctionis
778 2132 962 2179 autem
1020 2126 1234 2196 signum
1295 2137 1379 2183 est
1406 2146 1672 2185 numerus
1719 2131 2105 2200 septenarius:

526 2213 962 2281 perfectissimus
1010 2234 1141 2272 vero
1191 2228 1277 2273 est
1315 2229 1509 2290 suapte
1566 2229 1762 2276 natura
1784 2221 2109 2277 Emmanuel

527 2313 787 2374 tanquam
836 2308 1000 2372 Deus,
1042 2319 1098 2363 et
1129 2311 1522 2367 charismatum
1552 2312 1621 2367 ab
1661 2313 1780 2382 ipso
1820 2312 2109 2368 ﬂuentium

530 2391 850 2449 distributio
874 2396 1115 2465 perfecte
1131 2398 1199 2453 iis
1219 2401 1500 2470 proposita
1516 2411 1599 2455 est
1612 2402 1709 2471 qui
1726 2410 2008 2456 merentur
2022 2417 2113 2457 ac-

525 2482 747 2553 cipere;
772 2502 949 2556 neque
967 2488 1114 2542 enim
1140 2507 1157 2539 ι
1180 2489 1262 2545 Ad
1278 2506 1591 2545 mensuram
1610 2492 1706 2546 dat
1728 2493 1983 2562 spiritum
2006 2494 2101 2559 ¹⁷,ι

528 2580 590 2627 ιιι
611 2572 805 2629 beatus
828 2575 1067 2633 Joannes
1090 2580 1195 2645 ait;
1222 2579 1315 2636 sed
1351 2600 1369 2631 ι
1400 2597 1465 2636 ex
1490 2584 1610 2653 ejus
1638 2583 1980 2652 plenitudine
2008 2599 2107 2639 nos

521 2681 719 2722 omnes
759 2671 1072 2740 accepimus
1123 2672 1185 2726 ¹⁸.
1245 2692 1263 2725 ι
1318 2674 1524 2729 Deinde
1554 2675 1675 2728 ait:
1716 2693 1734 2725 ι
1768 2676 1836 2729 Et
1861 2675 2109 2745 impones

524 2755 799 2825 lucernas,
822 2771 879 2816 et
901 2761 1164 2818 lucebunt
1182 2779 1252 2819 ex
1278 2779 1387 2819 una
1408 2765 1547 2820 faeie
1574 2767 1636 2820 ¹⁹.
1669 2786 1688 2817 ι
1717 2765 1904 2833 Qualis
1924 2776 2108 2821 autem

521 2848 597 2903 sit
620 2848 735 2904 haec
759 2850 982 2920 positio,
1025 2852 1081 2906 in
1114 2853 1368 2909 Numeris
1405 2855 1625 2924 planius
1665 2856 1981 2926 explicavit,
2028 2858 2108 2913 sic

524 2938 714 2995 dicens
747 2959 760 2994 :
796 2960 815 2991 ι
853 2942 922 2996 Ει
962 2942 1180 2997 locutus
1219 2952 1303 2999 est
1352 2944 1616 3001 Dominus
1639 2947 1707 3001 ad
1745 2947 1986 3019 Moysen,
2018 2950 2107 3005 di-

515 3044 653 3083 cens
686 3047 699 3082 :
734 3029 982 3101 Loquere
995 3031 1196 3098 Aaron,
1227 3042 1282 3088 et
1297 3033 1448 3090 dices
1479 3036 1547 3090 ad
1578 3052 1725 3102 eum,
1758 3037 1895 3093 Cum
1929 3039 2108 3111 impo-

2211 1944 2351 2004 ἑπτὰ
2387 1941 2549 1997 πάλιν
2580 1940 2727 1994 ἐστὶν
2758 1937 3012 2009 ἀριθμός.
3069 1934 3385 1998 Παντέ).ειος
3417 1934 3477 1987 δὲ
3521 1934 3622 1986 καὶ
3657 1934 3792 1985 κατὰ

2212 2037 2374 2107 φύσιν
2412 2034 2548 2088 ἰδίαν
2581 2034 2610 2086 ό
2648 2028 3018 2101 Ἐμμανουὴλ,
3053 2028 3128 2091 ὼς
3166 2026 3319 2090 Θεὸς,
3368 2026 3463 2079 καὶ
3506 2024 3622 2078 τῶν
3666 2028 3791 2093 παρ’

2206 2125 2375 2181 αὑτοῦ
2403 2121 2760 2195 χαρισμάτων
2789 2123 2846 2173 ὲν
2879 2120 3131 2189 διανομῇ,
3154 2116 3373 2178 τελείως
3399 2114 3657 2182 ἔγκειται
3686 2113 3789 2173 τοῖς

2208 2220 2351 2274 ἑλεῖν
2373 2217 2563 2282 ἀξίοις.
2590 2214 2665 2267 Οὐ
2686 2212 2795 2283 γὰρ
2818 2230 2839 2262 ι
2876 2212 2972 2264 Ἐκ
2999 2209 3200 2281 μέτρου
3217 2207 3397 2260 δίδωσι
3416 2205 3479 2258 τδ
3505 2203 3746 2273 πνεῦμα,
3768 2224 3785 2254 ι

2211 2311 2353 2366 κατὰ
2381 2309 2480 2379 τὴν
2521 2304 2616 2359 τοῦ
2658 2303 2907 2357 Ἰωάννου
2942 2299 3148 2369 φωνὴν,
3197 2298 3310 2352 ἀλλ’
3348 2316 3366 2350 ι
3403 2298 3469 2349 ὲκ
3523 2294 3624 2348 τοῦ
3657 2293 3790 2363 πλη-

2210 2401 2464 2475 ρώματος
2495 2398 2655 2469 ήμείς
2685 2396 2886 2456 πάντες
2917 2391 3199 2458 ἐλάϐομεν.
3233 2407 3253 2441 ι
3273 2383 3404 2441 Εἶτά
3435 2402 3575 2456 φησι
3646 2402 3664 2436 ι
3688 2385 3788 2475 καὶ

2210 2472 2491 2563 ἐπιθήσεις
2532 2488 2661 2548 τοὺς
2701 2483 2948 2553 λύχνους,
3002 2480 3096 2533 καὶ
3126 2476 3389 2547 φανοῦσιν
3416 2476 3482 2528 ὲκ
3526 2473 3627 2527 τοῦ
3676 2472 3788 2563 ἑνός

2210 2562 2526 2653 προσώπου.
2583 2596 2601 2629 ι
2649 2573 2813 2628 Ἀλλὰ
2843 2570 2926 2634 τίς
2959 2570 3025 2624 ἂν
3063 2567 3276 2637 γένοιτο
3322 2565 3484 2635 τυχὸν
3530 2565 3566 2633 ἡ
3617 2562 3786 2615 τοιάδε

2211 2678 2378 2738 θέσις,
2407 2676 2465 2726 έν
2496 2672 2608 2733 τοῖς
2646 2665 2925 2738 Ἀριθμοῖς
2959 2662 3142 2733 ἐδήλου
3174 2658 3381 2727 σαφῶς,
3408 2655 3554 2710 οὕτω
3579 2655 3779 2722 λέγων’

2215 2786 2236 2819 ι
2281 2765 2394 2819 Καὶ
2424 2761 2653 2829 ὲλάλησε
2686 2755 2891 2828 Κύριος
2911 2752 3049 2825 πρὸς
3075 2749 3283 2820 Μωσῆν
3308 2747 3483 2816 λέγων
3503 2763 3520 2778 ο
3541 2746 3781 2815 Λάλησον

2222 2856 2454 2928 Ἀαρὼν,
2487 2851 2582 2907 καὶ
2608 2850 2753 2920 ὲρεῖς
2804 2845 2938 2919 πρὸς
2970 2842 3154 2897 αὐτόν’
3205 2840 3378 2894 ὀταν
3428 2837 3630 2907 ἐπιθῇς
3668 2838 3782 2898 τοὺς

2209 2949 2433 3019 λύχνους
2468 2944 2530 2996 ὲκ
2555 2940 2754 3012 μέρους
2779 2934 2922 2991 κατὰ
2953 2933 3243 3005 πρόσωπον
3270 2930 3368 2999 τῆς
3395 2928 3646 2998 λυχνίας.
3676 2944 3781 3019 9i»-

2206 3017 2417 3097 τιούσιν
2438 3038 2487 3090 οἱ
2519 3033 2663 3087 ἑπτά
2688 3029 2899 3099 λύχνοι-
2936 3025 3031 3080 καὶ
3068 3023 3323 3093 ἐποίησεν
3360 3020 3532 3084 οὕτως
3579 3017 3780 3089 Ἀαρὼν

520 3119 701 3211 suc.ris
724 3119 997 3188 lucernas,
1033 3139 1103 3178 ex
1127 3132 1282 3194 parte
1323 3126 1626 3180 secundum
1661 3126 1858 3183 faciem
1892 3110 2096 3187 cande-

2211 3145 2265 3197 tx
2295 3133 2391 3188 τοῦ
2414 3130 2531 3192 ἑνὸς
2565 3125 2763 3197 μέρους
2793 3119 2936 3177 κατὰ
2964 3116 3253 3191 πρόσωπον
3273 3115 3372 3185 τῆς
3392 3111 3654 3211 λυχνίας,
3694 3110 3781 3211 xl}

520 3183 658 3260 labi-i
690 3207 953 3263 lucebunt
982 3183 1195 3280 septem
1227 3213 1466 3268 lucernae
1496 3232 1509 3267 :
1543 3222 1598 3270 et
1642 3214 1773 3272 fecit
1800 3218 1880 3272 sic
1916 3219 2099 3276 Aaron

519 3313 585 3350 ex
610 3313 717 3353 una
735 3309 890 3369 parte
918 3302 1220 3357 secundum
1244 3303 1437 3360 faciem
1464 3306 1800 3374 candelabri,
1826 3318 1884 3364 et
1908 3325 2103 3366 accen-

519 3386 603 3443 dit
624 3390 875 3446 lucernas
903 3393 1092 3463 ipsius,
1119 3402 1182 3449 ut
1203 3396 1488 3452 constituit
1516 3398 1774 3454 Dominus
1803 3401 1969 3472 Moysi
1998 3402 2094 3457 ".i

520 3479 765 3552 lntellige
784 3498 915 3555 ergo
944 3492 1155 3554 septem
1191 3486 1315 3542 illas
1364 3488 1618 3545 lucernas
1658 3491 1726 3545 ad
1753 3491 1948 3549 faciem
1973 3510 2103 3549 can-

520 3571 733 3627 delabri
782 3589 988 3640 versas,
1046 3576 1231 3632 lumen
1292 3579 1349 3633 in
1397 3579 1724 3649 aspicientes
1774 3582 2101 3652 immittere;

524 3677 635 3717 non
659 3663 806 3717 enim
849 3667 942 3734 qui
967 3681 995 3720 a
1031 3674 1184 3738 tergo
1217 3679 1364 3735 sunt,
1406 3686 1471 3726 ac
1496 3672 1902 3741 quodammodo
1928 3691 1959 3731 a
1990 3677 2103 3733 Deo

520 3754 721 3818 aversi,
748 3769 845 3810 eos
879 3756 1125 3811 divinum
1159 3758 1293 3813 illud
1317 3775 1381 3815 ac
1404 3761 1688 3830 spirituale
1740 3763 1927 3819 lumen
1980 3766 2105 3820 illu-

523 3851 691 3909 strat;
719 3845 814 3900 sed
843 3861 940 3901 eos
976 3848 1072 3917 qui
1102 3848 1157 3902 in
1186 3849 1335 3905 illius
1366 3861 1720 3922 conspectum
1745 3870 1842 3924 per
1864 3857 2104 3912 sanctifi-

520 3934 796 3990 cationem
822 3937 1073 4006 perducti
1099 3948 1249 4005 sunt,
1285 3956 1348 3995 ac
1363 3943 1475 4011 jam
1500 3959 1600 4013 per
1623 3943 1749 4000 fidei
1772 3946 2099 4015 libertatem,

519 4034 578 4079 et
644 4025 988 4084 honestatem
1035 4039 1187 4086 recte
1247 4032 1471 4086 vivendi
1523 4035 1840 4103 praeclaram
1884 4054 1979 4093 ora
2024 4040 2102 4095 illi

522 4113 878 4172 obverterunt
896 4135 909 4170 :
927 4119 1142 4174 utenim
1157 4121 1507 4176 abominandi
1524 4132 1674 4189 sunt,
1686 4133 1741 4179 et
1754 4128 2100 4193 exsecrandi,

516 4207 615 4275 qui
644 4207 699 4262 in
734 4210 976 4279 nequitia
1037 4218 1093 4265 et
1122 4213 1429 4281 pervicacia
1460 4222 1770 4280 versantur,
1797 4216 1872 4272 ita
1911 4234 2105 4274 rursus

516 4297 696 4364 chari,
742 4309 800 4355 et
854 4300 909 4355 in
950 4302 1047 4357 Dei
1097 4312 1391 4373 conspectu
1434 4305 1599 4375 positi
1660 4306 2107 4379 obtemperantes

518 4400 684 4460 atque
704 4394 1035 4448 tractabiles.
1050 4395 1211 4465 300
1223 4396 1426 4453 Judazis
1437 4397 1605 4462 enim,
1624 4399 1718 4469 qui
1740 4400 2106 4471 intemperan-

2208 3231 2375 3304 ἐξῆψε
2402 3225 2530 3287 τοὺς
2556 3219 2781 3290 λύχνους
2802 3212 2993 3304 αέύτῆς,
3014 3203 3445 3304 καθὰ-συνέταξε
3478 3198 3783 3304 Κύριος,τῷ

2447 3335 2466 3369 ι
2503 3312 2669 3373 Σύνες
2699 3307 2764 3378 δὴ
2796 3300 2910 3367 οὖν,
2937 3304 3020 3356 ὅτι
3060 3297 3201 3392 κατὰ
3234 3297 3530 3392 πρόσω-των
3695 3292 3780 3392 13-

2208 3384 2385 3488 χνίας,
2417 3409 2468 3463 oi
2500 3403 2641 3460 ἑπτά
2664 3395 3029 3468 τετραμμένοι
3052 3390 3259 3488 λύχνοι,
3282 3388 3341 3488 τό
3368 3384 3486 3488 φῶς
3513 3384 3779 3488 1502;696:-

2210 3473 2296 3560 σιν
2341 3473 2572 3555 ἐνίεσαν.
2607 3492 2682 3547 υύ
2723 3488 2833 3559 γὰρ
2863 3488 2974 3548 τοῖς
3004 3482 3231 3538 κατόπιν
3254 3478 3349 3532 καὶ
3389 3475 3554 3528 οἱονεί
3584 3491 3699 3536 πως
3729 3473 3782 3523 ἐν

2208 3573 2526 3663 ἀποστροφῇ
2560 3582 2834 3654 κειμένοις
2872 3579 2939 3647 τῇ
2977 3572 3128 3645 παρὰ
3164 3569 3302 3663 Θεῷ,
3331 3567 3394 3663 ab
3417 3565 3567 3663 θεῖόν
3594 3581 3673 3663 τε·
3694 3562 3781 3616 καὶ

2209 3655 2401 3757 νοητὸν
2437 3655 2738 3747 ἐπιλάμπει
2774 3670 2911 3740 φῶς,
2945 3664 3220 3757 ἀλλὰ.τοίς
3252 3660 3332 3757 εἰς
3369 3658 3495 3727 ὄψιν

2210 3745 2620 3841 δι’όγιασμοῦ,
2660 3763 2755 3818 καὶ
2792 3753 3231 3848 άντιπροσὼ-ποις
3260 3750 3360 3848 ἢδη
3406 3747 3668 3848 γεγονόσι
3701 3745 3782 3844 διὰ

2208 3867 2308 3937 τῆς
2336 3835 2394 3916 ὲν
2444 3835 2627 3913 πίστει
2666 3848 3000 3925 παρρησίας,
3032 3844 3149 3937 atati
3315 3839 3371 3937 ἓν
3413 3855 3484 3937 γε
3520 3836 3615 3937 τῷ.
3642 3835 3780 3937 βιοῦν

2209 3926 2386 4028 ὀρθῶς
2414 3947 2697 4020 παγκάλου
2739 3940 3089 4031 σεμνότητος.
3129 3930 3391 4031 Βδελυρδν
3412 3928 3666 4031 ,μὲνγὰρ
3694 3926 3780 4031 καί

2209 4019 2597 4114 ἀπηχθημένον
2639 4036 2750 4089 πᾶν
2797 4034 2920 4086 ὅσον
2976 4027 3124 4081 ἐστὶν
3252 4019 3558 4125 φαυλότητί
3585 4035 3655 4125 τε
3694 4019 3781 4069 καὶ

2208 4110 2455 4205 dimidia.
2496 4133 2691 4203 Τίμιον
2717 4127 2775 4182 δὲ
2803 4125 2899 4180 καὶ
2928 4123 2986 4175 ὲν
3007 4110 3475 4213 ὲπισκέιικειΑΘεοῦ,
3507 4110 3570 4162 τὸ
3599 4110 3779 4213 εὐπει-

2209 4230 2300 4292 θὲς
2319 4198 2670 4295 καὶ-εὐήνιον.
2709 4216 2987 4278 Ἰουδαίοις
3023 4211 3124 4282 μὲν
3150 4207 3258 4279 γὰρ
3292 4201 3651 4295 ἐμπαροινείν
3679 4198 3777 4250 ἐλο-

2214 4320 2394 4390 μένοις
2420 4291 2740 4374 ἀκαθέκτως
2767 4304 2938 4376 αὐτῷ,
2975 4303 3070 4356 καὶ
3093 4299 3180 4353 διὰ
3209 4295 3407 4390 φωνῆς.
3428 4291 3777 4390 Ἡσαΐου-φη-

2213 4381 2317 4464 ξςίν⁹
2358 4381 2383 4461 ι
2420 4409 2595 4460 ’Ὅταν
2626 4403 2729 4465 τὰς
2760 4402 2948 4470 χεῖρας
2992 4391 3269 4459 ὲκτείνητε
3316 4383 3452 4457 πρὸς
3510 4383 3601 4453 μὲ,

523 4487 608 4536 ter
627 4482 776 4537 illum
794 4484 989 4555 injuria
1012 4486 1216 4541 violare
1233 4487 1669 4554 constituissent,
1685 4506 1782 4561 per
1802 4469 1950 4548 Isaiae
1974 4509 2105 4563 quo-

2218 4520 2278 4557 στ
2288 4500 2436 4572 ρέψω
2451 4499 2576 4561 τοὺς
2594 4490 2905 4565 ὀφθαλμούς
2930 4502 3030 4559 μου
3052 4483 3143 4554 ἀφ’
3164 4479 3338 4572 ὑμῶν.
3357 4496 3389 4572 μ»
3486 4469 3779 4572 egeam?!

520 4588 631 4641 que
654 4589 843 4629 vocem
874 4575 1010 4631 dicit
1040 4593 1053 4628 :
1088 4595 1105 4627 ι
1140 4576 1277 4631 Cum
1298 4579 1659 4636 extenderitis
1681 4560 1876 4637 manus
1906 4584 1975 4639 ad
1990 4560 2103 4651 me,

2211 4560 2516 4662 E'Kbpiou
2560 4560 2659 4640 sui.
2718 4560 2985 4643 διπαίους,
3043 4593 3062 4628 ι
3128 4568 3271 4625 κατὰ
3323 4566 3383 4620 τὸ
3429 4564 3489 4617 ὲν
3536 4560 3777 4631 Ψαλμοῖς

520 4672 767 4719 avertam
794 4665 983 4720 oculos
1004 4682 1155 4722 meos
1183 4683 1213 4721 a
1238 4668 1457 4724 vobis“
1486 4687 1499 4722 :
1534 4689 1551 4720 ι
1583 4702 1653 4710 —
1689 4691 1707 4722 ι
1740 4671 1895 4728 Oculi
1924 4684 2107 4731 autem

521 4753 740 4809 Domini
778 4770 945 4825 super
967 4757 1147 4827 justos
1178 4761 1246 4822 “,
1282 4778 1301 4810 ι
1333 4767 1395 4814 ιιι
1432 4760 1489 4814 in
1521 4761 1750 4817 Psalmis
1771 4765 2007 4819 canitur.

593 4845 791 4900 PALL.
821 4848 1025 4902 Verum
1054 4855 1157 4903 est.

590 4937 747 4992 CYR.
784 4937 958 5008 Hujus
986 4940 1162 4993 sancti
1192 4939 1507 4996 candelabri
1537 4943 1705 4997 etiam
1760 4944 1955 5002 beatus
2000 4948 2105 5005 Za-

520 5028 737 5084 charias
758 5038 947 5099 aperte
970 5030 1254 5095 meminit;
1292 5031 1373 5087 sic
1409 5033 1559 5087 enim
1583 5034 1722 5088 dixit
1757 5053 1769 5088 :
1812 5056 1829 5086 ι
1869 5038 2108 5094 Conver-

2207 4682 2561 4756 ὑμνούμενον.

2275 4854 2485 4908 ΠΑΛΛ.
2529 4848 2771 4922 Ἀληθές.

2274 4948 2441 5002 ΚΥΡ.
2473 4945 2583 5017 Τῆς
2612 4942 2774 5012 άγίας
2787 4937 3017 5011 ταυτησὶ
3042 4933 3264 5006 λυχνίας
3288 4932 3563 5004 μέμνηται
3596 4930 3773 5000 σαφῶς

2204 5039 2297 5093 καὶ
2322 5040 2350 5092 ό
2376 5036 2657 5098 θεσπέσιος
2685 5031 2989 5104 Ζαχαρίας*
3036 5027 3139 5098 ἔφη
3166 5026 3292 5096 γάρ,
3333 5024 3414 5077 ὃτι
3471 5042 3491 5076 ι
3532 5024 3645 5077 Καὶ
3678 5026 3772 5075 ἑπ-

519 5134 615 5174 sus
650 5128 736 5174 est
790 5123 1018 5191 angelus
1046 5123 1142 5191 qui
1180 5123 1511 5193 loquebatur
1543 5125 1602 5180 in
1622 5142 1730 5193 me,
1768 5136 1825 5183 et
1848 5131 2105 5187 excitavit

2211 5127 2466 5200 ἔστρεψεν
2482 5128 2510 5179 ὁ
2536 5124 2765 5194 ἄγγελος
2789 5126 2817 5177 ὁ
2844 5119 3021 5175 λαλῶν
3042 5120 3099 5170 ἐν
3125 5116 3269 5187 ἐμοὶ,
3297 5113 3667 5219 καὶνὲξήγειρέ
3686 5129 3769 5211 με,

520 5225 631 5273 me,
669 5211 813 5267 sicut
840 5214 1113 5269 excitatur
1155 5215 1320 5270 homo
1343 5231 1375 5270 a
1400 5231 1592 5272 somno
1616 5235 1739 5284 suo,
1778 5229 1835 5276 et
1871 5222 2009 5277 dixit
2032 5225 2102 5280 ad

2211 5218 2258 5271 όν
2289 5218 2492 5290 τρόπον
2532 5214 2801 5285 ἐξηγέρθη
2831 5211 3116 5281 ἄνθρωπος
3159 5209 3223 5260 ὲκ
3260 5209 3361 5290 τού
3390 5209 3559 5258 ὒπνου
3589 5209 3768 5264 αὑτοῦ,

522 5316 611 5357 me
641 5319 654 5355 :
682 5302 823 5369 Quid
849 5313 907 5360 tu
927 5305 1116 5361 vides?
1148 5306 1216 5361 Et
1244 5307 1393 5363 dixi:
1418 5309 1564 5373 Vidi,
1589 5320 1646 5366 et
1667 5326 1797 5367 ecce
1835 5315 2096 5371 candela-

525 5393 689 5449 brum
713 5410 962 5462 aureum,
995 5406 1052 5453 et
1069 5399 1279 5470 lampas
1309 5415 1475 5470 super
1498 5402 1657 5467 illud,
1688 5412 1746 5458 et
1783 5414 1994 5476 septem
2014 5408 2103 5463 lu-

2199 5311 2293 5365 καὶ⁸
2321 5288 2442 5361 εἷπε
2472 5308 2604 5379 πρὸς
2627 5306 2714 5375 μὲ,
2745 5304 2810 5357 Τί
2828 5304 2891 5356 σὺ
2915 5300 3166 5372 βλέπειςς
3195 5294 3306 5351 Καὶ
3321 5288 3471 5357 εἶπα,
3500 5294 3767 5362 Ἑώρακα,

2203 5405 2298 5458 καὶ
2332 5403 2441 5456 ἰδοὺ
2469 5399 2659 5472 λυχνία
2686 5397 2862 5470 χρυσῆ
2889 5395 3006 5465 ὅλη,
3038 5390 3133 5446 καὶ
3157 5388 3220 5442 τὸ
3253 5387 3556 5457 λαμπάδιον
3585 5385 3768 5454 αὐτῆς,

492 5496 706 5544 ‘cerna:
736 5503 902 5559 super
926 5490 1083 5556 illud,
1115 5500 1171 5547 et
1191 5492 1313 5548 duae
1340 5493 1477 5549 olea:
1497 5509 1664 5564 super
1687 5495 1866 5566 ipsum
1892 5538 1907 5563 ,
1941 5515 2049 5555 una
2070 5515 2102 5555 a

2211 5496 2297 5550 καὶ
2324 5495 2467 5549 ἑπτά
2489 5493 2672 5564 λύχνοι
2702 5489 2889 5544 ἐπάνω
2914 5484 3107 5554 αὐτῆς,
3141 5482 3233 5536 καὶ
3260 5479 3352 5534 δύο
3382 5478 3558 5532 ἐλαῖαι
3593 5477 3766 5530 ἐπάνω

526 5574 733 5631 dextris
764 5577 1034 5648 lampadis
1057 5579 1196 5649 ejus,
1218 5589 1274 5636 et
1296 5598 1403 5636 una
1432 5598 1462 5636 a
1495 5582 1750 5639 sinistris.
1782 5586 1850 5641 Et
1891 5588 2097 5659 rogavi,

2197 5589 2389 5660 αὐτῆς·
2436 5587 2534 5658 μία
2563 5587 2627 5639 ἑκ
2652 5583 2841 5651 δεξιῶν
2864 5580 2958 5634 τοῦ
2985 5576 3291 5649 λαμπαδίου
3315 5571 3507 5641 αῢτῆς,
3542 5570 3634 5622 καὶ
3672 5568 3761 5639 μία

588 5692 645 5775 ξ’
667 5693 835 5775 Egod.
867 5711 989 5759 xxv,
1172 5698 1290 5775 "_'__l
1315 5698 1441 5775 C_or.
1488 5717 1582 5763 xu,
1613 5703 1664 5775 8.
1696 5774 1699 5775 ν
1742 5706 1779 5737 "
1812 5708 1966 5765 Joan.
2013 5726 2089 5774 ιιι,

2212 5753 2222 5764 .
2303 5710 2343 5744 ⁸⁸
2368 5710 2523 5767 Joan.
2553 5727 2588 5773 ι,
2618 5708 2700 5762 16.
2782 5708 2824 5740 ¹⁹
2856 5706 3025 5763 Exod.
3070 5721 3191 5770 xxv,
3218 5704 3305 5758 37.
3386 5698 3431 5730 ’°
3460 5695 3624 5751 Num.
3653 5706 3756 5755 mn

530 5760 639 5815 1-5.
717 5767 756 5795 ’³
797 5765 897 5819 lsa.
943 5781 978 5830 ι,
1014 5767 1090 5821 15.
1171 5769 1216 5799 ”
1245 5769 1382 5823 I’sal.
1422 5760 1608 5829 xxxvi.
1650 5774 1729 5826 16.
