3982 6520
237 422 333 480 609

957 413 1045 467 DE
1086 407 1530 466 ADORATIONE
1571 408 1640 464 ΙΝ
1680 407 1957 466 SPIRITU
1996 407 2086 464 ET
2123 407 2491 466 VERITATE.
2534 411 2661 467 LIB.
2698 412 2791 468 1X.

3364 417 3470 476 610

237 534 290 599 ἐξ
316 526 620 596 εὐωνύμων.
662 521 772 578 Καὶ
817 523 1173 595 ἐπηρώτησα,
1220 524 1314 577 καὶ
1351 517 1481 576 εἶπα
1522 522 1660 594 πρὸς
1699 522 1788 578 τὸν

1894 531 1949 578 et
1993 523 2104 577 dixi
2137 523 2206 578 ad
2232 526 2483 594 angelum
2513 525 2606 594 qui
2636 525 2965 595 loquebatur
3000 525 3057 581 in
3099 541 3208 592 me,
3239 526 3466 583 dicens:

234 621 448 692 ἄγγελον
472 618 561 672 τὸν
587 616 849 670 λαλοῦντα
882 617 940 670 ἐν
968 617 1112 686 ἐμοὶ,
1154 614 1349 683 λέγων,
1374 613 1568 686 Κύριε,
1589 615 1644 666 τί
1670 615 1787 667 ἐστι

235 715 428 775 ταῦτα;
466 710 558 764 καὶ
589 705 710 762 εἷπε
745 708 881 778 πρὸς
919 707 1006 777 μέ,
1045 707 1240 774 λέγων,
1273 706 1348 760 Οὐ
1395 705 1687 774 γινώσκεις
1733 705 1788 757 τί

237 810 346 860 ἐστι
375 801 582 863 ταῦτα;
629 800 736 852 Kal
781 795 929 862 εἶπα,
962 798 1116 867 Οὐχὶ,
1153 797 1344 869 Κύριε.
1387 815 1406 849 ›
1452 796 1512 850 '0
1544 796 1641 866 μέν
1695 791 1786 850 οὖν

236 896 484 966 μακάριος
529 892 816 962 προφήτης
878 889 1260 943 διεπυνθάνετο
1296 889 1492 958 λέγων,
1547 888 1611 941 Τί
1665 889 1784 941 ἐστι

230 984 409 1044 ταῦτα,
432 981 635 1051 Κύριε;
663 980 848 1051 Βραχὺ
878 981 934 1034 δὲ
959 981 1204 1052 διήγημα
1229 981 1517 1053 παρενθεὶς
1543 983 1571 1035 ὁ
1593 980 1789 1034 θεσπέο

234 1092 337 1137 aio;
380 1073 603 1141 ἄγγελος
650 1071 993 1146 διερμηνεύει
1035 1070 1134 1142 τήν
1166 1073 1378 1142 ὅρασιν,
1431 1073 1524 1125 καὶ
1564 1071 1661 1143 τὴν
1684 1072 1788 1141 τῆς

229 1166 436 1236 λυχνίας
464 1163 805 1234 κατασκευὴν
825 1165 904 1227 είς
930 1164 1164 1234 Χριστὸν
1185 1165 1446 1234 ἀναφέρει
1472 1163 1645 1232 λέγων
1661 1163 1787 1233 περὶ

227 1259 327 1310 τῶν
354 1259 409 1309 ἐν
442 1257 577 1326 αὐτῇ
606 1255 816 1325 λύχνων
847 1257 1012 1321 ἐπτὰ,
1055 1272 1076 1306 ι
1118 1250 1277 1309 Οὗτοι
1301 1257 1350 1308 οἱ
1374 1255 1647 1325 ὀφθαλμοὶ⁸
1670 1255 1786 1306 Κυ-

231 1349 357 1419 ρίου,
377 1347 759 1410 ἐπιϐλέποντες
779 1348 870 1400 ἐπί
886 1349 1067 1400 πᾶσαν
1083 1347 1182 1416 τὴν
1200 1348 1323 1417 γῆν.
1354 1364 1372 1397 ι
1397 1345 1587 1415 Είίγὰρ
1615 1344 1719 1414 χρή
1733 1359 1784 1395 τι

229 1439 436 1493 καὶτῶν
453 1439 773 1510 παχυτέρων
794 1440 988 1503 εἰπεῖν,
1021 1438 1236 1509 μυρίοις
1259 1438 1403 1499 ὅσοις
1420 1437 1566 1506 ἡμᾶς
1587 1433 1786 1502 ὀφθαλ-

230 1535 341 1601 μοῖς
367 1531 427 1584 τδ
459 1531 600 1584 θεῖον
629 1533 730 1602 ὁρᾷ.
757 1531 851 1583 καὶ
877 1530 1314 1584 κατασκέπτεται
1341 1527 1410 1582 τὰ
1447 1526 1782 1600 ἀνθρώπινα,

225 1623 495 1691 γινώσκων
523 1622 591 1676 τὰ
625 1624 682 1675 ἐν
723 1622 802 1692 τῷ
837 1622 1039 1686 σκότει,
1083 1621 1225 1675 κατὰ
1271 1622 1332 1676 τὸ
1379 1621 1782 1691 γεγραμμένον,

232 1731 249 1762 ι
286 1711 389 1765 Καὶ
403 1712 463 1764 τὸ
482 1711 598 1780 φῶς
624 1713 738 1780 μετ’
764 1710 932 1764 αὑτοῦ
958 1712 1125 1766 ἐστιν.
1153 1729 1172 1761 ι
1199 1711 1261 1766 ΕΞ
1279 1710 1387 1782 γάρ
1409 1711 1502 1764 καὶ
1524 1712 1657 1781 ἡμῖν
1673 1711 1785 1774 τοῖς

224 1803 278 1855 ἐν
315 1803 500 1871 κόσμῳ
544 1801 605 1854 τὸ
635 1802 751 1871 φῶς
785 1802 960 1872 ἐνίησι
998 1802 1150 1867 Θεὸς,
1184 1801 1682 1873 καταπλουτήσειεν
1715 1801 1782 1854 ἂν

225 1894 349 1949 αὐτὸ
367 1859 595 1964 καὶ-πρό
619 1859 683 1962 γε
705 1859 814 1948 τῶν
846 1859 1021 1949 ἄλλων
1047 1859 1246 1965 avia;
1280 1893 1439 1962 φύσει
1478 1859 1674 1965 λάχών.
1711 1893 1782 1946 Ἢ
1815 1859 1858 1919 ⁸

224 1985 371 2055 εἴπερ
390 1985 487 2054 οὐχ
509 1979 614 2038 ὧδε
644 1985 787 2056 ἔχειν
811 1985 1174 2039 ὑποπτεύουσι
1199 2002 1364 2048 τινες,
1389 1984 1505 2055 ῶρα
1529 2001 1629 2038 που
1643 1983 1785 2053 τάχα

221 2079 327 2138 τοῖς
355 2069 457 2129 ὧδε
498 2080 717 2146 φρονεῖν
753 2077 1030 2147 ἑλομένοις
1072 2077 1386 2144 ἐπιφωνεῖν,
1431 2094 1450 2126 ι
1483 2075 1677 2128 Σύνετε
1721 2073 1784 2145 δή

224 2167 439 2237 ἄφρονες
468 2168 530 2219 ἐν
556 2166 634 2237 τῷ
663 2166 795 2237 λαῷ,
835 2168 931 2221 καὶ
986 2166 1158 2238 μωροί
1192 2183 1323 2218 ποτε
1352 2167 1675 2236 φρονήσατε.
1729 2165 1785 2219 '0

226 2257 484 2326 φυτεύσας
511 2259 574 2312 τὸ
594 2255 706 2322 οῦς,
735 2259 857 2328 οὐχὶ
885 2259 1158 2329 άκούει;ἢ
1185 2260 1214 2311 6
1233 2259 1442 2320 πλάσας
1468 2257 1560 2311 τὸν
1588 2256 1787 2325 ὀφθαλ-

227 2348 336 2418 μδν,
361 2349 481 2419 οὐχ).
513 2352 808 2414 κατανοεῖ;
849 2349 968 2403 Ζῶν
993 2349 1102 2420 γὰρ
1125 2351 1153 2402 6
1184 2349 1342 2418 λόγος
1378 2348 1474 2402 τοῦ
1509 2349 1664 2414 Θεοῦ,
1692 2349 1787 2403 καὶ

223 2439 460 2510 ἐνεργὴς,
485 2441 586 2493 καὶ
605 2441 772 2510 ήκονη
783 2440 940 2510 μένος
977 2441 1177 2510 μᾶλλον
1214 2442 1486 2512 μαχαίρας
1511 2441 1783 2512 διστόμου,

221 2532 580 2602 διικνούμενος
616 2532 777 2604 μέχρι
809 2532 1081 2604 μερισμοῦ
1113 2533 1290 2604 ψυχῆς
1317 2535 1409 2588 καὶ
1455 2535 1782 2605 πνεύματος,

222 2624 404 2694 ἁρμῶν
422 2641 482 2677 τε
517 2626 611 2678 καὶ
647 2623 878 2695 μυελῶν,
920 2625 1014 2678 καὶ
1051 2625 1296 2697 κριτικὸς
1320 2626 1668 2697 ἐνθυμήσεων
1694 2627 1788 2679 καὶ⁸

221 2714 426 2768 ἐννοιῶν
455 2716 706 2788 καρδίας,
737 2717 831 2769 καὶ
855 2717 954 2769 οὐκ
983 2716 1098 2769 ἐστι
1128 2717 1304 2778 κτίσις
1326 2717 1538 2788 ἀφανής
1557 2717 1786 2773 ἐνώπιον

221 2804 396 2858 αὐτοῦ.
443 2804 637 2858 Πάντα
679 2805 736 2856 δέ
782 2803 968 2875 γυμνὰ
1025 2805 1120 2858 καὶ
1170 2804 1636 2876 τετραχηλισμένα
1676 2806 1788 2868 τοῖς

224 2895 510 2966 ὀφθαλμοῖς
544 2895 731 2950 αὑτοῦ.
759 2915 777 2948 ι
812 2896 1040 2960 ⁴Ιιωτίζει
1078 2895 1144 2968 δή
1188 2891 1279 2949 οῦν
1303 2897 1398 2948 καὶ
1421 2897 1591 2968 ἐφορᾷ
1614 2897 1789 2950 πάντα

224 2987 464 3058 Χριστός.
499 2987 794 3058 Τοιγάρτοι
821 2989 916 3041 καὶ
951 2988 1157 3057 ἔφασκε
1190 2987 1257 3041 δι’
1293 2987 1412 3050 ἐνὸς
1443 2986 1554 3040 τῶν
1579 3004 1790 3059 προφη-

221 3079 339 3132 τῶν⁸
372 3097 390 3130 ι
417 3078 555 3142 Θεὸς
577 3079 814 3147 ἐγγίζων
830 3078 941 3147 ἐγώ
960 3080 1095 3150 ειμι,
1125 3078 1272 3147 λέγει
1297 3078 1522 3151 Κύριος,
1552 3079 1648 3133 καὶ
1670 3077 1789 3149 οὐχὶ

1891 615 2138 680 Domine,
2163 616 2294 685 quid
2321 625 2448 670 sunt
2472 618 2618 672 haec?
2639 619 2708 672 Et
2737 619 2874 672 dixit
2902 618 2968 672 ad
2995 634 3081 672 me
3112 637 3125 671 :
3151 619 3271 674 Non
3324 623 3467 676 nosti

1889 707 2021 774 quid
2060 706 2170 761 sint
2199 707 2354 761 haec?
2383 708 2451 762 Et
2501 708 2635 772 dixi,
2681 710 2822 773 Non,
2861 709 3090 764 Domine
3130 711 3196 763 ".
3240 731 3258 763 ι
3290 711 3468 781 Atque

1890 798 1981 852 ille
2023 799 2245 868 quidem
2301 799 2494 854 beatus
2527 802 2796 870 propheta
2861 811 3218 871 percontatus
3249 815 3352 867 est,
3386 804 3469 858 di-

1889 904 2042 953 cens,
2071 889 2213 955 Quid
2241 898 2368 944 sunt
2397 892 2554 946 hzec?
2580 892 2686 946 Sed
2707 894 2797 947 ille
2815 893 3009 947 beatus
3036 896 3281 965 angelus,
3313 896 3463 951 brevi

1887 982 2206 1036 narratione
2245 982 2607 1051 interposita,
2655 984 2923 1038 visionem
2957 985 3371 1056 interpretatur,
3410 995 3468 1041 et

1888 1072 2201 1126 candelabri
2237 1075 2700 1128 constructionem
2728 1075 2795 1128 ad
2832 1074 3112 1131 Christum
3145 1078 3345 1142 refert,
3378 1077 3465 1132 di-

1888 1176 2019 1216 cens
2039 1162 2107 1215 de
2129 1169 2358 1232 iseptem
2383 1164 2623 1219 lucernis
2644 1181 2763 1234 quae
2794 1165 2849 1218 in
2880 1181 2946 1219 eo
2975 1175 3103 1221 sunt
3140 1185 3154 1220 :
3188 1187 3206 1218 ‹
3242 1169 3306 1222 Hi
3338 1177 3467 1224 sunt

1886 1254 2031 1308 oculi
2060 1254 2276 1308 Domini
2316 1256 2645 1325 aspicientes
2678 1258 2734 1311 in
2782 1272 2999 1312 omnem
3029 1268 3228 1313 terram
3251 1262 3315 1313 ".
3350 1281 3367 1312 ›
3395 1262 3466 1318 Ut

1884 1345 2032 1399 enim
2066 1347 2316 1400 nonnihil
2358 1346 2582 1402 rudiore
2634 1362 2797 1402 sensu
2839 1349 3084 1405 dicamus
3108 1392 3122 1415 ,
3160 1351 3467 1407 innumeris

1885 1451 1987 1491 nos
2008 1438 2184 1492 oculis
2216 1439 2362 1493 Deus
2389 1439 2611 1508 aspicit,
2636 1451 2690 1495 et
2714 1457 2801 1495 res
2835 1441 3105 1496 humanas
3128 1445 3462 1508 considerat,

1885 1535 1941 1582 et
1976 1529 2254 1598 cognoscit
2277 1545 2399 1600 qua:
2423 1531 2477 1584 in
2494 1532 2740 1586 tenebris
2776 1540 2924 1595 sunt,
2959 1541 3020 1586 ut
3043 1534 3309 1603 scriptum
3335 1542 3460 1596 est;

1892 1635 1912 1668 ι
1953 1618 2022 1672 Et
2052 1619 2145 1672 lux
2179 1634 2304 1673 cum
2335 1620 2454 1689 ipso
2483 1627 2568 1675 est
2594 1622 2661 1673 ’⁸.
2697 1643 2714 1673 ι
2750 1623 2918 1688 Nam,
2951 1623 2995 1677 si
3025 1624 3184 1678 nobis
3223 1640 3462 1694 quoque,

1885 1709 1979 1777 qui
2004 1709 2058 1763 in
2085 1709 2189 1764 hoc
2216 1713 2420 1767 mundo
2443 1728 2652 1778 sumus,
2679 1715 2864 1769 lumen
2896 1715 3117 1769 immitit
3139 1717 3305 1780 Deus,
3338 1733 3467 1786 pro-

1888 1800 1978 1853 cui
2029 1801 2198 1856 dubio
2226 1802 2419 1856 eodem
2462 1819 2574 1872 prze
2612 1805 2824 1860 caeteris
2865 1807 3122 1860 omnibus
3181 1807 3464 1862 abundare

1885 1903 1952 1943 ex
1975 1898 2186 1945 naturae
2209 1907 2321 1946 suae
2358 1893 2673 1948 conditione
2699 1895 3007 1950 credendus
3033 1903 3144 1961 est;
3181 1906 3274 1950 aut
3299 1899 3343 1952 si
3370 1900 3464 1968 qui

1884 1995 1996 2034 non
2049 1981 2122 2034 ita
2176 1997 2233 2036 se
2273 1998 2389 2036 rem
2441 1984 2645 2039 habere
2678 1987 3050 2055 suspicantur,
3070 1988 3181 2058 jam
3225 2005 3358 2044 vero
3390 1990 3465 2044 ita

1884 2072 2184 2127 sentientes
2222 2074 2333 2129 illis
2363 2076 2548 2130 verbis
2587 2076 2792 2145 alloqui
2831 2077 3020 2131 licebit
3057 2097 3068 2130 :
3115 2097 3132 2128 ι
3177 2079 3465 2150 lntelligite

1886 2164 2208 2234 insipientes
2243 2167 2299 2220 in
2328 2168 2563 2236 populo,
2603 2175 2657 2221 et
2695 2168 2872 2232 stulti,
2923 2170 3215 2239 aliquando
3242 2171 3415 2241 sapite
3445 2189 3461 2237 ;

1885 2255 1979 2324 qui
2005 2256 2269 2325 plantavit
2305 2273 2524 2324 aurem,
2555 2274 2663 2312 non
2689 2260 2880 2314 audit?
2905 2270 2999 2314 aut
3021 2263 3113 2330 qui
3145 2262 3299 2315 ﬁnxit
3328 2277 3465 2316 ocu-

1884 2345 2018 2410 lum,
2045 2361 2154 2401 non
2174 2349 2486 2402 considerat
2508 2349 2587 2402 “'2
2613 2350 2782 2404 Vivus
2810 2357 2895 2404 est
2941 2352 3087 2405 enim
3126 2368 3306 2406 sermo
3339 2352 3463 2417 Dei,

1886 2444 1943 2491 et
1983 2437 2192 2502 efﬁcax,
2243 2448 2299 2494 et
2339 2449 2532 2495 acutus
2560 2441 2734 2510 magis
2773 2456 2935 2509 quam
2985 2442 3197 2512 gladius
3229 2458 3464 2514 anceps;

1887 2529 2311 2600 pertingensque
2344 2546 2517 2600 usque
2563 2532 2629 2585 ad
2662 2530 2987 2585 divisionem
3018 2534 3213 2588 anima:
3248 2550 3311 2587 ac
3348 2533 3466 2604 spi-

1886 2619 2043 2684 ritus,
2067 2635 2389 2692 compagum
2424 2637 2642 2691 quoque
2679 2630 2734 2676 et
2760 2622 3145 2688 medullarum,
3182 2633 3238 2679 et
3262 2625 3468 2681 discre-

1887 2717 1974 2764 tor
2003 2713 2391 2782 cogitationum
2426 2721 2482 2767 et
2513 2714 2877 2768 intentionum
2922 2716 3124 2770 cordis.
3158 2717 3225 2771 Et
3248 2733 3356 2773 non
3383 2726 3469 2774 est

1887 2810 2141 2858 creatura
2181 2804 2361 2874 aliqua
2387 2805 2676 2860 invisibilis
2702 2806 2756 2860 in
2775 2813 3070 2874 conspectu
3099 2808 3255 2876 ejus:
3279 2808 3464 2863 omnia

1888 2898 2070 2945 autem
2099 2892 2248 2946 nuda
2301 2900 2358 2947 et
2379 2900 2566 2962 aperta
2603 2901 2731 2947 sunt
2764 2893 2939 2948 oculis
2977 2895 3095 2963 ejus
3111 2896 3178 2948 ’⁷.
3203 2914 3220 2947 ι
3262 2895 3468 2950 illumi—

1889 2992 1982 3037 nat
2020 2983 2185 3053 igitur
2206 2983 2458 3039 Christus
2502 2991 2558 3039 et
2600 2985 2794 3055 aspicit
2823 2984 3294 3056 omniazideoque
3328 2987 3468 3042 dixit

1889 3089 1987 3142 per
2017 3075 2308 3144 quemdam
2332 3090 2362 3129 e
2396 3076 2682 3146 prophetis
2711 3093 2724 3128 :
2775 3095 2793 3127 ι
2833 3077 2976 3130 Deus
3007 3092 3037 3130 e
3070 3077 3318 3146 proximo
3343 3093 3465 3132 sum

222 3168 342 3231 Θεὸς
360 3169 668 3240 πόρρωθεν.
688 3169 780 3240 Μὴ
804 3171 897 3222 ἀπ’
917 3167 1050 3239 ἐμοῦ
1090 3168 1424 3240 κρυϐήσεταί
1452 3187 1539 3235 τι;
1574 3187 1592 3221 ι
1619 3169 1786 3224 Δάθοι

1894 3180 2010 3235 ego,
2050 3166 2182 3219 dicit
2207 3165 2506 3231 Dominus,
2550 3175 2606 3222 et
2649 3183 2759 3221 non
2806 3166 2952 3221 Deus
2977 3182 3007 3220 a
3039 3166 3239 3237 longe;
3278 3184 3410 3221 num
3434 3184 3467 3224 a

219 3257 320 3330 γάρ
350 3257 412 3312 ἂν
439 3257 600 3311 οὐδὲν
631 3257 723 3310 τὸν
765 3257 942 3310 πάντα
975 3257 1153 3312 εἰδότα
1176 3257 1322 3315 νοῦν.
1358 3259 1430 3312 Ἦ
1459 3260 1560 3312 οὐκ
1587 3259 1790 3329 ἄριστά

221 3365 297 3404 σοι
323 3349 492 3404 ταῦτα
514 3348 829 3417 διεσκέφθαι
858 3348 1028 3413 δοκῶ;

286 3522 482 3576 ΠΑΛΛ.
531 3522 853 3575 Παντάπασι
885 3522 983 3592 μὲν
1011 3517 1124 3576 οῦν.

282 3613 439 3668 ΚΥΡ.
482 3613 780 3685 ’Δσύνηθες
812 3614 868 3667 δέ
901 3631 954 3668 τι
983 3616 1110 3687 περὶ⁵
1136 3615 1236 3686 τήν
1266 3615 1488 3688 λυχνίαν
1519 3620 1548 3672 6
1574 3621 1788 3693 προφή-

216 3718 309 3774 της
335 3703 495 3774 ὁρῶν,
537 3704 730 3757 ἐλαιῶν
757 3705 869 3775 γὰρ
894 3701 1036 3776 ἦσαν
1066 3706 1272 3774 κλάδοι,
1313 3711 1789 3781 προσεπυνθάνετο

219 3792 401 3862 λέγων,
431 3814 448 3847 ι
482 3796 554 3848 Τί
588 3796 644 3848 αἱ
668 3795 759 3848 δύο
783 3795 959 3850 ἐλαῖαι
989 3789 1149 3851 αὗται
1179 3800 1236 3852 αἱ
1266 3802 1330 3854 ἐκ
1358 3801 1548 3866 δεξιῶν
1574 3803 1674 3874 τῆς
1697 3805 1789 3857 λυ-

218 3886 361 3956 χνίας
377 3886 471 3939 καὶ
493 3885 559 3948 ἐξ
574 3885 898 3955 εὐωνύμων;
938 3887 1048 3939 Καὶ
1075 3887 1427 3958 ἐπηρώτησα,
1444 3909 1462 3942 ι
1482 3894 1696 3963 φησιν,‹
1725 3894 1788 3946 ἐκ

217 3975 479 4047 δευτέρου,
525 3977 619 4030 καὶ
647 3973 774 4029 εἶπα
803 3977 938 4046 πρὸς
964 3978 1144 4031 αὐτόν’
1179 3979 1242 4030 Τί
1272 3982 1320 4033 οἱ
1341 3981 1433 4033 δύο
1462 3982 1643 4036 κλάδοι
1679 3983 1788 4037 τῶν

219 4067 424 4130 ἐλαιῶν,
468 4070 524 4120 οῖ
566 4070 624 4119 ἐν
667 4070 787 4130 ταῖς
826 4069 984 4138 χερσὶ
1023 4068 1130 4121 τῶν
1169 4068 1263 4123 δύο
1307 4073 1640 4144 μυξωτήρων
1683 4073 1790 4128 τῶν

219 4160 446 4230 χρυσῶν,
478 4159 592 4213 τῶν
631 4159 960 4229 ἐπιχεὸντων
993 4161 1086 4214 καῖ⁵
1123 4163 1508 4231 ἐπαναγόντων
1530 4166 1630 4230 τὰς
1655 4167 1790 4219 ἐπα-

219 4252 494 4322 ρυστρίδας
525 4251 622 4314 τὰς
646 4253 880 4323 χρυσᾶς;
903 4252 1013 4304 Καὶ
1039 4248 1160 4306 εἶπε
1181 4256 1316 4324 πρός
1344 4273 1433 4327 με,
1450 4277 1467 4308 ι
1488 4259 1788 4329 φησὶν,ιυύ

218 4340 498 4408 γινώσκεις
542 4344 593 4396 τί
632 4346 752 4396 ἐστι
787 4343 996 4410 ταῦτα;
1053 4347 1161 4399 Καὶ
1203 4342 1354 4412 εἶπα,
1387 4349 1552 4418 Οὐχὶ,
1593 4349 1786 4420 Κύριε.

218 4435 319 4487 Καὶ
346 4433 466 4488 εἶπέ
503 4453 615 4506 μοι·
663 4431 821 4491 Οὗτοι
858 4439 907 4492 οἱ
946 4439 1038 4492 δύο
1068 4440 1172 4492 υἱοὶ
1215 4440 1316 4510 τῆς
1362 4442 1615 4510 πιότητος
1648 4457 1790 4512 παρ-

218 4529 471 4598 εστήκασι
493 4528 574 4597 τῷ
596 4529 785 4598 Κυρίῳ
808 4530 990 4599 πάσης
1011 4530 1108 4598 τῆς
1127 4531 1251 4599 γῆς.
1282 4550 1300 4581 ι

284 4621 490 4675 ΠΑΛΛ.
551 4621 650 4684 Τίς
688 4617 780 4674 οὖν
819 4621 926 4691 ἄρα
970 4615 1163 4691 γέγονε
1213 4623 1368 4692 χρεία
1407 4622 1484 4693 τῷ
1535 4625 1788 4695 μακαρίῳ

220 4711 492 4779 προφήτῃ,
513 4709 610 4761 τοῦ
642 4710 737 4761 κα)⁸
753 4711 832 4772 εἰς
857 4705 1014 4772 αὖθις
1065 4709 1438 4765 ἀναπυθέσθαι
1467 4711 1577 4765 δεῖν
1603 4729 1617 4778 ;
1663 4714 1791 4768 Ἐπ-

219 4798 468 4870 ηρώτησα
497 4801 627 4871 γάρ,
657 4802 840 4871 φησὶν,
865 4803 928 4854 ἐκ
951 4801 1224 4873 δευτέρου.

283 4892 442 4945 ΚΥΡ.
484 4894 556 4944 Ἦ
597 4892 704 4961 γὰρ
736 4893 858 4961 οὐχ).
893 4892 1060 4962 φαίης
1096 4893 1184 4957 ἂν,
1217 4887 1262 4946 ὦ
1294 4894 1578 4958 Παλλάδιε,
1625 4895 1787 4965 σοφόν

216 4999 271 5034 τε
304 4981 441 5036 εἶναι
467 4985 561 5036 καὶ
583 4983 814 5053 πρέπον,
840 4985 953 5045 τοῖς
986 4999 1050 5050 γε
1077 4983 1213 5047 ὅλως
1239 4983 1375 5055 ὀρθὰ
1399 4986 1616 5056 φρονεῖν
1645 4987 1789 5056 ᾑρη-

221 5073 413 5141 μένοις,
455 5073 705 5142 άκριόεῖς
737 5073 833 5125 καὶ
864 5073 1268 5143 άπεξεσμένους
1310 5075 1409 5138 τὰς
1440 5077 1524 5144 ἐφ’
1559 5077 1666 5147 ὅτῳ
1693 5071 1788 5130 οῦν

217 5161 319 5213 τῶν
349 5163 666 5230 ἀναγκαίων
694 5163 964 5217 ποιεῖσθαι
992 5165 1246 5231 πεύσεις;

284 5254 492 5306 num.
524 5254 691 5323 Φημί.

289 5343 448 5396 ΚΥΡ.
491 5344 716 5407 Κλῶνας
736 5344 800 5416 δὴ
820 5339 914 5399 οὗν
931 5346 1127 5400 ἐλαιῶν
1151 5346 1297 5417 θαλῷ
1319 5347 1348 5418 β
1356 5347 1580 5420 ρύοντας
1600 5348 1792 5420 ἁπαλῷ

220 5434 310 5485 καὶ
333 5433 578 5488 νεοθαλεῖ
605 5435 934 5507 τεθεαμένος
960 5440 989 5491 6
1019 5441 1325 5510 προφήτης,
1356 5441 1541 5505 ἐλαίας
1571 5441 1789 5509 αὐτοὺς,

220 5522 312 5575 καὶ
346 5525 448 5578 οὐκ
476 5525 536 5591 ἐξ
571 5527 766 5580 ἐλαιῶν
792 5528 1040 5599 ὠνόμαζε
1067 5530 1314 5594 κλάδους.
1345 5529 1477 5586 Εἶτα
1513 5533 1786 5605 σεσιώπη·

221 5629 312 5667 κεν
356 5617 385 5669 6
423 5616 708 5683 θεσπέσιος
749 5620 980 5688 ἄγγελος
1005 5662 1019 5686 ,
1068 5621 1167 5691 τὴν
1213 5623 1652 5697 ἐμφρονεστέραν
1691 5627 1788 5680 καὶ

323 5728 366 5758 ⁸³
399 5729 565 5784 Zach.
592 5749 662 5794 tv.
701 5733 808 5786 1-5.

221 5807 367 5862 nm,
401 5799 493 5854 9.5.
567 5804 611 5834 ’δ
645 5803 807 5858 Zach.
830 5820 900 5869 iv,
933 5804 1112 5858 H-H.

922 5734 966 5766 ”
987 5733 1125 5788 Ibid.
1170 5735 1252 5790 10.
1331 5739 1376 5771 ’³
1405 5741 1536 5794 Dan.
1583 5757 1638 5803 ll,
1679 5739 1765 5794 22.

1923 5739 2065 5793 Psal.
2109 5752 2252 5801 xcni,
2279 5734 2330 5800 8,
2362 5735 2415 5789 9.
2493 5734 2535 5766 ³⁷
2570 5729 2740 5786 Hebr.
2776 5742 2847 5793 tv,
2877 5725 2967 5792 12,
2998 5725 3083 5780 15.

1887 3273 1974 3311 me
1991 3257 2358 3312 occultabitur
2373 3257 2579 3327 aliquid
2604 3258 2648 3290 ³⁸
2671 3258 2694 3310 ?
2725 3277 2741 3308 ι
2777 3257 2924 3311 Nihil
2940 3257 3087 3311 enim
3113 3258 3269 3327 301
3293 3259 3466 3314 latere

1881 3358 2065 3418 potest
2085 3356 2323 3402 mentem
2350 3347 2496 3402 illam
2517 3349 2698 3403 omnia
2721 3348 3005 3404 scientem.
3034 3347 3115 3402 An
3143 3349 3243 3403 tibi
3270 3364 3464 3418 parum

1887 3439 2228 3494 considerate
2256 3440 2373 3495 Ιιαξο
2403 3440 2585 3494 dicere
2619 3441 2844 3495 videor?

1957 3528 2154 3581 PALL.
2187 3529 2301 3582 lmo
2334 3545 2469 3583 vero
2498 3531 2753 3584 maxime.

1956 3618 2112 3673 (ΝΒ.
2145 3619 2249 3674 Sed
2290 3621 2578 3690 propheta,
2609 3637 2733 3675 cum
2770 3622 3089 3676 inusitatum
3121 3622 3379 3692 quiddam
3409 3622 3466 3680 in
3490 3676 3503 3690 ,

1889 3713 2218 3768 candelabro
2256 3713 2471 3767 videret
2515 3712 2801 3782 (olearum
2856 3713 3000 3767 enim
3039 3713 3093 3766 in
3148 3729 3214 3768 eo
3254 3714 3467 3770 inerant

1891 3804 2072 3873 rami),
2100 3803 2281 3857 denuo
2307 3803 2616 3857 sciscitatus
2641 3810 2743 3864 est,
2764 3802 2951 3856 dicens
2979 3820 2991 3854 :
3028 3822 3044 3852 ι
3075 3789 3214 3868 Quid
3235 3813 3362 3857 sunt
3386 3804 3468 3859 hae

1891 3894 2012 3948 dum
2041 3894 2197 3948 olivae
2222 3909 2250 3946 a
2281 3893 2490 3946 dextris
2517 3891 2863 3954 candelabri,
2911 3900 2965 3944 et
3010 3907 3037 3944 a
3088 3891 3368 3946 sinistris?
3401 3892 3463 3946 Et

1885 3983 2096 4053 'rogavi,
2125 4003 2140 4034 ι
2174 3983 2372 4051 inquit,
2405 4001 2423 4032 ‹
2455 3982 2658 4044 denuo,
2687 3990 2741 4034 et
2773 3981 2882 4034 dixi
2914 3981 2978 4034 ad
3005 3997 3157 4034 eum:
3187 3981 3326 4048 Quid
3344 3989 3466 4035 sunt

1891 4076 1968 4129 illi
1998 4075 2106 4128 duo
2145 4075 2279 4127 rami
2321 4074 2566 4126 olearum
2619 4071 2709 4140 qui
2741 4080 2868 4125 sunt
2898 4072 2950 4124 in
2997 4089 3191 4126 manus
3236 4072 3466 4126 duarum

1892 4165 2110 4218 narium
2164 4179 2459 4217 aurearum
2488 4162 2893 4216 infundentium
2919 4204 2932 4226 ,
2969 4171 3024 4217 et
3071 4163 3465 4217 retrahentium

1893 4254 2183 4308 suﬂ'usoria
2212 4254 2414 4307 aurea?
2441 4253 2508 4306 Et
2531 4251 2667 4305 dixit
2696 4251 2761 4304 ad
2787 4267 2894 4314 me,
2930 4272 2947 4302 ι
2988 4251 3196 4320 inquit:
3238 4273 3254 4302 ι
3283 4251 3465 4308 Nescis

1893 4346 2023 4415 quid
2054 4347 2163 4399 sint
2201 4345 2354 4398 haec?
2393 4345 2459 4397 Et
2487 4343 2620 4406 dixi,
2660 4342 2778 4397 Non
2805 4383 2819 4405 ,
2855 4343 3105 4396 Domine.
3136 4344 3204 4397 Et
3244 4343 3381 4397 dixit
3400 4344 3467 4398 ad

1893 4452 1980 4490 me
2008 4456 2021 4489 :
2048 4437 2112 4490 Hi
2145 4437 2252 4490 duo
2286 4435 2382 4488 ﬁlii
2408 4433 2758 4503 pinguedinis
2790 4441 2970 4487 astant
3019 4442 3145 4490 ante
3175 4435 3466 4489 Dominum

1825 4549 1871 4604 ι)
1903 4527 2169 4580 universa
2189 4533 2346 4578 terra:
2371 4525 2435 4576 ²⁹.
2480 4543 2497 4574 ι

1965 4618 2162 4672 PALL.
2191 4617 2330 4684 Quid
2358 4616 2577 4671 tandem
2602 4631 2741 4686 opus
2756 4615 2861 4669 fuit
2892 4616 3054 4672 beato
3085 4617 3366 4688 prophetaz
3408 4627 3464 4673 ut

1894 4710 2096 4764 iterum
2136 4707 2536 4778 interrogaret?
2584 4707 2918 4777 interrogavi
2949 4723 3216 4778 namque,
3254 4707 3466 4777 inquit,

1894 4803 2096 4857 denuo.

1961 4892 2213 4948 CYR.An
2245 4899 2325 4955 tu,
2350 4890 2582 4954 Palladi,
2606 4890 2831 4944 minime
2861 4900 3022 4960 putas
3040 4905 3160 4944 esse
3185 4888 3463 4957 sapientis,

1889 4993 1946 5040 et
1973 4984 2041 5039 ad
2063 5000 2158 5039 eos
2183 4982 2277 5053 qui
2305 4991 2452 5036 recte
2479 4981 2685 5036 sentire
2709 4980 2900 5044 velint,
2936 4996 3047 5034 non
3082 4981 3316 5033 maxime
3340 4994 3462 5048 per-

1889 5076 2066 5130 tinere
2087 5089 2296 5137 censes,
2323 5073 2390 5127 de
2411 5087 2737 5141 unaquaque
2753 5085 2812 5124 re
2828 5068 3133 5122 necessaria
3180 5068 3461 5138 diligenter

1891 5177 1948 5223 et
1971 5173 2223 5221 accurate
2250 5165 2592 5233 interrogare
2615 5162 2638 5215 ?

1962 5259 2158 5314 PALL.
2183 5259 2322 5312 Puto
2347 5255 2622 5326 equidem.

1966 5349 2124 5406 CYR.
2184 5349 2388 5403 Ramos
2455 5345 2626 5416 igitur
2690 5341 2933 5396 olearum
2984 5348 3174 5393 tenero
3229 5339 3462 5395 recenti-

1895 5458 2002 5514 que
2043 5441 2292 5513 germine
2334 5437 2584 5493 virentes
2632 5448 2756 5488 cum
2800 5431 3104 5501 aspexisset
3146 5431 3416 5500 propheta
3449 5471 3463 5496 ,

1896 5536 2065 5599 oleas,
2104 5548 2216 5588 non
2281 5532 2528 5586 olearum
2557 5543 2743 5582 ramos
2803 5524 3114 5594 appellavit.
3158 5523 3346 5592 Itaque
3389 5531 3461 5577 ta-

1895 5627 2011 5681 cuit
2051 5626 2245 5680 beatus
2305 5621 2571 5693 angelus,
2618 5631 2742 5674 eum
2805 5614 3221 5685 prudentiorem
3272 5627 3335 5666 ac
3370 5628 3462 5668 ve-

3189 5723 3234 5757 ’⁸
3262 5723 3462 5781 Jerem.
