  <div class='ocr_page' id='page_1' title='image "/cluster/home/n/w/nwhite01/storage/ocr_20150623/68/hvd.32044019207851/313.png"; bbox 0 0 4140 6522; ppageno 0'>
   <div class='ocr_carea' id='block_1_1' title="bbox 587 372 689 434">
    <p class='ocr_par' dir='ltr' id='par_1_1' title="bbox 587 372 689 434">
     <span class='ocr_line' id='line_1_1' title="bbox 587 372 689 434; baseline -0.01 0"><span class='ocrx_word' id='word_1_1' title='bbox 587 372 689 434; x_wconf 67' lang='grc' dir='ltr'><strong>ιιι</strong></span> 
     </span>
    </p>
   </div>
   <div class='ocr_carea' id='block_1_2' title="bbox 1606 376 2844 445">
    <p class='ocr_par' dir='ltr' id='par_1_2' title="bbox 1606 376 2844 445">
     <span class='ocr_line' id='line_1_2' title="bbox 1606 376 2844 445; baseline 0.01 -12"><span class='ocrx_word' id='word_1_2' title='bbox 1606 377 1664 433; x_wconf 87' lang='lat' dir='ltr'><strong>S.</strong></span> <span class='ocrx_word' id='word_1_3' title='bbox 1704 376 1979 435; x_wconf 75' lang='lat' dir='ltr'><strong>CYRILLI</strong></span> <span class='ocrx_word' id='word_1_4' title='bbox 2019 379 2490 440; x_wconf 70' lang='lat' dir='ltr'><strong>ALEXANDRINI</strong></span> <span class='ocrx_word' id='word_1_5' title='bbox 2525 386 2844 445; x_wconf 76' lang='lat' dir='ltr'><strong>ARCHIEP.</strong></span> 
     </span>
    </p>
   </div>
   <div class='ocr_carea' id='block_1_3' title="bbox 3730 388 3841 459">
    <p class='ocr_par' dir='ltr' id='par_1_3' title="bbox 3730 388 3841 459">
     <span class='ocr_line' id='line_1_3' title="bbox 3730 388 3841 459; baseline 0.027 -3"><span class='ocrx_word' id='word_1_6' title='bbox 3730 388 3841 459; x_wconf 67' lang='lat'><strong>67?!</strong></span> 
     </span>
    </p>
   </div>
   <div class='ocr_carea' id='block_1_4' title="bbox 584 487 2152 584">
    <p class='ocr_par' dir='ltr' id='par_1_4' title="bbox 584 487 2152 566">
     <span class='ocr_line' id='line_1_4' title="bbox 584 487 2152 566; baseline 0.006 -24"><span class='ocrx_word' id='word_1_7' title='bbox 584 487 790 545; x_wconf 89' lang='lat' dir='ltr'><strong>riorem</strong></span> <span class='ocrx_word' id='word_1_8' title='bbox 844 488 1327 560; x_wconf 87' lang='lat' dir='ltr'><strong>interrogationem</strong></span> <span class='ocrx_word' id='word_1_9' title='bbox 1376 501 1720 562; x_wconf 75' lang='lat' dir='ltr'><strong>exspectaret</strong></span> <span class='ocrx_word' id='word_1_10' title='bbox 1751 514 1763 549; x_wconf 89' lang='lat'><strong>:</strong></span> <span class='ocrx_word' id='word_1_11' title='bbox 1801 504 1991 566; x_wconf 91' lang='lat' dir='ltr'><strong>postea</strong></span> <span class='ocrx_word' id='word_1_12' title='bbox 2027 513 2152 553; x_wconf 85' lang='lat' dir='ltr'><strong>vero</strong></span> 
     </span>
    </p>
   </div>
   <div class='ocr_carea' id='block_1_5' title="bbox 2253 487 3835 584">
    <p class='ocr_par' dir='ltr' id='par_1_5' title="bbox 2262 499 3835 584">
     <span class='ocr_line' id='line_1_5' title="bbox 2262 499 3835 584; baseline 0.011 -32"><span class='ocrx_word' id='word_1_13' title='bbox 2262 499 2435 572; x_wconf 80' lang='grc' dir='ltr'><strong>ἀληθῆ</strong></span> <span class='ocrx_word' id='word_1_14' title='bbox 2467 506 2782 574; x_wconf 81' lang='grc' dir='ltr'><strong>περιμένων</strong></span> <span class='ocrx_word' id='word_1_15' title='bbox 2806 505 2997 560; x_wconf 82' lang='grc' dir='ltr'><strong>πεῦσιν</strong></span> <span class='ocrx_word' id='word_1_16' title='bbox 3017 523 3032 538; x_wconf 80' lang='grc'><strong>’</strong></span> <span class='ocrx_word' id='word_1_17' title='bbox 3073 509 3260 582; x_wconf 80' lang='grc' dir='ltr'><strong>ἐπειδὴ</strong></span> <span class='ocrx_word' id='word_1_18' title='bbox 3306 509 3358 563; x_wconf 74' lang='grc' dir='ltr'><strong>δὲ</strong></span> <span class='ocrx_word' id='word_1_19' title='bbox 3387 510 3835 584; x_wconf 80' lang='grc' dir='ltr'><strong>διεγηγερμένος,</strong></span> 
     </span>
    </p>
   </div>
   <div class='ocr_carea' id='block_1_6' title="bbox 583 580 2159 659">
    <p class='ocr_par' dir='ltr' id='par_1_6' title="bbox 583 580 2159 659">
     <span class='ocr_line' id='line_1_6' title="bbox 583 580 2159 659; baseline 0.009 -28"><span class='ocrx_word' id='word_1_20' title='bbox 583 595 746 649; x_wconf 90' lang='lat' dir='ltr'><strong>quam</strong></span> <span class='ocrx_word' id='word_1_21' title='bbox 771 580 1037 633; x_wconf 82' lang='lat' dir='ltr'><strong>excitatus</strong></span> <span class='ocrx_word' id='word_1_22' title='bbox 1056 582 1190 651; x_wconf 89' lang='lat' dir='ltr'><strong>jam,</strong></span> <span class='ocrx_word' id='word_1_23' title='bbox 1221 583 1358 637; x_wconf 87' lang='lat' dir='ltr'><strong>duos</strong></span> <span class='ocrx_word' id='word_1_24' title='bbox 1373 601 1552 640; x_wconf 88' lang='lat' dir='ltr'><strong>ramos</strong></span> <span class='ocrx_word' id='word_1_25' title='bbox 1570 587 1816 642; x_wconf 84' lang='lat' dir='ltr'><strong>olearum</strong></span> <span class='ocrx_word' id='word_1_26' title='bbox 1849 590 2159 659; x_wconf 73' lang='lat' dir='ltr'><strong>appellavit,</strong></span> 
     </span>
    </p>
   </div>
   <div class='ocr_carea' id='block_1_7' title="bbox 585 670 2157 752">
    <p class='ocr_par' dir='ltr' id='par_1_7' title="bbox 585 670 2157 752">
     <span class='ocr_line' id='line_1_7' title="bbox 585 670 2157 752; baseline 0.01 -30"><span class='ocrx_word' id='word_1_27' title='bbox 585 684 642 723; x_wconf 83' lang='lat' dir='ltr'><strong>et</strong></span> <span class='ocrx_word' id='word_1_28' title='bbox 670 686 726 724; x_wconf 87' lang='lat' dir='ltr'><strong>se</strong></span> <span class='ocrx_word' id='word_1_29' title='bbox 757 671 941 725; x_wconf 88' lang='lat' dir='ltr'><strong>doceri</strong></span> <span class='ocrx_word' id='word_1_30' title='bbox 956 670 1220 741; x_wconf 84' lang='lat' dir='ltr'><strong>ﬂagitavit</strong></span> <span class='ocrx_word' id='word_1_31' title='bbox 1272 676 1428 745; x_wconf 82' lang='lat' dir='ltr'><strong>cujus</strong></span> <span class='ocrx_word' id='word_1_32' title='bbox 1462 677 1543 732; x_wconf 87' lang='lat' dir='ltr'><strong>rei</strong></span> <span class='ocrx_word' id='word_1_33' title='bbox 1575 688 1761 733; x_wconf 81' lang='lat' dir='ltr'><strong>essent</strong></span> <span class='ocrx_word' id='word_1_34' title='bbox 1785 680 1876 734; x_wconf 88' lang='lat' dir='ltr'><strong>illa</strong></span> <span class='ocrx_word' id='word_1_35' title='bbox 1893 682 2157 752; x_wconf 81' lang='lat' dir='ltr'><strong>symbola,</strong></span> 
     </span>
    </p>
   </div>
   <div class='ocr_carea' id='block_1_8' title="bbox 585 759 2163 842">
    <p class='ocr_par' dir='ltr' id='par_1_8' title="bbox 585 759 2163 842">
     <span class='ocr_line' id='line_1_8' title="bbox 585 759 2163 842; baseline 0.01 -30"><span class='ocrx_word' id='word_1_36' title='bbox 585 759 780 814; x_wconf 83' lang='lat' dir='ltr'><strong>didicit</strong></span> <span class='ocrx_word' id='word_1_37' title='bbox 813 761 981 824; x_wconf 90' lang='lat' dir='ltr'><strong>illico,</strong></span> <span class='ocrx_word' id='word_1_38' title='bbox 1010 761 1227 817; x_wconf 79' lang='lat' dir='ltr'><strong>dicente</strong></span> <span class='ocrx_word' id='word_1_39' title='bbox 1255 767 1448 835; x_wconf 83' lang='lat' dir='ltr'><strong>angelo</strong></span> <span class='ocrx_word' id='word_1_40' title='bbox 1479 784 1490 819; x_wconf 93' lang='lat'>:</span> <span class='ocrx_word' id='word_1_41' title='bbox 1529 786 1546 817; x_wconf 78' lang='grc' dir='ltr'><strong>ι</strong></span> <span class='ocrx_word' id='word_1_42' title='bbox 1587 768 1652 824; x_wconf 84' lang='lat' dir='ltr'><strong>Hi</strong></span> <span class='ocrx_word' id='word_1_43' title='bbox 1683 769 1794 824; x_wconf 90' lang='lat' dir='ltr'><strong>duo</strong></span> <span class='ocrx_word' id='word_1_44' title='bbox 1812 769 1908 823; x_wconf 78' lang='lat' dir='ltr'><strong>lilii</strong></span> <span class='ocrx_word' id='word_1_45' title='bbox 1934 772 2163 842; x_wconf 87' lang='lat' dir='ltr'><strong>pingue-</strong></span> 
     </span>
    </p>
   </div>
   <div class='ocr_carea' id='block_1_9' title="bbox 586 849 2161 920">
    <p class='ocr_par' dir='ltr' id='par_1_9' title="bbox 586 849 2161 920">
     <span class='ocr_line' id='line_1_9' title="bbox 586 849 2161 920; baseline 0.012 -18"><span class='ocrx_word' id='word_1_46' title='bbox 586 849 732 903; x_wconf 88' lang='lat' dir='ltr'><strong>diuis</strong></span> <span class='ocrx_word' id='word_1_47' title='bbox 765 860 1085 906; x_wconf 87' lang='lat' dir='ltr'><strong>astantante</strong></span> <span class='ocrx_word' id='word_1_48' title='bbox 1124 853 1417 910; x_wconf 89' lang='lat' dir='ltr'><strong>Dominum</strong></span> <span class='ocrx_word' id='word_1_49' title='bbox 1448 858 1718 914; x_wconf 64' lang='lat' dir='ltr'><strong>universae</strong></span> <span class='ocrx_word' id='word_1_50' title='bbox 1744 869 1925 915; x_wconf 71' lang='lat' dir='ltr'><strong>terrae.</strong></span> <span class='ocrx_word' id='word_1_51' title='bbox 1966 882 1983 913; x_wconf 76' lang='grc' dir='ltr'><strong>ι</strong></span> <span class='ocrx_word' id='word_1_52' title='bbox 2014 864 2161 920; x_wconf 88' lang='lat' dir='ltr'><strong>Duos</strong></span> 
     </span>
    </p>
   </div>
   <div class='ocr_carea' id='block_1_10' title="bbox 583 943 2158 1018">
    <p class='ocr_par' dir='ltr' id='par_1_10' title="bbox 583 943 2158 1018">
     <span class='ocr_line' id='line_1_10' title="bbox 583 943 2158 1018; baseline 0.011 -25"><span class='ocrx_word' id='word_1_53' title='bbox 583 956 749 1010; x_wconf 90' lang='lat' dir='ltr'><strong>porro</strong></span> <span class='ocrx_word' id='word_1_54' title='bbox 782 943 1130 1012; x_wconf 81' lang='lat' dir='ltr'><strong>pinguedinis</strong></span> <span class='ocrx_word' id='word_1_55' title='bbox 1171 944 1313 1001; x_wconf 89' lang='lat' dir='ltr'><strong>ﬁlios</strong></span> <span class='ocrx_word' id='word_1_56' title='bbox 1358 956 1474 1000; x_wconf 92' lang='lat' dir='ltr'><strong>tum</strong></span> <span class='ocrx_word' id='word_1_57' title='bbox 1510 948 1664 1003; x_wconf 88' lang='lat' dir='ltr'><strong>illum</strong></span> <span class='ocrx_word' id='word_1_58' title='bbox 1702 966 1772 1005; x_wconf 83' lang='lat' dir='ltr'><strong>ex</strong></span> <span class='ocrx_word' id='word_1_59' title='bbox 1799 953 1988 1018; x_wconf 88' lang='lat' dir='ltr'><strong>Israel,</strong></span> <span class='ocrx_word' id='word_1_60' title='bbox 2042 963 2158 1010; x_wconf 90' lang='lat' dir='ltr'><strong>tum</strong></span> 
     </span>
    </p>
   </div>
   <div class='ocr_carea' id='block_1_11' title="bbox 583 1034 2160 1114">
    <p class='ocr_par' dir='ltr' id='par_1_11' title="bbox 583 1034 2160 1114">
     <span class='ocr_line' id='line_1_11' title="bbox 583 1034 2160 1114; baseline 0.011 -30"><span class='ocrx_word' id='word_1_61' title='bbox 583 1046 714 1085; x_wconf 89' lang='lat' dir='ltr'><strong>vero</strong></span> <span class='ocrx_word' id='word_1_62' title='bbox 741 1034 975 1088; x_wconf 86' lang='lat' dir='ltr'><strong>alterum</strong></span> <span class='ocrx_word' id='word_1_63' title='bbox 1005 1051 1073 1089; x_wconf 80' lang='lat' dir='ltr'><strong>ex</strong></span> <span class='ocrx_word' id='word_1_64' title='bbox 1102 1038 1362 1106; x_wconf 83' lang='lat' dir='ltr'><strong>gentibus</strong></span> <span class='ocrx_word' id='word_1_65' title='bbox 1382 1040 1645 1108; x_wconf 86' lang='lat' dir='ltr'><strong>populum</strong></span> <span class='ocrx_word' id='word_1_66' title='bbox 1668 1043 1983 1112; x_wconf 81' lang='lat' dir='ltr'><strong>appellavit,</strong></span> <span class='ocrx_word' id='word_1_67' title='bbox 2020 1060 2160 1114; x_wconf 90' lang='lat' dir='ltr'><strong>quos</strong></span> 
     </span>
    </p>
   </div>
   <div class='ocr_carea' id='block_1_12' title="bbox 583 1126 2156 1191">
    <p class='ocr_par' dir='ltr' id='par_1_12' title="bbox 583 1126 2156 1191">
     <span class='ocr_line' id='line_1_12' title="bbox 583 1126 2156 1191; baseline 0.008 -12"><span class='ocrx_word' id='word_1_68' title='bbox 583 1126 748 1179; x_wconf 86' lang='lat' dir='ltr'><strong>etiam</strong></span> <span class='ocrx_word' id='word_1_69' title='bbox 780 1134 906 1179; x_wconf 82' lang='lat' dir='ltr'><strong>ante</strong></span> <span class='ocrx_word' id='word_1_70' title='bbox 936 1127 1224 1182; x_wconf 91' lang='lat' dir='ltr'><strong>Dominum</strong></span> <span class='ocrx_word' id='word_1_71' title='bbox 1251 1130 1526 1186; x_wconf 80' lang='lat' dir='ltr'><strong>universae</strong></span> <span class='ocrx_word' id='word_1_72' title='bbox 1554 1140 1717 1187; x_wconf 77' lang='lat' dir='ltr'><strong>terrae</strong></span> <span class='ocrx_word' id='word_1_73' title='bbox 1754 1143 1932 1191; x_wconf 86' lang='lat' dir='ltr'><strong>astare</strong></span> <span class='ocrx_word' id='word_1_74' title='bbox 1975 1136 2109 1191; x_wconf 88' lang='lat' dir='ltr'><strong>dicit</strong></span> <span class='ocrx_word' id='word_1_75' title='bbox 2142 1154 2156 1191; x_wconf 88' lang='lat'><strong>:</strong></span> 
     </span>
    </p>
   </div>
   <div class='ocr_carea' id='block_1_13' title="bbox 584 1214 2159 1298">
    <p class='ocr_par' dir='ltr' id='par_1_13' title="bbox 584 1214 2159 1298">
     <span class='ocr_line' id='line_1_13' title="bbox 584 1214 2159 1298; baseline 0.01 -31"><span class='ocrx_word' id='word_1_76' title='bbox 584 1214 638 1268; x_wconf 88' lang='lat' dir='ltr'><strong>in</strong></span> <span class='ocrx_word' id='word_1_77' title='bbox 662 1232 771 1284; x_wconf 88' lang='lat' dir='ltr'><strong>quo</strong></span> <span class='ocrx_word' id='word_1_78' title='bbox 794 1217 1081 1271; x_wconf 79' lang='lat' dir='ltr'><strong>manifeste</strong></span> <span class='ocrx_word' id='word_1_79' title='bbox 1099 1220 1449 1275; x_wconf 88' lang='lat' dir='ltr'><strong>etevidenter</strong></span> <span class='ocrx_word' id='word_1_80' title='bbox 1484 1222 1620 1276; x_wconf 90' lang='lat' dir='ltr'><strong>illud</strong></span> <span class='ocrx_word' id='word_1_81' title='bbox 1652 1225 1971 1281; x_wconf 88' lang='lat' dir='ltr'><strong>candelabri</strong></span> <span class='ocrx_word' id='word_1_82' title='bbox 1996 1229 2159 1298; x_wconf 78' lang='lat' dir='ltr'><strong>opiﬁ-</strong></span> 
     </span>
    </p>
   </div>
   <div class='ocr_carea' id='block_1_14' title="bbox 582 1306 2159 1387">
    <p class='ocr_par' dir='ltr' id='par_1_14' title="bbox 582 1306 2159 1387">
     <span class='ocr_line' id='line_1_14' title="bbox 582 1306 2159 1387; baseline 0.01 -26"><span class='ocrx_word' id='word_1_83' title='bbox 582 1306 729 1361; x_wconf 88' lang='lat' dir='ltr'><strong>cium</strong></span> <span class='ocrx_word' id='word_1_84' title='bbox 758 1323 858 1377; x_wconf 92' lang='lat' dir='ltr'><strong>pro</strong></span> <span class='ocrx_word' id='word_1_85' title='bbox 887 1308 1091 1364; x_wconf 88' lang='lat' dir='ltr'><strong>Christi</strong></span> <span class='ocrx_word' id='word_1_86' title='bbox 1142 1310 1314 1381; x_wconf 88' lang='lat' dir='ltr'><strong>ﬁgura</strong></span> <span class='ocrx_word' id='word_1_87' title='bbox 1365 1314 1571 1382; x_wconf 85' lang='lat' dir='ltr'><strong>posuit,</strong></span> <span class='ocrx_word' id='word_1_88' title='bbox 1617 1315 1684 1369; x_wconf 92' lang='lat' dir='ltr'><strong>ad</strong></span> <span class='ocrx_word' id='word_1_89' title='bbox 1712 1318 1869 1387; x_wconf 89' lang='lat' dir='ltr'><strong>cujus</strong></span> <span class='ocrx_word' id='word_1_90' title='bbox 1910 1318 2159 1376; x_wconf 73' lang='lat' dir='ltr'><strong>dextram</strong></span> 
     </span>
    </p>
   </div>
   <div class='ocr_carea' id='block_1_15' title="bbox 581 1399 2162 1480">
    <p class='ocr_par' dir='ltr' id='par_1_15' title="bbox 581 1399 2162 1480">
     <span class='ocr_line' id='line_1_15' title="bbox 581 1399 2162 1480; baseline 0.011 -29"><span class='ocrx_word' id='word_1_91' title='bbox 581 1399 968 1469; x_wconf 89' lang='lat' dir='ltr'><strong>sinistramque</strong></span> <span class='ocrx_word' id='word_1_92' title='bbox 1016 1410 1227 1471; x_wconf 89' lang='lat' dir='ltr'><strong>partem</strong></span> <span class='ocrx_word' id='word_1_93' title='bbox 1256 1405 1530 1460; x_wconf 88' lang='lat' dir='ltr'><strong>olivarum</strong></span> <span class='ocrx_word' id='word_1_94' title='bbox 1571 1409 1711 1462; x_wconf 90' lang='lat' dir='ltr'><strong>rami</strong></span> <span class='ocrx_word' id='word_1_95' title='bbox 1762 1418 2022 1480; x_wconf 84' lang='lat' dir='ltr'><strong>tanquam</strong></span> <span class='ocrx_word' id='word_1_96' title='bbox 2055 1414 2162 1468; x_wconf 82' lang='lat' dir='ltr'><strong>cir-</strong></span> 
     </span>
    </p>
   </div>
   <div class='ocr_carea' id='block_1_16' title="bbox 580 1490 2159 1573">
    <p class='ocr_par' dir='ltr' id='par_1_16' title="bbox 580 1490 2159 1573">
     <span class='ocr_line' id='line_1_16' title="bbox 580 1490 2159 1573; baseline 0.011 -31"><span class='ocrx_word' id='word_1_97' title='bbox 580 1504 706 1542; x_wconf 69' lang='lat' dir='ltr'><strong>cum</strong></span> <span class='ocrx_word' id='word_1_98' title='bbox 736 1490 866 1545; x_wconf 89' lang='lat' dir='ltr'><strong>illud</strong></span> <span class='ocrx_word' id='word_1_99' title='bbox 896 1499 1080 1546; x_wconf 86' lang='lat' dir='ltr'><strong>essent</strong></span> <span class='ocrx_word' id='word_1_100' title='bbox 1102 1494 1374 1560; x_wconf 88' lang='lat' dir='ltr'><strong>collocati,</strong></span> <span class='ocrx_word' id='word_1_101' title='bbox 1404 1497 1817 1568; x_wconf 86' lang='lat' dir='ltr'><strong>impinguantur</strong></span> <span class='ocrx_word' id='word_1_102' title='bbox 1838 1501 1981 1567; x_wconf 91' lang='lat' dir='ltr'><strong>oleo,</strong></span> <span class='ocrx_word' id='word_1_103' title='bbox 2012 1503 2159 1573; x_wconf 89' lang='lat' dir='ltr'><strong>quod</strong></span> 
     </span>
    </p>
   </div>
   <div class='ocr_carea' id='block_1_17' title="bbox 582 1570 2159 1658">
    <p class='ocr_par' dir='ltr' id='par_1_17' title="bbox 582 1570 2159 1658">
     <span class='ocr_line' id='line_1_17' title="bbox 582 1570 2159 1658; baseline 0.01 -24"><span class='ocrx_word' id='word_1_104' title='bbox 582 1583 752 1635; x_wconf 88' lang='lat' dir='ltr'><strong>sancti</strong></span> <span class='ocrx_word' id='word_1_105' title='bbox 782 1570 1020 1651; x_wconf 85' lang='lat' dir='ltr'><strong>Spiritus</strong></span> <span class='ocrx_word' id='word_1_106' title='bbox 1063 1584 1293 1654; x_wconf 89' lang='lat' dir='ltr'><strong>ﬁguram</strong></span> <span class='ocrx_word' id='word_1_107' title='bbox 1332 1589 1513 1658; x_wconf 86' lang='lat' dir='ltr'><strong>gerit;</strong></span> <span class='ocrx_word' id='word_1_108' title='bbox 1545 1599 1786 1646; x_wconf 85' lang='lat' dir='ltr'><strong>mentem</strong></span> <span class='ocrx_word' id='word_1_109' title='bbox 1813 1570 2159 1650; x_wconf 75' lang='lat' dir='ltr'><strong>credentium</strong></span> 
     </span>
    </p>
   </div>
   <div class='ocr_carea' id='block_1_18' title="bbox 582 1671 2160 1757">
    <p class='ocr_par' dir='ltr' id='par_1_18' title="bbox 582 1671 2160 1757">
     <span class='ocr_line' id='line_1_18' title="bbox 582 1671 2160 1757; baseline 0.01 -32"><span class='ocrx_word' id='word_1_110' title='bbox 582 1671 880 1742; x_wconf 79' lang='lat' dir='ltr'><strong>irr‘igantis,</strong></span> <span class='ocrx_word' id='word_1_111' title='bbox 909 1675 1064 1744; x_wconf 83' lang='lat' dir='ltr'><strong>juxta</strong></span> <span class='ocrx_word' id='word_1_112' title='bbox 1115 1675 1291 1731; x_wconf 88' lang='lat' dir='ltr'><strong>illud:</strong></span> <span class='ocrx_word' id='word_1_113' title='bbox 1331 1697 1349 1729; x_wconf 74' lang='grc' dir='ltr'><strong>ι</strong></span> <span class='ocrx_word' id='word_1_114' title='bbox 1385 1679 1744 1751; x_wconf 88' lang='lat' dir='ltr'><strong>lmpinguasti</strong></span> <span class='ocrx_word' id='word_1_115' title='bbox 1770 1683 1827 1738; x_wconf 89' lang='lat' dir='ltr'><strong>in</strong></span> <span class='ocrx_word' id='word_1_116' title='bbox 1851 1684 1973 1739; x_wconf 89' lang='lat' dir='ltr'><strong>oleo</strong></span> <span class='ocrx_word' id='word_1_117' title='bbox 1994 1694 2160 1757; x_wconf 89' lang='lat' dir='ltr'><strong>caput</strong></span> 
     </span>
    </p>
   </div>
   <div class='ocr_carea' id='block_1_19' title="bbox 580 1764 908 1818">
    <p class='ocr_par' dir='ltr' id='par_1_19' title="bbox 580 1764 908 1818">
     <span class='ocr_line' id='line_1_19' title="bbox 580 1764 908 1818; baseline 0 -2"><span class='ocrx_word' id='word_1_118' title='bbox 580 1779 762 1818; x_wconf 86' lang='lat' dir='ltr'><strong>meum</strong></span> <span class='ocrx_word' id='word_1_119' title='bbox 802 1764 869 1817; x_wconf 89' lang='grc'><strong>³⁰.</strong></span> <span class='ocrx_word' id='word_1_120' title='bbox 892 1784 908 1815; x_wconf 73' lang='grc' dir='ltr'><strong>ι</strong></span> 
     </span>
    </p>
   </div>
   <div class='ocr_carea' id='block_1_20' title="bbox 2261 591 3838 675">
    <p class='ocr_par' dir='ltr' id='par_1_20' title="bbox 2261 591 3838 675">
     <span class='ocr_line' id='line_1_20' title="bbox 2261 591 3838 675; baseline 0.01 -32"><span class='ocrx_word' id='word_1_121' title='bbox 2261 591 2354 644; x_wconf 87' lang='grc' dir='ltr'><strong>δύο</strong></span> <span class='ocrx_word' id='word_1_122' title='bbox 2388 592 2611 658; x_wconf 82' lang='grc' dir='ltr'><strong>κλάδους</strong></span> <span class='ocrx_word' id='word_1_123' title='bbox 2649 596 2846 650; x_wconf 80' lang='grc' dir='ltr'><strong>ἐλαιῶν</strong></span> <span class='ocrx_word' id='word_1_124' title='bbox 2885 597 3134 669; x_wconf 76' lang='grc' dir='ltr'><strong>ὠνόμαζε</strong></span> <span class='ocrx_word' id='word_1_125' title='bbox 3175 602 3381 666; x_wconf 83' lang='grc' dir='ltr'><strong>λοιπὸν,</strong></span> <span class='ocrx_word' id='word_1_126' title='bbox 3410 606 3505 656; x_wconf 77' lang='grc' dir='ltr'><strong>καὶ</strong></span> <span class='ocrx_word' id='word_1_127' title='bbox 3539 606 3838 675; x_wconf 81' lang='grc' dir='ltr'><strong>ἀναμαθεῐν</strong></span> 
     </span>
    </p>
   </div>
   <div class='ocr_carea' id='block_1_21' title="bbox 2261 680 3838 758">
    <p class='ocr_par' dir='ltr' id='par_1_21' title="bbox 2261 680 3838 758">
     <span class='ocr_line' id='line_1_21' title="bbox 2261 680 3838 758; baseline 0.011 -26"><span class='ocrx_word' id='word_1_128' title='bbox 2261 680 2531 752; x_wconf 82' lang='grc' dir='ltr'><strong>ἐλιπάρει,</strong></span> <span class='ocrx_word' id='word_1_129' title='bbox 2571 683 2715 748; x_wconf 84' lang='grc' dir='ltr'><strong>τινος</strong></span> <span class='ocrx_word' id='word_1_130' title='bbox 2736 685 2803 740; x_wconf 82' lang='grc' dir='ltr'><strong>ἂν</strong></span> <span class='ocrx_word' id='word_1_131' title='bbox 2827 686 2912 757; x_wconf 73' lang='grc' dir='ltr'><strong>εἴη</strong></span> <span class='ocrx_word' id='word_1_132' title='bbox 2946 687 3188 758; x_wconf 77' lang='grc' dir='ltr'><strong>σύμϐολα</strong></span> <span class='ocrx_word' id='word_1_133' title='bbox 3209 692 3367 744; x_wconf 72' lang='grc' dir='ltr'><strong>ταυτὶ</strong></span> <span class='ocrx_word' id='word_1_134' title='bbox 3397 692 3705 747; x_wconf 80' lang='grc' dir='ltr'><strong>ἐδιδάσκετο</strong></span> <span class='ocrx_word' id='word_1_135' title='bbox 3734 713 3838 749; x_wconf 87' lang='grc' dir='ltr'><strong>πα-</strong></span> 
     </span>
    </p>
   </div>
   <div class='ocr_carea' id='block_1_22' title="bbox 2262 773 3838 847">
    <p class='ocr_par' dir='ltr' id='par_1_22' title="bbox 2262 773 3838 847">
     <span class='ocr_line' id='line_1_22' title="bbox 2262 773 3838 847; baseline 0.009 -23"><span class='ocrx_word' id='word_1_136' title='bbox 2262 773 2544 844; x_wconf 81' lang='grc' dir='ltr'><strong>ραχρῆμα,</strong></span> <span class='ocrx_word' id='word_1_137' title='bbox 2573 775 2667 828; x_wconf 81' lang='grc' dir='ltr'><strong>τοῦ</strong></span> <span class='ocrx_word' id='word_1_138' title='bbox 2703 777 2937 846; x_wconf 79' lang='grc' dir='ltr'><strong>ἀγγέλου</strong></span> <span class='ocrx_word' id='word_1_139' title='bbox 2969 779 3238 847; x_wconf 84' lang='grc' dir='ltr'><strong>λέγοντος·</strong></span> <span class='ocrx_word' id='word_1_140' title='bbox 3288 801 3307 833; x_wconf 79' lang='grc' dir='ltr'><strong>ι</strong></span> <span class='ocrx_word' id='word_1_141' title='bbox 3340 774 3499 836; x_wconf 70' lang='grc' dir='ltr'><strong>Οὗτοι</strong></span> <span class='ocrx_word' id='word_1_142' title='bbox 3538 786 3585 835; x_wconf 90' lang='grc' dir='ltr'><strong>οί</strong></span> <span class='ocrx_word' id='word_1_143' title='bbox 3613 785 3707 838; x_wconf 82' lang='grc' dir='ltr'><strong>δύο</strong></span> <span class='ocrx_word' id='word_1_144' title='bbox 3734 787 3838 838; x_wconf 58' lang='grc' dir='ltr'><strong>υίοὶ⁵</strong></span> 
     </span>
    </p>
   </div>
   <div class='ocr_carea' id='block_1_23' title="bbox 2259 862 3829 945">
    <p class='ocr_par' dir='ltr' id='par_1_23' title="bbox 2259 862 3829 945">
     <span class='ocr_line' id='line_1_23' title="bbox 2259 862 3829 945; baseline 0.006 -29"><span class='ocrx_word' id='word_1_145' title='bbox 2259 862 2359 931; x_wconf 82' lang='grc' dir='ltr'><strong>τῆς</strong></span> <span class='ocrx_word' id='word_1_146' title='bbox 2382 865 2633 936; x_wconf 78' lang='grc' dir='ltr'><strong>πιότητος</strong></span> <span class='ocrx_word' id='word_1_147' title='bbox 2644 870 3030 939; x_wconf 80' lang='grc' dir='ltr'><strong>παρεστήκασι</strong></span> <span class='ocrx_word' id='word_1_148' title='bbox 3044 870 3123 940; x_wconf 81' lang='grc' dir='ltr'><strong>τῷ</strong></span> <span class='ocrx_word' id='word_1_149' title='bbox 3141 873 3331 943; x_wconf 81' lang='grc' dir='ltr'>Κυρίῳ</span> <span class='ocrx_word' id='word_1_150' title='bbox 3348 875 3529 943; x_wconf 84' lang='grc' dir='ltr'><strong>πάσης</strong></span> <span class='ocrx_word' id='word_1_151' title='bbox 3544 874 3644 943; x_wconf 76' lang='grc' dir='ltr'><strong>τῆς</strong></span> <span class='ocrx_word' id='word_1_152' title='bbox 3664 876 3785 945; x_wconf 81' lang='grc' dir='ltr'><strong>γῆς.</strong></span> <span class='ocrx_word' id='word_1_153' title='bbox 3811 895 3829 926; x_wconf 73' lang='grc' dir='ltr'><strong>ι</strong></span> 
     </span>
    </p>
   </div>
   <div class='ocr_carea' id='block_1_24' title="bbox 2259 950 3835 1033">
    <p class='ocr_par' dir='ltr' id='par_1_24' title="bbox 2259 950 3835 1033">
     <span class='ocr_line' id='line_1_24' title="bbox 2259 950 3835 1033; baseline 0.007 -29"><span class='ocrx_word' id='word_1_154' title='bbox 2259 950 2421 1016; x_wconf 79' lang='grc' dir='ltr'><strong>Υίοὺς</strong></span> <span class='ocrx_word' id='word_1_155' title='bbox 2448 952 2503 1006; x_wconf 81' lang='grc' dir='ltr'><strong>δὲ</strong></span> <span class='ocrx_word' id='word_1_156' title='bbox 2529 954 2784 1025; x_wconf 81' lang='grc' dir='ltr'><strong>πιότητος</strong></span> <span class='ocrx_word' id='word_1_157' title='bbox 2806 955 2917 1020; x_wconf 87' lang='grc' dir='ltr'><strong>δύο,</strong></span> <span class='ocrx_word' id='word_1_158' title='bbox 2945 958 3037 1011; x_wconf 90' lang='grc' dir='ltr'><strong>τόν</strong></span> <span class='ocrx_word' id='word_1_159' title='bbox 3059 976 3119 1011; x_wconf 92' lang='grc' dir='ltr'><strong>τε</strong></span> <span class='ocrx_word' id='word_1_160' title='bbox 3149 959 3210 1025; x_wconf 81' lang='grc' dir='ltr'><strong>ἐξ</strong></span> <span class='ocrx_word' id='word_1_161' title='bbox 3250 961 3487 1032; x_wconf 80' lang='grc' dir='ltr'><strong>Ἰσραὴλ,</strong></span> <span class='ocrx_word' id='word_1_162' title='bbox 3514 964 3610 1015; x_wconf 71' lang='grc' dir='ltr'><strong>καὶ</strong></span> <span class='ocrx_word' id='word_1_163' title='bbox 3633 964 3731 1033; x_wconf 80' lang='grc' dir='ltr'><strong>μέν</strong></span> <span class='ocrx_word' id='word_1_164' title='bbox 3754 981 3835 1016; x_wconf 85' lang='grc' dir='ltr'><strong>τοι</strong></span> 
     </span>
    </p>
   </div>
   <div class='ocr_carea' id='block_1_25' title="bbox 2260 1043 3836 1121">
    <p class='ocr_par' dir='ltr' id='par_1_25' title="bbox 2260 1043 3836 1121">
     <span class='ocr_line' id='line_1_25' title="bbox 2260 1043 3836 1121; baseline 0.004 -24"><span class='ocrx_word' id='word_1_165' title='bbox 2260 1043 2349 1097; x_wconf 84' lang='grc' dir='ltr'><strong>τὸν</strong></span> <span class='ocrx_word' id='word_1_166' title='bbox 2403 1043 2462 1109; x_wconf 80' lang='grc' dir='ltr'><strong>ἐξ</strong></span> <span class='ocrx_word' id='word_1_167' title='bbox 2520 1043 2689 1097; x_wconf 81' lang='grc' dir='ltr'><strong>ἐθνῶν</strong></span> <span class='ocrx_word' id='word_1_168' title='bbox 2740 1045 3003 1102; x_wconf 81' lang='grc' dir='ltr'><strong>ἀπεκάλει</strong></span> <span class='ocrx_word' id='word_1_169' title='bbox 3040 1046 3189 1113; x_wconf 80' lang='grc' dir='ltr'><strong>λαὸν,</strong></span> <span class='ocrx_word' id='word_1_170' title='bbox 3234 1048 3327 1112; x_wconf 86' lang='grc' dir='ltr'><strong>οὒς</strong></span> <span class='ocrx_word' id='word_1_171' title='bbox 3378 1049 3474 1103; x_wconf 75' lang='grc' dir='ltr'><strong>καὶ</strong></span> <span class='ocrx_word' id='word_1_172' title='bbox 3523 1050 3601 1120; x_wconf 83' lang='grc' dir='ltr'><strong>τῷ</strong></span> <span class='ocrx_word' id='word_1_173' title='bbox 3647 1053 3836 1121; x_wconf 83' lang='grc' dir='ltr'><strong>Κυρίῳ</strong></span> 
     </span>
    </p>
   </div>
   <div class='ocr_carea' id='block_1_26' title="bbox 2259 1134 3835 1208">
    <p class='ocr_par' dir='ltr' id='par_1_26' title="bbox 2259 1134 3835 1208">
     <span class='ocr_line' id='line_1_26' title="bbox 2259 1134 3835 1208; baseline 0.003 -20"><span class='ocrx_word' id='word_1_174' title='bbox 2259 1134 2439 1204; x_wconf 82' lang='grc' dir='ltr'><strong>πάσης</strong></span> <span class='ocrx_word' id='word_1_175' title='bbox 2462 1135 2561 1204; x_wconf 86' lang='grc' dir='ltr'><strong>τῆς</strong></span> <span class='ocrx_word' id='word_1_176' title='bbox 2580 1137 2683 1206; x_wconf 84' lang='grc' dir='ltr'><strong>γῆς</strong></span> <span class='ocrx_word' id='word_1_177' title='bbox 2706 1137 3045 1205; x_wconf 80' lang='grc' dir='ltr'><strong>παρεστάναι</strong></span> <span class='ocrx_word' id='word_1_178' title='bbox 3075 1140 3230 1207; x_wconf 75' lang='grc' dir='ltr'><strong>φησὶ,</strong></span> <span class='ocrx_word' id='word_1_179' title='bbox 3258 1140 3443 1208; x_wconf 77' lang='grc' dir='ltr'><strong>σαφῶς</strong></span> <span class='ocrx_word' id='word_1_180' title='bbox 3468 1157 3532 1192; x_wconf 83' lang='grc' dir='ltr'><strong>τε</strong></span> <span class='ocrx_word' id='word_1_181' title='bbox 3560 1142 3653 1192; x_wconf 73' lang='grc' dir='ltr'><strong>καὶ</strong></span> <span class='ocrx_word' id='word_1_182' title='bbox 3679 1144 3835 1208; x_wconf 77' lang='grc' dir='ltr'><strong>ἐναρο</strong></span> 
     </span>
    </p>
   </div>
   <div class='ocr_carea' id='block_1_27' title="bbox 2257 1219 3836 1301">
    <p class='ocr_par' dir='ltr' id='par_1_27' title="bbox 2257 1219 3836 1301">
     <span class='ocr_line' id='line_1_27' title="bbox 2257 1219 3836 1301; baseline 0.008 -30"><span class='ocrx_word' id='word_1_183' title='bbox 2257 1219 2369 1288; x_wconf 90' lang='grc' dir='ltr'><strong>γῶς</strong></span> <span class='ocrx_word' id='word_1_184' title='bbox 2412 1222 2494 1284; x_wconf 89' lang='grc' dir='ltr'><strong>είς</strong></span> <span class='ocrx_word' id='word_1_185' title='bbox 2531 1220 2697 1275; x_wconf 81' lang='grc' dir='ltr'><strong>τύπον</strong></span> <span class='ocrx_word' id='word_1_186' title='bbox 2728 1223 2992 1293; x_wconf 77' lang='grc' dir='ltr'><strong>Χριστοῦ,</strong></span> <span class='ocrx_word' id='word_1_187' title='bbox 3026 1226 3088 1278; x_wconf 81' lang='grc' dir='ltr'><strong>τὸ</strong></span> <span class='ocrx_word' id='word_1_188' title='bbox 3125 1227 3223 1278; x_wconf 78' lang='grc' dir='ltr'><strong>ἐπὶ·</strong></span> <span class='ocrx_word' id='word_1_189' title='bbox 3258 1231 3329 1298; x_wconf 78' lang='grc' dir='ltr'><strong>τῇ</strong></span> <span class='ocrx_word' id='word_1_190' title='bbox 3367 1228 3559 1300; x_wconf 74' lang='grc' dir='ltr'><strong>λυχνίᾳ</strong></span> <span class='ocrx_word' id='word_1_191' title='bbox 3592 1232 3836 1301; x_wconf 85' lang='grc' dir='ltr'><strong>τέχνημα</strong></span> 
     </span>
    </p>
   </div>
   <div class='ocr_carea' id='block_1_28' title="bbox 2258 1304 3835 1385">
    <p class='ocr_par' dir='ltr' id='par_1_28' title="bbox 2258 1304 3835 1385">
     <span class='ocr_line' id='line_1_28' title="bbox 2258 1304 3835 1385; baseline 0.01 -26"><span class='ocrx_word' id='word_1_192' title='bbox 2258 1307 2447 1372; x_wconf 75' lang='grc' dir='ltr'><strong>τιθεὶς,</strong></span> <span class='ocrx_word' id='word_1_193' title='bbox 2477 1304 2545 1380; x_wconf 86' lang='grc' dir='ltr'><strong>ἦς</strong></span> <span class='ocrx_word' id='word_1_194' title='bbox 2564 1311 2613 1363; x_wconf 90' lang='grc' dir='ltr'><strong>οί</strong></span> <span class='ocrx_word' id='word_1_195' title='bbox 2639 1311 2822 1366; x_wconf 78' lang='grc' dir='ltr'><strong>κλάδοι</strong></span> <span class='ocrx_word' id='word_1_196' title='bbox 2841 1312 2950 1366; x_wconf 90' lang='grc' dir='ltr'><strong>τῶν</strong></span> <span class='ocrx_word' id='word_1_197' title='bbox 2976 1313 3193 1381; x_wconf 89' lang='grc' dir='ltr'><strong>ἐλαιῶν,</strong></span> <span class='ocrx_word' id='word_1_198' title='bbox 3222 1318 3300 1382; x_wconf 86' lang='grc' dir='ltr'><strong>είς</strong></span> <span class='ocrx_word' id='word_1_199' title='bbox 3324 1318 3475 1385; x_wconf 74' lang='grc' dir='ltr'><strong>δεξιά</strong></span> <span class='ocrx_word' id='word_1_200' title='bbox 3492 1337 3551 1373; x_wconf 91' lang='grc' dir='ltr'><strong>τε</strong></span> <span class='ocrx_word' id='word_1_201' title='bbox 3581 1323 3674 1374; x_wconf 75' lang='grc' dir='ltr'><strong>καὶ</strong></span> <span class='ocrx_word' id='word_1_202' title='bbox 3698 1320 3835 1374; x_wconf 80' lang='grc' dir='ltr'><strong>εὐώ-</strong></span> 
     </span>
    </p>
   </div>
   <div class='ocr_carea' id='block_1_29' title="bbox 2259 1403 3834 1482">
    <p class='ocr_par' dir='ltr' id='par_1_29' title="bbox 2259 1403 3834 1482">
     <span class='ocr_line' id='line_1_29' title="bbox 2259 1403 3834 1482; baseline 0.008 -30"><span class='ocrx_word' id='word_1_203' title='bbox 2259 1416 2438 1480; x_wconf 83' lang='grc' dir='ltr'><strong>νυμα,</strong></span> <span class='ocrx_word' id='word_1_204' title='bbox 2468 1403 2562 1454; x_wconf 78' lang='grc' dir='ltr'><strong>καὶ</strong></span> <span class='ocrx_word' id='word_1_205' title='bbox 2604 1404 2769 1456; x_wconf 73' lang='grc' dir='ltr'><strong>οἱονεὶ</strong></span> <span class='ocrx_word' id='word_1_206' title='bbox 2797 1404 2896 1476; x_wconf 82' lang='grc' dir='ltr'><strong>τὴν</strong></span> <span class='ocrx_word' id='word_1_207' title='bbox 2926 1406 2984 1458; x_wconf 90' lang='grc' dir='ltr'><strong>ἐν</strong></span> <span class='ocrx_word' id='word_1_208' title='bbox 3024 1406 3207 1477; x_wconf 83' lang='grc' dir='ltr'><strong>κύκλῳ</strong></span> <span class='ocrx_word' id='word_1_209' title='bbox 3234 1408 3489 1479; x_wconf 80' lang='grc' dir='ltr'><strong>λαχόντες</strong></span> <span class='ocrx_word' id='word_1_210' title='bbox 3530 1412 3719 1465; x_wconf 83' lang='grc' dir='ltr'><strong>στάσιν</strong></span> <span class='ocrx_word' id='word_1_211' title='bbox 3754 1411 3834 1482; x_wconf 81' lang='grc' dir='ltr'><strong>τῷ</strong></span> 
     </span>
    </p>
   </div>
   <div class='ocr_carea' id='block_1_30' title="bbox 2260 1476 3829 1571">
    <p class='ocr_par' dir='ltr' id='par_1_30' title="bbox 2260 1476 3829 1571">
     <span class='ocr_line' id='line_1_30' title="bbox 2260 1476 3829 1571; baseline 0.011 -31"><span class='ocrx_word' id='word_1_212' title='bbox 2260 1476 2425 1560; x_wconf 79' lang='grc' dir='ltr'><strong>ἐλαίῳ</strong></span> <span class='ocrx_word' id='word_1_213' title='bbox 2440 1491 2907 1558; x_wconf 85' lang='grc' dir='ltr'><strong>καταπιαίνονται,</strong></span> <span class='ocrx_word' id='word_1_214' title='bbox 2923 1495 2953 1549; x_wconf 84' lang='grc' dir='ltr'><strong>ὅ</strong></span> <span class='ocrx_word' id='word_1_215' title='bbox 2970 1498 3117 1551; x_wconf 82' lang='grc' dir='ltr'><strong>ἐστιν</strong></span> <span class='ocrx_word' id='word_1_216' title='bbox 3133 1476 3286 1565; x_wconf 84' lang='grc' dir='ltr'><strong>ἁγίου</strong></span> <span class='ocrx_word' id='word_1_217' title='bbox 3306 1476 3619 1571; x_wconf 61' lang='grc' dir='ltr'><strong>Πνεύματος</strong></span> <span class='ocrx_word' id='word_1_218' title='bbox 3640 1476 3829 1565; x_wconf 53' lang='grc' dir='ltr'><strong>τάπ’,</strong></span> 
     </span>
    </p>
   </div>
   <div class='ocr_carea' id='block_1_31' title="bbox 2258 1579 3833 1660">
    <p class='ocr_par' dir='ltr' id='par_1_31' title="bbox 2258 1579 3833 1660">
     <span class='ocr_line' id='line_1_31' title="bbox 2258 1579 3833 1660; baseline 0.01 -29"><span class='ocrx_word' id='word_1_219' title='bbox 2258 1579 2354 1633; x_wconf 78' lang='grc' dir='ltr'><strong>τὸν</strong></span> <span class='ocrx_word' id='word_1_220' title='bbox 2369 1581 2477 1635; x_wconf 92' lang='grc' dir='ltr'><strong>τῶν</strong></span> <span class='ocrx_word' id='word_1_221' title='bbox 2500 1584 2863 1641; x_wconf 82' lang='grc' dir='ltr'><strong>πιστευόντων</strong></span> <span class='ocrx_word' id='word_1_222' title='bbox 2880 1589 3238 1660; x_wconf 79' lang='grc' dir='ltr'><strong>κατάρδοντας</strong></span> <span class='ocrx_word' id='word_1_223' title='bbox 3256 1590 3400 1659; x_wconf 76' lang='grc' dir='ltr'><strong>νοῦν,</strong></span> <span class='ocrx_word' id='word_1_224' title='bbox 3425 1592 3567 1645; x_wconf 77' lang='grc' dir='ltr'><strong>κατὰ</strong></span> <span class='ocrx_word' id='word_1_225' title='bbox 3583 1593 3664 1657; x_wconf 76' lang='grc' dir='ltr'><strong>τὸ,</strong></span> <span class='ocrx_word' id='word_1_226' title='bbox 3686 1606 3713 1646; x_wconf 71' lang='grc' dir='ltr'><strong>ι</strong></span> <span class='ocrx_word' id='word_1_227' title='bbox 3746 1595 3833 1647; x_wconf 81' lang='grc' dir='ltr'><strong>Ἑν</strong></span> 
     </span>
    </p>
   </div>
   <div class='ocr_carea' id='block_1_32' title="bbox 2260 1668 3315 1749">
    <p class='ocr_par' dir='ltr' id='par_1_32' title="bbox 2260 1668 3315 1749">
     <span class='ocr_line' id='line_1_32' title="bbox 2260 1668 3315 1749; baseline 0.009 -28"><span class='ocrx_word' id='word_1_228' title='bbox 2260 1668 2427 1743; x_wconf 80' lang='grc' dir='ltr'><strong>ἐλαίῳ</strong></span> <span class='ocrx_word' id='word_1_229' title='bbox 2460 1670 2721 1738; x_wconf 84' lang='grc' dir='ltr'><strong>ἐλίπανας</strong></span> <span class='ocrx_word' id='word_1_230' title='bbox 2740 1676 2840 1747; x_wconf 82' lang='grc' dir='ltr'><strong>τὴν</strong></span> <span class='ocrx_word' id='word_1_231' title='bbox 2864 1677 3108 1749; x_wconf 80' lang='grc' dir='ltr'><strong>κεφαλήν</strong></span> <span class='ocrx_word' id='word_1_232' title='bbox 3132 1695 3258 1749; x_wconf 88' lang='grc' dir='ltr'><strong>μου.</strong></span> <span class='ocrx_word' id='word_1_233' title='bbox 3292 1696 3315 1730; x_wconf 73' lang='grc' dir='ltr'><strong>ι</strong></span> 
     </span>
    </p>
   </div>
   <div class='ocr_carea' id='block_1_33' title="bbox 648 1841 2152 1933">
    <p class='ocr_par' dir='ltr' id='par_1_33' title="bbox 648 1846 2152 1933">
     <span class='ocr_line' id='line_1_33' title="bbox 648 1846 2152 1933; baseline 0.009 -25"><span class='ocrx_word' id='word_1_234' title='bbox 648 1846 844 1909; x_wconf 82' lang='lat' dir='ltr'><strong>PALL.</strong></span> <span class='ocrx_word' id='word_1_235' title='bbox 880 1846 985 1910; x_wconf 88' lang='lat' dir='ltr'><strong>Sed</strong></span> <span class='ocrx_word' id='word_1_236' title='bbox 1010 1871 1107 1911; x_wconf 89' lang='lat' dir='ltr'><strong>cur</strong></span> <span class='ocrx_word' id='word_1_237' title='bbox 1134 1872 1246 1912; x_wconf 91' lang='lat' dir='ltr'><strong>non</strong></span> <span class='ocrx_word' id='word_1_238' title='bbox 1269 1859 1419 1915; x_wconf 89' lang='lat' dir='ltr'><strong>oleas</strong></span> <span class='ocrx_word' id='word_1_239' title='bbox 1440 1874 1534 1915; x_wconf 88' lang='lat' dir='ltr'><strong>eas</strong></span> <span class='ocrx_word' id='word_1_240' title='bbox 1557 1862 1742 1932; x_wconf 88' lang='lat' dir='ltr'><strong>potius</strong></span> <span class='ocrx_word' id='word_1_241' title='bbox 1788 1878 1953 1933; x_wconf 90' lang='lat' dir='ltr'><strong>quam</strong></span> <span class='ocrx_word' id='word_1_242' title='bbox 1975 1880 2152 1921; x_wconf 88' lang='lat' dir='ltr'><strong>ramos</strong></span> 
     </span>
    </p>
   </div>
   <div class='ocr_carea' id='block_1_34' title="bbox 2253 1841 3833 1933">
    <p class='ocr_par' dir='ltr' id='par_1_34' title="bbox 2336 1841 3833 1926">
     <span class='ocr_line' id='line_1_34' title="bbox 2336 1841 3833 1926; baseline 0.009 -23"><span class='ocrx_word' id='word_1_243' title='bbox 2336 1851 2543 1905; x_wconf 81' lang='lat' dir='ltr'><strong>IIAAA.</strong></span> <span class='ocrx_word' id='word_1_244' title='bbox 2576 1847 2711 1907; x_wconf 84' lang='grc' dir='ltr'><strong>Εἶτα</strong></span> <span class='ocrx_word' id='word_1_245' title='bbox 2736 1856 2791 1908; x_wconf 81' lang='grc' dir='ltr'><strong>τι</strong></span> <span class='ocrx_word' id='word_1_246' title='bbox 2830 1856 2903 1926; x_wconf 84' lang='grc' dir='ltr'><strong>μὴ</strong></span> <span class='ocrx_word' id='word_1_247' title='bbox 2941 1857 3139 1925; x_wconf 76' lang='grc' dir='ltr'><strong>μᾶλλον</strong></span> <span class='ocrx_word' id='word_1_248' title='bbox 3173 1841 3358 1923; x_wconf 85' lang='grc' dir='ltr'><strong>ἐλαίας</strong></span> <span class='ocrx_word' id='word_1_249' title='bbox 3397 1859 3586 1924; x_wconf 75' lang='grc' dir='ltr'><strong>αὑτὰς,</strong></span> <span class='ocrx_word' id='word_1_250' title='bbox 3622 1861 3833 1926; x_wconf 81' lang='grc' dir='ltr'><strong>κλῶνας</strong></span> 
     </span>
    </p>
   </div>
   <div class='ocr_carea' id='block_1_35' title="bbox 577 1943 1137 2000">
    <p class='ocr_par' dir='ltr' id='par_1_35' title="bbox 577 1943 1137 2000">
     <span class='ocr_line' id='line_1_35' title="bbox 577 1943 1137 2000; baseline 0.007 -3"><span class='ocrx_word' id='word_1_251' title='bbox 577 1943 824 1998; x_wconf 87' lang='lat' dir='ltr'><strong>olearum</strong></span> <span class='ocrx_word' id='word_1_252' title='bbox 866 1948 1081 2000; x_wconf 84' lang='lat' dir='ltr'><strong>vocavit</strong></span> <span class='ocrx_word' id='word_1_253' title='bbox 1114 1948 1137 2000; x_wconf 89' lang='lat'><strong>?</strong></span> 
     </span>
    </p>
   </div>
   <div class='ocr_carea' id='block_1_36' title="bbox 645 2033 2156 2114">
    <p class='ocr_par' dir='ltr' id='par_1_36' title="bbox 645 2033 2156 2114">
     <span class='ocr_line' id='line_1_36' title="bbox 645 2033 2156 2114; baseline 0.011 -27"><span class='ocrx_word' id='word_1_254' title='bbox 645 2033 800 2089; x_wconf 82' lang='lat' dir='ltr'><strong>CYR.</strong></span> <span class='ocrx_word' id='word_1_255' title='bbox 836 2034 917 2089; x_wconf 92' lang='lat' dir='ltr'><strong>0b</strong></span> <span class='ocrx_word' id='word_1_256' title='bbox 941 2052 1061 2091; x_wconf 90' lang='lat' dir='ltr'><strong>eam</strong></span> <span class='ocrx_word' id='word_1_257' title='bbox 1097 2054 1318 2093; x_wconf 86' lang='lat' dir='ltr'><strong>causam</strong></span> <span class='ocrx_word' id='word_1_258' title='bbox 1340 2081 1355 2105; x_wconf 89' lang='lat'><strong>,</strong></span> <span class='ocrx_word' id='word_1_259' title='bbox 1406 2041 1635 2107; x_wconf 87' lang='lat' dir='ltr'><strong>Palladi,</strong></span> <span class='ocrx_word' id='word_1_260' title='bbox 1668 2044 1794 2114; x_wconf 89' lang='lat' dir='ltr'><strong>quia</strong></span> <span class='ocrx_word' id='word_1_261' title='bbox 1818 2042 2007 2101; x_wconf 88' lang='lat' dir='ltr'><strong>ﬁdeles</strong></span> <span class='ocrx_word' id='word_1_262' title='bbox 2033 2054 2156 2103; x_wconf 89' lang='lat' dir='ltr'><strong>tan-</strong></span> 
     </span>
    </p>
   </div>
   <div class='ocr_carea' id='block_1_37' title="bbox 575 2128 2160 2203">
    <p class='ocr_par' dir='ltr' id='par_1_37' title="bbox 575 2128 2160 2203">
     <span class='ocr_line' id='line_1_37' title="bbox 575 2128 2160 2203; baseline 0.012 -25"><span class='ocrx_word' id='word_1_263' title='bbox 575 2140 738 2193; x_wconf 88' lang='lat' dir='ltr'><strong>quam</strong></span> <span class='ocrx_word' id='word_1_264' title='bbox 773 2142 839 2181; x_wconf 80' lang='lat' dir='ltr'><strong>ex</strong></span> <span class='ocrx_word' id='word_1_265' title='bbox 867 2128 1003 2183; x_wconf 89' lang='lat' dir='ltr'><strong>oleis</strong></span> <span class='ocrx_word' id='word_1_266' title='bbox 1056 2138 1287 2196; x_wconf 87' lang='lat' dir='ltr'><strong>tenues,</strong></span> <span class='ocrx_word' id='word_1_267' title='bbox 1320 2148 1385 2188; x_wconf 86' lang='lat' dir='ltr'><strong>ac</strong></span> <span class='ocrx_word' id='word_1_268' title='bbox 1413 2135 1780 2203; x_wconf 86' lang='lat' dir='ltr'><strong>pubescentes</strong></span> <span class='ocrx_word' id='word_1_269' title='bbox 1815 2141 2021 2195; x_wconf 89' lang='lat' dir='ltr'><strong>surculi</strong></span> <span class='ocrx_word' id='word_1_270' title='bbox 2055 2141 2160 2197; x_wconf 66' lang='lat' dir='ltr'><strong>de-’</strong></span> 
     </span>
    </p>
   </div>
   <div class='ocr_carea' id='block_1_38' title="bbox 574 2215 2155 2301">
    <p class='ocr_par' dir='ltr' id='par_1_38' title="bbox 574 2215 2155 2301">
     <span class='ocr_line' id='line_1_38' title="bbox 574 2215 2155 2301; baseline 0.013 -35"><span class='ocrx_word' id='word_1_271' title='bbox 574 2215 733 2268; x_wconf 88' lang='lat' dir='ltr'><strong>tracti</strong></span> <span class='ocrx_word' id='word_1_272' title='bbox 757 2225 919 2281; x_wconf 90' lang='lat' dir='ltr'><strong>sunt,</strong></span> <span class='ocrx_word' id='word_1_273' title='bbox 946 2224 1001 2271; x_wconf 89' lang='lat' dir='ltr'><strong>et</strong></span> <span class='ocrx_word' id='word_1_274' title='bbox 1031 2218 1192 2273; x_wconf 90' lang='lat' dir='ltr'><strong>simul</strong></span> <span class='ocrx_word' id='word_1_275' title='bbox 1241 2235 1367 2274; x_wconf 90' lang='lat' dir='ltr'><strong>cum</strong></span> <span class='ocrx_word' id='word_1_276' title='bbox 1420 2222 1526 2278; x_wconf 86' lang='lat' dir='ltr'><strong>ﬁde</strong></span> <span class='ocrx_word' id='word_1_277' title='bbox 1569 2225 1636 2278; x_wconf 88' lang='lat' dir='ltr'><strong>ad</strong></span> <span class='ocrx_word' id='word_1_278' title='bbox 1680 2228 1941 2296; x_wconf 91' lang='lat' dir='ltr'><strong>pietatem</strong></span> <span class='ocrx_word' id='word_1_279' title='bbox 1986 2246 2155 2301; x_wconf 88' lang='lat' dir='ltr'><strong>prope</strong></span> 
     </span>
    </p>
   </div>
   <div class='ocr_carea' id='block_1_39' title="bbox 574 2304 2156 2393">
    <p class='ocr_par' dir='ltr' id='par_1_39' title="bbox 574 2304 2156 2393">
     <span class='ocr_line' id='line_1_39' title="bbox 574 2304 2156 2393; baseline 0.015 -39"><span class='ocrx_word' id='word_1_280' title='bbox 574 2304 1040 2373; x_wconf 85' lang='lat' dir='ltr'><strong>transplantantur</strong></span> <span class='ocrx_word' id='word_1_281' title='bbox 1077 2325 1089 2360; x_wconf 90' lang='lat'><strong>:</strong></span> <span class='ocrx_word' id='word_1_282' title='bbox 1139 2309 1232 2362; x_wconf 90' lang='lat' dir='ltr'><strong>alii</strong></span> <span class='ocrx_word' id='word_1_283' title='bbox 1272 2311 1498 2380; x_wconf 87' lang='lat' dir='ltr'><strong>quidem</strong></span> <span class='ocrx_word' id='word_1_284' title='bbox 1536 2329 1605 2367; x_wconf 87' lang='lat' dir='ltr'><strong>ex</strong></span> <span class='ocrx_word' id='word_1_285' title='bbox 1652 2316 1970 2373; x_wconf 54' lang='lat' dir='ltr'><strong>Iudaeorum</strong></span> <span class='ocrx_word' id='word_1_286' title='bbox 2031 2338 2156 2393; x_wconf 87' lang='lat' dir='ltr'><strong>syn-</strong></span> 
     </span>
    </p>
   </div>
   <div class='ocr_carea' id='block_1_40' title="bbox 562 2384 2154 2469">
    <p class='ocr_par' dir='ltr' id='par_1_40' title="bbox 562 2384 2154 2469">
     <span class='ocr_line' id='line_1_40' title="bbox 562 2384 2154 2469; baseline 0.013 -26"><span class='ocrx_word' id='word_1_287' title='bbox 562 2394 770 2462; x_wconf 81' lang='lat' dir='ltr'><strong>agoga,</strong></span> <span class='ocrx_word' id='word_1_288' title='bbox 795 2384 889 2447; x_wconf 85' lang='lat' dir='ltr'><strong>alii</strong></span> <span class='ocrx_word' id='word_1_289' title='bbox 937 2404 1121 2449; x_wconf 90' lang='lat' dir='ltr'><strong>autem</strong></span> <span class='ocrx_word' id='word_1_290' title='bbox 1170 2412 1237 2451; x_wconf 82' lang='lat' dir='ltr'><strong>ex</strong></span> <span class='ocrx_word' id='word_1_291' title='bbox 1264 2400 1508 2469; x_wconf 85' lang='lat' dir='ltr'><strong>gentium</strong></span> <span class='ocrx_word' id='word_1_292' title='bbox 1546 2403 1709 2457; x_wconf 86' lang='lat' dir='ltr'><strong>turba</strong></span> <span class='ocrx_word' id='word_1_293' title='bbox 1744 2405 2021 2462; x_wconf 89' lang='lat' dir='ltr'><strong>detracti:</strong></span> <span class='ocrx_word' id='word_1_294' title='bbox 2053 2384 2154 2464; x_wconf 79' lang='lat' dir='ltr'><strong>ne-</strong></span> 
     </span>
    </p>
   </div>
   <div class='ocr_carea' id='block_1_41' title="bbox 575 2484 2149 2566">
    <p class='ocr_par' dir='ltr' id='par_1_41' title="bbox 575 2484 2149 2566">
     <span class='ocr_line' id='line_1_41' title="bbox 575 2484 2149 2566; baseline 0.013 -32"><span class='ocrx_word' id='word_1_295' title='bbox 575 2496 686 2551; x_wconf 78' lang='lat' dir='ltr'><strong>que</strong></span> <span class='ocrx_word' id='word_1_296' title='bbox 730 2484 877 2537; x_wconf 83' lang='lat' dir='ltr'><strong>enim</strong></span> <span class='ocrx_word' id='word_1_297' title='bbox 933 2493 1124 2543; x_wconf 90' lang='lat' dir='ltr'><strong>omnes</strong></span> <span class='ocrx_word' id='word_1_298' title='bbox 1171 2489 1265 2556; x_wconf 92' lang='lat' dir='ltr'><strong>qui</strong></span> <span class='ocrx_word' id='word_1_299' title='bbox 1294 2500 1421 2544; x_wconf 91' lang='lat' dir='ltr'><strong>sunt</strong></span> <span class='ocrx_word' id='word_1_300' title='bbox 1449 2507 1517 2546; x_wconf 81' lang='lat' dir='ltr'><strong>ex</strong></span> <span class='ocrx_word' id='word_1_301' title='bbox 1541 2494 1726 2560; x_wconf 85' lang='lat' dir='ltr'><strong>Israel,</strong></span> <span class='ocrx_word' id='word_1_302' title='bbox 1754 2498 2109 2554; x_wconf 88' lang='lat' dir='ltr'><strong>crediderunt</strong></span> <span class='ocrx_word' id='word_1_303' title='bbox 2134 2518 2149 2566; x_wconf 93' lang='lat'><strong>;</strong></span> 
     </span>
    </p>
   </div>
   <div class='ocr_carea' id='block_1_42' title="bbox 572 2571 2150 2659">
    <p class='ocr_par' dir='ltr' id='par_1_42' title="bbox 572 2571 2150 2659">
     <span class='ocr_line' id='line_1_42' title="bbox 572 2571 2150 2659; baseline 0.013 -34"><span class='ocrx_word' id='word_1_304' title='bbox 572 2571 915 2644; x_wconf 75' lang='lat' dir='ltr'><strong>302neque</strong></span> <span class='ocrx_word' id='word_1_305' title='bbox 934 2578 1192 2632; x_wconf 86' lang='lat' dir='ltr'><strong>universa</strong></span> <span class='ocrx_word' id='word_1_306' title='bbox 1210 2581 1505 2636; x_wconf 88' lang='lat' dir='ltr'><strong>multitudo</strong></span> <span class='ocrx_word' id='word_1_307' title='bbox 1520 2585 1762 2653; x_wconf 86' lang='lat' dir='ltr'><strong>gentium</strong></span> <span class='ocrx_word' id='word_1_308' title='bbox 1787 2598 1870 2641; x_wconf 91' lang='lat' dir='ltr'><strong>est</strong></span> <span class='ocrx_word' id='word_1_309' title='bbox 1887 2589 2150 2659; x_wconf 85' lang='lat' dir='ltr'><strong>ingressa.</strong></span> 
     </span>
    </p>
   </div>
   <div class='ocr_carea' id='block_1_43' title="bbox 572 2662 2149 2743">
    <p class='ocr_par' dir='ltr' id='par_1_43' title="bbox 572 2662 2149 2743">
     <span class='ocr_line' id='line_1_43' title="bbox 572 2662 2149 2743; baseline 0.014 -27"><span class='ocrx_word' id='word_1_310' title='bbox 572 2662 728 2717; x_wconf 82' lang='lat' dir='ltr'><strong>Rami</strong></span> <span class='ocrx_word' id='word_1_311' title='bbox 765 2670 891 2720; x_wconf 86' lang='lat' dir='ltr'><strong>sunt</strong></span> <span class='ocrx_word' id='word_1_312' title='bbox 915 2668 1079 2737; x_wconf 75' lang='lat' dir='ltr'><strong>igitur</strong></span> <span class='ocrx_word' id='word_1_313' title='bbox 1109 2672 1376 2736; x_wconf 90' lang='lat' dir='ltr'><strong>olearum,</strong></span> <span class='ocrx_word' id='word_1_314' title='bbox 1411 2676 1505 2743; x_wconf 87' lang='lat' dir='ltr'><strong>qui</strong></span> <span class='ocrx_word' id='word_1_315' title='bbox 1550 2677 1635 2730; x_wconf 88' lang='lat' dir='ltr'><strong>vel</strong></span> <span class='ocrx_word' id='word_1_316' title='bbox 1677 2694 1747 2732; x_wconf 77' lang='lat' dir='ltr'><strong>ex</strong></span> <span class='ocrx_word' id='word_1_317' title='bbox 1794 2680 2149 2739; x_wconf 89' lang='lat' dir='ltr'><strong>multitudine</strong></span> 
     </span>
    </p>
   </div>
   <div class='ocr_carea' id='block_1_44' title="bbox 571 2753 2153 2842">
    <p class='ocr_par' dir='ltr' id='par_1_44' title="bbox 571 2753 2153 2842">
     <span class='ocr_line' id='line_1_44' title="bbox 571 2753 2153 2842; baseline 0.013 -33"><span class='ocrx_word' id='word_1_318' title='bbox 571 2753 909 2821; x_wconf 65' lang='lat' dir='ltr'><strong>Judmorum,</strong></span> <span class='ocrx_word' id='word_1_319' title='bbox 938 2760 1022 2813; x_wconf 81' lang='lat' dir='ltr'><strong>vel</strong></span> <span class='ocrx_word' id='word_1_320' title='bbox 1069 2762 1235 2816; x_wconf 85' lang='lat' dir='ltr'><strong>etiam</strong></span> <span class='ocrx_word' id='word_1_321' title='bbox 1268 2780 1298 2817; x_wconf 91' lang='lat' dir='ltr'><strong>e</strong></span> <span class='ocrx_word' id='word_1_322' title='bbox 1335 2766 1494 2819; x_wconf 86' lang='lat' dir='ltr'><strong>turba</strong></span> <span class='ocrx_word' id='word_1_323' title='bbox 1521 2769 1765 2837; x_wconf 83' lang='lat' dir='ltr'><strong>gentium</strong></span> <span class='ocrx_word' id='word_1_324' title='bbox 1803 2780 2060 2842; x_wconf 88' lang='lat' dir='ltr'><strong>tanquam</strong></span> <span class='ocrx_word' id='word_1_325' title='bbox 2085 2791 2153 2831; x_wconf 80' lang='lat' dir='ltr'><strong>ex</strong></span> 
     </span>
    </p>
   </div>
   <div class='ocr_carea' id='block_1_45' title="bbox 571 2845 2151 2923">
    <p class='ocr_par' dir='ltr' id='par_1_45' title="bbox 571 2845 2151 2923">
     <span class='ocr_line' id='line_1_45' title="bbox 571 2845 2151 2923; baseline 0.015 -25"><span class='ocrx_word' id='word_1_326' title='bbox 571 2845 861 2903; x_wconf 89' lang='lat' dir='ltr'><strong>arboribus</strong></span> <span class='ocrx_word' id='word_1_327' title='bbox 890 2849 1158 2917; x_wconf 90' lang='lat' dir='ltr'><strong>detracti,</strong></span> <span class='ocrx_word' id='word_1_328' title='bbox 1200 2864 1255 2909; x_wconf 89' lang='lat' dir='ltr'><strong>et</strong></span> <span class='ocrx_word' id='word_1_329' title='bbox 1298 2856 1367 2910; x_wconf 89' lang='lat' dir='ltr'><strong>ad</strong></span> <span class='ocrx_word' id='word_1_330' title='bbox 1402 2856 1649 2913; x_wconf 79' lang='lat' dir='ltr'><strong>divinum</strong></span> <span class='ocrx_word' id='word_1_331' title='bbox 1688 2862 1875 2917; x_wconf 88' lang='lat' dir='ltr'><strong>lumen</strong></span> <span class='ocrx_word' id='word_1_332' title='bbox 1917 2867 2151 2923; x_wconf 89' lang='lat' dir='ltr'><strong>traducti</strong></span> 
     </span>
    </p>
   </div>
   <div class='ocr_carea' id='block_1_46' title="bbox 572 2940 2150 3017">
    <p class='ocr_par' dir='ltr' id='par_1_46' title="bbox 572 2940 2150 3017">
     <span class='ocr_line' id='line_1_46' title="bbox 572 2940 2150 3017; baseline 0.016 -29"><span class='ocrx_word' id='word_1_333' title='bbox 572 2945 716 3000; x_wconf 87' lang='lat' dir='ltr'><strong>sunt,</strong></span> <span class='ocrx_word' id='word_1_334' title='bbox 739 2947 794 2991; x_wconf 86' lang='lat' dir='ltr'><strong>et</strong></span> <span class='ocrx_word' id='word_1_335' title='bbox 815 2940 1214 2999; x_wconf 87' lang='lat' dir='ltr'><strong>abundantiore</strong></span> <span class='ocrx_word' id='word_1_336' title='bbox 1239 2948 1348 3017; x_wconf 87' lang='lat' dir='ltr'><strong>jam</strong></span> <span class='ocrx_word' id='word_1_337' title='bbox 1394 2947 1632 3017; x_wconf 87' lang='lat' dir='ltr'><strong>Spiritus</strong></span> <span class='ocrx_word' id='word_1_338' title='bbox 1656 2954 1830 3008; x_wconf 88' lang='lat' dir='ltr'><strong>sancti</strong></span> <span class='ocrx_word' id='word_1_339' title='bbox 1881 2956 2150 3014; x_wconf 66' lang='lat' dir='ltr'><strong>effusione</strong></span> 
     </span>
    </p>
   </div>
   <div class='ocr_carea' id='block_1_47' title="bbox 570 3025 2149 3109">
    <p class='ocr_par' dir='ltr' id='par_1_47' title="bbox 570 3025 2149 3109">
     <span class='ocr_line' id='line_1_47' title="bbox 570 3025 2149 3109; baseline 0.016 -34"><span class='ocrx_word' id='word_1_340' title='bbox 570 3025 974 3093; x_wconf 89' lang='lat' dir='ltr'><strong>quodammodo</strong></span> <span class='ocrx_word' id='word_1_341' title='bbox 1020 3030 1317 3088; x_wconf 76' lang='lat' dir='ltr'><strong>luxuriant.</strong></span> <span class='ocrx_word' id='word_1_342' title='bbox 1354 3034 1411 3087; x_wconf 76' lang='grc' dir='ltr'>ω</span> <span class='ocrx_word' id='word_1_343' title='bbox 1448 3035 1601 3090; x_wconf 90' lang='lat' dir='ltr'><strong>enim</strong></span> <span class='ocrx_word' id='word_1_344' title='bbox 1648 3038 1954 3109; x_wconf 85' lang='lat' dir='ltr'><strong>signiﬁcare</strong></span> <span class='ocrx_word' id='word_1_345' title='bbox 1997 3046 2149 3100; x_wconf 88' lang='lat' dir='ltr'><strong>arbi-</strong></span> 
     </span>
    </p>
   </div>
   <div class='ocr_carea' id='block_1_48' title="bbox 570 3119 2150 3191">
    <p class='ocr_par' dir='ltr' id='par_1_48' title="bbox 570 3119 2150 3191">
     <span class='ocr_line' id='line_1_48' title="bbox 570 3119 2150 3191; baseline 0.015 -25"><span class='ocrx_word' id='word_1_346' title='bbox 570 3123 721 3179; x_wconf 90' lang='lat' dir='ltr'><strong>tror,</strong></span> <span class='ocrx_word' id='word_1_347' title='bbox 782 3119 929 3187; x_wconf 91' lang='lat' dir='ltr'><strong>quod</strong></span> <span class='ocrx_word' id='word_1_348' title='bbox 980 3129 1237 3191; x_wconf 87' lang='lat' dir='ltr'><strong>tanquam</strong></span> <span class='ocrx_word' id='word_1_349' title='bbox 1286 3124 1344 3179; x_wconf 89' lang='lat' dir='ltr'><strong>in</strong></span> <span class='ocrx_word' id='word_1_350' title='bbox 1390 3127 1622 3183; x_wconf 91' lang='lat' dir='ltr'><strong>naribus</strong></span> <span class='ocrx_word' id='word_1_351' title='bbox 1662 3130 2013 3188; x_wconf 88' lang='lat' dir='ltr'><strong>lucernarum</strong></span> <span class='ocrx_word' id='word_1_352' title='bbox 2041 3136 2150 3190; x_wconf 84' lang='lat' dir='ltr'><strong>sint</strong></span> 
     </span>
    </p>
   </div>
   <div class='ocr_carea' id='block_1_49' title="bbox 569 3189 2219 3296">
    <p class='ocr_par' dir='ltr' id='par_1_49' title="bbox 569 3189 2219 3296">
     <span class='ocr_line' id='line_1_49' title="bbox 569 3189 2219 3296; baseline 0.017 -40"><span class='ocrx_word' id='word_1_353' title='bbox 569 3203 813 3261; x_wconf 90' lang='lat' dir='ltr'><strong>olearum</strong></span> <span class='ocrx_word' id='word_1_354' title='bbox 856 3210 992 3263; x_wconf 89' lang='lat' dir='ltr'><strong>rami</strong></span> <span class='ocrx_word' id='word_1_355' title='bbox 1045 3189 1337 3279; x_wconf 80' lang='lat' dir='ltr'><strong>collocati,</strong></span> <span class='ocrx_word' id='word_1_356' title='bbox 1385 3232 1626 3285; x_wconf 86' lang='lat' dir='ltr'><strong>quorum</strong></span> <span class='ocrx_word' id='word_1_357' title='bbox 1677 3220 1874 3278; x_wconf 87' lang='lat' dir='ltr'><strong>beatus</strong></span> <span class='ocrx_word' id='word_1_358' title='bbox 1930 3240 2150 3296; x_wconf 88' lang='lat' dir='ltr'><strong>quoque</strong></span> <span class='ocrx_word' id='word_1_359' title='bbox 2176 3189 2219 3247; x_wconf 73' lang='lat' dir='ltr'><strong>C</strong></span> 
     </span>
    </p>
   </div>
   <div class='ocr_carea' id='block_1_50' title="bbox 569 3296 2153 3373">
    <p class='ocr_par' dir='ltr' id='par_1_50' title="bbox 569 3296 2153 3373">
     <span class='ocr_line' id='line_1_50' title="bbox 569 3296 2153 3373; baseline 0.015 -22"><span class='ocrx_word' id='word_1_360' title='bbox 569 3296 907 3354; x_wconf 82' lang='lat' dir='ltr'><strong>Psalmorum</strong></span> <span class='ocrx_word' id='word_1_361' title='bbox 941 3310 1132 3358; x_wconf 89' lang='lat' dir='ltr'><strong>auctor</strong></span> <span class='ocrx_word' id='word_1_362' title='bbox 1153 3306 1426 3373; x_wconf 89' lang='lat' dir='ltr'><strong>meminit,</strong></span> <span class='ocrx_word' id='word_1_363' title='bbox 1460 3323 1587 3363; x_wconf 91' lang='lat' dir='ltr'><strong>cum</strong></span> <span class='ocrx_word' id='word_1_364' title='bbox 1617 3309 1686 3365; x_wconf 90' lang='lat' dir='ltr'><strong>ad</strong></span> <span class='ocrx_word' id='word_1_365' title='bbox 1725 3310 2011 3371; x_wconf 88' lang='lat' dir='ltr'><strong>Christum</strong></span> <span class='ocrx_word' id='word_1_366' title='bbox 2033 3333 2153 3373; x_wconf 91' lang='lat' dir='ltr'><strong>om-</strong></span> 
     </span>
    </p>
   </div>
   <div class='ocr_carea' id='block_1_51' title="bbox 570 3387 2151 3467">
    <p class='ocr_par' dir='ltr' id='par_1_51' title="bbox 570 3387 2151 3467">
     <span class='ocr_line' id='line_1_51' title="bbox 570 3387 2151 3467; baseline 0.015 -28"><span class='ocrx_word' id='word_1_367' title='bbox 570 3388 723 3440; x_wconf 91' lang='lat' dir='ltr'><strong>nium</strong></span> <span class='ocrx_word' id='word_1_368' title='bbox 750 3387 1090 3446; x_wconf 85' lang='lat' dir='ltr'><strong>Salvatorem</strong></span> <span class='ocrx_word' id='word_1_369' title='bbox 1134 3409 1357 3449; x_wconf 89' lang='lat' dir='ltr'><strong>carmen</strong></span> <span class='ocrx_word' id='word_1_370' title='bbox 1406 3408 1787 3467; x_wconf 90' lang='lat' dir='ltr'><strong>converteret,</strong></span> <span class='ocrx_word' id='word_1_371' title='bbox 1827 3419 1893 3459; x_wconf 92' lang='lat' dir='ltr'><strong>ac</strong></span> <span class='ocrx_word' id='word_1_372' title='bbox 1934 3411 2050 3460; x_wconf 88' lang='lat' dir='ltr'><strong>tum</strong></span> <span class='ocrx_word' id='word_1_373' title='bbox 2081 3407 2151 3464; x_wconf 90' lang='lat' dir='ltr'><strong>de</strong></span> 
     </span>
    </p>
   </div>
   <div class='ocr_carea' id='block_1_52' title="bbox 571 3482 2150 3563">
    <p class='ocr_par' dir='ltr' id='par_1_52' title="bbox 571 3482 2150 3563">
     <span class='ocr_line' id='line_1_52' title="bbox 571 3482 2150 3563; baseline 0.013 -33"><span class='ocrx_word' id='word_1_374' title='bbox 571 3490 771 3548; x_wconf 85' lang='lat' dir='ltr'><strong>sponsa</strong></span> <span class='ocrx_word' id='word_1_375' title='bbox 818 3495 940 3549; x_wconf 75' lang='lat' dir='ltr'><strong>quae</strong></span> <span class='ocrx_word' id='word_1_376' title='bbox 986 3482 1065 3536; x_wconf 91' lang='lat' dir='ltr'><strong>illi</strong></span> <span class='ocrx_word' id='word_1_377' title='bbox 1105 3485 1398 3554; x_wconf 90' lang='lat' dir='ltr'><strong>conjuncta</strong></span> <span class='ocrx_word' id='word_1_378' title='bbox 1422 3495 1506 3541; x_wconf 88' lang='lat' dir='ltr'><strong>est</strong></span> <span class='ocrx_word' id='word_1_379' title='bbox 1532 3525 1547 3552; x_wconf 90' lang='lat'><strong>,</strong></span> <span class='ocrx_word' id='word_1_380' title='bbox 1604 3488 1708 3543; x_wconf 89' lang='lat' dir='ltr'><strong>hoc</strong></span> <span class='ocrx_word' id='word_1_381' title='bbox 1749 3502 1836 3547; x_wconf 87' lang='lat' dir='ltr'><strong>est</strong></span> <span class='ocrx_word' id='word_1_382' title='bbox 1868 3494 2109 3550; x_wconf 86' lang='lat' dir='ltr'><strong>Ecclesia</strong></span> <span class='ocrx_word' id='word_1_383' title='bbox 2134 3537 2150 3563; x_wconf 89' lang='lat'><strong>,</strong></span> 
     </span>
    </p>
   </div>
   <div class='ocr_carea' id='block_1_53' title="bbox 572 3569 2152 3643">
    <p class='ocr_par' dir='ltr' id='par_1_53' title="bbox 572 3569 2152 3643">
     <span class='ocr_line' id='line_1_53' title="bbox 572 3569 2152 3643; baseline 0.014 -24"><span class='ocrx_word' id='word_1_384' title='bbox 572 3575 688 3620; x_wconf 92' lang='lat' dir='ltr'><strong>tum</strong></span> <span class='ocrx_word' id='word_1_385' title='bbox 716 3569 881 3622; x_wconf 88' lang='lat' dir='ltr'><strong>etiam</strong></span> <span class='ocrx_word' id='word_1_386' title='bbox 910 3570 978 3624; x_wconf 87' lang='lat' dir='ltr'><strong>de</strong></span> <span class='ocrx_word' id='word_1_387' title='bbox 1009 3571 1156 3628; x_wconf 88' lang='lat' dir='ltr'><strong>illius</strong></span> <span class='ocrx_word' id='word_1_388' title='bbox 1178 3590 1278 3643; x_wconf 91' lang='lat' dir='ltr'><strong>per</strong></span> <span class='ocrx_word' id='word_1_389' title='bbox 1302 3574 1464 3630; x_wconf 92' lang='lat' dir='ltr'><strong>ﬁdem</strong></span> <span class='ocrx_word' id='word_1_390' title='bbox 1494 3576 1623 3631; x_wconf 86' lang='lat' dir='ltr'><strong>ﬁliis</strong></span> <span class='ocrx_word' id='word_1_391' title='bbox 1650 3579 1859 3637; x_wconf 85' lang='lat' dir='ltr'><strong>diceret</strong></span> <span class='ocrx_word' id='word_1_392' title='bbox 1885 3600 1898 3635; x_wconf 93' lang='lat'>:</span> <span class='ocrx_word' id='word_1_393' title='bbox 1943 3603 1962 3635; x_wconf 74' lang='grc' dir='ltr'><strong>ι</strong></span> <span class='ocrx_word' id='word_1_394' title='bbox 2004 3585 2152 3641; x_wconf 87' lang='lat' dir='ltr'><strong>Uxor</strong></span> 
     </span>
    </p>
   </div>
   <div class='ocr_carea' id='block_1_54' title="bbox 571 3657 2149 3743">
    <p class='ocr_par' dir='ltr' id='par_1_54' title="bbox 571 3657 2149 3743">
     <span class='ocr_line' id='line_1_54' title="bbox 571 3657 2149 3743; baseline 0.015 -35"><span class='ocrx_word' id='word_1_395' title='bbox 571 3664 666 3709; x_wconf 85' lang='lat' dir='ltr'><strong>tua</strong></span> <span class='ocrx_word' id='word_1_396' title='bbox 687 3657 827 3711; x_wconf 89' lang='lat' dir='ltr'><strong>sicut</strong></span> <span class='ocrx_word' id='word_1_397' title='bbox 857 3659 985 3715; x_wconf 89' lang='lat' dir='ltr'><strong>vitis</strong></span> <span class='ocrx_word' id='word_1_398' title='bbox 1031 3663 1318 3719; x_wconf 89' lang='lat' dir='ltr'><strong>abundans</strong></span> <span class='ocrx_word' id='word_1_399' title='bbox 1360 3666 1416 3720; x_wconf 94' lang='lat' dir='ltr'><strong>in</strong></span> <span class='ocrx_word' id='word_1_400' title='bbox 1449 3668 1723 3725; x_wconf 78' lang='lat' dir='ltr'><strong>lateribus</strong></span> <span class='ocrx_word' id='word_1_401' title='bbox 1766 3672 1964 3730; x_wconf 89' lang='lat' dir='ltr'><strong>domus</strong></span> <span class='ocrx_word' id='word_1_402' title='bbox 2001 3684 2149 3743; x_wconf 64' lang='lat' dir='ltr'><strong>tuae;</strong></span> 
     </span>
    </p>
   </div>
   <div class='ocr_carea' id='block_1_55' title="bbox 573 3742 2153 3823">
    <p class='ocr_par' dir='ltr' id='par_1_55' title="bbox 573 3742 2153 3823">
     <span class='ocr_line' id='line_1_55' title="bbox 573 3742 2153 3823; baseline 0.017 -28"><span class='ocrx_word' id='word_1_403' title='bbox 573 3742 670 3796; x_wconf 86' lang='lat' dir='ltr'><strong>ﬁlii</strong></span> <span class='ocrx_word' id='word_1_404' title='bbox 695 3744 770 3797; x_wconf 90' lang='lat' dir='ltr'><strong>tui</strong></span> <span class='ocrx_word' id='word_1_405' title='bbox 803 3745 946 3801; x_wconf 86' lang='lat' dir='ltr'><strong>sicut</strong></span> <span class='ocrx_word' id='word_1_406' title='bbox 984 3751 1214 3805; x_wconf 75' lang='lat' dir='ltr'><strong>novella:</strong></span> <span class='ocrx_word' id='word_1_407' title='bbox 1252 3752 1523 3809; x_wconf 89' lang='lat' dir='ltr'><strong>olivarum</strong></span> <span class='ocrx_word' id='word_1_408' title='bbox 1566 3757 1621 3810; x_wconf 92' lang='lat' dir='ltr'><strong>in</strong></span> <span class='ocrx_word' id='word_1_409' title='bbox 1673 3758 1911 3816; x_wconf 91' lang='lat' dir='ltr'><strong>circuitu</strong></span> <span class='ocrx_word' id='word_1_410' title='bbox 1949 3779 2153 3823; x_wconf 70' lang='lat' dir='ltr'><strong>mensa:</strong></span> 
     </span>
    </p>
   </div>
   <div class='ocr_carea' id='block_1_56' title="bbox 572 3834 2149 3917">
    <p class='ocr_par' dir='ltr' id='par_1_56' title="bbox 572 3834 2149 3917">
     <span class='ocr_line' id='line_1_56' title="bbox 572 3834 2149 3917; baseline 0.016 -30"><span class='ocrx_word' id='word_1_411' title='bbox 572 3834 764 3890; x_wconf 66' lang='lat' dir='ltr'><strong>tum&quot;.</strong></span> <span class='ocrx_word' id='word_1_412' title='bbox 807 3858 824 3888; x_wconf 74' lang='grc' dir='ltr'><strong>ι</strong></span> <span class='ocrx_word' id='word_1_413' title='bbox 862 3840 1246 3911; x_wconf 87' lang='lat' dir='ltr'><strong>Participando</strong></span> <span class='ocrx_word' id='word_1_414' title='bbox 1270 3834 1505 3916; x_wconf 82' lang='lat' dir='ltr'><strong>namque</strong></span> <span class='ocrx_word' id='word_1_415' title='bbox 1537 3848 1825 3917; x_wconf 87' lang='lat' dir='ltr'><strong>Spiritum,</strong></span> <span class='ocrx_word' id='word_1_416' title='bbox 1868 3862 1925 3909; x_wconf 91' lang='lat' dir='ltr'><strong>et</strong></span> <span class='ocrx_word' id='word_1_417' title='bbox 1960 3868 2149 3913; x_wconf 86' lang='lat' dir='ltr'><strong>sancta</strong></span> 
     </span>
    </p>
   </div>
   <div class='ocr_carea' id='block_1_57' title="bbox 571 3923 2151 4017">
    <p class='ocr_par' dir='ltr' id='par_1_57' title="bbox 571 3923 2151 4017">
     <span class='ocr_line' id='line_1_57' title="bbox 571 3923 2151 4017; baseline 0.017 -39"><span class='ocrx_word' id='word_1_418' title='bbox 571 3923 773 3980; x_wconf 81' lang='lat' dir='ltr'><strong>Christi</strong></span> <span class='ocrx_word' id='word_1_419' title='bbox 805 3945 991 3986; x_wconf 89' lang='lat' dir='ltr'><strong>mensa</strong></span> <span class='ocrx_word' id='word_1_420' title='bbox 1018 3931 1273 4001; x_wconf 78' lang='lat' dir='ltr'><strong>fruendo,</strong></span> <span class='ocrx_word' id='word_1_421' title='bbox 1310 3936 1672 4007; x_wconf 86' lang='lat' dir='ltr'><strong>viviﬁcamur,</strong></span> <span class='ocrx_word' id='word_1_422' title='bbox 1698 3952 2058 4017; x_wconf 84' lang='lat' dir='ltr'><strong>posteaquam</strong></span> <span class='ocrx_word' id='word_1_423' title='bbox 2083 3950 2151 4004; x_wconf 84' lang='lat' dir='ltr'><strong>il-</strong></span> 
     </span>
    </p>
   </div>
   <div class='ocr_carea' id='block_1_58' title="bbox 571 4015 1371 4092">
    <p class='ocr_par' dir='ltr' id='par_1_58' title="bbox 571 4015 1371 4092">
     <span class='ocr_line' id='line_1_58' title="bbox 571 4015 1371 4092; baseline 0.015 -22"><span class='ocrx_word' id='word_1_424' title='bbox 571 4015 680 4071; x_wconf 87' lang='lat' dir='ltr'><strong>lius</strong></span> <span class='ocrx_word' id='word_1_425' title='bbox 708 4017 870 4074; x_wconf 88' lang='lat' dir='ltr'><strong>ﬁdem</strong></span> <span class='ocrx_word' id='word_1_426' title='bbox 899 4023 1136 4092; x_wconf 83' lang='lat' dir='ltr'><strong>amplexi</strong></span> <span class='ocrx_word' id='word_1_427' title='bbox 1161 4040 1371 4082; x_wconf 89' lang='lat' dir='ltr'><strong>sumus.</strong></span> 
     </span>
    </p>
   </div>
   <div class='ocr_carea' id='block_1_59' title="bbox 642 4106 2148 4196">
    <p class='ocr_par' dir='ltr' id='par_1_59' title="bbox 642 4106 2148 4196">
     <span class='ocr_line' id='line_1_59' title="bbox 642 4106 2148 4196; baseline 0.015 -36"><span class='ocrx_word' id='word_1_428' title='bbox 642 4106 837 4163; x_wconf 79' lang='lat' dir='ltr'><strong>PALL.</strong></span> <span class='ocrx_word' id='word_1_429' title='bbox 891 4111 1059 4166; x_wconf 83' lang='lat' dir='ltr'><strong>Recte</strong></span> <span class='ocrx_word' id='word_1_430' title='bbox 1099 4128 1233 4167; x_wconf 87' lang='lat' dir='ltr'><strong>vero</strong></span> <span class='ocrx_word' id='word_1_431' title='bbox 1281 4114 1423 4172; x_wconf 90' lang='lat' dir='ltr'><strong>dicis</strong></span> <span class='ocrx_word' id='word_1_432' title='bbox 1456 4135 1469 4171; x_wconf 89' lang='lat'><strong>:</strong></span> <span class='ocrx_word' id='word_1_433' title='bbox 1504 4137 1522 4170; x_wconf 76' lang='grc' dir='ltr'><strong>ι</strong></span> <span class='ocrx_word' id='word_1_434' title='bbox 1558 4120 1671 4191; x_wconf 84' lang='lat' dir='ltr'><strong>Ego</strong></span> <span class='ocrx_word' id='word_1_435' title='bbox 1696 4123 1866 4188; x_wconf 92' lang='lat' dir='ltr'><strong>enim,</strong></span> <span class='ocrx_word' id='word_1_436' title='bbox 1899 4144 1916 4176; x_wconf 72' lang='grc' dir='ltr'><strong>ι</strong></span> <span class='ocrx_word' id='word_1_437' title='bbox 1950 4125 2148 4196; x_wconf 83' lang='lat' dir='ltr'><strong>inquit,</strong></span> 
     </span>
    </p>
   </div>
   <div class='ocr_carea' id='block_1_60' title="bbox 578 4199 2153 4277">
    <p class='ocr_par' dir='ltr' id='par_1_60' title="bbox 578 4199 2153 4277">
     <span class='ocr_line' id='line_1_60' title="bbox 578 4199 2153 4277; baseline 0.015 -28"><span class='ocrx_word' id='word_1_438' title='bbox 578 4214 599 4249; x_wconf 76' lang='grc' dir='ltr'><strong>ι</strong></span> <span class='ocrx_word' id='word_1_439' title='bbox 623 4210 743 4251; x_wconf 89' lang='lat' dir='ltr'><strong>sum</strong></span> <span class='ocrx_word' id='word_1_440' title='bbox 770 4199 927 4267; x_wconf 88' lang='lat' dir='ltr'><strong>panis</strong></span> <span class='ocrx_word' id='word_1_441' title='bbox 946 4200 1126 4267; x_wconf 90' lang='lat' dir='ltr'><strong>vivus,</strong></span> <span class='ocrx_word' id='word_1_442' title='bbox 1156 4203 1249 4272; x_wconf 92' lang='lat' dir='ltr'><strong>qui</strong></span> <span class='ocrx_word' id='word_1_443' title='bbox 1267 4203 1335 4258; x_wconf 91' lang='lat' dir='ltr'><strong>de</strong></span> <span class='ocrx_word' id='word_1_444' title='bbox 1360 4207 1500 4261; x_wconf 66' lang='lat' dir='ltr'><strong>caelo</strong></span> <span class='ocrx_word' id='word_1_445' title='bbox 1516 4207 1796 4277; x_wconf 84' lang='lat' dir='ltr'><strong>descendi,</strong></span> <span class='ocrx_word' id='word_1_446' title='bbox 1815 4222 1869 4267; x_wconf 91' lang='lat' dir='ltr'><strong>et</strong></span> <span class='ocrx_word' id='word_1_447' title='bbox 1895 4215 2058 4269; x_wconf 88' lang='lat' dir='ltr'><strong>vitam</strong></span> <span class='ocrx_word' id='word_1_448' title='bbox 2083 4217 2153 4272; x_wconf 92' lang='lat' dir='ltr'><strong>do</strong></span> 
     </span>
    </p>
   </div>
   <div class='ocr_carea' id='block_1_61' title="bbox 571 4290 923 4346">
    <p class='ocr_par' dir='ltr' id='par_1_61' title="bbox 571 4290 923 4346">
     <span class='ocr_line' id='line_1_61' title="bbox 571 4290 923 4346; baseline 0.003 -4"><span class='ocrx_word' id='word_1_449' title='bbox 571 4290 776 4345; x_wconf 90' lang='lat' dir='ltr'><strong>mundo</strong></span> <span class='ocrx_word' id='word_1_450' title='bbox 803 4292 869 4346; x_wconf 82' lang='lat'><strong>&quot;.</strong></span> <span class='ocrx_word' id='word_1_451' title='bbox 906 4312 923 4343; x_wconf 76' lang='grc' dir='ltr'><strong>ι</strong></span> 
     </span>
    </p>
   </div>
   <div class='ocr_carea' id='block_1_62' title="bbox 639 4379 2147 4466">
    <p class='ocr_par' dir='ltr' id='par_1_62' title="bbox 639 4379 2147 4466">
     <span class='ocr_line' id='line_1_62' title="bbox 639 4379 2147 4466; baseline 0.014 -32"><span class='ocrx_word' id='word_1_452' title='bbox 639 4379 794 4436; x_wconf 79' lang='lat' dir='ltr'><strong>CYR.</strong></span> <span class='ocrx_word' id='word_1_453' title='bbox 821 4384 900 4438; x_wconf 85' lang='lat' dir='ltr'><strong>Ac</strong></span> <span class='ocrx_word' id='word_1_454' title='bbox 925 4384 991 4439; x_wconf 94' lang='lat' dir='ltr'><strong>de</strong></span> <span class='ocrx_word' id='word_1_455' title='bbox 1015 4386 1369 4454; x_wconf 89' lang='lat' dir='ltr'><strong>candelabro,</strong></span> <span class='ocrx_word' id='word_1_456' title='bbox 1420 4400 1476 4445; x_wconf 91' lang='lat' dir='ltr'><strong>et</strong></span> <span class='ocrx_word' id='word_1_457' title='bbox 1522 4392 1592 4449; x_wconf 89' lang='lat' dir='ltr'><strong>iis</strong></span> <span class='ocrx_word' id='word_1_458' title='bbox 1638 4410 1759 4465; x_wconf 69' lang='lat' dir='ltr'><strong>quae</strong></span> <span class='ocrx_word' id='word_1_459' title='bbox 1802 4396 1857 4451; x_wconf 90' lang='lat' dir='ltr'><strong>in</strong></span> <span class='ocrx_word' id='word_1_460' title='bbox 1885 4414 1953 4452; x_wconf 92' lang='lat' dir='ltr'><strong>eo</strong></span> <span class='ocrx_word' id='word_1_461' title='bbox 2000 4409 2147 4466; x_wconf 90' lang='lat' dir='ltr'><strong>sunt,</strong></span> 
     </span>
    </p>
   </div>
   <div class='ocr_carea' id='block_1_63' title="bbox 2258 1941 3092 2015">
    <p class='ocr_par' dir='ltr' id='par_1_63' title="bbox 2258 1941 3092 2015">
     <span class='ocr_line' id='line_1_63' title="bbox 2258 1941 3092 2015; baseline 0.008 -20"><span class='ocrx_word' id='word_1_462' title='bbox 2258 1942 2315 1996; x_wconf 83' lang='grc' dir='ltr'><strong>δέ</strong></span> <span class='ocrx_word' id='word_1_463' title='bbox 2353 1941 2550 2013; x_wconf 85' lang='grc' dir='ltr'><strong>μᾶλλον</strong></span> <span class='ocrx_word' id='word_1_464' title='bbox 2581 1944 2776 1999; x_wconf 86' lang='grc' dir='ltr'><strong>ἐλαιῶν</strong></span> <span class='ocrx_word' id='word_1_465' title='bbox 2801 1948 3092 2015; x_wconf 85' lang='grc' dir='ltr'><strong>άπεκάλει;</strong></span> 
     </span>
    </p>
   </div>
   <div class='ocr_carea' id='block_1_64' title="bbox 2328 2033 3831 2116">
    <p class='ocr_par' dir='ltr' id='par_1_64' title="bbox 2328 2033 3831 2116">
     <span class='ocr_line' id='line_1_64' title="bbox 2328 2033 3831 2116; baseline 0.009 -29"><span class='ocrx_word' id='word_1_466' title='bbox 2328 2034 2493 2088; x_wconf 81' lang='grc' dir='ltr'><strong>ΚΥΡ.</strong></span> <span class='ocrx_word' id='word_1_467' title='bbox 2532 2035 2675 2101; x_wconf 86' lang='grc' dir='ltr'><strong>Ὅτι,</strong></span> <span class='ocrx_word' id='word_1_468' title='bbox 2710 2033 2755 2090; x_wconf 85' lang='grc' dir='ltr'><strong>ὧ</strong></span> <span class='ocrx_word' id='word_1_469' title='bbox 2784 2038 2987 2109; x_wconf 78' lang='grc' dir='ltr'><strong>ἑταῖρε,</strong></span> <span class='ocrx_word' id='word_1_470' title='bbox 3030 2040 3281 2112; x_wconf 84' lang='grc' dir='ltr'><strong>καθάπερ</strong></span> <span class='ocrx_word' id='word_1_471' title='bbox 3309 2043 3368 2108; x_wconf 79' lang='grc' dir='ltr'><strong>ἐξ</strong></span> <span class='ocrx_word' id='word_1_472' title='bbox 3395 2043 3589 2100; x_wconf 90' lang='grc' dir='ltr'><strong>ἐλαιῶν</strong></span> <span class='ocrx_word' id='word_1_473' title='bbox 3631 2046 3831 2116; x_wconf 81' lang='grc' dir='ltr'><strong>μόσχια</strong></span> 
     </span>
    </p>
   </div>
   <div class='ocr_carea' id='block_1_65' title="bbox 2255 2122 3831 2205">
    <p class='ocr_par' dir='ltr' id='par_1_65' title="bbox 2255 2122 3831 2205">
     <span class='ocr_line' id='line_1_65' title="bbox 2255 2122 3831 2205; baseline 0.01 -30"><span class='ocrx_word' id='word_1_474' title='bbox 2255 2122 2426 2176; x_wconf 82' lang='grc' dir='ltr'><strong>λεπτὰ</strong></span> <span class='ocrx_word' id='word_1_475' title='bbox 2466 2126 2560 2179; x_wconf 73' lang='grc' dir='ltr'><strong>καὶ</strong></span> <span class='ocrx_word' id='word_1_476' title='bbox 2606 2125 2916 2195; x_wconf 86' lang='grc' dir='ltr'><strong>ἀρτιθα).εἰς</strong></span> <span class='ocrx_word' id='word_1_477' title='bbox 2962 2129 3255 2202; x_wconf 79' lang='grc' dir='ltr'><strong>ἐξῄρηνται</strong></span> <span class='ocrx_word' id='word_1_478' title='bbox 3297 2133 3517 2200; x_wconf 78' lang='grc' dir='ltr'><strong>κλάδοι,</strong></span> <span class='ocrx_word' id='word_1_479' title='bbox 3562 2134 3722 2205; x_wconf 76' lang='grc' dir='ltr'><strong>μόνον</strong></span> <span class='ocrx_word' id='word_1_480' title='bbox 3772 2136 3831 2189; x_wconf 80' lang='grc' dir='ltr'><strong>δέ</strong></span> 
     </span>
    </p>
   </div>
   <div class='ocr_carea' id='block_1_66' title="bbox 2254 2216 3830 2293">
    <p class='ocr_par' dir='ltr' id='par_1_66' title="bbox 2254 2216 3830 2293">
     <span class='ocr_line' id='line_1_66' title="bbox 2254 2216 3830 2293; baseline 0.009 -26"><span class='ocrx_word' id='word_1_481' title='bbox 2254 2216 2377 2285; x_wconf 77' lang='grc' dir='ltr'><strong>οὐχὶ</strong></span> <span class='ocrx_word' id='word_1_482' title='bbox 2420 2217 2907 2289; x_wconf 80' lang='grc' dir='ltr'><strong>μεταϐοθρεύονται</strong></span> <span class='ocrx_word' id='word_1_483' title='bbox 2952 2223 3091 2293; x_wconf 79' lang='grc' dir='ltr'><strong>μετὰ</strong></span> <span class='ocrx_word' id='word_1_484' title='bbox 3141 2225 3379 2289; x_wconf 88' lang='grc' dir='ltr'><strong>πίστεως</strong></span> <span class='ocrx_word' id='word_1_485' title='bbox 3418 2228 3498 2291; x_wconf 87' lang='grc' dir='ltr'><strong>είς</strong></span> <span class='ocrx_word' id='word_1_486' title='bbox 3548 2227 3830 2281; x_wconf 79' lang='grc' dir='ltr'><strong>εὐσέϐειαν</strong></span> 
     </span>
    </p>
   </div>
   <div class='ocr_carea' id='block_1_67' title="bbox 2253 2309 3829 2385">
    <p class='ocr_par' dir='ltr' id='par_1_67' title="bbox 2253 2309 3829 2385">
     <span class='ocr_line' id='line_1_67' title="bbox 2253 2309 3829 2385; baseline 0.01 -26"><span class='ocrx_word' id='word_1_487' title='bbox 2253 2309 2302 2360; x_wconf 80' lang='grc' dir='ltr'><strong>οἱ</strong></span> <span class='ocrx_word' id='word_1_488' title='bbox 2329 2309 2775 2374; x_wconf 85' lang='grc' dir='ltr'><strong>πεπιστευκότες,</strong></span> <span class='ocrx_word' id='word_1_489' title='bbox 2799 2312 2848 2365; x_wconf 92' lang='grc' dir='ltr'><strong>οί</strong></span> <span class='ocrx_word' id='word_1_490' title='bbox 2873 2313 2970 2382; x_wconf 83' lang='grc' dir='ltr'><strong>μὲν</strong></span> <span class='ocrx_word' id='word_1_491' title='bbox 2995 2315 3059 2367; x_wconf 87' lang='grc' dir='ltr'><strong>ἐκ</strong></span> <span class='ocrx_word' id='word_1_492' title='bbox 3090 2316 3189 2385; x_wconf 82' lang='grc' dir='ltr'><strong>τῆς</strong></span> <span class='ocrx_word' id='word_1_493' title='bbox 3222 2316 3486 2371; x_wconf 73' lang='grc' dir='ltr'><strong>Ἰουδαίων</strong></span> <span class='ocrx_word' id='word_1_494' title='bbox 3525 2317 3677 2382; x_wconf 74' lang='grc' dir='ltr'><strong>ὄντες</strong></span> <span class='ocrx_word' id='word_1_495' title='bbox 3704 2325 3829 2373; x_wconf 82' lang='grc' dir='ltr'><strong>συν-</strong></span> 
     </span>
    </p>
   </div>
   <div class='ocr_carea' id='block_1_68' title="bbox 2255 2398 3828 2481">
    <p class='ocr_par' dir='ltr' id='par_1_68' title="bbox 2255 2398 3828 2481">
     <span class='ocr_line' id='line_1_68' title="bbox 2255 2398 3828 2481; baseline 0.01 -31"><span class='ocrx_word' id='word_1_496' title='bbox 2255 2398 2509 2470; x_wconf 84' lang='grc' dir='ltr'><strong>αγωγῆς,</strong></span> <span class='ocrx_word' id='word_1_497' title='bbox 2548 2400 2598 2452; x_wconf 82' lang='grc' dir='ltr'><strong>οἱ</strong></span> <span class='ocrx_word' id='word_1_498' title='bbox 2634 2399 2713 2464; x_wconf 86' lang='grc' dir='ltr'><strong>δὲ,</strong></span> <span class='ocrx_word' id='word_1_499' title='bbox 2755 2401 2854 2472; x_wconf 85' lang='grc' dir='ltr'><strong>τῆς</strong></span> <span class='ocrx_word' id='word_1_500' title='bbox 2894 2404 2955 2469; x_wconf 80' lang='grc' dir='ltr'><strong>ἐξ</strong></span> <span class='ocrx_word' id='word_1_501' title='bbox 2998 2404 3165 2458; x_wconf 89' lang='grc' dir='ltr'><strong>ἐθνῶν</strong></span> <span class='ocrx_word' id='word_1_502' title='bbox 3203 2406 3436 2476; x_wconf 79' lang='grc' dir='ltr'><strong>πληθύος</strong></span> <span class='ocrx_word' id='word_1_503' title='bbox 3477 2408 3828 2481; x_wconf 68' lang='grc' dir='ltr'><strong>ἐξῃρημένον</strong></span> 
     </span>
    </p>
   </div>
   <div class='ocr_carea' id='block_1_69' title="bbox 2255 2489 3831 2573">
    <p class='ocr_par' dir='ltr' id='par_1_69' title="bbox 2255 2489 3831 2573">
     <span class='ocr_line' id='line_1_69' title="bbox 2255 2489 3831 2573; baseline 0.008 -32"><span class='ocrx_word' id='word_1_504' title='bbox 2255 2489 2651 2546; x_wconf 87' lang='grc' dir='ltr'><strong>πεπιστεύκασι</strong></span> <span class='ocrx_word' id='word_1_505' title='bbox 2676 2493 2785 2563; x_wconf 79' lang='grc' dir='ltr'><strong>γὰρ</strong></span> <span class='ocrx_word' id='word_1_506' title='bbox 2805 2494 2925 2573; x_wconf 75' lang='grc' dir='ltr'><strong>οὐχὶ</strong></span> <span class='ocrx_word' id='word_1_507' title='bbox 2948 2496 3147 2560; x_wconf 84' lang='grc' dir='ltr'><strong>πάντες</strong></span> <span class='ocrx_word' id='word_1_508' title='bbox 3167 2498 3217 2550; x_wconf 74' lang='grc' dir='ltr'><strong>οἱ</strong></span> <span class='ocrx_word' id='word_1_509' title='bbox 3243 2498 3303 2562; x_wconf 80' lang='grc' dir='ltr'><strong>ἐξ</strong></span> <span class='ocrx_word' id='word_1_510' title='bbox 3339 2499 3697 2571; x_wconf 59' lang='grc' dir='ltr'><strong>’Ῐσραὴλρῦτε</strong></span> <span class='ocrx_word' id='word_1_511' title='bbox 3722 2503 3831 2573; x_wconf 65' lang='grc' dir='ltr'><strong>μὴν</strong></span> 
     </span>
    </p>
   </div>
   <div class='ocr_carea' id='block_1_70' title="bbox 2253 2572 3829 2658">
    <p class='ocr_par' dir='ltr' id='par_1_70' title="bbox 2253 2572 3829 2658">
     <span class='ocr_line' id='line_1_70' title="bbox 2253 2572 3829 2658; baseline 0.009 -27"><span class='ocrx_word' id='word_1_512' title='bbox 2253 2578 2438 2632; x_wconf 76' lang='grc' dir='ltr'><strong>ἅπασα</strong></span> <span class='ocrx_word' id='word_1_513' title='bbox 2459 2581 2564 2635; x_wconf 89' lang='grc' dir='ltr'><strong>τῶν</strong></span> <span class='ocrx_word' id='word_1_514' title='bbox 2584 2581 2753 2635; x_wconf 85' lang='grc' dir='ltr'><strong>ἐθνῶν</strong></span> <span class='ocrx_word' id='word_1_515' title='bbox 2776 2572 3098 2655; x_wconf 65' lang='grc' dir='ltr'><strong>εἰσέφρησεν</strong></span> <span class='ocrx_word' id='word_1_516' title='bbox 3122 2588 3155 2655; x_wconf 91' lang='grc' dir='ltr'><strong>ή</strong></span> <span class='ocrx_word' id='word_1_517' title='bbox 3184 2586 3411 2658; x_wconf 89' lang='grc' dir='ltr'><strong>πληθύς.</strong></span> <span class='ocrx_word' id='word_1_518' title='bbox 3434 2588 3632 2643; x_wconf 79' lang='grc' dir='ltr'><strong>Κλάδοι</strong></span> <span class='ocrx_word' id='word_1_519' title='bbox 3653 2572 3829 2645; x_wconf 83' lang='grc' dir='ltr'><strong>τοίνυν</strong></span> 
     </span>
    </p>
   </div>
   <div class='ocr_carea' id='block_1_71' title="bbox 2253 2672 3829 2751">
    <p class='ocr_par' dir='ltr' id='par_1_71' title="bbox 2253 2672 3829 2751">
     <span class='ocr_line' id='line_1_71' title="bbox 2253 2672 3829 2751; baseline 0.007 -27"><span class='ocrx_word' id='word_1_520' title='bbox 2253 2672 2469 2737; x_wconf 86' lang='grc' dir='ltr'><strong>ἐλαιῶν,</strong></span> <span class='ocrx_word' id='word_1_521' title='bbox 2519 2674 2568 2726; x_wconf 75' lang='lat' dir='ltr'><strong>oi</strong></span> <span class='ocrx_word' id='word_1_522' title='bbox 2608 2674 2684 2738; x_wconf 82' lang='grc' dir='ltr'><strong>ὡς</strong></span> <span class='ocrx_word' id='word_1_523' title='bbox 2730 2676 2793 2727; x_wconf 88' lang='grc' dir='ltr'><strong>ἐκ</strong></span> <span class='ocrx_word' id='word_1_524' title='bbox 2847 2674 3077 2745; x_wconf 87' lang='grc' dir='ltr'><strong>δένδρων</strong></span> <span class='ocrx_word' id='word_1_525' title='bbox 3125 2678 3535 2749; x_wconf 78' lang='grc' dir='ltr'><strong>ἀπεσπασμένοι</strong></span> <span class='ocrx_word' id='word_1_526' title='bbox 3589 2681 3829 2751; x_wconf 75' lang='grc' dir='ltr'><strong>πληθύος</strong></span> 
     </span>
    </p>
   </div>
   <div class='ocr_carea' id='block_1_72' title="bbox 2265 2763 3829 2844">
    <p class='ocr_par' dir='ltr' id='par_1_72' title="bbox 2265 2763 3829 2844">
     <span class='ocr_line' id='line_1_72' title="bbox 2265 2763 3829 2844; baseline 0.008 -29"><span class='ocrx_word' id='word_1_527' title='bbox 2265 2763 2579 2834; x_wconf 77' lang='grc' dir='ltr'><strong>Ἰουδαϊκῆς,</strong></span> <span class='ocrx_word' id='word_1_528' title='bbox 2610 2766 2703 2819; x_wconf 76' lang='grc' dir='ltr'><strong>καὶ</strong></span> <span class='ocrx_word' id='word_1_529' title='bbox 2736 2768 2841 2837; x_wconf 82' lang='grc' dir='ltr'><strong>μὴν</strong></span> <span class='ocrx_word' id='word_1_530' title='bbox 2872 2768 2967 2819; x_wconf 72' lang='grc' dir='ltr'><strong>καὶ</strong></span> <span class='ocrx_word' id='word_1_531' title='bbox 2985 2768 3328 2841; x_wconf 69' lang='grc' dir='ltr'><strong>Ἑλληνικῆς,</strong></span> <span class='ocrx_word' id='word_1_532' title='bbox 3352 2772 3444 2825; x_wconf 77' lang='grc' dir='ltr'><strong>καὶ</strong></span> <span class='ocrx_word' id='word_1_533' title='bbox 3482 2774 3543 2827; x_wconf 83' lang='grc' dir='ltr'><strong>ἐν</strong></span> <span class='ocrx_word' id='word_1_534' title='bbox 3581 2776 3719 2843; x_wconf 76' lang='grc' dir='ltr'><strong>φωτὶ</strong></span> <span class='ocrx_word' id='word_1_535' title='bbox 3750 2775 3829 2844; x_wconf 80' lang='grc' dir='ltr'><strong>τῷ</strong></span> 
     </span>
    </p>
   </div>
   <div class='ocr_carea' id='block_1_73' title="bbox 2253 2852 3824 2938">
    <p class='ocr_par' dir='ltr' id='par_1_73' title="bbox 2253 2852 3824 2938">
     <span class='ocr_line' id='line_1_73' title="bbox 2253 2852 3824 2938; baseline 0.009 -33"><span class='ocrx_word' id='word_1_536' title='bbox 2253 2852 2382 2925; x_wconf 85' lang='grc' dir='ltr'><strong>θείῳ</strong></span> <span class='ocrx_word' id='word_1_537' title='bbox 2422 2856 2800 2926; x_wconf 83' lang='grc' dir='ltr'><strong>γεγενημένοι,</strong></span> <span class='ocrx_word' id='word_1_538' title='bbox 2848 2861 2941 2913; x_wconf 59' lang='grc' dir='ltr'><strong>καὶ¹</strong></span> <span class='ocrx_word' id='word_1_539' title='bbox 2982 2862 3424 2926; x_wconf 79' lang='grc' dir='ltr'><strong>ἐνσπαταλῶντες</strong></span> <span class='ocrx_word' id='word_1_540' title='bbox 3461 2865 3559 2934; x_wconf 77' lang='grc' dir='ltr'><strong>ήδη</strong></span> <span class='ocrx_word' id='word_1_541' title='bbox 3614 2882 3730 2928; x_wconf 86' lang='grc' dir='ltr'><strong>πως</strong></span> <span class='ocrx_word' id='word_1_542' title='bbox 3758 2870 3824 2938; x_wconf 81' lang='grc' dir='ltr'><strong>τῇ</strong></span> 
     </span>
    </p>
   </div>
   <div class='ocr_carea' id='block_1_74' title="bbox 2249 2945 3826 3027">
    <p class='ocr_par' dir='ltr' id='par_1_74' title="bbox 2249 2945 3826 3027">
     <span class='ocr_line' id='line_1_74' title="bbox 2249 2945 3826 3027; baseline 0.009 -31"><span class='ocrx_word' id='word_1_543' title='bbox 2249 2945 2345 2997; x_wconf 82' lang='grc' dir='ltr'><strong>τοῦ</strong></span> <span class='ocrx_word' id='word_1_544' title='bbox 2372 2947 2536 3015; x_wconf 72' lang='grc' dir='ltr'><strong>ἁγίου</strong></span> <span class='ocrx_word' id='word_1_545' title='bbox 2588 2947 2905 3019; x_wconf 87' lang='grc' dir='ltr'><strong>Πνεύματος</strong></span> <span class='ocrx_word' id='word_1_546' title='bbox 2941 2951 3286 3023; x_wconf 77' lang='grc' dir='ltr'><strong>ἀφθονωτέρα</strong></span> <span class='ocrx_word' id='word_1_547' title='bbox 3318 2954 3491 3025; x_wconf 86' lang='grc' dir='ltr'><strong>χύσει.</strong></span> <span class='ocrx_word' id='word_1_548' title='bbox 3522 2955 3690 3009; x_wconf 81' lang='grc' dir='ltr'><strong>Τοῦτο</strong></span> <span class='ocrx_word' id='word_1_549' title='bbox 3716 2958 3826 3027; x_wconf 80' lang='grc' dir='ltr'><strong>γὰρ</strong></span> 
     </span>
    </p>
   </div>
   <div class='ocr_carea' id='block_1_75' title="bbox 2250 3031 3826 3115">
    <p class='ocr_par' dir='ltr' id='par_1_75' title="bbox 2250 3031 3826 3115">
     <span class='ocr_line' id='line_1_75' title="bbox 2250 3031 3826 3115; baseline 0.008 -27"><span class='ocrx_word' id='word_1_550' title='bbox 2250 3031 2399 3105; x_wconf 70' lang='grc' dir='ltr'><strong>οἶμαι</strong></span> <span class='ocrx_word' id='word_1_551' title='bbox 2433 3037 2645 3108; x_wconf 83' lang='grc' dir='ltr'><strong>δηλοῦν,</strong></span> <span class='ocrx_word' id='word_1_552' title='bbox 2674 3038 2754 3104; x_wconf 83' lang='grc' dir='ltr'><strong>τὸ,</strong></span> <span class='ocrx_word' id='word_1_553' title='bbox 2789 3040 2862 3103; x_wconf 83' lang='grc' dir='ltr'><strong>ὡς</strong></span> <span class='ocrx_word' id='word_1_554' title='bbox 2890 3041 2947 3092; x_wconf 86' lang='grc' dir='ltr'><strong>ἐν</strong></span> <span class='ocrx_word' id='word_1_555' title='bbox 2979 3041 3290 3113; x_wconf 81' lang='grc' dir='ltr'><strong>μυξωτῆρσι</strong></span> <span class='ocrx_word' id='word_1_556' title='bbox 3323 3042 3431 3097; x_wconf 88' lang='grc' dir='ltr'><strong>τῶν</strong></span> <span class='ocrx_word' id='word_1_557' title='bbox 3467 3044 3672 3115; x_wconf 86' lang='grc' dir='ltr'><strong>λύχνων</strong></span> <span class='ocrx_word' id='word_1_558' title='bbox 3699 3048 3826 3110; x_wconf 76' lang='grc' dir='ltr'><strong>τοὺς</strong></span> 
     </span>
    </p>
   </div>
   <div class='ocr_carea' id='block_1_76' title="bbox 2252 3126 3827 3208">
    <p class='ocr_par' dir='ltr' id='par_1_76' title="bbox 2252 3126 3827 3208">
     <span class='ocr_line' id='line_1_76' title="bbox 2252 3126 3827 3208; baseline 0.009 -30"><span class='ocrx_word' id='word_1_559' title='bbox 2252 3126 2359 3179; x_wconf 89' lang='grc' dir='ltr'><strong>τῶν</strong></span> <span class='ocrx_word' id='word_1_560' title='bbox 2381 3128 2575 3182; x_wconf 85' lang='grc' dir='ltr'><strong>ἐλαιῶν</strong></span> <span class='ocrx_word' id='word_1_561' title='bbox 2602 3131 2819 3184; x_wconf 63' lang='grc' dir='ltr'><strong>κεῖσθαι»</strong></span> <span class='ocrx_word' id='word_1_562' title='bbox 2837 3131 3082 3198; x_wconf 86' lang='grc' dir='ltr'><strong>κλάδους,</strong></span> <span class='ocrx_word' id='word_1_563' title='bbox 3104 3126 3180 3186; x_wconf 81' lang='grc' dir='ltr'><strong>ὧν</strong></span> <span class='ocrx_word' id='word_1_564' title='bbox 3202 3136 3296 3187; x_wconf 73' lang='grc' dir='ltr'><strong>καὶ</strong></span> <span class='ocrx_word' id='word_1_565' title='bbox 3321 3137 3349 3188; x_wconf 86' lang='grc' dir='ltr'>ὁ</span> <span class='ocrx_word' id='word_1_566' title='bbox 3379 3137 3648 3208; x_wconf 81' lang='grc' dir='ltr'><strong>μακάριος</strong></span> <span class='ocrx_word' id='word_1_567' title='bbox 3674 3138 3827 3192; x_wconf 75' lang='grc' dir='ltr'><strong>Ψαλ-</strong></span> 
     </span>
    </p>
   </div>
   <div class='ocr_carea' id='block_1_77' title="bbox 2257 3219 3825 3299">
    <p class='ocr_par' dir='ltr' id='par_1_77' title="bbox 2257 3219 3825 3299">
     <span class='ocr_line' id='line_1_77' title="bbox 2257 3219 3825 3299; baseline 0.006 -27"><span class='ocrx_word' id='word_1_568' title='bbox 2257 3219 2430 3289; x_wconf 82' lang='grc' dir='ltr'><strong>μῳδὸς</strong></span> <span class='ocrx_word' id='word_1_569' title='bbox 2460 3220 2823 3292; x_wconf 81' lang='grc' dir='ltr'><strong>διαμέμνηταί</strong></span> <span class='ocrx_word' id='word_1_570' title='bbox 2853 3239 2979 3285; x_wconf 85' lang='grc' dir='ltr'><strong>που,</strong></span> <span class='ocrx_word' id='word_1_571' title='bbox 2998 3223 3146 3294; x_wconf 75' lang='grc' dir='ltr'><strong>πρὸς</strong></span> <span class='ocrx_word' id='word_1_572' title='bbox 3177 3225 3267 3279; x_wconf 82' lang='grc' dir='ltr'><strong>τὸν</strong></span> <span class='ocrx_word' id='word_1_573' title='bbox 3299 3225 3405 3280; x_wconf 89' lang='grc' dir='ltr'><strong>τῶν</strong></span> <span class='ocrx_word' id='word_1_574' title='bbox 3434 3227 3570 3280; x_wconf 81' lang='grc' dir='ltr'><strong>ὅλων</strong></span> <span class='ocrx_word' id='word_1_575' title='bbox 3596 3228 3825 3299; x_wconf 79' lang='grc' dir='ltr'><strong>Σωτῆρα</strong></span> 
     </span>
    </p>
   </div>
   <div class='ocr_carea' id='block_1_78' title="bbox 2252 3311 3826 3389">
    <p class='ocr_par' dir='ltr' id='par_1_78' title="bbox 2252 3311 3826 3389">
     <span class='ocr_line' id='line_1_78' title="bbox 2252 3311 3826 3389; baseline 0.004 -26"><span class='ocrx_word' id='word_1_576' title='bbox 2252 3311 2486 3381; x_wconf 83' lang='grc' dir='ltr'><strong>Χριστὸν</strong></span> <span class='ocrx_word' id='word_1_577' title='bbox 2515 3313 2872 3385; x_wconf 83' lang='grc' dir='ltr'><strong>ἀναμελῳδῶν</strong></span> <span class='ocrx_word' id='word_1_578' title='bbox 2912 3331 2972 3367; x_wconf 88' lang='grc' dir='ltr'><strong>τε</strong></span> <span class='ocrx_word' id='word_1_579' title='bbox 3006 3317 3100 3368; x_wconf 79' lang='grc' dir='ltr'><strong>καὶ</strong></span> <span class='ocrx_word' id='word_1_580' title='bbox 3128 3315 3299 3385; x_wconf 87' lang='grc' dir='ltr'><strong>λέγων</strong></span> <span class='ocrx_word' id='word_1_581' title='bbox 3327 3318 3450 3387; x_wconf 83' lang='grc' dir='ltr'><strong>περί</strong></span> <span class='ocrx_word' id='word_1_582' title='bbox 3478 3334 3537 3373; x_wconf 88' lang='grc' dir='ltr'><strong>τε</strong></span> <span class='ocrx_word' id='word_1_583' title='bbox 3564 3318 3664 3389; x_wconf 84' lang='grc' dir='ltr'><strong>τῆς</strong></span> <span class='ocrx_word' id='word_1_584' title='bbox 3703 3335 3826 3372; x_wconf 80' lang='grc' dir='ltr'><strong>συν-</strong></span> 
     </span>
    </p>
   </div>
   <div class='ocr_carea' id='block_1_79' title="bbox 2252 3403 3823 3481">
    <p class='ocr_par' dir='ltr' id='par_1_79' title="bbox 2252 3403 3823 3481">
     <span class='ocr_line' id='line_1_79' title="bbox 2252 3403 3823 3481; baseline 0.004 -25"><span class='ocrx_word' id='word_1_585' title='bbox 2252 3403 2604 3475; x_wconf 83' lang='grc' dir='ltr'><strong>ηρμοσμένης</strong></span> <span class='ocrx_word' id='word_1_586' title='bbox 2626 3404 2777 3476; x_wconf 81' lang='grc' dir='ltr'><strong>αὐτῷ</strong></span> <span class='ocrx_word' id='word_1_587' title='bbox 2802 3405 3041 3478; x_wconf 83' lang='grc' dir='ltr'><strong>νύμφης,</strong></span> <span class='ocrx_word' id='word_1_588' title='bbox 3063 3409 3327 3473; x_wconf 84' lang='grc' dir='ltr'><strong>τουτέστι,</strong></span> <span class='ocrx_word' id='word_1_589' title='bbox 3350 3410 3449 3479; x_wconf 82' lang='grc' dir='ltr'><strong>τῆς</strong></span> <span class='ocrx_word' id='word_1_590' title='bbox 3480 3409 3823 3481; x_wconf 84' lang='grc' dir='ltr'><strong>Ἐκκλησίας,</strong></span> 
     </span>
    </p>
   </div>
   <div class='ocr_carea' id='block_1_80' title="bbox 2253 3493 3825 3573">
    <p class='ocr_par' dir='ltr' id='par_1_80' title="bbox 2253 3493 3825 3573">
     <span class='ocr_line' id='line_1_80' title="bbox 2253 3493 3825 3573; baseline 0.006 -26"><span class='ocrx_word' id='word_1_591' title='bbox 2253 3495 2348 3547; x_wconf 71' lang='grc' dir='ltr'><strong>καὶ</strong></span> <span class='ocrx_word' id='word_1_592' title='bbox 2373 3493 2481 3548; x_wconf 87' lang='grc' dir='ltr'><strong>τῶν</strong></span> <span class='ocrx_word' id='word_1_593' title='bbox 2513 3496 2572 3549; x_wconf 87' lang='grc' dir='ltr'><strong>ἐν</strong></span> <span class='ocrx_word' id='word_1_594' title='bbox 2618 3496 2798 3551; x_wconf 87' lang='grc' dir='ltr'><strong>πίστει</strong></span> <span class='ocrx_word' id='word_1_595' title='bbox 2830 3497 3034 3551; x_wconf 88' lang='grc' dir='ltr'><strong>τέκνων</strong></span> <span class='ocrx_word' id='word_1_596' title='bbox 3063 3499 3252 3569; x_wconf 81' lang='grc' dir='ltr'><strong>αὐτῆς·</strong></span> <span class='ocrx_word' id='word_1_597' title='bbox 3291 3518 3311 3551; x_wconf 75' lang='grc' dir='ltr'><strong>ι</strong></span> <span class='ocrx_word' id='word_1_598' title='bbox 3359 3501 3421 3553; x_wconf 81' lang='grc' dir='ltr'><em>Ἡ</em></span> <span class='ocrx_word' id='word_1_599' title='bbox 3453 3503 3585 3573; x_wconf 85' lang='grc' dir='ltr'><strong>γυνή</strong></span> <span class='ocrx_word' id='word_1_600' title='bbox 3627 3519 3721 3555; x_wconf 88' lang='grc' dir='ltr'><strong>σου</strong></span> <span class='ocrx_word' id='word_1_601' title='bbox 3750 3504 3825 3566; x_wconf 82' lang='grc' dir='ltr'><strong>ὡς</strong></span> 
     </span>
    </p>
   </div>
   <div class='ocr_carea' id='block_1_81' title="bbox 2252 3585 3823 3660">
    <p class='ocr_par' dir='ltr' id='par_1_81' title="bbox 2252 3585 3823 3660">
     <span class='ocr_line' id='line_1_81' title="bbox 2252 3585 3823 3660; baseline 0.003 -19"><span class='ocrx_word' id='word_1_602' title='bbox 2252 3585 2497 3655; x_wconf 77' lang='grc' dir='ltr'><strong>ἄμπελος</strong></span> <span class='ocrx_word' id='word_1_603' title='bbox 2538 3585 2841 3657; x_wconf 84' lang='grc' dir='ltr'><strong>εύθηνοῦσα</strong></span> <span class='ocrx_word' id='word_1_604' title='bbox 2877 3588 2936 3641; x_wconf 84' lang='grc' dir='ltr'><strong>ἐν</strong></span> <span class='ocrx_word' id='word_1_605' title='bbox 2966 3591 3080 3653; x_wconf 84' lang='grc' dir='ltr'><strong>τοῖς</strong></span> <span class='ocrx_word' id='word_1_606' title='bbox 3113 3588 3319 3641; x_wconf 87' lang='grc' dir='ltr'><strong>κλίτεσι</strong></span> <span class='ocrx_word' id='word_1_607' title='bbox 3354 3592 3453 3660; x_wconf 84' lang='grc' dir='ltr'><strong>τῆς</strong></span> <span class='ocrx_word' id='word_1_608' title='bbox 3485 3590 3662 3654; x_wconf 89' lang='grc' dir='ltr'><strong>οίκίας</strong></span> <span class='ocrx_word' id='word_1_609' title='bbox 3706 3608 3823 3646; x_wconf 90' lang='grc' dir='ltr'><strong>σου.</strong></span> 
     </span>
    </p>
   </div>
   <div class='ocr_carea' id='block_1_82' title="bbox 2254 3676 3825 3753">
    <p class='ocr_par' dir='ltr' id='par_1_82' title="bbox 2254 3676 3825 3753">
     <span class='ocr_line' id='line_1_82' title="bbox 2254 3676 3825 3753; baseline 0.004 -25"><span class='ocrx_word' id='word_1_610' title='bbox 2254 3677 2317 3729; x_wconf 76' lang='lat' dir='ltr'><strong>Ol</strong></span> <span class='ocrx_word' id='word_1_611' title='bbox 2347 3676 2450 3729; x_wconf 89' lang='grc' dir='ltr'><strong>υίοί</strong></span> <span class='ocrx_word' id='word_1_612' title='bbox 2479 3693 2594 3741; x_wconf 91' lang='grc' dir='ltr'><strong>σου,</strong></span> <span class='ocrx_word' id='word_1_613' title='bbox 2622 3677 2699 3741; x_wconf 82' lang='grc' dir='ltr'><strong>ὡς</strong></span> <span class='ocrx_word' id='word_1_614' title='bbox 2726 3678 2964 3747; x_wconf 82' lang='grc' dir='ltr'><strong>νεόφυτα</strong></span> <span class='ocrx_word' id='word_1_615' title='bbox 2990 3679 3183 3733; x_wconf 86' lang='grc' dir='ltr'><strong>ἐλαιῶν</strong></span> <span class='ocrx_word' id='word_1_616' title='bbox 3205 3679 3391 3753; x_wconf 85' lang='grc' dir='ltr'><strong>κύκλῳ</strong></span> <span class='ocrx_word' id='word_1_617' title='bbox 3415 3681 3514 3751; x_wconf 80' lang='grc' dir='ltr'><strong>τῆς</strong></span> <span class='ocrx_word' id='word_1_618' title='bbox 3546 3682 3825 3753; x_wconf 74' lang='grc' dir='ltr'><strong>τραπέζης</strong></span> 
     </span>
    </p>
   </div>
   <div class='ocr_carea' id='block_1_83' title="bbox 2256 3767 3825 3841">
    <p class='ocr_par' dir='ltr' id='par_1_83' title="bbox 2256 3767 3825 3841">
     <span class='ocr_line' id='line_1_83' title="bbox 2256 3767 3825 3841; baseline 0.003 -22"><span class='ocrx_word' id='word_1_619' title='bbox 2256 3783 2368 3821; x_wconf 93' lang='grc' dir='ltr'><strong>σου.</strong></span> <span class='ocrx_word' id='word_1_620' title='bbox 2395 3786 2415 3819; x_wconf 73' lang='grc' dir='ltr'><strong>ι</strong></span> <span class='ocrx_word' id='word_1_621' title='bbox 2447 3767 2867 3839; x_wconf 86' lang='grc' dir='ltr'><strong>Ζωοποιούμεθα</strong></span> <span class='ocrx_word' id='word_1_622' title='bbox 2896 3770 3005 3840; x_wconf 78' lang='grc' dir='ltr'><strong>γὰρ</strong></span> <span class='ocrx_word' id='word_1_623' title='bbox 3033 3770 3093 3823; x_wconf 87' lang='grc' dir='ltr'><strong>ἐν</strong></span> <span class='ocrx_word' id='word_1_624' title='bbox 3117 3769 3335 3839; x_wconf 79' lang='grc' dir='ltr'><strong>μεθέξει</strong></span> <span class='ocrx_word' id='word_1_625' title='bbox 3361 3770 3697 3841; x_wconf 82' lang='grc' dir='ltr'><strong>Πνεύματος,</strong></span> <span class='ocrx_word' id='word_1_626' title='bbox 3731 3772 3825 3825; x_wconf 72' lang='grc' dir='ltr'><strong>καί⁵</strong></span> 
     </span>
    </p>
   </div>
   <div class='ocr_carea' id='block_1_84' title="bbox 2250 3858 3824 3933">
    <p class='ocr_par' dir='ltr' id='par_1_84' title="bbox 2250 3858 3824 3933">
     <span class='ocr_line' id='line_1_84' title="bbox 2250 3858 3824 3933; baseline 0.004 -23"><span class='ocrx_word' id='word_1_627' title='bbox 2250 3858 2310 3911; x_wconf 85' lang='grc' dir='ltr'><strong>ἐν</strong></span> <span class='ocrx_word' id='word_1_628' title='bbox 2347 3858 2477 3929; x_wconf 75' lang='grc' dir='ltr'><strong>ἁγίᾳ</strong></span> <span class='ocrx_word' id='word_1_629' title='bbox 2507 3858 3046 3933; x_wconf 70' lang='grc' dir='ltr'><strong>τραπέξῃνΧριστοῦ,</strong></span> <span class='ocrx_word' id='word_1_630' title='bbox 3079 3860 3181 3931; x_wconf 77' lang='grc' dir='ltr'><strong>τὴν</strong></span> <span class='ocrx_word' id='word_1_631' title='bbox 3204 3862 3283 3926; x_wconf 89' lang='grc' dir='ltr'><strong>είς</strong></span> <span class='ocrx_word' id='word_1_632' title='bbox 3310 3861 3469 3916; x_wconf 72' lang='grc' dir='ltr'><strong>αὑτὸν</strong></span> <span class='ocrx_word' id='word_1_633' title='bbox 3503 3862 3684 3917; x_wconf 82' lang='grc' dir='ltr'><strong>πίστιν</strong></span> <span class='ocrx_word' id='word_1_634' title='bbox 3712 3864 3824 3916; x_wconf 73' lang='lat' dir='ltr'><strong>elo-</strong></span> 
     </span>
    </p>
   </div>
   <div class='ocr_carea' id='block_1_85' title="bbox 2251 3948 2579 4020">
    <p class='ocr_par' dir='ltr' id='par_1_85' title="bbox 2251 3948 2579 4020">
     <span class='ocr_line' id='line_1_85' title="bbox 2251 3948 2579 4020; baseline 0.009 -19"><span class='ocrx_word' id='word_1_635' title='bbox 2251 3948 2579 4020; x_wconf 79' lang='grc' dir='ltr'><strong>δεδεγμένοι.</strong></span> 
     </span>
    </p>
   </div>
   <div class='ocr_carea' id='block_1_86' title="bbox 2322 4126 3819 4201">
    <p class='ocr_par' dir='ltr' id='par_1_86' title="bbox 2322 4126 3819 4201">
     <span class='ocr_line' id='line_1_86' title="bbox 2322 4126 3819 4201; baseline -0.004 -23"><span class='ocrx_word' id='word_1_636' title='bbox 2322 4126 2529 4179; x_wconf 83' lang='grc' dir='ltr'><strong>ΠΑΛΛ.</strong></span> <span class='ocrx_word' id='word_1_637' title='bbox 2568 4126 2674 4179; x_wconf 78' lang='grc' dir='ltr'><strong>Ναὶ</strong></span> <span class='ocrx_word' id='word_1_638' title='bbox 2691 4126 2868 4192; x_wconf 91' lang='grc' dir='ltr'><strong>λέγεις</strong></span> <span class='ocrx_word' id='word_1_639' title='bbox 2891 4126 3086 4198; x_wconf 85' lang='grc' dir='ltr'><strong>ὀρθῶς·</strong></span> <span class='ocrx_word' id='word_1_640' title='bbox 3125 4145 3143 4178; x_wconf 81' lang='grc' dir='ltr'><strong>ι</strong></span> <span class='ocrx_word' id='word_1_641' title='bbox 3173 4127 3318 4196; x_wconf 83' lang='grc' dir='ltr'><strong>Ἐγὼ</strong></span> <span class='ocrx_word' id='word_1_642' title='bbox 3349 4127 3463 4199; x_wconf 89' lang='grc' dir='ltr'><strong>γάρ</strong></span> <span class='ocrx_word' id='word_1_643' title='bbox 3484 4129 3620 4201; x_wconf 72' lang='grc' dir='ltr'><strong>εἰμι,</strong></span> <span class='ocrx_word' id='word_1_644' title='bbox 3663 4148 3683 4181; x_wconf 77' lang='grc' dir='ltr'><strong>ι</strong></span> <span class='ocrx_word' id='word_1_645' title='bbox 3713 4147 3819 4199; x_wconf 83' lang='grc' dir='ltr'><strong>φη-</strong></span> 
     </span>
    </p>
   </div>
   <div class='ocr_carea' id='block_1_87' title="bbox 2254 4215 3821 4291">
    <p class='ocr_par' dir='ltr' id='par_1_87' title="bbox 2254 4215 3821 4291">
     <span class='ocr_line' id='line_1_87' title="bbox 2254 4215 3821 4291; baseline 0.005 -24"><span class='ocrx_word' id='word_1_646' title='bbox 2254 4216 2361 4279; x_wconf 68' lang='grc' dir='ltr'><strong>σιν,</strong></span> <span class='ocrx_word' id='word_1_647' title='bbox 2392 4235 2410 4266; x_wconf 80' lang='grc' dir='ltr'><strong>ι</strong></span> <span class='ocrx_word' id='word_1_648' title='bbox 2444 4216 2472 4268; x_wconf 85' lang='grc' dir='ltr'>ὁ</span> <span class='ocrx_word' id='word_1_649' title='bbox 2498 4215 2663 4287; x_wconf 78' lang='grc' dir='ltr'><strong>ἄρτος</strong></span> <span class='ocrx_word' id='word_1_650' title='bbox 2690 4219 2718 4269; x_wconf 87' lang='grc' dir='ltr'>ὁ</span> <span class='ocrx_word' id='word_1_651' title='bbox 2754 4218 2883 4285; x_wconf 77' lang='grc' dir='ltr'><strong>ζῶν,</strong></span> <span class='ocrx_word' id='word_1_652' title='bbox 2914 4221 2944 4271; x_wconf 85' lang='grc' dir='ltr'>ὁ</span> <span class='ocrx_word' id='word_1_653' title='bbox 2971 4221 3035 4273; x_wconf 85' lang='grc' dir='ltr'><strong>ἐκ</strong></span> <span class='ocrx_word' id='word_1_654' title='bbox 3062 4218 3157 4272; x_wconf 80' lang='grc' dir='ltr'><strong>τοῦ</strong></span> <span class='ocrx_word' id='word_1_655' title='bbox 3184 4219 3417 4291; x_wconf 73' lang='grc' dir='ltr'><strong>ούρανοῦ</strong></span> <span class='ocrx_word' id='word_1_656' title='bbox 3441 4220 3702 4285; x_wconf 74' lang='grc' dir='ltr'><strong>καταϐὰς,</strong></span> <span class='ocrx_word' id='word_1_657' title='bbox 3729 4222 3821 4275; x_wconf 77' lang='grc' dir='ltr'><strong>καὶ</strong></span> 
     </span>
    </p>
   </div>
   <div class='ocr_carea' id='block_1_88' title="bbox 2257 4307 3010 4381">
    <p class='ocr_par' dir='ltr' id='par_1_88' title="bbox 2257 4307 3010 4381">
     <span class='ocr_line' id='line_1_88' title="bbox 2257 4307 3010 4381; baseline 0 -20"><span class='ocrx_word' id='word_1_658' title='bbox 2257 4307 2403 4377; x_wconf 77' lang='grc' dir='ltr'><strong>ζωὴν</strong></span> <span class='ocrx_word' id='word_1_659' title='bbox 2429 4308 2605 4372; x_wconf 88' lang='grc' dir='ltr'><strong>διδοὺς</strong></span> <span class='ocrx_word' id='word_1_660' title='bbox 2636 4308 2714 4380; x_wconf 83' lang='grc' dir='ltr'><strong>τῷ</strong></span> <span class='ocrx_word' id='word_1_661' title='bbox 2741 4309 2951 4381; x_wconf 83' lang='grc' dir='ltr'><strong>κόσμῳ.</strong></span> <span class='ocrx_word' id='word_1_662' title='bbox 2991 4329 3010 4361; x_wconf 74' lang='grc' dir='ltr'><strong>ι</strong></span> 
     </span>
    </p>
   </div>
   <div class='ocr_carea' id='block_1_89' title="bbox 2324 4400 3819 4476">
    <p class='ocr_par' dir='ltr' id='par_1_89' title="bbox 2324 4400 3819 4476">
     <span class='ocr_line' id='line_1_89' title="bbox 2324 4400 3819 4476; baseline 0.008 -22"><span class='ocrx_word' id='word_1_663' title='bbox 2324 4402 2487 4455; x_wconf 81' lang='grc' dir='ltr'><strong>ΚΥΡ.</strong></span> <span class='ocrx_word' id='word_1_664' title='bbox 2534 4400 2694 4454; x_wconf 78' lang='grc' dir='ltr'><strong>Ἀλλὰ</strong></span> <span class='ocrx_word' id='word_1_665' title='bbox 2736 4402 2958 4473; x_wconf 88' lang='grc' dir='ltr'><strong>λυχνίας</strong></span> <span class='ocrx_word' id='word_1_666' title='bbox 2992 4404 3088 4473; x_wconf 86' lang='grc' dir='ltr'><strong>μὲν</strong></span> <span class='ocrx_word' id='word_1_667' title='bbox 3118 4405 3279 4476; x_wconf 80' lang='grc' dir='ltr'><strong>πέρι,</strong></span> <span class='ocrx_word' id='word_1_668' title='bbox 3312 4404 3406 4458; x_wconf 81' lang='grc' dir='ltr'><strong>καὶ</strong></span> <span class='ocrx_word' id='word_1_669' title='bbox 3429 4405 3537 4459; x_wconf 87' lang='grc' dir='ltr'><strong>τῶν</strong></span> <span class='ocrx_word' id='word_1_670' title='bbox 3562 4406 3618 4458; x_wconf 91' lang='grc' dir='ltr'><strong>ἐν</strong></span> <span class='ocrx_word' id='word_1_671' title='bbox 3649 4405 3819 4476; x_wconf 71' lang='grc' dir='ltr'><strong>αὐτῇ.</strong></span> 
     </span>
    </p>
   </div>
   <div class='ocr_carea' id='block_1_90' title="bbox 570 4470 2152 4565">
    <p class='ocr_par' dir='ltr' id='par_1_90' title="bbox 570 4470 2148 4547">
     <span class='ocr_line' id='line_1_90' title="bbox 570 4470 2148 4547; baseline 0.015 -23"><span class='ocrx_word' id='word_1_672' title='bbox 570 4470 834 4528; x_wconf 90' lang='lat' dir='ltr'><strong>hactenus</strong></span> <span class='ocrx_word' id='word_1_673' title='bbox 866 4476 932 4529; x_wconf 88' lang='lat' dir='ltr'><strong>ad</strong></span> <span class='ocrx_word' id='word_1_674' title='bbox 956 4493 1196 4546; x_wconf 70' lang='lat' dir='ltr'><strong>prazsens</strong></span> <span class='ocrx_word' id='word_1_675' title='bbox 1242 4480 1446 4537; x_wconf 84' lang='lat' dir='ltr'><strong>dixisse</strong></span> <span class='ocrx_word' id='word_1_676' title='bbox 1480 4484 1737 4541; x_wconf 85' lang='lat' dir='ltr'><strong>sulliciat.</strong></span> <span class='ocrx_word' id='word_1_677' title='bbox 1768 4488 1885 4543; x_wconf 88' lang='lat' dir='ltr'><strong>Jam</strong></span> <span class='ocrx_word' id='word_1_678' title='bbox 1909 4506 2043 4545; x_wconf 87' lang='lat' dir='ltr'><strong>vero</strong></span> <span class='ocrx_word' id='word_1_679' title='bbox 2080 4492 2148 4547; x_wconf 87' lang='lat' dir='ltr'><strong>ad</strong></span> 
     </span>
    </p>
   </div>
   <div class='ocr_carea' id='block_1_91' title="bbox 2253 4470 3820 4565">
    <p class='ocr_par' dir='ltr' id='par_1_91' title="bbox 2253 4470 3820 4565">
     <span class='ocr_line' id='line_1_91' title="bbox 2253 4470 3820 4565; baseline 0.003 -23"><span class='ocrx_word' id='word_1_680' title='bbox 2253 4492 2410 4543; x_wconf 77' lang='grc' dir='ltr'><strong>ταυτὶ</strong></span> <span class='ocrx_word' id='word_1_681' title='bbox 2461 4492 2593 4561; x_wconf 87' lang='grc' dir='ltr'><strong>πρὸς</strong></span> <span class='ocrx_word' id='word_1_682' title='bbox 2639 4470 2931 4561; x_wconf 36' lang='grc' dir='ltr'><strong>ἡμῶνηείς</strong></span> <span class='ocrx_word' id='word_1_683' title='bbox 2975 4470 3148 4565; x_wconf 80' lang='grc' dir='ltr'><strong>παρὸν</strong></span> <span class='ocrx_word' id='word_1_684' title='bbox 3181 4470 3478 4564; x_wconf 72' lang='grc' dir='ltr'><strong>εἰρήσεται.</strong></span> <span class='ocrx_word' id='word_1_685' title='bbox 3528 4495 3656 4548; x_wconf 83' lang='grc' dir='ltr'><strong>Ἰτω</strong></span> <span class='ocrx_word' id='word_1_686' title='bbox 3698 4470 3820 4547; x_wconf 49' lang='lat' dir='ltr'><strong>ass</strong></span> 
     </span>
    </p>
   </div>
   <div class='ocr_carea' id='block_1_92' title="bbox 570 4552 2152 4657">
    <p class='ocr_par' dir='ltr' id='par_1_92' title="bbox 570 4563 2146 4653">
     <span class='ocr_line' id='line_1_92' title="bbox 570 4563 2146 4653; baseline 0.014 -38"><span class='ocrx_word' id='word_1_687' title='bbox 570 4563 741 4618; x_wconf 89' lang='lat' dir='ltr'><strong>altare</strong></span> <span class='ocrx_word' id='word_1_688' title='bbox 769 4581 979 4620; x_wconf 75' lang='lat' dir='ltr'><strong>aeneum</strong></span> <span class='ocrx_word' id='word_1_689' title='bbox 1007 4580 1195 4640; x_wconf 90' lang='lat' dir='ltr'><strong>pergat</strong></span> <span class='ocrx_word' id='word_1_690' title='bbox 1218 4574 1417 4640; x_wconf 89' lang='lat' dir='ltr'><strong>oratio,</strong></span> <span class='ocrx_word' id='word_1_691' title='bbox 1448 4577 1605 4647; x_wconf 89' lang='lat' dir='ltr'><strong>cujus</strong></span> <span class='ocrx_word' id='word_1_692' title='bbox 1630 4594 1763 4632; x_wconf 85' lang='lat' dir='ltr'><strong>usus</strong></span> <span class='ocrx_word' id='word_1_693' title='bbox 1794 4580 1848 4633; x_wconf 91' lang='lat' dir='ltr'><strong>in</strong></span> <span class='ocrx_word' id='word_1_694' title='bbox 1874 4581 1968 4635; x_wconf 90' lang='lat' dir='ltr'><strong>illo</strong></span> <span class='ocrx_word' id='word_1_695' title='bbox 1988 4583 2146 4653; x_wconf 87' lang='lat' dir='ltr'><strong>legali</strong></span> 
     </span>
    </p>
   </div>
   <div class='ocr_carea' id='block_1_93' title="bbox 2253 4552 3818 4657">
    <p class='ocr_par' dir='ltr' id='par_1_93' title="bbox 2253 4552 3818 4657">
     <span class='ocr_line' id='line_1_93' title="bbox 2253 4552 3818 4657; baseline 0.002 -23"><span class='ocrx_word' id='word_1_696' title='bbox 2253 4582 2407 4651; x_wconf 87' lang='grc' dir='ltr'><strong>λόγος</strong></span> <span class='ocrx_word' id='word_1_697' title='bbox 2445 4552 2538 4635; x_wconf 77' lang='grc' dir='ltr'><strong>ἐπὶ</strong></span> <span class='ocrx_word' id='word_1_698' title='bbox 2575 4552 2925 4654; x_wconf 27' lang='grc' dir='ltr'><strong>λιτὸνχαλιιούν⁷</strong></span> <span class='ocrx_word' id='word_1_699' title='bbox 2963 4552 3068 4656; x_wconf 63' lang='grc' dir='ltr'><strong>ηδτί</strong></span> <span class='ocrx_word' id='word_1_700' title='bbox 3108 4552 3509 4657; x_wconf 70' lang='grc' dir='ltr'><strong>θυσιαστήριον,</strong></span> <span class='ocrx_word' id='word_1_701' title='bbox 3546 4586 3644 4656; x_wconf 81' lang='grc' dir='ltr'><strong>τῆς</strong></span> <span class='ocrx_word' id='word_1_702' title='bbox 3678 4585 3818 4640; x_wconf 73' lang='grc' dir='ltr'><strong>κατὰ</strong></span> 
     </span>
    </p>
   </div>
   <div class='ocr_carea' id='block_1_94' title="bbox 571 4653 2145 4737">
    <p class='ocr_par' dir='ltr' id='par_1_94' title="bbox 571 4653 2145 4737">
     <span class='ocr_line' id='line_1_94' title="bbox 571 4653 2145 4737; baseline 0.016 -32"><span class='ocrx_word' id='word_1_703' title='bbox 571 4653 721 4707; x_wconf 88' lang='lat' dir='ltr'><strong>cultu</strong></span> <span class='ocrx_word' id='word_1_704' title='bbox 746 4656 1012 4711; x_wconf 86' lang='lat' dir='ltr'><strong>maximus</strong></span> <span class='ocrx_word' id='word_1_705' title='bbox 1034 4669 1170 4714; x_wconf 88' lang='lat' dir='ltr'><strong>erat.</strong></span> <span class='ocrx_word' id='word_1_706' title='bbox 1206 4680 1223 4712; x_wconf 77' lang='grc' dir='ltr'><strong>ι</strong></span> <span class='ocrx_word' id='word_1_707' title='bbox 1254 4663 1321 4717; x_wconf 87' lang='grc' dir='ltr'><strong>Ει</strong></span> <span class='ocrx_word' id='word_1_708' title='bbox 1342 4664 1564 4731; x_wconf 65' lang='lat' dir='ltr'><strong>facies,»</strong></span> <span class='ocrx_word' id='word_1_709' title='bbox 1592 4668 1792 4737; x_wconf 89' lang='lat' dir='ltr'><strong>inquit,</strong></span> <span class='ocrx_word' id='word_1_710' title='bbox 1824 4690 1840 4721; x_wconf 83' lang='grc' dir='ltr'><strong>ι</strong></span> <span class='ocrx_word' id='word_1_711' title='bbox 1871 4672 2042 4729; x_wconf 89' lang='lat' dir='ltr'><strong>altare</strong></span> <span class='ocrx_word' id='word_1_712' title='bbox 2076 4675 2145 4730; x_wconf 89' lang='lat' dir='ltr'><strong>de</strong></span> 
     </span>
    </p>
   </div>
   <div class='ocr_carea' id='block_1_95' title="bbox 568 4742 2143 4829">
    <p class='ocr_par' dir='ltr' id='par_1_95' title="bbox 568 4742 2143 4829">
     <span class='ocr_line' id='line_1_95' title="bbox 568 4742 2143 4829; baseline 0.018 -32"><span class='ocrx_word' id='word_1_713' title='bbox 568 4742 731 4815; x_wconf 87' lang='lat' dir='ltr'><strong>lignis</strong></span> <span class='ocrx_word' id='word_1_714' title='bbox 801 4748 1234 4818; x_wconf 90' lang='lat' dir='ltr'><strong>imputribilibus</strong></span> <span class='ocrx_word' id='word_1_715' title='bbox 1295 4774 1306 4809; x_wconf 91' lang='lat'><strong>:</strong></span> <span class='ocrx_word' id='word_1_716' title='bbox 1360 4760 1604 4829; x_wconf 90' lang='lat' dir='ltr'><strong>quinque</strong></span> <span class='ocrx_word' id='word_1_717' title='bbox 1651 4764 1962 4821; x_wconf 90' lang='lat' dir='ltr'><strong>cubitorum</strong></span> <span class='ocrx_word' id='word_1_718' title='bbox 2018 4769 2143 4824; x_wconf 86' lang='lat' dir='ltr'><strong>lon-</strong></span> 
     </span>
    </p>
   </div>
   <div class='ocr_carea' id='block_1_96' title="bbox 567 4834 2139 4925">
    <p class='ocr_par' dir='ltr' id='par_1_96' title="bbox 567 4834 2139 4925">
     <span class='ocr_line' id='line_1_96' title="bbox 567 4834 2139 4925; baseline 0.018 -39"><span class='ocrx_word' id='word_1_719' title='bbox 567 4834 778 4906; x_wconf 87' lang='lat' dir='ltr'><strong>gitudo,</strong></span> <span class='ocrx_word' id='word_1_720' title='bbox 807 4846 861 4891; x_wconf 88' lang='lat' dir='ltr'><strong>et</strong></span> <span class='ocrx_word' id='word_1_721' title='bbox 883 4840 1127 4910; x_wconf 89' lang='lat' dir='ltr'><strong>quinque</strong></span> <span class='ocrx_word' id='word_1_722' title='bbox 1162 4845 1473 4902; x_wconf 90' lang='lat' dir='ltr'><strong>cubitorum</strong></span> <span class='ocrx_word' id='word_1_723' title='bbox 1516 4851 1784 4920; x_wconf 76' lang='lat' dir='ltr'><strong>latitudo;</strong></span> <span class='ocrx_word' id='word_1_724' title='bbox 1809 4857 2139 4925; x_wconf 88' lang='lat' dir='ltr'><strong>quadratum</strong></span> 
     </span>
    </p>
   </div>
   <div class='ocr_carea' id='block_1_97' title="bbox 567 4932 2143 5021">
    <p class='ocr_par' dir='ltr' id='par_1_97' title="bbox 567 4932 2143 5021">
     <span class='ocr_line' id='line_1_97' title="bbox 567 4932 2143 5021; baseline 0.019 -39"><span class='ocrx_word' id='word_1_725' title='bbox 567 4932 674 4985; x_wconf 89' lang='lat' dir='ltr'><strong>erit</strong></span> <span class='ocrx_word' id='word_1_726' title='bbox 696 4933 885 4999; x_wconf 88' lang='lat' dir='ltr'><strong>altare,</strong></span> <span class='ocrx_word' id='word_1_727' title='bbox 908 4944 963 4990; x_wconf 91' lang='lat' dir='ltr'><strong>et</strong></span> <span class='ocrx_word' id='word_1_728' title='bbox 990 4938 1158 4991; x_wconf 90' lang='lat' dir='ltr'><strong>trium</strong></span> <span class='ocrx_word' id='word_1_729' title='bbox 1202 4941 1516 4997; x_wconf 91' lang='lat' dir='ltr'><strong>cubitorum</strong></span> <span class='ocrx_word' id='word_1_730' title='bbox 1546 4946 1779 5003; x_wconf 89' lang='lat' dir='ltr'><strong>altitudo</strong></span> <span class='ocrx_word' id='word_1_731' title='bbox 1806 4952 1952 5021; x_wconf 90' lang='lat' dir='ltr'><strong>ejus;</strong></span> <span class='ocrx_word' id='word_1_732' title='bbox 1984 4965 2040 5009; x_wconf 88' lang='lat' dir='ltr'><strong>et</strong></span> <span class='ocrx_word' id='word_1_733' title='bbox 2063 4954 2143 5011; x_wconf 81' lang='lat' dir='ltr'><strong>fa-</strong></span> 
     </span>
    </p>
   </div>
   <div class='ocr_carea' id='block_1_98' title="bbox 567 5029 2140 5112">
    <p class='ocr_par' dir='ltr' id='par_1_98' title="bbox 567 5029 2140 5112">
     <span class='ocr_line' id='line_1_98' title="bbox 567 5029 2140 5112; baseline 0.015 -30"><span class='ocrx_word' id='word_1_734' title='bbox 567 5029 681 5084; x_wconf 87' lang='lat' dir='ltr'><strong>cies</strong></span> <span class='ocrx_word' id='word_1_735' title='bbox 717 5046 922 5087; x_wconf 90' lang='lat' dir='ltr'><strong>cornua</strong></span> <span class='ocrx_word' id='word_1_736' title='bbox 949 5033 1004 5087; x_wconf 92' lang='lat' dir='ltr'><strong>in</strong></span> <span class='ocrx_word' id='word_1_737' title='bbox 1037 5042 1277 5104; x_wconf 89' lang='lat' dir='ltr'><strong>quatuor</strong></span> <span class='ocrx_word' id='word_1_738' title='bbox 1306 5040 1541 5109; x_wconf 88' lang='lat' dir='ltr'><strong>angulis,</strong></span> <span class='ocrx_word' id='word_1_739' title='bbox 1583 5056 1651 5095; x_wconf 84' lang='lat' dir='ltr'><strong>ex</strong></span> <span class='ocrx_word' id='word_1_740' title='bbox 1689 5043 1809 5112; x_wconf 92' lang='lat' dir='ltr'><strong>ipso</strong></span> <span class='ocrx_word' id='word_1_741' title='bbox 1830 5057 1994 5102; x_wconf 89' lang='lat' dir='ltr'><strong>erunt</strong></span> <span class='ocrx_word' id='word_1_742' title='bbox 2015 5064 2140 5105; x_wconf 85' lang='lat' dir='ltr'><strong>cor-</strong></span> 
     </span>
    </p>
   </div>
   <div class='ocr_carea' id='block_1_99' title="bbox 567 5124 2138 5207">
    <p class='ocr_par' dir='ltr' id='par_1_99' title="bbox 567 5124 2138 5207">
     <span class='ocr_line' id='line_1_99' title="bbox 567 5124 2138 5207; baseline 0.015 -35"><span class='ocrx_word' id='word_1_743' title='bbox 567 5134 676 5174; x_wconf 91' lang='lat' dir='ltr'><strong>nua</strong></span> <span class='ocrx_word' id='word_1_744' title='bbox 703 5138 715 5173; x_wconf 89' lang='lat'>:</span> <span class='ocrx_word' id='word_1_745' title='bbox 749 5132 805 5177; x_wconf 93' lang='lat' dir='ltr'><strong>et</strong></span> <span class='ocrx_word' id='word_1_746' title='bbox 826 5124 1042 5193; x_wconf 90' lang='lat' dir='ltr'><strong>operies</strong></span> <span class='ocrx_word' id='word_1_747' title='bbox 1082 5125 1172 5181; x_wconf 91' lang='lat' dir='ltr'><strong>illa</strong></span> <span class='ocrx_word' id='word_1_748' title='bbox 1202 5142 1309 5183; x_wconf 69' lang='lat' dir='ltr'><strong>aere</strong></span> <span class='ocrx_word' id='word_1_749' title='bbox 1337 5147 1349 5182; x_wconf 88' lang='lat'><strong>:</strong></span> <span class='ocrx_word' id='word_1_750' title='bbox 1376 5138 1433 5184; x_wconf 90' lang='lat' dir='ltr'><strong>et</strong></span> <span class='ocrx_word' id='word_1_751' title='bbox 1456 5130 1623 5188; x_wconf 81' lang='lat' dir='ltr'><strong>facies</strong></span> <span class='ocrx_word' id='word_1_752' title='bbox 1652 5149 1908 5191; x_wconf 89' lang='lat' dir='ltr'><strong>coronam</strong></span> <span class='ocrx_word' id='word_1_753' title='bbox 1938 5140 2097 5195; x_wconf 89' lang='lat' dir='ltr'><strong>altari</strong></span> <span class='ocrx_word' id='word_1_754' title='bbox 2123 5182 2138 5207; x_wconf 89' lang='lat'><strong>,</strong></span> 
     </span>
    </p>
   </div>
   <div class='ocr_carea' id='block_1_100' title="bbox 566 5217 2141 5295">
    <p class='ocr_par' dir='ltr' id='par_1_100' title="bbox 566 5217 2141 5295">
     <span class='ocr_line' id='line_1_100' title="bbox 566 5217 2141 5295; baseline 0.016 -33"><span class='ocrx_word' id='word_1_755' title='bbox 566 5218 624 5263; x_wconf 82' lang='lat' dir='ltr'><strong>et</strong></span> <span class='ocrx_word' id='word_1_756' title='bbox 648 5218 1019 5280; x_wconf 85' lang='lat' dir='ltr'><strong>tegumentum</strong></span> <span class='ocrx_word' id='word_1_757' title='bbox 1043 5217 1162 5286; x_wconf 88' lang='lat' dir='ltr'><strong>ejus</strong></span> <span class='ocrx_word' id='word_1_758' title='bbox 1186 5258 1200 5283; x_wconf 91' lang='lat'><strong>,</strong></span> <span class='ocrx_word' id='word_1_759' title='bbox 1247 5228 1304 5274; x_wconf 92' lang='lat' dir='ltr'><strong>et</strong></span> <span class='ocrx_word' id='word_1_760' title='bbox 1332 5220 1542 5289; x_wconf 89' lang='lat' dir='ltr'><strong>phialas</strong></span> <span class='ocrx_word' id='word_1_761' title='bbox 1566 5226 1705 5295; x_wconf 87' lang='lat' dir='ltr'><strong>ejus,</strong></span> <span class='ocrx_word' id='word_1_762' title='bbox 1741 5235 1799 5282; x_wconf 90' lang='lat' dir='ltr'><strong>et</strong></span> <span class='ocrx_word' id='word_1_763' title='bbox 1839 5227 2141 5287; x_wconf 79' lang='lat' dir='ltr'><strong>fuscinulas</strong></span> 
     </span>
    </p>
   </div>
   <div class='ocr_carea' id='block_1_101' title="bbox 567 5299 2140 5388">
    <p class='ocr_par' dir='ltr' id='par_1_101' title="bbox 567 5299 2140 5388">
     <span class='ocr_line' id='line_1_101' title="bbox 567 5299 2140 5388; baseline 0.017 -36"><span class='ocrx_word' id='word_1_764' title='bbox 567 5299 683 5369; x_wconf 87' lang='lat' dir='ltr'><strong>ejus</strong></span> <span class='ocrx_word' id='word_1_765' title='bbox 716 5340 732 5363; x_wconf 92' lang='lat'><strong>,</strong></span> <span class='ocrx_word' id='word_1_766' title='bbox 779 5310 835 5356; x_wconf 90' lang='lat' dir='ltr'><strong>et</strong></span> <span class='ocrx_word' id='word_1_767' title='bbox 866 5303 1047 5359; x_wconf 79' lang='lat' dir='ltr'><strong>locum</strong></span> <span class='ocrx_word' id='word_1_768' title='bbox 1100 5309 1219 5378; x_wconf 89' lang='lat' dir='ltr'><strong>ejus</strong></span> <span class='ocrx_word' id='word_1_769' title='bbox 1244 5349 1260 5375; x_wconf 94' lang='lat'><strong>,</strong></span> <span class='ocrx_word' id='word_1_770' title='bbox 1306 5312 1491 5369; x_wconf 89' lang='lat' dir='ltr'><strong>omnia</strong></span> <span class='ocrx_word' id='word_1_771' title='bbox 1539 5331 1668 5372; x_wconf 86' lang='lat' dir='ltr'><strong>vasa</strong></span> <span class='ocrx_word' id='word_1_772' title='bbox 1699 5319 1819 5388; x_wconf 90' lang='lat' dir='ltr'><strong>ejus</strong></span> <span class='ocrx_word' id='word_1_773' title='bbox 1860 5319 2041 5385; x_wconf 63' lang='lat' dir='ltr'><strong>faciesf</strong></span> <span class='ocrx_word' id='word_1_774' title='bbox 2069 5339 2140 5378; x_wconf 87' lang='lat' dir='ltr'><strong>ex</strong></span> 
     </span>
    </p>
   </div>
   <div class='ocr_carea' id='block_1_102' title="bbox 566 5389 2140 5481">
    <p class='ocr_par' dir='ltr' id='par_1_102' title="bbox 566 5389 2140 5481">
     <span class='ocr_line' id='line_1_102' title="bbox 566 5389 2140 5481; baseline 0.017 -40"><span class='ocrx_word' id='word_1_775' title='bbox 566 5389 750 5443; x_wconf 76' lang='lat' dir='ltr'><strong>aere”.</strong></span> <span class='ocrx_word' id='word_1_776' title='bbox 786 5409 804 5441; x_wconf 76' lang='grc' dir='ltr'><strong>ι</strong></span> <span class='ocrx_word' id='word_1_777' title='bbox 836 5390 1086 5464; x_wconf 88' lang='lat' dir='ltr'><strong>Quinque</strong></span> <span class='ocrx_word' id='word_1_778' title='bbox 1133 5398 1301 5468; x_wconf 86' lang='lat' dir='ltr'><strong>igitur</strong></span> <span class='ocrx_word' id='word_1_779' title='bbox 1341 5402 1655 5460; x_wconf 77' lang='lat' dir='ltr'><strong>cubitorum</strong></span> <span class='ocrx_word' id='word_1_780' title='bbox 1696 5415 1781 5462; x_wconf 91' lang='lat' dir='ltr'><strong>est</strong></span> <span class='ocrx_word' id='word_1_781' title='bbox 1829 5408 2000 5467; x_wconf 88' lang='lat' dir='ltr'><strong>altare</strong></span> <span class='ocrx_word' id='word_1_782' title='bbox 2039 5428 2140 5481; x_wconf 88' lang='lat' dir='ltr'><strong>per</strong></span> 
     </span>
    </p>
   </div>
   <div class='ocr_carea' id='block_1_103' title="bbox 567 5476 2137 5572">
    <p class='ocr_par' dir='ltr' id='par_1_103' title="bbox 567 5476 2137 5572">
     <span class='ocr_line' id='line_1_103' title="bbox 567 5476 2137 5572; baseline 0.017 -41"><span class='ocrx_word' id='word_1_783' title='bbox 567 5476 960 5551; x_wconf 76' lang='lat' dir='ltr'><strong>longitudinem</strong></span> <span class='ocrx_word' id='word_1_784' title='bbox 1002 5500 1066 5539; x_wconf 89' lang='lat' dir='ltr'><strong>ac</strong></span> <span class='ocrx_word' id='word_1_785' title='bbox 1092 5486 1457 5546; x_wconf 90' lang='lat' dir='ltr'><strong>latitudinem.</strong></span> <span class='ocrx_word' id='word_1_786' title='bbox 1488 5494 1622 5550; x_wconf 88' lang='lat' dir='ltr'><strong>Erat</strong></span> <span class='ocrx_word' id='word_1_787' title='bbox 1644 5498 1790 5552; x_wconf 91' lang='lat' dir='ltr'><strong>enim</strong></span> <span class='ocrx_word' id='word_1_788' title='bbox 1838 5515 1977 5569; x_wconf 91' lang='lat' dir='ltr'><strong>opus</strong></span> <span class='ocrx_word' id='word_1_789' title='bbox 2004 5476 2137 5572; x_wconf 71' lang='lat' dir='ltr'><strong>pro-</strong></span> 
     </span>
    </p>
   </div>
   <div class='ocr_carea' id='block_1_104' title="bbox 567 5569 2131 5661">
    <p class='ocr_par' dir='ltr' id='par_1_104' title="bbox 567 5569 2131 5661">
     <span class='ocr_line' id='line_1_104' title="bbox 567 5569 2131 5661; baseline 0.015 -36"><span class='ocrx_word' id='word_1_790' title='bbox 567 5569 708 5626; x_wconf 79' lang='lat' dir='ltr'><strong>fecto</strong></span> <span class='ocrx_word' id='word_1_791' title='bbox 741 5582 802 5629; x_wconf 93' lang='lat' dir='ltr'><strong>ut</strong></span> <span class='ocrx_word' id='word_1_792' title='bbox 847 5574 1074 5632; x_wconf 90' lang='lat' dir='ltr'><strong>haberet</strong></span> <span class='ocrx_word' id='word_1_793' title='bbox 1124 5594 1447 5649; x_wconf 85' lang='lat' dir='ltr'><strong>mensuras,</strong></span> <span class='ocrx_word' id='word_1_794' title='bbox 1494 5594 1550 5640; x_wconf 89' lang='lat' dir='ltr'><strong>et</strong></span> <span class='ocrx_word' id='word_1_795' title='bbox 1595 5602 1687 5643; x_wconf 91' lang='lat' dir='ltr'><strong>eas</strong></span> <span class='ocrx_word' id='word_1_796' title='bbox 1727 5569 2131 5661; x_wconf 80' lang='lat' dir='ltr'><strong>amplissimas:</strong></span> 
     </span>
    </p>
   </div>
   <div class='ocr_carea' id='block_1_105' title="bbox 2256 4672 3812 4747">
    <p class='ocr_par' dir='ltr' id='par_1_105' title="bbox 2256 4672 3812 4747">
     <span class='ocr_line' id='line_1_105' title="bbox 2256 4672 3812 4747; baseline 0.002 -22"><span class='ocrx_word' id='word_1_797' title='bbox 2256 4673 2421 4743; x_wconf 89' lang='grc' dir='ltr'><strong>νόμον</strong></span> <span class='ocrx_word' id='word_1_798' title='bbox 2441 4672 2716 4744; x_wconf 86' lang='grc' dir='ltr'><strong>λατρείας,</strong></span> <span class='ocrx_word' id='word_1_799' title='bbox 2740 4675 2799 4727; x_wconf 85' lang='grc' dir='ltr'><strong>τὸ</strong></span> <span class='ocrx_word' id='word_1_800' title='bbox 2825 4676 3266 4746; x_wconf 83' lang='grc' dir='ltr'><strong>χρειωδέστατον.</strong></span> <span class='ocrx_word' id='word_1_801' title='bbox 3309 4696 3327 4729; x_wconf 81' lang='grc' dir='ltr'><strong>ι</strong></span> <span class='ocrx_word' id='word_1_802' title='bbox 3365 4680 3616 4747; x_wconf 87' lang='grc' dir='ltr'><strong>Ποιήσεις</strong></span> <span class='ocrx_word' id='word_1_803' title='bbox 3649 4677 3812 4747; x_wconf 68' lang='grc' dir='ltr'><strong>γὰρ.»</strong></span> 
     </span>
    </p>
   </div>
   <div class='ocr_carea' id='block_1_106' title="bbox 2250 4764 3815 4840">
    <p class='ocr_par' dir='ltr' id='par_1_106' title="bbox 2250 4764 3815 4840">
     <span class='ocr_line' id='line_1_106' title="bbox 2250 4764 3815 4840; baseline 0.004 -24"><span class='ocrx_word' id='word_1_804' title='bbox 2250 4764 2419 4835; x_wconf 83' lang='grc' dir='ltr'><strong>φησὶ,</strong></span> <span class='ocrx_word' id='word_1_805' title='bbox 2452 4784 2470 4816; x_wconf 81' lang='grc' dir='ltr'><strong>ι</strong></span> <span class='ocrx_word' id='word_1_806' title='bbox 2518 4765 2902 4837; x_wconf 86' lang='grc' dir='ltr'><strong>θυσιαστήριον</strong></span> <span class='ocrx_word' id='word_1_807' title='bbox 2948 4769 3013 4820; x_wconf 85' lang='grc' dir='ltr'><strong>ἐκ</strong></span> <span class='ocrx_word' id='word_1_808' title='bbox 3064 4767 3235 4832; x_wconf 78' lang='grc' dir='ltr'><strong>ξύλων</strong></span> <span class='ocrx_word' id='word_1_809' title='bbox 3303 4769 3581 4840; x_wconf 80' lang='grc' dir='ltr'><strong>ἀσήπτων.</strong></span> <span class='ocrx_word' id='word_1_810' title='bbox 3652 4771 3815 4823; x_wconf 75' lang='grc' dir='ltr'><strong>Πέντε</strong></span> 
     </span>
    </p>
   </div>
   <div class='ocr_carea' id='block_1_107' title="bbox 2246 4857 3812 4932">
    <p class='ocr_par' dir='ltr' id='par_1_107' title="bbox 2246 4857 3812 4932">
     <span class='ocr_line' id='line_1_107' title="bbox 2246 4857 3812 4932; baseline 0.003 -22"><span class='ocrx_word' id='word_1_811' title='bbox 2246 4858 2464 4927; x_wconf 83' lang='grc' dir='ltr'><strong>πήχεων</strong></span> <span class='ocrx_word' id='word_1_812' title='bbox 2508 4858 2571 4912; x_wconf 82' lang='grc' dir='ltr'><strong>τὸ</strong></span> <span class='ocrx_word' id='word_1_813' title='bbox 2620 4859 2829 4930; x_wconf 82' lang='grc' dir='ltr'><strong>μῆκος,</strong></span> <span class='ocrx_word' id='word_1_814' title='bbox 2884 4862 2977 4915; x_wconf 73' lang='grc' dir='ltr'><strong>καὶ</strong></span> <span class='ocrx_word' id='word_1_815' title='bbox 3024 4860 3186 4914; x_wconf 81' lang='grc' dir='ltr'><strong>πέντε</strong></span> <span class='ocrx_word' id='word_1_816' title='bbox 3238 4862 3459 4932; x_wconf 89' lang='grc' dir='ltr'><strong>πήχεων</strong></span> <span class='ocrx_word' id='word_1_817' title='bbox 3511 4860 3573 4912; x_wconf 80' lang='grc' dir='ltr'><strong>τὸ</strong></span> <span class='ocrx_word' id='word_1_818' title='bbox 3636 4857 3812 4931; x_wconf 83' lang='grc' dir='ltr'><strong>εὖρος.</strong></span> 
     </span>
    </p>
   </div>
   <div class='ocr_carea' id='block_1_108' title="bbox 2239 4949 3819 5023">
    <p class='ocr_par' dir='ltr' id='par_1_108' title="bbox 2239 4949 3819 5023">
     <span class='ocr_line' id='line_1_108' title="bbox 2239 4949 3819 5023; baseline -0.001 -19"><span class='ocrx_word' id='word_1_819' title='bbox 2239 4949 2587 5020; x_wconf 86' lang='grc' dir='ltr'><strong>Τετράγωνον</strong></span> <span class='ocrx_word' id='word_1_820' title='bbox 2635 4950 2791 5006; x_wconf 79' lang='grc' dir='ltr'><strong>ἔσται</strong></span> <span class='ocrx_word' id='word_1_821' title='bbox 2841 4951 2902 5006; x_wconf 81' lang='grc' dir='ltr'><strong>τὸ</strong></span> <span class='ocrx_word' id='word_1_822' title='bbox 2938 4950 3341 5022; x_wconf 86' lang='grc' dir='ltr'><strong>θυσιαστήριον,</strong></span> <span class='ocrx_word' id='word_1_823' title='bbox 3374 4952 3469 5006; x_wconf 80' lang='grc' dir='ltr'><strong>καὶ</strong></span> <span class='ocrx_word' id='word_1_824' title='bbox 3507 4951 3675 5023; x_wconf 89' lang='grc' dir='ltr'><strong>τριῶν</strong></span> <span class='ocrx_word' id='word_1_825' title='bbox 3720 4954 3819 5023; x_wconf 80' lang='grc' dir='ltr'><strong>πήο</strong></span> 
     </span>
    </p>
   </div>
   <div class='ocr_carea' id='block_1_109' title="bbox 2238 5040 3815 5112">
    <p class='ocr_par' dir='ltr' id='par_1_109' title="bbox 2238 5040 3815 5112">
     <span class='ocr_line' id='line_1_109' title="bbox 2238 5040 3815 5112; baseline 0 -20"><span class='ocrx_word' id='word_1_826' title='bbox 2238 5056 2377 5110; x_wconf 91' lang='grc' dir='ltr'><strong>χεων</strong></span> <span class='ocrx_word' id='word_1_827' title='bbox 2422 5040 2484 5093; x_wconf 81' lang='grc' dir='ltr'><strong>τὸ</strong></span> <span class='ocrx_word' id='word_1_828' title='bbox 2520 5040 2653 5111; x_wconf 79' lang='grc' dir='ltr'><strong>ὕψος</strong></span> <span class='ocrx_word' id='word_1_829' title='bbox 2688 5040 2874 5094; x_wconf 78' lang='grc' dir='ltr'><strong>αὐτοῦ’</strong></span> <span class='ocrx_word' id='word_1_830' title='bbox 2908 5041 3004 5094; x_wconf 80' lang='grc' dir='ltr'><strong>καὶ</strong></span> <span class='ocrx_word' id='word_1_831' title='bbox 3061 5041 3309 5111; x_wconf 73' lang='grc' dir='ltr'><strong>ποιήσεις</strong></span> <span class='ocrx_word' id='word_1_832' title='bbox 3354 5040 3421 5093; x_wconf 83' lang='grc' dir='ltr'><strong>τὰ</strong></span> <span class='ocrx_word' id='word_1_833' title='bbox 3450 5042 3676 5112; x_wconf 26' lang='grc' dir='ltr'><strong>’κέρατα</strong></span> <span class='ocrx_word' id='word_1_834' title='bbox 3723 5043 3815 5093; x_wconf 77' lang='grc' dir='ltr'><strong>ἐπὶ</strong></span> 
     </span>
    </p>
   </div>
   <div class='ocr_carea' id='block_1_110' title="bbox 2239 5133 3813 5207">
    <p class='ocr_par' dir='ltr' id='par_1_110' title="bbox 2239 5133 3813 5207">
     <span class='ocr_line' id='line_1_110' title="bbox 2239 5133 3813 5207; baseline 0 -21"><span class='ocrx_word' id='word_1_835' title='bbox 2239 5133 2350 5187; x_wconf 90' lang='grc' dir='ltr'><strong>τῶν</strong></span> <span class='ocrx_word' id='word_1_836' title='bbox 2412 5135 2693 5207; x_wconf 84' lang='grc' dir='ltr'><strong>τεσσάρων</strong></span> <span class='ocrx_word' id='word_1_837' title='bbox 2747 5135 2981 5205; x_wconf 89' lang='grc' dir='ltr'><strong>γωνιῶν,</strong></span> <span class='ocrx_word' id='word_1_838' title='bbox 3056 5134 3116 5200; x_wconf 78' lang='grc' dir='ltr'><strong>ἐξ</strong></span> <span class='ocrx_word' id='word_1_839' title='bbox 3179 5135 3345 5189; x_wconf 81' lang='grc' dir='ltr'><strong>αὑτοῦ</strong></span> <span class='ocrx_word' id='word_1_840' title='bbox 3395 5134 3546 5188; x_wconf 79' lang='grc' dir='ltr'><strong>ἔσται</strong></span> <span class='ocrx_word' id='word_1_841' title='bbox 3593 5136 3666 5188; x_wconf 80' lang='grc' dir='ltr'><strong>τὰ</strong></span> <span class='ocrx_word' id='word_1_842' title='bbox 3724 5135 3813 5187; x_wconf 66' lang='grc' dir='ltr'><strong>κέ⁸</strong></span> 
     </span>
    </p>
   </div>
   <div class='ocr_carea' id='block_1_111' title="bbox 2247 5226 3813 5300">
    <p class='ocr_par' dir='ltr' id='par_1_111' title="bbox 2247 5226 3813 5300">
     <span class='ocr_line' id='line_1_111' title="bbox 2247 5226 3813 5300; baseline -0.003 -20"><span class='ocrx_word' id='word_1_843' title='bbox 2247 5244 2385 5300; x_wconf 91' lang='grc' dir='ltr'><strong>ρατα</strong></span> <span class='ocrx_word' id='word_1_844' title='bbox 2405 5267 2419 5291; x_wconf 92' lang='grc'><strong>,</strong></span> <span class='ocrx_word' id='word_1_845' title='bbox 2449 5228 2543 5281; x_wconf 73' lang='grc' dir='ltr'><strong>καὶ</strong></span> <span class='ocrx_word' id='word_1_846' title='bbox 2585 5226 2844 5297; x_wconf 80' lang='grc' dir='ltr'><strong>καλύψεις</strong></span> <span class='ocrx_word' id='word_1_847' title='bbox 2868 5226 3008 5282; x_wconf 81' lang='grc' dir='ltr'><strong>αὐτὰ</strong></span> <span class='ocrx_word' id='word_1_848' title='bbox 3029 5226 3216 5297; x_wconf 89' lang='grc' dir='ltr'><strong>χαλκῷ</strong></span> <span class='ocrx_word' id='word_1_849' title='bbox 3238 5268 3251 5292; x_wconf 93' lang='grc'><strong>,</strong></span> <span class='ocrx_word' id='word_1_850' title='bbox 3283 5227 3378 5280; x_wconf 81' lang='grc' dir='ltr'><strong>καὶ</strong></span> <span class='ocrx_word' id='word_1_851' title='bbox 3423 5226 3674 5295; x_wconf 85' lang='grc' dir='ltr'><strong>ποιήσεις</strong></span> <span class='ocrx_word' id='word_1_852' title='bbox 3702 5240 3813 5277; x_wconf 86' lang='grc' dir='ltr'><strong>στε-</strong></span> 
     </span>
    </p>
   </div>
   <div class='ocr_carea' id='block_1_112' title="bbox 2247 5314 3808 5391">
    <p class='ocr_par' dir='ltr' id='par_1_112' title="bbox 2247 5314 3808 5391">
     <span class='ocr_line' id='line_1_112' title="bbox 2247 5314 3808 5391; baseline -0.004 -18"><span class='ocrx_word' id='word_1_853' title='bbox 2247 5318 2423 5389; x_wconf 85' lang='grc' dir='ltr'><strong>φάνην</strong></span> <span class='ocrx_word' id='word_1_854' title='bbox 2454 5318 2532 5390; x_wconf 82' lang='grc' dir='ltr'><strong>τῷ</strong></span> <span class='ocrx_word' id='word_1_855' title='bbox 2578 5319 2987 5391; x_wconf 85' lang='grc' dir='ltr'><strong>θυσιαστηρίῳ,</strong></span> <span class='ocrx_word' id='word_1_856' title='bbox 3018 5320 3115 5372; x_wconf 77' lang='grc' dir='ltr'><strong>καὶ</strong></span> <span class='ocrx_word' id='word_1_857' title='bbox 3139 5318 3229 5371; x_wconf 82' lang='grc' dir='ltr'><strong>τὸν</strong></span> <span class='ocrx_word' id='word_1_858' title='bbox 3256 5315 3580 5387; x_wconf 82' lang='grc' dir='ltr'><strong>καλυπτῆρα</strong></span> <span class='ocrx_word' id='word_1_859' title='bbox 3609 5314 3772 5369; x_wconf 80' lang='grc' dir='ltr'><strong>αὐτοῦ</strong></span> <span class='ocrx_word' id='word_1_860' title='bbox 3793 5356 3808 5381; x_wconf 89' lang='grc'><strong>,</strong></span> 
     </span>
    </p>
   </div>
   <div class='ocr_carea' id='block_1_113' title="bbox 2246 5407 3811 5480">
    <p class='ocr_par' dir='ltr' id='par_1_113' title="bbox 2246 5407 3811 5480">
     <span class='ocr_line' id='line_1_113' title="bbox 2246 5407 3811 5480; baseline -0.002 -17"><span class='ocrx_word' id='word_1_861' title='bbox 2246 5411 2340 5463; x_wconf 79' lang='grc' dir='ltr'><strong>καὶ</strong></span> <span class='ocrx_word' id='word_1_862' title='bbox 2365 5410 2463 5475; x_wconf 81' lang='grc' dir='ltr'><strong>τὰς</strong></span> <span class='ocrx_word' id='word_1_863' title='bbox 2501 5411 2697 5479; x_wconf 78' lang='grc' dir='ltr'><strong>φιάλας</strong></span> <span class='ocrx_word' id='word_1_864' title='bbox 2726 5410 2912 5476; x_wconf 82' lang='grc' dir='ltr'><strong>αὑτοῦ,</strong></span> <span class='ocrx_word' id='word_1_865' title='bbox 2940 5411 3034 5465; x_wconf 82' lang='grc' dir='ltr'><strong>καὶ</strong></span> <span class='ocrx_word' id='word_1_866' title='bbox 3068 5411 3168 5473; x_wconf 84' lang='grc' dir='ltr'><strong>τὰς</strong></span> <span class='ocrx_word' id='word_1_867' title='bbox 3197 5410 3476 5480; x_wconf 84' lang='grc' dir='ltr'><strong>κρεάγρας</strong></span> <span class='ocrx_word' id='word_1_868' title='bbox 3504 5407 3691 5474; x_wconf 81' lang='grc' dir='ltr'><strong>αὑτοῦ,</strong></span> <span class='ocrx_word' id='word_1_869' title='bbox 3718 5408 3811 5462; x_wconf 77' lang='grc' dir='ltr'><strong>καὶ</strong></span> 
     </span>
    </p>
   </div>
   <div class='ocr_carea' id='block_1_114' title="bbox 2244 5498 3811 5573">
    <p class='ocr_par' dir='ltr' id='par_1_114' title="bbox 2244 5498 3811 5573">
     <span class='ocr_line' id='line_1_114' title="bbox 2244 5498 3811 5573; baseline -0.003 -18"><span class='ocrx_word' id='word_1_870' title='bbox 2244 5501 2306 5555; x_wconf 82' lang='grc' dir='ltr'><strong>τδ</strong></span> <span class='ocrx_word' id='word_1_871' title='bbox 2336 5505 2555 5573; x_wconf 84' lang='grc' dir='ltr'><strong>πυρεϊον</strong></span> <span class='ocrx_word' id='word_1_872' title='bbox 2584 5501 2785 5567; x_wconf 83' lang='grc' dir='ltr'><strong>αὐτοῦ,</strong></span> <span class='ocrx_word' id='word_1_873' title='bbox 2829 5502 3010 5556; x_wconf 84' lang='grc' dir='ltr'><strong>πάντα</strong></span> <span class='ocrx_word' id='word_1_874' title='bbox 3046 5502 3114 5555; x_wconf 83' lang='grc' dir='ltr'><strong>τὰ</strong></span> <span class='ocrx_word' id='word_1_875' title='bbox 3146 5500 3317 5571; x_wconf 88' lang='grc' dir='ltr'><strong>σκεύη</strong></span> <span class='ocrx_word' id='word_1_876' title='bbox 3357 5498 3524 5554; x_wconf 80' lang='grc' dir='ltr'><strong>αὑτοῦ</strong></span> <span class='ocrx_word' id='word_1_877' title='bbox 3569 5502 3811 5569; x_wconf 81' lang='grc' dir='ltr'><strong>ποιήσεις</strong></span> 
     </span>
    </p>
   </div>
   <div class='ocr_carea' id='block_1_115' title="bbox 2243 5588 3811 5667">
    <p class='ocr_par' dir='ltr' id='par_1_115' title="bbox 2243 5588 3811 5667">
     <span class='ocr_line' id='line_1_115' title="bbox 2243 5588 3811 5667; baseline 0.003 -21"><span class='ocrx_word' id='word_1_878' title='bbox 2243 5592 2439 5663; x_wconf 76' lang='grc' dir='ltr'><strong>χαλκᾶ.</strong></span> <span class='ocrx_word' id='word_1_879' title='bbox 2471 5615 2489 5647; x_wconf 70' lang='grc' dir='ltr'><strong>ι</strong></span> <span class='ocrx_word' id='word_1_880' title='bbox 2523 5596 2846 5666; x_wconf 86' lang='grc' dir='ltr'><strong>Πεντάπηχυ</strong></span> <span class='ocrx_word' id='word_1_881' title='bbox 2877 5595 2976 5667; x_wconf 74' lang='grc' dir='ltr'><strong>μὲν</strong></span> <span class='ocrx_word' id='word_1_882' title='bbox 3012 5589 3105 5649; x_wconf 76' lang='grc' dir='ltr'><strong>οὖν</strong></span> <span class='ocrx_word' id='word_1_883' title='bbox 3135 5595 3216 5659; x_wconf 87' lang='grc' dir='ltr'><strong>είς</strong></span> <span class='ocrx_word' id='word_1_884' title='bbox 3245 5588 3401 5665; x_wconf 82' lang='grc' dir='ltr'><strong>εὖρός</strong></span> <span class='ocrx_word' id='word_1_885' title='bbox 3428 5609 3486 5645; x_wconf 81' lang='grc' dir='ltr'><strong>τε</strong></span> <span class='ocrx_word' id='word_1_886' title='bbox 3518 5592 3611 5647; x_wconf 75' lang='grc' dir='ltr'><strong>καὶ</strong></span> <span class='ocrx_word' id='word_1_887' title='bbox 3641 5592 3811 5662; x_wconf 77' lang='grc' dir='ltr'><strong>μῆκος</strong></span> 
     </span>
    </p>
   </div>
   <div class='ocr_carea' id='block_1_116' title="bbox 639 5748 2152 5837">
    <p class='ocr_par' dir='ltr' id='par_1_116' title="bbox 639 5748 2145 5837">
     <span class='ocr_line' id='line_1_116' title="bbox 639 5748 2145 5837; baseline 0.013 -33"><span class='ocrx_word' id='word_1_888' title='bbox 639 5748 683 5780; x_wconf 72' lang='grc' dir='ltr'><strong>’θ</strong></span> <span class='ocrx_word' id='word_1_889' title='bbox 713 5751 850 5807; x_wconf 86' lang='lat' dir='ltr'><strong>Psal.</strong></span> <span class='ocrx_word' id='word_1_890' title='bbox 884 5770 1013 5822; x_wconf 76' lang='lat' dir='ltr'><strong>xxii,</strong></span> <span class='ocrx_word' id='word_1_891' title='bbox 1038 5756 1089 5811; x_wconf 83' lang='lat'><strong>5.</strong></span> <span class='ocrx_word' id='word_1_892' title='bbox 1163 5758 1205 5791; x_wconf 78' lang='grc'><strong>³⁸</strong></span> <span class='ocrx_word' id='word_1_893' title='bbox 1240 5760 1383 5817; x_wconf 84' lang='lat' dir='ltr'><strong>Psal.</strong></span> <span class='ocrx_word' id='word_1_894' title='bbox 1420 5778 1615 5828; x_wconf 60' lang='grc' dir='ltr'><strong>ωιτη,</strong></span> <span class='ocrx_word' id='word_1_895' title='bbox 1665 5765 1718 5820; x_wconf 79' lang='grc'><strong>5.</strong></span> <span class='ocrx_word' id='word_1_896' title='bbox 1799 5767 1840 5799; x_wconf 85' lang='grc'><strong>³²</strong></span> <span class='ocrx_word' id='word_1_897' title='bbox 1880 5766 2034 5822; x_wconf 88' lang='lat' dir='ltr'><strong>Joan.</strong></span> <span class='ocrx_word' id='word_1_898' title='bbox 2075 5786 2145 5837; x_wconf 73' lang='lat' dir='ltr'><strong>vr,</strong></span> 
     </span>
    </p>
   </div>
   <div class='ocr_carea' id='block_1_117' title="bbox 2253 5748 2889 5837">
    <p class='ocr_par' dir='ltr' id='par_1_117' title="bbox 2261 5772 2889 5833">
     <span class='ocr_line' id='line_1_117' title="bbox 2261 5772 2889 5833; baseline 0.003 -8"><span class='ocrx_word' id='word_1_899' title='bbox 2261 5816 2269 5825; x_wconf 90' lang='lat'><em>.</em></span> <span class='ocrx_word' id='word_1_900' title='bbox 2305 5772 2346 5803; x_wconf 75' lang='grc'><strong>³³</strong></span> <span class='ocrx_word' id='word_1_901' title='bbox 2377 5773 2546 5827; x_wconf 71' lang='lat' dir='ltr'><strong>Exod.</strong></span> <span class='ocrx_word' id='word_1_902' title='bbox 2576 5791 2735 5833; x_wconf 72' lang='lat' dir='ltr'><strong>xxv&quot;,</strong></span> <span class='ocrx_word' id='word_1_903' title='bbox 2777 5774 2889 5828; x_wconf 59' lang='grc'><strong>1-4.</strong></span> 
     </span>
    </p>
   </div>
  </div>
