4140 6542
319 427 431 486 δ’ίὸ

1039 427 1127 483 DE
1166 416 1613 483 ADORATIONE
1650 417 1717 478 IN
1760 411 2033 478 SPIRI'I‘U
2072 412 2163 477 ET
2202 411 2572 478 VERITATE.
2616 423 2745 478 LIB.
2780 421 2869 478 IX.

3479 422 3577 486 διι

315 546 382 597 τδ
410 540 821 611 θυσιαστήριον.
859 538 1006 592 Ἔδει
1037 539 1168 607 γὰρ,
1201 537 1307 591 ἔδει
1337 538 1552 607 μέτρων
1595 532 1765 605 αὐτῷ,
1808 534 1904 587 καὶ

2007 542 2243 605 namque
2275 543 2331 588 et
2354 533 2521 589 scissa
2554 534 2707 604 signa
2732 550 2898 603 super
2929 531 3061 588 illud
3083 575 3097 599 ,
3122 545 3177 591 et
3212 534 3379 591 boum
3416 553 3587 595 caeso-

313 632 440 685 λίαν
471 630 894 699 ἀφθονωτάτων.
926 628 1116 698 Σχίσαι
1145 646 1204 681 τε
1227 628 1336 698 γὰρ
1364 627 1454 681 ἐπ’
1477 626 1626 696 αὐτῷ
1649 626 1744 680 καὶ
1767 624 1906 697 βοῶν

320 722 549 793 ιμελλον
587 718 957 791 ἀναφέρεσθαι
993 721 1260 791 τμήματα
1280 758 1295 784 ,
1344 719 1439 773 καὶ
1474 714 1903 779 ὁλοκαυτώσεις,

321 812 452 867 σιῶν
488 828 547 864 τε
582 812 677 865 καὶ
717 811 938 881 τράγων
976 812 1249 881 ἀναφοραὶ
1288 808 1735 881 καθιερωμένων
1764 806 1904 878 Θεῷ.

328 900 594 972 Γαύτῃτοι
641 898 815 969 χαλκῆ
877 899 971 952 καὶ
1033 901 1242 970 ἐσχάρα
1292 901 1387 954 καὶ
1450 902 1670 969 πυρεῖον
1722 896 1904 966 αὐτῷ,

323 992 595 1062 ιιρεάγραι
618 1006 678 1043 τε
706 990 801 1042 καὶ
831 990 1042 1058 φιάλαι,
1083 991 1178 1043 καὶ
1205 991 1382 1043 πάντα
1408 988 1572 1043 αὑτοῦ
1601 988 1669 1041 τά
1698 985 1869 1056 σκεύη
1890 1027 1906 1053 ,

199 1103 209 1111 ·
317 1083 395 1147 ,εις
425 1083 493 1137 ἀν
526 1083 771 1136 δύναιντο
799 1084 923 1145 ταῖς
964 1082 1108 1135 κατὰ
1151 1083 1315 1152 νόμον
1346 1082 1563 1145 θυσίαις
1583 1120 1599 1144 ,
1629 1080 1727 1152 τὴν
1756 1080 1909 1148 παρά

316 1190 385 1241 γε
416 1173 569 1242 σφῶν
595 1172 776 1225 αὐτῶν
818 1171 1206 1241 είσκομίζοντα
1247 1172 1455 1242 χρείαν,
1489 1175 1611 1235 ταῖς
1639 1171 1731 1225 τοῦ
1762 1187 1910 1239 παμ-

318 1265 501 1334 φάγου
533 1264 704 1335 πυρὸς
736 1263 811 1334 μὴ
833 1262 1295 1333 καταφθείρεσθαι
1328 1263 1675 1335 προσϐολαῖς.
1704 1261 1909 1331 Στεφά-

317 1374 422 1428 νην
447 1356 505 1411 δὲ
538 1356 637 1410 καὶ
656 1356 728 1409 τὰ
754 1356 848 1409 ἐπὶ
877 1358 1001 1418 ταῖς
1027 1355 1254 1424 γωνίαις
1285 1357 1514 1428 κέρατα,
1553 1356 1631 1428 τῷ
1657 1357 1749 1410 τοῦ
1775 1359 1909 1428 σχή-

321 1464 500 1518 ματος
527 1448 713 1501 κάλλει
749 1446 1153 1518 προσθήσομεν.
1200 1448 1399 1519 Ἀχαρι
1433 1451 1542 1519 γὰρ
1579 1448 1731 1502 οὐδὲν
1759 1448 1910 1520 παρὰ

317 1538 403 1611 τῷ
434 1539 697 1609 πανσόφῳ
739 1538 879 1608 Θεῷ.
925 1538 1093 1610 Πλὴν,
1137 1541 1312 1592 ἐκεῖνο
1355 1540 1515 1593 πάλιν
1541 1540 1606 1610 δὴ
1646 1540 1777 1611 φέρε
1819 1540 1908 1594 λέ-

316 1646 532 1700 γωμεν,
554 1628 758 1699 ἀκριϐῆ
786 1628 879 1681 τὸν
906 1629 1032 1682 νοῦν
1056 1630 1426 1699 ἐπερείδοντες
1454 1633 1566 1692 τοῖς
1588 1631 1671 1698 ἐφ’
1698 1630 1910 1702 ἑκάστῳ

316 1718 787 1789 τεθεσπισμίνοις.
818 1718 1214 1790 Θυσιαστήριον
1244 1720 1575 1790 προστέταχε
1617 1720 1735 1783 ταῖς
1769 1720 1910 1775 κατά

317 1810 489 1881 νόμον
512 1810 722 1873 θυσίαις
748 1811 925 1872 ἐοικὸς
946 1810 1045 1863 καὶ
1082 1810 1312 1880 πρέπον,
1352 1809 1468 1863 ἀλλ’
1493 1810 1646 1863 οὐδὲν
1676 1811 1734 1862 ἐν
1762 1808 1909 1881 αὐτῷ

317 1900 579 1975 χρυσοῦν,
613 1902 867 1973 καθάπερ
902 1901 1113 1971 ἀμέλει,
1144 1901 1453 1972 καταθεῷτό
1474 1920 1556 1965 τις
1588 1901 1655 1955 ἂν
1684 1902 1791 1971 ἐπὶι
1809 1903 1908 1973 τῆς
1942 1881 1981 1934 8

316 1991 577 2059 κιϐωτοῦ,
599 1993 822 2065 λυχνίας
845 2010 907 2047 τε
945 1988 1012 2048 αὖ
1040 1993 1135 2046 καὶ
1158 1992 1470 2064 τραπέζης,
1501 1992 1595 2047 καὶ
1622 1992 1732 2047 τῶν
1769 1993 1905 2065 ἀμφ’

316 2085 515 2155 αὑτήν.

390 2175 603 2230 ΠΔΛΛ.
635 2176 700 2229 Τί
721 2174 783 2245 δὴ
804 2170 899 2228 οὖν
936 2173 1046 2245 ἀρα
1088 2174 1185 2227 καὶ
1213 2172 1369 2227 τοῦτό
1405 2174 1550 2240 ἐστις

312 2278 313 2281 ‘
390 2268 556 2321 ΚΥΡ.
586 2268 659 2322 Οὐ
684 2267 793 2338 γὰρ
816 2267 880 2338 δὴ
902 2266 1002 2335 τῆς
1025 2263 1171 2329 θείας
1192 2282 1252 2317 τε
1274 2264 1369 2317 καὶ
1390 2265 1668 2336 ἀκηράτου
1692 2264 1906 2333 φύσεως

313 2358 421 2428 τὴν
450 2358 593 2412 κατά
617 2359 837 2412 πάντων
863 2358 1161 2429 ὑπεροχὴν,
1189 2357 1286 2409 καὶ
1308 2355 1639 2427 ἀσύγκριτον
1658 2356 1907 2427 λαμπρό-

313 2467 478 2522 τητα,
510 2450 586 2515 ὡς
618 2453 677 2505 ἐν
706 2451 889 2519 νοήσει
921 2449 1067 2519 λέγω
1086 2493 1098 2513 ,
1132 2451 1194 2503 τὸ
1235 2449 1460 2522 χρυσίον
1484 2444 1543 2503 εὖ
1571 2448 1716 2522 μάλα
1743 2466 1907 2503 κατα.

311 2543 509 2615 δηλοῦν
539 2543 822 2615 ἐλέγομεν,
856 2536 901 2596 ὧ
933 2542 1231 2609 Παλλάδιε;
1344 2588 1347 2592 ,

390 2724 604 2777 ΠΛΛΛ.
636 2716 764 2776 Ὧδε
794 2721 929 2792 ἔχει.

390 2815 555 2872 ΚΥΡ.
617 2814 807 2885 Ἀθρει
850 2814 916 2885 δὴ
964 2810 1082 2877 οὖν,
1131 2812 1446 2884 ἀχρύσωτον
1487 2809 1765 2875 παντελῶς
1804 2811 1907 2882 τῆς

313 2905 466 2976 κατὰ,
490 2905 654 2975 νόμον
684 2903 940 2975 λατρείας
979 2904 1041 2956 τὸ
1083 2902 1490 2973 θυσιαστήριον,
1532 2903 1761 2973 αἴνιγμά
1800 2892 1903 2955 που

312 3000 382 3051 τὸ
406 2997 598 3069 χρῆμα
623 2996 867 3058 τιθέντος
894 2995 1026 3065 ἡμῖν
1052 2994 1146 3047 τοῦ
1187 2993 1323 3047 Θεοῦ
1343 3034 1357 3058 ,
1389 2994 1483 3047 καὶ
1520 2995 1664 3065 μάλα
1695 2991 1902 3062 σαφῶς,

315 3090 404 3144 ὅτι
454 3086 767 3158 Πνεύματος
810 3087 969 3154 ἁγίου
999 3084 1259 3157 πρόξενος
1297 3086 1496 3157 ἥκιστα
1528 3085 1627 3155 μὲν
1656 3087 1684 3138 ὁ
1708 3085 1903 3155 νόμος,

313 3179 610 3250 τετίμηται
654 3177 711 3231 δὲ
750 3177 873 3247 οὐχὶ
910 3176 1137 3248 τοιαύτῃ
1174 3176 1357 3246 χάριτι
1390 3176 1489 3246 τῆς
1532 3178 1588 3229 ἐν
1623 3175 1777 3246 τύπῳ
1812 3174 1906 3228 λα-

311 3270 507 3343 τρείας
542 3270 577 3339 ἠ
616 3267 867 3338 δύναμις.
896 3266 1123 3337 Πνεῦμα
1155 3267 1265 3335 γὰρ
1293 3261 1364 3336 ἦν
1394 3264 1639 3329 δουλείας
1684 3266 1775 3317 ἐπὶ
1814 3264 1906 3317 τὸν

329 3361 576 3433 Ἱσραήλ’
610 3362 744 3431 ἡμῖν
779 3359 835 3413 δὲ
879 3359 942 3413 τὸ
975 3358 1148 3430 δῶρον
1177 3357 1498 3429 ἀπενεμήθη
1542 3356 1630 3410 διά
1667 3355 1903 3425 Χριστοῦ

318 3452 468 3525 μετά
503 3453 606 3524 τὴν
647 3453 713 3505 ἐκ
758 3451 971 3522 νεκρῶν
1011 3450 1328 3504 ἀναϐίωσιν.
1384 3447 1716 3517 Ἐνεφύσησε
1758 3448 1902 3520 γὰρ,

315 3546 550 3615 unum
573 3544 780 3599 Λάϐετε
796 3542 1020 3613 Πνεῦμα
1036 3543 1209 3611 ἀγιον.
1236 3560 1254 3593 ι
1275 3541 1564 3611 Τοιγάρτοι
1586 3540 1680 3593 καὶ
1696 3538 1903 3603 Παῦλος

316 3634 667 3708 προσεφώνει
727 3635 841 3697 τοῖς
893 3634 1336 3695 πεπιστευκόσιν,
1367 3650 1385 3683 ι
1415 3632 1487 3686 Ού
1528 3631 1638 3703 γὰρ
1684 3629 1905 3683 ἐλάϐετε

317 3726 544 3798 πνεῦμα
563 3724 803 3787 δουλείας
824 3724 985 3778 πάλιν
1007 3725 1087 3787 είς
1112 3724 1297 3792 φόϐον,
1314 3722 1429 3775 ἀλλ’
1446 3721 1668 3775 ἐλάϐετε
1689 3721 1908 3790 πνεῦμα

325 3817 627 3883 υἱοθεσίας,
655 3817 715 3869 ἐν
736 3810 780 3884 ᾧ
818 3814 1117 3887 κράζομεν,
1152 3812 1324 3867 ’Δϐϐᾶ
1346 3816 1375 3866 ὀ
1399 3814 1609 3884 Πατήρ.
1649 3830 1667 3864 ι
1699 3813 1821 3866 Ὅτι
1849 3810 1905 3863 δέ

317 3910 425 3979 τῆς
464 3909 609 3962 κατά
648 3907 811 3977 νόμον
846 3905 1099 3977 λατρείας
1134 3906 1168 3976 ή
1211 3903 1444 3975 δύναμις
1478 3902 1576 3975 τὴν
1614 3901 1709 3956 τοῦ
1748 3903 1906 3970 ἁγίου

318 4006 645 4077 Πνεύματος
665 4006 766 4059 οὐκ
801 4002 1051 4057 ἐπλούτει
1080 3999 1317 4071 μέθεξιν,
1357 3999 1595 4054 δέδονται
1622 3998 1679 4052 δὲ
1707 3998 1907 4068 μᾶλλον

316 4101 439 4163 τοῖς
476 4100 535 4152 ἐν
574 4097 754 4151 πίστει
784 4093 1255 4165 δεδικαιωμένοις,
1287 4091 1697 4163 πληροφορήσει
1732 4087 1907 4157 λέγων

318 4193 352 4244 ὁ
379 4189 545 4258 σοφὸς
586 4189 859 4259 ’ῐωάννηςο
894 4206 912 4239 ι
949 4187 1117 4241 Οῦπω
1137 4184 1245 4256 γὰρ
1274 4180 1342 4256 ἦν
1368 4183 1590 4253 Πνεῦμα
1621 4181 1795 4251 ἅγιον,
1825 4181 1907 4234 ὅτι

331 4283 549 4354 Ἰησοῦς
583 4280 794 4334 οὐδέπω
820 4278 1103 4349 ἐδοξάσθη.
1139 4296 1158 4330 ι
1203 4274 1369 4331 Οὔπω
1398 4275 1508 4347 γὰρ
1545 4273 1743 4329 ἀνεϐίω
1770 4274 1906 4343 Χρι-

331 4375 486 4436 στός·
510 4372 789 4443 μονονουχὶ
816 4371 925 4443 γὰρ
949 4370 1069 4423 τότε
1093 4366 1483 4439 κατεχρυσώθη
1508 4364 1585 4435 τῷ
1605 4362 1745 4416 ῐῙνεύ
1755 4379 1902 4433 ματι,

318 4466 417 4521 καὶ
440 4463 694 4535 κοινωνίᾳ
717 4465 782 4533 τῇ
814 4462 951 4533 πρὸς
972 4459 1155 4525 αὐτὸν,
1181 4461 1215 4530 ή
1244 4457 1528 4528 ἀνθρώπου
1552 4454 1731 4525 φύσις.
1762 4455 1908 4523 Χρυ-

2010 630 2138 677 rum‘
2191 624 2398 690 frusta,
2436 633 2493 679 et
2528 625 2872 689 holocausta,
2907 625 3202 695 oviumque
3224 637 3279 683 et
3306 628 3587 684 hircorum

2008 712 2121 766 Deo
2177 721 2622 767 consecratorum
2659 713 2967 768 oblationes
3020 725 3179 768 erant
3222 716 3580 786 imponendaz.

2008 799 2160 855 Hanc
2195 801 2265 855 ob
2292 816 2516 856 causam
2544 812 2599 857 et
2622 804 2903 868 craticula,
2922 813 2977 859 et
3002 804 3175 871 focus,
3201 815 3257 861 et
3280 807 3583 869 fuscinulze,

2010 898 2067 946 et
2093 891 2312 961 phialae,
2348 894 2597 949 ctomnia
2640 894 2876 963 denique
2905 897 3024 965 ejus
3068 912 3194 951 vasa
3234 913 3382 952 aenea
3416 908 3541 952 sunt
3570 917 3582 965 ;

2007 989 2071 1036 ut
2091 981 2356 1052 legalibus
2378 981 2662 1036 sacriﬁciis
2697 998 2856 1036 suum
2888 999 3048 1038 usum
3071 986 3313 1054 praebere
3342 996 3585 1056 possent,

2007 1095 2188 1148 neque
2219 1088 2401 1132 tamen
2426 1079 2640 1132 voracis
2665 1077 2803 1147 ignis
2842 1079 3073 1147 appulsu
3107 1091 3584 1135 consumerentur.

2008 1169 2278 1225 Coronam
2311 1185 2461 1232 vero,
2504 1177 2559 1223 et
2594 1171 2914 1240 angulorum
2951 1188 3152 1225 cornua
3181 1174 3354 1241 ipsius
3400 1174 3586 1244 ﬁgurre

2008 1260 2409 1331 pulchritudini
2438 1259 2746 1315 tribuemus
2782 1281 2794 1314 :
2824 1278 2946 1315 nam
2986 1263 3128 1332 apud
3150 1264 3304 1317 illum
3338 1266 3585 1319 omnium

2010 1352 2477 1422 sapientissimum
2503 1347 2675 1407 Deum
2696 1353 2941 1408 deforme
2974 1354 3113 1407 nihil
3146 1364 3249 1408 est.
3269 1357 3426 1424 303
3446 1356 3585 1411 Illud

2010 1451 2191 1499 tamen
2220 1460 2410 1498 rursus
2439 1444 2673 1516 agedum
2692 1444 2960 1509 dicamus,
2996 1444 3063 1499 iis
3116 1462 3236 1515 qua:
3266 1446 3333 1500 de
3364 1462 3421 1500 re
3449 1464 3587 1516 qua-

2006 1549 2115 1603 que
2169 1542 2440 1604 praacepta
2480 1543 2627 1599 sunt,
2671 1544 2926 1591 accurate
2970 1536 3211 1591 animum
3246 1536 3583 1608 adjicientes.

2008 1624 2194 1679 Altare
2219 1626 2481 1696 praecepit
2511 1626 2629 1682 fieri
2687 1628 2831 1698 quod
2859 1630 3125 1699 legalibus
3153 1630 3347 1684 hostiis
3391 1646 3590 1686 conve-

2008 1716 2155 1771 niret
2187 1725 2351 1787 atque
2397 1726 2583 1787 aptum
2628 1729 2808 1783 esset;
2842 1721 2937 1774 sed
2972 1737 3196 1775 aureum
3233 1722 3287 1775 in
3325 1737 3391 1775 eo
3426 1724 3585 1788 nihil,

2010 1807 2169 1875 quale
2200 1808 2450 1876 profecto
2473 1816 2529 1863 et
2556 1809 2611 1862 in
2637 1825 2783 1869 arca,
2810 1820 2867 1865 et
2905 1811 3254 1877 candelabro,
3293 1821 3348 1867 et
3378 1829 3585 1879 mensa,

2010 1904 2065 1951 et
2097 1896 2164 1951 iis
2191 1912 2312 1967 quae
2340 1898 2398 1953 in
2438 1898 2530 1954 illa
2550 1908 2732 1967 erant,
2757 1900 2946 1955 videre
2973 1901 3122 1955 licet.

2078 2180 2275 2237 PALL.
2301 2176 2431 2248 Quae
2464 2182 2684 2237 tandem
2712 2193 2799 2239 est
2825 2185 2904 2239 rei
2929 2185 3092 2240 istius
3119 2188 3327 2241 causa?

2079 2270 2235 2326 CYR.
2262 2276 2343 2326 An
2374 2287 2524 2337 vero,
2556 2272 2784 2337 Palladi,
2826 2288 2939 2328 non
2965 2275 3113 2329 illius
3146 2275 3346 2330 divinae
3396 2284 3451 2331 et
3481 2277 3587 2332 im-

2010 2362 2258 2417 mortalis
2283 2373 2512 2428 naturaz,
2557 2379 2722 2433 supra
2755 2380 2843 2419 res
2872 2381 3062 2420 omnes
3107 2369 3474 2436 praestantiam
3523 2383 3591 2426 ac

2011 2452 2360 2521 splendorem
2390 2453 2873 2521 incomparabilem
2912 2454 3000 2524 (de
3023 2471 3089 2509 eo
3127 2456 3323 2525 loquor
3356 2458 3448 2527 qui
3492 2472 3592 2528 po-

2010 2550 2118 2599 test
2172 2543 2455 2597 intellectu
2501 2543 2733 2616 percipi)
2780 2557 2913 2600 acro
2947 2545 3265 2601 dicebamus
3308 2547 3590 2617 aptissime

2010 2624 2347 2705 significari?

2074 2724 2271 2780 PALL.
2304 2716 2517 2779 Fateor.

2079 2815 2234 2871 ΟΥΕ.
2268 2815 2565 2872 Considera
2600 2816 2785 2887 igitur,
2814 2817 2950 2872 illud
2979 2818 3169 2889 legalis
3204 2820 3387 2875 cultus
3420 2822 3593 2877 altare

2011 2923 2209 2977 expers
2244 2909 2471 2962 omnino
2505 2908 2626 2961 auri
2672 2908 2839 2963 fuisse
2878 2928 2891 2960 :
2921 2925 3027 2979 qua
3056 2911 3109 2963 in
3138 2926 3195 2964 re
3247 2912 3591 2981 apertissime

2011 2998 2171 3051 nobis
2189 2997 2367 3052 innuit
2400 2999 2544 3052 Deus
2584 2999 2722 3070 legis
2748 2999 3015 3053 beneﬁcio
3038 3000 3303 3069 Spiritum
3340 3012 3593 3058 sanctum

2013 3090 2236 3143 minime
2269 3086 2554 3145 conciliari
2593 3092 2773 3152 nobis,
2822 3107 3001 3160 neque
3042 3092 3155 3146 vim
3185 3094 3333 3147 illam
3378 3094 3592 3165 llgurati

2014 3181 2195 3235 cultus
2260 3197 2380 3236 esse
2420 3178 2693 3252 ejusmodi
2741 3183 2915 3252 gratia
2966 3182 3301 3238 decoratam.
3352 3185 3592 3254 Spiritus

2006 3270 2153 3323 enim
2188 3270 2475 3326 servitutis
2512 3282 2634 3327 erat
2658 3289 2822 3343 super
2842 3274 3048 3340 Israel;
3083 3274 3240 3329 nobis
3267 3284 3449 3331 autem
3486 3278 3593 3334 hoc

2006 3360 2213 3415 donum
2252 3378 2352 3432 per
2389 3363 2669 3419 Christum
2716 3364 2985 3419 tributum
3015 3373 3100 3419 est
3126 3405 3139 3431 ,
3180 3375 3532 3435 posteaquam
3557 3383 3592 3424 ιι

2006 3452 2240 3507 mortuis
2263 3454 2479 3517 revixit;
2505 3454 2805 3508 insufﬂavit
2824 3454 2997 3518 enim,
3024 3455 3213 3509 dicens
3240 3473 3256 3509 :
3286 3474 3304 3507 ι
3340 3456 3591 3527 Accipite

2008 3542 2280 3614 Spiritum
2312 3553 2562 3599 sanctum
2582 3546 2647 3600 “.
2682 3565 2700 3596 ι
2730 3546 2919 3614 Itaque
2966 3545 3168 3601 Paulus
3206 3548 3588 3617 alloquebatur

2007 3634 2297 3690 credentes
2333 3652 2345 3687 :
2380 3653 2398 3685 ι
2433 3635 2553 3689 Non
2599 3635 2749 3689 enim
2791 3636 3083 3706 accepistis
3121 3637 3375 3706 spiritum
3409 3639 3589 3693 servi-

2007 3726 2144 3781 tutis
2199 3727 2400 3780 iterum
2444 3726 2500 3781 in
2549 3726 2784 3791 timore,
2837 3727 2935 3782 sed
2988 3728 3277 3798 accepistis
3334 3729 3591 3799 spiritum

2006 3815 2318 3886 adoptionis
2371 3816 2629 3883 ﬁliorum,
2682 3817 2737 3872 in
2766 3834 2875 3888 quo
2912 3818 3211 3874 clamamus
3241 3838 3254 3874 :
3280 3820 3455 3887 Abba,
3483 3822 3589 3877 Pa-

2008 3919 2092 3965 ter
2109 3911 2173 3964 ³³.
2209 3929 2226 3961 ι
2279 3909 2430 3964 Illam
2448 3925 2613 3979 porro
2652 3911 2835 3964 cultus
2874 3911 3063 3981 legalis
3110 3911 3424 3966 facultatem
3476 3927 3590 3969 non

2007 4002 2177 4058 fuisse
2191 4004 2365 4058 sancti
2398 4003 2640 4072 Spiritus
2669 4001 3089 4071 participatione
3109 4003 3589 4071 praeditam.eum-

2008 4110 2113 4163 que
2151 4095 2218 4148 iis
2239 4094 2422 4163 potius
2446 4094 2635 4147 datum
2673 4107 2795 4147 esse
2845 4093 2938 4161 qui
2980 4092 3085 4147 fide
3117 4093 3400 4163 justiﬁcati
3437 4103 3585 4160 sunt,

2008 4183 2299 4239 conﬁrmat
2328 4182 2767 4252 sapientissimus
2784 4181 3042 4244 Joannes,
3058 4197 3181 4235 cum
3207 4182 3373 4237 dicit:
3399 4201 3416 4233 ι
3438 4184 3588 4237 Non-

2008 4276 2140 4330 dum
2159 4275 2306 4329 cnim
2323 4283 2442 4329 erat
2463 4273 2703 4343 Spiritus
2726 4280 2969 4336 sanctus,
3000 4273 3128 4341 quia
3151 4272 3311 4327 Iesus
3343 4273 3586 4326 nondum

2007 4377 2126 4421 erat
2144 4365 2553 4436 gloriﬁcatus".
2602 4383 2620 4414 ι
2650 4364 2904 4417 Nondum
2941 4363 3088 4417 enim
3127 4362 3399 4416 revixerat
3424 4361 3587 4416 Chri-

2009 4467 2128 4513 stus
2156 4476 2169 4511 :
2197 4466 2312 4511 tum
2332 4455 2479 4510 enim
2500 4453 2739 4509 hominis
2757 4462 2951 4507 natura
2973 4453 3202 4522 Spiritu,
3221 4463 3277 4508 et
3290 4454 3410 4523 ejus
3435 4468 3588 4509 com-

318 4556 419 4610 σοῦ
463 4555 563 4627 μὲν
604 4546 667 4625 δὴ
709 4552 867 4624 δίχα,
908 4551 1162 4624 ταύτῃτοι
1195 4547 1445 4618 γενέσθαι
1487 4545 1819 4617 προστέταχε
1852 4553 1908 4607 τδ

2021 4548 2393 4604 m'inicatione
2427 4546 2823 4617 propemodum
2854 4545 3103 4599 inaurata
3138 4553 3242 4601 est.
3278 4545 3391 4601 Hac
3423 4546 3587 4617 igitur

318 4647 730 4717 θυσιαστήριον,
762 4644 1014 4715 καθάπερ
1042 4642 1280 4714 ἐγῷμαι,
1310 4640 1402 4694 τὸν
1421 4640 1477 4694 δέ
1500 4638 1594 4692 ἐπὶ
1621 4637 1698 4708 τῷ
1717 4634 1901 4707 χαλκῷ

316 4741 502 4808 λόγον,
539 4738 598 4803 ἐξ
639 4733 702 4793 οὗ
727 4738 825 4792 και
862 4735 1153 4807 πεποίητο,
1187 4733 1588 4807 παραδραμεῖν,
1627 4730 1703 4793 ὡς
1734 4728 1899 4789 ἔοικε,

315 4834 434 4893 τοῖς
474 4828 827 4900 φιλομαθέσιν
864 4829 965 4882 οὐκ
1010 4828 1260 4899 ἀζήμιον.
1319 4824 1561 4878 Ἐκτέκοι
1598 4821 1707 4891 γάρ
1745 4820 1812 4874 ἀν
1846 4836 1901 4871 τι

314 4921 431 4976 τῶν
467 4919 782 4991 ἀναγκαίων
814 4921 848 4991 ή
884 4920 1133 4991 βάσανος,
1168 4916 1421 4990 καθάπερ
1454 4916 1515 4971 τὸ
1544 4914 1648 4969 ὑπό
1684 4932 1777 4967 του
1813 4930 1902 4966 σο-

316 5012 440 5086 φῶς
456 5013 762 5084 εἰρημένον,
788 5012 878 5065 Ἐν
898 5010 1059 5066 παντὶ
1081 5008 1414 5082 μεριμνῶντι
1434 5007 1608 5061 ἔνεστι
1624 5004 1895 5078 περιττόν.

388 5161 601 5243 ΠΔλΛ.
636 5187 704 5240 Τί
730 5182 823 5242 οὖν
840 5187 905 5241 ἂν
927 5187 1070 5258 ἔχοις
1082 5187 1256 5241 εἰπεῖν
1279 5184 1373 5239 καὶ
1399 5184 1491 5237 ἐπὶ
1518 5182 1654 5254 τῷδε
1703 5182 1899 5245 πάλιν;

387 5280 553 5336 ΚΥΡ.
610 5280 811 5332 Ἀκουε
849 5278 938 5350 δή·
968 5278 1135 5349 ψήφῳ
1183 5278 1282 5348 μὲν
1324 5276 1434 5348 γὰρ
1479 5277 1545 5346 τῇ
1584 5274 1789 5328 ἀνωθεν
1824 5272 1904 5334 είς

314 5371 473 5442 ἱερέα
506 5372 602 5423 καὶ
632 5370 933 5440 ἡγούμενον
964 5369 1054 5423 τδν
1083 5368 1369 5423 θεσπέσιον
1412 5367 1620 5439 Ἀαρὼν
1648 5381 1894 5436 κεχειρο-

310 5462 577 5531 τονῆσθαί
621 5478 752 5531 φησι
793 5461 855 5515 τὸ
897 5460 1140 5533 Γράμμα
1180 5460 1241 5513 τὸ
1285 5459 1449 5530 ἱερόν.
1499 5458 1643 5530 Κορέ
1676 5473 1741 5525 γε
1789 5453 1896 5527 μὴν

312 5552 413 5607 καὶ
455 5549 657 5615 Δαθάν,
701 5550 796 5605 καὶ
841 5552 952 5613 τοῖς
981 5549 1118 5620 ἀμφ’
1151 5549 1367 5616 αὐτοὺς,
1402 5550 1436 5620 ή
1481 5548 1648 5619 ἀγρία
1685 5545 1896 5618 πληθὺς

312 5642 417 5713 τῆς
459 5640 669 5696 ἀνωθεν
714 5640 896 5713 ψήφου
949 5640 1326 5713 προαλέστατα
1373 5639 1765 5706 καταθέοντες,
1801 5640 1897 5692 καὶ

386 5815 433 5848 θ’
457 5815 616 5873 Joan.
664 5831 755 5883 xx,
784 5815 874 5872 22.
920 5817 997 5897 ,υ
1020 5817 1301 5884 Rom.vm,
1338 5816 1420 5873 l5.
1501 5819 1547 5851 ³⁸
1581 5817 1739 5874 Joan.
1771 5832 1869 5884 vn,
1908 5815 1997 5872 39.

2002 4643 2071 4698 de
2114 4654 2279 4695 causa
2314 4638 2433 4693 sine
2476 4654 2613 4693 auro
2642 4636 2760 4692 fieri
2801 4637 2966 4708 jussit
3007 4637 3211 4703 altare,
3260 4649 3320 4691 ut
3368 4640 3589 4708 opinor.

2000 4731 2275 4787 Caeterum
2326 4730 2594 4783 rationem
2634 4728 2796 4794 aeris,
2839 4743 2907 4782 ex
2940 4742 3049 4797 quo
3071 4727 3212 4782 illud
3245 4737 3586 4785 exstructum

2001 4823 2126 4887 fuit,
2158 4822 2579 4892 praetermittere
2625 4836 2737 4876 non
2786 4820 2904 4874 sine
2946 4820 3340 4885 studiosorum,
3376 4832 3435 4875 ut
3466 4825 3587 4893 opi-

2001 4928 2124 4976 nor,
2147 4912 2361 4982 jactura
2384 4926 2677 4981 possumus
2709 4928 2721 4963 :
2757 4925 2883 4964 nam
2914 4910 3029 4964 bmc
3059 4910 3341 4980 inquisitio
3378 4912 3585 4981 aliquid

2002 5002 2258 5058 utilitatis
2274 5001 2474 5072 pariet,
2502 5009 2564 5056 ut
2582 5009 2667 5057 est
2696 5016 2727 5056 a
2755 5001 2995 5071 quodam
3030 5002 3308 5070 sapienter
3327 5002 3537 5057 dictum
3568 5021 3584 5059 :

2002 5093 2062 5147 In
2085 5093 2233 5148 omni
2268 5092 2505 5148 sollicito
2530 5092 2674 5148 inest
2705 5092 2935 5147 utilitas.

2075 5185 2272 5240 PALL.
2309 5184 2449 5251 Quid
2474 5186 2644 5256 igitur
2678 5185 2781 5239 hac
2806 5185 2873 5238 de
2904 5199 2964 5237 re
2987 5182 3171 5238 dicere
3200 5184 3409 5238 habes?

2075 5274 2232 5330 CYR.
2270 5274 2414 5331 Audi
2452 5275 2619 5347 igitur
2649 5293 2662 5328 :
2699 5278 2883 5328 Aaron
2914 5273 3060 5328 enim
3092 5274 3269 5328 virum
3295 5274 3449 5329 illum
3489 5276 3585 5331 ad-

2001 5367 2312 5423 mirabilem
2331 5409 2345 5432 ,
2374 5367 2584 5424 caelesti
2614 5364 2872 5437 suffragio
2904 5364 3243 5419 sacerdotem
3266 5381 3332 5422 ac
3371 5366 3581 5436 princi-

2001 5475 2126 5530 pem
2155 5461 2390 5515 electum
2431 5459 2621 5524 fuisse,
2656 5474 2822 5513 sacrae
2850 5458 3072 5513 Littera
3119 5468 3407 5515 testantur.
3442 5458 3582 5515 Core

2000 5559 2185 5609 tamen
2221 5560 2279 5607 et
2326 5552 2578 5617 Dathan,
2628 5566 2933 5622 eorumque
2985 5550 3262 5606 sociorum
3313 5551 3582 5607 eﬂ‘renata

2002 5641 2095 5698 illa
2122 5644 2420 5701 multitudo
2450 5650 2641 5701 contra
2664 5658 2962 5715 supernum
2996 5641 3131 5700 illud
3167 5643 3445 5701 decretum
3479 5656 3579 5725 pe:
