4140 6536
573 392 681 452 615

1598 383 1656 437 8.
1695 381 1972 438 CYRILLI
2008 380 2481 439 ALEXANDRINI
2517 379 2834 437 ARCHIEP.

3731 384 3845 444 6M

576 504 940 565 tuiantissime
972 503 1193 567 obnixa,
1220 510 1276 556 et
1305 498 1567 555 adversus
1584 497 1802 554 divinas
1835 499 1983 569 leges
1998 496 2147 553 exci-

2256 495 2359 550 τῶν
2391 495 2549 549 θείων
2569 494 3090 566 κατεξανιστάμενοι
3108 497 3308 566 νόμων,
3335 496 3538 568 πυρεῖα
3559 497 3844 569 προσῆγον

577 612 709 665 tata,
749 597 1032 654 thurihula
1069 594 1423 657 detulerunt,
1470 607 1596 648 cum
1632 591 1894 657 invocati,
1943 606 2151 661 suaque

572 690 735 761 304
760 695 952 759 sponte
990 685 1058 739 ad
1084 684 1139 739 id
1182 697 1382 737 munus
1420 687 1802 752 properarent,
1853 679 2150 734 honorem-

573 796 679 850 que
709 780 811 834 sibi
844 775 1067 832 minime
1102 774 1367 829 tributum
1407 772 1737 840 arriperent,
1792 785 1856 825 ac
1882 768 2151 825 sacerdoti

571 871 831 942 principi,
855 877 909 924 et
925 884 991 923 ex
1023 865 1295 921 universis
1318 865 1461 918 lecto
1488 863 1652 917 nimis
1671 860 1938 932 praecipiti
1968 860 2151 915 furore

572 976 723 1015 suam
756 958 1049 1011 amentiam
1093 963 1255 1025 atque
1279 953 1563 1009 audaciam
1592 959 1935 1021 opponerent
1948 952 2011 1004 ³⁷.
2044 951 2151 1006 De-

569 1050 892 1119 signabatur
923 1056 1105 1121 autem
1135 1046 1240 1100 hoc
1267 1046 1411 1099 facto
1454 1043 1644 1097 futura
1693 1042 1960 1097 adversus
1994 1040 2153 1097 Chri-

569 1150 716 1196 stum
738 1139 1050 1196 Judaaorum
1075 1137 1301 1191 audacia
1328 1154 1340 1189 :
1369 1138 1484 1207 ipse
1513 1135 1658 1190 enim
1686 1141 1771 1190 est
1789 1142 1976 1189 noster
1998 1148 2149 1188 sum-

570 1246 692 1284 mus
721 1229 997 1293 sacerdos,
1025 1227 1120 1298 qui
1159 1227 1227 1281 ad
1253 1227 1360 1283 hoc
1392 1225 1676 1296 dignitatis
1713 1225 1934 1279 culmen
1969 1221 2151 1277 Patris

569 1322 827 1393 suﬁragio
855 1328 940 1375 est
961 1328 1284 1391 provectus;
1322 1327 1486 1388 atque
1513 1317 1593 1371 illi
1611 1315 1835 1385 quidem
1853 1322 2149 1369 conatuum

569 1409 707 1466 adeo
751 1410 996 1479 turpium
1048 1424 1237 1479 pmnas
1274 1406 1568 1471 dederunt,
1616 1405 1934 1474 dabuntque
1983 1404 2149 1458 etiam

570 1506 693 1573 pust
720 1517 817 1556 eos
847 1501 1042 1567 Judaei,
1081 1517 1206 1555 cum
1248 1500 1440 1554 iisdem
1469 1498 1798 1553 criminibus
1836 1505 2145 1552 teneantur.

569 1594 714 1648 Deus
734 1600 917 1646 autem
948 1592 1138 1664 Moysi,
1170 1599 1283 1644 tum
1316 1597 1372 1645 et
1398 1589 1662 1644 Eleazaro
1692 1588 1874 1641 Aaron
1902 1586 2034 1650 lilio,
2085 1598 2151 1639 ac

568 1684 842 1742 sacerdoti
874 1683 1013 1738 dixit
1046 1701 1059 1736 ε
1087 1702 1104 1733 ι
1134 1681 1343 1737 Sumite
1379 1679 1664 1734 thuribula
1690 1692 1841 1733 aznea
1868 1676 1936 1732 de
1967 1675 2149 1731 medio

569 1777 1001 1839 combustorum,
1036 1774 1290 1844 etiguem
1320 1773 1469 1826 hunc
1515 1772 1756 1825 alienum
1799 1784 1994 1841 sparge
2043 1767 2145 1833 ibi,

2254 584 2479 657 ἄκλητοι
2510 586 2605 639 καὶ
2634 585 2920 655 αὐτόμολοι
2953 586 3089 656 πρὸς
3122 584 3280 638 τοῦτο
3320 586 3512 649 ἰόντες,
3548 586 3645 640 καὶ
3669 590 3841 660 τιμὴν

2252 676 2612 749 ἁρπάζοντες,
2641 676 2701 730 οὐ
2728 676 3053 747 νεμηθεῖσαν
3079 677 3282 739 αὐτοῖς,
3308 676 3837 746 ἀντιπαρεξάγοντες

2252 767 2349 821 καὶ
2380 767 2523 838 μάλα
2551 766 2788 839 θερμῶς,
2824 767 2893 820 τά
2920 766 2981 833 ἐξ
3009 768 3266 831 ἀπονοίας
3292 767 3385 820 καὶ
3418 765 3670 837 θράσους,
3702 770 3840 838 ἱερεῖ

2250 861 2330 933 τῷ
2371 859 2697 933 προῦχοντι,
2748 863 2843 917 καὶ
2876 862 2984 918 τῶν
3025 862 3202 917 ἄλλων
3236 863 3491 918 ἁπάντων
3523 863 3835 934 άπολέγδην

2252 951 2594 1024 ὲξῃρημένῳ.
2634 953 3085 1023 Ἐσκιαγραφεῖτο
3106 954 3162 1008 δὲ
3187 952 3277 1006 διὰ
3302 952 3505 1006 τούτων
3534 955 3568 1023 ἠ
3600 954 3832 1025 ἐσομένη

2252 1044 2391 1097 κατὰ
2439 1043 2675 1115 Χριστοῦ
2714 1044 2823 1098 τῶν
2883 1045 3152 1099 Ἰουδαίων
3207 1044 3453 1098 ἀπόνοια.
3499 1044 3673 1107 Αὐτὸς
3724 1045 3833 1115 γὰρ

2250 1133 2406 1204 ἡμῶν
2437 1134 2745 1206 ἀρχιερεὺς.
2778 1134 2942 1206 ψήφῳ
2974 1136 3109 1206 πρὸς
3138 1135 3297 1189 τοῦτο
3319 1135 3557 1204 ἠγμένος
3577 1138 3645 1206 τῇ
3678 1136 3832 1207 πικράι

2250 1225 2483 1292 Πατρὺς,
2513 1227 2608 1280 καὶ
2635 1228 2684 1280 οἱ
2720 1227 2819 1298 μὲν
2849 1226 2955 1279 τῶν
2986 1226 3158 1291 οὕτως
3186 1226 3429 1297 αἰσχρῶν
3455 1226 3825 1297 ἐπιχειρημά-

2248 1332 2357 1370 των
2395 1317 2702 1371 ὲκτετίκασι
2730 1317 2904 1381 δίκαςο
2936 1317 3252 1373 άποτίσουσι
3279 1318 3336 1372 δὲ
3361 1318 3458 1372 καὶ
3490 1317 3608 1388 μετ’
3634 1319 3829 1380 αὐτοὺς

2263 1406 2501 1460 Ἰουδαῖοι
2530 1411 2642 1473 τοῖς
2673 1409 2808 1471 ἴσοις
2831 1410 3138 1480 ἐγκλήμασι
3164 1412 3448 1479 γεγονότες
3472 1409 3669 1480 ἐνοχοι.
3695 1410 3828 1475 Θεὸς

2247 1496 2306 1550 δὲ
2341 1497 2405 1569 δὴ
2435 1498 2557 1551 τότε
2584 1498 2719 1571 πρὸς
2762 1499 2965 1553 Μωσέα
2998 1517 3058 1553 τε
3101 1501 3193 1554 τὸν
3240 1500 3406 1572 ἱερὸν,
3448 1502 3543 1555 καὶ
3585 1500 3691 1572 μὴν
3733 1503 3827 1555 καὶ

2250 1587 2385 1658 πρὸς
2427 1587 2688 1659 Ἐλεάζαρ
2715 1587 2840 1658 ἔφη,
2866 1589 2954 1642 τὸν
2982 1588 3040 1655 ἐξ
3080 1588 3290 1660 Ἀαρὼν
3304 1589 3395 1641 τὸν
3434 1588 3605 1660 ἱερέα’
3641 1609 3659 1641 ι
3707 1590 3827 1643 ’Λν-

2249 1679 2433 1733 ἐλεσθε
2452 1681 2522 1735 τὰ
2542 1682 2740 1752 πυρεῖα
2762 1681 2831 1734 τὰ
2850 1681 3028 1752 χαλκᾶ
3043 1682 3106 1737 ὲκ
3131 1682 3296 1752 μέσον
3315 1681 3424 1735 τῶν
3449 1681 3824 1752 κεκαυμένων,

2251 1772 2348 1824 καὶ
2376 1771 2452 1837 ,τὸ
2486 1771 2597 1843 πῦρ
2648 1771 2711 1825 τὸ
2764 1771 3044 1844 ἀλλότριον
3090 1771 3248 1827 τοῦτο
3289 1774 3513 1844 σπεῖρον
3551 1775 3700 1839 ἐκεῖ,
3744 1773 3826 1826 ὅτι

571 1868 702 1938 quia
753 1865 1235 1922 sanctiﬁcaverunt
1262 1863 1544 1918 thuribula
1571 1863 1769 1916 horum
1804 1869 2152 1930 peccatorum

2256 1862 2446 1935 ήγίασε
2488 1864 2559 1918 τὰ
2604 1866 2806 1935 πυρεῖα
2836 1864 2945 1918 τῶν
2975 1863 3317 1936 ἁμαρτωλῶν
3355 1862 3559 1938 τούτων
3602 1866 3661 1916 ἐν
3707 1867 3827 1928 ταῖς

572 1960 628 2014 in
657 1958 945 2013 animabus
981 1956 1094 2011 suis
1130 1974 1144 2021 ;
1178 1964 1235 2010 et
1275 1955 1529 2010 fecerunt
1554 1954 1669 2024 ipsa
1702 1954 1932 2008 laminas
1969 1951 2151 2006 ducti-

568 2052 672 2115 les,
721 2050 1257 2120 circumpositionem
1305 2046 1489 2113 altari,
1543 2047 1673 2116 quia
1705 2048 1868 2102 allata
1904 2054 2031 2101 sunt
2061 2059 2152 2100 co-

575 2159 692 2198 ram
726 2141 980 2207 Domino,
1010 2150 1067 2196 et
1085 2138 1421 2195 sanctiﬁcata
1454 2148 1603 2203 sunt,
1649 2146 1705 2193 et
1756 2137 1899 2193 facta
1935 2144 2065 2191 sunt
2093 2136 2152 2191 in

574 2236 785 2305 signum
818 2234 943 2288 ﬁliis
971 2232 1136 2287 Israel
1160 2230 1224 2284 ⁸⁸.
1263 2250 1281 2281 ι
1307 2229 1488 2299 Atque
1512 2229 1629 2284 hrec
1666 2228 1888 2299 quidem
1917 2244 1984 2282 eo
2009 2235 2150 2281 tem-

568 2336 701 2390 pore
734 2319 874 2374 dixit
897 2320 1059 2373 Deus.
1092 2318 1152 2372 ln
1185 2316 1373 2372 Exodo
1416 2326 1600 2371 autem
1638 2317 1905 2387 scriptum
1952 2325 2038 2371 est
2083 2315 2153 2370 de

569 2411 834 2475 Bcseleel,
881 2410 972 2480 qui
1010 2418 1163 2479 patre
1198 2408 1421 2478 quidem
1454 2414 1573 2462 erat
1598 2407 1750 2473 Uria,
1776 2406 1871 2461 scd
1904 2405 1971 2461 de
2004 2405 2153 2460 tribu

569 2503 707 2567 Dan,
738 2509 794 2556 et
823 2500 1063 2555 universi
1108 2500 1294 2570 Operis
1329 2499 1588 2569 princeps
1614 2515 1628 2551 :
1665 2517 1683 2549 ι
1712 2498 1811 2553 llic
1832 2497 1962 2553 fecit
1981 2497 2153 2551 altare

569 2608 782 2648 aeneum
830 2608 897 2647 ex
940 2591 1239 2647 thuribulis
1290 2591 1457 2646 aeneis
1515 2605 1639 2661 quae
1697 2588 1917 2644 fuerant
1976 2586 2155 2642 homi-

570 2699 701 2738 num
730 2683 823 2752 qui
861 2682 1190 2737 seditionem
1246 2681 1663 2737 concitaverunt
1698 2695 1825 2736 cum
1884 2691 2153 2752 synagoga

571 2772 712 2826 Core
745 2773 810 2825 "'.
851 2792 869 2824 ι
1901 2764 1905 2769 ’

645 2864 839 2919 PALL.
870 2863 1012 2930 Quid
1037 2863 1205 2934 igitur
1231 2863 1377 2919 istud
1402 2864 1523 2919 est?

642 2956 799 3012 CYR.
847 2956 1135 3010 Maximam
1184 2955 1240 3011 id
1285 2971 1417 3011 vero
1442 2954 1740 3010 utilitatem
1793 2955 2057 3022 continet,
2108 2954 2157 3011 si

570 3043 1144 3108 animadverterimus,
1205 3059 1391 3113 arcam
1418 3043 1665 3115 quidem,
1698 3059 1819 3115 quae
1855 3042 2061 3099 Christi
2086 3042 2152 3097 ﬁ-

571 3153 765 3210 guram
818 3142 1053 3208 gereret,
1101 3135 1208 3189 alia
1258 3144 1550 3206 praeterea,
1614 3134 2028 3199 candelabrum,
2069 3133 2154 3188 in-

2177 3178 2226 3244 Ο

2249 1952 2446 2023 ψυχαῖς
2475 1951 2677 2007 αὐτῶν.
2722 1952 2833 2005 Καὶ
2864 1952 3127 2024 ἐποίησαν
3166 1952 3307 2006 αὐτὰ
3342 1937 3563 2016 ῒεπίὸας
3588 1951 3786 2014 nam
3808 1989 3825 2015 ,

2251 2045 2523 2117 περίθεμα
2545 2044 2624 2115 τῷ
2652 2044 3043 2116 θυσιαστηρίῳ,
3068 2045 3150 2099 ὅτι
3180 2044 3626 2116 προσηνέχθησαν
3646 2044 3826 2099 ἔναντι

2250 2136 2480 2209 Κυρίου,
2513 2138 2605 2190 καὶ
2648 2136 3006 2207 ἡγιάσθησαν.
3052 2136 3160 2193 Καὶ
3207 2136 3454 2205 ἐγένοντο
3489 2138 3568 2199 είς
3603 2138 3828 2206 σημεῖον

2252 2230 2363 2291 τοῖς
2390 2229 2521 2291 υἱοῖς
2566 2226 2805 2299 Ἰσραήλ.
2845 2244 2863 2278 ι
2902 2224 3086 2295 Ταύτῃ
3118 2224 3217 2295 μὶν
3244 2220 3339 2279 οὖν
3357 2224 3462 2297 ἔφη
3484 2222 3545 2279 τὸ
3572 2223 3828 2296 τηνικάδε

2253 2320 2406 2384 Θεός.
2463 2320 2550 2374 Ἐν
2577 2322 2644 2391 τῇ
2700 2318 2894 2389 Ἐξόδῳ
2920 2319 2978 2371 δὲ
3004 2318 3316 2390 γέγραπται
3359 2319 3490 2389 περῖ⁸
3524 2318 3621 2371 τοῦ
3662 2319 3826 2371 Βεσε-

2252 2408 2400 2480 λεὴλ,
2448 2408 2506 2471 ὃς
2553 2403 2622 2479 ἦν
2669 2408 2734 2460 ὲκ
2770 2405 2979 2477 πατρὸς
3027 2405 3123 2475 μὲν
3166 2403 3401 2476 Οὐρίου,
3444 2404 3615 2475 φυλῆς
3640 2404 3698 2457 δὲ
3724 2404 3827 2473 τῆς

2251 2500 2360 2554 Δάν
2408 2500 2507 2570 (1),
2558 2498 2652 2551 καὶ
2701 2498 2881 2567 πάσης
2932 2495 3211 2566 εὐτεχνίας
3248 2494 3570 2566 ῆγούμενοςυ
3603 2513 3624 2547 ι
3660 2487 3829 2558 Οὗτος

2252 2590 2473 2660 εποίησε
2503 2589 2565 2641 τὸ
2593 2586 3065 2658 θυσιαστήριοντὺ
3094 2584 3324 2657 χαλκοῦν
3354 2588 3419 2639 ὲκ
3440 2587 3546 2640 τῶν
3592 2586 3829 2657 πυρείων

2250 2680 2359 2735 τῶν
2384 2679 2619 2751 χαλκῶν,
2656 2660 2692 2732 ἆ
2719 2674 2785 2749 ἦν
2811 2682 2922 2741 τοῖς
2955 2678 3181 2749 ἀνδράσι
3209 2679 3323 2742 τοῖς
3357 2679 3829 2735 καταστασιάσασι

2254 2769 2395 2843 μετὰ
2420 2769 2520 2839 τῆς
2546 2768 2689 2841 Κορὲ
2718 2767 3063 2839 συναγωγῆς.
3106 2786 3125 2821 ι

2326 2861 2538 2916 ΠΔΛΛ.
2578 2860 2644 2913 Τί
2672 2853 2765 2913 οὖν
2795 2857 2955 2912 τοῦτό
2980 2874 3067 2927 γε;

2323 2951 2487 3007 ΚΥΡ.
2534 2949 2743 3022 Πολλὴν
2778 2948 2845 3003 ἂν
2880 2948 2995 3019 ἔχοι
3037 2948 3134 3020 τὴν
3163 2949 3371 3021 ὄνησιν,
3397 2950 3447 3004 εί
3492 2951 3724 3006 ὲννοοῖτο
3746 2951 3833 3006 ὅτι

2254 3042 2547 3113 πεποίηται
2571 3041 2668 3112 μὲν
2697 3042 2732 3111 ἡ
2762 3039 2997 3104 κιῦωτὸς
3015 3042 3096 3105 είς
3120 3039 3292 3095 τύπον
3321 3041 3583 3111 Χριστοῦ,
3611 3042 3707 3095 καὶ
3729 3041 3832 3113 μέν

2253 3150 2335 3186 τοι
2369 3132 2558 3186 καὶτὰ
2583 3130 2766 3202 ἕτερα,
2797 3130 3010 3201 λυχνία,
3040 3132 3181 3202 φημὶ
3200 3169 3215 3195 ,
3250 3132 3347 3185 καὶ
3392 3131 3455 3185 τὸ
3498 3132 3831 3203 ίλαστήριον,

572 3238 760 3294 quam,
792 3230 847 3277 et
876 3221 1342 3292 propitiatorium,
1382 3230 1438 3278 et
1473 3239 1542 3278 ex
1564 3239 1700 3279 auro
1728 3238 1992 3289 mensam,
2034 3222 2151 3278 haec

2258 3225 2353 3277 καὶ
2386 3225 2450 3276 ὲκ
2482 3222 2705 3293 χρυσίου
2734 3221 2982 3293 τράπεζα
3005 3259 3021 3285 ,
3067 3222 3531 3293 προσκομίσαντος
3566 3222 3660 3276 τοῦ
3699 3222 3833 3278 λαοῦ

571 3314 715 3369 facta
735 3328 855 3369 esse
889 3314 1072 3367 omnia
1088 3314 1356 3369 offerente
1377 3316 1579 3385 populo
1601 3356 1615 3381 ,
1646 3314 1899 3385 singulis,
1922 3314 2070 3384 quod
2095 3315 2150 3368 in

573 3404 827 3460 manibus
851 3412 989 3468 erat,
1037 3405 1149 3459 Deo
1194 3404 1506 3460 dicantibus
1537 3423 1550 3458 :
1579 3404 1787 3476 accepti
1835 3405 1983 3459 enim
2022 3420 2151 3460 sane

575 3505 703 3553 sunt
736 3498 789 3551 in
820 3497 1047 3567 gloriam
1092 3496 1211 3561 Dei,
1238 3505 1295 3550 et
1318 3497 1517 3561 Patris,
1557 3498 1651 3567 qui
1685 3497 1963 3551 Christum
1995 3497 2155 3552 donis

574 3597 931 3649 venerantur,
953 3596 1008 3643 et
1032 3588 1345 3657 spirituales
1371 3589 1677 3645 oblationes
1715 3589 1973 3654 oﬂ‘erunt,
2013 3604 2153 3660 quo-

576 3692 699 3731 rum
729 3676 806 3729 illi
844 3677 1029 3745 ﬁgura:
1073 3676 1390 3745 umbraaque
1410 3686 1568 3732 erant
1594 3698 1607 3731 :
1648 3677 1743 3732 sed
1771 3677 1904 3731 illud
1927 3678 2156 3734 cultura:

576 3767 767 3837 legalis
827 3768 1000 3820 altare
1055 3765 1382 3821 irritationis
1446 3777 1611 3839 atque
1670 3769 2152 3834 eontradictionis,

578 3857 1004 3927 conspirationis
1036 3857 1156 3928 ejus
1194 3857 1453 3927 denique,
1491 3867 1551 3913 ut
1577 3860 1652 3913 ita
1691 3858 2037 3929 dicam,quae
2055 3861 2155 3914 ad-

578 3963 773 4002 versus
801 3946 1139 4001 sacerdotem
1158 3962 1433 4002 summum
1467 3949 1606 4004 facta
1638 3960 1741 4014 est,
1782 3950 1954 4005 veluti
1978 3951 2154 4005 moni-

580 4047 825 4093 mentum
858 4037 1130 4108 quoddam
1162 4053 1282 4093 esse
1307 4048 1467 4110 atque
1490 4040 1899 4111 prazdictionem
1954 4040 2011 4094 in
2038 4041 2155 4110 ipsa

580 4130 768 4185 altaris
793 4131 1202 4185 constructione
1239 4132 1495 4201 positam,
1524 4132 1753 4202 mystice
1800 4139 1856 4185 et
1878 4131 2159 4202 dispensa-

583 4216 694 4271 tive
733 4216 1094 4286 significatur.
1137 4216 1327 4272 Nonne
1374 4219 1473 4273 tibi
1523 4218 1693 4290 ﬁgura
1723 4221 2011 4290 perspicua
2038 4221 2159 4275 est?

581 4307 785 4363 Christi
806 4321 1043 4378 namque
1074 4307 1302 4379 ﬁguram
1343 4317 1493 4364 tenet
1528 4311 1730 4365 Aaron.
1762 4310 2035 4367 Adversus
2063 4327 2159 4365 au-

586 4406 694 4453 tem
723 4393 928 4452 Christi
957 4399 1186 4468 gloriam
1212 4402 1565 4456 contentione
1594 4417 1807 4456 summa
1829 4402 2157 4472 Judaciquo-

2256 3316 2353 3369 καὶ
2384 3314 2670 3377 ἀναθέντος
2699 3314 2927 3367 ἑκάστου
2971 3312 3035 3367 τδ
3076 3313 3134 3366 ὲν
3156 3314 3333 3384 χερσί.
3373 3316 3562 3369 Δεκτοὶ
3586 3316 3694 3385 γὰρ
3712 3313 3833 3368 λίαν

2258 3408 2335 3468 είς
2354 3405 2509 3469 δόξαν
2532 3404 2664 3458 Θεοῦ
2682 3405 2774 3458 καὶ
2797 3404 3029 3476 Πατρὸς,
3045 3408 3093 3459 οί
3104 3405 3575 3477 καρποφοροῦντες
3590 3404 3830 3477 Χριστῷ,

2259 3496 2356 3548 καὶ
2389 3496 2725 3569 δωροφορίας
2765 3498 3133 3569 προσάγοντες
3178 3499 3277 3560 τὰς
3318 3497 3722 3567 πνευματικὰς,
3757 3491 3834 3551 ὧν

2258 3583 2398 3660 ἦσαν
2430 3590 2624 3641 ἐκεῖνοι
2650 3586 2811 3641 τύποι
2844 3589 2938 3642 καὶ
2971 3589 3141 3642 σκιαί.
3173 3589 3285 3659 Τῆς
3311 3588 3369 3642 δὲ
3400 3590 3538 3642 κατὰ
3558 3590 3720 3659 νόμον
3743 3589 3836 3642 λασ

2259 3680 2446 3751 τρείας
2467 3680 2527 3732 τὸ
2550 3678 2954 3750 θυσιαστήριον,
2986 3679 3339 3751 παροξυσμοῦ
3382 3681 3478 3735 καὶ
3504 3681 3833 3751 ἀντιλογίας,

2263 3767 2357 3820 καὶ
2386 3768 2450 3821 ἶν’
2489 3766 2659 3829 οὕτως
2688 3767 2826 3820 είπω
2852 3767 3057 3830 λοιπὸν,
3093 3768 3404 3838 άντάρσεως
3447 3771 3544 3839 τῆς
3580 3769 3700 3822 καθ’
3756 3770 3834 3822 ιε-

2266 3858 2402 3927 ρέως
2430 3856 2523 3910 τοῦ
2543 3858 2776 3930 μεγάλου
2795 3875 2992 3928 γεγενη
3002 3859 3189 3938 μένης,
3214 3860 3374 3912 οἱονεί
3392 3876 3509 3924 πως
3537 3861 3835 3931 ὑπόμνημα

2262 3951 2358 4004 καὶ
2378 3950 2851 4022 προαναφώνησις,
2883 3952 2942 4003 ὲν
2979 3952 3115 4023 αὐτῇ
3146 3951 3376 4023 κειμένη
3404 3954 3469 4023 τῇ
3502 3956 3832 4023 κατασκευῇ,

2267 4041 2544 4113 μυστικῶς
2573 4059 2633 4095 τε
2664 4044 2758 4096 καί
2787 4041 3142 4114 οἰκονομικῶς
3185 4043 3530 4115 σημαίνεται.
3574 4041 3722 4115 *Αρά
3753 4062 3836 4099 σοι

2266 4133 2433 4201 σαφὲς
2456 4132 2517 4186 τὸ
2540 4133 2770 4204 αἴνιγμα
2793 4150 2808 4199 ;
2840 4132 3075 4205 Χριστοῦ
3107 4134 3216 4205 γάρ
3240 4136 3321 4197 εἰς
3348 4134 3515 4188 τύπον
3533 4136 3563 4187 ὁ
3604 4134 3833 4206 Ἀαρών·

2264 4224 2745 4295 πεφιλονεικήκασι
2783 4224 2839 4277 δὲ
2882 4227 2947 4296 τῇ
2978 4224 3071 4278 τοῦ
3115 4223 3352 4297 Χριστοῦ
3391 4224 3514 4296 δόξῃ
3554 4225 3647 4277 καὶ
3705 4226 3834 4277 ἰουο

2262 4316 2422 4381 δαῖοι,
2447 4315 2544 4370 καὶ
2563 4314 2900 4384 ἀντιλέγεται
2923 4315 3010 4370 διὰ
3035 4314 3194 4369 τοῦτο
3211 4317 3272 4368 τὸ
3301 4316 3441 4369 κατὰ
3466 4316 3630 4387 νόμον
3651 4316 3837 4369 θυσιαο

2267 4406 2506 4475 στήριον.
2560 4404 2845 4458 Πέπαυται
2894 4405 3000 4476 γὰρ
3052 4407 3086 4475 ή
3133 4404 3209 4467 ὡς
3258 4406 3315 4457 ὲν
3367 4407 3545 4468 σκιαῖς
3592 4405 3833 4475 λατρεία·

582 4505 691 4557 que
742 4497 1096 4543 certaverunt
1131 4508 1143 4542 :
1186 4506 1458 4560 causaque
1500 4492 1912 4545 contradicendi
1949 4500 2035 4547 est
2077 4492 2154 4547 eis

2266 4500 2363 4550 καὶ
2386 4499 2444 4549 ὲν
2479 4496 2701 4567 Χριστῷ
2725 4496 2789 4569 δὴ
2816 4496 3016 4567 μᾶλλον
3045 4496 3407 4568 εὐωδιάζομεν
3434 4495 3511 4566 τῷ
3536 4497 3711 4568 Πατρὶ
3738 4497 3839 4566 τὴν

584 4580 756 4649 legale
794 4580 897 4633 hoc
923 4582 1122 4646 altare;
1153 4582 1365 4636 ablatus
1401 4591 1485 4637 est
1518 4584 1665 4637 enim
1698 4583 1785 4637 ille
1821 4591 2077 4654 tanquam
2104 4583 2154 4638 in

2266 4591 2462 4660 νοητὴν
2490 4588 2749 4658 εὐοσμίαν
2770 4607 2782 4619 ο
2810 4589 3084 4644 καὶτοῦτο
3119 4591 3251 4660 ἡμῖν
3280 4589 3355 4652 ὼς
3384 4591 3441 4643 ὲν
3473 4591 3650 4653 σκιαῖς
3678 4588 3839 4642 πάλιν

586 4669 782 4724 umbra
815 4669 1014 4734 cultus,
1045 4671 1204 4740 305
1233 4678 1289 4723 et
1318 4671 1371 4724 in
1397 4671 1618 4727 Christo
1648 4673 1831 4742 potius
1862 4674 2016 4727 illum
2045 4675 2159 4744 spi—

587 4759 840 4813 ritualem
870 4759 1093 4813 odorem
1112 4761 1258 4814 Patri
1286 4761 1590 4816 adolemus.
1629 4763 1799 4834 quue
1837 4781 2032 4820 rursus
2051 4774 2169 4821 tan-

2268 4678 2567 4742 ὑπετύπου,
2593 4678 2788 4748 λέγων·
2814 4698 2830 4730 ι
2852 4678 2963 4733 Kal.
2983 4680 3228 4750 ποιήσεις
3248 4697 3338 4751 μοι
3359 4680 3738 4752 θυσιαστήριον
3755 4679 3840 4731 θυ-

2269 4767 2542 4839 μιάματος
2574 4769 2639 4820 ὲκ
2677 4767 2850 4832 ξύλων
2872 4769 3153 4840 άσήπτων,
3184 4773 3279 4825 καὶ
3309 4772 3557 4842 ποιήσεις
3580 4769 3715 4824 αὐτὸ
3743 4772 3841 4841 πή-

587 4865 753 4921 quam
800 4850 856 4903 in
919 4850 1149 4916 umbris,
1184 4850 1510 4922 designavit,
1559 4854 1791 4909 dicens:
1841 4874 1858 4906 ι
1894 4856 1963 4910 Et
2005 4856 2154 4911 facie:

2269 4876 2407 4929 χεως
2447 4859 2508 4911 τὸ
2556 4858 2759 4929 μῆκος,
2807 4860 2904 4911 καὶ
2931 4861 3150 4929 πήχεως
3179 4859 3239 4913 τὸ
3289 4855 3463 4931 εὖρος·
3504 4859 3838 4927 τετράγωνον

589 4942 724 4997 mihi
747 4940 919 4995 altare
944 4941 1314 5013 thymiamatis
1343 4959 1413 4998 ex
1434 4943 1594 5015 lignis
1621 4945 2088 5015 imputribilibus;
2114 4960 2154 5002 e1

2269 4949 2444 5013 ἔσται,
2473 4950 2567 5002 καὶ
2601 4947 2695 5002 δύο
2722 4951 2943 5021 πήχεων
2981 4951 3042 5006 τὸ
3071 4949 3225 5020 ὓψος.
3268 4950 3359 5016 Ἐξ
3384 4949 3548 5005 αὐτοῦ
3592 4948 3746 5003 ἔσται
3774 4952 3839 5003 τὰ

589 5032 757 5088 facies
790 5032 924 5086 illud
954 5032 1127 5086 cubiti
1156 5032 1519 5104 longitudine,
1557 5043 1614 5090 et
1641 5035 1812 5090 cubiti
1838 5035 2163 5103 latitudine;

590 5122 915 5191 quadratum
941 5124 1067 5189 erit,
1108 5130 1165 5178 et
1198 5123 1432 5179 duorum
1488 5125 1801 5181 cubitorum
1852 5126 2164 5182 altitudine.

2272 5041 2478 5113 κέρατα
2512 5041 2701 5104 αὑτοῦ,
2732 5043 2826 5095 καὶ
2853 5042 3297 5114 καταχρυσώσας
3333 5041 3465 5095 αὐτὸ
3504 5042 3710 5112 χρυσίῳ
3746 5058 3842 5093 κα-

2274 5130 2445 5204 θαρῷ,
2477 5131 2575 5202 τὴν
2622 5132 2862 5204 ἐσχάραν
2891 5131 3057 5186 αὑτοῦ
3077 5172 3093 5196 ,
3137 5132 3233 5186 καὶ
3266 5134 3393 5196 τοὺς
3427 5132 3640 5201 τοίχους
3678 5126 3839 5183 αυτοῦ

586 5212 672 5271 Ἐκ
706 5214 823 5282 ipso
852 5224 1015 5270 erunt
1038 5230 1245 5271 cornua
1274 5217 1395 5288 ejus
1427 5235 1439 5271 :
1473 5226 1529 5272 et
1556 5219 1839 5275 inaurabis
1875 5219 2011 5274 illud
2033 5236 2154 5276 aurc

2276 5222 2481 5294 κύκλῳ.
2501 5221 2682 5277 καὶτὰ
2704 5223 2911 5295 κέρατα
2939 5222 3127 5278 αὑτοῦ.
3152 5242 3171 5276 ι
3204 5221 3483 5286 Σκυτάλας
3500 5222 3557 5277 δὲ
3577 5220 3725 5291 αὐτῷ
3749 5219 3841 5275 καὶ

594 5319 757 5374 puro,
790 5307 1108 5362 craticulam
1151 5309 1290 5379 ejus,
1321 5317 1377 5364 et
1408 5311 1649 5380 parietes
1672 5312 1793 5382 ejus
1821 5311 2170 5383 circumqua-

595 5404 724 5461 que,
745 5398 804 5448 et
832 5407 1040 5449 cornua
1062 5398 1180 5467 ejus
1201 5397 1270 5452 ⁸⁸.
1300 5416 1319 5451 ι
1366 5397 1612 5469 Cumque
1647 5400 1725 5455 illi
1746 5400 1960 5466 amites,
1992 5402 2175 5457 etcir—

2276 5313 2537 5386 κρίκους,
2578 5318 2672 5371 καὶ
2697 5315 3026 5389 ἀναφορέας.
3064 5316 3229 5387 ἕτερά
3264 5333 3325 5370 τε
3361 5315 3585 5371 τοιαῦτα
3616 5328 3843 5384 προσ-τεο

2280 5402 2497 5472 θεικὼς,
2516 5407 2608 5460 καὶ
2630 5407 2817 5479 θήσεις
2831 5405 2986 5472 αὐτὸ,
3005 5406 3192 5477 φησιν,
3211 5429 3230 5462 ι
3251 5409 3471 5464 Ἐναντι
3490 5404 3587 5460 τοῦ
3608 5419 3844 5458 καταπε-

663 5547 706 5579 ³⁷
727 5545 891 5601 Num.
923 5561 1031 5614 xvr,
1084 5548 1109 5602 ι
1140 5563 1292 5619 seqq.
1369 5548 1415 5581 ⁸⁸
1438 5549 1599 5616 Ibid.,
1627 5550 1718 5617 37,
1739 5550 1829 5605 38.
1905 5549 1952 5584 "
1979 5549 2151 5607 Exod.

2256 5570 2375 5622 xvn,
2407 5555 2495 5612 25.
2572 5556 2620 5591 ⁸⁸
2642 5558 2814 5616 Exod.
2848 5576 2974 5629 xxx,
3002 5563 3120 5618 1-5.

654 5720 744 5846 ig)
784 5723 980 5779 Mirum
1032 5726 1307 5797 quomodo
1351 5729 1421 5784 de
1475 5730 1623 5785 tribu
1662 5731 1775 5786 Dan
1806 5731 1975 5789 fuisse
2014 5733 2163 5790 dicat

600 5793 651 5843 ῑΐ
716 5806 748 5846 υ
781 5792 949 5846 Iuda:
982 5797 1192 5846 socium
1226 5813 1358 5846 vero
1388 5801 1507 5846 eius
1535 5801 1710 5846 Elinh-
1744 5801 1811 5846 (in
1840 5803 1987 5846 trihn
2016 5804 2149 5846 Dan,

716 5792 748 5846 u
781 5792 949 5861 Iuda;
982 5792 1193 5852 socium
1226 5813 1358 5856 vero
1388 5801 1507 5871 ejus
1535 5801 1711 5866 Eliab,
1744 5801 1811 5858 de
1840 5803 1990 5861 tribu
2015 5804 2152 5861 Dan.

2199 5734 2466 5808 Beseleel,
2501 5758 2667 5813 quem
2711 5742 2993 5815 Scriptura
3027 5743 3313 5803 manifeste
3373 5743 3510 5802 dicit
3553 5742 3722 5802 fuisse
3782 5737 3846 5799 de
