3982 6502
125 356 221 413 οη

807 346 896 399 DE
934 342 1374 401 ADORATIONE
1408 340 1475 395 IN
1516 338 1784 396 SPIRITU
1825 338 1914 403 ET
1954 337 2324 395 V'ERITATE.
2366 339 2493 393 LIB.
2534 341 2622 401 α.

3256 343 3361 400 618

124 467 391 535 τάσματος
411 460 506 515 τοῦ
532 460 682 523 ὄντος
710 460 801 512 ἐπὶ
828 462 930 529 τῆς
956 457 1188 512 κιϐωτοῦ
1221 457 1318 512 τοῦ
1356 456 1679 529 μαρτυρίου,

1797 457 1957 523 :ulos,
1986 466 2044 515 et
2070 468 2275 523 vectes,
2309 466 2365 514 et
2389 468 2584 515 caetera
2608 457 2878 528 ejusmodi
2905 458 3218 528 adjeeisset,
3247 462 3357 515 ait:

127 562 181 612 ὲν
226 551 309 617 οἷς
360 548 744 623 γνωσθήσομαί
790 566 873 602 σοι
912 551 1031 603 ἐκεῖ
1089 549 1240 611 Θεός·
1294 550 1388 602 καὶ
1429 547 1685 617 θυμιάσει

126 649 207 703 ἐπ’
232 644 394 698 αὐτοῦ
430 640 639 712 Ἀαρὼν
667 640 918 710 θυμίαμα
947 638 1199 693 σύνθετον
1220 638 1413 692 λεπτὸν
1433 637 1495 691 τὸ
1517 636 1684 707 πρωϊ,

129 735 265 805 πρωΐ
286 749 303 765 ο
336 734 462 785 ὃταν
508 728 801 799 ἐπισκιάζῃ
841 730 970 791 τοὺς
1005 728 1265 798 λύχνους,
1306 726 1558 798 θυμιάσει
1600 728 1686 779 ἐπ’

129 823 305 879 αὑτοῦ.
332 821 442 875 Καὶ
459 822 589 873 ὅταν
613 819 824 891 ἐξάπτῃ
860 816 1067 889 Ἀαρὼν
1083 818 1208 881 τοὺς
1235 816 1459 887 λύχνους
1488 816 1550 870 τὸ
1569 815 1685 884 ὀψὲ,

130 913 373 983 θυμιάσει
400 912 485 965 ἐπ’
524 909 690 964 αὑτοῦ
726 909 978 981 θυμίαμα
1015 907 1395 979 ἐνδελεχισμοῦ
1428 906 1517 960 διὰ
1555 923 1689 959 παν-

128 1003 215 1065 τὸς
240 1000 418 1054 ἔναντι
465 999 674 1070 Κυρίου
706 1000 786 1062 είς
820 997 921 1061 τὰς
956 997 1150 1066 γενεὰς
1198 995 1398 1052 αὐτῶν.
1438 995 1549 1049 Καὶ
1591 994 1691 1048 οὐκ

130 1093 356 1155 ἀνοίσεις
382 1093 467 1145 ἐπ’
500 1090 649 1163 αὐτῷ
670 1089 917 1161 θυμίαμα
936 1089 1144 1160 ἕτερον’
1168 1088 1449 1160 κάρπωμα
1479 1086 1688 1153 θυσίας,

130 1185 219 1239 καὶ
248 1182 476 1253 στωνδὴν
506 1182 569 1235 οὐ
602 1180 843 1245 σπείσεις
887 1181 976 1235 ἐπ’
1017 1179 1206 1237 αὑτοῦ.
1248 1180 1360 1235 Καὶ
1386 1178 1689 1245 ἐξιλάσεται

130 1276 213 1329 ἐπ’
238 1272 402 1327 αὐτοῦ
454 1272 662 1342 ’Δαρὼν
689 1273 781 1327 ἐπὶ
804 1272 912 1327 τῶν
936 1271 1185 1345 κεράτων
1207 1269 1395 1337 αὐτοῦ,
1426 1268 1574 1333 ἅπαξ
1596 1268 1689 1322 τοῦ

132 1364 369 1421 ἐνιαυτοῦ
397 1365 506 1418 ἀπὸ
529 1364 623 1417 τοῦ
651 1365 883 1435 αἵματος
908 1364 1003 1419 τοῦ
1022 1362 1364 1434 καθαρισμοῦ
1380 1361 1490 1416 τῶν
1517 1363 1693 1433 άμαρο

131 1456 253 1509 τιῶν
270 1454 365 1509 τοῦ
383 1455 699 1525 ἐξιλασμοῦ.
713 1454 897 1520 "Acrae
918 1455 1011 1509 τοῦ
1031 1454 1280 1509 ἐνιαυτοῦ
1298 1454 1550 1526 καθαριεῖ
1562 1451 1693 1505 αὐτὸ

130 1549 206 1611 εις
242 1547 341 1610 τὰς
382 1546 577 1615 γενεὰς
608 1545 808 1600 αὐτῶνθ
839 1546 1029 1615 ’Δγιον
1068 1547 1179 1601 τῶν
1227 1545 1399 1616 ἁγίων
1450 1546 1567 1599 ἐστὶ
1614 1543 1693 1615 τῷ

131 1635 333 1706 Κυρίῳ.
374 1654 398 1687 ο

194 1728 400 1781 ΠΔΛΛ.
428 1727 525 1791 Εἰς
558 1727 728 1780 τύπον
754 1726 866 1796 ἄρα
898 1724 1133 1797 Χριστοῦ
1167 1726 1260 1778 καὶ
1313 1723 1471 1778 τοῦτο
1519 1741 1693 1795 παρα-

130 1818 381 1889 δεξόμεθα
402 1835 419 1884 ;

131 1996 207 2049 ὅτι
235 1995 293 2049 τὸ
318 1996 509 2065 χρῆμά
536 1996 674 2060 ἐστι,
700 1995 762 2049 τὸ
788 1995 964 2065 τίμιον
992 1994 1154 2048 αὐτοῦ
1182 1996 1275 2048 καὶ
1317 1993 1448 2064 βαθὺ
1489 1999 1693 2067 μυστή-

134 2102 239 2155 ριον
257 2084 594 2157 ἐνδείξίει]εν
620 2085 687 2139 ἂν
704 2087 795 2140 καὶ
810 2084 955 2155 μάλα
978 2085 1173 2155 5346’»;
1189 2088 1299 2148 τοῖς
1315 2102 1378 2154 γε
1399 2087 1692 2157 ᾑρημένοις

134 2176 196 2230 τὰ
218 2176 410 2229 ,τοιάδε
443 2176 920 2248 πολυπραγμονεῖν
970 2178 1165 2247 ίσχνως
1205 2194 1266 2230 τε
1309 2177 1403 2232 καὶ
1443 2181 1695 2251 κατερρι-

134 2266 388 2337 νημένως.
425 2267 701 2337 Πεποίητο
741 2267 840 2338 μὲν
896 2267 1003 2338 γὰρ
1061 2268 1127 2320 ἐκ
1179 2267 1353 2334 ξύλων
1404 2270 1683 2338 ἀσήπτων,

135 2356 307 2427 χρυσῷ
327 2356 385 2409 δὲ
414 2356 538 2411 ὅλον
565 2356 926 2429 άλή)Ιε]ιπτο.
943 2357 1290 2429 Ἀδιάφθορον
1321 2358 1428 2430 γάρ
1450 2360 1511 2412 τὸ
1537 2358 1694 2430 σῶμα

137 2448 379 2520 Χριστοῦ,
421 2450 520 2503 καὶ
549 2449 709 2518 φύσιν
762 2450 821 2503 ἐν
847 2448 1025 2520 ἐαυτῷ
1056 2449 1155 2518 τὴν
1192 2449 1344 2502 θείαν
1387 2451 1693 2515 καταπλου-

144 2537 282 2592 τοῦν·
318 2559 337 2593 ι
377 2540 578 2607 Γέγονε
605 2539 713 2608 γὰρ
746 2538 883 2608 σὰρξ
909 2541 938 2593 ὁ
960 2538 1153 2607 Λόγος,
1184 2540 1280 2593 καὶ
1304 2540 1611 2610 ἐσκήνωσεν
1637 2543 1695 2594 ἐν

138 2630 277 2700 ἡμῖν.
320 2647 340 2681 ›
392 2628 647 2699 Ἀπαρχὴ
692 2627 750 2681 δὲ
774 2627 932 2699 ἡμῶν
958 2628 987 2680 ὁ
1022 2626 1277 2698 Χριστὸς,
1305 2627 1399 2681 καὶ
1429 2626 1552 2698 ῥίζα
1599 2626 1694 2682 τοῦ

1791 566 1813 605 ι
1843 547 1913 603 Ει
1939 563 2109 616 pones
2135 549 2269 603 illud
2289 558 2479 604 contra
2514 548 2695 604 velum
2722 547 2868 617 quod
2891 557 2977 603 est
2998 564 3164 625 super
3178 565 3361 604 arcam

1790 637 2251 702 testimoniorum.
2278 639 2334 692 in
2358 639 2559 708 quibus
2576 652 2874 709 cognoscar
2891 654 2923 693 a
2950 647 3003 693 te
3024 638 3152 695 inde
3175 640 3321 695 Deus
3344 657 3358 695 :

1786 737 1847 783 et
1898 729 2157 785 incendet
2194 746 2361 799 super
2389 730 2509 799 ipso
2545 730 2727 787 Aaron
2754 729 3043 785 incensum
3085 729 3359 799 composi-

1789 827 1907 873 tum
1932 830 2096 874 tenue
2122 834 2304 883 mane,
2348 834 2545 883 mane;
2591 833 2715 872 cum
2761 826 3055 887 componet
3086 818 3359 882 lucernas,

1789 910 2032 972 adolebit
2058 925 2223 980 super
2245 909 2384 979 ipso.
2414 910 2483 964 Et
2512 924 2636 963 cum
2669 908 2930 963 accendet
2965 907 3148 963 Aaron
3178 907 3361 962 lucer-

1790 1016 1891 1057 nas
1902 1002 2137 1073 vesperi,
2161 1000 2418 1071 incendet
2430 1016 2594 1071 super
2615 1000 2751 1055 illud
2775 1000 3059 1055 incensum
3079 1002 3365 1057 continua-

1791 1092 1957 1148 tionis
1984 1093 2040 1147 in
2072 1101 2402 1164 perpetuum
2422 1107 2609 1149 coram
2636 1093 2871 1150 Domino
2897 1094 2953 1147 in
2984 1095 3365 1163 generationes

1787 1200 2020 1250 eorum;
2050 1193 2107 1240 et
2133 1200 2244 1241 non
2276 1185 2525 1255 impones
2556 1199 2723 1253 super
2754 1198 2823 1239 eo
2859 1184 3143 1240 incensum
3167 1185 3316 1241 aliud
3343 1203 3359 1239 :

1792 1274 2125 1330 oblationem
2160 1275 2373 1339 hostiae,
2402 1283 2460 1329 et
2494 1274 2813 1330 libationem
2841 1289 2952 1329 non
2978 1274 3177 1329 libabis
3200 1291 3365 1345 super

1793 1365 1935 1434 ipso.
1964 1366 2035 1421 Et
2061 1365 2453 1435 propitiabitur
2480 1380 2643 1435 super
2666 1365 2783 1434 ipso
2810 1367 2989 1420 Aaron
3021 1365 3076 1419 in
3104 1367 3366 1422 cornibus

1792 1456 1930 1525 ejus,
1953 1456 2121 1509 semel
2152 1470 2251 1524 per
2276 1469 2479 1513 annum
2512 1454 2581 1508 de
2603 1452 2865 1525 sanguine
2882 1453 3216 1525 purgationis
3239 1470 3366 1525 pec-

1790 1553 2041 1602 catorum
2062 1544 2487 1616 propitiationis.
2503 1544 2689 1600 Semel
2713 1544 2769 1599 in
2785 1557 2930 1599 anno
2958 1545 3213 1616 purgabit
3228 1545 3365 1601 illud

1792 1638 1850 1692 in
1883 1638 2261 1708 generationes
2288 1653 2481 1692 eorum
2511 1637 2803 1693 :Sanctum
2832 1643 3141 1691 sanctorum
3159 1650 3244 1691 est
3262 1638 3367 1693 Do-

1794 1727 1948 1782 mino
1964 1728 2027 1780 ’⁵¹.
2062 1746 2083 1779 ι

1724 1790 1765 1845 Β
1859 1814 2055 1870 PALL.
2086 1815 2145 1870 In
2174 1815 2402 1886 ﬁguram
2440 1831 2573 1886 ergo
2621 1816 2826 1873 Christi
2856 1819 2961 1874 hoc
2992 1819 3366 1889 accipiemus?

191 1907 351 1961 ΚΥΡ.
407 1906 553 1960 Πάνυ
600 1907 699 1977 μὲν
742 1901 856 1972 οὖν,
900 1899 947 1959 ὦ
985 1905 1268 1959 Παλλάδιε.
1330 1904 1551 1975 Ἀληθές
1583 1904 1691 1977 γὰρ
1789 1905 1802 1919 ⁹

1860 1902 2018 1960 CYR.
2060 1906 2291 1962 Maxime
2318 1922 2472 1970 vero,
2498 1907 2721 1962 Palladi.
2746 1909 2882 1963 Nam
2914 1909 2970 1963 id
2995 1925 3185 1964 verum
3222 1925 3364 1974 esse,

1790 2014 1856 2053 ex
1882 2000 2142 2069 pmchro
2163 2009 2219 2056 et
2248 2000 2469 2057 sublimi
2490 2002 2608 2071 ejus
2632 2003 2891 2072 mysterio
2920 2011 3131 2072 patere,
3161 2012 3217 2057 et
3241 2003 3367 2072 qui-

1793 2088 1918 2145 dem
1954 2089 2210 2147 facillime
2241 2093 2464 2162 poterit,
2508 2093 2556 2147 si
2594 2093 2687 2162 qui
2720 2092 2998 2147 subtiliter
3047 2102 3104 2147 et
3139 2094 3371 2149 solerter

1792 2180 2103 2252 hujusmodi
2187 2198 2275 2238 res
2345 2183 2712 2254 pervestigare
2777 2184 3067 2238 voluerint.
3145 2183 3371 2238 Factum

1792 2262 1940 2327 enim
1968 2280 2088 2326 erat
2123 2288 2192 2328 ex
2220 2272 2385 2343 lignis
2413 2273 2873 2342 imputribilibus,
2906 2282 3193 2342 totumque
3230 2288 3368 2327 auro

1793 2369 2029 2427 tectum;
2068 2362 2493 2432 incorruptibile
2527 2377 2763 2431 namque
2803 2372 2887 2417 est
2908 2362 3115 2417 Christi
3146 2377 3367 2431 corpus,

1795 2460 1853 2505 et
1897 2452 2138 2507 divinam
2188 2453 2245 2507 in
2285 2468 2347 2508 se
2384 2453 2503 2522 ipso
2534 2462 2787 2507 naturam
2830 2453 3035 2507 habet:
3075 2471 3096 2504 ι
3129 2453 3370 2507 Verbum

1792 2561 1924 2601 caro
1946 2546 2151 2601 factum
2174 2557 2279 2611 est,
2314 2556 2369 2602 et
2398 2548 2665 2602 habitavit
2695 2548 2752 2602 in
2791 2547 3027 2602 nobis“.
3065 2567 3083 2599 ι
3110 2548 3371 2603 Primitiae.

1795 2651 1961 2707 porro
1982 2645 2202 2701 nostrae,
2216 2645 2379 2707 atque
2396 2637 2549 2691 radix
2565 2638 2735 2692 nostri
2754 2638 2971 2708 generis
2989 2636 3241 2693 Christus
3258 2647 3366 2694 est:

139 2719 316 2789 γένους
376 2718 811 2789 άνακτιζομένου
880 2717 1018 2789 πρὸς
1081 2717 1388 2788 ἀφθαρσίαν
1444 2717 1531 2772 διὰ
1598 2718 1695 2789 τῆς

1797 2728 1943 2799 quod
1972 2744 2168 2799 genus.
2207 2729 2313 2784 hoc
2338 2728 2458 2800 ipso
2494 2729 2640 2799 quod
2674 2744 2800 2783 cum
2830 2730 2943 2784 Deo
2977 2730 3230 2800 junctum
3264 2738 3371 2794 est,

140 2813 265 2882 πρὸς
285 2811 417 2865 Θεὸν
451 2810 720 2876 ἐνώσεως,
748 2811 801 2863 εί
850 2811 943 2864 καὶ
989 2809 1278 2879 ἐξαιρέτως
1312 2810 1400 2863 ἐπ’
1432 2809 1594 2864 αὑτοῦ
1636 2809 1697 2862 τὸ

1797 2822 1865 2876 ad
1887 2823 2349 2892 incorruptionem
2382 2828 2703 2887 recreatur;
2732 2820 2981 2890 quamvis
3020 2821 3076 2875 in
3106 2822 3201 2876 illo
3230 2837 3372 2892 prat-

140 2904 315 2974 χρῆμα
339 2904 538 2955 νοοῖτο.
570 2902 794 2973 Κέρατα
816 2902 872 2954 δὲ
903 2900 983 2971 τῷ
1010 2900 1399 2972 θυσιαστηρίῳ,
1427 2902 1519 2954 καὶ
1537 2900 1697 2954 οἱονεὶ¹

1798 2914 1961 2984 cipue
1991 2929 2161 2967 cares
2192 2913 2547 2983 intelligatur.
2585 2913 2724 2967 Sunt
2752 2914 2917 2967 etiam
2951 2914 3110 2968 altari
3144 2930 3370 2980 cornua,

142 2994 308 3062 χεῖρες
344 2990 847 3061 ἐκπεπετασμέναι,
884 2989 1096 3044 καὶτοῦ
1132 2990 1312 3060 τιμίου
1356 2990 1589 3062 σταυροῦ
1638 2991 1697 3044 τὸ

1798 3006 2049 3061 acveluti
2087 3022 2284 3060 manus
2333 3012 2587 3068 extenta,
2624 3004 2872 3074 gloriosae
2908 3004 3089 3059 crucis
3126 3005 3373 3059 habiturn

144 3083 318 3155 σχῆμα
357 3082 900 3155 προαναπλάττοντα.
944 3082 1008 3134 Ei
1033 3081 1089 3135 δὲ
1119 3082 1183 3152 δὴ
1236 3082 1473 3155 τέτταρά
1496 3100 1581 3147 τις
1626 3078 1697 3136 εἷ-

1803 3097 2231 3168 praaﬁgurantes.
2268 3094 2423 3161 Quod
2452 3095 2497 3148 si
2551 3093 2675 3163 quis
2722 3103 2959 3162 quatuor
3002 3109 3125 3148 esse
3167 3110 3375 3151 cornua

145 3191 224 3228 ναι
245 3174 386 3243 λέγοι
423 3173 500 3229 τά
541 3173 771 3247 κέρατα,
818 3171 1039 3226 ἀδικοῦν
1072 3173 1245 3237 οὐδὲν,
1276 3174 1356 3237 εἷς
1384 3190 1448 3240 γε
1478 3173 1538 3227 τὸ
1565 3177 1697 3228 νοεῖν

1805 3187 2025 3251 dixerit,
2077 3186 2213 3240 nihil
2242 3184 2619 3254 impedimenti
2659 3182 2907 3237 studioso
2945 3198 3009 3237 ea
3059 3198 3147 3238 res
3182 3184 3373 3250 affert,

142 3264 303 3337 ὀρθῶς
319 3265 408 3319 τὸν
423 3265 721 3335 φιλομαθῆ.
740 3264 1176 3336 Τετραγώνουςτε
1198 3264 1306 3334 γὰρ
1333 3265 1427 3317 καὶ
1456 3264 1697 3319 ἰσοπλεύ-

1804 3278 2098 3349 quominus
2116 3285 2263 3331 recte
2300 3275 2654 3345 intelligatur.
2686 3273 2842 3338 Nam,
2865 3288 2988 3327 cum
3028 3274 3199 3329 altare
3238 3290 3373 3343 qua-

147 3370 231 3423 ρου
288 3354 538 3424 πανταχῆ
583 3352 678 3407 τοῦ
730 3352 1112 3423 θυσιαστηρίου
1158 3353 1560 3422 τυγχάνοντος,
1617 3354 1697 3424 ἴση

1807 3370 2024 3424 dratum
2056 3368 2147 3431 sit,
2182 3376 2238 3421 et
2270 3366 2573 3435 aequalibus
2616 3365 2859 3433 undique
2895 3365 3180 3430 lateribus,
3213 3376 3376 3435 atque

149 3444 475 3516 πανταχόθεν
530 3444 639 3497 τῶν
700 3444 946 3515 κεράτων
974 3445 1007 3513 ἠ
1046 3442 1183 3497 θέαο
1215 3443 1309 3496 καὶ
1354 3442 1437 3506 τίς
1494 3446 1524 3497 ὁ
1557 3443 1697 3509 τοῦδε

1805 3474 1875 3514 ex
1910 3457 2059 3513 omni
2092 3467 2246 3528 parte
2265 3472 2471 3511 cornua
2496 3457 2942 3526 conspiciantur;
2964 3456 3067 3511 hoc
3090 3472 3221 3511 vero
3244 3458 3377 3525 quid

148 3533 317 3601 λόγοςς
345 3536 404 3589 ἐν
433 3535 601 3595 παντὶ
625 3533 733 3605 γὰρ
759 3533 910 3605 τόπῳ
940 3534 1174 3605 Χριστὸς
1217 3532 1562 3604 γινώσκεται,
1616 3535 1697 3589 καί

1810 3549 2112 3621 signiﬁcat?
2161 3549 2324 3619 306
2352 3564 2549 3617 nempe
2612 3548 2668 3600 in
2727 3548 2876 3600 omni
2935 3547 3054 3601 loco
3098 3547 3379 3602 Christum

150 3622 291 3688 οὗτος
329 3625 775 3697 ἐσταυρωμένοςο
831 3624 1058 3696 αύχημα
1132 3625 1192 3679 δὲ
1258 3625 1417 3679 τοῦτο
1460 3625 1697 3696 λαμπρὺι

1811 3641 2053 3710 agnosci,
2086 3655 2321 3709 eumque
2345 3639 2665 3693 cruciﬁxum
2692 3656 2703 3691 :
2731 3638 2784 3692 id
2812 3645 2995 3691 autem
3023 3638 3079 3692 in
3102 3654 3227 3692 eum
3260 3654 3379 3693 cre-

150 3720 251 3779 τοῖς
275 3715 625 3769 πιστεύουσιν
669 3715 747 3778 εἰς
779 3714 967 3773 αὐτόν.
1023 3714 1134 3768 Καὶ
1178 3714 1309 3782 γοῦν
1349 3717 1379 3768 ό
1429 3714 1697 3778 θεσπέσιος

1811 3729 2071 3784 dentibus
2104 3729 2332 3784 illustris
2362 3737 2447 3783 est
2470 3729 2744 3799 gloriatio.
2778 3729 2965 3798 Itaque
3003 3728 3198 3784 beatus
3238 3730 3380 3784 Pau-

153 3803 372 3869 Παῦλος,
407 3822 426 3854 r
472 3801 705 3873 Ἐμοὶδὲ
734 3802 809 3871 μὴ
833 3802 1041 3870 γένοιτο
1072 3801 1397 3872 καυχᾶσθαι,
1442 3803 1490 3854 εί
1527 3801 1602 3873 μὴ
1654 3803 1697 3855 ἐκ

1811 3820 1941 3873 lus:
1983 3838 2001 3869 ι
2047 3818 2176 3872 Mihi
2226 3828 2430 3883 autem,
2464 3819 2703 3888 iinquit,
2763 3838 2781 3869 ι
2814 3818 2955 3875 absit
2991 3819 3235 3889 gloriari,
3275 3820 3381 3875 nisi

153 3892 223 3964 τῷ
258 3893 476 3966 σταυρῴ
498 3892 593 3946 τοῦ
619 3892 878 3963 Χριστοῦ,
911 3892 978 3945 δι’
1035 3886 1095 3946 οὗ
1125 3892 1249 3962 ἐμοὶ
1276 3892 1478 3963 κόσμος
1518 3892 1697 3947 ἐσταύ·

1814 3908 1873 3962 in
1903 3924 2067 3963 cruce
2096 3908 2321 3971 Christi,
2366 3924 2464 3978 per
2486 3924 2647 3978 quem
2670 3908 2804 3962 mihi
2833 3909 3070 3964 mundus
3093 3909 3386 3963 cruciﬁxus

160 4000 335 4053 ρωται,
364 3982 531 4052 κάγὼ
563 3982 640 4053 τῷ
665 3983 874 4054 κόσμῳ.
904 4003 923 4035 ι
965 3983 1291 4053 Πρόσκειται
1317 3984 1375 4038 δὲ
1404 3984 1485 4054 τῷ
1522 3984 1697 4054 τεχνή·

1812 4006 1919 4062 est,
1977 4008 2035 4052 et
2086 4014 2187 4069 ego
2210 4000 2416 4053 mundo
2450 3999 2515 4051 ⁸³.
2559 4018 2576 4049 ι
2611 3999 2877 4070 Adjuncta
2927 4011 3053 4055 sunt
3120 4010 3386 4070 praterea

158 4092 295 4145 ματι,
325 4077 395 4129 τὰ
429 4075 691 4129 τελοῦντα
722 4075 858 4147 πρὸς
895 4075 1119 4145 κόσμον,
1165 4075 1404 4147 στεφάνη
1449 4076 1689 4146 στροπτή

1818 4089 1949 4143 huic
1969 4090 2122 4159 operi
2173 4105 2294 4159 qua:
2338 4089 2405 4143 ad
2454 4098 2706 4143 ornatum
2736 4090 3033 4158 pertinent,
3056 4106 3252 4159 nempe
3290 4105 3385 4143 co-

160 4166 244 4217 καὶ
283 4166 387 4236 γάρ
420 4167 572 4219 ἐστιν
596 4164 811 4236 άληθῶς
849 4184 868 4215 ι
906 4166 1117 4236 Ὠραίος
1152 4166 1337 4221 κάλλει
1380 4167 1534 4236 παρὰ
1588 4168 1697 4227 τοὺς

1819 4196 1951 4233 rona
1979 4180 2199 4245 tortilis;
2234 4188 2319 4234 est
2340 4180 2485 4234 enim
2511 4195 2641 4234 sane
2684 4180 2999 4234 Emmanuel
3048 4201 3066 4231 ι
3097 4180 3389 4249 Speciosus

162 4251 296 4315 υἱοὺς
321 4251 428 4304 τῶν
464 4250 768 4322 ἀνθρώπων
796 4272 816 4304 ι
851 4255 880 4306 ὁ
917 4254 1287 4326 Ἐμμανουήλ.
1329 4255 1694 4326 Ἐπενήνεκτα

1820 4271 1994 4325 forma
2041 4286 2152 4340 pra;
2183 4269 2307 4324 ﬁliis
2330 4270 2615 4323 hominum
2640 4269 2705 4322 ⁸⁸.
2750 4289 2767 4319 ι
2801 4270 2997 4324 Addita
3046 4282 3174 4325 sunt
3201 4272 3387 4337 etiam,

161 4342 212 4394 δέ
261 4343 355 4396 καὶ
389 4344 465 4397 τὰ
508 4344 591 4407 είς
626 4344 816 4415 χρείαν
863 4345 1033 4413 αὐτῷ,
1081 4347 1131 4399 οί
1182 4347 1472 4417 άναφορεῖς
1522 4364 1583 4400 τε
1626 4365 1697 4401 κα

1819 4375 1941 4430 quae
1968 4360 2036 4414 ad
2063 4361 2182 4429 ejus
2210 4375 2367 4414 usum
2414 4361 2774 4428 pertinerent,
2818 4368 3020 4423 vectes,
3065 4361 3307 4430 inquam,
3335 4373 3393 4419 et

162 4432 225 4485 τὰ
260 4431 437 4487 λοιπά.
480 4433 745 4505 Φέρεσθαι
778 4434 888 4505 γὰρ
917 4438 977 4489 ἐν
1026 4436 1214 4507 κόσμῳ
1262 4435 1406 4490 κατὰ
1439 4438 1565 4500 τοὺς
1613 4438 1697 4491 τῶι

1797 4462 1798 4472 ‘
1824 4453 2031 4521 reliqua
2061 4454 2445 4505 instrumenta.
2475 4452 2608 4505 Nam
2630 4451 2874 4505 divinum
2908 4453 3039 4506 illud
3074 4456 3260 4517 altare,
3284 4471 3393 4524 quo

164 4520 493 4588 ἁναζεύξεων
539 4522 765 4593 καιροὺς
830 4522 893 4576 τὸ
963 4522 1104 4576 θεῖον
1165 4523 1273 4576 ἔδει
1320 4523 1697 4594 θυσιαστήριον

1823 4520 2066 4609 tempore
2090 4538 2544 4609 proﬁciscendum
2574 4546 2713 4599 erat,
2744 4539 3001 4593 decenter
3026 4539 3157 4593 ferri
3179 4520 3396 4608 Oporte-

169 4611 365 4682 Ἐδρων
395 4612 455 4664 δὲ
486 4612 645 4665 τοῦτο
671 4613 764 4665 καὶ
792 4614 841 4666 οἱ
891 4613 1165 4667 θεσπέσιοι
1196 4613 1459 4684 μαθηταὶ,
1492 4615 1696 4685 Χριστὸ

1824 4633 1933 4686 bat.
1970 4632 2029 4686 Id
2059 4647 2190 4686 vero
2222 4630 2496 4686 faciebant
2522 4631 2667 4685 beati
2701 4630 2779 4685 illi
2811 4630 3084 4700 discipuli.
3108 4646 3231 4685 cum
3256 4648 3395 4700 pra:-

168 4703 547 4773 περιφέροντες
597 4703 685 4757 διὰ
728 4703 821 4758 τοῦ
868 4704 1224 4775 κηρύγματος
1276 4706 1624 4777 εὐσχημόνως
1668 4723 1697 4758 τ

1825 4722 2063 4776 dicando
2096 4721 2376 4777 Christum
2410 4721 2912 4775 circumferebant:
2942 4722 3169 4775 honeste
3214 4731 3398 4775 autem

170 4793 255 4845 καὶ⁵
306 4794 450 4861 κατὰ
497 4794 671 4860 τάξιν,
718 4794 794 4859 ὡς
849 4794 986 4849 Θεοῦ
1022 4796 1257 4849 διάκονοι
1313 4795 1406 4849 καὶ
1460 4796 1697 4866 οίκονόμι

1826 4823 1884 4866 et
1904 4812 2176 4877 ordinate,
2208 4813 2376 4867 utDei
2398 4813 2658 4878 ministri,
2682 4823 2737 4866 et
2765 4814 3171 4883 dispensatores
3195 4824 3401 4883 myste—

172 4884 475 4954 μυστηρίων
498 4884 758 4953 Χριστοῦ.
776 4904 810 4941 ,ι
840 4884 1036 4955 Θήσεις
1063 4884 1141 4948 δὲ,
1164 4903 1183 4935 ι
1210 4884 1363 4954 φησὶ,
1399 4902 1417 4935 ι
1452 4883 1515 4938 τὸ
1543 4884 1697 4938 θυσια

1837 4903 2045 4957 riorum
2080 4902 2282 4958 Christi
2309 4903 2376 4957 ⁸⁸.
2438 4923 2454 4953 ι
2486 4904 2662 4959 Penes
2705 4914 2885 4958 autem
2918 4903 3109 4967 altare,
3142 4922 3160 4953 ι
3201 4902 3399 4971 inquit,

173 4974 381 5045 στήριον
410 4974 675 5029 ἀπέναντι
697 4974 792 5028 τοῦ
815 4974 1299 5045 καταπετάσματος
1322 4974 1414 5028 τοῦ
1452 4976 1602 5038 ὄντος
1639 4976 1730 5028 ἐπὶ

171 5065 261 5135 τῆς
304 5066 539 5120 κιϐωτοῦ
581 5066 691 5120 τῶν
744 5067 1060 5139 μαρτυρίων
1120 5068 1179 5120 ἐν
1222 5061 1304 5129 οἷς
1349 5068 1708 5138 γνωσθήσομα

174 5170 248 5207 σοι
269 5156 496 5212 ἐκεῖθεν.
539 5176 559 5208 ο

1843 4999 2059 5046 «contra
2071 4993 2251 5047 velum
2276 4994 2421 5062 quod
2437 5004 2522 5049 est
2544 5010 2707 5064 super
2732 5009 2910 5047 aream
2940 4992 3399 5053 testimoniorum,

1837 5082 1890 5133 in
1923 5083 2125 5151 quibus
2152 5098 2450 5152 cognoscar
2484 5094 2587 5138 ate
2626 5084 2750 5137 inde
2775 5085 2839 5137 ⁸³.
2880 5104 2897 5132 ι

236 5246 441 5303 ΙΙΔΔΔ.
486 5245 622 5303 Εἶτα
662 5249 716 5302 τί
746 5250 808 5302 τὸ
838 5250 1131 5317 ἀναγκαῖον
1166 5248 1259 5305 καὶ
1297 5247 1487 5319 χώρων
1526 5248 1704 5302 αὐτῶν

176 5324 337 5400 οἶμαι,
373 5334 486 5387 τῶν
519 5336 865 5407 τεταγμένων
884 5356 898 5403 ς

242 5422 402 5479 ΚΥΡ.
444 5425 531 5495 Ὠς
557 5427 721 5497 βαθὺς
752 5428 850 5498 μέν
876 5431 905 5481 ὁ
930 5429 1106 5497 λόγος,
1142 5429 1234 5483 καὶ
1253 5428 1513 5500 Ιάμυδρὸς
1550 5430 1690 5498 ἄγαν
1722 5450 1723 5453 ‘

1912 5257 2107 5311 PALL.
2134 5257 2240 5313 Sed
2265 5260 2397 5329 quid
2422 5259 2640 5314 tandem
2678 5275 2816 5330 opus
2846 5261 2947 5315 fuit
2970 5263 3103 5317 locis
3132 5276 3283 5319 certa
3319 5280 3403 5318 ra-

1840 5348 1989 5401 tione
2022 5348 2302 5403 deﬁnitis?

1906 5436 2063 5491 CYR.
2092 5438 2247 5491 Latet
2275 5439 2494 5508 quidem
2539 5442 2594 5496 in
2625 5442 2916 5512 profundo,
2962 5454 3017 5499 et
3063 5446 3294 5502 obscura
3326 5448 3408 5499 nl-

178 5513 280 5581 ἐρῶ
303 5514 360 5567 δὲ
384 5516 461 5580 ὡς
483 5518 582 5585 ἔνι,
614 5520 734 5589 Θεῷ
757 5520 980 5584 πίσυνος
1012 5521 1089 5591 τῷ
1120 5522 1212 5574 καὶ⁹
1254 5522 1455 5584 αὐτοὺς
1485 5522 1697 5590 σοφοῦντ

1839 5527 1946 5581 mis
1968 5536 2052 5581 est
2081 5527 2243 5599 hujus
2279 5530 2358 5583 rei
2390 5530 2529 5584 ratio
2564 5551 2575 5583 :
2612 5532 2788 5585 dicam
2828 5542 3030 5598 tamen,
3060 5535 3172 5590 Deo
3212 5535 3405 5597 fretus,

174 5654 183 5664 ’
236 5666 280 5699 ⁸⁸
311 5669 626 5739 Exod.xxx,
664 5674 812 5728 7-10.
858 5676 1082 5732 “Joan.
1114 5694 1151 5741 ι,
1185 5678 1268 5731 II.
1345 5679 1390 5710 ⁸³
1414 5677 1586 5734 Galat.
1632 5696 1697 5744 vr,

1806 5723 1815 5734 .
1895 5683 1937 5714 ⁸⁸
1962 5684 2101 5739 Psal.
2129 5702 2267 5752 xuv,
2293 5688 2344 5740 3.
2379 5648 2385 5653 .
2422 5688 2466 5721 ⁸⁸
2492 5689 2512 5744 1
2543 5687 2667 5743 Cor.
2700 5705 2770 5756 tv,
2797 5691 2849 5747 l.
2922 5693 2970 5723 ⁸⁸
2999 5691 3169 5747 Exod.
3206 5706 3328 5755 xxx,
3354 5692 3407 5746 6.

410 5789 679 5854 ΡΑτιιοι.
725 5796 839 5854 Gn.
883 5797 1131 5856 LXVIII.

2981 5809 3055 5869 20
