4140 6538
665 336 766 391 619
1414 346 1485 385 λ

1689 335 1743 389 s.
1777 321 2051 391 c‘rmnu
2090 335 2557 391 AtsxANnnuvl
2587 335 2906 394 ARCHIEP.

661 448 759 517 qui
784 446 917 518 ipsis
940 459 1157 515 quoque
1179 443 1336 499 caecis
1350 443 1671 513 sapientiam
1696 446 1907 500 tribuit.
1946 448 2139 501 Arcam
2161 463 2214 501 e1

2329 445 2452 507 τοὺς
2496 446 2748 515 τυφλούς.
2780 447 3028 501 Κιϐωτδν
3055 448 3304 518 γενέσθαι
3330 450 3394 505 ὲκ
3433 450 3603 516 ξύλων
3645 453 3905 524 ἀσήπτων

652 539 831 608 tignis
852 535 1304 607 imputribilibus,
1326 544 1382 589 et
1394 550 1530 589 auro
1552 536 1758 591 mundo
1777 536 1975 592 factam
1998 550 2119 592 esse
2132 537 2229 591 ait:

660 631 725 683 in
748 644 850 699 qua
873 628 956 682 lex
972 634 1121 689 erat,
1143 623 1197 680 id
1225 634 1330 689 est,
1359 626 1582 681 divinus
1603 642 1804 692 sermo,
1844 643 1939 682 seu
1985 629 2231 684 testimo-

669 720 780 774 nia.
806 716 1233 787 Figuraquippe
1255 730 1321 770 ea
1344 732 1433 771 res
1453 726 1574 772 erat
1601 718 1768 772 Verbi
1790 733 1858 773 ex
1894 720 2005 774 Deo
2040 720 2230 789 geniti,

662 809 807 879 quod
853 806 1121 862 habitavit
1157 806 1213 861 in
1247 806 1428 872 nobis,
1459 815 1515 861 et
1546 807 1602 860 in
1647 809 1832 863 carnis
1872 809 2232 865 similitudine

661 900 863 954 factum
895 909 999 960 est,
1020 906 1089 951 ‘ut
1132 896 1430 968 Scriptura:
1465 906 1758 955 testantur.
1807 902 2014 958 Deinde
2051 906 2231 959 velum

661 986 931 1057 quoddam
957 988 1014 1041 in
1039 988 1573 1056 quatuorcolumnis
1607 1006 1907 1060 expansum
1940 1008 2104 1064 supra
2140 1010 2229 1049 ar-

660 1094 776 1132 cam
800 1078 1039 1147 pendere
1057 1078 1241 1148 jussit,
1271 1079 1436 1149 idque
1461 1083 1641 1137 velum
1660 1085 2108 1153 :propitiatorium
2132 1102 2221 1156 ap-

662 1168 982 1237 pellabatur.
1004 1167 1159 1233 Quod
1186 1170 1352 1224 etiam
1392 1170 1670 1227 Christum
1694 1175 2000 1245 signiﬁcat:
2040 1196 2058 1229 ι
2094 1178 2228 1231 Nam

661 1260 775 1328 ipse
798 1267 880 1313 est
900 1260 1194 1328 pr0pitatio
1217 1276 1319 1330 pro
1349 1264 1586 1330 peccatis
1610 1266 1814 1320 nostris
1841 1266 1883 1298 "’
1912 1307 1927 1331 ,
1952 1276 2007 1321 et
2041 1268 2228 1337 propi-

661 1351 937 1404 tiatorium
962 1367 1059 1420 per
1084 1352 1247 1406 ﬁdem
1278 1370 1290 1406 ε
1324 1372 1343 1404 ι
1373 1355 1452 1409 sic
1486 1356 1629 1410 enim
1648 1358 1798 1412 illum
1822 1359 2022 1413 Paulus
2046 1361 2229 1429 appel-

660 1439 794 1494 lavit
814 1439 880 1493 ⁵⁸.
908 1439 1130 1508 Depicta
1161 1454 1329 1509 porro
1355 1451 1508 1496 erant
1530 1483 1544 1508 ,
1569 1459 1632 1499 ac
1664 1445 1833 1499 veluti
1859 1446 2062 1501 circum
2102 1463 2228 1516 pro—

659 1529 993 1599 pitiatorium
1037 1528 1353 1594 Cherubim,
1391 1546 1511 1600 qua:
1546 1547 1922 1602 supremarum
1960 1536 2223 1592 virtutum

660 1618 999 1683 servitutem,
1053 1635 1215 1689 quam
1267 1621 1377 1675 Deo
1412 1622 1676 1678 exhibent
1722 1626 1890 1695 (Deus
1939 1627 2087 1681 enim
2140 1638 2224 1683 est

659 1708 921 1779 Verbum)
956 1709 1060 1763 hoc
1095 1708 1231 1778 ipso,
1262 1710 1409 1779 quod
1446 1728 1616 1783 prope
1655 1724 1803 1780 sunt,
1849 1724 2013 1786 atque
2055 1718 2220 1773 etiam

2334 536 2428 588 καὶ
2456 537 2679 608 χρυσίου
2710 536 2972 609 καθαροῦ,
3012 540 3165 608 φησὶ,
3198 541 3291 593 καὶ
3328 535 3398 611 ἦν
3417 542 3447 594 6
3476 542 3639 612 νόμος
3661 544 3719 595 ὲν
3744 545 3901 615 αὐτῇ,

2332 626 2627 689 τουτέστιν,
2667 629 2695 679 ό
2731 625 2872 690 θεῖος
2904 628 3083 696 λόγος,
3114 630 3233 699 ῆτοι
3265 630 3335 683 τὰ
3387 630 3687 702 μαρτύρια.
3723 634 3903 697 Tum;

2333 716 2443 788 γὰρ
2487 712 2555 788 ἦν
2586 717 2646 770 τὸ
2683 721 2889 788 χρῆμα,
2930 718 3023 772 τοῦ
3067 720 3132 772 ὲκ
3159 720 3293 773 Θεοῦ
3325 721 3520 790 φύντος
3556 723 3752 790 Λόγου,
3775 741 3903 777 κατα

2330 810 2650 879 οικήσαντος
2687 810 2745 861 ἐν
2788 810 2940 880 ήμίν,
2994 811 3089 864 καὶ
3130 812 3332 883 σαρκὸς
3373 814 3431 866 ὲν
3459 815 3766 885 ὁμοιώματι
3813 832 3900 883 τεο

2331 897 2567 966 γονότος,
2605 900 2744 953 κατά
2795 901 2894 965 τὰς
2928 902 3169 973 Γραφάς.
3216 900 3348 957 Εῐτα
3402 906 3798 976 καταπέτασμά
3849 923 3899 960 τι

2330 984 2594 1055 τέσσαρσι
2655 987 2866 1052 στύλοις
2920 991 3447 1061 ὲπιτετανυσμένον,
3501 994 3898 1064 ἀπαιωρείσθαι

2329 1079 2394 1146 τῇ
2424 1076 2639 1148 κιϐωτῷ
2674 1078 2782 1131 δεῖν
2821 1079 2949 1149 ἔφη.
2980 1082 3191 1150 ὀνομα
3228 1081 3284 1134 δὲ
3316 1081 3393 1152 τῷ
3425 1084 3893 1153 καταπετάσματι,

2327 1167 2388 1220 τὸ
2419 1166 2741 1240 ἱλαστήριον.
2766 1169 2997 1239 Χριστὸς
3027 1170 3084 1224 δὲ
3117 1172 3213 1225 καὶ
3230 1171 3387 1225 τοῦτο
3405 1187 3418 1200 ·
3467 1190 3486 1223 ι
3516 1172 3763 1243 Ἰλασμὸς
3791 1176 3896 1244 γάρ

2330 1258 2475 1311 ἐστιν
2502 1260 2640 1331 ὑπὲρ
2668 1260 2774 1313 τῶν
2810 1263 3092 1334 ἁμαρτιῶν
3135 1264 3310 1334 ήμῶν,
3344 1265 3434 1317 καὶ
3464 1264 3774 1336 ἱλαστήριον
3812 1266 3895 1318 διὰ

2326 1349 2579 1413 πίστεως.
2606 1369 2625 1402 ι
2672 1351 2928 1422 Ὠνόμαζε
2956 1353 3064 1425 γὰρ
3096 1354 3271 1418 οὑτως
3295 1356 3322 1407 6
3350 1354 3561 1417 Παῦλος
3584 1356 3747 1408 αὐτόν
3766 1373 3779 1386 ·
3804 1373 3893 1424 γε-

2327 1438 2573 1509 γράφατο
2599 1440 2656 1492 δὲ
2675 1440 2768 1494 καὶ
2786 1442 2948 1494 οἱονεί
2978 1460 3093 1505 πως
3113 1445 3169 1497 ἐν
3186 1444 3366 1514 κύκλῳ
3389 1444 3481 1498 τοῦ
3504 1444 3813 1516 ἱλαστήριου
3828 1445 3894 1498 τὰ

2324 1534 2624 1605 Χερουϐὶμ,
2652 1536 2762 1589 τῶν
2789 1537 3046 1591 ἀνωτάτω
3081 1538 3359 1609 δυνάμεων
3385 1540 3483 1610 τὴν
3510 1540 3613 1593 ὑπὸ
3641 1538 3760 1609 Θεῷ
3787 1539 3895 1592 δου-

2322 1624 2470 1677 λείαν
2494 1642 2507 1656 °
2538 1625 2668 1690 Θεὸς
2700 1626 2808 1698 γὰρ
2838 1630 2865 1681 6
2882 1628 3053 1696 Λόγος
3071 1645 3084 1657 '
3116 1631 3208 1682 καὶ
3236 1629 3295 1683 τὸ
3321 1630 3490 1701 ἀγχοῦ
3519 1631 3581 1703 δή
3611 1631 3777 1701 μάλα,
3800 1632 3892 1684 καὶ

2326 1716 2431 1786 μὴν
2453 1715 2623 1769 καὶτὸ
2650 1720 2980 1787 παρεστάναι
3002 1718 3403 1790 λειτουργικῶς,
3439 1717 3497 1774 εὖ
3532 1721 3676 1792 μάλα
3690 1738 3755 1792 ση
3765 1722 3890 1792 μαί-

659 1799 805 1870 quod
835 1799 901 1853 ad
940 1800 1365 1855 ministrantium
1407 1804 1644 1872 speciem
1688 1807 1976 1873 assistunt,
2020 1809 2214 1878 optime

2322 1821 2497 1857 νοντα.
2522 1800 2654 1857 Εἶτα
2672 1804 2801 1868 Θεὸς
2826 1805 2927 1877 ἔφη
2951 1807 3082 1877 πρὸς
3101 1804 3354 1861 Μωσέαδι
3376 1810 3483 1861 Καὶ
3508 1809 3889 1880 γνωσθήσομαί

655 1889 981 1960 signiﬁcant.
1030 1890 1168 1944 Tum
1200 1890 1337 1945 dixit
1368 1892 1535 1964 Moysi
1579 1911 1591 1947 :
1638 1914 1657 1946 ι
1688 1897 1753 1950 Et
1776 1913 2071 1968 eognosear
2096 1915 2127 1952 a
2169 1908 2220 1955 te

644 1981 806 2045 inde,
828 1988 887 2038 et
915 1982 1108 2051 loquar
1134 1990 1316 2037 tecum
1352 1982 1589 2055 desuper
1612 1990 2052 2058 propitiatorium
2079 1993 2221 2048 inter

656 2070 1101 2135 duo'Cherubim,
1129 2087 1250 2141 qua:
1266 2080 1395 2127 sunt
1418 2090 1581 2145 supra
1595 2092 1775 2132 arcam
1795 2080 2168 2135 testimonii".
2195 2101 2213 2133 ι

654 2162 794 2216 Area
820 2160 1061 2230 quidem,
1116 2169 1176 2216 ut
1220 2162 1353 2227 dixi,
1398 2162 1650 2220 Christus
1681 2175 1818 2232 erat,
1865 2177 2125 2240 tanquam
2164 2171 2218 2225 in

642 2253 1055 2321 «ineorruptibili
1078 2267 1305 2322 corpore
1340 2255 1484 2310 Deus
1501 2256 1767 2323 Verbum;
1795 2260 1889 2314 sed
1912 2270 2090 2315 tamen
2152 2262 2208 2316 in

647 2350 800 2395 terra
824 2341 928 2395 sita
954 2349 1038 2396 est
1060 2357 1209 2406 area,
1242 2342 1309 2396 ad
1333 2355 1574 2400 nostram
1623 2349 1771 2402 enim
1800 2351 2218 2407 submissionem

647 2438 710 2483 et
729 2430 1094 2485 humilitatem
1122 2431 1402 2487 descendit
1420 2435 1519 2489 ille
1544 2436 1865 2508 Unigenitus
1893 2458 1906 2493 :
1938 2456 2063 2495 nam
2100 2458 2218 2497 ser-

654 2517 817 2572 vilem
854 2517 1085 2572 formam
1121 2520 1312 2585 subiit,
1337 2529 1392 2575 et
1427 2525 1778 2595 semetipsum
1827 2530 2123 2587 exinanivit
2150 2534 2216 2589 '°.

653 2605 962 2675 307'lpse
1001 2614 1085 2661 est
1115 2615 1379 2675 praeterea
1414 2612 1850 2681 propitiatorium
1903 2617 1959 2671 in
1999 2619 2217 2674 sublimi

651 2696 1031 2765 positum,eta
1048 2698 1301 2767 supernis
1312 2700 1618 2758 Virtutibus
1638 2705 2082 2778 eireumseptum.
2100 2710 2219 2766 Non

651 2788 798 2841 enim
816 2803 852 2843 re
878 2788 995 2842 solo
1018 2788 1180 2843 nobis
1204 2788 1468 2847 duntaxat
1485 2795 1873 2853 exinanitionis
1885 2801 2220 2858 modonotus

651 2884 734 2930 est
750 2876 939 2939 Filius,
972 2875 1066 2929 sed
1104 2876 1268 2931 etiam
1300 2894 1366 2933 ex
1390 2895 1456 2934 eo
1485 2884 1629 2950 quod
1668 2885 1813 2941 Deus
1844 2896 1946 2952 est,
1991 2897 2047 2944 et
2091 2892 2217 2945 uni-

652 2982 933 3024 versorum
954 2968 1217 3023 Dominus
1253 2986 1266 3021 :
1300 2970 1404 3024 etsi
1444 2972 1590 3025 enim
1634 2988 1702 3027 ex
1744 2975 1980 3032 humana
2021 2988 2217 3037 natura

649 3074 708 3113 se
734 3059 913 3128 ipsum
937 3058 1265 3124 humiliavit,
1315 3070 1478 3131 atque
1533 3064 1767 3133 sapienti
1814 3067 2215 3137 gubernatione

646 3150 716 3203 ad
746 3159 986 3215 nostram
1014 3150 1384 3205 conditionem
1406 3152 1710 3219 descendit,
1766 3165 2004 3213 attamen
2028 3178 2046 3210 ‹
2071 3161 2215 3215 Deus
2243 3138 2285 3196 ο

647 3237 803 3292 illum
837 3240 1280 3309 superexaltavit,
1316 3248 1371 3296 et
1394 3242 1546 3297 dedit
1586 3245 1663 3299 illi
1709 3262 1909 3303 nomen
1951 3251 2099 3319 quod
2133 3261 2218 3306 est

648 3344 813 3398 super
833 3344 995 3385 omne
1020 3346 1221 3385 nomen
1251 3331 1314 3383 ⁸¹.
1349 3352 1368 3382 ι
1410 3332 1583 3403 Hujus
1644 3344 1827 3390 autem
1868 3338 1946 3393 rei
1976 3354 2088 3395 non
2116 3341 2214 3395 ah-

646 3418 812 3473 surde
852 3418 1024 3490 ﬁgura
1081 3430 1185 3485 est,
1249 3422 1394 3490 quod
1428 3424 1484 3477 in
1545 3425 1780 3480 sublime
1836 3428 2073 3497 positum
2132 3440 2216 3485 est

648 3507 1121 3576 propitiatorium,
1159 3508 1457 3565 Cherubim
1506 3514 1574 3568 ad
1612 3516 1732 3585 ejus
1782 3517 2029 3574 dextram
2085 3521 2216 3579 sini-

644 3603 923 3664 Stramque
966 3604 1175 3663 partem
1208 3596 1439 3667 depictis
1476 3618 1488 3653 :
1526 3616 1674 3667 nam,
1718 3604 1811 3658 ubi
1847 3605 2213 3663 ministerium

644 3682 757 3761 Deo
799 3685 1020 3756 proprie
1057 3688 1390 3743 conveniens
1426 3690 1618 3747 adesse
1657 3696 1923 3761 cernitur,
1958 3698 2034 3753 ibi
2082 3716 2211 3770 pro-

643 3760 786 3826 fecto
819 3772 1123 3830 divinitatis
1152 3790 1370 3846 quoque
1395 3779 1565 3848 gloria
1603 3798 1830 3852 prorsus
1858 3760 2032 3854 adest,
2069 3760 2125 3845 et
2146 3807 2210 3847 ea

643 3861 921 3933 dignitatis
952 3866 1271 3923 excellentia
1331 3885 1452 3939 quae
1469 3872 1770 3930 orationem
1804 3893 2021 3935 omnem
2052 3897 2213 3952 supe~

644 3962 745 4008 ret.
784 3973 801 4005 ι
838 3955 1081 4025 Desuper
1110 3969 1289 4013 antem
1317 3959 1615 4017 Cherubim
1645 3980 1940 4036 cognosear
1965 3986 1998 4025 a
2023 3979 2074 4025 te
2094 3972 2159 4038 ⁸²,
2184 3992 2201 4025 ο

642 4044 818 4113 inquit
834 4044 924 4100 ille
936 4047 1323 4103 universorum
1344 4050 1628 4119 Dominus,
1652 4054 1706 4109 in
1725 4072 1834 4126 quo
1856 4058 2001 4114 illam
2014 4061 2206 4118 ineﬁ‘a-

642 4134 807 4189 bilem
854 4146 1107 4192 naturam
1151 4155 1261 4194 non
1300 4140 1444 4197 inter
1500 4158 1779 4203 creaturas
1809 4152 1977 4220 quaeri
2010 4154 2202 4223 jussit;

640 4225 735 4278 sed
767 4225 905 4280 ultra
937 4225 994 4281 id
1027 4243 1187 4284 omne
1215 4246 1460 4299 prorsus,
1493 4235 1761 4306 quidquid
1780 4248 1840 4293 ut
1868 4242 1939 4296 sit
1954 4252 2203 4299 vocatum

612 4321 740 4393 Oest.
767 4315 862 4368 Dei
896 4316 1064 4381 enim,
1107 4319 1207 4388 qui
1236 4328 1427 4376 natura
1458 4324 1602 4380 Deus
1630 4334 1736 4392 est,
1770 4330 1930 4395 ratio,
1965 4341 2021 4386 et
2053 4333 2205 4389 locus

637 4414 721 4458 est
750 4405 840 4459 ille
869 4406 1310 4475 decentissimus,
1340 4424 1559 4481 praeter,
1617 4433 1683 4474 ac
1711 4435 1876 4490 supra
1929 4423 1984 4477 id
2040 4439 2200 4482 omne

635 4511 777 4559 esse,
810 4496 955 4564 quod
984 4506 1164 4553 ortum
1213 4510 1315 4556 est.
1354 4504 1536 4575 igitur
1568 4508 1657 4563 ille
1710 4526 1874 4581 supra
1901 4513 2199 4571 Cherubim

636 4588 789 4641 locus
824 4587 881 4640 in
912 4588 1005 4643 illo
1035 4600 1223 4646 sancto
1257 4595 1605 4653 tabernaculo
1642 4604 1845 4659 nostris
1879 4607 2041 4661 etiam
2072 4623 2198 4663 sen-

634 4677 787 4731 sibus
812 4677 1049 4733 divinam
1078 4697 1245 4752 prope
1269 4694 1523 4742 naturam
1549 4693 1808 4759 ostendit,
1855 4696 1926 4750 oh
1967 4712 2196 4768 eamque

633 4780 852 4854 causam
871 4768 1046 4823 altare
1066 4769 1202 4825 illud
1228 4788 1475 4840 aureum,
1504 4781 1649 4847 quod
1677 4782 1733 4837 in
1758 4782 1983 4854 ﬁguram
1995 4786 2193 4843 Christi

631 4852 840 4909 factum
876 4854 1079 4921 fuerat,
1111 4873 1142 4913 e
1174 4861 1394 4930 regione
1440 4866 1559 4935 ejus
1589 4852 1845 4924 collocari
1871 4872 2053 4941 jussit,
2110 4876 2202 4945 qui

630 4962 794 5017 supra
826 4946 1123 5005 Cherubim
1161 4960 1215 5006 et
1244 4953 1440 5010 edebat
1478 4961 1718 5024 oracula,
1751 4970 1806 5016 et
1867 4965 2203 5035 intelligeba-

633 5045 721 5092 tur
752 5053 888 5108 :qua
911 5039 967 5094 in
987 5056 1044 5095 re
1064 5041 1216 5097 locus
1232 5043 1346 5114 ipse
1376 5046 1733 5117 signiﬁcabat,
1762 5051 1817 5106 in
1843 5052 1939 5107 Dei
1970 5056 2202 5123 quodam

630 5133 794 5187 modo
852 5144 1227 5206 conspectum,
1288 5148 1344 5195 et
1412 5150 1539 5197 ante
1565 5144 1753 5199 oculos
1797 5146 1973 5203 Patris
2012 5164 2112 5204 nos
2147 5150 2201 5204 in

627 5218 846 5276 Christo
892 5238 1011 5280 esse
1049 5227 1388 5295 perductos:
1422 5230 1702 5288 hominem
1732 5234 1900 5300 enim,
1953 5252 2081 5291 cum
2137 5238 2193 5291 in

629 5309 913 5365 aversione
943 5322 1106 5379 esset,
1138 5331 1201 5371 ac
1226 5328 1451 5388 propter
1479 5324 1964 5392 transgressionem
1995 5341 2193 5395 pecca-

632 5406 919 5468 torumque
959 5404 1363 5462 multitudinem
1409 5409 1578 5464 Deum
1617 5412 1953 5479 offendisset,
2005 5432 2194 5472 rursus

628 5501 687 5544 tn
711 5502 770 5544 se
802 5487 939 5558 ipso.
980 5506 1044 5545 ac
1083 5494 1260 5563 primo
1306 5496 1557 5553 Christus
1582 5500 1642 5555 in
1689 5512 1983 5571 conspectu
2018 5505 2193 5560 Patris

734 5664 955 5723 σηοω.
1004 5682 1062 5752 ιι,
1105 5670 1157 5725 2.
1235 5673 1278 5706 “
1302 5673 1459 5731 Rom.
1489 5691 1568 5743 tn,
1598 5677 1686 5734 25.
1762 5681 1805 5713 δ’
1838 5679 2006 5737 Exod.
2047 5686 2214 5750 xxx-,3

2357 5690 2400 5717 ιη
2427 5688 2660 5762 Philipp.
2695 5707 2750 5759 ιι,
2781 5695 2831 5746 7.

2323 1909 2404 1946 σοι
2445 1894 2669 1959 ἐκεῖθεν,
2700 1897 2793 1948 καὶ
2839 1896 3055 1967 λαλήσω
3096 1914 3175 1951 σοι
3209 1899 3412 1953 ἄνωθεν
3447 1900 3539 1953 τοῦ
3577 1901 3886 1971 ἱλαστηρίου

2320 1983 2589 2054 ἀναμέσον
2622 1985 2729 2038 τῶν
2745 1985 2837 2039 δύο
2854 1987 3132 2059 Χερουϐὶμ
3152 1988 3258 2043 τῶν
3280 1990 3447 2045 όντων
3468 1991 3563 2043 ἐπὶ
3588 1991 3688 2059 τῆς
3718 1991 3887 2043 κιϐω-

2320 2074 2410 2125 τοῦ
2464 2073 2556 2127 τοῦ
2609 2076 2927 2146 μαρτυρίου.
2968 2096 2986 2128 ο
3024 2073 3130 2131 Ἦν
3186 2079 3264 2141 δὲ,
3305 2080 3379 2142 ὡς
3438 2080 3595 2151 ἔφην,
3638 2082 3670 2151 ή
3728 2081 3888 2133 κιϐω-

2320 2166 2410 2229 τὸς
2439 2166 2467 2217 6
2496 2167 2753 2238 Χριστὸς,
2788 2168 2863 2231 ὡς
2896 2170 2954 2222 ὲν
2990 2169 3251 2241 ἀφθάρτῳ
3286 2170 3497 2241 σώματι
3536 2172 3668 2235 Θεδς
3695 2172 3884 2240 Λόγος.

2320 2256 2458 2328 πλὴν
2496 2260 2576 2320 εἱς
2616 2257 2784 2330 γῆνή
2824 2258 3082 2322 κιϐωτόςο
3126 2261 3314 2329 γέγονε
3354 2264 3411 2315 δὲ
3447 2263 3539 2316 καὶ
3585 2264 3645 2315 ὲν
3700 2264 3887 2332 ὑφέσει

2320 2346 2412 2398 καὶ
2461 2347 2520 2400 ἐν
2564 2347 2929 2419 χθαμαλότητι
2969 2351 3034 2419 τῇ
3093 2351 3214 2403 καθ’
3272 2353 3490 2421 ήμᾶς,ό
3555 2354 3882 2424 Μονογενής.

2320 2438 2549 2510 Μορςρήν
2574 2438 2685 2510 γὰρ
2724 2440 2897 2492 ὑπέδυ
2942 2440 3040 2511 τὴν
3068 2441 3437 2515 δουλοπρεπῆ,
3468 2445 3560 2499 καὶ
3582 2445 3886 2499 κεκένωκεν

2319 2528 2531 2581 ἑαυτόν.
2558 2528 2727 2594 Αὐτὸς
2758 2530 2815 2583 δὲ
2845 2530 3004 2584 πάλιν
3039 2533 3153 2585 ἐστὶ
3207 2535 3267 2587 τὺ
3295 2535 3617 2606 ἱλαστήριον,
3656 2536 3718 2588 τὸ
3752 2535 3884 2606 ὑψοῦ

2319 2617 2586 2688 κείμενον,
2637 2620 2731 2673 καὶ
2777 2620 2882 2673 ὑπὸ
2925 2621 3033 2673 τῶν
3076 2623 3187 2676 ἄνω
3230 2625 3518 2694 Δυνάμεων
3558 2625 3885 2697 δορυφοροὺο

2324 2726 2503 2780 μενον.
2546 2711 2620 2762 Οὑ
2660 2711 2768 2781 γὰρ
2813 2711 2877 2764 ὲκ
2916 2712 3090 2782 μόνων
3130 2715 3260 2784 ήμῖν
3306 2714 3415 2768 τῶν
3454 2715 3555 2783 τῆς
3602 2717 3885 2782 κενώσεως

2315 2800 2529 2870 τρόπων
2568 2799 2835 2873 γνώριμος
2873 2805 2901 2856 ό
2924 2803 3071 2869 Υἱὸς,
3104 2804 3243 2858 ἀλλὰ
3286 2807 3377 2860 καὶ
3411 2807 3469 2871 ἐξ
3498 2801 3573 2861 ὧν
3605 2811 3720 2862 ἐστι
3754 2809 3885 2872 Θεὸς

2318 2893 2410 2943 καὶ
2437 2890 2545 2943 τῶν
2572 2892 2708 2945 ὅλων
2727 2893 2949 2964 Κύριος.
2982 2895 3045 2947 Εἰ
3083 2896 3191 2967 γὰρ
3219 2898 3310 2950 καὶ
3339 2900 3733 2953 τεταπείνωκεν
3756 2904 3883 2954 ἐαυ-

2316 2982 2409 3034 τὸν
2436 2981 2525 3035 διὰ
2560 2982 2620 3035 τὸ
2649 2982 3009 3053 ἀνθρώπινον,
3041 2986 3098 3038 ὲν
3127 2989 3238 3050 τοῖς
3267 2987 3388 3039 καθ’
3418 2989 3564 3060 ἡμᾶς
3610 2990 3883 3060 οἰκονομι-

2317 3072 2424 3136 κῶς
2450 3072 2860 3144 καταϐεϐηκὼς,
2903 3076 3015 3128 ἀλλ’
3055 3096 3073 3127 ι
3118 3076 3176 3131 '0
3210 3078 3340 3142 Θεὸς
3372 3081 3527 3134 αὑτὸν
3557 3082 3880 3152 ὑπερύψωσε

2311 3158 2408 3210 ,καὶ
2441 3159 2729 3230 ἐχαρίσατο
2776 3162 2925 3233 αὑτῷ
2969 3164 3157 3235 δνομα,
3191 3166 3250 3219 τὸ
3286 3169 3425 3239 ὑπὲρ
3470 3172 3577 3223 πᾶν
3624 3172 3816 3241 ὄνομα.
3856 3191 3873 3222 ι

2317 3250 2498 3314 Τὺπος
2524 3252 2569 3304 δ’
2601 3252 2666 3305 ἂν
2711 3254 2793 3324 εἴη
2829 3256 2923 3308 καὶ
2961 3256 3134 3321 τοῦδε,
3170 3259 3230 3312 τὸ
3276 3259 3429 3329 ὑψοῦ
3488 3262 3758 3317 τεθεῖσθαι
3820 3265 3881 3318 τό

2317 3342 2629 3413 ἱλαστήριον
2674 3347 2753 3407 εὶς
2806 3345 2980 3412 δεξιὸν
3035 3349 3132 3402 καὶ
3194 3348 3470 3421 εὐώνυμον
3522 3353 3877 3425 ἀναγεγραμ·

2318 3432 2494 3498 μένων
2531 3435 2639 3488 τῶν
2684 3437 2988 3509 Χερουϐίμ.
3036 3439 3203 3493 Ἔνθα
3241 3441 3349 3514 γὰρ
3391 3443 3457 3497 ἂν
3506 3446 3540 3515 ἡ
3583 3445 3699 3516 Θεῷ
3748 3448 3880 3516 πρέ-

2315 3544 2494 3581 πουσα
2571 3528 2717 3599 μόνῳ
2756 3530 2997 3599 φαίνοιτο
3042 3530 3369 3605 λειτουργία,
3409 3536 3526 3588 ἐκεῖ
3567 3536 3737 3608 δήπου
3791 3541 3875 3607 εἴη

2310 3615 2377 3670 ἀν
2411 3617 2625 3681 πάντως
2652 3620 2741 3672 καὶ
2787 3621 2820 3691 ή
2860 3620 2961 3691 τῆς
2997 3620 3247 3690 θεότητος
3279 3623 3426 3688 δόξα,
3460 3625 3553 3678 καὶ
3594 3625 3701 3678 τῶν
3738 3628 3876 3699 ὑπὲρ

2310 3706 2466 3775 λόγον
2494 3707 2815 3779 ἀξιωμάτων
2840 3711 2873 3780 ή
2906 3712 3168 3782 ὑπεροχή.
3204 3732 3228 3765 ι
3267 3714 3506 3768 Ἀνωθεν
3536 3715 3591 3768 δὲ
3627 3717 3736 3768 τῶν
3767 3718 3874 3769 Χε-

2311 3796 2530 3867 ρουϐὶμ,
2592 3798 2975 3871 γνωσθήσομαί
3015 3818 3096 3854 σοι
3123 3807 3184 3873 ,ιι
3221 3804 3401 3874 φησὶν,
3442 3807 3471 3858 6
3518 3805 3735 3859 πάντων
3776 3813 3872 3859 Δε-

2310 3886 2533 3957 σπότης,
2571 3887 2668 3959 τὴν
2694 3889 2929 3960 ἄρρητον
2972 3893 3130 3959 φύσιν
3167 3892 3240 3963 μὴ
3284 3895 3342 3947 ὲν
3366 3889 3453 3958 οἷς
3486 3897 3520 3966 ἡ
3565 3896 3739 3960 κτίσις
3780 3895 3874 3968 ζη-

2306 3977 2512 4030 τεῖσθαι
2567 3980 2916 4048 προστάττων
2936 4021 2951 4045 ,
3026 3983 3140 4036 ἀλλ’
3194 3985 3446 4040 ἐπέκεινα
3499 3988 3716 4052 πάντως
3778 3989 3871 4043 τοῦ

2308 4065 2643 4137 κεκλημένου
2673 4068 2807 4140 πρὸς
2841 4070 3093 4144 ὓπαρξιν·
3125 4073 3259 4127 Θεοῦ
3294 4076 3402 4147 γὰρ
3427 4076 3585 4146 φύσει
3628 4077 3785 4146 λόγος
3810 4094 3870 4131 τε

2306 4155 2399 4209 καὶ
2441 4156 2604 4219 τόπος
2643 4160 2672 4210 ό
2703 4161 3178 4230 πρεπωδέστατος,
3226 4164 3287 4217 τὸ
3317 4166 3455 4237 πέρα
3500 4184 3560 4220 τε
3615 4170 3708 4223 καὶ
3761 4171 3870 4225 ἀνω

2305 4246 2503 4307 παντὸς
2524 4248 2767 4314 γενητοῦ.
2794 4250 3002 4303 Οὐκοῦν
3024 4254 3051 4303 6
3079 4253 3330 4325 ὑπεράνω
3354 4257 3459 4309 τῶν
3483 4258 3761 4329 Χερουϐὶμ
3787 4261 3871 4312 τό·

2304 4352 2424 4398 πος,
2457 4338 2548 4389 καὶ
2576 4336 2867 4410 αἰσθητῶς]
2883 4342 2941 4394 ὲν
2972 4346 3037 4415 τῇ
3071 4345 3199 4415 ἁγίᾳ
3250 4351 3418 4417 σκηνῇ
3469 4350 3747 4419 μονονουχὶ
3774 4352 3868 4419 τὴν

2305 4426 2453 4480 θείαν
2490 4428 2621 4497 ἡμῖν
2659 4429 2949 4500 καταδηλοτ
3003 4433 3193 4502 φύσιν·
3245 4435 3498 4507 ταύτῃτοι
3530 4439 3608 4507 τὸ]
3638 4439 3869 4507 χρυσοῦν

2306 4516 2686 4591 θυσιαστήριον
2712 4522 2790 4583 εἰς
2817 4521 2985 4575 τύπον
3017 4525 3253 4594 Χριστοῦ
3280 4528 3517 4595 γεγονὸς,
3549 4530 3867 4583 ἀποκεῖσθαι

2305 4608 2672 4678 προστέταχεν
2702 4610 2959 4663 ἀπέναντι
3000 4612 3094 4664 τοῦ
3143 4615 3398 4685 ὑπεράνω
3434 4617 3543 4670 τῶν
3588 4618 3870 4691 Χερουϐὶμ

2303 4696 2729 4767 χρηματίζοντός
2762 4714 2822 4751 τε
2854 4701 2945 4753 καὶ
2999 4704 3287 4773 νοουμένου
3320 4707 3411 4758 τοῦ
3440 4709 3600 4761 οἱονεί
3631 4726 3749 4773 πως
3791 4714 3869 4774 εἰς

2301 4787 2422 4855 ὄψιν
2454 4786 2588 4840 Θεοῦ
2615 4790 2710 4842 καὶ
2748 4792 2805 4843 ὲν
2849 4794 3143 4863 ὀφθαλμοῖς
3170 4794 3263 4847 τοῦ
3314 4798 3521 4868 Πατρὸς
3556 4799 3613 4850 ὲν
3648 4800 3868 4871 Χριστῴ

2303 4876 2551 4945 γενέσθαι
2564 4877 2630 4930 τὰ
2645 4880 2765 4932 καθ’
2778 4883 2810 4952 ή
2820 4884 2926 4951 μᾶς
2953 4884 3106 4936 τοῦτό
3125 4902 3225 4938 που
3244 4887 3614 4956 σημαίνοντος.
3635 4888 3723 4941 Ἐν
3736 4891 3870 4943 ἀπο-

2304 4972 2506 5040 στροφῇ
2537 4969 2644 5042 γὰρ
2666 4970 2793 5025 ὄντα
2816 4974 2907 5027 τὸν
2932 4975 3239 5047 ἄνθρωπον,
3269 4980 3361 5032 καὶ
3391 4985 3868 5052 προσκεκρουκότα

2300 5059 2419 5130 Θεῷ
2447 5059 2536 5114 διὰ
2567 5061 2665 5132 τήν
2686 5064 2995 5135 παράϐασιν
3009 5067 3103 5120 καὶ
3125 5068 3327 5140 πολλὴν
3361 5070 3649 5141 ἁμαρτίαν,
3670 5072 3866 5144 ἔστησε

2301 5148 2463 5202 πάλιν
2499 5151 2558 5203 ὲν
2599 5152 2872 5223 προσώπῳ
2927 5154 3020 5208 τοῦ
3062 5158 3275 5230 Πατρός
3322 5160 3395 5222 ὡς
3452 5161 3511 5214 ὲν
3546 5162 3721 5233 ἑαυτῷ
3773 5166 3867 5217 καὶ

2300 5237 2499 5309 πρώτῳ
2529 5240 2778 5311 Χριστός.
2804 5260 2831 5293 4
2862 5238 3307 5319 Πρόδρομοςγὰρ
3331 5250 3470 5320 ὑπὲρ
3492 5254 3651 5323 ήμῶν
3688 5255 3866 5308 εἰσδέ-

2301 5332 2465 5401 ϐηκεν
2505 5334 2584 5398 εἰς
2630 5335 2720 5388 τὸν
2751 5336 2994 5408 οὐρανὸν,
3018 5340 3113 5394 νῦν
3150 5342 3544 5413 ἐμφανισθῆναι
3582 5345 3662 5416 τῷ
3694 5364 3865 5418 προσ-

2297 5420 2430 5493 ώπῳ
2476 5422 2569 5477 τοῦ
2604 5425 2740 5479 Θεοῦ
2785 5428 2925 5500 ὑπὲρ
2956 5428 3133 5500 ἡμῶν,
3170 5450 3189 5483 ι
3242 5432 3385 5486 καθά
3416 5433 3614 5505 γράφει
3657 5436 3863 5500 Παῦλος

2299 5514 2430 5583 ἡμῖν
2460 5516 2489 5568 6
2521 5516 2701 5586 σοφός.
2751 5518 2809 5572 'O
2855 5518 2963 5590 γὰρ
2993 5520 3254 5593 ὑπάρχων
3294 5524 3384 5578 ἀεὶ
3413 5524 3554 5596 μετά
3590 5524 3684 5579 τοῦ
3732 5526 3861 5581 ιδιου

2930 5695 2971 5727 ⁵⁸
2995 5694 3160 5763 lbid._.
3196 5698 3246 5753 9.
3337 5701 3381 5731 "
3411 5698 3581 5756 Exod.
3606 5716 3728 5768 xxv,
3768 5682 3840 5758 θ

3858 5762 3867 5796 1
