3982 6500
139 380 236 439 Gil

801 373 890 427 DE
929 368 1372 426 ADORATIONE
1409 368 1480 425 IN
1518 364 1789 424 SPIRITU
1830 364 1920 419 ET
1959 362 2327 421 VERITATE.
2372 362 2500 417 LlB.
2544 363 2635 418 ιχ.

3276 369 3384 424 6⁵29.

137 493 371 568 Πατρδς,
400 490 496 545 νῦν
548 485 949 560 ἐμφανισθῆναι
975 484 1192 552 λέγεται
1222 483 1298 547 ὡς
1327 485 1384 537 ιν
1415 481 1596 553 ἑαυτῷ
1643 497 1702 550 γε

1808 479 2096 535 constituit
2130 496 2142 531 :
2181 496 2199 529 ι
2238 478 2555 533 Ρτωοιιτεοι·
2575 490 2809 546 namque
2839 488 2940 547 pro
2976 475 3138 532 nobis
3167 477 3225 533 in
3268 494 3385 535 coam

140 587 232 642 καὶ
254 582 449 657 πρώτῳ
473 577 794 650 παρατιθεὶς
817 575 875 628 ὲν
898 574 1017 644 ὕψει
1040 574 1134 627 τοῦ
1158 573 1372 645 [ἰατρὸς
1397 573 1468 625 τὰ
1490 571 1702 641 ἀνθρώ-

140 695 288 741 πινα,
314 675 405 729 καὶ
427 673 526 743 τὴν
542 669 774 742 ἀρχαίαν
796 668 1007 736 ἐκείνην
1036 664 1386 735 ἀποστροφὴν
1410 662 1689 734 μεριστάς,

147 790 166 823 ι
186 767 356 830 Αὐτὸς
372 764 480 834 γάρ
503 764 651 815 ἐστιν
674 760 914 831 ἡείρήνη
938 757 1151 827 ἡμῶν,τ
1176 756 1317 809 κατὰ
1337 754 1437 817 τὰς
1452 754 1699 825 Γραφάς.

1811 572 1925 626 lum
1956 580 2040 626 est
2061 571 2362 640 ingressus,
2389 578 2451 624 ut
2477 583 2626 624 nunc
2655 575 2919 638 appareat
2944 568 3121 623 vultui
3158 571 3255 625 Dei
3280 588 3383 641 pro

1807 662 1988 726 nobis,
2000 680 2020 714 ι
2038 669 2103 715 ut
2130 662 2220 716 ille
2236 661 2455 731 sapiens
2474 659 2560 713 vir
2572 660 2773 715 Paulus
2787 662 3050 731 scriptum
3080 664 3382 733 reliquit".

1806 753 1963 817 Nam,
1997 753 2090 822 qui
2112 766 2328 820 semper
2342 759 2427 806 est
2448 767 2553 806 una
2582 766 2707 805 cum
2737 753 2919 816 Patre,
2950 769 3099 809 nunc
3119 770 3385 824 apparere

141 862 359 925 dicitur,
382 864 569 927 utpote
598 853 693 923 qui
730 853 786 905 in
817 866 875 906 se
901 851 1039 920 ipso,
1058 864 1123 904 ac
1154 848 1334 918 primo
1372 847 1430 900 in
1465 852 1770 914 conspectu
1795 844 1972 899 Patris
2026 851 2281 898 naturam
2310 843 2605 898 humanam
2655 845 2961 909 collocarit,
3019 855 3075 899 et
3142 855 3384 902 veterem

141 956 283 1012 illam
307 949 643 1006 aversionem
674 944 1015 1000 revocaverit
1042 958 1064 995 τ
1092 961 1109 992 ι
1143 941 1264 1011 lpse
1304 940 1452 995 enim
1491 948 1575 993 est
1605 954 1709 1008 pax
1747 948 1935 994 nostra
1969 938 2044 1003 ",
2083 959 2101 990 ι
2126 948 2193 993 ut
2234 938 2535 1008 Scriptum
2573 940 2819 994 tradunt.

206 1042 413 1097 ΠΑΛΛ.
458 1038 704 1108 Ἀραρεν
731 1030 825 1087 οῦν
857 1033 940 1085 ὄτι
986 1030 1227 1103 Χριστοῦ
1253 1030 1415 1085 πάλιν
1442 1028 1606 1083 εἰκὼν
1639 1029 1701 1082 τὸ

139 1131 513 1202 θυσιαστήριον
541 1128 601 1181 τὸ
623 1124 875 1198 χρυσοῦν.

200 1222 365 1281 ΚΥΡ.
412 1219 522 1274 Καὶ
551 1218 688 1292 πρός
719 1234 782 1286 τε
810 1214 876 1286 δὴ
923 1214 1096 1286 τούτῳ
1148 1215 1304 1269 νοοῖτ’
1359 1213 1425 1268 ἂν
1481 1212 1703 1277 εἰκότως

136 1318 292 1380 αὑτὸς
333 1317 362 1368 ὸ
416 1312 669 1381 θυμίαμα
704 1309 765 1362 τὸ
826 1306 1079 1360 σύνθετον
1126 1305 1221 1360 καὶ
1270 1305 1484 1359 λεπτόν.
1532 1303 1703 1367 Αὐτὸς

135 1409 238 1480 γὰρ
270 1410 297 1460 ὁ
326 1402 632 1478 ἀρχιερεύς·
664 1420 681 1452 ι
710 1398 977 1471 Θυμιάσει
997 1398 1156 1470 γὰρ,›
1182 1396 1364 1466 φησὶν,
1387 1416 1405 1447 ι
1430 1395 1515 1448 ἐπ’
1538 1394 1702 1448 αὐτοῦ

147 1497 349 1570 Ἀαρὼν
412 1492 664 1565 θυμίαμα
705 1490 991 1555 σύνθετον,
1039 1488 1260 1540 λεπτόνο
1309 1507 1328 1539 ι
1374 1486 1470 1541 καὶ
1518 1485 1703 1538 σύνθε-

135 1606 222 1643 τον
250 1587 348 1659 μὲν
368 1586 430 1639 “rb
459 1584 737 1655 θυμίαμα·
780 1580 923 1645 Θεὸς
947 1581 1055 1652 γὰρ
1080 1579 1154 1633 ὢν
1190 1582 1217 1633 ὁ
1270 1581 1460 1648 Λόγος,
1514 1579 1705 1648 γέγονε

138 1679 285 1751 σάρξ.
336 1678 450 1732 Καὶ
512 1672 853 1729 συντέθειται
902 1690 1018 1736 πως
1064 1674 1197 1743 ἡμῖν
1250 1672 1279 1726 ὀ
1340 1671 1705 1743 Ἐμμανουὴλ,

1876 1028 2071 1082 PALL.
2110 1028 2378 1083 Effectum
2417 1038 2501 1085 est
2530 1030 2715 1101 igitur,
2768 1032 2939 1089 altare
2973 1032 3107 1089 illud
3159 1049 3381 1092 aureum

1798 1135 1926 1175 esse
1954 1119 2160 1175 Christi
2188 1134 2381 1175 rursus
2414 1121 2726 1193 imaginem.

1877 1210 2033 1265 CYR.
2098 1211 2299 1267 Adhzec
2351 1228 2461 1267 non
2516 1214 2752 1270 absurde
2780 1215 2926 1271 idem
2982 1218 3097 1288 ipse
3155 1221 3382 1293 intelligi

1807 1310 1988 1373 potest
2018 1302 2153 1358 illud
2198 1318 2319 1358 esse
2342 1304 2641 1375 thymiama
2662 1309 3033 1377 compositum
3090 1327 3154 1367 ac
3186 1320 3380 1377 tenue;

1810 1395 1925 1464 ipse
1951 1396 2098 1450 enim
2128 1406 2210 1450 est
2239 1396 2495 1467 princeps
2521 1397 2612 1453 ille
2642 1399 2989 1454 sacerdotum
3024 1419 3038 1456 :
3076 1421 3093 1453 ι
3124 1403 3383 1460 lncendet

1810 1485 1979 1550 enim,
2010 1506 2027 1536 ι
2056 1486 2255 1556 inquit,
2282 1507 2300 1538 ›
2323 1502 2488 1557 super
2502 1502 2568 1543 eo
2590 1487 2771 1544 Aaron
2790 1489 3084 1561 thymiama
3112 1495 3383 1564 composi-

1810 1583 1946 1634 tum.
1966 1583 2129 1631 tenue
2140 1577 2186 1609 "
2202 1594 2217 1644 ;
2243 1595 2260 1628 ι
2284 1574 2518 1648 308³0
2534 1579 2899 1648 compositum
2919 1581 3145 1651 quidem
3160 1593 3244 1639 est
3264 1584 3385 1655 thy-

1808 1667 2038 1732 miama;
2066 1682 2215 1733 nam,
2240 1683 2365 1722 cum
2389 1669 2535 1723 Deus
2549 1679 2695 1725 esset
2722 1670 2987 1737 Verbum,
3016 1688 3145 1728 caro
3174 1673 3380 1729 factum

138 1771 282 1833 θείας
313 1766 531 1839 φύσεώς
556 1780 617 1818 τε
651 1765 747 1819 καὶ
781 1763 1197 1834 ἀνθρωπότητος
1232 1764 1313 1827 είς
1353 1763 1579 1835 ἑνότητα
1609 1764 1702 1834 τὴν

1808 1771 1910 1828 est,
1938 1771 1994 1817 et
2023 1761 2356 1830 compositus
2387 1770 2471 1816 est
2492 1761 2652 1815 nobis
2674 1762 3079 1831 quodammodo
3121 1764 3212 1822 ille
3256 1767 3385 1822 Em-

137 1864 268 1933 ὑπὲρ
318 1859 467 1925 νοῦν,
511 1858 837 1929 ἀποῤῥήτως
898 1856 1318 1928 συνηνεγμένην.
1371 1856 1579 1909 Λεπτδν
1628 1854 1702 1919 δὲ,

1811 1851 2054 1915 manuel,
2094 1865 2221 1905 cum
2273 1849 2456 1904 divina
2507 1849 2668 1905 simul
2697 1852 3045 1924 humanaque
3092 1864 3288 1912 natura
3322 1858 3380 1913 in

137 1957 211 2009 ὅτι
240 1953 298 2006 τὸ
319 1952 469 2022 παχὺ
500 1950 599 2020 τῆς
621 1947 763 2002 κατὰ
785 1947 947 2018 νόμον
975 1946 1232 2018 λατρείας
1256 1948 1354 2001 οὐκ
1370 1946 1506 2017 ἔχει.
1543 1963 1562 1997 ι
1597 1945 1705 1998 Θυ-

139 2045 251 2108 σίας
278 2048 390 2113 γὰρ
414 2042 509 2097 καὶ
545 2040 861 2113 προσφορὰν
901 2040 1001 2093 οὐκ
1034 2037 1333 2109 ἠθέλησας.
1374 2037 1707 2092 Ὀλοκαύτω-

139 2155 210 2207 μα
247 2136 339 2189 καὶ
380 2133 515 2203 περὶ
572 2133 849 2204 ἁμαρτίας
895 2132 994 2185 οὐκ
1054 2131 1374 2202 εὐδόκησας.
1431 2130 1600 2200 Σῶμα
1650 2130 1706 2182 δὶ

137 2226 448 2299 κατηρτίσω
487 2243 597 2296 μοι,
650 2225 810 2295 φησί·
856 2224 976 2276 τότε
1026 2218 1197 2289 εἷπον,
1246 2223 1375 2276 Ἰδοὺ
1424 2224 1581 2294 ἥκω,
1609 2221 1705 2275 τοῦ

135 2318 366 2389 ποιῆσαι,
400 2318 428 2369 ὁ
455 2315 607 2383 Θεὸς,
648 2316 709 2368 τὸ
735 2314 946 2384 θέλημά
974 2330 1088 2367 σου.
1130 2332 1149 2365 ι
1187 2314 1297 2367 Καὶ
1350 2315 1403 2367 τί
1446 2314 1509 2384 δὴ
1550 2310 1706 2366 τοῦτό

138 2407 325 2460 ἔστιτὸ
348 2405 566 2477 θέλημα
617 2402 710 2459 τοῦ
762 2404 993 2475 Πατρδς,
1032 2405 1191 2469 αὐτὸς
1238 2406 1385 2476 ἡμᾶς
1423 2407 1480 2458 ὲν
1525 2402 1708 2474 Εὐαγο

137 2498 321 2566 γελίοις
363 2495 846 2569 μεμυσταγώγηκε
897 2496 1090 2565 λέγων,
1145 2497 1227 2549 ὅτι
1286 2514 1304 2547 ι
1339 2494 1706 2565 Καταϐέόηκα

140 2591 200 2642 ὲκ
222 2589 312 2643 τοῦ
340 2588 596 2661 ούρανοῦ,
634 2588 729 2657 οὐχ
786 2588 872 2640 ἵνα
905 2586 1042 2641 ποιῶ
1070 2587 1131 2640 τὸ
1179 2585 1389 2657 θέλημα
1442 2587 1502 2639 τὸ
1551 2585 1702 2657 ἐμὸν,

139 2680 265 2734 ἀλλὰ
300 2681 361 2733 rb
388 2679 604 2750 θέλημα
646 2676 742 2732 τοῦ
773 2677 1086 2748 πέμψαντός
1152 2694 1240 2749 με.
1273 2676 1445 2730 Τοῦτο
1496 2677 1551 2730 δέ
1590 2679 1705 2731 ἐστι

140 2772 196 2826 τδ
218 2771 423 2841 θελημα
448 2770 543 2824 τοῦ
574 2768 889 2840 πεμψαντός
925 2785 1012 2839 με,
1046 2764 1132 2821 ἵνα
1157 2769 1266 2821 πᾶν
1298 2766 1328 2817 ὃ
1359 2767 1558 2821 δέδωκέ
1590 2785 1701 2839 μοι,

144 2864 212 2935 μὴ
242 2863 491 2916 ἀπολέσω
510 2861 576 2926 ἒξ
598 2859 782 2925 αὐτοῦ,
825 2860 960 2914 ἀλλὰ
1005 2861 1299 2930 ἀναστήσω
1352 2860 1481 2912 αὐτὸ
1524 2860 1582 2911 ὲν
1632 2862 1699 2931 τῇ

141 2955 327 3026 ισχάτῃ
379 2952 592 3025 ἡμέρᾳ.
642 2971 661 3004 ι
723 2951 1140 3021 Προσκεκόμικε
1186 2949 1295 3020 γὰρ
1329 2947 1520 3002 ἑαυτὸν
1566 2948 1705 3020 ὑπὲρ

140 3045 283 3115 ἡμῶν
312 3046 389 3107 είς
419 3045 595 3115 ὀσμὴν
625 3042 873 3106 εὐωδίας,
901 3040 1278 3112 κεχρημάτικέ
1328 3050 1387 3093 τε
1423 3039 1509 3093 διὰ
1548 3038 1706 3092 τοῦτο

142 3137 226 3189 καὶ
279 3133 586 3206 ἀρχιερεύς.
614 3130 828 3187 Οὐκοῦν
860 3130 1019 3193 αὐτὸς
1047 3131 1075 3182 ὁ
1116 3130 1423 3200 ἀρχιερεὺς,
1454 3128 1614 3190 αὐτὸς
1643 3127 1704 3181 τὸ

143 3224 377 3295 θυμίαμα
407 3224 475 3276 τὸ
523 3221 785 3276 σύνθετόν
815 3234 873 3275 τέ
917 3222 1012 3275 καὶ
1056 3221 1282 3273 λεπτόν*
1337 3219 1432 3273 καὶ
1493 3235 1704 3289 μαρτυ-

144 3318 284 3387 ρήσει
315 3316 491 3385 λέγων
510 3316 538 3367 ὁ
562 3312 796 3377 Παῦλοςο
843 3332 861 3363 ι
892 3312 981 3384 Τῷ
1004 3312 1061 3365 δὲ
1099 3310 1216 3381 Θεῷ
1244 3311 1419 3381 χάρις,
1457 3309 1536 3362 τῶ
1573 3308 1707 3363 πάν-

141 3415 249 3461 τοτε
282 3406 672 3481 θριαμϐεύοντι
716 3408 864 3478 ἡμᾶς
920 3408 977 3459 ὲν
1018 3404 1097 3475 τῷ
1155 3403 1399 3475 Χριστῷ,
1460 3404 1553 3456 καὶ
1607 3402 1705 3473 τὴν

142 3499 298 3571 ὀσμὴν
334 3501 432 3571 τῆς
464 3497 717 3569 γνῶσεως
759 3496 923 3552 αὺτοῦ
968 3494 1289 3568 φανεροῦντι
1338 3494 1405 3548 δι’
1444 3494 1600 3566 ἡμῶν
1647 3496 1705 3547 ὲν

143 3592 506 3662 παντὶ·τόηρ,
559 3591 642 3644 ὅτι
689 3589 927 3663 Χριστοῦ
979 3588 1177 3643 εὐωδία
1234 3585 1512 3669 ἐσμὲντῷ
1563 3585 1701 3657 Θεῷ,

142 3684 193 3737 ἐν
220 3685 323 3746 τοῖς
357 3682 717 3752 σωζομένοις,
753 3681 848 3735 καὶ
888 3682 944 3734 ὲν
978 3681 1090 3744 τοῖς
1137 3678 1528 3749 ἀπολλυμένοις
1550 3694 1564 3709 ο
1622 3675 1705 3742 οἷς

145 3774 235 3844 μὲν
268 3774 404 3845 ὀσμὴ
438 3777 504 3827 ὲκ
535 3772 765 3826 θανάτου
808 3773 889 3836 είς
924 3771 1172 3836 θάνατον,
1208 3765 1288 3834 οἷς
1313 3770 1369 3824 δὲ
1394 3769 1537 3840 ὀσμὴ
1560 3769 1705 3840 ζωῆς

144 3867 212 3930 είς
234 3866 391 3940 ζωήν.
425 3886 447 3918 ι
491 3864 839 3936 Προσεφιὶηει
879 3863 936 3916 δὲ
980 3864 1072 3917 καὶ⁵
1100 3864 1251 3933 ἡμῖν’
1321 3878 1341 3914 ι
1370 3859 1588 3914 Γίνεσθε
1611 3855 1704 3914 οὖν

144 3961 361 4030 μιμηταὶ
389 3957 489 4012 τοῦ
516 3956 652 4011 Θεοῦ
706 3958 784 4021 ὡς
814 3956 978 4009 τέκνα
1018 3953 1299 4023 ἀγαπητὰ,
1336 3950 1430 4006 καὶ
1464 3968 1703 4024 περιπα-

141 4052 267 4102 τεῖτε
290 4053 343 4103 ὲν
367 4050 578 4122 ἀγάπῃ,
601 4046 779 4110 καθὼς
804 4047 896 4100 καὶ
915 4048 944 4099 ὁ
966 4044 1195 4115 Χριστὸς
1217 4044 1502 4114 ἠγάπησεν
1528 4044 1701 4114 ἡμᾶς,

142 4142 224 4193 καὶ
262 4141 579 4213 παρέδωκεν
636 4139 823 4192 ἑαυτὸν
877 4137 1018 4209 ὑπὲρ
1068 4136 1224 4207 ἡμῶν
1267 4135 1579 4207 προσφορὰν
1610 4136 1703 4188 κα)⁸

144 4232 314 4287 θυσίαν
352 4233 429 4304 τῷ
471 4230 590 4301 Θεῷ
616 4234 695 4294 είς
745 4230 920 4301 ὀσμὴν
976 4228 1218 4291 εὐωδίας.
1251 4247 1269 4277 ι
1338 4226 1447 4280 Kal
1496 4227 1584 4279 τόν
1640 4243 1701 4295 γε

142 4328 223 4376 τοῦ
256 4324 450 4396 θυμιᾷν
487 4321 690 4392 ἐναργῆ
724 4320 955 4389 καθίστη
1019 4318 1232 4389 καιρὸν,
1260 4317 1475 4371 ἅπαντα
1506 4317 1564 4370 δὲ
1593 4316 1702 4369 δεῖν

142 4414 192 4465 tv
226 4413 368 4479 τάξει
417 4429 481 4466 τε
529 4411 626 4465 καὶ
671 4408 939 4479 εὐκοσμίᾳ
992 4406 1323 4479 πράττεσθαι
1376 4404 1697 4475 νομοθετῶν,

1804 1943 2092 2008 unitatem,
2127 1958 2249 2012 quae
2272 1956 2490 1996 omnem
2514 1939 2931 2013 intelligentiam
2971 1956 3211 2016 superat,
3237 1947 3378 2004 inef«

1799 2033 1957 2090 fabili
2004 2034 2166 2088 modo
2224 2033 2599 2089 convenerint.
2659 2035 2867 2091 Deinde
2918 2045 3081 2093 tenue
3121 2050 3225 2102 est,
3250 2042 3378 2111 quia

1806 2124 1953 2177 illam
1986 2124 2176 2195 legalis
2199 2124 2380 2179 cultus
2404 2124 2707 2179 crassitiem
2737 2142 2847 2181 non
2877 2126 3043 2183 habet
3076 2146 3090 2182 :
3141 2148 3160 2181 ι
3194 2129 3379 2185 Sacri-

1808 2212 1993 2269 ficium
2016 2215 2163 2270 enim
2202 2222 2258 2270 et
2286 2214 2621 2269 oblationem
2654 2216 2912 2272 noluisti:
2942 2218 3281 2286 holocausta,
3323 2230 3382 2276 et

1804 2322 1905 2376 pro
1954 2315 2178 2377 peccato
2222 2320 2335 2360 non
2393 2306 2719 2375 placuerunt
2759 2308 2895 2377 tibi;
2957 2326 3155 2382 corpus
3194 2322 3380 2370 autem

1806 2399 2002 2469 aptasti
2026 2398 2195 2464 mihi;
2216 2408 2345 2453 tunc
2373 2396 2484 2453 dixi
2509 2417 2522 2453 :
2542 2400 2683 2456 Ecce
2696 2402 2878 2467 venio,
2902 2411 2965 2456 ut
2981 2403 3194 2470 faciam,
3212 2407 3378 2475 Deus,

1806 2491 2142 2545 voluntatem
2183 2499 2330 2545 tuam
2361 2492 2426 2544 ".
2460 2510 2478 2542 ι
2532 2491 2870 2558 Qum-autem
2915 2503 3061 2551 esset
3088 2513 3152 2552 ea
3201 2498 3383 2555 Patris

1804 2581 2078 2644 voluntas,
2107 2582 2223 2652 ipse
2256 2596 2356 2636 nos
2401 2581 2457 2635 in
2502 2578 2813 2654 Evangeliis
2862 2584 3051 2641 docuit
3102 2600 3125 2646 ε
3169 2606 3187 2640 ι
3240 2586 3380 2656 Quia

1805 2672 2063 2727 descendi
2126 2673 2193 2727 de
2261 2674 2437 2737 coelo,
2510 2688 2619 2728 non
2664 2685 2725 2729 ut
2794 2676 2989 2731 faciam
3042 2678 3379 2735 voluntatem

1798 2774 2005 2825 meam,
2038 2760 2133 2815 sed
2170 2761 2509 2815 voluntatem
2541 2762 2659 2832 ejus
2691 2764 2784 2833 qui
2814 2766 2964 2821 misit
2999 2778 3123 2834 me;
3161 2767 3277 2824 haec
3297 2778 3383 2825 est

1805 2862 1988 2906 autem
2014 2851 2270 2907 voluntas
2300 2853 2420 2922 ejus
2451 2853 2544 2922 qui
2578 2854 2729 2908 misit
2754 2870 2860 2921 me,
2896 2857 3095 2923 Patris,
3119 2868 3179 2915 ut
3215 2875 3379 2916 omne

1805 2944 1952 3017 quod
1977 2944 2130 2999 dedit
2156 2942 2311 3008 mibi,
2331 2959 2441 2998 non
2465 2946 2689 3014 perdam
2722 2963 2788 3002 ex
2814 2963 2905 3014 eo,
2940 2950 3036 3005 sed
3054 2953 3377 3009 resuscitem

1807 3035 1942 3090 illud
1968 3035 2024 3089 in
2045 3034 2344 3089 novissimo
2368 3034 2456 3089 die
2491 3034 2535 3066 ⁸⁷
2570 3052 2583 3089 :
2616 3055 2634 3087 ι
2667 3036 2803 3090 Nam
2833 3039 3190 3110 semetipsum
3214 3042 3379 3097 obtu-

1804 3124 1870 3178 lit
1915 3138 2017 3195 pro
2045 3124 2205 3177 nobis
2244 3124 2299 3177 in
2341 3123 2564 3178 odorem
2599 3126 2882 3181 suavitatis
2912 3128 2957 3160 ⁸⁸
2978 3169 2992 3194 ,
3046 3128 3117 3184 ob
3149 3146 3379 3201 eamque

1807 3231 2026 3270 causam
2059 3217 2224 3270 etiam
2255 3215 2451 3270 summi
2480 3218 2777 3273 sacerdotis
2819 3228 2903 3275 est
2931 3220 3195 3292 dignitate
3242 3224 3380 3279 insi-

1807 3307 2010 3377 gnitus.
2046 3306 2169 3377 ipse
2202 3305 2369 3377 igitur
2399 3312 2483 3361 est
2509 3316 2755 3364 Summus
2795 3312 3071 3377 sacerdos,
3114 3313 3229 3383 ipse
3262 3314 3382 3387 thy-

1808 3398 2006 3451 miama
2054 3397 2417 3467 compositum
2439 3412 2510 3452 ac
2548 3408 2737 3465 tenue,
2780 3403 2927 3471 quod
2953 3402 3129 3474 ipsum
3177 3407 3380 3462 Paulus

1806 3489 1893 3544 his
1938 3489 2122 3544 verbis
2151 3498 2381 3546 testatus
2418 3502 2540 3548 est:
2585 3511 2602 3543 ι
2641 3492 2757 3547 Deo
2791 3502 2975 3549 autem
3023 3498 3244 3567 gratias,
3283 3501 3377 3569 qui

1806 3596 2021 3652 semper
2037 3582 2338 3654 triumphat
2364 3601 2464 3640 nos
2494 3586 2549 3639 in
2571 3584 2812 3651 Christo,
2843 3594 2899 3640 et
2929 3586 3152 3643 odorem
3171 3590 3380 3644 notitia:

1806 3684 1918 3725 suae
1939 3672 2255 3727 manifestat
2276 3684 2375 3744 per
2398 3690 2500 3730 nos
2534 3675 2589 3729 in
2615 3674 2772 3730 omni
2796 3675 2957 3741 loco;
2994 3675 3199 3732 Christi
3231 3679 3378 3732 enim

1804 3757 1985 3814 bonus
2020 3760 2159 3816 odor
2187 3777 2376 3817 sumus
2424 3758 2539 3817 Deo
2564 3763 2619 3817 in
2665 3763 2734 3817 iis
2756 3764 2848 3833 qui
2871 3764 3005 3819 salvi
3047 3764 3202 3831 fiunt,
3234 3775 3290 3821 et
3324 3767 3379 3822 in

1808 3848 1875 3905 iis
1913 3851 2007 3921 qui
2052 3862 2288 3922 pereunt
2320 3872 2331 3907 :
2383 3854 2471 3908 his
2498 3854 2721 3924 quidem
2757 3855 2894 3911 odor
2911 3857 3104 3911 mortis
3131 3858 3188 3912 in
3219 3874 3373 3913 mor-

1802 3946 1960 4007 tem,
2006 3943 2114 3997 illis
2163 3957 2297 3999 vero
2357 3945 2495 3999 odor
2565 3947 2692 4001 vitae
2744 3947 2799 4001 in
2858 3947 3025 4002 vitam
3071 3949 3136 4001 ".
3176 3966 3195 3999 ι
3268 3949 3379 4005 Nos

1803 4033 1970 4088 etiam
2033 4034 2454 4105 alloquebatur,
2535 4038 2783 4092 dicens:
2862 4057 2880 4088 ι
2956 4039 3143 4095 Estote
3210 4040 3376 4111 igitur

1804 4125 2111 4182 imitatores
2148 4126 2267 4193 Dei,
2314 4134 2376 4182 ut
2398 4128 2495 4183 lilii
2534 4128 2863 4193 charissimi,
2904 4139 2959 4185 et
2997 4131 3272 4188 ambulate
3319 4135 3377 4189 in

1806 4217 2123 4284 dilectione,
2165 4218 2307 4275 sicut
2328 4227 2385 4275 et
2412 4220 2667 4276 Christus
2695 4220 2885 4276 dilexit
2918 4238 3039 4288 nos,
3074 4231 3129 4279 et
3155 4223 3379 4281 tradidit

1805 4324 1863 4363 se
1880 4308 2059 4379 ipsum
2091 4324 2191 4380 pro
2214 4310 2374 4365 nobis
2396 4311 2753 4376 oblationem,
2789 4320 2845 4367 et
2882 4312 3117 4367 hostiam
3160 4314 3293 4380 Deo,
3320 4314 3376 4369 in

1805 4399 2026 4455 odorem
2058 4401 2345 4455 suavitatis
2394 4402 2459 4454 '°.
2505 4420 2522 4451 ι
2570 4401 2810 4473 Tempus
2850 4413 3116 4474 praeterea
3168 4406 3376 4462 incensi

144 4504 226 4557 καὶ
249 4504 315 4556 δι’
339 4499 413 4557 ὧν
444 4501 511 4556 ἂν
541 4502 670 4573 ἡμῖν
690 4500 844 4567 ἠτῶν
867 4501 945 4562 είς
983 4495 1044 4550 τὸ
1073 4497 1203 4550 εἴσω
1236 4496 1607 4569 θεωρημάτων
1638 4492 1696 4550 εὖ

1808 4490 2057 4544 adolendi
2081 4490 2431 4544 manifestum
2460 4490 2608 4555 fecit,
2639 4506 2703 4544 ac
2731 4492 2926 4555 sancit,
2964 4502 3023 4548 ut
3069 4494 3252 4549 omnia
3284 4509 3377 4550 ors-

142 4592 240 4662 ἔχοι
258 4593 505 4663 δύναμις.
530 4609 549 4642 ι
572 4592 644 4644 Τὸ
667 4588 810 4662 τιρωῖ
842 4608 860 4640 ι
880 4587 1010 4660 γὰρ,
1036 4586 1191 4658 φησὶ,
1217 4606 1235 4638 ι
1268 4588 1362 4641 καὶ
1384 4587 1446 4640 τὸ
1475 4588 1571 4657 ὀψὲ
1592 4586 1701 4641 τῶν

143 4682 329 4753 λύχνων
352 4680 734 4752 ὲξαπτομένων
765 4679 859 4732 καὶ
886 4676 1374 4747 ὲπισκιαζομὲνων,
1417 4698 1436 4730 ι
1483 4676 1577 4730 τοῦ
1603 4677 1700 4747 μὲν

143 4772 226 4842 ὀψὲ
254 4774 344 4827 καὶ
378 4772 549 4845 πρωῒ,
590 4772 651 4824 τὸ
673 4769 1018 4824 ἀδιάλειπτόν
1066 4785 1126 4821 τε
1156 4768 1252 4822 καὶ
1302 4768 1553 4838 διηνεκὲς
1601 4768 1700 4839 ἑμ-

150 4864 433 4932 φαίνοντος,
455 4862 552 4917 τοῦ
576 4861 633 4916 δὲ
663 4862 769 4915 ὑπὸ
795 4859 1009 4931 λύχνοις
1035 4858 1232 4930 χρῆναι
1266 4857 1487 4931 θυμιᾷν,
1519 4859 1697 4912 ἐκεῖνό

147 4971 236 5016 που
284 4956 422 5027 τάχα
487 4950 924 5025 παραδηλοῦντος
968 4945 1029 5005 εῦ
1079 4950 1253 5021 μάλα,
1309 4950 1391 5003 ὅτι
1433 4948 1573 5019 φωτὶ
1620 4947 1700 5020 τῷ

146 5045 260 5116 θείῳ
308 5044 807 5115 καταλαμπόμενοι,
860 5041 981 5095 τότε
1016 5040 1104 5110 δὴ,
1150 5041 1271 5093 τότε
1319 5040 1417 5111 τῆς
1478 5039 1703 5103 εὐωδίας

146 5134 361 5203 Χριστοῦ
398 5135 671 5198 πλουσίως
727 5128 1217 5201 ἀναπιμπλάμεθα,
1271 5130 1395 5200 ἴμεν
1452 5145 1509 5182 τε
1559 5125 1701 5189 οὕτω

149 5226 268 5296 πρὸς
294 5228 541 5299 ατσθησιν
572 5227 680 5281 τῶν
710 5224 817 5278 ἔσω
836 5225 1037 5294 σκηνῆς
1068 5221 1307 5290 ἀγαθῶν,
1326 5222 1444 5292 ῆτοι
1472 5224 1569 5292 τῆς
1594 5220 1702 5272 τῶν

147 5315 288 5370 θείων
338 5319 690 5390 χαρισμάτων
735 5306 1016 5386 διανομῆς,
1051 5315 1116 5384 ἢν
1143 5314 1255 5375 τοῖς
1302 5312 1472 5378 ἀξίοις
1520 5310 1701 5382 ὀρέγει

147 5407 380 5478 Χριστός.
410 5412 572 5463 ’Ὥστε
624 5410 676 5463 εἴ
710 5425 794 5470 τις
848 5404 1001 5459 οῦπω
1047 5406 1270 5473 γέγονεν
1320 5404 1377 5455 ὲν
1432 5404 1569 5472 φωτὶ
1612 5400 1697 5454 διὰ

154 5501 387 5565 πίστεως,
420 5503 535 5556 ἔστι
567 5519 670 5554 που
714 5500 931 5561 πάντως
971 5497 1189 5566 καὶτῆς
1223 5493 1424 5566 νοητῆς
1469 5492 1698 5555 εὐωδίας

154 5590 423 5662 ἀμέτοχος,
487 5592 567 5646 ἔτι
622 5591 684 5644 τὸ
724 5588 962 5660 Χριστοῦ
1015 5587 1091 5658 μὴ
1154 5584 1309 5647 εἰδὼς
1366 5584 1693 5655 μυστήριον.

215 5710 257 5741 ⁸³
295 5710 458 5766 Hebr.
518 5726 594 5774 rx,
637 5708 726 5763 24.
827 5706 874 5740 “
905 5703 1333 5776 Ephesantu.

1434 5703 1479 5735 "
1525 5701 1698 5758 Exod.
1740 5714 1864 5761 xxx,
1897 5699 1948 5751 7.

1807 4579 1991 4633 dinate
2039 4586 2095 4632 et
2122 4580 2350 4633 honeste
2382 4578 2535 4644 fiant,
2562 4588 2619 4634 et
2647 4580 2722 4635 ita
2752 4590 2814 4638 ut
2840 4581 2908 4636 iis
2935 4581 3003 4637 ad
3036 4581 3378 4637 internarum

1802 4684 1989 4724 rerum
2024 4670 2542 4740 contemplationem
2589 4679 2794 4728 nostra:
2815 4671 2962 4727 vires
2986 4672 3316 4746 adiuventur
3362 4692 3373 4726 :

1810 4782 1827 4812 ‹
1850 4762 2024 4826 Mane,
2049 4781 2065 4813 ‹
2094 4760 2294 4833 inquit,
2329 4779 2346 4812 ι
2367 4768 2424 4817 et
2438 4762 2652 4834 vesperi
2673 4777 2797 4818 cum
2814 4763 3054 4819 lucet-nm
3069 4764 3378 4821 accendun-

1805 4862 1896 4908 tur
1914 4862 1970 4909 et
1993 4862 2397 4924 componuntur
2420 4852 2463 4885 “
2486 4870 2501 4920 ;
2533 4870 2625 4909 HIC
2650 4870 2809 4911 mane
2831 4856 3052 4926 quidem
3070 4863 3127 4911 et
3154 4870 3380 4926 vespere

1804 4946 2124 5000 continuum
2168 4953 2607 5015 perpetuumque
2634 4953 2848 5017 tempus
2886 4946 3130 5002 indicant
3163 4964 3176 4998 :
3216 4961 3381 5016 porro

1807 5051 1931 5092 eum
1953 5034 2607 5098 accendunturlucernze,
2658 5035 2987 5089 adolendum
3030 5050 3152 5090 esse
3193 5035 3382 5091 incenv

1808 5139 1950 5189 sum,
1979 5122 2113 5177 illud
2134 5121 2382 5177 fortassis
2418 5128 2545 5190 apte
2582 5120 2871 5190 significat,
2915 5136 3039 5176 cum
3069 5120 3257 5174 divino
3292 5121 3380 5175 lu-

1809 5217 1956 5271 mine
1983 5215 2340 5277 illustramur,
2376 5220 2490 5266 tum
2514 5211 2735 5265 demum
2780 5210 2983 5265 Christi
3018 5211 3165 5265 bouo
3211 5212 3382 5266 odoro

1804 5324 1907 5364 nos
1945 5305 2164 5363 abunde
2199 5305 2484 5374 compleri,
2512 5313 2568 5358 et
2590 5304 2664 5357 ita
2701 5302 2769 5357 ad
2799 5303 3078 5357 interioris
3126 5304 3381 5362 taberna—

1804 5399 1912 5455 culi
1958 5398 2123 5461 bona,
2160 5395 2322 5466 309
2361 5395 2413 5449 id
2437 5407 2539 5459 est,
2602 5395 2669 5449 ad
2701 5395 2885 5450 divina
2948 5411 3174 5450 munera
3200 5398 3381 5468 perci-

1802 5490 2000 5562 pienda
2046 5502 2293 5559 pergere,
2345 5501 2466 5556 quae
2506 5484 2758 5540 Christus
2806 5484 2873 5540 iis
2927 5486 3019 5555 qui
3055 5487 3201 5556 digni
3244 5494 3371 5542 sunt

1802 5581 2052 5651 largitur.
2080 5578 2290 5647 itaque,
2319 5577 2364 5632 si
2394 5575 2517 5646 quis
2543 5576 2785 5631 nondum
2814 5586 2899 5633 est
2931 5578 2986 5632 ἢ]
3029 5578 3235 5632 lumine
3284 5589 3381 5649 per

2054 5697 2101 5728 "
2130 5694 2273 5755 Psal.
2320 5709 2509 5764 xmx,
2541 5694 2652 5751 7-9.
2730 5695 2772 5728 "
2822 5695 2977 5759 Joan.
3028 5708 3129 5764 γι,
3187 5690 3376 5752 5840.

153 5762 483 5848 κευιὶὶιὶῗν,
518 5762 594 5835 ᾖξ’
642 5762 696 5810 7"
733 5776 777 5835 ll
801 5776 929 5833 Cor.
954 5762 1039 5859 in,
1089 5762 1263 5828 H-l6.
1341 5772 1384 5803 ‘°
1416 5772 1613 5843 Ephes.
1645 5787 1696 5835 v,
1726 5770 1777 5834 1,
1819 5770 1870 5821 θ.
1951 5767 1993 5799 ⁸⁸
2017 5764 2188 5819 Exod.
2221 5779 2343 5818 xxx.
2384 5762 2435 5816 7.
