4140 6508
652 336 758 393 6%

1673 332 1728 385 S.
1770 331 2043 387 CYRlLLl
2082 328 2549 388 ΑιΕχΑΝῡιιιιιι
2590 334 2907 391 ARCHIEP.

3792 355 3896 412 624

660 456 842 519 ﬁdem,
873 462 959 508 est
1012 453 1203 523 procul
1235 450 1404 505 dubio
1445 449 1748 519 spiritualis
1768 449 1959 505 odoris
2001 466 2219 521 expers,

2329 471 2348 504 ι
2381 454 2506 508 Ἐὰν
2556 454 2665 525 7&9
2700 454 2777 524 μὴ
2833 453 3182 527 πιστεύσητε,
3242 458 3351 513 οὐδ’
3397 459 3456 513 ού
3509 461 3584 534 μὴ
3617 464 3834 536 συνῆτε,
3867 487 3887 522 ι

656 562 779 603 cum
804 545 982 600 adhuc
1005 542 1206 599 Christi
1228 541 1546 613 mysterium
1578 541 1793 611 ignoret
1830 558 1843 594 :
1878 559 1898 593 ι
1940 541 2057 597 Nisi
2076 542 2223 596 enim

654 635 1021 699 credideritis,
1043 653 1062 686 ι
1086 632 1283 702 inquit,
1314 651 1330 682 ι
1354 646 1464 686 non
1494 631 1809 703 intelligetis
1836 632 1931 683 ⁸³.»
1964 632 2061 686 Est
2075 633 2223 687 enim

657 729 791 783 tldes
814 728 964 782 velut
992 725 1205 796 primus
1234 724 1418 778 adilus
1440 722 1509 777 ad
1526 722 1850 792 sapientiam
1894 723 2222 791 perducens,

656 823 1004 884 mentemque
1030 811 1436 883 quodammodo
1494 810 1565 865 ad
1593 810 1765 864 divini
1805 810 2031 866 luminis
2068 825 2224 866 rece-

655 907 897 976 ptiouem
914 904 1113 974 aperit.
1142 902 1583 959 Continuationis
1605 908 1789 956 autem
1823 902 2108 957 incensum
2131 917 2225 971 ap-

655 998 854 1069 pellat;
892 997 1103 1051 nullum
1128 994 1344 1065 quippe:
1357 1003 1575 1064 tempus
1597 1002 1701 1058 est,
1729 992 1862 1062 quin
1874 991 2138 1047 Christus
2168 992 2223 1045 in

655 1095 843 1141 sancto
894 1084 1268 1149 tabernaculo,
1325 1083 1431 1138 hoc
1453 1090 1558 1148 est,
1611 1082 1667 1137 in
1706 1081 1966 1145 Ecclesia,
1998 1081 2223 1136 odorem

654 1178 845 1247 Spiret.
892 1175 1175 1232 lnterdicit
1223 1182 1405 1229 autem
1451 1187 1675 1243 prorsus
1721 1187 1792 1227 ne
1838 1186 2006 1241 super
2042 1172 2221 1236 illum,

659 1268 913 1323 nimirum
940 1282 1105 1338 super
1120 1266 1296 1320 altare
1323 1263 1548 1326 Christi,
1602 1262 1841 1316 libamen
1868 1262 2219 1331 imponatur,

656 1368 750 1415 aut
767 1358 1029 1427 oneratur
1048 1356 1281 1421 oblatio;
1312 1369 1439 1409 nam
1482 1353 1539 1406 in
1581 1352 1800 1407 Christo
1848 1352 2052 1406 abolita
2095 1360 2224 1408 sunt

656 1468 776 1523 quae
794 1452 930 1521 legis
947 1456 1124 1514 erant,
1158 1456 1215 1502 et
1239 1446 1308 1501 ad
1324 1446 1487 1500 ﬁnem
1516 1443 2086 1514 perveniuntumbrze,
2118 1444 2223 1498 hoc

656 1547 758 1604 est,
797 1546 855 1592 ut
883 1537 1098 1607 Opinor,
1133 1536 1371 1589 libamen
1399 1540 1455 1587 et
1477 1532 1714 1597 oblatio;
1748 1531 1912 1601 idque
1955 1532 2221 1601 propheta

657 1635 907 1691 testatur,
935 1625 1124 1680 dicens
1174 1640 1188 1675 :
1228 1641 1245 1673 ι
1274 1621 1470 1675 Ablata
1523 1628 1652 1675 sunt
1689 1620 1757 1674 de
1803 1619 1965 1673 domo
2004 1619 2220 1674 Domini

656 1715 982 1772 sacriﬁcium
1037 1726 1093 1770 et
1115 1713 1352 1767 libamen
1397 1710 1461 1763 ⁸³.
1504 1730 1522 1763 ι
1565 1710 1830 1779 Namque,
1879 1709 2221 1764 manifestato

656 1812 761 1880 iam
789 1810 882 1865 illo
908 1808 1325 1864 adorationis'et
1350 1805 1531 1860 cultus
1564 1819 1797 1875 genere,
1820 1804 1965 1874 quod
1989 1803 2217 1859 exhibe-
2252 1789 2290 1844 Β

655 1908 745 1955 tur
773 1900 830 1956 in
855 1899 1050 1971 spiritu
1072 1906 1129 1953 et
1160 1896 1418 1959 veritate,
1458 1910 1807 1966 supervacua;
1841 1902 1970 1950 sunt
2012 1894 2221 1951 umbra:

654 1989 1075 2061 quodammodo,
1116 1998 1171 2043 et
1209 1988 1397 2041 inanes
1419 1988 1604 2057 ﬁgura:
1631 2001 1696 2041 ac
1721 2000 1946 2056 prorsus
1965 1985 2217 2053 inutiles;

654 2098 793 2139 nova
834 2084 1035 2153 quippe
1085 2088 1335 2136 creatura
1371 2079 1427 2133 in
1456 2078 1697 2133 Christo
1735 2094 1748 2130 :
1786 2092 1818 2131 a
1861 2077 2034 2148 gratia
2072 2078 2219 2131 enim

654 2174 992 2240 exciderunt,
1015 2173 1109 2244 qui
1136 2179 1259 2242 post
1287 2170 1710 2227 declarationem
1755 2169 2003 2224 veritatis
2026 2169 2082 2224 in
2139 2170 2219 2225 le-

653 2282 717 2336 ge
733 2264 1177 2337 justiﬁeantur“.
1200 2283 1219 2313 ι
1243 2262 1361 2317 Νοιι
1394 2260 1643 2331 impones
1665 2267 1947 2331 praeterea,
1973 2278 1990 2310 ι
2021 2260 2217 2329 inquit,

657 2377 677 2411 ι
702 2373 865 2427 super
887 2358 1057 2411 altare
1075 2358 1359 2411 incensum
1378 2352 1526 2407 aliud
1541 2354 1613 2417 ‘5;
1640 2371 1658 2402 ι
1694 2351 1859 2406 alium
1901 2351 2048 2406 enim
2079 2351 2219 2406 reci-

655 2450 868 2521 piemus
892 2450 949 2503 in
976 2447 1195 2504 Christo
1216 2460 1439 2517 prorsus
1453 2444 1748 2509 neminem,
1791 2459 1990 2513 neque,
2021 2444 2215 2509 Rabbi,

653 2541 909 2611 cuiquam
939 2538 1095 2594 alteri
1137 2538 1412 2601 dicemus;
1458 2550 1600 2589 unus
1652 2542 1737 2590 est
1780 2535 1925 2589 enim
1963 2536 2221 2605 magister

652 2642 861 2697 noster,
909 2645 974 2686 ac
1019 2636 1320 2701 praeceptor
1346 2628 1423 2693 “,
1452 2626 1612 2696 eique
1660 2626 1763 2681 soli
1808 2626 2215 2690 inhaerebimus,

654 2725 936 2780 dicentes:
980 2741 997 2772 ι
1028 2720 1374 2790 Unguentum
1414 2716 1750 2773 exinanitum
1807 2731 2007 2771 nomen
2040 2725 2215 2771 tuum.

661 2817 960 2886 Propterea
986 2809 1405 2866 adulescentula;
1448 2809 1758 2863 dilexerunt
1800 2815 1894 2861 te:
1935 2815 2219 2863 traxerunt

653 2911 889 2975 mepost
922 2910 972 2956 te
1003 2919 1016 2954 ε
1042 2902 1096 2955 in
1128 2899 1350 2954 odorem
1392 2908 1793 2969 unguentorum
1833 2906 2050 2952 tuorum
2088 2912 2217 2951 cur-

654 3009 839 3048 remus
875 2994 941 3046 ‘7.
975 3010 993 3042 ι
1045 2990 1237 3045 Annon
1297 2988 1401 3043 hoc
1448 2987 1582 3043 illud
1612 2995 1716 3052 est,
1762 3006 1793 3038 -ι
1824 2987 1943 3042 Νοιι
1970 2987 2218 3056 impones

652 3098 816 3153 super
848 3079 982 3136 illud
1005 3080 1288 3170 incensum
1311 3076 1503 3170 aliud?
1528 3096 1547 3128 ι
1581 3075 1765 3170 Solius
1808 3075 1955 3170 enim
2008 3073 2213 3129 Christi
2243 3112 2285 3170 ο

652 3176 828 3229 bonus
843 3172 980 3229 odor
1004 3172 1060 3226 in
1086 3169 1329 3227 Ecclesia
1357 3168 1491 3223 satis
1513 3168 1620 3223 erit
1643 3167 1713 3222 iis
1756 3166 1850 3236 qui
1882 3166 1999 3220 sani
2026 3178 2214 3220 revera

650 3272 798 3329 sunt,
858 3262 1062 3333 quique
1109 3261 1277 3316 alium
1329 3259 1556 3314 odorem
1596 3257 1821 3313 minime
1847 3263 2120 3325 quaerunt,
2155 3262 2217 3309 ut

650 3362 799 3409 certe
833 3352 1079 3409 infelices
1140 3349 1312 3406 Judaei
1365 3348 1597 3413 faciunt,
1648 3348 1742 3418 qui
1795 3347 1931 3403 illud
1988 3347 2217 3418 thymia-

650 3460 739 3500 ma
789 3442 1150 3514 compositum
1222 3456 1289 3495 ac
1355 3449 1563 3503 tenue,
1615 3438 1670 3493 id
1725 3446 1847 3503 est,
1900 3437 2204 3503 Christum,

649 3550 764 3604 prae
826 3533 1117 3603 superbia,
1165 3530 1405 3584 ludibrio
1458 3528 1701 3592 habent,
1756 3537 1814 3582 et
1865 3528 2006 3583 sacri
2055 3528 2217 3598 hujus

650 3638 715 3677 ac
738 3638 867 3678 sane
884 3620 1056 3675 divini
1099 3620 1285 3675 odoris
1308 3627 1560 3688 expertes
1604 3625 2002 3681 remanserunt,
2050 3617 2215 3673 alium

650 3719 833 3767 autem
861 3725 961 3781 pro
1002 3724 1069 3763 eo
1121 3707 1408 3777 recipient,
1467 3706 1622 3760 illum
1663 3720 1859 3775 nempe
1908 3704 2076 3761 ﬁlium
2116 3707 2216 3763 ini-

649 3800 895 3871 quitatis,
918 3819 934 3850 ‹
958 3798 1050 3869 qui
1074 3798 1414 3860 adversatur,
1436 3794 1783 3851 etextollitur
1798 3811 1961 3866 super
1976 3812 2214 3863 omnem,

648 3893 744 3964 qui
768 3892 968 3947 dicitur
997 3891 1160 3954 Deus,
1196 3895 1289 3942 aut
1326 3886 1473 3957 quod
1516 3886 1748 3951 colitur;
1791 3886 1867 3941 ita
1902 3894 1963 3939 ut
2003 3886 2117 3956 ipse
2161 3887 2217 3942 in

647 3979 852 4050 templo
875 3977 993 4041 Dei,
1034 3985 1096 4031 ut
1118 3975 1382 4045 scriptum
1411 3982 1513 4037 est,
1564 3973 1771 4039 sedeat,
1790 3975 2083 4030 ostendens
2134 3992 2213 4040 sc,

647 4082 906 4142 tanquam
940 4069 1012 4124 sit
1049 4069 1193 4124 Deus
1239 4067 1313 4133 ‘3;
1344 4086 1361 4117 ι
1407 4066 1500 4136 qui
1529 4063 1775 4120 divinum
1806 4066 2216 4122 tabernaculum

646 4161 811 4215 etiam
847 4156 1115 4228 inquinat,
1149 4170 1275 4209 cum
1326 4154 1398 4209 sit
1450 4153 1635 4208 fumus
1674 4154 1906 4217 alienus,
1932 4161 2009 4218 et,
2058 4164 2120 4208 ut
2143 4154 2215 4209 ita

645 4251 843 4315 dicam,
866 4248 1169 4304 diaboliws
1189 4246 1362 4300 fetor:
1388 4244 1550 4316 310
1576 4264 1593 4294 ι
1629 4244 1747 4299 Erit
1769 4244 1936 4307 enim,
1968 4265 1985 4295 ι
2017 4244 2214 4315 inquit,

653 4362 671 4395 ι
695 4343 840 4398 illius
862 4341 1126 4396 adventus
1144 4337 1446 4394 secundum
1481 4336 1853 4407 operationem
1872 4336 2082 4391 Satanae
2097 4338 2160 4391 ‘9.
2192 4358 2209 4389 ι

2325 546 2480 615 φησί.
2528 544 2811 616 Προσδολὴ
2834 545 2943 616 γὰρ
2986 548 3020 616 ή
3058 548 3264 614 πίστις,
3287 554 3367 615 είς
3415 554 3631 608 σύνεσιν
3682 559 3889 629 ἀποφέ-

2325 650 2515 704 ρουσα,
2551 636 2648 689 καὶ
2674 637 2840 690 οίονεὶ
2870 637 3005 707 πρὸς
3052 640 3364 713 παραδοχὴν
3413 644 3508 697 τοῦ
3537 645 3683 699 θείου
3718 652 3889 716 φωτὸς

2325 723 2570 778 ἀπλοῦσα
2610 723 2705 777 τὸν
2748 723 2892 777 νοῦν.
2961 726 3367 799 Ἐνδελεχισμοῦ
3426 732 3497 785 δὲν
3534 735 3790 805 ὀνομάζει
3832 739 3889 791 τὸ

2325 813 2593 884 θυμίαμα.
2624 813 2831 884 Καιρδς
2862 814 2969 886 7&9
3012 816 3207 884 οὐδεὶς,
3226 818 3348 872 καθ’
3388 820 3448 874 δν
3477 822 3577 875 οὐκ
3610 825 3887 891 eamme:

2323 904 2555 976 Χριστὸς
2586 906 2643 958 ὲν
2666 907 2734 975 τῇ
2752 905 2884 976 ἁγίᾳ
2917 910 3110 978 σκηνῇ,
3144 910 3439 975 τουτέστιν,
3481 916 3539 967 ὲν
3564 917 3630 985 τῇ
3664 917 3887 990 Ἐκκλη-

2324 994 2436 1065 σίᾳ.
2474 994 2810 1063 Ἀποφάσκει
2862 995 2920 1048 δὲ
2967 998 3267 1065 παντελῶς,
3301 1000 3362 1054 τὸ
3398 1002 3510 1056 δεῖν
3550 1004 3646 1057 ἐπ’
3698 1009 3884 1074 αὑτοῦ,

2321 1084 2480 1154 δῆλον
2508 1084 2565 1137 δὲ
2592 1085 2674 1137 ὃτι
2706 1083 2800 1137 τοῦ
2831 1084 3215 1159 θυσιαστηρίου
3239 1088 3332 1143 τοῦ
3370 1091 3631 1164 Χριστοῦ,
3656 1098 3885 1169 σπονδὴν

2324 1175 2704 1239 κατακεῖσθαι,
2730 1176 2827 1230 ml
2870 1176 3287 1250 ἀναφέ[ρε]σθαι
3332 1180 3633 1255 κάρπωμα.
3666 1186 3883 1259 Κατήρ-

2318 1283 2485 1337 γηται
2509 1266 2618 1337 γὰρ
2653 1268 2709 1319 ὲν
2731 1266 2957 1338 Χριστῷ
2990 1266 3059 1321 τά
3084 1270 3143 1321 ὲν
3182 1269 3351 1341 νόμῳ,
3375 1273 3469 1326 καὶ
3496 1276 3575 1338 είς
3605 1276 3761 1340 τέλος
3791 1278 3883 1350 ερ-

2318 1375 2516 1412 πουσιν
2538 1357 2596 1412 αί
2624 1358 2796 1413 σκιαί.
2824 1357 3016 1423 Τοῦτο,
3046 1356 3220 1429 οῐμαι,
3252 1361 3367 1415 ἐστι
3400 1365 3598 1437 σπονδὴ
3636 1368 3733 1421 καὶ
3752 1370 3881 1442 2&9-

2322 1468 2506 1521 πωμα.
2558 1450 2668 1504 Kal
2707 1454 2976 1522 μαρτυρεῖ
3001 1450 3173 1520 λέγων
3216 1455 3245 1506 ὁ
3291 1457 3596 1528 προφήτης·
3635 1477 3655 1509 ι
3692 1460 3879 1533 Έξῆρ-

2320 1558 2409 1595 ται
2441 1542 2500 1608 ἐξ
2549 1543 2698 1595 οἴκου
2746 1543 2951 1613 Κυρίου
2988 1542 3145 1597 θυσία
3193 1546 3287 1597 καὶ
3351 1539 3570 1621 σπονδή.
3598 1569 3616 1600 ι
3675 1552 3883 1606 Ἀναδε-

2320 1632 2610 1705 δειγμὲνης
2650 1634 2759 1706 γὰρ
2801 1634 2901 1705 ἤδη
2940 1634 3040 1706 τῆς
3086 1636 3146 1689 ὲν
3176 1637 3466 1708 ¹πνεύματι
3518 1641 3612 1693 καὶ
3658 1642 3883 1716 ἀληθείᾳ

2324 1726 2750 1795 προσκυνήσεως
2786 1727 2882 1781 καὶ
2900 1725 3174 1798 λατρείας,
3206 1729 3459 1799 περιτταί
3481 1748 3598 1796 πως
3624 1734 3678 1786 αί
3710 1735 3882 1802 σκιαὶ,

2320 1817 2414 1870 καὶ
2446 1817 2507 1870 τὸ
2558 1817 2619 1870 ὲν
2668 1819 2859 1882 τύποις
2908 1820 3112 1874 είκαίον
3145 1821 3238 1873 καὶ
3276 1822 3530 1893 ἀνόνητον
3573 1826 3880 1890 παντελῶς·

2320 1908 2480 1979 καινή
2505 1908 2612 1978 7&9
2658 1909 2835 1972 κτίσις
2867 1910 2926 1962 ὲν
2962 1910 3203 1983 Χριστῷ.
3249 1910 3364 1983 Τῆς
3396 1914 3505 1984 7&9
3532 1915 3754 1988 χάριτος
3794 1921 3883 1975 ὲκ-

2320 1997 2669 2052 πεπτώκασιν
2696 2000 2750 2053 οί
2783 2001 2842 2053 εν
2867 2000 3015 2072 νόμῳ
3057 2001 3423 2074 δικαιούμενοι
3457 2004 3592 2075 μετά
3647 2008 3746 2081 τὴν
3773 2012 3879 2081 τῆς

2318 2090 2576 2160 ἀληθείας
2631 2089 2923 2157 ἀνάδειξιν.
2984 2111 3002 2144 ι
3062 2095 3176 2147 Οὐκ
3231 2096 3468 2161 ἀνοίσεις
3507 2096 3599 2161 δὲ,
3630 2102 3876 2173 »φησὶῃ

2327 2197 2347 2231 ι
2376 2180 2467 2233 ἐπὶ
2508 2180 2571 2234 τὸ
2630 2181 3010 2254 θυσιαστήριον
3049 2183 3298 2255 θυμίαμα
3349 2186 3553 2257 ἕτερον.
3619 2206 3638 2241 ι
3692 2192 3880 2261 Παρα-

2316 2267 2584 2337 δεξόμεθα
2618 2267 2726 2339 γὰρ
2754 2270 2813 2323 ὲν
2849 2271 3069 2341 Χριστῷ
3101 2272 3283 2345 ἓτερον
3337 2275 3614 2340 παντελῶς
3671 2278 3877 2334 οὐδένα.

2329 2356 2521 2410 Ῥαόὁὶ
2548 2357 2605 2411 δὲ
2636 2357 2741 2411 τῶν
2768 2358 2937 2412 ὄντων
2979 2358 3212 2431 ἐροῦμεν
3241 2360 3435 2417 οὐδενί.
3472 2358 3570 2429 Εἷς
3593 2365 3703 2436 γὰρ
3727 2367 3882 2438 ἡμῶν

2316 2447 2634 2512 διδάσκαλος
2687 2450 2778 2502 καὶ¹
2831 2448 3181 2521 καθηγητὴς,
3243 2452 3337 2507 καὶ
3396 2454 3544 2526 αὒτῷ
3602 2456 3667 2528 δὴ
3739 2458 3883 2528 μόνῳ

2319 2538 2772 2609 προσκεισόμεθα,
2796 2538 3062 2608 λέγοντες,
3102 2559 3121 2592 ι
3156 2541 3343 2614 Μῦρον
3364 2544 3676 2599 ἐκκενωθὲν
3706 2547 3883 2618 ὄνομά

2319 2644 2434 2682 σου.
2468 2629 2568 2682 Διά
2590 2629 2750 2683 τοῦτο
2776 2630 3012 2695 νεάνιδες
3043 2631 3332 2704 ἠγάπησαν
3374 2650 3454 2690 σε.
3483 2634 3756 2691 Εῖλκυσάν
3793 2656 3879 2709 με,

2317 2718 2490 2770 ὀπίσω
2536 2734 2628 2771 σου
2672 2720 2751 2783 είς
2801 2718 2975 2791 ὀσμὴν
3024 2718 3210 2791 μύρων
3254 2738 3345 2775 σου
3384 2722 3706 2793 δραμοῦσαι.
3745 2746 3765 2777 ι
3814 2728 3882 2780 Ἦ

2317 2809 2438 2879 οὐχὶ
2460 2807 2617 2863 τοῦτό
2645 2811 2759 2863 ὲστι
2787 2810 2867 2873 τὸ,
2906 2829 2924 2862 ι
2963 2811 3077 2863 Οὐκ
3102 2811 3335 2877 ἀνοίσεις
3357 2812 3443 2865 ἐπ’
3476 2814 3609 2868 αὐτὸ
3631 2817 3882 2888 θυμίαμα

2314 2897 2514 2969 ἕτερον
2538 2915 2558 2966 ;
2590 2917 2609 2951 ι
2649 2900 2827 2953 Μάνου
2858 2900 2966 2972 γὰρ
2987 2901 3225 2970 Χριστοῦ
3246 2903 3308 2956 τὸ
3334 2903 3529 2968 εὑῶδες
3556 2908 3613 2959 ὲν
3651 2906 3883 2980 Ἐκκλη-

2319 2989 2409 3063 σίᾳ
2444 2993 2555 3054 τοῖς
2589 3007 2654 3059 γε
2691 2991 2905 3063 ἀληθῶς
2938 2993 3223 3064 ὲχέφροσιν
3256 2993 3522 3067 Δἐξαρκοίη
3552 2997 3639 3063 ἀν,
3690 3000 3883 3070 ἐτέρας

2315 3084 2492 3153 ὀσμῆς
2534 3084 2634 3137 οὑκ
2665 3084 2999 3155 ἐφιεμένοιςο
3056 3083 3309 3157 καθάπερ
3339 3086 3529 3157 ἀμέλει
3559 3088 3653 3143 καὶ
3682 3091 3735 3142 οί
3784 3091 3881 3145 τά-

2318 3174 2479 3239 λανες
2525 3175 2889 3244 Ἰουδαῖοι.,Τὸ
2929 3177 3026 3247 μὲν
3060 3178 3170 3250 7&9
3217 3177 3463 3250 θυμίαμα
3511 3180 3572 3233 τὸ
3629 3180 3883 3236 σύνθετον

2319 3265 2412 3317 καὶ
2473 3264 2705 3330 λεπτὸν,
2763 3264 3034 3348 raptim,
3086 3266 3357 3336 Χριστὸν,
3421 3269 3541 3331 ταῖς
3598 3268 3882 3334 ἀπονοίαις

2318 3357 2777 3429 περιυϐρίζουσιν.
2811 3358 2922 3412 Kal
2943 3358 3201 3430 ἀμέτοχοι
3227 3359 3327 3430 μὲν
3360 3362 3463 3432 τῆς
3499 3361 3649 3432 ίερᾶς
3675 3362 3882 3433 ταύτης

2317 3449 2350 3519 ἢ
2387 3448 2481 3501 καὶ
2520 3447 2673 3512 θείας
2713 3448 2926 3520 ἀληθῶς
2968 3450 3339 3521 μεμενήκασιν
3388 3450 3645 3514 εὐωδίας·
3694 3452 3880 3524 ἕτερον

2317 3540 2374 3593 δὲ
2398 3540 2513 3593 ἀντ’
2562 3538 2727 3592 αὑτοῦ
2758 3538 3172 3612 παραδέξονται,
3208 3540 3300 3593 τὸν
3332 3541 3430 3611 τῆς
3467 3540 3695 3611 ἀνομίας
3739 3542 3876 3606 υἱὸν,

2325 3651 2344 3683 ‹
2374 3632 2463 3685 τὸν
2505 3630 2878 3700 ἀντικείμενον
2922 3632 3015 3685 καὶ
3073 3632 3499 3702 ὑπεραιρόμενον
3546 3632 3638 3685 ἐπὶ
3693 3633 3877 3686 πάντα

2316 3721 2605 3792 λεγόμενον
2637 3720 2768 3775 Θεὸν
2797 3720 2829 3792 ἢ
2863 3720 3131 3791 σέϐασμα,
3164 3721 3303 3773 ὥστε
3328 3720 3490 3775 αὐτὸν
3528 3722 3608 3784 είς
3641 3720 3733 3775 τὸν
3756 3722 3878 3775 ναὸν

2316 3809 2410 3862 τοῦ
2450 3807 2798 3880 Θεοῦάκατά
2831 3807 2892 3862 τὸ
2923 3809 3326 3881 γεγραμμένον,
3375 3808 3615 3874 καθίσαι,
3655 3811 3875 3865 ἀποδει-

2319 3902 2547 3973 κνύοντα
2593 3901 2788 3955 ἑαυτὸν
2820 3901 2901 3954 ὅτι
2947 3901 3064 3953 ἐστὶ
3110 3900 3259 3964 Θεὸς,
3286 3919 3305 3952 ι
3342 3899 3401 3964 ὃς
3439 3899 3532 3953 καὶ
3572 3899 3670 3970 τὴν
3730 3900 3878 3954 θείαν

2320 3989 2523 4060 σκηνὴν
2551 3989 2923 4060 καταμιαίνει,
2972 3988 3175 4051 ιιαπνὸς
3198 3988 3273 4041 ὢν
3320 3987 3617 4060 ἀλλότριος,
3667 3990 3763 4043 καὶ
3812 3990 3877 4041 ἵν’

2316 4076 2489 4140 οὕτως
2541 4081 2699 4142 είπω,
2754 4078 3030 4148 κακοσμία
3082 4077 3396 4148 διαδολική·
3464 4096 3481 4129 ι
3527 4077 3719 4130 Ἔσται
3773 4077 3879 4147 γὰρ

2318 4168 2504 4233 αὐτοῦ,
2540 4189 2559 4220 ι
2622 4171 2807 4240 φησιν,
2861 4188 2881 4222 ι
2905 4171 2939 4240 ή
2979 4168 3250 4238 παρουσία
3291 4171 3410 4223 κατ’
3469 4168 3753 4239 ἐνέργειαν
3784 4167 3879 4221 τοῦ

2319 4262 2552 4314 Σατανᾶ.
2583 4278 2603 4314 ι

713 4432 909 4488 PALL.
940 4430 1081 4497 Quid
1110 4428 1270 4495 dicis,
1308 4429 1580 4501 intelligo;
1611 4437 1695 4484 est
1721 4429 1867 4484 enim
1923 4428 2212 4499 perspicua

2388 4414 2594 4467 ΠΑΛΛ.
2635 4412 2863 4483 Συνίημι
2891 4412 2920 4465 ὃ
2956 4414 3083 4484 φής.
3112 4412 3223 4466 Καὶ
3263 4413 3371 4483 γάρ
3405 4412 3551 4466 ἑστιν
3594 4411 3832 4483 ἐναργὴς
3853 4412 3880 4463 ὁ

644 4534 737 4581 tua
764 4523 958 4579 oratio.

714 4614 871 4669 CYR.
913 4611 1204 4682 Propitiari
1234 4619 1415 4665 autem
1438 4625 1604 4679 super
1640 4609 1807 4664 altare
1844 4609 2209 4680 thymiamatis

637 4704 795 4777 jubet
812 4702 991 4756 Aaron
1018 4702 1185 4756 semel
1218 4701 1274 4754 in
1296 4715 1458 4762 anno,
1483 4708 1777 4769 ungentem
1804 4702 2064 4771 sanguine
2104 4717 2207 4771 pu-

643 4793 964 4850 riﬁcationis
982 4798 1327 4862 peccatorum
1360 4788 1537 4859 capita
1561 4804 1827 4843 cornuum
1860 4808 1871 4842 :
1908 4809 1925 4840 ι
1949 4790 2209 4846 Sanctum

640 4884 787 4941 enim
809 4890 1122 4939 sanctorum
1154 4887 1256 4943 est,
1287 4900 1303 4930 ι
1334 4878 1531 4948 inquit.
1556 4878 1710 4945 Quod
1743 4880 1841 4935 tibi
1867 4881 2211 4951 perSpicuum

640 4972 805 5028 faciet
829 4971 1022 5025 beatus
1054 4966 1504 5035 Paulus,fdicens
1531 4984 1543 5020 :
1584 4986 1599 5017 ι
1631 4967 1886 5024 Christus
1924 4985 2055 5024 vero
2081 4971 2214 5025 assi-

642 5071 790 5119 stens
812 5061 1057 5133 pontifex
1079 5059 1391 5114 futurorum
1432 5059 1723 5125 bonorum,
1754 5076 1852 5130 per
1890 5062 2126 5133 amplius
2158 5072 2214 5118 et

640 5152 937 5223 perfectius
969 5148 1381 5205 tabernaculum
1405 5163 1513 5203 non
1561 5148 1953 5215 manufactum,
2002 5149 2059 5204 id
2101 5161 2204 5215 est,

640 5259 750 5299 non
773 5243 941 5314 hujus
970 5240 1295 5305 creationis;
1327 5252 1505 5308 neque
1532 5253 1631 5308 per
1669 5239 1989 5309 sanguinem
2021 5238 2205 5293 hirco-

641 5348 767 5392 rum
806 5342 859 5389 et
887 5342 1193 5395 taurorum,
1229 5329 1325 5385 sed
1355 5345 1453 5400 per
1472 5329 1753 5399 proprium
1777 5328 2097 5399 sanguinem
2121 5329 2204 5383 in-

640 5425 830 5483 troivit
852 5426 1020 5481 semel
1044 5425 1099 5480 in
1123 5431 1328 5487 saneta,
1365 5432 1569 5477 aeterna
1591 5421 1965 5491 redemptione
2011 5422 2204 5477 inven-

637 5526 695 5575 ta
725 5518 769 5549 ⁷⁸
820 5537 839 5569 ι
867 5517 1025 5580 Nam,
1054 5524 1117 5570 ut
1143 5514 1289 5571 idem
1316 5526 1511 5568 rursus
1534 5510 1922 5567 dicituSemel
1937 5518 2206 5574 mortuus,

709 5631 753 5667 ⁸³
778 5628 880 5683 lsa.
916 5641 1006 5689 vn,
1037 5624 1090 5679 9.
1167 5624 1212 5656 ”
1233 5624 1430 5684 Joel.1,
1458 5624 1508 5678 9.

1622 5622 1666 5654 ⁸⁸
1702 5622 1875 5677 Galat.
1902 5639 1955 5688 v,
1984 5624 2037 5678 4.
2104 5623 2147 5655 ⁸⁸
2178 5624 2347 5678 Exod.
2382 5641 2505 5688 xxx,
2537 5623 2588 5677 9.

639 5699 685 5730 θ’
714 5698 759 5751 ιι
790 5697 983 5752 Thess.
1011 5711 1067 5762 ιι,
1090 5694 1144 5758 5,
1174 5694 1224 5747 4.
1255 5694 1299 5725 ⁸⁵
1331 5692 1491 5757 lbid.,
1531 5693 1585 5747 9.
1656 5694 1700 5726 '°
1724 5692 1889 5747 Hebr.
1922 5708 1993 5757 ιιι,
2038 5692 2123 5757 Η,
2159 5693 2243 5745 1⁸2.

2317 4506 2490 4574 λόγος.

2385 4597 2549 4653 ΚΥΡ.
2602 4597 2980 4662 Ἐξιλάσασθαί
3005 4614 3068 4665 γε
3100 4596 3214 4667 ιμὴν
3246 4595 3336 4649 ἐπὶ
3374 4594 3467 4648 τοῦ
3495 4596 3879 4667 θυσιαστηρίου

2315 4688 2407 4743 τοῦ
2451 4688 2818 4760 θυμιάματος,
2855 4688 3174 4759 προστάττει
3216 4686 3292 4757 τῷ
3356 4684 3566 4757 Ἀαρὼν
3597 4675 3755 4752 ἅπαξ
3784 4686 3880 4738 τοῦ

2313 4782 2560 4835 ἐνιαυτοῦ
2593 4781 2936 4853 καταχρίοντι
2961 4778 3039 4849 τῷ
3060 4780 3249 4849 αἵματι
3279 4777 3372 4830 τοῦ
3400 4776 3745 4847 καθαρισμοῦ
3774 4777 3880 4830 τῶν

2314 4872 2617 4943 ἁμαρτιῶν,
2648 4873 2749 4935 τὰς
2788 4888 2896 4925 των
2929 4869 3172 4940 κεράτων
3214 4868 3408 4939 ἀρχάς.
3429 4886 3449 4918 ι
3477 4866 3665 4935 ’Λγιον
3695 4866 3828 4938 7&9.
3852 4886 3871 4918 ι

2314 4964 2468 5034 φησὶ,
2492 4982 2511 5014 ‹
2534 4963 2643 5015 τῶν
2676 4962 2844 5031 ἁγίων
2866 4961 3000 5014 ἐστί.
3030 4980 3048 5011 ι
3072 4959 3181 5014 Καὶ
3215 4958 3371 5011 τοῦτό
3395 4972 3477 5010 σοι
3515 4956 3681 5024 σαφὲς
3711 4972 3879 5009 κατα-

2314 5055 2526 5124 στήσει,
2561 5052 2753 5121 λέγων,
2803 5053 2833 5105 ὁ
2870 5050 3151 5113 θεσπέσιος
3193 5048 3421 5110 Παῦλος·
3467 5066 3486 5097 ι
3548 5047 3782 5119 Χριστος
3821 5047 3879 5099 δὲ

2314 5146 2754 5217 παραγενόμενος
2770 5143 3057 5215 ἀρχιερεὺς
3074 5141 3183 5195 τῶν
3202 5140 3505 5211 μελλόντων
3529 5138 3770 5207 ἀγαθῶν,
3793 5139 3880 5191 διὰ

2313 5237 2411 5306 τῆς
2446 5235 2690 5307 μείζονος
2718 5236 2811 5289 καὶ
2838 5232 3171 5305 τελειοτέρας
3218 5232 3439 5303 σκηνῆς,
3472 5231 3533 5283 οὺ
3567 5230 3879 5300 χειροπυιή-

2310 5344 2425 5392 του,
2477 5329 2773 5393 τουτέστιν,
2807 5328 2867 5380 ού
2913 5325 3114 5396 ταύτης
3167 5326 3263 5396 τῆς
3315 5324 3580 5386 κτίσεως’
3636 5321 3759 5375 οὐδὲ
3811 5319 3879 5372 δι’

2310 5419 2539 5488 αἵματος
2567 5420 2785 5491 τράγων
2811 5420 2903 5471 καὶ
2918 5417 3166 5487 μόσχων,
3187 5416 3276 5470 διὰ
3300 5415 3356 5468 δὲ
3374 5414 3468 5468 τοῦ
3494 5412 3625 5469 ἰδίου
3649 5413 3878 5482 αἵματος

2313 5509 2559 5579 εἰσῆλθεν
2584 5508 2803 5578 ἐφάπαξ
2835 5510 2914 5570 είς
2952 5507 3019 5560 τὰ
3051 5506 3202 5574 ἅγια,
3233 5505 3458 5559 αἰωνίαν
3484 5503 3753 5573 λύτρωσιν
3784 5500 3876 5552 εὑ-

2705 5622 2749 5653 “
2777 5619 2965 5675 Matth.
2994 5635 3141 5684 χχιιι,
3182 5617 3234 5671 8.
3341 5618 3385 5648 ⁸⁷
3412 5615 3565 5672 Cant.
3596 5631 3634 5681 ι,
3663 5614 3715 5681 1,
3752 5612 3806 5667 2.
