3982 6504
165 463 263 522 θὲὅ

855 454 943 507 DE
982 451 1422 507 ADORATIONE
1460 450 1526 505 IN
1568 448 1835 505 SPIRITU
1876 447 1964 502 ET
2008 446 2368 503 VERITATE.
2425 445 2551 499 LIB.
2595 444 2678 497 ιχ.

3281 442 3391 498 ϐξθ

169 576 410 643 ράμινος.
447 584 465 618 ι
504 567 593 630 Ὧς
624 564 731 637 γὰρ
758 564 918 627 αύτός
946 581 1049 618 που
1077 564 1237 618 πάλιν
1268 564 1457 635 φησιν,
1485 582 1504 615 ι
1538 561 1720 625 Ἀπαξ

1824 577 1931 616 non
1956 562 2190 632 amplius
2217 560 2470 622 moritur,
2504 573 2653 612 mors
2670 556 2917 611 illiultra
2949 570 3057 612 non
3079 556 3400 613 dbminabi-r

166 657 457 721 ἀποθανὼν,
481 656 663 708 ούκέτι
693 652 1046 724 ἀποθνήσκει,
1076 652 1301 716 Θάνατος
1338 651 1504 706 αὑτοῦ
1530 650 1713 705 οὐκέτι

166 748 448 823 κυριεύσει.
502 748 567 800 '0
608 745 717 815 γὰρ
761 744 1020 807 ἀπέθανε,
1065 747 1143 813 τῇ
1170 743 1414 823 ἁμαρτίᾳ
1445 742 1713 797 ἀπέθανεν

165 818 395 911 tadum?
449 837 479 891 δ
523 836 580 889 δι
618 835 709 906 ζῇ,
756 834 822 906 ζῇ
861 834 941 905 τῷ
975 833 1114 905 Θεῷ.
1157 853 1177 886 ι
1220 818 1404 905 Εἰσῄει
1448 834 1627 889 τοίνυν
1686 834 1716 885 6

167 931 435 992 θεσπέσιος
461 927 769 998 Ἀαρὼνείς
795 926 864 981 τὰ
895 927 1060 994 Ἅγια
1087 926 1196 979 τῶν
1218 926 1411 994 ἁγίων,
1441 922 1597 988 ἅπαξ,
1619 921 1715 976 τοῦ

165 1015 418 1080 ἰνιαυτοῦ,
445 1015 511 1067 δι’
530 1014 760 1084 αἵματος
785 1012 882 1068 τοῦ
906 1013 1250 1084 καθαρισμοῦ
1273 1011 1384 1066 τῶν
1412 1010 1712 1083 ἁμαρτιῶν.

164 1112 264 1164 Καὶ
301 1110 400 1179 δρα
432 1105 666 1176 Χριστὸν
698 1106 756 1157 ὲν
781 1104 1020 1157 τουτοισὶ
1044 1104 1229 1169 πάλιν,
1259 1103 1451 1175 αἵματι
1490 1102 1565 1173 τῷ
1600 1102 1725 1173 ινδίῳΔ

162 1201 252 1270 τῆς
278 1197 530 1251 ἁπάντων
554 1194 824 1265 σωτηρίας
846 1195 940 1248 καὶ
969 1193 1132 1265 ζωῆς,
1164 1193 1451 1265 μονονουχὶ
1470 1192 1562 1247 τὸν
1588 1190 1722 1246 ῐδιον

162 1287 578 1358 καταρραίνοντα
609 1284 859 1355 σταυρόν.
894 1282 1145 1356 Σταυροῦν
1176 1284 1285 1355 γὰρ
1314 1284 1485 1347 τύπος
1519 1283 1586 1338 τὰ
1628 1282 1720 1337 κέ-

165 1397 311 1453 ρατα,
360 1377 486 1449 τῇδε
519 1377 740 1432 κάκεῖσε
782 1376 859 1439 ὡς
899 1377 960 1430 ὲν
1004 1375 1154 1440 τάξει
1199 1374 1399 1447 χειρῶν
1444 1374 1718 1445 ἀποτάδην

161 1468 526 1525 ἑκνενευκότα.
573 1466 781 1522 Οὐκοῦν
831 1466 1165 1523 ἀποθανόντα
1214 1465 1314 1537 μὲν
1352 1465 1500 1532 ἅπαξ
1548 1466 1718 1519 ἐννόει

161 1560 402 1633 Χριστὸν,
436 1560 625 1628 ’Δγιον
648 1558 705 1611 δὲ
734 1556 842 1612 τῶν
870 1557 1042 1626 άγίων
1067 1557 1219 1622 ὄντα,
1252 1556 1394 1611 κατὰ
1428 1555 1609 1625 φύσιν,
1643 1555 1721 1620 ὡς

160 1652 304 1706 θεόν.
336 1650 453 1705 Καὶ
490 1651 607 1721 γάρ
650 1651 800 1704 ἔστιν
838 1648 1045 1719 ἀληθὴς
1092 1647 1369 1717 Ἠώνης,
1403 1646 1597 1715 λέγων,
1638 1646 1719 1699 δτι

166 1764 184 1796 ι
213 1744 303 1797 Ἐκ
320 1740 415 1795 τοῦ
431 1740 796 1813 πληρώματος
811 1740 978 1796 αὐτοῦ
998 1742 1158 1811 ἡμεῖς
1174 1738 1373 1802 πάντες
1387 1738 1671 1809 ἐλάθομεν.
1693 1757 1725 1791 ν

1815 663 1905 708 tur
1923 670 1949 718 ς’
1966 651 2115 721 quod
2145 650 2294 705 enim
2318 657 2565 707 mortuus
2613 656 2698 703 est
2736 658 2959 717 peccato
3004 655 3259 703 mortuus
3305 657 3397 703 est
3510 705 3517 713 ,

1814 743 2015 807 semel;
2055 741 2203 811 quod
2245 749 2427 795 autem
2459 739 2615 802 vivit,
2662 738 2797 793 vivit
2816 740 2928 794 Deo
2952 739 3019 792 7‘.
3046 757 3063 789 ι
3112 738 3391 809 ingredie-

1814 833 1976 887 batur
2000 833 2183 901 itaque
2208 831 2410 892 vinille
2432 830 2771 886 admirabilis
2784 832 2962 885 Aaron
2984 830 3041 884 in
3054 830 3249 885 Sancta
3267 845 3391 885 san-

1813 933 2026 979 ctorum
2046 923 2211 979 semel
2223 923 2434 977 in’anno
2453 936 2549 991 per
2568 921 2888 991 sanguinem
2915 922 3248 992 purgationis
3261 936 3397 991 pem

1815 1015 2242 1073 oatorum-Vide
2277 1024 2459 1075 autem
2487 1029 2678 1069 rursus
2702 1015 2760 1069 in
2798 1014 2904 1068 hoc
2937 1014 3055 1083 ipso
3084 1013 3395 1078 Christum,

1814 1109 2074 1179 sanguine
2105 1122 2205 1162 suo
2236 1122 2337 1177 pro
2369 1106 2543 1161 salute
2582 1104 2829 1160 omnium
2852 1120 2918 1159 ae
2932 1105 3045 1158 vita
3066 1119 3221 1159 suam
3259 1118 3389 1158 cru-

1814 1215 1932 1256 cem
1951 1197 2352 1273 quodammodo
2377 1207 2777 1269 aspergentem;
2794 1196 2979 1251 crucis
2994 1195 3200 1265 quippe
3220 1195 3390 1265 ﬁgura

1816 1304 1946 1350 sunt
1957 1304 2313 1360 comem-quat
2328 1304 2588 1343 manuum
2610 1288 2780 1343 instar
2796 1288 3054 1355 utrinque
3068 1295 3391 1355 exporrecta

1816 1382 2343 1456 prominent..lgitur
2369 1389 2647 1436 mortuum
2675 1379 2897 1449 quidem
2920 1379 3088 1432 semel
3110 1377 3392 1432 Christum

1817 1475 2077 1545 intellige,
2105 1474 2202 1529 sed
2223 1472 2476 1527 eumdem
2496 1486 2565 1526 ex
2579 1479 2773 1525 natura
2791 1470 3050 1524 sanctum
3077 1476 3390 1523 sanctorum

1815 1581 1935 1622 esse
1967 1574 2225 1634 tanquam
2267 1565 2460 1618 Deum.
2506 1564 2601 1617 E'st
2627 1561 2776 1616 enim
2804 1574 2971 1615 verax
3007 1559 3268 1619 Joannes,
3295 1557 3389 1626 qui

1817 1659 1893 1713 ait
1920 1676 1933 1711 :
1968 1677 1986 1709 ι
2015 1657 2093 1711 Ex
2126 1656 2465 1726 plenitudine
2478 1656 2601 1725 ejus
2620 1668 2721 1708 nos
2736 1651 3337 1721 omnesaccepimus";
3365 1668 3381 1699 ›

1816 1757 1911 1804 est
1958 1747 2106 1801 enim
2135 1745 2338 1800 Christi
2365 1744 2639 1814 particeps
2661 1743 2913 1798 universa
2935 1756 3046 1795 non
3069 1738 3235 1795 modo
3256 1739 3390 1792 visi-

160 1833 384 1907 Χριστοῦ
411 1832 526 1906 γὰρ
548 1833 772 1904 μέτοχος
792 1834 826 1903 ὴ
848 1832 999 1887 πᾶσά
1025 1833 1139 1884 εστι
1178 1829 1351 1901 ὁρατὴ
1376 1830 1471 1884 καὶ
1491 1829 1719 1900 ἀόρατος

1824 1837 1965 1900 bilis,
1999 1836 2095 1890 sed
2112 1836 2278 1889 etiam
2301 1833 2594 1888 invisibilis
2634 1840 2909 1888 creatura.
2934 1830 3126 1900 Angeli
3152 1844 3388 1897 namque

162 1904 345 1990 κτίσις.
391 1904 649 1995 Ἄγγελοι
674 1941 735 1977 τε
762 1924 870 1996 γὰρ
899 1924 995 1978 καὶ⁵
1021 1922 1373 1995 ἀρχάγγελοι,
1398 1922 1493 1989 καὶ
1531 1920 1604 1975 τά
1636 1921 1718 1975 ἔτι

1824 1933 1875 1979 et
1894 1924 2228 1993 archangeli,
2252 1923 2356 1977 illa:
2377 1922 2545 1976 etiam
2565 1936 2689 1991 quae
2710 1935 2879 1990 supra
2889 1920 2990 1974 hos
3006 1926 3135 1974 sunt
3155 1925 3384 1979 naturae,

160 2020 351 2073 τούτων
382 2016 659 2080 ἐπέκεινα,
684 2016 780 2068 καὶ
805 2015 945 2069 αὐτά
974 2015 1032 2067 δὲ
1058 2014 1129 2068 τὰ
1153 2014 1451 2085 Χερουϐὶμ,
1480 2014 1577 2084 ούχ
1602 2013 1718 2066 ἐτέ-

164 2127 262 2181 ρως
307 2108 458 2177 άγια,
521 2106 660 2176 πλὴν
708 2106 793 2161 ὅτι
831 2104 921 2160 διὰ
974 2105 1136 2177 μόνου
1176 2104 1433 2177 Χριστοῦ,
1477 2106 1536 2159 ὲν
1577 2104 1723 2174 ἁγίῳ

163 2200 443 2271 Ηνεύματι.
476 2198 648 2262 Αὐτὸς
676 2195 775 2252 οὖν
796 2198 905 2269 ἄρα
934 2198 1051 2251 εστὶ
1078 2198 1142 2251 τὸ
1179 2198 1582 2269 θυσιαστήριον,
1622 2197 1719 2249 αύ-

91 2290 105 2304 ⁶
161 2294 242 2357 τὸς
265 2294 319 2346 δὲ
340 2291 403 2345 τὸ
435 2290 709 2361 θυμίαμα,
758 2290 853 2343 καὶ
882 2290 1190 2362 ἀρχιερεὺς,
1224 2288 1385 2353 αὐτὸς
1422 2289 1480 2342 δὲ
1520 2287 1719 2358 ὁμοίως

161 2385 215 2437 τὸ
241 2379 373 2452 αἷμα
393 2380 492 2435 τοῦ
523 2370 867 2453 καθαρισμοῦ
892 2380 1195 2452 ἁμαρτιῶν.

223 2463 427 2529 ΗΑΛΔ,
465 2472 579 2525 Ναὶ
629 2472 808 2540 λέγεις
853 2471 1046 2543 ὀρθῶς.
1081 2471 1226 2543 Πλὴν
1270 2472 1300 2526 δ
1359 2472 1410 2525 τί
1448 2471 1578 2525 ποτέ
1603 2473 1736 2529 ἐστι’

159 2581 245 2618 του
274 2562 614 2635 καθαρισμοῦ
654 2564 764 2617 τῶν
801 2561 1085 2634 ἁμαρτιῶν
1126 2563 1190 2616 τὸ
1222 2557 1382 2634 αἷμα,
1417 2563 1604 2633 σαφῶς
1634 2565 1719 2617 ὲν-

160 2654 287 2705 νοεῖν
311 2651 411 2703 οὐκ
431 2649 566 2720 ἔχω.

223 2741 379 2794 ΚΥΡ.
418 2739 830 2811 Προανατυπῶν
857 2740 889 2792 6
919 2738 1083 2810 νόμος
1106 2738 1207 2810 τὴν
1230 2738 1297 2792 δι’
1318 2739 1550 2809 αἵματος
1577 2740 1719 2794 άπο-

162 2830 411 2901 κάθαρσιν
455 2831 559 2885 καὶ
594 2832 656 2884 τὸ
704 2830 855 2903 θῦμα
891 2832 951 2885 τὸ
1002 2830 1166 2902 ίερδν,
1196 2832 1339 2902 φημὶ
1366 2832 1432 2903 δὴ
1461 2832 1718 2903 Χριστὸν,

160 2924 222 2976 δι’
244 2916 302 2975 οὗ
329 2922 422 2975 καὶ
457 2920 804 2991 σεσώσμεθα,
832 2921 922 2975 τὸν
946 2922 1004 2988 ἐξ
1026 2922 1301 2993 ἁμαρτίας
1328 2923 1720 2993 ὲντετηγμένον

162 3017 279 3085 ἡμῖν
300 3013 765 3084 διαδιδράσκοντες
789 3013 1080 3084 μολυσμὸν,
1110 3007 1213 3067 ὧδέ
1242 3014 1318 3085 πή
1359 3030 1526 3084 φησιν
1554 3016 1613 3067 ὲν
1642 3015 1720 3085 τῷ

161 3103 442 3175 Λευῖτικῷ
512 3122 532 3155 ι
577 3104 705 3157 Ἐὰν
765 3104 823 3158 δὲ
868 3107 1044 3167 πᾶσα,
1080 3123 1100 3157 ›
1164 3105 1329 3173 φησὶ,
1382 3122 1401 3155 ι
1432 3105 1720 3176 συναγωγὴ

1822 2016 1938 2085 ipsa
1959 2015 2199 2084 denique
2223 2013 2549 2079 Cherubim,
2583 2028 2696 2067 non
2721 2013 2883 2067 aliter
2902 2026 3067 2080 quam
3091 2025 3191 2080 per
3224 2008 3388 2064 Chri-

1820 2115 1963 2160 stum
1984 2107 2161 2160 solum
2184 2106 2243 2159 in
2264 2113 2452 2159 sancto
2482 2104 2690 2174 Spiritu
2717 2110 2905 2159 sancta
2934 2111 3081 2157 sunt.
3124 2102 3243 2172 ipse
3294 2100 3393 2170 igi~

1823 2206 1910 2252 tur
1926 2206 2011 2253 est
2032 2198 2222 2262 altare,
2247 2197 2362 2267 ipse
2380 2198 2698 2268 thymiama,
2723 2209 3079 2264 summusque
3102 2192 3388 2257 sacerdos;

1822 2290 1935 2360 ipse
1957 2289 2087 2343 item
2122 2287 2714 2358 sanguispurgationis
2733 2290 3106 2356 peccatorum.

1890 2472 2085 2527 PALL.
2113 2472 2281 2526 Recte
2300 2486 2429 2525 sane
2458 2469 2621 2524 dicis.
2644 2468 2749 2523 sed
2776 2467 2908 2538 quid
2933 2466 3152 2521 tandem
3181 2464 3253 2519 sit
3270 2478 3397 2518 san-

1819 2563 1942 2633 guis
1969 2561 2316 2632 purgationis
2360 2568 2733 2629 peccatorum,
2768 2557 3057 2628 perspicue
3091 2554 3396 2624 intelligere

1820 2666 2055 2721 nequeo.

1888 2741 2044 2798 CYR.
2067 2740 2209 2795 Cum
2237 2739 2613 2809 prazfiguraret
2636 2740 2722 2793 lex
2752 2739 2899 2793 illam
2927 2754 3025 2808 per
3074 2738 3393 2809 sanguinem

1819 2833 2221 2904 purgationem,
2257 2841 2315 2886 et
2346 2846 2554 2885 sacram
2588 2831 2738 2885 illam
2779 2830 3056 2883 victimam
3094 2818 3393 2899 (Christum

1821 2925 2085 2996 intelligo)
2111 2941 2209 2994 per
2236 2939 2398 2994 quem
2432 2924 2564 2977 salvi
2589 2922 2717 2977 facti
2774 2936 2986 2985 sumus,
3020 2928 3077 2975 et
3129 2920 3392 2979 maculas,

1820 3033 1888 3073 ex
1944 3024 2170 3086 peccato
2222 3015 2384 3069 nobis
2422 3015 2631 3069 inustas
2693 3012 2952 3076 eluimus,
2990 3012 3058 3065 ad
3105 3010 3254 3064 hunc
3281 3009 3396 3065 fere

1821 3109 2046 3164 modum
2071 3108 2209 3163 dixit
2233 3106 2288 3161 in
2314 3106 2558 3161 Levitico
2583 3123 2596 3159 :
2636 3123 2655 3156 ι
2694 3103 2752 3158 Si
2779 3111 2960 3157 autem
2983 3101 3238 3156 universa
3260 3116 3395 3155 con-

170 3195 371 3267 Ἰσραὴλ
412 3196 686 3266 άγνοήσῃ,
713 3194 809 3248 καὶ
852 3194 990 3265 λάθῃ
1022 3196 1172 3265 ῥῆμα
1202 3194 1261 3259 ἐξ
1297 3195 1589 3265 ὀφθαλμῶν
1620 3196 1719 3265 τῆς

1824 3201 2064 3272 gregatio
2085 3200 2247 3255 Israel
2284 3197 2639 3269 ignoraverit,
2684 3204 2740 3250 et
2794 3191 3176 3249 absconditum
3232 3190 3398 3244 fuerit

162 3287 486 3356 συναγωγῆς,
518 3286 612 3339 καὶ
642 3286 909 3357 ποιήσωσι
939 3287 1069 3357 μίαν
1088 3286 1195 3340 άπδ
1223 3287 1413 3341 πασῶν
1439 3286 1547 3341 τῶν
1568 3289 1718 3341 ἐντο-

161 3378 256 3432 λῶν
271 3379 494 3449 Κυρίου,
517 3379 551 3449 ἢ
566 3377 627 3431 οὑ
643 3378 1017 3450 ποιηθήσεται,
1034 3378 1130 3431 καὶ
1148 3379 1601 3449 πλημμελήσωσι,
1621 3378 1718 3433 καὶ

160 3468 357 3539 γνωσθῇ
383 3469 573 3530 αὐτοῖς
608 3471 643 3538 ἡ
668 3468 929 3540 ἁμαρτία,
968 3469 1035 3538 ἢν
1058 3469 1302 3539 ἥμαρτον
1332 3468 1391 3522 ὲν
1430 3469 1587 3539 αὐτῇ.
1622 3470 1715 3523 καὶ

162 3560 403 3631 προσάξει
418 3562 451 3629 ἡ
472 3562 770 3631 συναγωγὴ
785 3560 982 3630 μόσχον
998 3561 1061 3611 ὲκ
1075 3559 1214 3629 βοῶν
1230 3560 1460 3630 ἄμωμον
1475 3561 1601 3632 περὶ
1618 3562 1716 3631 τῆς

163 3651 434 3722 ἁμαρτίας,
461 3651 565 3704 καλ⁸
611 3650 867 3721 προσάξει
902 3650 1063 3703 αὐτὸν
1108 3650 1261 3721 παρὰ
1295 3650 1395 3715 τὰς
1422 3651 1591 3722 θύρας
1619 3650 1715 3705 τοῦ

166 3743 446 3813 μαρτυρίου
461 3742 569 3811 τῆς
585 3742 807 3812 σκηνῆς,
827 3736 920 3795 καλ⁵
932 3740 1283 3811 ἐπιθήσουσιν
1294 3742 1342 3794 ol
1360 3740 1628 3813 πρεσϐύτε
1637 3759 1717 3813 ροι

162 3833 251 3902 τῆς
277 3832 602 3901 συναγωγῆς
641 3830 739 3894 τὰς
767 3833 954 3901 χεῖρας
1001 3830 1180 3882 αὐτῶν
1214 3830 1307 3883 ἐπὶ
1343 3832 1442 3900 τὴν
1478 3832 1719 3901 κεφαλὴν

164 3925 245 3978 τοῦ
263 3925 456 3995 μόσχου
473 3923 659 3976 ἔναντι
680 3922 902 3993 Κυρίου,
927 3923 1021 3975 καὶ
1042 3921 1303 3990 σφάξουσι
1326 3922 1523 3994 μόσχον
1544 3924 1719 3977 ἔναντι

165 4016 376 4085 Κυρίου,
400 4014 497 4067 καὶ
525 4012 747 4066 εἰσοίσει
780 4014 810 4066 6
845 4014 1022 4084 ίερεὺς
1052 4012 1271 4083 χριστὸς
1303 4014 1410 4067 ἀπὸ
1436 4013 1529 4067 τοῦ
1552 4015 1720 4084 αἷμα-

166 4124 246 4169 τος
264 4106 351 4160 τοῦ
393 4105 599 4177 μόσχου
632 4105 710 4168 είς
741 4104 841 4175 τὴν
879 4104 1083 4175 σκηνὴν
1109 4101 1205 4157 τοῦ
1257 4104 1579 4175 μαρτυρίου.
1610 4104 1722 4158 Καὶ

170 4195 313 4265 βάψει
356 4198 385 4249 6
426 4196 610 4267 ἱερεὺς
654 4194 745 4247 τὸν
790 4194 1048 4249 δάκτυλον
1099 4194 1207 4248 ἀπὸ
1237 4193 1331 4247 τοῦ
1365 4194 1597 4264 αἵματος
1626 4193 1722 4248 τοῦ

170 4287 374 4357 μόσχου,
392 4287 487 4339 καὶ⁸
511 4286 665 4358 ρανεῖ
687 4283 915 4346 ἑπτάκις
934 4281 1113 4337 ἔναντι
1135 4282 1339 4353 Κυρίου
1356 4283 1473 4335 κατ’
1494 4280 1724 4338 ἐνώπιον

166 4375 249 4427 τοῦ
272 4376 760 4443 καταπετάσματος
793 4372 889 4426 τοῦ
914 4373 1090 4441 ἁγίου,
1120 4372 1213 4426 καὶ
1240 4374 1348 4426 ἀπὸ
1374 4371 1469 4426 τοῦ
1495 4374 1726 4443 αἵματος

168 4465 399 4537 ἐπιθήσει
436 4466 467 4517 6
516 4464 695 4533 ἱερεὺς
734 4464 825 4516 ἐπὶ
864 4462 935 4515 τά
966 4462 1174 4534 κέρατα
1210 4461 1305 4515 τοῦ
1335 4460 1724 4534 θυσιαστηρίου

1774 3288 1781 3297 ’
1821 3292 2052 3347 verbum
2077 3292 2146 3346 ab
2171 3291 2345 3345 oculis
2369 3286 2827 3359 congregationis,
2857 3291 2915 3339 et
2945 3283 3179 3338 fecerint
3225 3297 3395 3336 unum

1819 3386 1976 3455 311
2003 3384 2072 3437 ab
2100 3382 2358 3438 omnibus
2374 3381 2645 3435 mandatis
2670 3376 2906 3440 Domini,
2932 3372 3082 3443 quod
3105 3388 3215 3426 non
3235 3387 3401 3442 opor-

1822 3483 1900 3529 tet
1930 3474 2070 3540 ﬂeri,
2108 3482 2164 3529 et
2209 3473 2575 3543 deliquerint,
2624 3478 2682 3525 et
2718 3469 2995 3538 cognitum
3051 3464 3220 3521 fuerit
3265 3462 3398 3531 ipsis

1822 3574 2109 3635 peccatum
2143 3565 2196 3618 in
2232 3578 2343 3633 quo
2364 3570 2751 3632 peccaverunt,
2781 3560 3017 3616 adducet
3042 3554 3399 3626 congregatio

1818 3657 2051 3712 vitulum
2076 3673 2142 3712 ex
2160 3658 2337 3712 bobus
2356 3656 2760 3711 immaculatum
2780 3668 2880 3722 pro
2900 3660 3141 3723 peccato,
3161 3654 3217 3702 et
3229 3644 3403 3702 addu-

1823 3755 1911 3804 cet
1944 3765 2071 3805 eum
2120 3760 2292 3817 pr0pe
2337 3745 2538 3799 ostium
2587 3742 2928 3797 tabernaculi
2976 3739 3297 3803 testimonii,
3342 3745 3402 3791 et

1825 3844 2107 3913 imponent
2128 3838 2373 3893 seniores
2391 3833 2832 3905 congregationis
2852 3846 3047 3886 manus
3069 3845 3197 3886 suas
3237 3842 3403 3896 super

1824 3942 1988 4004 caput
2013 3930 2170 3987 vituli
2202 3944 2388 3984 coram
2407 3926 2660 3991 Domino,
2686 3935 2747 3981 et‘
2773 3923 3138 3981 immolabunt
3164 3923 3398 3979 vitulum

1825 4039 2011 4080 coram
2028 4022 2281 4083 Domino,
2308 4028 2365 4074 et
2390 4018 2590 4074 inferet
2624 4017 2881 4073 sacerdos
2917 4024 3117 4071 unctus
3158 4014 3229 4069 de
3271 4029 3398 4068 san-

1828 4116 1993 4187 guine
2010 4113 2169 4167 vituli
2195 4112 2250 4165 in
2276 4110 2693 4165 tabernaculum
2717 4107 3037 4170 testimonii,
3072 4114 3129 4160 et
3168 4105 3401 4174 intinget

1828 4206 2083 4263 sacerdos
2125 4203 2355 4274 digitum
2400 4201 2469 4256 de
2513 4200 2775 4271 sanguine
2820 4199 3000 4252 vituli.
3039 4198 3107 4251 Et
3151 4203 3400 4265 asperget

1829 4297 2032 4366 septies
2054 4309 2239 4350 coram
2260 4292 2493 4347 Domino
2521 4305 2552 4345 e
2582 4290 2802 4361 regione
2834 4295 3029 4344 contra
3056 4286 3237 4341 velum
3271 4300 3397 4339 san-

1829 4386 2046 4449 ctuarii,
2070 4394 2126 4438 et
2153 4384 2220 4437 de
2259 4382 2521 4452 sanguine
2544 4381 2785 4449 imponet
2808 4377 3064 4434 sacerdos
3093 4390 3258 4446 super
3276 4390 3401 4431 cor-

1832 4493 1939 4531 nua
1970 4476 2157 4531 altaris
2178 4473 2382 4528 incensi
2430 4470 2860 4542 compositionis,
2893 4468 3039 4538 quod
3084 4475 3169 4522 est
3213 4480 3397 4521 coram

168 4556 265 4610 τῶν
310 4555 674 4631 θυμιαμάτων
722 4554 824 4624 τῆς
865 4553 1190 4618 συνθέσεως,
1243 4554 1271 4606 ὅ
1300 4554 1446 4606 ἔστιν
1497 4552 1721 4608 ἐνώπιον

1831 4567 2083 4629 Domino,
2135 4565 2281 4634 quod
2322 4573 2405 4617 est
2449 4563 2503 4616 in
2540 4560 2890 4616 tabemaculo
2920 4557 3217 4614 testimonii
3271 4556 3333 4609 ⁷⁸.
3372 4575 3389 4607 ι

170 4645 380 4717 Κυρίου,
433 4646 463 4699 ὅ
501 4647 651 4698 ἐστιν
686 4646 744 4698 ὲν
770 4647 836 4715 τῇ
872 4646 1044 4715 σκηνῇ
1074 4643 1169 4697 τοῦ
1196 4644 1515 4716 μαρτυρίου.
1561 4663 1579 4696 ι
1615 4647 1726 4699 Καὶ

170 4738 487 4809 πλατύτερον
522 4738 619 4807 μὲν
653 4736 779 4807 περί
811 4753 875 4805 γε
916 4735 1127 4791 τούτων
1158 4738 1290 4807 ἡμῖν
1319 4736 1464 4790 κατὰ
1502 4738 1724 4809 καιροὺς

169 4829 466 4900 εἰρήσεται’
508 4827 666 4898 ἄθρει
698 4826 755 4879 δὲ
781 4826 856 4891 ὡς
900 4828 959 4903 ὲν
992 4826 1181 4896 μόσχῳ
1211 4825 1369 4880 πάλιν
1401 4826 1543 4898 ὑπὲρ
1566 4827 1726 4898 ἡμῶν

173 4919 499 4989 σφαζόμενον
546 4918 639 4970 τὸν
699 4915 1065 4987 Ἐμμανουὴλ,
1113 4917 1207 4970 καὶ
1256 4917 1529 4987 ἁμαρτίας
1580 4919 1727 4987 ἡμᾶς

170 5008 588 5073 ἀπαλλάττοντα,
650 5008 747 5063 καὶ
795 5007 1088 5072 ὲξιστῶντα
1136 5007 1331 5077 δίκης,
1386 5007 1481 5060 καὶ
1536 5008 1728 5078 ποινῆς

171 5100 531 5170 ἀποφέροντα,
572 5100 668 5153 καὶ
712 5097 801 5152 διὰ
832 5099 931 5168 τῆς
973 5097 1237 5168 μείζονος
1263 5097 1365 5150 καὶ¹
1384 5097 1727 5170 τελειοτέρας

175 5190 310 5245 ἰόντα
340 5194 572 5263 σκηνῆς,
613 5190 794 5244 οὐ.δώ
828 5190 1044 5261 μόσχων
1086 5190 1191 5243 καῖ
1226 5189 1465 5260 τράγων,
1498 5189 1633 5243 ἀλλὰ
1658 5190 1725 5244 δι’

174 5276 389 5351 αἴμᾶτος
436 5282 535 5335 τοῦ
572 5281 725 5343 ἰδίου,
774 5282 869 5335 καὶ
899 5280 1129 5333 θανάτου
1164 5278 1456 5349 προσάπαξ
1486 5280 1727 5347 ἀπογευ-

140 5428 143 5431 .
177 5374 415 5445 σάμενον.
460 5373 587 5427 Ἐπὶ
624 5373 781 5438 ξύλου
818 5372 928 5442 γὰρ
958 5372 1071 5426 άνω
1105 5371 1274 5442 λόγχῃ
1302 5371 1590 5439 διανοιγεὶς
1629 5370 1730 5438 τὴν

139 5448 145 5465 ’
174 5463 422 5535 πλευράν,
466 5461 609 5534 αἷμά
631 5480 689 5516 τε
730 5464 824 5517 καὶ
863 5463 1007 5533 ῦδωρ
1034 5462 1339 5529 ἐξέϐλυσεν.
1375 5462 1557 5525 Τύπος
1586 5461 1631 5514 δ’
1660 5459 1727 5513 ἂν

173 5547 277 5605 εἷεν
319 5552 577 5624 σταυροῦ,
623 5552 765 5607 καθά
798 5552 894 5606 καὶ
934 5551 1238 5622 φθάσαντες
1264 5551 1510 5621 εἴπομεν,
1536 5549 1725 5603 αἰτῶν

175 5642 403 5713 κεράτων
424 5643 626 5712 ὲξοχαί.

240 5819 465 5875 7“Rom.
516 5836 589 5885 vi,
629 5820 681 5887 9,
738 5821 821 5875 l0.
898 5822 941 5854 ⁷²
1016 5819 1170 5874 Joan.
1220 5834 1258 5887 ι,
1313 5818 1394 5872 16.

1829 4659 2040 4724 Quibus
2082 4656 2151 4711 de
2195 4656 2363 4710 rebus
2403 4652 2679 4723 copiosius
2733 4650 2951 4705 anobis
3004 4649 3139 4703 alias
3160 4647 3393 4701 dicetur.

1827 4749 2342 4806 Considerarursus
2367 4744 2519 4798 illum
2540 4740 2859 4797 Emmanuel
2892 4747 2954 4793 ut
2999 4739 3053 4792 in
3097 4738 3271 4792 vitulo
3298 4751 3398 4806 pro

1830 4836 2292 4902 nobisimmelari,
2310 4844 2365 4890 et
2386 4850 2487 4889 nos
2508 4850 2548 4896 .a
2574 4833 2815 4903 peccatis
2837 4831 3091 4894 liberare,
3116 4835 3174 4883 et
3209 4842 3239 4880 a
3264 4840 3395 4894 sup-

1831 4932 1995 5003 plicio
2012 4931 2276 4991 eximere,
2321 4936 2377 4981 et
2420 4942 2451 4980 a
2477 4924 2655 4995 pmnis
2697 4923 2934 4992 eripere,
2990 4927 3046 4973 et
3075 4932 3173 4987 per
3220 4912 3397 4983 majus

1833 5001 1992 5086 atque
2015 5014 2309 5086 perfectius
2341 5011 2751 5067 tabernaculum
2778 5007 3007 5079 ingredi,
3049 5020 3158 5059 non
3182 5017 3281 5072 per
3311 5001 3395 5055 vi-

1833 5112 1995 5173 tulos,
2043 5116 2138 5163 aut
2166 5107 2350 5160 hircos
2367 5145 2382 5168 ,
2410 5103 2506 5158 sed
2533 5119 2630 5172 per
2653 5100 2937 5170 proprium
2963 5094 3282 5165 sanguinem
3335 5102 3396 5148 et

1836 5206 2068 5253 mortem
2101 5195 2267 5250 semel
2301 5200 2520 5263 gustare
2549 5208 2562 5244 :
2594 5204 2741 5253 nam,
2768 5202 2895 5242 cum
2940 5182 3193 5239 sublimis
3220 5182 3277 5237 in
3321 5180 3391 5235 li-

1831 5304 1937 5359 gno
1959 5287 2242 5358 penderet,
2270 5284 2391 5354 ejus
2418 5283 2559 5337 latus
2589 5280 2775 5334 lancea
2797 5276 3103 5348 perfossum
3128 5271 3392 5342 sanguine

1830 5388 2040 5447 etaqua
2063 5375 2321 5430 manavit.
2348 5374 2600 5443 Figuram
2624 5383 2790 5439 porro
2815 5366 2996 5421 crucis
3015 5380 3124 5419 non
3154 5359 3391 5417 absurde

1831 5475 2021 5520 tenent
2042 5478 2244 5519 cornua
2268 5462 2454 5516 altaris
2476 5456 2797 5519 eminentia,
2837 5463 2898 5509 ut
2922 5455 2977 5509 in
3016 5448 3394 5523 superioribus

1828 5555 2084 5610 diximus.

1468 5819 1513 5849 ’³
1543 5816 1715 5873 Levit.
1744 5831 1813 5879 ιν,
1850 5812 2032 5868 15-16.
