  <div class='ocr_page' id='page_1' title='image "/cluster/home/n/w/nwhite01/storage/ocr_20150623/68/hvd.32044019207851/321.png"; bbox 0 0 4140 6516; ppageno 0'>
   <div class='ocr_carea' id='block_1_1' title="bbox 2857 368 2889 390">
    <p class='ocr_par' dir='ltr' id='par_1_1' title="bbox 2857 368 2889 390">
     <span class='ocr_line' id='line_1_1' title="bbox 2857 368 2889 390; baseline 0 0"><span class='ocrx_word' id='word_1_1' title='bbox 2857 368 2889 390; x_wconf 86' lang='grc' dir='ltr'><em>Ι”</em></span> 
     </span>
    </p>
   </div>
   <div class='ocr_carea' id='block_1_2' title="bbox 1609 410 2836 477">
    <p class='ocr_par' dir='ltr' id='par_1_2' title="bbox 1609 410 2836 477">
     <span class='ocr_line' id='line_1_2' title="bbox 1609 410 2836 477; baseline 0.012 -14"><span class='ocrx_word' id='word_1_2' title='bbox 1609 410 1666 463; x_wconf 71' lang='grc' dir='ltr'><strong>δ.</strong></span> <span class='ocrx_word' id='word_1_3' title='bbox 1705 413 1977 469; x_wconf 73' lang='lat' dir='ltr'><strong>CYRILLI</strong></span> <span class='ocrx_word' id='word_1_4' title='bbox 2014 416 2482 477; x_wconf 67' lang='lat' dir='ltr'><strong>ALEXANDRINI</strong></span> <span class='ocrx_word' id='word_1_5' title='bbox 2520 421 2836 477; x_wconf 78' lang='lat' dir='ltr'><strong>ARCIIIEP.</strong></span> 
     </span>
    </p>
   </div>
   <div class='ocr_carea' id='block_1_3' title="bbox 1695 531 2858 605">
    <p class='ocr_par' dir='ltr' id='par_1_3' title="bbox 1695 531 2858 605">
     <span class='ocr_line' id='line_1_3' title="bbox 1695 531 2858 605; baseline 0.011 -29"><span class='ocrx_word' id='word_1_6' title='bbox 1813 550 1827 567; x_wconf 67' lang='grc' dir='ltr'><strong>ι</strong></span> <span class='ocrx_word' id='word_1_7' title='bbox 2210 537 2256 591; x_wconf 76' lang='grc' dir='ltr'>Α</span> <span class='ocrx_word' id='word_1_8' title='bbox 2320 535 2563 591; x_wconf 77' lang='grc' dir='ltr'><strong>.ΠΑΛΛ.</strong></span> <span class='ocrx_word' id='word_1_9' title='bbox 2603 531 2858 605; x_wconf 50' lang='lat' dir='ltr'><strong>suam;</strong></span> 
     </span>
    </p>
   </div>
   <div class='ocr_carea' id='block_1_4' title="bbox 616 412 716 468">
    <p class='ocr_par' dir='ltr' id='par_1_4' title="bbox 616 412 716 468">
     <span class='ocr_line' id='line_1_4' title="bbox 616 412 716 468; baseline -0.03 0"><span class='ocrx_word' id='word_1_10' title='bbox 616 412 716 468; x_wconf 69' lang='grc'><strong>827</strong></span> 
     </span>
    </p>
   </div>
   <div class='ocr_carea' id='block_1_5' title="bbox 684 523 1200 579">
    <p class='ocr_par' dir='ltr' id='par_1_5' title="bbox 684 523 1200 579">
     <span class='ocr_line' id='line_1_5' title="bbox 684 523 1200 579; baseline 0.002 -1"><span class='ocrx_word' id='word_1_11' title='bbox 684 523 881 578; x_wconf 76' lang='lat' dir='ltr'><strong>PALL.</strong></span> <span class='ocrx_word' id='word_1_12' title='bbox 922 524 1082 579; x_wconf 74' lang='lat' dir='ltr'><strong>Recte</strong></span> <span class='ocrx_word' id='word_1_13' title='bbox 1105 525 1200 579; x_wconf 91' lang='lat' dir='ltr'><strong>ais.</strong></span> 
     </span>
    </p>
   </div>
   <div class='ocr_carea' id='block_1_6' title="bbox 682 612 2185 692">
    <p class='ocr_par' dir='ltr' id='par_1_6' title="bbox 682 612 2185 692">
     <span class='ocr_line' id='line_1_6' title="bbox 682 612 2185 692; baseline 0.005 -23"><span class='ocrx_word' id='word_1_14' title='bbox 682 612 840 669; x_wconf 77' lang='lat' dir='ltr'><strong>CYR.</strong></span> <span class='ocrx_word' id='word_1_15' title='bbox 866 614 1029 684; x_wconf 78' lang='lat' dir='ltr'><strong>Atqui</strong></span> <span class='ocrx_word' id='word_1_16' title='bbox 1051 631 1159 670; x_wconf 91' lang='lat' dir='ltr'><strong>non</strong></span> <span class='ocrx_word' id='word_1_17' title='bbox 1184 620 1445 689; x_wconf 74' lang='lat' dir='ltr'><strong>sanguine</strong></span> <span class='ocrx_word' id='word_1_18' title='bbox 1478 618 1673 683; x_wconf 88' lang='lat' dir='ltr'><strong>solum,</strong></span> <span class='ocrx_word' id='word_1_19' title='bbox 1700 617 1795 674; x_wconf 85' lang='lat' dir='ltr'><strong>sed</strong></span> <span class='ocrx_word' id='word_1_20' title='bbox 1819 631 2006 676; x_wconf 88' lang='lat' dir='ltr'><strong>sancta</strong></span> <span class='ocrx_word' id='word_1_21' title='bbox 2037 637 2185 692; x_wconf 36' lang='lat' dir='ltr'><strong>quo-6</strong></span> 
     </span>
    </p>
   </div>
   <div class='ocr_carea' id='block_1_7' title="bbox 614 705 2177 779">
    <p class='ocr_par' dir='ltr' id='par_1_7' title="bbox 614 705 2177 779">
     <span class='ocr_line' id='line_1_7' title="bbox 614 705 2177 779; baseline 0.005 -23"><span class='ocrx_word' id='word_1_22' title='bbox 614 717 721 772; x_wconf 90' lang='lat' dir='ltr'><strong>que</strong></span> <span class='ocrx_word' id='word_1_23' title='bbox 745 718 886 772; x_wconf 86' lang='lat' dir='ltr'><strong>aqua</strong></span> <span class='ocrx_word' id='word_1_24' title='bbox 906 705 1123 774; x_wconf 90' lang='lat' dir='ltr'><strong>purgari</strong></span> <span class='ocrx_word' id='word_1_25' title='bbox 1157 715 1432 775; x_wconf 85' lang='lat' dir='ltr'><strong>oportere,</strong></span> <span class='ocrx_word' id='word_1_26' title='bbox 1473 707 1561 762; x_wconf 94' lang='lat' dir='ltr'><strong>lex</strong></span> <span class='ocrx_word' id='word_1_27' title='bbox 1595 722 1696 776; x_wconf 87' lang='lat' dir='ltr'><strong>per</strong></span> <span class='ocrx_word' id='word_1_28' title='bbox 1726 707 1955 776; x_wconf 69' lang='lat' dir='ltr'><strong>aenigma</strong></span> <span class='ocrx_word' id='word_1_29' title='bbox 1976 710 2177 779; x_wconf 84' lang='lat' dir='ltr'><strong>jussit,</strong></span> 
     </span>
    </p>
   </div>
   <div class='ocr_carea' id='block_1_8' title="bbox 613 794 2182 870">
    <p class='ocr_par' dir='ltr' id='par_1_8' title="bbox 613 794 2182 870">
     <span class='ocr_line' id='line_1_8' title="bbox 613 794 2182 870; baseline 0.006 -23"><span class='ocrx_word' id='word_1_30' title='bbox 613 809 736 862; x_wconf 74' lang='lat' dir='ltr'><strong>qua:</strong></span> <span class='ocrx_word' id='word_1_31' title='bbox 754 794 840 847; x_wconf 83' lang='lat' dir='ltr'><strong>via</strong></span> <span class='ocrx_word' id='word_1_32' title='bbox 880 803 964 849; x_wconf 89' lang='lat' dir='ltr'><strong>est</strong></span> <span class='ocrx_word' id='word_1_33' title='bbox 982 796 1048 849; x_wconf 90' lang='lat' dir='ltr'><strong>ad</strong></span> <span class='ocrx_word' id='word_1_34' title='bbox 1066 798 1446 867; x_wconf 76' lang='lat' dir='ltr'><strong>purgationem</strong></span> <span class='ocrx_word' id='word_1_35' title='bbox 1472 796 1891 866; x_wconf 81' lang='lat' dir='ltr'><strong>perfectissima,</strong></span> <span class='ocrx_word' id='word_1_36' title='bbox 1915 799 1962 853; x_wconf 91' lang='lat' dir='ltr'><strong>si</strong></span> <span class='ocrx_word' id='word_1_37' title='bbox 1981 809 2182 870; x_wconf 79' lang='lat' dir='ltr'><strong>myste-</strong></span> 
     </span>
    </p>
   </div>
   <div class='ocr_carea' id='block_1_9' title="bbox 611 884 1755 954">
    <p class='ocr_par' dir='ltr' id='par_1_9' title="bbox 611 884 1755 954">
     <span class='ocr_line' id='line_1_9' title="bbox 611 884 1755 954; baseline 0.002 -15"><span class='ocrx_word' id='word_1_38' title='bbox 611 884 755 939; x_wconf 87' lang='lat' dir='ltr'><strong>rium</strong></span> <span class='ocrx_word' id='word_1_39' title='bbox 792 885 939 954; x_wconf 91' lang='lat' dir='ltr'><strong>quod</strong></span> <span class='ocrx_word' id='word_1_40' title='bbox 975 898 1059 941; x_wconf 89' lang='lat' dir='ltr'><strong>est</strong></span> <span class='ocrx_word' id='word_1_41' title='bbox 1090 887 1145 941; x_wconf 91' lang='lat' dir='ltr'><strong>in</strong></span> <span class='ocrx_word' id='word_1_42' title='bbox 1175 888 1394 944; x_wconf 75' lang='lat' dir='ltr'><strong>Christo</strong></span> <span class='ocrx_word' id='word_1_43' title='bbox 1423 887 1755 943; x_wconf 84' lang='lat' dir='ltr'><strong>consideres.</strong></span> 
     </span>
    </p>
   </div>
   <div class='ocr_carea' id='block_1_10' title="bbox 684 975 2176 1050">
    <p class='ocr_par' dir='ltr' id='par_1_10' title="bbox 684 975 2176 1050">
     <span class='ocr_line' id='line_1_10' title="bbox 684 975 2176 1050; baseline 0.007 -22"><span class='ocrx_word' id='word_1_44' title='bbox 684 975 878 1029; x_wconf 83' lang='lat' dir='ltr'><strong>PALL.</strong></span> <span class='ocrx_word' id='word_1_45' title='bbox 904 975 1188 1043; x_wconf 85' lang='lat' dir='ltr'><strong>Quomodo</strong></span> <span class='ocrx_word' id='word_1_46' title='bbox 1218 979 1460 1045; x_wconf 89' lang='lat' dir='ltr'><strong>tandem,</strong></span> <span class='ocrx_word' id='word_1_47' title='bbox 1494 987 1587 1034; x_wconf 90' lang='lat' dir='ltr'><strong>aut</strong></span> <span class='ocrx_word' id='word_1_48' title='bbox 1608 994 1717 1050; x_wconf 91' lang='lat' dir='ltr'><strong>qua</strong></span> <span class='ocrx_word' id='word_1_49' title='bbox 1757 980 1969 1037; x_wconf 82' lang='lat' dir='ltr'><strong>ratione</strong></span> <span class='ocrx_word' id='word_1_50' title='bbox 1997 982 2054 1037; x_wconf 90' lang='lat' dir='ltr'><strong>id</strong></span> <span class='ocrx_word' id='word_1_51' title='bbox 2080 998 2176 1040; x_wconf 88' lang='lat' dir='ltr'><strong>os-</strong></span> 
     </span>
    </p>
   </div>
   <div class='ocr_carea' id='block_1_11' title="bbox 611 1063 815 1119">
    <p class='ocr_par' dir='ltr' id='par_1_11' title="bbox 611 1063 815 1119">
     <span class='ocr_line' id='line_1_11' title="bbox 611 1063 815 1119; baseline 0 -3"><span class='ocrx_word' id='word_1_52' title='bbox 611 1063 815 1119; x_wconf 89' lang='lat' dir='ltr'><strong>tendit?</strong></span> 
     </span>
    </p>
   </div>
   <div class='ocr_carea' id='block_1_12' title="bbox 677 1154 2177 1229">
    <p class='ocr_par' dir='ltr' id='par_1_12' title="bbox 677 1154 2177 1229">
     <span class='ocr_line' id='line_1_12' title="bbox 677 1154 2177 1229; baseline 0.008 -20"><span class='ocrx_word' id='word_1_53' title='bbox 677 1154 835 1210; x_wconf 70' lang='grc' dir='ltr'><strong>ΟΥΕ.</strong></span> <span class='ocrx_word' id='word_1_54' title='bbox 873 1157 1147 1229; x_wconf 90' lang='lat' dir='ltr'><strong>Scriptum</strong></span> <span class='ocrx_word' id='word_1_55' title='bbox 1174 1170 1258 1217; x_wconf 86' lang='lat' dir='ltr'><strong>est</strong></span> <span class='ocrx_word' id='word_1_56' title='bbox 1286 1162 1432 1217; x_wconf 91' lang='lat' dir='ltr'><strong>enim</strong></span> <span class='ocrx_word' id='word_1_57' title='bbox 1492 1181 1504 1215; x_wconf 89' lang='lat'><strong>:</strong></span> <span class='ocrx_word' id='word_1_58' title='bbox 1546 1182 1564 1214; x_wconf 80' lang='grc' dir='ltr'><strong>ι</strong></span> <span class='ocrx_word' id='word_1_59' title='bbox 1588 1164 1654 1218; x_wconf 85' lang='grc' dir='ltr'><strong>Ει</strong></span> <span class='ocrx_word' id='word_1_60' title='bbox 1695 1163 1913 1219; x_wconf 90' lang='lat' dir='ltr'><strong>locutus</strong></span> <span class='ocrx_word' id='word_1_61' title='bbox 1951 1174 2035 1220; x_wconf 89' lang='lat' dir='ltr'><strong>est</strong></span> <span class='ocrx_word' id='word_1_62' title='bbox 2072 1165 2177 1219; x_wconf 87' lang='lat' dir='ltr'><strong>Do-</strong></span> 
     </span>
    </p>
   </div>
   <div class='ocr_carea' id='block_1_13' title="bbox 610 1244 2169 1322">
    <p class='ocr_par' dir='ltr' id='par_1_13' title="bbox 610 1244 2169 1322">
     <span class='ocr_line' id='line_1_13' title="bbox 610 1244 2169 1322; baseline 0.008 -24"><span class='ocrx_word' id='word_1_63' title='bbox 610 1244 792 1301; x_wconf 89' lang='lat' dir='ltr'><strong>minus</strong></span> <span class='ocrx_word' id='word_1_64' title='bbox 826 1248 893 1303; x_wconf 89' lang='lat' dir='ltr'><strong>ad</strong></span> <span class='ocrx_word' id='word_1_65' title='bbox 935 1250 1172 1322; x_wconf 85' lang='lat' dir='ltr'><strong>Moysen,</strong></span> <span class='ocrx_word' id='word_1_66' title='bbox 1218 1253 1437 1308; x_wconf 83' lang='lat' dir='ltr'><strong>dicens:</strong></span> <span class='ocrx_word' id='word_1_67' title='bbox 1502 1255 1608 1309; x_wconf 85' lang='lat' dir='ltr'><strong>Fac</strong></span> <span class='ocrx_word' id='word_1_68' title='bbox 1658 1255 1875 1309; x_wconf 86' lang='lat' dir='ltr'><strong>labrum</strong></span> <span class='ocrx_word' id='word_1_69' title='bbox 1936 1271 2169 1318; x_wconf 64' lang='lat' dir='ltr'><strong>aeneum,</strong></span> 
     </span>
    </p>
   </div>
   <div class='ocr_carea' id='block_1_14' title="bbox 555 1328 2173 1416">
    <p class='ocr_par' dir='ltr' id='par_1_14' title="bbox 555 1328 2173 1416">
     <span class='ocr_line' id='line_1_14' title="bbox 555 1328 2173 1416; baseline 0.007 -26"><span class='ocrx_word' id='word_1_70' title='bbox 555 1328 561 1333; x_wconf 63' lang='grc'><em>’</em></span> <span class='ocrx_word' id='word_1_71' title='bbox 608 1345 666 1391; x_wconf 89' lang='lat' dir='ltr'><strong>et</strong></span> <span class='ocrx_word' id='word_1_72' title='bbox 685 1337 861 1393; x_wconf 84' lang='lat' dir='ltr'><strong>basim</strong></span> <span class='ocrx_word' id='word_1_73' title='bbox 895 1340 1044 1397; x_wconf 88' lang='lat' dir='ltr'><strong>illius</strong></span> <span class='ocrx_word' id='word_1_74' title='bbox 1076 1359 1283 1399; x_wconf 66' lang='lat' dir='ltr'><strong>teneam</strong></span> <span class='ocrx_word' id='word_1_75' title='bbox 1305 1345 1373 1399; x_wconf 89' lang='lat' dir='ltr'><strong>ad</strong></span> <span class='ocrx_word' id='word_1_76' title='bbox 1399 1345 1776 1400; x_wconf 89' lang='lat' dir='ltr'><strong>abluendum:</strong></span> <span class='ocrx_word' id='word_1_77' title='bbox 1805 1355 1861 1401; x_wconf 90' lang='lat' dir='ltr'><strong>et</strong></span> <span class='ocrx_word' id='word_1_78' title='bbox 1887 1363 2058 1416; x_wconf 90' lang='lat' dir='ltr'><strong>pones</strong></span> <span class='ocrx_word' id='word_1_79' title='bbox 2106 1346 2173 1400; x_wconf 86' lang='lat' dir='ltr'><strong>il-</strong></span> 
     </span>
    </p>
   </div>
   <div class='ocr_carea' id='block_1_15' title="bbox 607 1425 2166 1491">
    <p class='ocr_par' dir='ltr' id='par_1_15' title="bbox 607 1425 2166 1491">
     <span class='ocr_line' id='line_1_15' title="bbox 607 1425 2166 1491; baseline 0.006 -11"><span class='ocrx_word' id='word_1_80' title='bbox 607 1425 700 1481; x_wconf 88' lang='lat' dir='ltr'><strong>lud</strong></span> <span class='ocrx_word' id='word_1_81' title='bbox 732 1428 875 1484; x_wconf 88' lang='lat' dir='ltr'><strong>inter</strong></span> <span class='ocrx_word' id='word_1_82' title='bbox 907 1432 1322 1489; x_wconf 82' lang='lat' dir='ltr'><strong>tabernaculum</strong></span> <span class='ocrx_word' id='word_1_83' title='bbox 1365 1436 1667 1491; x_wconf 85' lang='lat' dir='ltr'><strong>testimonii</strong></span> <span class='ocrx_word' id='word_1_84' title='bbox 1699 1444 1755 1491; x_wconf 89' lang='lat' dir='ltr'><strong>et</strong></span> <span class='ocrx_word' id='word_1_85' title='bbox 1794 1437 1939 1491; x_wconf 89' lang='lat' dir='ltr'><strong>inter</strong></span> <span class='ocrx_word' id='word_1_86' title='bbox 1978 1436 2166 1491; x_wconf 90' lang='lat' dir='ltr'><strong>altare.</strong></span> 
     </span>
    </p>
   </div>
   <div class='ocr_carea' id='block_1_16' title="bbox 608 1517 2174 1596">
    <p class='ocr_par' dir='ltr' id='par_1_16' title="bbox 608 1517 2174 1596">
     <span class='ocr_line' id='line_1_16' title="bbox 608 1517 2174 1596; baseline 0.006 -25"><span class='ocrx_word' id='word_1_87' title='bbox 608 1517 677 1571; x_wconf 87' lang='lat' dir='ltr'><strong>Et</strong></span> <span class='ocrx_word' id='word_1_88' title='bbox 704 1519 953 1577; x_wconf 81' lang='lat' dir='ltr'><strong>eﬂ&#39;undes</strong></span> <span class='ocrx_word' id='word_1_89' title='bbox 985 1523 1040 1577; x_wconf 90' lang='lat' dir='ltr'><strong>in</strong></span> <span class='ocrx_word' id='word_1_90' title='bbox 1065 1524 1200 1583; x_wconf 86' lang='lat' dir='ltr'><strong>illud</strong></span> <span class='ocrx_word' id='word_1_91' title='bbox 1226 1541 1443 1596; x_wconf 85' lang='lat' dir='ltr'><strong>aquam,</strong></span> <span class='ocrx_word' id='word_1_92' title='bbox 1470 1536 1525 1581; x_wconf 90' lang='lat' dir='ltr'><strong>et</strong></span> <span class='ocrx_word' id='word_1_93' title='bbox 1554 1528 1779 1582; x_wconf 87' lang='lat' dir='ltr'><strong>abluent</strong></span> <span class='ocrx_word' id='word_1_94' title='bbox 1803 1527 1982 1591; x_wconf 83' lang='lat' dir='ltr'><strong>Aaron</strong></span> <span class='ocrx_word' id='word_1_95' title='bbox 2030 1534 2086 1581; x_wconf 90' lang='lat' dir='ltr'><strong>et</strong></span> <span class='ocrx_word' id='word_1_96' title='bbox 2108 1527 2174 1580; x_wconf 83' lang='lat' dir='ltr'><strong>Ii-</strong></span> 
     </span>
    </p>
   </div>
   <div class='ocr_carea' id='block_1_17' title="bbox 607 1609 2172 1687">
    <p class='ocr_par' dir='ltr' id='par_1_17' title="bbox 607 1609 2172 1687">
     <span class='ocr_line' id='line_1_17' title="bbox 607 1609 2172 1687; baseline 0.007 -25"><span class='ocrx_word' id='word_1_97' title='bbox 607 1609 667 1662; x_wconf 90' lang='lat' dir='ltr'><strong>lii</strong></span> <span class='ocrx_word' id='word_1_98' title='bbox 700 1612 819 1680; x_wconf 89' lang='lat' dir='ltr'><strong>ejus</strong></span> <span class='ocrx_word' id='word_1_99' title='bbox 843 1612 898 1666; x_wconf 91' lang='lat' dir='ltr'><strong>in</strong></span> <span class='ocrx_word' id='word_1_100' title='bbox 930 1629 997 1667; x_wconf 89' lang='lat' dir='ltr'><strong>eo</strong></span> <span class='ocrx_word' id='word_1_101' title='bbox 1048 1631 1244 1670; x_wconf 90' lang='lat' dir='ltr'><strong>manus</strong></span> <span class='ocrx_word' id='word_1_102' title='bbox 1288 1626 1345 1671; x_wconf 90' lang='lat' dir='ltr'><strong>et</strong></span> <span class='ocrx_word' id='word_1_103' title='bbox 1381 1618 1550 1686; x_wconf 88' lang='lat' dir='ltr'><strong>pedes</strong></span> <span class='ocrx_word' id='word_1_104' title='bbox 1597 1633 1758 1687; x_wconf 90' lang='lat' dir='ltr'><strong>aqua.</strong></span> <span class='ocrx_word' id='word_1_105' title='bbox 1810 1617 1949 1672; x_wconf 90' lang='lat' dir='ltr'><strong>Cum</strong></span> <span class='ocrx_word' id='word_1_106' title='bbox 1992 1618 2172 1687; x_wconf 86' lang='lat' dir='ltr'><strong>ingre-</strong></span> 
     </span>
    </p>
   </div>
   <div class='ocr_carea' id='block_1_18' title="bbox 611 1699 2174 1771">
    <p class='ocr_par' dir='ltr' id='par_1_18' title="bbox 611 1699 2174 1771">
     <span class='ocr_line' id='line_1_18' title="bbox 611 1699 2174 1771; baseline 0.008 -19"><span class='ocrx_word' id='word_1_107' title='bbox 611 1699 835 1755; x_wconf 88' lang='lat' dir='ltr'><strong>dientur</strong></span> <span class='ocrx_word' id='word_1_108' title='bbox 889 1702 945 1756; x_wconf 91' lang='lat' dir='ltr'><strong>in</strong></span> <span class='ocrx_word' id='word_1_109' title='bbox 1005 1704 1415 1760; x_wconf 81' lang='lat' dir='ltr'><strong>tabernaculum</strong></span> <span class='ocrx_word' id='word_1_110' title='bbox 1473 1708 1818 1771; x_wconf 86' lang='lat' dir='ltr'><strong>testimonii,</strong></span> <span class='ocrx_word' id='word_1_111' title='bbox 1880 1710 2174 1764; x_wconf 90' lang='lat' dir='ltr'><strong>abluentur</strong></span> 
     </span>
    </p>
   </div>
   <div class='ocr_carea' id='block_1_19' title="bbox 606 1794 2173 1869">
    <p class='ocr_par' dir='ltr' id='par_1_19' title="bbox 606 1794 2173 1869">
     <span class='ocr_line' id='line_1_19' title="bbox 606 1794 2173 1869; baseline 0.008 -27"><span class='ocrx_word' id='word_1_112' title='bbox 606 1804 766 1858; x_wconf 86' lang='lat' dir='ltr'><strong>aqua,</strong></span> <span class='ocrx_word' id='word_1_113' title='bbox 784 1800 840 1847; x_wconf 90' lang='lat' dir='ltr'><strong>et</strong></span> <span class='ocrx_word' id='word_1_114' title='bbox 858 1807 968 1847; x_wconf 89' lang='lat' dir='ltr'><strong>non</strong></span> <span class='ocrx_word' id='word_1_115' title='bbox 991 1794 1315 1863; x_wconf 89' lang='lat' dir='ltr'><strong>morientur;</strong></span> <span class='ocrx_word' id='word_1_116' title='bbox 1342 1799 1423 1853; x_wconf 83' lang='lat' dir='ltr'><strong>vel</strong></span> <span class='ocrx_word' id='word_1_117' title='bbox 1446 1813 1571 1852; x_wconf 91' lang='lat' dir='ltr'><strong>cum</strong></span> <span class='ocrx_word' id='word_1_118' title='bbox 1592 1799 1968 1869; x_wconf 86' lang='lat' dir='ltr'><strong>ingredientur</strong></span> <span class='ocrx_word' id='word_1_119' title='bbox 1982 1810 2041 1853; x_wconf 87' lang='lat' dir='ltr'><strong>ut</strong></span> <span class='ocrx_word' id='word_1_120' title='bbox 2066 1801 2173 1854; x_wconf 68' lang='lat' dir='ltr'><strong>mi~</strong></span> 
     </span>
    </p>
   </div>
   <div class='ocr_carea' id='block_1_20' title="bbox 2350 625 3853 705">
    <p class='ocr_par' dir='ltr' id='par_1_20' title="bbox 2350 625 3853 705">
     <span class='ocr_line' id='line_1_20' title="bbox 2350 625 3853 705; baseline 0.008 -27"><span class='ocrx_word' id='word_1_121' title='bbox 2350 627 2512 680; x_wconf 77' lang='grc' dir='ltr'><strong>ΚΥΡ.</strong></span> <span class='ocrx_word' id='word_1_122' title='bbox 2566 627 2704 679; x_wconf 79' lang='grc' dir='ltr'><strong>Ἀλλ’</strong></span> <span class='ocrx_word' id='word_1_123' title='bbox 2731 625 2848 679; x_wconf 80' lang='grc' dir='ltr'><strong>οῠτι</strong></span> <span class='ocrx_word' id='word_1_124' title='bbox 2877 642 2962 679; x_wconf 88' lang='grc' dir='ltr'><strong>πω</strong></span> <span class='ocrx_word' id='word_1_125' title='bbox 2990 625 3135 697; x_wconf 84' lang='grc' dir='ltr'>μόνῳ</span> <span class='ocrx_word' id='word_1_126' title='bbox 3158 627 3235 697; x_wconf 78' lang='grc' dir='ltr'><strong>τῷ</strong></span> <span class='ocrx_word' id='word_1_127' title='bbox 3266 630 3458 699; x_wconf 75' lang='grc' dir='ltr'><strong>αἵματι</strong></span> <span class='ocrx_word' id='word_1_128' title='bbox 3492 632 3853 705; x_wconf 74' lang='grc' dir='ltr'><strong>καθαίρεσθαι</strong></span> 
     </span>
    </p>
   </div>
   <div class='ocr_carea' id='block_1_21' title="bbox 2278 717 3853 797">
    <p class='ocr_par' dir='ltr' id='par_1_21' title="bbox 2278 717 3853 797">
     <span class='ocr_line' id='line_1_21' title="bbox 2278 717 3853 797; baseline 0.004 -25"><span class='ocrx_word' id='word_1_129' title='bbox 2278 717 2388 772; x_wconf 81' lang='grc' dir='ltr'><strong>δεῖν</strong></span> <span class='ocrx_word' id='word_1_130' title='bbox 2415 718 2829 797; x_wconf 67' lang='grc' dir='ltr'><strong>αἰνιγματωδῶς</strong></span> <span class='ocrx_word' id='word_1_131' title='bbox 2852 719 2882 770; x_wconf 84' lang='grc' dir='ltr'>ὁ</span> <span class='ocrx_word' id='word_1_132' title='bbox 2920 717 3103 788; x_wconf 72' lang='grc' dir='ltr'><strong>νόμος,</strong></span> <span class='ocrx_word' id='word_1_133' title='bbox 3134 718 3268 772; x_wconf 79' lang='grc' dir='ltr'><strong>ἀλλὰ</strong></span> <span class='ocrx_word' id='word_1_134' title='bbox 3296 721 3389 773; x_wconf 77' lang='grc' dir='ltr'><strong>καὶ</strong></span> <span class='ocrx_word' id='word_1_135' title='bbox 3419 720 3573 774; x_wconf 81' lang='grc' dir='ltr'><strong>ὕδατι</strong></span> <span class='ocrx_word' id='word_1_136' title='bbox 3600 724 3683 794; x_wconf 80' lang='grc' dir='ltr'><strong>τῷ</strong></span> <span class='ocrx_word' id='word_1_137' title='bbox 3713 726 3853 796; x_wconf 79' lang='grc' dir='ltr'><strong>ἁγίῳ</strong></span> 
     </span>
    </p>
   </div>
   <div class='ocr_carea' id='block_1_22' title="bbox 2280 808 3857 885">
    <p class='ocr_par' dir='ltr' id='par_1_22' title="bbox 2280 808 3857 885">
     <span class='ocr_line' id='line_1_22' title="bbox 2280 808 3857 885; baseline 0.004 -23"><span class='ocrx_word' id='word_1_138' title='bbox 2280 812 2636 880; x_wconf 79' lang='grc' dir='ltr'><strong>προστέταχε.</strong></span> <span class='ocrx_word' id='word_1_139' title='bbox 2667 808 2986 878; x_wconf 85' lang='grc' dir='ltr'><strong>Τελεωτάτη</strong></span> <span class='ocrx_word' id='word_1_140' title='bbox 3010 808 3129 880; x_wconf 55' lang='grc' dir='ltr'><strong>γὰρ⁴</strong></span> <span class='ocrx_word' id='word_1_141' title='bbox 3145 810 3245 880; x_wconf 77' lang='grc' dir='ltr'><strong>ἥδε</strong></span> <span class='ocrx_word' id='word_1_142' title='bbox 3264 814 3403 881; x_wconf 77' lang='grc' dir='ltr'><strong>πρὸς</strong></span> <span class='ocrx_word' id='word_1_143' title='bbox 3422 812 3689 885; x_wconf 81' lang='grc' dir='ltr'><strong>κάθαρσιν</strong></span> <span class='ocrx_word' id='word_1_144' title='bbox 3711 817 3857 883; x_wconf 68' lang='grc' dir='ltr'><strong>αδδς,</strong></span> 
     </span>
    </p>
   </div>
   <div class='ocr_carea' id='block_1_23' title="bbox 2279 900 3283 971">
    <p class='ocr_par' dir='ltr' id='par_1_23' title="bbox 2279 900 3283 971">
     <span class='ocr_line' id='line_1_23' title="bbox 2279 900 3283 971; baseline 0 -17"><span class='ocrx_word' id='word_1_145' title='bbox 2279 901 2421 954; x_wconf 83' lang='grc' dir='ltr'><strong>κατά</strong></span> <span class='ocrx_word' id='word_1_146' title='bbox 2447 902 2586 970; x_wconf 78' lang='grc' dir='ltr'><strong>γετὸ</strong></span> <span class='ocrx_word' id='word_1_147' title='bbox 2623 904 2681 954; x_wconf 81' lang='grc' dir='ltr'><strong>ὲν</strong></span> <span class='ocrx_word' id='word_1_148' title='bbox 2712 900 2930 970; x_wconf 81' lang='grc' dir='ltr'><strong>Χριστῷ</strong></span> <span class='ocrx_word' id='word_1_149' title='bbox 2962 902 3283 971; x_wconf 83' lang='grc' dir='ltr'><strong>μυστήριον.</strong></span> 
     </span>
    </p>
   </div>
   <div class='ocr_carea' id='block_1_24' title="bbox 2350 990 3857 1070">
    <p class='ocr_par' dir='ltr' id='par_1_24' title="bbox 2350 990 3857 1070">
     <span class='ocr_line' id='line_1_24' title="bbox 2350 990 3857 1070; baseline 0.006 -26"><span class='ocrx_word' id='word_1_150' title='bbox 2350 992 2557 1047; x_wconf 77' lang='grc' dir='ltr'><strong>ΠΑΔΛ.</strong></span> <span class='ocrx_word' id='word_1_151' title='bbox 2595 991 2719 1055; x_wconf 79' lang='grc' dir='ltr'><strong>Πῶς</strong></span> <span class='ocrx_word' id='word_1_152' title='bbox 2750 990 2805 1044; x_wconf 75' lang='grc' dir='ltr'><strong>δὲ</strong></span> <span class='ocrx_word' id='word_1_153' title='bbox 2837 991 2898 1062; x_wconf 76' lang='grc' dir='ltr'><strong>δὴ</strong></span> <span class='ocrx_word' id='word_1_154' title='bbox 2932 991 3039 1061; x_wconf 78' lang='grc' dir='ltr'><strong>ἄρα</strong></span> <span class='ocrx_word' id='word_1_155' title='bbox 3070 993 3171 1045; x_wconf 72' lang='grc' dir='ltr'><strong>καὶσ</strong></span> <span class='ocrx_word' id='word_1_156' title='bbox 3185 992 3343 1047; x_wconf 77' lang='grc' dir='ltr'><strong>τοῦτο</strong></span> <span class='ocrx_word' id='word_1_157' title='bbox 3374 994 3628 1067; x_wconf 80' lang='grc' dir='ltr'><strong>δὲδειχεν,</strong></span> <span class='ocrx_word' id='word_1_158' title='bbox 3664 1000 3698 1070; x_wconf 69' lang='grc' dir='ltr'>ἦ</span> <span class='ocrx_word' id='word_1_159' title='bbox 3730 1002 3857 1055; x_wconf 75' lang='grc' dir='ltr'><strong>τίνα</strong></span> 
     </span>
    </p>
   </div>
   <div class='ocr_carea' id='block_1_25' title="bbox 2278 1098 2509 1151">
    <p class='ocr_par' dir='ltr' id='par_1_25' title="bbox 2278 1098 2509 1151">
     <span class='ocr_line' id='line_1_25' title="bbox 2278 1098 2509 1151; baseline 0.013 -16"><span class='ocrx_word' id='word_1_160' title='bbox 2278 1098 2475 1151; x_wconf 90' lang='grc' dir='ltr'><strong>τροπον</strong></span> <span class='ocrx_word' id='word_1_161' title='bbox 2491 1102 2509 1151; x_wconf 88' lang='lat'><strong><em>;</em></strong></span> 
     </span>
    </p>
   </div>
   <div class='ocr_carea' id='block_1_26' title="bbox 2313 1083 3848 1247">
    <p class='ocr_par' dir='ltr' id='par_1_26' title="bbox 2313 1083 3848 1247">
     <span class='ocr_line' id='line_1_26' title="bbox 2313 1083 3848 1247; baseline 0.002 -22"><span class='ocrx_word' id='word_1_162' title='bbox 2552 1172 2862 1243; x_wconf 76' lang='grc' dir='ltr'><strong>Γέγραπται</strong></span> <span class='ocrx_word' id='word_1_163' title='bbox 2898 1171 3030 1243; x_wconf 84' lang='grc' dir='ltr'><strong>γὰρ,</strong></span> <span class='ocrx_word' id='word_1_164' title='bbox 3069 1173 3149 1225; x_wconf 82' lang='grc' dir='ltr'><strong>ὅτι</strong></span> <span class='ocrx_word' id='word_1_165' title='bbox 3191 1190 3221 1225; x_wconf 49' lang='grc' dir='ltr'><strong>ιν</strong></span> <span class='ocrx_word' id='word_1_166' title='bbox 3250 1174 3359 1228; x_wconf 75' lang='grc' dir='ltr'><strong>Καὶ</strong></span> <span class='ocrx_word' id='word_1_167' title='bbox 3378 1174 3606 1246; x_wconf 70' lang='grc' dir='ltr'><strong>ἑλάλησε</strong></span> <span class='ocrx_word' id='word_1_168' title='bbox 3639 1175 3848 1247; x_wconf 80' lang='grc' dir='ltr'><strong>Κύριος</strong></span> 
     </span>
    </p>
   </div>
   <div class='ocr_carea' id='block_1_27' title="bbox 2277 1262 3846 1336">
    <p class='ocr_par' dir='ltr' id='par_1_27' title="bbox 2277 1262 3846 1336">
     <span class='ocr_line' id='line_1_27' title="bbox 2277 1262 3846 1336; baseline 0.002 -21"><span class='ocrx_word' id='word_1_169' title='bbox 2277 1262 2413 1333; x_wconf 79' lang='grc' dir='ltr'><strong>πρὸς</strong></span> <span class='ocrx_word' id='word_1_170' title='bbox 2456 1263 2695 1333; x_wconf 81' lang='grc' dir='ltr'><strong>Μωσῆν,</strong></span> <span class='ocrx_word' id='word_1_171' title='bbox 2741 1264 2947 1331; x_wconf 78' lang='grc' dir='ltr'><strong>λέγων·</strong></span> <span class='ocrx_word' id='word_1_172' title='bbox 3016 1262 3248 1332; x_wconf 82' lang='grc' dir='ltr'><strong>Ποίησον</strong></span> <span class='ocrx_word' id='word_1_173' title='bbox 3294 1264 3532 1336; x_wconf 80' lang='grc' dir='ltr'><strong>λουτῆρα</strong></span> <span class='ocrx_word' id='word_1_174' title='bbox 3588 1264 3846 1333; x_wconf 77' lang='grc' dir='ltr'><strong>χαλκοῦν,</strong></span> 
     </span>
    </p>
   </div>
   <div class='ocr_carea' id='block_1_28' title="bbox 2277 1353 3851 1426">
    <p class='ocr_par' dir='ltr' id='par_1_28' title="bbox 2277 1353 3851 1426">
     <span class='ocr_line' id='line_1_28' title="bbox 2277 1353 3851 1426; baseline 0.002 -20"><span class='ocrx_word' id='word_1_175' title='bbox 2277 1354 2369 1407; x_wconf 74' lang='grc' dir='ltr'><strong>καὶ</strong></span> <span class='ocrx_word' id='word_1_176' title='bbox 2399 1353 2555 1422; x_wconf 87' lang='grc' dir='ltr'><strong>βάσιν</strong></span> <span class='ocrx_word' id='word_1_177' title='bbox 2578 1354 2744 1408; x_wconf 78' lang='grc' dir='ltr'><strong>αὑτοῦ</strong></span> <span class='ocrx_word' id='word_1_178' title='bbox 2774 1354 2998 1425; x_wconf 78' lang='grc' dir='ltr'><strong>χαλκῆν,</strong></span> <span class='ocrx_word' id='word_1_179' title='bbox 3020 1353 3160 1408; x_wconf 86' lang='grc' dir='ltr'><strong>ὥστε</strong></span> <span class='ocrx_word' id='word_1_180' title='bbox 3184 1353 3488 1408; x_wconf 85' lang='grc' dir='ltr'><strong>νίπτεσθαι.</strong></span> <span class='ocrx_word' id='word_1_181' title='bbox 3522 1356 3635 1409; x_wconf 71' lang='grc' dir='ltr'><strong>Καὶ</strong></span> <span class='ocrx_word' id='word_1_182' title='bbox 3660 1354 3851 1426; x_wconf 81' lang='grc' dir='ltr'><strong>θήσεις</strong></span> 
     </span>
    </p>
   </div>
   <div class='ocr_carea' id='block_1_29' title="bbox 2277 1443 3855 1516">
    <p class='ocr_par' dir='ltr' id='par_1_29' title="bbox 2277 1443 3855 1516">
     <span class='ocr_line' id='line_1_29' title="bbox 2277 1443 3855 1516; baseline 0 -19"><span class='ocrx_word' id='word_1_183' title='bbox 2277 1444 2436 1497; x_wconf 77' lang='grc' dir='ltr'><strong>αὑτὸν</strong></span> <span class='ocrx_word' id='word_1_184' title='bbox 2488 1445 2594 1498; x_wconf 85' lang='grc' dir='ltr'><strong>ἀνά</strong></span> <span class='ocrx_word' id='word_1_185' title='bbox 2640 1445 2803 1515; x_wconf 84' lang='grc' dir='ltr'><strong>μέσον</strong></span> <span class='ocrx_word' id='word_1_186' title='bbox 2847 1445 2948 1514; x_wconf 86' lang='grc' dir='ltr'><strong>τῆς</strong></span> <span class='ocrx_word' id='word_1_187' title='bbox 2996 1445 3199 1516; x_wconf 81' lang='grc' dir='ltr'><strong>σκηνῆς</strong></span> <span class='ocrx_word' id='word_1_188' title='bbox 3234 1443 3328 1497; x_wconf 80' lang='grc' dir='ltr'><strong>τοῦ</strong></span> <span class='ocrx_word' id='word_1_189' title='bbox 3380 1446 3702 1516; x_wconf 85' lang='grc' dir='ltr'><strong>μαρτυρίου,</strong></span> <span class='ocrx_word' id='word_1_190' title='bbox 3752 1448 3855 1499; x_wconf 58' lang='grc' dir='ltr'><strong>και.</strong></span> 
     </span>
    </p>
   </div>
   <div class='ocr_carea' id='block_1_30' title="bbox 2275 1531 3845 1603">
    <p class='ocr_par' dir='ltr' id='par_1_30' title="bbox 2275 1531 3845 1603">
     <span class='ocr_line' id='line_1_30' title="bbox 2275 1531 3845 1603; baseline 0.001 -20"><span class='ocrx_word' id='word_1_191' title='bbox 2275 1532 2377 1584; x_wconf 82' lang='grc' dir='ltr'><strong>ἀνά</strong></span> <span class='ocrx_word' id='word_1_192' title='bbox 2413 1531 2577 1601; x_wconf 79' lang='grc' dir='ltr'><strong>μέσον</strong></span> <span class='ocrx_word' id='word_1_193' title='bbox 2609 1531 2704 1585; x_wconf 78' lang='grc' dir='ltr'><strong>τοῦ</strong></span> <span class='ocrx_word' id='word_1_194' title='bbox 2749 1532 3158 1603; x_wconf 84' lang='grc' dir='ltr'><strong>θυσιαστηρίου.</strong></span> <span class='ocrx_word' id='word_1_195' title='bbox 3190 1532 3313 1585; x_wconf 73' lang='grc' dir='ltr'><strong>Καὶι</strong></span> <span class='ocrx_word' id='word_1_196' title='bbox 3332 1534 3539 1603; x_wconf 77' lang='grc' dir='ltr'><strong>ὲκχεεῖς</strong></span> <span class='ocrx_word' id='word_1_197' title='bbox 3568 1536 3650 1597; x_wconf 81' lang='grc' dir='ltr'><strong>είς</strong></span> <span class='ocrx_word' id='word_1_198' title='bbox 3681 1534 3845 1587; x_wconf 79' lang='grc' dir='ltr'><strong>αὐτὸν</strong></span> 
     </span>
    </p>
   </div>
   <div class='ocr_carea' id='block_1_31' title="bbox 2276 1620 3844 1693">
    <p class='ocr_par' dir='ltr' id='par_1_31' title="bbox 2276 1620 3844 1693">
     <span class='ocr_line' id='line_1_31' title="bbox 2276 1620 3844 1693; baseline 0.003 -20"><span class='ocrx_word' id='word_1_199' title='bbox 2276 1620 2436 1693; x_wconf 80' lang='grc' dir='ltr'><strong>ὕδωρ·</strong></span> <span class='ocrx_word' id='word_1_200' title='bbox 2461 1623 2554 1676; x_wconf 79' lang='grc' dir='ltr'><strong>καὶ</strong></span> <span class='ocrx_word' id='word_1_201' title='bbox 2582 1621 2821 1691; x_wconf 83' lang='grc' dir='ltr'><strong>νίψονται</strong></span> <span class='ocrx_word' id='word_1_202' title='bbox 2859 1622 3067 1693; x_wconf 81' lang='grc' dir='ltr'><strong>Ἀαρὼν</strong></span> <span class='ocrx_word' id='word_1_203' title='bbox 3088 1623 3182 1676; x_wconf 60' lang='grc' dir='ltr'><strong>καλ⁵</strong></span> <span class='ocrx_word' id='word_1_204' title='bbox 3201 1624 3252 1676; x_wconf 79' lang='lat' dir='ltr'><strong>oi</strong></span> <span class='ocrx_word' id='word_1_205' title='bbox 3271 1624 3379 1676; x_wconf 69' lang='grc' dir='ltr'><strong>υίοὶ</strong></span> <span class='ocrx_word' id='word_1_206' title='bbox 3398 1624 3563 1676; x_wconf 78' lang='grc' dir='ltr'><strong>αὑτοῦ</strong></span> <span class='ocrx_word' id='word_1_207' title='bbox 3594 1624 3653 1690; x_wconf 74' lang='grc' dir='ltr'><strong>ἐξ</strong></span> <span class='ocrx_word' id='word_1_208' title='bbox 3677 1624 3844 1677; x_wconf 79' lang='grc' dir='ltr'><strong>αὑτοῦ</strong></span> 
     </span>
    </p>
   </div>
   <div class='ocr_carea' id='block_1_32' title="bbox 2273 1712 3847 1785">
    <p class='ocr_par' dir='ltr' id='par_1_32' title="bbox 2273 1712 3847 1785">
     <span class='ocr_line' id='line_1_32' title="bbox 2273 1712 3847 1785; baseline 0.002 -20"><span class='ocrx_word' id='word_1_209' title='bbox 2273 1712 2373 1776; x_wconf 83' lang='grc' dir='ltr'><strong>τὰς</strong></span> <span class='ocrx_word' id='word_1_210' title='bbox 2410 1715 2601 1783; x_wconf 84' lang='grc' dir='ltr'><strong>χεῖρας</strong></span> <span class='ocrx_word' id='word_1_211' title='bbox 2630 1715 2722 1766; x_wconf 82' lang='grc' dir='ltr'><strong>καὶ</strong></span> <span class='ocrx_word' id='word_1_212' title='bbox 2744 1714 2869 1777; x_wconf 80' lang='grc' dir='ltr'><strong>τοὺς</strong></span> <span class='ocrx_word' id='word_1_213' title='bbox 2907 1714 3072 1777; x_wconf 84' lang='grc' dir='ltr'><strong>πόδας</strong></span> <span class='ocrx_word' id='word_1_214' title='bbox 3095 1713 3267 1767; x_wconf 59' lang='grc' dir='ltr'><strong>ὕδατα</strong></span> <span class='ocrx_word' id='word_1_215' title='bbox 3299 1714 3847 1785; x_wconf 80' lang='grc' dir='ltr'><strong>Ὅτανείσπορεύων-</strong></span> 
     </span>
    </p>
   </div>
   <div class='ocr_carea' id='block_1_33' title="bbox 2272 1802 3842 1875">
    <p class='ocr_par' dir='ltr' id='par_1_33' title="bbox 2272 1802 3842 1875">
     <span class='ocr_line' id='line_1_33' title="bbox 2272 1802 3842 1875; baseline 0.001 -20"><span class='ocrx_word' id='word_1_216' title='bbox 2272 1819 2362 1856; x_wconf 90' lang='grc' dir='ltr'><strong>ται</strong></span> <span class='ocrx_word' id='word_1_217' title='bbox 2399 1806 2479 1866; x_wconf 80' lang='grc' dir='ltr'><strong>είς</strong></span> <span class='ocrx_word' id='word_1_218' title='bbox 2507 1803 2605 1875; x_wconf 86' lang='grc' dir='ltr'><strong>τὴν</strong></span> <span class='ocrx_word' id='word_1_219' title='bbox 2642 1804 2843 1875; x_wconf 83' lang='grc' dir='ltr'><strong>σκηνὴν</strong></span> <span class='ocrx_word' id='word_1_220' title='bbox 2875 1802 2967 1857; x_wconf 80' lang='grc' dir='ltr'><strong>τοῦ</strong></span> <span class='ocrx_word' id='word_1_221' title='bbox 3014 1803 3333 1874; x_wconf 72' lang='grc' dir='ltr'><strong>μαρτυρίου,</strong></span> <span class='ocrx_word' id='word_1_222' title='bbox 3387 1805 3641 1874; x_wconf 70' lang='grc' dir='ltr'><strong>νίψοπαιι</strong></span> <span class='ocrx_word' id='word_1_223' title='bbox 3663 1805 3842 1868; x_wconf 78' lang='grc' dir='ltr'><strong>ὕδατι,</strong></span> 
     </span>
    </p>
   </div>
   <div class='ocr_carea' id='block_1_34' title="bbox 604 1881 2166 1965">
    <p class='ocr_par' dir='ltr' id='par_1_34' title="bbox 604 1881 2166 1955">
     <span class='ocr_line' id='line_1_34' title="bbox 604 1881 2166 1955; baseline 0.008 -22"><span class='ocrx_word' id='word_1_224' title='bbox 604 1881 849 1936; x_wconf 91' lang='lat' dir='ltr'><strong>nistrent</strong></span> <span class='ocrx_word' id='word_1_225' title='bbox 877 1883 945 1937; x_wconf 91' lang='lat' dir='ltr'><strong>ad</strong></span> <span class='ocrx_word' id='word_1_226' title='bbox 976 1885 1168 1947; x_wconf 85' lang='lat' dir='ltr'><strong>altare.</strong></span> <span class='ocrx_word' id='word_1_227' title='bbox 1204 1896 1260 1941; x_wconf 90' lang='lat' dir='ltr'><strong>et</strong></span> <span class='ocrx_word' id='word_1_228' title='bbox 1309 1888 1545 1943; x_wconf 77' lang='lat' dir='ltr'><strong>oll‘erant</strong></span> <span class='ocrx_word' id='word_1_229' title='bbox 1572 1890 1890 1944; x_wconf 85' lang='lat' dir='ltr'><strong>holocausta</strong></span> <span class='ocrx_word' id='word_1_230' title='bbox 1918 1891 2166 1955; x_wconf 83' lang='lat' dir='ltr'><strong>Domino,</strong></span> 
     </span>
    </p>
   </div>
   <div class='ocr_carea' id='block_1_35' title="bbox 2271 1881 3847 1965">
    <p class='ocr_par' dir='ltr' id='par_1_35' title="bbox 2274 1890 3847 1965">
     <span class='ocr_line' id='line_1_35' title="bbox 2274 1890 3847 1965; baseline 0.001 -21"><span class='ocrx_word' id='word_1_231' title='bbox 2274 1893 2367 1944; x_wconf 76' lang='grc' dir='ltr'><strong>καὶ</strong></span> <span class='ocrx_word' id='word_1_232' title='bbox 2395 1891 2456 1943; x_wconf 84' lang='grc' dir='ltr'><strong>οὐ</strong></span> <span class='ocrx_word' id='word_1_233' title='bbox 2486 1892 2561 1963; x_wconf 83' lang='grc' dir='ltr'><strong>μὴ</strong></span> <span class='ocrx_word' id='word_1_234' title='bbox 2582 1891 2943 1947; x_wconf 84' lang='grc' dir='ltr'><strong>άποθάνωσιν’</strong></span> <span class='ocrx_word' id='word_1_235' title='bbox 2976 1890 3009 1959; x_wconf 77' lang='grc' dir='ltr'>ἢ</span> <span class='ocrx_word' id='word_1_236' title='bbox 3040 1892 3167 1944; x_wconf 80' lang='grc' dir='ltr'><strong>ὅταν</strong></span> <span class='ocrx_word' id='word_1_237' title='bbox 3199 1893 3847 1965; x_wconf 80' lang='grc' dir='ltr'><strong>προσπορεύωνται-πρὺς</strong></span> 
     </span>
    </p>
   </div>
   <div class='ocr_carea' id='block_1_36' title="bbox 603 1966 2172 2049">
    <p class='ocr_par' dir='ltr' id='par_1_36' title="bbox 603 1966 2172 2049">
     <span class='ocr_line' id='line_1_36' title="bbox 603 1966 2172 2049; baseline 0.01 -29"><span class='ocrx_word' id='word_1_238' title='bbox 603 1966 829 2023; x_wconf 87' lang='lat' dir='ltr'><strong>abluent</strong></span> <span class='ocrx_word' id='word_1_239' title='bbox 864 1986 1059 2028; x_wconf 87' lang='lat' dir='ltr'><strong>manus</strong></span> <span class='ocrx_word' id='word_1_240' title='bbox 1098 1981 1154 2028; x_wconf 89' lang='lat' dir='ltr'><strong>et</strong></span> <span class='ocrx_word' id='word_1_241' title='bbox 1197 1976 1365 2044; x_wconf 88' lang='lat' dir='ltr'><strong>pedes</strong></span> <span class='ocrx_word' id='word_1_242' title='bbox 1417 1994 1577 2047; x_wconf 88' lang='lat' dir='ltr'><strong>aqua.</strong></span> <span class='ocrx_word' id='word_1_243' title='bbox 1610 1977 1748 2033; x_wconf 88' lang='lat' dir='ltr'><strong>Cum</strong></span> <span class='ocrx_word' id='word_1_244' title='bbox 1792 1978 2172 2049; x_wconf 84' lang='lat' dir='ltr'><strong>ingredienlur</strong></span> 
     </span>
    </p>
   </div>
   <div class='ocr_carea' id='block_1_37' title="bbox 602 2059 2171 2140">
    <p class='ocr_par' dir='ltr' id='par_1_37' title="bbox 602 2059 2171 2140">
     <span class='ocr_line' id='line_1_37' title="bbox 602 2059 2171 2140; baseline 0.009 -27"><span class='ocrx_word' id='word_1_245' title='bbox 602 2059 660 2114; x_wconf 74' lang='lat' dir='ltr'><strong>in</strong></span> <span class='ocrx_word' id='word_1_246' title='bbox 680 2060 1093 2120; x_wconf 85' lang='lat' dir='ltr'><strong>tabernaculum</strong></span> <span class='ocrx_word' id='word_1_247' title='bbox 1133 2068 1453 2132; x_wconf 84' lang='lat' dir='ltr'><strong>testimonii,</strong></span> <span class='ocrx_word' id='word_1_248' title='bbox 1477 2070 1737 2124; x_wconf 87' lang='lat' dir='ltr'><strong>lavabunt</strong></span> <span class='ocrx_word' id='word_1_249' title='bbox 1760 2087 1922 2140; x_wconf 88' lang='lat' dir='ltr'><strong>aqua,</strong></span> <span class='ocrx_word' id='word_1_250' title='bbox 1954 2080 2014 2126; x_wconf 89' lang='lat' dir='ltr'><strong>ut</strong></span> <span class='ocrx_word' id='word_1_251' title='bbox 2059 2087 2171 2127; x_wconf 90' lang='lat' dir='ltr'><strong>non</strong></span> 
     </span>
    </p>
   </div>
   <div class='ocr_carea' id='block_1_38' title="bbox 600 2151 2179 2231">
    <p class='ocr_par' dir='ltr' id='par_1_38' title="bbox 600 2151 2179 2231">
     <span class='ocr_line' id='line_1_38' title="bbox 600 2151 2179 2231; baseline 0.008 -27"><span class='ocrx_word' id='word_1_252' title='bbox 600 2151 941 2209; x_wconf 84' lang='lat' dir='ltr'><strong>moriantur:</strong></span> <span class='ocrx_word' id='word_1_253' title='bbox 988 2166 1046 2210; x_wconf 90' lang='lat' dir='ltr'><strong>et</strong></span> <span class='ocrx_word' id='word_1_254' title='bbox 1072 2158 1181 2212; x_wconf 91' lang='lat' dir='ltr'><strong>erit</strong></span> <span class='ocrx_word' id='word_1_255' title='bbox 1223 2159 1383 2228; x_wconf 71' lang='lat'><strong>312</strong></span> <span class='ocrx_word' id='word_1_256' title='bbox 1440 2158 1744 2229; x_wconf 90' lang='lat' dir='ltr'><strong>legitimum</strong></span> <span class='ocrx_word' id='word_1_257' title='bbox 1776 2162 2179 2231; x_wconf 60' lang='lat' dir='ltr'><strong>sempiternum.</strong></span> 
     </span>
    </p>
   </div>
   <div class='ocr_carea' id='block_1_39' title="bbox 600 2239 2170 2318">
    <p class='ocr_par' dir='ltr' id='par_1_39' title="bbox 600 2239 2170 2318">
     <span class='ocr_line' id='line_1_39' title="bbox 600 2239 2170 2318; baseline 0.008 -25"><span class='ocrx_word' id='word_1_258' title='bbox 600 2239 728 2310; x_wconf 91' lang='lat' dir='ltr'><strong>ipsi,</strong></span> <span class='ocrx_word' id='word_1_259' title='bbox 761 2251 817 2297; x_wconf 90' lang='lat' dir='ltr'><strong>et</strong></span> <span class='ocrx_word' id='word_1_260' title='bbox 831 2246 1278 2314; x_wconf 78' lang='lat' dir='ltr'><strong>generationibus</strong></span> <span class='ocrx_word' id='word_1_261' title='bbox 1312 2250 1432 2318; x_wconf 89' lang='lat' dir='ltr'><strong>ejus</strong></span> <span class='ocrx_word' id='word_1_262' title='bbox 1462 2258 1584 2318; x_wconf 90' lang='lat' dir='ltr'><strong>post</strong></span> <span class='ocrx_word' id='word_1_263' title='bbox 1608 2264 1735 2305; x_wconf 92' lang='lat' dir='ltr'><strong>eum</strong></span> <span class='ocrx_word' id='word_1_264' title='bbox 1760 2252 1823 2304; x_wconf 69' lang='grc'><strong>⁷⁸.</strong></span> <span class='ocrx_word' id='word_1_265' title='bbox 1860 2272 1878 2302; x_wconf 73' lang='grc' dir='ltr'><strong>ι</strong></span> <span class='ocrx_word' id='word_1_266' title='bbox 1926 2251 2170 2307; x_wconf 85' lang='lat' dir='ltr'><strong>Gratiam</strong></span> 
     </span>
    </p>
   </div>
   <div class='ocr_carea' id='block_1_40' title="bbox 600 2330 2167 2413">
    <p class='ocr_par' dir='ltr' id='par_1_40' title="bbox 600 2330 2167 2413">
     <span class='ocr_line' id='line_1_40' title="bbox 600 2330 2167 2413; baseline 0.01 -30"><span class='ocrx_word' id='word_1_267' title='bbox 600 2330 768 2400; x_wconf 83' lang='lat' dir='ltr'><strong>igitur</strong></span> <span class='ocrx_word' id='word_1_268' title='bbox 793 2335 967 2389; x_wconf 90' lang='lat' dir='ltr'><strong>sancti</strong></span> <span class='ocrx_word' id='word_1_269' title='bbox 994 2336 1342 2406; x_wconf 87' lang='lat' dir='ltr'><strong>baptismatis</strong></span> <span class='ocrx_word' id='word_1_270' title='bbox 1388 2339 1445 2393; x_wconf 91' lang='lat' dir='ltr'><strong>in</strong></span> <span class='ocrx_word' id='word_1_271' title='bbox 1469 2355 1534 2394; x_wconf 90' lang='lat' dir='ltr'><strong>ea</strong></span> <span class='ocrx_word' id='word_1_272' title='bbox 1566 2356 1624 2395; x_wconf 91' lang='lat' dir='ltr'><strong>re</strong></span> <span class='ocrx_word' id='word_1_273' title='bbox 1649 2341 2048 2413; x_wconf 66' lang='lat' dir='ltr'><strong>praeﬁguratam</strong></span> <span class='ocrx_word' id='word_1_274' title='bbox 2078 2359 2167 2398; x_wconf 84' lang='lat' dir='ltr'><strong>es-</strong></span> 
     </span>
    </p>
   </div>
   <div class='ocr_carea' id='block_1_41' title="bbox 598 2428 2167 2502">
    <p class='ocr_par' dir='ltr' id='par_1_41' title="bbox 598 2428 2167 2502">
     <span class='ocr_line' id='line_1_41' title="bbox 598 2428 2167 2502; baseline 0.008 -25"><span class='ocrx_word' id='word_1_275' title='bbox 598 2438 681 2488; x_wconf 84' lang='lat' dir='ltr'><strong>se,</strong></span> <span class='ocrx_word' id='word_1_276' title='bbox 719 2440 828 2480; x_wconf 91' lang='lat' dir='ltr'><strong>non</strong></span> <span class='ocrx_word' id='word_1_277' title='bbox 858 2435 942 2482; x_wconf 90' lang='lat' dir='ltr'><strong>est</strong></span> <span class='ocrx_word' id='word_1_278' title='bbox 960 2428 1279 2484; x_wconf 91' lang='lat' dir='ltr'><strong>obscurum.</strong></span> <span class='ocrx_word' id='word_1_279' title='bbox 1303 2431 1465 2495; x_wconf 84' lang='lat' dir='ltr'><strong>Nam,</strong></span> <span class='ocrx_word' id='word_1_280' title='bbox 1495 2446 1622 2485; x_wconf 93' lang='lat' dir='ltr'><strong>cum</strong></span> <span class='ocrx_word' id='word_1_281' title='bbox 1648 2433 2011 2502; x_wconf 85' lang='lat' dir='ltr'><strong>baptizamur,</strong></span> <span class='ocrx_word' id='word_1_282' title='bbox 2057 2450 2167 2490; x_wconf 89' lang='lat' dir='ltr'><strong>non</strong></span> 
     </span>
    </p>
   </div>
   <div class='ocr_carea' id='block_1_42' title="bbox 601 2516 2167 2593">
    <p class='ocr_par' dir='ltr' id='par_1_42' title="bbox 601 2516 2167 2593">
     <span class='ocr_line' id='line_1_42' title="bbox 601 2516 2167 2593; baseline 0.008 -24"><span class='ocrx_word' id='word_1_283' title='bbox 601 2516 847 2572; x_wconf 76' lang='lat' dir='ltr'><strong>sordium</strong></span> <span class='ocrx_word' id='word_1_284' title='bbox 880 2520 1063 2573; x_wconf 90' lang='lat' dir='ltr'><strong>carnis</strong></span> <span class='ocrx_word' id='word_1_285' title='bbox 1095 2520 1498 2590; x_wconf 89' lang='lat' dir='ltr'><strong>depositionem</strong></span> <span class='ocrx_word' id='word_1_286' title='bbox 1512 2525 1925 2593; x_wconf 88' lang='lat' dir='ltr'><strong>consequimur,</strong></span> <span class='ocrx_word' id='word_1_287' title='bbox 1953 2527 2049 2581; x_wconf 87' lang='lat' dir='ltr'><strong>sed</strong></span> <span class='ocrx_word' id='word_1_288' title='bbox 2081 2528 2167 2581; x_wconf 89' lang='lat' dir='ltr'><strong>in-</strong></span> 
     </span>
    </p>
   </div>
   <div class='ocr_carea' id='block_1_43' title="bbox 597 2604 2169 2679">
    <p class='ocr_par' dir='ltr' id='par_1_43' title="bbox 597 2604 2169 2679">
     <span class='ocr_line' id='line_1_43' title="bbox 597 2604 2169 2679; baseline 0.009 -22"><span class='ocrx_word' id='word_1_289' title='bbox 597 2604 968 2672; x_wconf 88' lang='lat' dir='ltr'><strong>quinamentis</strong></span> <span class='ocrx_word' id='word_1_290' title='bbox 998 2610 1163 2663; x_wconf 90' lang='lat' dir='ltr'><strong>animi</strong></span> <span class='ocrx_word' id='word_1_291' title='bbox 1188 2618 1244 2665; x_wconf 90' lang='lat' dir='ltr'><strong>et</strong></span> <span class='ocrx_word' id='word_1_292' title='bbox 1277 2611 1459 2665; x_wconf 92' lang='lat' dir='ltr'><strong>cordis</strong></span> <span class='ocrx_word' id='word_1_293' title='bbox 1483 2611 1806 2679; x_wconf 88' lang='lat' dir='ltr'><strong>liberamur,</strong></span> <span class='ocrx_word' id='word_1_294' title='bbox 1836 2621 1893 2669; x_wconf 91' lang='lat' dir='ltr'><strong>et</strong></span> <span class='ocrx_word' id='word_1_295' title='bbox 1929 2617 2169 2671; x_wconf 89' lang='lat' dir='ltr'><strong>maculas</strong></span> 
     </span>
    </p>
   </div>
   <div class='ocr_carea' id='block_1_44' title="bbox 598 2693 2168 2776">
    <p class='ocr_par' dir='ltr' id='par_1_44' title="bbox 598 2693 2168 2776">
     <span class='ocr_line' id='line_1_44' title="bbox 598 2693 2168 2776; baseline 0.008 -27"><span class='ocrx_word' id='word_1_296' title='bbox 598 2693 925 2753; x_wconf 86' lang='lat' dir='ltr'><strong>delictorum</strong></span> <span class='ocrx_word' id='word_1_297' title='bbox 950 2699 1244 2765; x_wconf 89' lang='lat' dir='ltr'><strong>abluimus,</strong></span> <span class='ocrx_word' id='word_1_298' title='bbox 1271 2701 1417 2756; x_wconf 93' lang='lat' dir='ltr'><strong>illius</strong></span> <span class='ocrx_word' id='word_1_299' title='bbox 1440 2703 1611 2772; x_wconf 88' lang='lat' dir='ltr'><strong>gratia</strong></span> <span class='ocrx_word' id='word_1_300' title='bbox 1639 2712 1803 2773; x_wconf 90' lang='lat' dir='ltr'><strong>atque</strong></span> <span class='ocrx_word' id='word_1_301' title='bbox 1836 2704 2168 2776; x_wconf 82' lang='lat' dir='ltr'><strong>benignitate</strong></span> 
     </span>
    </p>
   </div>
   <div class='ocr_carea' id='block_1_45' title="bbox 598 2784 2167 2852">
    <p class='ocr_par' dir='ltr' id='par_1_45' title="bbox 598 2784 2167 2852">
     <span class='ocr_line' id='line_1_45' title="bbox 598 2784 2167 2852; baseline 0.006 -13"><span class='ocrx_word' id='word_1_302' title='bbox 598 2784 693 2852; x_wconf 88' lang='lat' dir='ltr'><strong>qui</strong></span> <span class='ocrx_word' id='word_1_303' title='bbox 718 2800 819 2840; x_wconf 90' lang='lat' dir='ltr'><strong>nos</strong></span> <span class='ocrx_word' id='word_1_304' title='bbox 842 2787 910 2843; x_wconf 83' lang='lat' dir='ltr'><strong>ad</strong></span> <span class='ocrx_word' id='word_1_305' title='bbox 946 2789 1176 2848; x_wconf 87' lang='lat' dir='ltr'><strong>salutem</strong></span> <span class='ocrx_word' id='word_1_306' title='bbox 1221 2799 1397 2846; x_wconf 77' lang='lat' dir='ltr'><strong>vocat.</strong></span> <span class='ocrx_word' id='word_1_307' title='bbox 1452 2790 1826 2846; x_wconf 82' lang='lat' dir='ltr'><strong>Justiﬁeamur</strong></span> <span class='ocrx_word' id='word_1_308' title='bbox 1856 2794 2005 2848; x_wconf 88' lang='lat' dir='ltr'><strong>enim</strong></span> <span class='ocrx_word' id='word_1_309' title='bbox 2057 2810 2167 2849; x_wconf 89' lang='lat' dir='ltr'><strong>non</strong></span> 
     </span>
    </p>
   </div>
   <div class='ocr_carea' id='block_1_46' title="bbox 596 2878 2165 2950">
    <p class='ocr_par' dir='ltr' id='par_1_46' title="bbox 596 2878 2165 2950">
     <span class='ocr_line' id='line_1_46' title="bbox 596 2878 2165 2950; baseline 0.007 -22"><span class='ocrx_word' id='word_1_310' title='bbox 596 2890 665 2929; x_wconf 82' lang='lat' dir='ltr'><strong>ex</strong></span> <span class='ocrx_word' id='word_1_311' title='bbox 696 2878 956 2945; x_wconf 82' lang='lat' dir='ltr'><strong>operibus</strong></span> <span class='ocrx_word' id='word_1_312' title='bbox 979 2880 1132 2950; x_wconf 82' lang='lat' dir='ltr'><strong>legis,</strong></span> <span class='ocrx_word' id='word_1_313' title='bbox 1162 2888 1221 2939; x_wconf 92' lang='lat' dir='ltr'><strong>ut</strong></span> <span class='ocrx_word' id='word_1_314' title='bbox 1245 2880 1545 2950; x_wconf 61' lang='lat' dir='ltr'><strong>Scriptura:</strong></span> <span class='ocrx_word' id='word_1_315' title='bbox 1577 2889 1852 2936; x_wconf 89' lang='lat' dir='ltr'><strong>testantur</strong></span> <span class='ocrx_word' id='word_1_316' title='bbox 1881 2884 1950 2948; x_wconf 86' lang='grc'><strong>⁷⁸,</strong></span> <span class='ocrx_word' id='word_1_317' title='bbox 1980 2884 2075 2939; x_wconf 89' lang='lat' dir='ltr'><strong>sed</strong></span> <span class='ocrx_word' id='word_1_318' title='bbox 2099 2900 2165 2939; x_wconf 67' lang='lat' dir='ltr'><strong>ex</strong></span> 
     </span>
    </p>
   </div>
   <div class='ocr_carea' id='block_1_47' title="bbox 596 2968 2163 3040">
    <p class='ocr_par' dir='ltr' id='par_1_47' title="bbox 596 2968 2163 3040">
     <span class='ocr_line' id='line_1_47' title="bbox 596 2968 2163 3040; baseline 0.005 -19"><span class='ocrx_word' id='word_1_319' title='bbox 596 2968 703 3022; x_wconf 82' lang='lat' dir='ltr'><strong>ﬁde</strong></span> <span class='ocrx_word' id='word_1_320' title='bbox 724 2969 853 3024; x_wconf 87' lang='lat' dir='ltr'><strong>Jesu</strong></span> <span class='ocrx_word' id='word_1_321' title='bbox 876 2970 1102 3031; x_wconf 85' lang='lat' dir='ltr'><strong>Christi.</strong></span> <span class='ocrx_word' id='word_1_322' title='bbox 1145 2972 1279 3029; x_wconf 91' lang='lat' dir='ltr'><strong>Illud</strong></span> <span class='ocrx_word' id='word_1_323' title='bbox 1305 2981 1490 3027; x_wconf 85' lang='lat' dir='ltr'><strong>autem</strong></span> <span class='ocrx_word' id='word_1_324' title='bbox 1530 2972 1936 3030; x_wconf 84' lang='lat' dir='ltr'><strong>animadvertas</strong></span> <span class='ocrx_word' id='word_1_325' title='bbox 1978 2977 2163 3040; x_wconf 83' lang='lat' dir='ltr'><strong>velim,</strong></span> 
     </span>
    </p>
   </div>
   <div class='ocr_carea' id='block_1_48' title="bbox 594 3059 2166 3137">
    <p class='ocr_par' dir='ltr' id='par_1_48' title="bbox 594 3059 2166 3137">
     <span class='ocr_line' id='line_1_48' title="bbox 594 3059 2166 3137; baseline 0.004 -23"><span class='ocrx_word' id='word_1_326' title='bbox 594 3059 797 3125; x_wconf 79' lang='lat' dir='ltr'><strong>Aaron,</strong></span> <span class='ocrx_word' id='word_1_327' title='bbox 832 3071 887 3117; x_wconf 88' lang='lat' dir='ltr'><strong>et</strong></span> <span class='ocrx_word' id='word_1_328' title='bbox 918 3077 1015 3117; x_wconf 87' lang='lat' dir='ltr'><strong>eos</strong></span> <span class='ocrx_word' id='word_1_329' title='bbox 1036 3062 1236 3133; x_wconf 81' lang='lat' dir='ltr'><strong>quibus</strong></span> <span class='ocrx_word' id='word_1_330' title='bbox 1267 3080 1371 3118; x_wconf 91' lang='lat' dir='ltr'><strong>una</strong></span> <span class='ocrx_word' id='word_1_331' title='bbox 1427 3064 1539 3119; x_wconf 89' lang='lat' dir='ltr'><strong>Deo</strong></span> <span class='ocrx_word' id='word_1_332' title='bbox 1591 3065 1906 3121; x_wconf 90' lang='lat' dir='ltr'><strong>ministrare</strong></span> <span class='ocrx_word' id='word_1_333' title='bbox 1952 3067 2166 3137; x_wconf 75' lang='lat' dir='ltr'><strong>iussum</strong></span> 
     </span>
    </p>
   </div>
   <div class='ocr_carea' id='block_1_49' title="bbox 592 3154 2163 3225">
    <p class='ocr_par' dir='ltr' id='par_1_49' title="bbox 592 3154 2163 3225">
     <span class='ocr_line' id='line_1_49' title="bbox 592 3154 2163 3225; baseline 0.005 -19"><span class='ocrx_word' id='word_1_334' title='bbox 592 3160 733 3214; x_wconf 86' lang='lat' dir='ltr'><strong>erat,</strong></span> <span class='ocrx_word' id='word_1_335' title='bbox 761 3154 1012 3222; x_wconf 86' lang='lat' dir='ltr'><strong>quamvis</strong></span> <span class='ocrx_word' id='word_1_336' title='bbox 1037 3168 1104 3208; x_wconf 83' lang='lat' dir='ltr'><strong>ex</strong></span> <span class='ocrx_word' id='word_1_337' title='bbox 1125 3154 1242 3225; x_wconf 90' lang='lat' dir='ltr'><strong>lege</strong></span> <span class='ocrx_word' id='word_1_338' title='bbox 1278 3156 1451 3212; x_wconf 80' lang='lat' dir='ltr'><strong>sancti</strong></span> <span class='ocrx_word' id='word_1_339' title='bbox 1492 3166 1696 3221; x_wconf 75' lang='lat' dir='ltr'><strong>essent,</strong></span> <span class='ocrx_word' id='word_1_340' title='bbox 1754 3157 1935 3213; x_wconf 88' lang='lat' dir='ltr'><strong>adhuc</strong></span> <span class='ocrx_word' id='word_1_341' title='bbox 1983 3168 2163 3220; x_wconf 87' lang='lat' dir='ltr'><strong>tamen</strong></span> 
     </span>
    </p>
   </div>
   <div class='ocr_carea' id='block_1_50' title="bbox 592 3247 2166 3318">
    <p class='ocr_par' dir='ltr' id='par_1_50' title="bbox 592 3247 2166 3318">
     <span class='ocr_line' id='line_1_50' title="bbox 592 3247 2166 3318; baseline 0.004 -20"><span class='ocrx_word' id='word_1_342' title='bbox 592 3260 734 3313; x_wconf 88' lang='lat' dir='ltr'><strong>aqua</strong></span> <span class='ocrx_word' id='word_1_343' title='bbox 761 3260 956 3300; x_wconf 91' lang='lat' dir='ltr'><strong>manus</strong></span> <span class='ocrx_word' id='word_1_344' title='bbox 1010 3261 1075 3300; x_wconf 91' lang='lat' dir='ltr'><strong>ac</strong></span> <span class='ocrx_word' id='word_1_345' title='bbox 1108 3247 1278 3316; x_wconf 88' lang='lat' dir='ltr'><strong>pedes</strong></span> <span class='ocrx_word' id='word_1_346' title='bbox 1324 3248 1568 3313; x_wconf 85' lang='lat' dir='ltr'><strong>abluere,</strong></span> <span class='ocrx_word' id='word_1_347' title='bbox 1613 3248 1688 3307; x_wconf 83' lang='lat' dir='ltr'><strong>ita</strong></span> <span class='ocrx_word' id='word_1_348' title='bbox 1731 3247 1967 3318; x_wconf 88' lang='lat' dir='ltr'><strong>denique</strong></span> <span class='ocrx_word' id='word_1_349' title='bbox 2012 3265 2166 3304; x_wconf 88' lang='lat' dir='ltr'><strong>sacra</strong></span> 
     </span>
    </p>
   </div>
   <div class='ocr_carea' id='block_1_51' title="bbox 595 3336 2169 3409">
    <p class='ocr_par' dir='ltr' id='par_1_51' title="bbox 595 3336 2169 3409">
     <span class='ocr_line' id='line_1_51' title="bbox 595 3336 2169 3409; baseline 0.001 -18"><span class='ocrx_word' id='word_1_350' title='bbox 595 3351 824 3394; x_wconf 77' lang='lat' dir='ltr'><strong>munera</strong></span> <span class='ocrx_word' id='word_1_351' title='bbox 861 3336 1037 3400; x_wconf 91' lang='lat' dir='ltr'><strong>obire,</strong></span> <span class='ocrx_word' id='word_1_352' title='bbox 1069 3345 1126 3390; x_wconf 92' lang='lat' dir='ltr'><strong>et</strong></span> <span class='ocrx_word' id='word_1_353' title='bbox 1157 3338 1213 3391; x_wconf 88' lang='lat' dir='ltr'><strong>in</strong></span> <span class='ocrx_word' id='word_1_354' title='bbox 1239 3336 1437 3393; x_wconf 86' lang='lat' dir='ltr'><strong>Sancta</strong></span> <span class='ocrx_word' id='word_1_355' title='bbox 1466 3346 1780 3395; x_wconf 86' lang='lat' dir='ltr'><strong>sanctorum</strong></span> <span class='ocrx_word' id='word_1_356' title='bbox 1813 3340 2025 3409; x_wconf 87' lang='lat' dir='ltr'><strong>ingredi</strong></span> <span class='ocrx_word' id='word_1_357' title='bbox 2052 3355 2169 3394; x_wconf 88' lang='lat' dir='ltr'><strong>om-</strong></span> 
     </span>
    </p>
   </div>
   <div class='ocr_carea' id='block_1_52' title="bbox 595 3423 2169 3499">
    <p class='ocr_par' dir='ltr' id='par_1_52' title="bbox 595 3423 2169 3499">
     <span class='ocr_line' id='line_1_52' title="bbox 595 3423 2169 3499; baseline 0.007 -23"><span class='ocrx_word' id='word_1_358' title='bbox 595 3424 651 3476; x_wconf 89' lang='lat' dir='ltr'><strong>ni</strong></span> <span class='ocrx_word' id='word_1_359' title='bbox 702 3423 998 3485; x_wconf 76' lang='lat' dir='ltr'><strong>formidine</strong></span> <span class='ocrx_word' id='word_1_360' title='bbox 1054 3426 1337 3489; x_wconf 64' lang='lat' dir='ltr'><strong>liberatos,</strong></span> <span class='ocrx_word' id='word_1_361' title='bbox 1390 3427 1448 3481; x_wconf 89' lang='lat' dir='ltr'><strong>In</strong></span> <span class='ocrx_word' id='word_1_362' title='bbox 1479 3443 1589 3497; x_wconf 89' lang='lat' dir='ltr'><strong>quo</strong></span> <span class='ocrx_word' id='word_1_363' title='bbox 1644 3428 1778 3491; x_wconf 88' lang='lat' dir='ltr'><strong>illud</strong></span> <span class='ocrx_word' id='word_1_364' title='bbox 1824 3445 2043 3499; x_wconf 87' lang='lat' dir='ltr'><strong>quoque</strong></span> <span class='ocrx_word' id='word_1_365' title='bbox 2081 3432 2169 3487; x_wconf 85' lang='lat' dir='ltr'><strong>lex</strong></span> 
     </span>
    </p>
   </div>
   <div class='ocr_carea' id='block_1_53' title="bbox 595 3516 2165 3591">
    <p class='ocr_par' dir='ltr' id='par_1_53' title="bbox 595 3516 2165 3591">
     <span class='ocr_line' id='line_1_53' title="bbox 595 3516 2165 3591; baseline 0.006 -22"><span class='ocrx_word' id='word_1_366' title='bbox 595 3523 786 3582; x_wconf 83' lang='lat' dir='ltr'><strong>aperte</strong></span> <span class='ocrx_word' id='word_1_367' title='bbox 816 3525 873 3569; x_wconf 91' lang='lat' dir='ltr'><strong>et</strong></span> <span class='ocrx_word' id='word_1_368' title='bbox 916 3516 1202 3572; x_wconf 79' lang='lat' dir='ltr'><strong>evidenter</strong></span> <span class='ocrx_word' id='word_1_369' title='bbox 1229 3517 1492 3582; x_wconf 87' lang='lat' dir='ltr'><strong>ostendit,</strong></span> <span class='ocrx_word' id='word_1_370' title='bbox 1539 3528 1703 3588; x_wconf 88' lang='lat' dir='ltr'><strong>atque</strong></span> <span class='ocrx_word' id='word_1_371' title='bbox 1742 3520 1859 3588; x_wconf 83' lang='lat' dir='ltr'><strong>ipsa</strong></span> <span class='ocrx_word' id='word_1_372' title='bbox 1892 3534 1982 3574; x_wconf 86' lang='lat' dir='ltr'><strong>res</strong></span> <span class='ocrx_word' id='word_1_373' title='bbox 2018 3529 2165 3591; x_wconf 84' lang='lat' dir='ltr'><strong>gesta</strong></span> 
     </span>
    </p>
   </div>
   <div class='ocr_carea' id='block_1_54' title="bbox 594 3606 2167 3681">
    <p class='ocr_par' dir='ltr' id='par_1_54' title="bbox 594 3606 2167 3681">
     <span class='ocr_line' id='line_1_54' title="bbox 594 3606 2167 3681; baseline 0.004 -22"><span class='ocrx_word' id='word_1_374' title='bbox 594 3606 995 3675; x_wconf 81' lang='lat' dir='ltr'><strong>propemodum</strong></span> <span class='ocrx_word' id='word_1_375' title='bbox 1021 3622 1154 3662; x_wconf 86' lang='lat' dir='ltr'><strong>voce</strong></span> <span class='ocrx_word' id='word_1_376' title='bbox 1184 3616 1435 3673; x_wconf 70' lang='lat' dir='ltr'><strong>testatur,</strong></span> <span class='ocrx_word' id='word_1_377' title='bbox 1466 3624 1592 3663; x_wconf 90' lang='lat' dir='ltr'><strong>eum</strong></span> <span class='ocrx_word' id='word_1_378' title='bbox 1614 3609 1780 3665; x_wconf 86' lang='lat' dir='ltr'><strong>etiam</strong></span> <span class='ocrx_word' id='word_1_379' title='bbox 1837 3612 1932 3680; x_wconf 89' lang='lat' dir='ltr'><strong>qui</strong></span> <span class='ocrx_word' id='word_1_380' title='bbox 1958 3626 2025 3666; x_wconf 79' lang='lat' dir='ltr'><strong>ex</strong></span> <span class='ocrx_word' id='word_1_381' title='bbox 2049 3612 2167 3681; x_wconf 84' lang='lat' dir='ltr'><strong>lege</strong></span> 
     </span>
    </p>
   </div>
   <div class='ocr_carea' id='block_1_55' title="bbox 595 3697 2163 3769">
    <p class='ocr_par' dir='ltr' id='par_1_55' title="bbox 595 3697 2163 3769">
     <span class='ocr_line' id='line_1_55' title="bbox 595 3697 2163 3769; baseline 0.003 -18"><span class='ocrx_word' id='word_1_382' title='bbox 595 3712 752 3751; x_wconf 85' lang='lat' dir='ltr'><strong>sacer</strong></span> <span class='ocrx_word' id='word_1_383' title='bbox 778 3712 898 3751; x_wconf 85' lang='lat' dir='ltr'><strong>esse</strong></span> <span class='ocrx_word' id='word_1_384' title='bbox 923 3697 1194 3762; x_wconf 85' lang='lat' dir='ltr'><strong>videatur,</strong></span> <span class='ocrx_word' id='word_1_385' title='bbox 1235 3699 1524 3767; x_wconf 84' lang='lat' dir='ltr'><strong>profanum</strong></span> <span class='ocrx_word' id='word_1_386' title='bbox 1548 3700 1694 3769; x_wconf 91' lang='lat' dir='ltr'><strong>apud</strong></span> <span class='ocrx_word' id='word_1_387' title='bbox 1738 3700 1908 3755; x_wconf 89' lang='lat' dir='ltr'><strong>Deum</strong></span> <span class='ocrx_word' id='word_1_388' title='bbox 1950 3702 2163 3767; x_wconf 88' lang='lat' dir='ltr'><strong>haberi,</strong></span> 
     </span>
    </p>
   </div>
   <div class='ocr_carea' id='block_1_56' title="bbox 596 3787 2166 3861">
    <p class='ocr_par' dir='ltr' id='par_1_56' title="bbox 596 3787 2166 3861">
     <span class='ocr_line' id='line_1_56' title="bbox 596 3787 2166 3861; baseline 0.004 -20"><span class='ocrx_word' id='word_1_389' title='bbox 596 3787 702 3842; x_wconf 87' lang='lat' dir='ltr'><strong>nisi</strong></span> <span class='ocrx_word' id='word_1_390' title='bbox 731 3787 987 3843; x_wconf 89' lang='lat' dir='ltr'><strong>abluatur</strong></span> <span class='ocrx_word' id='word_1_391' title='bbox 1018 3804 1179 3858; x_wconf 86' lang='lat' dir='ltr'><strong>aqua,</strong></span> <span class='ocrx_word' id='word_1_392' title='bbox 1207 3790 1428 3859; x_wconf 77' lang='lat' dir='ltr'><strong>vimque</strong></span> <span class='ocrx_word' id='word_1_393' title='bbox 1456 3791 1605 3846; x_wconf 89' lang='lat' dir='ltr'><strong>illam</strong></span> <span class='ocrx_word' id='word_1_394' title='bbox 1641 3792 1831 3861; x_wconf 88' lang='lat' dir='ltr'><strong>legalis</strong></span> <span class='ocrx_word' id='word_1_395' title='bbox 1854 3793 2034 3848; x_wconf 89' lang='lat' dir='ltr'><strong>cultus</strong></span> <span class='ocrx_word' id='word_1_396' title='bbox 2056 3808 2166 3848; x_wconf 89' lang='lat' dir='ltr'><strong>non</strong></span> 
     </span>
    </p>
   </div>
   <div class='ocr_carea' id='block_1_57' title="bbox 594 3880 2166 3954">
    <p class='ocr_par' dir='ltr' id='par_1_57' title="bbox 594 3880 2166 3954">
     <span class='ocr_line' id='line_1_57' title="bbox 594 3880 2166 3954; baseline 0.003 -18"><span class='ocrx_word' id='word_1_397' title='bbox 594 3896 716 3937; x_wconf 83' lang='lat' dir='ltr'><strong>esse</strong></span> <span class='ocrx_word' id='word_1_398' title='bbox 752 3880 822 3940; x_wconf 85' lang='lat' dir='ltr'><strong>ad</strong></span> <span class='ocrx_word' id='word_1_399' title='bbox 855 3881 1199 3951; x_wconf 80' lang='lat' dir='ltr'><strong>purgandum</strong></span> <span class='ocrx_word' id='word_1_400' title='bbox 1231 3882 1364 3938; x_wconf 86' lang='lat' dir='ltr'><strong>satis</strong></span> <span class='ocrx_word' id='word_1_401' title='bbox 1391 3881 1685 3939; x_wconf 71' lang='lat' dir='ltr'><strong>efﬁcacem.</strong></span> <span class='ocrx_word' id='word_1_402' title='bbox 1709 3884 1917 3954; x_wconf 88' lang='lat' dir='ltr'><strong>Itaque,</strong></span> <span class='ocrx_word' id='word_1_403' title='bbox 1947 3886 2166 3940; x_wconf 86' lang='lat' dir='ltr'><strong>tametsi</strong></span> 
     </span>
    </p>
   </div>
   <div class='ocr_carea' id='block_1_58' title="bbox 593 3969 2162 4041">
    <p class='ocr_par' dir='ltr' id='par_1_58' title="bbox 593 3969 2162 4041">
     <span class='ocr_line' id='line_1_58' title="bbox 593 3969 2162 4041; baseline 0.003 -16"><span class='ocrx_word' id='word_1_404' title='bbox 593 3969 713 4041; x_wconf 84' lang='lat' dir='ltr'><strong>lege</strong></span> <span class='ocrx_word' id='word_1_405' title='bbox 742 3970 1070 4032; x_wconf 77' lang='lat' dir='ltr'><strong>sanetilicati</strong></span> <span class='ocrx_word' id='word_1_406' title='bbox 1108 3980 1314 4035; x_wconf 87' lang='lat' dir='ltr'><strong>essent,</strong></span> <span class='ocrx_word' id='word_1_407' title='bbox 1349 3973 1530 4028; x_wconf 89' lang='lat' dir='ltr'><strong>adhuc</strong></span> <span class='ocrx_word' id='word_1_408' title='bbox 1557 3982 1739 4030; x_wconf 90' lang='lat' dir='ltr'><strong>tamen</strong></span> <span class='ocrx_word' id='word_1_409' title='bbox 1762 3974 2162 4041; x_wconf 86' lang='lat' dir='ltr'><strong>abluebantur;</strong></span> 
     </span>
    </p>
   </div>
   <div class='ocr_carea' id='block_1_59' title="bbox 594 4064 2163 4134">
    <p class='ocr_par' dir='ltr' id='par_1_59' title="bbox 594 4064 2163 4134">
     <span class='ocr_line' id='line_1_59' title="bbox 594 4064 2163 4134; baseline 0.005 -20"><span class='ocrx_word' id='word_1_410' title='bbox 594 4070 860 4132; x_wconf 85' lang='lat' dir='ltr'><strong>purgatur</strong></span> <span class='ocrx_word' id='word_1_411' title='bbox 895 4070 1083 4122; x_wconf 85' lang='lat' dir='ltr'><strong>autem</strong></span> <span class='ocrx_word' id='word_1_412' title='bbox 1119 4070 1289 4126; x_wconf 85' lang='lat' dir='ltr'><strong>certe,</strong></span> <span class='ocrx_word' id='word_1_413' title='bbox 1321 4064 1468 4132; x_wconf 87' lang='lat' dir='ltr'><strong>quod</strong></span> <span class='ocrx_word' id='word_1_414' title='bbox 1492 4080 1694 4134; x_wconf 84' lang='lat' dir='ltr'><strong>purum</strong></span> <span class='ocrx_word' id='word_1_415' title='bbox 1720 4075 1823 4130; x_wconf 90' lang='lat' dir='ltr'><strong>est,</strong></span> <span class='ocrx_word' id='word_1_416' title='bbox 1860 4066 2019 4129; x_wconf 88' lang='lat' dir='ltr'><strong>nihil,</strong></span> <span class='ocrx_word' id='word_1_417' title='bbox 2070 4069 2163 4122; x_wconf 89' lang='lat' dir='ltr'><strong>sed</strong></span> 
     </span>
    </p>
   </div>
   <div class='ocr_carea' id='block_1_60' title="bbox 592 4152 2165 4225">
    <p class='ocr_par' dir='ltr' id='par_1_60' title="bbox 592 4152 2165 4225">
     <span class='ocr_line' id='line_1_60' title="bbox 592 4152 2165 4225; baseline 0.002 -18"><span class='ocrx_word' id='word_1_418' title='bbox 592 4152 740 4220; x_wconf 84' lang='lat' dir='ltr'><strong>quod</strong></span> <span class='ocrx_word' id='word_1_419' title='bbox 769 4152 1112 4216; x_wconf 80' lang='lat' dir='ltr'><strong>immundum</strong></span> <span class='ocrx_word' id='word_1_420' title='bbox 1142 4160 1199 4207; x_wconf 74' lang='lat' dir='ltr'><strong>et</strong></span> <span class='ocrx_word' id='word_1_421' title='bbox 1249 4154 1561 4222; x_wconf 74' lang='lat' dir='ltr'><strong>impurum:</strong></span> <span class='ocrx_word' id='word_1_422' title='bbox 1592 4154 1862 4224; x_wconf 84' lang='lat' dir='ltr'><strong>ejusmodi</strong></span> <span class='ocrx_word' id='word_1_423' title='bbox 1887 4155 2165 4225; x_wconf 85' lang='lat' dir='ltr'><strong>quidpiam</strong></span> 
     </span>
    </p>
   </div>
   <div class='ocr_carea' id='block_1_61' title="bbox 595 4240 2164 4311">
    <p class='ocr_par' dir='ltr' id='par_1_61' title="bbox 595 4240 2164 4311">
     <span class='ocr_line' id='line_1_61' title="bbox 595 4240 2164 4311; baseline 0.003 -16"><span class='ocrx_word' id='word_1_424' title='bbox 595 4241 711 4310; x_wconf 86' lang='lat' dir='ltr'><strong>ipse</strong></span> <span class='ocrx_word' id='word_1_425' title='bbox 735 4257 952 4311; x_wconf 79' lang='lat' dir='ltr'><strong>quoque</strong></span> <span class='ocrx_word' id='word_1_426' title='bbox 973 4240 1232 4305; x_wconf 70' lang='lat' dir='ltr'><strong>Christus.</strong></span> <span class='ocrx_word' id='word_1_427' title='bbox 1253 4241 1423 4306; x_wconf 73' lang='lat' dir='ltr'><strong>dixit:</strong></span> <span class='ocrx_word' id='word_1_428' title='bbox 1456 4260 1473 4293; x_wconf 82' lang='grc' dir='ltr'><strong>ι</strong></span> <span class='ocrx_word' id='word_1_429' title='bbox 1500 4241 1604 4309; x_wconf 79' lang='lat' dir='ltr'><strong>Qui</strong></span> <span class='ocrx_word' id='word_1_430' title='bbox 1636 4244 1782 4298; x_wconf 89' lang='lat' dir='ltr'><strong>lotus</strong></span> <span class='ocrx_word' id='word_1_431' title='bbox 1807 4252 1910 4307; x_wconf 89' lang='lat' dir='ltr'><strong>est,</strong></span> <span class='ocrx_word' id='word_1_432' title='bbox 1944 4260 2053 4298; x_wconf 89' lang='lat' dir='ltr'><strong>non</strong></span> <span class='ocrx_word' id='word_1_433' title='bbox 2079 4246 2164 4299; x_wconf 92' lang='lat' dir='ltr'><strong>in-</strong></span> 
     </span>
    </p>
   </div>
   <div class='ocr_carea' id='block_1_62' title="bbox 595 4332 2157 4403">
    <p class='ocr_par' dir='ltr' id='par_1_62' title="bbox 595 4332 2157 4403">
     <span class='ocr_line' id='line_1_62' title="bbox 595 4332 2157 4403; baseline 0 -17"><span class='ocrx_word' id='word_1_434' title='bbox 595 4332 742 4402; x_wconf 85' lang='lat' dir='ltr'><strong>diget</strong></span> <span class='ocrx_word' id='word_1_435' title='bbox 789 4333 893 4395; x_wconf 85' lang='lat' dir='ltr'><strong>nisi</strong></span> <span class='ocrx_word' id='word_1_436' title='bbox 928 4332 1177 4403; x_wconf 87' lang='lat' dir='ltr'><strong>utpedes</strong></span> <span class='ocrx_word' id='word_1_437' title='bbox 1216 4333 1389 4398; x_wconf 77' lang='lat' dir='ltr'><strong>lavet;</strong></span> <span class='ocrx_word' id='word_1_438' title='bbox 1425 4340 1511 4387; x_wconf 87' lang='lat' dir='ltr'><strong>est</strong></span> <span class='ocrx_word' id='word_1_439' title='bbox 1554 4332 1756 4403; x_wconf 88' lang='lat' dir='ltr'><strong>quippe</strong></span> <span class='ocrx_word' id='word_1_440' title='bbox 1794 4334 2029 4389; x_wconf 90' lang='lat' dir='ltr'><strong>mundus</strong></span> <span class='ocrx_word' id='word_1_441' title='bbox 2052 4336 2117 4389; x_wconf 70' lang='grc'><strong>⁷⁸.</strong></span> <span class='ocrx_word' id='word_1_442' title='bbox 2140 4356 2157 4386; x_wconf 83' lang='grc'><strong><em>›</em></strong></span> 
     </span>
    </p>
   </div>
   <div class='ocr_carea' id='block_1_63' title="bbox 594 4423 2163 4497">
    <p class='ocr_par' dir='ltr' id='par_1_63' title="bbox 594 4423 2163 4497">
     <span class='ocr_line' id='line_1_63' title="bbox 594 4423 2163 4497; baseline 0.003 -19"><span class='ocrx_word' id='word_1_443' title='bbox 594 4423 799 4484; x_wconf 83' lang='lat' dir='ltr'><strong>Scribit</strong></span> <span class='ocrx_word' id='word_1_444' title='bbox 842 4423 1007 4479; x_wconf 89' lang='lat' dir='ltr'><strong>etiam</strong></span> <span class='ocrx_word' id='word_1_445' title='bbox 1041 4424 1124 4477; x_wconf 82' lang='lat' dir='ltr'><strong>vir</strong></span> <span class='ocrx_word' id='word_1_446' title='bbox 1164 4424 1599 4493; x_wconf 85' lang='lat' dir='ltr'><strong>sapientissimus</strong></span> <span class='ocrx_word' id='word_1_447' title='bbox 1631 4425 1855 4490; x_wconf 86' lang='lat' dir='ltr'><strong>Paulus,</strong></span> <span class='ocrx_word' id='word_1_448' title='bbox 1910 4427 2163 4497; x_wconf 78' lang='lat' dir='ltr'><strong>impossi-</strong></span> 
     </span>
    </p>
   </div>
   <div class='ocr_carea' id='block_1_64' title="bbox 2276 1982 3844 2055">
    <p class='ocr_par' dir='ltr' id='par_1_64' title="bbox 2276 1982 3844 2055">
     <span class='ocr_line' id='line_1_64' title="bbox 2276 1982 3844 2055; baseline 0.002 -20"><span class='ocrx_word' id='word_1_449' title='bbox 2276 1982 2337 2035; x_wconf 79' lang='grc' dir='ltr'><strong>τὸ</strong></span> <span class='ocrx_word' id='word_1_450' title='bbox 2362 1983 2746 2054; x_wconf 78' lang='grc' dir='ltr'><strong>θυσιαστήριον</strong></span> <span class='ocrx_word' id='word_1_451' title='bbox 2795 1983 3151 2055; x_wconf 84' lang='grc' dir='ltr'><strong>λειτουργεῖν,</strong></span> <span class='ocrx_word' id='word_1_452' title='bbox 3189 1983 3283 2035; x_wconf 79' lang='grc' dir='ltr'><strong>καὶ</strong></span> <span class='ocrx_word' id='word_1_453' title='bbox 3308 1983 3600 2052; x_wconf 78' lang='grc' dir='ltr'><strong>ἀναφέρειν</strong></span> <span class='ocrx_word' id='word_1_454' title='bbox 3640 1984 3709 2037; x_wconf 83' lang='grc' dir='ltr'><strong>τά</strong></span> <span class='ocrx_word' id='word_1_455' title='bbox 3726 1984 3844 2037; x_wconf 67' lang='grc' dir='ltr'><strong>όλιον</strong></span> 
     </span>
    </p>
   </div>
   <div class='ocr_carea' id='block_1_65' title="bbox 2277 2073 3846 2145">
    <p class='ocr_par' dir='ltr' id='par_1_65' title="bbox 2277 2073 3846 2145">
     <span class='ocr_line' id='line_1_65' title="bbox 2277 2073 3846 2145; baseline 0 -18"><span class='ocrx_word' id='word_1_456' title='bbox 2277 2076 2610 2145; x_wconf 84' lang='grc' dir='ltr'><strong>καυτώματα</strong></span> <span class='ocrx_word' id='word_1_457' title='bbox 2652 2074 2859 2145; x_wconf 80' lang='grc' dir='ltr'><strong>Κυρίῳ,</strong></span> <span class='ocrx_word' id='word_1_458' title='bbox 2905 2073 3146 2142; x_wconf 78' lang='grc' dir='ltr'><strong>νὶψονται</strong></span> <span class='ocrx_word' id='word_1_459' title='bbox 3194 2073 3292 2136; x_wconf 86' lang='grc' dir='ltr'><strong>τὰς</strong></span> <span class='ocrx_word' id='word_1_460' title='bbox 3341 2078 3527 2145; x_wconf 84' lang='grc' dir='ltr'><strong>χεῖρας</strong></span> <span class='ocrx_word' id='word_1_461' title='bbox 3577 2075 3672 2126; x_wconf 76' lang='grc' dir='ltr'><strong>καὶ</strong></span> <span class='ocrx_word' id='word_1_462' title='bbox 3716 2075 3846 2136; x_wconf 72' lang='grc' dir='ltr'><strong>τοὺς</strong></span> 
     </span>
    </p>
   </div>
   <div class='ocr_carea' id='block_1_66' title="bbox 2276 2163 3842 2235">
    <p class='ocr_par' dir='ltr' id='par_1_66' title="bbox 2276 2163 3842 2235">
     <span class='ocr_line' id='line_1_66' title="bbox 2276 2163 3842 2235; baseline -0.002 -17"><span class='ocrx_word' id='word_1_463' title='bbox 2276 2166 2441 2228; x_wconf 85' lang='grc' dir='ltr'><strong>πόδας</strong></span> <span class='ocrx_word' id='word_1_464' title='bbox 2486 2165 2660 2219; x_wconf 79' lang='grc' dir='ltr'><strong>ὖδατι.</strong></span> <span class='ocrx_word' id='word_1_465' title='bbox 2697 2166 2864 2218; x_wconf 82' lang='grc' dir='ltr'><strong>Ὅταν</strong></span> <span class='ocrx_word' id='word_1_466' title='bbox 2913 2163 3335 2233; x_wconf 81' lang='grc' dir='ltr'><strong>εἰσπορεύωνται</strong></span> <span class='ocrx_word' id='word_1_467' title='bbox 3384 2165 3464 2227; x_wconf 88' lang='grc' dir='ltr'><strong>είς</strong></span> <span class='ocrx_word' id='word_1_468' title='bbox 3503 2164 3601 2235; x_wconf 77' lang='grc' dir='ltr'><strong>τὴν</strong></span> <span class='ocrx_word' id='word_1_469' title='bbox 3632 2164 3842 2235; x_wconf 75' lang='grc' dir='ltr'><strong>σκηνὴν</strong></span> 
     </span>
    </p>
   </div>
   <div class='ocr_carea' id='block_1_67' title="bbox 2272 2251 3933 2323">
    <p class='ocr_par' dir='ltr' id='par_1_67' title="bbox 2272 2251 3933 2323">
     <span class='ocr_line' id='line_1_67' title="bbox 2272 2251 3933 2323; baseline 0.002 -16"><span class='ocrx_word' id='word_1_470' title='bbox 2272 2251 2367 2307; x_wconf 83' lang='grc' dir='ltr'><strong>τοῦ</strong></span> <span class='ocrx_word' id='word_1_471' title='bbox 2407 2252 2730 2323; x_wconf 81' lang='grc' dir='ltr'><strong>μαρτυρίου,</strong></span> <span class='ocrx_word' id='word_1_472' title='bbox 2771 2252 3013 2321; x_wconf 68' lang='grc' dir='ltr'><strong>νίψονται</strong></span> <span class='ocrx_word' id='word_1_473' title='bbox 3066 2251 3216 2306; x_wconf 73' lang='grc' dir='ltr'><strong>ὕδατι</strong></span> <span class='ocrx_word' id='word_1_474' title='bbox 3264 2253 3351 2307; x_wconf 81' lang='grc' dir='ltr'><strong>ἵνα</strong></span> <span class='ocrx_word' id='word_1_475' title='bbox 3392 2254 3466 2323; x_wconf 83' lang='grc' dir='ltr'><strong>μὴ</strong></span> <span class='ocrx_word' id='word_1_476' title='bbox 3502 2254 3837 2310; x_wconf 64' lang='grc' dir='ltr'><strong>ἀποθάνωσιθ</strong></span> <span class='ocrx_word' id='word_1_477' title='bbox 3924 2264 3933 2271; x_wconf 87' lang='grc'><strong>’</strong></span> 
     </span>
    </p>
   </div>
   <div class='ocr_carea' id='block_1_68' title="bbox 2275 2339 3841 2410">
    <p class='ocr_par' dir='ltr' id='par_1_68' title="bbox 2275 2339 3841 2410">
     <span class='ocr_line' id='line_1_68' title="bbox 2275 2339 3841 2410; baseline -0.003 -15"><span class='ocrx_word' id='word_1_478' title='bbox 2275 2342 2371 2395; x_wconf 72' lang='grc' dir='ltr'><strong>καὶ</strong></span> <span class='ocrx_word' id='word_1_479' title='bbox 2416 2343 2567 2395; x_wconf 78' lang='grc' dir='ltr'><strong>ἔσται</strong></span> <span class='ocrx_word' id='word_1_480' title='bbox 2615 2343 2797 2404; x_wconf 82' lang='grc' dir='ltr'><strong>αὐτοῖς</strong></span> <span class='ocrx_word' id='word_1_481' title='bbox 2846 2340 3076 2410; x_wconf 80' lang='grc' dir='ltr'><strong>νόμιμον</strong></span> <span class='ocrx_word' id='word_1_482' title='bbox 3121 2339 3335 2394; x_wconf 78' lang='grc' dir='ltr'><strong>αἰώνιον</strong></span> <span class='ocrx_word' id='word_1_483' title='bbox 3380 2341 3559 2409; x_wconf 78' lang='grc' dir='ltr'><strong>αὐτῷ,</strong></span> <span class='ocrx_word' id='word_1_484' title='bbox 3600 2341 3697 2392; x_wconf 75' lang='grc' dir='ltr'><strong>καὶ</strong></span> <span class='ocrx_word' id='word_1_485' title='bbox 3721 2342 3841 2402; x_wconf 83' lang='grc' dir='ltr'><strong>ταῖς</strong></span> 
     </span>
    </p>
   </div>
   <div class='ocr_carea' id='block_1_69' title="bbox 2272 2423 3840 2502">
    <p class='ocr_par' dir='ltr' id='par_1_69' title="bbox 2272 2423 3840 2502">
     <span class='ocr_line' id='line_1_69' title="bbox 2272 2423 3840 2502; baseline -0.005 -15"><span class='ocrx_word' id='word_1_486' title='bbox 2272 2435 2485 2502; x_wconf 75' lang='grc' dir='ltr'><strong>γενεαῖς</strong></span> <span class='ocrx_word' id='word_1_487' title='bbox 2512 2432 2677 2486; x_wconf 78' lang='grc' dir='ltr'><strong>αὑτοῦ</strong></span> <span class='ocrx_word' id='word_1_488' title='bbox 2708 2432 2826 2501; x_wconf 85' lang='grc' dir='ltr'><strong>μετ’</strong></span> <span class='ocrx_word' id='word_1_489' title='bbox 2874 2430 3055 2484; x_wconf 76' lang='grc' dir='ltr'><strong>αὐτόν.</strong></span> <span class='ocrx_word' id='word_1_490' title='bbox 3099 2449 3124 2482; x_wconf 74' lang='grc' dir='ltr'><strong>ι</strong></span> <span class='ocrx_word' id='word_1_491' title='bbox 3156 2432 3277 2484; x_wconf 74' lang='grc' dir='ltr'><strong>Ὅτι</strong></span> <span class='ocrx_word' id='word_1_492' title='bbox 3310 2430 3404 2499; x_wconf 82' lang='grc' dir='ltr'><strong>μὲν</strong></span> <span class='ocrx_word' id='word_1_493' title='bbox 3433 2423 3718 2501; x_wconf 62' lang='grc' dir='ltr'><strong>οὗνζήίδιὰ</strong></span> <span class='ocrx_word' id='word_1_494' title='bbox 3749 2428 3840 2480; x_wconf 71' lang='grc' dir='ltr'><strong>τοῦ</strong></span> 
     </span>
    </p>
   </div>
   <div class='ocr_carea' id='block_1_70' title="bbox 2274 2518 3855 2594">
    <p class='ocr_par' dir='ltr' id='par_1_70' title="bbox 2274 2518 3855 2594">
     <span class='ocr_line' id='line_1_70' title="bbox 2274 2518 3855 2594; baseline -0.006 -16"><span class='ocrx_word' id='word_1_495' title='bbox 2274 2525 2431 2594; x_wconf 83' lang='grc' dir='ltr'><strong>ἁγίου</strong></span> <span class='ocrx_word' id='word_1_496' title='bbox 2460 2523 2833 2594; x_wconf 82' lang='grc' dir='ltr'><strong>βαπτίσματος</strong></span> <span class='ocrx_word' id='word_1_497' title='bbox 2851 2522 2927 2585; x_wconf 82' lang='grc' dir='ltr'><strong>ὼς</strong></span> <span class='ocrx_word' id='word_1_498' title='bbox 2953 2520 3011 2579; x_wconf 69' lang='grc' dir='ltr'><strong>ἐν</strong></span> <span class='ocrx_word' id='word_1_499' title='bbox 3029 2537 3093 2589; x_wconf 80' lang='grc' dir='ltr'><strong>γε</strong></span> <span class='ocrx_word' id='word_1_500' title='bbox 3116 2520 3181 2589; x_wconf 79' lang='grc' dir='ltr'><strong>δὴ</strong></span> <span class='ocrx_word' id='word_1_501' title='bbox 3204 2518 3376 2588; x_wconf 74' lang='grc' dir='ltr'><strong>τούτῳ</strong></span> <span class='ocrx_word' id='word_1_502' title='bbox 3401 2520 3855 2589; x_wconf 76' lang='grc' dir='ltr'><strong>προανεγράφετο,</strong></span> 
     </span>
    </p>
   </div>
   <div class='ocr_carea' id='block_1_71' title="bbox 2272 2609 3851 2687">
    <p class='ocr_par' dir='ltr' id='par_1_71' title="bbox 2272 2609 3851 2687">
     <span class='ocr_line' id='line_1_71' title="bbox 2272 2609 3851 2687; baseline -0.006 -17"><span class='ocrx_word' id='word_1_503' title='bbox 2272 2615 2451 2687; x_wconf 87' lang='grc' dir='ltr'><strong>χάρις,</strong></span> <span class='ocrx_word' id='word_1_504' title='bbox 2483 2616 2585 2668; x_wconf 86' lang='grc' dir='ltr'><strong>οὐκ</strong></span> <span class='ocrx_word' id='word_1_505' title='bbox 2625 2613 2962 2683; x_wconf 84' lang='grc' dir='ltr'><strong>ἁσυμφανές.</strong></span> <span class='ocrx_word' id='word_1_506' title='bbox 2990 2609 3367 2680; x_wconf 78' lang='grc' dir='ltr'><strong>Βαπτιζόμεθα</strong></span> <span class='ocrx_word' id='word_1_507' title='bbox 3384 2609 3512 2678; x_wconf 81' lang='grc' dir='ltr'><strong>γὰρ,</strong></span> <span class='ocrx_word' id='word_1_508' title='bbox 3539 2609 3607 2663; x_wconf 73' lang='grc' dir='ltr'><strong>οὐ</strong></span> <span class='ocrx_word' id='word_1_509' title='bbox 3638 2609 3851 2679; x_wconf 63' lang='grc' dir='ltr'><strong>σαρκὸς,</strong></span> 
     </span>
    </p>
   </div>
   <div class='ocr_carea' id='block_1_72' title="bbox 2273 2698 3843 2774">
    <p class='ocr_par' dir='ltr' id='par_1_72' title="bbox 2273 2698 3843 2774">
     <span class='ocr_line' id='line_1_72' title="bbox 2273 2698 3843 2774; baseline -0.005 -15"><span class='ocrx_word' id='word_1_510' title='bbox 2273 2704 2534 2759; x_wconf 83' lang='grc' dir='ltr'><strong>ἀπόθεσιν</strong></span> <span class='ocrx_word' id='word_1_511' title='bbox 2562 2703 2733 2774; x_wconf 79' lang='grc' dir='ltr'><strong>ῥύπου</strong></span> <span class='ocrx_word' id='word_1_512' title='bbox 2775 2701 3278 2773; x_wconf 70' lang='grc' dir='ltr'><strong>ἀποκερδαίνοντες,</strong></span> <span class='ocrx_word' id='word_1_513' title='bbox 3306 2700 3443 2754; x_wconf 81' lang='grc' dir='ltr'><strong>ἀλλὰ</strong></span> <span class='ocrx_word' id='word_1_514' title='bbox 3472 2699 3581 2751; x_wconf 83' lang='grc' dir='ltr'><strong>τῶν</strong></span> <span class='ocrx_word' id='word_1_515' title='bbox 3622 2698 3716 2752; x_wconf 80' lang='grc' dir='ltr'><strong>νοῦ</strong></span> <span class='ocrx_word' id='word_1_516' title='bbox 3746 2698 3843 2753; x_wconf 74' lang='grc' dir='ltr'><strong>καὶ</strong></span> 
     </span>
    </p>
   </div>
   <div class='ocr_carea' id='block_1_73' title="bbox 2272 2788 3849 2867">
    <p class='ocr_par' dir='ltr' id='par_1_73' title="bbox 2272 2788 3849 2867">
     <span class='ocr_line' id='line_1_73' title="bbox 2272 2788 3849 2867; baseline -0.005 -16"><span class='ocrx_word' id='word_1_517' title='bbox 2272 2795 2498 2867; x_wconf 80' lang='grc' dir='ltr'><strong>καρδίας</strong></span> <span class='ocrx_word' id='word_1_518' title='bbox 2547 2793 3010 2863; x_wconf 78' lang='grc' dir='ltr'><strong>ἀπαλλαττόμενοι</strong></span> <span class='ocrx_word' id='word_1_519' title='bbox 3060 2790 3370 2861; x_wconf 85' lang='grc' dir='ltr'><strong>μολυσμῶν,</strong></span> <span class='ocrx_word' id='word_1_520' title='bbox 3442 2789 3538 2843; x_wconf 76' lang='grc' dir='ltr'><strong>καὶ</strong></span> <span class='ocrx_word' id='word_1_521' title='bbox 3584 2789 3684 2852; x_wconf 79' lang='grc' dir='ltr'><strong>τὰς</strong></span> <span class='ocrx_word' id='word_1_522' title='bbox 3730 2788 3849 2843; x_wconf 82' lang='grc' dir='ltr'><strong>τῶν,</strong></span> 
     </span>
    </p>
   </div>
   <div class='ocr_carea' id='block_1_74' title="bbox 2273 2880 3844 2959">
    <p class='ocr_par' dir='ltr' id='par_1_74' title="bbox 2273 2880 3844 2959">
     <span class='ocr_line' id='line_1_74' title="bbox 2273 2880 3844 2959; baseline -0.008 -16"><span class='ocrx_word' id='word_1_523' title='bbox 2273 2887 2759 2959; x_wconf 83' lang='grc' dir='ltr'><strong>πλημμελημάτων</strong></span> <span class='ocrx_word' id='word_1_524' title='bbox 2807 2883 3190 2952; x_wconf 78' lang='grc' dir='ltr'><strong>ἀπολουόμενοι</strong></span> <span class='ocrx_word' id='word_1_525' title='bbox 3228 2880 3469 2951; x_wconf 86' lang='grc' dir='ltr'><strong>κηλίδας,</strong></span> <span class='ocrx_word' id='word_1_526' title='bbox 3512 2880 3694 2950; x_wconf 86' lang='grc' dir='ltr'><strong>χάριτι</strong></span> <span class='ocrx_word' id='word_1_527' title='bbox 3746 2883 3844 2932; x_wconf 66' lang='grc' dir='ltr'><strong>καὶ</strong></span> 
     </span>
    </p>
   </div>
   <div class='ocr_carea' id='block_1_75' title="bbox 2273 2969 3841 3054">
    <p class='ocr_par' dir='ltr' id='par_1_75' title="bbox 2273 2969 3841 3054">
     <span class='ocr_line' id='line_1_75' title="bbox 2273 2969 3841 3054; baseline -0.009 -19"><span class='ocrx_word' id='word_1_528' title='bbox 2273 2978 2650 3054; x_wconf 73' lang='grc' dir='ltr'><strong>φιλανθρωπίᾳ</strong></span> <span class='ocrx_word' id='word_1_529' title='bbox 2675 2976 2767 3031; x_wconf 81' lang='grc' dir='ltr'><strong>τοῦ</strong></span> <span class='ocrx_word' id='word_1_530' title='bbox 2796 2973 3081 3036; x_wconf 80' lang='grc' dir='ltr'><strong>καλοῦντος</strong></span> <span class='ocrx_word' id='word_1_531' title='bbox 3110 2974 3190 3036; x_wconf 86' lang='grc' dir='ltr'><strong>είς</strong></span> <span class='ocrx_word' id='word_1_532' title='bbox 3221 2971 3509 3043; x_wconf 80' lang='grc' dir='ltr'><strong>σωτηρίαν.</strong></span> <span class='ocrx_word' id='word_1_533' title='bbox 3546 2969 3841 3024; x_wconf 69' lang='grc' dir='ltr'><strong>Δεδικαιιὲι-</strong></span> 
     </span>
    </p>
   </div>
   <div class='ocr_carea' id='block_1_76' title="bbox 2275 3058 3839 3138">
    <p class='ocr_par' dir='ltr' id='par_1_76' title="bbox 2275 3058 3839 3138">
     <span class='ocr_line' id='line_1_76' title="bbox 2275 3058 3839 3138; baseline -0.006 -18"><span class='ocrx_word' id='word_1_534' title='bbox 2275 3066 2416 3138; x_wconf 80' lang='grc' dir='ltr'><strong>μεθα</strong></span> <span class='ocrx_word' id='word_1_535' title='bbox 2451 3066 2560 3137; x_wconf 85' lang='grc' dir='ltr'><strong>γὰρ</strong></span> <span class='ocrx_word' id='word_1_536' title='bbox 2587 3066 2687 3118; x_wconf 76' lang='grc' dir='ltr'><strong>οὐκ</strong></span> <span class='ocrx_word' id='word_1_537' title='bbox 2734 3065 2793 3130; x_wconf 77' lang='grc' dir='ltr'><strong>ἐξ</strong></span> <span class='ocrx_word' id='word_1_538' title='bbox 2841 3063 3017 3135; x_wconf 77' lang='grc' dir='ltr'><strong>ἔργων</strong></span> <span class='ocrx_word' id='word_1_539' title='bbox 3058 3060 3245 3131; x_wconf 84' lang='grc' dir='ltr'><strong>νόμου,</strong></span> <span class='ocrx_word' id='word_1_540' title='bbox 3283 3060 3425 3115; x_wconf 87' lang='grc' dir='ltr'><strong>κατά</strong></span> <span class='ocrx_word' id='word_1_541' title='bbox 3455 3059 3555 3122; x_wconf 85' lang='grc' dir='ltr'><strong>τάς</strong></span> <span class='ocrx_word' id='word_1_542' title='bbox 3592 3058 3839 3129; x_wconf 83' lang='grc' dir='ltr'><strong>Γραφάς,</strong></span> 
     </span>
    </p>
   </div>
   <div class='ocr_carea' id='block_1_77' title="bbox 2274 3148 3845 3222">
    <p class='ocr_par' dir='ltr' id='par_1_77' title="bbox 2274 3148 3845 3222">
     <span class='ocr_line' id='line_1_77' title="bbox 2274 3148 3845 3222; baseline -0.008 -11"><span class='ocrx_word' id='word_1_543' title='bbox 2274 3158 2387 3211; x_wconf 81' lang='grc' dir='ltr'><strong>ἀλλ’</strong></span> <span class='ocrx_word' id='word_1_544' title='bbox 2420 3158 2485 3209; x_wconf 80' lang='grc' dir='ltr'><strong>ἐκ</strong></span> <span class='ocrx_word' id='word_1_545' title='bbox 2529 3155 2767 3217; x_wconf 88' lang='grc' dir='ltr'><strong>πίστεως</strong></span> <span class='ocrx_word' id='word_1_546' title='bbox 2822 3151 2994 3222; x_wconf 78' lang='grc' dir='ltr'><strong>Ἰησοῦ</strong></span> <span class='ocrx_word' id='word_1_547' title='bbox 3041 3148 3297 3219; x_wconf 82' lang='grc' dir='ltr'><strong>Χριστοῦ.</strong></span> <span class='ocrx_word' id='word_1_548' title='bbox 3348 3148 3456 3201; x_wconf 83' lang='grc' dir='ltr'><strong>Θέα</strong></span> <span class='ocrx_word' id='word_1_549' title='bbox 3482 3148 3540 3202; x_wconf 80' lang='grc' dir='ltr'><strong>δὲ</strong></span> <span class='ocrx_word' id='word_1_550' title='bbox 3567 3148 3652 3218; x_wconf 81' lang='grc' dir='ltr'><strong>δὴ,</strong></span> <span class='ocrx_word' id='word_1_551' title='bbox 3692 3149 3845 3209; x_wconf 80' lang='grc' dir='ltr'><strong>ὅπως</strong></span> 
     </span>
    </p>
   </div>
   <div class='ocr_carea' id='block_1_78' title="bbox 2272 3239 3841 3314">
    <p class='ocr_par' dir='ltr' id='par_1_78' title="bbox 2272 3239 3841 3314">
     <span class='ocr_line' id='line_1_78' title="bbox 2272 3239 3841 3314; baseline -0.009 -10"><span class='ocrx_word' id='word_1_552' title='bbox 2272 3250 2449 3304; x_wconf 88' lang='grc' dir='ltr'><strong>καίτοι</strong></span> <span class='ocrx_word' id='word_1_553' title='bbox 2474 3246 2613 3301; x_wconf 86' lang='grc' dir='ltr'><strong>κατά</strong></span> <span class='ocrx_word' id='word_1_554' title='bbox 2635 3246 2797 3314; x_wconf 87' lang='grc' dir='ltr'><strong>νόμον</strong></span> <span class='ocrx_word' id='word_1_555' title='bbox 2822 3244 2975 3312; x_wconf 79' lang='grc' dir='ltr'><strong>ἅγιος</strong></span> <span class='ocrx_word' id='word_1_556' title='bbox 2989 3243 3064 3297; x_wconf 84' lang='grc' dir='ltr'><strong>ὢν</strong></span> <span class='ocrx_word' id='word_1_557' title='bbox 3084 3243 3118 3298; x_wconf 70' lang='grc' dir='ltr'>ἁ</span> <span class='ocrx_word' id='word_1_558' title='bbox 3156 3240 3385 3311; x_wconf 65' lang='grc' dir='ltr'><strong>Ἀαρὼν,</strong></span> <span class='ocrx_word' id='word_1_559' title='bbox 3420 3240 3514 3292; x_wconf 55' lang='grc' dir='ltr'><strong>καὶ⁵</strong></span> <span class='ocrx_word' id='word_1_560' title='bbox 3549 3239 3654 3310; x_wconf 83' lang='grc' dir='ltr'><strong>μὴν</strong></span> <span class='ocrx_word' id='word_1_561' title='bbox 3677 3240 3772 3292; x_wconf 69' lang='grc' dir='ltr'><strong>καὶ</strong></span> <span class='ocrx_word' id='word_1_562' title='bbox 3792 3240 3841 3291; x_wconf 77' lang='grc' dir='ltr'><strong>οἱ</strong></span> 
     </span>
    </p>
   </div>
   <div class='ocr_carea' id='block_1_79' title="bbox 2271 3330 3843 3408">
    <p class='ocr_par' dir='ltr' id='par_1_79' title="bbox 2271 3330 3843 3408">
     <span class='ocr_line' id='line_1_79' title="bbox 2271 3330 3843 3408; baseline -0.008 -14"><span class='ocrx_word' id='word_1_563' title='bbox 2271 3342 2368 3395; x_wconf 79' lang='grc' dir='ltr'><strong>σὺν</strong></span> <span class='ocrx_word' id='word_1_564' title='bbox 2390 3337 2538 3408; x_wconf 84' lang='grc' dir='ltr'><strong>αὑτῷ</strong></span> <span class='ocrx_word' id='word_1_565' title='bbox 2555 3336 2884 3407; x_wconf 86' lang='grc' dir='ltr'><strong>λειτουργεῖν</strong></span> <span class='ocrx_word' id='word_1_566' title='bbox 2907 3331 3341 3401; x_wconf 73' lang='grc' dir='ltr'><strong>ἐπιτεταγμένοι,</strong></span> <span class='ocrx_word' id='word_1_567' title='bbox 3359 3330 3843 3401; x_wconf 77' lang='grc' dir='ltr'><strong>προσαπονίζονται</strong></span> 
     </span>
    </p>
   </div>
   <div class='ocr_carea' id='block_1_80' title="bbox 2268 3420 3841 3501">
    <p class='ocr_par' dir='ltr' id='par_1_80' title="bbox 2268 3420 3841 3501">
     <span class='ocr_line' id='line_1_80' title="bbox 2268 3420 3841 3501; baseline -0.005 -20"><span class='ocrx_word' id='word_1_568' title='bbox 2268 3428 2458 3501; x_wconf 84' lang='grc' dir='ltr'><strong>χεῖράς</strong></span> <span class='ocrx_word' id='word_1_569' title='bbox 2488 3444 2548 3480; x_wconf 85' lang='grc' dir='ltr'><strong>τε</strong></span> <span class='ocrx_word' id='word_1_570' title='bbox 2582 3427 2677 3480; x_wconf 78' lang='grc' dir='ltr'><strong>καὶ</strong></span> <span class='ocrx_word' id='word_1_571' title='bbox 2701 3425 2868 3488; x_wconf 86' lang='grc' dir='ltr'><strong>πόδας</strong></span> <span class='ocrx_word' id='word_1_572' title='bbox 2896 3424 3072 3487; x_wconf 79' lang='grc' dir='ltr'><strong>ὕδατι,</strong></span> <span class='ocrx_word' id='word_1_573' title='bbox 3097 3422 3279 3476; x_wconf 86' lang='grc' dir='ltr'><strong>πόνων</strong></span> <span class='ocrx_word' id='word_1_574' title='bbox 3301 3422 3355 3474; x_wconf 79' lang='grc' dir='ltr'><strong>δὲ</strong></span> <span class='ocrx_word' id='word_1_575' title='bbox 3383 3420 3553 3482; x_wconf 71' lang='grc' dir='ltr'><strong>οὕτως</strong></span> <span class='ocrx_word' id='word_1_576' title='bbox 3582 3421 3841 3475; x_wconf 75' lang='grc' dir='ltr'><strong>ἅπτονται</strong></span> 
     </span>
    </p>
   </div>
   <div class='ocr_carea' id='block_1_81' title="bbox 2268 3511 3843 3589">
    <p class='ocr_par' dir='ltr' id='par_1_81' title="bbox 2268 3511 3843 3589">
     <span class='ocr_line' id='line_1_81' title="bbox 2268 3511 3843 3589; baseline -0.005 -18"><span class='ocrx_word' id='word_1_577' title='bbox 2268 3518 2376 3571; x_wconf 87' lang='grc' dir='ltr'><strong>τῶν</strong></span> <span class='ocrx_word' id='word_1_578' title='bbox 2407 3518 2591 3589; x_wconf 83' lang='grc' dir='ltr'><strong>ἱερῶν,</strong></span> <span class='ocrx_word' id='word_1_579' title='bbox 2636 3516 2731 3569; x_wconf 78' lang='grc' dir='ltr'><strong>καὶ</strong></span> <span class='ocrx_word' id='word_1_580' title='bbox 2761 3515 2868 3586; x_wconf 83' lang='grc' dir='ltr'><strong>μὴν</strong></span> <span class='ocrx_word' id='word_1_581' title='bbox 2895 3514 2973 3576; x_wconf 86' lang='grc' dir='ltr'><strong>είς</strong></span> <span class='ocrx_word' id='word_1_582' title='bbox 2998 3513 3065 3567; x_wconf 89' lang='grc' dir='ltr'><strong>τά</strong></span> <span class='ocrx_word' id='word_1_583' title='bbox 3098 3512 3263 3580; x_wconf 75' lang='grc' dir='ltr'><strong>’Ἅγια</strong></span> <span class='ocrx_word' id='word_1_584' title='bbox 3291 3511 3400 3564; x_wconf 87' lang='grc' dir='ltr'><strong>τῶν</strong></span> <span class='ocrx_word' id='word_1_585' title='bbox 3436 3511 3605 3578; x_wconf 82' lang='grc' dir='ltr'><strong>ἁγίων</strong></span> <span class='ocrx_word' id='word_1_586' title='bbox 3631 3511 3843 3581; x_wconf 77' lang='grc' dir='ltr'><strong>εἱστρὲ-</strong></span> 
     </span>
    </p>
   </div>
   <div class='ocr_carea' id='block_1_82' title="bbox 2269 3602 3841 3679">
    <p class='ocr_par' dir='ltr' id='par_1_82' title="bbox 2269 3602 3841 3679">
     <span class='ocr_line' id='line_1_82' title="bbox 2269 3602 3841 3679; baseline -0.005 -17"><span class='ocrx_word' id='word_1_587' title='bbox 2269 3625 2445 3679; x_wconf 84' lang='grc' dir='ltr'><strong>χουσι,</strong></span> <span class='ocrx_word' id='word_1_588' title='bbox 2490 3608 2762 3678; x_wconf 80' lang='grc' dir='ltr'><strong>δειμάτων</strong></span> <span class='ocrx_word' id='word_1_589' title='bbox 2810 3604 3108 3676; x_wconf 77' lang='grc' dir='ltr'><strong>ἐλεύθεροι,</strong></span> <span class='ocrx_word' id='word_1_590' title='bbox 3156 3602 3338 3672; x_wconf 82' lang='grc' dir='ltr'><strong>σαφῶς</strong></span> <span class='ocrx_word' id='word_1_591' title='bbox 3366 3619 3424 3655; x_wconf 87' lang='grc' dir='ltr'><strong>τε</strong></span> <span class='ocrx_word' id='word_1_592' title='bbox 3463 3604 3554 3658; x_wconf 74' lang='grc' dir='ltr'><strong>καὶ</strong></span> <span class='ocrx_word' id='word_1_593' title='bbox 3594 3602 3841 3671; x_wconf 73' lang='grc' dir='ltr'><strong>ἐναργῶς</strong></span> 
     </span>
    </p>
   </div>
   <div class='ocr_carea' id='block_1_83' title="bbox 2267 3692 3842 3769">
    <p class='ocr_par' dir='ltr' id='par_1_83' title="bbox 2267 3692 3842 3769">
     <span class='ocr_line' id='line_1_83' title="bbox 2267 3692 3842 3769; baseline -0.005 -17"><span class='ocrx_word' id='word_1_594' title='bbox 2267 3697 2711 3769; x_wconf 80' lang='grc' dir='ltr'><strong>καταδηλοῦντος,</strong></span> <span class='ocrx_word' id='word_1_595' title='bbox 2729 3695 2880 3768; x_wconf 78' lang='grc' dir='ltr'><strong>οἶμαί</strong></span> <span class='ocrx_word' id='word_1_596' title='bbox 2909 3713 3035 3760; x_wconf 89' lang='grc' dir='ltr'><strong>που,</strong></span> <span class='ocrx_word' id='word_1_597' title='bbox 3057 3696 3151 3749; x_wconf 79' lang='grc' dir='ltr'><strong>καὶ</strong></span> <span class='ocrx_word' id='word_1_598' title='bbox 3177 3694 3334 3747; x_wconf 83' lang='grc' dir='ltr'><strong>τοῦτο</strong></span> <span class='ocrx_word' id='word_1_599' title='bbox 3353 3692 3446 3746; x_wconf 76' lang='grc' dir='ltr'><strong>τοῦ</strong></span> <span class='ocrx_word' id='word_1_600' title='bbox 3472 3693 3658 3763; x_wconf 84' lang='grc' dir='ltr'><strong>νόμου,</strong></span> <span class='ocrx_word' id='word_1_601' title='bbox 3681 3693 3842 3760; x_wconf 80' lang='grc' dir='ltr'><strong>μόνον</strong></span> 
     </span>
    </p>
   </div>
   <div class='ocr_carea' id='block_1_84' title="bbox 2269 3782 3842 3859">
    <p class='ocr_par' dir='ltr' id='par_1_84' title="bbox 2269 3782 3842 3859">
     <span class='ocr_line' id='line_1_84' title="bbox 2269 3782 3842 3859; baseline -0.004 -16"><span class='ocrx_word' id='word_1_602' title='bbox 2269 3790 2327 3843; x_wconf 84' lang='grc' dir='ltr'><strong>δὲ</strong></span> <span class='ocrx_word' id='word_1_603' title='bbox 2354 3788 2474 3859; x_wconf 76' lang='grc' dir='ltr'><strong>οὐχὶ</strong></span> <span class='ocrx_word' id='word_1_604' title='bbox 2512 3788 2607 3844; x_wconf 77' lang='grc' dir='ltr'><strong>καὶ</strong></span> <span class='ocrx_word' id='word_1_605' title='bbox 2633 3786 2797 3841; x_wconf 80' lang='grc' dir='ltr'><strong>αὐτοῦ</strong></span> <span class='ocrx_word' id='word_1_606' title='bbox 2829 3786 3253 3857; x_wconf 85' lang='grc' dir='ltr'><strong>διακεκραγότος</strong></span> <span class='ocrx_word' id='word_1_607' title='bbox 3277 3782 3369 3837; x_wconf 85' lang='grc' dir='ltr'><strong>τοῦ</strong></span> <span class='ocrx_word' id='word_1_608' title='bbox 3399 3784 3743 3854; x_wconf 84' lang='grc' dir='ltr'><strong>πράγματος,</strong></span> <span class='ocrx_word' id='word_1_609' title='bbox 3766 3784 3842 3846; x_wconf 84' lang='grc' dir='ltr'><strong>ὡς</strong></span> 
     </span>
    </p>
   </div>
   <div class='ocr_carea' id='block_1_85' title="bbox 2267 3872 3836 3951">
    <p class='ocr_par' dir='ltr' id='par_1_85' title="bbox 2267 3872 3836 3951">
     <span class='ocr_line' id='line_1_85' title="bbox 2267 3872 3836 3951; baseline -0.008 -15"><span class='ocrx_word' id='word_1_610' title='bbox 2267 3881 2480 3951; x_wconf 85' lang='grc' dir='ltr'><strong>ἀνίερο;</strong></span> <span class='ocrx_word' id='word_1_611' title='bbox 2509 3879 2815 3951; x_wconf 49' lang='grc' dir='ltr'><strong>παράμθεῷ,</strong></span> <span class='ocrx_word' id='word_1_612' title='bbox 2842 3878 2937 3932; x_wconf 77' lang='grc' dir='ltr'><strong>καὶ</strong></span> <span class='ocrx_word' id='word_1_613' title='bbox 2963 3880 2991 3931; x_wconf 84' lang='grc' dir='ltr'><strong>ό</strong></span> <span class='ocrx_word' id='word_1_614' title='bbox 3019 3877 3190 3932; x_wconf 83' lang='grc' dir='ltr'><strong>δοκῶν</strong></span> <span class='ocrx_word' id='word_1_615' title='bbox 3224 3872 3362 3929; x_wconf 84' lang='grc' dir='ltr'><strong>εἶναί</strong></span> <span class='ocrx_word' id='word_1_616' title='bbox 3389 3891 3472 3937; x_wconf 88' lang='grc' dir='ltr'><strong>τις</strong></span> <span class='ocrx_word' id='word_1_617' title='bbox 3500 3873 3642 3927; x_wconf 85' lang='grc' dir='ltr'><strong>κατά</strong></span> <span class='ocrx_word' id='word_1_618' title='bbox 3672 3873 3836 3943; x_wconf 75' lang='grc' dir='ltr'><strong>νόμον</strong></span> 
     </span>
    </p>
   </div>
   <div class='ocr_carea' id='block_1_86' title="bbox 2272 3965 3842 4043">
    <p class='ocr_par' dir='ltr' id='par_1_86' title="bbox 2272 3965 3842 4043">
     <span class='ocr_line' id='line_1_86' title="bbox 2272 3965 3842 4043; baseline -0.006 -19"><span class='ocrx_word' id='word_1_619' title='bbox 2272 3971 2436 4043; x_wconf 74' lang='grc' dir='ltr'><strong>ἱερὸς,</strong></span> <span class='ocrx_word' id='word_1_620' title='bbox 2480 3972 2529 4024; x_wconf 82' lang='grc' dir='ltr'><strong>ει</strong></span> <span class='ocrx_word' id='word_1_621' title='bbox 2563 3970 2637 4041; x_wconf 79' lang='grc' dir='ltr'><strong>μὴ</strong></span> <span class='ocrx_word' id='word_1_622' title='bbox 2664 3969 3024 4024; x_wconf 83' lang='grc' dir='ltr'><strong>ἀπολούσαιτο</strong></span> <span class='ocrx_word' id='word_1_623' title='bbox 3070 3967 3149 4037; x_wconf 81' lang='grc' dir='ltr'><strong>τῷ</strong></span> <span class='ocrx_word' id='word_1_624' title='bbox 3182 3966 3363 4030; x_wconf 80' lang='grc' dir='ltr'><strong>ὕδατι,</strong></span> <span class='ocrx_word' id='word_1_625' title='bbox 3414 3965 3507 4018; x_wconf 78' lang='grc' dir='ltr'><strong>καὶ</strong></span> <span class='ocrx_word' id='word_1_626' title='bbox 3533 3965 3615 4017; x_wconf 84' lang='grc' dir='ltr'><strong>ὅτι</strong></span> <span class='ocrx_word' id='word_1_627' title='bbox 3656 3966 3756 4033; x_wconf 84' lang='grc' dir='ltr'><strong>τῆς</strong></span> <span class='ocrx_word' id='word_1_628' title='bbox 3786 3966 3842 4015; x_wconf 80' lang='grc' dir='ltr'><strong>ὲν</strong></span> 
     </span>
    </p>
   </div>
   <div class='ocr_carea' id='block_1_87' title="bbox 2268 4055 3841 4132">
    <p class='ocr_par' dir='ltr' id='par_1_87' title="bbox 2268 4055 3841 4132">
     <span class='ocr_line' id='line_1_87' title="bbox 2268 4055 3841 4132; baseline -0.004 -18"><span class='ocrx_word' id='word_1_629' title='bbox 2268 4063 2417 4131; x_wconf 84' lang='grc' dir='ltr'><strong>νόμῳ</strong></span> <span class='ocrx_word' id='word_1_630' title='bbox 2439 4061 2695 4131; x_wconf 80' lang='grc' dir='ltr'><strong>λατρείας</strong></span> <span class='ocrx_word' id='word_1_631' title='bbox 2718 4062 2752 4132; x_wconf 73' lang='grc' dir='ltr'><strong>ἡ</strong></span> <span class='ocrx_word' id='word_1_632' title='bbox 2780 4060 3007 4130; x_wconf 77' lang='grc' dir='ltr'><strong>δύναμις</strong></span> <span class='ocrx_word' id='word_1_633' title='bbox 3027 4058 3127 4113; x_wconf 83' lang='grc' dir='ltr'><strong>οὐκ</strong></span> <span class='ocrx_word' id='word_1_634' title='bbox 3144 4058 3360 4128; x_wconf 81' lang='grc' dir='ltr'><strong>ἀπόχρη</strong></span> <span class='ocrx_word' id='word_1_635' title='bbox 3388 4055 3523 4127; x_wconf 82' lang='grc' dir='ltr'><strong>πρὸς</strong></span> <span class='ocrx_word' id='word_1_636' title='bbox 3548 4055 3841 4126; x_wconf 80' lang='grc' dir='ltr'><strong>κάθαρσιν.</strong></span> 
     </span>
    </p>
   </div>
   <div class='ocr_carea' id='block_1_88' title="bbox 2266 4147 3839 4223">
    <p class='ocr_par' dir='ltr' id='par_1_88' title="bbox 2266 4147 3839 4223">
     <span class='ocr_line' id='line_1_88' title="bbox 2266 4147 3839 4223; baseline -0.004 -17"><span class='ocrx_word' id='word_1_637' title='bbox 2266 4153 2698 4223; x_wconf 75' lang='grc' dir='ltr'><strong>Προαπενίξοντο</strong></span> <span class='ocrx_word' id='word_1_638' title='bbox 2727 4151 2881 4220; x_wconf 80' lang='grc' dir='ltr'><strong>γοῦν,</strong></span> <span class='ocrx_word' id='word_1_639' title='bbox 2922 4150 3099 4206; x_wconf 89' lang='grc' dir='ltr'><strong>καίτοι</strong></span> <span class='ocrx_word' id='word_1_640' title='bbox 3129 4148 3274 4204; x_wconf 89' lang='grc' dir='ltr'><strong>κατά</strong></span> <span class='ocrx_word' id='word_1_641' title='bbox 3300 4149 3463 4218; x_wconf 86' lang='grc' dir='ltr'><strong>νόμον</strong></span> <span class='ocrx_word' id='word_1_642' title='bbox 3494 4147 3839 4217; x_wconf 75' lang='grc' dir='ltr'><strong>ἡγιασμένοι,</strong></span> 
     </span>
    </p>
   </div>
   <div class='ocr_carea' id='block_1_89' title="bbox 2265 4238 3841 4316">
    <p class='ocr_par' dir='ltr' id='par_1_89' title="bbox 2265 4238 3841 4316">
     <span class='ocr_line' id='line_1_89' title="bbox 2265 4238 3841 4316; baseline -0.006 -17"><span class='ocrx_word' id='word_1_643' title='bbox 2265 4244 2585 4316; x_wconf 85' lang='grc' dir='ltr'><strong>καθαίρεται</strong></span> <span class='ocrx_word' id='word_1_644' title='bbox 2617 4244 2696 4307; x_wconf 76' lang='grc' dir='ltr'><strong>δὲ,</strong></span> <span class='ocrx_word' id='word_1_645' title='bbox 2735 4243 2853 4297; x_wconf 77' lang='grc' dir='ltr'><strong>οὖτι</strong></span> <span class='ocrx_word' id='word_1_646' title='bbox 2880 4260 2980 4296; x_wconf 85' lang='grc' dir='ltr'><strong>που</strong></span> <span class='ocrx_word' id='word_1_647' title='bbox 3006 4243 3068 4297; x_wconf 80' lang='grc' dir='ltr'><strong>τὸ</strong></span> <span class='ocrx_word' id='word_1_648' title='bbox 3094 4241 3354 4312; x_wconf 83' lang='grc' dir='ltr'><strong>καθαρὸν,</strong></span> <span class='ocrx_word' id='word_1_649' title='bbox 3379 4238 3514 4294; x_wconf 87' lang='grc' dir='ltr'><strong>ἀλλά</strong></span> <span class='ocrx_word' id='word_1_650' title='bbox 3540 4238 3601 4292; x_wconf 84' lang='grc' dir='ltr'><strong>τὸ</strong></span> <span class='ocrx_word' id='word_1_651' title='bbox 3635 4239 3841 4310; x_wconf 79' lang='grc' dir='ltr'><strong>ῥυποῦν</strong></span> 
     </span>
    </p>
   </div>
   <div class='ocr_carea' id='block_1_90' title="bbox 2267 4330 3841 4406">
    <p class='ocr_par' dir='ltr' id='par_1_90' title="bbox 2267 4330 3841 4406">
     <span class='ocr_line' id='line_1_90' title="bbox 2267 4330 3841 4406; baseline -0.006 -16"><span class='ocrx_word' id='word_1_652' title='bbox 2267 4337 2359 4390; x_wconf 80' lang='grc' dir='ltr'><strong>καὶ</strong></span> <span class='ocrx_word' id='word_1_653' title='bbox 2400 4336 2729 4406; x_wconf 73' lang='grc' dir='ltr'><strong>ἀκάθαρτον.</strong></span> <span class='ocrx_word' id='word_1_654' title='bbox 2777 4335 3051 4395; x_wconf 73' lang='grc' dir='ltr'><strong>Τοιουτονὶ</strong></span> <span class='ocrx_word' id='word_1_655' title='bbox 3092 4334 3149 4387; x_wconf 79' lang='grc' dir='ltr'><strong>δὲ</strong></span> <span class='ocrx_word' id='word_1_656' title='bbox 3200 4333 3295 4385; x_wconf 76' lang='grc' dir='ltr'><strong>καὶ</strong></span> <span class='ocrx_word' id='word_1_657' title='bbox 3333 4331 3493 4394; x_wconf 83' lang='grc' dir='ltr'><strong>αὐτὸς</strong></span> <span class='ocrx_word' id='word_1_658' title='bbox 3543 4330 3765 4402; x_wconf 77' lang='grc' dir='ltr'><strong>εἴρηκεν</strong></span> <span class='ocrx_word' id='word_1_659' title='bbox 3813 4330 3841 4379; x_wconf 86' lang='grc' dir='ltr'><strong>ό</strong></span> 
     </span>
    </p>
   </div>
   <div class='ocr_carea' id='block_1_91' title="bbox 2268 4419 3841 4498">
    <p class='ocr_par' dir='ltr' id='par_1_91' title="bbox 2268 4419 3841 4498">
     <span class='ocr_line' id='line_1_91' title="bbox 2268 4419 3841 4498; baseline -0.006 -18"><span class='ocrx_word' id='word_1_660' title='bbox 2268 4427 2526 4498; x_wconf 72' lang='grc' dir='ltr'><strong>Χριστὸς,</strong></span> <span class='ocrx_word' id='word_1_661' title='bbox 2556 4444 2575 4477; x_wconf 79' lang='grc' dir='ltr'><strong>ι</strong></span> <span class='ocrx_word' id='word_1_662' title='bbox 2620 4425 2678 4483; x_wconf 86' lang='lat'><strong>&#39;0</strong></span> <span class='ocrx_word' id='word_1_663' title='bbox 2703 4424 3023 4494; x_wconf 81' lang='grc' dir='ltr'><strong>λελουμένος</strong></span> <span class='ocrx_word' id='word_1_664' title='bbox 3054 4423 3115 4481; x_wconf 82' lang='grc' dir='ltr'><strong>οὑ</strong></span> <span class='ocrx_word' id='word_1_665' title='bbox 3150 4421 3335 4493; x_wconf 85' lang='grc' dir='ltr'><strong>χρείαν</strong></span> <span class='ocrx_word' id='word_1_666' title='bbox 3369 4420 3501 4490; x_wconf 76' lang='grc' dir='ltr'><strong>ἔχει.</strong></span> <span class='ocrx_word' id='word_1_667' title='bbox 3529 4421 3578 4472; x_wconf 89' lang='grc' dir='ltr'><strong>εί</strong></span> <span class='ocrx_word' id='word_1_668' title='bbox 3612 4419 3689 4490; x_wconf 77' lang='grc' dir='ltr'><strong>μὴ</strong></span> <span class='ocrx_word' id='word_1_669' title='bbox 3715 4421 3841 4481; x_wconf 78' lang='grc' dir='ltr'><strong>τοὺς</strong></span> 
     </span>
    </p>
   </div>
   <div class='ocr_carea' id='block_1_92' title="bbox 593 4509 2166 4609">
    <p class='ocr_par' dir='ltr' id='par_1_92' title="bbox 593 4513 2161 4583">
     <span class='ocr_line' id='line_1_92' title="bbox 593 4513 2161 4583; baseline 0.005 -17"><span class='ocrx_word' id='word_1_670' title='bbox 593 4513 705 4567; x_wconf 88' lang='lat' dir='ltr'><strong>bile</strong></span> <span class='ocrx_word' id='word_1_671' title='bbox 734 4529 854 4568; x_wconf 88' lang='lat' dir='ltr'><strong>esse</strong></span> <span class='ocrx_word' id='word_1_672' title='bbox 886 4515 1149 4583; x_wconf 86' lang='lat' dir='ltr'><strong>sanguine</strong></span> <span class='ocrx_word' id='word_1_673' title='bbox 1184 4522 1470 4575; x_wconf 86' lang='lat' dir='ltr'><strong>taurorum</strong></span> <span class='ocrx_word' id='word_1_674' title='bbox 1531 4523 1589 4571; x_wconf 90' lang='lat' dir='ltr'><strong>et</strong></span> <span class='ocrx_word' id='word_1_675' title='bbox 1642 4515 1925 4580; x_wconf 78' lang='lat' dir='ltr'><strong>hircorum</strong></span> <span class='ocrx_word' id='word_1_676' title='bbox 1959 4519 2161 4574; x_wconf 81' lang='lat' dir='ltr'><strong>auferri</strong></span> 
     </span>
    </p>
   </div>
   <div class='ocr_carea' id='block_1_93' title="bbox 2271 4509 3841 4609">
    <p class='ocr_par' dir='ltr' id='par_1_93' title="bbox 2272 4509 3841 4609">
     <span class='ocr_line' id='line_1_93' title="bbox 2272 4509 3841 4609; baseline -0.005 -41"><span class='ocrx_word' id='word_1_677' title='bbox 2272 4517 2437 4578; x_wconf 89' lang='grc' dir='ltr'><strong>πόδας</strong></span> <span class='ocrx_word' id='word_1_678' title='bbox 2469 4514 2746 4584; x_wconf 73' lang='grc' dir='ltr'><strong>νίψασθαι.</strong></span> <span class='ocrx_word' id='word_1_679' title='bbox 2780 4514 3039 4583; x_wconf 74' lang='grc' dir='ltr'><strong>ἐστι,γάρ</strong></span> <span class='ocrx_word' id='word_1_680' title='bbox 3070 4511 3331 4583; x_wconf 75' lang='grc' dir='ltr'><strong>καθαρός.</strong></span> <span class='ocrx_word' id='word_1_681' title='bbox 3365 4530 3384 4563; x_wconf 78' lang='grc' dir='ltr'><strong>ι</strong></span> <span class='ocrx_word' id='word_1_682' title='bbox 3426 4510 3632 4609; x_wconf 58' lang='grc' dir='ltr'><strong>Γράφει</strong></span> <span class='ocrx_word' id='word_1_683' title='bbox 3748 4510 3841 4563; x_wconf 75' lang='grc' dir='ltr'><strong>καὶ</strong></span> 
     </span>
    </p>
   </div>
   <div class='ocr_carea' id='block_1_94' title="bbox 593 4605 2161 4677">
    <p class='ocr_par' dir='ltr' id='par_1_94' title="bbox 593 4605 2161 4677">
     <span class='ocr_line' id='line_1_94' title="bbox 593 4605 2161 4677; baseline 0.005 -19"><span class='ocrx_word' id='word_1_684' title='bbox 593 4613 817 4674; x_wconf 88' lang='lat' dir='ltr'><strong>peccata</strong></span> <span class='ocrx_word' id='word_1_685' title='bbox 847 4605 915 4663; x_wconf 87' lang='lat'><strong>&quot;.</strong></span> <span class='ocrx_word' id='word_1_686' title='bbox 944 4605 1267 4674; x_wconf 77' lang='lat' dir='ltr'><strong>Imperfecta</strong></span> <span class='ocrx_word' id='word_1_687' title='bbox 1299 4613 1385 4660; x_wconf 90' lang='lat' dir='ltr'><strong>est</strong></span> <span class='ocrx_word' id='word_1_688' title='bbox 1412 4606 1579 4677; x_wconf 90' lang='lat' dir='ltr'><strong>igitur</strong></span> <span class='ocrx_word' id='word_1_689' title='bbox 1605 4607 1691 4662; x_wconf 87' lang='lat' dir='ltr'><strong>lex</strong></span> <span class='ocrx_word' id='word_1_690' title='bbox 1743 4609 1811 4668; x_wconf 84' lang='lat' dir='ltr'><strong>ad</strong></span> <span class='ocrx_word' id='word_1_691' title='bbox 1854 4611 2161 4673; x_wconf 74' lang='lat' dir='ltr'><strong>sanctifica-</strong></span> 
     </span>
    </p>
   </div>
   <div class='ocr_carea' id='block_1_95' title="bbox 594 4696 2164 4771">
    <p class='ocr_par' dir='ltr' id='par_1_95' title="bbox 594 4696 2164 4771">
     <span class='ocr_line' id='line_1_95' title="bbox 594 4696 2164 4771; baseline 0.004 -20"><span class='ocrx_word' id='word_1_692' title='bbox 594 4698 825 4761; x_wconf 82' lang='lat' dir='ltr'><strong>tionem,</strong></span> <span class='ocrx_word' id='word_1_693' title='bbox 873 4696 979 4753; x_wconf 84' lang='lat' dir='ltr'><strong>nisi</strong></span> <span class='ocrx_word' id='word_1_694' title='bbox 1026 4697 1094 4754; x_wconf 87' lang='lat' dir='ltr'><strong>iis</strong></span> <span class='ocrx_word' id='word_1_695' title='bbox 1139 4698 1232 4767; x_wconf 88' lang='lat' dir='ltr'><strong>qui</strong></span> <span class='ocrx_word' id='word_1_696' title='bbox 1284 4699 1380 4753; x_wconf 91' lang='lat' dir='ltr'><strong>Dei</strong></span> <span class='ocrx_word' id='word_1_697' title='bbox 1428 4700 1871 4771; x_wconf 86' lang='lat' dir='ltr'><strong>conjunctionem</strong></span> <span class='ocrx_word' id='word_1_698' title='bbox 1907 4703 2164 4759; x_wconf 83' lang='lat' dir='ltr'><strong>ardenter</strong></span> 
     </span>
    </p>
   </div>
   <div class='ocr_carea' id='block_1_96' title="bbox 594 4790 2160 4861">
    <p class='ocr_par' dir='ltr' id='par_1_96' title="bbox 594 4790 2160 4861">
     <span class='ocr_line' id='line_1_96' title="bbox 594 4790 2160 4861; baseline 0.003 -16"><span class='ocrx_word' id='word_1_699' title='bbox 594 4798 879 4860; x_wconf 87' lang='lat' dir='ltr'><strong>expetunt,</strong></span> <span class='ocrx_word' id='word_1_700' title='bbox 934 4790 1241 4860; x_wconf 77' lang='lat' dir='ltr'><strong>baptismus,</strong></span> <span class='ocrx_word' id='word_1_701' title='bbox 1276 4806 1494 4861; x_wconf 90' lang='lat' dir='ltr'><strong>quoque</strong></span> <span class='ocrx_word' id='word_1_702' title='bbox 1548 4792 1804 4849; x_wconf 88' lang='lat' dir='ltr'><strong>salutaris</strong></span> <span class='ocrx_word' id='word_1_703' title='bbox 1849 4795 2160 4850; x_wconf 82' lang='lat' dir='ltr'><strong>accesserit.</strong></span> 
     </span>
    </p>
   </div>
   <div class='ocr_carea' id='block_1_97' title="bbox 594 4881 2166 4955">
    <p class='ocr_par' dir='ltr' id='par_1_97' title="bbox 594 4881 2166 4955">
     <span class='ocr_line' id='line_1_97' title="bbox 594 4881 2166 4955; baseline 0.002 -17"><span class='ocrx_word' id='word_1_704' title='bbox 594 4881 781 4952; x_wconf 87' lang='lat' dir='ltr'><strong>Itaque</strong></span> <span class='ocrx_word' id='word_1_705' title='bbox 821 4881 1057 4937; x_wconf 84' lang='lat' dir='ltr'><strong>Joannes</strong></span> <span class='ocrx_word' id='word_1_706' title='bbox 1111 4897 1328 4951; x_wconf 89' lang='lat' dir='ltr'><strong>quoque</strong></span> <span class='ocrx_word' id='word_1_707' title='bbox 1376 4882 1465 4937; x_wconf 90' lang='lat' dir='ltr'><strong>ille</strong></span> <span class='ocrx_word' id='word_1_708' title='bbox 1520 4883 1605 4941; x_wconf 87' lang='lat' dir='ltr'><strong>vir</strong></span> <span class='ocrx_word' id='word_1_709' title='bbox 1650 4884 1889 4949; x_wconf 88' lang='lat' dir='ltr'><strong>divinus,</strong></span> <span class='ocrx_word' id='word_1_710' title='bbox 1917 4887 2166 4955; x_wconf 88' lang='lat' dir='ltr'><strong>quamvis</strong></span> 
     </span>
    </p>
   </div>
   <div class='ocr_carea' id='block_1_98' title="bbox 594 4973 2166 5044">
    <p class='ocr_par' dir='ltr' id='par_1_98' title="bbox 594 4973 2166 5044">
     <span class='ocr_line' id='line_1_98' title="bbox 594 4973 2166 5044; baseline 0.001 -16"><span class='ocrx_word' id='word_1_711' title='bbox 594 4973 824 5029; x_wconf 73' lang='lat' dir='ltr'><strong>summis</strong></span> <span class='ocrx_word' id='word_1_712' title='bbox 847 4973 1184 5029; x_wconf 87' lang='lat' dir='ltr'><strong>ornamentis</strong></span> <span class='ocrx_word' id='word_1_713' title='bbox 1211 4983 1361 5028; x_wconf 89' lang='lat' dir='ltr'><strong>esset</strong></span> <span class='ocrx_word' id='word_1_714' title='bbox 1385 4974 1695 5044; x_wconf 88' lang='lat' dir='ltr'><strong>insignitus,</strong></span> <span class='ocrx_word' id='word_1_715' title='bbox 1733 4984 1791 5030; x_wconf 88' lang='lat' dir='ltr'><strong>et</strong></span> <span class='ocrx_word' id='word_1_716' title='bbox 1813 4975 1881 5029; x_wconf 92' lang='lat' dir='ltr'><strong>ad</strong></span> <span class='ocrx_word' id='word_1_717' title='bbox 1906 4992 2025 5032; x_wconf 86' lang='lat' dir='ltr'><strong>eam</strong></span> <span class='ocrx_word' id='word_1_718' title='bbox 2052 4977 2166 5030; x_wconf 89' lang='lat' dir='ltr'><strong>vir-.</strong></span> 
     </span>
    </p>
   </div>
   <div class='ocr_carea' id='block_1_99' title="bbox 596 5064 2161 5137">
    <p class='ocr_par' dir='ltr' id='par_1_99' title="bbox 596 5064 2161 5137">
     <span class='ocr_line' id='line_1_99' title="bbox 596 5064 2161 5137; baseline 0 -17"><span class='ocrx_word' id='word_1_719' title='bbox 596 5073 768 5120; x_wconf 88' lang='lat' dir='ltr'><strong>tutem</strong></span> <span class='ocrx_word' id='word_1_720' title='bbox 812 5073 1269 5137; x_wconf 82' lang='lat' dir='ltr'><strong>progressus,.ut</strong></span> <span class='ocrx_word' id='word_1_721' title='bbox 1304 5066 1416 5135; x_wconf 88' lang='lat' dir='ltr'><strong>jam</strong></span> <span class='ocrx_word' id='word_1_722' title='bbox 1468 5064 1537 5119; x_wconf 90' lang='lat' dir='ltr'><strong>ad</strong></span> <span class='ocrx_word' id='word_1_723' title='bbox 1571 5080 1847 5127; x_wconf 83' lang='lat' dir='ltr'><strong>summum</strong></span> <span class='ocrx_word' id='word_1_724' title='bbox 1898 5066 2161 5137; x_wconf 81' lang='lat' dir='ltr'><strong>verticem</strong></span> 
     </span>
    </p>
   </div>
   <div class='ocr_carea' id='block_1_100' title="bbox 594 5155 2157 5228">
    <p class='ocr_par' dir='ltr' id='par_1_100' title="bbox 594 5155 2157 5228">
     <span class='ocr_line' id='line_1_100' title="bbox 594 5155 2157 5228; baseline 0.001 -18"><span class='ocrx_word' id='word_1_725' title='bbox 594 5157 953 5228; x_wconf 81' lang='lat' dir='ltr'><strong>pervenisset,</strong></span> <span class='ocrx_word' id='word_1_726' title='bbox 984 5172 1043 5212; x_wconf 86' lang='lat' dir='ltr'><strong>se</strong></span> <span class='ocrx_word' id='word_1_727' title='bbox 1072 5166 1253 5211; x_wconf 89' lang='lat' dir='ltr'><strong>tamen</strong></span> <span class='ocrx_word' id='word_1_728' title='bbox 1282 5155 1553 5225; x_wconf 86' lang='lat' dir='ltr'><strong>baptizari</strong></span> <span class='ocrx_word' id='word_1_729' title='bbox 1582 5156 1864 5225; x_wconf 87' lang='lat' dir='ltr'><strong>poscebat,</strong></span> <span class='ocrx_word' id='word_1_730' title='bbox 1887 5172 2014 5211; x_wconf 87' lang='lat' dir='ltr'><strong>cum</strong></span> <span class='ocrx_word' id='word_1_731' title='bbox 2038 5156 2157 5212; x_wconf 87' lang='lat' dir='ltr'><strong>Sal-</strong></span> 
     </span>
    </p>
   </div>
   <div class='ocr_carea' id='block_1_101' title="bbox 597 5246 2147 5318">
    <p class='ocr_par' dir='ltr' id='par_1_101' title="bbox 597 5246 2147 5318">
     <span class='ocr_line' id='line_1_101' title="bbox 597 5246 2147 5318; baseline -0.001 -20"><span class='ocrx_word' id='word_1_732' title='bbox 597 5246 770 5301; x_wconf 70' lang='grc' dir='ltr'><strong>ναιοιὶ</strong></span> <span class='ocrx_word' id='word_1_733' title='bbox 794 5246 1036 5302; x_wconf 87' lang='lat' dir='ltr'><strong>diceret:</strong></span> <span class='ocrx_word' id='word_1_734' title='bbox 1069 5267 1088 5298; x_wconf 77' lang='grc' dir='ltr'><strong>ι</strong></span> <span class='ocrx_word' id='word_1_735' title='bbox 1110 5248 1223 5318; x_wconf 83' lang='lat' dir='ltr'><strong>Ego</strong></span> <span class='ocrx_word' id='word_1_736' title='bbox 1237 5262 1381 5317; x_wconf 84' lang='lat' dir='ltr'><strong>opus</strong></span> <span class='ocrx_word' id='word_1_737' title='bbox 1402 5246 1580 5305; x_wconf 85' lang='lat' dir='ltr'><strong>habeo</strong></span> <span class='ocrx_word' id='word_1_738' title='bbox 1621 5262 1653 5307; x_wconf 86' lang='lat' dir='ltr'><strong>a</strong></span> <span class='ocrx_word' id='word_1_739' title='bbox 1680 5254 1732 5302; x_wconf 86' lang='lat' dir='ltr'><strong>te</strong></span> <span class='ocrx_word' id='word_1_740' title='bbox 1758 5246 2021 5317; x_wconf 82' lang='lat' dir='ltr'><strong>baptizari</strong></span> <span class='ocrx_word' id='word_1_741' title='bbox 2052 5248 2147 5300; x_wconf 73' lang='grc' dir='ltr'><strong>ν’.»</strong></span> 
     </span>
    </p>
   </div>
   <div class='ocr_carea' id='block_1_102' title="bbox 668 5422 1109 5483">
    <p class='ocr_par' dir='ltr' id='par_1_102' title="bbox 668 5422 1109 5483">
     <span class='ocr_line' id='line_1_102' title="bbox 668 5422 1109 5483; baseline 0.002 -4"><span class='ocrx_word' id='word_1_742' title='bbox 668 5422 865 5479; x_wconf 60' lang='grc' dir='ltr'><strong>ΡΑΙΛ..</strong></span> <span class='ocrx_word' id='word_1_743' title='bbox 900 5422 979 5483; x_wconf 84' lang='lat' dir='ltr'><strong>Ita</strong></span> <span class='ocrx_word' id='word_1_744' title='bbox 1008 5433 1109 5480; x_wconf 87' lang='lat' dir='ltr'><strong>est.</strong></span> 
     </span>
    </p>
   </div>
   <div class='ocr_carea' id='block_1_103' title="bbox 661 5514 2164 5599">
    <p class='ocr_par' dir='ltr' id='par_1_103' title="bbox 661 5514 2164 5599">
     <span class='ocr_line' id='line_1_103' title="bbox 661 5514 2164 5599; baseline -0.003 -28"><span class='ocrx_word' id='word_1_745' title='bbox 661 5514 820 5571; x_wconf 77' lang='lat' dir='ltr'><strong>CYIl.</strong></span> <span class='ocrx_word' id='word_1_746' title='bbox 874 5515 1061 5572; x_wconf 83' lang='lat' dir='ltr'><strong>Manus</strong></span> <span class='ocrx_word' id='word_1_747' title='bbox 1118 5524 1301 5573; x_wconf 80' lang='lat' dir='ltr'><strong>autem</strong></span> <span class='ocrx_word' id='word_1_748' title='bbox 1360 5526 1417 5571; x_wconf 87' lang='lat' dir='ltr'><strong>et</strong></span> <span class='ocrx_word' id='word_1_749' title='bbox 1463 5517 1633 5586; x_wconf 88' lang='lat' dir='ltr'><strong>pedes</strong></span> <span class='ocrx_word' id='word_1_750' title='bbox 1669 5516 1877 5599; x_wconf 68' lang='lat' dir='ltr'><strong>abluti,</strong></span> <span class='ocrx_word' id='word_1_751' title='bbox 1915 5529 2164 5585; x_wconf 88' lang='lat' dir='ltr'><strong>operum,</strong></span> 
     </span>
    </p>
   </div>
   <div class='ocr_carea' id='block_1_104' title="bbox 596 5606 2159 5679">
    <p class='ocr_par' dir='ltr' id='par_1_104' title="bbox 596 5606 2159 5679">
     <span class='ocr_line' id='line_1_104' title="bbox 596 5606 2159 5679; baseline -0.003 -16"><span class='ocrx_word' id='word_1_752' title='bbox 596 5617 655 5667; x_wconf 84' lang='lat' dir='ltr'><strong>et</strong></span> <span class='ocrx_word' id='word_1_753' title='bbox 682 5608 749 5663; x_wconf 87' lang='lat' dir='ltr'><strong>ad</strong></span> <span class='ocrx_word' id='word_1_754' title='bbox 782 5622 1217 5678; x_wconf 88' lang='lat' dir='ltr'><strong>unamquamque</strong></span> <span class='ocrx_word' id='word_1_755' title='bbox 1259 5624 1373 5667; x_wconf 86' lang='lat' dir='ltr'><strong>rem</strong></span> <span class='ocrx_word' id='word_1_756' title='bbox 1406 5608 1701 5679; x_wconf 82' lang='lat' dir='ltr'><strong>gerendam</strong></span> <span class='ocrx_word' id='word_1_757' title='bbox 1750 5606 1999 5662; x_wconf 89' lang='lat' dir='ltr'><strong>incessus</strong></span> <span class='ocrx_word' id='word_1_758' title='bbox 2023 5621 2159 5675; x_wconf 92' lang='lat' dir='ltr'><strong>quo-</strong></span> 
     </span>
    </p>
   </div>
   <div class='ocr_carea' id='block_1_105' title="bbox 672 5791 1832 5859">
    <p class='ocr_par' dir='ltr' id='par_1_105' title="bbox 672 5791 1832 5859">
     <span class='ocr_line' id='line_1_105' title="bbox 672 5791 1832 5859; baseline 0.018 -33"><span class='ocrx_word' id='word_1_759' title='bbox 672 5791 908 5855; x_wconf 62' lang='lat' dir='ltr'><strong>&quot;Exod,</strong></span> <span class='ocrx_word' id='word_1_760' title='bbox 945 5811 1067 5859; x_wconf 69' lang='grc' dir='ltr'><strong>χιι,</strong></span> <span class='ocrx_word' id='word_1_761' title='bbox 1150 5793 1305 5849; x_wconf 69' lang='grc'><strong>18-21</strong></span> <span class='ocrx_word' id='word_1_762' title='bbox 1393 5793 1437 5824; x_wconf 84' lang='grc'>⁷⁸</span> <span class='ocrx_word' id='word_1_763' title='bbox 1463 5792 1599 5847; x_wconf 83' lang='lat' dir='ltr'><strong>Rom</strong></span> <span class='ocrx_word' id='word_1_764' title='bbox 1645 5792 1832 5858; x_wconf 72' lang='lat'><strong>&quot;1,20.</strong></span> 
     </span>
    </p>
   </div>
   <div class='ocr_carea' id='block_1_106' title="bbox 2272 4593 3840 4676">
    <p class='ocr_par' dir='ltr' id='par_1_106' title="bbox 2272 4593 3840 4676">
     <span class='ocr_line' id='line_1_106' title="bbox 2272 4593 3840 4676; baseline -0.007 -15"><span class='ocrx_word' id='word_1_765' title='bbox 2272 4606 2580 4676; x_wconf 76' lang='grc' dir='ltr'><strong>σοφώτατος</strong></span> <span class='ocrx_word' id='word_1_766' title='bbox 2617 4604 2848 4668; x_wconf 81' lang='grc' dir='ltr'><strong>Παῦλος,</strong></span> <span class='ocrx_word' id='word_1_767' title='bbox 2880 4603 2955 4667; x_wconf 84' lang='grc' dir='ltr'><strong>ὡς</strong></span> <span class='ocrx_word' id='word_1_768' title='bbox 2988 4602 3136 4657; x_wconf 75' lang='grc' dir='ltr'><strong>ἐστιν</strong></span> <span class='ocrx_word' id='word_1_769' title='bbox 3172 4600 3429 4655; x_wconf 82' lang='grc' dir='ltr'><strong>ἀδύνατον</strong></span> <span class='ocrx_word' id='word_1_770' title='bbox 3462 4593 3599 4669; x_wconf 76' lang='grc' dir='ltr'><strong>αἷμα</strong></span> <span class='ocrx_word' id='word_1_771' title='bbox 3622 4599 3840 4669; x_wconf 81' lang='grc' dir='ltr'><strong>ταύρων</strong></span> 
     </span>
    </p>
   </div>
   <div class='ocr_carea' id='block_1_107' title="bbox 2270 4684 3836 4767">
    <p class='ocr_par' dir='ltr' id='par_1_107' title="bbox 2270 4684 3836 4767">
     <span class='ocr_line' id='line_1_107' title="bbox 2270 4684 3836 4767; baseline -0.006 -16"><span class='ocrx_word' id='word_1_772' title='bbox 2270 4698 2364 4761; x_wconf 75' lang='grc' dir='ltr'><strong>καὶ</strong></span> <span class='ocrx_word' id='word_1_773' title='bbox 2391 4697 2610 4767; x_wconf 83' lang='grc' dir='ltr'><strong>τράγων</strong></span> <span class='ocrx_word' id='word_1_774' title='bbox 2636 4696 2895 4766; x_wconf 81' lang='grc' dir='ltr'><strong>ἀφαιρεῖν.</strong></span> <span class='ocrx_word' id='word_1_775' title='bbox 2915 4692 3212 4765; x_wconf 83' lang='grc' dir='ltr'><strong>ἁμαρτίας.</strong></span> <span class='ocrx_word' id='word_1_776' title='bbox 3255 4690 3477 4759; x_wconf 82' lang='grc' dir='ltr'><strong>’Δτελὴς</strong></span> <span class='ocrx_word' id='word_1_777' title='bbox 3503 4684 3595 4743; x_wconf 76' lang='grc' dir='ltr'><strong>οὖν</strong></span> <span class='ocrx_word' id='word_1_778' title='bbox 3619 4692 3649 4742; x_wconf 89' lang='grc' dir='ltr'><strong>ό</strong></span> <span class='ocrx_word' id='word_1_779' title='bbox 3674 4691 3836 4759; x_wconf 81' lang='grc' dir='ltr'><strong>νόμος</strong></span> 
     </span>
    </p>
   </div>
   <div class='ocr_carea' id='block_1_108' title="bbox 2269 4780 3839 4857">
    <p class='ocr_par' dir='ltr' id='par_1_108' title="bbox 2269 4780 3839 4857">
     <span class='ocr_line' id='line_1_108' title="bbox 2269 4780 3839 4857; baseline -0.006 -15"><span class='ocrx_word' id='word_1_780' title='bbox 2269 4791 2349 4852; x_wconf 83' lang='grc' dir='ltr'><strong>είς</strong></span> <span class='ocrx_word' id='word_1_781' title='bbox 2376 4786 2667 4857; x_wconf 80' lang='grc' dir='ltr'><strong>ἀγιασμδν,</strong></span> <span class='ocrx_word' id='word_1_782' title='bbox 2700 4786 2753 4839; x_wconf 84' lang='grc' dir='ltr'><strong>εί</strong></span> <span class='ocrx_word' id='word_1_783' title='bbox 2782 4786 2856 4856; x_wconf 83' lang='grc' dir='ltr'><strong>μὴ</strong></span> <span class='ocrx_word' id='word_1_784' title='bbox 2892 4783 3243 4854; x_wconf 75' lang='grc' dir='ltr'><strong>προσγένοιτο</strong></span> <span class='ocrx_word' id='word_1_785' title='bbox 3274 4784 3385 4845; x_wconf 86' lang='grc' dir='ltr'><strong>τοῖς</strong></span> <span class='ocrx_word' id='word_1_786' title='bbox 3406 4780 3715 4851; x_wconf 75' lang='grc' dir='ltr'><strong>δεδιψηκόσι</strong></span> <span class='ocrx_word' id='word_1_787' title='bbox 3740 4781 3839 4850; x_wconf 78' lang='grc' dir='ltr'><strong>τὴν</strong></span> 
     </span>
    </p>
   </div>
   <div class='ocr_carea' id='block_1_109' title="bbox 2270 4871 3839 4947">
    <p class='ocr_par' dir='ltr' id='par_1_109' title="bbox 2270 4871 3839 4947">
     <span class='ocr_line' id='line_1_109' title="bbox 2270 4871 3839 4947; baseline -0.004 -17"><span class='ocrx_word' id='word_1_788' title='bbox 2270 4878 2407 4947; x_wconf 80' lang='grc' dir='ltr'><strong>πρὸς</strong></span> <span class='ocrx_word' id='word_1_789' title='bbox 2439 4877 2571 4931; x_wconf 85' lang='grc' dir='ltr'><strong>Θεὸν</strong></span> <span class='ocrx_word' id='word_1_790' title='bbox 2612 4876 2920 4946; x_wconf 72' lang='grc' dir='ltr'><strong>οἰκειότητα</strong></span> <span class='ocrx_word' id='word_1_791' title='bbox 2967 4874 3029 4927; x_wconf 84' lang='grc' dir='ltr'><strong>τὸ</strong></span> <span class='ocrx_word' id='word_1_792' title='bbox 3063 4874 3328 4944; x_wconf 83' lang='grc' dir='ltr'><strong>σωτήριον</strong></span> <span class='ocrx_word' id='word_1_793' title='bbox 3379 4871 3683 4942; x_wconf 76' lang='grc' dir='ltr'><strong>βάπτισμα.</strong></span> <span class='ocrx_word' id='word_1_794' title='bbox 3718 4874 3839 4925; x_wconf 86' lang='grc' dir='ltr'><strong>Τοι-</strong></span> 
     </span>
    </p>
   </div>
   <div class='ocr_carea' id='block_1_110' title="bbox 2270 4963 3837 5038">
    <p class='ocr_par' dir='ltr' id='par_1_110' title="bbox 2270 4963 3837 5038">
     <span class='ocr_line' id='line_1_110' title="bbox 2270 4963 3837 5038; baseline -0.004 -17"><span class='ocrx_word' id='word_1_795' title='bbox 2270 4967 2459 5038; x_wconf 78' lang='grc' dir='ltr'><strong>γάρτοι</strong></span> <span class='ocrx_word' id='word_1_796' title='bbox 2494 4967 2585 5021; x_wconf 81' lang='grc' dir='ltr'><strong>καὶ</strong></span> <span class='ocrx_word' id='word_1_797' title='bbox 2630 4969 2659 5020; x_wconf 90' lang='grc' dir='ltr'><strong>ό</strong></span> <span class='ocrx_word' id='word_1_798' title='bbox 2705 4965 2986 5028; x_wconf 81' lang='grc' dir='ltr'><strong>θεσπέσιος</strong></span> <span class='ocrx_word' id='word_1_799' title='bbox 3047 4965 3320 5034; x_wconf 83' lang='grc' dir='ltr'><strong>Ἰωάννης,</strong></span> <span class='ocrx_word' id='word_1_800' title='bbox 3358 4963 3533 5016; x_wconf 89' lang='grc' dir='ltr'><strong>καίτοι</strong></span> <span class='ocrx_word' id='word_1_801' title='bbox 3554 4965 3668 5026; x_wconf 84' lang='grc' dir='ltr'><strong>τοῖς</strong></span> <span class='ocrx_word' id='word_1_802' title='bbox 3699 4963 3837 5031; x_wconf 74' lang='grc' dir='ltr'><strong>ἄγαν</strong></span> 
     </span>
    </p>
   </div>
   <div class='ocr_carea' id='block_1_111' title="bbox 2268 5054 3836 5131">
    <p class='ocr_par' dir='ltr' id='par_1_111' title="bbox 2268 5054 3836 5131">
     <span class='ocr_line' id='line_1_111' title="bbox 2268 5054 3836 5131; baseline -0.005 -18"><span class='ocrx_word' id='word_1_803' title='bbox 2268 5060 2582 5131; x_wconf 82' lang='grc' dir='ltr'><strong>αὐχήμασιν</strong></span> <span class='ocrx_word' id='word_1_804' title='bbox 2619 5054 2680 5111; x_wconf 82' lang='grc' dir='ltr'><strong>εὖ</strong></span> <span class='ocrx_word' id='word_1_805' title='bbox 2715 5058 2860 5129; x_wconf 83' lang='grc' dir='ltr'><strong>μάλα</strong></span> <span class='ocrx_word' id='word_1_806' title='bbox 2890 5056 3349 5126; x_wconf 81' lang='grc' dir='ltr'><strong>κατεστεμμένος,</strong></span> <span class='ocrx_word' id='word_1_807' title='bbox 3391 5055 3486 5110; x_wconf 71' lang='grc' dir='ltr'><strong>καὶ</strong></span> <span class='ocrx_word' id='word_1_808' title='bbox 3509 5054 3711 5127; x_wconf 77' lang='grc' dir='ltr'><strong>ἀρετῆς</strong></span> <span class='ocrx_word' id='word_1_809' title='bbox 3757 5054 3836 5115; x_wconf 87' lang='grc' dir='ltr'><strong>είς</strong></span> 
     </span>
    </p>
   </div>
   <div class='ocr_carea' id='block_1_112' title="bbox 2266 5142 3835 5218">
    <p class='ocr_par' dir='ltr' id='par_1_112' title="bbox 2266 5142 3835 5218">
     <span class='ocr_line' id='line_1_112' title="bbox 2266 5142 3835 5218; baseline -0.004 -16"><span class='ocrx_word' id='word_1_810' title='bbox 2266 5149 2424 5203; x_wconf 79' lang='grc' dir='ltr'><strong>τοῦτο</strong></span> <span class='ocrx_word' id='word_1_811' title='bbox 2456 5148 2700 5218; x_wconf 85' lang='grc' dir='ltr'><strong>διέρπειν</strong></span> <span class='ocrx_word' id='word_1_812' title='bbox 2733 5146 2910 5211; x_wconf 84' lang='grc' dir='ltr'><strong>είδὼς,</strong></span> <span class='ocrx_word' id='word_1_813' title='bbox 2937 5146 3014 5209; x_wconf 83' lang='grc' dir='ltr'><strong>ὡς</strong></span> <span class='ocrx_word' id='word_1_814' title='bbox 3046 5147 3126 5209; x_wconf 85' lang='grc' dir='ltr'><strong>είς</strong></span> <span class='ocrx_word' id='word_1_815' title='bbox 3158 5143 3308 5213; x_wconf 80' lang='grc' dir='ltr'><strong>λῆξιν</strong></span> <span class='ocrx_word' id='word_1_816' title='bbox 3340 5145 3441 5215; x_wconf 65' lang='grc' dir='ltr'><strong>ἠδη</strong></span> <span class='ocrx_word' id='word_1_817' title='bbox 3469 5142 3835 5213; x_wconf 78' lang='grc' dir='ltr'><strong>γενέσθαιτὴν</strong></span> 
     </span>
    </p>
   </div>
   <div class='ocr_carea' id='block_1_113' title="bbox 2265 5234 3828 5308">
    <p class='ocr_par' dir='ltr' id='par_1_113' title="bbox 2265 5234 3828 5308">
     <span class='ocr_line' id='line_1_113' title="bbox 2265 5234 3828 5308; baseline -0.005 -13"><span class='ocrx_word' id='word_1_818' title='bbox 2265 5241 2544 5302; x_wconf 80' lang='grc' dir='ltr'><strong>ἀνωτάτω,</strong></span> <span class='ocrx_word' id='word_1_819' title='bbox 2572 5237 2924 5308; x_wconf 76' lang='grc' dir='ltr'><strong>βαπτίζεσθαι</strong></span> <span class='ocrx_word' id='word_1_820' title='bbox 2963 5236 3259 5307; x_wconf 82' lang='grc' dir='ltr'><strong>παρεκάλει</strong></span> <span class='ocrx_word' id='word_1_821' title='bbox 3287 5235 3364 5305; x_wconf 82' lang='grc' dir='ltr'><strong>τῷ</strong></span> <span class='ocrx_word' id='word_1_822' title='bbox 3394 5235 3611 5306; x_wconf 80' lang='grc' dir='ltr'><strong>Σωτῆρι</strong></span> <span class='ocrx_word' id='word_1_823' title='bbox 3640 5234 3828 5303; x_wconf 80' lang='grc' dir='ltr'><strong>λέγων’</strong></span> 
     </span>
    </p>
   </div>
   <div class='ocr_carea' id='block_1_114' title="bbox 2270 5324 3527 5401">
    <p class='ocr_par' dir='ltr' id='par_1_114' title="bbox 2270 5324 3527 5401">
     <span class='ocr_line' id='line_1_114' title="bbox 2270 5324 3527 5401; baseline -0.005 -17"><span class='ocrx_word' id='word_1_824' title='bbox 2270 5349 2290 5384; x_wconf 79' lang='grc' dir='ltr'><strong>ι</strong></span> <span class='ocrx_word' id='word_1_825' title='bbox 2329 5329 2471 5399; x_wconf 83' lang='grc' dir='ltr'><strong>Ἐγὼ</strong></span> <span class='ocrx_word' id='word_1_826' title='bbox 2493 5329 2683 5401; x_wconf 83' lang='grc' dir='ltr'><strong>χρείαν</strong></span> <span class='ocrx_word' id='word_1_827' title='bbox 2713 5328 2822 5399; x_wconf 78' lang='grc' dir='ltr'><strong>ἔχω</strong></span> <span class='ocrx_word' id='word_1_828' title='bbox 2839 5328 2946 5381; x_wconf 81' lang='grc' dir='ltr'><strong>ὑπὸ</strong></span> <span class='ocrx_word' id='word_1_829' title='bbox 2974 5327 3069 5381; x_wconf 78' lang='grc' dir='ltr'><strong>σοῦ</strong></span> <span class='ocrx_word' id='word_1_830' title='bbox 3103 5324 3483 5397; x_wconf 80' lang='grc' dir='ltr'><strong>βαπτισθῆναι.</strong></span> <span class='ocrx_word' id='word_1_831' title='bbox 3507 5343 3527 5378; x_wconf 79' lang='grc' dir='ltr'><strong>ι</strong></span> 
     </span>
    </p>
   </div>
   <div class='ocr_carea' id='block_1_115' title="bbox 2336 5420 2837 5488">
    <p class='ocr_par' dir='ltr' id='par_1_115' title="bbox 2336 5420 2837 5488">
     <span class='ocr_line' id='line_1_115' title="bbox 2336 5420 2837 5488; baseline -0.004 -13"><span class='ocrx_word' id='word_1_832' title='bbox 2336 5422 2544 5475; x_wconf 76' lang='grc' dir='ltr'><strong>ΠΑΑΑ.</strong></span> <span class='ocrx_word' id='word_1_833' title='bbox 2594 5420 2837 5488; x_wconf 77' lang='grc' dir='ltr'><strong>Ἀληθές.</strong></span> 
     </span>
    </p>
   </div>
   <div class='ocr_carea' id='block_1_116' title="bbox 2266 5506 3829 5578">
    <p class='ocr_par' dir='ltr' id='par_1_116' title="bbox 2266 5506 3829 5578">
     <span class='ocr_line' id='line_1_116' title="bbox 2266 5506 3829 5578; baseline -0.004 -12"><span class='ocrx_word' id='word_1_834' title='bbox 2266 5518 2271 5535; x_wconf 71' lang='grc'>³</span> <span class='ocrx_word' id='word_1_835' title='bbox 2336 5512 2503 5565; x_wconf 78' lang='grc' dir='ltr'><strong>ΚΥΡ.</strong></span> <span class='ocrx_word' id='word_1_836' title='bbox 2541 5511 2735 5577; x_wconf 83' lang='grc' dir='ltr'><strong>Χεῖρες</strong></span> <span class='ocrx_word' id='word_1_837' title='bbox 2777 5509 2834 5563; x_wconf 76' lang='grc' dir='ltr'><strong>δὲ</strong></span> <span class='ocrx_word' id='word_1_838' title='bbox 2866 5509 2958 5563; x_wconf 75' lang='grc' dir='ltr'><strong>καὶ</strong></span> <span class='ocrx_word' id='word_1_839' title='bbox 3001 5508 3159 5571; x_wconf 81' lang='grc' dir='ltr'><strong>πόδες</strong></span> <span class='ocrx_word' id='word_1_840' title='bbox 3191 5507 3630 5577; x_wconf 77' lang='grc' dir='ltr'><strong>ἀπονιπτόμενοι,</strong></span> <span class='ocrx_word' id='word_1_841' title='bbox 3671 5506 3829 5578; x_wconf 72' lang='grc' dir='ltr'><strong>ἔργον</strong></span> 
     </span>
    </p>
   </div>
   <div class='ocr_carea' id='block_1_117' title="bbox 2266 5597 3827 5671">
    <p class='ocr_par' dir='ltr' id='par_1_117' title="bbox 2266 5597 3827 5671">
     <span class='ocr_line' id='line_1_117' title="bbox 2266 5597 3827 5671; baseline -0.003 -14"><span class='ocrx_word' id='word_1_842' title='bbox 2266 5602 2359 5657; x_wconf 80' lang='grc' dir='ltr'><strong>καὶ</strong></span> <span class='ocrx_word' id='word_1_843' title='bbox 2390 5601 2615 5671; x_wconf 81' lang='grc' dir='ltr'><strong>πορείας</strong></span> <span class='ocrx_word' id='word_1_844' title='bbox 2644 5601 2743 5671; x_wconf 79' lang='grc' dir='ltr'><strong>τῆς</strong></span> <span class='ocrx_word' id='word_1_845' title='bbox 2783 5599 2949 5653; x_wconf 72' lang='grc' dir='ltr'><strong>οἱονεὶ</strong></span> <span class='ocrx_word' id='word_1_846' title='bbox 2978 5597 3115 5669; x_wconf 77' lang='grc' dir='ltr'><strong>πρὸς</strong></span> <span class='ocrx_word' id='word_1_847' title='bbox 3143 5599 3349 5652; x_wconf 79' lang='grc' dir='ltr'><strong>ἕκαστα</strong></span> <span class='ocrx_word' id='word_1_848' title='bbox 3377 5597 3486 5652; x_wconf 86' lang='grc' dir='ltr'><strong>τῶν</strong></span> <span class='ocrx_word' id='word_1_849' title='bbox 3525 5598 3827 5669; x_wconf 58' lang='lat' dir='ltr'><strong>«panic»;</strong></span> 
     </span>
    </p>
   </div>
   <div class='ocr_carea' id='block_1_118' title="bbox 1912 5780 3416 5856">
    <p class='ocr_par' dir='ltr' id='par_1_118' title="bbox 1912 5780 3416 5856">
     <span class='ocr_line' id='line_1_118' title="bbox 1912 5780 3416 5856; baseline -0.009 -9"><span class='ocrx_word' id='word_1_850' title='bbox 1912 5792 2128 5848; x_wconf 67' lang='lat' dir='ltr'><strong>T‘Joan.</strong></span> <span class='ocrx_word' id='word_1_851' title='bbox 2156 5807 2269 5856; x_wconf 67' lang='lat' dir='ltr'><strong>xm,</strong></span> <span class='ocrx_word' id='word_1_852' title='bbox 2302 5789 2380 5845; x_wconf 82' lang='lat' dir='ltr'><strong>lO.</strong></span> <span class='ocrx_word' id='word_1_853' title='bbox 2459 5789 2687 5844; x_wconf 77' lang='lat' dir='ltr'><strong>&quot;llcbr.</strong></span> <span class='ocrx_word' id='word_1_854' title='bbox 2732 5804 2783 5851; x_wconf 68' lang='grc' dir='ltr'><strong>κ,</strong></span> <span class='ocrx_word' id='word_1_855' title='bbox 2822 5787 2870 5841; x_wconf 65' lang='grc'><strong>4.</strong></span> <span class='ocrx_word' id='word_1_856' title='bbox 2958 5785 3003 5816; x_wconf 80' lang='grc'>⁷⁸</span> <span class='ocrx_word' id='word_1_857' title='bbox 3025 5781 3211 5840; x_wconf 67' lang='lat' dir='ltr'><strong>Matth.</strong></span> <span class='ocrx_word' id='word_1_858' title='bbox 3246 5796 3324 5843; x_wconf 85' lang='grc' dir='ltr'><strong>ιιι,</strong></span> <span class='ocrx_word' id='word_1_859' title='bbox 3354 5780 3416 5834; x_wconf 67' lang='lat' dir='ltr'><strong>IL</strong></span> 
     </span>
    </p>
   </div>
  </div>
