3982 6516
835 464 924 519 DE
960 461 1411 521 nonanona:
1444 465 1514 523 1N
1552 466 1821 525 srnnru
1865 467 1954 523 ET
1994 453 2379 525 V’ERITATEI
2411 468 2537 526 LIB.
2579 449 2670 524 ix'.

3276 470 3380 527 630

155 578 213 632 τὸ
235 571 458 644 καθαρὸν
486 572 581 627 καὶ
606 572 893 648 ἀκίϐδηλον
930 579 1411 652 ὑποσημαίνουσιν.
1461 582 1622 637 Τουτὶ
1649 582 1705 636 δὲ

1825 585 2101 640 lammodo
2152 586 2448 655 puritatem
2500 594 2663 657 atque
2724 559 3094 640 sinceritatem
3171 584 3380 656 signiﬁ-

158 669 275 738 ἡμῖν
311 664 685 736 ἐξησκηκόσιν,
739 670 948 738 ἐφεῖται
1007 673 1105 742 μὲν
1158 674 1418 728 εἰσελθεῖν
1478 676 1557 739 είς
1607 676 1706 746 τὴν

157 757 409 827 ἐσωτέραν
450 758 676 829 σκηνὴν,
724 763 1113 833 προσκομίζειν
1149 764 1207 818 δὲ
1247 765 1326 837 τῷ
1363 765 1481 836 Θεῷ
1518 765 1709 829 Θυσίας

158 845 526 917 πνευματικὰς,
553 850 647 901 καὶ
674 848 759 913 ὡς
772 852 830 903 ἐν
854 852 1005 917 τάξει
1036 854 1397 926 θυμιαμάτων
1425 858 1522 927 τῆς
1546 856 1708 924 εὐαγ-

155 936 359 1006 γελικῆς
381 936 654 1001 πολιτείας
679 940 967 1012 καθιεροῦν
989 944 1271 1009 οἱονείπως
1300 947 1397 1017 τὴν
1426 946 1705 1018 εὐοσμίαν.

156 1025 435 1095 Παρεγγυᾷ
466 1024 525 1077 δὲ
550 1028 837 1097 χρησίμως
867 1031 1215 1096 άπονίζεσθαι
1243 1034 1353 1086 δεῖν
1382 1035 1509 1098 τοὺς
1534 1037 1612 1098 είς
1640 1034 1709 1088 τὰ

158 1114 307 1180 Ἀγια
322 1111 426 1166 τῶν
444 1114 614 1182 ἁγίων
632 1116 962 1172 εἰσελαύνειν
978 1121 1277 1188 ἐθέλοντας,
1300 1124 1394 1177 καὶ
1412 1123 1520 1177 τῶν
1545 1124 1589 1175 ίε
1598 1122 1706 1194 ρῶν

156 1202 314 1272 ἔργων
340 1202 690 1276 ἐπιμελητάς,
738 1208 825 1261 ἵνα
861 1210 935 1280 μὴ
963 1211 1325 1268 ἀποθάνωσιν.
1357 1215 1560 1284 Χρῆμα
1598 1214 1707 1285 γὰρ

157 1293 433 1361 ἐπισφαλὲς
475 1296 570 1349 καὶ
611 1297 899 1369 ἐπιζήμιον
943 1301 1177 1372 άληθῶς,
1230 1303 1293 1357 τὸ
1323 1304 1563 1373 ἐγγίζειν
1590 1304 1746 1376 Θεῷ.

158 1383 224 1452 μὴ
255 1381 704 1453 κεκαθαρμένους.
755 1388 1043 1459 Τοιγάρτοι
1073 1392 1167 1444 καὶ
1218 1392 1379 1461 σοφὸς
1425 1395 1555 1463 ἡμῖν
1588 1394 1708 1445 ὲτιι-

157 1475 371 1544 σκήπτει
396 1474 639 1543 Παῦλος,
673 1479 723 1530 εί
768 1479 869 1549 τῆς
904 1483 1172 1553 μυστικῆς
1202 1483 1449 1553 εὐλογίας
1479 1485 1712 1555 μεταλα-

157 1568 256 1637 χεῖν
295 1566 589 1638 ιθέλοιμεν,
655 1571 881 1636 ἑαυτοὺς
929 1573 1261 1644 δοκιμάζειν,
1314 1577 1597 1648 προσιέναι
1649 1592 1711 1628 τε

155 1658 283 1713 οὕτω
306 1658 503 1715 λοιπόν.
541 1662 781 1733 Πρᾶγμα
808 1663 865 1718 δὲ
891 1665 973 1719 ὅτι
1001 1669 1097 1721 καὶ
1140 1667 1384 1722 κινδύνου
1422 1669 1627 1738 μεστὸν
1652 1668 1712 1722 τὸ

154 1749 404 1820 ἁτημελὲς
435 1751 495 1804 ἐν
518 1750 745 1817 τούτοις,
777 1754 1107 1811 ἐπικαλύπτει
1134 1758 1330 1827 λέγων’
1373 1779 1392 1811 ι
1430 1759 1526 1812 Διά
1553 1753 1712 1813 ιΡοίῑιιο

155 1843 206 1895 ὲν
229 1841 346 1910 ὑμῖν
368 1841 553 1895 πολλοὶ
580 1842 825 1909 ἀσθενεῖς
851 1848 944 1901 καὶ
971 1848 1271 1921 ἄρρωστοι,
1294 1850 1387 1904 καὶ
1412 1850 1709 1922 κοιμῶνται

1807 687 1950 733 cant.
1978 678 2131 745 Quod
2161 679 2257 733 ubi
2305 688 2557 735 accurate
2612 678 3050 750 prastiteritnus,
3104 679 3382 755 permittii-

1806 778 1897 824 tur
1945 780 2008 824 ut
2036 770 2270 825 interius
2300 770 2714 825 tabernaculum
2749 768 3143 840 ingrediamur,
3177 769 3380 823 oﬂ‘era«

1806 878 2040 932 musque
2072 862 2185 917 Deo
2206 862 2416 918 hostias
2436 862 2770 939 spirituales,
2795 862 2957 932 eique
2995 861 3201 915 bonum
3237 863 3374 917 odo-

1807 970 1921 1009 rem
1950 954 2275 1026 evangelicae
2301 954 2755 1018 conversationis,
2786 952 3153 1025 thymiamatis
3185 953 3379 1017 instar,

1806 1062 2211 1105 consecremus.
2254 1046 2441 1116 Neque
2496 1046 2937 1101 veroinutiliter
2980 1046 3252 1117 praecipit
3299 1055 3378 1109 ut,

1807 1138 1900 1208 qui
1918 1138 2091 1192 velint
2123 1139 2180 1191 in
2211 1137 2371 1208 313
2408 1136 2607 1207 Sancta
2637 1145 2952 1190 sanctorum
2990 1136 3223 1207 ingredi,
3260 1136 3384 1205 qui:

1807 1246 1914 1299 que
1955 1245 2107 1284 sacra
2134 1244 2363 1283 munera
2392 1234 2727 1297 procurant,
2780 1226 3093 1292 abluantur,
3141 1243 3211 1280 ne
3259 1241 3383 1279 mo-

1809 1320 2039 1377 riantur.
2067 1318 2443 1373 Periculosum
2466 1324 2551 1371 est
2580 1317 2749 1380 enim,
2775 1324 2830 1371 et
2856 1315 3001 1369 baud
3026 1314 3379 1384 impunitum,

1809 1411 1876 1465 ad
1902 1411 2076 1467 Deum
2108 1425 2217 1463 non
2250 1417 2509 1480 purgatos
2545 1406 2828 1461 accedere.
2874 1406 3062 1474 Itaque
3109 1404 3270 1458 nobis
3295 1404 3384 1458 vir

1809 1503 1902 1556 ille
1939 1502 2157 1571 sapiens
2184 1499 2384 1555 Paulus
2430 1497 2652 1552 mandat
2685 1507 2765 1560 ut,
2824 1496 2869 1551 si
2928 1496 3172 1567 mystica:
3216 1495 3384 1550 bene-

1810 1592 2068 1648 dictionis
2090 1591 2386 1661 participes
2415 1604 2538 1644 esse
2562 1589 2816 1651 velimus,
2860 1602 2963 1640 nos
3002 1586 3149 1656 ipsos
3176 1585 3380 1655 probe-

1810 1702 1953 1749 mus,
2000 1691 2162 1753 atque
2200 1682 2275 1736 ita
2328 1681 2565 1750 denique
2618 1678 2940 1734 accedamus
2979 1695 2991 1730 :
3030 1692 3151 1731 esse
3198 1684 3381 1729 autem

1812 1777 1953 1830 hanc
1992 1775 2048 1828 in
2070 1772 2337 1845 ejusmodi
2370 1771 2537 1826 rebus
2573 1768 2982 1840 negligentiam,
3012 1782 3127 1821 rem
3152 1766 3381 1835 periculi

1812 1860 2028 1930 plenam
2059 1860 2254 1928 aperit,
2294 1858 2483 1913 dicens
2516 1875 2529 1910 :
2565 1856 2730 1911 «Ideo
2775 1855 2933 1909 multi
2986 1854 3191 1908 inﬁrmi
3241 1853 3384 1908 inter

159 1930 337 1985 ἱκανοί.
376 1931 439 1985 Et
493 1932 602 2004 γὰρ
636 1935 864 2000 ἑαυτοὺς
902 1938 1209 2010 ὲκρίνομεν,
1245 1940 1343 1995 οὐκ
1389 1942 1456 1996 ἂν
1500 1942 1712 2013 ἐκρινό-

1825 1966 1932 2014 vos,
1956 1959 2011 2004 et
2028 1949 2347 2013 imbecilles,
2371 1958 2428 2003 et
2453 1948 2733 2003 dormiunt
2772 1947 2971 2015 multi:
3006 1946 3055 2000 si
3095 1946 3243 2001 enim
3284 1961 3385 2000 nos

160 2020 300 2091 μεθα.
338 2022 659 2092 Κρινόμενοι
693 2024 750 2077 δὲ
782 2027 888 2081 ὑπὸ
920 2029 1159 2100 Κυρίου,
1196 2031 1587 2102 παιδευόμεθα,
1629 2032 1716 2089 ἵνα

160 2112 233 2187 μῆ
250 2113 346 2168 σὺν
366 2112 443 2184 τῷ
474 2114 675 2188 κόσμῳ
708 2120 1147 2192 κατακριθῶμεν.
1198 2140 1221 2175 ι

220 2289 415 2343 ΠΑΛΑ.
457 2291 700 2365 ’Δραρεν
729 2289 822 2349 οὖν
842 2294 924 2349 δτι
951 2297 1051 2367 τὴν
1071 2296 1159 2351 διὰ
1186 2296 1280 2351 τοῦ
1323 2298 1478 2367 ἁγίου
1519 2299 1715 2370 βαπτί-

161 2399 342 2452 σματος
361 2386 389 2438 ὀ
414 2382 563 2451 ίερδς
591 2387 723 2455 ἡμῖν
761 2385 959 2459 λουτὴρ
983 2390 1434 2459 προκατεδείκνυε
1461 2391 1638 2463 χάριν.

223 2476 371 2531 ΚΥΡ.
398 2472 531 2530 Ὧδε
561 2476 675 2547 ἔχει
695 2494 711 2510 ο
742 2478 817 2549 μὴ
844 2478 955 2550 γὰρ
989 2480 1269 2552 ὲνδοιάσῃς
1298 2482 1454 2546 ὅλως.
1488 2484 1597 2537 Καὶ
1624 2491 1716 2537 τον

159 2585 214 2635 γε
229 2569 324 2637 τῆς
337 2569 529 2622 τούτου
551 2570 894 2641 κατασκευῆς
924 2572 1296 2644 περιαθρήσας
1315 2576 1533 2645 τρόπον,
1558 2593 1717 2634 καταο

159 2660 386 2729 τεθηπὼς
411 2663 503 2725 ἂν,
528 2658 703 2734 οἶμαι,
733 2664 828 2719 καὶ
855 2664 935 2718 ἔτι
967 2665 1228 2734 μειζόνως
1259 2665 1376 2737 ἔσῃ.
1406 2666 1716 2738 Γέγραπται

160 2752 255 2823 γὰρ
288 2754 380 2806 ὡδὶ
425 2756 557 2825 περὶ
606 2754 700 2808 τοῦ
740 2755 1040 2827 Βεσελεὴλ,
1086 2757 1180 2810 τοῦ
1218 2757 1287 2811 τὰ
1325 2760 1384 2811 ἐν
1420 2762 1485 2831 τῇ
1543 2764 1713 2834 σκηνῇ

160 2846 681 2916 τετεχνουργηκότοςο
718 2864 738 2898 ι
780 2840 947 2910 Οὗτος
975 2848 1199 2921 εποίησε
1236 2850 1326 2903 τὸν
1362 2849 1597 2922 λουτῆρα
1624 2853 1716 2907 τὸν

162 2934 402 3003 χαλκοῦν,
434 2937 532 2990 καὶ
564 2937 666 3007 τὴν
697 2936 858 3008 βάσιν
886 2939 1051 2992 αὑτοῦ
1082 2940 1289 3012 χαλκῆν
1309 2982 1323 3005 ,
1364 2945 1428 2997 ἐκ
1456 2945 1563 2999 τῶν
1588 2962 1718 3001 κατ·

162 3025 356 3097 όπτρων
390 3028 504 3081 τῶν
542 3030 957 3100 νηστευσασῶν,
999 3032 1059 3085 αἴ
1084 3033 1412 3104 ὲνήστευσαν
1442 3037 1592 3109 παρὰ
1618 3037 1718 3102 τὰς

165 3118 315 3190 θύρας
336 3118 437 3191 τῆς
457 3124 669 3192 σκηνῆς
696 3122 789 3177 τοῦ
817 3124 1134 3195 μαρτυρίου,
1166 3120 1283 3199 ἐνῇ
1308 3127 1492 3199 ἥμερα
1518 3128 1718 3199 ἔπηξεν

163 3212 506 3321 αυτὴν.ιῖίαὶ.
523 3212 874 3321 ὲποίησεὶτὸν
911 3215 1171 3286 λουτῆρα,
1207 3218 1291 3272 ἵνα
1326 3220 1620 3275 νίπτωνται
1660 3220 1788 3321 ὲξςο

162 3302 309 3356 αὐτοῦ
338 3303 547 3373 Μωσῆς
591 3320 650 3357 τε
696 3303 787 3357 καὶ
834 3304 1042 3377 Ἀαρὼν
1070 3307 1163 3360 καὶ
1201 3308 1251 3361 οἱ
1283 3309 1390 3361 υίοὶ
1422 3308 1587 3363 αὑτοῦ
1618 3309 1718 3375 τάς

164 3396 328 3465 χεῖρας
368 3395 553 3449 αὐτῶν
580 3395 819 3460 καὶτοὺς
841 3397 1028 3461 πόδας,
1051 3399 1522 3471 εἰσπορευομένων
1543 3401 1720 3455 αὐτῶν

164 3487 234 3548 είς
256 3486 344 3557 τὴν
369 3488 578 3558 σκηνὴν
603 3488 698 3541 τοῦ
732 3490 1053 3560 μαρτυρίου,
1081 3491 1133 3544 οῖ
1158 3492 1286 3545 ὅταν
1309 3492 1721 3564 προσπορεύων-

164 3593 243 3630 ται
272 3579 346 3641 είς
383 3579 444 3632 τὸ
484 3579 905 3652 θυσιαστήριον,
935 3582 1273 3654 λειτουργεῖν
1298 3626 1313 3649 ,
1346 3583 1623 3638 ὲνίπτοντο
1662 3584 1721 3650 ἐξ

164 3668 329 3734 αὑτοῦ,
360 3669 617 3737 καθάπερ
649 3672 939 3739 συνέταξεν
966 3674 995 3727 ό
1024 3672 1227 3744 Κύριος
1249 3673 1329 3744 τῷ
1352 3675 1543 3747 Μωσῇ.
1590 3694 1609 3727 ι

225 3760 417 3814 ΠΑΛΛ.
445 3762 561 3814 Καὶ
586 3762 641 3815 τί
669 3762 777 3816 τῶν
801 3763 1122 3835 κατόπτρων
1150 3763 1212 3817 τδ
1235 3765 1427 3837 χρῆμα
1450 3782 1464 3830 ;
1491 3765 1636 3829 τίνες
1664 3765 1720 3818 δὲ

166 3848 260 3919 ἄρα
286 3852 374 3905 καὶ
399 3853 455 3907 αἱ
476 3853 846 3922 νηστεύσασαι
866 3870 901 3919 ;-
1492 3882 1495 3885 <

225 3942 375 3995 ΚΥΡ.
408 3943 605 3996 ’Πολλά
626 3943 735 3996 τῶν
766 3943 1149 4015 γεγενημένων
1174 3945 1315 4015 σαφῆ
1348 3946 1445 4015 μὲν
1484 3946 1584 3999 οὐκ
1609 3944 1721 4016 ἔχει

168 4031 301 4102 παρὰ
325 4035 393 4104 τῇ
433 4032 556 4104 θείᾳ
586 4034 777 4105 Γραφῇ
813 4034 911 4106 τὴν
948 4036 1248 4107 ἀφήγησιν.
1289 4035 1620 4106 Σημαίνεται
1649 4034 1709 4088 δέ

156 4139 273 4185 -πως
302 4124 363 4176 ἐκ
398 4124 763 4195 παραδρομῆς
783 4164 798 4189 ,
824 4125 1077 4198 καθάπερ
1102 4126 1291 4196 ἀμέλει
1314 4126 1408 4179 καὶ⁸
1434 4125 1551 4179 τόδε
1575 4124 1635 4178 τὸ
1666 4127 1724 4178 ὲν

171 4215 326 4284 χερσί.
376 4216 485 4269 Ποῦ
523 4217 668 4287 γὰρ,
708 4216 741 4287 ἢ
780 4218 925 4281 τίνες
976 4217 1367 4288 νενηστεύκασι
1417 4218 1514 4288 τῆς
1564 4216 1725 4285 ἁγίας

172 4308 527 4379 ἑγηγερμένης
551 4310 776 4379 σκηνῆς,
809 4310 870 4363 οὐ
892 4309 1185 4377 λελάληκεν
1211 4312 1239 4362 ὁ
1263 4310 1487 4379 Μωσῆς.
1518 4308 1640 4362 Ὅτι
1668 4308 1724 4360 δὲ

172 4399 404 4466 γέγονεν,
448 4402 549 4453 οὐκ
580 4399 848 4453 ἐνδοιάσαι
887 4417 972 4463 τις
999 4400 1098 4453 ἄν·
1127 4401 1341 4469 εἴρηται
1372 4397 1503 4467 γὰρ,
1536 4398 1585 4451 εί
1631 4398 1727 4451 καὶ

176 4491 241 4561 μὴ
263 4494 460 4560 σαφῶς.
496 4490 658 4545 Ἀλλὰ
677 4492 827 4546 τουτὶ
847 4491 911 4562 δὴ
937 4491 1209 4562 μεθέντες,
1236 4490 1321 4543 επ*
1338 4492 1514 4543 ἐκεῖνο
1535 4490 1724 4559 ίωμεν,

175 4585 218 4635 εί
244 4582 397 4639 δοκεῖ.

236 4674 430 4728 ΠΑΛΔ.
463 4674 547 4731 τὸ,
570 4675 720 4728 ποῖον
738 4690 753 4739 ;

234 4763 387 4817 ΚΥΡ.
427 4765 509 4817 Τὰ
549 4762 943 4833 νενηστευκότα
996 4762 1190 4833 γύναια
1215 4762 1357 4826 τίνος
1391 4762 1470 4826 ἂνξ
1498 4755 1608 4815 είεν
1646 4761 1727 4824 είς

176 4852 327 4908 τύπον
346 4873 361 4921 ;
381 4856 432 4910 τί
453 4857 510 4910 δὲ
537 4856 598 4909 τὸ
624 4857 689 4910 ὲκ
709 4858 818 4911 τῶν
843 4856 1163 4927 κατόπτρων
1185 4856 1275 4909 τὸν
1295 4855 1533 4928 λουτῆρα
1559 4853 1728 4907 πλάτ-

177 4947 344 5001 τεσθαι
371 4949 462 5002 τὸν
490 4947 724 5019 χαλκοῦν
744 4964 759 5011 ;

240 5039 435 5093 ΠΛΛΔ.
470 5039 583 5095 Καὶ
617 5038 742 5110 μὴν,
776 5039 881 5092 σδνη
903 5038 1004 5109 ῆδη
1048 5053 1167 5099 πως
1204 5036 1299 5089 καὶ
1334 5034 1490 5089 τοῦτο
1530 5036 1726 5089 είπεῖν.

238 5131 393 5185 ΚΥΡ.
433 5132 634 5185 Ἄκουε
679 5130 776 5201 δή·
812 5126 1250 5201 Λελατρεύκασιν
1287 5126 1527 5189 εἰδώλοις
1573 5126 1623 5180 οί
1671 5124 1732 5190 ἐξ

191 5222 409 5295 Ἰσραὴλ,
425 5223 526 5293 τὴν
548 5223 653 5276 ὑπὸ
673 5223 784 5284 τοῖς
809 5221 1126 5289 Αἰγυπτίοις
1146 5218 1471 5282 άνατλάντες
1489 5217 1731 5289 θητείαν,

182 5312 395 5374 καὶτοῖς
419 5311 644 5365 ἐκείνων
673 5309 1005 5373 διαδιοῦντες
1033 5309 1241 5380 νόμοις,
1278 5309 1521 5379 μακροὺς
1552 5307 1732 5361 διατε-

182 5403 415 5458 τελέκασι
449 5403 693 5475 χρόνους.
734 5402 896 5466 Ἐθος
924 5402 1104 5455 τοίνυν
1143 5400 1455 5469 Αἰγυπτίων
1496 5398 1732 5469 μάλιστα

183 5494 430 5561 γυναιξὶν,
452 5496 727 5565 είσφοιτᾷν
752 5495 934 5564 ἱεροῖς,
965 5491 1082 5563 λινῇ
1106 5490 1205 5562 μὲν
1225 5490 1411 5561 ἐσθῆτι
1435 5487 1732 5544 κατεσταλ-

166 5583 391 5654 ’μίναις,
434 5587 723 5657 κατόπτρῳ
764 5585 822 5638 δὲ
864 5584 965 5653 τὴν
998 5582 1326 5655 ἀριστερὰν,
1360 5583 1456 5637 καὶ
1502 5581 1733 5653 σείστρῳ

182 5673 272 5742 τὴν
333 5674 511 5739 δεξιὰν
577 5674 916 5746 ἱεροπρεπῶς
979 5671 1480 5744 κατεστεμμέναις,
1543 5670 1598 5723 αἳ
1653 5671 1733 5723 ὅτι

263 5852 303 5883 ⁷⁸
335 5869 353 5914 .l
397 5853 522 5908 Cor.
562 5871 634 5920 xi,
667 5854 734 5909 50
767 5854 852 5909 52.
929 5854 971 5886 ’⁸
1011 5853 1181 5911 Exod.
1208 5866 1420 5916 xxxviii,
1450 5849 1481 5904 8
1505 5864 1659 5918 seqq.

1798 2038 2209 2114 'judicareinus,
2241 2057 2349 2095 non
2385 2042 2576 2111 utique
2622 2040 3035 2111 judicaremur:
3082 2037 3213 2091 dum
3234 2036 3383 2107 judi:

1723 2176 1730 2217 ί
1816 2148 2005 2188 camur
2038 2141 2221 2187 autem
2271 2148 2302 2186 a
2330 2132 2582 2196 Domino,
2620 2130 2974 2207 corripimur,
3008 2134 3069 2182 ut
3114 2144 3224 2183 non
3257 2142 3383 2182 cum

1817 2225 1922 2279 hoc
1970 2224 2175 2279 mundo
2213 2223 2539 2279 damnemur
2566 2224 2674 2282 τηρ

1887 2312 2329 2369 PALL.Certum
2376 2320 2460 2368 est
2504 2312 2672 2383 igitur
2714 2326 2928 2371 sacrum
2983 2309 3116 2371 illud
3166 2307 3384 2368 labrum

1817 2406 1989 2461 sancti
2015 2405 2357 2476 baptismatis
2377 2404 2606 2476 gratiam
2638 2402 3031 2475 pmﬁgurasse.
3068 2460 3071 2465 ,

1886 2497 2043 2553 CYR.
2078 2496 2165 2551 Sic
2199 2512 2256 2551 se
2293 2496 2478 2560 habet,
2522 2510 2699 2565 neque
2730 2508 2956 2564 prorsus
2997 2480 3383 2561 ambigendum

1818 2594 1997 2656 putes.
2028 2586 2115 2651 At,
2140 2585 2185 2638 si
2220 2585 2338 2654 ejus
2363 2594 2626 2653 prmterea
2656 2581 2859 2652 opiﬁcii
2892 2580 3162 2635 rationem
3197 2574 3383 2631 consi-

1817 2677 1996 2741 deres,
2023 2676 2194 2730 multo
2227 2675 2391 2730 etiam
2422 2673 2739 2744 magis,nisi
2769 2672 2949 2734 fallor,
3003 2667 3373 2722 admirabere.
3404 2722 3407 2723 ν

1819 2767 1908 2822 Sic
1941 2767 2088 2820 enim
2117 2766 2382 2835 scriptum
2421 2772 2507 2818 est
2533 2763 2599 2818 de
2631 2762 2895 2825 Beseleel,
2926 2759 3019 2829 qui
3045 2754 3385 2822 tabernaculi

1818 2872 1984 2928 opera
2005 2855 2305 2910 fabricatus
2327 2863 2444 2909 est:
2480 2872 2497 2903 ι
2520 2853 2620 2906 Hic
2647 2851 2778 2906 fecit
2810 2850 3026 2904 labrum
3074 2860 3308 2910 aeneum,
3331 2852 3387 2898 et

1818 2946 1992 3000 basim
2019 2946 2139 3016 ejus
2181 2960 2389 2999 aeneam
2430 2960 2461 2999 e
2493 2944 2729 3014 speculis
2767 2941 3133 3013 jejunantium
3185 2937 3384 2992 mulie-

1822 3052 1967 3101 rum,
1999 3051 2119 3106 quae
2161 3035 2482 3107 jejunabant
2519 3050 2688 3105 prope
2742 3032 2881 3088 ostia
2916 3028 3254 3086 tabernaculi
3302 3036 3355 3081 te

1820 3129 2084 3191 stimonii,
2130 3129 2186 3182 in
2217 3127 2306 3181 die
2335 3142 2441 3196 qua
2468 3125 2584 3179 fixit
2619 3123 2781 3189 illud;
2821 3131 2877 3176 et
2910 3121 3038 3176 fecit
3064 3120 3303 3182 labrum,
3326 3125 3387 3171 ut

1820 3220 2107 3275 abluerent
2132 3234 2197 3273 ex
2222 3233 2288 3272 eo
2313 3217 2543 3291 Moyses,
2566 3223 2621 3270 et
2641 3214 2840 3277 Aaron,
2880 3221 2935 3267 et
2961 3211 3056 3264 filii
3090 3212 3238 3281 ejus,
3273 3224 3386 3262 ma—

1820 3326 1925 3364 nus
1964 3324 2090 3364 suas
2122 3316 2178 3363 et
2209 3308 2401 3381 pedes,
2450 3321 2575 3362 cum
2602 3305 3021 3377 ingrederentur
3045 3302 3100 3354 in
3133 3299 3385 3353 taberna-

1822 3402 2005 3458 culum
2035 3400 2334 3456 testimonii
2364 3407 2495 3466 ;aut
2519 3413 2643 3453 cum
2693 3401 2983 3467 pergerent
3006 3392 3072 3447 ad
3105 3391 3295 3453 altare,
3325 3395 3388 3442 ut

1821 3495 2201 3548 ministrarent
2233 3493 2367 3556 Deo,
2418 3490 2782 3545 abluebantur
2809 3502 2874 3541 ex
2913 3486 3049 3555 ipso,
3081 3490 3142 3537 ut
3182 3480 3389 3536 consti-

1822 3588 1928 3643 tuit
1954 3586 2219 3641 Dominus
2248 3583 2417 3655 Moysi
2451 3583 2519 3635 ⁸⁸.
2553 3602 2570 3632 ι

1893 3763 2091 3819 PALL.
2119 3760 2261 3829 Quid
2295 3768 2480 3815 autem
2527 3756 2766 3828 speculis
2808 3772 2947 3825 opus
3000 3755 3156 3810 erat?
3203 3766 3390 3822 quaeve

1822 3856 1987 3912 etiam
2010 3855 2115 3909 illae
2135 3870 2256 3924 qua:
2293 3854 2696 3924 jejunaverant,
2751 3847 2943 3901 fuere?

1892 3946 2050 4001 CYR.
2078 3945 2260 3999 Multa
2290 3958 2378 3998 res
2398 3951 2561 4013 gesta:
2599 3937 2747 3993 haud
2770 3946 2959 4015 aperte
2998 3936 3055 3989 in
3104 3934 3389 4003 Scriptura

1824 4052 1978 4092 sacra
2002 4036 2377 4105 explicantur,
2410 4032 2505 4088 sed
2553 4031 2733 4085 obiter
2764 4036 2944 4082 tamen
2976 4023 3385 4095 signiﬁcantur:

1824 4122 1984 4192 quale
2010 4123 2114 4176 hoc
2135 4130 2218 4177 est
2267 4120 2413 4190 quod
2441 4119 2499 4173 in
2518 4118 2773 4171 manibus
2796 4112 3078 4169 habemus.
3103 4113 3237 4167 Nam
3264 4111 3388 4175 ubi,

1825 4215 1989 4285 quive
2044 4212 2451 4285 jejunaverint,
2500 4210 2628 4264 dum
2662 4215 2909 4262 sanctum
2977 4204 3390 4271 tabernaculum

1826 4306 2155 4375 erigeretur,
2196 4303 2252 4357 id
2287 4302 2497 4375 Moyses
2533 4316 2649 4353 non
2687 4296 2971 4367 exposuit;
3002 4294 3097 4349 sed
3147 4293 3280 4363 quin
3310 4292 3390 4347 fa-

1828 4409 1975 4451 ctum
2003 4395 2092 4458 sit,
2129 4393 2336 4448 nemini
2375 4393 2629 4447 dubitare
2655 4390 2818 4444 licet:
2865 4388 2968 4442 etsi
2994 4387 3157 4441 enim
3197 4400 3391 4454 parum

1828 4486 2133 4557 perspicue,
2162 4485 2369 4539 dictum
2399 4490 2482 4538 est
2498 4478 2842 4542 tamen.Sed,
2876 4478 2980 4532 hoc
3000 4474 3389 4547 praetermisso,

1760 4596 1804 4652 ι)
1832 4579 1901 4633 ad
1934 4576 2067 4631 illud
2092 4590 2404 4646 pergamus.

1900 4668 2095 4723 PALL.
2119 4666 2403 4733 Quodnam
2434 4663 2603 4718 illud?

1828 4763 1839 4773 '
1900 4759 2056 4814 ΟΥΕ.
2081 4759 2311 4827 Nempe,
2342 4759 2498 4827 cujus
2537 4754 2616 4810 rei
2674 4754 2845 4824 ﬁgura
2894 4750 3097 4805 fuerint
3130 4748 3399 4803 mulieres

1830 4867 1951 4921 qua:
1969 4852 2387 4922 jejunaverunt;
2419 4850 2577 4919 cujus
2605 4847 2794 4910 etiam,
2819 4844 2966 4913 quod
2995 4859 3026 4898 e
3052 4841 3288 4912 speculis
3316 4841 3397 4894 la-

1833 4944 1993 4997 brum
2017 4957 2229 4997 aeneum
2254 4941 2457 4996 factum
2480 4949 2582 4996 est.

1904 5030 2281 5101 PALL.Atqui
2315 5032 2393 5086 tui
2416 5032 2663 5086 muneris
2689 5038 2772 5085 est
2819 5029 2875 5083 id
2906 5027 3072 5082 etiam
3099 5022 3393 5093 explicare.

1906 5121 2063 5176 CYR.
2116 5120 2315 5191 Accipe
2356 5121 2542 5191 igitur.
2594 5120 2777 5175 Genus
2830 5115 3222 5174 lsraelitarum,
3270 5124 3395 5164 cum

1837 5212 2067 5268 serviret
2090 5210 2374 5283 Egyptiis,
2410 5226 2472 5266 ac
2511 5210 2605 5265 diu
2636 5210 2693 5263 in
2721 5208 2936 5262 illorum
2975 5203 3186 5274 legibus
3228 5200 3397 5254 vitam

1838 5301 2171 5369 traduceret,
2206 5302 2351 5358 idola
2368 5302 2579 5356 coluit:
2608 5298 2771 5372 315
2797 5312 2915 5352 mos
2940 5295 3104 5367 igitur
3126 5301 3244 5347 erat
3264 5308 3400 5361 pra:-

1839 5398 1997 5467 cipue
2046 5394 2189 5467 apud
2218 5394 2483 5449 mulieres
2508 5390 2903 5465 Egyptiarum,
2927 5387 3072 5443 linea
3097 5391 3249 5439 veste
3311 5383 3396 5436 in-

1838 5486 2017 5550 dutas,
2065 5485 2215 5541 adire
2265 5483 2497 5553 templa,
2542 5481 2823 5553 speculum
2879 5479 3121 5541 sinistra,
3172 5475 3396 5531 sistrum

1840 5578 2031 5635 dextra
2082 5590 2239 5632 sacro
2268 5573 2459 5629 habitu
2485 5579 2777 5645 gestantes,
2820 5582 3055 5640 eumque
3104 5565 3392 5621 honorem,

1841 5671 1973 5735 imo,
2001 5679 2061 5725 ut
2085 5668 2266 5723 verius
2286 5663 2573 5726 aemelius
2612 5663 2808 5730 dicam,
2870 5656 3255 5719 contumeliam
3298 5652 3403 5708 ille
