3982 6536
183 458 294 518 6'55

255 570 468 626 ΠΑΛΛ.
501 560 579 621 Εὖ
607 564 764 633 εφης.
849 550 857 559 ’

252 662 423 716 ΚΥΡ.
461 658 527 711 Et
566 656 663 726 μὲν
712 649 807 707 οὖν
856 651 1032 705 ελοιτό
1076 667 1159 714 τις
1197 651 1337 719 ἄγαν
1390 648 1761 719 ίσχνομυθεῖν,

182 752 401 827 μακρδς
424 750 497 803 ἂν
520 747 733 816 γένοιτο
764 745 858 798 καὶ
889 742 1218 813 πολυσχιδὴς
1242 742 1273 793 6
1315 740 1399 811 ἐφ’
1429 740 1644 810 ἑκάστῳ
1678 738 1766 827 λόζ

179 824 302 909 foe.
341 837 541 893 ’ἰστέον
565 834 625 890 δὲ
647 836 753 897 ὅτι,
774 831 849 886 τὰ
868 830 967 902 μὲν
991 828 1202 883 σκευῶν
1222 828 1317 882 καὶ
1338 827 1572 898 θεωρίας
1593 824 1764 897 ἀγχοῦ

182 931 279 982 καὶ
302 928 476 996 λόγων
506 924 624 978 ἐστὶ
670 920 947 995 μυστικῶν
968 961 982 986 ,
1007 918 1077 973 τὰ
1105 919 1161 972 δὲ
1198 920 1279 980 είς
1312 918 1515 987 κόσμον
1564 932 1623 969 τε
1672 916 1765 970 καὶ

181 1019 378 1089 χρείαν
415 1012 881 1085 ὲκμεμηχάνηται
920 1008 1023 1078 τῆς
1062 1008 1304 1079 σκηνῆςο
1349 1003 1638 1075 ὑποτεμὼν
1686 1003 1764 1065 δὲ,

180 1112 259 1173 ὡς
283 1109 398 1173 ενι,
434 1106 497 1160 τὸ
525 1107 697 1176 μῆκος
719 1102 814 1155 τοῦ
851 1101 1011 1169 λόγου
1033 1140 1049 1163 ,
1084 1101 1142 1153 ὲν
1183 1098 1445 1169 βραχέσιν
1491 1095 1604 1167 ἐρῶ
1623 1133 1640 1161 ,
1671 1095 1768 1149 καὶ

185 1199 435 1255 συστελῶ
466 1198 529 1250 τὸ
573 1197 840 1266 διήγημα.
888 1194 1035 1262 Ἔφη
1076 1190 1277 1254 τοίνυν,
1324 1191 1408 1244 ὅτι
1455 1208 1477 1241 ι
1509 1187 1619 1241 Καὶ
1667 1187 1767 1257 τὴν

183 1290 394 1362 σκηνὴν
420 1290 664 1360 ποιήσεις
692 1286 831 1340 δέκα
856 1283 1108 1347 αὐλαίας,
1135 1284 1205 1336 ἐκ
1227 1281 1426 1352 βύσσου
1450 1277 1769 1348 κεκλωσμέ-

182 1400 304 1455 νης,
332 1382 428 1434 καὶ
443 1377 699 1433 ὑακίνθου
719 1376 815 1430 καὶ
835 1373 1144 1446 πορφύρας,
1165 1373 1260 1426 καὶ
1282 1370 1537 1425 κοκκίνου
1561 1366 1769 1421 κεκλω-

183 1473 410 1545 σμένον.
442 1468 726 1541 Χερουϐὶμ
750 1467 1013 1536 ἐργασίαν
1046 1464 1283 1535 ὑφαντοῦ
1311 1465 1555 1533 ποιήσεις
1586 1460 1727 1515 αὐτά
1749 1475 1767 1491 ⁸

186 1564 364 1636 μῆκος
391 1562 490 1632 τῆς
510 1560 740 1621 ablata;
763 1560 860 1629 τῆς
886 1559 1039 1628 μιᾶς,
1060 1555 1204 1610 ὀκτὼ
1229 1556 1324 1609 καὶ
1349 1555 1522 1608 εἴκοσι
1548 1553 1767 1623 πήχεις,

181 1660 275 1714 καὶ
301 1652 467 1728 εὖρος
494 1654 778 1724 τεσσάρων
822 1652 1045 1721 πήχεων
1079 1650 1114 1720 ή
1152 1646 1350 1701 αὐλαία
1376 1647 1409 1715 ἡ
1444 1645 1542 1715 μία
1578 1643 1767 1697 ἔσται’

185 1749 389 1821 μέτρον
409 1748 470 1801 τὸ
493 1744 626 1800 αὐτὸ
648 1744 800 1797 ἐσται
826 1742 1032 1803 πάσαις
1052 1742 1172 1801 ταῖς
1200 1736 1473 1800 αὐλαίαις.
1505 1734 1677 1787 Πέντε
1709 1731 1768 1787 δὲ

180 1840 405 1893 αὐλαῖαι⁹
447 1837 661 1890 ἔσονται
705 1833 767 1899 ἐξ
792 1831 1039 1903 ἀλλήλων
1083 1828 1436 1898 συνεχόμεναι
1458 1868 1474 1891 ,
1508 1825 1668 1897 ὲτέρα
1700 1825 1769 1876 ὲκ

894 450 983 504 DE
1022 445 1462 503 ADORAT-IONE
1500 446 1567 500 IN
1605 445 1876 502 SPIRITU
1918 447 2007 502 ΕΤ
2048 449 2418 505 VERITATE.
2467 450 2594 504 LIB.
2638 451 2728 505 IX.

1795 566 1842 622 Α
1940 560 2135 614 PALL.
2174 561 2341 616 Recte
2377 562 2476 617 ais.

3338 458 3444 514 634

1936 651 2094 706 (λιιι.
2119 653 2217 716 Ac,
2248 653 2296 707 si
2329 655 2455 722 quis
2478 655 2594 711 lucc
2616 656 2753 711 velit
2780 655 3012 711 nimium
3033 656 3312 714 subtiliter
3342 675 3442 715 ex-

1868 743 2095 813 plicare,
2121 745 2283 814 longa
2326 745 2435 800 erit
2462 762 2793 817 unaquaque
2834 746 2902 800 de
2947 763 3007 801 re
3063 763 3127 802 ac
3159 748 3448 819 multiplex

1865 831 2069 887 oratio.
2081 831 2216 886 lllud
2234 839 2415 887 tamen
2431 834 2717 890 sciendum
2731 844 2836 899 est,
2859 851 2925 890 ex
2943 835 3052 890 illis
3065 836 3449 895 instrumentis

1866 921 2116 990 quaedam
2142 924 2665 992 contemplationem
2681 925 2974 996 attingere,
2999 934 3057 980 et
3085 927 3151 980 ad
3199 928 3443 984 rationes

1867 1012 2125 1083 mysticas
2178 1014 2477 1083 pertinere,
2530 1017 2778 1085 quaedam
2827 1032 2955 1072 esse
2997 1017 3065 1071 ad
3093 1028 3351 1073 ornatum
3388 1028 3448 1076 et

1867 1120 2029 1160 usum
2060 1106 2403 1162 tabernaculi
2431 1106 2722 1163 fabricata.
2752 1108 3035 1164 Orationis
3086 1110 3271 1180 itaque
3319 1112 3447 1166 lon-

1866 1195 2135 1266 gitudine,
2159 1197 2342 1266 quoad
2390 1198 2513 1253 ﬁeri
2561 1200 2787 1268 poterit,
2821 1199 3174 1265 circumcisa,
3204 1202 3450 1258 breviter

1868 1286 2085 1352 dicam,
2118 1288 2601 1360 narrationemque
2634 1291 3022 1361 perstringam.
3059 1292 3202 1347 Dicit
3242 1293 3445 1364 igitur:

1876 1378 1984 1432 «Et
2028 1378 2194 1433 facies
2241 1379 2681 1445 tabernaculum,
2731 1381 2929 1438 decem
2961 1384 3133 1439 aulica
3181 1401 3253 1441 ex
3286 1386 3450 1458 bysso

1870 1476 2031 1533 torta,
2056 1479 2114 1524 et
2136 1471 2451 1541 hyacintho,
2501 1481 2560 1528 et
2587 1489 2860 1544 purpura,
2919 1482 2977 1529 et
3019 1476 3246 1531 coccino
3291 1486 3443 1537 neto.

1866 1558 2165 1614 Cherubim
2216 1574 2384 1631 opere
2424 1570 2703 1619 textorum
2742 1562 2911 1619 facies
2967 1565 3085 1634 ipsa
3119 1583 3132 1618 :
3167 1566 3451 1637 longitudo

1869 1649 2037 1703 unius
2057 1650 2216 1704 aulaei
2241 1660 2369 1706 octo
2385 1659 2445 1706 et
2469 1652 2663 1723 viginti
2704 1654 3043 1719 cubitorum,
3066 1664 3124 1709 et
3154 1642 3455 1713 latitudine

1870 1752 2107 1812 quatuor
2130 1744 2445 1799 cubitorum
2463 1746 2572 1799 erit
2587 1745 2821 1801 aulazum
2840 1762 3043 1800 unum:
3073 1747 3266 1801 eadem
3292 1762 3451 1802 men-

1871 1850 2003 1889 sura
2034 1835 2140 1890 erit
2159 1835 2417 1892 omnibus
2452 1837 2661 1891 aulaeis.
2727 1835 2983 1907 Quinque
3037 1847 3223 1893 autem
3279 1839 3450 1894 aulaea

179 1933 278 2001 τῆς
316 1930 513 1999 ἑτέρας
530 1967 545 1992 ,
578 1926 673 1980 καὶ
700 1924 860 1977 πέντε
889 1923 1111 1976 αὐλαῖαι
1140 1920 1355 1974 ἔσονται
1382 1920 1761 1991 συνεχόμεναι,

1870 1936 2035 1982 erunt
2065 1926 2172 1982 sibi
2219 1927 2455 1983 invicem
2489 1928 2846 1993 cohaerentia,
2882 1930 3123 1984 alterum
3149 1945 3216 1984 ex
3250 1930 3450 1993 altero,

182 2022 343 2092 ἑτέρᾳ
369 2022 441 2091 τῇ
472 2016 653 2089 ἑτέρᾳ.
693 2035 714 2066 ι
747 2014 890 2067 Δέκα
930 2012 1028 2082 μὲν
1052 2007 1147 2065 οὖν
1173 2011 1232 2064 αἱ
1268 2012 1488 2065 αὐλαῖαι
1531 2011 1630 2065 καὶ
1655 2011 1759 2065 άλρ

180 2113 355 2183 λὴλων
390 2108 563 2179 ἀπρὶξ
592 2104 837 2178 ήμμέναι
857 2120 876 2136 ο
924 2102 1117 2158 πολλαὶ
1152 2102 1262 2173 γάρ
1300 2102 1461 2172 μοναὶ⁸
1495 2102 1647 2172 παρὰ
1685 2102 1763 2174 τῷ

182 2204 355 2274 Πατρὶ
374 2245 391 2269 ,
421 2198 652 2256 καὶιτῶν
684 2194 1039 2251 ἐνοικούντων
1064 2193 1252 2256 αὐταῖς
1282 2191 1363 2257 εἷς
1404 2210 1508 2245 που
1542 2193 1761 2247 πάντων

181 2296 273 2350 καὶ
303 2296 456 2357 ὅσιος
482 2296 511 2346 6
549 2291 771 2355 σκοπὸς,
801 2289 899 2360 μία
930 2289 987 2341 δὲ
1019 2287 1115 2341 καὶ
1143 2288 1176 2358 ἡ
1207 2286 1336 2355 περὶ
1371 2285 1507 2337 θεοῦ
1536 2284 1757 2352 γνῶσις.

193 2387 280 2439 Ἐν
313 2386 389 2453 γὲι
397 2402 433 2456 ρ
460 2384 657 2456 εἰρήνῃ
683 2382 950 2451 κέκληκεν
987 2379 1135 2449 ἡμᾶς
1162 2379 1193 2430 6
1220 2376 1371 2441 Θεὸς,
1405 2376 1549 2429 κατὰ
1575 2374 1636 2429 τὸ
1672 2392 1765 2444 γε-

182 2478 522 2549 γραμμὲνον.
565 2472 789 2544 Ἐκδέξῃ
820 2472 897 2536 δὲ,
929 2471 979 2523 εί
1016 2469 1191 2535 δοκεῖ,
1226 2468 1327 2532 τὰς
1352 2468 1485 2522 δέκα
1514 2467 1763 2535 αὐλαίας,

181 2568 315 2625 εἷναί
328 2588 394 2623 τε
424 2569 587 2640 οἰήσῃ
603 2567 664 2622 τὸ
679 2565 952 2637 πλήρωμα
963 2560 1069 2617 τῶν
1089 2564 1169 2626 είς
1192 2561 1395 2633 κόσμον
1408 2559 1763 2631 Ἐκκλησιῶν,

181 2663 241 2717 οὐ
268 2660 693 2731 διεσπαρμένων
720 2659 804 2721 είς
827 2655 1095 2726 διχόνοιαν
1114 2695 1129 2720 ,
1158 2652 1194 2723 ἢ
1217 2654 1298 2717 είς
1326 2652 1657 2723 ἀσύμφωνον
1680 2651 1767 2705 δό-

184 2754 276 2819 ξαν
300 2792 315 2818 ,
346 2751 470 2805 ἀλλ’
502 2748 796 2821 ήνωμένων
844 2747 903 2799 ὲν
949 2743 1223 2816 πνεύματι
1245 2781 1262 2810 ,
1311 2742 1408 2797 καὶ
1446 2743 1610 2796 οίονεί
1648 2758 1766 2805 πως

185 2839 633 2911 συνεσφιγμένων
670 2838 749 2900 είς
782 2835 841 2889 ἒν
873 2833 997 2888 καθ’
1031 2832 1259 2904 ἑνότητα
1300 2831 1402 2903 τὴν
1443 2833 1504 2884 ὲν
1545 2829 1767 2901 Χριστῷ

183 2932 271 2988 διὰ
297 2933 563 2994 πίστεως.
595 2925 882 2998 Πανταχοῦ
909 2925 1018 2997 γὰρ
1060 2925 1159 2979 καὶ
1201 2927 1260 2979 ὲν
1291 2925 1497 2988 πάσαις
1538 2918 1622 2988 εἷς
1650 2923 1767 2977 Κύ-

187 3043 317 3099 ριος,
347 3026 456 3095 μία
484 3022 685 3085 πίστις,
714 3019 772 3073 ἓν
799 3019 1105 3090 βάπτισμα.
1127 3016 1336 3080 Πλάτος
1356 3016 1413 3070 δὲ
1436 3015 1645 3088 ἑκάστῃ
1659 3014 1769 3068 τῶν

184 3116 430 3171 αὐλαιῶν
461 3116 659 3185 πήχεις
704 3112 1001 3181 τέσσαρες,
1042 3110 1138 3163 καὶ
1174 3107 1319 3162 ὀκτὼ
1363 3109 1459 3162 καὶ
1501 3108 1676 3162 εἴκοσι
1708 3106 1771 3159 τὸ

192 3210 376 3279 μῆκος.
423 3206 538 3260 Καὶ
567 3203 856 3275 περίεργον
892 3201 990 3272 μὲν
1036 3201 1130 3254 καὶ
1175 3199 1358 3270 ἰσχνὸν
1402 3200 1464 3252 τὸ
1510 3201 1765 3268 αίνιγμα,

189 3297 322 3368 πλὴν
346 3292 505 3366 οἶμαι
533 3290 866 3362 καταδηλοῦν
899 3288 1035 3344 αὐτὸ
1067 3287 1358 3351 σκοτεινῶς
1392 3304 1453 3340 τε
1489 3288 1584 3341 καὶ
1624 3288 1765 3356 ἀμυ-

188 3388 347 3459 δρῶς,
374 3388 463 3440 ὅτι
504 3385 599 3439 καὶ
639 3386 673 3454 ἡ
705 3381 793 3437 διὰ
834 3381 1003 3452 νόμου
1030 3379 1309 3441 παίδευσις
1337 3379 1500 3448 δεκτή
1544 3395 1662 3442 πως
1709 3378 1767 3429 ὲν

201 3478 567 3549 Ἐκκλησίαις,
604 3473 894 3542 στενοτάτη
928 3473 1025 3542 μὲν
1049 3466 1186 3524 οὖσα
1208 3470 1296 3523 διά
1325 3486 1388 3537 γε
1417 3469 1478 3522 τδ
1506 3471 1764 3538 άσυμφα-

190 3569 271 3632 νὲς
292 3568 386 3621 τοῦ
418 3567 748 3637 γράμματος
766 3580 780 3595 ο
819 3561 1100 3631 προίόντος
1130 3575 1195 3627 γε
1226 3557 1333 3628 μὴν
1358 3559 1438 3619 είς
1467 3556 1642 3626 μῆκος
1669 3553 1765 3607 τοῦ

190 3660 397 3732 χρόνον,
429 3658 581 3720 τέλος
610 3656 721 3720 ἕξει
746 3654 807 3707 τὸ
839 3651 969 3722 περὶ
1001 3649 1236 3722 Χριστοῦ
1267 3649 1589 3719 μυστήριον,
1618 3644 1763 3698 τοῦτ’

192 3755 320 3818 ἐστι,
388 3751 493 3821 τὴν
547 3749 773 3818 ὀγδόην,
824 3746 943 3815 ῆτοι
996 3742 1096 3814 τὴν
1148 3743 1206 3795 ὲν
1255 3740 1419 3811 ὀγδόῃ
1466 3736 1764 3809 γενομένην

193 3842 503 3898 ἀνάστασιν.
549 3839 712 3901 Τέλος
754 3836 864 3906 γὰρ
902 3832 1065 3903 νόμου
1110 3831 1205 3884 καί⁹
1238 3827 1531 3901 προφητῶν
1563 3829 1592 3880 6
1630 3827 1764 3896 Χρι-

194 3936 327 4002 στὸς,
342 3933 481 4005 πρὸς
503 3931 561 3984 ὂν
578 3929 673 3983 κα)⁸
696 3930 724 3982 ὁ
747 3928 889 3990 θεῖος
907 3922 1252 3994 ἀνακέκραγε
1268 3920 1451 3973 Δαϐίδο
1486 3937 1503 3969 ι
1531 3918 1765 3971 Πλατεία

192 4029 223 4095 ἡ
254 4024 441 4093 ἐντολή
473 4037 567 4073 σου
620 4017 841 4088 σφόδρα.
892 4032 909 4067 ι
956 4013 1164 4084 Γράφει
1192 4010 1251 4063 δὲ
1294 4009 1389 4063 καὶ
1420 4009 1449 4060 6
1478 4006 1764 4069 Θεσπέσιος

196 4117 418 4180 Παῦλος,
446 4116 559 4176 τοῖς
586 4112 683 4181 τήν
712 4112 769 4162 ὲν
807 4104 957 4177 νόμῳ
993 4103 1249 4171 λατρείαν
1273 4100 1376 4171 τῆς
1405 4101 1485 4164 εἰς
1528 4095 1764 4169 Χριστὸν

196 4210 420 4270 πίστεως
463 4199 925 4277 προτετιμηκόσιο
979 4216 997 4247 ι
1032 4195 1105 4248 Τὸ
1149 4193 1325 4263 στόμα
1369 4191 1525 4262 ἡμῶν
1553 4189 1763 4260 ἀιέῳγε

196 4303 322 4373 πρὸς
348 4300 518 4370 ὑμᾶς,
550 4293 846 4365 Κορίνθιοι,
872 4292 906 4359 ή
941 4286 1137 4359 καρδία
1169 4284 1325 4357 ήμῶν
1368 4283 1760 4337 πεπλάτυνται’

194 4392 249 4444 οὐ
277 4385 696 4459 στενοχωρεῖσθε
730 4387 787 4437 ἐν
816 4383 982 4452 ἡμῖν,
1022 4375 1443 4447 στενοχωρεῖσθε
1472 4374 1527 4426 δὲ
1564 4374 1621 4426 ἐν
1650 4374 1763 4436 τοῖς

198 4483 521 4554 σπλάγχνοις
548 4477 722 4549 ὑμῶν.
758 4474 868 4546 Τὴν
897 4473 955 4527 δὲ
983 4470 1151 4542 αὐτὴν
1186 4467 1530 4539 ἀντιμισθίαν
1566 4467 1641 4530 ὼς
1677 4465 1765 4519 τέ-

1864 2026 1940 2072 et.
1965 2018 2209 2086 quinque
2243 2019 2415 2074 aulaea
2453 2029 2621 2073 erunt
2667 2020 3004 2075 cohaerentia
3047 2021 3281 2075 alterum
3319 2021 3455 2076 alte-

1864 2109 1913 2163 ri
1939 2108 2005 2161 “.
2039 2128 2058 2160 ι
2096 2110 2295 2166 Decem
2325 2110 2508 2179 itaque
2541 2110 2773 2167 cortinae
2833 2122 2984 2176 sunt,
3013 2121 3068 2166 et
3097 2112 3243 2167 inter
3275 2128 3333 2166 se
3360 2128 3452 2165 ar-

1865 2199 2012 2253 ctius
2058 2207 2358 2264 consertae;
2416 2200 2605 2254 multae
2658 2214 2905 2270 namque
2955 2201 3274 2257 mansiones
3325 2208 3456 2259 sunt

1864 2290 2009 2359 apud
2036 2290 2282 2345 Patrem:
2318 2300 2379 2345 et
2409 2291 2506 2360 qui
2554 2291 2611 2345 in
2641 2290 2754 2345 illis
2806 2290 3085 2357 habitant,
3123 2309 3297 2346 unum
3327 2306 3460 2361 pro»

1865 2373 2008 2435 fecto
2034 2379 2290 2433 omnibus
2316 2388 2420 2444 est,
2447 2396 2511 2435 ac
2533 2380 2689 2449 pium
2724 2381 3104 2451 propositum,
3144 2398 3251 2436 una
3281 2382 3452 2436 etiam

1866 2467 1935 2524 de
1962 2469 2079 2524 Deo
2098 2469 2368 2540 cognitio;
2395 2469 2451 2523 in
2475 2485 2608 2539 pace
2633 2485 2879 2539 namque
2904 2470 3123 2524 vocavit
3150 2485 3251 2525 nos
3282 2470 3451 2533 Deus,

1867 2568 1931 2613 ut
1947 2558 2212 2629 scriptum
2233 2568 2318 2615 est
2337 2558 2406 2614 ⁸⁵.
2457 2559 2672 2616 Poteris
2695 2568 2889 2615 autem
2938 2560 3132 2615 decem
3180 2561 3376 2625 aulaea,
3407 2560 3456 2615 si

1864 2650 2065 2721 placet,
2114 2651 2389 2720 accipere,
2423 2659 2590 2720 atque
2648 2651 2973 2706 existimare
3016 2666 3288 2706 summam
3329 2667 3454 2707 esse
3554 2668 3559 2673 '

1867 2739 2133 2803 omnium,
2169 2754 2292 2808 quae
2314 2739 2521 2808 ubique
2565 2748 2720 2804 sunt,
2766 2738 3167 2803 Ecclesiarum,
3201 2755 3323 2810 quae
3354 2739 3459 2793 mi-

1867 2830 2016 2885 nime
2042 2828 2098 2883 in
2124 2828 2375 2884 diversas
2421 2829 2733 2885 sententias
2762 2837 2820 2884 et
2848 2837 3287 2900 compugnantes
3339 2828 3457 2899 opi-

1868 2922 2065 2976 niones
2088 2920 2279 2975 divisae
2303 2927 2453 2985 sunt,
2489 2919 2586 2974 sed
2640 2920 2953 2989 conjunctae
3002 2921 3225 2990 spiritu,
3268 2928 3323 2975 et
3357 2936 3457 2990 per

1871 3013 2158 3077 unitatem,
2181 3026 2305 3079 quae
2333 3020 2419 3067 est
2451 3011 2508 3065 in
2563 3010 2785 3065 Christo
2828 3024 2929 3080 per
2983 3009 3174 3074 ﬁdem,
3201 3010 3360 3080 quasi
3396 3010 3455 3064 in

1871 3119 2042 3159 unum
2071 3106 2410 3159 constrictae:
2440 3101 2806 3170 ubiqueenim
2829 3109 2886 3155 et
2912 3101 2970 3155 in
2994 3101 3255 3155 omnibus
3310 3116 3456 3156 unus

1870 3194 2154 3257 Dominus,
2206 3209 2314 3247 una
2357 3192 2514 3256 ﬁdes,
2552 3206 2723 3245 unum
2760 3190 3034 3259 baptisma
3055 3191 3122 3244 ⁸⁸.
3176 3190 3454 3246 Uniuscu-

1873 3287 2073 3357 jusque
2095 3292 2281 3338 autem
2308 3283 2467 3338 aulaei
2491 3283 2724 3338 latitudo
2754 3291 2995 3353 quatuor
3018 3282 3332 3338 cubitorum
3349 3290 3453 3347 est,

1866 3386 1924 3432 et
1970 3376 2164 3446 viginti
2204 3383 2263 3430 et
2310 3383 2436 3430 octo
2480 3374 2806 3445 longitudo;
2837 3375 3005 3446 316
3037 3383 3095 3428 et
3144 3373 3201 3429 id
3228 3374 3455 3444 quidem

1865 3469 2097 3538 aenigma
2119 3467 2409 3537 operosius
2429 3476 2513 3521 est
2541 3474 2707 3536 atque
2752 3467 3012 3521 subtilius
3052 3483 3068 3518 :
3100 3465 3237 3520 illud
3271 3476 3455 3521 tamen

1865 3559 2099 3614 obscure
2151 3574 2216 3613 ac
2242 3559 2479 3613 latenter
2518 3575 2585 3614 eo
2608 3559 2906 3630 signiﬁcari
2931 3558 3195 3625 arbitror,
3216 3560 3355 3631 legis
3372 3560 3456 3615 in-

1866 3650 2213 3705 stitutionem
2247 3649 2467 3703 admitti
2498 3650 2554 3702 in
2577 3650 2875 3715 Ecclesias,
2908 3659 3195 3721 angustam
3229 3650 3455 3720 quidem

1866 3742 2018 3797 illam
2046 3751 2273 3812 propter
2295 3740 2497 3796 littera:
2522 3741 2941 3805 obscuritatem,
2973 3741 3072 3796 sed
3111 3751 3363 3812 tempore
3392 3741 3453 3795 in

1864 3832 2088 3902 longum
2112 3831 2531 3902 progrediente,
2564 3817 3074 3885 ﬁnem°habituram
3092 3832 3148 3885 in
3168 3831 3454 3901 ipsoChri—

1864 3925 1935 3981 sti
1961 3924 2240 3995 mysterio,
2266 3922 2320 3978 id
2340 3931 2446 3988 est,
2473 3931 2666 3977 octavo
2689 3921 2904 3986 die,seu
2937 3921 2993 3974 in
3022 3922 3452 3985 resurrectione,

1864 4033 1987 4087 quae
1999 4024 2193 4072 octavo
2208 4015 2298 4070 die
2321 4015 2554 4085 contigit
2576 4033 2588 4067 :
2618 4014 2744 4069 ﬁnis
2758 4013 3112 4084 quippelegis
3139 4029 3204 4067 ac
3218 4014 3457 4084 prophe-

1868 4116 2070 4172 tarum,
2097 4107 2355 4162 Christus
2381 4123 2396 4171 ;
2423 4105 2491 4160 ad
2516 4121 2684 4176 quem
2714 4105 2884 4160 etiam
2919 4105 3115 4159 beatus
3138 4105 3309 4159 David
3338 4105 3452 4161 ela-

1864 4201 2079 4256 mabat:
2118 4219 2135 4251 ι
2161 4199 2359 4253 Latum
2383 4197 2706 4252 mandatum
2751 4203 2907 4250 tuum
2930 4196 3100 4250 nimis
3118 4196 3182 4249 ".
3241 4215 3262 4247 ι
3301 4196 3452 4251 Scri-

1866 4291 1948 4346 bit
1972 4292 2137 4345 etiam
2177 4291 2372 4344 beatus
2421 4288 2625 4343 Paulus
2672 4286 2742 4341 ad
2762 4301 2860 4341 eos
2916 4285 3011 4355 qui
3060 4287 3269 4341 cultum
3317 4286 3454 4356 legis

1865 4382 2070 4438 Christi
2089 4381 2216 4435 ﬁdei
2234 4378 2642 4449 przeferebant:
2677 4396 2694 4427 ι
2712 4376 2785 4431 Os
2807 4384 3060 4431 nostrum
3087 4371 3340 4446 apertum
3369 4384 3454 4431 est

1865 4472 1936 4527 ad
1966 4486 2086 4533 vos,
2109 4469 2420 4533 Corinthii;
2454 4482 2549 4521 cor
2573 4475 2825 4521 nostrum
2864 4466 3154 4521 dilatatum
3175 4474 3299 4522 est:
3340 4482 3449 4522 non

196 4591 333 4637 κνοις
352 4573 519 4642 λέγω.
548 4566 889 4636 Πλατύνθητε
911 4565 1006 4618 καὶ
1030 4564 1208 4633 ὑμεῖς,
1240 4560 1317 4631 μὴ
1345 4557 1557 4656 γίνεσθε

1871 4561 2261 4634 angustiamini
2286 4561 2342 4615 in
2374 4559 2572 4624 nobis;
2622 4558 3015 4630 angustiamini
3062 4568 3248 4615 autem
3289 4561 3346 4614 in
3371 4559 3452 4614 vi-

195 4662 477 4730 ζυγοῦντες
497 4658 765 4719 ἀπίστοις.
796 4674 817 4707 ι
852 4654 1013 4724 Ὁρᾷς
1033 4652 1114 4705 ὃτι
1134 4651 1196 4703 τὸ
1217 4647 1572 4720 προσκεῖσθαι
1592 4646 1764 4698 θέλειν

1871 4654 2121 4710 secribus
2149 4653 2386 4709 vestris:
2417 4651 2669 4707 eamdem
2720 4658 2907 4705 autem
2960 4651 3227 4707 habentes
3263 4667 3451 4708 remu-

194 4758 297 4818 τοῑς
331 4754 696 4824 ἀπειθήσασιν
736 4748 1007 4811 Ἰουδαίοις
1052 4746 1146 4800 καὶ
1186 4741 1442 4798 λαλοῦσιν
1485 4742 1568 4795 ἑτι
1606 4741 1674 4796 τά
1707 4742 1764 4794 ὲν

1871 4744 2237 4809 nerationem,
2260 4753 2521 4814 tanquam
2556 4742 2684 4797 liliis
2716 4742 2863 4807 dico,
2900 4742 3208 4798 dilatamini
3246 4752 3303 4798 et
3330 4760 3447 4800 vos.

196 4842 333 4916 νόμῳ
363 4845 505 4915 μετὰ
530 4846 626 4914 τὴν
653 4840 854 4904 πίστιν,
884 4834 1338 4909 στενοχωρεῖσθαι
1371 4835 1552 4898 ποιεῖ;

1872 4836 2052 4891 Nolite
2070 4837 2263 4907 jugum
2289 4835 2497 4890 ducere
2520 4848 2647 4888 cum
2670 4832 2984 4889 inﬁdelibus
3013 4834 3081 4890 ⁸³⁸.
3106 4853 3125 4886 ι
3155 4833 3323 4889 Vides
3344 4834 3449 4905 igi-

198 4948 280 4994 tur
318 4932 782 5009 quemadmodum
812 4930 952 4985 velle
1008 4926 1211 4983 Judaeis
1255 4924 1559 4981 incredulis
1583 4923 1865 4980 adhaerere
1898 4935 2025 4998 post
2064 4927 2251 4991 ﬁdem,
2305 4941 2372 4981 ea
2421 4938 2544 4993 qua:
2597 4921 2653 4976 in
2693 4922 2813 4993 lege
2871 4932 3001 4979 sunt
3064 4925 3446 5009 loquentibus,

198 5036 250 5088 in
270 5036 559 5102 angustum
590 5023 857 5080 adducat?

261 5126 464 5180 ΠΛΛᾹ.
500 5120 748 5190 Συνίημι.

259 5221 420 5273 ΚΥΡ.
469 5214 635 5268 ἰστία
665 5211 724 5265 δὲ
765 5211 887 5272 ταῖς
918 5206 1169 5269 αὐλαίαις
1200 5207 1275 5274 ,ὲκ
1308 5203 1507 5287 βῦσσου
1554 5203 1764 5257 κεκλω-

201 5310 412 5381 σμένης,
453 5310 547 5363 καὶ
586 5304 843 5360 ὑακίνθου
880 5301 973 5354 καὶ
1001 5297 1325 5370 πορφύρας,
1372 5298 1465 5351 καὶ
1507 5296 1759 5350 κοκκίνου

200 5400 586 5470 κεκλωσμένου.
648 5392 1019 5465 Παμποίκιλος
1073 5390 1180 5459 γὰρ
1226 5389 1326 5459 τῆς
1353 5386 1681 5458 Ἐκκλησίας
1732 5388 1762 5441 ὁ

201 5491 412 5559 κόσμος.
464 5489 634 5543 Τοῦτό
683 5504 767 5539 τοι
812 5486 908 5539 καὶ
945 5486 975 5537 6
1026 5480 1310 5542 θεσπέσιος
1343 5478 1535 5547 ψάλλει
1574 5476 1757 5543 Δασὶδ,

199 5580 286 5633 ὡδί
313 5600 387 5654 πη
410 5581 583 5649 λέγων
616 5580 743 5650 περὶ¹
771 5578 964 5647 αὐτῆςο
998 5594 1017 5627 ι
1056 5574 1308 5644 Παρέστη
1326 5574 1359 5642 ἡ
1384 5570 1667 5631 βασίλισσα
1694 5571 1760 5622 ἐκ

202 5671 377 5737 δεξιῶν
401 5690 494 5726 σου
544 5674 603 5725 ὲν
650 5669 930 5741 ἱματισμῷ
974 5665 1252 5737 διαχρύσῳ
1296 5662 1755 5736 περιϐεϐλημένη,

1060 5782 1104 5813 ⁸⁸
1130 5780 1148 5834 l
1173 5780 1297 5836 Cor.
1322 5795 1414 5833 vn.
1450 5779 1529 5832 l3.
1610 5776 1656 5809 "
1679 5776 1878 5837 thes.
1908 5793 1956 5831 ιν
2009 5777 2058 5831 5.

1946 5106 2143 5162 PALL.
2172 5103 2441 5175 Intelligo.

1941 5198 2098 5255 CYR.
2125 5197 2266 5253 Sunt
2286 5206 2469 5251 autem
2492 5195 2792 5249 aulicorum
2826 5193 2946 5248 vela
2975 5206 3044 5247 ex
3090 5191 3254 5265 bysso
3279 5202 3444 5261 torta,

1866 5300 1925 5347 et
1949 5289 2266 5362 hyacintho,
2291 5294 2348 5342 et
2390 5301 2655 5356 purpura,
2688 5294 2748 5339 et
2796 5284 3021 5338 coccino
3056 5293 3206 5340 neto.
3252 5286 3449 5343 Varius

1865 5393 1951 5438 est
1974 5383 2122 5437 enim
2147 5379 2405 5436 Ecclesiae
2426 5385 2674 5431 ornatus.
2704 5377 2874 5446 quue
2915 5376 3082 5431 etiam
3118 5377 3312 5432 beatus
3343 5378 3447 5433 Da-

1866 5475 1957 5530 vid
1994 5472 2275 5544 psallendo
2325 5468 2494 5532 canit,
2527 5467 2608 5522 sic
2662 5467 2734 5522 de
2804 5467 2897 5521 illa
2947 5467 3171 5523 dicens:
3216 5469 3446 5524 «Astitit
3538 5458 3543 5467 ’

1868 5568 2055 5640 regina
2080 5583 2111 5621 a
2134 5565 2342 5621 dextris
2376 5563 2487 5619 tuis
2519 5563 2573 5616 in
2620 5559 2824 5615 vestitu
2872 5558 3157 5626 deaurato,
3208 5560 3445 5616 circum-

1865 5660 2012 5725 data,
2040 5660 2315 5730 variegata
2342 5661 2416 5712 ’3’:
2454 5678 2470 5709 ι
2502 5662 2886 5712 ornamentum
2932 5661 3116 5710 autem
3163 5655 3336 5725 ipsius
3376 5670 3441 5711 ac

274 5786 315 5817 “
349 5787 514 5841 Exod.
566 5802 710 5847 xxvi,
747 5784 767 5836 l
801 5798 953 5852 seqq.
1060 5782 1104 5813 ⁸³
1130 5780 1148 5834 l
1173 5780 1297 5836 Cor.
1322 5795 1414 5833 vn.
1450 5779 1529 5832 l3.
1610 5776 1656 5809 "
1679 5776 1878 5837 thes.
1908 5793 1956 5831 ιν
2009 5777 2058 5831 5.
2172 5777 2217 5811 ⁸⁷
2248 5776 2387 5830 Psal.
2415 5788 2594 5837 cxvm,
2670 5772 2755 5831 96.
2835 5770 2880 5803 "
2913 5770 2958 5827 ll
2985 5771 3113 5827 Cor.
3144 5786 3219 5837 Vl,
3254 5770 3435 5827 ll-M.

223 5855 263 5886 "
297 5857 408 5911 Psal
465 5872 602 5921 xuv,
642 5856 721 5908 l0.
