3982 6526
605 418 711 475 655

1593 413 1648 468 S.
1690 412 1962 467 CYRILLI
2003 406 2479 465 ALEXANDRINI
2519 405 2841 463 ARCHIEP.

607 533 895 604 multiplex
940 531 1105 586 decor
1160 528 1414 584 Christus
1441 535 1546 589 est,
1572 527 1690 596 qui,
1752 542 1875 581 cum
1917 539 2062 579 unus
2087 538 2173 577 se-

2281 518 2758 617 πεῖτοικξλμένῖηέ-»
2793 519 3076 617 κόσμημα
3212 524 3305 578 καὶ
3326 524 3606 599 ὡραϊσμὸς
3628 533 3680 589 ὲν
3707 542 3810 617 αὐτῇ

608 626 849 683 cundum
876 631 1128 678 naturam
1153 620 1246 684 sit,
1273 618 1462 690 ﬁguris
1486 626 1668 673 tamen
1701 618 1888 673 multis
1906 633 1970 673 ac
2002 617 2185 671 diver-

604 712 1036 781 sisintelligitur,
1052 710 1299 773 velut,ne
1311 706 1527 776 longius
1544 706 1819 770 abeam,et
1834 706 1997 778 bysso
2014 714 2179 769 torta,

602 805 750 874 quod
767 802 899 857 illud
924 817 993 856 ex
1017 801 1130 856 Deo
1143 801 1305 855 Patre
1323 799 1568 870 genitum
1585 797 1846 861 Verbum,
1870 812 1995 851 cum
2019 806 2181 851 tenue

603 896 694 958 sit,
724 904 779 950 et
808 895 1196 964 incorporeum
1225 890 1527 945 secundum
1554 898 1830 954 naturam,
1863 897 2065 943 tortum
2096 896 2182 943 est

601 984 1024 1057 quodammodo,
1080 999 1147 1039 eo
1181 982 1327 1054 quod
1362 997 1486 1037 cum
1537 997 1703 1037 carne
1731 981 1887 1050 quasi
1949 995 2175 1035 conser-

601 1088 718 1133 tum
746 1087 849 1133 est.
878 1077 1081 1148 Byssus
1102 1084 1187 1130 est
1212 1075 1379 1142 igitur
1411 1082 1584 1129 torta:
1628 1074 1926 1145 hyacintho
1948 1080 2178 1142 prater-

598 1187 664 1226 ea
715 1170 918 1234 simile,
955 1169 1085 1239 quia
1132 1183 1243 1222 non
1265 1183 1332 1222 ex
1355 1177 1526 1231 terra,
1557 1165 1656 1220 sed
1696 1180 1957 1235 superne,
1996 1180 2060 1218 ac
2107 1163 2175 1219 de

598 1261 767 1316 calo:
793 1276 918 1315 nam
942 1261 1239 1332 hyacintho
1268 1261 1548 1331 persimile
1573 1268 1659 1313 est
1699 1259 1805 1313 hoc
1831 1259 2088 1322 sublime,
2119 1267 2176 1312 et

598 1366 922 1421 supernum,
948 1360 1003 1406 et
1034 1352 1324 1407 atherium
1352 1367 1574 1421 corpus,
1597 1351 1742 1419 quod
1762 1350 1826 1406 ad
1868 1351 2048 1420 ipsum
2076 1366 2173 1404 us-

597 1459 705 1514 que
732 1443 1138 1500 ﬁrmamentum
1172 1444 1432 1514 pertinet.
1469 1443 1539 1498 Ut
1594 1442 1923 1513 hyacinthus
1982 1441 2168 1511 igitur,

596 1538 729 1606 quia
763 1537 831 1592 de
854 1538 994 1593 calo
1025 1544 1138 1592 est:
1178 1551 1423 1607 purpura
1450 1551 1602 1599 vero,
1635 1536 1763 1605 quia
1803 1535 2028 1589 minime
2056 1549 2171 1588 ser-

597 1640 721 1690 vus,
752 1635 1007 1696 tanquam
1036 1626 1351 1689 factus,sed
1383 1642 1454 1679 ex
1483 1626 1596 1679 Deo
1629 1640 1746 1689 rex,
1771 1634 1827 1678 et
1877 1625 2165 1679 universo-

601 1732 723 1771 rum
764 1718 1048 1773 Dominus.
1075 1718 1304 1771 Tortum
1344 1732 1512 1786 porro
1552 1716 1858 1780 coccinum,
1890 1716 2019 1785 quia
2043 1729 2167 1769 cum

596 1818 743 1864 esset
762 1826 885 1865 cum
913 1826 1076 1864 carne
1098 1817 1434 1873 consertum,
1461 1818 1523 1863 ut
1553 1807 1716 1863 modo
1733 1808 1866 1871 dixi,
1908 1815 1965 1863 et
1983 1816 2167 1861 tamen

596 1918 724 1959 vere
737 1904 833 1959 Dei
866 1903 1124 1966 Verbum,
1155 1918 1313 1957 suum
1340 1902 1656 1973 sanguinem
1686 1916 1787 1971 pro
1820 1901 1980 1955 nobis
1994 1901 2165 1967 dedit;

597 1995 880 2065 sanguinis
914 1995 1118 2064 quippe
1168 1994 1381 2063 signum
1411 2000 1496 2047 est
1524 1993 1829 2047 coccinum.
1865 1992 2166 2047 Cherubim

595 2092 775 2138 autem
800 2083 1016 2152 depicta
1045 2090 1205 2137 erant
1232 2084 1286 2137 in
1314 2083 1579 2151 pellibus;
1596 2098 1702 2151 qua
1720 2084 1775 2137 in
1797 2098 1857 2137 re
1879 2083 2165 2151 aptissime
2200 2082 2209 2105 “

594 2173 822 2229 fortasse
850 2172 1458 2244 signiﬁcatur,summis
1510 2173 1617 2227 ima
1642 2174 1957 2243 conjuncta,
2003 2174 2165 2243 317

594 2273 758 2335 atque
775 2266 1097 2321 coelestibus
1145 2265 1449 2320 virtutibus
1495 2273 1816 2320 terrestrem
1860 2264 2166 2319 Eeclesiam

593 2371 713 2412 esse
740 2372 1061 2412 connexam.
1096 2357 1235 2411 Illud
1261 2367 1443 2413 autem
1491 2357 1633 2412 scitu
1671 2356 1896 2427 dignum
1926 2366 2031 2421 est,
2078 2373 2166 2411 sa-

593 2446 997 2517 pientissimum
1018 2463 1241 2517 quoque
1266 2449 1444 2502 virum
1491 2446 1836 2501 Salomonem
1866 2448 1921 2501 in
1946 2448 2171 2517 parieti-

593 2537 699 2592 bus
725 2538 911 2608 templi
944 2537 1246 2593 Cherubim
1282 2538 1655 2608 insculpsisse,
1719 2548 1883 2607 atque
1914 2539 1980 2593 ad
2021 2539 2169 2593 hunc

592 2628 853 2684 eumdem
877 2630 1105 2683 modum
1123 2631 1374 2685 effectam
1398 2630 1545 2684 illam
1578 2645 1698 2685 esse
1734 2631 1931 2685 domus
1964 2630 2170 2685 deseri-

591 2718 833 2789 ptionem
882 2735 1003 2788 qua
1024 2718 1333 2773 Ezechielis
1370 2732 1504 2773 voce
1552 2718 1896 2788 signiﬁcatur
1938 2718 2007 2771 ’°.
2056 2719 2168 2772 Au-

592 2809 815 2863 laorum
845 2825 1011 2879 porro
1036 2809 1272 2880 tegmina
1305 2815 1434 2863 sunt
1458 2809 1579 2864 vela
1625 2809 1906 2879 capillacia
1937 2809 2083 2864 ansis
2115 2819 2170 2863 et

592 2901 815 2956 circulis
841 2903 1167 2957 constricta:
1195 2900 1537 2971 operimenta
1559 2910 1826 2971 praterea
1858 2902 2167 2971 superiecta

591 2992 959 3065 hyacinthina
1005 2995 1196 3063 pelles,
1250 3001 1306 3049 et
1343 2994 1517 3064 pelles
1556 2994 1791 3049 arietum
1852 2995 2164 3058 rubricata,

592 3087 1005 3157 quaChristum
1042 3087 1301 3142 Ecclesia
1326 3093 1698 3155 protectorem
1742 3085 2024 3151 indicant;
2065 3102 2167 3156 per

591 3179 947 3251 hyacinthum
982 3194 1197 3243 rursus,
1256 3187 1446 3249 utpote
1479 3179 1571 3248 qui
1599 3195 1629 3233 e
1663 3178 1803 3234 calo
1847 3179 1939 3243 sit,
1997 3194 2164 3248 supe-
2192 3203 2235 3259 ο

590 3272 777 3341 risque
807 3272 974 3337 locis;
1005 3288 1105 3341 per
1128 3273 1367 3326 colorem
1403 3278 1587 3325 autem
1618 3270 1871 3334 rubrum,
1902 3279 1963 3324 ut
1989 3271 2082 3340 qui
2110 3272 2165 3324 in

588 3378 753 3418 carne
790 3363 861 3417 sit
884 3372 1068 3429 ortus;
1101 3363 1222 3418 talis
1243 3370 1326 3417 est
1356 3362 1505 3417 enim
1538 3361 1943 3432 quodammodo
1987 3363 2168 3416 carnis

588 3451 759 3506 color.

659 3542 856 3596 PALL.
896 3542 1101 3597 Harum
1145 3558 1327 3597 rerum
1361 3543 1878 3612 contemplationem
1924 3559 2032 3596 non
2074 3545 2169 3597 ab-

588 3630 756 3687 surde
787 3647 845 3686 se
873 3632 1077 3687 habere
1100 3649 1319 3688 censeo.

658 3722 817 3779 CYR.
867 3724 1148 3781 Columna
1190 3733 1377 3781 autem
1420 3726 1717 3782 aulaorum
1770 3728 1826 3781 in
1877 3728 2168 3783 latitudine

588 3814 811 3884 quidem
833 3816 1080 3870 cubitum
1097 3832 1159 3871 ac
1178 3816 1471 3871 dimidium
1490 3817 1722 3883 habent,
1750 3818 1805 3872 in
1823 3818 2167 3889 longitudine

588 3906 788 3971 denos;
834 3921 1136 3976 earumque
1167 3912 1284 3961 tum
1332 3906 1540 3977 capita,
1574 3914 1689 3961 tum
1738 3923 1967 3978 corpora
2012 3914 2170 3962 erant

586 4014 726 4052 auro
764 4014 1059 4069 conspersa
1081 4040 1095 4062 ,
1132 3999 1385 4069 binisque
1408 3998 1664 4065 basibus,
1686 3999 1863 4069 iisque
1896 4000 2169 4070 argenteis

586 4090 983 4145 innitebantur.
1033 4091 1091 4145 In
1145 4090 1376 4161 singulis
1432 4105 1600 4159 porro
1652 4091 1924 4146 columnis
1976 4108 2171 4149 rursus

583 4180 1211 4253 Christusintelligitur,
1246 4183 1503 4237 Ecclesia
1544 4183 1811 4246 fulcrum,
1836 4198 1901 4238 ac
1922 4184 2171 4239 veritatis

588 4272 992 4328 ﬁrmamentum
1009 4314 1022 4337 ,
1053 4281 1113 4328 ut
1137 4274 1338 4328 Paulus
1354 4273 1430 4327 ait
1446 4273 1509 4326 ⁹¹.
1535 4272 1729 4327 Omnia
1755 4289 1888 4328 vero
1906 4274 2021 4343 ipse
2039 4290 2170 4330 con-

587 4364 767 4419 firmat
805 4373 861 4420 et
900 4366 1170 4429 continet;
1199 4381 1325 4418 nam
1382 4380 1482 4434 per
1516 4380 1687 4418 unum
1728 4364 1974 4419 cubitum
2004 4374 2167 4436 atque

586 4454 874 4509 dimidium
913 4463 1025 4508 tum
1060 4455 1368 4525 perfectus,
1402 4454 1551 4524 quod
1588 4454 1656 4509 ad
1689 4465 1940 4509 naturam
1965 4457 2165 4511 divini-

2291 610 2596 681 πολυειδὴς,
2625 612 2654 663 ό
2685 610 2915 681 Χριστὸς
2939 648 2953 672 .
2986 605 3066 675 είς
3094 612 3194 684 μὲν
3222 617 3362 670 κατὰ
3390 619 3557 688 φύσιν
3581 605 3809 699 ὑπάρχωνῖ

2286 702 2573 773 αἰνίγμασι
2616 703 2673 756 δὲ
2712 702 2928 765 πολλοῖς
2970 706 3063 758 καὶ
3093 705 3363 779 διαφόροις
3391 711 3691 781 νοούμενος,
3710 716 3807 789 οἷον,

2285 795 2417 865 φέρε
2450 798 2645 859 εἰπεῖν,
2674 796 2768 849 καὶ
2792 796 2989 866 βύσσος
3013 796 3391 871 κεκλωσμένη.
3432 802 3630 872 ’ἰσχνὸς
3652 810 3809 879 γὰρῶν

2283 890 2375 939 καί⁵
2405 884 2692 957 ἀσώματος
2724 886 2865 941 κατὰ
2893 886 3053 955 φύσιν
3076 890 3105 942 ό
3127 889 3192 941 ὲκ
3216 889 3352 943 Θεοῦ
3382 891 3480 943 τοῦ
3518 894 3712 965 Πατρδς
3732 904 3809 953 Αά.

2281 991 2377 1042 γος
2403 1019 2418 1044 ,
2480 978 2787 1033 κέκλωσται
2834 979 3035 1050 τρόπον
3083 980 3205 1033 τινὰ
3254 980 3341 1034 διὰ
3371 982 3478 1051 τῆς
3530 987 3679 1039 οἱονεὶ
3706 993 3807 1061 πρὸς

2282 1067 2459 1138 σάρκα
2488 1070 2825 1141 συμπλοκῆς.
2869 1070 3077 1125 Οὐκοῦν
3115 1073 3208 1125 καὶ
3260 1070 3461 1141 βύσσος
3483 1077 3805 1151 κεκλωσμένη,

2279 1160 2371 1214 καὶ
2396 1161 2521 1231 μὴν,
2547 1163 2643 1215 καὶ
2665 1162 2740 1226 ὡς
2761 1162 3035 1228 ὑάκινθος,
3061 1164 3144 1217 ὅτι
3177 1166 3251 1235 μὴ
3281 1166 3346 1220 ἐκ
3369 1166 3500 1235 γῆς,
3522 1167 3629 1221 ἀλλ’
3646 1171 3806 1227 ἄνωθεν

2277 1249 2371 1301 καὶ
2402 1249 2460 1313 ἐξ
2499 1249 2729 1321 ούρανοῦ
2756 1268 2771 1282 ο
2810 1250 3049 1319 ὑακίνθῳ
3078 1252 3186 1323 γάρ
3223 1271 3340 1317 πως
3382 1257 3806 1324 παρεικὰζεταιιὺ

2276 1338 2409 1407 ὑψοῦ
2441 1357 2496 1392 τε
2529 1339 2621 1392 καὶ
2652 1341 2763 1394 ἄνω
2795 1341 2886 1393 καὶ
2920 1340 3159 1412 αἰθέριον
3207 1343 3399 1413 σῶμα,
3435 1343 3499 1396 τὸ
3540 1348 3627 1398 καὶ
3654 1348 3804 1419 μέχρις

2274 1430 2437 1483 αὑτοῦ
2468 1430 2651 1500 διῆκον
2680 1431 2774 1485 τοῦ
2814 1432 3213 1503 στερεώματος.
3246 1433 3459 1487 Οὐκοῦν
3491 1436 3566 1498 ὡς
3600 1438 3803 1503 ὑάκινθος

2272 1520 2361 1574 διὰ
2391 1520 2452 1573 τὸ
2480 1522 2538 1586 ἐξ
2578 1522 2838 1594 οὐρανοῦ,
2871 1524 3129 1595 πορφύρα
3172 1524 3230 1576 δὲ
3250 1563 3265 1586 ,
3297 1526 3381 1578 ὅτι
3419 1527 3495 1596 μὴ
3532 1526 3721 1592 δοῦλος,
3747 1532 3800 1595 ὡς

2272 1612 2518 1683 γενητὸς,
2546 1613 2660 1666 ἀλλ’
2684 1616 2748 1667 ὲκ
2770 1613 2904 1667 Θεοῦ
2930 1613 3202 1684 βασιλεὺς,
3230 1616 3327 1669 καὶ
3348 1615 3459 1668 τῶν
3478 1617 3608 1669 ὅλων
3627 1620 3798 1690 Κύριος.

2269 1702 2662 1773 Κεκλωσμένον
2707 1704 2760 1757 δὲ
2799 1705 3069 1758 κόκκινον·
3133 1708 3192 1759 ὲν
3244 1706 3538 1775 συμπλοκῇ
3585 1708 3699 1777 γὰρ,
3745 1711 3801 1775 ὡς

2270 1794 2426 1866 ἔφην,
2448 1798 2512 1867 τῇ
2539 1796 2674 1865 πρὸς
2698 1797 2874 1867 σάρκα
2900 1795 3208 1867 νοούμενος,
3235 1796 3333 1849 καὶ
3356 1796 3613 1866 ὑπάρχων
3633 1799 3800 1868 ἀληθῶς

2201 1861 2242 1915 Β
2269 1861 2415 1941 sese
2442 1861 2800 1957 Θεοῦ-Λόγος,
2829 1889 2891 1941 τὸ
2921 1861 3051 1941 ῐδιον
3080 1881 3221 1957 αἷμα
3246 1861 3490 1942 δέδωκεν

2268 1979 2507 2049 Αἵματος
2535 1978 2643 2051 γὰρ
2668 1982 2915 2050 σημεῖον,
2940 1980 3001 2033 τὸ
3029 1980 3303 2033 κόκκινον·
3328 1980 3608 2051 Χερουϐὶμ
3630 1982 3697 2043 δὲ,
3717 1984 3797 2037 τῶν

2242 2070 2491 2161 ἓδείρεων
2520 2073 2553 2141 ἠ
2584 2071 2795 2142 γραφὴ,
2824 2071 2899 2161 τὸν
2916 2071 3186 2141 συνῆφθαι
3204 2070 3361 2161 ,τάχα
3386 2088 3493 2161 που
3517 2076 3623 2135 τοῖς
3641 2074 3731 2127 ἄνω
3748 2076 3795 2129 τὰ

2269 2161 2454 2226 κάτω,
2483 2160 2577 2215 καὶ
2605 2163 2727 2225 ταῖς
2754 2163 2810 2214 ἐν
2851 2160 3065 2233 οὐρανῷ
3089 2160 3351 2230 δυνάμεσι
3391 2159 3492 2230 τὴν
3517 2163 3604 2215 ἐπὶ
3625 2163 3705 2231 τῆς
3722 2165 3795 2232 γῆς

2250 2254 2261 2275 “
2281 2249 2604 2320 Ἐκκλησίαν
2628 2251 2871 2321 ἡνῶσθαι
2894 2250 3079 2304 λοιπὸν
3101 2250 3534 2320 καταδηλοῦντος
3559 2250 3644 2305 τσῦ
3665 2253 3795 2323 πράγ-

2272 2359 2439 2411 ματος
2478 2337 2538 2395 εὖ
2568 2343 2734 2413 μάλα.
2776 2342 2971 2397 ’ἰστέον
2993 2342 3050 2395 δὲ
3069 2343 3149 2395 ὅτι
3174 2343 3269 2396 καὶ
3292 2343 3323 2394 ὀ
3365 2341 3660 2409 σοφώτατος
3681 2344 3793 2398 Σολο-

2272 2432 2406 2504 μὼν,
2443 2434 2736 2503 ἐνεκόλαψε
2763 2437 2879 2499 τοῖς
2914 2434 3119 2505 τείχεσι
3164 2434 3260 2487 τοῦ
3289 2433 3423 2489 ναοῦ
3454 2436 3521 2487 τὰ
3551 2436 3791 2507 Χερουϐὶμ.

2282 2525 2673 2595 Ἐκπεποίηται
2719 2526 2777 2579 δὲ
2823 2526 2915 2579 τὸν
2961 2524 3125 2579 αὑτὸν
3170 2526 3385 2580 τουτονὶ
3434 2526 3626 2596 τρόπον
3667 2530 3791 2597 καὶὴ

2267 2614 2601 2681 διατύπωσις
2631 2616 2722 2670 τοῦ
2757 2616 2905 2670 οἴκου
2944 2616 3039 2671 τοῦ
3085 2618 3491 2688 σημαινομένου
3540 2618 3621 2670 διὰ
3658 2620 3794 2687 φωνῆς

2282 2706 2562 2777 ’ίεζεκιήλ.
2592 2708 2944 2779 Καλύμματα
2969 2709 3025 2761 δὲ
3048 2712 3172 2771 ταῖς
3202 2708 3456 2772 αὐλαίαις
3483 2709 3673 2779 δέρρεις
3690 2750 3702 2773 ,
3722 2712 3792 2778 ἁγ-

2269 2798 2459 2864 κύλαις
2492 2817 2551 2853 τε
2582 2801 2678 2853 καὶ
2714 2800 2926 2872 κρίκοις
2972 2801 3423 2870 συνεσφιγμέναι.
3466 2801 3572 2854 Καὶ
3608 2802 3697 2869 μὴν
3725 2802 3793 2854 καὶ

2269 2890 2732 2963 ἐπικαλύμματα,
2785 2891 3034 2963 δέρματα
3090 2892 3410 2953 ὑακίνθινα.
3468 2892 3559 2945 καὶ
3601 2891 3791 2963 δέρματα

2269 2985 2461 3054 κριῶν,
2488 2986 3006 3057 ὴρυθροδανωμὲνα,
3030 2986 3133 3056 τῆς
3170 2985 3499 3055 Ἐκκλησίας
3523 2986 3606 3038 τὸν
3631 3002 3791 3039 σκεπα-

2270 3078 2402 3149 στὴν
2436 3078 2670 3148 Χριστὸν
2705 3078 3135 3149 ὑπεμφαίνοντα,
3184 3077 3272 3131 διὰ
3323 3078 3426 3147 μὲν
3461 3077 3553 3131 τοῦ
3589 3078 3790 3131 ὑακίνθου

2271 3171 2451 3231 πάλιν,
2487 3171 2563 3234 ὡς
2585 3171 2644 3237 ὲξ
2668 3171 2898 3242 οὑρανοῦ
2931 3172 3027 3225 καὶ
3050 3171 3278 3229 ἀνωθεν.
3306 3172 3400 3225 διὰ
3428 3171 3485 3225 δέ
3509 3189 3569 3238 γε
3590 3170 3672 3226 τοῦ
3693 3175 3791 3241 ἐρυ-

2272 3260 2402 3332 θροῦ
2431 3262 2741 3332 χρώματος,
2776 3264 2853 3326 ὡς
2879 3264 2938 3316 ὲν
2971 3264 3136 3334 σαρκὶ
3165 3263 3413 3332 γέγονεν.
3450 3263 3693 3318 Τοιουτονὶ
3712 3264 3790 3335 γάρ

2270 3352 2388 3417 πώς
2421 3354 2537 3407 ἐστι
2576 3354 2636 3407 τὸ
2663 3356 2762 3425 τῆς
2789 3355 2991 3426 σαρκὸς
3018 3354 3234 3426 χρῶμα.

2340 3538 2545 3609 ΠᾹΛΛ.
2587 3557 2699 3610 Οὐκ
2727 3557 2830 3624 ἔξω
2861 3557 3018 3627 λόγου
3052 3559 3210 3613 ταυτὶ
3240 3560 3606 3633 τεθεωρῆσθαί
3634 3578 3761 3631 φημι.

2340 3735 2502 3789 ΚΥΡ.
2547 3735 2735 3789 Στύλοι
2786 3736 2843 3790 δὲ
2896 3740 3016 3801 ταῖς
3073 3738 3348 3802 αὑλαίαις,
3404 3734 3558 3809 εὖρος
3607 3739 3691 3809 μὲν
3730 3740 3784 3799 tl;

2270 3827 2449 3897 πῆχυν
2482 3827 2649 3892 ἰόντες
2679 3828 2775 3881 ἕνα
2803 3846 2861 3881 τε
2891 3828 2986 3882 καὶ
3013 3829 3207 3900 ἥμισυ.
3238 3830 3433 3900 Μῆκος
3461 3830 3515 3884 δέ
3540 3846 3597 3898 γε
3628 3829 3786 3899 μὴνεῑς

2269 3920 2422 3983 δέκα,
2457 3920 2701 3991 κεφαλὰς
2731 3920 2828 3990 μὲν
2870 3922 2965 3974 καὶ
3007 3920 3235 3992 σώματα
3262 3921 3453 3992 χρυσῷ
3473 3921 3787 3989 διαπεπασμέο

2268 4030 2370 4075 νοι,
2416 4011 2603 4082 βάσεσι
2625 4012 2681 4065 δὲ
2714 4012 2927 4075 διπλαῖς
2949 4014 3041 4065 καὶ
3072 4014 3341 4083 ἀργυραῖς
3368 4012 3782 4085 ὲπερηρεισμίνοι.

2270 4104 2489 4157 Νοεῖται
2520 4104 2577 4157 δὲ
2607 4103 2767 4158 πάλιν
2809 4102 2884 4166 ὡς
2927 4105 2982 4155 ὲν
3013 4104 3231 4174 ἑκάστῳ
3264 4104 3441 4173 στύλῳ
3473 4105 3691 4175 Χριστὸς,
3716 4102 3787 4169 τῆς

2282 4195 2607 4266 Ἐκκλησίας
2646 4194 2707 4247 τὸ
2754 4194 3003 4265 ἔρεισμα,
3029 4195 3089 4247 τὸ
3131 4195 3231 4264 τῆς
3259 4194 3517 4264 ἀληθείας
3545 4193 3783 4263 ἑδραίωμα,

2270 4287 2411 4340 κατὰ
2440 4285 2539 4359 τὴν
2570 4286 2663 4339 τοῦ
2694 4286 2908 4340 Παύλου
2942 4287 3145 4356 φωνήν.
3186 4288 3398 4356 Ἵστησι
3428 4288 3483 4340 δὲ
3517 4288 3601 4339 καὶ
3626 4284 3784 4351 συνέχει

2267 4378 2337 4431 τὰ
2366 4379 2542 4432 πάντα
2567 4376 2748 4441 αὐτός.
2782 4378 2881 4431 Διὰ
2915 4378 3016 4448 μὲν
3049 4377 3162 4448 γὰρ
3207 4376 3299 4430 τοῦ
3350 4378 3469 4442 ἑνός
3500 4394 3555 4430 τε
3588 4376 3665 4429 καὶ
3688 4375 3783 4443 ἡμί-

2272 4485 2397 4532 σους
2422 4470 2665 4537 πήχεως,
2691 4467 2765 4529 ὡς
2798 4467 3001 4530 τέλειος
3022 4465 3163 4519 κατὰ
3189 4465 3351 4535 φύσιν
3381 4466 3635 4538 θεότητος.
3659 4464 3781 4527 μείων

586 4545 714 4599 tatis
733 4546 1002 4615 pertinet,
1028 4554 1143 4599 tum
1180 4561 1313 4600 vero
1348 4546 1554 4610 minor,
1596 4547 1652 4599 in
1685 4561 1942 4601 mensura
1971 4548 2165 4620 huma-

2271 4561 2325 4613 δὲ
2355 4557 2445 4621 αὖ,
2589 4562 2644 4612 ὲν
2679 4558 3103 4630 ἀνθρωπότητος
3147 4534 3387 4629 μέτροις,
3436 4534 3658 4627 πλαγίως
3688 4556 3784 4608 ὑπο-

584 4634 773 4690 nitatis
805 4635 1026 4703 oblique
1058 4635 1415 4705 signiﬁcatur.
1456 4635 1645 4705 Neque
1689 4654 1822 4693 vero
1863 4638 2163 4693 absurdum

586 4732 691 4788 est,
730 4724 777 4779 si
819 4724 1068 4778 dicamus
1102 4724 1563 4792 perfectissimum
1590 4725 1810 4794 quidem
1849 4742 1970 4782 esse
2003 4728 2165 4783 Chri-

583 4823 761 4879 stum,
798 4821 858 4869 ut
901 4813 957 4867 in
1024 4814 1236 4884 integro
1270 4814 1477 4877 cubito,
1520 4831 1643 4871 cum
1676 4817 1821 4872 Deus
1866 4820 2167 4875 secundum

580 4914 834 4960 naturam
859 4903 960 4968 sit;
985 4902 1242 4957 eumdem
1270 4910 1453 4957 tamen
1472 4912 1532 4958 ut
1556 4905 1612 4959 in
1637 4905 1867 4962 dimidio
1890 4909 2077 4963 cubito
2098 4926 2165 4965 ex

583 4997 825 5052 humana
857 5006 1059 5052 natura
1078 4996 1509 5051 submissiorem.
1545 4997 1694 5053 Nihil
1722 5008 1805 5055 est
1826 5001 1973 5055 enim
1997 5002 2052 5057 in
2077 5020 2165 5059 re-

580 5089 685 5146 bus
720 5090 858 5145 ortis
905 5089 1209 5160 perfectum
1240 5106 1253 5142 :
1289 5103 1455 5159 porro
1498 5090 1589 5145 ille
1639 5091 1993 5162 Unigenitus,
2040 5110 2165 5149 cum

578 5181 735 5237 dives
763 5190 942 5247 esset,
980 5196 1191 5252 pauper
1212 5181 1269 5235 in
1309 5180 1472 5236 nobis
1498 5181 1671 5239 factus
1704 5192 1815 5249 est,
1841 5201 1905 5240 ac
1950 5202 2070 5242 sese
2092 5188 2159 5241 ad

580 5275 1006 5330 exinanitionem
1045 5275 1265 5331 demisit
1293 5276 1356 5329 ⁹¹.

650 5362 846 5417 PALL.
877 5364 958 5417 Ita
994 5374 1096 5418 est.

648 5452 807 5509 ΟΥΕ.
840 5451 960 5507 Νοη
982 5453 1148 5524 igitur
1174 5471 1393 5526 aquare
1433 5457 1637 5528 poterit
1659 5457 1960 5514 divinitatis
1986 5460 2163 5514 excel-

572 5545 803 5601 lentiam
825 5547 1063 5601 humana
1086 5556 1308 5614 natura;
1337 5548 1391 5603 id
1421 5550 1567 5605 enim
1583 5550 1942 5607 ﬁeriminime
1960 5563 2158 5622 potest.

580 5637 795 5707 Itaque,
848 5637 1033 5708 utqui
1094 5639 1267 5694 nostri
1316 5640 1513 5696 similis
1551 5642 1729 5697 factus
1772 5651 1943 5708 esset,
1998 5653 2163 5713 atque

2274 4649 2619 4720 σημαίνεται.
2654 4650 2767 4701 Οὑκ
2805 4647 2997 4719 εὓηθες
3048 4647 3105 4700 δὲ
3153 4650 3350 4711 εἰπεῖν,
3400 4649 3479 4701 ὃτι
3532 4646 3783 4703 παντέλεεθς

2275 4741 2394 4812 μὲν,
2420 4742 2495 4805 ὡς
2525 4742 2583 4793 ὲν
2609 4740 2891 4811 ὁλοκλήρῳ
2932 4739 3095 4809 πήχει
3127 4737 3383 4810 Χριστὸς,
3415 4738 3533 4791 ὲπεί
3575 4753 3646 4789 τοι
3687 4732 3783 4791 Θεάῖ

2276 4834 2389 4886 ἐστι
2417 4831 2557 4886 κατὰ
2592 4831 2772 4900 φύσιν.
2824 4831 2913 4893 Ὠς
2938 4830 2994 4882 δὲ
3029 4830 3087 4881 ὲν
3117 4828 3306 4899 ἡμίσει
3352 4829 3579 4900 πήχεως,
3607 4822 3779 4895 ὑφειμέ-

2274 4940 2364 4987 νος
2418 4922 2505 4976 διὰ
2547 4922 2608 4975 τὸ
2661 4920 3017 4989 ἀνθρώπινον.
3072 4919 3291 4974 Τέλειον
3342 4920 3453 4991 γὰρ
3492 4921 3547 4972 ὲν
3587 4915 3781 4985 γενητοῖς

2272 5015 2445 5068 οὑδέν.
2508 5012 2769 5077 Πλούσιος
2811 5012 2869 5067 δὲ
2916 5011 3011 5077 ὣν,
3065 5011 3411 5083 ἐπτώχευσεν
3450 5013 3507 5064 ὲν
3550 5010 3679 5081 ἡμῖν,
3712 5004 3780 5057 καὶ

2275 5106 2517 5176 καθῆκεν
2546 5105 2737 5159 ἑαυτὸν
2767 5106 2846 5170 εἰς
2876 5103 3104 5160 κένωσιν
3134 5106 3162 5158 ὁ
3184 5103 3507 5175 Μονογενής.

2342 5364 2552 5419 ΠΑΛΛ.
2606 5363 2845 5435 Ἀληθές.

2341 5457 2501 5511 ΚΥΡ.
2544 5458 2753 5511 Οὐκοῦν
2781 5458 2882 5510 οὑκ
2923 5457 3262 5529 ίσοστατὴσει
3290 5461 3409 5520 ταῖς
3455 5456 3549 5525 τῆς
3579 5451 3777 5516 θεότητος

2269 5551 2566 5621 ὑπεροχαῖς
2593 5549 2653 5603 τὸ
2696 5549 3057 5621 ἀνθρώπινον·
3092 5547 3283 5602 πολλοῦ
3338 5564 3399 5615 γε
3446 5546 3532 5599 καὶ
3576 5543 3659 5596 δεῖ.
3687 5538 3776 5591 Tot—

2268 5645 2460 5714 γάρτοι
2483 5642 2576 5696 καὶ
2608 5642 2866 5711 ἔφασκεν,
2900 5642 2975 5706 ὡς
2999 5641 3120 5697 καθ’
3141 5641 3288 5712 ἡμᾶς
3309 5636 3535 5707 γεγονὼς
3564 5633 3645 5688 καὶ
3664 5626 3774 5681 νωύ·

663 5814 708 5847 ’⁸
748 5815 945 5873 Ezech.
984 5833 1063 5881 XL,
1104 5819 1188 5874 Η.
1253 5820 1605 5886 9‘1Tim.m,
1640 5822 1717 5876 15.
1806 5822 1848 5856 ⁹²
1884 5823 2204 5889 "Comm,
2244 5825 2295 5878 9.
