3982 6504
150 444 251 507 οὔτ

880 437 968 492 DE
1009 435 1451 494 ADOHATIONE
1493 436 1563 491 IN
1600 435 1875 491 SPIRITU
1915 432 2004 491 ET
2046 436 2418 494 VERITATE.
2463 436 2593 492 LIB.
2636 436 2727 491 IX.

3293 434 3397 490 658

150 576 339 634 μενοςο
366 574 385 610 ι
422 556 479 611 '0
513 555 703 626 Πατήρ
747 570 849 625 μου
891 553 1091 623 μείζων
1151 570 1250 623 μου
1298 553 1435 615 ἐστὶ,
1465 571 1482 602 ι
1523 550 1704 605 καίτοι

1830 553 1978 608 :tiam
2031 550 2465 624 intelligeretur,
2504 551 2721 606 dicebat
2760 568 2773 604 :
2820 567 2839 601 ι
2878 550 3038 604 Pater
3098 548 3270 619 major
3310 566 3397 604 me

148 652 285 711 κατὰ
316 649 471 720 φύσιν
504 646 775 717 θεότητος,
811 645 1113 715 ίσομέτρως
1150 644 1308 714 έχων,
1358 645 1450 698 καὶ
1482 645 1582 714 τῆς
1614 641 1709 696 τού

146 742 391 803 τεκόντος
442 738 716 809 ὑπεροχῆς
757 738 857 807 ούχ
906 736 1241 806 ἡττώμενος.
1302 735 1495 805 Μῆκος
1544 734 1602 788 δὲ
1633 733 1712 802 τῷ

150 834 304 903 ξύλῳ,
335 830 633 899 δεκάπηχυ.
664 827 983 891 Παντέλειος
1003 827 1112 897 7&9
1138 826 1213 891 ὼς
1239 829 1296 881 ὲν
1327 826 1584 896 ύψὼμασι
1614 826 1712 895 τῆς

150 923 413 992 θεότητος,
445 922 476 975 δ
526 919 783 991 Χριστός.
824 919 1172 989 Τελειότητος
1202 919 1258 973 δὲ
1300 921 1544 989 σημεῖον,
1577 920 1604 971 ὁ
1631 919 1712 982 εἰς

147 1015 273 1069 δέκα
320 1011 529 1083 τρέχων
574 1008 807 1080 ἀριθμὸς
847 1010 1005 1080 παρά
1028 1026 1091 1078 γε
1120 1012 1187 1080 τῇ
1220 1009 1341 1080 θείᾳ
1380 1009 1713 1079 λαμϐάνεται

154 1106 364 1175 Γραφῇ.
414 1103 604 1173 Χρυσῆ
654 1101 712 1155 δὲ
759 1100 836 1172 τῷ
886 1101 1027 1172 ξύλῳ
1066 1101 1296 1172 κεφαλὴ,
1328 1101 1423 1154 καὶ
1466 1100 1573 1172 μὴν
1618 1098 1713 1154 καὶ

151 1193 303 1262 σῶμα
334 1191 589 1261 χρυσοῦν.
616 1188 834 1252 Φύισεώς
866 1206 931 1258 γε
968 1190 1073 1260 μὴν
1100 1190 1200 1262 τῆς
1252 1190 1514 1245 ἀνωτάτω
1543 1207 1713 1243 κατα-

149 1283 365 1336 πλουτεί
395 1281 488 1334 τὸν
525 1280 855 1351 ὲναυλισμὸν
881 1281 911 1333 ό
945 1282 1011 1334 ἑκ
1043 1280 1322 1351 Παρθένου
1372 1281 1519 1345 ναός.
1563 1281 1714 1351 Σύμ-

150 1374 296 1428 6ολυν
329 1374 388 1426 δὲ
440 1371 713 1441 θεότητος,
767 1373 797 1424 ὁ
842 1372 1064 1443 χρυσὸς,
1125 1373 1398 1443 ὑπεροχὴν
1457 1372 1594 1443 ἔχων
1614 1372 1713 1442 τὴν

149 1463 287 1519 κατὰ
316 1463 555 1525 πάντων,
585 1462 660 1526 ὡς
693 1465 749 1515 ἑν
792 1461 925 1532 ὕλης
970 1463 1130 1533 τυχὺν
1160 1463 1259 1533 τῆς
1290 1462 1502 1517 τοιᾶσδε
1545 1461 1711 1533 λόγῳ.

163 1553 248 1619 Ἐξ
276 1552 516 1625 ἀργύρου
563 1553 621 1606 δὲ
668 1552 763 1605 καὶ
793 1552 859 1606 ὲκ
896 1552 1038 1605 δυοῖν
1062 1555 1096 1624 ή
1130 1553 1308 1623 βάσις.
1361 1553 1630 1625 Λαμπρδς
1658 1553 1715 1606 δὲ

151 1646 238 1699 καὶ
267 1643 534 1712 διαφανὴς
579 1646 637 1696 ὲν
682 1645 753 1713 γῇ
804 1644 834 1695 δ
868 1644 1122 1712 Χριστὸς,
1153 1645 1295 1697 κατά
1310 1660 1374 1711 γε
1418 1643 1498 1707 τὸ,
1533 1663 1550 1695 ι
1580 1644 1715 1707 Θεὸς

150 1734 372 1805 Κύριος,
399 1733 493 1786 καὶ
521 1732 785 1801 ἑπέφανεν
834 1733 965 1802 ἡμῖν
987 1748 1003 1764 ·
1029 1751 1051 1784 ι
1087 1733 1179 1785 καὶ
1218 1734 1379 1786 οἱονεὶ
1413 1734 1578 1802 διφυᾶ
1616 1733 1714 1804 τὴν

155 1824 350 1894 γνῶσιν
400 1823 531 1894 ἔχει·
577 1825 777 1876 νοεῖταί
811 1823 919 1893 γὰρ
958 1824 1015 1874 ἐν
1040 1822 1189 1893 αὐτῷ
1222 1824 1353 1886 Θεός
1397 1840 1455 1876 τε
1491 1823 1584 1876 καὶ
1621 1825 1715 1877 άν-

153 1917 385 1988 θρωπος.
419 1914 584 1967 Τουτὶ
624 1912 754 1983 7&9,
788 1908 962 1982 οἶμαι,
995 1912 1132 1978 ἔστι,
1193 1913 1254 1966 τὸ
1300 1913 1495 1985 διπλῆν
1528 1913 1715 1987 ὥσπερ

152 2005 415 2076 ιχεινθκαὶ
438 2004 503 2068 ἐξ
516 2001 757 2075 ἀργύρου
786 2001 890 2074 τὴν.
910 2001 1088 2073 βάσιν.

216 2182 429 2238 ΠΔΛΛ.
469 2179 725 2244 Εἰκάζεις
752 2178 947 2250 ὀρθῶς.

216 2275 384 2328 ΚΥΡ.
425 2273 534 2327 Θέα
553 2289 617 2341 γε
651 2272 757 2343 μὴν
784 2272 979 2336 ἐκεῖνο,
1007 2265 1052 2323 ὦ
1081 2271 1202 2324 τᾶν.

215 2368 429 2421 nam.
471 2365 539 2418 Ὅ
569 2381 621 2417 τι
646 2364 750 2435 δή;

215 2458 384 2512 ΚΥΡ.
425 2457 519 2522 Et;
567 2455 791 2518 αὐλαίας
840 2454 949 2525 γάρ
1006 2453 1136 2507 δέκα
1189 2453 1575 2524 προστεταχὼς
1594 2454 1724 2524 ὃλην

151 2547 486 2603 ὶκτείνεσθαι
536 2547 637 2617 τὴν
692 2545 935 2616 σκηνὴν,
985 2544 1228 2613 ἐπιλέγει
1288 2545 1514 2615 μεταξύο
1570 2565 1588 2596 ι
1616 2547 1722 2600 Καὶ

154 2642 399 2709 ποιήσεις
442 2639 655 2711 δέρρεις
681 2636 945 2708 τριχίνας,
977 2637 1188 2707 σκέπην
1232 2637 1325 2689 ἐπὶ
1369 2638 1467 2706 τῆς
1493 2638 1719 2707 σκηνῆς

153 2731 336 2786 nam
362 2731 616 2801 ποιήσεις
635 2728 804 2791 αὐτὰς
826 2727 1057 2800 δέρρεις,
1084 2728 1146 2780 τὸ
1168 2726 1342 2797 μῆκος
1373 2728 1475 2798 τῆς
1488 2728 1724 2800 δέρρεως

152 2824 245 2893 τῆς
271 2824 406 2893 μιᾶς
446 2822 598 2875 ἔσται
642 2821 933 2893 τριάκοντα
995 2821 1230 2890 πήχεων,
1295 2818 1390 2873 καὶ
1444 2822 1723 2893 τεσσάρων

155 2915 364 2984 πήχεων
417 2913 479 2967 τὸ
528 2909 685 2985 εὖρος
729 2914 829 2984 τῆς
856 2914 1091 2983 δέρῤεως
1127 2914 1226 2984 τῆς
1288 2917 1450 2985 μιᾶςο
1501 2916 1561 2969 τὸ
1596 2918 1727 2970 αὐτὸ

158 3007 322 3076 μῆκος
353 3005 457 3058 ἐπὶ
507 3009 625 3068 ταῖς
653 3006 845 3059 ἕνδεκα
876 3005 1112 3076 δέρρεσι.
1167 3007 1276 3060 Καὶ
1324 3008 1579 3078 συνάψεις
1627 3011 1725 3074 τὰς

155 3099 306 3151 πέντε
331 3098 555 3169 δέρρεις
586 3098 679 3150 ἐπὶ
704 3098 767 3151 τὸ
794 3098 945 3161 αὐτὸ,
974 3101 1071 3153 καὶ
1094 3099 1192 3162 τὰς
1218 3097 1276 3165 ἐξ
1301 3100 1518 3171 δέρρεις
1547 3102 1640 3156 ἐπὶ
1667 3106 1726 3157 τὸ

1810 652 1896 699 est
1925 642 2006 710 ⁹³;
2040 663 2057 688 ι
2097 659 2223 699 cum
2257 654 2441 698 tamen
2488 659 2554 698 ex
2591 651 2789 697 natura
2825 640 3130 695 divinitatis
3175 641 3400 710 aqualis

1812 735 1904 799 sit,
1926 742 1983 789 et
2003 734 2177 789 nihilo
2200 733 2430 789 inferior
2445 733 2769 789 excellentia
2780 732 3076 788 Genitoris.
3092 730 3399 803 Longitudo

1811 841 1945 882 vero
1966 826 2234 881 columna
2256 827 2446 881 decem
2470 826 2785 881 cubitorum
2807 833 2925 879 erat
2941 842 2956 890 ;
2974 832 3059 879 est
3080 824 3225 880 enim
3243 824 3401 879 Chri-

1812 924 1959 982 stus,
1989 916 2135 987 quod
2196 917 2263 971 ad
2308 916 2614 972 divinitatis
2672 916 3066 972 sublimitatem
3124 915 3396 985 pertinet,

1812 1008 2279 1080 perfectissimus;
2319 1022 2487 1079 porro
2530 1008 2586 1062 in
2613 1006 2816 1062 divinis
2865 1005 3092 1060 Litteris
3136 1004 3401 1059 denarius

1812 1118 2079 1158 numerus
2104 1101 2504 1172 perfectionem
2530 1099 2818 1170 signiﬁcat.
2856 1102 3101 1153 Aureum
3129 1106 3213 1152 est
3256 1112 3399 1166 pra-

1814 1206 1965 1257 terea
1991 1194 2258 1248 columna
2288 1200 2483 1261 caput,
2517 1200 2574 1246 et
2616 1191 2745 1246 item
2778 1205 3014 1259 corpus;
3044 1195 3129 1243 est
3158 1187 3289 1241 illud
3315 1187 3401 1240 vi-

1814 1286 1999 1340 cissim
2042 1284 2109 1339 de
2152 1284 2373 1354 Virgine
2416 1283 2681 1353 templum
2726 1296 2954 1337 summa
2996 1279 3145 1333 illius
3189 1288 3400 1332 natura

1814 1374 2211 1429 inhabitatione
2264 1371 2535 1442 pradives
2573 1389 2586 1424 :
2620 1372 2786 1441 318
2830 1369 3133 1424 divinitatis
3200 1368 3401 1437 quippe

1814 1466 2120 1538 symbolum
2167 1473 2253 1519 est
2297 1479 2530 1527 aurum,
2576 1478 2702 1517 cum
2746 1461 3004 1515 omnibus
3048 1466 3298 1529 praestet,
3356 1458 3403 1512 si

1814 1555 2021 1612 metalli
2062 1555 2332 1609 rationem
2363 1554 2696 1608 consideres.
2738 1551 2891 1605 Basis
2929 1558 3195 1620 praeterea
3223 1565 3290 1603 ex
3318 1564 3405 1602 ar—

1815 1656 1978 1719 gento
2000 1688 2014 1711 ,
2045 1663 2108 1702 ac
2148 1646 2365 1701 duobus
2387 1653 2645 1710 constat;
2667 1642 2919 1713 splendet
2950 1641 3081 1695 item
3110 1640 3162 1693 in
3195 1638 3356 1693 terris
3388 1679 3402 1700 ,

1814 1747 1870 1793 et
1892 1737 2122 1793 illustris
2144 1746 2225 1791 est
2250 1735 2537 1801 Christus;
2567 1734 2713 1788 unde
2748 1732 2883 1787 illud
2926 1739 3010 1786 est
3040 1749 3061 1784 ετ
3088 1749 3105 1781 ι
3128 1731 3274 1784 Deus
3296 1728 3405 1782 Do-

1816 1830 2000 1884 minus
2025 1869 2039 1892 ,
2071 1836 2128 1882 et
2161 1826 2339 1881 illuxit
2365 1826 2526 1879 nobis
2548 1826 2618 1889 “;
2655 1844 2672 1875 ι
2707 1823 3034 1894 geminaque
3060 1827 3145 1875 est
3166 1822 3284 1890 ejus
3310 1834 3405 1872 co-

1820 1921 1990 1992 gnitio
2010 1960 2024 1982 ,
2061 1927 2359 1987 utrumque
2384 1917 2531 1972 enim
2571 1917 2627 1970 in
2658 1931 2726 1970 eo
2751 1916 2898 1969 Deus
2936 1921 2991 1967 et
3016 1912 3181 1966 homo
3207 1909 3409 1963 intelli-

1821 2013 1985 2083 gitur.
2028 2011 2145 2064 Hoc
2171 2009 2317 2064 enim
2353 2014 2467 2072 est,
2504 2015 2565 2060 ut
2607 2006 2830 2075 opinor,
2864 2003 3141 2074 duplicem
3201 2001 3406 2055 habere

1822 2103 2059 2172 quodam
2084 2100 2329 2154 modoet
2358 2106 2673 2168 argenteam
2698 2097 2894 2151 basim.

1893 2194 2091 2248 PALL.
2118 2193 2289 2246 Recte
2311 2189 2558 2258 conjicis.

1893 2286 2050 2341 (ΠΒ.
2075 2283 2213 2338 Illud
2256 2292 2437 2335 tamen
2471 2278 2876 2335 animadvertas
2905 2278 3090 2331 velim.

1896 2376 2092 2432 PALL.
2124 2374 2265 2440 Quid
2302 2372 2448 2427 istud
2487 2372 2745 2425 tandem?

1895 2469 2054 2524 (ΠΒ.
2072 2468 2238 2531 Nam,
2266 2481 2391 2520 cum
2432 2464 2497 2518 ad
2542 2464 2733 2517 decem
2761 2461 2929 2515 aulaa
2958 2468 3134 2513 totum
3150 2456 3411 2511 taberna-

1824 2560 2008 2616 culum
2033 2558 2239 2628 porrigi
2278 2556 2534 2627 iussisset
2553 2593 2568 2616 ,
2597 2552 2714 2607 hac
2745 2550 3046 2621 interponit
3067 2548 3267 2603 verba:
3299 2564 3317 2597 ι
3344 2545 3413 2600 Et

1824 2652 1992 2707 facies
2027 2650 2149 2704 vela
2187 2647 2467 2718 capillacia
2502 2650 2875 2716 tegumentum
2902 2656 3067 2711 super
3089 2638 3402 2693 tabernacu-

1825 2744 1937 2798 lum
1960 2760 1977 2795 τ
2004 2740 2264 2795 undecim
2283 2738 2449 2793 facies
2480 2738 2596 2807 ipsa
2621 2736 2768 2798 vela,
2794 2732 3080 2803 longitudo
3104 2730 3270 2784 unius
3306 2726 3411 2781 veli

1826 2836 1934 2891 erit
1962 2834 2190 2903 triginta
2214 2831 2527 2885 cubitorum
2548 2871 2562 2892 ,
2587 2837 2643 2883 et
2670 2834 2910 2897 quatuor
2942 2824 3257 2880 cubitorum
3282 2820 3409 2874 lati-

1828 2924 1962 2978 tudo
1982 2922 2088 2977 veli
2111 2921 2274 2975 unius
2298 2919 2517 2973 :eadem
2542 2916 2827 2987 longitudo
2848 2914 2953 2968 erit
2970 2912 3105 2967 velis
3124 2910 3401 2964 undecim.

1828 3016 1897 3070 Et
1925 3014 2223 3081 conjunges
2245 3009 2490 3078 quinque
2528 3007 2648 3060 vela
2687 3006 2833 3059 inter
2861 3020 2949 3066 se,
2996 3011 3051 3056 et
3076 3017 3169 3055 sex
3196 2999 3315 3053 vela
3350 2998 3406 3052 in

1830 3102 2068 3171 idipsum
2093 3116 2108 3163 ;
2139 3108 2195 3151 et
2216 3096 2526 3166 duplicabis
2539 3095 2721 3149 velum
2746 3100 2958 3147 sextum
2986 3091 3038 3144 in
3068 3089 3203 3144 facie
3234 3088 3408 3142 taber—

156 3190 298 3251 αὐτὸ,
333 3191 433 3243 καὶ
463 3189 844 3254 ἑπιδιπλώσεις
889 3190 988 3261 τὴν
1034 3189 1217 3262 δέρριν
1267 3192 1366 3262 τὴν
1398 3194 1561 3265 ἕκτην
1589 3196 1723 3248 κατὰ

1830 3192 2046 3255 naculi;
2075 3198 2131 3246 et
2163 3188 2333 3242 facies
2380 3200 2542 3239 ansas
2592 3183 2985 3253 quinquaginta
3048 3180 3101 3233 in
3155 3194 3250 3232 ora
3304 3176 3410 3232 veli

161 3282 443 3353 πρόσωπον
469 3282 568 3350 τῆς
595 3282 817 3352 σκηνῆς·
863 3283 954 3337 καὶ
984 3285 1231 3351 ποιήσεις
1260 3285 1514 3352 ἀγκύλας
1534 3289 1726 3358 πεντή-

160 3387 315 3425 κοντα
363 3371 465 3423 ἐπὶ
509 3371 603 3424 τοῦ
644 3372 853 3441 χείλους
896 3371 995 3440 τῆς
1045 3369 1282 3443 δέρρεως
1310 3374 1411 3443 τῆς
1444 3377 1596 3444 μιᾶς,
1620 3376 1723 3446 τῆς

159 3459 255 3511 ἀνὰ
278 3460 441 3528 μέσον
487 3459 628 3512 κατὰ
650 3458 748 3529 τὴν
777 3459 1073 3529 συμϐολήν.
1110 3461 1220 3514 Καὶ
1260 3463 1594 3531 πεντήκοντα
1617 3465 1719 3532 άγ-

160 3551 319 3614 κύλας
352 3552 602 3620 ποιήσεις
644 3551 735 3603 ἐπὶ
786 3550 882 3604 τοῦ
937 3552 1147 3621 χείλους
1212 3552 1313 3622 τῆς
1359 3552 1597 3624 δέρῤεως
1625 3556 1726 3626 τῆς

163 3642 538 3712 συναπτούσης
572 3644 669 3713 τῆς
700 3642 981 3714 δευτέρας.
1005 3662 1023 3695 ι
1054 3644 1117 3697 Τί
1151 3644 1214 3697 τὺ
1240 3646 1429 3715 χρῆμα
1452 3646 1658 3712 λοιπὸν,
1681 3643 1727 3702 ὦ

163 3734 440 3798 Παλλάδιε;
456 3734 585 3787 δέκα
613 3733 711 3805 μὲν
733 3735 841 3805 γὰρ
855 3735 1059 3804 ἐγείρει
1078 3735 1175 3799 τὰς
1191 3736 1435 3802 αὐλαίας.
1458 3734 1588 3793 Εἶτα
1614 3742 1729 3804 πῶς

164 3823 255 3876 οὐκ
289 3824 567 3895 ίσάριθμοι
598 3824 822 3887 ταύταις
844 3825 901 3877 αἱ
922 3825 1166 3896 δέρρεις,
1194 3827 1500 3895 περιττεύει
1525 3831 1581 3883 δὲ
1616 3832 1734 3902 μία,

1829 3284 2014 3342 unius,
2048 3278 2216 3349 'quod
2255 3284 2339 3331 est
2383 3274 2770 3329 intermedium
2812 3272 2867 3325 in
2899 3268 3300 3325 commissura:
3358 3275 3416 3320 et

1828 3369 2225 3444 quinquaginta
2248 3381 2410 3420 ansas
2464 3363 2633 3418 facies
2694 3363 2748 3415 in
2787 3377 2885 3415 ora
2908 3359 3016 3414 veli
3071 3356 3412 3411 cohaerentis

1829 3462 2059 3519 secundi
2081 3462 2128 3493 "
2153 3501 2165 3514 .
2203 3478 2221 3510 ι
2249 3458 2521 3524 Quidnam
2545 3463 2629 3509 est
2651 3453 2755 3509 hoc
2776 3494 2790 3517 ,
2829 3452 3074 3507 Palladi?
3102 3466 3227 3507 nam
3246 3491 3259 3515 ,
3287 3464 3411 3503 cum

1832 3555 2020 3610 decem
2058 3552 2229 3606 aulaa
2250 3550 2460 3619 erigat,
2489 3563 2611 3617 qua
2642 3561 2804 3600 causa
2843 3555 2926 3598 est
2971 3559 3071 3599 cur
3122 3558 3234 3597 non
3280 3540 3410 3593 toti-

1833 3646 1959 3700 dem
2001 3644 2114 3699 sint
2169 3641 2328 3705 vela,
2385 3638 2481 3694 sed
2526 3652 2697 3692 unum
2745 3635 3079 3705 superfluat,
3145 3634 3413 3688 nimirum

1836 3733 2238 3792 undecimum?
2282 3731 2596 3802 Conjunges
2658 3729 2844 3792 enim,
2902 3728 3117 3797 inquit,
3173 3726 3414 3795 quinque

1846 3831 1966 3885 vela
1997 3829 2142 3883 inter
2174 3841 2233 3881 se
2254 3866 2268 3890 ,
2293 3833 2349 3879 et
2375 3840 2472 3879 sex
2498 3822 2619 3877 vela
2657 3822 2802 3877 inter
2823 3837 2900 3875 se.

162 3914 296 3969 τοῦτ’
318 3914 490 3976 ἑστιν,
521 3916 555 3985 ή
583 3916 874 3985 ἑνδεκάτης
909 3915 1171 3985 Συνάψεις
1194 3919 1322 3989 γὰρ,
1355 3922 1538 3991 φησὶν,
1570 3923 1670 3989 τὰς
1693 3925 1855 3979 πέντε
1874 3924 2085 3994 δέρρεις
2117 3917 2210 3972 ἑπὶ
2234 3917 2297 3969 τὸ
2323 3915 2476 3978 αὐτὸ,
2510 3914 2605 3969 καὶ
2619 3914 2716 3977 τὰς
2737 3911 2796 3978 ἒξ
2823 3914 3031 3985 δέρρεις
3062 3911 3154 3964 ἑπὶ
3182 3910 3242 3963 τὸ
3261 3907 3414 3963 αὐτό.

222 4008 433 4060 ΠΑΛΔ.
477 4006 591 4059 υύκ
622 4006 728 4076 ἔχω
758 4007 982 4077 φράσαι.

232 4098 393 4151 ΚΥΡ.
450 4097 588 4151 Ἀλλ’
613 4098 648 4166 ἦ
687 4114 751 4165 γε
786 4099 933 4162 Θέτις
966 4103 1222 4171 σαφηνιεί
1250 4103 1310 4155 τὸ
1339 4102 1691 4179 ζητούμενον.

232 4278 439 4339 ΠΔΛΛ,
477 4274 600 4338 Πῶς
637 4273 770 4345 ῐφης
791 4293 804 4341 ;

230 4370 389 4422 ΚΥΡ.
437 4370 606 4422 Πέντε
636 4369 734 4440 μὲν
757 4370 864 4441 7&9
890 4371 1120 4436 αὐλαίας
1151 4374 1408 4444 ἀλλήλαις
1443 4392 1735 4447 συνεσφιγ-

1905 4012 2103 4070 PALL.
2128 4010 2244 4079 Ego
2275 4022 2409 4063 vero
2436 4006 2565 4077 quid
2597 4005 2810 4069 dicam,
2839 4020 2948 4058 non
2971 4003 3167 4057 habeo.

1907 4103 2065 4158 ΟΥΕ.
2120 4098 2289 4168 Atqui
2334 4098 2453 4167 ipsa
2509 4095 2799 4150 collocatio
2844 4093 3196 4163 perspicuum
3252 4089 3416 4145 faciet

1839 4196 1989 4267 quod
2010 4193 2179 4263 quari
2189 4202 2298 4246 tur.

1908 4287 2105 4342 PALL.
2134 4285 2255 4351 Quo
2276 4282 2498 4338 tandem
2524 4280 2721 4336 modo?

1906 4378 2063 4433 ΟΥΕ.
2110 4377 2245 4431 Nam
2285 4375 2527 4443 quinque
2561 4373 2758 4435 aulaa,
2794 4369 3002 4440 inquit,
3042 4369 3185 4423 inter
3200 4384 3257 4423 se
3280 4384 3413 4423 con-

170 4460 324 4530 μένας
347 4462 430 4514 ὅτι
466 4462 708 4531 προσῆκε
742 4463 991 4532 γενέσθαι
1027 4464 1211 4535 φησιν’
1243 4441 1436 4538 ἐτέρας
1459 4469 1515 4521 δὲ
1550 4441 1723 4535 πέντε,

1843 4485 1985 4525 nexa
2011 4467 2131 4522 fieri
2167 4474 2450 4535 oportere,
2485 4464 2729 4532 quinque
2772 4461 2963 4516 itidem
3001 4460 3191 4523 altera,
3223 4460 3413 4513 eadem

166 4552 301 4605 κατὰ
329 4552 391 4604 τὸ
446 4552 577 4604 αὐτὸ
605 4553 660 4605 δὲ
693 4554 901 4623 σχῆμα,
935 4555 1028 4607 καὶ
1085 4557 1144 4609 ὲν
1184 4558 1283 4628 ἴσῳ
1313 4559 1498 4631 τρόπῳ
1526 4562 1735 4615 ἀντιτε-

166 4644 455 4713 ταγμένας.
488 4644 787 4717 Τοιγαροῦν
831 4645 1090 4718 άλλήλαιν
1146 4648 1239 4701 καὶ
1309 4651 1736 4721 άντιπροσώπως

166 4736 685 4807 ἁντεγηγερμέναιν,
727 4737 802 4800 ὡς
852 4740 915 4790 ἑκ
969 4737 1195 4808 βορρέου
1246 4742 1408 4811 τυχὸν
1441 4744 1533 4796 καὶ
1560 4745 1735 4806 νότου,

1843 4561 2035 4631 ﬁgura,
2073 4557 2383 4625 eodemque
2418 4556 2582 4609 modo
2609 4554 2881 4623 Opposita,
2917 4552 3120 4621 quibus
3161 4565 3192 4605 e
3230 4550 3413 4619 regio-

1840 4669 1911 4707 ne
1937 4661 2103 4720 atque
2134 4665 2204 4703 ex
2223 4648 2459 4703 adverso
2485 4646 2710 4707 erectis,
2744 4661 2812 4701 ex
2864 4643 3175 4714 aquilonari
3217 4643 3411 4704 latere,

1845 4744 2000 4799 verbi
2031 4742 2228 4813 gratia,
2274 4748 2330 4795 et
2369 4740 2621 4803 australi,
2666 4747 2763 4794 aut
2791 4748 2940 4793 certe
2966 4737 3034 4791 ab
3069 4746 3196 4791 ortu
3248 4747 3304 4789 et
3346 4735 3415 4789 ab

166 4826 323 4895 ἤγουν
352 4827 413 4892 ἐξ
459 4827 590 4897 ὴοῦς
612 4829 707 4882 καὶ
739 4829 923 4898 μέντοι
967 4833 1060 4884 καὶ
1095 4831 1333 4901 δυσμῶν,
1364 4835 1619 4907 ἑνδεκάτη
1655 4855 1723 4899 τις

1845 4848 2066 4897 occasu,
2093 4832 2448 4887 undecimum
2478 4832 2587 4900 jam
2617 4828 3005 4885 intermedium
3034 4828 3179 4882 latus
3210 4826 3414 4880 eﬂicie-

166 4915 195 4982 ή
227 4914 310 4968 διὰ
345 4917 515 4986 μέσου
557 4915 740 4969 λοιπὸν
785 4917 1129 4988 ὲσχεδιάζετο
1179 4920 1405 4993 πλευρά,
1443 4924 1546 4977 ἀνὰ
1576 4925 1723 4995 μέρος

1844 4924 1940 4979 bat
1992 4924 2139 4994 quod
2197 4923 2288 4978 illa
2334 4923 2525 4978 decem
2561 4924 2733 4977 aulaa
2792 4910 3124 4993 seiungeret,
3184 4919 3320 4973 duas
3358 4920 3413 4974 in

172 5007 466 5077 ποιουμένη
500 5006 599 5068 τὰς
633 5007 784 5071 δέκα,
817 5008 1153 5080 διῃρημένας
1173 5012 1254 5075 είς
1275 5011 1385 5078 δύο,
1414 5015 1500 5083 ἐφ’
1596 5015 1723 5085 τάχα

1845 5021 2032 5083 partes
2075 5013 2274 5077 divisa,
2334 5028 2444 5082 quo
2490 5029 2556 5068 ex
2596 5015 2769 5067 latere
2820 5012 3173 5093 undgcimum
3230 5009 3415 5063 velum

168 5108 263 5145 που
286 5096 379 5147 καὶ
397 5096 581 5168 δέρρις
603 5099 635 5167 ή
670 5097 931 5166 ἑνδεκάτη
952 5100 1504 5173 περιτετά[ν]νυσται,
1524 5104 1737 5175 κρίκοις

142 5189 223 5236 τε
254 5187 348 5239 καὶ
373 5186 640 5254 ἀγκύλαις
670 5190 836 5259 ἄμφω
863 5191 1155 5260 συνέχοντα
1190 5192 1287 5255 τὰς
1312 5193 1550 5265 πλευράς
1569 5212 1581 5224 ·
1611 5194 1735 5248 καθ’

168 5278 457 5349 ὁμοιότητα
498 5279 555 5332 δὲ
611 5280 719 5334 τῶν
765 5282 963 5347 ἄλλων,
1016 5284 1112 5337 καὶ
1163 5285 1212 5337 οἱ
1278 5286 1482 5358 ταύτης
1534 5288 1733 5353 στύλοι,

171 5367 304 5438 πλὴν
337 5370 534 5440 ἥττους
571 5373 628 5426 ὲν
672 5373 910 5444 ἀριθμῷ.
946 5376 1012 5428 Αἱ
1044 5376 1144 5446 μὲν
1174 5376 1283 5448 7&9
1302 5377 1434 5432 δέκα
1489 5379 1731 5447 αύλαῖαι,

171 5457 417 5530 καθάπερ
458 5460 555 5531 ήδη
618 5465 902 5532 προεῖπον,
938 5464 1020 5528 είς
1065 5465 1239 5536 μῆκος
1267 5467 1597 5531 ἑξετείνοντο
1625 5471 1734 5540 πή-

171 5562 305 5615 χεων
324 5548 468 5602 ὀκτὼ
489 5552 583 5605 καὶ
619 5553 842 5619 εἴκοσιν,
864 5555 965 5625 ἥγε
1003 5555 1109 5627 μὴν
1129 5558 1387 5628 ἑνδεκάτη
1425 5560 1521 5612 καὶ
1544 5576 1734 5628 μεσαι-

173 5637 300 5691 τάτη
352 5640 460 5692 τῶν
502 5642 696 5710 ἄλλων,
734 5644 796 5697 τὸ
827 5640 983 5715 εὖρος
1012 5647 1122 5700 τῶν
1154 5647 1313 5702 πέντε
1344 5648 1733 5722 (τετραπήχεις

247 5816 291 5845 ’³
329 5817 480 5871 Joan.
520 5836 623 5883 τιν,
658 5819 746 5874 28.
842 5821 886 5853 ’δ
920 5821 1060 5876 Psal.
1093 5839 1253 5883 CXV",
1315 5826 1403 5878 27.
1487 5827 1530 5858 "
1583 5826 1755 5881 Exod.

1840 5106 2195 5171 tendebatur,
2252 5107 2474 5160 annulis
2525 5113 2689 5174 atque
2744 5104 2893 5158 ansis
2930 5111 3225 5171 utrumque
3272 5102 3416 5155 latus

1840 5195 2170 5250 continens:
2199 5196 2365 5266 hujus
2391 5210 2613 5265 quoque
2643 5193 2833 5248 lateris
2881 5193 3151 5246 columna
3203 5190 3416 5245 cateris

1837 5288 2049 5344 similes
2083 5297 2265 5353 erant,
2286 5303 2522 5343 numero
2562 5294 2775 5340 tantum
2800 5285 3111 5354 pauciores.
3149 5283 3284 5338 Nam
3318 5282 3412 5336 illa

1836 5378 2060 5449 quidem
2086 5378 2277 5433 decem
2301 5379 2443 5440 vela,
2469 5383 2530 5431 ut
2564 5378 2677 5430 iam
2717 5376 2854 5437 dixi,
2890 5390 2989 5444 per
3023 5374 3245 5444 longum
3281 5388 3412 5442 por-

1835 5469 2165 5540 rigebantur
2187 5467 2393 5547 cubitis
2422 5475 2548 5522 octo
2583 5474 2640 5522 et
2660 5465 2878 5537 viginti,
2908 5465 3003 5521 sed
3031 5465 3406 5526 undecimum,

1834 5560 1982 5629 quod
2012 5561 2257 5616 medium
2283 5569 2409 5615 erat
2454 5563 2601 5614 inter
2642 5567 2858 5625 ratem,
2894 5574 3019 5614 cum
3064 5556 3407 5629 longitudine

1836 5651 2190 5739 latitudinem
2227 5652 2474 5723 quinque
2527 5652 2865 5722 reliquorum
2916 5657 3197 5721 aquarct,
3244 5646 3410 5719 319

1837 5844 1981 5892 xxvi,
2019 5828 2169 5882 7-l0.
