3982 6520
645 401 752 459 ϐἳθ

1647 415 1702 470 S.
1748 420 2020 474 CYRILLI
2060 420 2528 484 ALEXANDRINI
2567 430 2883 490 ARCHIEP.

3736 465 3809 523 ιω

646 535 772 590 qua
811 521 1023 592 singula
1073 533 1374 592 quaternos
1418 528 1637 583 cubitos
1678 530 1977 602 habebant,
2025 539 2091 594 ad
2134 542 2204 595 vi-

651 622 848 649 npnnm
907 609 1219 649 mrhitnrnm
1270 614 1504 649 cnnlinm
1549 620 1984 649 ιπ-ηθιηηιιιῑυιο..-
2065 629 2131 649 ne

2315 541 2371 595 δὲ
2410 537 2614 616 αὗται),
2643 548 2784 619 πρὸς
2822 552 2884 604 τὸ
2914 553 3327 630 είκοσάπηχὺ[ν]
3362 576 3461 613 που
3493 562 3807 649 διστιτάῆψ.

651 622 851 663 cenum
907 609 1221 664 cubitorum
1269 614 1506 682 spatium
1548 620 2002 686 protendebatur.
2063 629 2217 689 Hanc

647 698 719 753 ob
770 714 989 754 causam
1035 700 1255 770 inquit:
1294 705 1364 758 Et
1408 706 1717 777 duplicabis
1760 717 1945 772 velum
1999 733 2216 781 sextum

646 799 771 844 ante
818 790 1016 846 faciem
1068 794 1412 852 tabernaculi
1456 818 1468 853 :
1522 818 1621 867 nc,
1677 808 1826 875 quod
1894 822 2213 879 protensum

645 882 1008 947 redundabat,
1051 885 1393 944 tabernaculi
1432 893 1831 961 pulchritudini
1858 901 2118 962 ofﬁceret.
2155 909 2217 965 In

644 972 751 1027 hoc
816 973 1026 1043 igitur,
1082 977 1229 1046 quod
1289 982 1502 1038 cateris
1558 986 1801 1043 medium
1864 992 2216 1064 interiectum

642 1074 778 1131 erat,
827 1077 887 1123 et
930 1079 1191 1140 tanquam
1240 1075 1617 1145 undecimum,
1666 1098 1821 1141 sacra
1866 1088 1959 1143 illa
1998 1090 2215 1149 divina-

643 1174 751 1227 que
798 1176 928 1215 vasa
977 1164 1245 1220 collocata
1295 1178 1476 1235 erant,
1520 1188 1641 1241 qua
1686 1175 1741 1231 in
1779 1192 1838 1233 se
1888 1180 2021 1250 ipsis
2063 1186 2215 1243 vario

646 1249 813 1305 modo
871 1252 1026 1307 illum
1073 1256 1398 1314 Emmanuel
1449 1262 1757 1333 figurabant
1797 1286 1809 1322 :
1855 1249 1924 1325 ac
1967 1272 2216 1331 fortassis

644 1343 734 1399 ille
760 1360 1026 1403 numerus
1073 1349 1181 1405 hoc
1208 1368 1429 1423 quoque
1463 1356 1825 1425 significabat,
1860 1362 1915 1417 in
1953 1371 2216 1424 extremis

642 1434 832 1488 saculi
860 1438 1225 1506 temporibus,
1256 1450 1313 1496 et
1343 1444 1630 1502 undecima
1667 1447 1841 1506 ferme
1873 1453 2029 1520 hora,
2052 1456 2214 1513 Chri-

642 1536 790 1577 stum
811 1532 868 1578 et
893 1525 1028 1581 illud
1071 1529 1510 1600 tabernaculum,
1541 1540 1689 1605 quod
1722 1539 2003 1598 Christum
2032 1551 2215 1603 conti-

642 1611 830 1676 nebat,
856 1614 910 1668 id
927 1624 1012 1671 est
1035 1617 1356 1685 Ecclesiam,
1380 1626 1730 1692 apparuisse.

716 1703 914 1759 PALL.
936 1707 1084 1761 Nihil
1115 1710 1344 1766 absurdi
1378 1724 1482 1779 est,
1514 1725 1577 1770 ut
1616 1718 1861 1786 videtur,
1893 1724 2215 1787 existimare

645 1789 809 1863 hujus
846 1811 1066 1866 quoque
1094 1799 1174 1854 rei
1212 1801 1479 1858 rationem
1515 1815 1639 1875 apte
1658 1809 1930 1867 redditam
1956 1831 2104 1871 esse.

2324 647 2444 684 σται
2478 635 2693 706 μέτρον.
2724 637 2823 691 Διὰ
2858 640 3017 693 τοῦτό
3056 657 3207 712 φησι⁹
3239 646 3347 699 Καὶ
3387 635 3809 737 ἑπιδιπλώσειξέίτν

2315 720 2497 793 δέρριν
2535 726 2636 797 τὴν
2667 728 2832 799 ἕκτην
2873 732 3015 784 κατὰ
3058 734 3349 803 πρόσωπον
3379 738 3476 808 τῆς
3523 720 3719 819 σκηνῆς,
3750 720 3808 811 (vi;

2320 813 2395 883 μὴ
2428 813 2491 868 τὸ
2530 819 2798 887 περιττῶς
2838 822 3209 893 ἐκτεταμένον
3244 826 3321 897 τῷ
3357 830 3457 899 τῆς
3487 813 3640 903 αὐλῆς
3666 813 3807 900 ,κάλλει

2316 904 2740 977 διαλυμαίνοιτο.
2776 912 2863 964 Ἐν
2883 912 3058 984 ταύτῃ
3095 915 3160 986 δὴ
3202 913 3298 971 οὖν
3335 923 3400 990 τῇ
3433 924 3621 991 μεταξὺ
3646 932 3809 989 τῶνιλ.

2316 995 2424 1049 λων
2450 999 2542 1052 καὶ
2569 999 2645 1063 ὡς
2673 1002 2933 1074 ἑνδεκάτῃ
2965 1006 3039 1061 τὰ
3076 1006 3199 1077 ίερά
3234 1025 3294 1061 τε
3334 1012 3430 1064 καὶ
3462 1012 3573 1068 θεῖα
3607 1025 3808 1092 uram

2318 1087 2510 1157 σκεύη,
2545 1089 2955 1163 διαμορφοῦντα
2998 1095 3258 1160 ποικίλως
3284 1096 3343 1151 ἐν
3369 1115 3432 1166 γε
3461 1101 3522 1172 δὴ
3560 1087 3808 1173 σφίσιν-αὑ.

2313 1179 2429 1242 τοῖς
2476 1179 2570 1233 τὸν
2628 1182 3012 1255 Ἐμμανουήλ·
3052 1186 3195 1257 τάχα
3242 1205 3347 1242 που
3386 1191 3479 1245 τοῦ
3512 1194 3713 1267 ἀριθμοῦ
3744 1208 3806 1259 aut

2313 1270 2433 1323 τόδε
2460 1273 2984 1344 κατασημαίνοντος,
3016 1277 3093 1341 ὡς
3126 1278 3184 1332 ἐν
3218 1279 3543 1348 τελευταίας
3565 1288 3647 1340 τοῦ
3669 1294 3808 1359 una”;

2315 1365 2547 1432 καιροῖς,
2579 1364 2674 1418 καὶ
2709 1365 2786 1429 ὡς
2826 1368 2885 1418 ὲν
2912 1366 3034 1438 ὥρᾳ
3070 1371 3137 1439 τῇ
3173 1369 3439 1446 ἑνδεκάτῃ
3464 1376 3612 1445 τυχὸν
3638 1381 3806 1451 mea.

2316 1466 2465 1502 νεται
2501 1452 2754 1522 Χριστὸς,
2800 1456 2895 1508 καὶ
2938 1456 2971 1526 ἡ
3008 1457 3246 1528 Χριστὸν
3277 1460 3475 1531 ἔχουσα
3514 1470 3684 1539 σκηνὴ,
3706 1473 3807 1526 τοῦτ’

2316 1540 2485 1605 ἔστιν,
2518 1544 2550 1613 ἡ
2588 1544 2906 1616 Ἐκκλησία.

2386 1714 2590 1768 ΠΑΛΛ.
2634 1715 2823 1781 Οὐδὲν,
2850 1716 2926 1780 ὡς
2949 1717 3146 1786 ἔοικεν,
3166 1721 3399 1787 ἀπεικὸς
3420 1724 3613 1781 ἐννοεῖν»
3631 1724 3681 1785 εὖ
3700 1732 3802 1802 ίχειν

2318 1806 2413 1858 καὶ
2431 1804 2522 1859 τὸν
2560 1807 2651 1859 ἐπὶ
2670 1806 2805 1876 τῷδε
2828 1808 3006 1876 λόγον.

713 1882 871 1940 CYR.
905 1886 1200 1958 Postquam
1245 1890 1412 1961 igitur
1443 1896 1612 1951 verba
1655 1899 1724 1955 de
1760 1901 2114 1962 tabernaculo
2138 1908 2204 1964 fe-

2386 1896 2548 1949 ΚΥΡ.
2590 1895 2746 1950 Μετὰ
2783 1897 2843 1950 δέ
2889 1915 2951 1966 γε
2997 1900 3126 1966 τοὺς
3165 1902 3261 1955 ἐπὶ
3294 1904 3362 1973 τῇ
3403 1908 3565 1976 σκηνῇ
3592 1906 3804 1977 λόγουςτι

641 1970 734 2035 cit,
759 1987 823 2025 ac
845 1972 1049 2043 figuras
1064 1979 1331 2045 prabuit:
1359 2002 1376 2034 ‹
1400 1984 1664 2053 Ettacies,
1692 2009 1708 2040 ι
1741 1991 1937 2061 inquit,
1968 2014 1987 2046 ς
2008 1999 2209 2055 atrium

640 2061 996 2120 tabernaculo
1044 2067 1100 2121 in
1141 2070 1333 2137 latere,
1368 2076 1515 2143 quod
1560 2081 1789 2149 respicit
1828 2085 1897 2138 ad
1936 2096 2207 2156 austrum,

639 2159 696 2205 et
726 2156 960 2211 tentoria
984 2160 1113 2213 atrii
1137 2177 1204 2215 ex
1235 2164 1401 2234 bysso
1447 2175 1624 2223 torta:
1677 2172 1966 2244 longitudo
1991 2190 2212 2237 centum

639 2243 955 2300 cubitorum
982 2250 1091 2303 erit
1145 2254 1241 2307 uni
1293 2255 1475 2323 lateri,
1504 2269 1561 2314 et
1606 2263 1875 2321 columnae
1898 2282 2091 2325 eorum
2126 2274 2211 2327 vi-

640 2332 799 2401 ginti,
825 2344 883 2389 et
912 2336 1072 2394 bases
1125 2358 1316 2399 earum
1357 2349 1552 2418 viginti
1578 2368 1764 2419 aenea,
1804 2367 1860 2412 et
1898 2360 2089 2418 circuli
2122 2380 2217 2419 ea-

639 2437 783 2489 rum,
821 2435 876 2481 et
896 2444 1057 2486 arcus
1084 2448 1275 2488 earum
1322 2443 1587 2510 argentei.
1632 2444 1724 2501 Sic
1761 2450 1927 2504 etiam
1953 2453 2012 2509 in
2040 2455 2211 2511 latere

636 2518 784 2586 quod
836 2530 923 2575 est
949 2523 1015 2577 ad
1052 2526 1390 2595 aquilonem,
1422 2535 1661 2591 tentoria
1694 2538 2036 2610 longitudine
2079 2563 2209 2603 cen—

639 2614 754 2661 tum
786 2610 1127 2675 cubitorum.
1154 2627 1209 2672 et
1242 2620 1511 2679 columna
1545 2641 1737 2683 eorum
1773 2632 1989 2703 viginti,
2031 2647 2087 2693 et
2111 2639 2209 2695 ba-

638 2710 726 2747 ses
743 2712 934 2753 earum
953 2702 1151 2772 viginti
1177 2722 1368 2774 anea,
1410 2720 1466 2765 et
1487 2714 1680 2771 circuli
1727 2702 1943 2789 earum,
1973 2736 2029 2783 et
2048 2744 2210 2787 arcus

638 2785 1040 2855 columnarum,
1076 2802 1132 2848 et
1163 2795 1322 2853 bases
1343 2817 1532 2856 earum
1564 2805 1925 2878 inargentata
1959 2830 2204 2887 argento.

634 2876 908 2949 Latitudo
943 2894 1125 2940 autem
1158 2889 1309 2956 atrii,
1339 2908 1461 2961 qua
1481 2897 1657 2966 vergit
1684 2876 1753 2953 ad
1785 2917 1955 2969 mare,
1974 2876 2210 2966 tentoria

637 2969 1034 3044 quinquaginta
1057 2978 1393 3047 cubitorum,
1423 2985 1691 3042 columna
1703 3005 1895 3047 eorum
1925 2994 2209 3063 decem,et

638 3060 797 3117 bases
833 3080 1024 3121 earum
1059 3069 1250 3125 decem
1289 3074 1354 3127 ".
1387 3094 1404 3125 ι
1432 3076 1887 3140 Animadvertere
1918 3087 2085 3157 igitur
2105 3107 2206 3145 an-

2317 1989 2412 2041 καὶ
2443 1988 2648 2052 τύπους
2666 2028 2682 2052 ,
2707 2008 2725 2041 ι
2747 1991 2859 2044 Καὶ
2884 1993 3153 2063 ποιήσεις,
3180 1996 3374 2064 φησὶν,
3402 1997 3566 2065 αὐλὴν
3584 2002 3641 2068 τῇ
3666 2010 3803 2074 σκηνῇ,

2315 2080 2394 2141 εἰς
2421 2078 2483 2131 τὸ
2515 2079 2697 2144 κλίτος
2728 2082 2786 2135 τὸ
2814 2083 2950 2155 πρὸς
2981 2084 3108 2138 λίὸα
3127 2125 3141 2149 ,
3182 2087 3279 2140 καὶ
3309 2087 3458 2139 ίστῖα
3497 2089 3588 2158 τῆς
3611 2092 3743 2162 αὐλῆς
3763 2098 3804 2150 ἐκ

2316 2168 2517 2239 βύσσου
2557 2171 2969 2243 κεκλωσμένης*
3012 2176 3187 2245 μῆκος
3225 2178 3422 2231 ἑκατὸν
3446 2179 3641 2248 πήχεων
3669 2184 3729 2252 τῷ
3752 2186 3805 2239 ἑνὶ

2316 2259 2519 2313 κλίτει·
2570 2261 2665 2314 καὶ
2718 2263 2767 2314 oi
2810 2262 2994 2317 στύλοι
3030 2265 3210 2319 αὐτῶν
3258 2266 3566 2333 είκοσι,καὶ
3592 2273 3642 2324 si
3675 2273 3804 2343 βάσεις

2313 2350 2495 2403 αὐτῶν
2527 2350 2701 2405 εἴκοσι
2744 2353 2974 2423 χαλκαῖο
3009 2356 3107 2409 καὶ
3147 2359 3195 2409 οἱ
3242 2358 3427 2429 κρίκοι
3465 2361 3644 2427 αὐτῶν,
3672 2368 3743 2418 καὶ
3765 2372 3801 2420 αἱ

2310 2437 2532 2506 ψαλίδες
2583 2440 2841 2512 ἀργυραῖ.
2879 2441 3064 2508 Οὕτως
3122 2445 3201 2515 τῷ
3254 2445 3428 2499 κλίτει
3476 2447 3548 2517 τῷ
3593 2451 3703 2521 πρὸς
3738 2453 3804 2505 ἀπ-

2311 2528 2548 2600 ηλιώτην
2575 2532 2723 2586 ἱστία
2749 2534 2942 2587 ἑκατὸν
2977 2537 3198 2606 πήχεων
3233 2539 3411 2609 μῆκος
3430 2553 3446 2568 ⁸
3491 2543 3578 2594 καὶ
3604 2547 3646 2596 oi
3678 2546 3802 2600 στύλοι

2311 2620 2492 2674 αὐτῶν
2539 2623 2732 2687 εἰκοσι,
2784 2624 2879 2677 καὶ
2909 2626 2968 2677 αί
3018 2626 3205 2695 βάσεις
3258 2629 3443 2683 αὐτῶν
3469 2633 3623 2686 εἴκοσι
3650 2634 3802 2703 καλιαί

2310 2711 2406 2762 καὶ
2438 2712 2489 2764 oi
2534 2712 2717 2782 κρίκοι
2764 2715 2859 2767 καὶ
2901 2716 2957 2768 αί
3004 2715 3233 2785 ψαλίδες
3277 2718 3396 2773 τῶν
3445 2722 3648 2785 στόλων,
3676 2727 3803 2777 καἱαὶ

2311 2799 2497 2869 βάσεις
2530 2802 2710 2857 αὐτῶν
2744 2808 3263 2877 περιηργυρωμέναι
3295 2811 3560 2882 ἀργυρίῳ.
3603 2814 3663 2866 Th
3684 2811 3803 2868 δὲεῦ-

2313 2908 2405 2961 ρος
2442 2893 2541 2963 τῆς
2574 2894 2744 2965 αὐλῆς
2780 2895 2839 2948 τὸ
2867 2898 3009 2950 κατὰ
3038 2897 3337 2964 θάλασσαν,
3381 2901 3519 2955 ίστία
3545 2904 3803 2973 πεντήκοντα

2310 2984 2548 3054 πήχεων,
2572 2985 2751 3038 στύλοι
2772 2987 2953 3041 αὐτῶν
2972 2988 3131 3053 δέκα,
3151 2990 3246 3045 καὶ
3273 2989 3463 3059 βάσεις
3483 2992 3641 3046 αὐτῶν
3653 2994 3764 3047 δέκα.
3786 3016 3798 3045 ι

2314 3078 2509 3148 ’Δθρει
2544 3079 2610 3151 δὴ
2642 3076 2757 3145 οὖν,
2788 3083 2871 3137 ὅτι
2907 3083 3090 3137 στεναὶ
3114 3086 3215 3154 μὲν
3260 3087 3315 3139 ai
3354 3087 3560 3156 πρῶται
3586 3090 3801 3156 γεγόνασιν

637 3163 795 3221 gusta
822 3158 1046 3225 quidem
1090 3162 1278 3230 priora
1318 3166 1410 3221 illa
1456 3171 1627 3227 aulaa
1670 3173 1859 3241 fuisse,
1891 3186 1949 3235 et
1992 3196 2113 3250 quae
2138 3184 2204 3239 ad

639 3249 749 3287 [res
806 3247 1119 3287 nnhirnrnm
1175 3254 1407 3287 Αοησιιιηο
1465 3264 1852 3287 n--......:_-_._
1918 3269 2031 3287 μ...
2097 3274 2130 3287 ..

2310 3169 2489 3234 αὐλαὶ,
2514 3172 2609 3225 καὶ
2647 3174 2728 3235 εἰς
2753 3173 2945 3243 τρίτην
2970 3173 3252 3243 διήκουσαι
3284 3176 3485 3230 δεκάδα
3512 3178 3710 3285 πήχεων.
3735 3176 3801 3230 Εὖ-

639 3249 749 3297 tres
806 3247 1122 3305 cubitorum
1175 3254 1410 3311 decadas
1464 3264 1854 3329 pervenirent:
1916 3269 2204 3331 latitudine

639 3350 873 3374 namnnn
904 3351 1145 3374 nnnlnnn
1167 3346 1478 3374 sudden-..”
1506 3362 1655 3374 -..Λ-,ι
1713 3357 1755 3374 1-
1844 3359 1879 3374 ο.
1944 3361 1979 3374 1-

2316 3277 2408 3331 ρος
2435 3262 2534 3331 μὲν
2574 3264 2681 3332 γὰρ
2730 3263 2922 3326 αὐταῖς
2959 3264 3240 3337 τέσσαρες,
3278 3268 3456 3337 μῆκος
3489 3269 3547 3374 δὲ
3739 3272 3801 3323 u‘:

634 3350 873 3405 namque
904 3351 1145 3409 quatuor
1166 3346 1481 3403 cubitorum
1502 3362 1680 3419 erant,
1712 3357 2055 3429 longitudine
2078 3375 2204 3423 octo

634 3434 685 3466 pl
711 3426 904 3466 viginti
928 3447 940 3458 -
967 3448 1088 3466 nium
1110 3451 1241 3466 mum
1272 3448 1392 3466 nan.
1424 3440 1510 3466 ιιι..
1554 3456 1786 3466 --___-__.
1909 3452 1922 3466 ι
1969 3461 1979 3466 -
2114 3457 2129 3466 .

2312 3350 2507 3403 εἴκοσι’
2539 3353 2596 3404 αί
2641 3352 2698 3405 δὲ
2727 3354 2842 3423 μετ’
2869 3354 3101 3419 ὲκείνας,
3135 3357 3344 3426 εὐρεῖαι
3374 3375 3432 3411 τε
3456 3358 3591 3412 οὕτω
3623 3360 3699 3412 καὶ
3730 3376 3799 3427 μι·

2313 3440 2472 3466 --....f-
2516 3442 2708 3466 1--.._1-.
2755 3446 2877 3466 --.__‘
2915 3446 2995 3466 ιη’
3034 3445 3219 3466 Ωη.ῌ.]ΑΔ
3302 3465 3307 3466 ,
3372 3448 3384 3464 ι
3569 3450 3580 3466 ν
3740 3450 3749 3466 ι
3784 3450 3792 3466 ι

633 3434 691 3481 et
711 3426 907 3498 viginti
928 3447 942 3496 ;
967 3448 1089 3502 qua
1110 3451 1241 3491 vero
1272 3448 1396 3506 post
1423 3440 1517 3497 illa
1552 3426 1880 3515 sequuntur,
1909 3452 2019 3509 lata
2061 3457 2204 3514 adeo

636 3528 698 3552 an
726 3520 920 3552 ‘nnnno
954 3533 1173 3552 mnu“...
1206 3529 1348 3552 -..ζμ
1398 3547 1494 3552 ..-μ
1557 3550 1566 3552 Α
1653 3545 1665 3552 .
1802 3541 1816 3552 .
1876 3542 1890 3552 .
1948 3545 1960 3552 .

2313 3440 2472 3512 κραί’
2513 3442 2709 3495 ἑκατὸν
2755 3446 2877 3514 γαρ’
2911 3446 2995 3513 ἐφ’
3029 3445 3245 3510 ἑκατὸν,
3297 3448 3396 3501 καὶ
3434 3450 3718 3552 πεντήιωντα
3735 3450 3798 3552 isi

634 3528 699 3570 ac
726 3520 921 3590 longa;
953 3533 1173 3580 centum
1203 3529 1352 3583 enim
1398 3547 1497 3600 per
1544 3545 1766 3593 centum
1802 3541 2099 3613 habebant,
2147 3561 2204 3606 et

2316 3532 2675 3602 πεντήκοντα,
2701 3534 2991 3604 τρέχουσαι
3022 3553 3083 3590 τι
3131 3539 3167 3609 ἡ
3194 3538 3294 3608 μὲν
3342 3540 3425 3604 είς
3474 3540 3567 3610 ἠῶ,
3599 3542 3628 3610 ἡ
3662 3541 3708 3594 δὴ
3743 3542 3797 3602 είς

636 3610 1057 3682 quinquaginta,
1110 3634 1209 3687 per
1261 3621 1687 3695 quinquaginta,
1746 3610 2204 3711 pertinebantque

636 3699 741 3754 hoc
764 3703 987 3770 quidem
1020 3708 1089 3763 ad
1148 3720 1354 3778 ortum,
1404 3714 1539 3771 illud
1568 3733 1702 3775 vero
1745 3699 1815 3777 ad
1869 3699 2129 3786 occasum
2146 3744 2207 3791 et

634 3800 907 3846 austrum.

705 3879 903 3935 PALL.
934 3883 1206 3951 Quidnam
1232 3892 1451 3948 tandem
1480 3896 1585 3953 hoc
1623 3901 1854 3972 anigma
1891 3906 2203 3977 signiﬁcat?

694 3973 851 4028 CYR.
891 3976 975 4031 An
1006 3995 1118 4034 non
1159 3982 1263 4037 hoc
1307 3985 1440 4041 illud
1467 3997 1552 4043 est
1584 3992 1747 4061 plane
1773 3997 1919 4065 quod
1947 3973 2079 4057 olim
2104 4021 2204 4074 per

630 4063 781 4120 Isaia
831 4084 1021 4125 vocem
1054 4073 1311 4133 Ecclesia
1339 4078 1395 4134 in
1421 4085 1680 4141 extremis
1722 4063 2062 4159 temporibus
2101 4063 2200 4152 de-

627 4152 845 4212 clarata
871 4161 1204 4227 promissum
1244 4174 1365 4220 est:
1401 4188 1419 4219 ‹
1442 4170 1615 4227 Dilata
1646 4152 2200 4243 locum-tabernaculi

631 4245 732 4309 tui,
762 4255 817 4301 et
840 4249 960 4304 vela
993 4252 1293 4309 aulaorum
1320 4265 1565 4329 tuorum;
1601 4264 1725 4334 tlge,
1750 4283 1821 4324 ne
1840 4285 2056 4339 parcas,
2099 4279 2199 4332 ad-

627 4336 736 4393 huc
759 4339 811 4394 in
845 4340 1092 4398 dextram
1136 4356 1193 4402 et
1214 4349 1491 4406 sinistram
1528 4358 1760 4413 extende
1800 4336 1889 4427 ’i;
1915 4382 1934 4414 ›
1970 4336 2198 4438 angusta

626 4428 771 4483 cnim
789 4440 907 4486 erat
933 4432 1089 4489 initio
1114 4434 1320 4493 Christi
1351 4441 1616 4509 Ecclesia,
1655 4457 1843 4515 postea
1893 4453 1960 4508 ad
1991 4428 2194 4527 ortum,

2312 3623 2550 3694 ἑσπέραν
2579 3640 2636 3676 τε
2664 3626 2757 3677 καὶ
2782 3624 2926 3683 λίὸα.

2380 3889 2588 3944 ΠΛΛᾹ.
2634 3885 2762 3942 Εἶτα
2798 3889 2850 3941 τί
2880 3888 2939 3942 τὸ
2962 3889 3224 3961 αἴνιγμα,

2373 3979 2534 4033 ΚΥΡ.
2576 3980 2708 4051 Οὐχὶ
2735 3981 2798 4051 δὴ
2823 3982 2980 4035 τοῦτό
3042 3983 3187 4035 ἐστιν
3214 3982 3479 4054 ἐναργῶς,
3506 3982 3561 4038 τὺ
3594 3982 3725 4035 πάλαι
3744 3982 3795 4033 δι-

2307 4070 2717 4141 επηγγελμένον
2746 4070 2834 4125 διὰ
2857 4072 3044 4142 φωνῆς
3084 4073 3311 4126 Ἡσαΐου
3344 4074 3480 4145 πρὸς
3496 4076 3585 4147 τὴν
3612 4076 3659 4128 ὲν
3682 4074 3793 4142 ἐσχά-

2306 4176 2417 4223 τοις
2449 4163 2657 4231 καιροῖς
2680 4161 3131 4233 ἁναδεδειγμένην
3168 4162 3526 4234 Ἐκκλησίαν·
3561 4163 3793 4215 «meum

2304 4249 2395 4301 τὸν
2422 4249 2585 4301 τόπον
2615 4248 2715 4319 τῆς
2749 4250 2952 4320 σκηνῆς
2992 4268 3107 4314 σου,
3138 4251 3231 4306 καὶ
3273 4253 3373 4316 τὰς
3405 4252 3601 4329 δέρρεις
3620 4250 3707 4303 τῶν
3727 4250 3792 4301 αὖ·

2305 4339 2472 4393 λαιῶν
2501 4358 2613 4394 σου.
2647 4339 2844 4412 Πῆξον,
2874 4342 2948 4412 μὴ
2981 4340 3140 4414 φείσῃ
3175 4342 3253 4396 ἔτι
3280 4344 3361 4406 είς
3389 4343 3455 4396 τὰ
3482 4341 3630 4407 δεξιὰ,
3648 4342 3718 4393 καὶ
3738 4341 3789 4399 εἰς

2303 4432 2372 4487 τὰ
2398 4433 2662 4503 ἀριστερὰ
2687 4432 3011 4486 ὲκπὲτασον.
3029 4452 3046 4483 ι
3059 4433 3401 4503 Στενουμένη
3424 4433 3528 4503 γὰρ
3544 4434 3596 4484 ἐν
3608 4432 3789 4502 ἁρχαῖςή

626 4526 682 4571 et
707 4534 985 4587 occasum,
1016 4534 1073 4579 et
1107 4531 1560 4599 septentrionem,
1604 4545 1661 4589 et
1714 4550 1964 4599 austrum
1998 4518 2199 4609 dilata:-

2317 4522 2610 4593 Ἐκκλησία
2634 4520 2893 4595 Χριστοῦ,
2928 4520 3113 4575 λοιπὸν
3140 4524 3221 4585 εἰς
3244 4522 3328 4592 ἠῶ
3356 4540 3417 4575 τε
3439 4522 3528 4576 κατ¹
3560 4520 3702 4582 δύσιν,
3726 4518 3789 4611 xtl

627 4616 737 4674 tur,
756 4617 812 4664 et
832 4613 899 4666 ad
921 4630 1138 4669 omnem
1169 4617 1352 4675 locum
1374 4626 1647 4690 pervenit.

694 4786 858 4857 320
886 4788 1081 4844 PALL.
1111 4793 1250 4849 Vera
1271 4795 1429 4853 dicis.

686 4874 844 4930 CYR.
869 4875 1260 4935 Animadverte
1284 4893 1469 4941 autem
1515 4888 1649 4945 alias
1682 4907 1871 4950 omnes
1911 4899 2194 4960 columnas

622 4963 810 5021 decem
840 4967 1163 5037 aulaorum,
1190 4980 1247 5027 et
1273 4973 1422 5030 illius
1454 4975 1765 5035 intermedii
1805 5000 1941 5041 auro
1976 4992 2191 5061 contegi

615 5059 868 5130 jussisse,
910 5062 1005 5117 sed
1040 5054 1265 5120 basibus
1294 5065 1610 5136 duplicibus
1654 5071 1817 5128 inniti
1850 5092 1918 5131 ex
1960 5054 2191 5151 argento

618 5151 794 5208 factis.
846 5154 1025 5224 Atque
1079 5157 1244 5228 hujus
1284 5160 1363 5213 rei
1398 5176 1617 5232 quoque
1656 5166 1797 5221 ratio
1830 5168 1942 5239 jam
1975 5173 2189 5231 reddita

618 5250 722 5304 est,
772 5251 835 5296 ut
878 5246 1109 5313 opinor;
1165 5258 1423 5305 catcrum
1494 5252 1783 5325 longorum
1841 5260 2189 5334 latorumque

618 5330 916 5385 aulaorum
941 5335 1225 5393 columnas
1277 5339 1382 5394 alia
1433 5341 1647 5398 ratione
1680 5348 1938 5403 exornari
1990 5351 2183 5421 jubet;

616 5436 740 5474 nam
780 5435 811 5474 a
843 5422 1019 5491 capite
1066 5425 1132 5479 ad
1178 5432 1347 5497 pedes
1385 5433 1570 5487 ornari
1598 5444 1838 5506 argento
1889 5442 2181 5511 pracipit;

615 5511 709 5565 scd
741 5510 966 5567 basibus
995 5512 1095 5567 niti
1127 5517 1294 5573 aneis
1332 5533 1397 5575 ac
1437 5521 1807 5593 deargentatis
1844 5545 1857 5581 :
1889 5528 1941 5583 id
1968 5510 2185 5603 quoquc

615 5618 721 5657 non
752 5602 989 5658 absurde
1016 5602 1221 5661 Christi
1274 5607 1497 5679 figuram
1523 5614 1694 5683 gerit;
1741 5626 1905 5687 atque
1955 5602 2185 5692 argento

676 5801 720 5831 “
761 5802 930 5857 Exod.
972 5820 1133 5869 xxvn,
1163 5808 1307 5861 9—!2.
1406 5812 1448 5843 ’⁷
1494 5815 1591 5868 lsa.
1640 5832 1739 5871 Liv.
1783 5817 1832 5869 ‘2.

2303 4615 2507 4687 βορρᾶν
2553 4632 2614 4668 τε
2661 4614 2756 4668 καὶ
2792 4614 2942 4668 νότον
2994 4611 3358 4683 ὲξευρύνεται,
3398 4614 3491 4668 καὶ
3528 4612 3606 4666 διὰ
3646 4608 3789 4667 παντὸς

2298 4708 2423 4779 ἥκει
2456 4707 2641 4761 τόπου.

2366 4802 2571 4855 ΠΑΑΑ.
2624 4798 2863 4870 Ἀληθές.

2366 4892 2530 4944 ΚΥΡ.
2585 4891 2864 4961 Ἐπιτήρει
2908 4890 2963 4943 δὲ
2992 4891 3073 4943 ὅτι
3098 4890 3223 4953 τοὺς
3265 4889 3362 4960 μὲν
3386 4889 3567 4951 ἄλλους
3606 4887 3786 4942 ἅπαντας

2297 4983 2522 5047 στύλους
2548 4983 2658 5037 τῶν
2684 4983 2817 5037 δέκα
2840 4981 3098 5043 αὑλαιῶν,
3130 4982 3223 5034 καὶ
3254 4981 3355 5049 τῆς
3376 4980 3478 5079 ἀνα
3509 4977 3670 5079 μέσον.
3692 4989 3785 5079 χρυ-

2296 5075 2372 5147 σῷ
2404 5077 2502 5147 μὲν
2534 5075 2637 5144 ἔφη
2670 5074 3059 5129 διαπάττεσοαι
3094 5074 3225 5138 δεῖν,
3272 5071 3462 5142 βάσεσί
3493 5087 3552 5138 γε
3592 5068 3679 5138 μὴν
3712 5068 3782 5116 ἐπ.

2292 5185 2315 5220 ε
2325 5167 2611 5239 ρηρεῖσθαι
2633 5167 2867 5231 διπλαῖς,
2889 5164 3131 5237 ἀργύρου
3154 5155 3785 5263 πεπῖοιζιμέναιςῧίαὶτίςὸ

2287 5258 2442 5312 τοῦδε
2486 5257 2660 5327 λόγος,
2700 5258 2935 5328 εἴρηται,
2964 5256 3214 5326 καθάπερ
3250 5248 3485 5325 ὲγῶμαι·
3525 5250 3620 5304 τῶν
3645 5249 3690 5300 δὲ
3711 5263 3785 5313 μα·

2288 5350 2436 5421 κρῶν
2484 5350 2578 5403 καὶ
2620 5348 2891 5403 πλατειῶν
2930 5347 3166 5402 αὑλαιῶν
3215 5347 3342 5410 τοὺς
3403 5344 3626 5405 στύλους,
3653 5335 3783 5443 frtri?

2289 5441 2642 5499 διαποικίλλει
2676 5440 2840 5509 λόγῳ.
2879 5437 3127 5525 Ἀργύρῳ
3166 5437 3264 5506 μὲν
3286 5438 3349 5489 ἐκ
3372 5433 3598 5525 κεφαλῆς

2291 5533 2385 5598 δας
2414 5530 2876 5600 καταγλαΐζεσοαι
2903 5530 3012 5583 δεῖν
3035 5524 3092 5583 εὖ
3133 5527 3275 5600 μάλα
3301 5525 3451 5597 φησὶ,
3469 5516 3778 5627 ’βάσεσιν

2293 5622 2683 5695 ἐπερηρεῖσοαι
2756 5620 2982 5692 χαλκαῖς
3057 5618 3149 5673 καὶ
3220 5614 3608 5688 περιαργύροις.
3642 5609 3778 5661 Τόπος
