4140 6510
293 374 393 431 641

1009 374 1099 428 DE
1139 368 1582 427 ADORATIONE
1620 367 1687 423 IN
1725 366 1993 423 SPIRITU
2034 367 2124 421 ET
2168 368 2535 423 \‘ERITATE.
2583 370 2708 423 LIB.
2752 370 2841 424 IX.

3444 376 3547 433 642

293 492 343 546 δ’
385 490 454 543 ἂν
482 488 571 560 εἴη
589 500 687 542 και
710 486 1138 557 τοῦδεΧριστδς,
1168 484 1345 555 φωτὸς
1380 482 1480 553 μὲν
1504 482 1590 536 δτι
1615 481 1875 552 διέλαμψε

1980 484 2202 554 quidem
2246 483 2606 555 signiﬁcatur,
2651 485 2878 540 luminis
2934 486 3107 540 instar
3158 486 3312 541 illum
3361 490 3544 558 splen-

293 581 477 650 δίκην,
520 579 720 647 αὐγαῖς
748 576 1002 650 ’δηλονότι
1036 578 1169 639 ταῖς
1200 576 1415 646 νοηταῖς
1451 573 1778 645 ἀστράπτων
1804 572 1880 637 ὡς

294 672 455 734 Θεὸς,
474 670 581 725 τοῦ
609 669 854 741 ἀργύρου
886 668 1260 739 σημαίνοντος.
1285 667 1408 721 Ὅτι
1435 666 1493 719 δὲ
1513 665 1765 736 λαμπρὸς
1786 664 1882 719 καὶ

292 764 507 834 εὐηχης
533 764 564 815 ὸ
592 763 722 833 περὶ
753 762 858 831 γῆν
883 761 1032 831 αὐτῷ
1060 759 1356 829 πεποίηται
1375 758 1552 826 λόγος,
1579 755 1721 809 τοῦτ’
1742 755 1877 818 εστι,

291 854 360 907 ea
403 856 666 925 κήρυγμα
700 853 763 906 τὸ
804 852 1181 921 εὐαγγελικὸν,
1208 850 1304 903 τοῦ
1336 848 1710 920 περιαργύρου
1749 846 1880 917 χαλ-

292 946 401 999 κοῦ
432 945 694 1013 πλαγίως
738 945 874 1015 ἡμῖν
905 943 1359 1015 ὐπεμφαίνοντος.
1396 939 1612 1011 Εὐηχὴς
1646 939 1746 1010 μὲν
1772 938 1881 1008 γὰρ

294 1037 397 1090 καὶ
428 1038 457 1089 ό
482 1035 703 1107 χαλκὸς,
736 1034 990 1106 λαμπρὸν
1026 1034 1083 1087 δὲ
1116 1034 1180 1104 δὴ
1222 1033 1343 1086 λίαν
1380 1031 1474 1085 καὶ
1496 1029 1754 1099 διαφανὲς
1786 1027 1881 1082 τοῦ

295 1131 547 1202 ἀργύρου
579 1126 641 1180 τὸ
677 1128 884 1198 χρῆμα.
920 1127 1140 1181 Ἔνεστι
1181 1125 1240 1178 δὲ
1281 1124 1440 1178 τοῦτο
1464 1125 1577 1185 τοῖς
1607 1120 1884 1189 εὐαγγελι-

294 1222 420 1283 uol;
468 1218 814 1289 κηρύγμασι,
850 1216 945 1272 ut
1001 1216 1210 1270 κατίδοι
1243 1232 1326 1278 τις
1359 1214 1447 1280 ἂν,
1503 1212 1599 1266 τοῦ
1628 1212 1880 1281 Σωτῆρος

294 1312 396 1367 τὸν
427 1312 604 1380 λόγον,
642 1310 837 1381 ἔχοντα
873 1309 973 1380 μὲν
1019 1309 1120 1380 τῆς
1162 1308 1245 1370 είς
1289 1308 1458 1378 ἄκρον
1513 1302 1791 1365 εὐσεϐείας
1820 1301 1882 1355 τὸ

294 1402 495 1465 διειδές
537 1419 597 1455 τε
626 1402 719 1455 καὶ
739 1400 996 1472 καθαρὸν,
1013 1399 1143 1468 ὅλην
1155 1398 1213 1451 δὲ
1241 1397 1429 1467 ὥσπερ
1445 1391 1881 1465 περιϐομϐοῦντα

295 1492 402 1562 τὴν
422 1492 767 1563 οἰκουμένην.
796 1492 860 1545 ιιι
886 1491 945 1545 δὲ
974 1490 1039 1560 δή
1062 1506 1147 1552 τις
1179 1488 1354 1541 ἕλοιτο
1378 1487 1506 1549 τοὺς
1528 1485 1718 1552 άγίους
1740 1485 1880 1539 ἁπο-

298 1583 524 1645 στόλους
552 1583 646 1636 καὶ
671 1580 1064 1651 εὐαγγελιστάς
1098 1579 1174 1642 ὡς
1203 1581 1261 1632 ὲν
1302 1580 1413 1641 τοῖς
1463 1575 1695 1629 τοιοῖσδε
1719 1574 1881 1645 τυχδν

296 1671 717 1726 ἀνατυποῦσθαι
746 1671 980 1737 στύλοις,
1009 1670 1273 1738 λογιεῖται
1301 1668 1369 1721 τὰ
1399 1665 1605 1720 εἰκότα.
1638 1666 1750 1719 Καὶ
1772 1666 1881 1735 γάρ

295 1766 442 1818 εἰσιν
467 1764 683 1835 άληθῶς
712 1762 901 1835 ὥσπερ
932 1760 1338 1834 ὴργυρωμένοι,
1368 1759 1460 1815 διὰ
1482 1758 1545 1813 τὸ
1575 1759 1633 1812 ὲν
1668 1757 1880 1828 μεθέξει

1983 574 2192 639 duisse,
2220 590 2345 629 cum
2393 582 2453 628 ut
2498 575 2643 628 Deus
2658 573 2840 628 ~radiis
2879 574 3140 629 nimirum
3169 575 3549 644 spiritualibus

1982 667 2234 737 fulgeret.
2264 666 2479 721 Claram
2506 683 2639 721 vero
2669 683 2735 721 ac
2772 677 3121 722 resonantem
3158 667 3216 722 in
3248 670 3547 742 terrisejua

1980 758 2463 828 przedicationem,
2530 758 2585 811 id
2630 767 2735 822 est,
2772 758 3115 828 :przeconium
3177 762 3545 831 evangelicum

1981 850 2168 915 fuisse,
2191 865 2265 904 aes
2314 849 2450 903 illud
2494 850 2905 919 deargentatum
2944 850 3164 919 oblique
3192 851 3353 906 nobis
3400 852 3545 908 indi-

1979 948 2102 1007 cat;
2170 956 2296 995 nam
2364 957 2439 996 aes
2491 941 2711 1011 quidem
2778 949 3040 1006 resonat,
3120 942 3217 997 sed
3263 951 3546 1013 argentum

1981 1033 2189 1087 clarum
2217 1039 2301 1087 est
2324 1047 2389 1087 ac
2413 1032 2677 1087 lucidum.
2711 1032 2861 1088 Inest
2906 1042 3087 1087 autem
3146 1044 3443 1104 utrumque
3489 1035 3547 1091 in

1981 1122 2296 1192 evangelica
2356 1122 2662 1192 praeconio:
2731 1138 2796 1177 ac
2846 1122 3035 1177 videre
3089 1123 3219 1177 licet
3252 1124 3550 1181 Salvatoris

1980 1213 2157 1269 nostri
2218 1212 2665 1283 praedicationem
2715 1227 2929 1267 summa
2986 1212 3187 1281 pietate
3233 1214 3433 1267 claram
3485 1230 3549 1268 ac

1978 1321 2173 1376 puram
2185 1320 2328 1368 esse,
2345 1312 2399 1358 et
2423 1319 2523 1373 per
2541 1304 2860 1358 universum
2880 1302 3070 1358 orbem
3088 1311 3359 1359 terrarum
3393 1320 3547 1359 reso-

1978 1414 2133 1453 nare.
2176 1396 2333 1463 Quod
2361 1397 2406 1452 si
2440 1397 2565 1467 quis
2586 1396 2724 1451 velit
2747 1403 2968 1451 sanctos
2996 1396 3277 1466 apostolos
3307 1405 3363 1449 et
3387 1412 3550 1452 evan-

1979 1493 2223 1564 gelistas,
2241 1492 2378 1547 utin
2403 1491 2677 1562 ejusmodi
2698 1490 2969 1546 columnis
2994 1489 3360 1561 przeﬁgurari,
3379 1490 3426 1544 is
3440 1506 3549 1545 non

1980 1584 2216 1639 absurde
2250 1582 2540 1654 cogitabit:
2582 1593 2710 1638 sunt
2737 1583 2885 1638 enim
2923 1597 3052 1639 sane
3089 1582 3245 1653 quasi
3281 1584 3549 1653 deargen-

1981 1685 2128 1742 tata),
2157 1692 2284 1732 cum
2310 1677 2421 1730 sint
2440 1676 2645 1732 Christi
2673 1674 3037 1730 illuminantis
3074 1674 3390 1745 participes.
3443 1674 3552 1728 Ita-

1981 1784 2088 1840 que
2110 1768 2217 1822 ait:
2254 1786 2271 1819 ι
2293 1768 2362 1822 Ει
2397 1768 2504 1822 erit
2540 1767 2800 1837 splendor
2824 1745 3043 1821 Domini
3072 1765 3169 1821 Dei
3190 1765 3364 1820 nostri
3386 1771 3553 1835 sup‘er

293 1856 554 1925 γενέσθαι
578 1853 818 1927 Χριστοῦ
845 1855 939 1908 τοῦ
987 1852 1335 1923 φωτίζοντος.
1378 1850 1665 1922 Τοιγάρτοι
1722 1849 1874 1921 φησί·

1979 1874 2080 1915 nos
2112 1861 2177 1912 ".
2204 1878 2223 1911 ι
2256 1858 2614 1928 Appellantur
2645 1867 2948 1928 praaterea:
2986 1876 3004 1908 ι
3043 1857 3161 1911 Lux
3209 1857 3402 1911 mundi
3428 1857 3491 1909 ν’.
3527 1876 3544 1906 ι

297 1965 322 2000 ε
358 1950 470 2001 Καὶ
502 1947 653 1999 ἔσται
679 1948 712 2016 ἡ
743 1943 1063 2015 λαμπρότης
1084 1943 1292 2012 Κυρίου
1329 1942 1422 1996 τοῦ
1455 1940 1590 1995 Θεοῦ
1614 1939 1770 2010 ἡμῶν
1793 1940 1878 2009 ἐφ’

291 2040 470 2109 ἡμᾶς.
492 2057 511 2090 ι
532 2034 979 2107 Ὀνομάζονταιδὲ
996 2034 1090 2088 καὶ
1116 2032 1248 2086 «Τοῦ
1277 2033 1485 2103 κόσμου
1502 2032 1668 2101 φῶς,›
1695 2029 1881 2102 χαλκῷ

291 2127 360 2181 δὲ
407 2125 773 2197 περιαργύρῳ
812 2124 1094 2194 μονονουχὶ
1139 2123 1232 2176 καὶ
1270 2122 1672 2192 ἐμϐεϐηκότες.
1707 2121 1882 2189 Ἐρει-

309 2234 432 2288 σμα
461 2218 571 2285 γάρ
600 2216 804 2279 αὐτοῖς,
835 2213 1025 2284 ὥσπερ
1048 2210 1125 2282 τῷ
1144 2210 1384 2281 λαμπρῷ
1410 2212 1504 2263 καὶ
1527 2211 1880 2281 εὐηχεστάτῳ

292 2307 609 2379 κεχρῆσθαι
630 2306 793 2377 λόγῳ.
815 2324 834 2357 ι
861 2304 1064 2376 Κύριος
1082 2303 1213 2373 γὰρ,
1255 2321 1273 2353 ι
1298 2303 1455 2372 φησὶ,
1485 2320 1504 2351 ι
1538 2300 1696 2353 δώσει
1729 2300 1882 2368 ῥῆμα

289 2404 414 2463 τοῖς
459 2397 970 2468 εὐαγγελιζομένοις
1014 2394 1244 2464 δυνάμει
1300 2392 1492 2463 πολλῇ.
1520 2411 1538 2444 ι
1580 2393 1780 2463 Ὦραίοι
1825 2391 1883 2444 δὲ

290 2492 396 2543 καὶ
439 2491 489 2543 οῑ
537 2489 693 2552 πόδες
736 2486 845 2541 τῶν
886 2483 1389 2554 εὐαγγελιζομένων
1430 2484 1500 2536 τὰ
1552 2480 1753 2551 ἀγαθὰ,
1786 2481 1880 2550 γέ-

293 2597 589 2724 ΥἯΣΧ.
634 2667 821 2732 Βαθὺς
848 2666 949 2738 μὲν
969 2668 997 2720 ό
1020 2664 1196 2733 λόγος,
1222 2662 1385 2735 πλὴν,
1413 2660 1877 2734 ἀληθείαςὶγγύς.

372 2839 541 2893 ΚΥΡ.
601 2836 1162 2909 Συμπεπερασμένων
1211 2836 1277 2907 δὴ
1326 2829 1419 2889 οὖν
1467 2833 1565 2887 καὶ
1618 2833 1728 2885 τῶν
1787 2834 1882 2887 ἐπὶ

292 2933 425 2993 ταῖς
471 2929 663 2992 αὐλαῖς
707 2928 1178 2998 τεθεσπισμένων.
1220 2927 1301 2990 είς
1353 2924 1533 2979 ἐλαίου
1561 2941 1623 2977 τε
1656 2924 1752 2978 καὶ
1781 2925 1882 2996 μύ-

300 3037 404 3090 ρου
441 3020 535 3073 καὶ
595 3020 702 3090 μὴν
764 3020 860 3073 καὶ
907 3018 1269 3089 θυμιαμάτων
1314 3016 1658 3087 εμετατρέπει
1713 3032 1882 3069 κατα-

298 3110 526 3182 σκευὴν,
552 3110 697 3164 οὕτω
723 3110 917 3179 λέγων·
978 3129 998 3162 ι
1025 3111 1137 3163 Καὶ
1182 3110 1269 3173 σὺ,
1303 3105 1563 3171 σύνταξον
1593 3109 1706 3170 τοῖς
1748 3108 1882 3171 υἱοῖς

1980 1951 2160 2018 Quid?
2211 1966 2397 2006 nonne
2462 1950 2629 2005 iidem
2707 1950 2805 2005 teri
2855 1950 3209 2020 deargentato
3253 1948 3553 2004 insistunt?

1979 2058 2104 2097 nam
2177 2043 2330 2097 velut
2391 2041 2796 2096 ﬁrmamentum
2843 2040 3115 2111 quoddam
3170 2039 3387 2095 illorum
3431 2049 3548 2105 est,

1966 2133 2127 2203 quod
2182 2132 2492 2202 splendida,
2524 2132 2915 2201 resonantique
2948 2131 3338 2203 praedicatione
3382 2138 3550 2186 utun-

1966 2233 2070 2278 :tur
2089 2243 2146 2279 ;,ι
2168 2224 2433 2278 Dominus
2463 2224 2632 2289 enim,
2658 2223 2896 2293 ilinquit,
2919 2222 3112 2277 «dabit
3138 2223 3367 2278 verbum
3387 2238 3553 2278 evan-

1966 2315 2342 2385 gelimntibus
2374 2315 2578 2369 virtute
2596 2316 2775 2369 multa
2816 2316 2857 2369 ι.
2885 2333 2903 2366 ι
2940 2314 3232 2384 Speciosos
3269 2316 3401 2371 item
3430 2331 3551 2372 esse

1964 2405 2149 2475 pedes
2180 2405 2675 2476 evangelizantium
2698 2405 2864 2469 bona,
2898 2405 3159 2475 scriptum
3187 2414 3273 2461 est
3298 2409 3338 2459 ’.

2046 2656 2247 2712 PALL.
2271 2656 2578 2711 Recondita
2602 2664 2686 2710 est
2712 2654 2813 2708 ista
2856 2651 3080 2723 quidem
3102 2650 3410 2723 expositio;
3456 2652 3550 2708 sed

1964 2756 2163 2802 tamen
2184 2747 2253 2801 ad
2280 2747 2571 2801 veritatem
2602 2745 2849 2816 proxime
2889 2744 3122 2800 accedit.

2051 2838 2211 2895 CIR.
2236 2838 2374 2893 Cum
2395 2839 2567 2909 igitur
2608 2838 2677 2893 de
2711 2838 2900 2892 aulaeis
2943 2837 3242 2908 praecipere
3277 2838 3551 2902 desiisset,

1966 2928 2051 2983 ad
2081 2929 2210 2994 olei,
2238 2938 2295 2984 et
2323 2928 2611 2999 unguenti,
2650 2937 2707 2983 et
2738 2928 3154 2998 thymiamatum
3201 2929 3553 2998 compositio-

1980 3035 2107 3075 nem
2142 3021 2361 3084 transit,
2384 3021 2459 3073 ita
2475 3020 2666 3075 dicens
2686 3037 2699 3072 :
2722 3038 2740 3070 ι
2766 3018 2834 3073 Ει
2860 3027 2919 3071 ιιι
2949 3018 3181 3087 praecipe
3200 3018 3341 3072 ﬁliis
3359 3019 3551 3083 Israel,

1980 3118 2037 3169 et
2063 3108 2333 3179 accipiant
2359 3109 2459 3162 tibi
2491 3109 2678 3163 oleum
2721 3122 2791 3162 ex
2840 3107 3023 3171 olivis,
3072 3106 3418 3171 defaecatum,
3448 3122 3551 3177 pu-

312 3204 556 3275 Ἰσραήλ·
587 3204 684 3258 καὶ
712 3203 1024 3259 λαϐέτωσάν
1073 3218 1157 3255 σοι
1203 3201 1381 3255 ἔλαιον
1406 3201 1467 3266 ἐξ
1490 3200 1687 3254 ἐλαιῶν
1716 3200 1879 3272 ἄτρυ-

1980 3216 2124 3265 rum,
2151 3208 2465 3263 contusum,
2496 3199 2564 3253 ad
2589 3199 2794 3262 lumen,
2831 3205 2893 3251 ut
2930 3197 3122 3253 ardeat
3151 3197 3378 3255 lucerna
3410 3213 3553 3253 sem-
3602 3230 3605 3233 ν

308 3310 433 3363 γον,
464 3292 723 3364 καθαρὸν,
755 3294 1098 3365 κεκομμένον
1115 3294 1195 3356 είς
1216 3293 1331 3362 φῶς
1354 3291 1576 3357 καῦσαι,
1607 3293 1693 3346 ἵνα
1722 3292 1880 3363 καίη-

296 3401 392 3439 ται
426 3384 615 3455 λύχνος
642 3385 934 3448 διαπαντὸς
982 3386 1042 3439 ὲν
1080 3387 1146 3455 τῇ
1192 3386 1378 3455 σκηνῇ
1411 3383 1505 3437 τοῦ
1554 3383 1874 3455 μαρτυρίου,

298 3478 504 3543 ἔξωθεν
535 3478 628 3532 τοῦ
654 3476 1146 3547 καταπετάσματος
1184 3474 1279 3528 τοῦ
1332 3475 1426 3528 ἐπὶ
1468 3475 1566 3544 τῆς
1592 3474 1875 3546 διαθήκης,

298 3569 401 3622 καὶ
430 3568 623 3621 καύσει
653 3568 786 3622 αὐτὸ
805 3566 1058 3637 ὁἋαρὼν
1091 3567 1186 3621 καὶ
1203 3568 1250 3619 οἱ
1268 3565 1375 3620 υίοὶ
1397 3566 1562 3619 αὐτοῦ
1586 3566 1680 3635 ἀφ’
1718 3567 1879 3619 ἐσπέ-

302 3676 404 3731 ρας
433 3659 541 3721 ῑως
571 3657 735 3729 πρωῒ,
772 3658 1012 3712 ἐναντίον
1041 3656 1271 3727 Κυρίου,
1309 3657 1537 3727 νόμιμον
1561 3657 1776 3710 αἰώνιον
1800 3658 1878 3720 εἰς

296 3752 400 3814 τὰς
437 3750 633 3819 γενεὰς
663 3750 840 3821 ὐμῶν,
878 3750 1028 3821 παρὰ
1050 3750 1158 3802 τῶν
1191 3749 1324 3803 υἱῶν
1361 3749 1599 3821 Ἰσραήλ.
1643 3768 1663 3801 ι

373 3842 583 3895 ΠΔΛΛ.
622 3841 733 3893 Καὶ
760 3839 812 3894 τί
840 3839 905 3911 δὴ
923 3836 1080 3893 τοῦτό
1107 3841 1256 3893 ἐστιν
1282 3854 1295 3903 ;

372 3929 536 3985 ΚΥΡ.
586 3924 1042 3998 Ἀναγκαιοτάτην
1081 3928 1195 3999 ἔχει
1240 3930 1341 3999 τὴν
1378 3928 1637 3999 δήλωσιν,
1669 3927 1764 3982 καὶ
1792 3945 1880 3982 σο-

301 4023 401 4090 φὸν
440 4018 582 4074 εἷναί
612 4037 755 4090 φημι
783 4020 845 4073 τὸ
871 4019 1098 4089 αἴνιγμα
1123 4036 1136 4051 ·
1173 4017 1316 4072 ἑπτὰ
1353 4019 1451 4090 μὲν
1495 4018 1603 4090 γὰρ
1642 4018 1877 4089 λύχνοις,

301 4112 618 4184 καιομένοις
672 4129 732 4164 τε
762 4111 850 4165 ἀεὶ
887 4113 982 4164 καί
1004 4112 1283 4180 φαίνουσιν
1315 4112 1372 4166 ὲν
1414 4113 1480 4181 τῇ
1519 4110 1650 4182 ἁγίᾳ
1684 4113 1876 4182 σκηνῇ,

298 4206 396 4259 τὸν
428 4206 518 4259 διὰ
566 4202 805 4275 Χριστοῦ
856 4203 1133 4274 φωτισμὸν
1179 4202 1578 4275 παρεικαστέον
1619 4197 1677 4256 εὖ
1712 4204 1877 4274 μάλα,

300 4296 544 4369 δωρκῶς
568 4296 761 4367 ἔχοντα
790 4296 926 4367 πρὸς
948 4295 1009 4348 τὸ
1032 4295 1334 4365 ὲλλάμπειν
1358 4294 1613 4349 δύνασθαι
1634 4295 1729 4349 καὶ
1750 4296 1880 4349 ἀνα⁶

303 4390 505 4451 καίειν,
533 4389 652 4458 ἦτοι
684 4385 1044 4457 άναμεστοῦν,
1072 4385 1181 4438 τῶν
1211 4386 1570 4438 πιστευόντων
1601 4384 1691 4437 τὸν
1731 4384 1875 4437 νοῦν.

315 4478 577 4551 Ἀριθμὸς
616 4477 724 4548 γάρ
753 4493 871 4539 πως
915 4477 944 4530 ὁ
979 4476 1060 4538 είς
1097 4474 1238 4528 ἑπτά
1267 4473 1364 4545 τὴν
1402 4473 1503 4543 τῆς
1547 4471 1880 4536 τελειώσεως

1964 3306 2078 3361 ,per
2113 3292 2169 3345 in
2214 3291 2572 3347 tabernaculo
2605 3288 2929 3353 testimonii,
2980 3295 3136 3343 extra
3170 3288 3351 3343 velum
3406 3290 3553 3358 quod

1970 3392 2063 3438 est
2094 3398 2260 3452 super
2295 3397 2483 3437 arcam
2523 3380 2850 3446 testimonii,
2886 3387 2944 3435 et
2972 3379 3239 3435 accendet
3264 3380 3414 3434 illam
3446 3379 3554 3434 Aa-

1964 3487 2099 3537 .ron,
2131 3481 2188 3527 et
2212 3471 2308 3526 ﬁlii
2334 3473 2476 3542 ejus,
2495 3488 2525 3526 a
2546 3487 2773 3541 vespera
2802 3486 2977 3540 usque
2995 3470 3159 3541 321
3192 3486 3353 3525 mane
3369 3485 3554 3525 coram

1978 3561 2228 3624 Domino,
2254 3561 2557 3632 legitimum
2596 3561 2993 3632 sempiternum
3050 3561 3105 3615 in
3152 3560 3443 3631 progenies
3465 3575 3556 3615 ve—

1978 3659 2121 3707 stras
2146 3667 2177 3706 a
2197 3651 2326 3707 ﬁliis
2350 3651 2587 3707 Israel".
2633 3671 2651 3703 ι

2049 3829 2247 3885 PALL.
2277 3828 2420 3895 Quid
2446 3828 2592 3884 istud
2619 3828 2835 3883 tandem
2863 3829 2980 3884 est?

2047 3921 2205 3978 CYR.
2253 3920 2636 3975 Necessarium
2664 3935 2794 3975 sane
2821 3921 2874 3973 in
2900 3919 3093 3990 primis
3119 3927 3180 3973 ut
3223 3919 3553 3984 declaretur,

1979 4022 2037 4069 et
2062 4013 2261 4068 scitum
2280 4027 2400 4067 esse
2422 4011 2651 4082 aenigma
2672 4026 2870 4065 censeo
2894 4028 2907 4063 :
2936 4025 3063 4064 nam
3085 4018 3295 4080 septem
3318 4012 3558 4066 lucernis

1979 4103 2335 4167 ardentibus,
2368 4117 2438 4156 ac
2480 4117 2700 4170 semper
2732 4104 2790 4155 in
2834 4099 3185 4154 tabernaculo
3221 4099 3554 4164 lucentibus,

1979 4195 2183 4251 Christi
2226 4192 2552 4247 illuminatio
2591 4190 2871 4259 aptissime
2914 4196 3281 4258 comparatur,
3325 4206 3447 4259 quae
3488 4191 3555 4245 ad

1979 4286 2194 4341 animos
2231 4284 2474 4338 ﬁdelium
2514 4280 2901 4346 illustrandae,
2947 4288 3112 4348 atque
3148 4280 3553 4344 accendendos,

1979 4372 2442 4444 eomplendosque
2472 4368 2672 4425 sufﬁcit
2709 4387 2722 4421 :
2759 4384 2884 4423 nam
2914 4368 3259 4438 septenarius
3294 4385 3558 4425 numerus

1980 4464 2187 4534 ubique
2206 4462 2657 4533 signiﬁcationem
2674 4458 3029 4529 perfectionis
3050 4459 3310 4525 insinuat,
3343 4470 3406 4515 ut
3431 4477 3556 4529 cum

557 4544 885 4635 ὐπεμφαίνει
911 4563 1177 4633 πανταχῆ.
1214 4562 1302 4626 Ὦς
1322 4544 1379 4615 ἐν
1404 4579 1468 4630 γε
1492 4561 1568 4632 τῷ
1596 4560 1761 4631 φάναι
1786 4578 1877 4614 τυ⁶

1980 4553 2136 4608 verbi
2154 4551 2331 4622 gratia
2345 4549 2479 4605 dicit
2499 4567 2543 4602 ιι
2568 4547 2783 4603 Sterilis
2805 4556 2986 4602 autem
3008 4549 3220 4618 peperit
3238 4558 3447 4619 septem
3465 4550 3506 4615 ⁸,
3531 4570 3549 4603 ι

302 4658 421 4729 χὸν,
460 4674 481 4708 ι
519 4656 715 4726 Στεῖρα
738 4654 794 4708 δὲ
819 4654 1004 4707 ἔτεκεν
1037 4652 1196 4715 ἑπτὰ,
1234 4671 1252 4704 ι
1294 4652 1439 4705 τοῦτ’
1473 4652 1624 4719 ἕστιζ,
1653 4651 1879 4705 πλεῖστά

300 4766 361 4801 τε
384 4748 480 4801 καὶ
508 4747 607 4800 ὃσα
631 4746 798 4817 ὲχρῆν
826 4740 965 4798 εἶναι
991 4743 1125 4814 πρὸς
1148 4743 1497 4815 αὐτάρκειαν.
1535 4741 1877 4796 ’Δνακαίουσι

301 4837 359 4890 δὲ
377 4837 505 4900 τοὺς
528 4835 756 4905 λύχνους
792 4833 1004 4906 ’Δαρὼν
1030 4850 1092 4885 τε
1125 4832 1220 4887 καὶ
1249 4833 1300 4884 οί
1329 4832 1528 4898 λοιποὶ,
1559 4833 1608 4884 οί
1638 4831 1733 4884 κα)⁵
1763 4831 1878 4899 μετ’

305 4927 486 4986 αὐτὸν,
515 4927 704 4997 ἱερεῖς.
739 4924 1036 4987 ’Δσϐεστος
1059 4924 1169 4995 γὰρ
1204 4922 1393 4993 ὥσπερ
1412 4925 1441 4975 ὁ
1470 4922 1622 4994 παρὰ
1642 4921 1879 4995 Χριστοῦ

302 5016 587 5087 φωτισμδς
614 5018 672 5069 ἐν
708 5015 1054 5087 Ἐκκλησίαις
1094 5013 1323 5078 σώζεται
1352 5015 1471 5076 ταῖς
1498 5012 1607 5066 τῶν
1637 5010 1882 5083 ἱερᾶσθαι

303 5110 739 5181 κεκληρωκότων
797 5108 1122 5171 ὲπιεικείαις
1151 5148 1167 5174 ,
1225 5107 1276 5160 οῖ
1320 5108 1439 5168 ταῖς
1491 5106 1572 5167 είς
1608 5104 1883 5175 ὀρθότητα

306 5201 719 5273 μυσταγωγίαις
746 5199 838 5253 τὸν
859 5198 966 5252 τῶν
984 5197 1344 5272 πιστευόντων
1364 5193 1883 5266 καταλαμπρύνουσι

302 5292 454 5347 νοῦν.
486 5291 654 5347 -Τουτὶ
699 5290 828 5363 γὰρ,
878 5285 1055 5360 οἶμαι,
1086 5288 1203 5342 ἔστι
1245 5287 1306 5341 τὸ
1352 5285 1709 5342 άνακαίεσθαι
1755 5284 1883 5347 τοὺς

302 5386 534 5456 λύχνους
565 5383 681 5438 ’ἀπὸ
724 5382 964 5453 ἑσπέρας
1010 5382 1115 5444 ἕως
1159 5380 1324 5453 πρωΐ.
1380 5377 1608 5432 Σκοτίαν
1644 5377 1702 5431 δὲ
1729 5370 1883 5446 οἶμαι

301 5478 404 5547 τὴν
438 5472 780 5527 ὲκδιαϐόλου
816 5473 1103 5543 πλάνησιν,
1158 5472 1251 5526 καὶ
1293 5471 1489 5542 νοητὴν
1514 5470 1714 5539 ¹ὥσπερ
1760 5465 1882 5520 τινὰ

302 5566 476 5621 νύκτα
509 5561 651 5617 κατὰ
687 5560 811 5616 νοῦν
844 5562 1153 5632 ἀνθρώποις
1209 5561 1633 5631 συμϐαίνουσαν,
1667 5560 1736 5614 τά
1766 5558 1876 5612 τῶν

396 5676 443 5708 ’⁸
468 5675 615 5730 Psal.
652 5689 862 5746 Lxmx,
896 5676 982 5730 17.
1062 5676 1107 5709 ⁸³
1130 5675 1320 5730 Matth.
1352 5692 1406 5741 ν,
1432 5675 1532 5746 “II.
1620 5675 1637 5706 ⁸
1683 5671 1825 5729 Psal.

307 5750 329 5782 ⁸
362 5747 388 5803 I
425 5747 557 5815 licg.
589 5760 647 5809 ιι,
681 5745 735 5797 5.

1934 5682 2092 5733 van,
2152 5664 2237 5731 12.
2328 5659 2483 5714 ’Isa.
2542 5674 2631 5723 LII,
2691 5657 2742 5711 7.

1984 4645 2040 4700 id
2067 4653 2171 4707 est,
2204 4642 2491 4714 plurimos,
2523 4648 2579 4694 et
2603 4647 2739 4708 quot
2762 4653 2900 4707 opus
2927 4645 3047 4693 erat
3078 4647 3140 4693 ut
3174 4638 3309 4693 satis
3350 4648 3554 4694 essent.

1983 4732 2305 4791 Accendunt
2345 4745 2507 4801 porro
2547 4730 2799 4785 lucernas
2824 4729 3027 4795 Aaron,
3055 4736 3112 4783 et
3146 4728 3343 4799 reliqui
3373 4744 3557 4784 sacer-

1980 4827 2157 4889 dotes,
2186 4823 2280 4893 qui
2322 4822 2372 4877 ei
2417 4828 2831 4884 successerunt;
2868 4835 2978 4874 non
3009 4819 3155 4875 enim
3192 4819 3557 4890 exstinguitur

1979 4919 2071 4975 illa
2095 4916 2302 4973 Christi
2329 4912 2679 4978 illuminatio,
2715 4928 2836 4982 qua:
2867 4910 3220 4975 inecclesiis,
3244 4926 3435 4967 eorum
3461 4912 3556 4979 qui

1978 5008 2048 5064 ad
2085 5004 2377 5062 sacerdotii
2412 5019 2614 5058 munus
2649 5002 2947 5073 eliguntur,
2980 4999 3253 5069 probitate
3280 5008 3554 5063 servatur,

1981 5099 2112 5155 dum
2135 5096 2301 5151 rectis
2327 5094 2633 5163 disciplinis
2658 5092 2869 5146 animos
2890 5090 3230 5145 credentium
3260 5089 3554 5143 illustrant.

1983 5190 2098 5244 Hoc
2122 5186 2291 5250 enim,
2328 5193 2389 5240 nt
2410 5184 2625 5253 opinor,
2652 5192 2737 5238 est
2762 5198 2794 5236 a
2815 5195 3043 5251 vespera
3069 5194 3242 5248 usque
3275 5193 3433 5233 mane
3465 5194 3556 5233 ar-

1980 5282 2112 5337 dere
2142 5280 2415 5334 lucernas.
2457 5274 2735 5330 Tenebras
2767 5280 2950 5326 autem
2976 5284 3097 5325 esse
3128 5276 3263 5340 puto
3285 5284 3555 5334 errorem,

1978 5372 2050 5427 ad
2081 5384 2247 5441 quem
2276 5366 2526 5422 diabolus
2554 5362 2807 5433 impellit,
2832 5377 2897 5415 ac
2919 5359 3262 5430 spiritualem
3289 5359 3554 5430 quodam-

1981 5462 2144 5518 modo
2181 5466 2402 5515 noctem
2426 5456 2626 5511 animis
2653 5453 2937 5509 hominum
2960 5451 3212 5517 oﬁ‘usam,
3237 5465 3436 5508 censeo
3461 5465 3551 5504 ne-

1978 5554 2246 5610 fariorum
2267 5546 2652 5605 haereticorum
2690 5544 2953 5599 obscuras
2976 5542 3455 5610 tenebricosasque
3478 5538 3540 5594 fa-

2847 5655 2866 5688 ³
2897 5654 3067 5711 Exod.
3115 5668 3281 5716 xxv",
3322 5649 3412 5721 BQ,
3461 5646 3553 5708 21.
