4140 6518
607 367 716 422 M3

1628 356 1683 409 s.
1726 316 2000 410 CY'RILLI
2040 350 2509 408 ALEXANDBINI
2541 351 2840 408 meum

3760 355 3865 409 ειι

610 484 789 539 bulas.
804 481 1136 550 Perpetuum
1156 475 1324 547 igitur
1345 490 1408 528 ac
1432 475 1561 545 juge
1584 471 1756 526 nostri
1788 470 2085 525 Salvatoris
2106 471 2191 523 lu-

2299 469 2526 523 ἀνοσίων
2556 468 2846 540 αἱρετικῶν
2894 468 3110 538 ἀφεγγῆ
3146 484 3208 521 τε
3232 468 3327 523 καὶ
3354 468 3574 540 ἀμυδρά
3605 469 3865 541 μυθάρια.

615 588 742 628 men
762 571 819 625 in
839 568 1100 625 Ecclesiis
1120 564 1421 627 videbitur,
1452 562 1497 616 si
1519 576 1709 615 earum
1741 559 1985 629 magistri
2010 557 2197 611 divina

613 660 1036 730 evangelicaque
1076 654 1348 725 praeconia
1384 662 1532 706 recte
1573 652 2024 720 interpretentur.
2060 648 2196 702 Pur-

613 764 795 825 gatum
832 765 996 820 porro
1037 760 1120 802 est
1161 748 1342 801 oleum
1376 763 1391 811 ;
1426 761 1551 799 nam
1580 745 1648 798 ab
1687 743 1835 797 omni
1869 743 1999 797 faece
2036 749 2197 809 atque

614 842 975 901 crassitudine
1006 855 1231 910 prorsus
1258 844 1468 892 remota
1493 844 1581 890 est
1617 836 1703 888 illa
1733 834 1800 887 de
1829 833 2032 888 divinis
2060 833 2196 902 dog-

613 936 773 989 matis
807 942 957 987 recta
985 948 1049 985 ac
1078 947 1228 994 vera,
1256 941 1313 985 et
1351 929 1528 982 omnis
1552 928 1671 981 vitii
1710 941 1905 995 expers
1934 925 2196 994 prtedica-

613 1027 711 1088 tio,
735 1040 859 1094 qua:
884 1025 1030 1077 illam
1057 1022 1356 1076 Salvatoris
1380 1021 1555 1075 nostri
1581 1017 2038 1073 illuminationem
2061 1032 2199 1070 sem~

612 1132 713 1187 per
732 1115 968 1179 excitat;
1003 1128 1110 1166 non
1140 1113 1285 1182 quod
1310 1113 1424 1182 ipsa
1450 1127 1549 1181 per
1576 1127 1633 1164 se
1667 1108 1873 1177 aliquid
1904 1107 1969 1161 ad
1992 1106 2196 1161 Christi

613 1206 957 1274 splendorem
1007 1203 1225 1272 adjiciat
1291 1202 1447 1272 (nam
1515 1201 1667 1253 illum
1718 1206 1912 1268 putare
1961 1198 2199 1252 hominis

614 1311 781 1365 opera
825 1295 1090 1364 indigere,
1128 1308 1354 1347 summa:
1402 1292 1694 1347 dementiae
1727 1290 1855 1359 est),
1889 1290 1984 1343 sed
2029 1290 2194 1360 quod,

613 1401 737 1442 cum
772 1386 866 1439 lux
897 1400 1027 1438 vera
1058 1394 1115 1439 et
1141 1383 1401 1453 splendor
1446 1383 1624 1438 Patris
1664 1381 1735 1435 sit
1781 1378 2052 1443 Christus,
2096 1381 2197 1434 do-

617 1485 830 1530 ctorum
862 1475 1025 1528 rectis
1047 1473 1529 1543 praedicationibus
1554 1473 1813 1542 idipsum,
1839 1471 1985 1540 quod
2012 1488 2198 1527 revera

613 1574 718 1629 est,
748 1562 1089 1618 credentium
1111 1562 1388 1618 mentibus
1410 1571 1699 1632 appareat.

2296 562 2556 632 Διηνεκὲς
2585 556 2679 615 οὖν
2708 560 2817 632 ἀρα
2865 560 2957 614 καὶ
2990 560 3366 629 ἀκατάληκτον
3399 559 3497 613 τοῦ
3530 560 3785 631 Σωτῆρος
3809 562 3869 614 τὸ

2297 655 2415 723 φῶς
2460 653 2634 723 ὁρῷτο
2679 654 2744 706 ἂν
2783 654 2846 705 ὲν
2891 650 3256 722 Ἐκκλησίαις,
3283 651 3750 722 διερμηνευόντων
3773 650 3867 722 όρ-

2297 744 2405 807 θῶς
2430 744 2499 796 τά
2527 742 2648 796 θεῖά
2692 760 2751 795 τε
2781 742 2876 796 καὶ
2918 741 3251 810 εὐαγγελικά
3293 742 3625 812 κηρύγματα
3668 741 3781 794 τῶν
3810 744 3867 795 ἐν

2297 837 2486 897 αὐταῖς
2528 834 2884 888 διδασκάλων.
2933 834 3188 903 Καθαρὸν
3232 832 3378 885 δὲτὸ
3417 832 3593 885 ἔλαιον
3622 847 3638 862 ·
3666 832 3865 903 τρυγὸς

2295 931 2404 999 γὰρ
2425 928 2618 999 ῶσπερ
2644 930 2738 982 καὶ
2765 928 2935 999 ῥύπου
2961 928 3161 991 παντὸς
3192 927 3535 997 ἀπήλλακται
3591 926 3869 989 παντελῶς

2295 1024 2324 1075 ό
2364 1023 2491 1091 περί
2525 1040 2588 1090 γε
2628 1021 2738 1074 τῶν
2768 1020 2928 1073 θείων
2948 1020 3232 1091 δογμάτων
3261 1019 3418 1089 ὀρθός
3444 1037 3501 1071 τε
3532 1019 3628 1071 καὶ
3660 1018 3868 1088 ἀληθὴς

2297 1114 2394 1167 καὶ
2428 1112 2636 1185 ἀμιγὴς
2670 1112 2764 1165 τοῦ
2805 1111 3045 1183 χείρονος
3076 1112 3253 1179 λόγος,
3292 1111 3350 1174 ὃς
3379 1111 3465 1163 ἀεὶ
3494 1109 3588 1163 τεῦ
3616 1109 3869 1180 Σωτῆρος

2296 1203 2497 1275 ἐγείρει
2544 1204 2636 1255 τδν
2667 1202 2965 1273 φωτισμὸν,
3000 1203 3098 1255 οὐκ
3129 1201 3290 1261 αὐτὸς
3315 1199 3524 1255 οἴκοθέν
3562 1218 3617 1252 τι
3646 1216 3870 1272 προστι-

2298 1297 2409 1359 θεὶς
2433 1297 2513 1358 εἱς
2532 1295 2892 1367 λαμπρότητα
2916 1293 2993 1364 τῷ
3022 1293 3242 1365 Χριστῷ
3283 1294 3501 1363 (κομιδῇ
3536 1293 3647 1363 γάρ
3676 1292 3867 1361 εὔηθες

2295 1389 2358 1441 τὸ
2402 1386 2691 1459 ἀνθρώπου
2741 1386 2946 1441 δεῖσθαι
2980 1385 3221 1456 νομίζειν
3252 1384 3458 1453 αὑτὸν),
3489 1382 3604 1435 ἀλλ’
3633 1383 3720 1435 ὅτι
3752 1384 3866 1450 φῶς

2297 1479 2359 1532 τὸ
2401 1477 2653 1549 ἀληθινὸν
2694 1478 2787 1531 καὶ
2819 1476 3160 1545 ἀπαύγασμα
3183 1474 3275 1528 τοῦ
3316 1474 3531 1544 Πατρός
3554 1472 3817 1543 ὑπάρχων
3840 1475 3867 1524 ό

2297 1570 2554 1639 Χριστὸς,
2611 1571 2725 1633 τοῖς
2762 1570 2841 1632 είς
2866 1567 3134 1640 ὀρθότητα
3160 1566 3268 1618 τῶν
3299 1563 3638 1618 διδασκάλων
3666 1563 3863 1631 λόγοις,

2296 1661 2441 1714 τοῦθ’
2469 1661 2607 1731 ὅπερ
2640 1659 2788 1713 ἐστὶν
2822 1658 3060 1729 άληθῶς,
3084 1660 3200 1720 ταῖς
3231 1655 3337 1708 τῶν
3365 1654 3731 1707 πιστευόντων
3756 1653 3867 1707 δια-

2298 1749 2466 1813 νοίαις
2512 1750 2779 1818 φαίνεται.

690 1844 885 1900 PALL.
908 1843 1019 1899 Cur
1041 1850 1225 1899 autem
1249 1842 1430 1896 oleum
1453 1856 1521 1896 ex
1546 1841 1707 1896 olivis
1728 1856 1849 1896 esse
1873 1841 2041 1895 dicit?
2063 1841 2193 1894 Nam

2368 1843 2578 1896 IIAAA.
2606 1844 2714 1896 Καὶ
2747 1840 2890 1895 διατι
2924 1841 2986 1895 τὸ
3020 1840 3197 1894 ἔλαιον
3230 1839 3290 1904 ἐξ
3317 1837 3511 1892 ἐλαιῶν
3541 1835 3685 1891 εἶναι
3704 1853 3863 1906 φησι;

612 1936 785 1991 verba
814 1943 923 1987 tam
956 1943 1212 1988 accurate
1240 1933 1386 1988 dicta
1416 1933 1648 1988 fortasse
1680 1933 2196 2002 contemplationem

615 2024 853 2094 aliquam
888 2023 1253 2078 necessariam
1296 2024 1599 2078 continent.
2172 2076 2175 2077 ν

687 2114 843 2170 CYR.
879 2112 1094 2182 Optime
1127 2114 1427 2168 existimas.
1479 2115 1666 2169 Dicam
1715 2114 1899 2183 itaque
1941 2112 2086 2183 quod
2142 2111 2200 2167 in

616 2216 857 2261 mentem
886 2204 1057 2259 venit.
1100 2205 1221 2259 Non
1266 2219 1333 2258 ex
1377 2205 1536 2259 olivis
1575 2205 1774 2269 solum,
1819 2204 2046 2269 Palladi,
2092 2203 2198 2258 olei

617 2313 778 2351 usum
814 2312 1058 2366 quaerere
1090 2298 1271 2351 solent
1298 2297 1569 2367 ejusmodi
1596 2312 1781 2351 rerum
1806 2296 1992 2366 periti,
2017 2296 2112 2350 sed
2133 2312 2202 2349 ex

618 2386 741 2441 aliis
773 2386 1192 2455 quamplurimis
1228 2386 1452 2449 alienis,
1484 2386 1943 2454 terrestribusque
1973 2384 2199 2438 semini—

619 2476 723 2531 bus
751 2494 763 2528 :
794 2484 955 2543 atque
980 2476 1115 2529 illud
1135 2476 1357 2545 quidem
1380 2477 1657 2530 sincerum
1684 2492 1750 2530 ex
1777 2476 1934 2530 olivis
1965 2484 2049 2530 est
2070 2491 2200 2545 pro-

619 2564 945 2629 batissimis;
981 2564 1349 2617 adulterinum
1382 2580 1568 2632 porro,
1593 2574 1650 2619 et
1676 2565 1730 2618 vi
1760 2563 2014 2632 quadam,
2049 2572 2105 2617 et
2135 2577 2202 2616 ex

618 2664 735 2712 arte
770 2655 988 2719 factam,
1016 2655 1176 2724 322
1211 2662 1265 2709 et
1293 2656 1697 2723 quodammodo
1731 2656 1957 2709 minime
1985 2669 2199 2720 verum,

619 2747 755 2803 illud
784 2747 1064 2810 nimirum,
1091 2747 1237 2816 quod
1268 2762 1298 2800 e
1334 2747 1695 2801 terrestribus
1729 2746 2035 2800 seminibus
2068 2760 2202 2801 con-

619 2835 822 2891 ﬁcitur.
869 2835 1105 2890 Sincera:
1151 2836 1319 2905 igitur
1372 2850 1435 2890 ac
1473 2850 1611 2890 vera:
1645 2834 2036 2905 praedicationi,
2082 2850 2203 2905 qua:

620 2940 718 2994 per
748 2940 1043 2994 supernam
1076 2925 1399 2993 sapientiam
1436 2925 1505 2979 iis
1528 2924 1623 2993 qui
1655 2931 1783 2978 sunt
1825 2923 2009 2978 idonei
2068 2924 2201 2978 sub-

621 3016 983 3080 ministratur,
1026 3016 1206 3069 oleum
1250 3030 1317 3069 ex
1362 3014 1522 3069 olivis
1565 3014 1875 3069 confectum
1924 3014 2202 3083 aptissime

619 3112 983 3174 comparatur.
1020 3104 1157 3158 Illud
1179 3119 1312 3158 vero
1338 3119 1531 3174 genus,
1562 3103 1709 3173 quod
1738 3120 1806 3158 ex
1833 3103 2086 3157 humanis
2109 3117 2202 3157 co-

620 3197 802 3267 gitatis
834 3203 889 3249 et
938 3195 1199 3248 instinctu
1223 3194 1561 3249 dazmoniaco
1576 3203 1854 3264 repertum
1875 3204 1978 3259 est,
1999 3194 2048 3248 ei
2072 3210 2200 3264 per-

620 3286 797 3341 simile
824 3286 946 3339 oleo
972 3284 1210 3349 videtur,
1233 3285 1380 3354 quod
1402 3300 1470 3339 ex
1497 3285 1860 3355 quorumdam
1885 3295 2002 3339 arte
2035 3294 2093 3340 et
2124 3293 2202 3340 ta-

619 3375 1002 3429 bernariorum
1052 3388 1220 3443 Opera
1260 3373 1585 3440 coniicitur,
1634 3376 1900 3445 cujusque
1943 3391 2077 3429 usus
2119 3383 2203 3430 est

618 3459 846 3519 minime
872 3463 1168 3533 legitimus.
1206 3464 1423 3518 Inutilis
1456 3480 1623 3533 porro
1647 3473 1732 3519 est
1758 3465 2028 3535 ejusmodi
2059 3481 2201 3535 prm-

620 3555 840 3617 dicatio,
874 3563 931 3607 et
958 3552 1272 3623 rejicienda,
1296 3563 1352 3608 et
1374 3554 1598 3608 omnino
1622 3554 1688 3608 ad
1720 3555 1962 3610 scientiae
1997 3556 2200 3611 Christi

621 3644 1077 3697 illuminationem
1106 3644 1373 3699 inetiicax.
1403 3645 1589 3714 Itaque
1613 3646 1669 3699 in
1693 3645 1954 3701 Ecclesiis
1977 3648 2201 3703 minime

622 3738 907 3805 recipitur,
941 3753 1118 3808 neque
1151 3738 1503 3808 fragrantiam
1534 3738 1705 3793 sancti
1733 3738 1970 3809 Spiritus
1992 3741 2157 3796 habet
2184 3760 2197 3794 :

630 3846 647 3877 ι
682 3827 852 3880 Nemo
882 3828 1085 3897 quippe
1115 3828 1268 3892 dicit,
1305 3828 1569 3882 Dominus
1610 3828 1787 3892 Jesus,
1830 3829 1934 3883 nisi
1976 3830 2032 3883 in
2076 3830 2199 3899 Spi-

624 3918 729 3970 ritu
764 3928 953 3972 sancto
990 3921 1049 3985 ⁸;
1110 3937 1127 3969 ι
1183 3934 1360 3988 neque
1401 3919 1772 3974 sinceritatem
1810 3936 1873 3974 ac
1907 3921 2199 3990 puritatem

618 4010 889 4073 veritatis,
926 4020 1021 4065 aut
1053 4027 1214 4066 usum
1241 4012 1500 4081 aliquem,
1533 4013 1627 4083 qui
1662 4013 2071 4084 intelligentiam
2102 4015 2199 4069 ad-

615 4105 789 4173 juvet.
824 4104 963 4158 Illud
1014 4112 1195 4159 autem
1239 4103 1498 4158 observes
1541 4104 1735 4169 velim,
1784 4105 1958 4175 legem
2004 4106 2198 4175 przeci-

621 4209 752 4263 pere
804 4203 865 4248 ut
904 4211 935 4249 a
970 4194 1096 4250 filiis
1120 4195 1282 4249 Israel
1314 4194 1581 4265 ejusmodi
1612 4211 1679 4249 ex
1709 4196 1867 4250 olivis
1902 4196 2083 4251 oleum
2117 4197 2198 4251 af-

616 4283 826 4338 feratur
852 4303 863 4338 :
892 4294 951 4339 ut
973 4287 1119 4339 enim
1151 4287 1315 4355 paulo
1344 4295 1469 4341 ante
1493 4286 1626 4351 dixi,
1653 4287 1971 4356 prardicatio
1994 4289 2198 4344 verita-

615 4373 687 4427 tis
720 4374 832 4428 Deo
859 4384 1114 4445 tanquam
1141 4376 1353 4431 fructus
1405 4377 1626 4445 quidam
1671 4388 1833 4448 atque
1861 4378 2064 4434 oblatio
2090 4380 2201 4449 spi-

2295 1932 2573 2001 τοιγάρτοι
2602 1933 2724 1985 λίαν
2756 1931 2981 2002 ἀκριϐὲς
2999 1931 3283 1999 τοῦλόγου,
3322 1929 3460 2001 τάχα
3488 1946 3541 1982 τι
3569 1928 3681 1981 τῶν
3701 1929 3866 1995 ἀνιγκ

2297 2023 2466 2077 καίων
2504 2021 2681 2075 ὠδίνει
2706 2021 3098 2093 θεωρημάτων.

2368 2113 2533 2166 ΚΥΡ.
2562 2113 2795 2183 ’Ᾱριστα
2818 2112 3024 2183 διανοῇ,
3053 2112 3148 2165 καὶ
3175 2112 3299 2179 τόγε
3331 2113 3410 2174 είς
3433 2110 3556 2164 νοῦν
3579 2105 3714 2181 ἧκον
3735 2107 3861 2180 ὲρῶ.

2299 2202 2412 2256 υύκ
2434 2204 2497 2254 ὲκ
2519 2202 2693 2273 μόνων
2714 2202 2844 2272 ἡμῖν
2860 2200 3074 2264 ἐλαιῶν,
3095 2194 3140 2253 ὦ
3159 2199 3442 2265 Παλλάδιε,
3458 2199 3554 2270 τὴν
3575 2199 3668 2253 τοῦ
3686 2199 3863 2251 ἐλαίου

2300 2293 2488 2364 χρείαν
2537 2291 2878 2361 ἐπιτηδεύειν
2933 2291 3051 2353 ἔθος
3098 2292 3210 2355 τοῖς
3257 2291 3430 2344 ταῦτα
3484 2292 3701 2358 σοφοῖς,
3732 2287 3867 2342 ἀλλά

2300 2386 2393 2437 καὶ
2412 2382 2471 2446 ἐξ
2487 2383 2688 2452 ἑτέρων
2705 2383 2846 2435 ὅσων
2892 2382 3062 2435 νόθων
3088 2399 3147 2435 τε
3173 2384 3267 2435 καὶ
3295 2382 3674 2451 γεωδεστέρων
3701 2397 3869 2451 σπερ-

2303 2475 2508 2541 μάτων.
2542 2474 2651 2527 Καὶ
2674 2472 2737 2525 τὸ
2768 2473 2866 2544 μὲν
2894 2474 3117 2544 γνήσιον
3143 2474 3357 2544 ἀληθῶς
3399 2474 3459 2538 ἐξ
3485 2472 3681 2527 ἐλαιῶν
3714 2472 3867 2523 ἔσται

2300 2563 2405 2615 τῶν
2458 2562 2861 2632 δοκιμωτάτων,
2913 2563 3160 2634 κίϐδηλον
3207 2563 3264 2616 δέ
3297 2580 3409 2628 πως
3450 2564 3509 2615 τὸ
3553 2563 3629 2625 ὡς
3669 2563 3735 2614 ὲκ
3775 2579 3868 2632 μο-

2300 2654 2481 2724 χλείας
2516 2654 2610 2706 καὶ
2640 2653 2854 2724 τέχνης,
2886 2655 2981 2708 καὶ
3017 2654 3181 2708 οἱονεί
3210 2672 3327 2718 πως
3354 2656 3452 2707 οὐκ
3473 2654 3688 2723 ἀληθὲς,
3716 2654 3778 2705 τὸ
3805 2656 3870 2707 ὲκ

2303 2744 2629 2815 σπερμάτων
2654 2743 2761 2796 τῶν
2789 2744 3187 2815 γεωδεστέρων,
3221 2746 3382 2816 φημί.
3420 2745 3627 2798 Οὐκοῦν
3647 2744 3789 2814 λόγῳ
3808 2761 3867 2796 τε

2300 2838 2377 2909 τῷ
2412 2838 2690 2909 ἀκιϐδήλῳ
2726 2838 2819 2891 καὶ
2845 2836 3053 2906 ἀληθεῖ,
3084 2835 3178 2889 καὶ
3200 2835 3287 2889 διά
3319 2835 3511 2905 σοφίας
3536 2836 3636 2906 τῆς
3664 2833 3869 2888 ἀνωθεν

2300 2932 2411 2991 τοῖς
2438 2929 2608 2995 ἀξίοις
2635 2927 3043 3000 χορηγουμένῳ,
3062 2926 3122 2979 τὸ
3142 2926 3200 2991 ὲξ
3220 2926 3413 2980 ἐλαιῶν
3434 2926 3609 2980 ἔλαιον
3635 2922 3693 2978 εὖ
3726 2925 3871 2996 μάλα

2302 3022 2718 3094 παρεικαστέον.
2752 3022 2888 3088 Τόγε
2918 3020 3024 3091 μὴν
3053 3020 3111 3084 ἐξ
3151 3019 3503 3091 ἀνθρωπίνων
3524 3017 3742 3072 ἐννοιῶν
3771 3019 3869 3072 καὶ

2301 3111 2710 3183 δαιμωνιώδους
2743 3110 3008 3181 ὲμπνοίας
3058 3108 3439 3179 ἐξευρημένον,
3467 3107 3528 3159 τὸ
3567 3107 3631 3159 ἑκ
3653 3106 3751 3176 τῆς
3787 3121 3869 3159 τι-

2304 3223 2408 3258 νων
2436 3205 2634 3275 τέχνης
2662 3204 2755 3256 καὶ
2792 3201 3119 3272 καπηλείας,
3148 3202 3243 3255 καὶ
3271 3200 3430 3271 νόθην
3456 3200 3575 3269 ἔχον
3605 3199 3706 3268 τὴν
3737 3199 3872 3268 χρῆ-

2304 3311 2407 3347 σιν.
2450 3293 2694 3364 ’Λχρεῖος
2725 3291 2781 3345 δὲ
2806 3292 2901 3345 καὶ
2931 3290 3236 3360 ἀπόϐλητος
3273 3291 3300 3341 ό
3320 3290 3523 3343 τοιόσδε
3565 3288 3745 3357 λόγος,
3771 3289 3870 3340 καὶ

2301 3385 2597 3457 ἀσυντελὴς
2641 3383 2919 3447 παντελῶς
2960 3384 3096 3455 πρὸς
3153 3382 3433 3453 φωτισμὸν
3476 3382 3577 3452 τῆς
3616 3379 3871 3449 γνώσεως

2300 3477 2394 3531 τοῦ
2427 3476 2684 3548 Χριστοῦ.
2705 3477 2991 3546 Τοιγάρτοι
3031 3477 3124 3529 xui
3147 3476 3521 3546 ἀπαράδεκτος
3557 3475 3614 3525 ὲν
3641 3473 3870 3543 Ἐκκλη-

2304 3568 2464 3630 σίαις,
2495 3565 2623 3620 οὕτε
2684 3567 2744 3619 τὺ
2781 3566 2978 3629 εὑῶδες
3009 3566 3156 3635 ίέχων
3207 3565 3301 3618 τοῦ
3328 3565 3499 3635 Ιάγὶου
3555 3562 3871 3632 Πνεύματος

2303 3664 2321 3729 (
2346 3679 2362 3710 ι
2392 3659 2581 3722 Οὐδεὶς
2611 3660 2719 3729 γὰρ
2747 3658 2913 3727 λέγει,
2940 3659 3143 3729 Κύριος
3178 3657 3404 3728 Ἰησοῦς,
3429 3658 3476 3709 εί
3513 3656 3587 3726 μὴ
3615 3657 3673 3707 ὲν
3700 3654 3869 3708 Πνεῦ-

2305 3769 2431 3821 ματι
2464 3750 2602 3821 ἀγίῳ
2630 3770 2648 3801 ι
2669 3750 2711 3820 ),
2735 3748 2793 3802 οὔ
2805 3766 2856 3802 τε
2894 3751 2999 3821 μὴν
3026 3748 3087 3802 τὸ
3108 3752 3324 3820 γνήσιον
3352 3749 3447 3801 καὶ
3477 3747 3743 3801 ἀθόλωτον
3772 3746 3871 3816 τῆς

2301 3840 2582 3910 ἀληθείας,
2618 3841 2713 3892 καὶ
2764 3840 2844 3902 εἰς
2877 3846 3155 3910 χρησίμην
3194 3839 3292 3909 τὴν
3338 3838 3525 3908 ὄνησιν
3553 3838 3867 3905 ἀναγκαῖον.

2314 3932 2593 4000 Ἐπιτήρει
2624 3930 2679 3983 δὲ
2711 3932 2791 3984 ὅτι
2829 3932 2979 4001 παρά
3016 3932 3122 3984 τῶν
3152 3931 3281 3984 υίῶν
3321 3930 3536 4000 Ἰσραὴλ
3567 3929 3871 4001 προσκομί-

2302 4021 2489 4086 ζεσθαι
2514 4022 2622 4074 δεῖν
2654 4022 2712 4074 τὸ
2738 4022 2798 4086 ἐξ
2836 4022 3032 4076 ἐλαιῶν
3072 4023 3243 4076 ἔλαιον
3273 4026 3300 4076 ό
3343 4024 3507 4092 νόμος
3552 4023 3737 4092 φησίν.
3782 4021 3868 4082 Ὠς

2300 4114 2407 4184 γὰρ
2444 4113 2581 4183 ἔφην
2610 4113 2844 4181 φθάσας,
2871 4117 3081 4185 καρπὸς
3110 4115 3262 4168 ἔσται
3295 4115 3427 4186 παρ’
3448 4115 3604 4185 ἡμῶν
3647 4115 3741 4167 καὶ
3770 4114 3870 4167 δωο

2304 4206 2529 4276 ροφορία
2548 4206 2890 4275 πνευματικὴ
2911 4206 2987 4276 τῷ
3014 4205 3154 4276 Θεῷ,
3185 4207 3342 4273 λόγος
3362 4206 3585 4276 ἀληθὴς,
3611 4205 3703 4258 τὸν
3720 4203 3868 4275 παρά

2300 4296 2536 4366 Χριστοῦ
2572 4297 2850 4367 φωτισμὸν
2870 4298 2970 4351 οὐκ
2994 4298 3175 4367 ἀφιεὶς
3207 4299 3451 4352 ἀσθενεῖν
3482 4299 3539 4350 ἐν
3571 4301 3685 4360 τοῖς
3701 4314 3868 4366 μυστο

2300 4388 2723 4457 αγωγουμένοις.
2754 4388 2989 4453 Ἐξωθεν
3017 4390 3069 4441 δὲ
3088 4388 3180 4442 τοῦ
3211 4391 3719 4458 καταπετάσματος.
3751 4390 3785 4459 ἦ
3809 4406 3867 4441 τε

616 4462 832 4518 ritualis
873 4480 903 4519 a
948 4466 1109 4521 nobis
1150 4466 1400 4531 offertur,
1446 4483 1567 4536 quae
1598 4466 1804 4522 Christi
1838 4468 2198 4523 illuminatio—

2305 4478 2413 4530 τῶν
2451 4478 2658 4549 λύχνων
2691 4479 2858 4544 θέσις,
2910 4482 3003 4533 καὶ
3037 4482 3143 4550 μὴν
3176 4483 3268 4534 καὶ
3292 4482 3325 4550 ἡ
3365 4480 3729 4545 καῦσιςφῶς
3756 4481 3865 4552 γάρ

616 4567 742 4604 nem
778 4554 833 4607 in
870 4555 938 4609 iis
974 4558 1066 4624 qui
1094 4560 1368 4627 mysteriis
1400 4558 1744 4623 imbuuntur,
1780 4560 2049 4629 exstingui
2086 4575 2195 4614 non

2308 4566 2568 4637 ὑπάρχων
2589 4567 2727 4621 κατά
2749 4569 2912 4638 φύσιν
2936 4572 2964 4623 ό
2988 4570 3238 4641 Χριστὸς,
3256 4570 3315 4623 ού
3336 4570 3503 4623 δεῖται
3527 4571 3724 4639 φωτὸς.
3750 4572 3862 4624 ἀλλ’

615 4644 765 4695 sinit.
792 4644 1062 4698 Caeterum
1089 4655 1243 4701 extra
1276 4649 1455 4702 velum
1486 4650 1724 4705 lucernm
1757 4658 1813 4703 et
1839 4650 2194 4719 imponuntur

2299 4660 2430 4728 ἡμῖν
2463 4659 2643 4721 αὐτοῖς
2676 4663 2789 4723 τοῖς
2838 4659 2941 4725 ἔξω
2979 4661 3249 4731 θεότητος,
3300 4663 3433 4715 καθὸ
3492 4664 3769 4733 γενητοῖς,
3806 4662 3866 4714 rs

614 4739 671 4784 et
692 4733 1087 4788 accenduntur.
1130 4735 1262 4789 Nam
1295 4736 1567 4801 Christus,
1601 4739 1728 4808 quia
1763 4740 2062 4794 secundum
2092 4756 2191 4794 na-

2299 4748 2429 4802 ῐδιον
2464 4751 2636 4819 ἐνίησι
2661 4750 2795 4820 φῶς.
2835 4751 2921 4815 Ὠς
2948 4753 3201 4824 ἐσωτέρω
3223 4754 3279 4807 δὲ
3310 4752 3403 4807 τοῦ
3443 4753 3866 4820 καταπετάσμα-

613 4830 793 4874 turam
829 4821 1012 4877 lumen
1057 4832 1169 4890 est,
1199 4841 1309 4881 non
1354 4828 1562 4899 indiget
1600 4829 1835 4895 lumine;
1880 4830 1976 4885 sed
2008 4831 2189 4896 nobis,

2299 4853 2387 4900 τος
2407 4839 2440 4907 ὴ
2469 4838 2698 4903 κιϐωτὸς
2727 4836 2815 4911 ἦν,
2833 4842 2911 4900 εἰς
2940 4821 3284 4896 ὑποτύπωσιν
3314 4845 3404 4896 καὶ
3434 4843 3617 4898 εἰκόνα
3639 4842 3861 4914 κειμένη

611 4911 706 4979 qui
741 4926 809 4965 eo
833 4911 951 4982 ipso
984 4915 1131 4983 quod
1169 4931 1360 4971 sumus
1384 4919 1512 4981 orti,
1550 4926 1704 4973 extra
1728 4919 2068 4976 divinitatem
2095 4936 2189 4976 su-
2298 4927 2554 4998 Χριστοῦ.

611 5019 952 5150 ;nus,dsuum
979 5007 1165 5064 lumen
1199 5010 1463 5065 immittit.
1490 5012 1637 5067 Intra
1666 5012 1847 5067 velum
1873 5029 2040 5083 porro
2064 5030 2190 5072 arca
2226 5020 2404 5088 posita
2461 5033 2598 5088 erat,
2630 5025 2696 5079 ad
2757 5023 2959 5079 Christi
2991 5024 3217 5096 ﬁguram
3245 5038 3407 5098 atque
3442 5026 3733 5099 imaginem
3773 5039 3860 5079 re-

632 5110 763 5150 eren
806 5112 915 5150 am.

632 5110 915 5151 erenaam.

686 5185 883 5273 PALL.
918 5188 1086 5245 Recte
1119 5190 1285 5247 dicis.

2370 5200 2579 5254 ΠΑΛΛ.
2619 5196 2693 5254 Εὖ
2727 5200 2883 5273 ἔφης.

881 5277 1087 5335 Deinde
1130 5282 1311 5353 inquit
1354 5301 1366 5337 :
1401 5303 1420 5335 ι
1451 5284 1520 5340 Et
1553 5286 1772 5343 locutus
1808 5294 1893 5342 est
1926 5286 2194 5345 Dominus

2367 5290 2531 5345 ΚΥΡ.
2556 5287 2692 5345 Εἶτά
2713 5272 2876 5363 φησι·
2903 5311 2921 5344 ι
2953 5293 3062 5347 Καὶ
3087 5293 3317 5365 ὲλάλησε
3364 5294 3567 5366 Κύριος
3586 5298 3721 5367 πρὸς
3735 5301 3863 5355 Mor

611 5361 679 5416 ad
712 5364 953 5458 Mpysen,
984 5370 1207 5428 dicens:
1235 5374 1303 5431 Et
1346 5385 1405 5432 tu
1452 5378 1638 5450 accipe
1669 5390 1932 5445 aromata,
1993 5381 2191 5437 ﬂorum

2299 5378 2433 5449 σῆν·
2492 5380 2602 5433 Καὶ
2639 5382 2705 5436 σὺ
2730 5361 2862 5436 λάϐε
2906 5382 3211 5453 ἡδύσματα,
3238 5361 3396 5449 ἀνθος
3426 5361 3672 5458 σμύρνης
3704 5361 3858 5444 ἐκλε-

610 5453 846 5550 myrrhae
869 5455 1059 5550 eiecta:
1079 5464 1407 5536 quingentos
1434 5468 1619 5535 siclos,
1648 5479 1704 5525 et
1728 5469 2055 5525 cinnamomi
2078 5472 2192 5528 fra-

2299 5471 2431 5541 κτῆς
2465 5471 2855 5536 πεντακοσίους
2879 5474 3114 5542 σίκλους,
3143 5478 3236 5530 καὶ
3257 5478 3608 5550 κινναμώμου
3632 5480 3858 5546 εὐώδους

610 5544 820 5615 grantis
867 5547 987 5619 ejus
1024 5551 1337 5624 dimidium,
1380 5558 1647 5616 ducentos
1687 5562 2103 5635 quinquaginta,
2136 5574 2193 5620 et

2299 5564 2354 5617 τὺ
2391 5564 2563 5633 ἥμισυ
2591 5564 2804 5633 τούτου,
2837 5566 3143 5632 διακοσίους
3179 5544 3533 5641 πεντήκοντα,
3566 5573 3660 5627 καὶ
3691 5544 3853 5633 nisi

687 5723 710 5757 '
737 5725 759 5780 ι
789 5725 918 5785 Cor.
958 5744 1055 5798 xu,
1084 5732 1136 5785 3.
