3982 6508
160 380 262 439 685

892 373 980 428 DE
1019 370 1459 428 ADORATIONE
1501 370 1567 424 IN
1610 369 1880 427 SPIRITU
1922 371 2011 426 ET
2050 372 2419 429 VERITATE.
2461 373 2589 429 LIB.
2635 376 2743 430 lx.‘

3301 382 3405 439 646

166 515 265 567 μου
291 491 514 554 εὐώδους
542 490 845 555 διακοσίους
881 494 1237 561 πεντήκοντα,
1270 488 1365 543 καὶ
1400 490 1558 560 ίρεως
1598 506 1723 543 πεν-

1832 492 1991 546 casiae
2020 493 2351 567 quingentos,
2374 495 2538 549 siclos
2561 494 2878 559 sanctuarii,
2910 503 2966 549 et
2994 496 3173 551 oleum
3213 513 3277 553 ex
3305 498 3411 554 onl-

161 584 437 647 τακοσίους
466 583 681 646 σίκλους
730 582 825 635 τοῦ
857 583 1036 651 ἁγίου,
1070 583 1166 635 καὶ
1208 582 1389 635 ἔλαιον
1436 582 1495 648 ἐξ
1531 581 1729 634 ἐλαιῶν

156 680 332 740 ἔσται,
365 675 457 729 καὶ
489 675 739 745 ποιήσεις
770 674 901 727 αὐτὸ
930 673 1108 727 ἔλαιον
1133 674 1342 744 χρίσμα
1376 671 1530 740 ἅγιον
1562 672 1731 743 μύρον

168 765 457 842 μυρεψικδν
494 766 658 838 τέχνῃ
714 763 1255 836 μυρεψοῦ.ιἘλαιον
1320 763 1528 834 χρίσμα
1579 763 1733 829 ἆγιον

163 861 329 913 ἔσται.
364 855 473 910 Καὶ
504 858 717 927 χρίσεις
748 855 811 919 ἐξ
850 854 1015 908 αὑτοῦ
1049 854 1147 924 τὴν
1178 854 1380 924 σκηνὴν
1408 852 1501 906 τοῦ
1535 870 1736 924 μαρτυ-

165 951 298 1023 ρίου,
344 949 437 1002 καὶ
457 947 555 1018 τὴν
584 946 811 1000 κιϐωτὸν
838 947 935 1017 τῆς
961 946 1160 1015 σκηνῆς
1184 945 1280 998 τοῦ
1309 945 1609 1017 μαρτυρίου
1640 944 1734 998 καὶ

163 1043 336 1096 πάντα
363 1040 429 1093 τὰ
462 1039 627 1110 σκεύη
683 1039 869 1105 αὐτῆς,
909 1039 1004 1091 καὶ
1042 1037 1139 1107 τὴν
1170 1036 1387 1106 λυχνίαν
1425 1036 1521 1090 κα¹ι
1556 1036 1732 1089 πάντα

161 1132 225 1184 τά
254 1129 423 1200 σκεύη
467 1130 659 1200 αὐτῆς,
690 1130 785 1182 καὶ
824 1128 886 1181 τὸ
931 1128 1311 1198 θυσιαστήριον
1332 1127 1427 1181 τοῦ
1450 1126 1731 1197 θυμιάμα-

159 1240 264 1287 τος,
308 1223 403 1275 καὶ
454 1220 516 1274 τδ
566 1220 950 1291 θυσιαστήριον
981 1220 1090 1272 τῶν
1122 1219 1611 1287 ὁλοκαυτωμάτων,
1640 1218 1735 1271 καὶ

164 1314 331 1367 πάντα
390 1311 555 1365 αὐτοῦ
639 1310 708 1363 τὰ
762 1310 929 1381 σκεύη
963 1351 978 1375 ,
1030 1310 1122 1363 καὶ
1167 1310 1264 1380 τὴν
1311 1309 1594 1378 τράπεζαν
1638 1310 1735 1363 καὶ

160 1404 332 1457 πάντα
381 1401 452 1455 τὰ
491 1401 657 1473 σκεύη
702 1401 893 1471 αὐτῆς,
944 1402 1038 1455 καὶ
1089 1401 1181 1454 τὸν
1226 1401 1484 1473 λουτῆρα,
1513 1401 1606 1454 καὶ
1637 1400 1735 1472 τὴν

162 1495 312 1565 βάσιν
338 1492 527 1556 αὑτοῦ,
558 1494 651 1545 καί⁸
679 1493 925 1561 ἁγιάσεις
955 1492 1113 1546 αὐτὼ
1144 1494 1238 1545 καὶ
1259 1491 1409 1544 ἔσται
1445 1493 1609 1559 Ἀγια
1627 1492 1735 1544 τῶν

160 1585 343 1653 ἁγίων.
374 1585 490 1647 Πᾶς
526 1585 555 1637 ό
608 1583 911 1653 ἁπτόμενος
936 1582 1138 1645 αὐτῶν,
1171 1582 1587 1653 άγιασθήσεται.
1625 1584 1735 1636 Καὶ

167 1673 373 1747 MV
421 1675 514 1728 καὶ
555 1676 681 1737 τοὺς
716 1673 867 1737 υἱοὺς
903 1672 1068 1725 αὐτοῦ
1091 1674 1321 1745 χρίσεις,
1355 1674 1450 1726 καὶ
1480 1674 1733 1742 άγιάσεις

158 1768 350 1829 αὐτοὺς
392 1762 695 1836 ἱερατεύειν
725 1780 833 1835 μοι.
864 1764 975 1818 Καὶ
1016 1765 1128 1825 τοῖς
1157 1764 1291 1826 υίοῖς
1328 1763 1544 1835 Ἰσραὴλ
1572 1763 1734 1835 λαλή-

160 1876 288 1922 σεις,
334 1857 533 1925 λέγων·
577 1854 797 1910 Ἔλαιον
837 1856 1078 1926 ἄλειμμα
1106 1854 1341 1925 χρίσεως
1384 1855 1538 1924 ἆγιον
1571 1854 1729 1909 ἔσται

155 1947 304 2003 τοῦτο
336 1948 472 2018 ὑμῖν
496 1948 575 2011 είς
597 1946 697 2011 τὰς
724 1947 921 2015 γενεὰς
971 1945 1147 2017 ὑμῶν·
1207 1946 1300 1998 ἐπὶ
1322 1944 1501 2017 σάρκα
1526 1945 1730 2018 ἀνθρώ-

156 2056 250 2092 που
280 2039 343 2091 οὐ
374 2038 753 2110 χρισθήσεται,
792 2036 888 2089 καὶ
946 2037 1087 2091 κατά
1117 2035 1217 2107 τὴν
1242 2036 1490 2090 σύνθεσιν
1525 2036 1729 2110 ταύτην

154 2131 211 2184 οὑ
237 2131 492 2202 ποιήσετε
528 2130 657 2201 ύμῖν
688 2130 904 2192 ἑαυτοῖς
925 2127 1211 2191 ὡσαύτως.
1244 2128 1435 2197 Ἀγιόν
1474 2130 1610 2194 ἐστι,
1634 2128 1730 2182 καὶ

156 2222 398 2292 ἀγίασμα
426 2220 576 2274 ἔσται
619 2220 768 2291 ὑμῖν.
822 2218 925 2282 ’ος
969 2217 1036 2272 ἂν
1085 2219 1286 2291 ποιήσῃ
1327 2218 1606 2284 ὡσαύτως,
1636 2220 1731 2273 καὶ

154 2314 207 2376 ὃς
236 2313 299 2368 ἂν
324 2312 408 2382 δῷ
434 2312 528 2366 ἀπ’
563 2311 727 2366 αὑτοῦ
774 2309 1072 2378 ἀλλογενεῖ,
1108 2308 1625 2381 ἐξολοθρευθήσεται
1666 2312 1731 2364 ἐκ

153 2406 241 2458 τοῦ
279 2404 415 2457 λαοῦ
453 2402 638 2457 αὑτοῦ.
690 2422 707 2454 ι
749 2402 1043 2472 Ποιότητος
1086 2402 1183 2471 μὲν
1224 2398 1445 2471 οὖνπερ,
1480 2402 1575 2455 καὶ
1623 2402 1730 2474 μὴν

155 2496 241 2548 καὶ
278 2494 580 2566 συνθήκης,
611 2493 926 2563 ἀνισότητός
959 2509 1020 2544 τε
1049 2486 1142 2555 αὖ,
1167 2492 1269 2561 τῆς
1312 2494 1392 2556 είς
1451 2492 1615 2564 ὁλκὴν
1644 2493 1728 2563 δὴ,

152 2586 304 2653 λέγω,
328 2586 445 2637 τῶν
469 2584 875 2655 ὠνομασμένων
898 2582 1078 2646 είδῶν,
1107 2583 1261 2635 οὐδὲν
1289 2583 1354 2636 ἄν
1382 2583 1560 2652 ἔχοιμι
1588 2584 1729 2654 φρά-

155 2692 257 2728 σαι·
294 2674 431 2744 φίλη
469 2676 577 2747 γὰρ
622 2677 655 2745 ή
692 2674 920 2745 ἀλήθεια
962 2675 1073 2735 τοῖς
1106 2668 1165 2725 εὖ
1207 2676 1425 2744 φρονεῖν
1463 2674 1726 2729 εἰωθόσιν.

156 2768 359 2820 ΙἸἷλαιον
419 2767 475 2819 δὲ
532 2768 723 2838 μύροις
765 2765 1103 2837 ἀνακραθὲν,
1155 2766 1595 2835 κατασημήνειεν
1641 2766 1728 2834 ἂν,

155 2862 330 2932 ὥσπερ
375 2855 475 2914 οῦν
518 2854 752 2930 ἐγῷμαι,
791 2858 883 2911 τὸν
928 2860 985 2911 ἐν
1022 2856 1244 2930 Χριστῷ
1283 2856 1375 2910 διὰ
1405 2857 1724 2927 Πνεύματος

154 2952 422 3021 άγιασμὸν
436 2954 547 3014 τοῖς
566 2950 700 3019 ὴλεη
711 2949 893 3024 μένοις
909 2947 1331 3019 χορηγούμενον.
1375 2948 1535 3001 Κατά
1553 2964 1616 3015 γε
1648 2947 1727 3011 τὸ,

158 3062 175 3094 ι
220 3042 515 3104 Ἐλίπανας
550 3043 607 3093 ἐν
643 3040 809 3109 ἐλαίῳ
857 3040 955 3109 τὴν
1010 3037 1251 3109 κεφαλήν
1317 3055 1440 3109 μου.
1498 3058 1515 3089 ι
1551 3040 1732 3092 Κατα-

1832 583 1935 647 vis,
1959 592 2013 637 et
2035 583 2200 638 facies
2219 585 2351 639 illud
2374 586 2555 640 oleum
2577 586 2875 650 unctionis,
2896 595 3141 641 sanctum
3164 603 3412 659 unguen-

1834 683 1950 729 tum
2008 679 2367 747 compositum
2409 687 2526 733 arte
2570 680 2941 749 unguentarii.
2987 679 3177 735 Oleum
3222 682 3410 739 unctio

1833 778 2017 821 sancta
2057 768 2185 821 erit.
2220 770 2286 823 Et
2316 785 2488 839 unges
2516 785 2581 823 ex
2614 786 2681 824 eo
2714 771 3125 826 tabernaculum
3159 773 3407 827 testimo-

1832 861 1931 923 nii,
1956 874 2012 913 et
2047 876 2248 923 arcam,
2289 868 2343 915 et
2371 862 2780 927 candelabrum,
2808 871 2863 917 et
2896 863 3077 917 omnia
3111 879 3237 916 vasa
3269 865 3407 933 ejus.

1832 960 1887 1005 et
1918 952 2088 1005 altare
2125 951 2354 1015 incensi,
2381 962 2435 1006 et
2464 953 2632 1006 altare
2657 953 3122 1017 holocaustorum,
3151 961 3206 1007 et
3229 955 3411 1007 omnia

1832 1056 1959 1095 vasa
1981 1042 2121 1112 ejus,
2146 1048 2203 1095 et
2225 1057 2489 1105 mensam,
2507 1051 2561 1095 et
2577 1043 2757 1096 omnia
2781 1058 2909 1096 vasa
2931 1044 3068 1112 ejus,
3093 1052 3147 1097 et
3170 1045 3407 1104 labrum.

1833 1136 1888 1183 et
1917 1130 2090 1184 basim
2135 1130 2284 1199 ejus,
2315 1136 2371 1183 et
2398 1129 2764 1184 sanctiﬁcabis
2796 1144 2893 1194 ea;
2938 1138 2993 1183 et
3025 1138 3187 1184 erunt
3214 1129 3410 1183 Sancta

1834 1230 2181 1286 sanctorum;
2214 1231 2269 1275 et
2310 1220 2489 1274 omnis
2518 1221 2611 1289 qui
2644 1221 2885 1291 tetigerit
2917 1235 3000 1284 ea,
3044 1220 3407 1275 sanctiﬁcatu-

1834 1324 1945 1368 tur.
1978 1314 2047 1367 Et
2085 1316 2287 1377 Aaron,
2319 1322 2375 1366 et
2410 1310 2550 1365 ﬁlios
2588 1313 2707 1381 ejus
2745 1326 2935 1381 unges,
2962 1320 3017 1365 et
3045 1292 3410 1365 sanctiﬁcabis

1832 1422 1947 1470 eos,
1971 1413 2033 1459 ut
2062 1404 2371 1459 sacerdotio
2392 1403 2691 1473 fungantur
2719 1402 2874 1455 mihi.
2905 1402 2972 1455 Et
2996 1402 3062 1455 ad
3088 1402 3246 1471 323
3270 1401 3411 1455 ﬁlios

1834 1496 1999 1550 Israel
2050 1495 2323 1564 loqueris,
2370 1493 2559 1547 dicens
2606 1510 2618 1545 :
2671 1491 2863 1546 Oleum
2911 1490 3093 1545 linitio
3138 1489 3411 1544 unctionis

1834 1595 2081 1640 sanctum
2115 1585 2221 1638 hoc
2258 1584 2365 1638 erit
2394 1583 2551 1637 vobis
2578 1583 2631 1636 in
2660 1581 2952 1651 progenies
2974 1589 3221 1635 vestras:
3247 1595 3412 1650 super

1834 1691 2055 1731 carnem
2096 1674 2335 1729 hominis
2373 1689 2483 1727 non
2526 1672 2751 1727 linietur
2788 1686 2855 1726 ex
2883 1686 2977 1736 eo;
3013 1680 3069 1724 ct
3108 1669 3409 1724 secundum

1833 1766 1975 1821 hanc
2007 1764 2459 1835 compositionem
2499 1777 2609 1816 non
2639 1761 2849 1816 facietis
2880 1760 3039 1815 vobis
3082 1760 3215 1830 ipsis
3253 1758 3408 1814 simi-

1759 1842 1803 1902 B
1832 1858 1975 1912 liter.
2010 1857 2270 1912 Sanctum
2304 1863 2408 1919 est,
2436 1863 2493 1909 et
2526 1853 2883 1908 sanctiﬁcatio
2908 1853 3013 1907 erit
3043 1851 3215 1906 vobis.
3244 1849 3407 1917 Quis~

1830 1948 1955 2019 quis
1977 1948 2172 2004 fecerit
2193 1948 2466 2012 similiter,
2491 1956 2548 2001 et
2573 1946 2822 2017 quisquis
2854 1944 3068 1999 dederit
3089 1958 3157 1997 ex
3180 1957 3247 1996 eo
3271 1941 3407 1997 alie-

1829 2042 2062 2111 nigenae,
2085 2039 2539 2094 exterminabitur
2564 2054 2593 2092 a
2620 2038 2823 2108 populo
2844 2050 2945 2091 suo
2972 2035 3014 2087 ⁸.
3042 2034 3118 2088 De
3144 2032 3407 2103 qualitate

1831 2134 2018 2205 igitur,
2049 2142 2105 2189 et
2150 2133 2567 2203 compositione,
2616 2128 2979 2199 inaequalitate
3023 2127 3211 2188 etiam,
3261 2123 3405 2192 quod

1831 2225 1898 2279 ad
1925 2224 2141 2295 pondus
2173 2224 2430 2295 pertinet,
2459 2222 2729 2276 dictorum
2755 2225 3059 2272 aromatum
3088 2214 3227 2269 nihil
3247 2212 3404 2282 equi-

1831 2316 1955 2370 dem
2000 2316 2176 2370 habeo
2213 2315 2427 2379 dicere;
2460 2311 2801 2382 sapientibus
2834 2309 2980 2363 enim
3012 2306 3216 2361 veritas
3241 2304 3406 2359 chara

1831 2416 1948 2474 est;
1982 2408 2163 2462 oleum
2192 2420 2358 2476 porro
2399 2419 2522 2458 cum
2558 2401 2893 2457 aromatibus
2933 2398 3156 2452 mistum
3193 2393 3405 2465 signiﬁ-

1832 2505 1940 2563 cat,
1972 2506 2032 2551 ut
2055 2497 2190 2551 mihi
2219 2504 2366 2550 certe
2388 2494 2625 2555 videtur,
2658 2492 2803 2545 illam
2837 2490 2890 2542 in
2913 2488 3131 2542 Christo
3158 2500 3257 2555 per
3281 2483 3405 2554 Spi—

1833 2590 1998 2644 ritum
2028 2588 2537 2648 sanctiﬁcationem,
2580 2599 2701 2653 quae
2741 2578 3171 2635 misericordiam
3209 2590 3389 2631 cense

1832 2681 1977 2735 cutis
2026 2680 2313 2734 tribuitur.
2358 2677 2515 2733 Unde
2546 2685 2627 2730 est
2657 2673 2789 2727 illud
2836 2689 2849 2724 :
2885 2690 2903 2722 ι
2954 2666 3306 2739 lmpinguasti
3350 2667 3409 2725 in,

1832 2773 1953 2827 oleo
1977 2782 2140 2841 caput
2162 2785 2344 2825 meum
2368 2770 2409 2822 ".
2448 2787 2465 2818 δ
2496 2767 2731 2837 Ungitur
2760 2772 2939 2818 autem
2967 2760 3402 2822 tabernaculum,

1832 2872 1888 2919 et
1937 2863 2121 2917 omnia
2160 2877 2280 2931 qua:
2327 2860 2382 2913 in
2413 2873 2480 2913 eo
2526 2866 2682 2921 sunt;
2720 2870 2843 2909 nam
2888 2854 3043 2907 locus
3086 2865 3305 2921 quoque
3347 2849 3405 2903 ﬁt

1833 2953 2281 3010 sanctiﬁcationis
2318 2950 2590 3021 particeps
2620 2963 2719 3017 per
2749 2960 2877 3000 eum
2923 2944 3018 3013 qui
3053 2942 3109 2995 in
3142 2957 3208 2995 eo
3244 2940 3403 2994 habi-

1833 3053 1931 3100 tat.
1964 3044 2387 3099 Sanctiﬁcantur
2411 3056 2537 3095 vasa
2572 3052 2789 3107 quoque
2818 3052 2884 3089 eo
2931 3034 3024 3103 qui
3063 3033 3170 3087 illis
3200 3047 3401 3086 conve-

155 3131 351 3202 χρίεται
388 3130 445 3183 δέ
474 3131 508 3201 ή
541 3129 735 3200 σκηνὴ,
764 3130 856 3182 καὶ
884 3128 1061 3181 πάντα
1086 3127 1155 3181 τά
1181 3129 1240 3179 ὲν
1271 3128 1430 3197 αὐτῇ,
1470 3129 1723 3199 μετάσχοι

1832 3137 1917 3191 nit
1966 3135 2165 3199 modo,
2196 3144 2256 3188 ut
2304 3132 2372 3187 ad
2411 3129 2781 3187 exhibendum
2822 3128 2933 3181 Deo
2977 3125 3206 3188 cultum,
3241 3138 3401 3177 usum

154 3222 253 3291 γὰρ
282 3220 345 3273 ἂν
376 3218 654 3287 άγιασμοῦ
682 3218 775 3270 καὶ
807 3216 973 3279 τόπος
1016 3214 1108 3269 διὰ
1145 3214 1239 3268 τοῦ
1284 3215 1625 3279 ἐνοικοῦντος
1666 3220 1723 3270 ἐν

1826 3226 2123 3298 ρι’ωὶιεεηι.
2162 3244 2179 3276 ι
2216 3226 2285 3279 Et
2308 3224 2402 3294 qui
2448 3222 2623 3291 tangit
2654 3236 2737 3284 ea,
2773 3216 3225 3273 sanctiﬁcahitur.
3270 3233 3289 3265 ι
3318 3214 3400 3267 Ab

154 3310 312 3379 αὐτῷ.
358 3307 677 3376 Ἀγιάζεται
708 3307 764 3361 δὲ
795 3307 887 3360 καὶ
915 3306 983 3359 τὰ
1012 3305 1203 3376 σκεύη,
1234 3305 1376 3360 κατά
1415 3322 1478 3374 γε
1504 3306 1597 3359 τὸν
1624 3307 1722 3361 αὐ-

153 3404 257 3464 τοῖς
274 3400 554 3472 πρέποντα
588 3399 809 3468 τρόπον,
859 3399 941 3451 ὅτι
999 3401 1121 3460 ταῖς
1172 3397 1309 3451 Θεοῦ
1361 3396 1723 3468 λειτουργίαις

154 3493 415 3563 χρήσιμα,
475 3491 569 3544 καὶ
614 3491 644 3543 ό
685 3489 1002 3559 ξάπτόμενος
1068 3488 1251 3542 αὐτῶν
1306 3489 1719 3559 άγιασθήσεται.

164 3582 430 3650 ’Δνέπαφα
465 3580 528 3651 δὴ
563 3574 657 3633 οὖν
690 3583 803 3643 τοῖς
839 3580 920 3632 ἔτι
963 3580 1211 3651 βεϐήλοις
1259 3580 1330 3633 τὰ
1360 3580 1493 3649 άγιά
1521 3598 1581 3634 τε
1628 3582 1723 3635 καί⁸

154 3674 283 3744 ἱερόν
317 3692 335 3725 ι
366 3672 468 3732 Τίς
492 3672 600 3743 γάρ
626 3671 879 3724 κοινωνία
918 3672 1059 3741 φωτὶ⁵
1089 3672 1223 3743 πρὸς
1259 3672 1486 3739 σκότος;
1527 3692 1547 3726 ι
1580 3672 1722 3727 κατὰ

150 3763 206 3815 τὸ
224 3761 635 3833 γεγραμμένον.
702 3758 1039 3829 Ἀποφάσκει
1085 3760 1143 3813 δὲ
1190 3761 1467 3825 παντελῶς
1511 3761 1573 3814 τὸ
1611 3760 1720 3814 δεῖν

152 3855 355 3917 ἑαυτοῖς
421 3852 526 3922 τὴν
568 3852 760 3921 ὁμοίαν
809 3851 989 3903 ἐλαίου
1041 3850 1310 3903 ποιεῖσθαι
1356 3853 1717 3921 κατασκευήν.

154 3944 445 4015 Ἶδιον-’γὰρ
478 3942 638 4013 μόνου
676 3941 737 3994 τὸ
768 3941 1014 4009 άγιάζειν
1043 3943 1159 3994 ἐστὶ
1190 3940 1284 3994 τοῦ
1316 3940 1475 4005 Θεοῦ,
1510 3943 1603 3994 καὶ
1641 3942 1717 4005 ὡς

155 4035 423 4106 ἐξαίρετον
455 4031 671 4105 ἀληθῶς
698 4031 1043 4086 ἅνακείσεται
1088 4032 1151 4084 τὸ
1195 4035 1385 4103 χρῆμα
1420 4032 1589 4101 αὐτῷ,
1624 4049 1718 4099 γε-

151 4128 273 4196 νητῇ
310 4125 368 4177 δὲ
418 4123 517 4177 καὶ
560 4122 906 4192 πεποιημένῃ
932 4119 1092 4190 φύσει
1132 4121 1191 4174 τὸ
1213 4121 1459 4189 άγιάζειν
1488 4122 1715 4191 ἐτέρους

152 4214 417 4277 δυνάσθαι,
468 4214 586 4277 πῶς
629 4212 694 4267 ἂν
724 4212 838 4282 ἔχοι
878 4211 1048 4275 ποτέ;
1083 4210 1309 4265 Πλουτεί
1335 4211 1440 4281 γὰρ
1466 4210 1616 4281 μόλις
1654 4213 1718 4263 ἐκ

159 4305 383 4375 μετοχῆς
406 4304 509 4375 τῆς
533 4302 740 4356 ἀνωθεν
761 4302 852 4355 τὸν
876 4301 1165 4372 ἁγιασμόν.
1186 4301 1392 4372 Πρέποι
1416 4300 1460 4354 δ’
1483 4300 1549 4353 ἂν
1581 4300 1715 4369 αὑτῇ

155 4392 235 4445 διὰ
282 4394 380 4463 τῆς
436 4392 546 4445 τῶν
584 4390 756 4459 ἁγίων
804 4388 1125 4443 ἐπιϐοᾶσθαι
1188 4389 1389 4458 φωνῆς.
1449 4404 1467 4438 ι
1514 4387 1578 4439 Τί
1609 4388 1717 4457 γὰρ

153 4480 332 4551 ἓχειςό
362 4484 468 4537 οὐκ
508 4482 734 4547 ἔλασεςς
790 4500 809 4533 ι
843 4483 954 4535 Καὶ
985 4479 1093 4551 γάρ
1140 4479 1390 4547 Ἰωάννης
1428 4477 1560 4548 φησὶ
1591 4478 1715 4548 περὶ

153 4571 236 4623 τοῦ
264 4571 624 4641 Μονογενοῦς,
674 4572 755 4624 ὅτι
801 4590 821 4623 ι
866 4572 965 4626 Ἐκ
1016 4569 1109 4624 τοῦ
1152 4567 1514 4640 πληρώματος
1547 4566 1712 4620 αὑτοῦ

152 4662 300 4730 ἡμεῖς
329 4664 533 4726 πάντες
572 4663 852 4733 ἐλάϐομεν.
889 4681 908 4715 ι
947 4661 1077 4726 Καὶ,
1113 4679 1130 4711 ι
1164 4661 1278 4713 θύκ
1310 4660 1376 4712 ἐκ
1404 4658 1603 4729 μέτρου
1631 4658 1713 4710 δί-

152 4751 272 4803 δωσι
302 4753 363 4805 τὸ
397 4752 651 4823 Πνεῦμα,
693 4772 710 4804 ι
748 4752 897 4823 πηγὴ
926 4752 985 4806 δὲ
1019 4750 1219 4821 μᾶλλον
1254 4750 1514 4821 ὑπάρχων
1553 4748 1714 4812 αὐτὸς

151 4840 436 4913 ἀγιασμοῦ,
462 4845 749 4914 ἐπιμετρεῖ
780 4847 894 4907 τοῖς
926 4843 1099 4909 ἀξίοις
1127 4843 1189 4895 τὸ
1219 4841 1460 4912 Πνεῦμα,
1492 4842 1589 4895 καὶ⁵
1609 4842 1711 4913 τῆν

151 4929 359 5005 λογικὴν
385 4935 605 5002 ἁγιάζει
637 4934 833 4987 κτίσινο
861 4953 880 4987 ι
921 4933 1044 4987 Ἐπὶ
1087 4933 1266 5005 σάρκα
1301 4933 1358 4987 δὲ
1397 4931 1709 5003 ἀνθρώπου,

153 5029 325 5095 φησιν,
387 5027 451 5080 οὐ
500 5028 875 5098 χρισοήσεται,
924 5047 944 5079 ι
992 5026 1170 5081 καίτοι
1209 5024 1591 5097 προστεταχὼς
1615 5042 1713 5079 κα-

150 5118 455 5186 ταχρίεσθαι
487 5119 597 5173 δεῖν
631 5120 725 5173 ἀπ’
760 5118 947 5183 αὑτοῦ,
986 5120 1078 5173 τόν
1107 5136 1167 5173 τε
1198 5117 1409 5189 Ἀαρὼν
1448 5120 1542 5172 καὶ
1585 5118 1711 5181 τοὺς

154 5209 638 5277 συνιερατεύοντας.
673 5211 883 5266 Οὐκοῦν
922 5211 1062 5281 ὑπὲρ
1097 5208 1435 5280 ἀνθρώπινον
1465 5209 1527 5262 τὸ
1555 5208 1711 5277 γένος

152 5296 242 5369 ἤδη
261 5299 320 5351 τὸ
350 5300 514 5371 ἱερὸν,
555 5301 651 5354 άτε
680 5302 745 5375 δή
775 5301 869 5357 καὶ
912 5299 1148 5370 Χριστοῦ
1194 5300 1418 5369 μέτοχον
1446 5298 1539 5352 τοῦ
1570 5298 1710 5367 ὑπὲρ

152 5383 241 5454 τὴν
264 5386 459 5443 κτίσιν.
492 5388 782 5460 Τοιγάρτοι
811 5390 907 5443 καὶ
940 5389 1077 5459 πρὸς
1107 5386 1170 5441 τὸ
1204 5384 1344 5457 ὑπὲρ
1364 5383 1526 5454 φύσιν
1564 5386 1709 5456 ἡμᾶς

152 5474 483 5549 ὰνακομίζων
522 5480 760 5551 ἀξίωμα,
791 5480 885 5533 καὶ
935 5479 1097 5534 οἱονεὶ
1144 5477 1252 5531 τῶν
1282 5475 1540 5545 ἐπιγείων
1569 5477 1708 5529 άπο-

152 5565 341 5635 τεμὼν,
366 5572 478 5635 τοῖς
516 5573 628 5626 άνω
651 5570 971 5643 προσνέμει·
1016 5589 1034 5622 ι
1070 5569 1289 5639 Πατέρα
1321 5585 1340 5620 ι
1377 5568 1509 5638 γὰρ,
1549 5566 1701 5637 φησὶν

225 5702 244 5732 ⁸
273 5703 442 5760 Exod.
498 5724 621 5765 xxx.
663 5706 849 5762 25-54.

168 5787 236 5831 Ill,
268 5772 361 5832 54,

962 5707 980 5736 ⁷
1012 5703 1152 5761 Psal.
1186 5718 1276 5768 xx,
1309 5702 1359 5755 5.

1444 5702 1464 5732 ⁸
1494 5700 1538 5754 ll
1583 5699 1708 5755 Cor.
1742 5712 1816 5760 vr,
1861 5694 1947 5747 ll.

1826 3318 1894 3371 iis
1915 3316 2081 3387 igitur
2130 3315 2223 3385 qui
2251 3313 2463 3385 profani
2487 3312 2665 3366 adhuc
2690 3317 2837 3372 sunt,
2865 3315 3082 3362 sanctas
3109 3319 3399 3373 sacrasque

1823 3424 1916 3464 res
1940 3407 2183 3477 contingi
2206 3406 2359 3460 nefas
2382 3414 2503 3460 est:
2539 3422 2557 3453 ‹
2592 3402 2724 3468 Quae
2753 3400 2901 3454 enim
2935 3397 3167 3451 societas
3194 3394 3305 3449 luci
3329 3393 3397 3448 ad

1825 3501 2083 3556 tenebras
2115 3499 2174 3551 ’ί
2221 3517 2240 3549 ι
2270 3498 2412 3552 sicut
2443 3495 2707 3564 scriptum
2739 3499 2842 3545 est.
2893 3488 3176 3543 Inter-dicit
3214 3494 3397 3541 autem

1823 3592 2049 3647 omnino
2102 3606 2172 3645 ne
2206 3589 2439 3644 similem
2485 3587 2615 3640 huic
2646 3584 2751 3639 olei
2799 3579 3250 3649 compositionem
3292 3576 3397 3631 sibi

1822 3682 2058 3747 faciant;
2104 3680 2274 3735 solius
2299 3678 2446 3732 enim
2476 3675 2570 3730 Dei
2600 3672 2884 3743 proprium
2912 3676 2997 3723 est
3033 3664 3394 3728 sanctiﬁcare,

1820 3780 1995 3843 eaque
2036 3787 2127 3826 res
2153 3771 2232 3825 illi
2267 3778 2525 3838 tanquam
2564 3765 2763 3820 eximia
2801 3760 3093 3817 tribuenda
3127 3766 3238 3824 est;
3269 3774 3396 3812 nam

1821 3873 1953 3917 ortae
1982 3862 2322 3929 conditaeque
2352 3865 2562 3911 natura:
2594 3856 2688 3924 qui
2720 3854 2936 3908 tandem
2980 3851 3159 3906 inesse
3195 3847 3397 3918 poterit

1819 3953 2051 4008 facultas
2076 3947 2451 4005 sanctiﬁcandi
2480 3953 2727 4007 caeteros,
2752 3958 2873 4012 qua:
2899 3942 3114 3996 coalitus
3144 3932 3395 4008 imparti-

1818 4051 1928 4097 tam
1959 4038 2443 4095 sanctiﬁcationem
2482 4036 2573 4088 vix
2602 4034 2816 4102 assequi
2847 4032 3062 4101 potest?
3086 4030 3187 4085 Cui
3213 4029 3395 4097 potius

1818 4129 2076 4186 convenit
2096 4141 2286 4182 vocem
2316 4125 2462 4179 illam
2493 4130 2807 4177 sanctorum
2831 4121 3074 4174 virorum
3102 4118 3388 4173 insonare:

1827 4240 1842 4272 ο
1873 4219 2015 4287 Quid
2054 4218 2226 4272 habes
2264 4215 2411 4285 quod
2446 4229 2555 4267 non
2576 4210 2835 4280 accepisti
2859 4211 2920 4263 οἳ
2953 4228 2970 4260 ι
2997 4207 3303 4274 Quinetiam
3323 4206 3392 4261 de

1818 4310 2100 4380 unigenito
2133 4307 2271 4362 Filio
2311 4304 2491 4373 inquit
2520 4303 2758 4357 Joannes
2798 4318 2810 4353 :
2857 4319 2875 4350 ι
2927 4300 3007 4353 Ex
3052 4296 3392 4367 plenitudine

1817 4402 1937 4471 ejus
1967 4414 2069 4453 nos
2089 4410 2279 4451 omnes
2310 4393 2623 4463 accepimus
2650 4391 2714 4445 ‘°.
2754 4410 2772 4441 ι
2801 4391 2869 4443 Ει
2895 4407 2908 4441 :
2948 4408 2966 4439 ι
2997 4389 3116 4442 Non
3140 4388 3207 4441 ad
3242 4403 3394 4442 men-

1751 4520 1788 4571 υ
1819 4507 2002 4547 suram
2033 4489 2127 4543 dat
2158 4486 2421 4556 Spiritum
2457 4484 2518 4537 ¹¹.
2569 4502 2587 4534 ι
2618 4481 2725 4536 Sed
2755 4481 2958 4551 potius,
3000 4493 3124 4533 cum
3158 4476 3230 4531 sit
3274 4476 3391 4545 ipse

1818 4586 1940 4639 fons
1965 4577 2433 4640 sanctificationis,
2477 4575 2546 4629 iis
2592 4573 2686 4643 qui
2728 4571 2877 4642 digni
2913 4578 2968 4624 et
3011 4569 3192 4624 idonei
3239 4576 3386 4631 sunt,

1817 4673 2084 4744 Spiritum
2114 4668 2432 4731 admetitur,
2450 4676 2508 4720 et
2527 4663 2850 4719 rationalem
2864 4670 3168 4716 creaturam
3183 4659 3389 4714 sancti-

1815 4764 1975 4818 ﬁcat:
2008 4781 2027 4812 ι
2052 4760 2229 4830 Super
2262 4771 2483 4813 carnem
2508 4769 2639 4809 vero
2662 4752 2921 4817 hominis,
2960 4771 2978 4803 ι
3004 4751 3202 4820 inquit,
3233 4769 3252 4801 ι
3278 4764 3389 4805 non

1812 4856 2039 4909 linietur
2063 4867 2129 4907 ex
2156 4866 2242 4905 eo.
2287 4869 2303 4901 ι
2336 4847 2502 4917 Atqui
2524 4848 2765 4918 jusserat
2814 4852 2873 4898 ut
2899 4858 2966 4898 ex
2998 4842 3116 4911 ipso
3140 4849 3253 4895 tum
3277 4840 3387 4895 Aa-

1812 4958 1933 5006 ron,
1960 4950 2075 4995 tum
2102 4940 2223 5009 ejus
2254 4938 2309 4992 in
2336 4934 2661 4992 sacerdotali
2691 4946 2919 4988 munere
2946 4930 3080 4986 socii
3110 4943 3386 4999 ungeren-

1811 5042 1920 5088 tur.
1946 5032 2043 5087 Est
2072 5031 2237 5102 igitur
2274 5041 2491 5083 sacrum
2525 5022 2661 5080 illud
2692 5037 2863 5094 genus
2896 5035 3059 5091 supra
3086 5016 3381 5083 hominem,

1811 5133 2001 5196 utpote
2024 5122 2169 5194 quod
2214 5120 2421 5175 Christi
2444 5117 2715 5189 particeps
2736 5123 2840 5179 est,
2862 5114 2957 5183 qui
2981 5110 3249 5167 creaturis
3269 5124 3386 5164 om-

1809 5216 1975 5272 nibus
1998 5212 2236 5276 excellit,
2272 5210 2345 5265 ob
2366 5222 2596 5278 eamque
2619 5219 2860 5268 causam,
2888 5217 3013 5258 cum
3042 5200 3108 5256 ad
3135 5201 3385 5270 superio-

1810 5327 1927 5368 rem
1960 5311 2076 5382 ipsa
2113 5322 2333 5379 quoque
2369 5312 2567 5360 natura
2605 5301 2926 5372 dignitatem
2964 5312 3066 5353 nos
3102 5296 3381 5359 eveheret,

1808 5401 1972 5474 325.
1999 5406 2163 5469 atque
2186 5413 2216 5451 a
2238 5393 2471 5451 terrenis
2500 5390 2667 5447 rebus
2694 5384 3095 5459 quodammodo
3124 5382 3386 5474 praecide-

1810 5472 2292 5561 retisuperisque
2326 5483 2686 5553 conjungeret
2721 5496 2734 5531 :
2780 5497 2797 5528 ‹
2840 5478 3088 5540 Patrem,
3114 5493 3133 5526 ι
3169 5472 3379 5561 inquit,

1820 5604 1838 5636 ι
1864 5598 1935 5638 ne
1978 5559 2186 5635 vocetis
2222 5575 2380 5631 vobis
2414 5587 2580 5643 super
2608 5578 2841 5631 terram;
2893 5580 3037 5620 unus
3086 5570 3171 5618 est
3232 5559 3379 5615 enim

2062 5690 2081 5721 ’
2115 5689 2136 5744 Ι
2183 5686 2309 5742 Cor.
2366 5701 2434 5748 Iv,
2472 5684 2522 5735 7.
2628 5680 2669 5711 “
2704 5679 2860 5734 Joan.
2894 5693 2931 5740 ι,
2972 5676 3055 5729 l6.
3149 5674 3186 5704 “
3219 5672 3378 5727 Joan.
