3982 6518
636 350 738 407 οιι

1632 352 1687 404 S.
1732 350 2009 406 CYRlLLl
2050 347 2529 404 ALEXANDRLVI
2570 351 2889 409 ARClllEP.
3742 374 3817 430 με

637 461 798 516 l’ater
822 469 1021 526 vester,
1046 461 1138 529 qui
1162 468 1245 514 est
1268 460 1323 515 in
1350 459 1537 524 caelis;
1562 474 1755 513 omnes
1780 468 1962 513 autem
1984 473 2079 511 vos
2103 456 2213 510 fra-

2325 473 2351 553 1.
2375 455 2450 553 μη
2468 458 2906 553 καβσητεμύμιῖνν
2918 462 3122 553 ὲπὶτῆς
3138 461 3261 553 γῆς’
3276 458 3354 526 εἷς
3372 463 3483 553 γάρ
3499 467 3630 523 ἔστιν
3641 473 3666 525 ὁ
3678 475 3817 553 Πατὴρ

637 560 754 607 tres
773 551 907 607 estis
926 554 989 604 ¹².
1015 571 1033 602 ι
1064 550 1551 605 Exterminationis
1580 560 1765 605 autem
1799 566 1961 621 paena
1995 550 2063 604 iis
2091 565 2224 603 con-

635 643 827 698 stituta
852 651 937 698 est
961 642 1055 711 qui
1080 657 1147 696 ex
1170 656 1237 695 eo
1258 641 1579 712 alienigenae
1628 641 1886 696 dederint
1922 659 1934 694 :
1971 659 1988 691 ι
2010 640 2088 695 Ne
2127 639 2224 693 de-

634 734 708 789 tis
727 734 894 797 enim,
920 752 941 783 ι
982 733 1088 797 ait,
1126 751 1142 783 ι
1168 740 1355 787 sancta
1405 733 1667 798 canibus,
1705 748 1884 803 neque
1926 731 2228 802 projiciatis

633 824 957 894 margaritas
976 832 1186 878 vestras
1205 832 1331 878 ante
1348 813 1547 893 porcos
1566 824 1631 877 ⁸⁸.
1661 842 1680 874 ›
1702 824 1859 885 Nam,
1896 837 2019 891 quae
2035 836 2226 876 recon-

631 914 746 968 dita
777 921 926 979 sunt,
957 922 1014 967 et
1054 913 1260 969 sanctis
1287 913 1553 969 duntaxat
1578 914 1934 977 conveniunt,
1976 928 2043 967 ea
2075 912 2225 966 nulla

631 1004 845 1058 ratione
887 1004 1096 1069 habita,
1118 1004 1187 1058 iis
1209 1004 1303 1074 qui
1319 1014 1450 1059 sunt
1472 1005 1654 1059 adhuc
1674 1004 1943 1068 inﬁdeles,
1966 1002 2222 1073 prodere,

630 1096 863 1166 periculi
899 1096 1121 1165 plenum
1148 1104 1245 1150 est
1272 1114 1285 1149 :
1312 1112 1493 1165 neque
1521 1096 1672 1151 enim
1728 1096 1823 1165 qui
1857 1094 2071 1165 profani
2092 1101 2225 1150 sunt

629 1185 831 1251 adhuc,
851 1193 908 1240 et
929 1186 1225 1241 immodica
1248 1186 1565 1255 impuritate
1587 1185 1870 1249 laborant,
1916 1186 2012 1239 sed
2034 1194 2223 1239 sancto

629 1276 959 1347 baptismate
980 1278 1199 1349 purgati
1223 1278 1654 1334 sanctiﬁcantur.

707 1371 908 1425 PALL.
937 1372 1079 1426 Vera
1109 1370 1269 1426 dicis.

699 1459 858 1515 CYR.
872 1460 1187 1531 Eademque
1202 1461 1416 1516 ratione
1430 1476 1495 1516 ac
1512 1460 1675 1517 modo
1692 1459 2061 1532 thymiamatis
2074 1473 2221 1513 com-

628 1552 959 1619 positionem
988 1552 1108 1607 ﬁeri
1133 1553 1318 1623 jussit,
1351 1552 1574 1606 dicens:
1602 1570 1621 1604 (
1652 1552 1721 1605 Et
1752 1563 1810 1608 tu
1835 1566 1968 1621 cape
1996 1550 2096 1605 tibi
2116 1548 2217 1620 ipsi

633 1651 902 1707 aromata,
942 1651 1173 1709 stacten,
1212 1652 1269 1698 et
1300 1644 1589 1716 onychem,
1627 1650 1684 1697 et
1725 1642 2015 1712 galbanum
2053 1654 2219 1695 suave

629 1735 805 1799 olens,
840 1744 897 1791 et
919 1736 1047 1789 thus
1069 1735 1349 1801 lucidum;
1381 1735 1533 1804 paria
1562 1733 1705 1788 inter
1729 1749 1788 1789 se
1810 1742 1976 1787 erunt
2005 1750 2019 1785 :
2048 1740 2105 1786 et
2135 1731 2217 1786 fa-

2330 544 2506 615 ὐμῶν,
2530 547 2559 599 ὁ
2584 548 2643 600 ἐν
2670 550 2782 611 τοῖς
2818 550 3084 621 οὐρανοῖς,
3120 552 3316 615 πάντες
3361 552 3419 605 δὲ
3468 555 3617 625 ὑμεῖς

2326 637 2512 690 ὲστε.’›
2552 637 2811 710 Ὄλεθρος
2832 640 2890 693 δὲ
2905 643 2939 711 ἡ
2968 640 3091 712 δίκη
3114 643 3225 705 τοῖς
3248 643 3340 695 ἀπ’
3376 645 3537 698 αὐτοῦ
3558 654 3816 725 παρέχουσι,

2324 727 2622 796 ἀλλογενεί·
2638 748 2659 781 ι
2685 731 2776 801 Μὴ
2799 730 2935 784 δῶτε
2964 732 3100 801 γὰρ,
3122 751 3141 782 ι
3157 733 3349 802 φησ“ι,‹
3365 733 3431 787 τὰ
3451 735 3575 803 ᾰγια
3593 744 3689 804 τοίς
3714 752 3814 812 κυσὶ,

2329 818 2463 887 μηδὲ
2501 817 2701 889 βάλητε
2731 823 2859 885 τοὺς
2902 822 3247 892 μαργαρίτας
3278 823 3430 893 ὑμῶν
3457 826 3723 898 ἔμπροσθεν
3742 839 3817 890 τῶν

2330 908 2548 979 χοίρων.
2563 929 2581 962 ι
2592 910 2666 962 Τὸ
2683 911 2793 983 γάρ
2813 928 2894 965 τοι
2910 913 3206 982 προσάγειν
3224 911 3323 983 ἀτη
3330 913 3503 983 μελῶς
3517 921 3618 981 τοῖς
3632 922 3815 990 ἀπίστοις

2324 1001 2405 1053 ἔτι
2430 1000 2500 1054 τά
2530 1003 2911 1073 κεκρυμμένα,
2948 1003 3043 1056 καὶ
3065 1002 3133 1057 τά
3175 1002 3355 1073 μόνοις
3384 1004 3553 1073 ἁγίοις
3583 1012 3813 1080 πρέποντα,

2324 1091 2571 1146 κινδύνου
2618 1094 2817 1164 μεστόν
2837 1112 2851 1124 ο
2882 1093 3167 1167 ἁγιάζεται
3196 1095 3303 1165 γὰρ
3343 1096 3405 1148 οὺ
3451 1097 3511 1150 τὸ
3541 1098 3733 1170 βέϐηλον
3760 1104 3815 1159 ἔτι

2324 1182 2419 1236 καὶ
2452 1183 2643 1239 νοσοῦν
2674 1185 2922 1248 ἐκτόπως
2964 1186 3065 1257 τὴν
3102 1186 3466 1254 ἀκαθαρσίαν,
3500 1189 3625 1244 ἀλλὰ
3656 1193 3705 1246 τὸ
3745 1197 3815 1267 ήδη

2322 1275 2735 1345 κεκαθαρμένον
2769 1277 2859 1331 διά
2899 1276 2996 1331 τοῦ
3029 1278 3187 1347 ἀγίου
3216 1278 3602 1351 βαπτίσματος.

2392 1359 2605 1420 nam.
2655 1367 2902 1439 Ἀληθές.

2392 1459 2558 1512 ΚΥΡ.
2580 1459 2739 1514 Κατὰ
2761 1461 2852 1515 τὸν
2888 1460 3000 1516 ἴσον
3027 1464 3236 1517 τουτονὶ
3258 1464 3461 1535 τρόπον
3486 1468 3571 1517 καὶ
3594 1466 3816 1544 λόγον,τὴν

2317 1546 2415 1601 τοῦ
2470 1548 2818 1619 θυμιάματος
2882 1551 3155 1605 ποιεῖσθαι
3207 1553 3544 1626 κατασκευὴν
3594 1556 3811 1623 διετύπω,

2320 1638 2511 1708 λέγων·
2560 1660 2579 1692 ι
2617 1642 2729 1695 Καὶ
2765 1643 2829 1695 σὺ
2862 1641 2994 1695 λάϐε
3042 1647 3255 1715 σεαυτξρ
3303 1646 3604 1716 ἡδύσματα,
3644 1654 3813 1723 στακτὴν

2322 1731 2415 1785 καὶ
2451 1730 2638 1803 ὄνυχα,
2672 1732 2768 1793 καὶ
2796 1733 3070 1805 χαλϐάνην
3094 1734 3364 1806 ήδυσμοῦ,
3404 1737 3499 1790 καὶ
3524 1737 3706 1794 λίϐανον
3734 1743 3813 1798 δια-

629 1824 781 1880 cient
815 1841 882 1880 ex
918 1825 1053 1895 ipsis
1081 1825 1378 1895 thymiama
1409 1824 1858 1895 unguentarium,
1896 1838 2036 1893 Opus
2066 1837 2217 1876 com-

2325 1822 2489 1893 φανῆ,
2523 1823 2637 1877 ίσον
2678 1825 2780 1895 ίσῳ
2803 1825 2975 1893 ἐστὶν,
2998 1826 3093 1880 καὶ
3118 1827 3436 1898 ποιήσουσιν
3466 1828 3603 1900 αὐτῷ
3630 1830 3814 1901 θυμίαμα

629 1917 920 1984 positionis
968 1915 1316 1986 unguentarii
1361 1916 1606 1981 mistum,
1646 1930 1868 1985 purum,
1908 1930 2048 1985 opus
2085 1929 2217 1970 san-

627 2015 800 2063 ctum.
842 2009 912 2062 Et
947 2008 1389 2065 comminuesde
1431 2008 1539 2064 illis
1581 2007 1861 2063 minutim.
1886 2007 1955 2063 Et
1984 2022 2156 2077 pones
2186 2021 2219 2061 e

628 2099 851 2169 regione
885 2099 1184 2155 testimonii
1218 2099 1273 2153 in
1303 2100 1661 2156 tabernaculo
1705 2100 2029 2165 testimonii,
2072 2099 2218 2154 unde

628 2188 966 2245 innotescaln
992 2190 1097 2247 .tibi
1128 2189 1278 2245 inde.
1305 2190 1568 2246 Sanctum
1591 2199 1906 2247 sanctorum
1930 2191 2039 2245 erit
2062 2189 2218 2245 vobis

627 2280 944 2350 thymiama.
974 2280 1291 2337 Secundum
1331 2281 1475 2336 hanc
1506 2281 1963 2351 compositionem
2000 2296 2110 2335 non
2134 2280 2216 2352 fa-

626 2372 784 2426 cietis
805 2373 962 2427 vobis
987 2372 1153 2442 ipsis;
1176 2373 1233 2427 in
1254 2372 1743 2428 sanctiﬁcationem
1778 2374 1885 2428 erit
1924 2374 2081 2427 vobis
2108 2374 2217 2427 Do-

632 2463 801 2517 mino.
825 2463 1089 2533 Quisquis
1111 2464 1305 2520 fecerit
1337 2464 1614 2528 similiter,
1639 2474 1701 2518 ut
1724 2466 1844 2536 ejus
1865 2465 2034 2519 odore
2060 2466 2214 2520 frua-

633 2562 746 2618 tur,
771 2553 979 2623 peribit
998 2554 1067 2610 de
1093 2555 1296 2624 populo
1328 2570 1428 2623 suo
1456 2555 1519 2609 “.
1548 2575 1567 2606 ι
1596 2556 1810 2610 Rursus
1844 2557 1935 2611 hic
1958 2557 2115 2612 locus
2135 2557 2216 2611 la-

633 2654 813 2700 tenter
844 2647 1007 2702 nobis
1035 2648 1241 2702 indicat
1270 2663 1391 2717 qua:
1426 2649 1648 2718 propria
1700 2658 1827 2704 sunt
1855 2664 1920 2704 ac
1945 2649 2218 2720 praecipua

632 2737 781 2793 illius
805 2738 1271 2808 praestantissimae
1296 2740 1543 2794 omnium
1569 2750 1800 2807 naturae,
1827 2757 1893 2797 ea
1917 2742 1986 2796 ad
2011 2742 2217 2797 nullam

630 2845 748 2883 rem
775 2838 1015 2885 creatam
1036 2832 1288 2887 essentia
1305 2833 1519 2888 ratione
1536 2834 1816 2903 pertinere
1831 2850 2011 2904 posse,
2037 2835 2211 2889 omni-

631 2936 809 2991 noque
826 2922 972 2991 quod
991 2923 1059 2976 ad
1075 2922 1363 2992 dignitatis
1378 2923 1649 2983 rationem
1676 2934 1733 2979 et
1748 2925 2019 2979 honorum
2040 2926 2220 2980 excel—

628 3012 855 3067 lentiam
902 3013 1163 3081 pertinet,
1200 3029 1494 3069 commune
1536 3025 1801 3070 creatura:
1856 3031 1982 3069 cum
2008 3015 2218 3071 factore

628 3110 792 3171 atque
814 3102 1045 3157 Domino
1069 3101 1212 3156 nihil
1234 3109 1337 3157 est.
1361 3102 1776 3158 Meminerimus
1809 3112 1994 3158 autem
2013 3102 2219 3159 dixisse

2306 1913 2661 1983 ,μυρεψικόνο
2713 1915 3161 1987 ἔργονμυρεψοῦ
3194 1917 3565 1988 μεμιγμένον,
3621 1919 3811 1992 καθαρὸν,

2319 2005 2479 2075 ἔργον
2513 2005 2686 2074 ἅγιον.
2728 2007 2841 2062 Καὶ
2873 2008 3169 2077 συγκόψεις
3206 2010 3272 2062 ὲκ
3304 2007 3510 2062 τούτων
3538 2010 3728 2074 λεπτῶς,
3749 2014 3811 2065 ω

2317 2097 2504 2170 θήσεις
2557 2098 2835 2154 ἀπέναντι.
2884 2099 2983 2153 τοῦ
3034 2100 3341 2171 μαρτυρίου
3392 2100 3451 2154 ὲν
3486 2103 3551 2171 τῇ
3586 2105 3724 2173 σκηνῇ
3746 2104 3809 2157 τοῦ

2322 2188 2622 2260 μαρτυρίου
2648 2230 2665 2255 ,
2712 2189 2835 2243 ὅθεν
2870 2189 3257 2261 γνωσθήσομαί
3312 2207 3401 2244 σοι
3450 2189 3660 2244 ἐκεῖθεν.
3684 2192 3811 2259 ’Δγιον

2316 2280 2425 2332 τῶν
2456 2281 2630 2349 ἁγίων
2658 2280 2813 2334 ἔσται
2851 2281 2980 2351 ὑμῖν
3009 2281 3281 2352 θυμίαμα.
3318 2282 3480 2335 Κατά
3505 2282 3595 2354 τὴν
3638 2283 3813 2336 σύνθεσιν

2316 2369 2521 2441 ταύτην
2552 2371 2615 2425 οὐ
2644 2371 3001 2442 ποιηθήσεται
3034 2373 3162 2443 ὑμῖν
3180 2373 3416 2436 ἑαυτοῖς.
3454 2372 3811 2443 ’Δγίασμαέστει

2319 2462 2447 2532 ὑμῖν
2477 2462 2687 2534 Κυρίῳ.
2721 2464 2818 2526 Ὃς
2855 2462 2922 2517 ἂν
2951 2465 3153 2535 ποιήσῃ
3178 2463 3477 2527 ὡσαύτως,
3503 2463 3631 2516 ὥστε
3649 2466 3812 2535 ὀσφραί-

2318 2554 2505 2609 νεσθαι
2561 2556 2620 2608 ὲν
2681 2554 2853 2626 αὐτῷ,
2897 2555 3181 2608 ἀπολεῖται
3230 2557 3298 2609 ἐκ
3333 2556 3431 2609 τοῦ
3477 2555 3595 2608 λαοῦ
3628 2556 3807 2608 animi:

2329 2646 2649 2715 Ὑποφαίνει
2692 2646 2752 2700 δὲ
2787 2645 2949 2701 πάλιν
2982 2648 3114 2718 ἡμῖν
3147 2649 3176 2700 ὁ
3206 2649 3300 2700 ἐπὶ
3350 2647 3486 2717 τῷδε
3515 2646 3668 2714 λόγος,
3692 2647 3814 2698 and

2322 2734 2504 2797 ίδικῶς
2531 2733 2786 2805 ἐξαίρετα
2805 2734 2905 2805 τῆς
2942 2734 3171 2789 ἀπασῶν
3208 2737 3466 2788 ἐπέκεινα
3502 2733 3812 2803 (advenam:-

2318 2844 2434 2882 εστι
2466 2827 2566 2897 μὲν
2602 2826 2712 2881 τῶν
2750 2826 3141 2898 πεποιημένων
3178 2828 3359 2881 οὖδενὶ
3402 2826 3668 2889 οὑσιωδῶς,
3691 2828 3812 2879 κοινὸν

2317 2918 2375 2972 δὲ
2414 2921 2479 2990 τῇ
2516 2919 2692 2973 κτίσει
2734 2919 3016 2984 παντελῶς
3048 2921 3221 2985 οὐδὲν,
3250 2921 3393 2992 πρὸς
3419 2920 3507 2973 τὸν
3536 2920 3725 2990 ποιητὴν
3752 2922 3813 2973 καί

2318 3008 2608 3079 δεσπότην,
2660 3011 2787 3080 τόγε
2849 3006 2986 3083 ἧκον
3040 3014 3121 3077 είς
3175 3012 3335 3076 ἀξίας
3396 3010 3546 3081 λόγον
3590 3011 3669 3064 καί
3691 3009 3813 3080 rapi}:

2321 3100 2614 3175 ὑπεροχήν.
2666 3105 2864 3175 Μεμνη
2877 3104 3085 3175 σόμεθα
3121 3104 3178 3158 δὲ
3210 3105 3304 3158 καὶ
3343 3105 3405 3157 τδ
3431 3105 3753 3175 θυσιαστήριον
3776 3104 3814 3155 τὸ

629 3204 750 3255 nos,
772 3191 942 3246 altare
960 3206 1215 3257 aureum,
1244 3202 1302 3247 et
1327 3194 1507 3262 ipsum
1540 3192 1838 3263 thymiama
1868 3202 2032 3248 tenue
2054 3200 2218 3263 atque

2323 3194 2582 3264 χρυσοῦν,
2617 3196 2711 3249 καὶ
2734 3195 2867 3249 αὐτὸ
2895 3196 2952 3249 δὲ
2981 3196 3043 3249 τὸ
3075 3196 3326 3255 σύνθετον
3367 3196 3459 3248 καὶ
3486 3195 3654 3248 λεπτὸν
3675 3194 3814 3264 θυμίιο

629 3283 994 3352 compositum
1023 3280 1306 3338 Christum
1329 3300 1473 3350 esse,
1498 3295 1663 3356 atque
1686 3286 1868 3356 ipsum
1894 3286 2215 3342 Emmanuel

630 3376 790 3431 nobis
816 3386 1053 3446 utroque
1078 3376 1397 3448 signiﬁcari.
1424 3378 1621 3450 Igitur,
1653 3379 1699 3435 si
1727 3380 1797 3434 ad
1829 3379 2111 3437 Christum
2132 3396 2219 3436 re-

630 3468 807 3523 fertur
834 3470 1152 3541 thymiama,
1169 3486 1295 3526 cum
1323 3472 1527 3528 mirum
1554 3473 1612 3529 in
1626 3474 1849 3530 modum
1880 3474 2220 3531 suaviodore

631 3562 725 3626 sit,
740 3577 852 3615 non
876 3561 1143 3619 faciemus
1165 3565 1327 3620 nobis
1346 3565 1643 3637 thymiama
1666 3566 1747 3621 illi
1767 3566 1965 3632 simile;
1988 3582 2113 3621 nam
2135 3568 2219 3621 al-

634 3662 813 3708 terum
828 3662 1027 3722 praeter
1040 3656 1218 3725 ipsum
1235 3657 1566 3727 recipiemus
1581 3658 1880 3722 neminem,
1896 3658 2041 3717 sicut
2059 3658 2222 3714 nimi-

634 3758 757 3797 rum
788 3727 1035 3798 infelices
1048 3744 1223 3800 Judaei
1242 3745 1414 3801 ﬁlium
1441 3747 1769 3818 iniquitatis;
1789 3748 1826 3802 ii
1854 3764 2089 3817 namque
2114 3748 2221 3804 sibi

633 3833 1010 3903 composuisse
1031 3834 1522 3904 deprehenduntur
1541 3837 1612 3891 ad
1633 3838 2050 3893 similitudinem
2075 3839 2223 3893 illius

633 3920 849 3975 odorati
867 3930 1033 3991 atque
1053 3922 1240 3977 eximii
1271 3922 1639 3994 thymiamatis
1684 3925 1831 3993 quod
1851 3926 1963 3979 Deo
1982 3934 2040 3980 et
2059 3926 2222 3996 325

636 4012 781 4066 Patri
796 4012 1039 4068 dicatum
1054 4022 1158 4079 est,
1172 4016 1265 4084 qui
1285 4015 1511 4069 odorem
1525 4016 1738 4071 notitia:
1750 4031 1865 4071 sua:
1878 4016 2039 4072 nobis
2052 4018 2224 4072 mani-

634 4103 856 4158 festavit
879 4104 936 4159 in
958 4106 1118 4171 Filio,
1140 4122 1240 4176 per
1258 4122 1425 4176 quem
1447 4122 1548 4163 nos
1574 4124 1792 4178 quoque
1817 4110 1959 4165 bene
1977 4110 2219 4176 olemus;

635 4212 747 4251 non
783 4198 940 4267 quasi
970 4199 1130 4253 nobis
1158 4199 1455 4270 thymiama
1485 4201 1621 4255 illud
1658 4210 1823 4257 tenue
1847 4202 2223 4272 composueri-

636 4304 779 4352 mus,
824 4289 921 4345 sed
965 4299 1227 4361 tanquam
1276 4292 1426 4346 illius
1454 4293 1770 4364 participes,
1803 4308 1928 4349 cum
1968 4304 2025 4349 et
2052 4296 2223 4366 gratia

637 4381 812 4435 sancti
838 4379 1079 4450 Spiritus
1101 4383 1252 4436 uncti
1278 4383 1473 4449 simus,
1496 4393 1676 4454 etper
1702 4385 2072 4441 Christianam
2094 4401 2225 4441 con-

635 4472 1003 4526 versationem
1030 4475 1404 4530 commendari
1432 4476 1771 4532 Studeamus.

712 4648 910 4704 PALI..
954 4650 1058 4704 Per
1108 4653 1291 4707 omnia
1321 4653 1489 4723 igitur
1514 4670 1582 4710 ea
1613 4672 1735 4725 quae
1774 4657 1831 4711 in
1869 4658 2222 4715 tabernaculo

641 4750 821 4804 erant,
861 4741 1066 4796 Christi
1102 4743 1281 4809 nobis,
1313 4754 1375 4799 ut
1408 4745 1646 4813 videtur,
1678 4749 1995 4820 mysterium
2026 4751 2220 4805 adum-

644 4832 859 4887 bratur.

712 4924 869 4981 CYR.
906 4925 1179 4982 Praeterea
1223 4928 1594 4996 admirabere,
1638 4933 1683 4987 si
1724 4933 1987 4990 didiceris
2051 4934 2220 4991 etiam

644 5017 793 5087 ipsos
828 5016 1055 5085 opiﬁces
1086 5018 1423 5073 tabernaculi
1462 5020 1519 5074 in
1554 5037 1613 5077 se
1637 5023 1769 5093 ipsis
1796 5023 1999 5080 Christi
2027 5025 2219 5095 imagi-

643 5123 770 5161 nem
808 5107 1035 5162 referre.

715 5197 913 5251 PALL.
953 5197 1240 5264 Quomodo
1267 5200 1523 5256 tandem?
1550 5218 1675 5257 nam
1710 5203 1856 5259 istud
1881 5206 2104 5276 quidem
2130 5222 2223 5261 ex-

647 5290 889 5359 cogitare
922 5306 1157 5361 nequeo.

717 5377 875 5433 CYB.
919 5380 1195 5451 Scriptum
1223 5391 1309 5439 est
1341 5386 1541 5443 iterum
1571 5404 1583 5441 :
1619 5407 1638 5439 ι
1668 5389 1737 5445 Et
1758 5389 1975 5444 locutus
2002 5399 2088 5446 est
2117 5392 2225 5445 Do-

2322 3302 2401 3357 μα
2440 3288 2676 3359 Χριστὸν
2709 3288 3017 3360 εἰρηκότες,
3066 3288 3159 3344 καὶ
3198 3288 3364 3342 αὐτὸν
3392 3290 3521 3359 ἡμῖν
3553 3287 3634 3342 τὸν
3668 3285 3815 3356 Ἐμμε-

2322 3377 2484 3447 νουὴλ
2532 3376 2599 3430 δι’
2641 3378 2845 3448 ἀμφοῖν
2885 3378 3265 3449 σημαίνεσθαι.
3296 3379 3507 3433 Οὐκοῦν
3545 3379 3615 3441 είς
3648 3376 3814 3447 Χριστὸν

2320 3468 2730 3541 ἀναφερομένου
2761 3468 2856 3523 τοῦ
2887 3468 3230 3540 θυμιάματος
3260 3470 3480 3537 (εὑῶδες
3501 3469 3599 3539 γὰρ
3624 3467 3814 3538 deumt-

2319 3559 2476 3629 τως),
2499 3560 2561 3612 οὑ
2597 3561 2900 3631 ποιήσομεν
2934 3562 3147 3624 ἑαυτοῖς
3172 3560 3294 3615 κατ’
3310 3561 3445 3617 αὐτὸ
3456 3561 3520 3631 δὴ
3543 3561 3599 3613 τὸ
3616 3559 3810 3629 θυμίαμα

2323 3652 2551 3723 Ἕτερον
2584 3652 2695 3723 γάρ
2742 3654 2830 3705 ἐπ’
2866 3652 3016 3723 αὐτῷ
3066 3652 3350 3716 παντελῶς
3385 3653 3564 3706 οὐδένα

2326 3741 2485 3811 μεθα,
2540 3741 2792 3814 καθάπερ
2819 3742 3012 3813 ἀμέλει
3048 3743 3143 3796 καὶ
3174 3743 3226 3795 οἱ
3261 3742 3491 3805 τάλανες
3524 3740 3813 3802 Ἰουδαῖοι,τίν

2310 3834 2421 3902 ,τῆς
2442 3832 2672 3901 ἀνομίας
2706 3830 2844 3886 υἱόν.
2886 3834 3139 3897 Ἐαυτοῖς
3171 3832 3281 3905 γὰρ
3318 3835 3372 3887 οί
3405 3833 3584 3887 τοιοίδε
3608 3832 3813 3891 σωθέντες

2324 3922 2648 3989 ἁλώσονται,
2671 3924 2764 3977 καὶ
2799 3924 2923 3978 κατ’
2960 3925 3140 3979 ἐκεῖνο
3167 3924 3232 3997 δὴ
3269 3926 3330 3979 τὸ
3354 3926 3544 3989 εὐῶδες
3570 3924 3648 3979 καὶ
3665 3922 3813 3991 ἐξείρε-

2322 4032 2415 4068 τον
2437 4014 2655 4085 ἀληθῶς
2685 4013 2959 4085 θυμίαμα,
2986 4014 3090 4071 ¹τοῦ
3119 4014 3257 4070 Θεοῦ
3288 4017 3387 4070 καὶ
3418 4013 3629 4085 Πατρδς,
3652 4012 3726 4066 τοῦ
3749 4011 3814 4080 τήν

2326 4104 2429 4176 μὲν
2461 4104 2636 4176 ὀσμὴν
2667 4104 2769 4174 τῆς
2797 4106 3054 4173 γνώσεως
3091 4105 3258 4161 αὑτοῦ
3294 4104 3704 4176 πεφανερωκότος
3724 4103 3812 4170 ἡμῖν

2323 4197 2381 4249 ὲν
2408 4196 2488 4268 τῷ
2521 4196 2660 4268 .Υἱῷ,
2678 4197 2756 4249 δι’
2777 4191 2838 4251 οὗ
2862 4197 2956 4250 καὶ
2979 4197 3140 4268 ἡμεῖς
3168 4194 3544 4266 εὐωδιάζομεν,
3563 4194 3647 4264 οὑχ
3661 4192 3812 4252 humi;

2326 4289 2616 4353 συνθέντες
2667 4289 2732 4343 τὸ
2782 4289 3036 4360 θυμίαμα
3074 4288 3135 4342 τὸ
3181 4287 3401 4352 λεπτὸν,
3438 4287 3546 4340 ἀλλ’
3575 4285 3640 4348 ὡς
3661 4284 3812 4354 μέτοχοι

2326 4382 2419 4436 τοῦ
2446 4382 2813 4454 θυμιάματος,
2844 4383 2940 4436 καὶ
2981 4383 3047 4452 τῇ
3089 4380 3184 4433 τοῦ
3210 4379 3537 4450 Πνεύματος
3577 4377 3723 4448 χάριτι
3753 4389 3813 4425 ιω·

2254 4508 2299 4565 D
2326 4472 2767 4544 τακεχρισμένοι,
2804 4473 2900 4525 καί
2931 4471 3021 4535 διὰ
3043 4470 3142 4540 τῆς
3174 4471 3232 4523 ἐν
3259 4467 3481 4540 Χριστῷ
3504 4466 3729 4526 πολιτείας
3756 4461 3812 4515 εὖ·

2325 4564 2443 4619 δοκι
2450 4566 2571 4635 μεῖν
2609 4562 3020 4628 σπουδάζοντες.

2399 4655 2608 4713 ΠΑΛΛ.
2624 4653 2725 4708 Διά
2742 4652 2943 4717 παντὸς
2958 4648 3074 4718 οὖν,
3091 4651 3173 4716 ὼς
3185 4652 3385 4717 ἔοικεν,
3405 4649 3498 4705 τοῦ
3515 4645 3747 4718 γεγονότος
3757 4644 3811 4702 ἐν,

2325 4752 2392 4819 τῇ
2422 4746 2554 4817 ἁγίᾳ
2585 4747 2760 4818 σκηνῇ
2782 4786 2797 4811 ,
2823 4746 2886 4798 τὸ
2911 4743 3008 4798 τοῦ
3038 4744 3293 4815 Σωτῆρος
3333 4745 3464 4815 ἡμῖν
3498 4734 3811 4812 διαμορφοῦτιι

2331 4844 2647 4911 μυστήριον.

2400 4931 2564 4985 ΚΥΡ.
2592 4931 2710 4985 Καὶ
2743 4930 2882 5002 πρός
2909 4946 2975 4997 γε
3001 4928 3073 5000 δὴ
3088 4927 3265 4999 τούτῳ
3298 4926 3736 4995 καταθαυμάσειας
3752 4918 3810 4977 ἂν.

2329 5027 2377 5078 εί
2405 5024 2596 5095 μάθοις
2620 5024 2705 5077 ὅτι
2730 5022 2826 5081 καὶ
2852 5022 3009 5075 αὐτοὶ
3029 5022 3128 5091 τῆς
3150 5019 3315 5089 ἀγίας
3338 5018 3538 5090 σκηνῆς
3569 5016 3613 5069 ot
3629 5025 3813 5081 τεκνωθ-

2329 5121 2419 5189 γοὶ
2442 5117 2675 5190 Χριστὸν
2707 5115 3147 5176 διαπλάττουσιν,
3182 5114 3259 5177 ὡς
3287 5113 3345 5165 ἐν
3364 5129 3431 5182 γε
3460 5110 3628 5182 σφίσιν
3640 5104 3791 5161 am.

2401 5212 2606 5265 ΙῙΑ-ΛΛ.
2649 5209 2782 5262 Τίνα
2821 5208 2927 5277 φὴς
2955 5206 3191 5277 τρόπον;
3218 5208 3417 5259 ἐννοεῖν
3443 5203 3545 5273 γὰρ
3568 5200 3655 5254 οὐκ
3672 5196 3767 5263 ἔχων

2332 5409 2348 5452 ,ι
2397 5385 2561 5441 ΚΥΡ.
2594 5384 2910 5456 Γέγραπται
2956 5383 3065 5456 γὰρ
3093 5380 3161 5438 αὖ
3182 5400 3198 5416 ο
3236 5403 3255 5435 ι
3302 5382 3411 5437 Καὶ
3442 5380 3646 5448 ἑλάλησε
3664 5368 3814 5439 Κύριος

647 5466 834 5522 minus
869 5468 937 5522 ad
975 5469 1215 5541 Moysen,
1242 5473 1434 5529 dicens
1466 5494 1478 5529 :
1513 5477 1654 5532 Ecce
1690 5476 1880 5532 vocavi
1908 5493 1978 5533 ex
2002 5480 2220 5535 nomine

2329 5479 2723 5552 πρὸς-Μωσῆν,
2758 5476 2959 5546 λέγων’
2987 5475 3117 5530 Ἰδοὺ
3142 5475 3513 5544 ἀνακέκλημαι
3545 5469 3598 5534 ἐξ
3620 5464 3813 5531 Myl?“

650 5554 890 5611 Beseleel
926 5557 1097 5613 ﬁlium
1133 5560 1295 5630 Uriae,
1328 5563 1424 5617 ﬁlii
1459 5563 1533 5619 Or
1562 5580 1631 5619 ex
1668 5565 1819 5620 tribu
1856 5567 2017 5631 Juda,
2044 5578 2100 5624 et
2135 5586 2223 5624 re-

2316 5570 2413 5622 τδν
2447 5567 2711 5634 Βεσελεὴλ
2728 5565 2823 5625 τὸν
2848 5565 2943 5619 τοῦ
2975 5565 3173 5636 οὐρίου
3201 5565 3335 5631 υίὸν,
3364 5561 3478 5616 υίοῦ
3525 5560 3614 5624 “Op
3645 5552 3723 5622 τῆς
3746 5563 3812 5615 (ἰδ’

694 5750 739 5784 ⁸⁸
765 5751 955 5806 Matth.
1007 5770 1159 5817 mu,
1194 5754 1246 5821 8,
1284 5757 1336 5810 9.
1418 5759 1459 5789 ¹³
1510 5760 1699 5814 Matth.
1738 5778 1830 5827 vu,
1872 5765 1924 5818 6.
2007 5767 2048 5797 “
2081 5767 2251 5821 Exod.
2311 5781 2436 5829 xxx,
2494 5764 2677 5818 54—38.
