3982 6524
121 386 210 444 649

756 378 846 432 DE
885 373 1325 432 ADORATIONE
1364 372 1433 429 IN
1475 370 1745 429 SPIRITU
1788 369 1876 426 ET
1917 368 2289 426 VERITATE.
2329 399 2399 409 —
2437 368 2567 422 LIB.
2597 367 2666 423 Χ.

3230 366 3335 421 650

118 502 204 570 λῆς
246 493 424 555 Ἰούδα,
452 491 548 545 καὶ¹
574 488 849 561 ἐνέπλησα
868 489 1031 544 αὑτὸν
1063 488 1289 560 Πνεῦμα
1309 486 1450 541 θεῖον
1474 486 1664 555 σοφίας

1776 482 1908 553 plevi
1932 496 2057 540 eum
2079 483 2288 553 Spiritu
2312 482 2522 546 divino,
2542 479 2841 550 sapientiae,
2862 486 2919 533 et
2941 478 3336 551 intelligentiae,

120 592 199 647 καὶ
238 585 492 647 συνέσεως
531 582 626 636 καὶ
674 582 1004 651 ἐπιστήμης.
1051 580 1161 634 Καὶ
1205 582 1264 633 ὲν
1304 580 1475 649 παντὶ
1512 578 1661 649 ἔργῳ

117 678 412 739 διανοεῖσθαι
432 676 496 729 τὸ
523 673 767 746 χρυσίον,
794 674 889 726 καὶ
914 673 975 726 τὸ
991 672 1273 745 ἀργύριον,
1298 673 1503 725 καὶτὸν
1532 672 1663 742 χαλ-

119 776 229 840 κὸν,
260 770 349 824 καὶ
394 766 491 838 τὴν
528 765 801 827 ὑάκινθον,
842 767 940 818 καὶ
984 764 1082 834 τὴν
1118 758 1426 836 πορφύραν,
1459 764 1556 817 καὶ
1600 762 1663 815 τὸ

117 866 340 919 κόκκινον
358 858 417 912 τὸ
432 855 648 928 νηστδν,
674 856 768 909 καὶ
786 855 885 924 τὴν
909 854 1106 925 βύσσον
1126 855 1226 926 τὴν
1248 854 1661 926 κεκλωσμένην,

117 952 200 1006 καὶ
222 949 287 1002 τὰ
308 946 451 1000 λίθου
460 945 645 1014 ργικὰ,
673 944 768 997 καὶ
786 945 865 1007 είς
898 943 968 997 τὰ
987 942 1122 1014 ἔργα
1141 943 1209 997 τὰ
1239 943 1528 997 τικτονικὰ
1554 943 1663 997 τῶν

118 1044 270 1109 ξύλων
290 1037 613 1111 ἐργάζεσθαι
649 1037 790 1090 κατὰ
814 1036 991 1090 πάντα
1022 1036 1091 1089 τὰ
1120 1035 1279 1108 ἔργα.
1308 1036 1418 1089 Καὶ
1441 1034 1554 1105 ἐγὼ
1578 1036 1663 1089 δέ-

115 1136 246 1187 δωκα
269 1129 449 1191 αὐτὸν,
480 1128 573 1181 καὶ
606 1128 698 1180 τὸν
739 1126 923 1180 Ἐλιὰδ
951 1125 1046 1180 τοῦ
1089 1126 1385 1199 ’Δχισαμὰ,
1412 1129 1478 1182 ὲκ
1491 1128 1665 1200 φυλῆς

116 1223 226 1288 Adv,
250 1221 339 1274 καὶ
369 1220 530 1273 παντὶ
560 1217 766 1289 συνετῷ
797 1218 997 1291 καρδίᾳ
1053 1218 1264 1272 δέδωκα
1304 1218 1540 1284 σύνεσιν,
1568 1221 1665 1273 καὶ

117 1315 411 1383 ποιήσουσιν
452 1312 631 1366 πάντα
681 1310 783 1364 ὅσα
830 1308 1115 1376 συνέταξα.
1170 1328 1188 1361 ›
1230 1309 1423 1383 Ἀθρει
1456 1311 1520 1382 δὴ
1570 1306 1665 1365 οὖν

115 1407 245 1465 ὅπως
270 1401 589 1473 καθηγεῖται
620 1400 721 1471 μὲν
771 1401 879 1454 τῶν
914 1401 1407 1473 τεχνουργημάτων
1432 1404 1461 1456 ὁ
1500 1402 1665 1457 Βεσε-

115 1495 246 1565 λεὴλ.
290 1492 472 1546 Ἐλιὰδ
496 1493 555 1546 δὲ
576 1490 889 1565 ἐργάζεται.

176 1586 374 1640 ΠΛΛΛ.
411 1586 475 1639 Τί
508 1583 603 1641 οὖν
629 1587 788 1641 τοῦτο
810 1604 874 1656 γε
900 1604 914 1650 ;

176 1675 330 1731 ΚΥΡ.
371 1674 559 1748 [laden
595 1676 659 1747 δὴ
700 1671 825 1730 οὖν·
867 1675 1067 1741 Ἰούδας
1095 1690 1155 1731 τε
1200 1677 1294 1730 καὶ
1336 1676 1465 1742 Δὰν,
1499 1675 1667 1749 ἄμφω

117 1768 203 1839 μὲν
227 1767 284 1834 ἐξ
320 1765 535 1831 Ἰακὼϐ,
569 1766 686 1822 ἀλλ’
719 1769 749 1821 ὁ
777 1768 875 1838 μὲν
929 1768 989 1834 ἐξ
1017 1768 1304 1842 ἐλευθέρας
1340 1768 1440 1840 τῆς
1471 1770 1664 1837 Λείας,

1768 584 1825 631 et
1845 577 2107 641 scientiae,
2132 576 2201 631 ad
2242 573 2660 645 excogitandum
2694 573 2748 626 in
2778 571 2927 626 omni
2957 585 3145 640 opere,
3172 579 3228 625 et
3256 569 3342 625 fa-

1768 666 2181 723 brefaciendum
2226 675 2284 721 et
2319 666 2657 735 operandum
2699 678 2915 727 aurum,
2946 670 3002 716 et
3030 668 3341 733 argentum,

1766 765 1824 813 et
1862 772 1959 821 aes,
1989 766 2046 812 et
2083 755 2461 827 hyaeinthum,
2497 761 2553 811 et
2603 769 2923 824 purpuram,
2964 761 3020 807 et
3060 751 3343 808 coccinum

1766 857 1978 913 netum,
2011 855 2069 903 et
2108 848 2333 919 byssum
2377 853 2598 909 tortam,
2626 854 2682 900 et
2712 844 2780 898 ad
2812 844 3022 913 lapides
3053 842 3345 898 elaboran-

1768 939 1889 1002 dos,
1913 947 1970 993 et
2004 938 2073 993 ad
2118 939 2395 1009 lignorum
2431 951 2598 1006 opera
2638 934 2875 999 fabrilia,
2904 933 2973 989 ad
3006 932 3346 1004 operandum

1764 1032 1919 1102 juxta
1952 1031 2137 1086 omnia
2170 1044 2357 1100 opera.
2395 1029 2465 1085 Et
2491 1044 2593 1100 ego
2630 1028 2757 1083 dedi
2783 1026 2987 1097 ipsum,
3008 1035 3067 1081 et
3091 1026 3248 1081 Eliab
3280 1025 3345 1080 (i-

1766 1118 1903 1173 lium
1934 1118 2243 1183 Achisama,
2269 1134 2335 1174 ex
2370 1119 2518 1174 tribu
2549 1120 2696 1184 Dan;
2729 1128 2788 1174 et
2823 1118 2974 1172 omni
3006 1117 3103 1187 qui
3130 1116 3350 1186 sapiens

1767 1218 1855 1265 est
1883 1210 2069 1275 corde,
2100 1209 2229 1266 dedi
2269 1210 2628 1280 sapientiam;
2663 1217 2721 1265 et
2759 1210 2962 1266 facient
2987 1208 3170 1264 omnia
3195 1222 3349 1277 quae—

1768 1314 1986 1371 cunque
2035 1301 2271 1371 praecepi
2304 1302 2367 1354 ¹⁸.
2415 1321 2435 1353 ι
2474 1301 2865 1358 Animadverte
2905 1301 3085 1371 igitur.
3113 1313 3348 1370 praesse

1771 1392 1995 1462 quidem
2019 1392 2254 1462 Opiﬁciis
2286 1392 2548 1458 Beseleel,
2572 1394 2729 1448 Eliab
2758 1406 2891 1448 vero
2920 1406 3085 1461 opera
3112 1392 3349 1446 efﬁcere.

1843 1584 2039 1640 PALL.
2079 1584 2221 1651 Quid
2254 1601 2387 1641 vero
2418 1585 2565 1641 istud
2602 1586 2732 1641 est?

1841 1673 1999 1729 CYR.
2040 1674 2247 1731 Audies
2272 1676 2382 1746 jam
2415 1694 2428 1728 :
2459 1676 2630 1732 Iudas
2668 1682 2726 1731 et
2762 1677 2878 1732 Dan
2924 1675 3087 1731 ambo
3129 1675 3352 1746 quidem

1772 1780 1841 1819 ex
1876 1780 2077 1835 genere
2102 1766 2273 1822 Iacob
2307 1766 2493 1833 fuere;
2528 1768 2623 1822 sed
2666 1767 2759 1822 ille
2799 1767 3021 1837 quidem
3049 1782 3114 1821 ex
3149 1766 3246 1822 Lia
3282 1766 3353 1822 li—

113 1859 139 1911 ὁ
164 1857 216 1911 δὲ
262 1859 326 1910 in:
358 1856 695 1929 θεραπαίνης
720 1859 820 1929 τῆς
850 1855 1051 1929 Bal-qq.
1086 1857 1268 1923 Τύπος
1293 1853 1387 1913 οὖν
1418 1856 1529 1931 ἄρα
1573 1859 1668 1914 καὶ

1776 1857 1897 1912 bera
1934 1865 2257 1928 susceptus,
2285 1858 2377 1912 hic
2401 1874 2466 1913 ex
2494 1858 2691 1913 ancilla
2724 1857 2873 1913 Bala.
2914 1857 3158 1913 Beseleel
3187 1858 3360 1929 igitur.

112 1947 332 2020 ιναργὴς
362 1950 396 2002 ὁ
432 1948 699 2020 Βεσελεὴλ
756 1948 852 2003 τοῦ
894 1950 1196 2022 πεφηνότος
1226 1952 1357 2021 ἡμῖν
1401 1952 1467 2005 ἐκ
1499 1950 1673 2024 φυλῆς

125 2039 279 2095 Ἰούδα
302 2037 366 2091 τὸ
422 2038 568 2093 κατὰ
596 2039 774 2111 σάρκα
792 2037 1049 2109 Χριστοῦ,
1083 2038 1182 2092 καὶ
1206 2041 1271 2092 ὲκ
1296 2037 1510 2108 φύσεως
1536 2039 1672 2111 ἀληο

114 2130 208 2193 θῶς
234 2129 329 2199 τῆς
364 2128 680 2201 ἐλευθέρας,
708 2130 867 2201 δῆλον
898 2130 956 2183 δὲ
987 2130 1066 2184 ὅτι
1088 2129 1189 2200 τῆς
1214 2129 1365 2194 θείας
1386 2130 1485 2184 καὶ
1507 2132 1673 2202 ὑπερ-

111 2221 277 2293 τάτης.
317 2221 611 2292 Ἐμφήνειε
628 2222 674 2275 δ’
701 2221 768 2275 ἂν
798 2217 857 2276 εὖ
889 2222 1030 2293 μάλα
1050 2222 1145 2275 καὶ
1187 2222 1373 2277 Ἑλιάϐ
1429 2224 1577 2290 τοὺς,
1597 2223 1671 2287 ὡς

110 2315 166 2367 ὲκ
182 2312 373 2383 δούλης
430 2313 531 2383 τῆς
571 2314 944 2387 Ἰερουσαλὴμ,
991 2313 1213 2387 Χριστῷ
1267 2317 1675 2387 συνεργασαμὲ-

111 2421 219 2469 νους
242 2404 576 2468 ἀποστόλους
625 2406 720 2459 καὶ
754 2405 1175 2475 abundat-dq-
1212 2407 1348 2462 Θεοῦ
1370 2409 1478 2481 γὰρ
1519 2409 1673 2478 γεγό-

112 2514 219 2551 νασι
234 2497 484 2568 συνεργοὶ
511 2496 581 2550 τὰ
597 2500 674 2561 εἰς
692 2497 950 2553 σύστασιν
967 2498 1075 2552 τῶν
1127 2500 1297 2568 ἁγίων
1332 2500 1672 2572 Ἐκκλησιῶν

117 2588 375 2659 μονονουχὶ
401 2590 662 2642 πονοῦντι
684 2590 781 2643 καὶ
797 2591 1139 2662 τεχνωμένῳ.
1156 2592 1514 2663 Συνεκόμιζον
1529 2593 1585 2647 δὲ
1604 2593 1673 2647 τὰ

114 2676 166 2742 ἐξ
192 2678 390 2742 οἰκείας
421 2679 660 2751 σπουδῆς
687 2679 782 2734 καὶ
806 2680 1109 2745 ὶπιεικείας
1140 2683 1223 2745 είς
1249 2682 1317 2737 τὰ
1342 2686 1439 2754 τῆς
1469 2683 1672 2755 σκηνῆς

114 2770 233 2840 ἔργα
255 2769 459 2834 πάντες
488 2771 539 2824 οἱ
562 2772 771 2824 συνετοὶ
798 2774 862 2842 τῇ
897 2773 1115 2844 καρδίᾳ,
1146 2772 1254 2826 τῶν
1276 2774 1419 2827 κατὰ
1447 2776 1672 2847 καιροὺς

114 2861 425 2915 διδασκάλων
460 2861 911 2933 ἀποπληροῦντες
959 2864 1206 2928 εἰκόνας,
1242 2859 1325 2927 οἷς
1361 2867 1419 2918 ἐν
1466 2866 1669 2938 σπουδῇ

114 2952 196 3005 καὶ
218 2952 454 3023 φροντίδι
479 2952 543 3005 τὸ
573 2951 900 3023 ἐργάζεσθαι
940 2954 1008 3007 τὰ
1030 2954 1124 3007 τοῦ
1156 2954 1312 3022 Θεοῦ,
1342 2957 1435 3010 καὶ
1464 2958 1672 3028 ὅσαπερ

116 3041 173 3095 ἂν
196 3042 363 3115 τιλοίη
390 3043 535 3113 πρὸς
558 3042 751 3116 ὄνησιν
777 3045 876 3115 τῆς
913 3045 1242 3118 Ἑκκλησίας
1267 3049 1527 3121 Χριστοῦ.

177 3283 216 3314 ’⁵
252 3283 420 3339 Exod.
455 3298 602 3352 χιιι,
632 3287 749 3344 1-6.

1206 3501 1257 3507 .-
1276 3501 1413 3509 m
1425 3504 1503 3508 *Α
1512 3503 1559 3508 η.-

118 3491 1423 3521 W

1771 1947 1944 2019 ﬁgura
1983 1955 2069 2003 est
2109 1949 2338 2004 evidens
2375 1948 2603 2015 Christi,
2630 1950 2726 2020 qui
2777 1950 3081 2006 secundum
3127 1964 3350 2006 carnem

1766 2056 1838 2097 ex
1869 2041 2019 2095 tribu
2045 2040 2186 2096 Juda
2223 2042 2456 2106 exstitit,
2479 2052 2643 2111 atque
2665 2057 2729 2096 ex
2760 2048 2957 2097 natura
2984 2058 3116 2097 vere
3152 2039 3348 2109 libera,

1771 2129 2032 2184 nimirum
2074 2129 2261 2184 divina
2298 2130 2390 2185 illa
2422 2140 2587 2200 atque
2628 2145 2905 2202 suprema.
2939 2132 3097 2187 Eliab
3131 2148 3350 2203 quoque

1772 2221 1994 2275 illorum
2019 2220 2242 2291 figuram
2272 2222 2476 2290 optime
2507 2236 2619 2292 prae
2656 2233 2715 2276 se
2756 2222 2886 2287 fert,
2924 2222 3019 2293 qui
3039 2238 3107 2277 ex
3131 2224 3351 2279 Jerusa-

1772 2313 1878 2368 lem
1916 2312 2114 2367 ancilla
2150 2312 2288 2376 nati,
2322 2312 2544 2369 Christo
2579 2314 2857 2384 cooperati
2892 2323 3040 2381 sunt,
3074 2317 3352 2386 apostolos

1772 2402 1897 2457 dico
1933 2411 1993 2475 et
2034 2403 2433 2473 evangelistas;
2469 2404 2567 2459 Dei
2603 2404 2749 2459 enim
2794 2412 3181 2475 cooperatores
3227 2406 3351 2462 fue-

1772 2504 1921 2552 runt.
1957 2494 2013 2549 in
2043 2494 2441 2551 constituendis
2468 2495 2730 2551 Ecclesiis
2759 2496 3156 2567 propemodum
3194 2498 3350 2553 labo—

1773 2587 1946 2642 rantis
1998 2594 2165 2655 atque
2203 2600 2423 2656 operam
2464 2586 2666 2641 dantis.
2695 2586 3065 2644 Conferebant
3089 2590 3256 2646 etiam
3283 2602 3353 2646 ex

1771 2679 1956 2734 studio
1987 2692 2053 2733 ac
2080 2677 2355 2749 probitate
2389 2690 2586 2749 operas
2619 2678 2688 2733 ad
2728 2680 3145 2735 tabernaculum
3176 2677 3351 2736 eonﬁ-

1770 2772 2030 2827 ciendum
2074 2772 2239 2843 326
2280 2787 2492 2832 omnes,
2534 2774 2630 2844 qui
2671 2781 2831 2829 erant
2852 2774 3128 2845 sapientes
3160 2775 3348 2841 corde,

1773 2862 2378 2935 doctorum‘imaginem
2408 2873 2675 2929 tenentes,
2699 2868 2794 2936 qui
2821 2880 2923 2921 suo
2944 2866 3177 2938 quisque
3209 2875 3349 2923 tem-

1773 2964 1907 3025 pore
1953 2953 2125 3009 futuri
2172 2963 2350 3019 erant,
2397 2956 2602 3026 quique
2645 2956 2714 3011 ad
2752 2958 2848 3013 Dei
2886 2968 3071 3028 opera,
3105 2967 3157 3013 et
3195 2972 3348 3029 quae-

1774 3061 1993 3115 cunque
2038 3046 2107 3102 ad
2153 3046 2447 3103 utilitatem
2492 3047 2697 3103 Christi
2744 3049 3003 3105 Ecclesia:
3050 3051 3348 3119 pertinent.

1776 3137 2064 3193 efﬁcienda
2090 3138 2238 3194 omni
2269 3139 2453 3195 studio
2475 3154 2713 3211 curaque
2743 3140 3088 3196 incumbunt.

681 3672 1079 3801 ΠΕΡΙ
1151 3672 1491 3800 ΤΗΣ
1590 3674 1797 3799 ΕΝ
1892 3666 2771 3805 ΠΝΕΥΜΑΤΙ

1350 3919 1547 4007 ΚΑΙ
1616 3917 2113 4010 ΑΛΗΘΕΙΑ

356 4112 1762 4231 ΠΡΟΣΚΥΝΗΣΕΩΣ
1874 4113 2172 4226 ΚΑΙ
2264 4106 3105 4228 ΛΑΤΡΕΙΑΣ

1262 4328 1627 4418 ΛΟΓΟΣ.
1701 4327 2212 4419 AEKATOX

200 4685 378 4800 DE
479 4685 1405 4803 ADORATIONE
1523 4688 1703 4799 ET
1838 4687 2328 4803 CULTU
2424 4685 2573 4799 IN
2684 4682 3258 4798 SPIRITU
3372 4774 3375 4779 .

1309 4909 1475 5049 ET
1534 4922 2196 5031 VERITATE

1230 5158 1589 5249 LIBER
1691 5156 2252 5249 DECIMUS.

122 5524 251 5591 Περὶ
277 5522 401 5578 τῶν
427 5522 625 5578 αὐτῶν
649 5524 756 5588 ἔτι,
783 5524 882 5577 καὶ
913 5523 1045 5594 περὶ
1078 5522 1197 5579 τῶν
1213 5522 1284 5578 ἐν
1306 5524 1441 5595 ἁγίᾳ
1464 5526 1667 5595 σκηνῇ

1859 5525 2048 5596 327
2072 5524 2149 5579 De
2190 5525 2254 5579 iis
2278 5525 2470 5577 iterum
2499 5534 2616 5591 quae
2638 5527 2792 5573 erant
2824 5519 2879 5573 in
2908 5518 3264 5573 tabernaculo.

216 5636 334 5708 Δρά
362 5654 450 5691 σοι
477 5636 671 5707 σαφὴς,
698 5630 743 5689 ὧ
763 5634 1042 5697 Παλλάδιε,
1068 5635 1161 5689 καὶ
1185 5635 1439 5709 ἀποχρῶν
1456 5639 1484 5689 ὁ
1506 5638 1683 5706 λόγος,

128 5725 186 5780 δν
213 5729 304 5781 ἐπὶ
328 5732 394 5800 τῇ
429 5730 561 5798 ἁγία
595 5730 765 5799 σκηνῇ
796 5727 890 5780 καὶ
923 5726 1030 5781 τῶν
1057 5728 1114 5780 ἐν
1146 5726 1283 5798 αὐτῇ
1307 5729 1645 5799 πεποιήμεθα
1670 5746 1685 5794 ;

441 5917 707 5977 Parnm“
755 5920 869 5977 Gn.
918 5913 1178 5978 LXVIII.

1862 5635 2003 5691 Num
2039 5636 2203 5707 igitur
2226 5632 2517 5705 perspicua
2548 5630 2667 5695 tibi,
2696 5628 2922 5695 Palladi,
2951 5644 3014 5685 ac
3048 5629 3181 5685 satis
3208 5629 3367 5702 plena

1794 5731 2014 5785 videtur
2059 5729 2256 5797 oratio,
2317 5742 2482 5798 quam
2532 5726 2600 5781 de
2648 5726 3023 5789 tabernaculo,
3057 5723 3212 5779 etiis
3247 5738 3371 5794 quae

1798 5820 1855 5874 in
1871 5818 1965 5875 illo
1991 5828 2168 5882 erant,
2198 5816 2527 5872 habuimus?

2939 5909 3012 5973 21
