3982 6526
681 364 776 425 651
1356 398 1359 401 ‹
1698 360 1752 413 S.
1794 357 2071 415 CYRILLI
2108 358 2253 415 ALE‘.

2276 356 2581 413 mnam
2619 355 2937 412 ARCHIEP.
3775 371 3848 431 ω,

754 478 951 535 PALL.
1010 475 1302 547 PerSpieua
1349 474 1438 531 illa
1493 490 1622 531 sane
1668 476 1926 546 quidem,
1976 476 2076 531 sed
2115 483 2263 530 certe
2293 479 2326 537 Α

2293 479 2339 537 Α
2438 472 2650 525 ΠΑᾹΛ.
2713 470 2896 544 Σαφὴς
2965 470 3061 542 μὲν
3119 464 3180 525 εὖ
3235 471 3415 543 μάλα,
3468 475 3599 547 πλὴν
3656 480 3845 555 ἀποχρῶν

684 577 833 631 haud
860 575 992 630 satis
1019 576 1195 645 plena.

1094 590 1195 627 ina.
2359 563 2559 633 ἥκιστὰ
2582 579 2666 631 γε.

748 668 903 722 CYR.
941 667 1196 721 Placetne
1223 666 1390 736 igitur
1432 672 1493 717 ut
1523 662 1587 716 ad
1627 662 1681 715 id
1722 677 1915 716 rursus
1946 659 2254 724 redeamus,

2429 654 2595 711 ΚΥΡ,
2631 652 2821 705 Βούλει
2841 651 2905 723 δὴ
2926 647 3019 707 οὖν
3044 654 3131 706 ἐπ’
3157 655 3330 707 ἐκεῖνο
3359 656 3521 710 πάλιν
3544 660 3845 734 προθυμότατα

680 756 826 827 quod
866 756 963 809 tibi
1000 757 1055 810 in
1096 756 1182 820 iis,
1211 772 1332 827 quae
1364 755 1431 809 de
1467 754 1821 809 tabernaculo
1853 761 2069 807 narrata
2107 760 2252 817 sunt,

2358 744 2771 815 διαστείχωμεν,
2806 743 2836 797 ὃ
2864 747 2979 809 τοῖς
3019 744 3105 798 ἐπ’
3148 744 3283 816 αὐτῇ
3322 747 3642 819 διηγήμασιν
3676 754 3843 813 mm.

679 848 869 901 deesse
900 844 1152 899 videtur?
1186 861 1311 900 nam
1356 845 1607 908 fortasse,
1637 844 1739 898 nisi
1775 844 1954 908 fallor,
1979 843 2251 897 existimas

2359 837 2519 890 πέναι
2553 836 2735 901 δοκεῖς
2759 836 2863 889 οἴει
2892 836 3003 907 γάρ
3040 853 3165 899 που,
3200 838 3341 890 κατὰ
3367 838 3432 890 τὺ
3479 841 3635 905 είκδς,
3670 862 3844 917 προωπ.

678 952 798 990 eam
836 936 1103 990 orationis
1138 946 1348 1006 partem
1384 951 1505 990 esse
1544 934 1971 1005 adjungendam,
1998 950 2105 1004 qua
2139 934 2250 1003 pla-

2361 930 2589 1000 άγεσθαι
2631 931 2742 984 δεῖν
2773 930 2865 983 τὸν
2899 930 3263 1001 σαφηνιοῦντα
3292 931 3470 1001 λόγον,
3511 934 3622 987 τίνα
3658 938 3738 1007 μὲν
3757 945 3845 1012 ἡμῖν

678 1041 809 1082 num
856 1025 950 1080 ﬁat
1007 1026 1286 1095 quomodo
1328 1025 1464 1080 illud
1513 1034 1758 1080 erectum
1804 1026 1907 1088 sit;
1946 1040 2057 1093 quo
2092 1023 2250 1078 etiam

2359 1022 2658 1092 ἐγήγερται
2700 1020 2923 1091 τρόπον,
2956 1020 3161 1091 πηνίκα
3192 1022 3250 1076 δὲ
3280 1023 3375 1075 καὶ
3426 1022 3568 1088 ὅπως
3594 1025 3656 1079 τὰ
3684 1029 3731 1080 ἑν
3751 1032 3842 1105 αὐτῇ

678 1127 947 1187 tempore,
970 1132 1145 1187 quave
1184 1117 1415 1181 ratione,
1442 1132 1562 1185 qua:
1598 1117 1654 1170 in
1701 1116 1797 1170 illo
1826 1123 2004 1179 erant,
2031 1129 2250 1184 compo-

2359 1110 2700 1165 συντέθειται
2727 1109 3080 1182 δικαιώματά
3103 1128 3165 1165 τε
3199 1112 3295 1165 καὶ
3327 1114 3513 1184 νόμοι,
3560 1117 3646 1169 καὶ
3669 1118 3843 1186 {Tum

680 1207 782 1263 sita
840 1207 991 1273 sint;
1029 1206 1096 1261 de
1136 1206 1621 1277 justiiicationibus
1653 1206 1817 1260 etiam
1858 1221 1921 1259 ac
1964 1205 2176 1275 legibus
2201 1211 2252 1259 et

1699 1206 1817 1260 tiam
1858 1221 1921 1259 ac
1964 1205 2176 1275 legibus
2201 1211 2256 1259 et
2360 1203 2495 1273 σμὸς
2522 1202 2615 1258 καὶ
2644 1203 2911 1274 ἁγιασμὸς
2949 1202 3047 1256 καὶ
3073 1203 3271 1272 κρίσις.

678 1297 937 1354 enczeniis
972 1305 1029 1351 et
1066 1296 1519 1361 sanctiﬁcatione,
1559 1312 1621 1351 ac
1658 1296 1897 1365 denique
1934 1295 2001 1349 de
2034 1295 2255 1365 judiciis

678 1404 800 1444 esse
822 1388 1074 1442 nonnihil
1104 1386 1417 1442 dicendum.

747 1478 944 1535 PALL.
988 1477 1159 1549 Igitur
1203 1477 1385 1532 denuo
1428 1476 1497 1532 de
1544 1476 1772 1547 singulis
1811 1476 2019 1531 dissere
2051 1494 2064 1531 :
2092 1477 2257 1548 328

2426 1468 2631 1521 ΠΑΛΛ.
2662 1466 2840 1538 Φράζε
2868 1465 2932 1540 δὴ
2952 1463 3045 1521 οὖν
3065 1467 3133 1522 τὰ
3158 1466 3244 1538 ἐφ’
3267 1469 3483 1539 ἑκάστῳ
3510 1470 3685 1524 πάλιν·
3715 1473 3841 1549 διανοῇ

681 1580 830 1628 recte
854 1571 999 1626 enim
1032 1570 1259 1640 cogitas.

2359 1558 2467 1630 γὰρ
2491 1557 2687 1630 ὀρθῶς.
3278 1602 3280 1605 .

749 1663 907 1718 CYR.
949 1662 1062 1731 Ego
1098 1676 1231 1715 vero
1280 1660 1478 1715 dicam.
1522 1659 1627 1715 Sed
1660 1671 1716 1716 te
1751 1661 1820 1715 ad
1861 1659 2252 1731 ignoscendum

2428 1650 2593 1704 ΚΥΡ.
2628 1648 2840 1703 Οὐκοῦν
2899 1649 3011 1721 ὲρῶ
3041 1650 3141 1721 μὲν
3162 1650 3293 1719 ἐγώ.
3319 1650 3395 1704 Σὺ
3418 1650 3475 1703 δὲ
3498 1646 3559 1705 αὖ
3593 1654 3843 1726 συγγνώμων

678 1754 894 1808 facilem
923 1768 1043 1807 esse
1075 1753 1261 1816 velim,
1289 1752 1424 1806 illud
1460 1753 1811 1823 cogitantem,
1841 1766 2110 1805 summam
2134 1766 2250 1806 esse

2357 1743 2495 1808 ἐσθ’,
2535 1742 2635 1814 τὴν
2668 1743 2903 1797 είσὰπαν
2935 1743 3257 1815 δυσχέρειαν
3296 1744 3409 1797 τῶν
3446 1743 3763 1815 θεωρημάτων
3786 1752 3842 1802 ἐν.

680 1860 867 1900 rerum
902 1843 968 1897 ad
1008 1843 1486 1913 contemplandum
1523 1843 1925 1913 propositarum
1966 1841 2252 1897 difficulta—

2289 1823 2329 1882 Β
2358 1834 2649 1906 νενοηκὼς,
2680 1834 2785 1889 κᾶν
2815 1834 2970 1889 εἵπου
2995 1852 3050 1887 τι
3102 1835 3313 1907 λέγοιμι
3334 1836 3499 1906 τυχὸν
3519 1838 3617 1890 τῶν
3641 1840 3842 1909 ἀκριϐείας

679 1945 787 1990 tem
819 1954 833 1989 :
860 1950 944 1999 ac,
972 1936 1018 1990 si
1057 1935 1190 2005 quid
1228 1935 1459 1990 fortasse
1499 1936 1710 1999 dixero,
1741 1935 1884 2005 quod
1919 1951 1948 1988 a
1974 1943 2125 1989 certa
2168 1944 2251 1989 ra!

2270 1942 2273 1951 '
2357 1928 2787 2001 ἡμαρτηκότων,
2826 1928 2923 1983 καὶ
2967 1928 3123 1997 λόγου
3156 1930 3252 1983 τοῦ
3294 1929 3507 1993 δέοντος
3543 1931 3842 2003 ὲκπεφοιτηιιό-

680 2028 828 2083 tione
859 2027 1101 2091 aberret,
1124 2036 1180 2081 et
1211 2043 1241 2081 a
1274 2037 1424 2082 recta
1447 2042 1687 2097 veraque
1715 2026 2055 2097 expositione
2080 2026 2252 2081 disce-

2358 2036 2491 2084 των,
2536 2020 2879 2089 μετάπλαττε
2924 2019 3020 2071 καὶ
3061 2018 3400 2090 μεθάρμοζε.
3438 2021 3743 2093 Συλλήτιτορα
3769 2026 3839 2095 γάρ

677 2118 790 2182 dat,
818 2118 1051 2175 emenda
1072 2128 1128 2175 et
1148 2118 1361 2189 corrige
1391 2136 1405 2170 :
1434 2124 1486 2173 te
1514 2119 1661 2173 enim
1693 2117 1900 2173 socium
1921 2117 2249 2188 adiutorem-

2154 2132 2259 2172 ειη..
2359 2127 2419 2163 σε
2451 2109 2544 2165 καὶ
2574 2109 2790 2180 ἀρωγὸν
2818 2108 2925 2162 τῶν
2956 2108 3193 2179 ἐμαυτοῦ
3235 2111 3535 2182 ποιήσομαι
3566 2111 3726 2179 λόγων.

676 2226 785 2279 que
815 2224 948 2264 mea:
972 2207 1241 2264 orationis
1266 2206 1567 2262 adhibebo.

2427 2203 2637 2259 ΠΑΛΛ.
2676 2204 2781 2258 Ἴθι
2802 2202 2923 2273 Θεῷ
2949 2203 3198 2266 πίσυνος.

748 2301 945 2358 PALL.
981 2302 1172 2373 Perge,
1204 2301 1301 2356 Dei
1332 2301 1539 2356 auxilio
1569 2300 1760 2355 fretus.

2427 2297 2590 2351 ΚΥΡ.
2640 2296 3191 2369 Συμπεπερασμένων
3240 2296 3304 2369 δὴ
3364 2292 3458 2350 οὖν
3513 2294 3567 2350 εὖ
3617 2298 3731 2367 μάλα
3771 2301 3838 2353 τῶν

744 2393 903 2450 CYR.
941 2392 1243 2463 Completis
1292 2392 1459 2464 igitur
1500 2392 1763 2464 operibus
1805 2391 2165 2457 tabernaculi,
2200 2399 2257 2446 et

2355 2389 2533 2461 ἔργων
2560 2390 2662 2460 τῆς
2688 2390 2850 2459 ἁγίας
2882 2389 3109 2461 σκηνῆς,
3141 2388 3235 2443 καὶ
3267 2389 3379 2460 μὴν
3433 2390 3525 2442 καὶ
3562 2391 3747 2443 ἑκάστω
3770 2393 3837 2444 ain

674 2483 926 2556 singulis,
949 2499 1070 2554 qua:
1093 2484 1147 2538 iu
1175 2499 1241 2538 eo
1266 2484 1707 2547 continebantur,
1735 2483 1800 2538 ad
1830 2484 1976 2538 illius
2008 2484 2246 2554 pulchri-

2357 2481 2415 2532 ὲν
2455 2478 2592 2550 αὐτῇ
2628 2478 2807 2547 σοφῶς
2849 2477 2944 2533 καὶ
3006 2478 3272 2549 εὐτέχνως
3309 2480 3723 2551 ὲκπεποιημένων
3753 2483 3838 2553 τρίς

674 2568 886 2627 tudinis
930 2570 988 2625 in
1034 2580 1221 2626 monte
1269 2571 1657 2627 demonstrata:
1703 2570 2121 2626 similitudinem
2171 2587 2246 2626 sa-

2354 2587 2421 2638 γε
2473 2571 2533 2624 τὸ
2598 2571 2953 2642 παραδειχθὲν
3007 2573 3065 2624 ὲν
3122 2572 3201 2643 τῷ
3251 2572 3374 2644 ὄρει
3427 2574 3642 2637 κάλλος,
3681 2575 3835 2643 imm

673 2662 893 2733 pienter
924 2670 981 2717 et
1018 2661 1311 2718 artificiose
1332 2661 1524 2727 .factis,
1554 2663 1773 2717 locutus
1794 2672 1878 2717 est
1901 2663 2164 2717 Dominus
2186 2662 2245 2717 ad

2355 2661 2559 2732 Κύριος
2590 2662 2727 2731 πρὸς
2759 2662 2994 2732 Μωσῆν,
3032 2662 3225 2731 λέγων,
3270 2682 3288 2714 ι
3340 2663 3432 2716 Ἐν
3470 2664 3640 2735 ἡμέρᾳ
3669 2668 3743 2735 μιᾷ
3769 2684 3834 2736 tu;

674 2755 917 2827 Moysen,
947 2754 1139 2810 dicens
1172 2772 1184 2807 :
1220 2774 1237 2807 ι
1270 2754 1327 2809 In
1361 2754 1451 2810 die
1488 2770 1593 2809 una
1621 2754 1827 2809 mensis
1852 2754 2015 2824 primi
2042 2754 2246 2808 novilu-

2355 2752 2444 2815 νὸς
2469 2752 2562 2804 τοῦ
2590 2750 2805 2821 πρώτου
2830 2790 2845 2815 ,
2890 2754 3172 2825 νεομηνία,
3222 2756 3447 2825 σιτήσεις
3472 2757 3565 2826 τὴν
3602 2760 3761 2827 σκηνὴν
3776 2758 3834 2809 rei

676 2846 768 2902 nio
788 2848 967 2917 eriges
990 2847 1404 2903 tabernaculum
1431 2846 1732 2902 testimonii
1758 2847 1821 2899 “.
1856 2865 1873 2897 ι
1909 2846 1978 2899 Et
2000 2854 2122 2916 post
2150 2845 2248 2899 alia

2359 2843 2682 2916 μαρτυρίου.
2742 2862 2760 2895 ι
2786 2843 2898 2898 Καὶ
2943 2844 3058 2914 μεθ’
3082 2846 3247 2915 ἕτερα
3272 2846 3465 2898 πάλιν·
3500 2863 3519 2895 ι
3552 2847 3649 2898 Καὶ
3665 2847 3833 2914 ἐγένετο.

674 2953 864 2996 rursus
890 2956 903 2992 :
940 2957 958 2991 ι
984 2939 1051 2994 Ει
1073 2938 1275 2994 factum
1300 2947 1405 3002 est,
1430 2958 1446 2990 ι
1480 2939 1678 3010 inquit,
1711 2958 1731 2989 ι
1759 2938 1814 2994 in
1839 2954 2026 2994 mense
2051 2939 2246 3009 primo,

2356 2937 2542 3008 φησὶν,
2603 2939 2660 2991 ὲν
2702 2936 2777 3007 τῷ
2831 2937 2962 3006 μηνὶ
3022 2934 3100 3006 τῷ
3149 2936 3385 3008 πρώτῳ,
3436 2937 3515 3009 τῷ
3554 2939 3745 3007 δευτέρῳ
3765 2938 3833 2989 ἔτει

672 3029 917 3086 secundo
957 3044 1122 3094 anno,
1148 3038 1501 3100 posteaquam
1528 3031 1736 3101 egressi
1764 3039 1978 3088 suntex
1997 3030 2244 3103 Egypto,

2355 3029 2801 3102 ἐκπορευομένων
2822 3029 3001 3084 αὐτῶν
3028 3028 3088 3093 ἐξ
3103 3030 3141 3083 Α
3153 3028 3384 3097 ίγύπτου
3401 3028 3681 3100 νεομηνίας,
3701 3028 3832 3097 ἐστάθη

673 3120 955 3176 novilunio
1010 3130 1256 3176 erectum
1311 3129 1396 3176 est
1458 3122 1874 3177 tabernaculum
1921 3140 1933 3176 :
1982 3133 2039 3179 et
2076 3123 2245 3179 erexit

2280 3168 2322 3225 ϐ
2356 3124 2390 3193 ἡ
2422 3123 2618 3195 σκηνὴ,
2644 3123 2740 3175 καὶ
2762 3122 2958 3193 ἔστησε
2983 3124 3189 3193 Μωσῆς
3217 3121 3316 3193 τὴν
3353 3123 3572 3192 σκηνήν·
3602 3140 3618 3173 ³
3655 3122 3834 3192 Ἕτῆτίίν

670 3214 886 3284 Moyses
926 3213 1344 3270 tabernaculum
1378 3214 1438 3267 ³⁷.
1484 3233 1501 3265 ι
1543 3214 1800 3269 Erectum
1838 3225 1923 3271 est
1962 3216 2129 3286 igitur
2162 3232 2242 3272 ve-

2282 3210 2322 3225 "
2361 3232 2453 3268 ται
2490 3216 2588 3285 μὲν
2617 3210 2710 3268 οὖν
2735 3257 2749 3280 ,
2783 3214 2925 3269 κατὰ
2957 3215 3020 3268 τὸ
3057 3214 3177 3285 Θεῷ
3203 3213 3423 3278 δοκοῦν,
3456 3214 3488 3284 ἡ
3518 3213 3694 3284 ἀρχαία
3721 3213 3833 3281 σκηνὴ

669 3316 760 3361 tus
791 3306 927 3361 illud
968 3306 1385 3361 tabernaculum
1425 3306 1521 3360 Dei
1556 3308 1859 3371 voluntate,
1890 3309 2035 3377 quod
2069 3309 2241 3363 Eccle-

2360 3308 2460 3377 τῆς
2482 3308 2539 3359 ὲν
2564 3307 2785 3377 Χριστῷ
2806 3307 3099 3377 νοουμένης
3132 3305 3483 3377 Ἐκκλησίας,
3505 3308 3580 3376 ἐφ’
3596 3309 3728 3377 ἑαυτῇ
3755 3309 3834 3368 τώς

669 3397 762 3451 size
801 3412 924 3468 quae
968 3396 1024 3450 in
1066 3394 1285 3451 Christo
1329 3397 1677 3467 intelligitur,
1719 3397 1773 3451 in
1815 3398 1997 3467 seipse
2055 3398 2241 3467 figuras

2244 3414 2255 3451 ι
2355 3400 2559 3463 τύπους
2588 3397 2647 3453 εὖ
2680 3401 2827 3471 μάλα
2871 3400 3419 3471 προσαναφαίνουσα.
3456 3399 3816 3469 Πολυπραγμονῶ

667 3488 874 3559 optime
919 3487 1225 3559 praeferret.
1277 3487 1383 3542 Sed
1433 3488 1889 3558 pervestigemus,
1925 3489 1971 3543 si
2012 3489 2239 3543 videtur,

2359 3509 2458 3563 μεν
2488 3492 2565 3557 δὲ,
2598 3494 2645 3545 εί
2678 3492 2843 3556 δοκεῖ,
2874 3491 2972 3555 τάς
2999 3492 3179 3555 αἰτίας
3202 3490 3295 3544 τοῦ
3319 3492 3411 3545 διὰ
3440 3492 3659 3555 Μωσέως
3678 3491 3832 3560 ἐγηγέρ-

657 3580 868 3651 -quibus
895 3579 963 3633 de
993 3579 1175 3633 causis
1202 3594 1299 3648 per
1325 3578 1542 3650 Moysen
1574 3579 1759 3648 potius
1788 3588 2034 3634 erectum
2061 3580 2149 3635 sit.
2177 3580 2229 3635 A4

2356 3584 2445 3638 θαι
2481 3583 2680 3655 μᾶλλον
2708 3584 2878 3655 αὐτὴν
2898 3626 2912 3649 ,
2959 3584 3320 3655 σεσιγημένου
3355 3584 3492 3655 πρὸς
3516 3584 3573 3637 τὸ
3593 3584 3735 3655 παρὸν
3764 3584 3831 3651 ’1η-

656 3672 736 3727 -de
755 3671 885 3726 Jesu
912 3670 1024 3724 filio
1058 3670 1203 3725 Nave
1232 3670 1298 3725 ad
1330 3685 1571 3739 praesens
1598 3670 1847 3735 sileatur,
1880 3672 2130 3742 quamvis
2161 3673 2228 3727 ἱ11‹

2356 3678 2449 3731 σοῦ
2483 3678 2576 3731 τοῦ
2621 3679 2813 3748 Ναυῆ,
2883 3678 3065 3731 καίτοι.
3099 3678 3509 3747 παρεστηκότος
3539 3677 3617 3730 ἀεὶ
3654 3674 3714 3746 τῷ
3742 3692 3830 3727 τινα

665 3779 886 3836 semper
923 3764 1087 3819 beato
1113 3763 1282 3835 Moysi
1319 3772 1518 3832 praesto
1543 3764 1730 3827 fuerit,
1758 3773 1813 3817 et
1855 3781 1963 3819 una
2001 3765 2056 3818 in
2090 3780 2237 3818 mon-

2353 3769 2559 3841 αρίστῳ
2576 3771 2768 3841 Μωσῇ,
2788 3769 2880 3823 καὶ⁵
2902 3770 3447 3841 συναναθρώσκοντος
3472 3770 3565 3841 μὲν
3592 3770 3671 3822 ἐπὶ
3688 3768 3733 3821 τὸ
3752 3768 3830 3835 δρας

658 3866 777 3913 tem
805 3856 938 3913 Sina
959 3855 1363 3920 conscenderit,
1397 3864 1452 3910 et
1483 3856 1552 3910 ab
1582 3856 1761 3927 Moyse
1808 3857 2022 3927 jussum
2046 3856 2230 3910 bellun

2350 3862 2411 3915 τὸ
2439 3863 2588 3927 Σινᾶ,
2622 3862 2983 3933 πολεμοῦντος
3007 3864 3064 3917 δὲ
3099 3867 3191 3917 καὶ
3226 3864 3605 3932 ἁντεξάγοντος
3620 3860 3686 3931 τῷ
3717 3862 3829 3930 Ἀμα-

655 3947 917 4019 gesserit,
947 3954 1003 4003 et
1031 3964 1156 4003 cum
1187 3948 1411 4002 Amalec
1444 3948 1597 4017 signa
1635 3948 1947 4003 contulerit.
1985 3947 2075 4002 Sic
2102 3949 2227 4001 eni-

2350 3955 2453 4026 λὴκ
2486 3955 2574 4008 διὰ
2607 3960 2791 4027 φωνῆς
2818 3959 3079 4021 Μωσέως.
3125 3960 3268 4027 Ἔφη
3303 3961 3416 4030 γάρ
3447 3976 3543 4012 που
3570 3957 3684 4028 πρὸς
3707 3955 3828 4011 αὐτὸν.

659 4040 741 4095 illi
770 4038 906 4094 dixit
935 4058 947 4092 :
988 4058 1005 4088 ι
1036 4040 1185 4110 Elige
1210 4038 1310 4093 tibi
1333 4038 1483 4092 viros
1504 4039 1695 4103 fortes,
1718 4048 1773 4095 et
1793 4054 2049 4109 egressus
2068 4054 2231 4109 pugn:

2356 4067 2375 4100 ι
2422 4045 2698 4113 Ἐπίλεξαι
2740 4049 2951 4119 σεαυτῷ
2989 4050 3189 4123 ἄνδρας
3225 4051 3488 4115 δυνατοὺς
3510 4090 3524 4115 ,
3567 4048 3649 4103 καὶ
3670 4045 3829 4113 ἐξελθὼν

656 4143 785 4183 cum
824 4126 1047 4183 Amalec
1077 4142 1199 4182 cras
1226 4127 1288 4179 ιδ.
1323 4146 1340 4178 ι
1374 4126 1442 4181 Ει
1464 4141 1789 4197 congressus
1830 4136 1935 4190 est,
1989 4136 2058 4180 ac
2088 4125 2221 4180 vicit

2351 4138 2659 4209 παράταξαι
2706 4139 2783 4209 τῷ
2819 4140 3064 4210 Ἀμαλὴκ
3102 4139 3308 4210 αὔριον.
3354 4160 3373 4193 ι
3415 4142 3520 4195 Καὶ
3546 4137 3826 4209 παρετάξατ’).

653 4221 917 4289 Quanam
948 4222 1019 4276 sit
1046 4220 1213 4292 igitur
1239 4220 1403 4291 hujus
1431 4219 1511 4274 rei
1546 4220 1709 4285 ratio,
1738 4236 1921 4275 nonne
1946 4220 2225 4290 exquiren-

2346 4232 2438 4283 καὶ
2468 4230 2741 4298 νενίκηκε.
2794 4232 2891 4294 Τίς
2929 4228 3021 4285 οὖν
3058 4234 3166 4303 ἄρα
3217 4233 3369 4287 ἐστὶν
3404 4235 3433 4287 ὁ
3462 4231 3603 4286 τοῦδε
3637 4226 3825 4297 λόγος,ιῦ

657 4315 789 4369 dum
818 4315 1014 4385 putas?

2344 4320 2653 4390 δοκιμάζειν
2681 4320 2864 4387 ἄξιονς

725 4406 925 4463 PALL.
964 4406 1195 4461 Maxime
1229 4421 1379 4464 vero.

2416 4414 2628 4467 ΠΛΛΛ.
2672 4413 2821 4466 Πάνυ
2856 4413 2954 4483 μὲν
2988 4408 3100 4467 οὖν.

723 4498 881 4554 CYR.
921 4498 979 4553 Si
1028 4499 1195 4569 igitur
1239 4499 1295 4553 in
1340 4515 1669 4570 unaquaque
1703 4514 1764 4554 re
1798 4510 1951 4571 gesta
1994 4506 2239 4577 mysterii
2272 4499 2295 4554 Ι

2272 4499 2317 4554 Β
2415 4500 2578 4553 ΚΥΡ.
2609 4500 2816 4554 Οὐκοῦν
2854 4502 2937 4568 ἐφ’
2968 4501 3186 4571 ἑκάστῳ
3224 4502 3333 4554 τῶν
3375 4502 3649 4573 δρωμένων
3676 4500 3742 4552 τὸν
3767 4495 3822 4548 τε]

652 4590 927 4644 rationem
973 4590 1098 4659 quis
1139 4590 1292 4655 velit,
1330 4590 1511 4661 quoad
1556 4590 1674 4646 fieri
1720 4594 1945 4662 poterit,
1980 4605 2224 4653 accurate

2351 4593 2655 4663 μυστηρίου
2687 4592 2843 4659 λόγον
2873 4594 3031 4663 εἴπερ
3058 4592 3231 4646 Elei-:6
3256 4610 3339 4657 τις
3366 4592 3663 4665 ἐξακριϐοῦν
3688 4589 3822 4653 digit.

653 4690 913 4746 tractare,
949 4680 1365 4750 obstupefactus
1407 4680 1595 4736 dicet:
1634 4701 1651 4734 ι
1682 4681 1725 4738 0
1752 4683 1985 4739 altitudo
2019 4685 2225 4743 divitia-

2343 4681 2735 4753 κατατεθηπὼς
2767 4684 2883 4754 ἐρεῖ
2930 4684 3018 4748 τὸ,
3058 4703 3075 4733 ι
3121 4680 3193 4737 Ὠ
3224 4684 3388 4754 βάθος
3444 4685 3655 4739 πλούτου
3678 4683 3824 4735 καίτοι

649 4784 774 4823 rum
815 4777 873 4823 et
918 4769 1201 4839 sapientiae
1246 4779 1302 4823 et
1350 4770 1593 4825 scientia:
1620 4771 1715 4826 Dci
1747 4772 1817 4826 "l
1857 4794 1874 4825 ι
1918 4775 2055 4829 Vide
2086 4778 2221 4832 enim

2342 4776 2469 4844 φίας
2508 4775 2603 4829 καὶ
2636 4772 2892 4843 γνώσεως
2922 4774 3090 4829 Θεοῦί
3136 4794 3152 4825 ι
3185 4776 3376 4847 Ἀθρει
3405 4776 3509 4846 γὰρ
3546 4775 3672 4837 ὅπως
3693 4769 3823 4829 λεπτός

646 4877 812 4931 quam
854 4862 1078 4917 subtilis
1128 4871 1183 4917 et
1214 4878 1378 4932 quam
1420 4864 1571 4919 utilis
1609 4865 1679 4919 sit
1716 4866 1775 4920 in
1816 4884 2142 4939 unaquaque
2172 4887 2218 4926 re

2339 4885 2399 4922 τε
2433 4868 2528 4921 καὶ
2571 4868 2868 4935 ἀναγκαῖος
2895 4868 2922 4918 ὁ
2952 4868 3038 4934 ἐφ’
3068 4867 3282 4936 ἑκάστῳ
3304 4865 3430 4929 νοῦς
3452 4880 3465 4894 ⁸
3496 4863 3733 4918 ἁναθέοντε
3764 4859 3822 4925 μὲν

646 4967 843 5008 sensus
873 4972 884 5007 :
924 4970 1071 5017 nam,
1103 4956 1436 5011 ascendente
1471 4957 1527 5011 in
1565 4969 1806 5014 montem
1841 4960 2002 5017 beato
2028 4963 2218 5036 Moyse.

2339 4962 2449 5033 γὰρ
2476 4962 2555 5023 είς
2580 4961 2640 5013 τὸ
2672 4961 2797 5031 ὅρος
2827 4960 2904 5031 τῷ
2934 4960 3205 5028 θεσπεσίῳ
3233 4959 3435 5028 Μωσῇ,
3464 4955 3726 5010 συνάνεισιν
3760 4948 3823 5011 'lr;

646 5043 811 5098 simul
855 5045 1106 5099 ascendit
1148 5045 1348 5100 Jesus:
1382 5061 1563 5115 neque
1608 5047 1755 5102 enim
1794 5051 1955 5106 aliter
1990 5054 2126 5108 adiri
2165 5056 2218 5109 ac

2342 5052 2490 5116 σοῦς.
2519 5052 2578 5105 οὐ
2610 5052 2717 5125 γὰρ
2741 5051 2995 5123 προσιτδς
3017 5050 3257 5121 ἐτέρωςὸ
3280 5050 3493 5119 Πατὴρ,
3511 5049 3555 5100 εί
3582 5044 3645 5115 μὴ
3658 5037 3822 5095 δι’]’ξοίη

644 5135 864 5191 Patrem
913 5144 1093 5206 potest
1140 5136 1246 5190 nisi
1288 5151 1388 5205 per
1424 5136 1622 5191 Filium
1664 5156 1835 5196 :vere
1870 5143 2015 5197 enim
2054 5145 2216 5201 dicit;

2335 5145 2446 5198 Καὶ
2478 5146 2587 5215 γάρ
2625 5146 2774 5197 ἐστιν
2799 5142 3015 5212 ἀληθὲς,
3062 5144 3111 5195 εί
3168 5142 3398 5208 λέγοιτο·
3418 5158 3436 5191 ι
3463 5137 3633 5198 Οὐδείς
3666 5134 3820 5203 ἔρχεται

652 5244 672 5276 ι
703 5225 879 5282 Nemo
904 5228 1055 5283 venit
1077 5228 1144 5283 ad
1172 5229 1387 5283 Patrem
1414 5228 1518 5283 nisi
1545 5245 1643 5299 per
1668 5246 1756 5286 me
1781 5233 1846 5285 ²⁰.
1880 5254 1897 5285 ι
1933 5235 1989 5289 1η
2011 5236 2224 5293 Christo

2335 5238 2473 5309 πρὸς
2497 5237 2588 5289 τὸν
2626 5236 2864 5305 Πατέρα,
2896 5238 2944 5287 εἰ
2978 5235 3051 5304 μὴ
3073 5234 3138 5287 δι’
3163 5233 3317 5305 ἐμοῦ.
3352 5252 3369 5284 ι
3406 5233 3491 5285 Ἐν
3532 5226 3721 5301 Χριστῷ
3748 5239 3821 5274 τοι·

642 5316 815 5387 igitur
848 5318 981 5387 ipsis
1016 5334 1235 5390 quoque
1269 5320 1472 5375 sanctis
1516 5321 1652 5375 viris
1694 5332 1843 5391 patet
1882 5325 2095 5393 aditus;
2128 5345 2214 5383 ne-

2334 5330 2538 5402 γαροῦν
2573 5330 2668 5384 καὶ
2703 5330 2886 5392 αὐτοῖς
2942 5331 3052 5391 τοῖς
3082 5328 3256 5396 ἁγίοις
3294 5328 3327 5397 ἡ
3367 5324 3632 5396 οιτρὸσοδος⁸
3659 5318 3732 5371 καὶ
3756 5314 3819 5365 οὐκ

640 5417 749 5474 que
801 5406 1059 5476 cuiquam
1110 5408 1190 5463 fas
1235 5416 1323 5464 cst
1372 5409 1440 5463 ad
1492 5411 1762 5466 excelsam
1824 5414 2212 5488 sublimemqut

2333 5423 2399 5476 ἄν
2429 5440 2512 5487 τις
2537 5422 2776 5484 δύναιτο,
2800 5420 3051 5490 καθάπερ
3078 5420 3157 5482 είς
3186 5419 3331 5487 ὅρος,
3361 5416 3627 5485 ἁναπηδᾷν
3643 5414 3707 5472 είς
3727 5407 3819 5475 ῢίη·

640 5498 1159 5567 contemplationem
1199 5501 1354 5570 quasi
1394 5501 1449 5556 in
1493 5510 1736 5558 montem
1770 5508 2089 5572 ascendere,
2123 5526 2212 5565 ne-

2348 5515 2430 5580 ι.ήν
2459 5530 2579 5565 τινα
2609 5512 2704 5565 καὶ
2737 5511 3025 5581 ὑπερφερῆ
3053 5507 3305 5580 θεωρίαν,
3334 5508 3446 5561 ἁλλ’
3470 5505 3571 5559 οὐδ’
3592 5503 3664 5563 ἂν,
3693 5494 3817 5565 οἶμαι.

638 5603 745 5660 que
819 5604 953 5644 vero
1019 5592 1246 5661 propius
1312 5592 1379 5648 ad
1438 5594 1607 5649 Deum
1683 5597 1981 5663 accedere,
2056 5602 2210 5673 329

2328 5604 2411 5667 τὶς
2439 5602 2608 5673 ἀγχοῦ
2624 5603 2831 5670 γένοιτο
2854 5602 3009 5665 Θεοῦ,
3042 5599 3181 5653 κατὰ
3208 5600 3400 5671 τρόπον
3422 5596 3475 5650 δὲ
3500 5590 3710 5666 δηλονότι
3732 5603 3818 5640 συν·

710 5773 941 5831 “Exod.
967 5793 1053 5837 xc,
1084 5774 1130 5838 Ι,
1152 5774 1205 5829 ‘2.
1279 5775 1319 5807 ”
1345 5776 1476 5831 ibid.
1506 5780 1592 5841 15,
1624 5778 1703 5832 16.
1784 5778 1827 5808 ¹⁸
1861 5777 2031 5833 Exod.
2058 5796 2184 5846 xm,
2215 5782 2282 5846 9,:

1934 5777 2031 5833 .od.
2058 5796 2184 5846 mi,
2215 5782 2431 5852 flseqq.
2535 5785 2575 5815 "
2598 5784 2755 5840 Rom.
2784 5799 2856 5846 XI,
2892 5782 2976 5837 55.
3058 5784 3103 5813 ’⁸
3132 5784 3285 5838 Joan.
3332 5799 3433 5846 xw,
3458 5782 3506 5835 6,
