4140 6508
256 380 370 439 ῧῖἱὸ

1007 396 1095 454 DE
1130 401 1573 463 ADORATIONE
1612 407 1680 465 IN
1721 410 1991 470 SPIRITU
2020 416 2110 472 ET
2149 418 2516 477 VERITA'I‘E.
2560 422 2688 479 LIB.
2722 423 2787 481 Χ.

3408 438 3513 492 654

256 503 497 569 αῬείαςν
542 505 644 577 τῆς
691 509 752 562 ἐν
793 513 1066 585 πνεύματι
1107 521 1202 573 καὶ
1235 523 1493 598 ἁγιασμῷ
1526 528 1799 595 πολιτείας

262 592 339 624 ηδ
376 595 495 624 ιη’..ιὶ
534 599 785 624 -....ι..-,-
815 621 865 624 _,
948 606 960 623 9
1015 608 1039 621 κ
1157 610 1183 621 -
1231 614 1288 624 ..-
1516 619 1560 624 --
1715 623 1718 624 ,

1941 551 2009 591 eo
2048 539 2308 595 nimirum
2349 545 2751 613 conjunctionis
2798 548 2976 613 modo.
3011 552 3104 621 qui
3143 554 3197 607 in
3237 556 3430 624 spiritu
3458 569 3514 614 et

258 592 339 662 μὴ
375 595 499 665 οὐχὶ
533 599 786 666 συνόντος
812 621 870 657 τε
900 606 1049 679 αύτῷ
1090 610 1185 664 τοῦ

253 682 570 753 ἀνθρώποις
598 688 865 759 ἀνέφικτα
919 696 1126 770 βάσιμα
1148 682 1384 771 τιθέντος
1412 709 1505 762 καὶ
1532 682 1835 783 inﬁxam.

252 773 370 826 Καὶ
408 775 589 841 τοῦτο,
620 776 792 852 οἶμαι,
850 787 966 841 ἐστὶ
998 790 1058 843 τὸ
1086 791 1173 845 διὰ
1216 798 1398 868 φωνῆς
1434 773 1837 875 Ἡσαΐου-εἰρη-

253 864 443 933 μένον,
482 888 501 921 ι
538 871 695 926 Πᾶσα
721 878 939 948 φάραγξ
968 864 1419 958 πληρωθήσεται,
1451 894 1546 947 καὶ
1573 896 1680 948 πᾶν
1712 864 1838 968 δυρος

252 956 352 1007 καὶ
403 957 591 1027 βουνὸς
634 970 1135 1040 ταπεινωθήσεται,
1172 979 1267 1031 κα)⁸
1316 983 1497 1035 πάντα
1544 984 1614 1039 τὰ
1649 986 1837 1042 σκολιὰ

250 1045 411 1101 ἔσται
447 1053 527 1115 είς
559 1055 773 1111 εύθεῖαν
793 1100 807 1121 ,
846 1063 939 1116 καὶ
964 1066 1019 1117 αἱ
1053 1073 1300 1138 τραχεῖαι
1324 1074 1404 1135 είς
1429 1074 1583 1139 ὁδοὺς
1605 1076 1773 1141 λείας.
1810 1097 1829 1131 ι

262 1138 357 1193 Ἐν
382 1142 603 1215 Χριστῷ
630 1148 738 1220 γὰρ
769 1151 900 1221 ἡμῖν
934 1156 1027 1208 καὶ
1059 1158 1127 1211 τὰ
1149 1160 1352 1232 ἀνάντη
1387 1163 1526 1230 λεῖα,
1561 1138 1655 1220 καὶ
1678 1138 1834 1237 βάσι-

250 1246 357 1330 μον
393 1234 456 1285 τὸ
486 1238 688 1306 τραχύ·
740 1242 879 1309 ψιλά
910 1244 967 1298 δὲ
1003 1248 1086 1301 καὶ
1128 1248 1328 1318 ὕπτια,
1374 1255 1441 1308 τὰ
1468 1234 1831 1330 δυσπόρευτα.

247 1316 365 1370 Καὶ
394 1320 526 1392 γὰρ,
559 1324 635 1388 ὡς
675 1328 837 1393 αὑτός
884 1350 987 1386 που
1031 1337 1191 1391 πάλιν
1229 1316 1391 1412 φησὶν
1435 1347 1465 1397 6
1512 1316 1829 1421 προφήτης,

250 1425 273 1457 σ
320 1408 472 1475 Ὁδὸς
502 1414 743 1471 εὐσεϐῶν
764 1421 944 1477 εὑθεῖα
972 1426 1205 1496 ἐγένετο,
1223 1408 1316 1486 καλ.
1341 1408 1830 1510 παρεσκευασμένη

242 1500 279 1569 ἡ
308 1500 428 1565 ὁδὸς
453 1504 560 1557 τῶν
587 1508 847 1568 εὐσεϐῶν.
893 1533 910 1565 ι
947 1518 1155 1573 Οὐκοῦν
1188 1525 1501 1593 ἀναγκαίως
1530 1530 1830 1585 συνάνεισιν

255 1591 473 1661 Ἰησοῦς
492 1595 570 1668 τῷ
598 1596 871 1674 θεσπεσίῳ
893 1597 1087 1679 Μωσῇ.
1124 1591 1389 1683 Προσιτὸς
1416 1618 1548 1690 γὰρ,
1574 1619 1648 1684 ὡς
1672 1621 1827 1692 ἔφην,

240 1681 273 1733 6
302 1683 495 1756 Πατὴρ
540 1686 608 1740 δι’
637 1689 787 1757 Υἱοῦ,
819 1695 912 1747 καὶ
940 1696 1100 1763 αὑτός
1143 1681 1289 1756 ἐστιν
1333 1708 1361 1759 6
1406 1681 1656 1781 μεσίτης,

242 1778 439 1833 ἀπτων
462 1785 611 1854 ἡμᾶς
639 1786 705 1840 δι’
738 1789 952 1859 ἑαυτοῦ,
987 1796 1080 1849 καὶ
1106 1799 1163 1850 ὲν
1191 1802 1301 1864 τοῖς
1333 1802 1474 1875 ὑπὲρ
1492 1778 1657 1874 φύσιν
1683 1806 1829 1877 ὑψώ-

242 1886 423 1938 μασιν
458 1874 825 1947 ἀνακομίζων.
876 1883 1255 1955 Παρετέτακτο
1286 1891 1342 1944 δὲ
1383 1894 1479 1948 σὺν
1507 1874 1827 1962 ἀπολῶιτοις
1860 1879 1899 1935 Β

238 1959 500 2031 ἀνδράσι,
529 1966 622 2017 καί
652 1967 807 2021 ἐνίκα
840 1971 930 2024 τὸν
965 1974 1232 2048 Ἀμαλήκ.
1278 1979 1691 2054 Ἐπιλεξάμενος
1716 1959 1824 2059 γὰρ

236 2050 373 2115 τοὺς
399 2053 588 2123 ἀγίους
620 2058 649 2109 6
685 2060 940 2131 Χριστὸς,
976 2059 1049 2119 ὧν
1075 2069 1297 2142 ἀπαρχὴ
1329 2050 1611 2143 γεγόνασιν
1639 2079 1686 2130 οἱ
1710 2050 1826 2131 θεσ-

237 2142 426 2199 πὲσιοι
474 2147 748 2219 μαθηταὶ,
787 2157 1042 2228 νενίκηκε
1080 2160 1171 2213 τὸν
1217 2164 1458 2234 ἀρχηγὸν
1488 2168 1581 2221 τοῦ
1629 2168 1822 2235 αἰῶνος

237 2232 435 2286 τούτου
453 2251 466 2264 ·
488 2237 692 2309 Μωσῆς
724 2241 781 2295 δὲ
807 2245 835 2297 6
861 2248 1093 2302 κελεύων
1121 2246 1188 2323 ἦν
1207 2269 1222 2284 ’
1477 2258 1584 2331 γὰρ
1611 2260 1713 2313 ὑπὸ
1738 2232 1823 2315 v6:-

242 2339 348 2393 μον
375 2326 405 2378 6
434 2325 585 2392 Υἱὸς,
614 2333 791 2387 καίτοι
819 2338 1115 2412 νομοθέτης
1146 2344 1405 2415 ὑπάρχων
1424 2325 1498 2411 ὡς
1526 2325 1676 2413 όεός.
1712 2353 1823 2407 Καὶ

236 2415 342 2487 τῆς
391 2422 752 2489 παρατάξεως
796 2429 824 2480 6
869 2430 1062 2500 καιρὸς
1110 2435 1169 2487 οὑ
1229 2437 1347 2489 κατ’
1388 2439 1555 2511 αὑτὴν
1604 2442 1821 2515 ἐκείνην

240 2510 546 2584 ἐπράττετο
571 2516 672 2587 τὴν
700 2520 938 2591 ἡμέραν,
976 2526 1098 2578 καθ’
1121 2526 1187 2598 ἢν
1217 2530 1265 2581 οἱ
1294 2510 1536 2597 Μωσέως
1564 2510 1820 2602 γεγόνασι

236 2602 409 2669 λόγοι,
446 2606 563 2660 ἀλλ’
589 2611 670 2673 είς
694 2612 790 2683 τὴν
820 2614 1027 2687 αὔριον,
1056 2617 1198 2673 τοῦτ’
1228 2620 1395 2688 ἔστιν,
1427 2626 1506 2689 είς
1528 2627 1819 2701 ὑπέρθεσιν

239 2694 434 2765 ἐτέρου
455 2696 669 2770 καιροῦ.
692 2701 1073 2778 Προηγόρευσε
1097 2710 1203 2781 γὰρ
1229 2712 1257 2764 6
1275 2714 1437 2783 νόμος
1461 2716 1531 2769 τὰ
1558 2694 1814 2789 ἐσύμενα,

240 2786 339 2838 καὶ
375 2787 486 2842 τῶν
511 2789 606 2843 τοῦ
642 2793 895 2866 Σωτῆρος
936 2801 1377 2873 κατορθωμάτων
1408 2786 1670 2880 λαμπρὰν
1705 2811 1816 2881 ἔχει

236 2875 340 2947 τὴν
383 2879 684 2953 ἀφήγησιν,
726 2886 773 2937 εί
827 2892 997 2943 νοοῖτο
1050 2897 1452 2965 πνευματικῶς.
1511 2901 1813 2974 Ταύτῃτοι,

237 2970 495 3045 καθάπερ
530 2968 763 3046 ἐγῷμαι,
788 2981 880 3032 καὶ
912 2981 1010 3052 τὴν
1043 2984 1205 3052 ἀγίαν
1236 2989 1439 3060 σκηνὴν
1473 2968 1768 3061 ἀνέστησεν
1788 2998 1817 3048 6

235 3059 470 3137 Μωσῆς.
500 3066 655 3119 Ἐστι
692 3069 801 3141 γὰρ
840 3071 939 3124 οὑκ
979 3074 1275 3149 ἁσυντελὴς
1306 3081 1338 3151 ἡ
1364 3059 1451 3135 διά
1490 3059 1669 3154 νόμου
1684 3088 1810 3139 παί-

233 3153 421 3217 δευσις
443 3158 522 3220 είς
548 3159 648 3229 τὴν
664 3162 760 3231 τῆς
803 3163 1129 3237 Ἐκκλησίας
1158 3168 1435 3225 σύστασιν.
1468 3174 1814 3247 Παιδαγωγεῖ

233 3246 347 3316 γὰρ
373 3248 454 3311 είς
483 3250 734 3321 Χριστὸν,
761 3256 819 3319 ὃς
848 3258 995 3311 ἐστιν
1024 3261 1056 3330 ἡ
1090 3261 1298 3334 κεφαλὴ
1324 3263 1423 3334 τῆς
1466 3267 1811 3340 Ἐκκλησίας,

234 3338 334 3390 καὶ
357 3341 389 3409 ἡ
414 3342 563 3396 πᾶσα
584 3344 871 3417 σύστασιςξ,
920 3351 1110 3416 στύλος
1139 3357 1232 3409 καὶ
1258 3357 1534 3430 ἑδραίωμα
1558 3338 1661 3431 τῆς.
1683 3363 1815 3433 ἁλη-

234 3428 431 3497 θείας,
464 3435 604 3488 κατά
648 3438 706 3490 τὸ
755 3445 1160 3514 γεγραμμένον.
1216 3448 1327 3502 Καὶ
1355 3428 1488 3518 γοῦν
1540 3428 1814 3520 Ἰουδαίοις

233 3526 704 3599 προσπεφώνηκεν
732 3531 760 3585 6
790 3534 1020 3604 Χριστός
1041 3552 1054 3567 ⁸
1093 3556 1111 3589 ι
1154 3539 1216 3592 Ei
1250 3542 1563 3596 ἐπιστεύετε
1605 3546 1774 3619 Μωσῇ
1796 3586 1812 3612 ,

233 3617 555 3673 ἐπιστεύετε
584 3623 677 3675 καὶ
706 3624 772 3678 ἂν
802 3628 943 3697 ἐμοί’
978 3631 1109 3701 περὶ
1132 3632 1239 3703 γὰρ
1264 3634 1397 3705 ἐμοῦ
1424 3636 1629 3702 ἐκεῖνος
1650 3617 1815 3711 ἔγρα-

232 3710 357 3780 ψεν.
396 3728 412 3763 ι
441 3714 731 3787 Οἰκοδομεῖ
748 3722 1036 3793 τοιγαροῦν
1060 3725 1155 3777 καὶ
1177 3727 1205 3777 6
1226 3727 1452 3798 Μωσῆς,
1477 3729 1625 3783 τοῦτ’
1646 3731 1813 3798 ἔστιν,

230 3803 266 3871 ἡ
304 3801 395 3856 διὰ
441 3806 605 3875 νόμου
640 3809 941 3879 παίδευσις,
974 3814 1072 3885 τὴν
1114 3815 1441 3888 Ἐκκλησίαν
1467 3823 1730 3894 Χριστοῦ,
1753 3825 1815 3880 τὸ

231 3892 328 3943 ἐπ”
353 3894 491 3965 αὑτῇ
523 3901 824 3970 μυστήριον
845 3901 919 3965 ὼς
934 3905 992 3957 ὲν
1012 3908 1190 3969 σκιαῖς
1210 3906 1289 3960 ἔτι
1313 3911 1809 3983 προαναφαίνουσα.

234 3983 536 4056 Πρόσωπον
555 3988 612 4041 δὲ
635 3989 695 4043 τὸ
730 3992 972 4058 Μωσέως
1004 3994 1126 4063 ,ἐσθ’
1153 4000 1241 4052 ὅτε
1271 4000 1361 4054 τὸν
1380 4002 1445 4055 δι’
1463 4002 1630 4060 αὑτοῦ
1671 4021 1813 4076 παρ-

238 4074 424 4144 ίστησι
456 4076 639 4147 νόμον,
667 4081 810 4134 κατά
825 4100 887 4150 γε
907 4084 967 4137 τὸ
986 4087 1042 4139 ὲν
1072 4088 1449 4158 εὐαγγελικαῑς
1480 4074 1815 4166 παραδολσλίς

228 4165 407 4239 ὀρθῶς
423 4170 759 4240 είρημένον,ι
774 4175 991 4246 Ἔχουσι
1004 4180 1203 4235 Μωσέα
1222 4184 1312 4235 καὶ
1333 4186 1456 4250 τοὺς
1473 4191 1807 4263 προφήτας.»

302 4348 513 4401 ΠΑΛΛ.
562 4349 768 4421 Ὀρθῶς
804 4352 961 4425 ἔφης.

300 4439 472 4495 ΚΥΡ.
503 4441 569 4493 Τί
597 4442 641 4495 δ’
672 4444 736 4497 ἂν
770 4445 1015 4514 βούλοιτο
1044 4453 1427 4521 κατασημῆναι
1461 4454 1617 4507 πάλιν
1642 4451 1727 4523 τὸ,
1746 4453 1810 4514 ἓν

1231 614 1577 689 Ἐμμανουὴλ
1597 660 1611 684 ,
1642 623 1735 676 καὶ
1771 626 1817 676 τί

1939 630 2227 685 sanctitate
2256 636 2688 692 conversationis
2706 637 2962 706 edicitur,
2988 643 3094 698 nisi
3126 644 3204 699 illi
3224 648 3367 703 adsit
3386 650 3513 705 Em-

1940 722 2179 785 manuel,
2204 731 2280 786 et,
2308 740 2429 793 qua:
2452 725 2769 784 hominibus
2787 732 2959 786 ardua
2987 744 3115 789 sunt
3132 746 3188 791 et
3213 740 3508 807 inaccessa,

1939 812 2122 879 pervia
2160 814 2351 869 reddat
2379 832 2443 871 ac
2478 818 2636 886 plana
2665 838 2677 873 :
2742 822 2905 893 idque
2932 841 3053 881 esse
3086 831 3326 886 arbitror
3364 836 3511 904 quod

1936 912 2020 956 est
2052 903 2201 959 Isaiae
2225 921 2358 961 voce
2382 908 2588 964 dictum
2617 929 2627 963 :
2665 932 2683 963 ‹
2713 911 2903 970 Omnis
2924 918 3078 974 vallis
3101 903 3434 992 implebitur,
3456 937 3513 981 et

1936 996 2116 1050 omnis
2146 1013 2304 1053 mons
2339 1009 2395 1055 et
2425 1003 2580 1058 collis
2608 1005 3008 1077 humiliabitur,
3040 1022 3096 1067 et
3133 1016 3313 1071 omnia
3345 1017 3508 1087 prai'a

1935 1098 2100 1143 erunt
2138 1090 2192 1143 in
2223 1090 2450 1156 directa,
2500 1105 2558 1150 et
2593 1113 2785 1167 aspera
2832 1101 2887 1156 in
2931 1105 3047 1159 vias
3078 1106 3268 1175 planas
3292 1110 3357 1162 ¹¹.
3399 1129 3415 1161 ι
3448 1111 3508 1166 In

1933 1176 2154 1233 Christo
2175 1183 2321 1236 enim
2342 1186 2507 1240 nobis
2534 1188 2706 1244 ardua
2730 1194 2912 1248 omnia
2947 1196 3106 1264 plana
3135 1208 3283 1265 sunt,
3325 1211 3380 1256 et
3416 1218 3509 1257 as—

1933 1284 2063 1338 pera
2094 1273 2281 1340 pervia
2307 1315 2321 1338 ,
2361 1274 2539 1333 facilia
2568 1279 2695 1334 item
2727 1298 2791 1336 ac
2820 1299 3013 1352 prona,
3044 1304 3164 1357 qua:
3201 1301 3329 1346 sunt
3358 1294 3511 1349 inac-

1931 1376 2086 1417 cessa
2116 1382 2128 1417 :
2158 1375 2219 1420 ut
2250 1369 2396 1422 enim
2426 1372 2694 1440 propheta
2716 1374 2807 1430 ille
2832 1376 2974 1432 idem
2997 1381 3127 1436 alibi
3158 1383 3313 1450 dicit,
3362 1406 3379 1437 ι
3409 1389 3507 1443 Via

1931 1452 2149 1521 piorum
2183 1466 2332 1512 recta
2366 1460 2507 1517 facta
2536 1473 2623 1518 est
2655 1482 2668 1517 :
2702 1478 2891 1535 parata
2925 1482 3009 1525 est
3037 1473 3123 1527 via
3148 1475 3361 1545 piorum
3384 1480 3447 1533 “.
3480 1499 3498 1531 ι

1929 1542 2250 1601 Necessario
2277 1549 2442 1620 igitur
2483 1569 2589 1609 una
2631 1571 2756 1610 cum
2792 1558 2953 1615 beato
2982 1563 3162 1634 Moyse
3188 1571 3507 1627 conscendit

1927 1633 2117 1703 Jesus;
2152 1656 2300 1704 nam,
2348 1652 2407 1697 ut
2442 1645 2606 1700 modo
2633 1646 2766 1713 dixi,
2808 1666 2907 1719 per
2934 1633 3133 1709 Filium
3159 1657 3299 1713 adiri
3326 1671 3507 1730 potest

1928 1725 1998 1780 ad
2024 1728 2261 1795 Patrem,
2290 1743 2347 1787 et
2378 1735 2493 1804 ipse
2531 1736 2701 1793 Filius
2726 1742 2994 1799 mediator
3016 1756 3119 1812 est,
3147 1750 3240 1823 qui
3267 1725 3369 1805 nos
3406 1769 3506 1823 per

1928 1832 1986 1871 se
2012 1822 2309 1893 conjungit,
2342 1835 2398 1880 et
2425 1826 2494 1881 ad
2531 1827 2675 1883 illam
2697 1833 3111 1901 sublimitatem,
3144 1822 3264 1909 quae
3290 1854 3373 1898 est
3402 1860 3502 1898 na-

1929 1917 2051 1964 tura
2081 1914 2455 1980 excellentior,
2494 1922 2732 1975 attollit:
2775 1925 2948 1980 aciem
2972 1943 3191 1999 quoque
3229 1948 3355 1988 cum
3394 1930 3503 1991 illis

1925 2002 2141 2059 selectis
2166 2009 2509 2079 egregiisque
2534 2012 2669 2067 viris
2710 2015 2987 2083 instruxit,
3027 2029 3083 2075 et
3104 2023 3234 2077 vicit
3257 2025 3497 2082 Amalec.

1922 2091 2176 2151 Christus
2201 2099 2370 2163 enim,
2396 2116 2520 2156 cum
2547 2113 2766 2162 sanctos
2790 2109 2939 2163 viros
2960 2112 3232 2183 elegisset,
3264 2132 3501 2186 quorum

1922 2187 2176 2256 primitiae
2211 2190 2357 2247 beati
2408 2194 2486 2248 illi
2526 2195 2780 2268 discipuli
2811 2190 3055 2268 fueFunt,
3090 2206 3222 2262 vicit
3258 2208 3346 2263 ille
3374 2211 3498 2280 qui-

1922 2277 2045 2332 dem
2086 2281 2388 2353 principem
2422 2285 2585 2356 hujus
2613 2290 2827 2356 saeculi;
2872 2291 2966 2346 sed
3028 2293 3207 2366 Moyse
3240 2277 3498 2367 jubente;

1921 2367 2099 2424 factus
2121 2380 2207 2425 est
2225 2373 2372 2427 enim
2399 2374 2503 2429 sub
2529 2376 2646 2447 lege
2672 2378 3131 2451 Filius,quamvis
3157 2386 3301 2443 idem
3330 2391 3498 2462 legis-

1923 2458 2065 2513 lator
2088 2471 2253 2525 esset,
2305 2479 2414 2532 qua
2439 2465 2584 2522 Deus
2606 2478 2745 2523 erat.
2774 2470 2974 2541 Pugna:
2993 2484 3256 2543 praeterea
3287 2458 3501 2551 tempus

1920 2567 2030 2606 non
2066 2553 2183 2623 ipso
2213 2556 2300 2611 die
2328 2558 2452 2623 fuit,
2486 2574 2597 2629 quo
2619 2561 2830 2634 Moyses
2849 2565 3032 2635 jussit,
3070 2570 3163 2623 sed
3200 2573 3496 2640 postridie,

1920 2643 1975 2698 id
2010 2655 2112 2710 est,
2145 2646 2312 2703 dilata
2353 2661 2438 2705 est
2477 2651 2532 2705 in
2577 2653 2724 2708 aliud
2767 2663 2999 2727 tempus.
3043 2660 3179 2716 Nam
3202 2664 3287 2717 lex
3315 2666 3500 2723 futura

1918 2740 2340 2806 praznuntiabat,
2370 2751 2426 2797 et
2455 2743 2755 2801 Salvatoris
2783 2751 2958 2804 nostri
2993 2767 3082 2807 res
3118 2757 3377 2823 praeclare
3402 2776 3496 2829 ge-

1917 2836 2029 2884 stas
2051 2830 2336 2900 splendide
2366 2833 2727 2901 demonstrat,
2760 2838 2805 2893 si
2834 2840 3196 2909 spiritualiter
3223 2848 3494 2920 intelliga-

1918 2927 2025 2973 tur.
2060 2921 2170 2975 Hac
2210 2923 2278 2978 de
2303 2940 2488 2990 causa,
2522 2927 2625 2981 nisi
2655 2929 2833 2995 fallor,
2877 2933 3044 2986 etiam
3083 2935 3496 2996 tabernaculum

1913 3011 2090 3065 erexit
2128 3012 2356 3084 Moyses.
2399 3016 2587 3086 Neque
2621 3020 2768 3073 enim
2808 3020 2900 3074 illa
2930 3021 3065 3093 legis
3095 3024 3379 3096 disciplina
3409 3042 3496 3087 est

1913 3102 1982 3157 ad
2010 3103 2269 3161 Ecclesia:
2300 3108 2749 3165 constitutionem
2783 3112 3021 3180 inutilis;
3061 3130 3184 3170 nam
3227 3119 3294 3173 ad
3330 3120 3493 3176 Chri-

1839 3215 1882 3275 ο
1915 3201 2058 3248 stum
2086 3194 2337 3252 homines
2368 3198 2542 3265 ducit,
2573 3202 2667 3270 qui
2696 3201 2953 3257 Ecclesia:
2984 3214 3147 3274 caput
3167 3214 3270 3272 est,
3300 3217 3356 3264 et
3378 3225 3494 3264 om-

1916 3285 2004 3339 nis
2025 3286 2365 3354 constitutio,
2393 3295 2449 3344 et
2477 3291 2733 3345 columna
2760 3303 2816 3348 et
2856 3292 3258 3351 ﬁrmamentum
3284 3300 3490 3355 verita-

1914 3375 2004 3440 tis,
2037 3377 2179 3432 sicut
2217 3381 2482 3450 scriptum
2507 3392 2591 3437 est
2617 3383 2682 3438 ²³.
2723 3384 2960 3455 Ideoque
3000 3388 3215 3445 Iudaeos
3245 3391 3490 3463 alloque-

1913 3469 2074 3524 batur
2109 3470 2360 3529 Christus
2404 3492 2417 3526 :
2472 3493 2490 3524 ι
2530 3474 2585 3529 Si
2615 3476 2915 3533 crederetis
2956 3479 3146 3552 Moysi,
3190 3485 3491 3543 crederetis

1914 3561 2101 3630 utique
2124 3570 2181 3617 et
2203 3564 2372 3630 mihi;
2401 3564 2469 3620 de
2496 3582 2584 3621 me
2620 3569 2767 3623 enim
2796 3570 2888 3626 ille
2909 3572 3127 3642 scripsit
3147 3574 3212 3630 “.
3258 3596 3275 3628 ι
3331 3576 3490 3633 Edi-

1913 3652 2037 3707 licat
2059 3654 2223 3724 igitur
2249 3656 2480 3727 Moyses,
2513 3659 2569 3713 id
2598 3669 2702 3726 est,
2735 3661 2827 3716 illa
2867 3679 2965 3734 per
2990 3665 3161 3736 legem
3195 3668 3488 3737 institutio,

1909 3742 2113 3798 Christi
2158 3746 2492 3816 Ecclesiam,
2533 3765 2660 3805 cum
2704 3754 2823 3824 ejus
2865 3756 3190 3827 mysterium
3229 3768 3489 3832 tanquam

1909 3835 2090 3890 adhuc
2123 3838 2178 3892 in
2206 3840 2416 3896 umbris
2436 3854 2839 3912 prtemonstret.
2867 3847 3034 3918 Moysi
3062 3865 3229 3919 porro
3256 3868 3486 3920 persona

1910 3943 2301 3999 nonnunquam
2332 3933 2504 4003 legem
2533 3950 2632 4004 per
2661 3936 2838 4005 ipsum
2867 3939 3047 3994 datam
3081 3941 3344 4013 designat.
3373 3944 3488 4000 Un-

1909 4016 1979 4073 de
2008 4019 2143 4074 illud
2181 4028 2270 4074 est
2295 4032 2442 4077 recte
2474 4023 2528 4077 in
2558 4026 2887 4095 evangelicis
2920 4029 3196 4097 parabolis
3230 4030 3435 4087 dictum
3468 4048 3483 4087 :

1916 4125 1938 4160 ι
1967 4109 2183 4166 Habent
2210 4110 2428 4184 Moysen
2458 4122 2514 4169 et
2539 4114 2836 4185 prophetas
2856 4118 2921 4169 ".
2969 4136 2989 4169 ι

1978 4374 2175 4431 PALL.
2210 4378 2376 4432 Recte
2405 4376 2562 4431 dicis.

1977 4465 2135 4522 CYR.
2167 4466 2309 4533 Quid
2344 4484 2474 4523 vero
2502 4467 2606 4523 sibi
2634 4468 2769 4534 vult,
2799 4469 2945 4538 quod
2980 4486 3088 4526 uno
3109 4471 3197 4527 die
3228 4480 3284 4528 et
3324 4474 3484 4529 novi-

226 4532 418 4604 ᾑμέρᾳ
457 4535 653 4607 χρῆναι
702 4540 820 4609 μιᾷ,
856 4540 951 4593 καὶ
983 4540 1091 4613 μὴν
1133 4544 1228 4597 καὶ
1269 4542 1349 4608 τὸ,
1396 4545 1663 4620 νουμηνίᾳ
1709 4550 1804 4605 τοῦ

1915 4560 2060 4615 lunio
2096 4561 2299 4616 mensis
2330 4561 2515 4631 primi,
2543 4570 2600 4615 et
2622 4561 2865 4616 secundo
2889 4578 3033 4618 anno
3069 4564 3233 4634 330
3260 4581 3474 4621 sacrum

227 4624 400 4694 μηνὸς
447 4627 540 4679 τοῦ
594 4627 835 4700 πρώτου,
894 4632 1130 4697 καὶιτὸζ
1163 4637 1220 4687 ὲν
1268 4636 1505 4708 δευτέρῳ
1556 4638 1665 4693 ἔτει
1704 4643 1801 4709 τὴν

224 4716 392 4784 ἀγὶαν
424 4716 828 4789 διαπήγνυσθαι
863 4724 1089 4795 σκηνὴν,
1128 4726 1258 4796 φέρε
1283 4726 1346 4797 δὴ
1378 4728 1624 4798 λέγωμεν
1658 4730 1808 4801 ίχνη-

222 4808 519 4872 λατοῦντες
572 4809 632 4863 τὸ
664 4812 882 4883 ἀληθὲς,
932 4818 1024 4869 καὶ
1057 4817 1117 4869 τὸ
1149 4817 1222 4880 ῶς
1263 4818 1460 4890 ἄριστα
1499 4820 1643 4892 ἔχειν
1693 4826 1807 4886 τοῖς

220 4904 635 4974 ἐντευξομένοις
679 4906 890 4961 δοκοῦν.
937 4910 1150 4981 Ἡμέρα
1201 4911 1301 4981 μὲν
1354 4913 1461 4984 γὰρ
1494 4915 1526 4985 ἡ
1562 4915 1659 4985 μία
1715 4917 1805 4969 τὸν

223 4996 562 5051 πολύευκτον
598 4998 727 5068 ἡμῖν
784 5001 878 5053 καὶ
929 5003 1193 5074 σωτήριον
1253 5004 1540 5072 ὑποφαίνει
1592 5009 1802 5078 καιρὸν,

222 5089 351 5141 καθ’
380 5088 441 5141 ὃν
480 5089 764 5161 ἄνθρωπος
796 5091 1034 5161 γεγονὼς
1065 5096 1093 5147 ὁ
1126 5096 1455 5167 Μονογενὴς,
1482 5097 1557 5169 τῷ
1588 5098 1802 5166 θανάτῳ

220 5179 323 5247 τῆς
357 5179 493 5243 ίδίας
529 5182 733 5253 σαρκὸς
789 5186 1166 5255 κατεκτήσατο
1192 5188 1316 5250 τοὺς
1349 5189 1440 5241 ἐπὶ
1471 5190 1567 5259 τῆς
1596 5190 1699 5259 γῆς
1724 5190 1801 5260 τῷ

218 5270 344 5342 Θεῷ
380 5273 473 5325 καὶ
525 5274 722 5346 Πατρί.
772 5271 867 5340 Εἷς
908 5276 962 5329 δὲ
998 5277 1063 5347 δὴ
1091 5279 1306 5331 πάντων
1341 5282 1368 5332 ὁ
1397 5279 1548 5332 τοῦδε
1579 5282 1796 5352 καιρός*

214 5363 370 5429 ἅπαξ
400 5365 509 5434 γὰρ
557 5366 867 5432 ἀποθανὼν,
917 5370 1103 5422 οὐκέτι
1156 5370 1523 5442 ἀποθνήσκειο
1573 5372 1799 5437 θάνατος

213 5456 367 5528 αὑτῷ
418 5457 602 5512 οὑκέτι
644 5460 943 5531 κυριεύσει,
991 5462 1130 5515 κατὰ
1162 5461 1258 5525 τὰς
1294 5462 1546 5535 Γραφάςο
1597 5466 1656 5517 οὺ
1687 5464 1795 5537 γὰρ

212 5549 297 5602 ἔτι
330 5549 781 5622 προσδοκήσομεν
818 5552 959 5623 ὑπέρ
994 5571 1051 5606 τε
1075 5554 1231 5625 ἡμῶν
1263 5555 1443 5609 αὑτῶν
1485 5557 1576 5609 καὶ
1606 5556 1712 5609 τῶν
1738 5560 1795 5610 ἐν

214 5641 345 5711 ᾃιῖου
395 5642 724 5713 πνευμάτων
762 5643 1112 5714 τεθνήξεσθαι
1172 5646 1262 5700 τὸν
1323 5647 1471 5713 Υἰὸν,
1530 5646 1643 5700 ἀλλ’
1674 5648 1792 5700 οῷδὲ

1903 4651 2035 4707 illud
2060 4651 2469 4707 tabernaculum
2493 4652 2695 4723 ﬁgitur,
2714 4670 2811 4725 age
2827 4656 2937 4725 jam
2960 4656 3226 4723 dicamus,
3255 4659 3483 4714 investi-

1899 4756 2199 4810 gemusque
2246 4742 2392 4810 quod
2423 4758 2612 4797 verum
2646 4744 2736 4808 sit,
2772 4756 2827 4798 et
2854 4745 3026 4802 lector
3056 4748 3270 4817 probet.
3312 4749 3485 4818 Igitur

1899 4832 1990 4886 ille
2021 4848 2164 4887 unus
2196 4833 2315 4888 dies
2359 4842 2574 4904 tempus
2610 4835 2745 4889 illud
2771 4836 2932 4891 nobis
2958 4847 3276 4907 exoptatum
3302 4846 3359 4893 et
3391 4856 3478 4892 sa-

1900 4923 2076 4976 lutare
2104 4921 2463 4988 demonstrat,
2490 4940 2600 4994 quo
2624 4924 2712 4978 ille
2739 4926 3062 4996 Unigenitus
3087 4929 3252 4982 homo
3280 4928 3477 4989 factus,

1901 5015 2083 5069 carnis
2124 5031 2236 5069 sua:
2301 5024 2500 5081 morte,
2543 5031 2639 5071 eos
2691 5017 2784 5086 qui
2818 5017 2873 5071 in
2913 5019 3078 5072 terris
3118 5018 3480 5072 versabantur

1899 5102 2147 5157 homines
2172 5104 2282 5158 Deo
2303 5120 2367 5158 ac
2396 5105 2542 5159 Patri
2582 5106 2893 5174 acquisivit.
2929 5106 3111 5162 Unum
3146 5115 3330 5160 autem
3357 5107 3476 5176 ejus

1899 5194 1977 5246 rei
2006 5195 2165 5263 plane
2205 5204 2419 5265 tempus
2444 5196 2578 5262 fuit;
2605 5198 2771 5252 semel
2798 5213 3035 5267 namque
3065 5204 3335 5262 mortuus,
3366 5213 3476 5254 non

1896 5284 2130 5354 amplius
2156 5287 2412 5351 moritur,
2444 5304 2591 5342 mors
2621 5289 2698 5341 illi
2740 5288 2882 5343 ultra
2928 5304 3037 5343 non
3079 5288 3474 5356 dominabitur,

1897 5387 1957 5431 ut
1990 5377 2255 5447 scriptum
2292 5387 2376 5435 est
2405 5382 2484 5447 '5;
2523 5398 2703 5450 neque
2732 5382 2880 5437 enim
2920 5382 3154 5451 amplius
3189 5391 3474 5453 exspecta-

1898 5484 2039 5531 mus,
2082 5479 2141 5524 ut
2175 5487 2274 5541 pro
2302 5473 2459 5527 nobis
2492 5473 2641 5542 ipsis,
2674 5484 2728 5529 et
2757 5475 3045 5544 spiritibus
3085 5476 3179 5545 qui
3210 5476 3355 5546 apud
3386 5476 3472 5530 in-

1897 5558 2040 5614 feros
2060 5571 2208 5625 sunt,
2237 5562 2325 5618 ille
2346 5565 2441 5619 Dei
2464 5564 2633 5619 Filius
2661 5567 2926 5620 moriatur
2947 5607 2962 5631 ,
2990 5583 3168 5637 neque
3193 5576 3253 5622 ut
3280 5583 3474 5622 secun-

1897 5649 1978 5703 d:c
2010 5652 2121 5707 sint
2144 5654 2398 5722 primitiae
2424 5666 2785 5713 mortuorum.
2814 5657 2972 5725 Nam,
3016 5658 3060 5713 si
3104 5675 3254 5715 mors
3288 5660 3471 5715 futura

284 5759 324 5790 ¹¹
354 5758 454 5813 Ira.
489 5773 572 5824 τι,
598 5758 649 5814 ι.
729 5759 773 5792 ”
808 5759 1069 5826 Isa.xxvt,
1104 5759 1153 5814 7.
1231 5759 1276 5793 "
1311 5760 1328 5817 l
1358 5760 1500 5821 Tim.
1529 5778 1606 5827 ιιι,
1634 5762 1716 5817 ΔΙέ).
1794 5764 1812 5792 ³

1915 5779 2012 5818 πίω.
2039 5783 2090 5829 v,
2118 5767 2203 5822 16.
2282 5770 2326 5802 ³⁸
2344 5768 2472 5823 Luc.
2494 5788 2601 5827 xw.
2625 5772 2711 5826 29.
2791 5774 2835 5805 "
2862 5774 3019 5829 Rom.
3050 5774 3185 5839 m9.
