4140 6514
705 424 808 479 655

1724 408 1783 464 S.
1823 403 2097 462 CYRILLI
2136 401 2609 459 ALEXANDRINI
2638 402 2956 460 ARCHIEP.

3853 403 3953 459 636

699 542 848 597 nulla
885 548 989 603 est,
1028 551 1148 605 qua:
1179 532 1343 586 fuerit
1375 527 1744 585 resurrectio?
1788 526 1943 581 Licet
1987 525 2150 595 igitur
2182 539 2270 577 ve-

2383 522 2636 593 ἁπαρχὴν
2667 522 2882 575 ἔσεσθαι
2939 520 3045 575 τῶν
3096 520 3509 592 κεκοιμημένων
3557 520 3838 593 δευτέραν.
3883 522 3951 574 Οὐ

697 631 915 685 rissime
941 628 1146 689 dicere,
1174 637 1340 677 unum
1364 636 1483 676 esse
1511 620 1678 689 hujus
1704 620 1781 672 rei
1813 629 2047 687 tempus,
2073 626 2133 669 ut
2155 629 2273 669 mo-

696 723 768 777 do
810 720 943 781 dixi,
996 727 1053 771 et
1100 716 1246 769 diem
1277 727 1449 766 unum
1474 753 1487 776 ,
1530 725 1692 780 quem
1738 708 2004 779 propheta
2035 719 2273 776 quoque,

697 824 955 881 tanquam
1009 825 1077 863 ex
1135 820 1369 877 persona
1420 804 1536 868 Dei,
1574 810 1985 866 commemorat,
2039 801 2272 855 dicens:

703 925 721 957 ι
756 906 1027 972 Tempore
1051 908 1279 969 accepto
1306 895 1560 951 exaudivi
1591 906 1663 959 te,
1696 903 1752 949 et
1776 894 1830 947 in
1855 894 1942 947 die
1963 892 2152 948 salutis
2176 892 2275 947 ad-

690 998 808 1067 juvi
849 1005 899 1050 te
939 995 1005 1048 ’⁷.
1045 1013 1063 1044 ι
1100 991 1305 1047 Scribit
1343 988 1507 1043 etiam
1542 988 1737 1042 beatus
1777 986 1977 1040 Paulus
2011 1003 2023 1038 :
2073 1003 2091 1035 ι
2137 985 2276 1038 Ecce

694 1104 842 1144 nunc
864 1098 1081 1157 tempus
1101 1082 1455 1153 acceptabile,
1478 1095 1603 1135 ecce
1624 1094 1769 1133 nunc
1792 1078 1910 1133 dies
1930 1077 2122 1131 salutis
2137 1078 2182 1107 ’⁵
2208 1094 2220 1129 :
2252 1096 2268 1127 ι

696 1196 805 1251 quo
832 1180 920 1235 die
942 1179 1198 1234 Christus
1222 1192 1290 1231 ex
1318 1175 1548 1230 mortuis
1577 1172 1791 1235 revixit,
1815 1185 1879 1224 ac
1904 1171 2059 1223 triste
2084 1168 2279 1223 mortis

695 1271 970 1327 destruxit
1009 1270 1325 1339 imperium,
1370 1276 1426 1323 et
1470 1281 1593 1320 cum
1628 1262 1887 1318 Ecclesia:
1926 1276 1991 1315 ex
2022 1260 2276 1331 gentibus

696 1363 849 1416 velut
892 1359 1256 1415 aadiﬂcatores
1303 1355 1565 1426 quosdam
1612 1362 1667 1408 et
1694 1353 2010 1423 spirituales
2042 1350 2278 1405 artiﬁces

696 1463 915 1509 sanctos
948 1452 1222 1522 apostolos
1253 1448 1558 1511 constituit,
1586 1447 1815 1500 dicens:
1854 1462 1871 1495 ι
1910 1444 2118 1498 Euntes
2172 1443 2274 1496 do-

697 1556 815 1602 cete
854 1561 1045 1601 omnes
1083 1553 1291 1615 gentes,
1328 1542 1668 1612 baptizantes
1708 1552 1803 1593 eos
1832 1538 1886 1591 in
1922 1537 2142 1590 nomine
2172 1535 2275 1589 Pa-

694 1640 815 1703 tris,
837 1648 893 1692 et
916 1636 1058 1702 Filii,
1089 1645 1143 1689 et
1169 1634 1407 1706 Spiritus
1430 1632 1622 1696 sancti,
1658 1631 1918 1685 docentes
1940 1641 2036 1681 eos
2057 1639 2276 1681 servare

695 1731 880 1783 omnia
908 1744 1030 1798 quae
1085 1725 1322 1796 praecepi
1360 1723 1546 1787 vobis;
1583 1729 1643 1776 et
1680 1735 1808 1775 ecce
1851 1733 1955 1789 ego
1993 1717 2275 1770 vobiscum

695 1837 817 1877 sum
863 1820 1120 1874 omnibus
1168 1816 1365 1871 diebus
1412 1829 1587 1883 usque
1634 1811 1702 1866 ad
1745 1808 2272 1865 consummationem

2376 614 2486 685 γὰρ
2519 613 2776 682 ἐσομένου
2813 612 3066 676 Θανάτου,
3100 611 3216 675 πῶς
3245 612 3310 665 ἂν
3343 612 3551 681 γένοιτο
3572 613 3668 665 καὶ¹
3717 613 3937 665 ἀνάστασ

2378 720 2460 768 σις
2486 721 2499 768 ;
2536 706 2695 757 Ἐστι
2724 704 2905 757 τοίνυν
2935 702 2997 756 οὐ
3016 702 3381 773 ψευδοεπῆσαι
3397 702 3676 772 λέγοντας,
3710 702 3788 766 ὡς
3827 697 3947 766 sic}

2376 794 2527 850 τοῦδε
2562 796 2772 868 καιρὸς,
2805 796 3057 867 καθάπερ
3079 795 3216 867 ἔφην
3240 795 3462 865 ἀρτίως,
3503 797 3599 849 καὶ
3620 796 3803 868 ἡμέρα
3829 796 3945 864 μία,

2374 884 2440 959 ἧς
2475 887 2568 941 καὶ
2598 890 2627 941 6
2660 890 2942 960 προφήτης
2977 888 3221 960 ἐμνήσθη
3256 886 3432 953 λέγων
3464 888 3540 951 ὡς
3563 889 3629 941 ὲκ
3656 888 3943 961 προσώπου

2376 979 2533 1043 Θεοῦ,
2574 996 2593 1031 ι
2629 979 2821 1052 Καιρῷ
2857 979 3031 1051 δεκτῷ
3075 980 3356 1051 ἐπήκουσά
3404 996 3520 1043 σου,
3554 980 3648 1034 καὶ
3681 982 3741 1033 ἐν
3772 980 3943 1051 ἡμέρᾳ

2379 1072 2651 1143 σωτηρίας
2679 1071 2954 1143 ἐϐοήθησά
2980 1088 3081 1125 σοι.
3119 1091 3137 1122 ι
3174 1071 3379 1143 Γράφει
3415 1070 3471 1124 δὲ
3492 1072 3586 1125 καὶ
3616 1073 3645 1125 6
3667 1071 3941 1137 θεσπέσιος

2378 1164 2611 1228 Παῦλος,
2647 1183 2665 1217 ι
2723 1164 2853 1217 Ἰδοὺ
2885 1163 2980 1217 νῦν
3008 1163 3197 1234 καιρὸς
3236 1162 3652 1234 εὐπρόσδεκτος,
3706 1163 3816 1216 ἰδοὺ
3854 1164 3941 1219 νῦν

2376 1256 2557 1326 ἡμέρα
2588 1255 2883 1327 σωτηρίας,
2931 1274 2949 1306 ι
2991 1254 3115 1307 καθ’
3137 1253 3204 1325 ἢν
3243 1255 3307 1308 ἐκ
3341 1253 3550 1327 νεκρῶν
3586 1255 3787 1309 ἀνεϐίω
3816 1256 3928 1330 X9:-

2379 1348 2523 1411 στὸς.
2562 1348 2624 1400 τὸ
2661 1347 2884 1419 ἀμειδές
2926 1346 3021 1401 τοῦ
3072 1347 3304 1401 θανάτου
3354 1347 3664 1412 καταλύσας
3721 1350 3941 1421 κράτος,

2377 1441 2465 1493 ὅτε
2499 1441 2593 1495 καὶ
2615 1440 2719 1510 τῆς
2752 1442 2809 1507 ἐξ
2859 1438 3026 1494 ἐθνῶν
3060 1440 3383 1511 Ἐκκλησίας
3422 1442 3735 1512 οἰκοδόμους
3760 1442 3941 1515 ὥσπερ

2376 1534 2528 1596 τινας
2562 1531 2656 1586 καὶ
2689 1532 2929 1604 τεχνίτας
2993 1535 3397 1605 πνενματικοίις
3428 1534 3553 1598 τοὺς
3594 1535 3783 1603 ἁγίους
3810 1536 3943 1589 ἀπο-

2378 1624 2597 1689 στόλους
2620 1623 2873 1696 καθίστη,
2901 1623 3102 1689 λέγων,
3138 1645 3156 1677 ι
3187 1625 3548 1697 Πορευθέντες
3571 1627 3942 1697 μαθητεύσατε

2377 1717 2555 1768 πάντα
2583 1713 2651 1767 τά
2678 1712 2826 1785 ἔθνη,
2863 1714 3215 1785 βαπτίζοντες
3236 1716 3433 1779 αὐτοὺς
3457 1718 3537 1780 εἰς
3568 1718 3628 1769 τὸ
3647 1718 3819 1787 ὄνομα
3850 1718 3941 1771 τοῦ

2377 1806 2590 1877 Πατρὸς
2622 1806 2716 1859 καὶ
2759 1805 2854 1859 τοῦ
2895 1806 3025 1860 Υίοῦ
3062 1808 3154 1861 καὶ
3183 1807 3276 1861 τοῦ
3311 1809 3466 1877 ἁγίου
3497 1810 3834 1881 Πνεύματος,
3868 1812 3942 1866 δι-

695 1912 876 1969 s:eculi
912 1913 975 1965 ".
1016 1931 1033 1962 ι
1070 1910 1152 1965 An
1183 1917 1241 1962 tu
1275 1908 1328 1961 id
1376 1907 1599 1960 minime
1636 1918 1755 1958 esse
1795 1916 1988 1956 censes
2019 1900 2270 1956 Ecclesia

2373 1898 2664 1961 δάσκοντες
2716 1898 2916 1962 αὐτοὺς
2964 1901 3151 1971 τηρεῖν
3194 1899 3393 1965 πάντα,
3450 1902 3550 1956 ὅσα
3590 1902 3943 1975 ἐνετειλάμην

693 2002 1141 2060 constitutionem
1157 2000 1180 2052 ?

763 2258 958 2314 PALL.
992 2254 1278 2323 Quodnam
1314 2252 1459 2306 istud
1496 2250 1750 2305 tandem?

761 2348 918 2407 CYR.
950 2351 1157 2413 Fidem,
1194 2348 1437 2416 inquam,
1464 2360 1565 2414 per
1603 2351 1820 2399 sanctos
1862 2342 2116 2399 doctores
2158 2350 2269 2395 tra-

693 2446 885 2509 ditam,
928 2451 1094 2511 atque
1135 2441 1282 2494 illam
1328 2438 1383 2492 in
1422 2437 1640 2492 Christo
1686 2435 2157 2491 conversationem
2199 2434 2269 2489 ab

693 2536 890 2593 iisdem
912 2534 1260 2607 praedicatam
1277 2532 1341 2595 ³ο,
1361 2531 1507 2585 illam
1534 2544 1751 2598 quoque
1772 2542 1895 2582 cum
1912 2527 2023 2581 Deo
2038 2527 2267 2597 conjun-

693 2629 953 2694 ctionem,
1002 2641 1110 2696 qua
1167 2624 1243 2677 illi
1272 2638 1368 2693 per
1408 2637 1624 2681 sacrum
1676 2620 1944 2690 baptisma
1987 2620 2270 2691 sanctique

693 2720 935 2792 Spiritus
966 2717 1436 2788 participationem
1474 2713 1772 2783 jungimur.
1808 2712 1886 2767 Ita
1911 2729 2145 2783 namque
2170 2728 2273 2769 nos

692 2811 1075 2881 alloquebatur
1102 2807 1324 2869 Paulus,
1355 2804 1545 2859 dicens
1579 2823 1591 2857 :
1628 2824 1644 2856 ι
1674 2805 1741 2859 Ει
1776 2818 1872 2859 vos
1905 2814 2163 2873 tanquam
2190 2804 2270 2859 la-

696 2906 850 2974 pides
885 2902 996 2958 vivi
1048 2899 1583 2969 superaediﬁcamini,
1643 2898 1839 2952 domus
1881 2896 2180 2967 spiritualis
2216 2896 2273 2952 in

696 2996 957 3066 templum
979 3002 1249 3057 sanctum,
1270 2994 1325 3046 in
1344 2992 1718 3047 habitaculum
1742 2989 1838 3044 Dei
1859 2989 1915 3043 in
1936 2989 2264 3059 Spiritu”'.r

695 3090 836 3145 Olim
862 3102 1096 3157 namque
1128 3102 1228 3155 per
1257 3086 1473 3140 diversa
1500 3100 1626 3139 vasa
1658 3083 1997 3138 tabernaculi
2021 3082 2273 3138 Christus

694 3181 1161 3252 pmﬁgurabatur,
1177 3194 1371 3248 nempe
1388 3168 1641 3247 tanquam
1658 3190 1886 3230 aureum
1903 3176 2265 3239 thuribulum,

693 3280 949 3343 tanquam
977 3286 1122 3334 arca,
1161 3284 1415 3337 tanquam
1452 3268 1694 3333 lucerna,
1736 3276 1992 3336 tanquam
2031 3265 2269 3335 denique

691 3375 903 3422 mensa,
926 3368 983 3413 et
1005 3373 1126 3427 qua:
1150 3357 1205 3411 in
1230 3373 1294 3411 ea
1321 3356 1497 3425 posita
1520 3365 1698 3410 erant.
1725 3356 1833 3410 Sed
1856 3355 2112 3425 praesenti
2136 3363 2273 3409 tem-

690 3464 849 3520 ξέοι-ε,
900 3459 961 3503 ιιι
1004 3449 1217 3518 opinor,
1260 3446 1635 3514 unusquisque
1673 3444 1914 3501 ﬁdelium
1962 3444 2158 3499 domus
2189 3453 2273 3499 est

690 3556 758 3596 ac
788 3541 1052 3610 templum
1080 3538 1198 3599 Dei,
1228 3552 1353 3590 cum
1392 3536 1673 3591 Christum
1715 3536 1913 3592 habeat
1958 3535 2270 3591 inhabitan~

697 3640 837 3694 tem;
865 3627 1075 3682 habitat
1098 3627 1243 3680 enim
1278 3627 1333 3679 in
1370 3626 1630 3681 cordibus
1653 3626 1857 3681 nostris
1892 3642 1989 3696 per
2017 3627 2175 3698 331
2205 3628 2270 3682 ﬁ-

697 3722 843 3785 dem,
874 3719 1016 3774 sicut
1038 3719 1301 3788 scriptum
1330 3727 1413 3772 cst
1436 3718 1477 3748 3‘
1500 3735 1515 3781 ;
1540 3734 1683 3771 unus
1706 3717 1959 3787 idemque
1990 3732 2090 3788 per
2109 3728 2270 3773 natu-

696 3828 835 3878 ram,
872 3812 1123 3882 quamvis
1166 3826 1293 3867 cum
1314 3827 1477 3865 carne
1506 3811 1859 3881 intelligatur.
1894 3832 1911 3862 ι
1952 3813 2105 3867 Unus
2124 3814 2269 3867 enim

696 3907 840 3961 Deus
868 3906 1047 3968 Pater,
1081 3920 1147 3959 ex
1176 3918 1285 3973 quo
1310 3904 1512 3966 omnia,
1538 3910 1593 3956 et
1625 3918 1769 3957 unus
1804 3904 2067 3958 Dominus
2113 3905 2271 3961 Jesus

693 3998 966 4061 Christus,
995 4012 1094 4067 per
1125 4012 1286 4066 quem
1312 3998 1494 4051 omnia
1523 3995 1588 4048 δ’.
1628 4016 1643 4045 ι
1681 3995 1787 4049 Sed
1818 4004 1998 4051 tamen
2039 3997 2270 4054 diversis

694 4091 916 4145 deitatis
944 4088 1372 4160 proprietatibus
1399 4088 1568 4142 veluti
1592 4086 2050 4157 multiplicitatem
2075 4104 2267 4157 quam-

694 4185 817 4239 dam
852 4186 907 4238 in
946 4197 1002 4237 se
1025 4182 1142 4250 ipso
1171 4180 1399 4245 habens,
1429 4179 1576 4233 varie
1616 4178 1959 4249 intelligitur.
2004 4179 2099 4233 Est
2124 4181 2269 4235 enim

691 4277 752 4330 in
781 4274 941 4328 nobis
971 4282 1031 4327 ut
1059 4272 1155 4326 Dei
1189 4270 1449 4333 Verbum,
1475 4280 1532 4324 et
1572 4269 1861 4338 sapientia,
1902 4278 1957 4323 et
1984 4268 2189 4332 lumen,
2215 4282 2270 4326 et

694 4368 826 4431 vita,
853 4376 909 4422 et
931 4366 1087 4437 panis
1109 4366 1265 4419 vivus
1286 4380 1349 4418 ac
1371 4362 1437 4417 de
1461 4363 1599 4431 caelo
1636 4362 1997 4417 descendens.

765 4456 961 4513 PALL.
991 4454 1149 4523 Quod
1175 4454 1335 4519 dicis,
1367 4454 1632 4523 intelligo.

2375 1991 2536 2059 ὑμῖν·
2575 1991 2669 2043 καὶ
2707 1989 2817 2044 ίδοὺ
2850 1990 2962 2058 ἐγὼ
3003 1990 3120 2061 μεθ’
3154 1991 3308 2061 ὑμῶν
3336 1994 3452 2063 εἰμι
3477 1994 3656 2057 πάσας
3674 1996 3774 2058 τὰς
3812 1994 3943 2065 ἡμέο

2374 2101 2474 2157 ρας
2500 2083 2605 2146 ’ἐως
2637 2084 2738 2154 τῆς
2770 2083 3079 2147 συντελείας
3111 2084 3205 2137 τοῦ
3251 2085 3465 2150 αἰῶνος.
3504 2105 3523 2139 ι
3552 2088 3624 2140 Ἦ
3657 2087 3767 2159 γὰρ
3826 2089 3941 2159 οὐχὶ

2368 2173 2530 2227 τοῦτο
2558 2167 2698 2226 εἶναι
2730 2172 2836 2243 φὴς
2892 2172 2992 2242 τῆς
3042 2172 3364 2243 Ἐκκλησίας
3385 2175 3484 2246 τὴν
3510 2174 3803 2244 σύστασιν;

2442 2263 2648 2318 ΠΑΛΛ.
2691 2261 2764 2315 Τὸ
2799 2261 2851 2315 τί
2880 2260 2943 2333 δὴ
2972 2264 3117 2334 φής;

2441 2355 2606 2409 ΚΥΡ.
2657 2354 2770 2426 Τὴν
2816 2353 2905 2407 διὰ
2935 2352 3042 2409 τῶν
3082 2354 3253 2424 ἁγίων
3297 2358 3668 2427 μυσταγωγῶν
3708 2361 3941 2431 παραδο-

2371 2446 2556 2501 θεῖσαν
2586 2447 2790 2511 πίστιν,
2827 2448 2922 2502 καὶ⁹
2955 2448 3374 2518 κεκηρυγμένην
3396 2449 3693 2515 πολιτείαν,
3720 2452 3861 2522 φημὶ
3881 2452 3940 2523 δὴ

2370 2540 2468 2613 τὴν
2498 2543 2555 2595 ἐν
2582 2540 2822 2614 Χριστῷ,
2857 2541 2951 2594 καὶ
2982 2541 3081 2612 τὴν
3110 2541 3197 2595 διὰ
3238 2539 3330 2595 τοῦ
3373 2543 3528 2612 ἁγίου
3569 2542 3940 2613 βαπτίσματος

2374 2635 2509 2706 πρὸς
2538 2634 2670 2687 Θεὸν
2696 2634 2911 2699 ἕνωσιν,
2943 2632 3030 2686 διὰ
3056 2635 3287 2706 μετοχῆς
3302 2634 3395 2687 τοῦ
3417 2636 3572 2703 ἁγίου
3605 2635 3935 2705 Πνεύματος.

2371 2724 2533 2779 Οὕτω
2557 2723 2668 2796 γὰρ
2700 2725 2833 2795 ἡμῖν
2863 2722 3203 2796 προσεφώνει
3256 2721 3429 2791 λέγων
3453 2725 3481 2776 6
3508 2723 3743 2787 Παῦλος,
3777 2746 3795 2775 ι
3835 2724 3939 2778 Καὶ

2370 2818 2531 2888 ὑμεῖς
2556 2816 2633 2880 ὠς
2658 2815 2798 2869 λίθοι
2834 2813 3034 2880 ζῶντες
3062 2813 3505 2885 ἐποικοδομεῖσθε
3532 2810 3679 2877 οἶκος
3710 2831 3940 2885 πνευμα-

2370 2908 2542 2974 τικὸς,
2571 2909 2651 2971 εἰς
2672 2906 2799 2960 ναὸν
2832 2906 3007 2974 ἅγιον,
3035 2905 3115 2969 είς
3141 2906 3556 2975 κατοικητήριον
3583 2904 3681 2957 τοῦ
3711 2903 3847 2957 Θεοῦ
3884 2905 3940 2957 ἐν

2373 3000 2672 3070 Πνεύματι,
2700 3018 2720 3051 ι
2757 2997 2933 3052 Πάλαι
2960 2997 3059 3067 μὲν
3087 2996 3195 3068 γὰρ
3221 2996 3295 3061 ὡς
3323 2999 3381 3050 ἐν
3402 2996 3677 3068 διαφόροις
3694 2998 3938 3049 σκεύεσιν

2373 3094 2430 3145 ἐν
2457 3095 2521 3161 τῇ
2544 3090 2676 3160 ἁγία
2699 3092 2870 3161 σκηνῇ
2892 3087 3308 3160 προεμορφοῦτο
3331 3087 3585 3159 Χριστὸς,
3613 3090 3687 3150 ὡς
3709 3086 3938 3157 χρυσοῦν

2375 3183 2754 3255 θυμιατήριον,
2776 3181 2850 3245 ὡς
2880 3179 3133 3243 κιϐωτὸς,
3164 3179 3237 3243 ὡς
3262 3180 3474 3251 λυχνία,
3504 3179 3596 3232 καὶ
3627 3179 3733 3250 μὴν
3762 3177 3938 3241 uid);

2373 3273 2642 3345 τράπεζα,
2672 3274 2765 3327 καὶ
2790 3272 2858 3326 τὰ
2879 3274 2935 3327 ἐν
2968 3273 3105 3343 αὐτῇ
3122 3286 3137 3300 '
3156 3272 3385 3333 ἕκαστος
3403 3272 3482 3337 δὲ,
3510 3267 3682 3342 οἶμαι,
3712 3271 3823 3324 τῶν
3842 3288 3940 3323 πει

2374 3365 2761 3429 πιστευκότων,
2789 3364 2932 3417 κατά
2968 3379 3031 3431 γε
3064 3362 3153 3416 τὸν
3190 3362 3517 3432 ἐνεστηκότα
3554 3362 3767 3432 καιρὸν,
3796 3357 3939 3425 οἶκος

2372 3457 2468 3509 καὶ
2502 3457 2627 3519 ναὸς
2659 3454 2987 3526 χρηματίζει
3010 3452 3167 3518 Θεοῦ,
3201 3451 3434 3522 Χριστὸν
3461 3452 3598 3523 ἔχων
3622 3451 3938 3521 ἐνηυλισμέο

2370 3566 2482 3605 νον.
2529 3548 2791 3601 Κατοικεῖ
2826 3545 2934 3616 γὰρ
2962 3547 3019 3598 ἐν
3057 3546 3177 3607 ταῖς
3219 3544 3465 3614 καρδίαις
3513 3544 3667 3615 ἡμῶν
3703 3544 3791 3598 διὰ
3842 3544 3937 3613 τῆς

2373 3640 2628 3703 πίστεως,
2662 3639 2805 3692 καθά
2835 3638 3166 3710 γέγραπται,
3204 3632 3284 3701 εἷς
3309 3637 3407 3708 μὲν
3436 3636 3527 3689 καὶ
3556 3639 3583 3690 6
3612 3637 3775 3698 αὐτὸς
3802 3637 3935 3690 κατά

2374 3732 2533 3801 φύσιν
2557 3730 2846 3801 ὑπάρχων,
2873 3732 2921 3782 εί
2951 3731 3042 3782 καὶ
3064 3732 3232 3782 νοοῖτο
3254 3729 3390 3799 μετὰ
3416 3728 3636 3798 σαρκός.
3671 3746 3689 3777 ι
3719 3720 3815 3791 Εἷς
3835 3728 3935 3800 γάρ

2370 3824 2503 3886 Θεὸς
2529 3822 2557 3873 ὁ
2584 3822 2796 3889 Πατὴρ,
2837 3820 2896 3882 ἐξ
2924 3813 2985 3872 οὗ
3023 3819 3092 3872 τὰ
3122 3818 3317 3887 πάντα,
3349 3820 3444 3873 καὶ
3477 3814 3558 3882 εἷς
3595 3818 3797 3890 Κύριος
3839 3820 3937 3888 Ἰη-

2373 3912 2500 3976 σοῦς
2525 3912 2779 3983 Χριστὸς,
2807 3912 2873 3964 δι’
2905 3904 2965 3963 οὗ
2986 3910 3053 3964 τὰ
3084 3910 3277 3971 πάντα,
3318 3929 3334 3961 ι
3354 3914 3463 3974 τοῖς
3494 3910 3551 3963 δὲ
3575 3909 3674 3979 τῆς
3692 3896 3935 3980 θεότητος

2371 4005 2649 4075 διαφόροις
2696 4001 2980 4073 ίδιώμασιν
3041 4003 3103 4055 τὸ
3143 4003 3304 4055 οἱονεὶ
3349 4002 3629 4064 πολυειδὲς
3668 4000 3804 4071 ἔχων
3855 4000 3933 4069 ἐφ’

2370 4094 2569 4165 ἐαυτῷ,
2600 4095 2696 4147 καί⁸
2723 4094 2997 4165 διαφόρως
3028 4092 3335 4164 νοούμενος.
3381 4093 3534 4146 Ἔστι
3585 4094 3689 4164 γὰρ
3722 4094 3780 4146 ἐν
3811 4095 3936 4163 ἡμῖν

2369 4187 2445 4249 ὡς
2473 4186 2645 4252 Λόγος
2674 4184 2836 4247 Θεοῦ,
2870 4185 2960 4238 καὶ
2994 4184 3171 4253 σοφία,
3224 4184 3321 4237 καὶ
3364 4181 3498 4252 φῶς,
3554 4184 3648 4238 καὶ
3680 4182 3815 4256 ζωὴ,
3846 4181 3934 4234 καὶ

2368 4279 2529 4349 ἄρτος
2553 4278 2581 4329 6
2606 4277 2713 4343 ζῶν
2736 4275 2829 4329 καὶ
2850 4274 2910 4339 ἐξ
2934 4274 3184 4345 ούρανοῦ.

2441 4456 2650 4509 ΠΔΛΛ.
2690 4454 2905 4524 Συνῆκα
2931 4453 2959 4506 6
2998 4456 3122 4523 φής.

760 4549 921 4604 CYB.
957 4545 1357 4603 Incarnationis
1393 4545 1577 4614 itaque
1619 4554 1833 4613 tempus
1865 4553 1921 4597 et
1957 4543 2075 4605 dies
2109 4556 2265 4615 opta-

2442 4546 2609 4601 ΚΥΡ.
2642 4545 2850 4601 οὐκοῦν
2875 4546 2905 4597 6
2931 4545 3030 4613 τῆς
3074 4542 3538 4614 ἐνανθρωπήσεως
3571 4539 3757 4612 καιρὸς
3784 4541 3930 4610 ἡμῖν,

695 4642 940 4698 tissimus
984 4638 1403 4694 resurrectionis
1458 4652 1524 4691 ex
1573 4637 1806 4691 mortuis
1858 4636 2018 4691 nobis
2076 4650 2268 4691 rursus

690 4732 1145 4804 praeﬁgurabatur
1183 4730 1240 4783 in
1274 4744 1341 4783 eo
1374 4728 1520 4798 quod
1582 4727 1720 4781 dixit
1773 4724 1957 4782 Deus:
2025 4729 2121 4783 Die
2155 4716 2269 4783 uno

690 4833 901 4879 statues
965 4821 1394 4877 tabernaculum.
1471 4819 1563 4873 Illa
1624 4832 1787 4889 porro
1851 4818 2057 4883 verba,
2115 4820 2181 4874 Ει
2211 4820 2265 4873 in

688 4915 976 4972 novilunio
1014 4912 1219 4967 mensis
1260 4910 1453 4982 primi,
1525 4910 1733 4965 utiliter
1759 4918 1920 4977 atque
1960 4911 2268 4965 necessario

687 5009 948 5078 adjuncta
985 5020 1127 5067 csse,
1176 5003 1332 5057 facile
1373 5001 1610 5071 perspici
1657 5010 1872 5070 potest,
1925 5001 2147 5055 Palladi.
2198 5003 2266 5058 Ut

687 5102 839 5155 enim
866 5098 1070 5155 mensis
1103 5097 1318 5150 initium
1358 5094 1570 5164 primus
1608 5103 1692 5147 est
1728 5093 1848 5163 ejus
1889 5094 2092 5148 mensis
2126 5094 2264 5160 dies,

691 5193 747 5247 id
777 5202 861 5248 est
906 5190 1282 5247 novilunium:
1313 5203 1391 5241 διε
1422 5186 1577 5256 quasi
1605 5184 1825 5239 initium
1855 5185 2130 5253 quoddam
2180 5202 2269 5241 re-

692 5284 867 5339 centis
894 5282 1098 5345 saeculi,
1132 5296 1195 5335 ac
1225 5280 1437 5350 primus
1472 5277 1653 5332 aditus
1690 5276 1759 5330 ad
1805 5277 2101 5330 novitatem
2130 5286 2270 5332 tem-

692 5388 887 5445 porum
924 5380 1011 5427 est
1054 5371 1109 5425 id
1156 5379 1391 5439 tempus,
1434 5381 1545 5437 quo
1594 5366 1683 5420 ille
1724 5365 1963 5419 advenit.
2041 5385 2060 5417 ι
2123 5367 2239 5422 Nov

690 5479 927 5535 namque
950 5465 1005 5517 in
1024 5462 1242 5517 Christo
1263 5470 1548 5525 creatura;
1573 5465 1758 5513 vetera
1786 5457 2122 5513 transierunt
2145 5458 2208 5523 ³³,
2239 5479 2256 5509 ι

690 5558 1024 5629 eii‘ulgetque
1078 5554 1239 5608 nobis
1311 5548 1715 5622 quodammodo
1787 5547 1921 5602 illud
1982 5550 2261 5613 saeculum,

689 5650 837 5721 quod
869 5656 991 5718 post
1021 5646 1123 5700 hoc
1158 5658 1395 5714 praesens
1422 5642 1668 5713 proxime
1712 5641 2086 5711 consequitur,
2116 5644 2263 5714 quod

758 5788 928 5842 "lsa.
980 5800 1117 5847 xux,
1179 5782 1229 5837 8.
1344 5779 1579 5834 “lCor.
1637 5778 1794 5842 v1.2.

758 5788 928 5842 "lsa.
980 5800 1117 5847 xux,
1179 5782 1229 5837 8.
1344 5779 1579 5834 “lCor.
1637 5779 1794 5842 v1.2.
1906 5779 2187 5848 "Matth.
2232 5800 2270 5836 X‘

695 5861 739 5892 ιι
770 5858 968 5922 Ephes.
997 5870 1073 5922 ιιι,
1136 5854 1213 5905 l7.
1294 5852 1334 5883 ³¹
1375 5850 1545 5907 ιςοτ.
1578 5850 1766 5915 “11,6.
1843 5850 1889 5881 ³³
1913 5850 1956 5903 ll
1991 5851 2117 5905 Cor.
2152 5868 2199 5917 v,
2244 5854 2265 5905 1

2372 5800 2415 5849 ι,
2459 5785 2544 5851 19,
2580 5784 2668 5840 20.

2371 4639 2464 4693 καὶ
2497 4637 2598 4707 τῆς
2625 4639 2689 4691 ἐκ
2710 4636 2919 4706 νεκρῶν
2944 4635 3293 4698 ἀναστάσεως
3329 4637 3362 4706 ὴ
3388 4633 3709 4705 τριπόθητος
3735 4632 3931 4703 ἡμέρα.

2370 4731 2813 4803 προανετυποῦτο
2893 4730 3063 4784 πάλαι
3132 4729 3220 4782 διὰ
3268 4729 3329 4781 τὸ
3386 4728 3551 4798 φάναι
3613 4723 3765 4789 Θεὸν,
3851 4726 3935 4778 Ἑν

2369 4824 2554 4895 ἡμέρᾳ
2604 4826 2702 4895 μιᾷ
2741 4824 2960 4893 στήσεις
2996 4821 3095 4892 τὴν
3165 4821 3391 4891 σκηνήν.
3450 4818 3523 4871 Τὸ
3555 4816 3653 4880 δὲ,
3713 4817 3823 4869 Καὶ
3882 4817 3934 4867 ἐν

2367 4917 2632 4989 νουμηνίᾳ
2657 4916 2750 4970 τοῦ
2786 4916 2953 4987 μηνὸς
2986 4914 3079 4968 τοῦ
3121 4914 3357 4984 πρώτου,
3415 4911 3699 4983 χρησίμως
3727 4925 3785 4962 τε
3850 4908 3936 4961 καὶ

2369 5009 2684 5075 ἀναγκαίως
2722 5007 3224 5080 προσενηνεγμένον
3261 5003 3466 5058 κατίδοι
3500 5020 3582 5064 τις
3610 5001 3694 5063 ἂν,
3723 4994 3769 5053 ὦ
3797 5000 3934 5053 Παλ-

2367 5097 2533 5153 λάδιε.
2565 5099 2774 5170 Ὥσπερ
2811 5096 2919 5169 γὰρ
2969 5098 3110 5168 ἀρχὴ
3164 5095 3349 5167 μηνὸς,
3392 5091 3610 5163 ἡμερῶν
3641 5093 3675 5161 ὴ
3707 5092 3766 5142 ἒν
3792 5086 3932 5155 αὖτῷ

2371 5188 2583 5259 πρώτη,
2612 5187 2757 5241 τοῦτ’
2788 5187 2957 5251 ἔστιν,
2994 5189 3027 5257 ἡ
3062 5185 3352 5256 νουμηνία·
3375 5184 3543 5247 οὕτως
3573 5183 3665 5235 καὶ
3693 5181 3833 5252 ἀρχή
3856 5195 3932 5239 τις

2370 5281 2559 5351 ὥσπερ
2594 5280 2786 5342 αἰῶνος
2816 5278 2957 5343 νέου,
2996 5280 3089 5331 καὶ
3118 5275 3444 5348 προεισϐολὴ
3469 5273 3785 5343 καινότητος
3814 5270 3932 5341 χρό·

2370 5387 2499 5435 νων,
2522 5371 2551 5423 6
2574 5370 2670 5439 τῆς
2698 5368 2992 5439 ἐπιδημίας
3020 5368 3225 5438 καιρός.
3260 5386 3278 5417 ι
3320 5365 3494 5438 Καινὴ
3533 5365 3641 5436 γὰρ
3675 5364 3850 5425 κτίσις
3878 5363 3930 5412 ἐν

2371 5461 2622 5531 Χριστῷο
2676 5460 2747 5513 τὰ
2797 5462 2999 5532 ἀρχαῖα
3060 5459 3357 5531 παρῆλθεν.
3415 5476 3432 5509 ι
3496 5456 3828 5525 Ἀναλάμπει
3877 5451 3929 5504 δὲ

2372 5554 2559 5624 ὥσπερ
2605 5555 2739 5624 ἡμῖν
2787 5555 2815 5605 ὁ
2852 5551 2989 5622 μετὰ
3047 5552 3234 5605 τοῦτον
3267 5550 3422 5615 αἰὼν,
3457 5548 3551 5601 νῦν
3612 5548 3707 5619 μὲν
3752 5546 3826 5608 ὡς
3877 5543 3931 5595 ἐν

2371 5646 2580 5701 ἐλπίσιν
2628 5646 2709 5700 ἔτι
2760 5645 3111 5716 βλεπόμενος,
3160 5645 3278 5698 τότε
3327 5643 3384 5696 δὲ
3428 5643 3523 5697 καὶ
3566 5639 3928 5713 παρεσόμενος

2785 5784 2828 5816 ³⁵
2867 5784 3060 5838 chtr.
3108 5799 3164 5848 ll,
3202 5782 3283 5836 12.
3318 5782 3380 5814 ³⁸·
3410 5781 3607 5850 Ephes.
3640 5795 3696 5843 ιι,
3731 5777 3818 5838 2i,
3840 5773 3923 5825 εξ.
