4140 6508
282 437 394 495 657

1029 433 1118 489 DE
1156 432 1600 491 ADORATIONE
1636 434 1705 491 IN
1741 434 2011 494 SPIRITU
2052 436 2139 493 ET
2179 434 2547 491 V’ERITATE.
2592 434 2718 489 LIB.
2759 435 2827 490 Χ.

3437 436 3542 493 διε

274 550 525 623 ἀληθῶς.
559 549 690 606 ὅταν
722 546 857 620 ἡμῖν
885 548 913 603 ὁ
949 547 1185 619 Χριστὸς
1217 547 1499 620 ἐπιλάμψῃ
1534 549 1697 603 πάλιν
1727 549 1856 619 μετὰ

1966 566 2115 606 nunc
2145 550 2369 621 quidem
2405 564 2500 619 spe
2535 549 2889 619 conspicitur,
2932 555 3060 604 tunc
3093 558 3274 605 autem
3323 566 3380 605 re
3430 550 3543 621 ipsa

271 645 390 696 τῶν
421 643 595 711 άγίων
619 639 870 709 ἀγγέλων
907 640 965 692 ἐν
990 641 1057 711 τῇ
1090 638 1217 713 δόξῃ
1248 641 1343 695 τοῦ
1386 641 1617 710 Πατρὸξ,
1651 641 1778 705 τοὺς
1802 643 1860 694 ἐν

273 736 565 806 καινότητι
593 734 742 803 ζωῆς
758 734 1082 804 περιπατεῖν
1108 733 1416 804 ἑλομένους,
1447 733 1537 788 καὶ
1565 734 1627 787 τὸ
1651 735 1855 805 ἐκπρε-

273 827 555 882 πέστατον
578 824 778 889 κάλλος
808 825 909 894 τῆς
934 823 1295 895 εὐαγγελικῆς
1330 824 1606 889 πολιτείας
1642 827 1701 879 ἐν
1730 826 1864 880 ὑποο

276 921 420 989 μονῇ
448 918 880 989 πλουτήσαντας,
906 916 1362 987 παραληψόμενος
1390 918 1507 987 μεθ’
1526 916 1740 983 ἑαυτοῦ,
1770 918 1864 972 καὶ

273 1011 363 1074 τίς
391 1010 495 1081 τὴν
532 1009 704 1063 πάλαι
756 1008 1214 1080 προσδοκωμένην
1250 1008 1405 1073 δόξαν
1448 1008 1544 1062 καὶ
1587 1008 1863 1079 βασιλείαν

274 1102 600 1173 ιίσκομιῶν.
636 1103 759 1156 Ὀτι
788 1101 846 1154 δὲ
890 1102 1051 1171 καινὴ
1096 1101 1271 1164 κτίσις
1312 1101 1408 1154 καὶ
1445 1103 1607 1155 οἱονεὶ
1655 1102 1862 1174 καιρῶν

274 1196 375 1247 καὶ
402 1194 748 1266 πραγμάτων
775 1192 978 1264 βλάστη
1001 1192 1097 1247 νέα
1120 1191 1228 1246 τῶν
1255 1193 1314 1246 ἐν
1343 1192 1584 1264 Χριστῷ,
1605 1194 1859 1248 καταδείο

275 1284 424 1349 ξιιεν
470 1284 539 1339 ἂν
568 1280 629 1337 εὖ
682 1283 828 1354 μάλα
879 1281 940 1337 τὸ
981 1284 1210 1352 αἴνιγμα
1254 1282 1351 1336 τοῦ
1401 1283 1619 1355 πρώτου
1670 1286 1859 1356 μηνὸς,

271 1376 404 1429 καθ’
438 1375 499 1429 ὃν
538 1376 667 1429 radat
701 1375 801 1445 μὲν
830 1376 926 1428 καὶ
968 1374 1179 1428 ἁπαλαί⁸
1214 1376 1312 1429 καὶ
1342 1376 1661 1448 ἀρτιφανείς
1683 1378 1742 1430 ἐν
1763 1381 1858 1449 γῇ,

272 1467 467 1537 φυτῶν
503 1468 562 1521 δέ
600 1467 953 1539 ἀναθήλησις,
990 1468 1086 1522 καὶ
1112 1469 1222 1522 τῶν
1256 1471 1314 1523 ἐν
1358 1469 1618 1540 λειμῶσιν
1655 1470 1861 1525 ἀνθέων

268 1558 338 1611 τὸ
393 1557 675 1621 πολυειδὲς
715 1558 1039 1628 ἐμφαίνεται
1077 1559 1295 1624 κάλλος,
1337 1562 1562 1632 ἐαρινῆς
1613 1561 1861 1634 γελώσης

271 1650 512 1713 εὐωδίας
531 1666 546 1679 ’
578 1650 745 1704 οίονεὶ
780 1650 891 1723 γάρ
919 1669 1036 1714 πως
1068 1654 1126 1705 ἐν
1153 1651 1342 1723 τοιῷδε
1365 1654 1543 1725 καιρῷ
1592 1653 1859 1724 κέκληκεν

268 1742 304 1797 ὀ
353 1742 591 1814 Χριστὸς
632 1741 732 1814 τὴν
768 1742 829 1807 ἐξ
856 1742 1027 1796 ἐθνῶν
1092 1744 1440 1816 Ἐκκλησίαν,
1483 1744 1626 1800 οὕτω
1662 1745 1856 1815 λέγων,

275 1852 298 1885 ε
353 1834 608 1897 Ἀνάστα,
629 1834 772 1901 ἐλθὲ,
794 1837 826 1905 ἡ
858 1834 1087 1905 πλησίον
1112 1853 1234 1906 μου,
1256 1837 1393 1910 καλή
1416 1855 1538 1909 μου,
1559 1840 1859 1911 περιστερά

1972 651 2173 712 praesto
2208 642 2335 705 erit,
2369 656 2495 696 cum
2538 640 2790 696 Christus
2833 640 2992 695 nobis
3042 641 3239 695 iterum
3281 641 3547 697 aﬂ‘ulserit

1970 750 2096 790 cum
2131 734 2333 789 sanctis
2374 734 2579 804 angelis
2607 734 2663 789 in
2699 732 2867 803 gloria
2904 732 3109 798 Patris,
3137 743 3194 789 et
3218 748 3333 797 eos,
3369 734 3463 803 qui
3491 734 3548 790 in

1970 825 2211 882 novitate
2230 826 2355 881 vitm
2374 824 2655 879 ambulare
2676 823 3007 889 studuerint,
3024 832 3081 878 et
3103 824 3251 878 illam
3272 826 3546 895 egregiam

1969 917 2296 987 evangelica).
2323 916 2753 972 conversationis
2792 915 3259 985 pulchritudinem
3304 931 3400 986 per
3449 932 3547 985 pa-

1972 1008 2218 1062 tientiam
2242 1008 2615 1078 acquisierint,
2648 1022 2834 1062 secum
2872 1016 3134 1070 assumet,
3176 1017 3340 1077 atque
3370 1007 3439 1061 ad
3478 1007 3546 1060 il-

1969 1099 2079 1158 lam
2102 1101 2233 1155 olim
2261 1108 2627 1169 exspectatam
2667 1099 2893 1170 gloriam
2947 1114 3011 1153 ac
3042 1115 3270 1171 regnum
3294 1098 3547 1152 introdu-

1968 1200 2073 1247 cet.
2106 1192 2238 1248 Esse
2267 1200 2449 1247 autem
2475 1199 2783 1246 creaturam
2808 1205 3025 1255 novam,
3049 1205 3113 1245 ac
3136 1188 3303 1244 veluti
3332 1197 3543 1257 tempo-

1967 1298 2090 1339 rum
2131 1294 2187 1342 et
2221 1298 2405 1340 rerum
2453 1284 2509 1337 in
2555 1282 2773 1338 Christo
2808 1298 3010 1339 novum
3050 1298 3293 1353 germen,
3318 1282 3549 1352 aenigma

1966 1376 2133 1446 primi
2164 1375 2369 1431 mensis
2392 1375 2597 1444 optime
2633 1374 2991 1439 demonstrat,
3021 1390 3132 1444 quo
3162 1383 3307 1429 terra
3346 1375 3549 1429 teneris

1966 1482 2031 1523 ac
2054 1466 2371 1523 recentibus
2393 1466 2579 1520 herbis
2605 1466 2963 1531 convestitur,
2994 1466 3191 1536 stirpes
3219 1465 3546 1536 germinant,

1964 1561 2095 1615 etin
2114 1559 2287 1630 pratis
2306 1560 2457 1613 varia
2485 1559 2679 1614 [lorum
2703 1560 2918 1628 species
2947 1559 3304 1628 conspicitur,
3335 1558 3548 1615 ridente

1965 1652 2128 1707 simul
2156 1651 2309 1709 verni
2350 1651 2615 1721 temporis
2650 1651 2944 1721 fragrantia
2974 1668 2985 1705 :
3018 1652 3111 1707 tali
3142 1666 3376 1721 namque
3408 1667 3547 1720 quo-

1965 1741 2256 1798 dammodo
2287 1752 2533 1811 tempore
2558 1740 2814 1799 Christus
2841 1742 3143 1798 Ecelesiam
3188 1759 3256 1797 ex
3296 1742 3550 1813 gentibus

1963 1831 2198 1895 vocavit,
2229 1831 2308 1886 sic
2338 1831 2563 1887 dicens:
2606 1852 2624 1883 ι
2662 1832 2853 1902 Surge,
2889 1832 3035 1895 veni,
3062 1833 3368 1903 propinqua
3406 1848 3547 1901 mea,

274 1943 407 1997 μου,
443 1927 526 1980 ὃτι
568 1926 678 1980 ίδοὺ
718 1926 747 1979 ὁ
781 1926 991 1998 χειμὼν
1035 1928 1297 1999 ἀπῆλθεν,
1334 1932 1363 1983 ὁ
1411 1930 1566 1993 ὑετὸς
1592 1930 1856 2001 ἀπῆλθεν,

1961 1923 2187 1992 pulchra
2230 1938 2371 1988 mea,
2418 1924 2672 1980 columba
2718 1940 2862 1989 mea,
2902 1925 3028 1993 quia
3068 1940 3197 1979 ecce
3234 1925 3342 1995 jam
3374 1924 3552 1980 hiems

269 2015 551 2087 ἐπορεύθη
577 2018 635 2070 ἐν
660 2017 832 2089 αὐτῷ·
864 2018 935 2073 τὰ
972 2020 1109 2092 ἄνθη
1135 2019 1291 2091 ῶφθη
1333 2024 1391 2075 ἐν
1420 2025 1486 2093 τῇ
1526 2026 1628 2094 γῇ·
1672 2023 1862 2095 καιρὸς

269 2110 378 2180 τῆς
402 2108 577 2180 τομῆς
610 2108 867 2178 ἔφθασεν.
907 2129 927 2163 ι
975 2111 1233 2183 Ἀνεθάλη
1262 2114 1373 2184 γὰρ
1395 2114 1427 2184 ἡ
1452 2113 1741 2185 ἀνθρώπου
1763 2114 1863 2183 cpt}.

272 2216 365 2263 σις
412 2196 504 2265 αὖ,
544 2200 739 2272 ὥσπερ
776 2218 829 2254 τι
866 2201 1058 2270 φυτὸν,
1100 2203 1582 2275 καταμαρανθεωα
1618 2204 1859 2275 θανάτῳ,

266 2290 367 2344 διά
402 2306 462 2343 τε
496 2292 598 2361 τὴν
618 2293 676 2343 ἐν
719 2290 891 2363 ’Δδὰμ
918 2292 1249 2364 παράϐασιν,
1281 2295 1379 2348 καὶ
1410 2294 1510 2366 τὴν
1546 2296 1687 2349 κατὰ
1720 2297 1859 2350 πάν-

271 2396 387 2433 των
404 2380 563 2451 ημῶν
590 2384 1006 2454 τυραννήσασαν
1038 2384 1334 2456 ἁμαρτίαν.
1371 2384 1578 2439 ’Δκούω
1602 2386 1659 2439 δέ
1678 2386 1862 2457 λέγον-

269 2489 367 2538 τος
412 2473 506 2527 τοῦ
546 2474 784 2544 Χριστοῦ
815 2474 907 2529 καὶ
936 2475 1003 2528 δι’
1030 2476 1149 2539 ἐνὸς
1178 2476 1286 2530 τῶν
1317 2478 1491 2545 ἁγίων
1533 2479 1856 2550 προφητῶν,

276 2582 298 2614 ι
341 2565 514 2629 Αὐτὸς
541 2568 571 2619 ὁ
594 2565 773 2620 λαλῶν
807 2567 1062 2638 πάρειμι,
1090 2569 1167 2632 ὡς
1194 2568 1311 2640 ὥρα
1339 2570 1433 2622 ἐπὶ
1463 2569 1574 2623 τῶν
1604 2572 1796 2642 ὁρέων.
1834 2592 1854 2627 ι

272 2657 462 2729 Ὅπερ
483 2658 592 2730 γάρ
625 2660 684 2713 ἐν
725 2659 878 2730 ὄρεσι
905 2660 999 2713 καὶ
1040 2661 1268 2732 δρυμοῖς
1301 2661 1363 2714 τὸ
1394 2662 1494 2735 ἔαρ
1541 2662 1856 2733 ἐργάζεται,

273 2748 481 2821 βλάστῃ
506 2752 602 2822 νέᾳ
631 2752 929 2820 στεφανοῦν
958 2751 1030 2805 τά
1057 2753 1220 2820 φυτά,
1256 2751 1413 2808 τοῦτο
1449 2756 1543 2808 καὶ
1581 2756 1669 2823 ἐφ’
1698 2756 1858 2827 ἡμῶν

270 2843 307 2913 ἡ
340 2841 436 2895 τοῦ
475 2843 729 2913 Σωτῆρος
767 2844 925 2913 ἡμῶν
962 2844 1402 2917 ἀποπεπλήρωκε
1430 2846 1721 2917 παρουσία,
1767 2863 1859 2914 γε-

270 2934 476 3004 νομένη
511 2936 653 2987 κατά
685 2937 932 3007 καιροὺς,
966 2936 1042 3000 ὡς
1082 2939 1140 2991 ἐν
1176 2937 1286 2991 ἔτει
1330 2938 1590 3009 δευτέρῳ,
1626 2922 1719 2992 καὶ
1757 2940 1859 2992 οὐκ

269 3026 332 3079 εν
357 3043 422 3095 γε
451 3026 529 3096 τῷ
556 3026 758 3098 πρώτῳ
785 3028 985 3097 καιρῷ,
1015 3028 1138 3082 καθ’
1165 3029 1226 3082 ὃν
1261 3025 1328 3100 ἦν
1360 3031 1389 3083 ό
1408 3030 1591 3100 νόμος,
1626 3032 1720 3083 καὶ
1747 3030 1859 3084 τῶν

268 3120 573 3189 προφητῶν
601 3122 629 3173 ό
657 3120 835 3191 χορὸς,
866 3122 958 3173 καὶ
982 3121 1103 3174 καθ’
1129 3120 1188 3174 δν
1226 3123 1449 3192 ἐκράτει
1483 3123 1732 3187 θάνατος.
1764 3125 1859 3176 Βε-

266 3211 564 3265 σασίλευκε
601 3211 710 3282 γὰρ
731 3211 839 3265 ἀπὸ
874 3214 1044 3283 Ἀδὰμ
1097 3215 1191 3268 καὶ
1221 3216 1382 3286 μέχρι
1410 3217 1673 3279 Μωσέως.
1704 3219 1850 3271 Οὐκ-

265 3303 367 3357 οὖν
400 3303 479 3367 ὡς
535 3305 594 3359 ἐν
640 3305 879 3376 δευτέρῳ
911 3306 1043 3369 ἔτει,
1069 3305 1215 3359 τοῦτ’
1264 3307 1432 3371 ἐστιν,
1464 3307 1539 3371 ὡς
1570 3311 1628 3362 ἐν
1676 3309 1854 3380 χρόνῳ

264 3394 354 3467 τῷ
379 3396 518 3466 μετά
545 3396 639 3451 τὸν
674 3396 913 3467 πρῶτον,
938 3398 1062 3451 καθ’
1083 3398 1144 3453 ὃν
1176 3394 1245 3470 ἦν
1273 3401 1302 3452 ό
1324 3400 1508 3470 νόμος,
1540 3402 1573 3470 ἠ
1604 3401 1663 3467 ἐξ
1692 3402 1858 3456 ἐθνῶν

266 3487 588 3559 ἀνέλαμψεν
635 3488 957 3559 Ἐκκλησία,
993 3490 1230 3560 Χριστὸν
1264 3490 1487 3545 ἔναυλον
1534 3494 1752 3562 ἔχουσα,
1797 3495 1859 3546 τὸ

264 3578 381 3631 τῶν
406 3578 700 3648 προφητῶν
740 3580 833 3633 καὶ
861 3580 955 3633 τοῦ
985 3581 1151 3650 νόμου
1182 3581 1355 3645 τέλος.
1391 3579 1460 3635 *Α
1473 3584 1541 3654 ρά
1583 3600 1666 3636 σοι
1713 3584 1860 3637 δοκεῖ

265 3669 410 3741 πρὸς
442 3668 505 3723 τὸ
525 3668 655 3724 εὐθύ
684 3688 745 3724 τε
780 3672 871 3725 καὶ
909 3671 1109 3743 ἀληθὲς
1151 3672 1386 3728 διάττειν
1412 3674 1567 3746 ἡμῶν
1596 3677 1624 3727 ό
1660 3675 1852 3743 λόγο;;

339 3937 549 3991 ΠΔΛΛ.
590 3937 916 3992 Παντάπασι
950 3941 1048 4009 μὲν
1072 3938 1187 3995 οὖν.

338 4028 505 4082 ΚΥΡ-
539 4025 708 4099 Οἷμαι
746 4029 803 4082 δέ
834 4029 1011 4099 ἔγωγε
1037 4031 1137 4102 τὴν
1168 4031 1541 4105 ἀληθεστέραν
1568 4037 1700 4105 ἡμῖν
1722 4052 1853 4107 προ-

262 4120 641 4193 κατηγγέλθαι
675 4122 881 4192 σκηνὴν
905 4121 992 4176 διὰ
1020 4124 1465 4194 φωνῆςἮσαῖου,
1491 4126 1741 4195 λέγοντος
1775 4127 1853 4189 ὡς

264 4214 407 4284 πρὸς
429 4213 663 4267 ἕκαστον
685 4213 797 4266 τῶν
830 4215 889 4266 ἐν
922 4214 1105 4267 πίστει
1135 4214 1489 4286 κεκλημένων
1528 4218 1607 4279 είς
1650 4217 1852 4272 δικαιο-

266 4306 458 4377 σύνην,
496 4323 514 4356 ι
552 4305 614 4358 Οί
644 4303 913 4374 όφθαλμρί
943 4320 1036 4357 σου
1084 4305 1308 4375 ὄψονται
1346 4307 1724 4377 Ἰερουσαλὴμ,
1755 4310 1853 4364 πός

262 4398 381 4460 λεις
416 4398 698 4461 πλουσίας,
733 4399 929 4469 σκηναὶ
958 4397 1013 4451 αἶ
1057 4399 1119 4450 οὑ
1153 4401 1228 4469 μὴ
1262 4398 1570 4460 σεισθῶσιν,
1615 4399 1735 4452 οὐδὲ
1774 4400 1848 4470 μὴ

262 4487 563 4558 κινηθῶσιν
597 4489 649 4543 οἱ
693 4488 965 4542 πάσσαλοι
992 4488 1091 4558 τῆς
1123 4490 1328 4559 σκηνῆς
1374 4490 1575 4561 αὐτῆςο
1610 4489 1731 4542 οὐδὲ
1777 4489 1847 4542 τὰ

268 4580 483 4650 σχοινία
511 4579 682 4650 αὐτῆς
708 4580 769 4631 οὐ
804 4579 877 4671 μὴ
902 4579 1269 4651 διαρραγῶσιν
1290 4582 1371 4644 είς
1394 4581 1490 4671 τὸν
1518 4580 1693 4635 αίῶνα
1720 4580 1847 4652 χρό-
1878 4615 1925 4671 D

263 4686 378 4723 νον.
420 4687 438 4721 ι
476 4668 611 4722 Θεοῦ
637 4670 748 4742 γὰρ
783 4670 937 4733 πόλις
967 4672 1001 4741 ἡ
1037 4672 1352 4744 Ἐκκλησία,
1385 4668 1452 4745 ἧς
1480 4676 1572 4727 καὶ
1599 4676 1627 4728 ό
1652 4674 1850 4728 θεσπέ-

262 4778 383 4825 σιος
410 4761 576 4816 Δαὸιδ
598 4762 915 4835 ἐπεμνήσθη
933 4763 1127 4830 λέγων,
1158 4784 1177 4815 ι
1200 4764 1577 4836 Δεδοξασμένα
1606 4766 1845 4839 ἐλαλήθη

261 4854 398 4926 περὶ
447 4854 563 4920 σοῦ,
597 4857 631 4926 ἡ
662 4856 816 4918 πόλις
853 4854 950 4908 τοῦ
981 4855 1138 4909 Θεοῦ.
1179 4876 1196 4907 ι
1262 4858 1501 4911 Πλουσία
1538 4857 1647 4928 γὰρ
1683 4859 1846 4931 αῦτη,

258 4946 358 4998 καὶ
401 4945 514 5006 τοϊς
562 4944 769 4998 ἀνωθεν
814 4946 909 4998 καὶ
957 4945 1018 5010 ἐξ
1069 4946 1299 5017 ούρανοῦ
1347 4948 1649 5019 χαρίσμασι
1714 4966 1845 5003 κατ-

253 5034 630 5106 ηγλαῖσμένη,
658 5036 751 5088 καὶ
767 5036 1041 5108 ἄρρηκτον
1068 5037 1264 5107 ἔχουσα
1288 5039 1386 5108 τὴν
1403 5042 1460 5092 ἐν
1494 5039 1694 5110 βεϐαίῳ
1720 5041 1848 5095 στά-

257 5144 366 5187 σιν,
424 5126 630 5197 ἱδρυσίει
662 5144 722 5179 τε
752 5129 845 5180 καὶ
873 5128 1156 5200 διαμονήν.
1196 5150 1213 5181 ι
1258 5130 1428 5183 Πύλαι
1458 5132 1569 5203 γὰρ
1621 5131 1749 5203 ᾅδου
1785 5133 1847 5186 οὑ

253 5219 684 5287 κατισχύσουσιν
732 5219 938 5289 αὐτῆς,
1002 5240 1021 5273 ι
1090 5222 1233 5276 κατὰ
1283 5223 1383 5295 τὴν
1443 5223 1536 5277 τοῦ
1593 5224 1849 5296 Σωτῆρος

254 5309 470 5378 φωνήν.

328 5399 545 5467 ΠᾼΛΛ.
592 5401 886 5475 Ὀρθότατα
919 5404 1014 5457 καὶ
1041 5405 1227 5459 εἰκότα
1253 5405 1461 5477 διανοῇ.

326 5492 496 5545 ΚΥΡ.
547 5491 955 5565 Ἐγηγερμένης
971 5494 1027 5547 δὲ
1059 5496 1159 5565 τῆς
1193 5496 1420 5567 σκηνῆς,
1455 5497 1536 5550 ὅτι
1565 5497 1843 5568 προσῆκεν

255 5591 314 5638 tv
370 5584 567 5654 κόσμῳ
607 5584 822 5638 κεῖσθαι
864 5586 934 5639 τὰ
977 5590 1035 5640 ἐν
1068 5587 1227 5658 αὐτῇ,
1279 5590 1377 5643 καὶ
1420 5588 1495 5660 μὴ
1537 5589 1706 5659 χύδην
1744 5589 1839 5643 καὶ

255 5676 569 5747 ἀτημελῶς,
607 5678 846 5733 διδάσκει
868 5678 1042 5748 λέγων
1073 5683 1101 5733 ό
1135 5681 1355 5736 πάντων
1387 5682 1655 5753 δεσπότης
1681 5682 1836 5746 Θεός·

1961 2014 2201 2079 transiit,
2241 2014 2417 2069 imber
2451 2015 2609 2079 abiit,
2640 2014 2779 2069 abiit
2817 2015 2953 2080 sibi;
2999 2014 3163 2069 ﬂores
3192 2014 3292 2069 visi
3337 2023 3463 2069 sunt
3493 2015 3549 2069 in

1959 2110 2129 2169 terra,
2186 2113 2405 2176 tempus
2454 2106 2757 2175 putationis
2791 2106 3016 2162 advenit
3046 2106 3111 2160 “.
3148 2125 3167 2157 ι
3214 2104 3551 2161 Germinavit

1958 2196 2108 2253 enim
2136 2196 2340 2260 denuo,
2379 2208 2637 2268 tanquam
2665 2200 2854 2262 arbor,
2887 2199 3172 2254 hominum
3200 2207 3549 2268 natura,qua3

1959 2292 2139 2340 morte
2160 2296 2452 2342 exaruerat
2475 2295 2592 2341 tum
2624 2297 2849 2357 propter
2880 2289 3011 2344 Adae
3033 2289 3545 2358 transgressionem,

1958 2386 2078 2433 tum
2104 2387 2332 2448 propter
2354 2388 2661 2449 peccatum,
2690 2380 2837 2449 quod
2870 2380 3032 2435 nobis
3052 2381 3309 2439 omnibus
3334 2383 3547 2453 tyranni

1957 2485 2111 2526 more
2129 2469 2535 2527 dominabatur.
2556 2471 2735 2528 Audio
2755 2472 2920 2528 etiam
2942 2472 3219 2529 Christum
3241 2489 3339 2544 per
3359 2489 3552 2543 quem-~

1957 2562 2084 2618 dam
2105 2577 2137 2617 e
2166 2562 2369 2619 sanctis
2402 2564 2516 2619 suis
2546 2563 2850 2633 prophetis,
2877 2564 3153 2621 dicentem
3182 2582 3197 2619 :
3240 2584 3258 2616 ι
3294 2565 3427 2635 Ego,
3452 2566 3548 2635 qui

1956 2651 2242 2722 loquebar,
2282 2652 2496 2715 adsum,
2533 2653 2681 2711 sicut
2722 2666 2955 2710 vernum
2998 2664 3217 2725 tempus
3246 2656 3300 2711 in
3342 2656 3549 2712 monti-

1955 2744 2060 2800 bus
2087 2744 2154 2800 ⁸³.
2193 2766 2211 2796 ι
2261 2746 2421 2814 332
2461 2745 2619 2811 Quod
2662 2746 2812 2801 enim
2869 2746 2927 2802 in
2970 2747 3251 2803 montibus
3318 2762 3549 2804 vernum

1957 2844 2174 2906 tempus
2199 2836 2385 2899 eﬂicit,
2412 2845 2473 2890 ut
2492 2838 2717 2893 arbores
2747 2852 2889 2893 novo
2912 2838 3159 2908 germine
3189 2846 3547 2905 coronentur,

1957 2930 2064 2984 hoc
2096 2928 2241 2982 idem
2276 2928 2331 2983 in
2362 2928 2525 2982 nobis
2558 2928 2858 2985 Salvatoris
2891 2930 3064 2985 nostri
3104 2929 3376 2985 adventus
3411 2931 3548 2986 επε-

1955 3020 2053 3083 cit,
2096 3019 2191 3088 qui
2240 3019 2295 3072 in
2338 3018 2535 3074 ordine
2574 3028 2885 3088 temporum
2930 3020 3088 3088 quasi
3126 3036 3269 3074 anno
3307 3022 3549 3077 secundo

1958 3110 2083 3173 fuit,
2115 3125 2224 3164 non
2248 3118 2432 3165 autem
2460 3109 2640 3178 primo
2661 3118 2929 3179 tempore,
2980 3126 3089 3180 quo
3114 3111 3203 3165 lex
3234 3120 3292 3165 et
3313 3111 3551 3180 prophe~

1960 3210 2140 3256 tarum
2170 3201 2373 3255 chorus
2410 3200 2646 3271 vigebat,
2689 3208 2746 3255 et
2789 3216 2899 3270 quo
2931 3216 3080 3257 mors
3116 3202 3543 3259 dominabatur:

1958 3292 2207 3363 regnavit
2239 3292 2385 3348 enim
2411 3293 2480 3348 ab
2511 3292 2682 3348 Adam
2715 3308 2886 3360 usque
2918 3294 2983 3348 ad
3020 3294 3340 3365 Moysem“.
3377 3295 3550 3367 Igitur

1959 3394 2214 3455 tanquam
2254 3385 2495 3441 secundo
2522 3401 2686 3449 anno,
2721 3386 2775 3441 id
2808 3398 2912 3449 est,
2944 3396 3218 3458 tempore,
3248 3388 3396 3459 quod
3420 3399 3548 3460 post

1957 3477 2092 3531 illud
2134 3477 2394 3547 primum,
2439 3493 2549 3547 quo
2578 3478 2682 3533 fuit
2714 3479 2821 3543 lex,
2869 3480 3117 3549 proxime
3164 3483 3545 3551 consequitur,

1956 3569 2201 3625 Ecclesia
2234 3586 2303 3625 ex
2346 3570 2599 3640 gentibus
2634 3571 2882 3637 emicuit,
2917 3588 3039 3643 quae
3073 3572 3353 3629 Christum
3385 3574 3549 3631 inha-

1956 3658 2222 3715 bitautcm
2256 3662 2443 3724 habet,
2483 3662 2578 3729 qui
2612 3672 2697 3717 est
2725 3664 2861 3735 legis
2887 3680 2951 3720 ac
2973 3665 3367 3735 prophetarum
3399 3667 3544 3723 ﬁnis.

1958 3749 2262 3805 Videturne
2300 3750 2399 3805 tibi
2432 3759 2618 3805 nostra
2644 3753 2821 3807 oratio
2852 3762 3003 3809 recto
3032 3769 3197 3809 cursu
3238 3754 3305 3811 ad
3342 3754 3546 3812 verita-

1957 3846 2066 3894 tem
2096 3841 2267 3896 ferri?

2024 3936 2220 3990 PALL.
2248 3937 2477 3991 Maxime
2516 3953 2666 3992 vero.

2024 4028 2181 4083 CYR.
2234 4029 2503 4098 Equidem
2548 4036 2681 4098 puto
2727 4029 2915 4083 verius
2958 4029 3093 4083 illud
3131 4030 3544 4086 tabernaculum

1954 4121 2106 4175 Isaiae
2135 4135 2271 4174 voce
2304 4119 2736 4189 praenuntiatum
2780 4135 2921 4184 esse,
2948 4134 3073 4174 cum
3111 4120 3408 4189 unicuique
3446 4137 3547 4191 per

1954 4214 2116 4268 tidem
2142 4212 2211 4266 ad
2240 4212 2511 4281 justitiam
2534 4221 2731 4266 vocato
2762 4212 2971 4268 diceret
2997 4230 3009 4265 :
3045 4232 3062 4262 ι
3096 4212 3250 4267 Oculi
3280 4214 3357 4267 tui
3389 4214 3544 4269 vide-

1949 4302 2089 4357 bunt
2130 4301 2457 4365 Jerusalem,
2510 4301 2762 4356 civitates
2810 4302 3120 4370 Opulentas,
3168 4303 3541 4371 tabernacula,

1950 4406 2071 4461 quae
2114 4405 2225 4446 non
2266 4390 2672 4455 concutientur,
2715 4406 2895 4460 neque
2943 4392 3311 4447 movebuntur
3353 4391 3540 4464 paxilli

1950 4483 2292 4540 tabernaculi
2320 4484 2472 4554 ejus;
2504 4498 2685 4553 neque
2723 4482 2954 4539 funiculi
3004 4486 3124 4557 ejus
3151 4485 3543 4557 dirumpentur

1949 4574 2007 4629 in
2048 4573 2446 4643 sempiternum
2488 4582 2706 4645 tempus
2743 4575 2809 4630 ³⁷.
2872 4595 2890 4628 ι
2936 4577 3031 4633 Dei
3076 4593 3313 4649 namque
3349 4580 3544 4636 civitas

1954 4665 2196 4722 Ecclesia
2218 4674 2322 4731 est,
2358 4669 2520 4738 cujus
2546 4669 2714 4723 etiam
2740 4669 2933 4725 beatus
2956 4671 3126 4725 David
3154 4673 3424 4737 meminit,
3455 4673 3541 4728 di—

1950 4772 2123 4813 cens:
2170 4775 2186 4807 ι
2216 4756 2464 4813 Gloriosa
2505 4758 2653 4814 dicta
2692 4770 2823 4816 sunt
2860 4760 2928 4816 de
2960 4770 3033 4824 te,
3059 4763 3251 4819 civitas
3284 4764 3379 4820 Dei
3405 4765 3467 4817 ³⁸.
3514 4783 3533 4815 ι

1950 4850 2116 4906 Dives
2137 4849 2288 4906 enim
2311 4865 2377 4906 ea
2412 4858 2517 4916 est,
2545 4854 2798 4923 supernis
2823 4854 3247 4925 caelestibusque
3289 4855 3537 4911 muneri—-

1951 4943 2056 4999 bus
2077 4944 2357 5009 decorata,
2382 4960 2564 5015 neque
2599 4962 2840 5016 unquam
2878 4948 3144 5003 dimoveri
3181 4956 3379 5017 potest,
3410 4963 3536 5001 cum

1951 5034 2265 5092 ﬁrmissime
2288 5038 2590 5093 constituta
2631 5040 2724 5106 sit,
2766 5048 2821 5094 et
2851 5039 2954 5094 fixa
2986 5048 3303 5110 permaneat
3332 5057 3345 5093 :
3378 5058 3396 5089 ι
3428 5038 3536 5093 Ne-

1951 5144 2059 5198 que
2091 5128 2239 5183 enim
2272 5140 2442 5200 portae
2468 5132 2628 5188 inferi
2653 5134 3026 5204 prmvalebunt
3049 5133 3312 5188 adversus
3336 5148 3478 5199 eam,
3508 5150 3528 5184 ι

1954 5229 2014 5275 ιιι
2047 5220 2299 5276 Salvator
2326 5223 2403 5277 ait
2433 5222 2522 5279 ³⁸2

2024 5402 2219 5457 PALL.
2255 5404 2425 5459 Recte
2459 5413 2622 5474 atque
2655 5405 3048 5461 convenienter
3075 5404 3373 5460 existimas.

2018 5493 2175 5549 CYR.
2200 5493 2318 5548 Jam
2346 5511 2498 5559 vero,
2535 5506 2722 5550 erecto
2762 5496 3134 5560 tabernaculo,
3177 5498 3296 5567 ejus
3325 5497 3533 5551 instru-

1946 5597 2132 5643 menta
2158 5603 2279 5643 esse
2305 5603 2414 5643 non
2445 5589 2691 5659 disperse
2713 5597 2772 5644 et
2802 5590 3166 5661 negligenter,
3202 5591 3294 5645 sed
3336 5588 3532 5645 ordine

1944 5685 2285 5749 collocanda,
2332 5686 2491 5741 docet
2532 5688 2623 5743 ille
2652 5688 2916 5744 Dominus
2957 5690 3359 5752 universorum,
3403 5700 3530 5742 cum

369 5794 412 5825 °"
430 5792 589 5849 Cant.
621 5810 678 5859 ιι,
709 5793 789 5857 10,
823 5793 902 5849 19..
967 5796 1009 5828 ³⁸
1035 5796 1137 5853 lsa.
1171 5813 1259 5863 ιιι,
1287 5800 1338 5853 6.
1403 5800 1445 5830 ³⁸
1470 5799 1629 5857 Rom.
1661 5816 1711 5864 v,
1751 5798 1835 5853 Η.

1962 5799 2063 5854 lsa.
2083 5815 2269 5861 xxxtu.
2293 5800 2379 5855 20.
2436 5802 2478 5831 ³⁸
2500 5802 2641 5857 Psal.
2666 5819 2879 5870 Lxxxvt,
2909 5804 2961 5859 5.
3006 5804 3065 5835 ³⁸⁸
3095 5801 3280 5858 Matth.
3300 5816 3407 5863 xvr,
3444 5799 3525 5853 18.
