  <div class='ocr_page' id='page_1' title='image "/cluster/home/n/w/nwhite01/storage/ocr_20150623/68/hvd.32044019207851/337.png"; bbox 0 0 3982 6528; ppageno 0'>
   <div class='ocr_carea' id='block_1_1' title="bbox 673 441 775 498">
    <p class='ocr_par' dir='ltr' id='par_1_1' title="bbox 673 441 775 498">
     <span class='ocr_line' id='line_1_1' title="bbox 673 441 775 498; baseline -0.01 0"><span class='ocrx_word' id='word_1_1' title='bbox 673 441 775 498; x_wconf 70' lang='lat'><strong>339</strong></span> 
     </span>
    </p>
   </div>
   <div class='ocr_carea' id='block_1_2' title="bbox 1694 439 3808 509">
    <p class='ocr_par' dir='ltr' id='par_1_2' title="bbox 1694 439 3808 509">
     <span class='ocr_line' id='line_1_2' title="bbox 1694 439 3808 509; baseline -0.002 -13"><span class='ocrx_word' id='word_1_2' title='bbox 1694 440 1747 497; x_wconf 91' lang='lat' dir='ltr'><strong>S.</strong></span> <span class='ocrx_word' id='word_1_3' title='bbox 1792 440 2062 496; x_wconf 68' lang='lat' dir='ltr'><strong>Cl’l‘tlLLl</strong></span> <span class='ocrx_word' id='word_1_4' title='bbox 2103 440 2566 497; x_wconf 70' lang='lat' dir='ltr'><strong>ALEXANDRINI</strong></span> <span class='ocrx_word' id='word_1_5' title='bbox 2607 439 2923 497; x_wconf 81' lang='lat' dir='ltr'><strong>ARClllEP.</strong></span> <span class='ocrx_word' id='word_1_6' title='bbox 3743 455 3808 509; x_wconf 60' lang='lat' dir='ltr'><strong>cm</strong></span> 
     </span>
    </p>
   </div>
   <div class='ocr_carea' id='block_1_3' title="bbox 670 550 2242 628">
    <p class='ocr_par' dir='ltr' id='par_1_3' title="bbox 670 556 2240 628">
     <span class='ocr_line' id='line_1_3' title="bbox 670 556 2240 628; baseline -0.001 -17"><span class='ocrx_word' id='word_1_7' title='bbox 670 556 805 611; x_wconf 90' lang='lat' dir='ltr'><strong>dicit</strong></span> <span class='ocrx_word' id='word_1_8' title='bbox 831 574 843 609; x_wconf 90' lang='lat'><strong>:</strong></span> <span class='ocrx_word' id='word_1_9' title='bbox 880 578 895 605; x_wconf 86' lang='grc'><strong>‹</strong></span> <span class='ocrx_word' id='word_1_10' title='bbox 928 556 993 610; x_wconf 84' lang='lat' dir='ltr'><strong>Et</strong></span> <span class='ocrx_word' id='word_1_11' title='bbox 1030 570 1197 625; x_wconf 85' lang='lat' dir='ltr'><strong>pones</strong></span> <span class='ocrx_word' id='word_1_12' title='bbox 1222 569 1401 608; x_wconf 89' lang='lat' dir='ltr'><strong>arcam</strong></span> <span class='ocrx_word' id='word_1_13' title='bbox 1443 556 1773 619; x_wconf 73' lang='lat' dir='ltr'><strong>testamenti,</strong></span> <span class='ocrx_word' id='word_1_14' title='bbox 1800 565 1854 610; x_wconf 89' lang='lat' dir='ltr'><strong>et</strong></span> <span class='ocrx_word' id='word_1_15' title='bbox 1882 564 2029 628; x_wconf 81' lang='lat' dir='ltr'><strong>teges</strong></span> <span class='ocrx_word' id='word_1_16' title='bbox 2060 572 2240 611; x_wconf 90' lang='lat' dir='ltr'><strong>arcam</strong></span> 
     </span>
    </p>
   </div>
   <div class='ocr_carea' id='block_1_4' title="bbox 2237 550 3809 628">
    <p class='ocr_par' dir='ltr' id='par_1_4' title="bbox 2237 550 3809 626">
     <span class='ocr_line' id='line_1_4' title="bbox 2237 550 3809 626; baseline 0.004 -23"><span class='ocrx_word' id='word_1_17' title='bbox 2237 579 2240 608; x_wconf 72' lang='grc' dir='ltr'><strong><em>π</em></strong></span> <span class='ocrx_word' id='word_1_18' title='bbox 2272 560 2317 615; x_wconf 79' lang='grc' dir='ltr'>Α</span> <span class='ocrx_word' id='word_1_19' title='bbox 2351 573 2367 604; x_wconf 81' lang='grc' dir='ltr'><strong>ι</strong></span> <span class='ocrx_word' id='word_1_20' title='bbox 2403 554 2510 606; x_wconf 78' lang='lat' dir='ltr'><strong>Kal.</strong></span> <span class='ocrx_word' id='word_1_21' title='bbox 2549 553 2736 624; x_wconf 82' lang='grc' dir='ltr'>θήσεις</span> <span class='ocrx_word' id='word_1_22' title='bbox 2775 554 2874 623; x_wconf 78' lang='grc' dir='ltr'>τὴν</span> <span class='ocrx_word' id='word_1_23' title='bbox 2914 552 3145 606; x_wconf 72' lang='grc' dir='ltr'>κιϐωτὸν</span> <span class='ocrx_word' id='word_1_24' title='bbox 3176 550 3270 606; x_wconf 82' lang='grc' dir='ltr'>τοῦ</span> <span class='ocrx_word' id='word_1_25' title='bbox 3306 566 3604 626; x_wconf 77' lang='grc' dir='ltr'>μαρτυρίου,</span> <span class='ocrx_word' id='word_1_26' title='bbox 3633 563 3704 615; x_wconf 64' lang='lat' dir='ltr'><strong>al.</strong></span> <span class='ocrx_word' id='word_1_27' title='bbox 3727 582 3809 622; x_wconf 68' lang='lat' dir='ltr'><strong>m.</strong></span> 
     </span>
    </p>
   </div>
   <div class='ocr_carea' id='block_1_5' title="bbox 668 639 2236 717">
    <p class='ocr_par' dir='ltr' id='par_1_5' title="bbox 668 639 2236 717">
     <span class='ocr_line' id='line_1_5' title="bbox 668 639 2236 717; baseline 0.002 -19"><span class='ocrx_word' id='word_1_28' title='bbox 668 646 792 700; x_wconf 79' lang='lat' dir='ltr'><strong>velo</strong></span> <span class='ocrx_word' id='word_1_29' title='bbox 814 686 828 710; x_wconf 91' lang='lat'><strong>,</strong></span> <span class='ocrx_word' id='word_1_30' title='bbox 856 654 912 699; x_wconf 89' lang='lat' dir='ltr'><strong>et</strong></span> <span class='ocrx_word' id='word_1_31' title='bbox 934 639 1416 707; x_wconf 84' lang='lat' dir='ltr'><strong>inferes&#39;mensam,</strong></span> <span class='ocrx_word' id='word_1_32' title='bbox 1446 654 1499 698; x_wconf 92' lang='lat' dir='ltr'><strong>ct</strong></span> <span class='ocrx_word' id='word_1_33' title='bbox 1522 662 1791 715; x_wconf 89' lang='lat' dir='ltr'><strong>propones</strong></span> <span class='ocrx_word' id='word_1_34' title='bbox 1812 648 2236 717; x_wconf 74' lang='lat' dir='ltr'><strong>propositionem</strong></span> 
     </span>
    </p>
   </div>
   <div class='ocr_carea' id='block_1_6' title="bbox 668 734 2239 808">
    <p class='ocr_par' dir='ltr' id='par_1_6' title="bbox 668 734 2239 808">
     <span class='ocr_line' id='line_1_6' title="bbox 668 734 2239 808; baseline 0.002 -18"><span class='ocrx_word' id='word_1_35' title='bbox 668 738 807 807; x_wconf 84' lang='lat' dir='ltr'><strong>ejus,</strong></span> <span class='ocrx_word' id='word_1_36' title='bbox 841 745 897 789; x_wconf 92' lang='lat' dir='ltr'><strong>ct</strong></span> <span class='ocrx_word' id='word_1_37' title='bbox 930 734 1133 789; x_wconf 84' lang='lat' dir='ltr'><strong>infercs</strong></span> <span class='ocrx_word' id='word_1_38' title='bbox 1156 735 1563 799; x_wconf 79' lang='lat' dir='ltr'><strong>candelabrum,</strong></span> <span class='ocrx_word' id='word_1_39' title='bbox 1608 747 1664 791; x_wconf 90' lang='lat' dir='ltr'><strong>et</strong></span> <span class='ocrx_word' id='word_1_40' title='bbox 1704 738 1951 808; x_wconf 90' lang='lat' dir='ltr'><strong>impones</strong></span> <span class='ocrx_word' id='word_1_41' title='bbox 1988 738 2239 793; x_wconf 87' lang='lat' dir='ltr'><strong>lucernas</strong></span> 
     </span>
    </p>
   </div>
   <div class='ocr_carea' id='block_1_7' title="bbox 666 827 2237 898">
    <p class='ocr_par' dir='ltr' id='par_1_7' title="bbox 666 827 2237 898">
     <span class='ocr_line' id='line_1_7' title="bbox 666 827 2237 898; baseline 0.001 -18"><span class='ocrx_word' id='word_1_42' title='bbox 666 829 803 898; x_wconf 84' lang='lat' dir='ltr'><strong>ejus,</strong></span> <span class='ocrx_word' id='word_1_43' title='bbox 839 834 893 880; x_wconf 88' lang='lat' dir='ltr'><strong>et</strong></span> <span class='ocrx_word' id='word_1_44' title='bbox 919 841 1090 896; x_wconf 89' lang='lat' dir='ltr'><strong>pones</strong></span> <span class='ocrx_word' id='word_1_45' title='bbox 1112 827 1279 880; x_wconf 89' lang='lat' dir='ltr'><strong>altare</strong></span> <span class='ocrx_word' id='word_1_46' title='bbox 1313 843 1539 882; x_wconf 89' lang='lat' dir='ltr'><strong>aureum</strong></span> <span class='ocrx_word' id='word_1_47' title='bbox 1584 829 1650 883; x_wconf 91' lang='lat' dir='ltr'><strong>ad</strong></span> <span class='ocrx_word' id='word_1_48' title='bbox 1689 828 2015 884; x_wconf 87' lang='lat' dir='ltr'><strong>adolendum</strong></span> <span class='ocrx_word' id='word_1_49' title='bbox 2054 843 2237 884; x_wconf 88' lang='lat' dir='ltr'><strong>coram</strong></span> 
     </span>
    </p>
   </div>
   <div class='ocr_carea' id='block_1_8' title="bbox 665 918 2237 992">
    <p class='ocr_par' dir='ltr' id='par_1_8' title="bbox 665 918 2237 992">
     <span class='ocr_line' id='line_1_8' title="bbox 665 918 2237 992; baseline 0.003 -22"><span class='ocrx_word' id='word_1_50' title='bbox 665 918 1020 972; x_wconf 85' lang='lat' dir='ltr'><strong>tabernaculo</strong></span> <span class='ocrx_word' id='word_1_51' title='bbox 1046 919 1365 981; x_wconf 73' lang='lat' dir='ltr'><strong>testimonii,</strong></span> <span class='ocrx_word' id='word_1_52' title='bbox 1395 930 1450 973; x_wconf 89' lang='lat' dir='ltr'><strong>et</strong></span> <span class='ocrx_word' id='word_1_53' title='bbox 1472 921 1718 989; x_wconf 86' lang='lat' dir='ltr'><strong>impones</strong></span> <span class='ocrx_word' id='word_1_54' title='bbox 1738 928 2109 992; x_wconf 83' lang='lat' dir='ltr'><strong>tegumentum</strong></span> <span class='ocrx_word' id='word_1_55' title='bbox 2131 921 2237 975; x_wconf 86' lang='lat' dir='ltr'><strong>veli</strong></span> 
     </span>
    </p>
   </div>
   <div class='ocr_carea' id='block_1_9' title="bbox 662 1008 2237 1075">
    <p class='ocr_par' dir='ltr' id='par_1_9' title="bbox 662 1008 2237 1075">
     <span class='ocr_line' id='line_1_9' title="bbox 662 1008 2237 1075; baseline 0.003 -14"><span class='ocrx_word' id='word_1_56' title='bbox 662 1008 729 1061; x_wconf 89' lang='lat' dir='ltr'><strong>ad</strong></span> <span class='ocrx_word' id='word_1_57' title='bbox 763 1009 963 1062; x_wconf 91' lang='lat' dir='ltr'><strong>ostium</strong></span> <span class='ocrx_word' id='word_1_58' title='bbox 986 1010 1319 1065; x_wconf 82' lang='lat' dir='ltr'><strong>tabernaculi</strong></span> <span class='ocrx_word' id='word_1_59' title='bbox 1348 1012 1670 1075; x_wconf 87' lang='lat' dir='ltr'><strong>testimonii,</strong></span> <span class='ocrx_word' id='word_1_60' title='bbox 1712 1020 1767 1066; x_wconf 87' lang='lat' dir='ltr'><strong>et</strong></span> <span class='ocrx_word' id='word_1_61' title='bbox 1788 1013 1958 1066; x_wconf 88' lang='lat' dir='ltr'><strong>altare</strong></span> <span class='ocrx_word' id='word_1_62' title='bbox 1985 1013 2237 1066; x_wconf 89' lang='lat' dir='ltr'><strong>holocau-</strong></span> 
     </span>
    </p>
   </div>
   <div class='ocr_carea' id='block_1_10' title="bbox 663 1103 2237 1174">
    <p class='ocr_par' dir='ltr' id='par_1_10' title="bbox 663 1103 2237 1174">
     <span class='ocr_line' id='line_1_10' title="bbox 663 1103 2237 1174; baseline 0.003 -22"><span class='ocrx_word' id='word_1_63' title='bbox 663 1109 871 1154; x_wconf 87' lang='lat' dir='ltr'><strong>storum</strong></span> <span class='ocrx_word' id='word_1_64' title='bbox 917 1117 1087 1172; x_wconf 90' lang='lat' dir='ltr'><strong>pones</strong></span> <span class='ocrx_word' id='word_1_65' title='bbox 1120 1104 1273 1173; x_wconf 76' lang='lat' dir='ltr'><strong>juxta</strong></span> <span class='ocrx_word' id='word_1_66' title='bbox 1296 1112 1507 1174; x_wconf 91' lang='lat' dir='ltr'><strong>portam</strong></span> <span class='ocrx_word' id='word_1_67' title='bbox 1536 1104 1873 1158; x_wconf 89' lang='lat' dir='ltr'><strong>tabernaculi</strong></span> <span class='ocrx_word' id='word_1_68' title='bbox 1899 1103 2191 1159; x_wconf 89' lang='lat' dir='ltr'><strong>testimonii</strong></span> <span class='ocrx_word' id='word_1_69' title='bbox 2221 1143 2237 1166; x_wconf 91' lang='lat'><strong>,</strong></span> 
     </span>
    </p>
   </div>
   <div class='ocr_carea' id='block_1_11' title="bbox 661 1193 2237 1266">
    <p class='ocr_par' dir='ltr' id='par_1_11' title="bbox 661 1193 2237 1266">
     <span class='ocr_line' id='line_1_11' title="bbox 661 1193 2237 1266; baseline 0.003 -22"><span class='ocrx_word' id='word_1_70' title='bbox 661 1199 719 1245; x_wconf 88' lang='lat' dir='ltr'><strong>et</strong></span> <span class='ocrx_word' id='word_1_71' title='bbox 745 1193 1127 1264; x_wconf 89' lang='lat' dir='ltr'><strong>circumpones</strong></span> <span class='ocrx_word' id='word_1_72' title='bbox 1159 1197 1595 1261; x_wconf 86' lang='lat' dir='ltr'><strong>tabernaculum,</strong></span> <span class='ocrx_word' id='word_1_73' title='bbox 1626 1206 1681 1251; x_wconf 94' lang='lat' dir='ltr'><strong>et</strong></span> <span class='ocrx_word' id='word_1_74' title='bbox 1706 1197 1888 1251; x_wconf 86' lang='lat' dir='ltr'><strong>omnia</strong></span> <span class='ocrx_word' id='word_1_75' title='bbox 1925 1212 2044 1266; x_wconf 67' lang='lat' dir='ltr'><strong>qua:</strong></span> <span class='ocrx_word' id='word_1_76' title='bbox 2090 1197 2144 1250; x_wconf 90' lang='lat' dir='ltr'><strong>in</strong></span> <span class='ocrx_word' id='word_1_77' title='bbox 2170 1211 2237 1250; x_wconf 92' lang='lat' dir='ltr'><strong>eo</strong></span> 
     </span>
    </p>
   </div>
   <div class='ocr_carea' id='block_1_12' title="bbox 663 1285 2237 1356">
    <p class='ocr_par' dir='ltr' id='par_1_12' title="bbox 663 1285 2237 1356">
     <span class='ocr_line' id='line_1_12' title="bbox 663 1285 2237 1356; baseline 0.004 -21"><span class='ocrx_word' id='word_1_78' title='bbox 663 1293 791 1338; x_wconf 88' lang='lat' dir='ltr'><strong>sunt</strong></span> <span class='ocrx_word' id='word_1_79' title='bbox 828 1285 1212 1356; x_wconf 89' lang='lat' dir='ltr'><strong>circumpones</strong></span> <span class='ocrx_word' id='word_1_80' title='bbox 1256 1288 1309 1341; x_wconf 89' lang='lat' dir='ltr'><strong>in</strong></span> <span class='ocrx_word' id='word_1_81' title='bbox 1343 1288 1576 1343; x_wconf 87' lang='lat' dir='ltr'><strong>circuitu</strong></span> <span class='ocrx_word' id='word_1_82' title='bbox 1602 1288 1666 1341; x_wconf 75' lang='lat'><strong>”.</strong></span> <span class='ocrx_word' id='word_1_83' title='bbox 1699 1309 1716 1339; x_wconf 73' lang='grc' dir='ltr'><strong>ι</strong></span> <span class='ocrx_word' id='word_1_84' title='bbox 1747 1288 1852 1343; x_wconf 92' lang='lat' dir='ltr'><strong>Sed</strong></span> <span class='ocrx_word' id='word_1_85' title='bbox 1887 1289 1943 1342; x_wconf 90' lang='lat' dir='ltr'><strong>in</strong></span> <span class='ocrx_word' id='word_1_86' title='bbox 1974 1289 2060 1343; x_wconf 86' lang='lat' dir='ltr'><strong>his</strong></span> <span class='ocrx_word' id='word_1_87' title='bbox 2085 1304 2237 1343; x_wconf 87' lang='lat' dir='ltr'><strong>sacra</strong></span> 
     </span>
    </p>
   </div>
   <div class='ocr_carea' id='block_1_13' title="bbox 662 1375 2238 1448">
    <p class='ocr_par' dir='ltr' id='par_1_13' title="bbox 662 1375 2238 1448">
     <span class='ocr_line' id='line_1_13' title="bbox 662 1375 2238 1448; baseline 0.004 -22"><span class='ocrx_word' id='word_1_88' title='bbox 662 1388 791 1429; x_wconf 87' lang='lat' dir='ltr'><strong>vasa</strong></span> <span class='ocrx_word' id='word_1_89' title='bbox 819 1375 986 1431; x_wconf 79' lang='lat' dir='ltr'><strong>fuisse</strong></span> <span class='ocrx_word' id='word_1_90' title='bbox 1010 1378 1099 1432; x_wconf 90' lang='lat' dir='ltr'><strong>illa</strong></span> <span class='ocrx_word' id='word_1_91' title='bbox 1122 1378 1341 1448; x_wconf 88' lang='lat' dir='ltr'><strong>quidem</strong></span> <span class='ocrx_word' id='word_1_92' title='bbox 1374 1379 1427 1432; x_wconf 93' lang='lat' dir='ltr'><strong>in</strong></span> <span class='ocrx_word' id='word_1_93' title='bbox 1448 1393 1662 1432; x_wconf 89' lang='lat' dir='ltr'><strong>sacrum</strong></span> <span class='ocrx_word' id='word_1_94' title='bbox 1687 1379 2097 1433; x_wconf 90' lang='lat' dir='ltr'><strong>tabernaculum</strong></span> <span class='ocrx_word' id='word_1_95' title='bbox 2123 1379 2238 1432; x_wconf 87' lang='lat' dir='ltr'><strong>illa-</strong></span> 
     </span>
    </p>
   </div>
   <div class='ocr_carea' id='block_1_14' title="bbox 666 1466 2235 1539">
    <p class='ocr_par' dir='ltr' id='par_1_14' title="bbox 666 1466 2235 1539">
     <span class='ocr_line' id='line_1_14' title="bbox 666 1466 2235 1539; baseline 0.004 -22"><span class='ocrx_word' id='word_1_96' title='bbox 666 1474 719 1518; x_wconf 88' lang='lat' dir='ltr'><strong>ta</strong></span> <span class='ocrx_word' id='word_1_97' title='bbox 748 1466 936 1523; x_wconf 88' lang='lat' dir='ltr'><strong>videre</strong></span> <span class='ocrx_word' id='word_1_98' title='bbox 963 1468 1122 1536; x_wconf 90' lang='lat' dir='ltr'><strong>licet;</strong></span> <span class='ocrx_word' id='word_1_99' title='bbox 1151 1484 1260 1523; x_wconf 88' lang='lat' dir='ltr'><strong>non</strong></span> <span class='ocrx_word' id='word_1_100' title='bbox 1288 1470 1416 1523; x_wconf 90' lang='lat' dir='ltr'><strong>item</strong></span> <span class='ocrx_word' id='word_1_101' title='bbox 1446 1470 1605 1538; x_wconf 82' lang='lat' dir='ltr'><strong>plane</strong></span> <span class='ocrx_word' id='word_1_102' title='bbox 1644 1470 1767 1538; x_wconf 87' lang='lat' dir='ltr'><strong>quis</strong></span> <span class='ocrx_word' id='word_1_103' title='bbox 1793 1470 1988 1539; x_wconf 90' lang='lat' dir='ltr'><strong>cuique</strong></span> <span class='ocrx_word' id='word_1_104' title='bbox 2016 1472 2128 1525; x_wconf 82' lang='lat' dir='ltr'><strong>vasi</strong></span> <span class='ocrx_word' id='word_1_105' title='bbox 2153 1472 2235 1524; x_wconf 90' lang='lat' dir='ltr'><strong>lo-</strong></span> 
     </span>
    </p>
   </div>
   <div class='ocr_carea' id='block_1_15' title="bbox 665 1560 2237 1632">
    <p class='ocr_par' dir='ltr' id='par_1_15' title="bbox 665 1560 2237 1632">
     <span class='ocr_line' id='line_1_15' title="bbox 665 1560 2237 1632; baseline 0.005 -22"><span class='ocrx_word' id='word_1_106' title='bbox 665 1572 763 1611; x_wconf 90' lang='lat' dir='ltr'><strong>cus</strong></span> <span class='ocrx_word' id='word_1_107' title='bbox 788 1575 884 1627; x_wconf 91' lang='lat' dir='ltr'><strong>pro</strong></span> <span class='ocrx_word' id='word_1_108' title='bbox 906 1560 1024 1629; x_wconf 90' lang='lat' dir='ltr'><strong>ejus</strong></span> <span class='ocrx_word' id='word_1_109' title='bbox 1049 1562 1427 1617; x_wconf 89' lang='lat' dir='ltr'><strong>convenientia</strong></span> <span class='ocrx_word' id='word_1_110' title='bbox 1456 1563 1527 1617; x_wconf 89' lang='lat' dir='ltr'><strong>sit</strong></span> <span class='ocrx_word' id='word_1_111' title='bbox 1550 1563 1863 1617; x_wconf 89' lang='lat' dir='ltr'><strong>attributus.</strong></span> <span class='ocrx_word' id='word_1_112' title='bbox 1885 1562 2044 1632; x_wconf 82' lang='lat'><strong>333</strong></span> <span class='ocrx_word' id='word_1_113' title='bbox 2074 1563 2237 1618; x_wconf 78' lang='lat' dir='ltr'><strong>Visne</strong></span> 
     </span>
    </p>
   </div>
   <div class='ocr_carea' id='block_1_16' title="bbox 591 1643 2237 1724">
    <p class='ocr_par' dir='ltr' id='par_1_16' title="bbox 591 1643 2237 1724">
     <span class='ocr_line' id='line_1_16' title="bbox 591 1643 2237 1724; baseline 0.005 -25"><span class='ocrx_word' id='word_1_114' title='bbox 591 1643 594 1646; x_wconf 78' lang='grc'><strong>’</strong></span> <span class='ocrx_word' id='word_1_115' title='bbox 667 1648 835 1717; x_wconf 81' lang='lat' dir='ltr'><strong>igitur</strong></span> <span class='ocrx_word' id='word_1_116' title='bbox 859 1651 1127 1721; x_wconf 88' lang='lat' dir='ltr'><strong>ejusmodi</strong></span> <span class='ocrx_word' id='word_1_117' title='bbox 1147 1662 1549 1723; x_wconf 53' lang='lat' dir='ltr'><strong>praeceptorum</strong></span> <span class='ocrx_word' id='word_1_118' title='bbox 1579 1669 1699 1724; x_wconf 84' lang='lat' dir='ltr'><strong>quae</strong></span> <span class='ocrx_word' id='word_1_119' title='bbox 1722 1653 1789 1708; x_wconf 91' lang='lat' dir='ltr'><strong>ad</strong></span> <span class='ocrx_word' id='word_1_120' title='bbox 1823 1654 2237 1708; x_wconf 84' lang='lat' dir='ltr'><strong>tabernaculum</strong></span> 
     </span>
    </p>
   </div>
   <div class='ocr_carea' id='block_1_17' title="bbox 665 1741 2237 1817">
    <p class='ocr_par' dir='ltr' id='par_1_17' title="bbox 665 1741 2237 1817">
     <span class='ocr_line' id='line_1_17' title="bbox 665 1741 2237 1817; baseline 0.005 -25"><span class='ocrx_word' id='word_1_121' title='bbox 665 1741 964 1809; x_wconf 89' lang='lat' dir='ltr'><strong>pertinent,</strong></span> <span class='ocrx_word' id='word_1_122' title='bbox 990 1743 1247 1801; x_wconf 88' lang='lat' dir='ltr'><strong>subtilem</strong></span> <span class='ocrx_word' id='word_1_123' title='bbox 1287 1754 1342 1801; x_wconf 91' lang='lat' dir='ltr'><strong>et</strong></span> <span class='ocrx_word' id='word_1_124' title='bbox 1374 1754 1688 1801; x_wconf 87' lang='lat' dir='ltr'><strong>accuratam</strong></span> <span class='ocrx_word' id='word_1_125' title='bbox 1731 1744 2096 1817; x_wconf 76' lang='lat' dir='ltr'><strong>cognitionem</strong></span> <span class='ocrx_word' id='word_1_126' title='bbox 2122 1745 2237 1800; x_wconf 88' lang='lat' dir='ltr'><strong>col-</strong></span> 
     </span>
    </p>
   </div>
   <div class='ocr_carea' id='block_1_18' title="bbox 666 1831 1652 1901">
    <p class='ocr_par' dir='ltr' id='par_1_18' title="bbox 666 1831 1652 1901">
     <span class='ocr_line' id='line_1_18' title="bbox 666 1831 1652 1901; baseline 0.002 -16"><span class='ocrx_word' id='word_1_127' title='bbox 666 1831 897 1901; x_wconf 83' lang='lat' dir='ltr'><strong>ligamus</strong></span> <span class='ocrx_word' id='word_1_128' title='bbox 914 1834 939 1886; x_wconf 88' lang='lat'><strong>?</strong></span> <span class='ocrx_word' id='word_1_129' title='bbox 1639 1839 1652 1872; x_wconf 72' lang='grc' dir='ltr'><strong>ί</strong></span> 
     </span>
    </p>
   </div>
   <div class='ocr_carea' id='block_1_19' title="bbox 736 2008 1637 2082">
    <p class='ocr_par' dir='ltr' id='par_1_19' title="bbox 736 2008 1637 2082">
     <span class='ocr_line' id='line_1_19' title="bbox 736 2008 1637 2082; baseline 0.009 -21"><span class='ocrx_word' id='word_1_130' title='bbox 736 2008 931 2063; x_wconf 75' lang='lat' dir='ltr'><strong>PALL.</strong></span> <span class='ocrx_word' id='word_1_131' title='bbox 965 2011 1076 2082; x_wconf 72' lang='lat' dir='ltr'><strong>Ego</strong></span> <span class='ocrx_word' id='word_1_132' title='bbox 1100 2028 1231 2067; x_wconf 90' lang='lat' dir='ltr'><strong>vero</strong></span> <span class='ocrx_word' id='word_1_133' title='bbox 1258 2013 1637 2069; x_wconf 85' lang='lat' dir='ltr'><strong>libentissime.</strong></span> 
     </span>
    </p>
   </div>
   <div class='ocr_carea' id='block_1_20' title="bbox 736 2102 2237 2178">
    <p class='ocr_par' dir='ltr' id='par_1_20' title="bbox 736 2102 2237 2178">
     <span class='ocr_line' id='line_1_20' title="bbox 736 2102 2237 2178; baseline 0.002 -20"><span class='ocrx_word' id='word_1_134' title='bbox 736 2102 893 2158; x_wconf 75' lang='lat' dir='ltr'><strong>CYR.</strong></span> <span class='ocrx_word' id='word_1_135' title='bbox 916 2104 1003 2157; x_wconf 81' lang='lat' dir='ltr'><strong>Ait</strong></span> <span class='ocrx_word' id='word_1_136' title='bbox 1020 2105 1201 2174; x_wconf 89' lang='lat' dir='ltr'><strong>itaque</strong></span> <span class='ocrx_word' id='word_1_137' title='bbox 1218 2106 1284 2160; x_wconf 91' lang='lat' dir='ltr'><strong>ad</strong></span> <span class='ocrx_word' id='word_1_138' title='bbox 1301 2107 1517 2178; x_wconf 81' lang='lat' dir='ltr'><strong>Moysen</strong></span> <span class='ocrx_word' id='word_1_139' title='bbox 1540 2109 1713 2163; x_wconf 88' lang='lat' dir='ltr'><strong>Deus:</strong></span> <span class='ocrx_word' id='word_1_140' title='bbox 1755 2130 1771 2159; x_wconf 79' lang='grc' dir='ltr'><strong>ι</strong></span> <span class='ocrx_word' id='word_1_141' title='bbox 1810 2109 1877 2163; x_wconf 86' lang='grc' dir='ltr'>Ει</span> <span class='ocrx_word' id='word_1_142' title='bbox 1898 2108 2066 2162; x_wconf 81' lang='lat' dir='ltr'><strong>facies</strong></span> <span class='ocrx_word' id='word_1_143' title='bbox 2088 2108 2237 2161; x_wconf 85' lang='lat' dir='ltr'><strong>vela-</strong></span> 
     </span>
    </p>
   </div>
   <div class='ocr_carea' id='block_1_21' title="bbox 665 2193 2239 2269">
    <p class='ocr_par' dir='ltr' id='par_1_21' title="bbox 665 2193 2239 2269">
     <span class='ocr_line' id='line_1_21' title="bbox 665 2193 2239 2269; baseline 0.004 -23"><span class='ocrx_word' id='word_1_144' title='bbox 665 2208 790 2248; x_wconf 89' lang='lat' dir='ltr'><strong>men</strong></span> <span class='ocrx_word' id='word_1_145' title='bbox 814 2208 880 2247; x_wconf 65' lang='grc' dir='ltr'>οι</span> <span class='ocrx_word' id='word_1_146' title='bbox 904 2193 1201 2263; x_wconf 86' lang='lat' dir='ltr'><strong>hyacintho</strong></span> <span class='ocrx_word' id='word_1_147' title='bbox 1218 2203 1274 2249; x_wconf 92' lang='lat' dir='ltr'><strong>et</strong></span> <span class='ocrx_word' id='word_1_148' title='bbox 1289 2200 1554 2267; x_wconf 81' lang='lat' dir='ltr'><strong>purpura,</strong></span> <span class='ocrx_word' id='word_1_149' title='bbox 1572 2207 1628 2253; x_wconf 91' lang='lat' dir='ltr'><strong>et</strong></span> <span class='ocrx_word' id='word_1_150' title='bbox 1644 2213 1808 2253; x_wconf 92' lang='lat' dir='ltr'><strong>cocco</strong></span> <span class='ocrx_word' id='word_1_151' title='bbox 1824 2206 1987 2263; x_wconf 91' lang='lat' dir='ltr'><strong>torto,</strong></span> <span class='ocrx_word' id='word_1_152' title='bbox 2004 2206 2059 2252; x_wconf 91' lang='lat' dir='ltr'><strong>et</strong></span> <span class='ocrx_word' id='word_1_153' title='bbox 2078 2198 2239 2269; x_wconf 87' lang='lat' dir='ltr'><strong>bysso</strong></span> 
     </span>
    </p>
   </div>
   <div class='ocr_carea' id='block_1_22' title="bbox 661 2286 2237 2357">
    <p class='ocr_par' dir='ltr' id='par_1_22' title="bbox 661 2286 2237 2357">
     <span class='ocr_line' id='line_1_22' title="bbox 661 2286 2237 2357; baseline 0.002 -19"><span class='ocrx_word' id='word_1_154' title='bbox 661 2294 822 2349; x_wconf 89' lang='lat' dir='ltr'><strong>neta;</strong></span> <span class='ocrx_word' id='word_1_155' title='bbox 858 2301 998 2355; x_wconf 89' lang='lat' dir='ltr'><strong>opus</strong></span> <span class='ocrx_word' id='word_1_156' title='bbox 1029 2286 1215 2341; x_wconf 85' lang='lat' dir='ltr'><strong>textile</strong></span> <span class='ocrx_word' id='word_1_157' title='bbox 1244 2286 1410 2343; x_wconf 74' lang='lat' dir='ltr'><strong>facies</strong></span> <span class='ocrx_word' id='word_1_158' title='bbox 1440 2288 1573 2342; x_wconf 92' lang='lat' dir='ltr'><strong>illud</strong></span> <span class='ocrx_word' id='word_1_159' title='bbox 1605 2288 1926 2353; x_wconf 90' lang='lat' dir='ltr'><strong>Cherubim,</strong></span> <span class='ocrx_word' id='word_1_160' title='bbox 1954 2298 2011 2343; x_wconf 91' lang='lat' dir='ltr'><strong>et</strong></span> <span class='ocrx_word' id='word_1_161' title='bbox 2044 2303 2237 2357; x_wconf 88' lang='lat' dir='ltr'><strong>super-</strong></span> 
     </span>
    </p>
   </div>
   <div class='ocr_carea' id='block_1_23' title="bbox 664 2377 2240 2450">
    <p class='ocr_par' dir='ltr' id='par_1_23' title="bbox 664 2377 2240 2450">
     <span class='ocr_line' id='line_1_23' title="bbox 664 2377 2240 2450; baseline 0.003 -20"><span class='ocrx_word' id='word_1_162' title='bbox 664 2377 914 2446; x_wconf 90' lang='lat' dir='ltr'><strong>impones</strong></span> <span class='ocrx_word' id='word_1_163' title='bbox 957 2378 1093 2432; x_wconf 86' lang='lat' dir='ltr'><strong>illud</strong></span> <span class='ocrx_word' id='word_1_164' title='bbox 1141 2394 1307 2449; x_wconf 89' lang='lat' dir='ltr'><strong>super</strong></span> <span class='ocrx_word' id='word_1_165' title='bbox 1347 2388 1583 2450; x_wconf 83' lang='lat' dir='ltr'><strong>quatuor</strong></span> <span class='ocrx_word' id='word_1_166' title='bbox 1613 2383 1898 2435; x_wconf 89' lang='lat' dir='ltr'><strong>columnas</strong></span> <span class='ocrx_word' id='word_1_167' title='bbox 1930 2380 2240 2450; x_wconf 90' lang='lat' dir='ltr'><strong>imputribi-</strong></span> 
     </span>
    </p>
   </div>
   <div class='ocr_carea' id='block_1_24' title="bbox 660 2468 2241 2541">
    <p class='ocr_par' dir='ltr' id='par_1_24' title="bbox 660 2468 2241 2541">
     <span class='ocr_line' id='line_1_24' title="bbox 660 2468 2241 2541; baseline 0.001 -18"><span class='ocrx_word' id='word_1_168' title='bbox 660 2468 744 2524; x_wconf 89' lang='lat' dir='ltr'><strong>les</strong></span> <span class='ocrx_word' id='word_1_169' title='bbox 780 2470 1058 2524; x_wconf 88' lang='lat' dir='ltr'><strong>inauratas</strong></span> <span class='ocrx_word' id='word_1_170' title='bbox 1074 2486 1209 2524; x_wconf 87' lang='lat' dir='ltr'><strong>auro</strong></span> <span class='ocrx_word' id='word_1_171' title='bbox 1234 2487 1247 2523; x_wconf 90' lang='lat'><strong>:</strong></span> <span class='ocrx_word' id='word_1_172' title='bbox 1274 2479 1330 2524; x_wconf 92' lang='lat' dir='ltr'><strong>et</strong></span> <span class='ocrx_word' id='word_1_173' title='bbox 1363 2471 1539 2541; x_wconf 89' lang='lat' dir='ltr'><strong>capita</strong></span> <span class='ocrx_word' id='word_1_174' title='bbox 1572 2487 1761 2526; x_wconf 89' lang='lat' dir='ltr'><strong>earum</strong></span> <span class='ocrx_word' id='word_1_175' title='bbox 1794 2485 1982 2534; x_wconf 88' lang='lat' dir='ltr'><strong>aurea,</strong></span> <span class='ocrx_word' id='word_1_176' title='bbox 2006 2480 2060 2525; x_wconf 91' lang='lat' dir='ltr'><strong>et</strong></span> <span class='ocrx_word' id='word_1_177' title='bbox 2082 2470 2241 2525; x_wconf 88' lang='lat' dir='ltr'><strong>bases</strong></span> 
     </span>
    </p>
   </div>
   <div class='ocr_carea' id='block_1_25' title="bbox 661 2560 2239 2630">
    <p class='ocr_par' dir='ltr' id='par_1_25' title="bbox 661 2560 2239 2630">
     <span class='ocr_line' id='line_1_25' title="bbox 661 2560 2239 2630; baseline 0.002 -19"><span class='ocrx_word' id='word_1_178' title='bbox 661 2571 852 2611; x_wconf 86' lang='lat' dir='ltr'><strong>earum</strong></span> <span class='ocrx_word' id='word_1_179' title='bbox 889 2564 1127 2627; x_wconf 88' lang='lat' dir='ltr'><strong>quatuor</strong></span> <span class='ocrx_word' id='word_1_180' title='bbox 1166 2568 1476 2629; x_wconf 74' lang='lat' dir='ltr'><strong>argenteas:</strong></span> <span class='ocrx_word' id='word_1_181' title='bbox 1527 2567 1584 2615; x_wconf 89' lang='lat' dir='ltr'><strong>et</strong></span> <span class='ocrx_word' id='word_1_182' title='bbox 1604 2575 1777 2629; x_wconf 88' lang='lat' dir='ltr'><strong>pones</strong></span> <span class='ocrx_word' id='word_1_183' title='bbox 1798 2560 2046 2615; x_wconf 86' lang='lat' dir='ltr'><strong>velamen</strong></span> <span class='ocrx_word' id='word_1_184' title='bbox 2074 2576 2239 2630; x_wconf 88' lang='lat' dir='ltr'><strong>super</strong></span> 
     </span>
    </p>
   </div>
   <div class='ocr_carea' id='block_1_26' title="bbox 662 2648 2239 2712">
    <p class='ocr_par' dir='ltr' id='par_1_26' title="bbox 662 2648 2239 2712">
     <span class='ocr_line' id='line_1_26' title="bbox 662 2648 2239 2712; baseline 0.003 -10"><span class='ocrx_word' id='word_1_185' title='bbox 662 2648 965 2712; x_wconf 86' lang='lat' dir='ltr'><strong>columnas,</strong></span> <span class='ocrx_word' id='word_1_186' title='bbox 988 2656 1045 2704; x_wconf 89' lang='lat' dir='ltr'><strong>et</strong></span> <span class='ocrx_word' id='word_1_187' title='bbox 1070 2649 1299 2705; x_wconf 90' lang='lat' dir='ltr'><strong>induces</strong></span> <span class='ocrx_word' id='word_1_188' title='bbox 1326 2650 1472 2706; x_wconf 90' lang='lat' dir='ltr'><strong>intra</strong></span> <span class='ocrx_word' id='word_1_189' title='bbox 1495 2651 1743 2706; x_wconf 83' lang='lat' dir='ltr'><strong>velamen</strong></span> <span class='ocrx_word' id='word_1_190' title='bbox 1782 2667 1965 2706; x_wconf 88' lang='lat' dir='ltr'><strong>arcam</strong></span> <span class='ocrx_word' id='word_1_191' title='bbox 1988 2653 2239 2707; x_wconf 86' lang='lat' dir='ltr'><strong>testimo-</strong></span> 
     </span>
    </p>
   </div>
   <div class='ocr_carea' id='block_1_27' title="bbox 660 2740 2242 2808">
    <p class='ocr_par' dir='ltr' id='par_1_27' title="bbox 660 2740 2242 2808">
     <span class='ocr_line' id='line_1_27' title="bbox 660 2740 2242 2808; baseline 0.003 -15"><span class='ocrx_word' id='word_1_192' title='bbox 660 2740 775 2805; x_wconf 90' lang='lat' dir='ltr'><strong>nii,</strong></span> <span class='ocrx_word' id='word_1_193' title='bbox 814 2749 871 2795; x_wconf 91' lang='lat' dir='ltr'><strong>et</strong></span> <span class='ocrx_word' id='word_1_194' title='bbox 921 2740 1127 2795; x_wconf 83' lang='lat' dir='ltr'><strong>dividet</strong></span> <span class='ocrx_word' id='word_1_195' title='bbox 1169 2740 1326 2796; x_wconf 89' lang='lat' dir='ltr'><strong>vobis</strong></span> <span class='ocrx_word' id='word_1_196' title='bbox 1366 2742 1613 2797; x_wconf 85' lang='lat' dir='ltr'><strong>velamen</strong></span> <span class='ocrx_word' id='word_1_197' title='bbox 1668 2743 1809 2797; x_wconf 90' lang='lat' dir='ltr'><strong>inter</strong></span> <span class='ocrx_word' id='word_1_198' title='bbox 1849 2742 2140 2808; x_wconf 88' lang='lat' dir='ltr'><strong>Sanctum,</strong></span> <span class='ocrx_word' id='word_1_199' title='bbox 2185 2751 2242 2799; x_wconf 88' lang='lat' dir='ltr'><strong>et</strong></span> 
     </span>
    </p>
   </div>
   <div class='ocr_carea' id='block_1_28' title="bbox 658 2830 2239 2904">
    <p class='ocr_par' dir='ltr' id='par_1_28' title="bbox 658 2830 2239 2904">
     <span class='ocr_line' id='line_1_28' title="bbox 658 2830 2239 2904; baseline 0.002 -17"><span class='ocrx_word' id='word_1_200' title='bbox 658 2831 808 2887; x_wconf 83' lang='lat' dir='ltr'><strong>inter</strong></span> <span class='ocrx_word' id='word_1_201' title='bbox 857 2830 1116 2887; x_wconf 88' lang='lat' dir='ltr'><strong>Sanctum</strong></span> <span class='ocrx_word' id='word_1_202' title='bbox 1166 2841 1478 2888; x_wconf 90' lang='lat' dir='ltr'><strong>sanctorum</strong></span> <span class='ocrx_word' id='word_1_203' title='bbox 1508 2851 1522 2899; x_wconf 93' lang='lat'><strong>;</strong></span> <span class='ocrx_word' id='word_1_204' title='bbox 1554 2843 1611 2888; x_wconf 91' lang='lat' dir='ltr'><strong>et</strong></span> <span class='ocrx_word' id='word_1_205' title='bbox 1650 2834 1934 2904; x_wconf 87' lang='lat' dir='ltr'><strong>cooperies</strong></span> <span class='ocrx_word' id='word_1_206' title='bbox 1972 2834 2239 2890; x_wconf 84' lang='lat' dir='ltr'><strong>velamine</strong></span> 
     </span>
    </p>
   </div>
   <div class='ocr_carea' id='block_1_29' title="bbox 660 2921 2241 2998">
    <p class='ocr_par' dir='ltr' id='par_1_29' title="bbox 660 2921 2241 2998">
     <span class='ocr_line' id='line_1_29' title="bbox 660 2921 2241 2998; baseline 0.004 -24"><span class='ocrx_word' id='word_1_207' title='bbox 660 2934 842 2975; x_wconf 84' lang='lat' dir='ltr'><strong>arcam</strong></span> <span class='ocrx_word' id='word_1_208' title='bbox 892 2922 1190 2977; x_wconf 88' lang='lat' dir='ltr'><strong>testimonii</strong></span> <span class='ocrx_word' id='word_1_209' title='bbox 1228 2922 1283 2977; x_wconf 91' lang='lat' dir='ltr'><strong>in</strong></span> <span class='ocrx_word' id='word_1_210' title='bbox 1331 2921 1532 2981; x_wconf 86' lang='lat' dir='ltr'><strong>Sancto</strong></span> <span class='ocrx_word' id='word_1_211' title='bbox 1577 2932 1913 2989; x_wconf 87' lang='lat' dir='ltr'><strong>sanctorum,</strong></span> <span class='ocrx_word' id='word_1_212' title='bbox 1965 2933 2022 2981; x_wconf 91' lang='lat' dir='ltr'><strong>et</strong></span> <span class='ocrx_word' id='word_1_213' title='bbox 2067 2941 2241 2998; x_wconf 88' lang='lat' dir='ltr'><strong>pones</strong></span> 
     </span>
    </p>
   </div>
   <div class='ocr_carea' id='block_1_30' title="bbox 659 3014 2241 3080">
    <p class='ocr_par' dir='ltr' id='par_1_30' title="bbox 659 3014 2241 3080">
     <span class='ocr_line' id='line_1_30' title="bbox 659 3014 2241 3080; baseline 0.005 -16"><span class='ocrx_word' id='word_1_214' title='bbox 659 3026 902 3067; x_wconf 83' lang='lat' dir='ltr'><strong>mensam</strong></span> <span class='ocrx_word' id='word_1_215' title='bbox 954 3020 1113 3068; x_wconf 84' lang='lat' dir='ltr'><strong>extra</strong></span> <span class='ocrx_word' id='word_1_216' title='bbox 1158 3014 1441 3080; x_wconf 85' lang='lat' dir='ltr'><strong>velamen,</strong></span> <span class='ocrx_word' id='word_1_217' title='bbox 1498 3023 1557 3070; x_wconf 88' lang='lat' dir='ltr'><strong>et</strong></span> <span class='ocrx_word' id='word_1_218' title='bbox 1608 3016 1998 3074; x_wconf 80' lang='lat' dir='ltr'><strong>candelabrum</strong></span> <span class='ocrx_word' id='word_1_219' title='bbox 2048 3027 2241 3072; x_wconf 90' lang='lat' dir='ltr'><strong>contra</strong></span> 
     </span>
    </p>
   </div>
   <div class='ocr_carea' id='block_1_31' title="bbox 660 3104 2239 3179">
    <p class='ocr_par' dir='ltr' id='par_1_31' title="bbox 660 3104 2239 3179">
     <span class='ocr_line' id='line_1_31' title="bbox 660 3104 2239 3179; baseline 0.006 -24"><span class='ocrx_word' id='word_1_220' title='bbox 660 3116 903 3157; x_wconf 88' lang='lat' dir='ltr'><strong>mensam</strong></span> <span class='ocrx_word' id='word_1_221' title='bbox 943 3104 998 3158; x_wconf 92' lang='lat' dir='ltr'><strong>in</strong></span> <span class='ocrx_word' id='word_1_222' title='bbox 1035 3113 1190 3175; x_wconf 88' lang='lat' dir='ltr'><strong>parte</strong></span> <span class='ocrx_word' id='word_1_223' title='bbox 1228 3106 1566 3161; x_wconf 86' lang='lat' dir='ltr'><strong>tabernaculi</strong></span> <span class='ocrx_word' id='word_1_224' title='bbox 1635 3123 1757 3177; x_wconf 73' lang='lat' dir='ltr'><strong>quze</strong></span> <span class='ocrx_word' id='word_1_225' title='bbox 1791 3108 2016 3179; x_wconf 74' lang='lat' dir='ltr'><strong>respicit</strong></span> <span class='ocrx_word' id='word_1_226' title='bbox 2038 3109 2107 3163; x_wconf 93' lang='lat' dir='ltr'><strong>ad</strong></span> <span class='ocrx_word' id='word_1_227' title='bbox 2138 3125 2239 3163; x_wconf 90' lang='lat' dir='ltr'><strong>au—</strong></span> 
     </span>
    </p>
   </div>
   <div class='ocr_carea' id='block_1_32' title="bbox 2341 643 3810 722">
    <p class='ocr_par' dir='ltr' id='par_1_32' title="bbox 2341 643 3810 722">
     <span class='ocr_line' id='line_1_32' title="bbox 2341 643 3810 722; baseline 0.008 -25"><span class='ocrx_word' id='word_1_228' title='bbox 2341 644 2534 708; x_wconf 87' lang='grc' dir='ltr'>πάσεις</span> <span class='ocrx_word' id='word_1_229' title='bbox 2559 645 2658 715; x_wconf 76' lang='grc' dir='ltr'>τὴν</span> <span class='ocrx_word' id='word_1_230' title='bbox 2691 644 2922 697; x_wconf 74' lang='grc' dir='ltr'>κιϐωτὸν</span> <span class='ocrx_word' id='word_1_231' title='bbox 2945 643 3023 715; x_wconf 83' lang='grc' dir='ltr'>τῷ</span> <span class='ocrx_word' id='word_1_232' title='bbox 3044 644 3503 717; x_wconf 84' lang='grc' dir='ltr'>καταπετάσματι.</span> <span class='ocrx_word' id='word_1_233' title='bbox 3524 649 3810 722; x_wconf 59' lang='grc' dir='ltr'>Καὶείσοίσες</span> 
     </span>
    </p>
   </div>
   <div class='ocr_carea' id='block_1_33' title="bbox 2338 735 3809 817">
    <p class='ocr_par' dir='ltr' id='par_1_33' title="bbox 2338 735 3809 817">
     <span class='ocr_line' id='line_1_33' title="bbox 2338 735 3809 817; baseline 0.006 -30"><span class='ocrx_word' id='word_1_234' title='bbox 2338 737 2438 807; x_wconf 82' lang='grc' dir='ltr'><strong>τὴν</strong></span> <span class='ocrx_word' id='word_1_235' title='bbox 2476 736 2777 808; x_wconf 80' lang='grc' dir='ltr'>τράπεζαν,</span> <span class='ocrx_word' id='word_1_236' title='bbox 2818 735 2912 790; x_wconf 74' lang='grc' dir='ltr'><strong>καὶ</strong></span> <span class='ocrx_word' id='word_1_237' title='bbox 2953 737 3247 807; x_wconf 83' lang='grc' dir='ltr'>προθήσεις</span> <span class='ocrx_word' id='word_1_238' title='bbox 3279 737 3376 808; x_wconf 82' lang='grc' dir='ltr'>τὴν</span> <span class='ocrx_word' id='word_1_239' title='bbox 3419 738 3650 809; x_wconf 73' lang='grc' dir='ltr'>πρέθεσιν</span> <span class='ocrx_word' id='word_1_240' title='bbox 3679 746 3809 817; x_wconf 69' lang='grc' dir='ltr'>αὐτῆς,</span> 
     </span>
    </p>
   </div>
   <div class='ocr_carea' id='block_1_34' title="bbox 2338 826 3811 904">
    <p class='ocr_par' dir='ltr' id='par_1_34' title="bbox 2338 826 3811 904">
     <span class='ocr_line' id='line_1_34' title="bbox 2338 826 3811 904; baseline 0.005 -24"><span class='ocrx_word' id='word_1_241' title='bbox 2338 827 2449 880; x_wconf 71' lang='lat' dir='ltr'><strong>Kal.</strong></span> <span class='ocrx_word' id='word_1_242' title='bbox 2471 827 2724 890; x_wconf 76' lang='grc' dir='ltr'>εἰσοίσεις</span> <span class='ocrx_word' id='word_1_243' title='bbox 2738 827 2835 898; x_wconf 83' lang='grc' dir='ltr'><strong>τὴν</strong></span> <span class='ocrx_word' id='word_1_244' title='bbox 2854 826 3097 898; x_wconf 83' lang='grc' dir='ltr'><strong>λυχνίαν,</strong></span> <span class='ocrx_word' id='word_1_245' title='bbox 3118 829 3213 880; x_wconf 73' lang='grc' dir='ltr'><strong>καὶ</strong></span> <span class='ocrx_word' id='word_1_246' title='bbox 3240 827 3508 898; x_wconf 79' lang='grc' dir='ltr'><strong>ἐπιθήσεις</strong></span> <span class='ocrx_word' id='word_1_247' title='bbox 3525 831 3636 894; x_wconf 79' lang='grc' dir='ltr'>τοὺς</span> <span class='ocrx_word' id='word_1_248' title='bbox 3654 832 3811 904; x_wconf 67' lang='grc' dir='ltr'>λύχνιυς</span> 
     </span>
    </p>
   </div>
   <div class='ocr_carea' id='block_1_35' title="bbox 2339 918 3811 994">
    <p class='ocr_par' dir='ltr' id='par_1_35' title="bbox 2339 918 3811 994">
     <span class='ocr_line' id='line_1_35' title="bbox 2339 918 3811 994; baseline 0 -21"><span class='ocrx_word' id='word_1_249' title='bbox 2339 920 2531 989; x_wconf 77' lang='grc' dir='ltr'>αὐτῆς.</span> <span class='ocrx_word' id='word_1_250' title='bbox 2574 921 2684 973; x_wconf 76' lang='grc' dir='ltr'>Καὶ</span> <span class='ocrx_word' id='word_1_251' title='bbox 2717 919 2901 990; x_wconf 82' lang='grc' dir='ltr'><strong>θήσεις</strong></span> <span class='ocrx_word' id='word_1_252' title='bbox 2928 919 2991 972; x_wconf 81' lang='grc' dir='ltr'><strong>τὸ</strong></span> <span class='ocrx_word' id='word_1_253' title='bbox 3016 918 3396 991; x_wconf 83' lang='grc' dir='ltr'><strong>θυσιαστήριον</strong></span> <span class='ocrx_word' id='word_1_254' title='bbox 3439 920 3497 972; x_wconf 81' lang='grc' dir='ltr'>τὸ</span> <span class='ocrx_word' id='word_1_255' title='bbox 3525 924 3731 990; x_wconf 76' lang='grc' dir='ltr'><strong>χρυσοῦν,</strong></span> <span class='ocrx_word' id='word_1_256' title='bbox 3762 933 3811 994; x_wconf 69' lang='grc' dir='ltr'><strong>εἰς</strong></span> 
     </span>
    </p>
   </div>
   <div class='ocr_carea' id='block_1_36' title="bbox 2339 1010 3810 1084">
    <p class='ocr_par' dir='ltr' id='par_1_36' title="bbox 2339 1010 3810 1084">
     <span class='ocr_line' id='line_1_36' title="bbox 2339 1010 3810 1084; baseline -0.001 -22"><span class='ocrx_word' id='word_1_257' title='bbox 2339 1010 2399 1062; x_wconf 79' lang='grc' dir='ltr'>τὸ</span> <span class='ocrx_word' id='word_1_258' title='bbox 2433 1010 2631 1081; x_wconf 86' lang='grc' dir='ltr'>θυμιᾷν</span> <span class='ocrx_word' id='word_1_259' title='bbox 2659 1011 2899 1063; x_wconf 78' lang='grc' dir='ltr'>ἐναντίον</span> <span class='ocrx_word' id='word_1_260' title='bbox 2943 1010 3043 1079; x_wconf 78' lang='grc' dir='ltr'>τῆς</span> <span class='ocrx_word' id='word_1_261' title='bbox 3076 1010 3328 1063; x_wconf 79' lang='grc' dir='ltr'>κιϐωτοῦ.</span> <span class='ocrx_word' id='word_1_262' title='bbox 3364 1010 3471 1064; x_wconf 76' lang='lat' dir='ltr'><strong>Kal.</strong></span> <span class='ocrx_word' id='word_1_263' title='bbox 3496 1012 3729 1084; x_wconf 79' lang='grc' dir='ltr'><strong>ἐπιθήσεις</strong></span> <span class='ocrx_word' id='word_1_264' title='bbox 3746 1022 3810 1071; x_wconf 74' lang='grc' dir='ltr'>κά.</span> 
     </span>
    </p>
   </div>
   <div class='ocr_carea' id='block_1_37' title="bbox 2338 1100 3812 1179">
    <p class='ocr_par' dir='ltr' id='par_1_37' title="bbox 2338 1100 3812 1179">
     <span class='ocr_line' id='line_1_37' title="bbox 2338 1100 3812 1179; baseline 0.007 -27"><span class='ocrx_word' id='word_1_265' title='bbox 2338 1101 2531 1171; x_wconf 88' lang='grc' dir='ltr'>λυμμα</span> <span class='ocrx_word' id='word_1_266' title='bbox 2564 1100 3053 1172; x_wconf 79' lang='grc' dir='ltr'><strong>καταπετάσματος</strong></span> <span class='ocrx_word' id='word_1_267' title='bbox 3096 1102 3190 1153; x_wconf 78' lang='grc' dir='ltr'><strong>ἐπὶ</strong></span> <span class='ocrx_word' id='word_1_268' title='bbox 3229 1100 3327 1171; x_wconf 84' lang='grc' dir='ltr'><strong>τήν</strong></span> <span class='ocrx_word' id='word_1_269' title='bbox 3370 1100 3533 1173; x_wconf 87' lang='grc' dir='ltr'>θύραν</span> <span class='ocrx_word' id='word_1_270' title='bbox 3566 1105 3649 1175; x_wconf 83' lang='grc' dir='ltr'><strong>τῆς</strong></span> <span class='ocrx_word' id='word_1_271' title='bbox 3672 1110 3812 1179; x_wconf 70' lang='grc' dir='ltr'>σκηνῆς</span> 
     </span>
    </p>
   </div>
   <div class='ocr_carea' id='block_1_38' title="bbox 2338 1192 3813 1271">
    <p class='ocr_par' dir='ltr' id='par_1_38' title="bbox 2338 1192 3813 1271">
     <span class='ocr_line' id='line_1_38' title="bbox 2338 1192 3813 1271; baseline -0.001 -24"><span class='ocrx_word' id='word_1_272' title='bbox 2338 1194 2432 1247; x_wconf 83' lang='grc' dir='ltr'>τοῦ</span> <span class='ocrx_word' id='word_1_273' title='bbox 2467 1194 2789 1265; x_wconf 89' lang='grc' dir='ltr'>μαρτυρίου,</span> <span class='ocrx_word' id='word_1_274' title='bbox 2823 1194 2916 1247; x_wconf 68' lang='grc' dir='ltr'><strong>κα)¹</strong></span> <span class='ocrx_word' id='word_1_275' title='bbox 2944 1194 3006 1246; x_wconf 78' lang='grc' dir='ltr'>τὸ</span> <span class='ocrx_word' id='word_1_276' title='bbox 3037 1192 3420 1264; x_wconf 84' lang='grc' dir='ltr'><strong>θυσιαστήριον</strong></span> <span class='ocrx_word' id='word_1_277' title='bbox 3451 1195 3553 1248; x_wconf 88' lang='grc' dir='ltr'><strong>τῶν</strong></span> <span class='ocrx_word' id='word_1_278' title='bbox 3593 1204 3813 1271; x_wconf 67' lang='grc' dir='ltr'>καρπωμά.</span> 
     </span>
    </p>
   </div>
   <div class='ocr_carea' id='block_1_39' title="bbox 2336 1282 3813 1360">
    <p class='ocr_par' dir='ltr' id='par_1_39' title="bbox 2336 1282 3813 1360">
     <span class='ocr_line' id='line_1_39' title="bbox 2336 1282 3813 1360; baseline 0.002 -23"><span class='ocrx_word' id='word_1_279' title='bbox 2336 1303 2446 1338; x_wconf 89' lang='grc' dir='ltr'><strong>των</strong></span> <span class='ocrx_word' id='word_1_280' title='bbox 2475 1284 2660 1355; x_wconf 83' lang='grc' dir='ltr'>θήσεις</span> <span class='ocrx_word' id='word_1_281' title='bbox 2703 1285 2855 1356; x_wconf 78' lang='grc' dir='ltr'>παρὰ</span> <span class='ocrx_word' id='word_1_282' title='bbox 2888 1284 2988 1347; x_wconf 80' lang='grc' dir='ltr'>τὰς</span> <span class='ocrx_word' id='word_1_283' title='bbox 3031 1282 3202 1355; x_wconf 86' lang='grc' dir='ltr'>θύρας</span> <span class='ocrx_word' id='word_1_284' title='bbox 3227 1284 3325 1355; x_wconf 84' lang='grc' dir='ltr'>τῆς</span> <span class='ocrx_word' id='word_1_285' title='bbox 3358 1285 3551 1355; x_wconf 82' lang='grc' dir='ltr'>σκηνῆς</span> <span class='ocrx_word' id='word_1_286' title='bbox 3571 1287 3649 1340; x_wconf 78' lang='grc' dir='ltr'><strong>τοῦ</strong></span> <span class='ocrx_word' id='word_1_287' title='bbox 3674 1306 3813 1360; x_wconf 71' lang='grc' dir='ltr'>μαρτυ.</span> 
     </span>
    </p>
   </div>
   <div class='ocr_carea' id='block_1_40' title="bbox 2343 1375 3811 1453">
    <p class='ocr_par' dir='ltr' id='par_1_40' title="bbox 2343 1375 3811 1453">
     <span class='ocr_line' id='line_1_40' title="bbox 2343 1375 3811 1453; baseline 0.003 -25"><span class='ocrx_word' id='word_1_288' title='bbox 2343 1376 2477 1444; x_wconf 84' lang='grc' dir='ltr'>ρίου.</span> <span class='ocrx_word' id='word_1_289' title='bbox 2506 1376 2613 1427; x_wconf 78' lang='lat' dir='ltr'><strong>Kal.</strong></span> <span class='ocrx_word' id='word_1_290' title='bbox 2629 1376 2948 1447; x_wconf 86' lang='grc' dir='ltr'>περιθήσεις</span> <span class='ocrx_word' id='word_1_291' title='bbox 2966 1375 3065 1448; x_wconf 79' lang='grc' dir='ltr'>τὴν</span> <span class='ocrx_word' id='word_1_292' title='bbox 3085 1375 3311 1447; x_wconf 82' lang='grc' dir='ltr'>σκηνὴν,</span> <span class='ocrx_word' id='word_1_293' title='bbox 3338 1377 3431 1428; x_wconf 73' lang='grc' dir='ltr'><strong>καὶ</strong></span> <span class='ocrx_word' id='word_1_294' title='bbox 3447 1378 3609 1430; x_wconf 84' lang='grc' dir='ltr'>πάντα</span> <span class='ocrx_word' id='word_1_295' title='bbox 3628 1378 3686 1432; x_wconf 74' lang='grc' dir='ltr'>τὰ</span> <span class='ocrx_word' id='word_1_296' title='bbox 3698 1383 3811 1453; x_wconf 65' lang='grc' dir='ltr'>αὐτῆς</span> 
     </span>
    </p>
   </div>
   <div class='ocr_carea' id='block_1_41' title="bbox 2340 1466 3813 1538">
    <p class='ocr_par' dir='ltr' id='par_1_41' title="bbox 2340 1466 3813 1538">
     <span class='ocr_line' id='line_1_41' title="bbox 2340 1466 3813 1538; baseline 0.002 -19"><span class='ocrx_word' id='word_1_297' title='bbox 2340 1466 2657 1538; x_wconf 85' lang='grc' dir='ltr'>περιθήσεις</span> <span class='ocrx_word' id='word_1_298' title='bbox 2704 1467 2910 1538; x_wconf 80' lang='grc' dir='ltr'><strong>κύκλῳ.</strong></span> <span class='ocrx_word' id='word_1_299' title='bbox 2957 1487 2974 1518; x_wconf 74' lang='grc' dir='ltr'><strong>ι</strong></span> <span class='ocrx_word' id='word_1_300' title='bbox 3040 1466 3179 1520; x_wconf 86' lang='grc' dir='ltr'>Ἀλλ’</span> <span class='ocrx_word' id='word_1_301' title='bbox 3227 1466 3406 1519; x_wconf 75' lang='grc' dir='ltr'>ἔνεστι</span> <span class='ocrx_word' id='word_1_302' title='bbox 3453 1467 3545 1536; x_wconf 85' lang='grc' dir='ltr'>μὲν</span> <span class='ocrx_word' id='word_1_303' title='bbox 3587 1469 3635 1520; x_wconf 81' lang='grc' dir='ltr'>ὲν</span> <span class='ocrx_word' id='word_1_304' title='bbox 3671 1472 3813 1536; x_wconf 76' lang='grc' dir='ltr'>τούτοις</span> 
     </span>
    </p>
   </div>
   <div class='ocr_carea' id='block_1_42' title="bbox 2339 1558 3812 1633">
    <p class='ocr_par' dir='ltr' id='par_1_42' title="bbox 2339 1558 3812 1633">
     <span class='ocr_line' id='line_1_42' title="bbox 2339 1558 3812 1633; baseline 0.003 -22"><span class='ocrx_word' id='word_1_305' title='bbox 2339 1559 2800 1629; x_wconf 85' lang='grc' dir='ltr'>είσκεκομισμένα</span> <span class='ocrx_word' id='word_1_306' title='bbox 2828 1558 2956 1612; x_wconf 78' lang='grc' dir='ltr'>ἰδεῖν</span> <span class='ocrx_word' id='word_1_307' title='bbox 2989 1561 3045 1613; x_wconf 83' lang='grc' dir='ltr'>ὲν</span> <span class='ocrx_word' id='word_1_308' title='bbox 3068 1561 3134 1630; x_wconf 82' lang='grc' dir='ltr'>τῇ</span> <span class='ocrx_word' id='word_1_309' title='bbox 3168 1558 3298 1629; x_wconf 83' lang='grc' dir='ltr'><strong>ἁγίᾳ</strong></span> <span class='ocrx_word' id='word_1_310' title='bbox 3328 1560 3494 1629; x_wconf 78' lang='grc' dir='ltr'>σκηνῇ</span> <span class='ocrx_word' id='word_1_311' title='bbox 3543 1558 3603 1611; x_wconf 80' lang='grc' dir='ltr'>τὰ</span> <span class='ocrx_word' id='word_1_312' title='bbox 3627 1562 3753 1633; x_wconf 74' lang='grc' dir='ltr'>σκεύη</span> <span class='ocrx_word' id='word_1_313' title='bbox 3769 1568 3812 1616; x_wconf 64' lang='grc' dir='ltr'>τὰ</span> 
     </span>
    </p>
   </div>
   <div class='ocr_carea' id='block_1_43' title="bbox 2342 1649 3814 1721">
    <p class='ocr_par' dir='ltr' id='par_1_43' title="bbox 2342 1649 3814 1721">
     <span class='ocr_line' id='line_1_43' title="bbox 2342 1649 3814 1721; baseline 0.006 -21"><span class='ocrx_word' id='word_1_314' title='bbox 2342 1649 2491 1718; x_wconf 75' lang='grc' dir='ltr'>ίεράο</span> <span class='ocrx_word' id='word_1_315' title='bbox 2521 1650 2582 1701; x_wconf 87' lang='grc' dir='ltr'><strong>οὑ</strong></span> <span class='ocrx_word' id='word_1_316' title='bbox 2614 1650 2720 1720; x_wconf 83' lang='grc' dir='ltr'><strong>μὴν</strong></span> <span class='ocrx_word' id='word_1_317' title='bbox 2764 1650 2843 1703; x_wconf 73' lang='grc' dir='ltr'>ἔτι</span> <span class='ocrx_word' id='word_1_318' title='bbox 2888 1652 2984 1705; x_wconf 76' lang='grc' dir='ltr'>καὶ</span> <span class='ocrx_word' id='word_1_319' title='bbox 3031 1650 3219 1720; x_wconf 83' lang='grc' dir='ltr'>σαφῶς</span> <span class='ocrx_word' id='word_1_320' title='bbox 3250 1650 3343 1703; x_wconf 82' lang='grc' dir='ltr'><strong>τὸν</strong></span> <span class='ocrx_word' id='word_1_321' title='bbox 3388 1650 3589 1721; x_wconf 80' lang='grc' dir='ltr'><strong>ἑκάστῳ</strong></span> <span class='ocrx_word' id='word_1_322' title='bbox 3615 1655 3814 1721; x_wconf 71' lang='grc' dir='ltr'>πρέποπά</span> 
     </span>
    </p>
   </div>
   <div class='ocr_carea' id='block_1_44' title="bbox 2338 1736 3811 1815">
    <p class='ocr_par' dir='ltr' id='par_1_44' title="bbox 2338 1736 3811 1815">
     <span class='ocr_line' id='line_1_44' title="bbox 2338 1736 3811 1815; baseline 0.005 -24"><span class='ocrx_word' id='word_1_323' title='bbox 2338 1756 2397 1791; x_wconf 89' lang='grc' dir='ltr'><strong>τε</strong></span> <span class='ocrx_word' id='word_1_324' title='bbox 2427 1739 2521 1793; x_wconf 73' lang='grc' dir='ltr'><strong>καὶ</strong></span> <span class='ocrx_word' id='word_1_325' title='bbox 2550 1741 2924 1812; x_wconf 81' lang='grc' dir='ltr'>ὲκνεμηθέντα</span> <span class='ocrx_word' id='word_1_326' title='bbox 2947 1742 3131 1795; x_wconf 86' lang='grc' dir='ltr'>τόπον,</span> <span class='ocrx_word' id='word_1_327' title='bbox 3160 1741 3349 1794; x_wconf 79' lang='grc' dir='ltr'>Βούλει</span> <span class='ocrx_word' id='word_1_328' title='bbox 3380 1741 3444 1812; x_wconf 83' lang='grc' dir='ltr'><strong>δὴ</strong></span> <span class='ocrx_word' id='word_1_329' title='bbox 3471 1736 3557 1795; x_wconf 78' lang='grc' dir='ltr'>οὖν</span> <span class='ocrx_word' id='word_1_330' title='bbox 3578 1742 3666 1795; x_wconf 83' lang='grc' dir='ltr'>τῶν</span> <span class='ocrx_word' id='word_1_331' title='bbox 3683 1746 3750 1798; x_wconf 74' lang='grc' dir='ltr'><strong>ἐπὶ</strong></span> <span class='ocrx_word' id='word_1_332' title='bbox 3770 1751 3811 1815; x_wconf 63' lang='grc' dir='ltr'>τῇ</span> 
     </span>
    </p>
   </div>
   <div class='ocr_carea' id='block_1_45' title="bbox 2342 1831 3813 1906">
    <p class='ocr_par' dir='ltr' id='par_1_45' title="bbox 2342 1831 3813 1906">
     <span class='ocr_line' id='line_1_45' title="bbox 2342 1831 3813 1906; baseline 0.004 -24"><span class='ocrx_word' id='word_1_333' title='bbox 2342 1833 2512 1901; x_wconf 85' lang='grc' dir='ltr'>σκηνῇ</span> <span class='ocrx_word' id='word_1_334' title='bbox 2566 1832 3005 1903; x_wconf 81' lang='grc' dir='ltr'>προσταγμάτων</span> <span class='ocrx_word' id='word_1_335' title='bbox 3050 1831 3255 1903; x_wconf 88' lang='grc' dir='ltr'>λεπτήν</span> <span class='ocrx_word' id='word_1_336' title='bbox 3305 1848 3371 1884; x_wconf 91' lang='grc' dir='ltr'><strong>τε</strong></span> <span class='ocrx_word' id='word_1_337' title='bbox 3413 1833 3503 1885; x_wconf 68' lang='grc' dir='ltr'><strong>καὶ</strong></span> <span class='ocrx_word' id='word_1_338' title='bbox 3550 1834 3712 1906; x_wconf 79' lang='grc' dir='ltr'>ἀκριϐῆ</span> <span class='ocrx_word' id='word_1_339' title='bbox 3743 1837 3813 1889; x_wconf 74' lang='grc' dir='ltr'>τῶν</span> 
     </span>
    </p>
   </div>
   <div class='ocr_carea' id='block_1_46' title="bbox 2271 1908 3368 1992">
    <p class='ocr_par' dir='ltr' id='par_1_46' title="bbox 2271 1908 3368 1992">
     <span class='ocr_line' id='line_1_46' title="bbox 2271 1908 3368 1992; baseline 0.003 -21"><span class='ocrx_word' id='word_1_340' title='bbox 2271 1908 2311 1962; x_wconf 83' lang='grc' dir='ltr'><strong>Β</strong></span> <span class='ocrx_word' id='word_1_341' title='bbox 2339 1919 2556 1973; x_wconf 81' lang='grc' dir='ltr'>τοιῶνδε</span> <span class='ocrx_word' id='word_1_342' title='bbox 2592 1920 2689 1991; x_wconf 79' lang='grc' dir='ltr'><strong>τὴν</strong></span> <span class='ocrx_word' id='word_1_343' title='bbox 2724 1921 2923 1989; x_wconf 84' lang='grc' dir='ltr'>γνῶσιν</span> <span class='ocrx_word' id='word_1_344' title='bbox 2956 1919 3368 1992; x_wconf 72' lang='grc' dir='ltr'>ὲρανιζώμεθας</span> 
     </span>
    </p>
   </div>
   <div class='ocr_carea' id='block_1_47' title="bbox 2410 2010 3090 2081">
    <p class='ocr_par' dir='ltr' id='par_1_47' title="bbox 2410 2010 3090 2081">
     <span class='ocr_line' id='line_1_47' title="bbox 2410 2010 3090 2081; baseline 0.003 -18"><span class='ocrx_word' id='word_1_345' title='bbox 2410 2011 2618 2063; x_wconf 83' lang='grc' dir='ltr'><strong>ΠΑΛΛ.</strong></span> <span class='ocrx_word' id='word_1_346' title='bbox 2661 2012 2747 2077; x_wconf 85' lang='grc' dir='ltr'>Ὡς</span> <span class='ocrx_word' id='word_1_347' title='bbox 2778 2010 2970 2081; x_wconf 78' lang='grc' dir='ltr'>ἥδιστά</span> <span class='ocrx_word' id='word_1_348' title='bbox 3004 2027 3090 2079; x_wconf 86' lang='grc' dir='ltr'><strong>γε.</strong></span> 
     </span>
    </p>
   </div>
   <div class='ocr_carea' id='block_1_48' title="bbox 2410 2100 3809 2172">
    <p class='ocr_par' dir='ltr' id='par_1_48' title="bbox 2410 2100 3809 2172">
     <span class='ocr_line' id='line_1_48' title="bbox 2410 2100 3809 2172; baseline 0.002 -20"><span class='ocrx_word' id='word_1_349' title='bbox 2410 2101 2571 2155; x_wconf 83' lang='grc' dir='ltr'>ΚΥΡ.</span> <span class='ocrx_word' id='word_1_350' title='bbox 2608 2102 2752 2172; x_wconf 81' lang='grc' dir='ltr'><strong>Ἔφη</strong></span> <span class='ocrx_word' id='word_1_351' title='bbox 2784 2100 2963 2155; x_wconf 81' lang='grc' dir='ltr'>τοίνυν</span> <span class='ocrx_word' id='word_1_352' title='bbox 3007 2102 3143 2171; x_wconf 82' lang='grc' dir='ltr'>πρὸς</span> <span class='ocrx_word' id='word_1_353' title='bbox 3174 2101 3267 2154; x_wconf 83' lang='grc' dir='ltr'><strong>τὸν</strong></span> <span class='ocrx_word' id='word_1_354' title='bbox 3315 2100 3459 2171; x_wconf 77' lang='grc' dir='ltr'>ἱερὸν</span> <span class='ocrx_word' id='word_1_355' title='bbox 3500 2101 3674 2155; x_wconf 77' lang='grc' dir='ltr'>Μωσέα</span> <span class='ocrx_word' id='word_1_356' title='bbox 3710 2102 3809 2166; x_wconf 69' lang='grc' dir='ltr'>Θεὸς·</span> 
     </span>
    </p>
   </div>
   <div class='ocr_carea' id='block_1_49' title="bbox 2346 2190 3810 2263">
    <p class='ocr_par' dir='ltr' id='par_1_49' title="bbox 2346 2190 3810 2263">
     <span class='ocr_line' id='line_1_49' title="bbox 2346 2190 3810 2263; baseline 0.001 -21"><span class='ocrx_word' id='word_1_357' title='bbox 2346 2209 2364 2241; x_wconf 86' lang='grc'><strong>‹</strong></span> <span class='ocrx_word' id='word_1_358' title='bbox 2402 2192 2512 2244; x_wconf 76' lang='grc' dir='ltr'>Καὶ</span> <span class='ocrx_word' id='word_1_359' title='bbox 2535 2193 2783 2263; x_wconf 87' lang='grc' dir='ltr'>ποιήσεις</span> <span class='ocrx_word' id='word_1_360' title='bbox 2807 2192 3207 2262; x_wconf 79' lang='grc' dir='ltr'>καταπέτασμα</span> <span class='ocrx_word' id='word_1_361' title='bbox 3235 2191 3294 2256; x_wconf 76' lang='grc' dir='ltr'>ἐξ</span> <span class='ocrx_word' id='word_1_362' title='bbox 3320 2190 3567 2244; x_wconf 79' lang='grc' dir='ltr'>ὑακίνθου</span> <span class='ocrx_word' id='word_1_363' title='bbox 3581 2192 3659 2244; x_wconf 80' lang='grc' dir='ltr'>καὶ</span> <span class='ocrx_word' id='word_1_364' title='bbox 3670 2195 3810 2261; x_wconf 58' lang='grc' dir='ltr'>πορᾳῷ</span> 
     </span>
    </p>
   </div>
   <div class='ocr_carea' id='block_1_50' title="bbox 2342 2280 3811 2353">
    <p class='ocr_par' dir='ltr' id='par_1_50' title="bbox 2342 2280 3811 2353">
     <span class='ocr_line' id='line_1_50' title="bbox 2342 2280 3811 2353; baseline -0.003 -16"><span class='ocrx_word' id='word_1_365' title='bbox 2342 2300 2461 2353; x_wconf 84' lang='grc' dir='ltr'>ρας,</span> <span class='ocrx_word' id='word_1_366' title='bbox 2500 2283 2594 2336; x_wconf 75' lang='grc' dir='ltr'>καὶ</span> <span class='ocrx_word' id='word_1_367' title='bbox 2618 2283 2869 2337; x_wconf 78' lang='grc' dir='ltr'>κοκκίνου</span> <span class='ocrx_word' id='word_1_368' title='bbox 2895 2282 3296 2353; x_wconf 86' lang='grc' dir='ltr'>κεκλωσμένου,</span> <span class='ocrx_word' id='word_1_369' title='bbox 3316 2282 3413 2336; x_wconf 75' lang='grc' dir='ltr'>καὶ</span> <span class='ocrx_word' id='word_1_370' title='bbox 3441 2280 3619 2351; x_wconf 86' lang='grc' dir='ltr'>βύσσου</span> <span class='ocrx_word' id='word_1_371' title='bbox 3632 2284 3811 2353; x_wconf 74' lang='grc' dir='ltr'>νενησμέο</span> 
     </span>
    </p>
   </div>
   <div class='ocr_carea' id='block_1_51' title="bbox 2339 2373 3811 2447">
    <p class='ocr_par' dir='ltr' id='par_1_51' title="bbox 2339 2373 3811 2447">
     <span class='ocr_line' id='line_1_51' title="bbox 2339 2373 3811 2447; baseline -0.001 -19"><span class='ocrx_word' id='word_1_372' title='bbox 2339 2392 2456 2447; x_wconf 87' lang='grc' dir='ltr'>νης·</span> <span class='ocrx_word' id='word_1_373' title='bbox 2502 2375 2661 2445; x_wconf 79' lang='grc' dir='ltr'>ἔργον</span> <span class='ocrx_word' id='word_1_374' title='bbox 2710 2375 2944 2445; x_wconf 81' lang='grc' dir='ltr'>ύφαντὸν</span> <span class='ocrx_word' id='word_1_375' title='bbox 2997 2375 3243 2445; x_wconf 87' lang='grc' dir='ltr'>ποιήσεις</span> <span class='ocrx_word' id='word_1_376' title='bbox 3289 2373 3425 2426; x_wconf 78' lang='grc' dir='ltr'>αὐτὸ</span> <span class='ocrx_word' id='word_1_377' title='bbox 3460 2374 3713 2443; x_wconf 75' lang='grc' dir='ltr'>Χερουϐὶμ.</span> <span class='ocrx_word' id='word_1_378' title='bbox 3742 2376 3811 2427; x_wconf 70' lang='lat' dir='ltr'><strong>Kal</strong></span> 
     </span>
    </p>
   </div>
   <div class='ocr_carea' id='block_1_52' title="bbox 2339 2465 3811 2539">
    <p class='ocr_par' dir='ltr' id='par_1_52' title="bbox 2339 2465 3811 2539">
     <span class='ocr_line' id='line_1_52' title="bbox 2339 2465 3811 2539; baseline -0.003 -18"><span class='ocrx_word' id='word_1_379' title='bbox 2339 2468 2625 2539; x_wconf 77' lang='grc' dir='ltr'>ἐπιθήσεις</span> <span class='ocrx_word' id='word_1_380' title='bbox 2664 2466 2796 2520; x_wconf 76' lang='grc' dir='ltr'>αὐτὸ</span> <span class='ocrx_word' id='word_1_381' title='bbox 2830 2467 2924 2520; x_wconf 75' lang='grc' dir='ltr'>ἐπὶ</span> <span class='ocrx_word' id='word_1_382' title='bbox 2969 2466 3252 2535; x_wconf 83' lang='grc' dir='ltr'>τεσσάρων</span> <span class='ocrx_word' id='word_1_383' title='bbox 3283 2465 3491 2519; x_wconf 87' lang='grc' dir='ltr'>στύλων</span> <span class='ocrx_word' id='word_1_384' title='bbox 3520 2466 3730 2533; x_wconf 81' lang='grc' dir='ltr'>άσήπτων</span> <span class='ocrx_word' id='word_1_385' title='bbox 3751 2482 3811 2517; x_wconf 78' lang='grc' dir='ltr'>κι-</span> 
     </span>
    </p>
   </div>
   <div class='ocr_carea' id='block_1_53' title="bbox 2342 2559 3810 2633">
    <p class='ocr_par' dir='ltr' id='par_1_53' title="bbox 2342 2559 3810 2633">
     <span class='ocr_line' id='line_1_53' title="bbox 2342 2559 3810 2633; baseline -0.003 -19"><span class='ocrx_word' id='word_1_386' title='bbox 2342 2561 2709 2633; x_wconf 85' lang='grc' dir='ltr'>χρυσωμένων</span> <span class='ocrx_word' id='word_1_387' title='bbox 2743 2560 2972 2632; x_wconf 82' lang='grc' dir='ltr'>χρυσίῳ.</span> <span class='ocrx_word' id='word_1_388' title='bbox 3003 2561 3113 2613; x_wconf 82' lang='lat' dir='ltr'><strong>Ka‘t</strong></span> <span class='ocrx_word' id='word_1_389' title='bbox 3156 2561 3213 2614; x_wconf 79' lang='lat' dir='ltr'><strong>ai</strong></span> <span class='ocrx_word' id='word_1_390' title='bbox 3245 2561 3531 2628; x_wconf 81' lang='grc' dir='ltr'>κεφαλίδες</span> <span class='ocrx_word' id='word_1_391' title='bbox 3562 2559 3707 2612; x_wconf 79' lang='grc' dir='ltr'>αὐτῶν</span> <span class='ocrx_word' id='word_1_392' title='bbox 3728 2576 3810 2628; x_wconf 66' lang='grc' dir='ltr'>χρυ·</span> 
     </span>
    </p>
   </div>
   <div class='ocr_carea' id='block_1_54' title="bbox 2342 2651 3809 2723">
    <p class='ocr_par' dir='ltr' id='par_1_54' title="bbox 2342 2651 3809 2723">
     <span class='ocr_line' id='line_1_54' title="bbox 2342 2651 3809 2723; baseline -0.003 -16"><span class='ocrx_word' id='word_1_393' title='bbox 2342 2656 2453 2719; x_wconf 85' lang='grc' dir='ltr'>σαῖ,</span> <span class='ocrx_word' id='word_1_394' title='bbox 2504 2654 2598 2706; x_wconf 77' lang='grc' dir='ltr'><strong>καὶ</strong></span> <span class='ocrx_word' id='word_1_395' title='bbox 2640 2653 2696 2705; x_wconf 84' lang='lat' dir='ltr'><strong>al</strong></span> <span class='ocrx_word' id='word_1_396' title='bbox 2751 2652 2937 2722; x_wconf 78' lang='grc' dir='ltr'>βάσεις</span> <span class='ocrx_word' id='word_1_397' title='bbox 2984 2652 3166 2705; x_wconf 79' lang='grc' dir='ltr'>αὐτῶν</span> <span class='ocrx_word' id='word_1_398' title='bbox 3205 2652 3473 2723; x_wconf 86' lang='grc' dir='ltr'>τέσσαρες</span> <span class='ocrx_word' id='word_1_399' title='bbox 3502 2651 3715 2721; x_wconf 81' lang='grc' dir='ltr'>ἀργυραῖ.</span> <span class='ocrx_word' id='word_1_400' title='bbox 3744 2651 3809 2702; x_wconf 74' lang='grc' dir='ltr'><strong>Καὶ</strong></span> 
     </span>
    </p>
   </div>
   <div class='ocr_carea' id='block_1_55' title="bbox 2341 2740 3810 2817">
    <p class='ocr_par' dir='ltr' id='par_1_55' title="bbox 2341 2740 3810 2817">
     <span class='ocr_line' id='line_1_55' title="bbox 2341 2740 3810 2817; baseline -0.004 -20"><span class='ocrx_word' id='word_1_401' title='bbox 2341 2744 2527 2817; x_wconf 83' lang='grc' dir='ltr'>θήσεις</span> <span class='ocrx_word' id='word_1_402' title='bbox 2564 2745 2625 2797; x_wconf 82' lang='grc' dir='ltr'><strong>τὸ</strong></span> <span class='ocrx_word' id='word_1_403' title='bbox 2657 2744 3061 2813; x_wconf 83' lang='grc' dir='ltr'>καταπέτασμα</span> <span class='ocrx_word' id='word_1_404' title='bbox 3097 2742 3191 2796; x_wconf 75' lang='grc' dir='ltr'><strong>ἐπὶ</strong></span> <span class='ocrx_word' id='word_1_405' title='bbox 3218 2743 3331 2796; x_wconf 84' lang='grc' dir='ltr'><strong>τῶν</strong></span> <span class='ocrx_word' id='word_1_406' title='bbox 3369 2743 3586 2805; x_wconf 88' lang='grc' dir='ltr'>στύλων,</span> <span class='ocrx_word' id='word_1_407' title='bbox 3614 2741 3687 2793; x_wconf 73' lang='grc' dir='ltr'><strong>καὶ</strong></span> <span class='ocrx_word' id='word_1_408' title='bbox 3708 2740 3810 2792; x_wconf 74' lang='grc' dir='ltr'>εἰσοί-</span> 
     </span>
    </p>
   </div>
   <div class='ocr_carea' id='block_1_56' title="bbox 2342 2830 3811 2908">
    <p class='ocr_par' dir='ltr' id='par_1_56' title="bbox 2342 2830 3811 2908">
     <span class='ocr_line' id='line_1_56' title="bbox 2342 2830 3811 2908; baseline -0.003 -19"><span class='ocrx_word' id='word_1_409' title='bbox 2342 2853 2455 2901; x_wconf 86' lang='grc' dir='ltr'>σεις</span> <span class='ocrx_word' id='word_1_410' title='bbox 2477 2838 2593 2890; x_wconf 79' lang='grc' dir='ltr'>ἐκεῖ</span> <span class='ocrx_word' id='word_1_411' title='bbox 2619 2836 2882 2908; x_wconf 74' lang='grc' dir='ltr'>ἐσώτερον</span> <span class='ocrx_word' id='word_1_412' title='bbox 2915 2834 3008 2889; x_wconf 83' lang='grc' dir='ltr'>τοῦ</span> <span class='ocrx_word' id='word_1_413' title='bbox 3039 2835 3526 2903; x_wconf 81' lang='grc' dir='ltr'>καταπετάσματος</span> <span class='ocrx_word' id='word_1_414' title='bbox 3554 2833 3638 2903; x_wconf 80' lang='grc' dir='ltr'>τὴν</span> <span class='ocrx_word' id='word_1_415' title='bbox 3658 2830 3811 2884; x_wconf 75' lang='grc' dir='ltr'>κιὸωτὺν</span> 
     </span>
    </p>
   </div>
   <div class='ocr_carea' id='block_1_57' title="bbox 2340 2921 3810 2999">
    <p class='ocr_par' dir='ltr' id='par_1_57' title="bbox 2340 2921 3810 2999">
     <span class='ocr_line' id='line_1_57' title="bbox 2340 2921 3810 2999; baseline -0.007 -18"><span class='ocrx_word' id='word_1_416' title='bbox 2340 2927 2435 2981; x_wconf 79' lang='grc' dir='ltr'>τοῦ</span> <span class='ocrx_word' id='word_1_417' title='bbox 2478 2927 2797 2999; x_wconf 83' lang='grc' dir='ltr'>μαρτυρίου.</span> <span class='ocrx_word' id='word_1_418' title='bbox 2848 2927 2959 2981; x_wconf 80' lang='lat' dir='ltr'><strong>Ka‘t</strong></span> <span class='ocrx_word' id='word_1_419' title='bbox 3006 2926 3198 2996; x_wconf 82' lang='grc' dir='ltr'>διοριεῖ</span> <span class='ocrx_word' id='word_1_420' title='bbox 3242 2925 3304 2978; x_wconf 80' lang='grc' dir='ltr'>τὸ</span> <span class='ocrx_word' id='word_1_421' title='bbox 3338 2923 3698 2992; x_wconf 74' lang='grc' dir='ltr'>καταπέτασμα</span> <span class='ocrx_word' id='word_1_422' title='bbox 3730 2921 3810 2989; x_wconf 75' lang='grc' dir='ltr'>ὑμῖν</span> 
     </span>
    </p>
   </div>
   <div class='ocr_carea' id='block_1_58' title="bbox 2340 3008 3811 3087">
    <p class='ocr_par' dir='ltr' id='par_1_58' title="bbox 2340 3008 3811 3087">
     <span class='ocr_line' id='line_1_58' title="bbox 2340 3008 3811 3087; baseline -0.01 -15"><span class='ocrx_word' id='word_1_423' title='bbox 2340 3017 2612 3087; x_wconf 85' lang='grc' dir='ltr'>ἀναμέσον</span> <span class='ocrx_word' id='word_1_424' title='bbox 2642 3016 2737 3070; x_wconf 80' lang='grc' dir='ltr'>τοῦ</span> <span class='ocrx_word' id='word_1_425' title='bbox 2779 3016 2985 3084; x_wconf 82' lang='grc' dir='ltr'>Ἀγίου,</span> <span class='ocrx_word' id='word_1_426' title='bbox 3016 3016 3110 3070; x_wconf 74' lang='grc' dir='ltr'>καὶ</span> <span class='ocrx_word' id='word_1_427' title='bbox 3141 3014 3421 3085; x_wconf 86' lang='grc' dir='ltr'>άναμέσον</span> <span class='ocrx_word' id='word_1_428' title='bbox 3452 3012 3540 3065; x_wconf 78' lang='grc' dir='ltr'><strong>τοῦ</strong></span> <span class='ocrx_word' id='word_1_429' title='bbox 3578 3011 3719 3077; x_wconf 80' lang='grc' dir='ltr'>Ἀγίου</span> <span class='ocrx_word' id='word_1_430' title='bbox 3744 3008 3811 3058; x_wconf 71' lang='grc' dir='ltr'>τῶν</span> 
     </span>
    </p>
   </div>
   <div class='ocr_carea' id='block_1_59' title="bbox 2339 3100 3811 3180">
    <p class='ocr_par' dir='ltr' id='par_1_59' title="bbox 2339 3100 3811 3180">
     <span class='ocr_line' id='line_1_59' title="bbox 2339 3100 3811 3180; baseline -0.009 -15"><span class='ocrx_word' id='word_1_431' title='bbox 2339 3112 2531 3180; x_wconf 83' lang='grc' dir='ltr'>ἁγίων.</span> <span class='ocrx_word' id='word_1_432' title='bbox 2561 3109 2982 3178; x_wconf 78' lang='grc' dir='ltr'>Κατακαλύψεις</span> <span class='ocrx_word' id='word_1_433' title='bbox 3007 3108 3086 3179; x_wconf 84' lang='grc' dir='ltr'>τῷ</span> <span class='ocrx_word' id='word_1_434' title='bbox 3107 3106 3552 3177; x_wconf 87' lang='grc' dir='ltr'>καταπετάσματι</span> <span class='ocrx_word' id='word_1_435' title='bbox 3565 3104 3645 3174; x_wconf 78' lang='grc' dir='ltr'><strong>τήν</strong></span> <span class='ocrx_word' id='word_1_436' title='bbox 3658 3100 3811 3156; x_wconf 75' lang='grc' dir='ltr'>κιὸωτὶν</span> 
     </span>
    </p>
   </div>
   <div class='ocr_carea' id='block_1_60' title="bbox 663 3191 2235 3297">
    <p class='ocr_par' dir='ltr' id='par_1_60' title="bbox 663 3197 2235 3267">
     <span class='ocr_line' id='line_1_60' title="bbox 663 3197 2235 3267; baseline 0.003 -20"><span class='ocrx_word' id='word_1_437' title='bbox 663 3201 881 3260; x_wconf 87' lang='lat' dir='ltr'><strong>strum;</strong></span> <span class='ocrx_word' id='word_1_438' title='bbox 934 3202 991 3248; x_wconf 91' lang='lat' dir='ltr'><strong>et</strong></span> <span class='ocrx_word' id='word_1_439' title='bbox 1038 3209 1280 3250; x_wconf 88' lang='lat' dir='ltr'><strong>mensam</strong></span> <span class='ocrx_word' id='word_1_440' title='bbox 1334 3211 1506 3265; x_wconf 88' lang='lat' dir='ltr'><strong>pones</strong></span> <span class='ocrx_word' id='word_1_441' title='bbox 1557 3197 1612 3250; x_wconf 91' lang='lat' dir='ltr'><strong>in</strong></span> <span class='ocrx_word' id='word_1_442' title='bbox 1662 3208 1817 3267; x_wconf 89' lang='lat' dir='ltr'><strong>parte</strong></span> <span class='ocrx_word' id='word_1_443' title='bbox 1903 3199 2235 3254; x_wconf 87' lang='lat' dir='ltr'><strong>tabernaculi</strong></span> 
     </span>
    </p>
   </div>
   <div class='ocr_carea' id='block_1_61' title="bbox 2239 3191 3811 3297">
    <p class='ocr_par' dir='ltr' id='par_1_61' title="bbox 2239 3191 3811 3297">
     <span class='ocr_line' id='line_1_61' title="bbox 2239 3191 3811 3297; baseline -0.02 -46"><span class='ocrx_word' id='word_1_444' title='bbox 2239 3245 2241 3251; x_wconf 89' lang='lat'><strong>.</strong></span> <span class='ocrx_word' id='word_1_445' title='bbox 2269 3240 2310 3297; x_wconf 76' lang='lat' dir='ltr'><strong><em>C</em></strong></span> <span class='ocrx_word' id='word_1_446' title='bbox 2342 3202 2437 3255; x_wconf 80' lang='grc' dir='ltr'>τοῦ</span> <span class='ocrx_word' id='word_1_447' title='bbox 2474 3202 2774 3274; x_wconf 86' lang='grc' dir='ltr'>μαρτυρίου</span> <span class='ocrx_word' id='word_1_448' title='bbox 2810 3204 2867 3255; x_wconf 77' lang='grc' dir='ltr'>ἐν</span> <span class='ocrx_word' id='word_1_449' title='bbox 2896 3201 2974 3272; x_wconf 80' lang='grc' dir='ltr'><strong>τῷ</strong></span> <span class='ocrx_word' id='word_1_450' title='bbox 3018 3201 3188 3272; x_wconf 80' lang='grc' dir='ltr'>Ἀγίφ</span> <span class='ocrx_word' id='word_1_451' title='bbox 3226 3200 3339 3253; x_wconf 73' lang='grc' dir='ltr'><strong>τῶν</strong></span> <span class='ocrx_word' id='word_1_452' title='bbox 3368 3198 3549 3267; x_wconf 53' lang='grc' dir='ltr'><strong>ἁγίων,</strong></span> <span class='ocrx_word' id='word_1_453' title='bbox 3576 3196 3665 3248; x_wconf 57' lang='grc' dir='ltr'><strong>καὶ</strong></span> <span class='ocrx_word' id='word_1_454' title='bbox 3688 3191 3811 3297; x_wconf 42' lang='grc' dir='ltr'><strong>ἐπιθήῗ</strong></span> 
     </span>
    </p>
   </div>
   <div class='ocr_carea' id='block_1_62' title="bbox 663 3287 2240 3357">
    <p class='ocr_par' dir='ltr' id='par_1_62' title="bbox 663 3287 2240 3357">
     <span class='ocr_line' id='line_1_62' title="bbox 663 3287 2240 3357; baseline 0.004 -18"><span class='ocrx_word' id='word_1_455' title='bbox 663 3301 784 3355; x_wconf 74' lang='lat' dir='ltr'><strong>quae</strong></span> <span class='ocrx_word' id='word_1_456' title='bbox 822 3287 1048 3356; x_wconf 87' lang='lat' dir='ltr'><strong>respicit</strong></span> <span class='ocrx_word' id='word_1_457' title='bbox 1084 3287 1152 3342; x_wconf 90' lang='lat' dir='ltr'><strong>ad</strong></span> <span class='ocrx_word' id='word_1_458' title='bbox 1190 3287 1523 3357; x_wconf 82' lang='lat' dir='ltr'><strong>aquilonem.</strong></span> <span class='ocrx_word' id='word_1_459' title='bbox 1562 3290 1629 3344; x_wconf 88' lang='lat' dir='ltr'><strong>Et</strong></span> <span class='ocrx_word' id='word_1_460' title='bbox 1660 3290 1827 3345; x_wconf 80' lang='lat' dir='ltr'><strong>facies</strong></span> <span class='ocrx_word' id='word_1_461' title='bbox 1855 3290 2240 3346; x_wconf 83' lang='lat' dir='ltr'><strong>adductorium</strong></span> 
     </span>
    </p>
   </div>
   <div class='ocr_carea' id='block_1_63' title="bbox 659 3377 2242 3452">
    <p class='ocr_par' dir='ltr' id='par_1_63' title="bbox 659 3377 2242 3452">
     <span class='ocr_line' id='line_1_63' title="bbox 659 3377 2242 3452; baseline 0.003 -21"><span class='ocrx_word' id='word_1_462' title='bbox 659 3392 728 3432; x_wconf 80' lang='lat' dir='ltr'><strong>ex</strong></span> <span class='ocrx_word' id='word_1_463' title='bbox 766 3377 1065 3448; x_wconf 83' lang='lat' dir='ltr'><strong>hyacintho</strong></span> <span class='ocrx_word' id='word_1_464' title='bbox 1093 3386 1149 3433; x_wconf 90' lang='lat' dir='ltr'><strong>et</strong></span> <span class='ocrx_word' id='word_1_465' title='bbox 1179 3395 1442 3449; x_wconf 83' lang='lat' dir='ltr'><strong>purpura,</strong></span> <span class='ocrx_word' id='word_1_466' title='bbox 1474 3390 1531 3434; x_wconf 90' lang='lat' dir='ltr'><strong>et</strong></span> <span class='ocrx_word' id='word_1_467' title='bbox 1562 3394 1725 3435; x_wconf 92' lang='lat' dir='ltr'><strong>cocco</strong></span> <span class='ocrx_word' id='word_1_468' title='bbox 1759 3390 1927 3446; x_wconf 90' lang='lat' dir='ltr'><strong>torto,</strong></span> <span class='ocrx_word' id='word_1_469' title='bbox 1977 3391 2034 3436; x_wconf 90' lang='lat' dir='ltr'><strong>et</strong></span> <span class='ocrx_word' id='word_1_470' title='bbox 2080 3382 2242 3452; x_wconf 87' lang='lat' dir='ltr'><strong>bysso</strong></span> 
     </span>
    </p>
   </div>
   <div class='ocr_carea' id='block_1_64' title="bbox 660 3470 2242 3543">
    <p class='ocr_par' dir='ltr' id='par_1_64' title="bbox 660 3470 2242 3543">
     <span class='ocr_line' id='line_1_64' title="bbox 660 3470 2242 3543; baseline 0.003 -20"><span class='ocrx_word' id='word_1_471' title='bbox 660 3477 827 3535; x_wconf 70' lang='lat' dir='ltr'><strong>torta,</strong></span> <span class='ocrx_word' id='word_1_472' title='bbox 877 3485 1018 3540; x_wconf 91' lang='lat' dir='ltr'><strong>opus</strong></span> <span class='ocrx_word' id='word_1_473' title='bbox 1048 3471 1338 3526; x_wconf 80' lang='lat' dir='ltr'><strong>variatoris</strong></span> <span class='ocrx_word' id='word_1_474' title='bbox 1367 3488 1380 3535; x_wconf 91' lang='lat'><strong>;</strong></span> <span class='ocrx_word' id='word_1_475' title='bbox 1434 3480 1490 3525; x_wconf 90' lang='lat' dir='ltr'><strong>et</strong></span> <span class='ocrx_word' id='word_1_476' title='bbox 1521 3470 1689 3527; x_wconf 76' lang='lat' dir='ltr'><strong>facies</strong></span> <span class='ocrx_word' id='word_1_477' title='bbox 1720 3473 1976 3527; x_wconf 90' lang='lat' dir='ltr'><strong>velamini</strong></span> <span class='ocrx_word' id='word_1_478' title='bbox 1999 3475 2242 3543; x_wconf 88' lang='lat' dir='ltr'><strong>quinque</strong></span> 
     </span>
    </p>
   </div>
   <div class='ocr_carea' id='block_1_65' title="bbox 659 3562 2240 3634">
    <p class='ocr_par' dir='ltr' id='par_1_65' title="bbox 659 3562 2240 3634">
     <span class='ocr_line' id='line_1_65' title="bbox 659 3562 2240 3634; baseline 0.002 -19"><span class='ocrx_word' id='word_1_479' title='bbox 659 3562 965 3627; x_wconf 77' lang='lat' dir='ltr'><strong>columnas,</strong></span> <span class='ocrx_word' id='word_1_480' title='bbox 1001 3571 1058 3617; x_wconf 90' lang='lat' dir='ltr'><strong>et</strong></span> <span class='ocrx_word' id='word_1_481' title='bbox 1098 3562 1377 3617; x_wconf 87' lang='lat' dir='ltr'><strong>inaurabis</strong></span> <span class='ocrx_word' id='word_1_482' title='bbox 1413 3578 1506 3618; x_wconf 84' lang='lat' dir='ltr'><strong>eas</strong></span> <span class='ocrx_word' id='word_1_483' title='bbox 1541 3579 1698 3627; x_wconf 90' lang='lat' dir='ltr'><strong>auro,</strong></span> <span class='ocrx_word' id='word_1_484' title='bbox 1728 3573 1783 3618; x_wconf 92' lang='lat' dir='ltr'><strong>et</strong></span> <span class='ocrx_word' id='word_1_485' title='bbox 1824 3565 2003 3634; x_wconf 90' lang='lat' dir='ltr'><strong>capita</strong></span> <span class='ocrx_word' id='word_1_486' title='bbox 2048 3580 2240 3620; x_wconf 89' lang='lat' dir='ltr'><strong>earum</strong></span> 
     </span>
    </p>
   </div>
   <div class='ocr_carea' id='block_1_66' title="bbox 659 3654 2236 3726">
    <p class='ocr_par' dir='ltr' id='par_1_66' title="bbox 659 3654 2236 3726">
     <span class='ocr_line' id='line_1_66' title="bbox 659 3654 2236 3726; baseline 0.004 -20"><span class='ocrx_word' id='word_1_487' title='bbox 659 3667 849 3715; x_wconf 70' lang='lat' dir='ltr'><strong>aures,</strong></span> <span class='ocrx_word' id='word_1_488' title='bbox 883 3661 938 3710; x_wconf 85' lang='lat' dir='ltr'><strong>et</strong></span> <span class='ocrx_word' id='word_1_489' title='bbox 965 3654 1225 3709; x_wconf 90' lang='lat' dir='ltr'><strong>conllabis</strong></span> <span class='ocrx_word' id='word_1_490' title='bbox 1253 3656 1334 3710; x_wconf 86' lang='lat' dir='ltr'><strong>eis</strong></span> <span class='ocrx_word' id='word_1_491' title='bbox 1357 3656 1596 3726; x_wconf 88' lang='lat' dir='ltr'><strong>quinque</strong></span> <span class='ocrx_word' id='word_1_492' title='bbox 1619 3655 1779 3710; x_wconf 88' lang='lat' dir='ltr'><strong>bases</strong></span> <span class='ocrx_word' id='word_1_493' title='bbox 1799 3671 1977 3711; x_wconf 66' lang='lat' dir='ltr'><strong>aeneas</strong></span> <span class='ocrx_word' id='word_1_494' title='bbox 2002 3658 2067 3710; x_wconf 74' lang='grc' dir='ltr'><strong>⁸ο.</strong></span> <span class='ocrx_word' id='word_1_495' title='bbox 2109 3677 2126 3708; x_wconf 76' lang='grc' dir='ltr'><strong>ι</strong></span> <span class='ocrx_word' id='word_1_496' title='bbox 2157 3657 2236 3713; x_wconf 85' lang='lat' dir='ltr'><strong>Ac</strong></span> 
     </span>
    </p>
   </div>
   <div class='ocr_carea' id='block_1_67' title="bbox 661 3741 2238 3811">
    <p class='ocr_par' dir='ltr' id='par_1_67' title="bbox 661 3741 2238 3811">
     <span class='ocr_line' id='line_1_67' title="bbox 661 3741 2238 3811; baseline 0.004 -18"><span class='ocrx_word' id='word_1_497' title='bbox 661 3741 730 3794; x_wconf 92' lang='lat' dir='ltr'><strong>de</strong></span> <span class='ocrx_word' id='word_1_498' title='bbox 765 3741 851 3796; x_wconf 80' lang='lat' dir='ltr'><strong>his</strong></span> <span class='ocrx_word' id='word_1_499' title='bbox 876 3741 1099 3811; x_wconf 77' lang='lat' dir='ltr'><strong>quidem</strong></span> <span class='ocrx_word' id='word_1_500' title='bbox 1123 3744 1408 3800; x_wconf 86' lang='lat' dir='ltr'><strong>hactenus.</strong></span> <span class='ocrx_word' id='word_1_501' title='bbox 1441 3745 1516 3799; x_wconf 88' lang='lat' dir='ltr'><strong>De</strong></span> <span class='ocrx_word' id='word_1_502' title='bbox 1536 3744 1689 3799; x_wconf 90' lang='lat' dir='ltr'><strong>labro</strong></span> <span class='ocrx_word' id='word_1_503' title='bbox 1709 3753 1892 3800; x_wconf 90' lang='lat' dir='ltr'><strong>autem</strong></span> <span class='ocrx_word' id='word_1_504' title='bbox 1917 3746 2032 3801; x_wconf 63' lang='lat' dir='ltr'><strong>haec</strong></span> <span class='ocrx_word' id='word_1_505' title='bbox 2063 3746 2197 3801; x_wconf 90' lang='lat' dir='ltr'><strong>dicit</strong></span> <span class='ocrx_word' id='word_1_506' title='bbox 2222 3776 2238 3810; x_wconf 84' lang='lat'><strong>-_</strong></span> 
     </span>
    </p>
   </div>
   <div class='ocr_carea' id='block_1_68' title="bbox 670 3831 2239 3905">
    <p class='ocr_par' dir='ltr' id='par_1_68' title="bbox 670 3831 2239 3905">
     <span class='ocr_line' id='line_1_68' title="bbox 670 3831 2239 3905; baseline 0.004 -22"><span class='ocrx_word' id='word_1_507' title='bbox 670 3849 688 3881; x_wconf 79' lang='grc' dir='ltr'><strong>ι</strong></span> <span class='ocrx_word' id='word_1_508' title='bbox 722 3831 906 3886; x_wconf 85' lang='lat' dir='ltr'><strong>Facies</strong></span> <span class='ocrx_word' id='word_1_509' title='bbox 958 3833 1171 3888; x_wconf 88' lang='lat' dir='ltr'><strong>labrum</strong></span> <span class='ocrx_word' id='word_1_510' title='bbox 1227 3850 1461 3897; x_wconf 72' lang='lat' dir='ltr'><strong>aeneum,</strong></span> <span class='ocrx_word' id='word_1_511' title='bbox 1502 3844 1559 3889; x_wconf 91' lang='lat' dir='ltr'><strong>et</strong></span> <span class='ocrx_word' id='word_1_512' title='bbox 1594 3834 1769 3889; x_wconf 86' lang='lat' dir='ltr'><strong>basim</strong></span> <span class='ocrx_word' id='word_1_513' title='bbox 1806 3837 1979 3905; x_wconf 88' lang='lat' dir='ltr'><strong>ipsius</strong></span> <span class='ocrx_word' id='word_1_514' title='bbox 2010 3852 2239 3901; x_wconf 82' lang='lat' dir='ltr'><strong>amcam,</strong></span> 
     </span>
    </p>
   </div>
   <div class='ocr_carea' id='block_1_69' title="bbox 664 3922 2241 3995">
    <p class='ocr_par' dir='ltr' id='par_1_69' title="bbox 664 3922 2241 3995">
     <span class='ocr_line' id='line_1_69' title="bbox 664 3922 2241 3995; baseline 0.006 -23"><span class='ocrx_word' id='word_1_515' title='bbox 664 3930 724 3973; x_wconf 90' lang='lat' dir='ltr'><strong>ut</strong></span> <span class='ocrx_word' id='word_1_516' title='bbox 754 3922 1027 3988; x_wconf 87' lang='lat' dir='ltr'><strong>laventur,</strong></span> <span class='ocrx_word' id='word_1_517' title='bbox 1059 3935 1115 3979; x_wconf 91' lang='lat' dir='ltr'><strong>et</strong></span> <span class='ocrx_word' id='word_1_518' title='bbox 1149 3941 1320 3995; x_wconf 91' lang='lat' dir='ltr'><strong>pones</strong></span> <span class='ocrx_word' id='word_1_519' title='bbox 1360 3925 1492 3980; x_wconf 87' lang='lat' dir='ltr'><strong>illud</strong></span> <span class='ocrx_word' id='word_1_520' title='bbox 1527 3926 1669 3980; x_wconf 90' lang='lat' dir='ltr'><strong>inter</strong></span> <span class='ocrx_word' id='word_1_521' title='bbox 1698 3926 2116 3982; x_wconf 83' lang='lat' dir='ltr'><strong>tabernaculum</strong></span> <span class='ocrx_word' id='word_1_522' title='bbox 2158 3938 2241 3983; x_wconf 90' lang='lat' dir='ltr'><strong>tc-</strong></span> 
     </span>
    </p>
   </div>
   <div class='ocr_carea' id='block_1_70' title="bbox 659 4014 2242 4086">
    <p class='ocr_par' dir='ltr' id='par_1_70' title="bbox 659 4014 2242 4086">
     <span class='ocr_line' id='line_1_70' title="bbox 659 4014 2242 4086; baseline 0.003 -19"><span class='ocrx_word' id='word_1_523' title='bbox 659 4014 905 4069; x_wconf 84' lang='lat' dir='ltr'><strong>stimonii</strong></span> <span class='ocrx_word' id='word_1_524' title='bbox 948 4024 1003 4069; x_wconf 91' lang='lat' dir='ltr'><strong>et</strong></span> <span class='ocrx_word' id='word_1_525' title='bbox 1034 4017 1207 4071; x_wconf 87' lang='lat' dir='ltr'><strong>altare</strong></span> <span class='ocrx_word' id='word_1_526' title='bbox 1241 4018 1306 4071; x_wconf 77' lang='lat'><strong>”.</strong></span> <span class='ocrx_word' id='word_1_527' title='bbox 1342 4036 1359 4066; x_wconf 78' lang='grc' dir='ltr'><strong>ι</strong></span> <span class='ocrx_word' id='word_1_528' title='bbox 1411 4016 1551 4071; x_wconf 91' lang='lat' dir='ltr'><strong>Num</strong></span> <span class='ocrx_word' id='word_1_529' title='bbox 1589 4015 1689 4070; x_wconf 90' lang='lat' dir='ltr'><strong>tibi</strong></span> <span class='ocrx_word' id='word_1_530' title='bbox 1724 4017 2013 4086; x_wconf 88' lang='lat' dir='ltr'><strong>perspicue</strong></span> <span class='ocrx_word' id='word_1_531' title='bbox 2037 4017 2104 4073; x_wconf 87' lang='lat' dir='ltr'><strong>de</strong></span> <span class='ocrx_word' id='word_1_532' title='bbox 2126 4018 2242 4072; x_wconf 87' lang='lat' dir='ltr'><strong>sin-</strong></span> 
     </span>
    </p>
   </div>
   <div class='ocr_carea' id='block_1_71' title="bbox 659 4106 1342 4175">
    <p class='ocr_par' dir='ltr' id='par_1_71' title="bbox 659 4106 1342 4175">
     <span class='ocr_line' id='line_1_71' title="bbox 659 4106 1342 4175; baseline 0.003 -16"><span class='ocrx_word' id='word_1_533' title='bbox 659 4106 802 4175; x_wconf 73' lang='lat' dir='ltr'><strong>gulis</strong></span> <span class='ocrx_word' id='word_1_534' title='bbox 839 4106 1046 4162; x_wconf 91' lang='lat' dir='ltr'><strong>dictum</strong></span> <span class='ocrx_word' id='word_1_535' title='bbox 1076 4108 1294 4163; x_wconf 88' lang='lat' dir='ltr'><strong>videtur</strong></span> <span class='ocrx_word' id='word_1_536' title='bbox 1320 4109 1342 4161; x_wconf 86' lang='lat'><strong>?</strong></span> 
     </span>
    </p>
   </div>
   <div class='ocr_carea' id='block_1_72' title="bbox 2345 3286 3811 3366">
    <p class='ocr_par' dir='ltr' id='par_1_72' title="bbox 2345 3286 3811 3366">
     <span class='ocr_line' id='line_1_72' title="bbox 2345 3286 3811 3366; baseline -0.008 -19"><span class='ocrx_word' id='word_1_537' title='bbox 2345 3312 2458 3358; x_wconf 87' lang='grc' dir='ltr'>σεις</span> <span class='ocrx_word' id='word_1_538' title='bbox 2482 3295 2580 3365; x_wconf 86' lang='grc' dir='ltr'>τὴν</span> <span class='ocrx_word' id='word_1_539' title='bbox 2608 3292 2887 3366; x_wconf 73' lang='grc' dir='ltr'>τράπεζαν</span> <span class='ocrx_word' id='word_1_540' title='bbox 2916 3293 3115 3359; x_wconf 75' lang='grc' dir='ltr'>ἔξωθεν</span> <span class='ocrx_word' id='word_1_541' title='bbox 3145 3292 3241 3345; x_wconf 80' lang='grc' dir='ltr'><strong>τοῦ</strong></span> <span class='ocrx_word' id='word_1_542' title='bbox 3271 3290 3731 3357; x_wconf 82' lang='grc' dir='ltr'>καταπετάσματος,</span> <span class='ocrx_word' id='word_1_543' title='bbox 3754 3286 3811 3335; x_wconf 68' lang='grc' dir='ltr'>καὶ</span> 
     </span>
    </p>
   </div>
   <div class='ocr_carea' id='block_1_73' title="bbox 2335 3374 3812 3456">
    <p class='ocr_par' dir='ltr' id='par_1_73' title="bbox 2335 3374 3812 3456">
     <span class='ocr_line' id='line_1_73' title="bbox 2335 3374 3812 3456; baseline -0.001 -19"><span class='ocrx_word' id='word_1_544' title='bbox 2335 3385 2435 3456; x_wconf 81' lang='grc' dir='ltr'>τὴν</span> <span class='ocrx_word' id='word_1_545' title='bbox 2467 3385 2686 3454; x_wconf 84' lang='grc' dir='ltr'>λυχνίαν</span> <span class='ocrx_word' id='word_1_546' title='bbox 2732 3384 2993 3438; x_wconf 81' lang='grc' dir='ltr'>ἀπέναντι</span> <span class='ocrx_word' id='word_1_547' title='bbox 3013 3382 3110 3453; x_wconf 84' lang='grc' dir='ltr'><strong>τῆς</strong></span> <span class='ocrx_word' id='word_1_548' title='bbox 3143 3381 3428 3454; x_wconf 74' lang='grc' dir='ltr'>τραπέζης</span> <span class='ocrx_word' id='word_1_549' title='bbox 3469 3379 3556 3432; x_wconf 67' lang='grc' dir='ltr'><strong>ἐπὶ</strong></span> <span class='ocrx_word' id='word_1_550' title='bbox 3583 3378 3733 3449; x_wconf 72' lang='grc' dir='ltr'>μέρους</span> <span class='ocrx_word' id='word_1_551' title='bbox 3751 3374 3812 3442; x_wconf 76' lang='grc' dir='ltr'><strong>τῆς</strong></span> 
     </span>
    </p>
   </div>
   <div class='ocr_carea' id='block_1_74' title="bbox 2338 3466 3811 3549">
    <p class='ocr_par' dir='ltr' id='par_1_74' title="bbox 2338 3466 3811 3549">
     <span class='ocr_line' id='line_1_74' title="bbox 2338 3466 3811 3549; baseline -0.014 -9"><span class='ocrx_word' id='word_1_552' title='bbox 2338 3477 2547 3548; x_wconf 78' lang='grc' dir='ltr'><strong>σκηνῆς</strong></span> <span class='ocrx_word' id='word_1_553' title='bbox 2569 3477 2628 3530; x_wconf 75' lang='grc' dir='ltr'>τὸ</span> <span class='ocrx_word' id='word_1_554' title='bbox 2659 3477 2799 3549; x_wconf 82' lang='grc' dir='ltr'>πρὸς</span> <span class='ocrx_word' id='word_1_555' title='bbox 2829 3476 3003 3529; x_wconf 89' lang='grc' dir='ltr'>νότον.</span> <span class='ocrx_word' id='word_1_556' title='bbox 3035 3475 3143 3528; x_wconf 76' lang='grc' dir='ltr'><strong>Καὶ</strong></span> <span class='ocrx_word' id='word_1_557' title='bbox 3173 3474 3271 3545; x_wconf 85' lang='grc' dir='ltr'>τὴν</span> <span class='ocrx_word' id='word_1_558' title='bbox 3300 3472 3571 3546; x_wconf 80' lang='grc' dir='ltr'>τράπεζαν</span> <span class='ocrx_word' id='word_1_559' title='bbox 3596 3469 3737 3540; x_wconf 82' lang='grc' dir='ltr'>θήσεις</span> <span class='ocrx_word' id='word_1_560' title='bbox 3755 3466 3811 3519; x_wconf 73' lang='grc' dir='ltr'><strong>ἰπὶ</strong></span> 
     </span>
    </p>
   </div>
   <div class='ocr_carea' id='block_1_75' title="bbox 2341 3558 3811 3639">
    <p class='ocr_par' dir='ltr' id='par_1_75' title="bbox 2341 3558 3811 3639">
     <span class='ocr_line' id='line_1_75' title="bbox 2341 3558 3811 3639; baseline -0.005 -17"><span class='ocrx_word' id='word_1_561' title='bbox 2341 3568 2539 3639; x_wconf 86' lang='grc' dir='ltr'>μέρους</span> <span class='ocrx_word' id='word_1_562' title='bbox 2587 3568 2685 3638; x_wconf 85' lang='grc' dir='ltr'><strong>τῆς</strong></span> <span class='ocrx_word' id='word_1_563' title='bbox 2726 3568 2933 3637; x_wconf 83' lang='grc' dir='ltr'>σκηνῆς</span> <span class='ocrx_word' id='word_1_564' title='bbox 2965 3568 3025 3621; x_wconf 87' lang='grc' dir='ltr'><strong>τὸ</strong></span> <span class='ocrx_word' id='word_1_565' title='bbox 3075 3565 3211 3636; x_wconf 82' lang='grc' dir='ltr'>πρὸς</span> <span class='ocrx_word' id='word_1_566' title='bbox 3246 3564 3471 3636; x_wconf 72' lang='grc' dir='ltr'>βορρᾶν.</span> <span class='ocrx_word' id='word_1_567' title='bbox 3514 3562 3610 3614; x_wconf 81' lang='lat' dir='ltr'><strong>Kal.</strong></span> <span class='ocrx_word' id='word_1_568' title='bbox 3647 3558 3811 3625; x_wconf 75' lang='grc' dir='ltr'>ποιήσεις</span> 
     </span>
    </p>
   </div>
   <div class='ocr_carea' id='block_1_76' title="bbox 2339 3646 3812 3731">
    <p class='ocr_par' dir='ltr' id='par_1_76' title="bbox 2339 3646 3812 3731">
     <span class='ocr_line' id='line_1_76' title="bbox 2339 3646 3812 3731; baseline -0.01 -20"><span class='ocrx_word' id='word_1_569' title='bbox 2339 3658 2709 3729; x_wconf 82' lang='grc' dir='ltr'>ὲπίσπαστρον</span> <span class='ocrx_word' id='word_1_570' title='bbox 2748 3661 2817 3729; x_wconf 76' lang='grc' dir='ltr'>τῇ</span> <span class='ocrx_word' id='word_1_571' title='bbox 2846 3658 2986 3731; x_wconf 76' lang='grc' dir='ltr'>θύρα</span> <span class='ocrx_word' id='word_1_572' title='bbox 3038 3658 3137 3728; x_wconf 84' lang='grc' dir='ltr'>τῆς</span> <span class='ocrx_word' id='word_1_573' title='bbox 3184 3656 3396 3727; x_wconf 81' lang='grc' dir='ltr'>σκηνῆς</span> <span class='ocrx_word' id='word_1_574' title='bbox 3437 3652 3493 3718; x_wconf 78' lang='grc' dir='ltr'><strong>ἐξ</strong></span> <span class='ocrx_word' id='word_1_575' title='bbox 3530 3648 3732 3705; x_wconf 80' lang='grc' dir='ltr'>ὑακίνθου</span> <span class='ocrx_word' id='word_1_576' title='bbox 3754 3646 3812 3699; x_wconf 71' lang='grc' dir='ltr'><strong>καὶ</strong></span> 
     </span>
    </p>
   </div>
   <div class='ocr_carea' id='block_1_77' title="bbox 2346 3737 3811 3820">
    <p class='ocr_par' dir='ltr' id='par_1_77' title="bbox 2346 3737 3811 3820">
     <span class='ocr_line' id='line_1_77' title="bbox 2346 3737 3811 3820; baseline -0.017 -10"><span class='ocrx_word' id='word_1_577' title='bbox 2346 3748 2653 3820; x_wconf 79' lang='grc' dir='ltr'>πορφύρας.</span> <span class='ocrx_word' id='word_1_578' title='bbox 2687 3748 2781 3802; x_wconf 76' lang='grc' dir='ltr'>καὶ</span> <span class='ocrx_word' id='word_1_579' title='bbox 2826 3748 3080 3802; x_wconf 88' lang='grc' dir='ltr'>κοκκίνου</span> <span class='ocrx_word' id='word_1_580' title='bbox 3124 3746 3527 3816; x_wconf 86' lang='grc' dir='ltr'>κεκλωσμένου,</span> <span class='ocrx_word' id='word_1_581' title='bbox 3568 3741 3647 3794; x_wconf 72' lang='grc' dir='ltr'><strong>καὶ</strong></span> <span class='ocrx_word' id='word_1_582' title='bbox 3680 3737 3811 3808; x_wconf 58' lang='lat' dir='ltr'><strong>tam</strong></span> 
     </span>
    </p>
   </div>
   <div class='ocr_carea' id='block_1_78' title="bbox 2341 3830 3811 3912">
    <p class='ocr_par' dir='ltr' id='par_1_78' title="bbox 2341 3830 3811 3912">
     <span class='ocr_line' id='line_1_78' title="bbox 2341 3830 3811 3912; baseline -0.008 -19"><span class='ocrx_word' id='word_1_583' title='bbox 2341 3839 2749 3911; x_wconf 88' lang='grc' dir='ltr'>κεκλωσμένης,</span> <span class='ocrx_word' id='word_1_584' title='bbox 2776 3840 2936 3912; x_wconf 78' lang='grc' dir='ltr'>ἔργον</span> <span class='ocrx_word' id='word_1_585' title='bbox 2964 3839 3263 3894; x_wconf 85' lang='grc' dir='ltr'>ποικιλτοῦ.</span> <span class='ocrx_word' id='word_1_586' title='bbox 3286 3838 3401 3891; x_wconf 85' lang='grc' dir='ltr'><strong>Καὶ</strong></span> <span class='ocrx_word' id='word_1_587' title='bbox 3427 3836 3647 3905; x_wconf 87' lang='grc' dir='ltr'>ποιήσεις</span> <span class='ocrx_word' id='word_1_588' title='bbox 3669 3830 3727 3900; x_wconf 78' lang='grc' dir='ltr'>τῷ</span> <span class='ocrx_word' id='word_1_589' title='bbox 3746 3844 3811 3881; x_wconf 78' lang='lat' dir='ltr'><strong>tu-</strong></span> 
     </span>
    </p>
   </div>
   <div class='ocr_carea' id='block_1_79' title="bbox 2340 3918 3811 3998">
    <p class='ocr_par' dir='ltr' id='par_1_79' title="bbox 2340 3918 3811 3998">
     <span class='ocr_line' id='line_1_79' title="bbox 2340 3918 3811 3998; baseline -0.009 -17"><span class='ocrx_word' id='word_1_590' title='bbox 2340 3927 2721 3998; x_wconf 84' lang='grc' dir='ltr'>ταπετάσματι</span> <span class='ocrx_word' id='word_1_591' title='bbox 2751 3929 2913 3981; x_wconf 81' lang='grc' dir='ltr'>πέντε</span> <span class='ocrx_word' id='word_1_592' title='bbox 2945 3928 3189 3992; x_wconf 87' lang='grc' dir='ltr'>στύλους,</span> <span class='ocrx_word' id='word_1_593' title='bbox 3228 3926 3328 3980; x_wconf 74' lang='grc' dir='ltr'>καὶ</span> <span class='ocrx_word' id='word_1_594' title='bbox 3375 3922 3650 3996; x_wconf 83' lang='grc' dir='ltr'>χρυσώσεις</span> <span class='ocrx_word' id='word_1_595' title='bbox 3679 3918 3811 3977; x_wconf 73' lang='grc' dir='ltr'>αὐτοὺς</span> 
     </span>
    </p>
   </div>
   <div class='ocr_carea' id='block_1_80' title="bbox 2340 4005 3813 4091">
    <p class='ocr_par' dir='ltr' id='par_1_80' title="bbox 2340 4005 3813 4091">
     <span class='ocr_line' id='line_1_80' title="bbox 2340 4005 3813 4091; baseline -0.012 -16"><span class='ocrx_word' id='word_1_596' title='bbox 2340 4018 2549 4091; x_wconf 84' lang='grc' dir='ltr'>χρυσίῳ</span> <span class='ocrx_word' id='word_1_597' title='bbox 2569 4036 2582 4049; x_wconf 83' lang='lat'><strong><em>°</em></strong></span> <span class='ocrx_word' id='word_1_598' title='bbox 2605 4019 2701 4072; x_wconf 76' lang='grc' dir='ltr'><strong>καὶ</strong></span> <span class='ocrx_word' id='word_1_599' title='bbox 2722 4021 2779 4073; x_wconf 85' lang='lat' dir='ltr'><strong>al.</strong></span> <span class='ocrx_word' id='word_1_600' title='bbox 2803 4020 3087 4090; x_wconf 77' lang='grc' dir='ltr'>κεφαλίδες</span> <span class='ocrx_word' id='word_1_601' title='bbox 3125 4018 3306 4073; x_wconf 81' lang='grc' dir='ltr'>αὐτῶν</span> <span class='ocrx_word' id='word_1_602' title='bbox 3337 4018 3548 4089; x_wconf 79' lang='grc' dir='ltr'>χρυσαῖ,</span> <span class='ocrx_word' id='word_1_603' title='bbox 3575 4012 3655 4066; x_wconf 73' lang='grc' dir='ltr'><strong>καὶ</strong></span> <span class='ocrx_word' id='word_1_604' title='bbox 3677 4005 3813 4082; x_wconf 77' lang='grc' dir='ltr'>χωνεύ-</span> 
     </span>
    </p>
   </div>
   <div class='ocr_carea' id='block_1_81' title="bbox 2343 4099 3811 4181">
    <p class='ocr_par' dir='ltr' id='par_1_81' title="bbox 2343 4099 3811 4181">
     <span class='ocr_line' id='line_1_81' title="bbox 2343 4099 3811 4181; baseline -0.012 -17"><span class='ocrx_word' id='word_1_605' title='bbox 2343 4129 2458 4174; x_wconf 90' lang='grc' dir='ltr'>σεις</span> <span class='ocrx_word' id='word_1_606' title='bbox 2486 4110 2668 4173; x_wconf 75' lang='grc' dir='ltr'>αὐτοῖς</span> <span class='ocrx_word' id='word_1_607' title='bbox 2711 4110 2873 4164; x_wconf 88' lang='grc' dir='ltr'>πέντε</span> <span class='ocrx_word' id='word_1_608' title='bbox 2906 4110 3092 4181; x_wconf 84' lang='grc' dir='ltr'>βάσεις</span> <span class='ocrx_word' id='word_1_609' title='bbox 3134 4110 3371 4181; x_wconf 77' lang='grc' dir='ltr'>χαλκᾶς.</span> <span class='ocrx_word' id='word_1_610' title='bbox 3408 4127 3428 4159; x_wconf 70' lang='grc' dir='ltr'><strong>ι</strong></span> <span class='ocrx_word' id='word_1_611' title='bbox 3466 4106 3566 4159; x_wconf 75' lang='lat' dir='ltr'><strong>Ka‘t</strong></span> <span class='ocrx_word' id='word_1_612' title='bbox 3603 4100 3725 4154; x_wconf 83' lang='grc' dir='ltr'>ταυτὶ</span> <span class='ocrx_word' id='word_1_613' title='bbox 3750 4099 3811 4166; x_wconf 80' lang='grc' dir='ltr'><strong>μὲν</strong></span> 
     </span>
    </p>
   </div>
   <div class='ocr_carea' id='block_1_82' title="bbox 662 4189 3811 4273">
    <p class='ocr_par' dir='ltr' id='par_1_82' title="bbox 662 4189 3811 4273">
     <span class='ocr_line' id='line_1_82' title="bbox 662 4189 3811 4273; baseline 0.001 -20"><span class='ocrx_word' id='word_1_614' title='bbox 662 4198 1031 4269; x_wconf 72' lang='grc' dir='ltr'>περὶτούτων.</span> <span class='ocrx_word' id='word_1_615' title='bbox 1068 4201 1200 4271; x_wconf 68' lang='grc' dir='ltr'>Περὶ</span> <span class='ocrx_word' id='word_1_616' title='bbox 1226 4200 1283 4253; x_wconf 86' lang='grc' dir='ltr'>δέ</span> <span class='ocrx_word' id='word_1_617' title='bbox 1335 4219 1395 4268; x_wconf 83' lang='grc' dir='ltr'><strong>γε</strong></span> <span class='ocrx_word' id='word_1_618' title='bbox 1431 4201 1523 4254; x_wconf 82' lang='grc' dir='ltr'>τοῦ</span> <span class='ocrx_word' id='word_1_619' title='bbox 1560 4201 1821 4271; x_wconf 83' lang='grc' dir='ltr'>λουτῆρος</span> <span class='ocrx_word' id='word_1_620' title='bbox 1859 4193 1958 4255; x_wconf 77' lang='grc' dir='ltr'>ὧδέ</span> <span class='ocrx_word' id='word_1_621' title='bbox 1998 4202 2072 4271; x_wconf 85' lang='grc' dir='ltr'><strong>πή</strong></span> <span class='ocrx_word' id='word_1_622' title='bbox 2104 4220 2255 4272; x_wconf 83' lang='grc' dir='ltr'>φησι·</span> <span class='ocrx_word' id='word_1_623' title='bbox 2305 4222 2321 4253; x_wconf 80' lang='grc' dir='ltr'><strong>ι</strong></span> <span class='ocrx_word' id='word_1_624' title='bbox 2365 4203 2595 4273; x_wconf 81' lang='grc' dir='ltr'>Ποίησον</span> <span class='ocrx_word' id='word_1_625' title='bbox 2618 4202 2854 4273; x_wconf 79' lang='grc' dir='ltr'>λουτῆρα</span> <span class='ocrx_word' id='word_1_626' title='bbox 2892 4203 3147 4273; x_wconf 76' lang='grc' dir='ltr'>χαλκοῦν,</span> <span class='ocrx_word' id='word_1_627' title='bbox 3191 4203 3283 4256; x_wconf 70' lang='grc' dir='ltr'>καὶ</span> <span class='ocrx_word' id='word_1_628' title='bbox 3337 4202 3493 4273; x_wconf 80' lang='grc' dir='ltr'>βάσιν</span> <span class='ocrx_word' id='word_1_629' title='bbox 3521 4194 3648 4266; x_wconf 78' lang='grc' dir='ltr'>αύτῷ</span> <span class='ocrx_word' id='word_1_630' title='bbox 3671 4189 3811 4263; x_wconf 62' lang='grc' dir='ltr'>χαλκῆν</span> 
     </span>
    </p>
   </div>
   <div class='ocr_carea' id='block_1_83' title="bbox 674 4288 3809 4366">
    <p class='ocr_par' dir='ltr' id='par_1_83' title="bbox 674 4288 3809 4366">
     <span class='ocr_line' id='line_1_83' title="bbox 674 4288 3809 4366; baseline -0.004 -20"><span class='ocrx_word' id='word_1_631' title='bbox 674 4293 816 4346; x_wconf 76' lang='grc' dir='ltr'>ὥστε</span> <span class='ocrx_word' id='word_1_632' title='bbox 860 4292 1170 4357; x_wconf 82' lang='grc' dir='ltr'>νίπτεσθαι,</span> <span class='ocrx_word' id='word_1_633' title='bbox 1211 4294 1305 4346; x_wconf 77' lang='grc' dir='ltr'>καὶ</span> <span class='ocrx_word' id='word_1_634' title='bbox 1338 4292 1523 4364; x_wconf 83' lang='grc' dir='ltr'>θήσεις</span> <span class='ocrx_word' id='word_1_635' title='bbox 1574 4293 1737 4345; x_wconf 79' lang='grc' dir='ltr'>αὑτὸν</span> <span class='ocrx_word' id='word_1_636' title='bbox 1781 4293 1885 4346; x_wconf 69' lang='grc' dir='ltr'>ἀνὰ</span> <span class='ocrx_word' id='word_1_637' title='bbox 1935 4296 2096 4363; x_wconf 84' lang='grc' dir='ltr'>μέσον</span> <span class='ocrx_word' id='word_1_638' title='bbox 2142 4295 2240 4363; x_wconf 87' lang='grc' dir='ltr'><strong>τῆς</strong></span> <span class='ocrx_word' id='word_1_639' title='bbox 2281 4297 2486 4365; x_wconf 78' lang='grc' dir='ltr'>σκηνῆς</span> <span class='ocrx_word' id='word_1_640' title='bbox 2550 4294 2643 4348; x_wconf 78' lang='grc' dir='ltr'>τοῦ</span> <span class='ocrx_word' id='word_1_641' title='bbox 2686 4294 3010 4366; x_wconf 86' lang='grc' dir='ltr'>μαρτυρίου,</span> <span class='ocrx_word' id='word_1_642' title='bbox 3042 4294 3135 4347; x_wconf 73' lang='grc' dir='ltr'><strong>καὶ</strong></span> <span class='ocrx_word' id='word_1_643' title='bbox 3160 4294 3264 4347; x_wconf 81' lang='grc' dir='ltr'>ἀνά</span> <span class='ocrx_word' id='word_1_644' title='bbox 3288 4293 3455 4363; x_wconf 85' lang='grc' dir='ltr'>μέσον</span> <span class='ocrx_word' id='word_1_645' title='bbox 3483 4290 3569 4343; x_wconf 75' lang='grc' dir='ltr'>τοῦ</span> <span class='ocrx_word' id='word_1_646' title='bbox 3597 4288 3809 4341; x_wconf 68' lang='lat' dir='ltr'><strong>Gustum-</strong></span> 
     </span>
    </p>
   </div>
   <div class='ocr_carea' id='block_1_84' title="bbox 665 4382 2019 4456">
    <p class='ocr_par' dir='ltr' id='par_1_84' title="bbox 665 4382 2019 4456">
     <span class='ocr_line' id='line_1_84' title="bbox 665 4382 2019 4456; baseline 0.008 -19"><span class='ocrx_word' id='word_1_647' title='bbox 665 4386 803 4456; x_wconf 76' lang='grc' dir='ltr'>ρίου.</span> <span class='ocrx_word' id='word_1_648' title='bbox 836 4405 854 4437; x_wconf 71' lang='grc' dir='ltr'><strong>ι</strong></span> <span class='ocrx_word' id='word_1_649' title='bbox 886 4382 1032 4455; x_wconf 73' lang='grc' dir='ltr'>Ἀρά</span> <span class='ocrx_word' id='word_1_650' title='bbox 1065 4402 1145 4437; x_wconf 90' lang='grc' dir='ltr'><strong>σοι</strong></span> <span class='ocrx_word' id='word_1_651' title='bbox 1185 4384 1355 4455; x_wconf 79' lang='grc' dir='ltr'>σαφὴς</span> <span class='ocrx_word' id='word_1_652' title='bbox 1390 4384 1419 4434; x_wconf 79' lang='grc' dir='ltr'><strong>ὁ</strong></span> <span class='ocrx_word' id='word_1_653' title='bbox 1454 4385 1538 4452; x_wconf 79' lang='grc' dir='ltr'><strong>ἐφ’</strong></span> <span class='ocrx_word' id='word_1_654' title='bbox 1566 4385 1779 4454; x_wconf 76' lang='grc' dir='ltr'>ἑκάστῳ</span> <span class='ocrx_word' id='word_1_655' title='bbox 1819 4383 1975 4451; x_wconf 83' lang='grc' dir='ltr'>λόγος</span> <span class='ocrx_word' id='word_1_656' title='bbox 2004 4402 2019 4450; x_wconf 88' lang='grc'>;</span> 
     </span>
    </p>
   </div>
   <div class='ocr_carea' id='block_1_85' title="bbox 733 4465 2305 4545">
    <p class='ocr_par' dir='ltr' id='par_1_85' title="bbox 733 4474 2305 4545">
     <span class='ocr_line' id='line_1_85' title="bbox 733 4474 2305 4545; baseline 0 -15"><span class='ocrx_word' id='word_1_657' title='bbox 733 4476 929 4530; x_wconf 82' lang='lat' dir='ltr'><strong>PALL.</strong></span> <span class='ocrx_word' id='word_1_658' title='bbox 961 4476 1180 4531; x_wconf 79' lang='lat' dir='ltr'><strong>Minime</strong></span> <span class='ocrx_word' id='word_1_659' title='bbox 1217 4492 1385 4529; x_wconf 88' lang='lat' dir='ltr'><strong>vero:</strong></span> <span class='ocrx_word' id='word_1_660' title='bbox 1419 4474 1613 4530; x_wconf 91' lang='lat' dir='ltr'><strong>dubito</strong></span> <span class='ocrx_word' id='word_1_661' title='bbox 1650 4475 1798 4530; x_wconf 91' lang='lat' dir='ltr'><strong>enim</strong></span> <span class='ocrx_word' id='word_1_662' title='bbox 1837 4490 1987 4537; x_wconf 74' lang='lat' dir='ltr'><strong>sane,</strong></span> <span class='ocrx_word' id='word_1_663' title='bbox 2032 4474 2238 4545; x_wconf 90' lang='lat' dir='ltr'><strong>etquid</strong></span> <span class='ocrx_word' id='word_1_664' title='bbox 2273 4483 2305 4541; x_wconf 82' lang='grc' dir='ltr'>ι]</span> 
     </span>
    </p>
   </div>
   <div class='ocr_carea' id='block_1_86' title="bbox 2238 4465 3810 4545">
    <p class='ocr_par' dir='ltr' id='par_1_86' title="bbox 2273 4465 3810 4545">
     <span class='ocr_line' id='line_1_86' title="bbox 2273 4465 3810 4545; baseline -0.01 -15"><span class='ocrx_word' id='word_1_665' title='bbox 2273 4483 2317 4541; x_wconf 88' lang='lat' dir='ltr'><strong>D</strong></span> <span class='ocrx_word' id='word_1_666' title='bbox 2413 4474 2618 4529; x_wconf 82' lang='grc' dir='ltr'>ΠΑΛΛ.</span> <span class='ocrx_word' id='word_1_667' title='bbox 2652 4475 2727 4527; x_wconf 77' lang='grc' dir='ltr'><strong>Οὐ</strong></span> <span class='ocrx_word' id='word_1_668' title='bbox 2761 4475 2861 4544; x_wconf 85' lang='grc' dir='ltr'>μὲν</span> <span class='ocrx_word' id='word_1_669' title='bbox 2890 4468 2982 4527; x_wconf 76' lang='grc' dir='ltr'><strong>οὖν</strong></span> <span class='ocrx_word' id='word_1_670' title='bbox 3011 4490 3024 4505; x_wconf 88' lang='grc'><strong>·</strong></span> <span class='ocrx_word' id='word_1_671' title='bbox 3058 4472 3372 4545; x_wconf 82' lang='grc' dir='ltr'>διηπόρηκα</span> <span class='ocrx_word' id='word_1_672' title='bbox 3396 4473 3532 4544; x_wconf 79' lang='grc' dir='ltr'>γὰρ,</span> <span class='ocrx_word' id='word_1_673' title='bbox 3555 4469 3662 4525; x_wconf 82' lang='grc' dir='ltr'>ίσθι’</span> <span class='ocrx_word' id='word_1_674' title='bbox 3697 4465 3810 4519; x_wconf 74' lang='grc' dir='ltr'>κσὶτί</span> 
     </span>
    </p>
   </div>
   <div class='ocr_carea' id='block_1_87' title="bbox 665 4566 1702 4629">
    <p class='ocr_par' dir='ltr' id='par_1_87' title="bbox 665 4566 1702 4629">
     <span class='ocr_line' id='line_1_87' title="bbox 665 4566 1702 4629; baseline -0.002 -9"><span class='ocrx_word' id='word_1_675' title='bbox 665 4568 799 4621; x_wconf 87' lang='lat' dir='ltr'><strong>illud</strong></span> <span class='ocrx_word' id='word_1_676' title='bbox 824 4568 929 4621; x_wconf 91' lang='lat' dir='ltr'><strong>sibi</strong></span> <span class='ocrx_word' id='word_1_677' title='bbox 957 4568 1107 4629; x_wconf 89' lang='lat' dir='ltr'><strong>velit,</strong></span> <span class='ocrx_word' id='word_1_678' title='bbox 1142 4584 1251 4622; x_wconf 91' lang='lat' dir='ltr'><strong>non</strong></span> <span class='ocrx_word' id='word_1_679' title='bbox 1289 4566 1465 4621; x_wconf 88' lang='lat' dir='ltr'><strong>habeo</strong></span> <span class='ocrx_word' id='word_1_680' title='bbox 1497 4566 1702 4621; x_wconf 84' lang='lat' dir='ltr'><strong>dicere.</strong></span> 
     </span>
    </p>
   </div>
   <div class='ocr_carea' id='block_1_88' title="bbox 732 4656 2234 4729">
    <p class='ocr_par' dir='ltr' id='par_1_88' title="bbox 732 4656 2234 4729">
     <span class='ocr_line' id='line_1_88' title="bbox 732 4656 2234 4729; baseline -0.001 -17"><span class='ocrx_word' id='word_1_681' title='bbox 732 4659 893 4713; x_wconf 82' lang='lat' dir='ltr'><strong>CYR.</strong></span> <span class='ocrx_word' id='word_1_682' title='bbox 951 4658 1300 4729; x_wconf 81' lang='lat' dir='ltr'><strong>Singulorum</strong></span> <span class='ocrx_word' id='word_1_683' title='bbox 1349 4658 1515 4727; x_wconf 85' lang='lat' dir='ltr'><strong>igitur</strong></span> <span class='ocrx_word' id='word_1_684' title='bbox 1560 4656 1871 4721; x_wconf 88' lang='lat' dir='ltr'><strong>verborum,</strong></span> <span class='ocrx_word' id='word_1_685' title='bbox 1916 4672 2038 4726; x_wconf 73' lang='lat' dir='ltr'><strong>qua:</strong></span> <span class='ocrx_word' id='word_1_686' title='bbox 2072 4657 2234 4712; x_wconf 90' lang='lat' dir='ltr'><strong>modo</strong></span> 
     </span>
    </p>
   </div>
   <div class='ocr_carea' id='block_1_89' title="bbox 663 4745 2235 4819">
    <p class='ocr_par' dir='ltr' id='par_1_89' title="bbox 663 4745 2235 4819">
     <span class='ocr_line' id='line_1_89' title="bbox 663 4745 2235 4819; baseline -0.002 -17"><span class='ocrx_word' id='word_1_687' title='bbox 663 4748 844 4819; x_wconf 85' lang='lat' dir='ltr'><strong>posui,</strong></span> <span class='ocrx_word' id='word_1_688' title='bbox 888 4748 981 4801; x_wconf 91' lang='lat' dir='ltr'><strong>ubi</strong></span> <span class='ocrx_word' id='word_1_689' title='bbox 1020 4763 1082 4801; x_wconf 88' lang='lat' dir='ltr'><strong>ea</strong></span> <span class='ocrx_word' id='word_1_690' title='bbox 1123 4762 1407 4816; x_wconf 87' lang='lat' dir='ltr'><strong>sumpsero</strong></span> <span class='ocrx_word' id='word_1_691' title='bbox 1433 4761 1554 4815; x_wconf 70' lang='lat' dir='ltr'><strong>qua:</strong></span> <span class='ocrx_word' id='word_1_692' title='bbox 1591 4745 1657 4799; x_wconf 90' lang='lat' dir='ltr'><strong>ad</strong></span> <span class='ocrx_word' id='word_1_693' title='bbox 1678 4760 1869 4800; x_wconf 87' lang='lat' dir='ltr'><strong>eorum</strong></span> <span class='ocrx_word' id='word_1_694' title='bbox 1902 4746 2235 4815; x_wconf 86' lang='lat' dir='ltr'><strong>contempla-</strong></span> 
     </span>
    </p>
   </div>
   <div class='ocr_carea' id='block_1_90' title="bbox 664 4838 2235 4912">
    <p class='ocr_par' dir='ltr' id='par_1_90' title="bbox 664 4838 2235 4912">
     <span class='ocr_line' id='line_1_90' title="bbox 664 4838 2235 4912; baseline -0.003 -17"><span class='ocrx_word' id='word_1_695' title='bbox 664 4844 868 4895; x_wconf 85' lang='lat' dir='ltr'><strong>tionem</strong></span> <span class='ocrx_word' id='word_1_696' title='bbox 887 4840 1041 4894; x_wconf 88' lang='lat' dir='ltr'><strong>utilia</strong></span> <span class='ocrx_word' id='word_1_697' title='bbox 1064 4848 1212 4903; x_wconf 89' lang='lat' dir='ltr'><strong>sunt,</strong></span> <span class='ocrx_word' id='word_1_698' title='bbox 1234 4838 1530 4893; x_wconf 91' lang='lat' dir='ltr'><strong>dilucidam</strong></span> <span class='ocrx_word' id='word_1_699' title='bbox 1558 4847 1724 4912; x_wconf 86' lang='lat' dir='ltr'><strong>atque</strong></span> <span class='ocrx_word' id='word_1_700' title='bbox 1760 4838 2105 4908; x_wconf 83' lang='lat' dir='ltr'><strong>perspicuam</strong></span> <span class='ocrx_word' id='word_1_701' title='bbox 2135 4853 2235 4908; x_wconf 91' lang='lat' dir='ltr'><strong>pro</strong></span> 
     </span>
    </p>
   </div>
   <div class='ocr_carea' id='block_1_91' title="bbox 660 4929 2236 5001">
    <p class='ocr_par' dir='ltr' id='par_1_91' title="bbox 660 4929 2236 5001">
     <span class='ocr_line' id='line_1_91' title="bbox 660 4929 2236 5001; baseline -0.004 -14"><span class='ocrx_word' id='word_1_702' title='bbox 660 4933 872 4987; x_wconf 76' lang='lat' dir='ltr'><strong>viribus</strong></span> <span class='ocrx_word' id='word_1_703' title='bbox 897 4932 1293 5001; x_wconf 74' lang='lat' dir='ltr'><strong>expositionem</strong></span> <span class='ocrx_word' id='word_1_704' title='bbox 1335 4929 1578 4984; x_wconf 73' lang='lat' dir='ltr'><strong>afferam.</strong></span> <span class='ocrx_word' id='word_1_705' title='bbox 1604 4930 1857 4983; x_wconf 86' lang='lat' dir='ltr'><strong>Erectum</strong></span> <span class='ocrx_word' id='word_1_706' title='bbox 1886 4945 2123 4999; x_wconf 88' lang='lat' dir='ltr'><strong>namque</strong></span> <span class='ocrx_word' id='word_1_707' title='bbox 2152 4938 2236 4983; x_wconf 90' lang='lat' dir='ltr'><strong>est</strong></span> 
     </span>
    </p>
   </div>
   <div class='ocr_carea' id='block_1_92' title="bbox 662 5020 2243 5083">
    <p class='ocr_par' dir='ltr' id='par_1_92' title="bbox 662 5020 2243 5083">
     <span class='ocr_line' id='line_1_92' title="bbox 662 5020 2243 5083; baseline -0.004 -4"><span class='ocrx_word' id='word_1_708' title='bbox 662 5027 718 5079; x_wconf 91' lang='lat' dir='ltr'><strong>in</strong></span> <span class='ocrx_word' id='word_1_709' title='bbox 754 5024 975 5080; x_wconf 87' lang='lat' dir='ltr'><strong>deserto</strong></span> <span class='ocrx_word' id='word_1_710' title='bbox 1009 5038 1227 5077; x_wconf 90' lang='lat' dir='ltr'><strong>sacrum</strong></span> <span class='ocrx_word' id='word_1_711' title='bbox 1259 5020 1391 5075; x_wconf 93' lang='lat' dir='ltr'><strong>illud</strong></span> <span class='ocrx_word' id='word_1_712' title='bbox 1429 5021 1861 5083; x_wconf 87' lang='lat' dir='ltr'><strong>tabernaculum,</strong></span> <span class='ocrx_word' id='word_1_713' title='bbox 1888 5020 2115 5083; x_wconf 88' lang='lat' dir='ltr'><strong>Palladi,</strong></span> <span class='ocrx_word' id='word_1_714' title='bbox 2142 5020 2243 5073; x_wconf 88' lang='lat' dir='ltr'><strong>du-</strong></span> 
     </span>
    </p>
   </div>
   <div class='ocr_carea' id='block_1_93' title="bbox 662 5112 2241 5187">
    <p class='ocr_par' dir='ltr' id='par_1_93' title="bbox 662 5112 2241 5187">
     <span class='ocr_line' id='line_1_93' title="bbox 662 5112 2241 5187; baseline -0.004 -15"><span class='ocrx_word' id='word_1_715' title='bbox 662 5117 791 5187; x_wconf 90' lang='lat' dir='ltr'><strong>plici</strong></span> <span class='ocrx_word' id='word_1_716' title='bbox 821 5115 1222 5186; x_wconf 90' lang='lat' dir='ltr'><strong>quodammodo</strong></span> <span class='ocrx_word' id='word_1_717' title='bbox 1243 5115 1351 5169; x_wconf 89' lang='lat' dir='ltr'><strong>situ</strong></span> <span class='ocrx_word' id='word_1_718' title='bbox 1374 5130 1438 5169; x_wconf 88' lang='lat' dir='ltr'><strong>ac</strong></span> <span class='ocrx_word' id='word_1_719' title='bbox 1466 5113 1634 5185; x_wconf 79' lang='lat' dir='ltr'><strong>ﬁgura</strong></span> <span class='ocrx_word' id='word_1_720' title='bbox 1663 5131 1677 5175; x_wconf 87' lang='lat'>;</span> <span class='ocrx_word' id='word_1_721' title='bbox 1704 5122 1867 5181; x_wconf 91' lang='lat' dir='ltr'><strong>atque</strong></span> <span class='ocrx_word' id='word_1_722' title='bbox 1888 5128 1996 5166; x_wconf 90' lang='lat' dir='ltr'><strong>una</strong></span> <span class='ocrx_word' id='word_1_723' title='bbox 2020 5112 2241 5182; x_wconf 86' lang='lat' dir='ltr'><strong>quidem</strong></span> 
     </span>
    </p>
   </div>
   <div class='ocr_carea' id='block_1_94' title="bbox 663 5202 2240 5277">
    <p class='ocr_par' dir='ltr' id='par_1_94' title="bbox 663 5202 2240 5277">
     <span class='ocr_line' id='line_1_94' title="bbox 663 5202 2240 5277; baseline -0.004 -16"><span class='ocrx_word' id='word_1_724' title='bbox 663 5208 785 5277; x_wconf 89' lang='lat' dir='ltr'><strong>ejus</strong></span> <span class='ocrx_word' id='word_1_725' title='bbox 815 5222 942 5276; x_wconf 90' lang='lat' dir='ltr'><strong>pars</strong></span> <span class='ocrx_word' id='word_1_726' title='bbox 989 5205 1180 5259; x_wconf 88' lang='lat' dir='ltr'><strong>intima</strong></span> <span class='ocrx_word' id='word_1_727' title='bbox 1238 5214 1385 5267; x_wconf 89' lang='lat' dir='ltr'><strong>erat,</strong></span> <span class='ocrx_word' id='word_1_728' title='bbox 1435 5218 1609 5273; x_wconf 87' lang='lat' dir='ltr'><strong>eaque</strong></span> <span class='ocrx_word' id='word_1_729' title='bbox 1666 5202 1865 5257; x_wconf 87' lang='lat' dir='ltr'><strong>Sancta</strong></span> <span class='ocrx_word' id='word_1_730' title='bbox 1927 5211 2240 5257; x_wconf 85' lang='lat' dir='ltr'><strong>sanctorum</strong></span> 
     </span>
    </p>
   </div>
   <div class='ocr_carea' id='block_1_95' title="bbox 667 5293 2239 5368">
    <p class='ocr_par' dir='ltr' id='par_1_95' title="bbox 667 5293 2239 5368">
     <span class='ocr_line' id='line_1_95' title="bbox 667 5293 2239 5368; baseline -0.003 -18"><span class='ocrx_word' id='word_1_731' title='bbox 667 5298 1041 5367; x_wconf 88' lang='lat' dir='ltr'><strong>appellabatur</strong></span> <span class='ocrx_word' id='word_1_732' title='bbox 1066 5315 1078 5349; x_wconf 93' lang='lat'>:</span> <span class='ocrx_word' id='word_1_733' title='bbox 1118 5298 1281 5368; x_wconf 89' lang='lat' dir='ltr'><strong>hujus</strong></span> <span class='ocrx_word' id='word_1_734' title='bbox 1302 5306 1424 5351; x_wconf 91' lang='lat' dir='ltr'><strong>erat</strong></span> <span class='ocrx_word' id='word_1_735' title='bbox 1446 5295 1618 5349; x_wconf 73' lang='lat' dir='ltr'><strong>veluti</strong></span> <span class='ocrx_word' id='word_1_736' title='bbox 1649 5294 1857 5364; x_wconf 88' lang='lat' dir='ltr'><strong>primus</strong></span> <span class='ocrx_word' id='word_1_737' title='bbox 1877 5293 2096 5363; x_wconf 89' lang='lat' dir='ltr'><strong>quidam</strong></span> <span class='ocrx_word' id='word_1_738' title='bbox 2140 5293 2239 5346; x_wconf 92' lang='lat' dir='ltr'><strong>ad-</strong></span> 
     </span>
    </p>
   </div>
   <div class='ocr_carea' id='block_1_96' title="bbox 665 5384 2238 5457">
    <p class='ocr_par' dir='ltr' id='par_1_96' title="bbox 665 5384 2238 5457">
     <span class='ocr_line' id='line_1_96' title="bbox 665 5384 2238 5457; baseline -0.003 -15"><span class='ocrx_word' id='word_1_739' title='bbox 665 5387 797 5450; x_wconf 87' lang='lat' dir='ltr'><strong>itus,</strong></span> <span class='ocrx_word' id='word_1_740' title='bbox 828 5399 884 5443; x_wconf 89' lang='lat' dir='ltr'><strong>et</strong></span> <span class='ocrx_word' id='word_1_741' title='bbox 912 5389 1054 5443; x_wconf 89' lang='lat' dir='ltr'><strong>circa</strong></span> <span class='ocrx_word' id='word_1_742' title='bbox 1079 5405 1200 5444; x_wconf 90' lang='lat' dir='ltr'><strong>eam</strong></span> <span class='ocrx_word' id='word_1_743' title='bbox 1234 5394 1406 5457; x_wconf 87' lang='lat' dir='ltr'><strong>posita</strong></span> <span class='ocrx_word' id='word_1_744' title='bbox 1438 5402 1565 5456; x_wconf 89' lang='lat' dir='ltr'><strong>pars</strong></span> <span class='ocrx_word' id='word_1_745' title='bbox 1587 5386 1675 5441; x_wconf 90' lang='lat' dir='ltr'><strong>illa</strong></span> <span class='ocrx_word' id='word_1_746' title='bbox 1696 5386 1868 5456; x_wconf 87' lang='lat' dir='ltr'><strong>prior,</strong></span> <span class='ocrx_word' id='word_1_747' title='bbox 1890 5399 2010 5453; x_wconf 64' lang='lat' dir='ltr'><strong>quae</strong></span> <span class='ocrx_word' id='word_1_748' title='bbox 2040 5384 2238 5439; x_wconf 88' lang='lat' dir='ltr'><strong>Sancta</strong></span> 
     </span>
    </p>
   </div>
   <div class='ocr_carea' id='block_1_97' title="bbox 665 5478 2238 5551">
    <p class='ocr_par' dir='ltr' id='par_1_97' title="bbox 665 5478 2238 5551">
     <span class='ocr_line' id='line_1_97' title="bbox 665 5478 2238 5551; baseline -0.003 -16"><span class='ocrx_word' id='word_1_749' title='bbox 665 5481 1003 5546; x_wconf 83' lang='lat' dir='ltr'><strong>vocabatur;</strong></span> <span class='ocrx_word' id='word_1_750' title='bbox 1044 5490 1205 5551; x_wconf 89' lang='lat' dir='ltr'><strong>atque</strong></span> <span class='ocrx_word' id='word_1_751' title='bbox 1238 5482 1293 5535; x_wconf 91' lang='lat' dir='ltr'><strong>in</strong></span> <span class='ocrx_word' id='word_1_752' title='bbox 1334 5481 1528 5536; x_wconf 90' lang='lat' dir='ltr'><strong>intimo</strong></span> <span class='ocrx_word' id='word_1_753' title='bbox 1580 5480 1673 5533; x_wconf 87' lang='lat' dir='ltr'><strong>illo</strong></span> <span class='ocrx_word' id='word_1_754' title='bbox 1716 5478 2069 5534; x_wconf 89' lang='lat' dir='ltr'><strong>tabernaculo</strong></span> <span class='ocrx_word' id='word_1_755' title='bbox 2116 5487 2238 5532; x_wconf 87' lang='lat' dir='ltr'><strong>erat</strong></span> 
     </span>
    </p>
   </div>
   <div class='ocr_carea' id='block_1_98' title="bbox 667 5568 2237 5649">
    <p class='ocr_par' dir='ltr' id='par_1_98' title="bbox 667 5568 2237 5649">
     <span class='ocr_line' id='line_1_98' title="bbox 667 5568 2237 5649; baseline -0.003 -24"><span class='ocrx_word' id='word_1_756' title='bbox 667 5587 790 5625; x_wconf 87' lang='lat' dir='ltr'><strong>arca</strong></span> <span class='ocrx_word' id='word_1_757' title='bbox 827 5571 1087 5641; x_wconf 90' lang='lat' dir='ltr'><strong>reposita,</strong></span> <span class='ocrx_word' id='word_1_758' title='bbox 1128 5572 1196 5649; x_wconf 81' lang='lat' dir='ltr'><strong>de</strong></span> <span class='ocrx_word' id='word_1_759' title='bbox 1241 5581 1477 5641; x_wconf 91' lang='lat' dir='ltr'><strong>quatuor</strong></span> <span class='ocrx_word' id='word_1_760' title='bbox 1506 5570 1777 5626; x_wconf 89' lang='lat' dir='ltr'><strong>columnis</strong></span> <span class='ocrx_word' id='word_1_761' title='bbox 1811 5568 2059 5623; x_wconf 89' lang='lat' dir='ltr'><strong>velamen</strong></span> <span class='ocrx_word' id='word_1_762' title='bbox 2112 5583 2237 5622; x_wconf 86' lang='lat' dir='ltr'><strong>sus-</strong></span> 
     </span>
    </p>
   </div>
   <div class='ocr_carea' id='block_1_99' title="bbox 669 5660 2236 5734">
    <p class='ocr_par' dir='ltr' id='par_1_99' title="bbox 669 5660 2236 5734">
     <span class='ocr_line' id='line_1_99' title="bbox 669 5660 2236 5734; baseline -0.001 -17"><span class='ocrx_word' id='word_1_763' title='bbox 669 5679 896 5732; x_wconf 81' lang='lat' dir='ltr'><strong>pensum</strong></span> <span class='ocrx_word' id='word_1_764' title='bbox 935 5663 1145 5719; x_wconf 88' lang='lat' dir='ltr'><strong>habens</strong></span> <span class='ocrx_word' id='word_1_765' title='bbox 1192 5664 1482 5720; x_wconf 84' lang='lat' dir='ltr'><strong>artiﬁciose</strong></span> <span class='ocrx_word' id='word_1_766' title='bbox 1500 5679 1565 5718; x_wconf 76' lang='lat' dir='ltr'><strong>ex</strong></span> <span class='ocrx_word' id='word_1_767' title='bbox 1602 5660 1919 5734; x_wconf 87' lang='lat' dir='ltr'><strong>hyacintho,</strong></span> <span class='ocrx_word' id='word_1_768' title='bbox 1973 5676 2236 5731; x_wconf 88' lang='lat' dir='ltr'><strong>purpura,</strong></span> 
     </span>
    </p>
   </div>
   <div class='ocr_carea' id='block_1_100' title="bbox 2340 4562 3140 4634">
    <p class='ocr_par' dir='ltr' id='par_1_100' title="bbox 2340 4562 3140 4634">
     <span class='ocr_line' id='line_1_100' title="bbox 2340 4562 3140 4634; baseline 0.003 -18"><span class='ocrx_word' id='word_1_769' title='bbox 2340 4564 2402 4617; x_wconf 83' lang='grc' dir='ltr'><strong>τὸ</strong></span> <span class='ocrx_word' id='word_1_770' title='bbox 2434 4564 2645 4634; x_wconf 87' lang='grc' dir='ltr'>χρῆμα,</span> <span class='ocrx_word' id='word_1_771' title='bbox 2680 4564 2856 4615; x_wconf 79' lang='grc' dir='ltr'>εἰπεῖν</span> <span class='ocrx_word' id='word_1_772' title='bbox 2885 4562 2985 4616; x_wconf 79' lang='grc' dir='ltr'><strong>οὐκ</strong></span> <span class='ocrx_word' id='word_1_773' title='bbox 3011 4562 3140 4634; x_wconf 84' lang='grc' dir='ltr'>ἔχω.</span> 
     </span>
    </p>
   </div>
   <div class='ocr_carea' id='block_1_101' title="bbox 2413 4643 3811 4725">
    <p class='ocr_par' dir='ltr' id='par_1_101' title="bbox 2413 4643 3811 4725">
     <span class='ocr_line' id='line_1_101' title="bbox 2413 4643 3811 4725; baseline -0.004 -19"><span class='ocrx_word' id='word_1_774' title='bbox 2413 4653 2576 4706; x_wconf 83' lang='grc' dir='ltr'>ΚΥΡ.</span> <span class='ocrx_word' id='word_1_775' title='bbox 2606 4651 2817 4705; x_wconf 82' lang='grc' dir='ltr'>Οὐκοῦν</span> <span class='ocrx_word' id='word_1_776' title='bbox 2837 4653 2921 4721; x_wconf 75' lang='grc' dir='ltr'><strong>ἐφ’</strong></span> <span class='ocrx_word' id='word_1_777' title='bbox 2946 4653 3160 4724; x_wconf 77' lang='grc' dir='ltr'>ἑκάστῳ</span> <span class='ocrx_word' id='word_1_778' title='bbox 3174 4653 3283 4707; x_wconf 88' lang='grc' dir='ltr'><strong>τῶν</strong></span> <span class='ocrx_word' id='word_1_779' title='bbox 3301 4650 3651 4725; x_wconf 77' lang='grc' dir='ltr'>προκειμένων</span> <span class='ocrx_word' id='word_1_780' title='bbox 3675 4643 3811 4717; x_wconf 71' lang='grc' dir='ltr'>ῥητῶν.</span> 
     </span>
    </p>
   </div>
   <div class='ocr_carea' id='block_1_102' title="bbox 2342 4735 3812 4815">
    <p class='ocr_par' dir='ltr' id='par_1_102' title="bbox 2342 4735 3812 4815">
     <span class='ocr_line' id='line_1_102' title="bbox 2342 4735 3812 4815; baseline -0.003 -17"><span class='ocrx_word' id='word_1_781' title='bbox 2342 4747 2422 4808; x_wconf 82' lang='grc' dir='ltr'>εἰς</span> <span class='ocrx_word' id='word_1_782' title='bbox 2454 4744 2686 4815; x_wconf 89' lang='grc' dir='ltr'>θεωρίαν</span> <span class='ocrx_word' id='word_1_783' title='bbox 2701 4744 2799 4814; x_wconf 83' lang='grc' dir='ltr'>τὴν</span> <span class='ocrx_word' id='word_1_784' title='bbox 2825 4743 2911 4796; x_wconf 73' lang='grc' dir='ltr'><strong>ἐπ’</strong></span> <span class='ocrx_word' id='word_1_785' title='bbox 2938 4744 3118 4808; x_wconf 84' lang='grc' dir='ltr'>αὐτοῖς</span> <span class='ocrx_word' id='word_1_786' title='bbox 3148 4745 3208 4797; x_wconf 86' lang='grc' dir='ltr'>τὺ</span> <span class='ocrx_word' id='word_1_787' title='bbox 3234 4743 3426 4798; x_wconf 84' lang='grc' dir='ltr'>τελοῦν</span> <span class='ocrx_word' id='word_1_788' title='bbox 3453 4742 3689 4814; x_wconf 73' lang='grc' dir='ltr'>ἁρπάσας,</span> <span class='ocrx_word' id='word_1_789' title='bbox 3718 4735 3812 4801; x_wconf 67' lang='grc' dir='ltr'><strong>σαφῆ</strong></span> 
     </span>
    </p>
   </div>
   <div class='ocr_carea' id='block_1_103' title="bbox 2343 4830 3813 4906">
    <p class='ocr_par' dir='ltr' id='par_1_103' title="bbox 2343 4830 3813 4906">
     <span class='ocr_line' id='line_1_103' title="bbox 2343 4830 3813 4906; baseline 0 -17"><span class='ocrx_word' id='word_1_790' title='bbox 2343 4836 2439 4889; x_wconf 50' lang='grc' dir='ltr'><strong>καλ¹</strong></span> <span class='ocrx_word' id='word_1_791' title='bbox 2472 4836 2922 4906; x_wconf 83' lang='grc' dir='ltr'>εύκρινεστάτην,</span> <span class='ocrx_word' id='word_1_792' title='bbox 2960 4836 3035 4900; x_wconf 87' lang='grc' dir='ltr'>ὼς</span> <span class='ocrx_word' id='word_1_793' title='bbox 3068 4836 3133 4890; x_wconf 75' lang='grc' dir='ltr'><strong>ἂν</strong></span> <span class='ocrx_word' id='word_1_794' title='bbox 3161 4831 3271 4900; x_wconf 76' lang='grc' dir='ltr'>οἷός</span> <span class='ocrx_word' id='word_1_795' title='bbox 3304 4854 3365 4891; x_wconf 86' lang='grc' dir='ltr'><strong>τε</strong></span> <span class='ocrx_word' id='word_1_796' title='bbox 3391 4831 3456 4903; x_wconf 83' lang='grc' dir='ltr'><strong>ὧ,</strong></span> <span class='ocrx_word' id='word_1_797' title='bbox 3482 4836 3730 4906; x_wconf 67' lang='grc' dir='ltr'>ποιήσομαι</span> <span class='ocrx_word' id='word_1_798' title='bbox 3751 4830 3813 4895; x_wconf 59' lang='grc' dir='ltr'><strong>τὴν</strong></span> 
     </span>
    </p>
   </div>
   <div class='ocr_carea' id='block_1_104' title="bbox 2342 4918 3813 4999">
    <p class='ocr_par' dir='ltr' id='par_1_104' title="bbox 2342 4918 3813 4999">
     <span class='ocr_line' id='line_1_104' title="bbox 2342 4918 3813 4999; baseline -0.008 -16"><span class='ocrx_word' id='word_1_799' title='bbox 2342 4928 2641 4999; x_wconf 81' lang='grc' dir='ltr'>ἀφήγησιν.</span> <span class='ocrx_word' id='word_1_800' title='bbox 2686 4926 3014 4998; x_wconf 81' lang='grc' dir='ltr'>Ἐγήγερται</span> <span class='ocrx_word' id='word_1_801' title='bbox 3054 4928 3152 4998; x_wconf 80' lang='grc' dir='ltr'><strong>μὲν</strong></span> <span class='ocrx_word' id='word_1_802' title='bbox 3177 4928 3307 4998; x_wconf 83' lang='grc' dir='ltr'>γὰρ,</span> <span class='ocrx_word' id='word_1_803' title='bbox 3349 4923 3395 4982; x_wconf 78' lang='grc' dir='ltr'><strong>ὦ</strong></span> <span class='ocrx_word' id='word_1_804' title='bbox 3442 4925 3691 4985; x_wconf 83' lang='grc' dir='ltr'>Παλλάδιε,</span> <span class='ocrx_word' id='word_1_805' title='bbox 3720 4918 3813 4972; x_wconf 75' lang='grc' dir='ltr'>κατᾶ</span> 
     </span>
    </p>
   </div>
   <div class='ocr_carea' id='block_1_105' title="bbox 2339 5006 3813 5088">
    <p class='ocr_par' dir='ltr' id='par_1_105' title="bbox 2339 5006 3813 5088">
     <span class='ocr_line' id='line_1_105' title="bbox 2339 5006 3813 5088; baseline -0.009 -18"><span class='ocrx_word' id='word_1_806' title='bbox 2339 5018 2440 5088; x_wconf 80' lang='grc' dir='ltr'>τὴν</span> <span class='ocrx_word' id='word_1_807' title='bbox 2470 5016 2675 5087; x_wconf 80' lang='grc' dir='ltr'>ἔρημον</span> <span class='ocrx_word' id='word_1_808' title='bbox 2705 5016 2739 5087; x_wconf 85' lang='grc' dir='ltr'><strong>ή</strong></span> <span class='ocrx_word' id='word_1_809' title='bbox 2764 5016 2894 5085; x_wconf 86' lang='grc' dir='ltr'>ἁγία</span> <span class='ocrx_word' id='word_1_810' title='bbox 2920 5015 3114 5087; x_wconf 82' lang='grc' dir='ltr'>σκηνὴ,</span> <span class='ocrx_word' id='word_1_811' title='bbox 3140 5016 3215 5079; x_wconf 84' lang='grc' dir='ltr'>ὡς</span> <span class='ocrx_word' id='word_1_812' title='bbox 3237 5018 3295 5070; x_wconf 80' lang='grc' dir='ltr'><strong>ἐν</strong></span> <span class='ocrx_word' id='word_1_813' title='bbox 3326 5017 3471 5071; x_wconf 83' lang='grc' dir='ltr'>θέσει</span> <span class='ocrx_word' id='word_1_814' title='bbox 3490 5031 3545 5068; x_wconf 82' lang='grc' dir='ltr'><strong>τε</strong></span> <span class='ocrx_word' id='word_1_815' title='bbox 3574 5014 3652 5066; x_wconf 74' lang='grc' dir='ltr'><strong>καὶ</strong></span> <span class='ocrx_word' id='word_1_816' title='bbox 3669 5006 3813 5063; x_wconf 65' lang='lat' dir='ltr'><strong>iniit:</strong></span> 
     </span>
    </p>
   </div>
   <div class='ocr_carea' id='block_1_106' title="bbox 2338 5098 3811 5180">
    <p class='ocr_par' dir='ltr' id='par_1_106' title="bbox 2338 5098 3811 5180">
     <span class='ocr_line' id='line_1_106' title="bbox 2338 5098 3811 5180; baseline -0.001 -16"><span class='ocrx_word' id='word_1_817' title='bbox 2338 5109 2534 5178; x_wconf 82' lang='grc' dir='ltr'>διπλῷ.</span> <span class='ocrx_word' id='word_1_818' title='bbox 2562 5110 2672 5162; x_wconf 77' lang='lat' dir='ltr'><strong>Ka‘t</strong></span> <span class='ocrx_word' id='word_1_819' title='bbox 2708 5109 2806 5179; x_wconf 88' lang='grc' dir='ltr'><strong>μία</strong></span> <span class='ocrx_word' id='word_1_820' title='bbox 2844 5108 2941 5179; x_wconf 72' lang='grc' dir='ltr'><strong>μὲν</strong></span> <span class='ocrx_word' id='word_1_821' title='bbox 2980 5102 3049 5178; x_wconf 80' lang='grc' dir='ltr'>ἢν</span> <span class='ocrx_word' id='word_1_822' title='bbox 3082 5110 3116 5178; x_wconf 86' lang='grc' dir='ltr'><strong>ή</strong></span> <span class='ocrx_word' id='word_1_823' title='bbox 3162 5108 3406 5180; x_wconf 83' lang='grc' dir='ltr'>ὲσωτάτη</span> <span class='ocrx_word' id='word_1_824' title='bbox 3429 5126 3442 5140; x_wconf 90' lang='grc'><strong>·</strong></span> <span class='ocrx_word' id='word_1_825' title='bbox 3470 5102 3685 5176; x_wconf 68' lang='grc' dir='ltr'>ὄνομαδέ</span> <span class='ocrx_word' id='word_1_826' title='bbox 3705 5098 3811 5163; x_wconf 50' lang='lat' dir='ltr'><strong>illi?»</strong></span> 
     </span>
    </p>
   </div>
   <div class='ocr_carea' id='block_1_107' title="bbox 2337 5188 3813 5274">
    <p class='ocr_par' dir='ltr' id='par_1_107' title="bbox 2337 5188 3813 5274">
     <span class='ocr_line' id='line_1_107' title="bbox 2337 5188 3813 5274; baseline -0.007 -18"><span class='ocrx_word' id='word_1_827' title='bbox 2337 5201 2404 5253; x_wconf 84' lang='grc' dir='ltr'><strong>τά</strong></span> <span class='ocrx_word' id='word_1_828' title='bbox 2443 5200 2605 5269; x_wconf 74' lang='grc' dir='ltr'>’Ἅγια</span> <span class='ocrx_word' id='word_1_829' title='bbox 2623 5201 2732 5255; x_wconf 82' lang='grc' dir='ltr'>τῶν</span> <span class='ocrx_word' id='word_1_830' title='bbox 2772 5202 2962 5270; x_wconf 85' lang='grc' dir='ltr'>ἁγίων.</span> <span class='ocrx_word' id='word_1_831' title='bbox 2989 5203 3322 5274; x_wconf 80' lang='grc' dir='ltr'>Προεισὸολὴ</span> <span class='ocrx_word' id='word_1_832' title='bbox 3358 5202 3414 5255; x_wconf 84' lang='grc' dir='ltr'><strong>δὲ</strong></span> <span class='ocrx_word' id='word_1_833' title='bbox 3453 5199 3624 5268; x_wconf 81' lang='grc' dir='ltr'>ὥσπερ</span> <span class='ocrx_word' id='word_1_834' title='bbox 3658 5210 3723 5256; x_wconf 82' lang='grc' dir='ltr'><strong>τις</strong></span> <span class='ocrx_word' id='word_1_835' title='bbox 3752 5188 3813 5242; x_wconf 65' lang='grc' dir='ltr'><strong>καὶ</strong></span> 
     </span>
    </p>
   </div>
   <div class='ocr_carea' id='block_1_108' title="bbox 2340 5280 3813 5365">
    <p class='ocr_par' dir='ltr' id='par_1_108' title="bbox 2340 5280 3813 5365">
     <span class='ocr_line' id='line_1_108' title="bbox 2340 5280 3813 5365; baseline -0.005 -20"><span class='ocrx_word' id='word_1_836' title='bbox 2340 5294 2465 5363; x_wconf 84' lang='grc' dir='ltr'>περὶ</span> <span class='ocrx_word' id='word_1_837' title='bbox 2490 5292 2660 5363; x_wconf 78' lang='grc' dir='ltr'>αὐτὴν</span> <span class='ocrx_word' id='word_1_838' title='bbox 2688 5295 2721 5363; x_wconf 83' lang='grc' dir='ltr'><strong>ή</strong></span> <span class='ocrx_word' id='word_1_839' title='bbox 2750 5294 2961 5365; x_wconf 82' lang='grc' dir='ltr'>πρώτη,</span> <span class='ocrx_word' id='word_1_840' title='bbox 2992 5294 3060 5347; x_wconf 83' lang='grc' dir='ltr'>τὰ</span> <span class='ocrx_word' id='word_1_841' title='bbox 3093 5293 3323 5365; x_wconf 81' lang='grc' dir='ltr'>ἐπίκλην</span> <span class='ocrx_word' id='word_1_842' title='bbox 3350 5294 3529 5360; x_wconf 80' lang='grc' dir='ltr'>Ἀγια.</span> <span class='ocrx_word' id='word_1_843' title='bbox 3553 5288 3645 5342; x_wconf 78' lang='grc' dir='ltr'>Καὶ</span> <span class='ocrx_word' id='word_1_844' title='bbox 3668 5288 3729 5345; x_wconf 83' lang='grc' dir='ltr'><strong>είς</strong></span> <span class='ocrx_word' id='word_1_845' title='bbox 3748 5280 3813 5350; x_wconf 72' lang='grc' dir='ltr'><strong>μὲν</strong></span> 
     </span>
    </p>
   </div>
   <div class='ocr_carea' id='block_1_109' title="bbox 2346 5369 3812 5458">
    <p class='ocr_par' dir='ltr' id='par_1_109' title="bbox 2346 5369 3812 5458">
     <span class='ocr_line' id='line_1_109' title="bbox 2346 5369 3812 5458; baseline -0.006 -20"><span class='ocrx_word' id='word_1_846' title='bbox 2346 5384 2443 5455; x_wconf 75' lang='grc' dir='ltr'>τὴν</span> <span class='ocrx_word' id='word_1_847' title='bbox 2476 5384 2734 5438; x_wconf 78' lang='grc' dir='ltr'>ἐσωτάτω</span> <span class='ocrx_word' id='word_1_848' title='bbox 2779 5387 3021 5457; x_wconf 83' lang='grc' dir='ltr'>σκηνὴν,</span> <span class='ocrx_word' id='word_1_849' title='bbox 3139 5385 3367 5449; x_wconf 81' lang='grc' dir='ltr'>κιϐωτὸς</span> <span class='ocrx_word' id='word_1_850' title='bbox 3418 5381 3716 5439; x_wconf 80' lang='grc' dir='ltr'>ἀπετέθειτο,</span> <span class='ocrx_word' id='word_1_851' title='bbox 3753 5369 3812 5424; x_wconf 67' lang='grc' dir='ltr'><strong>ἐπὶ</strong></span> 
     </span>
    </p>
   </div>
   <div class='ocr_carea' id='block_1_110' title="bbox 2343 5473 3813 5549">
    <p class='ocr_par' dir='ltr' id='par_1_110' title="bbox 2343 5473 3813 5549">
     <span class='ocr_line' id='line_1_110' title="bbox 2343 5473 3813 5549; baseline -0.005 -20"><span class='ocrx_word' id='word_1_852' title='bbox 2343 5477 2625 5548; x_wconf 87' lang='grc' dir='ltr'>τεσσάρων</span> <span class='ocrx_word' id='word_1_853' title='bbox 2659 5476 2866 5530; x_wconf 89' lang='grc' dir='ltr'>στύλων</span> <span class='ocrx_word' id='word_1_854' title='bbox 2898 5476 3117 5549; x_wconf 82' lang='grc' dir='ltr'>χρυσῶν</span> <span class='ocrx_word' id='word_1_855' title='bbox 3160 5478 3355 5549; x_wconf 76' lang='grc' dir='ltr'>ἔχουσα</span> <span class='ocrx_word' id='word_1_856' title='bbox 3386 5473 3723 5547; x_wconf 73' lang='grc' dir='ltr'>περιπέτασμα</span> <span class='ocrx_word' id='word_1_857' title='bbox 3746 5477 3813 5515; x_wconf 64' lang='grc' dir='ltr'>τρε·</span> 
     </span>
    </p>
   </div>
   <div class='ocr_carea' id='block_1_111' title="bbox 2344 5552 3812 5639">
    <p class='ocr_par' dir='ltr' id='par_1_111' title="bbox 2344 5552 3812 5639">
     <span class='ocr_line' id='line_1_111' title="bbox 2344 5552 3812 5639; baseline -0.001 -19"><span class='ocrx_word' id='word_1_858' title='bbox 2344 5568 2640 5639; x_wconf 85' lang='grc' dir='ltr'>ποιημένον</span> <span class='ocrx_word' id='word_1_859' title='bbox 2666 5568 2930 5639; x_wconf 73' lang='grc' dir='ltr'>ἐντέχνως</span> <span class='ocrx_word' id='word_1_860' title='bbox 2962 5569 3021 5634; x_wconf 79' lang='grc' dir='ltr'>ἐξ</span> <span class='ocrx_word' id='word_1_861' title='bbox 3062 5569 3314 5624; x_wconf 82' lang='grc' dir='ltr'>ὑακίνθου</span> <span class='ocrx_word' id='word_1_862' title='bbox 3345 5568 3435 5622; x_wconf 75' lang='grc' dir='ltr'><strong>καὶ</strong></span> <span class='ocrx_word' id='word_1_863' title='bbox 3464 5562 3727 5636; x_wconf 65' lang='grc' dir='ltr'>πορφύρας,</span> <span class='ocrx_word' id='word_1_864' title='bbox 3751 5552 3812 5605; x_wconf 66' lang='grc' dir='ltr'><strong>κ²¹</strong></span> 
     </span>
    </p>
   </div>
   <div class='ocr_carea' id='block_1_112' title="bbox 2346 5644 3813 5733">
    <p class='ocr_par' dir='ltr' id='par_1_112' title="bbox 2346 5644 3813 5733">
     <span class='ocr_line' id='line_1_112' title="bbox 2346 5644 3813 5733; baseline -0.007 -19"><span class='ocrx_word' id='word_1_865' title='bbox 2346 5660 2598 5715; x_wconf 85' lang='grc' dir='ltr'>κοκκίνου</span> <span class='ocrx_word' id='word_1_866' title='bbox 2645 5662 3049 5733; x_wconf 86' lang='grc' dir='ltr'>κεκλωσμένου,</span> <span class='ocrx_word' id='word_1_867' title='bbox 3076 5662 3167 5718; x_wconf 78' lang='grc' dir='ltr'><strong>καὶ</strong></span> <span class='ocrx_word' id='word_1_868' title='bbox 3203 5661 3395 5732; x_wconf 86' lang='grc' dir='ltr'>βύσσου</span> <span class='ocrx_word' id='word_1_869' title='bbox 3428 5653 3728 5725; x_wconf 69' lang='grc' dir='ltr'>νενησμένηςο</span> <span class='ocrx_word' id='word_1_870' title='bbox 3753 5644 3813 5695; x_wconf 74' lang='grc' dir='ltr'><strong>Είο</strong></span> 
     </span>
    </p>
   </div>
   <div class='ocr_carea' id='block_1_113' title="bbox 772 5822 2728 5911">
    <p class='ocr_par' dir='ltr' id='par_1_113' title="bbox 772 5822 2728 5911">
     <span class='ocr_line' id='line_1_113' title="bbox 772 5822 2728 5911; baseline -0.004 -8"><span class='ocrx_word' id='word_1_871' title='bbox 772 5850 790 5877; x_wconf 67' lang='grc' dir='ltr'><strong>ν</strong></span> <span class='ocrx_word' id='word_1_872' title='bbox 819 5847 989 5903; x_wconf 65' lang='lat' dir='ltr'><strong>Exod.</strong></span> <span class='ocrx_word' id='word_1_873' title='bbox 1026 5866 1107 5911; x_wconf 58' lang='lat' dir='ltr'><strong>at,</strong></span> <span class='ocrx_word' id='word_1_874' title='bbox 1141 5848 1253 5901; x_wconf 75' lang='lat'><strong>5-8.</strong></span> <span class='ocrx_word' id='word_1_875' title='bbox 1333 5848 1374 5877; x_wconf 51' lang='lat'><strong>“°</strong></span> <span class='ocrx_word' id='word_1_876' title='bbox 1411 5845 1580 5900; x_wconf 76' lang='lat' dir='ltr'><strong>Exod.</strong></span> <span class='ocrx_word' id='word_1_877' title='bbox 1624 5861 1768 5909; x_wconf 62' lang='grc' dir='ltr'>χχιιι,</span> <span class='ocrx_word' id='word_1_878' title='bbox 1816 5845 2003 5899; x_wconf 76' lang='grc'><strong>51-57.</strong></span> <span class='ocrx_word' id='word_1_879' title='bbox 2079 5846 2118 5875; x_wconf 64' lang='grc'><strong>⁶¹</strong></span> <span class='ocrx_word' id='word_1_880' title='bbox 2152 5842 2333 5900; x_wconf 74' lang='lat' dir='ltr'><strong>Exod.</strong></span> <span class='ocrx_word' id='word_1_881' title='bbox 2370 5858 2492 5905; x_wconf 75' lang='lat' dir='ltr'><strong>xxx,</strong></span> <span class='ocrx_word' id='word_1_882' title='bbox 2524 5842 2608 5903; x_wconf 82' lang='grc'><strong>18.</strong></span> <span class='ocrx_word' id='word_1_883' title='bbox 2648 5822 2728 5897; x_wconf 73' lang='grc' dir='ltr'>ιθ.</span> 
     </span>
    </p>
   </div>
  </div>
