3982 6506
120 454 208 507 εει

852 449 939 502 DE
975 446 1411 503 .XDORATIONE
1448 446 1517 502 IN
1549 444 1820 501 SPIRITU
1860 445 1949 500 ET
1986 446 2353 501 VERITATE.
2398 444 2524 498 LIB.
2569 444 2633 497 Χ.

3269 424 3375 501 διε

130 562 351 633 ρηκότις
391 560 447 616 δὲ
489 560 615 632 ἤδη,
646 561 1031 633 καὶ,καθάπερ
1064 556 1297 633 ἐγῷμαι,
1344 562 1583 635 διαρκῶς
1619 562 1688 616 τά

1812 575 1957 615 :occo
2002 570 2166 625 torto,
2218 577 2281 616 ac
2329 559 2490 632 bysso
2536 568 2660 615 neta
2704 557 3031 614 confectum.
3084 558 3209 623 Sed,
3244 564 3372 630 quia

129 654 215 707 ὲνπί
254 670 312 705 τε
341 655 405 723 τῇ
440 651 622 724 βύσσῳ
653 654 748 707 καὶ
785 656 850 724 τῇ
904 655 1180 725 πορφύρᾳ,
1227 654 1319 707 καὶ
1350 654 1429 724 τῷ
1492 653 1699 707 κεκλω-

133 743 308 814 σμένῳ
322 742 577 813 κοκκίνῳ,
602 745 696 797 καὶ
719 744 820 814 μέν
839 762 921 798 τοι
941 746 1035 798 καὶ
1053 746 1312 816 ὑακίνθῳ,
1328 744 1700 815 παρωσόμεθα

134 834 229 903 μὲν
250 833 311 887 τὸ
339 833 631 897 ταυτοεπές
649 850 663 864 ·
693 835 870 888 ὲκεῖνό
895 852 959 903 γε
990 836 1095 907 μὴν
1127 836 1356 907 ἐροῦμεν
1379 838 1459 898 είς
1482 836 1543 887 τὸ
1558 851 1699 905 παρ-

131 924 205 979 6ν’
252 924 328 977 Τὸ
360 924 755 996 καταπέτασμα
789 926 860 993 τὸῖ
890 927 983 977 ἐπὶ
1014 926 1296 996 τεσσάρων
1333 924 1541 977 στύλων
1568 941 1699 994 χρυ-

132 1016 255 1079 σῶν,
287 1009 364 1069 ὧν
393 1016 447 1068 at
497 1013 684 1084 βάσεις
708 1015 969 1086 ἀργυραῖ,
1013 1016 1077 1070 τὸ
1122 1015 1363 1087 Χριστοῦ
1398 1017 1697 1087 μυστήριον

130 1106 393 1176 ὑπεδήλου
421 1106 563 1159 τότε.
587 1106 652 1158 Τί
681 1106 822 1177 γάρ;
848 1107 968 1176 οὐχ).
994 1109 1395 1178 καταπέτασμα
1446 1108 1507 1160 τὸ
1537 1107 1697 1178 σῶμα

132 1202 364 1277 Χριστοῦ
389 1205 482 1256 καὶ
494 1203 655 1271 σοφὸς
670 1204 802 1275 ἡμῖν
824 1203 1074 1274 ὠνόμασε
1091 1204 1325 1270 Παῦλος,
1338 1204 1480 1257 οὕτω
1498 1202 1695 1271 λέγων,

138 1315 155 1346 ι
193 1294 293 1347 Ἢν
342 1293 677 1347 ἐνεκαίνισεν
725 1296 855 1365 ἡμῖν
882 1295 998 1349 ὁδὸν
1027 1296 1342 1369 πρόσφατον
1373 1296 1468 1349 καὶ
1518 1294 1698 1360 ζῶσαν

129 1382 211 1436 διά
245 1382 341 1437 τοῦ
383 1385 900 1454 καταπετάσματος,
944 1386 1213 1452 τουτέστι,
1244 1386 1344 1457 τῆς
1368 1385 1567 1457 σαρκὸς
1595 1386 1697 1440 αύ-

128 1491 261 1541 του;
296 1492 315 1525 ι

194 1566 400 1619 ΠΔΛΛ.
453 1564 657 1637 Ὀρθῶς
688 1565 849 1639 ἔφης.

190 1655 354 1708 ΚΥΡ.
402 1655 591 1727 ’Δθρει
622 1656 686 1728 δὴ
716 1654 810 1711 οὖν
834 1658 909 1720 ὡς
934 1660 991 1710 tv
1019 1659 1201 1720 σκιαῖς
1230 1658 1323 1711 καὶ
1359 1658 1698 1729 αίνίγμασιν,

126 1746 202 1800 δτι
219 1746 353 1810 Θεὸς
381 1745 460 1801 ὢν
488 1749 583 1802 καὶ
607 1749 673 1802 ὲκ
694 1748 829 1803 Θεοῦ
859 1748 1074 1821 Πατρὸς
1108 1750 1247 1803 κατὰ
1271 1749 1431 1820 φύσιν
1454 1751 1484 1804 ὁ
1508 1752 1696 1821 Λόγος,

129 1841 201 1904 ὡς
246 1842 303 1893 tv
340 1845 518 1913 χρυσῇ
572 1843 667 1895 καὶ
710 1844 944 1915 άσήπτῳ
986 1843 1180 1912 γέγονε
1227 1844 1468 1915 κιϐωτῷ,
1514 1844 1593 1915 τῷ
1636 1849 1700 1899 ὲκ

130 1930 403 2001 Παρθένου
466 1932 600 2002 ναῷ·
652 1932 896 2004 ἄσηπτον
939 1935 1047 2006 γάρ
1095 1936 1191 1988 καὶ
1228 1936 1410 2006 τίμιον
1451 1937 1513 1990 τὸ
1542 1938 1702 2008 σῶμα

130 2022 380 2094 Χριστοῦ⁸
421 2024 705 2095 μονονουχὶ
749 2025 807 2079 δὲ
848 2026 943 2079 καὶ
985 2026 1287 2097 ἐκρύπτετο
1346 2028 1598 2099 καθάπερ
1642 2030 1701 2082 tv

130 2112 272 2176 τάξει
292 2113 809 2185 καταπετάσματος,
838 2115 939 2187 τὴν
956 2115 1133 2188 σάρκα
1148 2116 1348 2170 λαϐὡνο
1364 2116 1701 2189 κρύπτεσθαι

132 2205 185 2258 δέ
214 2221 397 2274 φαμεν
429 2206 521 2258 τὸν
542 2208 607 2258 ὲκ
633 2207 771 2259 Θεοῦ
811 2209 1006 2277 Λόγον,
1054 2210 1151 2280 οὐχ
1181 2210 1258 2272 ὡς
1286 2211 1344 2264 tv
1381 2209 1573 2281 βραχεῖ
1602 2227 1701 2263 πε-

135 2295 473 2367 ριορισθέντα
517 2296 752 2367 σώματιο
803 2300 1049 2371 πανταχῆ
1080 2300 1190 2370 γάρ
1233 2301 1325 2353 xal.
1374 2301 1432 2353 tv
1472 2300 1637 2353 πᾶσιν
1673 2302 1702 2354 ό

133 2390 268 2452 Υἱός·
298 2388 446 2443 ἀλλὰ
486 2390 564 2460 τῷ
603 2391 885 2447 λανθάνειν
926 2394 1306 2464 οἰκονομικῶς,
1342 2395 1435 2447 κα)⁹
1474 2392 1567 2445 τὸν
1600 2392 1702 2462 τῆς

133 2478 453 2545 ἀναδείξεως
504 2481 799 2552 ὑπομένειν
851 2484 1060 2555 καιρόν.
1109 2484 1455 2549 Ἀναδείξεως
1506 2486 1563 2540 δὲ
1607 2485 1704 2554 τῆς

136 2573 208 2635 είς
240 2572 489 2636 ἅπαντας
516 2575 544 2627 ό
572 2574 787 2646 καιρὸς,
834 2578 868 2645 ἡ
903 2577 967 2629 ὲκ
983 2576 1193 2647 νεκρῶν
1241 2577 1555 2642 άναϐίωσις.
1592 2578 1707 2648 Πρὸ

140 2664 229 2735 μὲν
267 2664 375 2735 γάρ
408 2663 509 2718 τοῦ
552 2666 737 2737 τιμίου
787 2666 1045 2739 σταυροῦ,
1076 2670 1191 2731 τοῖς
1219 2668 1396 2736 ἁγίοις
1439 2669 1706 2723 ἐπέταττε

141 2757 422 2829 μαθηταῖς,
456 2759 545 2812 ἵνα
574 2760 648 2829 μὴ
677 2760 912 2830 φανερὸν
945 2759 1108 2813 αὐτὸν
1141 2760 1362 2816 ποιῶσι.
1391 2760 1709 2833 Γέγραπται

138 2847 238 2918 γὰρ
257 2846 374 2901 ὡδί.
407 2848 569 2902 Μετὰ
592 2848 649 2901 δέ
672 2865 735 2917 γε
766 2849 828 2902 τὸ
856 2849 1153 2904 ἀναϐιῶναι
1198 2850 1436 2905 παθόντα
1493 2852 1585 2905 τὸν
1616 2852 1712 2906 θά-

140 2951 303 3002 νατον,
332 2954 352 2988 ι
405 2936 809 3007 Πορευθέντες,
838 2938 991 3007 φησὶ,
1032 2937 1410 3007 μαθητεύσατε
1439 2937 1617 2991 πάντα
1642 2936 1712 2990 τά

140 3025 277 3097 ἔθνη,
302 3026 658 3097 βαπτίζοντες
708 3028 902 3092 αὐτοὺς
925 3030 1005 3092 είς
1049 3029 1111 3081 τὸ
1139 3029 1308 3099 ὄνομα
1349 3026 1442 3081 τοῦ
1480 3028 1710 3098 Πατρὸς,

143 3118 340 3172 καὶτοῦ
374 3118 535 3183 Υίοῦ,
553 3120 647 3172 καὶ
676 3119 766 3173 τοῦ
790 3120 947 3188 ἁγίου
976 3119 1311 3189 Πνεύματος.
1346 3137 1365 3172 ι
1388 3119 1597 3173 Οὐκοῦν
1616 3121 1715 3172 trc-

142 3212 400 3283 εκρέματο
444 3213 542 3283 μὲν
559 3215 675 3276 τοῖς
695 3212 906 3276 στύλοις
933 3213 994 3267 τὸ
1022 3214 1441 3283 καταπέτασμα,
1470 3229 1714 3267 κατακα-

144 3301 331 3358 λύπτον
371 3303 491 3357 tam
518 3303 618 3375 τὴν
659 3304 909 3368 κιϐωτὸν,
967 3304 1137 3368 τύπος
1165 3304 1209 3358 δ’
1236 3305 1301 3358 ἂν
1330 3305 1415 3375 είη
1449 3305 1708 3375 Χριστοῦ,

144 3395 247 3459 τοῖς
270 3394 377 3449 τῶν
395 3395 579 3464 ἁγίων
610 3396 1013 3464 εύαγγελιστῶν
1040 3395 1393 3467 κηρύγμασιν
1421 3394 1712 3465 αἰρομένου

146 3502 200 3542 τι
223 3487 371 3558 ὑψοῦ,
414 3490 514 3541 καὶ
541 3490 600 3541 tv
644 3487 771 3559 δόξῃ
800 3487 1054 3558 θεότητος
1099 3487 1378 3559 ὁρωμένου
1414 3490 1527 3550 τοῖς
1558 3488 1615 3539 tv
1645 3489 1711 3559 τῇ

151 3581 269 3653 ἁγίᾳ
296 3582 499 3652 σκηνῇ.
531 3579 885 3649 τουτέστι,τῇ
928 3577 1244 3648 Ἐκκλησία.
1264 3578 1541 3647 Τέσσαρες
1578 3577 1638 3630 δὲ
1665 3578 1713 3630 οί

154 3672 339 3739 στύλοι,
367 3672 566 3744 χρυσοῖ
610 3671 706 3725 καὶ
731 3672 1111 3742 περιάργυροι·
1154 3668 1502 3740 ίσάριθμοιδὲ
1533 3667 1716 3726 αὐτοῖς

153 3767 200 3819 οι
216 3765 617 3835 εὐαγγελισταὶ,
644 3763 887 3833 λαμπροί
900 3778 961 3814 τε
982 3762 1076 3815 καὶ
1090 3760 1280 3831 τίμιοι.
1310 3759 1519 3814 Οὐκοῦν
1539 3759 1719 3813 ἔκειτο

157 3857 299 3927 μὲνὴ
330 3855 584 3919 κιϐωτὸς,
625 3852 833 3909 ἄνωθεν
894 3851 951 3905 δὲ
992 3852 1143 3905 κάτω
1169 3851 1356 3921 διῆκον
1389 3851 1452 3904 τὸ
1480 3848 1719 3903 καταπέ-

155 3963 347 4018 τασμα,
374 3948 435 4001 τὸ
463 3948 532 4000 ὲκ
566 3944 768 4015 βύσσου
794 3943 891 3998 καὶ
928 3942 1214 4013 πορφύρας
1243 3940 1339 3994 καὶ
1368 3940 1475 3993 τῶν
1518 3940 1716 4003 ἄλλων,

158 4040 247 4109 οὐχ
275 4038 479 4110 ὁρατὴν
510 4037 699 4091 ἐτίθει.
735 4034 976 4089 Ἀνωθεν
1013 4032 1071 4085 δὲ
1095 4032 1189 4085 τοῦ
1228 4032 1721 4101 καταπετάσματος

159 4133 244 4186 καὶ
266 4130 371 4185 τῶν
405 4132 491 4196 είς
517 4129 670 4196 δεξιά
690 4145 750 4181 τε
790 4128 885 4183 καὶ
916 4126 1171 4195 εὐώνυμα
1212 4124 1515 4196 Χερουϐὶμ,
1556 4125 1720 4194 ἐχρη-

165 4222 342 4294 μάτιζε
369 4223 529 4284 Θεὸς,
551 4221 765 4285 δεικνὺς
784 4221 867 4276 ὅτι
886 4220 980 4273 καὶ⁸
1006 4217 1147 4290 ὑπὲρ
1165 4219 1346 4271 πᾶσαν
1364 4216 1545 4269 κτίσιν
1574 4214 1714 4267 ἐστί’

161 4318 246 4371 καὶ
272 4317 406 4371 αὐτὰ
445 4317 509 4369 δὲ
550 4315 728 4369 πάντα
753 4314 820 4366 τά
855 4313 963 4366 τῶν
987 4309 1219 4379 λογικῶν
1252 4308 1534 4370 ἀνωτάτω,
1564 4323 1722 4360 τουτ-

162 4407 267 4462 έστι
308 4408 377 4462 τά
422 4406 697 4477 Σεραφὶμ,
742 4407 842 4476 τὴν
875 4404 1025 4457 θείαν
1085 4418 1145 4454 τε
1178 4403 1272 4454 καὶ
1305 4401 1545 4472 ἄρρητον
1588 4399 1721 4451 ὐπο-

164 4499 381 4569 κάθηται
413 4499 598 4563 δόξαν,
624 4498 720 4550 καὶ
750 4496 912 4550 αὐτὸν
932 4492 1338 4566 δορυφοροῦντα
1367 4491 1460 4543 τὸν
1488 4489 1638 4552 Υίὸν,
1672 4489 1721 4540 εί

166 4591 250 4644 καὶ
274 4593 467 4660 γέγονε
512 4588 671 4661 σὰρξ,
701 4589 799 4642 καὶ
844 4587 921 4649 ὡς
948 4588 1008 4641 tv
1038 4584 1230 4656 ὑφέσει
1257 4582 1419 4653 τυχὸν
1448 4582 1547 4653 τῆς
1586 4580 1723 4651 πρὸς

164 4684 247 4737 τὸν
276 4685 496 4756 Πατέρα
526 4684 794 4753 ἰσότητος,
817 4680 959 4735 καθὸ
987 4680 1233 4750 πέφυκεν
1260 4676 1570 4748 ἄνθρωπος.
1601 4674 1727 4726 Τοιο-

166 4774 341 4846 γάρτοι
367 4777 463 4828 καὶ
488 4772 724 4843 ἔφασκεν
738 4770 948 4833 αὐτός’(
970 4769 1029 4823 '0
1048 4768 1239 4839 Πατήρ
1270 4784 1370 4837 μου
1405 4762 1607 4835 μείζων
1626 4761 1727 4831 μού

150 4866 319 4920 .tcttv.
363 4884 382 4917 ι
412 4862 565 4928 Ἷσος
589 4866 647 4918 δὲ
677 4863 755 4918 ὢν
791 4863 934 4917 κατὰ
959 4862 1120 4931 φύσιν
1156 4860 1237 4932 τῷ
1263 4857 1639 4928 γεγεννηκότι,
1667 4853 1730 4907 τό

168 4956 221 5008 ἐν
249 4957 422 5027 μείοσι
464 4955 717 5025 γενέσθαι
746 4954 880 5025 φησὶ
946 4953 1035 5007 διὰ
1079 4953 1239 5023 μόνον
1277 4952 1340 5004 τὸ
1371 4948 1727 5021 ἀνθρώπινον.

169 5045 260 5100 Διὰ
286 5046 440 5101 τοῦτο
466 5047 564 5101 καὶ
593 5047 649 5099 tv
676 5048 745 5116 τῇ
780 5044 912 5115 ἁγίᾳ
934 5045 1129 5114 σκηνῇ,
1153 5039 1338 5110 κύκλῳ
1375 5039 1471 5109 μὲν
1500 5036 1593 5091 τοῦ
1626 5052 1727 5090 καφ

171 5140 596 5210 ταπετάσματος,
631 5137 700 5191 τὰ
740 5134 1044 5208 Χερουϐὶμ,
1082 5134 1181 5188 καὶ
1214 5131 1352 5186 αὐτὰ
1376 5131 1452 5195 ὡς
1477 5129 1611 5182 Θεὸν
1641 5128 1727 5182 δο-

176 5232 503 5304 ρυφοροῦντα
532 5231 624 5285 τὸν
647 5229 797 5283 Υἱόν.
822 5228 934 5282 Καὶ
958 5227 1065 5297 μὴν
1112 5224 1205 5279 καὶ
1238 5223 1403 5279 αὐτοῦ
1434 5220 1532 5275 τοῦ
1556 5237 1727 5275 κατα-

175 5324 506 5396 πετάσματος
534 5322 761 5386 ἄνωθεν,
783 5320 812 5374 ὂ
830 5318 899 5391 ἦν
927 5320 1008 5382 είς
1027 5318 1197 5371 τύπον
1229 5315 1490 5387 Χριστοῦ,
1526 5316 1727 5367 νοεῖται

176 5415 314 5480 Θεός.
337 5436 354 5469 ι
374 5416 485 5470 Καὶ
503 5413 889 5485 γνωσθήσομαι
919 5430 938 5464 ι
976 5410 1104 5482 γάρ,
1121 5411 1305 5479 φησιν,
1340 5426 1359 5459 ι
1384 5406 1612 5472 ἐκεῖθεν,
1636 5408 1731 5460 καὶ

177 5508 379 5582 λαλήσω
403 5528 502 5564 σοι.
517 5530 536 5562 ι
557 5509 843 5563 Ἐπέκεινα
862 5507 974 5578 γὰρ
1006 5506 1187 5575 πάσης
1212 5502 1439 5565 κτίσεως
1467 5501 1494 5553 ό
1516 5499 1726 5569 Πατὴρ,

180 5603 264 5654 καὶ
298 5602 462 5657 αὑτοῦ
509 5601 606 5657 τοῦ
648 5599 1019 5672 Ἐμμανουὴλ,
1069 5597 1131 5650 οὐ
1172 5595 1292 5649 καθ’
1320 5594 1348 5647 ὃ
1394 5594 1597 5646 νοεῖται
1636 5590 1731 5643 καὶ

182 5690 285 5745 ἐστι
314 5693 461 5758 Θεός·
489 5689 609 5758 ἴσος
642 5694 750 5765 γάρ
782 5692 898 5745 ἐστι
926 5688 1068 5744 κατὰ
1092 5689 1268 5743 πάντα
1285 5686 1435 5757 Θεῷ-
1467 5682 1585 5737 air
1605 5682 1730 5737 ὅσον

1794 650 1905 721 jam
1958 651 2027 706 de
2058 652 2237 723 bysso,
2279 660 2335 706 et
2383 667 2623 722 purpura
2658 660 2711 705 et
2744 666 2906 706 cocco
2934 660 3095 715 torto,
3131 650 3294 722 334
3319 661 3375 706 et

1799 740 1868 794 de
1894 741 2189 812 hyacintho
2215 742 2366 806 satis,
2408 750 2467 795 ut
2500 741 2759 804 arbitror,
2801 740 3057 803 diximus,
3090 715 3429 866 vitandum!

1799 840 1932 866 num
1984 848 2053 866 rm
2081 833 2271 866 mulam
2298 840 2605 866 rnnolnnnlc
2652 832 2783 866 lllnrl
2816 840 2995 866 ι-ιηηηι
3030 832 3082 866 in
3120 831 3372 866 munem-ti

1799 840 1952 901 puto,
1984 848 2053 887 ne
2081 833 2272 887 eadem
2296 840 2626 902 repetamus.
2652 832 2786 886 illud
2816 840 2995 885 tamen
3030 832 3084 885 in
3120 831 3374 901 praesenti

1799 926 2063 992 dicemus,
2093 928 2339 982 velamen
2376 928 2529 993 illud,
2561 929 2705 999 quod
2738 929 2793 982 in
2829 936 3065 1000 quatuor
3105 930 3378 983 columnis

1799 1020 2075 1077 deauratis
2111 1022 2348 1091 positum
2387 1030 2523 1085 erat,
2551 1036 2785 1091 quarum
2823 1029 2981 1076 erant
3004 1020 3162 1075 bases
3186 1036 3379 1089 argen-

1800 1123 1921 1177 teae,
1946 1112 2151 1168 Christi
2175 1122 2288 1167 tum
2311 1112 2643 1182 signiﬁcasse
2668 1114 3007 1185 mysterium.
3034 1111 3176 1177 Quid
3204 1113 3379 1166 enim?

1798 1203 1990 1258 Nonne
2042 1204 2243 1258 Paulus
2283 1218 2501 1273 quoque
2545 1204 2628 1257 vir
2674 1204 2890 1274 sapiens
2930 1203 3134 1258 Christi
3178 1217 3381 1272 corpus

1798 1295 2047 1350 velamen
2100 1296 2413 1365 appellavit,
2463 1311 2587 1350 cum
2643 1296 2824 1350 dixit:
2869 1315 2885 1346 ι
2923 1294 3095 1358 Quam
3143 1294 3380 1349 initiavit

1798 1386 1959 1439 nobis
1978 1386 2122 1440 viam
2152 1401 2346 1440 novam
2373 1395 2427 1441 et
2465 1386 2741 1441 viventem
2773 1400 2870 1457 per
2896 1385 3162 1451 velamen,
3196 1385 3249 1439 id
3272 1394 3376 1448 est,

1800 1492 2021 1531 carnem
2054 1493 2207 1531 suam
2230 1477 2313 1530 ﬂ?
2351 1496 2377 1528 »ν

3405 874 3422 1087 i

1872 1569 2070 1623 PALL.
2100 1569 2264 1624 Recte
2288 1569 2447 1623 dicis.

1870 1659 2027 1713 CYR.
2057 1660 2191 1714 Vide
2222 1661 2387 1731 igitur
2412 1667 2668 1730 tanquam
2694 1660 2747 1715 in
2775 1660 2984 1714 umbris
2999 1668 3055 1713 et
3070 1659 3379 1731 mnigmatc,

1802 1748 2043 1803 Verbum
2080 1749 2235 1813 illud,
2267 1749 2413 1820 quod
2443 1750 2587 1805 Deus
2625 1758 2762 1814 erat,
2788 1760 2843 1805 et
2870 1766 2937 1803 ex
2960 1751 3072 1804 Deo
3106 1751 3266 1805 Patre
3291 1764 3382 1804 see

1804 1841 2043 1897 cundum
2082 1853 2354 1907 naturam,
2397 1844 2451 1896 in
2481 1859 2643 1897 aurea
2672 1851 2836 1913 atque
2878 1844 3201 1913 imputribili
3232 1858 3381 1908 arca;

1732 1908 1774 1964 Β
1803 1934 1859 1987 in
1878 1948 1944 1986 co
1965 1933 2227 1987 nimirum
2256 1935 2480 2004 templo,
2505 1935 2652 2005 quod
2672 1943 2792 1990 erat
2815 1951 2881 1989 ex
2910 1935 3150 2005 Virgine,
3182 1934 3383 1990 fuisse:

1802 2023 2142 2093 imputribile
2190 2040 2427 2095 namque
2480 2041 2545 2080 ac
2577 2026 2876 2096 pretiosum
2904 2035 2989 2081 est
3020 2026 3224 2081 Christi
3258 2041 3383 2081 cors

1800 2129 1940 2184 pus:
1990 2124 2153 2184 atque
2200 2124 2457 2184 suscepta
2517 2132 2703 2183 carne,
2764 2124 3024 2186 tanquam
3078 2117 3204 2170 velo
3251 2131 3387 2186 quo-

1800 2204 1925 2258 dam
1983 2205 2377 2274 propemodum
2427 2206 2737 2260 occultari:
2781 2206 3046 2261 occultari
3089 2216 3270 2261 autem
3298 2205 3391 2260 di+

1800 2297 1985 2351 cimus
2003 2296 2136 2351 illud
2166 2312 2233 2350 ex
2279 2297 2391 2351 Deo
2430 2297 2692 2362 Verbum,
2729 2314 2840 2352 non
2873 2298 3025 2367 quod
3053 2298 3235 2369 exigui
3260 2314 3387 2352 θοι-ε⁵

1800 2389 1954 2458 poris
2015 2386 2278 2442 terminis
2325 2387 2649 2443 definiretur
2736 2389 2975 2460 (ubique
3035 2390 3181 2444 enim
3232 2398 3288 2444 et
3334 2390 3391 2443 in

1803 2480 2060 2535 omnibus
2081 2488 2164 2535 est
2194 2478 2411 2549 Filius),
2436 2479 2532 2533 sed
2551 2480 2696 2550 quod
2730 2479 3155 2551 dispensationis
3179 2480 3391 2534 ratione

1804 2574 2021 2637 lateret,
2066 2580 2124 2627 et
2170 2570 2560 2626 declarationis
2621 2581 2838 2642 tempus
2889 2578 3253 2641 exspectaret.
3285 2570 3391 2625 De-

1808 2664 2129 2719 clarationis
2167 2672 2349 2719 autem
2384 2674 2619 2734 tempus,
2647 2680 2758 2734 quo
2783 2672 2900 2720 erat
2924 2663 3181 2718 omnibus
3205 2672 3392 2718 osten-

1812 2758 2047 2824 dendus,
2075 2758 2210 2814 illud
2240 2758 2363 2822 fuit,
2393 2774 2517 2811 cum
2544 2774 2573 2812 a
2597 2758 2831 2814 mortuis
2858 2754 3055 2812 revixit
3082 2776 3092 2809 :
3119 2773 3242 2811 nam
3268 2766 3394 2811 ante

1810 2850 2103 2921 pretiosam
2137 2850 2283 2905 illam
2306 2867 2526 2905 crucem
2568 2851 2774 2904 sanctis
2801 2850 2914 2904 suis
2942 2849 3226 2919 discipulis
3252 2863 3394 2918 pra:-

1813 2942 1979 3012 cepit,
2003 2957 2071 2996 ne
2094 2957 2152 2997 se
2172 2941 2520 2996 manifestum
2548 2941 2791 2996 facerent
2816 2958 2831 3008 ;
2854 2941 2933 2995 sic
2955 2940 3102 2995 enim
3130 2939 3396 3009 scriptum

1814 3043 1899 3088 est
1940 3034 2005 3087 “.
2036 3035 2229 3089 Postea
2271 3049 2401 3087 vero
2436 3049 2598 3102 quam
2622 3041 2854 3088 mortem
2889 3032 3118 3102 pertulit
3161 3046 3225 3085 ac
3255 3030 3399 3085 revi-

1817 3124 1896 3179 xit
1920 3165 1935 3187 ,
1979 3143 1997 3175 ι
2033 3125 2263 3189 Euntes,
2305 3125 2506 3194 inquit,
2534 3125 2727 3179 docete
2758 3138 2950 3179 omnes
2975 3130 3185 3194 gentes,
3215 3121 3396 3192 baptio

1740 3240 1786 3301 ρ
1819 3224 2007 3271 zantes
2036 3231 2133 3271 eos
2157 3216 2214 3271 in
2237 3216 2456 3269 nomine
2482 3215 2678 3277 Patris,
2699 3224 2757 3269 et
2780 3214 2931 3279 Filii,
2954 3222 3010 3268 et
3028 3212 3263 3284 Spiritus
3275 3228 3397 3268 san-

1817 3308 1888 3363 cti
1918 3308 1980 3360 “.
2018 3326 2036 3357 ι
2065 3305 2237 3377 Igitur
2260 3321 2587 3377 suspensum
2614 3313 2734 3360 erat
2757 3304 2825 3361 de
2851 3304 3123 3359 columnis
3150 3303 3396 3358 velamen

1816 3400 1971 3463 illud,
2028 3398 2173 3469 quod
2221 3413 2403 3451 arcam
2457 3398 2689 3452 interius
2736 3396 3067 3460 occultabat,
3124 3411 3188 3451 ac
3230 3394 3399 3466 figura

1814 3492 2019 3547 Christi
2063 3498 2203 3555 erat,
2234 3490 2326 3561 qui
2361 3498 2675 3545 sanctorum
2699 3488 3164 3559 evangelistarum
3199 3486 3398 3556 praedi-

1815 3584 2028 3638 catione
2076 3583 2133 3637 in
2180 3582 2413 3637 sublime
2457 3580 2689 3639 tollitur.
2717 3588 2774 3635 et
2815 3580 2883 3634 ab
2932 3579 3017 3642 iis,
3053 3579 3147 3648 qui
3182 3584 3311 3631 sunt
3344 3578 3400 3632 in

1821 3676 1940 3731 tabe
1948 3675 2189 3738 rnaculo,
2210 3674 2264 3727 in
2280 3680 2465 3728 sancta
2479 3673 2738 3728 nimirum
2751 3673 3011 3735 Ecclesia,
3033 3672 3086 3725 in
3097 3669 3403 3725 divinitatis

1818 3768 1987 3839 gloria
2011 3767 2247 3822 videtur.
2298 3766 2544 3832 Quatuor
2571 3774 2753 3821 autem
2784 3774 2914 3821 sunt
2939 3766 3215 3821 deaurata:
3240 3764 3401 3819 dear-

1818 3868 2156 3932 gentataaque
2208 3860 2513 3922 columnze;
2558 3858 2786 3913 totidem
2835 3858 3223 3929 evangelista,
3272 3856 3403 3912 clari

1820 3951 1982 4007 simul
2009 3966 2074 4005 ac
2101 3950 2349 4020 pretiosi.
2394 3950 2580 4005 Posita
2631 3960 2751 4005 erat
2777 3950 2942 4020 igitur
2965 3965 3091 4005 arca
3123 3967 3137 4003 :
3164 3964 3404 4019 superne

1820 4052 2005 4099 autem
2052 4043 2300 4098 velamen
2344 4041 2603 4096 deorsum
2642 4057 2815 4112 usque
2840 4042 3127 4113 pertinens
3149 4057 3217 4097 ex
3240 4041 3403 4113 bysso

1820 4143 1876 4190 et
1928 4150 2171 4204 purpura
2200 4143 2504 4203 caeteraque
2538 4132 2765 4187 materia
2796 4132 3106 4187 confectum
3133 4149 3240 4186 non
3262 4133 3406 4187 sine-

1822 4226 1916 4281 bat
1961 4235 2020 4279 ut
2062 4242 2124 4279 ea
2170 4226 2455 4279 videretur
2486 4242 2498 4277 :
2535 4239 2699 4294 supra
2722 4224 2903 4278 velum
2931 4233 3134 4289 autem,
3158 4234 3213 4278 et
3241 4240 3405 4293 supra

1823 4317 2119 4372 Cherubim
2180 4330 2301 4385 quae
2347 4332 2377 4369 a
2421 4316 2612 4369 dextra
2659 4314 2899 4384 laevaque
2938 4322 3114 4379 erant,
3143 4330 3405 4386 responsa

1824 4409 1987 4462 dabat
2033 4408 2197 4470 Deus,
2242 4406 2539 4460 ostendens
2577 4420 2635 4459 se
2671 4413 2729 4459 et
2755 4421 2919 4475 supra
2942 4421 3158 4460 omnem
3193 4413 3407 4461 creatu-

1827 4513 1941 4551 ram
1970 4512 2111 4559 esse,
2152 4505 2207 4550 et
2245 4496 2359 4567 ipsa
2386 4510 2603 4566 quoque
2627 4496 2937 4566 Seraphim,
2966 4512 3087 4566 quae
3110 4504 3243 4551 sunt
3262 4496 3407 4551 inter

1754 4572 1798 4626 θ
1828 4589 2124 4643 rationales
2164 4595 2446 4642 creaturas
2468 4588 2937 4657 praestantissima,
2966 4603 3085 4643 esse
3109 4587 3290 4643 divina
3316 4589 3405 4642 illa

1825 4688 1988 4749 atque
2041 4677 2305 4733 ineil‘abili
2353 4678 2523 4749 gloria
2572 4677 2867 4739 inferiora,
2932 4678 3234 4749 stiparique
3302 4678 3408 4733 illis

1826 4772 2005 4843 ipsum
2058 4772 2278 4836 Filium,
2330 4770 2581 4841 quamvis
2622 4770 2694 4825 sit
2730 4785 2856 4824 caro
2886 4770 3082 4835 factus,
3108 4778 3171 4825 et
3186 4784 3292 4840 qua
3318 4784 3405 4822 ra-

1827 4866 1978 4919 tione
2002 4863 2167 4918 homo
2189 4872 2293 4927 est,
2320 4863 2498 4922 Patris
2520 4863 2830 4932 :equalitate
2855 4861 3179 4916 submissior
3206 4876 3221 4925 ;
3249 4859 3404 4915 ideo-

1828 4967 1935 5025 que
1980 4953 2096 5023 ipse
2143 4951 2381 5015 dicebat,
2431 4950 2590 5021 335
2647 4969 2665 4999 ι
2692 4951 2853 5004 Pater
2900 4962 3056 5002 meus
3111 4947 3284 5015 major
3318 4959 3406 4998 me

1830 5052 1914 5099 est
1960 5044 2023 5096 “.
2064 5061 2081 5093 ι
2110 5041 2246 5096 Cum
2290 5055 2420 5095 vero
2463 5040 2533 5094 sit
2562 5038 2806 5095 Genitori
2830 5035 3131 5091 secundum
3156 5042 3405 5088 naturam

1830 5150 1949 5206 par,
1988 5134 2256 5191 minorem
2308 5149 2365 5187 se
2389 5147 2507 5187 esse
2529 5130 2665 5185 dicit
2688 5138 2912 5198 propter
2946 5127 3241 5180 humanam
3261 5124 3405 5179 dun-

1832 5233 1980 5283 taxat
2036 5233 2307 5279 naturam.
2357 5224 2440 5277 Ob
2485 5237 2605 5277 eam
2650 5233 2873 5275 causam
2917 5218 2971 5271 in
3007 5232 3163 5271 sacro
3190 5230 3407 5285 quoque

1833 5314 2183 5370 tabernaculo
2221 5314 2275 5366 in
2328 5311 2563 5367 circuitu
2599 5307 2885 5363 velaminis
2906 5314 3061 5360 erant
3085 5304 3402 5364 Cherubin].

1829 5417 1883 5463 et
1935 5408 2052 5476 ipsa
2096 5403 2322 5475 perinde
2365 5418 2429 5457 ac
2473 5402 2516 5455 si
2565 5400 2761 5455 Filium
2807 5409 3064 5467 tanquam
3108 5396 3277 5451 Deum
3306 5410 3406 5449 suo

1832 5498 2090 5556 satellitio
2137 5497 2421 5565 stiparent.
2474 5492 2651 5562 Supra
2686 5494 2863 5561 ipsum
2896 5504 3110 5560 quoque
3136 5487 3402 5551 velamen,

1833 5591 1980 5662 quod
2041 5588 2246 5645 Christi
2302 5586 2529 5658 ﬁguram
2578 5583 2822 5656 gerebat,
2862 5583 3007 5637 Deus
3038 5577 3402 5651 Cognoscitur.

1842 5699 1861 5733 ι
1881 5680 1950 5734 Ει
1968 5679 2327 5740 innotescam,
2360 5693 2377 5725 ι
2407 5672 2606 5743 inquit,
2637 5691 2655 5723 ι
2684 5671 2811 5728 inde
2834 5678 2890 5726 et
2907 5669 3098 5738 loquar
3123 5674 3299 5720 tecum
3328 5678 3341 5715 :
3372 5676 3393 5711 ι

252 5874 290 5903 ³¹
317 5872 477 5927 llebr.
502 5872 656 5939 x,20.
736 5870 979 5941 "Matth.
1022 5885 1113 5923 xii.
1152 5867 1231 5923 16.
1307 5867 1353 5898 “
1384 5865 1571 5922 Matth.
1599 5878 1779 5921 xxviii.
1805 5862 1890 5927 l9,
1920 5858 2009 5914 20.
2085 5856 2129 5887 "
2162 5855 2320 5911 Joan.
2361 5869 2467 5915 xiv,
2496 5852 2585 5905 28.
