3982 6524
588 412 693 468 665
1617 405 1673 460 S.
1716 404 1992 460 CYRILIJ
2031 404 2502 463 ALEXANDRINI
2546 406 2864 465 ARCHIEP.
3749 419 3839 474 est

587 541 713 585 nam
748 532 947 596 praeter
991 539 1209 611 qmnem
1257 531 1563 577 creaturam
1608 530 1691 580 est
1740 514 1921 588 Pater,
1974 532 2161 592 praeter

2271 520 2404 595 ἧκεν
2442 526 2523 591 εἰς
2549 525 2738 579 δούλου
2785 526 3021 598 μορφὴν,
3056 528 3149 581 καὶ
3188 528 3269 593 εἰς
3306 530 3729 604 ἀνθρωπότητος
3761 538 3843 605 μέ-

588 617 769 687 ipsum
815 629 1034 684 quoque
1077 612 1418 675 Emmanuel,
1467 628 1578 666 non
1616 628 1680 668 ea
1716 613 1926 668 ratione
1978 629 2087 682 qua
2113 620 2168 668 et
2274 632 2423 685 τρον.

585 719 671 765 est
700 717 757 765 et
778 707 1124 779 cognoscitur
1152 706 1327 761 Deus:
1354 721 1479 759 nam
1512 705 1737 776 aequalis
1762 713 1857 761 est‘
1870 720 1967 775 per
1991 704 2173 765 omnia
2207 704 2317 763 Deo
2344 723 2357 758 :
2386 706 2481 761 sed
2520 722 2587 761 ex
2625 724 2689 762 ea
2716 716 2889 777 parte,
2920 726 3042 779 quae
3093 726 3160 766 au
3184 713 3332 767 servi
3385 711 3619 770 formam
3656 726 3714 773 et
3757 717 3841 770 ha-

586 802 867 859 manitatis
897 816 1211 857 mensuram
1235 799 1493 870 pertinet.

660 896 857 952 PALL.
884 895 1113 951 Subtilis
1145 910 1275 951 sane
1308 904 1363 949 et
1388 894 1667 953 recondita
1700 894 1988 963 expositio.

653 989 811 1046 CYR.
841 987 949 1043 Sed
981 996 1161 1041 tamen
1189 1001 1295 1045 non
1321 985 1541 1041 aberrat
1566 1002 1597 1039 a
1622 986 1921 1055 proposito.

653 1079 854 1145 PALL.
880 1077 1096 1134 Fateor.

2336 1078 2547 1133 IIAAA.
2585 1077 2872 1150 Σύμφημι.

654 1170 812 1228 CYR.
857 1171 999 1225 Area
1047 1169 1214 1241 igitur
1258 1166 1327 1222 ad
1374 1166 1523 1222 hunc
1570 1167 1792 1222 modum
1839 1169 2159 1238 composita,

2331 1167 2495 1223 ΚΥΡ.
2536 1168 2797 1241 Ἐχούσης
2827 1171 2884 1226 δὲ
2912 1166 3014 1228 ὦδε
3047 1174 3148 1243 τῆς
3184 1175 3441 1241 κιϐωτοῦ,
3468 1198 3487 1230 ι
3508 1180 3621 1232 Kal
3642 1178 3833 1248 θήσεις,

592 1283 613 1316 ι
640 1264 838 1329 Penes,
868 1283 887 1315 ›
941 1261 1141 1332 inquit,
1204 1281 1221 1313 ι
1253 1262 1423 1316 altare
1460 1276 1688 1316 aureum
1729 1259 1798 1315 ad
1832 1260 2159 1316 adolendum

2260 1257 2414 1328 φησὶ,
2453 1256 2516 1310 τὸ
2570 1258 2955 1331 θυσιαστήριον
3000 1261 3062 1315 τὸ
3097 1264 3333 1332 χρυσοῦν
3389 1270 3472 1330 είς
3516 1268 3581 1321 τὸ
3651 1269 3836 1339 θυμιᾷν

585 1363 780 1411 contra
803 1370 1007 1409 arcam.
1048 1374 1065 1408 ι
1094 1354 1271 1425 Atque
1305 1354 1585 1410 Christum
1624 1352 1848 1422 quidem
1871 1352 2161 1423 signiﬁcari

2262 1348 2505 1403 ἐναντίον
2533 1350 2634 1419 τῆς
2664 1350 2921 1407 κιϐωτοῦ.
2954 1372 2973 1404 ι
3010 1355 3120 1409 Καὶ
3147 1356 3383 1426 Χριστὸς
3406 1360 3501 1428 μὲν
3528 1360 3615 1413 δτι
3642 1361 3713 1413 τὸ
3756 1360 3834 1413 θυι

585 1446 745 1501 altari
771 1446 865 1499 illo
893 1461 1082 1509 aureo,
1118 1446 1250 1500 satis
1274 1445 1480 1500 dictum
1505 1462 1534 1499 a
1558 1445 1718 1499 nobis
1740 1454 1892 1514 puto.
1920 1444 2161 1503 Positum

2265 1440 2581 1511 σιαστήριόν
2606 1442 2723 1496 ἐστι
2758 1444 2818 1496 τὸ
2849 1446 3107 1516 χρυσοῦν,
3153 1448 3394 1520 διαρκῶς
3422 1452 3550 1520 ἡμῖν
3596 1454 3833 1525 εἰρῆσθαι

586 1548 670 1593 851.
702 1547 883 1592 autem
908 1546 1097 1592 contra
1124 1550 1326 1602 arcam,
1373 1552 1535 1606 supra
1562 1551 1726 1605 quam
1751 1544 1867 1590 erat
1894 1534 2161 1600 velamen,

2263 1530 2423 1586 δοκῶ.
2460 1532 2709 1588 Τέθειταί
2747 1553 2810 1604 γε
2848 1538 2955 1608 μὴν
2992 1540 3253 1594 ἀπέναντι
3276 1543 3378 1612 τῆς
3408 1544 3664 1609 κιϐωτοῦ,
3704 1544 3832 1621 seu}

586 1630 644 1684 in
691 1631 849 1701 cujus
884 1629 1120 1684 circuitu
1166 1619 1324 1685 erant
1350 1628 1658 1698 Seraphim,
1694 1637 1752 1682 et
1775 1628 1832 1682 in
1857 1628 2161 1682 summitate

2265 1622 2327 1675 τὸ
2350 1625 2767 1697 καταπέτασμα,
2804 1629 2897 1682 καὶ
2926 1628 3112 1701 κύκλῳ
3148 1631 3219 1684 τά
3256 1634 3529 1704 Σεραφὶμ,
3566 1638 3660 1690 καὶ
3712 1619 3834 1690 an):

584 1724 751 1789 Deus,
783 1732 1041 1794 tanquam
1064 1723 1211 1778 illius
1242 1723 1563 1778 Emmanuel
1604 1721 1932 1792 singularem
1978 1720 2161 1775 odoris

2268 1714 2409 1785 τὲρω
2434 1715 2587 1781 Θεὸς,
2605 1719 2768 1770 οἱονεὶ
2790 1718 3078 1789 δεχόμενος
3098 1722 3197 1792 τὴν
3216 1722 3603 1803 ἀπαρὰσλητον
3618 1729 3834 1783 εὐωδίαν

2340 895 2547 949 ΠΑΛΛ.
2597 896 2686 958 Ὠς
2715 897 2912 959 λεπτὸς
2942 899 2970 950 ό
2998 898 3155 966 λόγος
3186 901 3281 953 xal
3315 901 3502 968 βαθύς.

2338 986 2501 1041 ΚΥΡ.
2537 987 2801 1057 Ἔρχεται
2827 989 2883 1041 δὲ
2912 990 3063 1059 ὅμως
3093 991 3192 1045 οὐκ
3221 992 3329 1045 ἀπὸ
3355 994 3585 1049 σκοποῦ.

585 1817 912 1875 suavitatem
953 1815 1269 1885 exciperet:
1321 1829 1500 1884 neque
1528 1814 1674 1869 enim
1700 1821 1981 1882 peccatum
2008 1812 2160 1876 fecit,
2195 1784 2234 1838 Β

584 1922 766 1975 neque
814 1906 1069 1961 inventus
1100 1913 1183 1961 est
1213 1905 1371 1960 dolus
1415 1905 1472 1959 in
1514 1919 1609 1960 ore
1641 1905 1777 1974 ejus,
1821 1913 1880 1958 ut
1900 1904 2163 1973 scriptum

584 2008 668 2057 est
728 2000 811 2053 l*‘:
850 2000 1082 2071 ideoque
1128 1999 1347 2054 dicebat
1392 1999 1507 2068 ipse
1539 2016 1550 2052 :
1609 2017 1627 2049 ι
1666 1999 1827 2052 Pater
1862 1997 2039 2068 diligit
2072 1996 2161 2051 Fi-

582 2092 718 2146 lium
744 2092 809 2147 ‘7.
850 2110 869 2143 ι
914 2091 1137 2161 Accepti
1179 2091 1343 2149 etiam
1386 2091 1497 2147 Deo
1544 2104 1645 2144 nos
1667 2088 1769 2159 ipsi
1794 2104 2002 2153 sumus,
2037 2101 2163 2143 cum

582 2182 790 2240 Christi
847 2191 1186 2253 unguentum
1245 2182 1591 2237 redoleamus
1628 2197 1643 2247 ;
1678 2180 1833 2250 cujus
1874 2180 1956 2235 rei
2000 2179 2163 2235 ﬁdem

583 2278 715 2333 facit
762 2277 963 2337 Paulus
1007 2277 1296 2335 scribens:
1343 2295 1360 2325 ι
1392 2274 1502 2330 Deo
1556 2281 1737 2327 autem
1797 2272 2016 2341 gratias,
2068 2271 2163 2340 qui

583 2382 801 2436 semper
848 2366 1151 2436 triumphat
1180 2380 1280 2420 nos
1321 2365 1376 2423 in
1399 2361 1641 2426 Christo,
1689 2372 1746 2417 et
1770 2361 1997 2421 odorem
2022 2362 2165 2416 noti-

586 2460 677 2516 tiae
712 2476 823 2516 suae
852 2458 1164 2516 manifestat
1188 2473 1287 2526 per
1308 2472 1427 2519 nos,
1452 2457 1580 2525 quia
1598 2454 1801 2513 Christi
1828 2453 2006 2511 bonus
2027 2455 2163 2510 odor

586 2565 777 2607 sumus
800 2551 912 2605 Deo
943 2550 1009 2605 ".
1046 2569 1063 2599 ι

658 2642 855 2698 PALL.
885 2642 1053 2701 Recte
1077 2656 1228 2697 sane.

655 2734 815 2789 CYR.
865 2733 1019 2800 Quod
1055 2733 1098 2787 si
1123 2733 1179 2789 in
1215 2748 1299 2795 ea,
1340 2747 1461 2801 qum
1496 2731 1696 2801 scripta
1723 2741 1871 2793 sunt,
1909 2742 2161 2787 accurate

586 2823 755 2879 animi
794 2823 964 2878 aciem
1000 2822 1417 2886 intenderimus,
1454 2821 1587 2876 illud
1620 2821 1946 2886 videbimus,
1977 2836 2161 2877 arcam

587 2912 807 2983 quidem
850 2912 904 2967 in
936 2913 1106 2967 latere
1137 2911 1474 2967 tabernaculi
1521 2912 1668 2980 quod
1701 2911 1768 2966 ad
1796 2927 2051 2967 occasum
2078 2926 2163 2966 re-

587 3002 872 3072 spiciebat,
896 3003 1065 3057 fuisse
1092 3002 1411 3057 collocatam
1444 3043 1460 3068 ,
1484 3010 1540 3057 et
1565 3012 1755 3057 contra
1784 3017 1901 3056 eam
1930 3017 2162 3056 aureum

2262 1805 2355 1860 τοῦ
2401 1807 2765 1878 Ἐμμανουήλ.
2815 1810 2891 1863 Οὐ
2931 1811 3040 1882 γὰρ
3087 1812 3343 1883 ἐποίησεν
3396 1815 3693 1887 ἁμαρτίαν,
3729 1819 3833 1872 οὐδὲ

2264 1897 2460 1969 εὑρέθη
2494 1898 2640 1962 δόλος
2676 1902 2731 1952 ὲν
2768 1901 3100 1971 ’τῷ-στόματι
3129 1903 3314 1971 αὑτοῦ,
3342 1906 3485 1960 καθά
3511 1907 3829 1979 γέγραπται·

2240 1991 2539 2061 ,τοιγάρτοι
2569 1993 2663 2046 καὶ
2684 1992 2924 2062 ἔφασκεν
2948 1994 3128 2060 αὐτὸς,
3167 2013 3185 2048 ι
3230 1996 3289 2050 '0
3318 1997 3504 2069 Πατήρ
3538 1999 3736 2069 ἀγαπᾲ
3755 2000 3831 2053 τὸν

2264 2078 2413 2133 Υίὸν.
2440 2099 2458 2129 ι
2479 2082 2667 2135 Δεκτοὶ
2692 2082 2748 2135 δὲ
2777 2081 2855 2152 τῷ
2872 2082 2992 2153 Θεῷ
3014 2084 3111 2137 καὶ
3136 2086 3297 2155 ἡμεῖς
3324 2086 3496 2148 αὐτοὶ,
3520 2088 3584 2139 τὸ
3608 2087 3829 2158 Χριστοῦ

2268 2170 2440 2243 μύρον
2479 2174 2885 2239 εὐωδιάζοντες.
2930 2176 3267 2232 Πιστώσεται
3316 2179 3375 2232 δὲ
3416 2180 3513 2233 καὶ
3553 2183 3585 2234 ό
3633 2182 3830 2247 Παῦλος

2263 2264 2492 2332 γράφων
2520 2282 2532 2294 ο
2572 2284 2589 2315 ι
2619 2265 2709 2335 Τῷ
2754 2266 2811 2319 δὲ
2857 2266 2976 2337 Θεῷ
3016 2268 3175 2337 χάρις
3230 2269 3311 2338 τῷ
3360 2271 3595 2324 πάντοτε
3642 2272 3827 2341 θριαμ-

2264 2352 2475 2408 ϐεύοντι
2508 2356 2653 2425 ἡμᾶς
2681 2357 2739 2410 ὲν
2764 2356 2842 2427 τῷ
2876 2357 3117 2429 Χριστῷ,
3151 2360 3244 2413 καὶ
3267 2359 3365 2430 τὴν
3385 2359 3561 2431 ὀσμὴν
3581 2361 3683 2430 τῆς
3703 2362 3824 2429 γλώ-

2266 2461 2402 2507 σεως
2435 2445 2597 2498 αὑτοῦ
2634 2448 2956 2518 φανεροῦντι
2981 2448 3049 2502 δι’
3083 2451 3253 2521 ἡμᾶς,
3276 2452 3357 2504 ὃτι
3384 2452 3625 2523 Χριστοῦ
3645 2455 3825 2507 εὐωδία

2265 2537 2432 2606 ἐσμὲν
2465 2538 2543 2608 τῷ
2580 2539 2721 2609 Θεῷ.
2758 2559 2776 2591 ι

2335 2630 2542 2683 ΠΑΛΛ.
2584 2630 2791 2702 Ὀρθῶς
2820 2631 2977 2703 ἔφης.

2333 2721 2500 2776 ΚΥΡ.
2551 2720 2852 2793 Ἐννοῶμεν
2900 2724 2965 2795 δὴ
3014 2720 3110 2779 οῦν
3137 2725 3403 2797 ἀκριϐῶς,
3447 2729 3565 2791 τοῖς
3596 2744 3823 2801 γεγραμ-

2265 2811 2447 2882 μένοις
2478 2812 2715 2876 ἐνιέντες
2748 2815 2838 2869 τὺν
2866 2817 3169 2888 ὀφθαλμὸν,
3208 2817 3457 2889 ίδρύσθαι
3486 2821 3588 2890 μὲν
3624 2822 3721 2892 τὴν
3751 2838 3819 2875 κι-

2263 2902 2434 2956 ϐωτὸν
2461 2903 2521 2957 ὲν
2551 2904 2627 2975 τῷ
2651 2906 2790 2975 πρὸς
2815 2906 2940 2961 λίϐα
2987 2909 3081 2963 καὶ
3100 2909 3310 2980 δυσμάς
3334 2910 3508 2967 κλίτει
3555 2914 3655 2982 τῆς
3683 2913 3820 2981 ἁγίας

2264 2995 2502 3065 σκηνῆς·
2538 2996 2798 3054 ἀπέναντι
2835 2999 2893 3053 δὲ
2937 3001 3107 3071 αὐτῆς
3166 3003 3229 3056 τδ
3262 3003 3501 3073 χρυσοῦν
3544 3005 3819 3077 Gnatae-rq-

586 3094 759 3150 altare
809 3093 864 3148 in
903 3094 1023 3151 loco
1076 3094 1170 3165 qui
1225 3093 1294 3148 ad
1341 3092 1609 3149 orientem
1656 3093 1975 3163 spectabat:
2009 3102 2161 3147 ortus

2266 3101 2399 3155 ptov,
2427 3087 2484 3139 ἐν
2509 3087 2586 3159 τῷ
2617 3089 2754 3159 πρὸς
2782 3092 2977 3145 ἀκτῖνα
3017 3093 3187 3165 τόπῳ.
3237 3095 3379 3157 Ἠὼς
3406 3094 3522 3167 γὰρ
3554 3099 3651 3150 καὶ
3692 3098 3819 3160 δύσις

585 3184 736 3241 enim
788 3194 844 3239 et
888 3200 1137 3253 occasus,
1163 3186 1345 3255 aquilo
1392 3186 1520 3239 item
1545 3196 1601 3240 et
1622 3194 1807 3240 auster
1834 3184 2051 3241 Christo
2072 3202 2163 3241 re-

585 3275 770 3346 pletus
811 3284 915 3333 est.
962 3277 1148 3345 Itaque
1194 3276 1582 3333 candelabrum
1616 3276 1681 3332 ad
1708 3286 1956 3330 austrum
1986 3275 2165 3333 taber-

585 3368 769 3425 naculi
827 3369 1063 3428 locatum
1107 3376 1245 3433 erat,
1276 3383 1464 3423 mensa
1503 3378 1683 3424 autem
1717 3368 1784 3423 ad
1807 3369 2159 3438 aquilonem:

585 3472 822 3531 utroque
865 3477 997 3516 vero
1033 3460 1311 3519 Christum
1350 3461 1664 3532 significari,
1704 3462 1863 3532 longa
1893 3463 2004 3533 jam
2034 3477 2162 3517 ora-

586 3553 736 3610 tione
779 3552 1277 3611 demonstravimus
1312 3573 1325 3608 :
1361 3569 1488 3610 nam
1542 3555 1728 3609 lumen
1775 3554 1996 3624 quidem
2041 3569 2164 3611 esse

584 3644 886 3711 Christum,
939 3645 1166 3702 lucerna
1219 3645 1463 3701 declarat
1494 3663 1508 3712 ;
1572 3662 1758 3701 mensa
1786 3662 1917 3702 vero
1948 3655 2004 3702 et
2039 3662 2162 3717 quze

586 3735 646 3793 in
681 3750 747 3790 ea
804 3735 1246 3803 continebantur,
1293 3737 1546 3792 eumdem
1600 3751 1722 3792 esse
1768 3736 1939 3795 vitam
1983 3752 2045 3793 ac
2067 3752 2162 3807 pa-

584 3844 712 3887 nem
746 3827 930 3882 vivum
952 3828 1271 3883 ostendunt.
1298 3828 1436 3884 Illud
1469 3836 1649 3883 tamen
1678 3829 1997 3899 mysterium
2029 3844 2162 3886 con-

583 3920 794 3976 sideres
842 3928 1005 3991 atque
1062 3920 1447 3990 contempleris
1480 3920 1665 3983 velim,
1698 3921 1931 3977 maxime
1955 3921 2023 3982 ad
2055 3936 2157 3977 au-

582 4019 759 4068 strum
814 4026 937 4067 esse
987 4010 1300 4067 Judzeorum
1335 4010 1632 4081 regionem,
1668 4019 1730 4064 ut
1762 4018 1951 4064 contra
1985 4009 2161 4080 genti-

580 4100 713 4159 lium
756 4101 824 4156 ad
854 4101 1186 4171 aquilonem.
1219 4100 1383 4172 336
1411 4101 1579 4171 Igitur
1609 4116 1677 4155 ex
1704 4101 1990 4170 utriusque
2022 4102 2152 4169 situ,

581 4192 925 4258 candelabri,
973 4193 1216 4263 inquam,
1286 4201 1343 4247 et
1385 4208 1588 4247 mensa:
1616 4232 1631 4257 ,
1688 4191 1948 4261 perfacile
2047 4192 2156 4249 erit

579 4283 893 4339 volentibus
942 4282 1267 4353 intelligere,
1317 4281 1524 4338 Iudaeis
1578 4282 1800 4352 quidem
1863 4291 1925 4338 ut
1966 4283 2152 4338 lumen

580 4371 851 4428 eﬂulsisse
895 4372 1190 4437 Christum,
1218 4380 1274 4427 et
1304 4372 1449 4442 apud
1476 4372 1624 4443 ipsos
1650 4372 1743 4427 illa
1768 4371 1932 4427 verba
1957 4371 2156 4441 praedi-

2268 3179 2616 3249 μεμέστωται
2648 3183 2741 3238 τοῦ
2767 3184 3028 3254 Χριστοῦ,
3065 3186 3268 3259 βορρᾶς
3309 3206 3366 3242 τε
3406 3189 3503 3243 καὶ
3532 3190 3701 3253 νότος.
3731 3192 3819 3244 Kal

2265 3269 2395 3337 γοῦν
2423 3270 2586 3335 τόπος
2616 3273 2716 3342 μὲν
2742 3277 2808 3345 τῇ
2839 3275 3049 3347 λυχνίᾳ,
3080 3279 3149 3331 τά
3186 3278 3335 3331 νότια
3370 3280 3473 3351 τῆς
3511 3282 3733 3351 σκηνῆς.
3761 3285 3815 3352 τῇ

2262 3359 2320 3414 δὲ
2365 3362 2635 3435 τραπέζῃ,
2674 3364 2742 3419 τά
2773 3367 2908 3438 πρὸς
2942 3368 3161 3441 βορρᾶν.
3209 3370 3320 3425 Καὶ
3353 3371 3439 3424 ὅτι
3474 3371 3545 3426 δι’
3580 3374 3815 3443 ἀμ.φοῖνὸ

2263 3451 2499 3523 Χριστὸς
2532 3458 2877 3526 σημαίνεται,
2932 3461 3099 3525 πολὺς
3153 3463 3287 3532 ήμῖν
3330 3463 3431 3534 ήδη
3483 3464 3815 3537 προαπέδσιξσ

2261 3545 2416 3617 λόγος
2441 3565 2457 3581 ·
2489 3551 2573 3604 ὅτι
2615 3550 2713 3621 μὲν
2745 3552 2851 3624 γάρ
2890 3553 3005 3623 φῶς
3024 3556 3054 3608 ό
3090 3556 3344 3626 Χριστὸς,
3377 3558 3411 3627 ή
3442 3558 3635 3627 λυχνία
3666 3558 3813 3629 δηλοῖ·

2261 3642 2342 3696 ὅτι
2370 3641 2427 3695 δὲ
2474 3642 2587 3715 ζωὴ
2618 3645 2712 3697 καὶ
2740 3645 2902 3717 ἄρτος
2927 3647 2956 3699 ὁ
2988 3646 3118 3711 ζῶν,
3145 3650 3178 3718 ή
3214 3648 3464 3720 τράπεζα
3510 3651 3611 3719 μὲν
3654 3653 3736 3703 καὶ
3758 3649 3814 3702 τὰ

2261 3730 2320 3786 ἐν
2355 3732 2515 3803 αὐτῇ.
2545 3733 2692 3806 Πλὴν
2720 3736 2894 3791 ἐκεῖνο
2920 3736 3153 3801 διανοοῦ,
3179 3739 3276 3793 καὶ
3321 3739 3479 3811 ἄθρει
3526 3740 3590 3795 τὸ
3633 3742 3813 3812 uenﬁ-

2264 3840 2398 3893 ptOV'
2432 3826 2748 3898 Νοτιωτάτη
2808 3827 2909 3898 μὲν
2954 3829 3064 3898 γὰρ
3104 3830 3214 3885 τῶν
3264 3831 3536 3885 Ἰουδαίων
3581 3835 3615 3903 ἡ
3660 3833 3809 3905 χώρα,

2262 3914 2575 3988 βορειοτέρα
2604 3918 2661 3971 δὲ
2686 3918 2848 3973 πάλιν
2866 3921 2899 3989 ἡ
2922 3919 3031 3974 τῶν
3058 3920 3248 3977 ἐθνῶν.
3272 3922 3487 3977 Οὐκοῦν
3515 3923 3624 3977 ἀπό
3652 3941 3710 3993 γε
3728 3925 3812 3995 τῆς

2259 4003 2460 4071 θέσεως
2477 4007 2578 4078 τῆς
2599 4010 2823 4080 ἀμφοῖν,
2848 4012 2949 4080 τῆς
2970 4028 3030 4065 τε
3054 4012 3274 4083 λυχνίας
3300 4013 3393 4068 καὶ
3415 4013 3519 4087 τῆς
3537 4015 3805 4086 τραπέζης,

2258 4098 2421 4169 φημὶ,
2462 4100 2745 4170 περιέσται
2764 4101 2937 4173 δήπου
2978 4106 3092 4168 τοῖς
3120 4104 3394 4159 ἐθέλουσιν
3419 4103 3479 4160 εὖ
3506 4108 3649 4177 μάλα
3670 4112 3804 4171 νοεῖν,

2256 4194 2337 4247 ὅτι
2364 4196 2477 4259 τοῖς
2520 4196 2620 4265 μὲν
2670 4197 2943 4261 Ἰουδαίοις
2994 4200 3109 4268 φῶς
3148 4200 3462 4272 ἐπέλαμψεν
3510 4203 3539 4255 ό
3582 4204 3806 4273 Χριστὸς,

2256 4285 2352 4338 καὶ
2386 4288 2517 4356 παρ’
2539 4288 2719 4353 αὐτοῖς
2767 4289 3066 4361 ἐκήρυττεν
3089 4333 3103 4355 ,
3144 4311 3161 4342 ι
3198 4291 3341 4360 Ἐγώ
3376 4294 3495 4363 ειμι
3538 4293 3604 4347 τὸ
3642 4295 3759 4364 φῶς.
3786 4315 3801 4343 ο

2270 4376 2629 4434 ’Δπισταλται
2674 4378 2785 4452 γὰρ
2829 4382 2910 4446 είς
2960 4382 3027 4436 τὰ
3078 4383 3326 4454 πρόϐατα
3384 4384 3456 4440 τὰ
3515 4383 3803 4439 ἀπολωλότα

582 4453 812 4529 οαεεε,’‹
853 4464 965 4535 Ego
998 4480 1121 4522 sum
1177 4464 1383 4519 lux'".
1423 4483 1442 4518 ι
1488 4464 1684 4519 Missus
1725 4472 1810 4519 est
1873 4463 2020 4519 enim
2079 4463 2149 4520 ad

2263 4468 2412 4522 οἴκου
2458 4470 2696 4542 Ἰσραήλ.
2732 4472 2861 4535 Καὶ,
2899 4490 2920 4524 ο
2955 4453 3146 4528 Αὐτῶν
3174 4474 3312 4529 εἰσιν
3352 4475 3412 4528 αἱ
3438 4473 3797 4544 tetendiet,»

581 4562 732 4611 oves,
768 4564 885 4618 qua:
922 4551 1199 4621 perierant
1240 4551 1437 4607 domus
1473 4552 1638 4607 Israel
1669 4553 1737 4619 '°,
1765 4560 1823 4607 et
1854 4569 1867 4605 :
1903 4571 1921 4603 ι
1950 4552 2156 4608 Eorum

582 4646 710 4693 sunt
738 4639 1130 4709 promissiones
1163 4681 1179 4705 ,
1212 4660 1230 4692 ι
1259 4652 1321 4697 ιιι
1358 4642 1658 4715 Scriptura:
1689 4643 1882 4699 dicunt
1920 4646 1963 4676 ἰ
1996 4687 2009 4698 .
2046 4643 2154 4699 Sed

580 4731 842 4800 quoniam
906 4731 1040 4788 illud
1109 4734 1360 4789 veritatis
1413 4736 1598 4791 lumen
1660 4738 1883 4792 minime
1921 4737 2157 4794 admise-

580 4833 731 4889 runt,
770 4823 945 4879 factus
980 4835 1065 4880 est
1100 4826 1356 4898 gentibus
1390 4827 1499 4881 vita
1546 4836 1601 4883 et
1658 4828 1817 4899 panis
1867 4829 1935 4885 de
1990 4830 2151 4887 etelo.

576 4913 768 4986 Neque
802 4930 931 4970 vero
950 4924 1142 4987 gentes
1170 4916 1376 4973 lumine
1401 4928 1626 4986 carent;
1670 4919 1834 4990 idque
1861 4935 1929 4975 ex
1956 4936 2023 4976 eo
2066 4921 2153 4976 in-

579 5006 817 5078 telliges.
840 5006 989 5078 quod
1014 5007 1329 5064 candelabri
1356 5009 1543 5063 lumen
1571 5011 1734 5066 etiam
1759 5011 1827 5067 ad
1867 5013 2152 5082 aquilam-

580 5111 669 5151 res
708 5096 1047 5153 tabernaculi
1086 5106 1270 5169 partes
1313 5098 1654 5166 penetrabat.
1712 5100 1782 5154 Et
1819 5100 1948 5170 quia
1979 5116 2156 5171 angu-

578 5189 881 5246 stissimum
924 5200 1046 5246 erat
1098 5190 1301 5247 factum
1360 5190 1493 5246 illud
1539 5191 1972 5257 tabernaculum,
2016 5194 2156 5249 nihil

579 5280 803 5335 absurdi
858 5292 944 5337 est
987 5283 1321 5346 existimare,
1366 5283 1763 5353 propemodum
1817 5284 1897 5339 illi
1950 5301 2155 5347 mense

562 5368 890 5438 appositum
931 5370 1099 5426 fuisse
1133 5371 1545 5437 candelabrum,
1585 5373 1717 5429 licet
1752 5373 2046 5430 australem
2069 5376 2153 5430 lo-

578 5474 705 5515 cum
765 5468 995 5517 teneret.
1056 5462 1306 5520 Declarat
1349 5464 1516 5521 etiam
1575 5463 1681 5519 alia
1737 5465 1949 5521 ratione
1996 5466 2161 5531 nobis

577 5548 716 5605 illud
754 5550 874 5607 hac
906 5551 1097 5621 ﬁgura,
1124 5552 1220 5609 ubi
1248 5554 1497 5611 divinum
1526 5556 1713 5615 lumen
1752 5556 1994 5622 inuocat,
2039 5566 2159 5615 tum

578 5641 667 5707 iis,
710 5643 806 5713 qui
853 5642 1003 5715 digni
1056 5654 1206 5711 sunt,
1268 5647 1433 5705 licere
1462 5648 1666 5711 Christi
1698 5658 1956 5720 tanquam
2002 5651 2161 5721 panis

649 5756 693 5789 “
722 5758 824 5814 Isa.
858 5774 967 5821 Lm,
995 5760 1045 5813 9.
1103 5762 1144 5790 δ’
1169 5758 1324 5815 Joan.
1355 5764 1536 5827 111,55.
1607 5762 1648 5795 “
1684 5761 1725 5818 ll
1750 5764 1874 5819 Cor.
1906 5780 1961 5825 ll.
2004 5766 2094 5831 Ν,
2125 5765 2211 5821 15.
2252 5764 2464 5826 "Joan.
2488 5782 2604 5836 VIII,
2634 5770 2717 5828 l2.

2252 4557 2395 4613 κατά
2427 4559 2527 4623 τὰς
2548 4560 2790 4631 Γραφάς.
2832 4563 2988 4617 Ἐπεὶ
3015 4564 3072 4618 δὲ
3100 4566 3161 4619 οὐ
3197 4565 3549 4637 προσήκαντο
3574 4566 3672 4635 τῆς
3690 4566 3801 4633 ἀλή-

2253 4648 2403 4713 θείας
2434 4649 2495 4705 τὸ
2534 4650 2681 4720 φῶς,
2732 4652 2925 4722 γέγονε
2954 4656 3069 4717 τοῖς
3108 4654 3318 4708 ἔθνεσιν
3350 4655 3465 4727 ζωή
3529 4656 3623 4709 καὶ
3666 4656 3803 4721 ἄρτος

2251 4740 2311 4807 ἐξ
2338 4741 2598 4813 οὐρανοῦ⁸
2650 4744 2742 4797 καὶ
2776 4745 2838 4799 οὺ
2868 4745 2991 4815 δίχα
3023 4747 3198 4814 φωτὸς
3228 4746 3299 4801 τὰ
3347 4747 3478 4817 ἔθνη
3498 4764 3514 4779 ’
3544 4748 3637 4800 καὶ
3670 4744 3801 4799 τοῦτο

2251 4830 2297 4884 δ’
2325 4831 2391 4885 ἂν
2420 4831 2633 4902 μάθοις,
2663 4834 2945 4905 διήκοντος
2985 4836 3079 4890 τοῦ
3114 4837 3291 4906 φωτὸς
3342 4840 3442 4909 τῆς
3475 4838 3689 4908 λυχνίας
3719 4836 3801 4888 καὶ

2252 4923 2335 4985 εἰς
2359 4922 2432 4977 τὰ
2462 4922 2647 4995 βόρεια
2678 4926 2779 4995 τῆς
2812 4928 3036 4999 σκηνῆς.
3074 4929 3406 5001 Στενοτὼτης
3436 4930 3495 4984 δὲ
3528 4928 3687 4998 οὔσης
3716 4928 3797 4994 τῆς

2254 5016 2458 5085 σκηνῆς
2479 5015 2579 5085 τῆς
2620 5018 2799 5086 ἁγίας,
2830 5020 2893 5072 τὸ
2930 5021 3158 5085 ἀπεικὸς
3187 5021 3361 5084 οὐδὲν,
3419 5020 3691 5093 μονονουχὶ
3720 5018 3799 5070 καὶ

2252 5106 2678 5177 παρατεθεῖσθαι
2706 5111 2883 5165 δοκεῖν
2920 5114 2986 5185 τῇ
3026 5112 3274 5185 τραπέζῃ
3304 5113 3405 5183 τὴν
3449 5111 3687 5183 λυχνίαν.
3709 5109 3797 5163 κᾶν

2253 5199 2302 5250 εἰ
2329 5190 2421 5251 τὸν
2443 5199 2618 5254 νότιον
2645 5200 2744 5275 ἔχῃ
2780 5203 2964 5257 τόπον.
3010 5204 3330 5275 Ἐμφανίζει
3354 5205 3414 5260 δὲ
3439 5207 3575 5277 ήμῖν
3600 5204 3686 5258 καὶ
3706 5198 3798 5254 ἑτέ·

2257 5306 2365 5360 Ρωε
2390 5292 2419 5343 6
2443 5290 2633 5357 τύπος.
2659 5293 2735 5358 ὡς
2758 5294 2903 5348 θείου
2927 5297 3105 5365 φωτὸς
3135 5297 3511 5368 ἐκλάμπον-τος
3536 5295 3717 5363 γένοιτ’
3740 5294 3796 5345 ἂν

2252 5384 2363 5444 τοῖς
2394 5381 2569 5448 ἀξίοις
2593 5385 2654 5437 τὸ
2688 5387 3010 5457 μεταλαχεω
3038 5388 3297 5444 δύνασθαι
3324 5390 3418 5444 τοῦ
3457 5389 3705 5460 Χριστοῦ,
3731 5385 3795 5447 ὡς

2253 5468 2418 5541 ἄρτου
2450 5470 2654 5538 ζῶντος
2695 5476 2791 5530 καὶ
2836 5477 3110 5548 ἀληθινοῦ.
3153 5478 3425 5550 Σύσσωμα
3467 5480 3528 5534 δι
3556 5479 3647 5533 καὶ
3676 5493 3793 5545 συμ-

2260 5563 2461 5633 μένοχι
2484 5564 2676 5634 γέγονε
2709 5568 2778 5624 τὰ
2808 5568 2935 5640 ἔθνη
2975 5570 3235 5642 Χριστοῦ.
3276 5572 3483 5643 Γράφιι
3512 5571 3570 5625 δι
3607 5568 3748 5623 πάλιν
3768 5566 3795 5618 ὁ

2258 5651 2547 5719 θεσπέσιος
2574 5656 2781 5722 Παῦλος
2810 5676 2823 5689 ·
2856 5660 3133 5732 Σύσσωμα
3162 5662 3218 5717 δὶ
3253 5664 3345 5717 ul
3388 5662 3689 5732 συμμέταιι
3719 5655 3791 5723 τι

2786 5834 2789 5835 ν
2833 5773 2879 5804 ⁸⁸
2905 5773 3094 5830 Matth.
3123 5793 3212 5841 xv,
3243 5776 3333 5830 24.
3411 5778 3451 5808 ⁸¹
3478 5777 3627 5832 Rom.
3656 5790 3718 5831 rx.
3741 5769 3787 5824 9.
