3982 6508
174 412 268 471 665

881 411 971 467 DE
1008 410 1456 469 ADORATIONE
1497 408 1565 465 IN
1605 406 1875 463 SPlRlTU
1911 408 2001 463 ET
2041 408 2414 466 VERITATE.
2452 410 2581 465 LIB.
2624 410 2692 464 Χ.

3292 409 3403 469 666

174 545 284 599 γονε
314 526 380 583 τὰ
410 524 534 597 ἔθνη
569 524 767 597 φωτὸς,
794 525 1036 597 δηλονότι
1064 528 1156 583 τοῦ
1197 529 1411 601 νοητοῦ,
1448 544 1722 599 προσανα-

1843 524 1935 581 rivi
1984 542 2048 583 ac
2104 528 2221 582 veri
2260 527 2559 599 participes
2599 527 2741 583 ﬁeri.
2785 526 2989 583 Scribit
3032 525 3181 582 enim
3212 525 3408 582 beatus

173 619 513 691 πιμπλάμενα
562 638 580 670 ι
610 618 1011 692 διαυγαζούσης
1037 621 1271 692 ἡμέρας,
1305 622 1395 674 καὶ
1423 619 1718 691 Φωσφόρου

174 711 298 766 κατὰ
323 710 443 763 νοῦν
469 709 869 776 ἀνατέλλοντος,
895 731 914 764 ι
946 711 1051 782 ἔφη
1110 714 1218 785 γάρ
1242 730 1326 776 τις
1355 711 1463 765 τῶν
1496 711 1588 765 τοῦ
1619 712 1724 763 Σωο

168 805 319 873 τῆρος
342 800 619 873 μαθητῶν.
653 801 913 874 Ἐχόντων
946 804 1004 858 δὲ
1033 798 1135 860 ὧδε
1168 803 1369 867 θέσεὼς
1403 820 1461 857 τε
1497 803 1590 857 καί
1625 819 1723 857 κα-

168 894 423 963 τασκευῆς
451 894 557 947 τῶν
611 895 671 949 ἐν
717 896 832 958 τοῖς
875 895 1077 964 Ἀγίοις
1125 896 1234 950 τῶν
1272 896 1461 964 ἁγίων,
1486 894 1723 949 ἐπίσπα-

172 987 473 1057 στρον,ήτοι
516 987 935 1058 καταπέτασμα,
956 988 1210 1057 γενέσθαι
1260 987 1629 1058 προστέταχεν
1667 985 1725 1053 ἐξ

171 1078 407 1132 ὑακίνθου
448 1078 540 1132 καὶ
573 1079 877 1152 πορφύρας,
914 1080 1009 1134 καί
1030 1080 1284 1133 κοκκίνου
1318 1078 1725 1150 κεκλωσμένου,

169 1173 253 1226 καί
270 1170 460 1241 βύσσου
477 1188 599 1240 νενη
609 1170 831 1241 σμένης·
844 1170 1001 1225 τοῦτο
1014 1172 1071 1225 δὲ
1095 1175 1215 1236 ταῖς
1237 1171 1441 1242 σκηνῆς
1459 1168 1729 1234 εἰσϐολαῖς

169 1264 421 1335 περιτείνε
432 1264 550 1316 σθαι
572 1264 680 1317 δεῖν
705 1264 939 1333 ἔφασκεν
964 1265 1294 1332 ἀναγκαίως,
1316 1263 1476 1317 πέντε
1507 1265 1729 1334 χρυσοῖς

168 1354 591 1426 ἐπαιωρούμενον
644 1356 874 1420 στύλοις,
909 1349 983 1409 ὧν
1012 1358 1066 1410 αἰ
1114 1356 1301 1427 βάσεις
1358 1354 1575 1426 χαλκαῖ.
1619 1353 1731 1407 Καὶ

168 1446 527 1518 ὲπίσπαστρον
578 1447 674 1517 μὲν
725 1447 1127 1520 ὸνομὰζει,οτῆς
1181 1446 1351 1519 θύρας
1389 1446 1451 1499 τὸ
1504 1448 1730 1519 περιτά-

169 1554 357 1607 νυσμα,
380 1536 469 1589 διὰ
493 1537 572 1601 τὸ,
598 1536 773 1608 οἶμαι,
802 1538 1018 1602 λεπτοῖς
1035 1538 1244 1609 κρίκοις
1272 1539 1458 1592 ἀνόπιν
1477 1537 1731 1591 ἕλκεσθαι

168 1628 507 1699 δικνουμένης
558 1630 933 1704 τῆςοείσϐολῆς
954 1647 967 1660 ’
1003 1630 1435 1684 ἁντεπισπᾶσθαι
1462 1630 1516 1684 δὲ
1539 1624 1603 1684 αὗ
1640 1630 1733 1683 καὶ⁸

170 1718 590 1788 κατευρύνεσθαι
615 1720 721 1773 τῶν
747 1720 946 1794 θυρῶν,
964 1721 1227 1791 κρύπτειν
1250 1721 1319 1773 τὰ
1349 1722 1534 1789 Ἅγια.
1564 1722 1733 1777 Πέντε

170 1809 220 1862 δὲ
238 1810 281 1861 oi
300 1807 503 1871 στύλοι,
532 1812 731 1879 χρυσοῖ
757 1812 853 1863 κα)⁵
882 1810 1222 1881 περίχαλκοι,
1242 1812 1371 1875 τοὺς
1398 1812 1473 1876 ὡς
1499 1812 1733 1883 πέμπτῳ

1826 618 2047 682 Paulus,
2099 628 2291 691 gentes
2312 636 2436 675 esse
2460 619 2883 690 concorporales
2906 629 3069 689 atque
3109 618 3408 689 comparti-

1824 710 1974 780 cipes
2013 710 2217 766 Christi
2243 712 2308 764 ⁶¹.
2334 710 2770 782 Concorporales
2791 726 2953 781 porro
2984 720 3039 765 et
3060 709 3410 779 compartici-

1824 817 1922 871 pes
1938 801 2093 857 taetre
2108 812 2459 873 suntgentes,
2484 818 2607 859 cum
2628 803 2837 859 lumine
2856 802 3131 873 spirituali
3148 801 3410 856 nimirum

1826 894 2049 963 repleta:
2095 902 2262 957 sunt,
2302 912 2319 944 ι
2354 894 2448 949 ubi
2479 894 2598 950 dies
2627 895 2825 959 illuxit,
2850 904 2907 950 et
2938 893 3157 949 Lucifer
3196 892 3253 946 in
3290 892 3410 946 ani-

1826 985 1931 1040 mis
1953 986 2157 1040 nostris
2188 994 2411 1041 exortus
2432 998 2536 1051 est,
2572 1007 2591 1038 ›
2621 987 2697 1041 ait
2728 986 2950 1057 quidam
2982 985 3281 1041 Salvatoris
3310 1001 3414 1039 no-

1828 1080 1928 1134 stri
1954 1079 2261 1149 discipulus
2296 1081 2363 1135 ⁶⁸.
2403 1081 2476 1136 lis
2501 1080 2689 1151 igitur,
2719 1097 2841 1151 quae
2870 1081 2925 1134 in
2953 1079 3169 1136 Sanctis
3195 1089 3413 1133 sancto-

1829 1188 1953 1227 rum
1984 1182 2164 1238 erant,
2194 1172 2264 1228 ad
2295 1172 2443 1227 hunc
2476 1173 2699 1228 modum
2739 1173 3021 1227 collocatis
3073 1180 3233 1241 atque
3260 1186 3411 1236 com-

1829 1264 2058 1335 positis,
2111 1265 2497 1321 adductorium
2552 1281 2648 1321 seu
2693 1265 2942 1320 velamen
2974 1263 3092 1318 ﬁeri
3117 1262 3301 1334 jussit,
3348 1278 3415 1317 ex

1830 1357 2127 1429 hyacintho
2149 1367 2206 1412 et
2234 1372 2496 1428 purpura,
2515 1366 2572 1412 et
2605 1372 2770 1411 cocco
2802 1365 3037 1421 torto,et
3070 1355 3233 1426 bysso
3261 1363 3411 1418 neta;

1832 1449 1998 1520 idque
2045 1450 2113 1504 ad
2164 1450 2343 1519 ipsum
2392 1448 2735 1504 tabernaculi
2766 1447 2967 1502 ostium
3008 1444 3415 1501 extendendum

1831 1554 1952 1593 esse
2000 1539 2315 1595 necessario
2351 1537 2511 1603 dixit,
2551 1538 2619 1592 de
2648 1537 2892 1608 quinque
2920 1536 3188 1590 inauratis
3203 1535 3417 1592 colum-

1834 1630 1939 1693 nis,
1966 1646 2200 1700 quarum
2231 1630 2391 1684 bases
2422 1639 2607 1685 essent
2630 1645 2816 1695 aeneae,
2853 1644 3204 1699 suspensum.
3241 1628 3418 1697 Atque

1834 1720 2217 1775 adductorium
2243 1719 2464 1790 quidem
2485 1719 2725 1789 appellat
2743 1719 2925 1773 velum
2948 1718 3090 1772 ostio
3108 1718 3418 1781 obtentum,

1835 1812 1982 1882 quod
2016 1812 2248 1883 exiguis,
2284 1820 2345 1866 ut
2383 1811 2598 1881 opinor,
2624 1810 2840 1865 annulis
2866 1810 3260 1871 retraheretur,
3296 1821 3422 1862 cum

170 1901 356 1973 καιρῷ,
393 1900 520 1955 καθ’
552 1902 611 1956 ὃν
668 1905 701 1974 ἡ
760 1903 999 1975 Χριστοῦ
1040 1903 1228 1971 γέγονε
1280 1904 1569 1976 παρουσία,
1602 1921 1735 1978 προ-

1843 1919 1935 1975 per
1985 1904 2188 1959 ostium
2228 1902 2448 1958 transiri
2488 1917 2712 1958 necesse
2762 1911 2928 1965 esset,
2965 1917 3029 1956 ac
3081 1914 3273 1954 rursus
3326 1897 3423 1954 ad-

170 1994 557 2059 ανατυποῦντες
580 1996 934 2062 διδασκάλους
958 1997 1049 2050 καὶ
1076 1997 1182 2050 τῶν
1208 1997 1545 2067 Ἐκκλησιῶν
1570 1998 1732 2068 ἡγου-

173 2088 376 2158 μένους’
408 2088 459 2141 οἳ
490 2089 580 2142 τὸν
606 2090 705 2159 τῆς
732 2090 991 2161 ἀληθείας
1011 2090 1435 2162 ὀρθοτομοῦντες
1458 2091 1635 2160 λόγον,
1654 2090 1735 2144 τί-

172 2198 278 2251 μιοι
307 2181 403 2251 μὲν
431 2181 510 2245 ὡς
543 2182 741 2254 χρυσός
775 2184 931 2250 εἰσιν,
961 2185 1179 2254 εὐηχεῖς
1205 2184 1261 2236 δὲ
1295 2182 1467 2248 οὕτως
1498 2183 1575 2246 ὡς
1608 2182 1733 2253 χαλ-

171 2272 272 2334 κός.
298 2289 325 2335 ,ι
352 2270 445 2335 Εἰς
480 2274 663 2327 πᾶσαν
700 2274 811 2345 γὰρ
838 2275 902 2346 δὴ
922 2276 1019 2346 τὴν
1048 2277 1149 2347 γῆν
1177 2275 1398 2345 ἐξῆλθεν
1434 2277 1465 2328 ὁ
1501 2275 1735 2343 φθόγγος

172 2362 357 2427 αὐτῶν,
393 2366 492 2417 καὶ
530 2366 610 2426 εἰς
664 2365 732 2418 τὰ
786 2367 999 2438 πέρατα
1038 2369 1138 2437 τῆς
1177 2367 1503 2438 οἰκουμένης
1540 2367 1609 2419 τὰ
1640 2369 1737 2437 ρή-

175 2471 310 2524 ματα
339 2454 543 2509 αὐτῶν·
568 2474 586 2507 ι
622 2456 673 2509 οῖ
706 2458 800 2510 καὶ
836 2457 923 2510 διὰ
951 2459 1050 2529 τῆς
1076 2458 1325 2528 ὲντέχνου
1352 2457 1448 2511 καὶ
1478 2455 1736 2509 θεοπνεύο

175 2562 289 2597 στου
337 2547 730 2616 μυσταγωγίας
797 2550 909 2611 τοῖς
956 2550 1037 2611 είς
1087 2548 1157 2601 τὰ
1192 2548 1361 2616 ’Λγια
1403 2547 1511 2601 τῶν
1565 2547 1738 2615 ἁγίων

174 2637 460 2708 εἰστρέχειν
487 2638 765 2693 ἐθέλουσιν
809 2642 1196 2712 ἀνευρύνουσιν
1225 2641 1414 2712 ὥσπερ
1440 2640 1539 2704 τὰς
1564 2640 1739 2695 εἰσϐο-

173 2726 280 2791 λάς.
320 2728 399 2782 Τὰ
439 2730 543 2800 μὲν
584 2729 680 2785 οῦν
715 2732 883 2800 Ἀγια
929 2732 1036 2786 τῶν
1081 2733 1271 2801 ἁγίων,
1318 2733 1462 2787 τοῦτ’
1507 2732 1674 2795 ἐστιν,
1704 2732 1739 2802 ἡ

172 2820 404 2891 ὲσωτέρα
446 2822 627 2894 σκηνὴ
663 2823 1109 2877 κατεκαλύπτετο
1141 2824 1221 2894 τῷ
1259 2825 1736 2895 καταπετάσματι.

175 2911 578 2983 Παρερήρειστο
620 2914 678 2967 δὲ
712 2914 874 2979 εὐθὺς
902 2916 999 2970 καὶ
1027 2916 1369 2986 συνήρμοστο
1402 2918 1470 2985 τῇ
1513 2914 1742 2986 δευτέρᾳ

175 3006 261 3058 καὶ
304 3007 337 3075 ἡ
383 3005 582 3077 πρώτη
618 3007 811 3078 σκηνὴ,
870 3008 933 3061 τὸ
978 3007 1359 3079 θυσιαστήριον
1404 3006 1601 3078 ἔχουσα
1632 3006 1741 3060 τῶν

175 3097 584 3169 καρπωμάτων,
637 3100 696 3152 ὲν
737 3093 781 3168 ᾧ
833 3101 984 3153 πᾶσα
1020 3102 1054 3172 ἡ
1108 3102 1176 3155 δι’
1218 3101 1464 3170 αἱμάτων
1510 3100 1741 3154 ἐτελεῖτο

174 3190 525 3263 προσαγωγὴ,
560 3192 780 3247 πόπανὰ
814 3209 875 3245 τε
907 3193 1001 3247 καὶ
1030 3196 1078 3247 oi
1117 3193 1422 3259 λιϐανωτοὶ,
1459 3194 1556 3247 καὶ
1590 3194 1739 3247 πᾶσα
1764 3220 1808 3281 ο

172 3282 322 3336 θυσία
348 3284 441 3336 καί
476 3284 695 3355 σπονδὴ,
733 3286 828 3339 καὶ
852 3287 986 3359 πρός
1014 3305 1079 3356 γε
1107 3287 1185 3358 τῷ
1218 3287 1590 3357 θυσιαστηρίῳ
1643 3286 1740 3340 καὶ

171 3373 257 3426 τὸν
290 3374 534 3446 λουτῆρα
560 3377 653 3429 τὸν
677 3376 931 3447 χαλκοῦν.
964 3378 1137 3441 Τόπος
1165 3379 1222 3432 δὲ
1263 3375 1329 3432 αὖ
1376 3378 1454 3447 τῷ
1504 3378 1602 3449 μὲν
1644 3377 1739 3431 θυ-

174 3468 467 3538 σιαστηρίῳ
500 3469 649 3537 παρὰ
680 3470 779 3533 τὰς
818 3468 985 3541 θύρας
1007 3470 1106 3540 τῆς
1146 3469 1369 3539 σκηνῆς,
1400 3469 1559 3539 δῆλον
1582 3467 1639 3522 δὲ
1660 3468 1741 3520 ὅτι

175 3557 263 3627 τῆς
290 3558 581 3629 ὲξωτέραςσ
613 3558 691 3629 τῷ
726 3558 780 3612 δέ
808 3576 871 3628 γε
901 3560 1143 3631 λουτῆρι,
1185 3561 1246 3615 τὸ
1290 3560 1614 3631 μεσαίτατον
1641 3558 1743 3630 τῆς

176 3664 389 3721 σκηνης.

240 3922 443 3977 ΠΑΔΔ.
482 3922 592 3976 Καὶ
611 3922 696 3986 τίς
730 3921 798 3976 ἂν
823 3925 997 3979 νοοῖτο
1022 3923 1184 3978 πάλιν
1211 3924 1245 3994 ἡ
1279 3925 1629 3994 ἐπιτήρησις;

240 4102 399 4157 ΚΥΡ.
438 4101 717 4172 Ἃκριὸὲς,
744 4094 790 4155 ὦ
812 4101 1099 4165 Παλλάδιε,
1129 4102 1190 4157 τὸ
1209 4103 1450 4173 Γράμμα
1474 4101 1535 4156 τὸ
1577 4102 1741 4174 ἱερὸν,

177 4195 262 4248 καὶ
290 4195 501 4249 εἰκαῖον
532 4195 592 4247 ὲν
617 4193 764 4265 αὐτῷ
795 4194 1072 4259 παντελῶς
1096 4195 1269 4250 οὐδέν.
1310 4196 1421 4249 Θέα
1457 4194 1566 4267 γὰρ
1597 4196 1746 4259 ὅπως

176 4288 298 4357 ἡμῖν
330 4288 394 4341 τὸ
430 4285 667 4356 αἴνιγμα
707 4285 1160 4354 παιδαγωγοῦντα
1205 4286 1438 4358 δέδειχεν
1472 4287 1567 4339 ἐπὶ
1620 4288 1749 4358 Χρι-

176 4378 293 4432 στὸν
314 4379 407 4433 τὸν
431 4378 620 4447 νόμον.
645 4376 895 4432 Τέθειται
924 4376 1035 4449 γὰρ
1068 4378 1201 4449 παρ’
1248 4379 1439 4442 αὐταῖς
1473 4382 1594 4442 ταῖς
1639 4382 1748 4433 εἰσ-

176 4466 304 4533 όδοις
326 4473 448 4533 ταῖς
480 4471 559 4531 είς
584 4467 654 4522 τὰ
684 4469 851 4535 Ἅγια
899 4467 1007 4521 τῶν
1044 4467 1215 4536 ἁγίων
1257 4470 1355 4539 τῆς
1405 4469 1545 4523 κατὰ
1585 4469 1749 4540 νόμον

1839 1996 2136 2051 duceretur
2181 1996 2655 2065 explicareturque
2703 2011 2802 2065 per
2855 1995 3080 2057 ostium,
3143 2002 3203 2048 ut
3235 2000 3423 2047 sancta

1839 2089 2271 2145 occultarentur.
2314 2087 2569 2157 Quinque
2620 2098 2805 2143 autem
2849 2094 2979 2141 sunt
3028 2086 3297 2140 columns
3327 2099 3425 2138 au-

1839 2198 1946 2238 rea:
1983 2192 2146 2252 atque
2185 2196 2372 2246 amem,
2406 2196 2527 2250 quae
2578 2181 2721 2246 illos,
2772 2181 2867 2250 qui
2919 2189 3178 2248 tanquam
3228 2177 3423 2247 quinto

1841 2284 2089 2344 tempore
2133 2274 2397 2338 fuerunt,
2431 2289 2541 2345 quo
2595 2282 2842 2343 tempore
2890 2271 3097 2328 Christi
3153 2270 3424 2325 adventus

1840 2368 2091 2437 contigit,
2141 2366 2399 2421 doctores
2448 2375 2614 2437 atque
2652 2365 3024 2421 Eeclesiarum
3067 2362 3237 2417 duces
3278 2377 3421 2431 pra:-

1840 2460 2145 2531 iigurarent
2173 2478 2185 2513 :
2212 2460 2329 2529 qui,
2350 2475 2477 2514 cum
2516 2468 2665 2513 recte
2691 2472 3001 2513 sermonem
3032 2455 3282 2509 veritatis
3313 2462 3425 2508 tra-

1842 2562 2013 2617 ctent,
2055 2552 2284 2623 pretiosi
2321 2551 2542 2621 quidem
2580 2559 2709 2605 sunt
2744 2558 2804 2604 ut
2826 2565 3043 2612 aurum,
3082 2557 3138 2604 et
3170 2547 3322 2602 velut
3351 2559 3426 2603 as

1840 2654 2119 2699 resonant.
2175 2643 2311 2698 Nam
2372 2661 2390 2694 ι
2430 2642 2492 2697 In
2531 2657 2757 2697 omnem
2797 2650 2999 2697 terram
3044 2640 3217 2695 exivit
3256 2653 3426 2695 sonus

1840 2751 2055 2800 eorum,
2082 2742 2139 2790 et
2158 2735 2213 2790 in
2235 2734 2373 2789 lines
2398 2733 2549 2789 orbis
2573 2742 2732 2787 terra:
2754 2732 2919 2787 verba
2940 2746 3130 2786 eorum
3150 2731 3198 2761 "
3221 2773 3236 2795 ,
3282 2749 3299 2782 ι
3328 2729 3423 2799 qui

1843 2825 2031 2882 solerti
2060 2840 2125 2879 ac
2164 2824 2433 2879 divinitus
2469 2824 2733 2894 inspirata
2758 2822 3007 2878 doctrina
3034 2822 3346 2877 volentibus
3368 2820 3427 2874 in

1844 2916 2042 2973 Sancta
2096 2924 2411 2971 sanctorum
2464 2916 2697 2971 introire
2780 2914 2963 2970 aditus
3020 2913 3427 2985 quodammodo

1842 3009 2197 3081 patefaciunt.
2231 3008 2399 3079 igitur
2420 3008 2581 3078 337
2618 3008 2819 3064 Sancta
2852 3015 3187 3070 sanctorum,
3232 3004 3283 3059 id
3319 3012 3425 3068 est,

1842 3102 2076 3157 interius
2128 3100 2263 3155 illud
2314 3099 2726 3155 tabernaculum
2768 3099 3039 3154 velamine
3094 3096 3424 3167 tegebatur;

1842 3195 2157 3251 adhaerebat
2179 3211 2310 3251 vero
2337 3194 2586 3265 proxime
2618 3204 2781 3263 atque
2819 3193 3173 3262 coniunctum
3205 3197 3325 3246 erat
3350 3188 3428 3243 illi

1839 3289 2082 3345 secundo
2122 3288 2359 3358 primum
2376 3302 2594 3357 quoque
2624 3285 3056 3348 tabernaculum,
3084 3282 3230 3353 quod
3257 3282 3428 3337 altare

1840 3380 2237 3435 sacriﬁciorum
2268 3378 2610 3443 continebat,
2652 3378 2707 3432 in
2744 3393 2854 3446 quo
2875 3377 3053 3431 omnis
3086 3391 3184 3444 per
3203 3373 3429 3443 sangui-

1840 3489 1967 3528 nem
2008 3472 2375 3527 exhibebatur
2408 3471 2634 3534 oblatio,
2659 3471 2966 3541 laganaque
2986 3478 3044 3524 et
3075 3468 3236 3522 thura
3262 3478 3317 3523 et
3337 3482 3397 3521 sa

1839 3564 2111 3621 critieium
2163 3579 2325 3619 omne
2373 3573 2540 3633 atque
2610 3562 2825 3627 libatio,
2893 3570 2950 3616 et
3004 3568 3205 3631 praeter
3256 3560 3429 3615 altare

1840 3657 2055 3714 labrum
2102 3671 2323 3725 quoque
2367 3670 2602 3711 aeneum.
2640 3654 2773 3709 Erat
2810 3662 2991 3708 autem
3024 3652 3129 3706 hoc
3153 3652 3323 3706 altare
3349 3650 3427 3705 si-

1846 3760 1962 3806 tum
2015 3758 2242 3819 propter
2281 3746 2621 3803 tabernaculi
2660 3746 2887 3810 ostium,
2936 3745 3227 3800 exterioris
3257 3743 3426 3798 nimi-

1843 3856 1988 3904 rum,
2016 3840 2233 3895 labrum
2263 3854 2399 3894 vero
2428 3838 2485 3893 in
2524 3838 2643 3907 ipso
2681 3836 2866 3892 medio
2901 3834 3242 3891 tabernaculi
3281 3833 3425 3889 loco.

1914 3930 2111 3986 PALL.
2148 3928 2291 3996 Quid
2314 3938 2498 3986 autem
2520 3928 2741 3984 latentis
2768 3926 3143 3998 intelligentia:
3179 3925 3429 3981 continet

1846 4022 1962 4078 haec
1980 4021 2293 4077 observatio
2320 4020 2344 4073 ’ἰ

1914 4114 2072 4170 CYR.
2114 4114 2382 4170 Accurate
2435 4119 2563 4166 sunt
2606 4109 2791 4164 omnia
2816 4150 2833 4173 ,
2880 4106 3109 4171 Palladi,
3147 4107 3204 4160 in
3251 4104 3428 4161 sacris

1846 4205 2072 4261 Litteris
2099 4202 2432 4273 perscripta,
2457 4198 2705 4268 nihilque
2742 4212 2970 4266 prorsus
3012 4194 3071 4249 in
3102 4194 3211 4249 illis
3227 4202 3311 4249 est
3343 4203 3427 4248 te-

1846 4310 1998 4350 mere
2044 4293 2280 4363 positum
2313 4310 2324 4344 :
2357 4290 2481 4345 vide
2528 4288 2677 4344 enim
2730 4296 2792 4343 ut
2838 4287 2943 4342 hoc
2984 4285 3215 4355 aenigma
3265 4283 3428 4339 nobis

1847 4388 2099 4445 ostendat
2132 4386 2266 4456 legis
2286 4383 2687 4440 institutionem
2707 4381 2773 4437 ad
2796 4380 3076 4435 Christum
3098 4378 3423 4448 perducere:

1849 4495 1976 4536 nam
2010 4477 2143 4533 illud
2166 4473 2688 4547 legalis'religionis
2717 4472 2887 4527 altare
2920 4469 2988 4524 ad
3020 4470 3169 4540 ipsos
3199 4469 3384 4524 aditus
3407 4508 3425 4535 ,

177 4558 423 4632 λατρείας
472 4561 533 4614 τὸ
566 4561 974 4632 θυσιαστήριον.
1033 4559 1322 4632 ’Δποφέρει
1370 4562 1479 4632 γὰρ
1513 4563 1541 4614 ὁ
1580 4561 1740 4632 νόμος

1845 4586 1946 4641 per
1965 4584 2105 4640 quos
2131 4568 2199 4623 ad
2229 4567 2427 4623 Sancta
2454 4572 2773 4621 sanctorum
2809 4561 3158 4624 tendebatur,
3194 4560 3429 4615 colloca-

178 4652 323 4721 μόλις
357 4654 513 4725 ἡμᾶς
545 4655 626 4716 εἰς
661 4653 836 4724 ἀρχὰς
859 4652 969 4707 τῶν
999 4652 1094 4707 τοῦ
1127 4653 1364 4724 Χριστοῦ
1410 4653 1744 4725 μυστηρίων,

176 4746 265 4799 καὶ
295 4746 463 4801 οἱονεί
502 4762 621 4809 πως
652 4744 803 4816 παρὰ
845 4744 944 4809 τὰς
972 4743 1196 4815 πρώτας
1229 4744 1478 4809 εἰσόολὰς
1520 4746 1618 4817 τῆς
1661 4748 1747 4801 ἐπ’

176 4838 319 4910 αὐτῷ
341 4838 601 4907 γνώσεως
638 4837 901 4909 ἀκριϐοῦς
922 4854 938 4868 ο
970 4839 1272 4908 εἰσκομίζει
1304 4838 1362 4893 δὲ
1387 4839 1639 4910 οὐδαμῶς
1669 4841 1750 4903 εἰς

175 4930 240 4983 τὰ
266 4932 431 4999 Ἀγια
461 4931 573 4985 τῶν
605 4930 795 4999 ἁγίων,
825 4931 972 4984 τοῦτ’
1012 4929 1179 4989 ἔστιν.
1221 4931 1303 4993 εἰς
1344 4930 1443 5000 τὴν
1474 4931 1748 5003 ἐσωτέραν

176 5023 398 5093 σκηνὴν,
441 5024 502 5076 ὲν
590 5023 874 5094 πολυειδὴς
908 5025 937 5076 ό
978 5022 1232 5092 Χριστὸς,
1273 5021 1349 5086 ὼς
1389 5024 1524 5078 Θεοῦ
1548 5025 1742 5093 Λόγος,

174 5114 245 5176 ὼς
270 5114 408 5183 φῶς,
436 5114 512 5177 ὼς
535 5115 700 5185 ἄρτος
724 5114 854 5179 ζῶν,
884 5114 958 5178 ὡς
985 5114 1208 5178 εὐωδίας
1239 5115 1383 5185 ὀσμὴ
1405 5114 1483 5184 τῷ
1510 5115 1628 5185 Θεῴ
1654 5116 1747 5170 καὶ

176 5206 363 5277 Πατρί.
400 5207 473 5260 Ἢ
517 5207 626 5277 γὰρ
673 5206 796 5277 οὐχὶ
849 5206 1016 5277 φαίης
1045 5206 1112 5259 ἂν
1157 5206 1239 5259 ὅτι
1287 5207 1525 5277 στοιχεῖὰ
1563 5224 1622 5261 τε
1654 5209 1748 5262 καὶ

176 5297 337 5367 ἁρχαὶ
368 5297 479 5351 τῶν
506 5297 701 5365 λογίων
719 5296 810 5351 τοῦ
835 5295 991 5361 Θεοῦ,
1013 5296 1111 5366 τῆς
1130 5296 1269 5351 κατὰ
1291 5297 1455 5361 νόμον
1494 5299 1746 5369 λατρείας

179 5392 210 5460 ἡ
241 5390 635 5461 προμελέτησις
658 5385 726 5458 ἦν
747 5407 762 5454 ;

248 5482 455 5536 ΠΑΛΛ.
501 5480 741 5551 Ἀληθές.

245 5573 411 5629 ΚΥΡ.
442 5573 566 5629 Ὀτι
596 5574 652 5630 δὲ
684 5573 1031 5629 τετελείωκεν
1057 5574 1087 5626 ὁ
1117 5574 1281 5645 νόμος
1308 5574 1481 5643 οὐδὲν,
1536 5594 1555 5627 ι
1577 5576 1747 5647 Ἀμή-

180 5679 338 5733 χανον
365 5664 475 5736 γὰρ
501 5661 639 5736 αἷμα
664 5665 882 5737 ταύρων
914 5666 1007 5721 καὶ
1037 5666 1258 5737 τράγων
1286 5668 1541 5739 ἀφαιρεῖν
1566 5670 1747 5742 ἁμαρ-

250 5846 293 5877 ⁸³
322 5844 517 5913 Ephcs.
560 5863 636 5910 tu,
661 5847 711 5902 6.
790 5845 834 5878 ⁸³
866 5845 1115 5909 lPetr.t,
1146 5848 1227 5904 19.
1313 5851 1356 5882 ⁸⁵
1401 5850 1545 5909 Psal.
1587 5866 1737 5915 imit,
1773 5850 1821 5905 ὅ.

1844 4668 1963 4715 tum
1988 4668 2127 4714 erat.
2164 4658 2274 4713 Lex
2311 4656 2459 4711 enim
2498 4654 2592 4711 vix
2633 4652 2703 4707 ad
2734 4652 2853 4722 ipsa
2884 4665 2986 4707 nos
3036 4649 3194 4705 initia
3224 4656 3429 4719 myste-

1843 4752 2053 4808 riorum
2099 4749 2218 4813 Dei,
2244 4758 2429 4817 atque.
2463 4754 2525 4802 ut
2556 4746 2632 4802 ita
2677 4744 2857 4799 dicam
2879 4784 2894 4807 ,
2938 4741 3007 4799 ad
3056 4741 3233 4812 prima
3264 4754 3429 4794 accu-

1843 4852 1975 4899 rata:
2019 4840 2224 4897 Christi
2263 4838 2593 4910 cognitionis
2629 4834 2919 4907 perducit;
2952 4834 3048 4889 sed
3076 4833 3228 4888 nullo
3266 4828 3430 4884 modo

1844 4934 2057 4991 inducit
2100 4932 2156 4987 in
2186 4930 2383 4987 Sancta
2414 4939 2753 4991 sanctorum,
2783 4928 2837 4982 id
2866 4935 2949 4981 est
2978 4926 3034 4978 in
3079 4921 3312 4977 interius
3345 4927 3429 4973 ta-

1844 5026 2228 5087 bernaculum,
2252 5024 2308 5079 in
2326 5038 2436 5093 quo
2469 5019 2853 5091 multipliciter
2884 5016 3137 5073 Christus
3175 5011 3428 5065 contine-

1844 5129 1954 5183 tur,
1986 5126 2047 5173 ut
2078 5117 2173 5172 Dei
2216 5116 2485 5177 Verbum,
2522 5112 2581 5167 ut
2605 5113 2792 5166 lumen
2817 5150 2832 5173 ,
2866 5115 2926 5162 ut
2958 5106 3115 5177 panis
3141 5104 3335 5167 vivus,
3367 5109 3429 5155 ut

1843 5213 2097 5269 redoleas
2146 5209 2284 5267 odor
2322 5209 2435 5263 Deo
2471 5221 2534 5261 ac
2584 5203 2732 5259 Patri
2759 5202 2996 5256 oblatus.
3044 5196 3187 5265 Quid
3239 5194 3429 5250 enim?

1843 5325 2027 5366 nonne
2053 5321 2246 5363 censes
2269 5302 2532 5376 praeludia
2571 5300 2664 5354 illa
2692 5296 2885 5368 legalis
2934 5293 3115 5349 cultus
3150 5291 3425 5349 elementa

1843 5415 1965 5455 esse
1989 5410 2045 5453 et
2075 5397 2229 5453 initia
2259 5406 2575 5450 sermonum
2609 5388 2746 5444 Dei?

1918 5490 2116 5545 PALL.
2146 5489 2223 5543 Ita
2246 5495 2349 5541 est.

1918 5580 2074 5637 CYR.
2110 5580 2257 5636 Nihil
2292 5585 2475 5632 autem
2500 5574 2566 5629 ad
2592 5570 2894 5644 perfectum
2914 5568 3205 5625 adduxisse
3227 5565 3423 5636 legem,

1857 5688 1879 5721 ε
1918 5667 2256 5739 Impossibile
2281 5663 2553 5735 siquidem
2586 5670 2690 5727 est,
2732 5659 2997 5731 sanguine
3037 5668 3321 5712 taurorum
3366 5657 3427 5709 et
