3982 6530
573 417 676 474 667
1589 421 1642 476 S.
1685 420 1959 476 CYRlLLl
1997 415 2465 477 ALEXANDRINl
2505 421 2835 492 ARCIllEP.,
3716 417 3812 474 σα

573 533 853 590 hircorum
904 536 1105 592 auferri
1143 546 1363 610 peccata
1387 541 1454 606 ⁸³,
1486 559 1502 591 ι
1539 541 1801 596 continuo
1827 541 2004 596 disces
2029 582 2042 607 ,
2092 557 2121 596 c

2249 541 2402 604 τίας⁴,
2444 559 2462 591 ι
2499 539 2796 607 ἀναμάθοις
2828 539 2894 592 ἂν
2924 537 3106 602 εὐθὺς,
3140 539 3234 592 καὶ
3273 537 3393 592 λίαν
3431 536 3693 608 ἀμογητὶ,
3731 541 3812 593 καὶ

573 623 794 694 quidem
816 626 933 682 sine
952 627 1063 682 ullo
1083 629 1302 699 negotio
1327 671 1341 695 ,
1377 631 1422 685 si
1454 631 1616 685 modo
1640 632 1778 686 labri
1801 633 1966 687 etiam
2000 633 2128 687 illiut

2245 633 2343 702 τὴν
2367 633 2460 686 τοῦ
2489 633 2745 702 λουτῆρος
2769 630 2959 702 χρείαν
2991 630 3340 701 ἐννεωηκὼς.
3373 632 3600 683 Ἔκειτο
3625 629 3728 699 γάρ
3760 631 3812 684 ιν

576 735 734 773 usum
766 721 1241 778 consideraveris:
1281 733 1403 778 erat
1451 725 1599 779 enim
1645 725 1700 779 in
1750 726 1934 781 medio
1967 726 2128 796 primt

2249 724 2386 794 μέσῃ
2417 727 2479 795 τῇ
2506 722 2694 794 πρώτῃ
2719 725 2888 792 σκηνῇ
2916 721 3167 791 λαμπρὸς
3209 722 3304 774 καὶ
3332 721 3654 792 περίοπτος,
3696 738 3813 790 προ-

573 808 922 864 tabernaculo
973 811 1138 866 silum
1174 814 1520 883 splendidum
1566 824 1731 886 atque
1760 817 2128 886 conspicuum,

2244 815 2516 877 απονίζων
2551 814 2701 868 ὕδατι
2730 816 2853 876 τοὺς
2888 816 2965 876 είς
2987 812 3054 866 τὰ
3080 813 3246 880 Ἀγια
3281 812 3388 864 τῶν
3415 812 3595 878 ἁγίων
3618 814 3812 882 εἰστρέ-

572 897 733 965 cujus‘
752 913 889 967 aqua
909 900 1280 971 ingredientes
1308 904 1363 957 in
1395 904 1589 958 Sancta
1617 915 1929 960 sanctorum
1952 908 2142 962 ablue--

571 986 770 1042 bantur
798 1005 811 1042 :
845 990 898 1044 id
933 991 1077 1046 enim
1099 995 1479 1049 sacerdotibus
1499 996 1615 1067 lege
1649 1005 1976 1066 praeceptum
2001 1007 2138 1052 erat.

570 1076 741 1148 Igitur
793 1078 885 1136 illa
921 1083 1118 1148 etiam,
1160 1100 1280 1154 qua:
1321 1086 1376 1140 in
1425 1087 1540 1157 lege
1584 1088 1848 1157 perfectio
1899 1089 2138 1155 videtur,

571 1169 890 1240 imperfecta
921 1181 1034 1240 est,
1084 1191 1148 1229 ac
1201 1177 1373 1231 sancti
1426 1178 1770 1247 baptismatis
1800 1180 2140 1249 puriﬁcatio-

573 1275 698 1315 nem
729 1261 1011 1330 insinuat,
1060 1282 1170 1336 quo
1208 1283 1422 1322 sacrum
1473 1269 1606 1324 illud
1661 1285 1831 1340 genus
1872 1271 2137 1336 abluitur,

571 1366 785 1419 eorum,
815 1355 1059 1426 inquam,
1091 1360 1184 1428 qui
1210 1359 1314 1414 ﬁde
1337 1360 1614 1431 iustificati
1643 1369 1789 1428 sunt,
1820 1378 1957 1432 quos
1975 1364 2128 1417 etiam

2241 1359 2672 1430 προσπεφώνηκε
2719 1359 2911 1426 λέγων,
2945 1377 2962 1410 ι
3013 1359 3200 1428 Ὑμεῖς
3228 1357 3284 1410 δὲ
3330 1357 3488 1424 γένος
3542 1356 3811 1416 ἐκλεκτὸν,

570 1442 764 1499 beatus
795 1446 885 1502 ille
919 1447 1221 1518 discipulus
1246 1451 1629 1521 alloquebatur
1659 1470 1670 1505 :
1709 1471 1727 1502 ‹
1757 1453 1863 1508 Vos
1883 1461 2087 1518 autem,
2113 1474 2128 1505 ι

2241 1450 2509 1520 βασίλειον
2567 1452 2882 1521 ἱεράτευμα,
2937 1449 3088 1513 ἑθνος
3129 1450 3304 1516 ἇγιον,
3356 1448 3486 1511 λαὸς
3529 1449 3620 1510 εἰς
3669 1464 3812 1517 περι-

570 1529 780 1600 inquit,
813 1552 830 1583 ι
871 1551 1046 1605 genus
1073 1539 1306 1593 electum
1325 1581 1339 1603 ,
1370 1541 1549 1611 regale
1574 1541 1976 1606 sacerdotium,
2005 1558 2128 1612 gens

2239 1544 2476 1614 ποίησιν,
2509 1545 2594 1596 ἵνα
2620 1541 2717 1606 τὰς
2743 1542 2944 1614 ἀρετὰς
2978 1541 3328 1610 ἐξαγγείλητε
3365 1538 3464 1592 τοῦ
3502 1541 3576 1592 ἐκ
3599 1538 3811 1601 σκότους

567 1630 784 1685 sancta.
822 1629 1057 1695 populus
1104 1629 1158 1683 in
1199 1633 1646 1700 acquisitionem,
1689 1640 1749 1687 ut
1780 1634 2009 1689 virtutes
2037 1651 2128 1689 an-

2237 1639 2269 1707 ή
2279 1639 2383 1706 μᾶς
2399 1634 2724 1698 καλέσαντος
2749 1635 2828 1697 είς
2846 1633 2904 1686 τὸ
2919 1632 3227 1703 θαυμαστὸν
3243 1629 3406 1684 αὑτοῦ
3427 1629 3570 1698 φῶς.
3588 1649 3607 1679 ι
3629 1629 3810 1682 ’ἰστέον

566 1715 830 1771 nuntietis
852 1719 972 1788 ejus
993 1760 1007 1784 ,
1041 1722 1134 1790 qui
1163 1722 1231 1776 de
1281 1724 1524 1778 tenebris
1554 1739 1655 1778 nos
1695 1726 1915 1780 vocavit
1952 1726 2007 1780 in
2036 1726 2128 1780 ad-

566 1804 802 1824 ηενρ..
872 1809 886 1824 .
1271 1814 1314 1824 --
1559 1814 1572 1824 .
1658 1815 1691 1824 c.
1875 1816 1886 1824 .
1983 1816 1998 1824 -

2237 1726 2292 1780 δὲ
2320 1728 2400 1781 ὅτι
2430 1728 2523 1780 καὶ
2551 1729 2616 1797 τῇ
2653 1725 2794 1796 θύρᾳ.
2832 1725 2931 1794 τῆς
2963 1724 3066 1790 ἔξω
3111 1723 3317 1794 σκηνῆς
3359 1721 3810 1824 περιτετάννυστο

563 1804 812 1862 mirabile
872 1809 1056 1865 lumen
1095 1827 1252 1866 suum
1269 1814 1335 1866 ⁵⁸.
1370 1833 1387 1863 ι
1437 1813 1575 1868 Illud
1617 1815 1784 1870 etiam
1811 1816 2128 1881 sciendum,

2237 1818 2657 1888 καταπέτασμα,
2693 1817 2768 1880 ὼς
2799 1815 2864 1870 ἂν
2896 1816 2968 1886 μὴ
3001 1815 3186 1916 γυμνά
3227 1815 3414 1916 τεκαὶ
3447 1811 3674 1916 ἐμφανῆ

561 1896 763 1955 ostium
807 1915 1024 1971 quoque
1078 1905 1321 1960 exterius
1365 1906 1700 1960 tabernaculi
1733 1907 2000 1962 velamine
2047 1910 2128 1964 ob

2240 1909 2436 1974 ἔξωθεν
2465 1880 2652 1979 εῐηυτά
2704 1880 3324 1975 Ἀγιαίτδῦέέστιηή
3626 1880 3802 1970 σκηνή.

561 1995 772 2043 tentum
801 1991 990 2057 fuisse,
1017 2009 1086 2049 ne
1118 1995 1206 2058 iis,
1235 1996 1328 2066 qui
1363 2005 1518 2052 extra
1560 2007 1778 2064 essent,
1831 2010 2020 2070 aperta
2057 2010 2128 2056 at-

2239 1997 2349 2075 ὲνῇ
2381 2001 2441 2054 τὸ
2461 2003 2517 2053 ὲν
2545 1999 2694 2070 νόμῳ
2727 1998 3128 2068 θυσιαστήριον·
3148 1994 3606 2065 καταδηλοὼτος,
3641 1988 3799 2062 οἶμαι,

559 2093 666 2147 quc
692 2081 979 2151 perSpicua
1004 2083 1197 2140 ﬁerent
1243 2085 1462 2149 Sancta,
1491 2087 1659 2157 338
1696 2087 1750 2142 id
1787 2098 1869 2144 est
1898 2091 2128 2158 primum

2238 2095 2328 2148 τοῦ
2353 2093 2523 2146 τύπου
2559 2093 2738 2152 πάλιν,
2766 2091 2847 2144 ὅτι
2878 2090 3009 2160 μηδὲ
3033 2089 3195 2153 αὐτὸς
3223 2091 3336 2152 τοῖς
3356 2087 3620 2157 τυχοῦσιν
3643 2089 3800 2156 ἔμφα-

563 2171 1000 2241 tabcrnaculum,
1035 2177 1089 2231 in
1115 2195 1224 2248 quo
1247 2179 1419 2251 legale
1458 2180 1591 2234 illud
1613 2181 1784 2236 altare
1811 2183 2128 2240 collocatum

2238 2187 2334 2256 νὴς
2363 2187 2390 2239 ὁ
2417 2186 2594 2255 νόμος.
2625 2181 3045 2252 Κατακάλυμμα
3072 2180 3180 2252 γὰρ
3212 2179 3322 2250 ἔχει
3349 2179 3414 2232 τὺ
3437 2179 3697 2250 γράμμα,
3719 2179 3796 2229 καὶ

559 2271 682 2317 erat
719 2281 732 2316 :
760 2280 866 2334 qua
894 2283 1091 2324 rursus
1121 2270 1292 2340 ﬁgura
1321 2271 1654 2338 declaratur,
1705 2288 1776 2328 ne
1807 2273 1977 2343 ipsam
2003 2292 2128 2346 quo-

2237 2273 2713 2330 κατακεκάλυπταί
2738 2290 2798 2326 τε
2823 2273 2914 2326 καὶ
2943 2270 3354 2342 κατημφίασταί
3390 2287 3512 2332 πως
3537 2269 3640 2339 τὴν
3653 2268 3723 2332 ὡς
3746 2271 3796 2321 έν

564 2367 676 2422 que
701 2355 874 2426 legem
909 2375 1029 2415 esse
1067 2363 1243 2417 cuivis
1288 2364 1634 2434 perspicuam
1663 2383 1677 2419 :
1710 2367 1955 2422 velamen
1989 2370 2128 2424 enim

2239 2372 2414 2432 σκιαῖς
2437 2367 2724 2437 ἀσάφειαν.

567 2443 734 2501 habet
752 2449 934 2509 littera
949 2493 963 2516 ,
987 2461 1044 2508 et
1063 2454 1295 2524 quadam
1313 2456 1630 2517 umbrarum
1656 2459 1988 2516 obscuritate
2009 2477 2138 2517 con-

566 2544 709 2592 tecta
739 2549 823 2594 est
854 2551 1018 2612 atque
1047 2545 1239 2600 vestita
1267 2546 1690 2616 quodammodo.

628 2629 825 2686 PALL.
865 2633 955 2689 Sic
983 2651 1040 2691 se
1075 2652 1163 2691 res
1187 2638 1370 2693 habet.

2303 2634 2513 2688 nam.
2546 2627 2672 2690 Ὧδε
2705 2633 2838 2703 ἔχει.

625 2719 782 2775 CYR.
823 2723 1006 2794 Itaque
1065 2726 1120 2781 in
1163 2729 1342 2798 primo
1395 2731 1615 2800 quidem
1662 2732 2013 2789 tabernaculo
2051 2735 2128 2789 la-

2306 2727 2469 2780 ΚΥΡ.
2510 2726 2718 2779 Οὐκοῦν
2767 2728 2824 2777 ὲν
2873 2725 2968 2796 μὲν
3017 2727 3083 2795 τῇ
3131 2721 3320 2794 πρώτῃ
3369 2723 3545 2793 σκηνῇ
3616 2718 3787 2790 haud":

555 2811 716 2867 brum
769 2825 888 2870 erat
935 2818 1173 2888 positum
1239 2831 1295 2876 et
1340 2824 1546 2890 altare;
1585 2825 1639 2878 in
1686 2826 1929 2881 secundo
1967 2836 2128 2896 atque

2231 2817 2410 2871 ἔκειτο
2439 2819 2532 2870 καὶ
2561 2816 2965 2887 θυσιαστήριον·
3019 2817 3076 2868 ἐν
3101 2815 3159 2868 δὲ
3197 2817 3264 2885 τῇ
3291 2815 3526 2884 δευτέρᾳ
3558 2811 3652 2865 καὶ
3675 2813 3787 2864 εσυ-

2244 922 2454 975 χοντας.
2491 903 2708 956 Τέθειτο
2734 903 2842 974 γὰρ
2871 907 2984 965 τοῖς
3015 901 3250 972 ἱερεῦσιν
3273 903 3300 955 ὁ
3328 902 3421 955 ἐπὶ
3453 900 3598 972 τῷδε
3641 901 3809 969 νόμος.

2243 997 2450 1049 Οὐκοῦν
2485 997 2574 1049 καὶ
2611 998 2642 1066 ή
2683 998 2740 1047 ἐν
2777 997 2928 1066 νόμῳ
2966 995 3198 1048 δοκοῦσα
3250 995 3558 1065 πλήρωσις,
3609 995 3810 1063 ἀτελὴς,

2239 1085 2338 1155 τήν
2371 1084 2460 1138 διὰ
2510 1085 2602 1137 τοῦ
2651 1085 2806 1152 άγίου
2870 1083 3242 1152 βαπτίσματος
3298 1083 3578 1154 κάθαρσιν
3622 1083 3813 1152 ὑποδη-

2240 1174 2426 1231 λοῦσα,
2454 1175 2487 1244 ἢ
2520 1174 2579 1226 τὸ
2609 1173 2751 1244 ἱερὸν
2785 1173 3038 1226 ὲκπλύνει
3061 1173 3236 1241 γένος.
3273 1173 3416 1242 φημὶ
3439 1172 3505 1242 δὴ
3545 1171 3610 1224 τὸ
3637 1170 3742 1224 τῶν
3765 1174 3814 1224 ὲν

2241 1266 2420 1318 πίστει
2448 1264 2902 1334 δεδικαιωμένων,
2935 1258 3018 1327 οἷς
3052 1264 3147 1316 καὶ
3175 1267 3202 1316 ὁ
3245 1263 3534 1325 Θεσπέσιος
3577 1261 3814 1332 μαθητὴς

555 2904 751 2960 intimo
781 2923 905 2963 arca
946 2919 1002 2964 et
1031 2913 1418 2969 candelabrum
1441 2957 1454 2981 ,
1488 2933 1717 2972 aureum
1751 2935 1968 2989 quoque
1997 2921 2128 2974 thu-

553 2997 816 3063 ribulum,
855 3000 910 3055 in
935 3018 1045 3072 quo
1090 3013 1253 3060 tenue
1291 3006 1425 3062 illud
1456 3009 1748 3080 thymiama
1781 3011 2126 3078 adolebatur,

553 3103 739 3144 mensa
771 3091 1010 3163 denique
1061 3111 1124 3150 ac
1151 3113 1337 3167 panes.
1406 3100 1658 3156 Meminit
1694 3118 1911 3173 quoque
1935 3104 2129 3161 beatus

2231 2911 2398 2967 τάτω.
2433 2911 2466 2979 ή
2503 2909 2733 2970 κιϐωτὸς
2765 2909 2859 2961 καὶ
2899 2910 2932 2979 ή
2961 2907 3187 2976 λυχνία⁶
3218 2908 3313 2960 καὶ
3359 2907 3548 2974 μέντοι
3603 2905 3692 2958 καὶ
3736 2904 3788 2957 τὸ

2230 2999 2466 3072 χρυσοῦν
2511 3001 2903 3070 θυμιατήριον,
2963 2999 3048 3068 ἐφ’
3099 2993 3143 3066 ᾧ
3186 2998 3246 3052 τὸ
3290 2997 3494 3050 λεπτὴν
3537 2996 3784 3066 θυμίαμα,

2229 3088 2479 3161 τράπεζά
2507 3107 2563 3142 τε
2599 3090 2690 3143 καὶ
2715 3090 2889 3160 ἄρτοι.
2928 3089 3310 3158 Διαμέμνηται
3351 3087 3410 3139 δὲ
3453 3088 3484 3138 ὸ
3526 3083 3787 3147 θεσπέσιος

555 3179 756 3236 Paulus
792 3198 973 3240 aureae
997 3201 1150 3241 urna:
1176 3228 1189 3250 ,
1250 3189 1304 3242 in
1343 3206 1450 3260 qua
1483 3200 1602 3246 erat
1654 3209 1885 3259 manna;
1918 3195 2126 3266 virgam

2232 3181 2443 3244 Παῦλος
2463 3182 2558 3235 καὶ
2581 3181 2818 3251 στάμνου
2852 3179 3056 3249 χρυσῆς
3092 3179 3322 3249 ἐχούσης
3365 3177 3427 3230 τὸ
3463 3177 3660 3246 μάννα.
3696 3176 3790 3276 Καί

552 3285 771 3342 quoque
795 3274 974 3330 Aaron
999 3277 1158 3332 nobis
1186 3290 1608 3347 commemorat,
1649 3298 1812 3353 quam
1842 3285 1896 3339 in
1914 3285 2128 3342 Sanctis

549 3374 867 3422 sanctorum
909 3372 1202 3440 repositam
1231 3373 1398 3430 fuisse
1429 3375 1598 3438 dicit,
1645 3385 1706 3432 ut
1737 3379 1831 3448 qui
1864 3379 1918 3433 in
1956 3381 2127 3436 sacris

553 3453 777 3513 Litteris
801 3469 1050 3516 versatus
1074 3472 1237 3529 esset,
1261 3475 1316 3520 et
1353 3482 1474 3535 qua:
1512 3467 1640 3523 olim
1671 3471 1906 3535 sancita,
1941 3486 2128 3541 quaeve

553 3544 714 3600 beato
769 3548 937 3618 Moysi
1006 3551 1270 3608 divinitus
1322 3566 1591 3626 praecepta
1641 3567 1861 3622 essent,
1922 3562 2129 3630 Optime

553 3641 784 3688 nosset:
830 3638 982 3692 novit
1022 3640 1187 3695 etiam
1232 3658 1476 3698 mensam
1523 3653 1687 3714 atque
1735 3649 2128 3705 candelabrum

553 3725 613 3781 in
649 3727 828 3797 primo
857 3730 1210 3786 tabernaculo
1234 3733 1422 3789 fuisse.
1447 3734 1654 3790 Scribit
1681 3747 1864 3793 autem
1886 3741 1953 3795 ad
1981 3741 2130 3798 hunc

553 3817 776 3873 modum
815 3820 884 3874 de
909 3821 1125 3878 duobus
1157 3826 1526 3881 testamentis:
1560 3847 1578 3879 ι
1610 3828 1667 3882 In
1699 3845 1766 3884 eo
1791 3832 1935 3900 quod
1959 3833 2126 3898 dicit,

551 3923 780 3976 novum,
833 3914 1101 3968 veteravit
1142 3914 1275 3969 illud
1322 3916 1511 3986 prius;
1573 3919 1726 3988 quod
1757 3931 1940 3977 autem
1968 3935 2124 3981 vete-

554 4001 694 4056 ravit
727 4011 785 4059 et
847 4005 1182 4076 antiquatur,
1219 4025 1388 4078 prope
1425 4009 1708 4066 interitum
1761 4023 1865 4068 est.
1924 4016 2128 4074 Habuit

551 4093 773 4162 quidem
814 4105 870 4150 et
915 4097 1070 4167 prius
1127 4098 1260 4152 illud
1311 4101 1732 4170 justiﬁcationes
1787 4106 2035 4172 culturae,
2072 4119 2128 4164 et

549 4193 799 4241 sanctum
833 4189 1111 4244 saaculare.
1141 4190 1575 4248 Tabernaculum
1625 4196 1772 4250 enim
1806 4196 2008 4253 factum
2040 4211 2127 4256 est
2169 4225 2176 4230 ·

549 4277 807 4346 primum,
843 4281 897 4334 in
939 4297 1050 4352 quo
1079 4283 1469 4338 candelabrum
1495 4293 1551 4340 et
1589 4302 1794 4352 mensa,
1827 4298 1883 4344 et
1921 4307 2124 4362 prepo-

549 4367 679 4423 sitio
728 4385 950 4439 panum,
985 4387 1107 4442 qua
1147 4373 1352 4429 dicitur
1386 4384 1572 4431 sancta
1607 4395 1619 4430 :
1656 4389 1783 4448 post
1821 4384 2123 4439 secundum

545 4469 731 4516 autem
781 4462 1178 4528 velamentum,
1243 4465 1654 4522 tabernaculum
1723 4472 1871 4540 quod
1919 4473 2123 4531 dicitur

2237 3273 2343 3344 μὴν
2388 3274 2482 3328 καὶ
2516 3273 2709 3344 ράδδον
2755 3275 2887 3344 ήμίν
2917 3270 3169 3342 ὀνομάζει
3205 3271 3305 3340 τὴν
3345 3268 3581 3339 Ἀαρὼν,
3610 3269 3676 3338 ήν
3712 3267 3790 3320 καὶ

2232 3368 2291 3418 ὲν
2323 3367 2436 3428 τοῖς
2475 3365 2676 3433 ’Λγίοις
2715 3365 2822 3417 τῶν
2859 3363 3026 3432 ἁγίων
3067 3361 3453 3418 άποτεθείσθαί
3497 3377 3680 3430 φησιν,
3709 3361 3788 3412 in

2229 3455 2294 3529 δὴ
2327 3456 2422 3510 καὶ
2469 3455 2578 3510 τῶν
2626 3455 2788 3527 ίερῶν
2822 3454 3170 3526 Γραμμάτων
3200 3451 3476 3525 ἐντριϐὴς.
3513 3453 3610 3504 καὶ
3637 3452 3787 3516 ἐγνω-

2231 3547 2343 3611 κὼς
2370 3549 2451 3602 ὅτι
2483 3547 2718 3618 μάλιστά
2740 3563 2804 3614 γε
2836 3545 2906 3598 τὰ
2931 3545 3330 3614 τεθεσπισμένα
3376 3543 3519 3596 κατᾶ
3561 3544 3787 3612 καιροῂ.

2231 3641 2326 3696 καὶ
2361 3639 2438 3712 τῷ
2477 3639 2729 3711 μακαρίῳ
2756 3640 2927 3709 Μωσῇ
2957 3637 3411 3708 προστεταγμένα
3440 3635 3648 3688 θεόθεν.
3678 3629 3787 3687 Dida

2228 3732 2284 3786 δὲ
2307 3728 2472 3785 οὖσαν
2519 3731 2612 3784 καὶ
2663 3730 2944 3803 τράπεζαν
2990 3730 3083 3782 καὶ
3129 3729 3349 3797 λυχνίαν
3397 3729 3457 3780 ὲν
3506 3729 3572 3797 τῇ
3619 3724 3785 3797 πρώτη

2229 3827 2424 3896 σκηνῇ.
2457 3824 2664 3895 Γράφει
2712 3823 2768 3876 δὲ
2805 3820 2947 3874 οὕτω
2984 3821 3112 3892 περὶ
3158 3823 3278 3873 ταῖν
3323 3819 3470 3872 δυοῖν
3499 3817 3783 3886 διαθήκαιν,

2235 3914 2354 3967 ιἘν
2388 3914 2464 3984 τῷ
2491 3913 2673 3981 λέγειν
2697 3910 2911 3982 καινὴν,
2955 3910 3306 3964 πεπαλαίωκε
3333 3909 3431 3978 τὴν
3463 3907 3703 3979 πρώτην.
3723 3907 3784 3960 Th

2227 4005 2282 4058 δὲ
2321 4003 2714 4074 παλαιούμενον
2764 4003 2858 4054 καὶ
2906 3999 3205 4071 γηράσκον,
3258 4000 3428 4066 ἐγγὺς
3470 3995 3779 4066 ἀφανισμοῦ.

2228 4091 2355 4166 Εἶχε
2415 4096 2513 4164 μὲν
2559 4091 2652 4148 οὖν
2702 4094 2796 4147 καὶ
2837 4095 2870 4164 ή
2923 4091 3111 4164 πρώτη
3147 4088 3495 4162 δικαιώματα
3528 4089 3778 4160 λατρείας,

2225 4189 2286 4242 τό
2315 4205 2372 4240 τε
2397 4189 2548 4256 ἅγιον
2600 4185 2894 4256 κοσμικόν·
2936 4185 3108 4254 σκηνὴ
3152 4183 3261 4255 γὰρ
3312 4183 3715 4254 κατεσκευάσθη
3751 4185 3777 4253 ή

2227 4279 2438 4352 πρώτη,
2472 4283 2527 4333 ὲν
2624 4280 2658 4350 ἦ
2695 4296 2754 4331 τε
2777 4276 2969 4348 λυχνία
3003 4278 3097 4331 καὶ
3129 4277 3162 4347 ή
3191 4276 3459 4348 τράπεζα,
3487 4278 3581 4330 καὶ
3609 4276 3774 4346 ἠττρό-

2225 4375 2374 4437 θεσις
2421 4373 2527 4426 τῶν
2577 4373 2777 4446 ἄρτων,
2815 4372 2935 4442 ἥτις
2981 4369 3198 4438 λέγεται
3252 4368 3408 4437 ἁγία.
3456 4369 3613 4422 Μετὰ
3642 4367 3695 4420 δὲ
3725 4367 3775 4420 τδ

2223 4462 2474 4533 δεύτερον
2523 4460 2920 4529 καταπέτασμα
2969 4457 3170 4527 σκηνὴ,
3216 4459 3250 4528 ή
3291 4456 3562 4527 λεγομένη
3633 4455 3774 4522 Ἅγια

552 4549 749 4606 Sancta
781 4563 1115 4619 sanctorum,
1163 4571 1391 4611 aureum
1430 4557 1640 4614 habens
1680 4561 2024 4620 thuribulum
2063 4575 2122 4624 et

2230 4554 2413 4622 ἁγίων,
2439 4551 2674 4624 χρυσοῦν
2703 4551 2901 4621 ἔχουσα
2923 4549 3303 4620 θυμιατήριον,
3328 4549 3422 4602 καὶ
3441 4549 3546 4618 τὴν
3573 4546 3776 4600 κιϐωτὸν

549 4655 732 4695 arcam
760 4645 1090 4709 testamenti,
1124 4656 1430 4702 contectam
1469 4664 1536 4704 ex
1577 4653 1726 4706 omni
1762 4663 1916 4723 parte
1945 4673 2082 4714 auro
2105 4701 2119 4725 ,

548 4731 605 4786 in
635 4747 741 4801 qua
772 4749 910 4788 urna
938 4750 1102 4789 aurea
1147 4736 1354 4792 habens
1391 4753 1586 4795 manna
1607 4783 1621 4806 ,
1673 4751 1729 4798 et
1763 4745 1915 4816 virga
1940 4748 2121 4805 Aaron

545 4835 670 4890 qua:
709 4822 988 4887 ﬂoruerat,
1029 4831 1085 4879 et
1122 4825 1320 4882 tabula
1357 4833 1666 4886 testamenti
1703 4851 1716 4886 :
1748 4849 1912 4906 supra
1937 4849 2121 4895 autem

549 4911 722 4982 ipsam
755 4913 1057 5003 Cherpbim
1117 4917 1304 4988 gloria:
1357 4919 1744 4979 obumbrantia
1799 4909 2123 4999 propitiato—

547 5003 691 5058 rium
728 5007 798 5037 ³⁸⁵
827 5046 846 5071 ,
886 5026 903 5058 ι
937 5006 1007 5062 de
1029 5008 1236 5077 quibus
1269 5024 1378 5064 non
1409 5016 1496 5064 est
1523 5027 1670 5068 nunc
1702 5015 1995 5074 dicendum
2025 5037 2124 5092 per

546 5095 779 5166 singula.

620 5187 815 5242 PALL.
849 5188 977 5253 Sed,
1009 5190 1054 5245 si
1088 5190 1176 5246 cui
1215 5193 1483 5262 placuerit
1507 5195 1824 5267 diligentius
1850 5215 2118 5269 qumrere,

547 5278 856 5349 dixeritque
899 5297 1092 5337 causas
1127 5285 1282 5340 reddi
1341 5298 1602 5357 oportere
1670 5291 1840 5345 totius
1868 5303 2121 5351 constru-

548 5369 767 5433 ctionis,
794 5387 1038 5440 quaenam
1059 5390 1088 5427 a
1115 5376 1274 5431 nobis
1301 5378 1490 5434 aﬂ‘erri
1515 5381 1721 5450 poterit
1762 5383 1945 5436 ratio?

618 5459 774 5516 CYR.
798 5462 956 5529 Quia,
987 5465 1212 5531 Palladi,
1241 5469 1346 5524 alia
1377 5472 1599 5540 quidem
1624 5484 1752 5529 ante
1777 5475 2117 5532 tabernaculi

550 5553 1038 5618 constructionem,
1095 5557 1201 5634 alia
1237 5570 1360 5629 post
1403 5561 1520 5618 ﬁeri
1562 5565 1855 5634 przecepit;
1901 5583 2026 5622 nam
2065 5571 2118 5625 in

548 5642 754 5707 Exodo,
775 5651 1072 5714 antequam
1087 5627 1254 5700 ullum
1290 5650 1468 5705 adhuc
1488 5627 1711 5707 omnino
1735 5627 1904 5709 futuri
1941 5656 2120 5710 taber-

2224 4647 2322 4718 τῆς
2369 4645 2636 4716 διαθήκης
2685 4641 3238 4715 περικεκαλυμμένην
3273 4641 3540 4696 πάντοθεν
3572 4641 3775 4713 χρυσίῳ,

2223 4729 2341 4809 ὲν
2371 4737 2605 4806 στάμνος
2635 4735 2809 4806 χρυσῆ
2842 4733 3040 4804 ἔχουσα
3080 4731 3141 4784 τὸ
3173 4731 3367 4802 μάννα,
3403 4733 3500 4784 καὶ
3531 4734 3566 4802 ἡ
3608 4730 3775 4801 ῥάϐδος

2235 4829 2445 4902 Ἀαρὼν
2478 4831 2510 4900 ἠ
2547 4828 2913 4898 βλαστήσασα,
2947 4825 3042 4877 καὶ
3064 4823 3120 4878 αἱ
3152 4823 3357 4886 πλάκες
3385 4823 3488 4894 τῆς
3515 4822 3772 4894 διαθήκης.

2234 4922 2522 4994 ’Υπεράνω
2585 4921 2642 4974 δὲ
2696 4919 2867 4988 αὐτῆς
2927 4915 3208 4989 Χερουϐὶμ.
3272 4913 3432 4983 δόξης
3497 4915 3774 4968 κατασκιά-

2223 5017 2380 5081 ζοντα
2412 5013 2474 5066 τὸ
2513 5012 2846 5083 ἱλαστήριον,
2879 5028 2898 5061 ι
2931 5009 3061 5080 περὶ
3085 4999 3161 5060 ὧν
3197 5006 3297 5059 οὐκ
3335 5005 3453 5058 ἐστι
3486 5004 3582 5057 νῦν
3620 5004 3773 5072 λέγειν

2219 5104 2362 5158 κατὰ
2387 5103 2570 5174 μέρος.

2290 5195 2626 5265 ΠΔΛΛ.”Αρ“
2648 5190 2740 5248 οὖν
2777 5193 2830 5245 εἴ
2869 5209 2952 5257 τις
2973 5193 3146 5246 ἓλοιτο
3173 5194 3571 5262 φιλοπευστεῐν,
3599 5188 3770 5261 χρῆναί

2216 5298 2276 5346 τε
2300 5291 2450 5358 λέγοι
2480 5289 2576 5352 τὰς
2606 5288 2785 5350 αἰτίας
2817 5288 2992 5340 εἰπεῖν
3016 5285 3115 5354 τῆς
3153 5285 3279 5356 ὅλης
3305 5283 3668 5351 κατασκευῆς,
3699 5280 3768 5342 τίς

2220 5383 2286 5437 ἂν
2315 5381 2522 5450 γένοιτο
2547 5379 2681 5453 πρὸς
2704 5377 2862 5448 ἡμῶν
2890 5379 2920 5430 ό
2949 5376 3106 5444 λόγος
3131 5395 3146 5442 ;

2290 5476 2454 5529 ΚΥΡ.
2495 5474 2637 5536 Ὅτι,
2680 5466 2725 5524 ὦ
2773 5468 3058 5533 Παλλάδιε,
3101 5469 3170 5521 τὰ
3225 5469 3324 5539 μὲν
3349 5467 3453 5540 πρὸ
3487 5469 3584 5537 τῆς
3623 5481 3766 5518 κατα-

2223 5568 2423 5638 σκευῆς
2461 5565 2561 5634 τῆς
2604 5565 2766 5632 ἁγίας
2802 5565 3027 5633 σκηνῆς,
3056 5562 3124 5616 τά
3165 5561 3221 5615 δὲ
3269 5561 3409 5630 μετά
3449 5560 3605 5614 τοῦτο
3631 5555 3760 5627 γενέ·

2222 5659 2346 5712 σθαι
2397 5656 2785 5728 προστέταχεν.
2830 5653 2922 5708 Ἐν
2971 5653 3071 5727 μὲν
3117 5653 3316 5722 γάρτῇ
3364 5650 3560 5720 nam
3584 5646 3760 5701 καίτοι

624 5828 668 5859 ⁸⁵
698 5830 864 5886 Hebr.
910 5849 1001 5897 vn,
1038 5832 1130 5900 19;
1162 5849 1211 5898 χ,
1240 5835 1287 5888 -i.
1373 5837 1416 5866 "'
1450 5837 1628 5892 lPetr.
1657 5856 1713 5905 ιι,
1749 5841 1798 5894 9.
1877 5845 1942 5876 “'
1967 5845 2128 5901 llehr.

2230 5861 2280 5908 ιι,
2319 5843 2370 5909 9,
2414 5844 2511 5922 l3;
2555 5860 2632 5907 ιι,
2687 5841 2775 5894 1-3
