3982 6508
171 439 262 497 669

878 433 966 487 DE
1004 429 1445 487 ADORATIONE
1479 428 1545 483 IN
1587 426 1855 482 SPIRITU
1894 428 1984 483 ET
2022 428 2387 484 VERITATE.
2431 427 2557 482 LIB.
2594 426 2660 480 Χ.

3306 423 3411 481 670

174 554 288 625 πρὶν
316 549 444 613 ὅλως
474 548 596 610 τοὺς
626 546 756 618 περὶ
801 547 901 616 τῆς
938 546 1098 614 ἁγίας
1130 546 1334 616 σκηνῆς
1362 545 1593 615 ὀφθῆναι
1620 544 1715 597 τύ-

1843 548 2000 601 iaculi
2022 545 2300 615 exemplar
2325 554 2599 599 ostensum
2628 584 2641 606 ,
2701 552 2794 598 aut
2832 542 3035 612 aliquid
3068 540 3134 597 de
3168 558 3234 598 eo
3267 560 3412 613 prae-

173 659 314 704 πους,
336 640 426 693 καὶ
454 637 520 691 τὰ
562 639 648 690 ἐπ’
678 637 851 707 αὑτῆς
889 637 1143 706 γενέσθαι
1179 636 1597 709 προστάγματα,
1632 636 1722 689 τὸν

173 737 254 790 ἐπὶ
275 735 335 803 τῇ
375 731 545 801 χρυσῇ
579 729 803 800 στάμνῳ
832 728 1331 801 κατεχρησμῴδησε
1356 729 1536 798 λόγον,
1571 728 1725 793 εἰδὼς

173 827 225 879 τὸ
246 824 507 893 ἐσόμενον.
537 820 692 875 Μετὰ
715 820 771 873 δέ
796 838 859 888 γε
887 820 986 892 τὴν
1025 819 1186 890 πῆξιν
1215 822 1311 891 τῆς
1360 821 1489 890 ὅλης
1523 821 1725 891 σκηνῆς

174 921 225 970 ἐν
255 917 360 975 τοῖς
399 911 669 982 Ἀριθμοῖς
688 912 988 983 εὑρήσομεν
1021 913 1120 983 τήν
1159 911 1354 983 ῥάϐδον
1370 912 1469 981 τὴν
1501 910 1712 982 Ἀαρὼν

174 1010 244 1069 εἰς
263 1004 324 1057 τὰ
354 1004 516 1070 ’Λγια
558 1001 666 1053 τῶν
702 1001 872 1069 ἁγίων
905 1002 1416 1073 είσκεκομισμένην.
1458 1003 1547 1055 Ἐν
1572 1000 1726 1072 δέτῷ

172 1094 424 1164 Λευῖτικῷ
471 1093 992 1164 προσεπενομοθέτει
1059 1093 1191 1157 Θεὸς
1220 1095 1346 1165 περί
1380 1112 1440 1147 τε
1483 1093 1723 1163 λυχνίας,

174 1189 257 1243 καὶ
284 1185 383 1257 μὴν
416 1185 506 1237 καὶ
538 1184 815 1255 τραπέζης
851 1184 951 1253 τῆς
988 1185 1046 1237 ἐν
1073 1186 1137 1253 τῇ
1167 1182 1357 1255 πρώτῃ
1399 1186 1591 1255 σκηνῇ.
1623 1185 1729 1237 Νο-

176 1276 405 1349 μομαθὴς
434 1276 489 1327 δέ
535 1275 791 1344 ὑπάρχων
826 1276 853 1328 6
891 1271 1200 1341 σοφώτατος
1240 1272 1472 1337 Παῦλος,
1499 1273 1727 1344 παρίησι

177 1370 264 1442 μὲν
288 1368 417 1430 ὅλως
437 1366 543 1419 τῶν
578 1366 877 1434 γεγονότων
910 1364 1081 1427 οὐδὲν,
1111 1362 1475 1434 διαμέμνηται
1500 1363 1555 1416 δὲ
1580 1362 1728 1435 πρώ-

173 1477 270 1513 των
297 1475 355 1510 τε
380 1457 471 1510 καὶ
504 1456 685 1526 μέσων
715 1456 808 1508 καὶ
838 1454 1178 1507 τελευταίων.

234 1548 428 1602 ΠΔΛΛ.
470 1547 701 1616 "Aptata
730 1544 887 1615 ἔφης.
932 1543 1109 1615 Φράζε
1149 1543 1212 1610 δὴ
1244 1538 1337 1595 οὖν
1387 1542 1598 1595 ἕκαστα
1633 1559 1727 1596 σα-

176 1642 279 1710 φῶς
311 1639 402 1692 καὶ
435 1637 866 1707 διεσταλμένωςο
900 1637 1068 1709 βαθὺς
1115 1636 1223 1708 γάρ
1265 1652 1369 1689 που
1429 1634 1645 1697 πάντως
1699 1636 1727 1688 6

175 1733 251 1787 ἐπ’
274 1730 449 1792 αὑτοῖς
474 1731 593 1781 ἐστι
631 1730 809 1798 λόγος.

235 1823 386 1875 ΚΥΡ.
428 1821 560 1885 Ναὶ,
591 1820 766 1888 λέγεις
798 1820 992 1891 ὀρθῶς.
1014 1820 1165 1890 Ἔχει
1190 1818 1299 1889 γὰρ
1321 1811 1423 1872 ὧδε
1453 1818 1513 1871 τὸ
1542 1818 1728 1889 χρῆμα

175 1913 302 1968 κατά
331 1912 606 1983 ἀλήθειαν.
639 1912 944 1981 Ποιήσομαι
982 1910 1037 1963 δὲ
1088 1910 1195 1963 τῶν
1245 1910 1599 1980 διηγημάτων
1642 1910 1735 1961 καὶ

174 2004 262 2072 τὴν
300 2001 533 2071 στάμνον
576 2002 773 2071 ἀρχήν.
812 1998 999 2053 ’Υετοῦ
1033 2000 1131 2069 μέν
1178 1998 1307 2067 γοῦν
1351 2000 1508 2071 δίκην
1557 2000 1735 2053 καθίει

175 2095 291 2158 Θεὸς
318 2097 425 2157 τοῖς
477 2093 541 2159 ἐξ
583 2092 797 2163 Ἰσραὴλ
854 2092 913 2144 τὸ
961 2094 1136 2162 μάννα
1175 2092 1315 2145 κατὰ
1366 2092 1465 2163 τήν
1506 2092 1731 2163 ἔρημον⁸

173 2186 330 2258 τροφή
370 2185 476 2257 γὰρ
532 2184 690 2237 τοῦτο
736 2185 829 2238 καὶ
871 2184 1036 2254 ἄρτος
1086 2185 1269 2247 αὐτοῖς
1315 2183 1521 2237 ἄνωθεν
1548 2184 1639 2237 καὶ
1678 2182 1737 2249 ἐξ

174 2276 401 2349 οὐρανοῦ.
452 2277 596 2329 Ἀλλ’
627 2278 711 2330 ὅτι
744 2275 818 2348 μὴ
873 2275 1038 2346 μέχρι
1070 2275 1177 2328 τῶν
1216 2275 1488 2344 αἰσθητῶν
1508 2275 1570 2327 τὸ
1600 2273 1737 2346 δρώ-

177 2387 320 2441 μενον
361 2364 448 2438 ἦν·
487 2368 755 2438 ἀναφέρει
806 2366 915 2436 γάρ
962 2383 1020 2419 τε
1064 2364 1252 2437 ὥσπερ
1296 2365 1383 2418 διὰ
1422 2364 1595 2418 τύπου
1639 2365 1736 2417 καὶ⁹

176 2462 316 2524 σκιᾶς
342 2460 430 2512 ἐπὶ
460 2459 528 2513 τὸ
553 2462 747 2530 χρῆναι
785 2462 945 2523 νοεῖν,
971 2457 1050 2511 ὃτι
1098 2457 1364 2528 παρέσται
1410 2456 1548 2510 κατὰ
1618 2473 1739 2509 και-

175 2553 288 2624 ροὺς
314 2552 340 2603 6
376 2550 585 2604 ἄνωθεν
628 2552 759 2622 ἡμῖν
791 2551 884 2603 καὶ
911 2551 975 2602 ἐκ
1002 2549 1215 2620 Πατρὸς
1251 2548 1444 2618 Λόγος,
1469 2548 1545 2611 ὡς
1576 2547 1738 2619 ἄρτος

174 2644 227 2709 ἐξ
256 2643 505 2715 οὐρανοῦ,
550 2644 624 2706 ὡς
670 2644 761 2696 καὶ
804 2646 831 2696 6
880 2642 1022 2707 θεῖος
1068 2645 1200 2713 ἡμῖν
1250 2642 1413 2694 Δαὸὶδ
1454 2641 1741 2710 ὑποφαίνει

173 2736 355 2806 λέγων·
394 2756 411 2787 ι
436 2738 640 2807 ’Λρτον
687 2734 917 2806 οὑρανοῦ
964 2735 1165 2788 ἔδωκεν
1215 2735 1416 2796 αὐτοῖς,
1451 2734 1614 2804 ἄρτον
1645 2733 1742 2800 άγ·

175 2828 332 2896 γέλων
381 2826 588 2895 ἔφαγεν
632 2826 935 2895 ἄνθρωπος.
960 2844 979 2878 ι
1025 2827 1134 2879 Καὶ
1170 2823 1286 2878 οὔτι
1326 2823 1430 2878 πού
1480 2841 1657 2894 φαμεν
1683 2823 1743 2876 τὸ

181 2920 340 2989 μάννα
391 2919 451 2971 τὸ
493 2916 756 2988 αἰσθητὸν
801 2918 962 2988 ἄρτον
992 2914 1130 2970 εἶναι
1149 2916 1240 2969 τὸν
1268 2916 1324 2983 ἐξ
1367 2916 1597 2987 οὐρανοῦ
1650 2916 1743 2969 καὶ

180 3011 428 3080 ἀγγέλων.
458 3011 736 3082 Τρέφεται
778 3008 878 3079 μὲν
933 3008 1043 3079 γὰρ
1092 3009 1154 3061 τὸ
1188 3007 1405 3079 πνεῦμα
1446 3023 1743 3077 πνευματιο

179 3099 296 3163 κῶς,
359 3100 520 3170 σῶμα
570 3098 629 3151 δὲ
681 3093 747 3151 αὖ
800 3098 918 3151 κατ’
955 3098 1093 3153 ιδίαν
1148 3097 1333 3167 φύσιν,
1391 3096 1539 3150 τοῦτ’
1603 3096 1741 3161 ἐστι,

1826 647 2044 707 ceptum
2093 645 2239 692 esset
2270 676 2284 700 ,
2321 650 2641 704 responsum
2681 632 2747 688 de
2805 649 2971 687 aurea
3005 649 3141 687 urna
3161 635 3201 665 "
3235 634 3410 701 dedit,

1826 745 1949 783 cum
2024 729 2190 783 sciret
2265 728 2411 797 quod
2490 727 2737 781 futurum
2807 733 2957 790 erat;
3028 734 3213 794 postea
3277 742 3409 781 vero

1826 836 1990 890 quam
2034 828 2208 873 totum
2246 818 2659 873 tabernaculum
2709 817 2875 870 ﬁxum
2908 824 2991 871 est
3018 857 3031 879 ,
3067 817 3123 870 in
3154 816 3409 872 Numeri:

1827 913 2038 982 virgam
2064 912 2245 965 Aaron
2276 911 2620 965 inveniemus
2651 910 2817 964 fuisse
2862 909 2917 962 in
2963 909 3159 963 Sancta
3193 919 3411 963 sancto-

1828 1021 1949 1059 rum
1979 1005 2181 1059 illatam
2206 1005 2276 1069 '3;
2301 1004 2395 1058 sed
2429 1004 2483 1056 in
2516 1002 2760 1056 Levitico
2789 1003 3013 1071 insuper
3036 1002 3303 1055 sancitum
3325 1008 3411 1054 est

1828 1104 1943 1149 tum
1970 1096 2037 1149 de
2067 1095 2430 1157 candelabro,
2455 1101 2570 1147 tum
2607 1094 2770 1147 etiam
2800 1093 2865 1146 de
2887 1108 3075 1147 mensa
3107 1094 3174 1159 ”,
3207 1110 3328 1162 quae
3356 1094 3410 1147 in

1827 1187 2005 1256 primo
2036 1187 2388 1241 tabernaculo
2420 1186 2593 1256 posita
2615 1194 2751 1239 erat.
2794 1185 2955 1255 339
2976 1186 3176 1240 Paulus
3205 1196 3410 1249 autem,

1818 1279 1912 1351 tvir
1953 1277 2419 1348 sapientissimus,
2465 1292 2589 1331 cum
2642 1276 2778 1346 legis
2816 1276 3025 1343 peritus
3052 1283 3217 1338 esset,
3274 1274 3414 1331 nihil

1827 1384 2053 1441 prorsus
2104 1384 2171 1425 ex
2221 1369 2290 1423 iis
2347 1384 2468 1438 quae
2521 1367 2663 1423 facta
2738 1376 2866 1421 sunt
2916 1366 3263 1435 prmlermisit
3318 1365 3413 1419 sed

1829 1463 2025 1532 prima,
2050 1461 2228 1514 media
2252 1468 2306 1515 et
2342 1469 2587 1515 extrema
2617 1459 3084 1513 commemoravit.

1899 1552 2094 1608 PALL.
2131 1551 2346 1622 Optime
2377 1567 2507 1606 sane
2532 1558 2615 1605 est
2646 1560 2755 1619 a,te
2796 1550 3027 1605 dictum.
3058 1549 3285 1618 Explica
3316 1548 3417 1619 igi-

1833 1654 1923 1699 tur
1963 1643 2177 1714 singula
2204 1644 2444 1698 dilucide
2472 1659 2535 1697 ac
2563 1643 2809 1696 breviter
2846 1659 2858 1695 ε
2894 1642 3117 1696 abditus
3151 1641 3297 1695 enim
3331 1648 3417 1694 est

1831 1751 2012 1790 sermo
2044 1776 2057 1798 ,
2091 1734 2145 1788 in
2167 1749 2274 1804 quo
2304 1733 2371 1788 de
2402 1734 2470 1787 iis
2500 1732 2666 1787 rebus
2697 1731 2895 1802 agitur.

1902 1825 2058 1881 CVR.
2091 1827 2257 1880 Recte
2288 1824 2444 1879 dicis.
2471 1824 2561 1879 Sic
2587 1824 2733 1878 enim
2771 1840 2960 1878 revera
2997 1839 3054 1877 se
3097 1838 3185 1875 res
3227 1821 3417 1876 habet.

1836 1915 2021 1984 Itaque
2055 1914 2124 1968 ab
2148 1914 2261 1982 ipsa
2286 1913 2523 1982 primum
2560 1927 2695 1966 urna
2722 1910 2982 1964 narrandi
3017 1909 3302 1964 exordium
3342 1907 3419 1962 fa-

1836 2006 1996 2061 ciam.
2030 2005 2228 2059 lmbris
2254 2004 2419 2074 igitur
2448 2004 2620 2057 instar
2654 2002 2874 2057 demisit
2914 2003 3058 2056 Deus
3095 2001 3223 2055 ﬁliis
3250 1999 3419 2054 Israel

1835 2111 2034 2150 manna
2086 2111 2186 2164 per
2231 2095 2538 2158 desertum;
2570 2093 2617 2145 is
2649 2094 2794 2145 enim
2827 2093 2985 2147 cibus
3027 2108 3089 2146 ac
3122 2091 3276 2160 panis
3310 2089 3420 2144 illis

1836 2195 1953 2242 erat
1980 2201 2215 2256 superne
2246 2195 2408 2255 atque
2436 2186 2502 2239 de
2535 2186 2674 2239 cmlo
2700 2185 2882 2239 datus.
2936 2184 3067 2238 Eam
3095 2199 3259 2253 porro
3302 2197 3421 2235 rem

1838 2289 2040 2350 gestam
2067 2294 2176 2333 non
2200 2293 2370 2347 usque
2392 2278 2457 2330 ad
2474 2276 2755 2330 sensibilia
2791 2276 2881 2329 illa
2904 2291 3026 2329 esse
3048 2287 3419 2344 progressam,

1839 2371 2023 2439 ibique
2052 2368 2362 2424 constitisse
2381 2410 2394 2427 ,
2427 2366 2522 2420 sed
2548 2382 2644 2436 per
2668 2365 2813 2419 illam
2842 2365 3067 2435 ﬁguram
3092 2374 3146 2418 et
3171 2363 3421 2417 umbram

1813 2475 1906 2515 .eo
1942 2459 2264 2529 perducere,
2294 2467 2353 2511 ut
2385 2457 2791 2527 intelligeretur
2820 2456 2939 2509 fore
2967 2497 2979 2520 ,
3026 2464 3082 2509 ut
3122 2470 3423 2524 supernum

1841 2554 1973 2609 illud
2024 2562 2079 2607 et
2124 2567 2190 2606 ex
2240 2552 2400 2605 Patre
2444 2550 2684 2605 Verbum
2723 2558 2980 2618 tanquam
3030 2548 3187 2617 panis
3224 2565 3253 2603 e
3284 2548 3425 2603 caelo

1841 2647 1907 2702 ad
1944 2662 2045 2700 nos
2096 2645 2314 2699 tandem
2354 2642 2672 2707 adveniret,
2706 2642 2926 2695 divinus
2948 2656 3166 2711 quoque
3201 2640 3285 2693 vir
3323 2640 3426 2693 Da-

1840 2740 1933 2795 vid
1963 2739 2123 2792 nobis
2162 2736 2387 2799 indicat,
2414 2735 2604 2789 dicens
2637 2752 2650 2788 :
2690 2754 2706 2784 ι
2740 2735 2940 2788 Panem
2978 2733 3099 2787 coeli
3125 2731 3278 2785 dedit
3299 2731 3379 2785 eis
3409 2747 3423 2784 :

1840 2847 2035 2903 panem
2058 2830 2368 2900 angelorum
2395 2826 2923 2880 manducavitbomo
2946 2824 3042 2878 ⁸ο.»
3079 2823 3265 2893 Neque
3293 2835 3427 2877 vero

1842 2919 2176 2974 censendum
2201 2925 2303 2981 est,
2332 2931 2526 2969 manna
2557 2914 2689 2968 illud
2722 2913 2979 2969 sensibile
3021 2928 3217 2982 panem
3271 2911 3425 2963 illum

1844 3012 1910 3066 de
1935 3011 2074 3065 caelo
2116 3016 2171 3063 et
2203 3008 2519 3078 angelorum
2563 3020 2721 3059 esse:
2763 3019 2888 3057 nam
2925 3002 3151 3072 spiritus
3203 3000 3427 3070 quidem

1845 3100 2224 3171 spiritualiter,
2261 3112 2460 3167 corpus
2480 3104 2664 3149 autem
2698 3093 3099 3148 convenienter
3122 3106 3235 3145 suae
3260 3099 3426 3145 natu-

182 3190 507 3260 σωματικῶς.
548 3187 736 3260 Τροφὴ
787 3188 844 3242 δέ
876 3189 1121 3258 ἀγγέλων
1148 3189 1243 3242 καὶ
1274 3188 1438 3262 ἄρτος
1464 3190 1492 3241 6
1519 3187 1740 3259 πρέπων

1847 3210 1940 3259 rae,
1977 3193 2035 3245 id
2051 3199 2153 3256 est,
2187 3188 2542 3259 corporaliter
2558 3186 2800 3257 pascitur
2827 3203 2838 3238 :
2867 3185 3025 3239 cibus
3054 3191 3236 3237 autem
3261 3198 3429 3253 ange-

180 3281 408 3350 οὐρανοίς
433 3279 529 3332 καὶ
558 3282 671 3343 τοῖς
706 3278 817 3332 ἄνω
843 3280 1169 3349 πνεύμασιν,
1205 3282 1233 3333 6
1262 3281 1325 3332 ἐκ
1350 3278 1484 3332 Θεοῦ
1533 3278 1745 3350 Πατρὸς

180 3374 352 3439 Λόγος.
386 3373 456 3426 Τὸ
503 3372 682 3443 μάννα
714 3372 778 3442 δὴ
823 3367 915 3425 οὖν
958 3372 1146 3443 ἐδήλου
1180 3372 1433 3443 Χριστόν.
1472 3371 1640 3425 Οὐδὲν
1677 3372 1737 3425 δὲ

180 3466 380 3527 ὁτὺπος
418 3464 477 3517 τὸ
520 3463 770 3530 ὠφελοῦν
804 3463 939 3534 ἔχει,
970 3464 1044 3535 μὴ
1065 3463 1165 3533 τῆς
1182 3463 1437 3534 ἀληθείας
1465 3462 1733 3531 είσδεδεγ-

183 3556 353 3627 μένης.
388 3555 521 3609 me
548 3554 659 3626 γὰρ
688 3554 845 3609 τοῦτο
889 3555 1129 3626 ἐκείνης,
1154 3555 1214 3607 οὐ
1244 3554 1311 3607 δι’
1349 3552 1511 3608 ἐαυτδ
1542 3554 1745 3624 κυρίως

181 3647 404 3718 γεγονὸς,
444 3648 562 3701 ἀλλ’
596 3650 683 3702 ἶνα
713 3668 764 3702 τι
804 3649 911 3702 τῶν
955 3649 1258 3719 ἀμεινόνων
1305 3648 1389 3717 ἐφ’
1419 3646 1597 3717 ἐαυτῷ
1644 3646 1747 3711 ζω-

180 3744 371 3810 γραφῇ.
406 3741 505 3794 Διὰ
533 3739 693 3794 τοῦτο
722 3740 951 3811 Χριστὸς
982 3742 1095 3803 τοῖς
1138 3738 1405 3793 Ἰουδαίων
1432 3739 1626 3810 δήμοις
1655 3754 1744 3791 σου

182 3830 276 3899 φὴν
304 3833 539 3884 ἐποιεῖτο
570 3831 668 3903 τὴν
697 3831 1008 3900 ἐπίπληξιν,
1036 3832 1115 3885 ὅτι
1148 3831 1222 3903 μὴ
1261 3831 1459 3903 μᾶλλον
1483 3830 1643 3884 αὑτὸν
1672 3829 1747 3893 ὼς

182 3921 445 3992 ἀλήθειαν,
490 3922 631 3976 ἀλλὰ
670 3923 871 3977 Μωσέα
903 3923 1265 3994 θαυμάζουσι,
1299 3923 1408 3977 τῶν
1431 3923 1616 3977 τύπων
1649 3923 1742 3976 τὸν

182 4015 458 4085 ὑπουργόν.
497 4016 645 4085 Ἔφη
686 4014 794 4086 γὰρ
840 4014 1034 4082 οὕτως,
1099 4017 1349 4087 (Ἀμὴν,
1400 4015 1548 4087 ἀμὴν
1605 4014 1750 4083 λέγω

184 4108 321 4177 ὑμῖν,
366 4109 576 4179 Μωσῆς
622 4110 751 4177 ὑμῖν
804 4108 1005 4162 δέδωκε
1053 4108 1116 4161 τὸ
1152 4109 1327 4179 μάννα
1352 4125 1366 4140 ·
1396 4109 1424 4161 6
1447 4108 1556 4177 γὰρ
1586 4109 1749 4179 ἄρτος

183 4200 266 4253 τοῦ
300 4200 430 4253 Θεοῦ
472 4203 622 4254 ἐστιν
646 4202 674 4254 6
702 4203 766 4254 ἐκ
803 4200 897 4253 τοῦ
928 4201 1160 4272 οὐρανοῦ
1194 4200 1457 4266 καταϐὰς,
1486 4203 1579 4255 καὶ
1606 4200 1750 4272 ζωὴν

181 4290 339 4355 διδοὺς
371 4290 446 4362 τῷ
476 4291 689 4361 κόσμῳ.
732 4291 872 4360 Ἐγώ
894 4293 1008 4361 είμι
1040 4292 1068 4343 6
1096 4291 1259 4361 ἄρτος
1292 4294 1320 4345 6
1343 4290 1472 4355 ζῶν.
1498 4312 1516 4343 ι
1554 4292 1751 4344 Εἰκόνα

182 4381 240 4450 ἴλη
268 4377 355 4434 οὖν
380 4383 440 4436 τὸ
476 4384 653 4454 μάννα
690 4381 856 4445 τιθεὶς
904 4381 998 4434 τοῦ
1030 4381 1233 4435 ἄνωθεν
1273 4382 1369 4435 καὶ
1397 4382 1456 4447 ἐξ
1516 4382 1750 4453 οὐρανοῦ

182 4476 669 4545 καταφοιτήσαντος
706 4474 905 4541 Λόγου,
939 4477 1007 4527 τά
1054 4474 1144 4526 ἐπί
1192 4490 1254 4541 γε
1296 4476 1362 4545 τῇ
1415 4473 1636 4545 στάμνῳ
1658 4492 1750 4527 κε-

1844 3285 2020 3338 lorum
2053 3291 2108 3337 et
2139 3281 2315 3351 panis,
2345 3279 2437 3349 qui
2462 3278 2616 3332 caelis
2649 3276 2973 3346 superisque
2999 3274 3283 3344 spiritibus
3300 3288 3429 3326 con-

1843 3378 2046 3441 veniat,
2085 3374 2217 3429 illud
2270 3374 2367 3428 Dei
2401 3372 2581 3427 Patris
2615 3378 2699 3425 est
2723 3369 2980 3425 Verbum.
3018 3368 3213 3421 Manna
3258 3366 3429 3436 igitur

1842 3471 2123 3526 Christum
2154 3465 2516 3537 signiﬁcabat.
2544 3462 2649 3518 Sed
2676 3462 2847 3533 ﬁgura
2883 3460 3018 3514 nihil
3053 3459 3305 3513 utilitatis
3345 3457 3429 3512 af-

1843 3564 1969 3627 fert,
2004 3561 2109 3615 nisi
2163 3557 2363 3613 veritas
2403 3555 2774 3611 demonstrata
2819 3552 3018 3618 fuerit;
3050 3566 3136 3605 res
3165 3550 3312 3605 enim
3339 3548 3429 3605 illa

1844 3656 2040 3712 umbra
2073 3652 2237 3722 hujus
2265 3658 2349 3704 est
2375 3690 2389 3713 ,
2421 3662 2600 3717 neque
2644 3652 2952 3717 propterse
3002 3644 3172 3713 ipsam
3207 3640 3430 3712 proprie

1844 3756 1993 3820 gesta
2024 3753 2139 3810 est,
2183 3742 2277 3799 sed
2332 3749 2395 3796 ut
2424 3740 2478 3794 in
2524 3755 2582 3794 se
2607 3737 2815 3808 aliquid
2853 3737 3204 3808 prmstantius
3244 3733 3430 3804 expri-

1845 3847 2047 3903 meret;
2089 3836 2158 3890 ob
2184 3849 2413 3903 eamque
2439 3847 2661 3886 causam
2692 3829 2945 3885 Christus
2983 3828 3295 3883 Judaaorum
3326 3840 3429 3895 po-

1844 3932 2003 4002 pulos
2035 3928 2311 3999 sapientcr
2340 3924 2681 3992 increpavit,
2733 3921 2826 3991 qui
2878 3936 2985 3974 non
3028 3933 3085 3973 se
3112 3919 3329 3989 potius,
3370 3924 3429 3969 ut

1846 4022 2158 4093 quiveritas
2179 4025 2361 4082 esset,
2389 4016 2486 4071 sed
2520 4015 2764 4086 Moysen,
2792 4012 2884 4082 qui
2917 4012 3216 4081 ﬁgurarum
3251 4008 3429 4062 admi-

1847 4114 2021 4168 nister
2087 4110 2311 4171 fuisset,
2362 4105 2784 4160 admirarentur.
2865 4102 2955 4157 Sic
3011 4101 3157 4156 enim
3233 4098 3425 4153 dixit:

1857 4222 1876 4255 ι
1903 4202 2097 4265 Amen,
2122 4213 2280 4252 amen
2318 4196 2441 4250 dico
2464 4193 2620 4247 vobis
2647 4210 2659 4245 :
2702 4193 2820 4246 Non
2845 4191 3055 4262 Moyses
3092 4188 3248 4244 vobis
3279 4187 3431 4242 dedit
3503 4195 3508 4201 '

1850 4307 2047 4348 manna
2082 4308 2095 4344 :
2123 4305 2249 4343 nam
2278 4286 2435 4357 panis
2460 4284 2555 4338 Dei
2574 4292 2657 4337 est
2685 4282 2774 4336 ille
2818 4280 2911 4351 qui
2937 4280 3004 4334 de
3038 4279 3175 4334 caelo
3200 4277 3429 4332 descen—

1851 4385 1950 4449 dit,
1974 4391 2028 4438 et
2055 4382 2147 4436 dat
2166 4380 2333 4435 vitam
2362 4376 2589 4430 mundo.
2631 4374 2744 4443 Ego
2782 4388 2901 4427 sum
2931 4371 3089 4441 panis
3122 4370 3281 4424 vivus
3304 4369 3366 4421 “.
3404 4387 3421 4418 ι

1851 4476 1988 4532 Cum
2017 4475 2182 4545 igitur
2204 4472 2259 4525 in
2298 4482 2494 4522 manna
2520 4465 2811 4535 imaginem
2838 4461 3211 4533 pr0posuisset
3238 4459 3428 4525 Verbi,

185 4565 532 4635 χρησμῴδηκε
602 4564 767 4628 Θεός.¹
798 4563 1112 4635 Γέγραπται
1141 4564 1199 4617 δέ
1242 4562 1438 4627 οὕτως·
1483 4584 1501 4615 ί
1528 4560 1661 4617 Eine
1694 4563 1740 4617 δὲ

1854 4567 2000 4639 quod
2023 4579 2259 4634 superne
2282 4570 2336 4618 et
2360 4560 2426 4615 de
2446 4559 2584 4615 coelo
2615 4557 2923 4621 descendit,
2953 4565 3066 4609 tum
3097 4554 3334 4624 denique
3364 4552 3431 4606 de

182 4655 370 4727 Μωσῆς
391 4674 406 4688 ’
439 4656 611 4709 Τοῦτο
641 4656 702 4709 τὸ
729 4655 902 4727 ῥῆμα,
941 4655 969 4708 ὂ
1015 4654 1271 4719 συνέταξε
1319 4655 1544 4727 Κύριος,
1604 4656 1751 4727 Πλή-

186 4761 303 4797 σατε
342 4746 402 4797 τὸ
454 4744 629 4816 γομδρ
691 4744 785 4799 τοῦ
831 4747 1028 4816 μάννα,
1074 4746 1156 4809 είς
1197 4745 1483 4817 ἀποθήκην
1521 4747 1601 4809 είς
1651 4745 1786 4808 τὰς.

183 4834 362 4901 γενεὰς
391 4835 570 4906 ὑμῶν,
604 4835 691 4888 ἵνα
730 4835 880 4888 ἴδωσι
906 4835 997 4889 τὸν
1026 4836 1210 4907 ἄρτον,
1233 4836 1292 4889 ὃν
1327 4838 1559 4905 ἐφάγετε
1590 4837 1752 4906 ὑμεῖς

183 4922 236 4975 ἐν
266 4926 327 4994 τῇ
357 4926 571 4995 ἐρήμῳ,
602 4926 679 4985 ὡς
712 4924 979 4995 ἐξήγαγεν
1012 4926 1157 4995 ὑμᾶς
1197 4925 1401 4997 Κύριος
1442 4927 1505 4980 ἐκ
1530 4927 1634 4997 γῆς
1658 4928 1752 4981 Δί-

183 5014 398 5083 γὺπτου.
423 5018 533 5069 Καὶ
561 5011 681 5068 εἶπε
702 5016 909 5084 Μωσῆς
968 5017 1105 5087 πρὸς
1152 5016 1389 5088 Ἀαρών⁸
1424 5018 1571 5072 Λάϐε
1625 5018 1754 5071 στά-

190 5122 314 5175 μνον
362 5107 600 5178 χρυσοῦν
634 5108 752 5172 Eva,
792 5108 886 5162 καὶ
919 5107 1120 5179 ἔμϐαλε
1156 5111 1235 5172 είς
1260 5109 1420 5164 αὑτὸν
1459 5110 1667 5182 πλῆρες
1689 5110 1752 5165 τδ

185 5195 350 5267 γομὸρ
377 5197 472 5251 τοῦ
515 5198 712 5267 μάννα,
754 5198 849 5252 καὶ
886 5199 1182 5271 ἀποθήσεις
1220 5200 1352 5254 αὐτὸ
1389 5200 1629 5255 ἐναντίον
1654 5201 1750 5255 τοῦ

184 5286 329 5354 Θεοῦ,
358 5290 434 5351 είς
462 5289 785 5362 διατήρησιν
816 5291 895 5353 είς
925 5289 1024 5354 τὰς
1043 5290 1239 5357 γενεὰς
1259 5291 1434 5362 ὑμῶν,
1466 5292 1526 5346 ὃν
1551 5292 1752 5363 τρόπον

186 5380 433 5445 συνέταξε
486 5381 688 5453 Κύριος
745 5382 824 5453 τῷ
868 5384 1062 5455 Μωσῇ.
1111 5384 1219 5437 Καὶ
1270 5385 1503 5439 ἀπέθετο
1540 5384 1751 5456 Ἀαρὼν

185 5469 352 5525 ἐναντι
381 5472 474 5526 τοῦ
503 5475 826 5547 μαρτυρίου,
862 5477 942 5541 είς
972 5475 1310 5548 διατήρησιν.
1340 5496 1360 5529 ι
1393 5479 1603 5550 Ὠσπερ
1641 5479 1748 5549 γὰρ

187 5563 431 5636 ἐλέγομεν
461 5568 543 5620 ὃτι
574 5568 661 5621 τὸν
692 5569 833 5622 θεῖον
866 5569 1063 5641 ἔχουσα
1128 5570 1285 5639 λόγον
1312 5572 1344 5642 ἡ
1375 5572 1605 5636 κιϐωτὸς
1650 5573 1750 5625 ὑπ-

188 5654 368 5727 εδήλου
398 5659 490 5711 τὸν
533 5660 910 5731 Ἐμμανουήλο
955 5660 1089 5714 Θεοῦ
1132 5661 1241 5731 γάρ
1276 5658 1345 5733 ἦν
1385 5664 1555 5732 Λόγος
1586 5662 1660 5726 ὡς
1692 5664 1751 5717 ἐν

252 5767 292 5797 ⁵⁷
332 5769 503 5823 Exod.
560 5788 663 5835 xvr,
708 5772 795 5826 53.

301 5773 503 5848 ‘Exod.
560 5773 818 5848 xvr,__53_._
874 5773 920 5805 ⁸⁸
962 5774 1121 5830 Num.
1183 5792 1310 5839 xvu,
1360 5776 1479 5833 5-5.

196 5836 237 5859 "
276 5837 446 5894 Exod.
511 5857 623 5907 xw,
656 5842 847 5898 59-34.

1558 5776 1602 5808 ⁸³
1644 5776 1817 5833 Levit.
1855 5792 2007 5840 XXIV,
2068 5777 2120 5828 4.
2198 5774 2240 5805 ⁸ο
2282 5772 2423 5826 Psal.
2461 5785 2659 5831 LXXVII,
2693 5768 2781 5822 ‘25.

1852 4675 1986 4715 urna
2020 4654 2279 4728 przecepit
2304 4654 2467 4708 Deus.
2500 4651 2591 4707 Sic
2623 4660 2808 4705 autem
2838 4650 3104 4719 scriptum
3121 4657 3257 4703 CSlZC
3286 4644 3432 4701 Dixit

1852 4760 2033 4807 autem
2060 4749 2269 4819 Moyses
2308 4764 2320 4799 :
2358 4745 2472 4799 Hoc
2509 4753 2594 4799 est
2646 4743 2911 4806 verbum,
2951 4739 3097 4811 quod
3148 4737 3433 4794 constituit

1851 4843 2117 4899 Dominus
2145 4856 2158 4892 :
2188 4838 2413 4908 Implete
2432 4851 2621 4907 gomor
2642 4851 2709 4889 ex
2732 4849 2930 4888 manna
2954 4832 3020 4887 ad
3054 4829 3432 4900 reponendum

1852 4937 1908 4991 in
1938 4931 2227 5005 progenies
2257 4938 2502 4993 vestras,
2537 4936 2592 4982 ut
2634 4927 2855 4980 videant
2879 4938 3100 4994 panem,
3142 4935 3305 4990 quem
3339 4934 3434 4973 co-

1849 5024 2132 5082 mederitis
2180 5022 2235 5076 in
2278 5022 2529 5083 deserto,
2575 5027 2930 5089 posteaquam
2992 5011 3180 5068 eduxit
3218 5025 3315 5064 vos
3365 5007 3434 5064 de

1848 5120 2097 5189 Egypto.
2116 5117 2187 5171 Et
2209 5114 2346 5169 dixit
2367 5113 2575 5185 Moyses
2600 5110 2666 5164 ad
2691 5111 2869 5163 Aaron
2892 5124 2903 5159 :
2929 5104 3127 5173 Accipe
3146 5117 3242 5156 vas
3261 5110 3431 5154 unum

1847 5224 2101 5273 aureum,
2124 5211 2192 5261 'et
2222 5205 2375 5259 mitte
2402 5203 2458 5257 in
2484 5200 2618 5256 illud
2652 5200 2874 5270 plenum
2901 5210 3091 5267 gomor
3116 5207 3347 5255 mannze,
3377 5196 3432 5245 et

1850 5316 2083 5371 repones
2111 5296 2245 5353 illud
2275 5311 2461 5350 coram
2494 5291 2746 5354 Domino,
2778 5298 2839 5343 ut
2874 5294 3124 5341 servetur
3152 5283 3205 5338 in
3236 5297 3434 5352 proge-

1846 5394 1967 5449 nies
1996 5398 2231 5454 vestras,
2268 5396 2327 5442 ut
2348 5384 2606 5457 prmeepit
2636 5380 2899 5436 Dominus
2929 5377 3116 5448 Moysi.
3146 5374 3307 5445 313.0
3354 5372 3424 5427 Et

1854 5482 2101 5553 reposuit
2124 5480 2304 5535 Aaron
2328 5487 2451 5532 ante
2480 5470 2879 5536 testimonium,
2905 5475 3292 5523 utservaretur
3314 5465 3377 5518 θ’.
3404 5484 3420 5516 ι

1855 5570 2094 5627 Utcnim
2128 5567 2477 5629 dicebamus,
2525 5577 2741 5625 arcam,
2778 5558 2925 5630 quod
2966 5557 3074 5613 Dci'
3121 5570 3426 5611 sermonem

1859 5661 2201 5723 contineret,
2236 5656 2566 5728 signiﬁcasse
2594 5653 2746 5707 illum
2789 5650 3145 5705 Emmanuel:
3175 5663 3297 5702 nam
3331 5646 3424 5702 Dei

2862 5767 2900 5798 ⁶¹
2929 5766 3083 5821 Joan.
3136 5780 3209 5820 vi.
3241 5760 3308 5814 5-3
