4140 6574
526 445 626 503 6³ιῖ
1513 441 1567 497 S.
1613 439 1886 497 CYRILLI
1926 439 2405 498 ALEXANDRINI
2446 440 2768 496 ARCHIEP.
3676 446 3781 502 672

529 557 766 614 Verbum
813 563 930 611 erat
963 564 1217 625 tanquam
1275 552 1331 607 in
1359 568 1514 607 sacro
1545 554 1766 623 templo,
1801 554 1855 609 in
1882 569 1970 618 eo,
2012 554 2097 609 in-
2132 562 2145 615 Δ

2244 553 2342 624 τὶιρ
2367 552 2501 622 ναῷ,
2539 553 2617 623 τῷ
2658 554 2722 606 tu:
2744 553 3019 622 Παρθένου
3056 552 3196 624 φημί
3217 570 3229 583 ·
3254 554 3343 608 τὸν
3363 553 3528 609 αὑτὸν
3563 554 3628 627 δὴ
3661 558 3785 627 τρό-

530 664 715 720 quam,
736 648 881 719 quod
921 664 988 702 ex
1032 646 1250 716 Virgine
1277 654 1620 716 sumpserat:
1657 646 1737 701 sic
1764 662 1933 703 aurea
1976 661 2114 700 urna

2244 662 2317 700 εον
2347 646 2440 699 καὶ
2462 646 2494 715 ἡ
2529 647 2762 715 στάμνος
2789 647 2922 715 ἡμῖν
2946 646 2978 716 ἡ
3012 647 3206 718 χρυσῆ,
3229 648 3289 701 τὸ
3310 649 3483 718 μάννα
3507 647 3570 701 τὸ
3597 649 3785 719 αίσθη⁴

532 754 654 808 qua:
686 752 883 793 manna
918 736 1177 790 sensibile
1198 736 1538 801 continebat,
1565 736 1702 791 illud
1730 753 2032 807 supernum
2052 752 2116 791 ac

2244 737 2304 791 ὺν
2351 735 2639 800 ὠδίνουσα,
2691 736 2782 790 τὸν
2827 736 3034 792 ἀνωθεν
3091 739 3185 793 καὶ
3222 737 3481 803 (mm
3530 740 3786 811 ἐμφαίνει

533 827 815 882 viviﬁcans
844 826 1082 881 Verbum
1110 824 1335 890 indicat,
1354 826 1615 881 nimirum
1650 828 1784 883 illud
1825 844 1894 884 ex
1924 828 2114 893 Patre,

2244 828 2411 896 λόγον,
2434 827 2592 898 δῆλον
2625 826 2680 880 δὲ
2706 827 2789 881 ὅτι
2835 828 2925 882 τὸν
2966 829 3031 883 ὲκ
3070 828 3305 901 Πατρὺς,
3343 829 3419 894 ὡς
3445 832 3502 883 tv
3530 831 3658 901 ίερῷ
3694 833 3788 885 καὶ

538 928 793 987 tanquam
831 918 886 973 in
928 933 1085 972 sacro
1120 927 1176 973 et
1209 918 1497 988 impolluta
1528 934 1782 989 corpore.
1817 920 1985 975 Plena
2033 928 2119 975 est

2244 919 2471 991 ιχράντῳ
2506 918 2740 989 σώματι.
2786 918 3112 991 Ἐπίμεστος
3147 920 3205 975 δὲ
3244 922 3339 974 καὶ
3368 923 3402 993 ἠ
3431 923 3788 994 στάμνος-τοῦ

537 1018 719 1063 autem
746 1024 882 1063 urna
903 1024 1115 1065 manna:
1135 1026 1149 1075 ;
1173 1029 1190 1061 ι
1220 1009 1552 1064 lnhabitavit
1580 1010 1729 1065 enim
1747 1011 1803 1065 in
1822 1010 1915 1065 illo
1938 1011 2119 1066 omnis

538 1099 822 1169 plenitudo
844 1099 1148 1157 divinitatis
1176 1086 1557 1171 cOrporaliter,
1584 1120 1600 1151 ι
1621 1109 1683 1155 ut
1708 1101 1902 1156 beatus
1920 1101 2119 1159 Paulus

540 1191 619 1245 ait
634 1192 697 1245 ⁸³.
723 1191 937 1262 «Neque
964 1192 1033 1247 ad
1056 1208 1365 1248 mensuram
1392 1192 1485 1248 dat
1499 1190 1765 1263 Spiritum
1790 1193 1856 1246 “.
1885 1212 1903 1245 ι
1930 1192 2119 1249 Perfe-

542 1283 819 1339 ctissimus
858 1283 1007 1340 enim
1049 1291 1132 1339 est
1173 1283 1446 1340 Christus.
1512 1284 1773 1356 Reposita
1814 1292 1900 1339 est
1952 1283 2119 1339 etiam

543 1390 705 1440 urna,
741 1383 802 1430 ut
843 1383 1155 1432 servaretur
1186 1375 1242 1430 in
1289 1376 1581 1446 progenies
1624 1376 1863 1431 ﬁliorum
1905 1376 2071 1432 Israel
2092 1390 2117 1431 ':

545 1466 897 1537 incorruptus
928 1468 1073 1523 enim
1096 1482 1159 1522 ac
1187 1483 1403 1537 semper
1432 1484 1679 1531 manens,
1716 1477 1773 1523 et
1801 1468 1952 1522 omni
1979 1477 2122 1524 tem-

546 1574 681 1631 pore
701 1560 1019 1615 notissimus
1048 1568 1129 1614 est
1156 1558 1408 1614 Christus
1428 1600 1442 1624 ,
1468 1568 1524 1614 et
1546 1568 1633 1614 est
1660 1574 1847 1615 coram
1870 1560 2120 1624 Domino,
2157 1600 2165 1603 κ

550 1651 607 1706 id
641 1660 725 1708 est
770 1651 828 1705 in
846 1661 1140 1721 conspectu
1165 1653 1345 1707 Patris
1378 1669 1392 1705 ε
1428 1668 1553 1707 nam
1575 1693 1589 1717 ,
1626 1652 1844 1722 quando
1868 1652 1958 1706 ille
1988 1651 2122 1706 Uni-

548 1741 766 1812 genitus
781 1749 864 1795 est
878 1740 1055 1796 factus
1088 1742 1260 1795 nostri
1292 1741 1510 1805 similis,
1536 1750 1653 1796 tum
1682 1743 1849 1797 etiam
1880 1741 2127 1795 introivit

550 1833 607 1887 in
636 1832 833 1888 Sancta
857 1840 1204 1897 sanctorum,
1240 1848 1338 1902 per
1364 1833 1598 1902 amplius
1625 1848 1688 1887 ac
1712 1832 2011 1903 perfectius
2039 1840 2125 1885 ta-

2222 1008 2743 1081 μάννα.ιἘνῴκησε
2775 1009 2884 1081 γὰρ
2906 1013 2963 1064 tv
2990 1010 3138 1081 αὑτῷ
3164 1013 3274 1065 πᾶν
3303 1014 3367 1066 τὸ
3398 1012 3673 1087 πλήρωμα
3704 1015 3791 1084 τῆς

2221 1101 2474 1173 θεότητος
2528 1103 2877 1174 σωματικῶς,
2916 1122 2935 1155 ι
2974 1104 3118 1159 κατά
3169 1121 3233 1173 γε
3270 1106 3370 1174 τὴν
3396 1106 3492 1161 τοῦ
3520 1108 3791 1179 μακαρίου

2222 1186 2433 1249 Παύλου
2466 1197 2670 1267 φωνήν.
2696 1216 2715 1248 ι
2739 1196 2846 1252 Ka‘
2878 1197 2979 1250 οὑκ
3012 1200 3076 1251 έκ
3113 1198 3312 1269 μέτρου
3340 1198 3521 1252 δίδωσι
3541 1199 3602 1251 τὸ
3621 1198 3793 1253 Πνεῦο

2225 1306 2325 1359 μα.
2348 1308 2367 1343 ι
2398 1288 2716 1352 Παντέλειος
2743 1288 2893 1359 γὰρὸ
2912 1288 3164 1359 Χριστός.
3209 1288 3492 1343 ’Δπέκειτο
3526 1282 3640 1362 δὲή
3670 1290 3795 1343 στά-

2227 1394 2376 1447 μνος,
2395 1378 2475 1441 είς
2490 1376 2808 1448 διατήρησιν
2837 1378 2916 1439 είς
2944 1377 3044 1440 τὰς
3073 1376 3265 1445 γενεάς
3280 1377 3390 1431 τῶν
3412 1378 3545 1431 υἱῶν
3559 1378 3793 1448 Ἰσραήλ.

2227 1467 2539 1539 Ἀφθαρτος
2569 1466 2679 1536 γάρ
2713 1467 2807 1521 καὶ
2848 1466 3024 1536 μένων
3073 1467 3182 1528 ἀεὶ,
3217 1466 3311 1519 καὶ
3340 1466 3398 1518 tv
3433 1467 3596 1520 παντὶ
3621 1463 3798 1535 καιρῷ

2223 1575 2280 1611 τε
2311 1558 2406 1611 καὶ
2439 1557 2616 1628 χρόνῳ
2682 1556 3107 1627 γνωριμώτατος
3136 1560 3164 1611 δ
3192 1558 3446 1629 Χριστός.
3499 1559 3610 1611 Καὶ
3654 1557 3798 1610 ἔστιν

2223 1649 2402 1703 ἔναντι
2433 1648 2659 1719 Κυρίου,
2688 1649 2830 1702 τοῦτ’
2853 1647 3018 1715 ἔστιν,
3047 1650 3104 1703 tv
3128 1649 3425 1720 ὀφθαλμοῖς
3450 1649 3544 1702 τοῦ
3566 1648 3797 1720 Πατρός.

2227 1741 2356 1794 Ὅτε
2393 1740 2503 1814 γὰρ
2550 1741 2741 1811 γέγονε
2775 1740 2897 1794 καθ’
2922 1742 3069 1811 ἡμᾶς
3111 1742 3140 1794 ὁ
3185 1740 3517 1811 Μονογενὴς,
3555 1741 3675 1793 τότε
3710 1740 3801 1792 καὶ

2226 1832 2475 1902 εἰσῆλθεν
2503 1833 2582 1895 είς
2616 1833 2683 1886 τὰ
2701 1832 2870 1900 ’Ἅγια
2911 1832 3018 1884 τῶν
3050 1831 3243 1897 ἁγίων,
3282 1831 3371 1884 διὰ
3413 1831 3515 1901 τῆς
3562 1831 3801 1901 μείζονος

551 1925 929 1990 bernaculum,
948 1925 1003 1979 id
1028 1934 1113 1981 est
1137 1925 1192 1980 in
1207 1899 1430 1988 coelum,
1455 1899 1519 1979 ut
1549 1899 1810 1995 appar-eat
1828 1939 1976 1980 nunc
2004 1924 2127 1977 vul-

2244 1899 2684 1995 ιαὶ-τελειοτέρας
2718 1899 2943 1994 σκηνῆς,
2973 1922 3117 1977 τοῦτ’
3150 1922 3323 1989 ἔστιν,
3364 1924 3445 1986 είς
3471 1899 3581 1977 -τδν
3636 1924 3803 1992 οὐρα-

552 2015 633 2069 tui
662 2014 758 2069 Dei
784 2030 885 2085 pro
916 2015 1093 2078 nobis,
1130 2024 1189 2069 ut
1230 2015 1496 2085 scriptum
1545 2025 1631 2069 est
1658 2014 1724 2067 “.
1758 2014 1946 2084 Neque
1981 2013 2129 2069 enim

2244 2016 2341 2079 δὸν,
2382 2014 2477 2069 νῦν
2520 2015 2920 2086 ἐμφανισθῆναι
2964 2015 3045 2086 τῷ
3088 2014 3365 2086 προσώπῳ
3391 2014 3484 2068 toﬁ
3506 2015 3642 2068 Θεοῦ
3665 2016 3805 2084 ὑπὲρ

551 2106 792 2176 seipsum
830 2106 975 2162 sistit
1009 2106 1078 2160 ad
1098 2116 1450 2176 conspectum
1481 2105 1677 2169 Patris,
1700 2106 1795 2161 sed
1818 2106 1967 2160 velut
1994 2104 2049 2159 in
2072 2120 2130 2163 se

2244 2106 2411 2179 ἡμῶν,
2444 2106 2586 2163 καθά
2617 2107 2943 2176 γέγραπται.
2976 2107 3051 2160 Οὐ
3081 2107 3196 2178 γὰρ
3226 2106 3416 2160 ἑαυτὸν
3457 2109 3513 2159 tv
3529 2107 3649 2176 δψει
3676 2105 3808 2158 καθ-

552 2196 673 2269 ipso
698 2212 819 2262 nos,
844 2198 1093 2267 quamvis
1114 2213 1180 2252 ex
1198 2197 1344 2252 illius
1366 2204 1664 2267 conspectu
1691 2197 2129 2263 recessissemus,

2244 2200 2412 2270 ἵστησι
2453 2199 2547 2252 τοῦ
2582 2200 2813 2269 Πατρὸς,
2843 2198 2979 2252 ἀλλὰ
3018 2198 3168 2268 ἡμᾶς
3189 2198 3264 2261 ὡς
3287 2200 3344 2251 tv
3373 2196 3571 2267 ἐαυτῷ,
3628 2196 3805 2249 καίτοι

552 2304 618 2345 ac
655 2288 826 2344 veluti
873 2304 942 2344 ex
977 2289 1154 2345 oculis
1190 2304 1441 2345 essemus
1482 2289 1662 2344 aversi
1713 2296 1941 2359 propter
1982 2289 2132 2344 illam

2244 2291 2521 2361 γεγονότας
2552 2293 2617 2344 ὲκ
2646 2288 2937 2359 προσώπου
2964 2289 3057 2344 καὶ⁸
3084 2289 3245 2344 οἱονεί
3270 2305 3388 2353 πως
3402 2289 3460 2357 ἐξ
3490 2286 3805 2358 ὀφθαλμῶν,

555 2380 1070 2451 transgressionem,
1112 2395 1221 2450 qua
1256 2379 1311 2434 in
1339 2379 1511 2436 Adam
1532 2379 1783 2435 obstricti
1802 2395 2042 2444 eramus,
2079 2388 2135 2436 et

2244 2382 2320 2437 Βιὰ
2348 2382 2444 2453 τὴν
2473 2383 2531 2435 ὲν
2576 2381 2745 2451 ’Δδάμ
2778 2380 3109 2451 παράϐασιν,
3147 2380 3241 2434 κα)⁸
3281 2379 3380 2451 τὴν
3412 2379 3551 2433 κατὰ
3590 2380 3809 2433 πάντων

554 2478 781 2540 propter
802 2471 1094 2541 imperium
1132 2471 1363 2542 peccati,
1399 2472 1547 2541 quod
1584 2471 1843 2527 omnibus
1880 2472 2133 2527 domina-

2244 2476 2651 2548 τυραννήσασαν
2734 2473 3030 2545 ἁμαρτίαν.
3081 2474 3172 2527 Ἐν
3232 2474 3452 2543 Χριστῷ
3522 2472 3811 2543 τοιγαροῦν

555 2561 739 2618 batur.
771 2563 833 2617 ln
854 2563 1072 2618 Christo
1100 2563 1266 2633 igitur
1287 2563 1581 2618 habuimus
1600 2579 1883 2620 accessum
1909 2572 1965 2618 et
2000 2563 2137 2618 ﬁdu-

2244 2565 2551 2634 ἐσχήκαμεν
2578 2563 2680 2634 τὴν
2718 2564 3104 2635 προσαγωγὴν,
3133 2564 3227 2617 καὶ
3250 2563 3350 2634 τὴν
3389 2564 3700 2635 παρῥησίαν
3733 2566 3813 2627 είς

556 2655 699 2711 ciam
746 2654 802 2708 in
828 2654 1112 2711 introitum
1145 2655 1495 2719 Sanctorum,
1531 2663 1595 2710 ut
1643 2656 1803 2711 nobis
1845 2656 2135 2726 sapientis-

2244 2655 2333 2725 τὴν
2371 2654 2573 2707 εἴσοδον
2604 2654 2713 2708 τῶν
2768 2654 2992 2722 Ἀγίων,
3026 2652 3277 2724 καθάπερ
3305 2655 3435 2724 ἡμῖν
3460 2655 3489 2706 ὁ
3524 2651 3684 2721 σοφὸς
3707 2652 3811 2724 ἔφη

559 2747 696 2801 sime
717 2747 919 2804 Paulus
948 2748 1086 2803 dixit
1101 2748 1167 2802 ⁸⁸.
1183 2749 1255 2805 Ut
1289 2748 1435 2802 enim
1457 2750 1950 2810 etresurreximus,
1972 2756 2027 2801 et
2059 2746 2135 2801 si-

2244 2743 2465 2807 Παῦλος.
2502 2744 2712 2813 Ὥσπερ
2762 2744 2871 2814 γὰρ
2921 2744 3011 2797 καὶ
3048 2742 3494 2814 συνεγηγέρμεθα
3540 2743 3636 2797 καὶ
3689 2758 3816 2795 συν-

560 2837 675 2913 mpl
703 2838 1054 2893 consedimus
1081 2839 1136 2892 in
1153 2839 1469 2894 cmlestibus
1497 2839 1554 2893 in
1575 2838 1814 2901 Christo,
1848 2838 1927 2892 sic
1949 2838 2136 2891 itidem

2244 2834 2574 2904 εκαθίσαμεν
2595 2836 2653 2887 tv
2682 2836 2794 2897 τοῖς
2812 2834 3157 2906 ἐπουρανίοις
3184 2835 3242 2886 tv
3266 2832 3504 2905 Χριστῷ,
3537 2832 3681 2887 οὕτω
3706 2834 3814 2887 πά-

552 2926 618 2981 in
639 2927 767 2996 ipso
796 2927 860 2981 ad
886 2936 1240 2997 conspectum
1280 2928 1458 2983 Patris
1489 2927 1760 2982 venimus.
1791 2927 1868 2982 Ac
1905 2926 1973 2981 de
2001 2941 2138 2980 urna

2244 2927 2320 2980 λιν
2350 2929 2406 2981 tv
2438 2927 2585 2996 αὐτῷ
2614 2928 2708 2981 καὶ
2737 2929 2795 2979 ἐν
2827 2925 3104 2997 προσώπῳ
3125 2927 3428 2997 γεγόναμεν
3447 2924 3543 2980 τοῦ
3581 2927 3812 2995 Πατρός.

560 3019 783 3089 quidem
818 3034 971 3074 sacra
1006 3020 1121 3074 haac
1157 3019 1303 3074 dicta
1328 3018 1617 3075 sulliciant.
1646 3018 1920 3075 Caterum
1968 3018 2138 3089 ipsam

2244 3019 2349 3074 Καὶ
2384 3020 2626 3089 στάμνου
2676 3019 2776 3089 μὲν
2816 3018 2947 3091 πέρι
2967 3020 3068 3089 τῆς
3092 3020 3242 3089 ἱερᾶς
3261 3018 3500 3088 εἰρήσθω
3528 3018 3656 3071 τάδε
3676 3034 3689 3047 ·
3715 3034 3817 3086 ση⁴

562 3122 782 3180 quoque
832 3110 1013 3164 Aaron
1067 3110 1279 3181 virgam
1315 3109 1596 3166 Christum
1626 3109 1950 3181 signiﬁcare,
1981 3110 2138 3165 dein-

564 3216 713 3274 ceps,
731 3203 775 3257 si
808 3202 1005 3272 placet,
1041 3201 1311 3256 dicamus.

634 3293 833 3349 PALL.
866 3294 1008 3349 Sane
1029 3294 1271 3365 quidem.

635 3380 795 3437 CYR.
841 3379 981 3436 Core
1012 3381 1176 3453 igitur
1211 3390 1375 3452 atque
1400 3380 1630 3446 Abiron,
1660 3390 1717 3435 et
1758 3381 1969 3435 Datbau
2001 3394 2143 3449 pra:—

566 3480 738 3535 terea,
771 3485 838 3525 ex
869 3470 1001 3525 Levi
1026 3470 1175 3526 tribu
1209 3487 1274 3526 ac
1295 3486 1495 3541 genere
1527 3471 1634 3525 orti
1679 3480 1873 3536 erant;
1910 3484 2145 3540 cumque

566 3563 665 3621 Dei
709 3562 986 3618 voluntate
1023 3571 1236 3618 certum
1276 3572 1437 3633 atque
1472 3563 1829 3618 constitutum
1861 3577 2019 3617 sacro
2068 3571 2149 3616 ta-

566 3655 868 3711 bernaculo
897 3653 1243 3710 ministrandi
1270 3654 1509 3709 ollicium
1554 3654 1692 3723 ipsis
1737 3660 1885 3708 esset
1917 3667 2146 3707 concre-

569 3746 766 3809 ditum,
800 3745 967 3817 Moysi
1015 3738 1195 3801 tamen
1228 3755 1285 3801 et
1317 3745 1499 3801 Aaron
1527 3745 1757 3817 gloriam
1800 3744 1959 3799 avide
1984 3743 2149 3799 nimis

568 3836 937 3906 expetierunt,
965 3848 1204 3906 eumque
1236 3836 1501 3891 honorem
1534 3834 1636 3904 ipsi
1672 3842 1992 3903 rapuerunt,
2022 3848 2148 3888 cum

538 3980 541 3981 ν
570 3924 640 3981 ad
658 3923 713 3978 id
741 3940 940 3981 munus
962 3940 993 3979 a
1017 3926 1129 3980 Deo
1154 3924 1379 3979 minime
1406 3922 1585 3982 vocati
1601 3930 1820 3986 essent;
1847 3920 2150 3990 quinetiam

570 4016 711 4072 adeo
742 4016 1041 4073 insolenter
1067 4016 1295 4072 audacia
1323 4023 1451 4071 sunt
1478 4014 1629 4077 elati,
1661 4014 1909 4083 adeoque
1955 4026 2149 4066 erexe-

574 4117 704 4163 runt
741 4108 1118 4179 supercilium,
1153 4115 1214 4161 ut
1256 4120 1365 4161 non
1395 4106 1509 4175 jam
1557 4102 1884 4165 mediocres,
1919 4099 2015 4156 sed
2046 4099 2149 4154 mi-

573 4199 721 4255 nime
746 4199 997 4255 ferendas
1029 4198 1295 4254 adversus
1327 4204 1625 4265 utrumque
1650 4193 1952 4249 calumnias
1983 4193 2155 4263 jacta-

573 4299 732 4358 rent,
762 4300 818 4345 et
847 4290 996 4345 velut
1032 4297 1390 4360 aspernantes
1429 4300 1650 4358 gregem
1687 4283 1829 4339 tauri
1873 4281 2032 4355 341
2062 4297 2151 4337 se-

571 4380 862 4447 cederent,
896 4395 1234 4450 excussaque
1283 4378 1378 4434 Dei
1414 4377 1683 4432 servitute
1705 4416 1720 4439 ,
1771 4374 1896 4430 aliis
1935 4386 2155 4444 quoque

574 4471 739 4527 sociis
781 4472 1110 4542 impietatis,
1145 4478 1207 4528 ut
1233 4486 1338 4525 una
1382 4485 1569 4525 secum
1605 4467 1995 4530 abscederent,
2031 4481 2157 4523 sua-

2243 3111 2425 3181 μαίνει
2453 3110 2511 3162 δὲ
2541 3112 2622 3162 ὅτι
2646 3111 2738 3164 καὶ
2767 3110 2905 3179 αὑτὴ
2940 3110 3030 3162 τὸν
3052 3107 3334 3179 Χριστὺνή
3368 3107 3557 3179 ῥάϐδος
3585 3105 3812 3179 Ἀαρὼν,

2165 3229 2208 3287 c
2240 3200 2373 3271 φέρε
2400 3200 2464 3271 δὴ
2495 3200 2769 3269 λέγωμεν,
2804 3202 2854 3253 εἰ
2886 3199 3052 3253 δοκεῖ.

2314 3294 2523 3347 ΠΑΛΛ.
2563 3293 2675 3345 Καὶ
2707 3292 2872 3361 μάλα.

2312 3385 2477 3437 ΚΥΡ.
2518 3383 2665 3454 Κορὲ
2694 3384 2875 3438 τοίνυν
2906 3384 3001 3438 καὶ
3050 3385 3234 3455 μέντοι
3278 3383 3374 3437 καὶ
3411 3380 3689 3454 Ἀϐειρὼν,
3723 3383 3821 3438 καὶ

2247 3475 2383 3547 πρός
2407 3492 2472 3544 γε
2496 3474 2672 3545 τούτῳ
2711 3475 2910 3541 Δαθάν,
2939 3477 3112 3547 φυλῆς
3144 3493 3202 3528 τε
3230 3476 3324 3528 καὶ
3352 3475 3580 3545 αἵματος
3625 3473 3820 3543 ἐξέφυ-

2247 3582 2344 3619 σαν
2374 3565 2471 3635 τῆς
2499 3565 2654 3618 Λευῖ·
2692 3565 3129 3635 συντεταγμένην
3170 3565 3246 3629 δὲ,
3277 3566 3433 3633 φησὶ,
3464 3568 3586 3628 ταῖς
3617 3563 3823 3619 ἄνωθεν

2245 3656 2448 3727 ψήφοις
2489 3656 2550 3710 tv
2602 3658 2670 3725 τῇ
2722 3656 2856 3727 ἁγίᾳ
2909 3659 3087 3727 σκηνῇ
3133 3656 3477 3724 λειτουργίαν
3524 3658 3821 3727 ἐγκεχειρι-

2249 3745 2459 3815 σμένοι,
2489 3743 2587 3815 τὴν
2617 3745 2859 3807 Μωσέως
2891 3762 2950 3799 τε
2997 3746 3093 3799 καὶ
3128 3745 3339 3816 Ἀαρὼν
3391 3745 3708 3815 δεδιψήκασι
3734 3746 3822 3799 δό-

2250 3837 2368 3903 ξαν,
2418 3838 2633 3900 ἑαυτοῖς
2662 3835 3002 3909 ἁρπάζοντες
3028 3836 3125 3907 τὴν
3164 3837 3349 3909 τιμὴν,
3396 3838 3723 3908 κεκλημένοι
3765 3840 3820 3893 δὲ

2248 3928 2370 3999 οὐχὶ
2394 3927 2533 3999 πρὸς
2568 3927 2726 3981 τοῦτο
2754 3925 2909 3997 παρὰ
2934 3926 3090 3980 Θεοῦ.
3122 3927 3234 3981 Καὶ
3263 3927 3372 3997 μὴν
3402 3929 3496 3981 καὶ
3519 3930 3600 3991 εἰς
3620 3929 3822 3998 ἀπηνὲς

2249 4016 2727 4091 ἀπογαυριάμενοι
2756 4017 2977 4088 θράσος,
2999 4016 3400 4088 ὲξοφρυώμενοί
3437 4036 3494 4071 τε
3534 4021 3693 4087 ἄγαν,
3732 4036 3826 4088 φο-

2252 4110 2423 4181 ρητὴν
2459 4111 2558 4182 μὲν
2586 4108 2791 4174 οὐκέτι,
2830 4107 3107 4162 δύσοιστον
3139 4110 3197 4162 δὲ
3238 4110 3434 4182 κομιδῇ
3473 4110 3593 4164 κατ’
3622 4112 3824 4181 ἀμφοῖν

2251 4199 2534 4255 ἐποιοῦντο
2576 4200 2676 4270 τὴν
2724 4198 3106 4271 κατάρῥησιν⁶
3158 4200 3482 4270 ἁτιμαγέλαι
3531 4200 3590 4254 δὲ
3637 4199 3823 4272 ὥσπερ

2252 4292 2674 4361 ὰπενοσφίζοντο
2712 4290 2925 4361 ταῦροι,
2987 4291 3080 4343 καὶ
3127 4292 3229 4361 τὴν
3273 4290 3378 4344 ὑπὸ
3419 4290 3536 4362 Θεῷ
3580 4292 3823 4347 δουλείαν

2252 4385 2655 4456 ἀποσειόμενοι,
2690 4382 3171 4454 συναποθρώσκειν
3196 4384 3378 4448 αὐτοῖς
3400 4384 3619 4453 ἐτέρους
3639 4385 3823 4439 δυσσε-

2256 4475 2482 4539 ϐοὗντας
2517 4474 2823 4530 ἀνέπειθον.
2867 4474 3011 4527 Ἀλλ’
3062 4477 3113 4528 οἱ
3167 4475 3264 4546 μὲν
3300 4474 3409 4528 τῶν
3457 4475 3607 4545 σφίσι
3651 4477 3824 4530 τετολ-

578 4561 695 4616 deri
713 4570 795 4616 nt.
872 4561 1080 4616 Verum
1114 4560 1154 4615 ii
1192 4576 1305 4615 suae
1363 4559 1606 4614 audaciae
1658 4572 1848 4627 poenas
1890 4556 2145 4620 luerunt;

2264 4567 2525 4639 μημένων
2564 4556 2991 4638 εἰσεπράττοντο
3033 4566 3208 4629 δίκας.
3240 4565 3525 4635 Διοιγνῢσα
3555 4567 3665 4636 γάρ
3696 4569 3728 4638 ἡ
3753 4568 3821 4640 γῆ

580 4667 710 4707 nam
745 4657 887 4704 terra
908 4691 922 4716 ,
957 4666 1082 4705 cum
1109 4667 1169 4706 os
1191 4649 1517 4720 aperuisset,
1548 4650 1710 4704 simul
1739 4664 1863 4704 cum
1894 4646 2158 4720 cognatis,

577 4743 946 4799 tabernaculis
977 4752 1141 4813 atque
1179 4742 1508 4811 supellectili
1544 4741 1613 4796 ad
1654 4739 1861 4796 inferos
1897 4738 2159 4795 audacem

575 4834 843 4906 populum
876 4832 1156 4887 demersit.
1195 4832 1332 4887 Cum
1377 4831 1545 4902 igitur
1579 4830 1857 4902 legislator
1888 4831 2031 4885 Deus
2058 4828 2158 4887 de-

576 4927 789 4981 clarare
818 4926 984 4981 vellet
1010 4924 1216 4981 ccelesti
1249 4924 1482 4979 arbitrio
1508 4938 1572 4980 ac
1595 4923 1823 4995 judicio,
1854 4937 1964 4977 non
1990 4920 2158 4991 Moysi

575 5020 858 5074 voluntate
898 5018 1078 5073 Aaron
1129 5016 1642 5087 praestantissimum
1698 5012 1994 5070 sacerdotii
2031 5028 2157 5083 gra-

577 5108 709 5164 dum
772 5125 892 5165 esse
957 5110 1256 5175 sortitum,
1292 5107 1429 5164 dixit
1475 5108 1543 5162 ad
1599 5106 1822 5162 beatum
1882 5105 2155 5176 Moysen:

590 5219 608 5255 ι
648 5199 902 5271 Loquere
936 5201 1062 5258 ﬁliis
1095 5202 1283 5269 Israel,
1308 5210 1364 5257 et
1387 5201 1572 5272 accipe
1609 5198 1679 5253 ab
1711 5198 1793 5253 eis
1816 5198 2026 5267 virgam
2062 5211 2162 5267 per

586 5290 780 5349 domos
836 5294 1170 5351 familiarum
1237 5310 1500 5358 suarum,
1540 5308 1572 5348 a
1621 5290 1834 5347 cunctis
1891 5289 2160 5360 principi-

585 5380 693 5438 bus
746 5399 938 5440 eorum
999 5387 1291 5444 duodecim
1339 5386 1553 5455 virgas,
1627 5392 1685 5439 et
1731 5381 1972 5439 inscribe
2031 5381 2160 5435 uni-

589 5480 924 5549 uscujusque
980 5494 1182 5535 nomen
1248 5479 1307 5534 in
1380 5478 1535 5548 virga
1598 5478 1760 5547 ejus,
1842 5481 1898 5529 et
1961 5488 2161 5528 nomen

588 5567 769 5624 Aaron
814 5569 1054 5625 inscribe
1111 5570 1167 5624 in
1216 5570 1368 5640 virga
1434 5566 1598 5633 Levi;
1661 5574 1747 5621 est
1799 5564 1947 5620 enim
2009 5563 2163 5634 virga

590 5675 699 5717 una
739 5678 751 5714 :
788 5677 886 5732 per
936 5661 1138 5716 tribum
1191 5661 1387 5715 domus
1426 5658 1754 5714 familiarum
1788 5657 2032 5728 ipsorum
2064 5654 2161 5709 da-

664 5811 709 5842 ⁶³
752 5810 867 5867 Col.
926 5832 981 5877 ιι,
1033 5816 1083 5867 9.
1163 5816 1208 5845 “
1239 5815 1391 5869 Joa-n.
1434 5829 1511 5876 ιιι,
1544 5812 1630 5867 δι.

1712 5812 1754 5844 ’⁵
1786 5812 1947 5867 Hebr.
2000 5829 2071 5873 Ix,
2112 5809 2200 5863 24.

2252 4657 2316 4713 τὸ
2351 4657 2524 4728 στόμα
2552 4657 2742 4726 αὐτῆς,
2777 4657 2960 4720 αὐτοῖς
2988 4656 3293 4726 ὁμογενέσι,
3335 4659 3558 4726 σκηναῖς
3604 4655 3697 4707 καὶ
3727 4672 3819 4707 πε-

2256 4750 2541 4821 ριουσίαις,
2580 4751 2661 4814 εἰς
2692 4748 2822 4819 ᾅδου
2878 4747 3059 4801 καθίει
3086 4746 3177 4800 τὸν
3208 4746 3440 4811 ἀλαζόνα
3470 4746 3625 4801 λαόν·
3656 4748 3738 4799 ὅτι
3768 4746 3822 4799 δὲ

2251 4844 2415 4914 ψήφῳ
2460 4845 2528 4913 τῇ
2562 4842 2791 4905 ἄνωθεν,
2825 4841 2919 4894 καὶ
2964 4839 3087 4910 οὐχὶ
3121 4839 3387 4910 θελήμασι
3415 4841 3525 4901 τοῖς
3564 4840 3822 4901 Μωσέως,

2251 4933 2350 5004 τὴν
2381 4932 2732 5004 προῦχουσαν
2766 4935 2824 4986 tv
2868 4931 3138 5004 ἱερωσύνῃ
3177 4929 3332 4995 τάξιν
3378 4928 3587 5001 Ἀαρὼν
3613 4929 3823 5002 διεκλη·

2256 5024 2492 5096 ρώσατο,
2541 5022 2862 5095 διατρανοῦν
2924 5022 3124 5076 ἐθέλων
3175 5021 3204 5073 ὁ
3254 5022 3569 5093 νομοθέτης,
3615 5024 3694 5085 είς
3737 5023 3824 5076 τὸν

2258 5114 2587 5186 πανάριστον
2606 5114 2710 5183 εφη
2728 5112 2951 5167 Μωσέαο
2982 5130 3001 5162 ι
3024 5112 3272 5183 Λάλησον
3303 5114 3415 5174 τοῖς
3429 5113 3564 5174 υἱοῖς
3591 5111 3822 5182 Ἰσραὴλ,

2257 5209 2351 5264 καὶ
2376 5206 2506 5262 λάϐε
2551 5206 2682 5275 παρ’
2725 5205 2904 5257 αὐτῶν
2930 5203 3141 5273 ῥάϐδον,
3190 5203 3309 5257 κατ’
3352 5203 3535 5263 οἴκους
3557 5202 3820 5272 πατριῶν,

2259 5298 2413 5370 παρὰ
2441 5298 2657 5353 πάντων
2696 5296 2797 5349 τῶν
2835 5297 3114 5367 ἀρχόντων
3142 5295 3335 5354 αὐτῶν.
3364 5296 3484 5347 κατ’
3506 5294 3687 5356 οἴκους
3727 5310 3825 5345 πα·

2264 5391 2432 5463 τριῶν
2458 5390 2659 5453 αὐτῶν,
2690 5388 2896 5441 δώδεκα
2928 5387 3178 5458 ῥάϐδους,
3198 5385 3292 5440 καὶ
3311 5386 3541 5439 ἑκάστου
3574 5384 3634 5436 τὸ
3662 5383 3826 5452 ὄνομα

2267 5482 2432 5538 αὑτοῦ
2480 5479 2780 5552 ἐπίγραψον
2847 5479 2943 5533 ἐπὶ
2993 5479 3093 5549 τῆς
3152 5476 3369 5549 ῥάϐδου.
3431 5474 3539 5528 Καὶ
3584 5474 3649 5527 τὺ
3665 5473 3825 5543 ὄνομα

2281 5572 2821 5645 ’Δαρὼνέπίγραψον
2847 5572 2936 5625 ἐπὶ
2979 5571 3078 5641 τῆς
3125 5569 3321 5641 ῥάϐδου
3358 5569 3510 5621 Λευῖ.
3535 5565 3691 5619 Ἔστι
3723 5564 3823 5634 γὰρ

2273 5665 2465 5739 ῥάϐδος
2494 5664 2611 5735 μία.
2644 5663 2801 5717 Κατὰ
2838 5662 3007 5733 φυλὴν
3036 5662 3185 5715 οἴκου
3238 5659 3480 5731 πατριῶν
3515 5656 3691 5711 αὐτῶν
3727 5654 3821 5709 δώ·

2303 5802 2347 5833 “
2398 5800 2599 5871 Ephes.
2666 5815 2727 5863 ll,
2776 5797 2861 5852 18.
