3982 6502
872 387 961 445 ns
1000 380 1440 444 ADORATIONE
1477 376 1546 437 IN
1585 372 1856 436 SPIRITU
1897 342 1987 431 Er
2027 372 2396 431 manus.
2432 373 2560 430 LIB.
2602 374 2667 430 x.
3292 375 3401 433 οτι

144 386 241 452 6‘15

150 524 312 562 σουσι.
346 504 459 557 Kal
482 502 669 572 θῄσεις
689 500 855 565 αὐτὰς
882 501 940 554 ἐν
963 502 1029 572 τῇ
1063 503 1236 571 σκηνῇ
1268 496 1364 552 τοῦ
1397 494 1719 569 μαρτυρίου,

1829 488 1981 543 bunt.
2023 488 2092 543 Et
2124 502 2298 558 pones
2326 502 2422 542 eas
2450 487 2508 541 in
2556 486 2914 542 tabernaculo
2957 486 3260 542 testimonii
3305 504 3401 542 co-

148 600 426 656 κατέναντι
473 594 567 648 τοῦ
621 592 947 665 μαρτυρίου,
991 595 1049 645 ἐν
1094 586 1176 655 οἷς
1210 589 1595 661 γνωσθήσομαί
1637 603 1718 641 σοι

1829 596 1941 635 ram
1969 579 2290 634 testimonio
2315 579 2372 632 in
2399 579 2602 649 quibus
2629 594 2929 650 cognosc-ar
2955 594 2986 633 a
3018 587 3069 633 te
3089 578 3195 644 ibi;
3227 588 3284 633 et
3298 580 3406 634 erit

148 692 275 745 ἐκεῖ.
305 688 416 743 Kal
434 686 607 753 ἔσται,
633 687 662 739 6
678 686 961 757 ἄνθρωπος
981 684 1041 737 δν
1062 683 1128 737 ἂν
1153 682 1454 752 ἐκλέξωμαι
1484 680 1665 744 αὐτὸν,
1685 680 1719 750 ὴ

148 782 334 856 ῥάϐδος
372 779 535 833 αὑτοῦ
595 778 979 848 ἐκϐλαστήσει.
1032 776 1143 829 Kal
1180 774 1420 847 περιελῶ
1455 773 1551 827 ἀπ’
1584 770 1720 843 ἐμοῦ

146 876 230 928 τὸν
264 870 579 942 γογγυσμὸν
613 870 747 922 υἱῶν
792 867 1031 939 Ἰσραὴλ,
1080 867 1116 921 ἃ.
1159 866 1314 920 αὐτοὶ
1361 862 1721 933 γογγύζουσιν

148 966 225 1034 ἐφ’
258 965 405 1036 ὑμῖν.
458 961 571 1016 Kal
621 958 849 1030 ἐλάλησε
895 961 1102 1032 Μωσῆς
1149 961 1264 1022 τοῖς
1313 958 1450 1020 υἱοῖς
1478 953 1716 1027 Ἰσραὴλ,

148 1056 235 1110 καὶ
268 1054 473 1108 ἔδωκαν
507 1049 654 1122 αύτῷ
690 1049 890 1112 πάντες
919 1051 966 1101 οί
1012 1049 1270 1120 ἄρχοντες
1302 1047 1484 1100 αὐτῶν
1507 1043 1718 1116 ῥάϐδον,

148 1149 220 1221 τῷ
255 1148 474 1219 ἄρχοντι
512 1144 592 1215 τῷ
629 1145 710 1197 ἐνὶ
774 1144 967 1215 ῥάϐδον
1012 1141 1135 1197 κατ’
1164 1141 1423 1213 ἄρχοντα,
1477 1137 1598 1193 κατ’
1645 1135 1722 1191 οἴ-

150 1258 268 1303 κους
294 1236 542 1309 πατριῶν
562 1236 763 1303 αὐτῶν,
792 1236 999 1290 δώδεκα
1023 1233 1271 1305 ῥάϐδους.
1300 1231 1410 1285 Kal
1446 1230 1482 1301 ἠ
1524 1228 1721 1300 ῥάϐδος

163 1329 360 1402 Ἀαρὼν
388 1329 667 1400 ἀναμέσον
707 1329 816 1381 τῶν
848 1327 1059 1398 ῥάϐδων
1102 1324 1302 1389 αὐτῶν,
1336 1323 1430 1376 καὶ
1474 1320 1719 1391 ἀπέθηκε

150 1419 343 1491 Μωσῆς
376 1419 476 1483 τὰς
507 1419 737 1490 ῥάϐδους
766 1418 946 1474 ἔναντι
994 1417 1204 1489 Κυρίου
1244 1418 1303 1469 ἐν
1330 1415 1395 1485 τῇ
1430 1414 1600 1483 σκηνῇ
1624 1409 1719 1465 τοῦ

154 1509 465 1583 μαρτυρίου.
512 1510 622 1564 Kal
671 1508 890 1579 ἐγένετο
936 1512 1002 1581 τῆ
1041 1506 1323 1580 ἐπαύριον,
1370 1505 1466 1558 καὶ
1506 1502 1721 1574 εἰσῆλθε

149 1602 345 1672 Μωσῆς
382 1601 478 1655 καὶ
526 1599 737 1671 Ἀαρὼν
770 1603 827 1653 ἐν
849 1602 917 1671 τῇ
946 1600 1119 1670 σκηνῇ
1154 1597 1247 1651 τοῦ
1267 1590 1588 1669 μαρτυρίου.
1614 1592 1722 1646 Kal

154 1697 255 1750 ἰδοὺ
291 1694 628 1766 ἐϐλάστησεν
676 1696 710 1764 ἠ
750 1692 944 1765 ῥάϐδος
982 1689 1193 1763 Ἀαρὼν
1229 1690 1308 1753 είς
1364 1684 1510 1741 οἷκον
1564 1682 1717 1748 Λευῒ,

152 1788 236 1842 καὶ
288 1786 550 1858 ἐξήνεγκε
618 1783 871 1855 βλαστὸν,
924 1783 1019 1837 καὶ
1073 1779 1369 1852 ἐξήνθησεν
1418 1776 1577 1848 ἄνθη,
1625 1776 1721 1830 καὶ

153 1880 437 1950 ἐϐλάστησε
468 1880 668 1950 κάρυα.
707 1876 818 1932 Kal
852 1877 1110 1948 ἐξήνεγκε
1152 1872 1358 1942 Μωσῆς
1406 1871 1584 1932 πάσας
1625 1867 1723 1931 τὰς

154 1969 369 2041 ῥάϐδους
410 1968 523 2022 ἀπὸ
572 1968 869 2040 προσώπου
917 1967 1126 2036 Κυρίου
1166 1964 1303 2037 πρὸς
1330 1961 1538 2024 πάντας
1575 1960 1723 2022 υἱοὺς

165 2062 386 2134 Ἰσραήλ.
421 2061 536 2115 Kal
572 2056 735 2126 εἶδον,
776 2060 871 2113 καὶ
904 2057 1093 2112 ἔλαϐον
1116 2056 1347 2119 ἕκαστος
1377 2054 1477 2124 τῆν
1529 2051 1724 2123 ῥάϐδον

157 2154 330 2208 αὑτοῦ.
373 2154 487 2207 Kal
519 2149 644 2207 εἷπε
669 2152 874 2221 Κύριος
901 2150 1037 2223 πρὸς
1082 2150 1307 2219 Μωσῆνο
1360 2145 1586 2209 Ἀπόθες
1626 2142 1724 2215 τὴν

158 2245 337 2317 ῥάϐδον
368 2242 585 2316 Ἀαρὼν
613 2241 844 2297 ἐνώπιον
890 2241 999 2294 τῶν
1045 2239 1365 2311 μαρτυρίων
1408 2238 1487 2300 είς
1535 2234 1723 2306 διατή-

161 2353 320 2409 ρησιν,
353 2339 582 2407 σημεῖον
617 2337 731 2400 τοῖς
770 2336 907 2400 υἱοῖς
929 2332 1039 2387 τῶν
1084 2329 1354 2401 ἀνηκόων.
1384 2329 1495 2383 Kal
1516 2328 1727 2381 παυσάο

159 2429 259 2481 σθω
288 2430 315 2482 6
336 2428 654 2499 γογγυσμὸς
683 2426 861 2480 αὐτῶν
899 2427 996 2479 ἀπ’
1027 2424 1187 2496 ἐμοῦ,
1215 2423 1308 2476 καὶ
1330 2422 1390 2475 οὐ
1420 2420 1493 2492 μὴ
1519 2419 1724 2475 ἀποθά-

158 2538 296 2577 νωσι.
323 2540 342 2573 ›
377 2521 616 2591 Σημείον
656 2515 750 2573 οῦν
797 2519 899 2572 οὐκ
937 2516 1260 2588 ἀσυμφανὲς
1290 2512 1385 2567 τοῦ
1429 2511 1725 2585 ἐξῃρῆσθαι

158 2612 409 2684 λαμπρῶς
454 2611 558 2665 καὶ
602 2610 1018 2683 ἐκκεκριμένως
1059 2610 1139 2670 είς
1180 2604 1512 2677 ἱερουργίαν,
1554 2604 1629 2667 ώς
1668 2603 1725 2670 ἐξ

159 2706 370 2777 αἵματος
411 2702 574 2768 Λευῒ,
601 2703 692 2757 τὸν
728 2702 1015 2756 θεσπέσιον
1066 2697 1295 2770 ’Δαρὼν,
1321 2697 1382 2750 τὸ
1434 2696 1726 2767 ἐξανθῆσαι

160 2798 249 2870 τὴν
300 2797 520 2867 ῥάϐδον.
573 2794 1052 2868 Περιτρεπομένης
1084 2792 1140 2845 δὲ
1167 2784 1323 2854 αὖθις
1375 2792 1456 2853 είς
1492 2787 1727 2860 θεωρίαν

162 2890 545 2962 πνευματικὴν,
575 2889 649 2953 ώς
683 2889 741 2941 ὲν
772 2887 963 2951 τύποις
999 2885 1079 2939 ἔτι
1129 2882 1481 2954 παχυτάτοις,
1506 2882 1569 2937 τὸ
1594 2883 1728 2953 Χρι-

164 2981 275 3036 στοῦ
320 2982 624 3054 μυστήριον
668 2977 977 3049 ἀναλάμψει
1016 2976 1202 3030 πάλιν.

223 3072 420 3127 ΠΑΛΛ.
463 3071 603 3123 Τίνα
630 3068 831 3141 τρόπον
859 3086 873 3134 ;

223 3164 377 3219 ΚΥΡ.
418 3160 884 3234 Κεχειροτόνηται
916 3158 1014 3231 μὲν
1033 3156 1143 3229 γὰρ
1158 3155 1457 3228 νομοθέτης
1489 3154 1607 3224 διμα
1632 3153 1725 3206 καὶ
1753 3180 1797 3239 c

163 3257 431 3329 ἀρχιερεὺς
459 3256 553 3323 ἐφ’
588 3256 739 3325 ἡμᾶς
786 3250 938 3323 παρά
987 3248 1123 3303 Θεοῦ
1149 3249 1242 3302 xal
1278 3246 1491 3319 Πατρδς
1529 3247 1557 3299 6
1596 3245 1728 3315 Ἐμ-

168 3348 408 3421 μανουὴλ,
446 3349 645 3401 ἐαυτὸν
685 3345 824 3416 ὑπὲρ
857 3343 1016 3415 ἡμῶν
1064 3340 1417 3415 προσκομιῶν
1460 3339 1521 3392 τὸ
1553 3336 1723 3407 θῦμα.

175 3443 252 3504 Ὠς
278 3442 380 3513 γὰρ
410 3443 438 3493 6
465 3439 741 3512 μακάριος
760 3438 873 3508 ’ἔφη
912 3432 1146 3503 Παῦλος,
1182 3452 1199 3486 ι
1232 3434 1289 3486 '0
1323 3433 1421 3503 μὲν
1452 3431 1619 3501 νόμος
1640 3429 1729 3484 διὰ

165 3531 407 3595 Μωσέως,
438 3527 765 3600 ἀνθρώπους
823 3525 1139 3597 καθίστησιν
1177 3525 1454 3595 ἀρχιερεῖς
1506 3521 1730 3592 ἔχοντας

164 3623 450 3676 ἀσθένειαν·
496 3623 525 3674 δ
555 3619 713 3687 λόγος
740 3618 797 3672 δὲ
818 3618 918 3686 τῆς
946 3616 1293 3688 ὁρκωμοσίας
1337 3614 1435 3684 τῆς
1476 3611 1617 3683 μετὰ
1640 3611 1730 3664 τὸν

166 3716 335 3786 νόμον,
367 3713 503 3766 Υἱὸν
537 3715 616 3775 είς
657 3713 750 3764 τὸν
779 3711 951 3765 αἰῶνα
992 3705 1430 3777 τετελειωμένον.
1463 3724 1481 3755 ι
1521 3702 1731 3758 Οὐκοῦν

166 3806 400 3863 καθίκετο
440 3806 548 3878 μὲν
590 3805 648 3871 ἐξ
683 3802 915 3876 ούρανοῦ
954 3804 982 3855 6
1023 3801 1217 3869 Λόγος,
1257 3799 1349 3851 καὶ
1382 3797 1573 3866 γέγονε
1607 3793 1730 3850 καθ’

166 3901 316 3970 ἡμᾶς,
350 3899 458 3953 τῶν
527 3897 698 3967 ἁγίων
736 3894 1045 3966 λειτουργὸς
1099 3891 1325 3960 καὶτῆς
1380 3889 1585 3960 σκηνῆς
1632 3888 1732 3960 τῆς

169 3991 408 4061 ἀληθινῆς
460 3990 533 4062 ἥν
580 3988 779 4060 ἔπηξεν
817 3991 845 4041 6
888 3986 1108 4057 Κύριος,
1154 3984 1246 4036 καὶ
1283 3982 1383 4035 οὐκ
1425 3979 1729 4051 ἄνθρωπος.

181 4083 307 4136 Ἀλλ’
361 4084 459 4137 οὐκ
517 4082 695 4135 ἐδόκει
750 4081 966 4150 φρονεῖν
1017 4075 1154 4147 ὀρθὰ
1210 4077 1323 4137 τοῖς
1385 4072 1445 4137 ἐξ
1503 4072 1733 4143 αἵματος

182 4176 399 4249 Ίοραήλο
449 4174 841 4242 άντεξάγοντες
890 4171 946 4224 δὲ
978 4170 1166 4239 ὥσπερ
1212 4166 1362 4238 αὐτῷ
1393 4166 1454 4220 τὸ
1485 4166 1613 4220 ίδιον
1642 4163 1732 4217 θέο

172 4266 305 4337 λημα
340 4270 450 4332 τοῖς
481 4270 550 4321 ἐκ
584 4265 781 4336 φθόνου
812 4263 988 4334 βέλεσι
1012 4260 1367 4332 πολυτρόπως
1400 4256 1644 4320 ἔϐαλλον,
1670 4256 1731 4309 οὐ

173 4356 418 4429 γλώττης,
443 4357 506 4410 οὐ
546 4355 783 4427 θράσους
806 4392 821 4418 ,
852 4354 952 4406 οὐκ
1003 4350 1247 4404 ἐκτόπων
1286 4348 1732 4419 ἐπιχειρημάτων

173 4447 241 4500 ἔτι
260 4448 580 4519 φειδόμενοι,
603 4443 905 4506 διολλύντες
936 4442 994 4495 δέ
1024 4442 1164 4510 σφᾶς
1188 4439 1385 4502 αὐτοὺς
1412 4440 1462 4491 οί
1487 4438 1727 4501 δείλαιοι,

1819 672 2005 735 homo,
2045 687 2209 742 quem
2225 686 2328 743 ego
2357 672 2598 743 elegero,
2628 672 2782 742 virga
2809 672 2930 742 ejus
2945 671 3278 742 germinabit
3304 688 3319 737 ;
3349 681 3407 726 et

1819 764 2065 819 auferam
2097 780 2127 818 a
2152 773 2204 818 te
2249 766 2743 819 murmurationem
2779 763 3014 819 filiorum
3060 763 3256 828 Israel,
3297 778 3406 833 qua

1819 856 1921 925 ipsi
1950 861 2302 910 murmurant
2330 855 2593 910 adversus
2612 871 2729 909 vos.
2770 855 3072 910 Et-locutus
3092 863 3177 910 est
3197 855 3406 926 Moyses

1819 946 1947 1000 ﬁliis
1980 946 2189 1012 Israel;
2220 954 2276 1000 et
2295 946 2573 1001 dederunt
2604 947 2683 1000 illi
2723 960 2915 1002 omnes
2948 946 3227 1017 principes
3253 946 3405 1016 ipso-

1819 1054 1942 1093 rum
1990 1039 2221 1110 virgam,
2254 1039 2490 1109 principi
2513 1039 2607 1093 uni
2631 1038 2840 1109 virgam
2869 1053 2969 1108 per
2985 1038 3229 1108 singulos
3249 1038 3403 1108 prin-

1818 1130 2003 1201 cipes,
2040 1131 2343 1186 secundum
2374 1131 2565 1185 domos
2598 1130 2932 1184 familiarum
2963 1130 3228 1200 ipsorum,
3263 1130 3403 1185 duo-

1818 1223 1997 1278 decim
2034 1224 2250 1294 virgas:
2282 1234 2340 1279 et
2395 1224 2548 1295 virga
2593 1223 2774 1278 Aaron
2817 1222 2874 1277 in
2922 1222 3105 1277 medio
3129 1222 3403 1294 virgarum

1820 1315 2111 1385 ipsorum:
2149 1327 2205 1370 et
2227 1316 2473 1386 reposuit
2503 1316 2712 1387 Moyses
2732 1316 2913 1386 virgas
2950 1325 3075 1370 ante
3112 1316 3405 1372 Dominum

1820 1409 1877 1462 in
1910 1409 2265 1464 tabernaculo
2282 1409 2602 1464 testimonii.
2626 1409 2693 1463 Et
2712 1408 2917 1462 factum
2935 1414 3021 1463 est
3046 1408 3135 1463 die
3162 1417 3403 1479 postera,

1822 1498 2103 1570 ingressus
2133 1508 2216 1556 est
2243 1501 2455 1572 Moyses
2480 1508 2535 1555 et
2559 1502 2740 1555 Aaron
2789 1500 2847 1554 in
2882 1500 3291 1555 tabernaculum
3321 1510 3406 1555 te-

1821 1589 2093 1656 stimonii;
2123 1598 2179 1645 et
2202 1605 2330 1645 ecce
2360 1592 2760 1661 germinaverat
2775 1592 2926 1661 virga
2942 1590 3124 1644 Aaron
3156 1591 3211 1644 in
3242 1589 3408 1646 domo

1820 1680 1952 1736 Levi
1979 1723 1994 1745 ,
2047 1690 2104 1737 et
2133 1683 2407 1738 extulerat
2459 1698 2683 1753 germen
2708 1724 2722 1749 ,
2758 1691 2816 1738 et
2844 1683 3103 1738 emiserat
3137 1682 3320 1747 ﬂores,
3352 1690 3409 1739 et

1822 1774 2225 1845 germinaverat
2250 1790 2439 1829 nuces.
2472 1775 2540 1829 Et
2568 1775 2758 1830 eduxit
2781 1775 2991 1847 Moyses
3013 1790 3203 1830 omnes
3227 1775 3409 1844 virgas

1823 1880 1856 1919 a
1894 1874 2188 1936 conspectu
2217 1866 2432 1921 Domini
2463 1866 2531 1921 ad
2560 1881 2752 1922 omnes
2775 1866 2918 1922 filios
2944 1867 3111 1921 Israel
3137 1885 3149 1920 :
3178 1876 3236 1922 et
3255 1868 3409 1921 vide-

1824 1964 1978 2021 runt,
2014 1964 2074 2011 et
2109 1965 2443 2026 acceperunt
2470 1958 2848 2028 unusquisque
2887 1957 3095 2028 virgam
3121 1973 3310 2023 suam;
3352 1965 3409 2012 ct

1825 2047 2045 2104 locutus
2094 2057 2179 2104 est
2219 2050 2486 2106 Dominus
2534 2051 2603 2105 ad
2651 2051 2871 2123 Moysen
2902 2052 3161 2122 :Repone
3194 2052 3406 2122 virgam

1822 2141 2030 2206 Aaron,
2060 2156 2183 2210 quae
2213 2141 2574 2211 germinavit,
2606 2149 2732 2197 ante
2760 2143 3100 2206 testimonia,
3128 2150 3188 2196 ut
3220 2156 3407 2198 serve-

1824 2241 1916 2288 tur
1971 2232 2028 2287 in
2062 2232 2278 2304 signum
2316 2232 2444 2287 filiis
2478 2233 2942 2298 inobedientium,
2975 2242 3032 2288 et
3063 2240 3239 2287 cesset
3258 2249 3408 2287 mur-

1823 2326 2062 2381 muratio
2091 2340 2284 2380 eorum
2322 2340 2352 2379 a
2380 2340 2496 2389 me,
2520 2332 2576 2379 et
2604 2340 2714 2378 non
2750 2325 3057 2378 moriantur
3086 2325 3150 2378 ⁸⁷.
3196 2344 3213 2375 ο
3250 2324 3407 2391 Quod

1826 2414 1996 2486 igitur
2029 2414 2180 2485 virga
2213 2414 2574 2485 germinavit,
2600 2407 2814 2484 signum
2845 2412 2901 2467 id
2921 2412 3144 2483 quidem
3172 2428 3283 2467 non
3303 2412 3407 2467 ob-

1825 2521 2050 2562 scurum
2082 2506 2207 2572 fuit,
2239 2522 2350 2577 quo
2372 2505 2747 2561 declararetur
2776 2519 2845 2557 ex
2868 2503 3017 2557 tribu
3053 2503 3189 2558 Levi
3228 2503 3408 2557 admid

1826 2597 2059 2652 randum
2100 2597 2255 2651 illum
2288 2597 2472 2652 virum
2508 2595 2689 2650 Aaron
2723 2594 3010 2665 splendide
3049 2602 3213 2665 atque
3249 2608 3407 2665 egre-

1826 2688 1914 2760 gie
1962 2704 2084 2744 esse
2132 2687 2199 2742 ad
2252 2687 2546 2743 sacerdotii
2589 2700 2792 2742 munus
2822 2687 3058 2741 electum
3096 2687 3161 2740 “.
3198 2685 3328 2750 Sed,
3361 2686 3407 2741 si

1827 2782 1944 2838 haec
1972 2782 2162 2838 rudior
2192 2782 2362 2853 figura
2402 2781 2470 2836 ad
2512 2781 2853 2852 spiritualem
2883 2779 3407 2849 contemplationem

1829 2875 2177 2939 traducatur,
2209 2874 2416 2930 Christi
2446 2874 2770 2946 mysterium
2815 2888 3009 2927 rursus
3041 2871 3301 2926 elucebit.

1900 3053 2093 3109 PALL.
2112 3051 2239 3119 'Quo
2268 3051 2488 3106 tandem
2514 3048 2661 3104 istud
2682 3048 2881 3103 modo?

1897 3132 2056 3198 ΟΥΕ.
2081 3142 2175 3197 Ille
2218 3156 2458 3211 namque
2497 3140 2817 3195 Emmanuel
2852 3153 2883 3191 a
2910 3137 3022 3191 Deo
3055 3144 3111 3192 et
3135 3137 3295 3191 Patre
3332 3137 3410 3190 le—

1829 3235 2053 3306 gislator
2082 3232 2246 3288 simul
2288 3241 2344 3288 et
2368 3231 2612 3303 pontifex
2632 3239 2821 3285 noster
2856 3230 3068 3284 electus
3092 3237 3195 3291 est,
3228 3228 3321 3298 qui
3347 3242 3409 3284 se

1830 3328 2008 3398 ipsum
2025 3326 2300 3381 victimam
2317 3339 2418 3394 pro
2433 3323 2594 3378 nobis
2608 3321 2835 3377 offerret
2859 3322 2925 3374 ‘9.
2942 3320 3010 3375 Ut
3043 3319 3189 3374 enim
3215 3319 3412 3375 beatus

1829 3419 2031 3475 Paulus
2077 3418 2153 3472 ait
2180 3435 2193 3470 :
2228 3437 2243 3468 ι
2275 3416 2390 3471 Lex
2439 3415 2661 3485 quidem
2686 3429 2783 3484 per
2811 3413 3031 3484 Moysen
3061 3411 3186 3468 data
3234 3411 3412 3465 homi-

1830 3527 1929 3567 nes
1971 3508 2257 3565 constituit
2303 3506 2625 3578 pontifices,
2678 3505 2947 3559 habentes
2998 3502 3409 3569 inﬁrmitatem;

1829 3617 2010 3659 sermo
2048 3608 2232 3655 autem
2254 3597 2634 3670 iurisiurandi,
2652 3595 2812 3667 342
2830 3595 2922 3665 qui
2952 3602 3079 3664 post
3108 3595 3280 3664 legem
3303 3601 3409 3657 est,

1830 3694 2030 3749 Filium
2058 3692 2113 3745 in
2160 3699 2426 3745 aeternum
2454 3686 2760 3759 perfectum
2793 3686 2859 3739 ⁷ο.
2892 3704 2911 3736 ι
2950 3684 3122 3756 Igitur
3167 3682 3410 3739 Verbum

1832 3786 1964 3840 illud
1991 3783 2277 3840 descendit
2308 3781 2531 3853 quidem
2557 3795 2588 3834 e
2615 3779 2791 3842 caelis,
2825 3786 2882 3833 et
2904 3776 3109 3831 factum
3126 3783 3210 3830 εει
3238 3775 3412 3829 nostri

1833 3878 2031 3942 simile,
2067 3882 2381 3931 sanctorum
2399 3872 2650 3926 minister
2672 3877 2728 3924 et
2754 3868 3088 3923 tabernaculi
3130 3866 3243 3923 veri
3263 3866 3412 3937 quod
3456 3902 3468 3913 .

1834 3967 1951 4023 ﬁxit
1975 3968 2140 4031 Deus,
2167 3973 2223 4020 et
2246 3979 2358 4020 non
2377 3964 2563 4017 homo.
2594 3960 2698 4015 Sed
2725 3960 2815 4023 iis,
2834 3958 2929 4029 qui
2951 3968 3189 4013 erantex
3212 3972 3412 4029 genere

1834 4059 2024 4125 Israel,
2057 4073 2167 4113 non
2204 4065 2350 4111 recte
2377 4054 2581 4109 sentire
2607 4052 2897 4106 videbatur
2929 4068 2942 4103 :
2970 4051 3158 4120 itaque
3187 4064 3313 4104 cum
3329 4050 3412 4105 illi

1834 4165 1990 4207 suam
2013 4150 2255 4220 ipsorum
2267 4149 2604 4203 voluntatem
2632 4151 2992 4214 Opponerent,
3019 4142 3075 4195 in
3102 4142 3254 4196 illum
3272 4141 3412 4197 invi-

1836 4244 1942 4299 diae
1968 4242 2150 4315 jacula
2176 4238 2476 4295 multifarie
2507 4236 2896 4307 conjecerunt;
2924 4248 3035 4287 non
3051 4232 3268 4302 linguas,
3300 4248 3410 4288 non

1833 4335 2097 4399 audaciae,
2114 4348 2226 4387 non
2240 4328 2465 4385 nefariis
2482 4328 2593 4397 jam
2622 4325 2912 4381 conatibus
2922 4330 3301 4394 pepercerunt,
3315 4324 3413 4381 sed

1837 4429 1893 4484 i‘n
1918 4442 2074 4482 suam
2110 4412 2215 4495 ipsi
2254 4420 2556 4492 perniciem
2595 4417 2783 4473 miseri
2818 4425 3096 4487 postremo
3122 4415 3412 4472 crucifixe-

176 4509 283 4592 καὶ.
304 4509 608 4593 τελευταῖον
653 4535 1024 4606 ἐσταύρωσαν.
1066 4509 1212 4603 Πλὴν
1257 4529 1547 4585 ἀνέϐαλλεν
1575 4531 1608 4600 ἠ
1638 4527 1728 4601 ῥά-

1838 4528 1987 4576 runt.
2014 4518 2121 4574 Sed
2156 4513 2404 4571 refloruit
2432 4513 2583 4583 virga
2601 4511 2668 4567 de
2692 4510 2878 4565 radice
2903 4509 3075 4573 Jesse,
3112 4510 3414 4564 resurrexit

173 4630 249 4693 δος
277 4632 309 4703 ὴ
336 4634 398 4685 ἐκ
432 4631 592 4703 ῥίζης
633 4628 852 4682 ’ῐεσσαίο
904 4626 1073 4697 ἀνέφυ
1118 4625 1229 4697 γὰρ
1278 4624 1343 4696 δὴ
1386 4624 1481 4677 καὶ
1535 4622 1736 4677 ἀνεϐίω

174 4719 409 4791 Χριστὸς,
431 4722 602 4784 λύσας
636 4720 732 4782 τὰς
765 4718 960 4781 ὀδύνας
1017 4714 1111 4770 τοῦ
1147 4714 1402 4782 θανάτου,
1447 4712 1592 4768 καθὰ
1640 4713 1736 4781 γέ-

174 4828 396 4886 γραπται
416 4832 429 4844 °
454 4813 601 4886 ζωὴν
626 4813 734 4885 γὰρ
766 4812 898 4866 δντα
923 4810 1065 4864 κατὰ
1094 4808 1281 4879 φύσιν,
1316 4808 1392 4872 ώς
1426 4806 1579 4870 Θεὸν,
1619 4805 1736 4868 πῶς

174 4899 234 4976 ἦν
282 4907 420 4971 εἰκὸς
477 4904 799 4979 κρατεῖσθαι
842 4901 1077 4972 θανάτῳ,
1113 4902 1209 4954 καὶ
1250 4899 1374 4969 οὐχὶ
1422 4897 1488 4969 δὴ
1539 4896 1736 4967 μᾶλλον

176 4998 494 5069 καταθλῆσαι
517 4998 756 5071 φθορᾶςς
789 4997 1000 5066 Ὠσπερ
1027 4994 1083 5047 δὲ
1117 4994 1177 5046 τὸ
1205 4988 1479 5060 ἀναφῦναι
1506 4990 1607 5060 τὴν
1636 4988 1736 5060 ῥά-

178 5087 306 5155 ϐδον,
330 5092 421 5145 καὶ
454 5091 809 5146 ἀναϐλαστεῖν
833 5089 1114 5160 ἀδοκήτως
1152 5085 1212 5139 τὸ
1240 5084 1465 5147 ἀνανθὲς
1509 5083 1609 5155 ἤδη
1645 5081 1738 5144 ξύ-

176 5178 500 5254 λον,“διαρκές
513 5186 625 5244 τοῖς
641 5181 1012 5254 ἀρχαιοτέροις
1031 5195 1095 5250 ση
1106 5179 1254 5249 μεῖον
1265 5172 1332 5245 ἦν
1346 5175 1441 5229 τοῦ
1458 5175 1546 5229 διὰ
1557 5175 1736 5245 ψήφου

177 5270 267 5341 τῆς
281 5273 479 5327 ἀνωθεν
496 5275 574 5337 είς
588 5273 847 5344 ἀρχιερέα
867 5268 1349 5341 κεχειροτονῆσθαι
1374 5266 1467 5319 τὸν
1504 5264 1735 5334 ’Λαρώνο

180 5361 306 5415 οὕτω
336 5365 531 5435 φαμὲν,
556 5365 640 5418 ὅτι
679 5361 909 5434 λαμπρά
934 5377 995 5413 τε
1033 5360 1129 5413 καὶ
1181 5358 1417 5429 ἐναργὴς
1454 5356 1549 5409 καὶ
1596 5356 1733 5408 ἀπο-

180 5453 349 5523 χρῶσα
368 5456 484 5509 λίαν
513 5455 780 5520 ἀπόδειξις
825 5471 921 5507 του
951 5451 1043 5505 καὶ
1071 5449 1203 5503 Θεὸν
1232 5444 1371 5502 εἶναι
1400 5446 1541 5502 κατά
1571 5445 1732 5516 φύσιν

180 5543 260 5595 τὸν
307 5546 667 5619 Ἐμμανουὴλ,
694 5547 754 5600 τὸ
800 5548 1040 5611 πατῆσαι
1071 5543 1321 5604 θάνατον,
1360 5541 1453 5592 καὶ
1498 5537 1732 5592 ἀναϐιῶ-

184 5650 260 5688 ναι
315 5637 626 5711 θεοπρεπῶς
646 5679 662 5695 .
692 5639 804 5694 Kal
837 5636 969 5707 γοῦν
1020 5634 1181 5698 αὐτὸς
1208 5637 1237 5688 6
1259 5632 1516 5705 Χριστὸς,
1551 5630 1730 5687 καίτοι

250 5751 289 5782 ⁸⁷
339 5752 496 5809 Num.
554 5770 685 5819 xvii,
746 5753 904 5812 2-H.
982 5753 1026 5786 “
1060 5752 1228 5809 Hebr.
1271 5767 1364 5817 vn,
1401 5752 1627 5822 Sseqq;
1696 5751 1750 5782 -⁶⁹
1787 5749 1957 5804 Hebr.
2002 5760 2076 5807 Ix,
2122 5742 2203 5794 Η.

1837 4613 2112 4675 Christus,
2140 4609 2337 4665 solutis
2378 4604 2667 4664 doloribus
2698 4602 2900 4657 inferni
2921 4641 2935 4666 ,
2971 4601 3117 4656 sicut
3146 4602 3435 4671 scriptum.

1833 4717 1919 4763 est
1944 4708 1986 4739 '“
2024 4723 2039 4760 :
2066 4704 2162 4775 qui
2193 4703 2339 4759 enim
2366 4710 2628 4770 tanquam
2656 4697 2803 4751 Deus
2827 4695 2944 4765 ipsa
2968 4695 3083 4749 vita
3110 4692 3415 4748 secundum

1832 4806 2086 4855 naturam
2129 4803 2267 4859 erat,
2326 4808 2454 4849 eum
2505 4806 2612 4861 qua
2665 4789 2877 4843 ratione
2934 4800 3153 4856 aequum
3221 4782 3418 4839 fuisset

1834 4900 2013 4946 morte
2041 4887 2298 4950 detineri,
2343 4900 2406 4939 ac
2436 4899 2546 4938 non
2568 4881 2750 4951 potius
2781 4879 2851 4933 ab
2884 4893 2951 4933 eo
2990 4877 3167 4947 ipsum
3195 4888 3415 4945 quoque

1836 4982 2121 5037 interitum
2152 4975 2492 5048 expugnari?
2525 4973 2631 5029 Sed
2671 4980 2733 5026 ut
2782 4970 2995 5026 aridum
3039 4969 3150 5038 jam
3183 4966 3318 5021 illud
3342 4965 3413 5019 Ii-

1835 5088 2023 5147 gnum.
2053 5087 2178 5128 cum
2205 5069 2560 5142 geminasset
2586 5074 2750 5133 atque
2783 5061 3078 5131 derepente
3118 5056 3413 5120 ﬂoruisset,

1840 5168 2058 5239 signum
2087 5164 2193 5219 fuit
2223 5161 2432 5224 eﬂicax,
2456 5173 2567 5230 quo
2600 5155 2883 5211 veteribus
2904 5153 3013 5207 illis
3044 5150 3416 5205 declararetur

1837 5274 2075 5331 superno
2107 5256 2366 5326 suffragio
2388 5254 2568 5309 Aaron
2622 5261 2895 5305 summum
2927 5243 3263 5301 sacerdotem
3293 5254 3414 5295 esse

1838 5360 2084 5409 creatum
2118 5365 2130 5402 :
2161 5348 2241 5404 sic
2280 5345 2514 5401 dicimus
2552 5340 2872 5412 praeclarum
2904 5344 2962 5391 ct
2988 5334 3216 5389 evidens
3251 5340 3415 5402 atque

1841 5442 2099 5496 idoneum
2117 5453 2236 5494 esse
2251 5440 2655 5507 argumentum,
2683 5444 2793 5499 quo
2806 5427 3068 5497 probetur
3094 5425 3263 5480 Deum
3290 5437 3413 5477 esse

1838 5530 2141 5590 secundum
2187 5537 2441 5582 naturam
2495 5522 2673 5591 ipsum
2735 5515 3078 5579 Emmanuel,
3119 5514 3175 5567 in
3205 5528 3271 5566 eo
3302 5525 3415 5580 quo

1838 5634 2071 5683 mortem
2092 5619 2345 5681 calcavit,
2383 5624 2460 5679 et,
2515 5624 2577 5668 ut
2620 5613 2733 5667 Deo
2770 5610 2995 5683 dignum
3029 5615 3166 5672 erat,
3193 5604 3411 5660 revixit.

2307 5737 2352 5768 7°
2398 5733 2566 5790 IIebr.
2607 5746 2699 5795 vn,
2734 5730 2823 5783 28.
2900 5730 2939 5759 "’
2976 5727 3096 5780 Act.
3125 5741 3180 5790 ιι,
3211 5723 3301 5783 24,
