3982 6516
556 364 663 422 675

1544 362 1600 416 S.
1644 358 1920 416 CYRILLI
1958 356 2431 416 ALEXANDRINI
2469 356 2791 415 ARCHIEP.

3711 356 3803 410 676

556 483 744 553 Itaque
774 481 917 538 idem
950 480 1063 553 ipse
1082 480 1354 545 Christus,
1379 480 1630 550 quamvis
1656 478 1807 534 nullo
1833 476 2053 549 negotio
2075 492 2134 531 ac

2244 478 2351 529 πᾶν
2388 474 2567 528 ὁτιοῦν
2602 474 2710 527 τῶν
2758 471 2898 546 ύπέρ
2944 489 3006 540 γε
3038 472 3098 525 τὸ
3134 470 3279 535 είκδς
3313 472 3407 524 καὶ
3428 471 3591 538 λόγον
3622 470 3807 523 imm-

554 577 715 632 facile
734 585 935 647 posset,
955 574 1218 645 quidquid
1238 589 1405 644 supra
1428 573 1744 644 opinionem
1772 587 1835 626 ac
1869 570 2135 624 rationem

555 677 721 729 esset,
755 666 1040 736 perﬁcere,
1074 665 1286 736 signum
1312 664 1628 736 petentibus
1644 663 1848 718 Judmis
1870 661 2086 716 dicebat
2120 678 2133 712 :

564 776 584 809 ι
622 758 915 812 Generatio
958 757 1075 811 haec
1101 772 1265 826 prava
1298 765 1403 819 est,
1456 755 1671 825 signum
1718 753 1935 823 quaarit,
1972 761 2028 806 et
2058 751 2134 805 si-

555 865 719 916 gnum
757 864 865 901 non
889 848 1110 902 dabitur
1142 848 1215 912 ei,
1257 848 1362 902 nisi
1402 848 1618 917 signum
1648 847 1798 901 Iona:
1834 845 2134 915 prophetae.

556 940 708 994 Sicut
762 938 909 992 enim
935 938 1043 993 fuit
1071 940 1239 994 Jonas
1269 938 1324 992 in
1356 948 1547 992 ventre
1576 938 1683 991 ceti
1718 937 1896 991 tribus
1941 935 2138 989 diebus

556 1040 616 1083 et
638 1030 815 1085 tribus
840 1030 1117 1094 noctibus,
1154 1030 1233 1085 sic
1266 1030 1371 1083 erit
1398 1028 1567 1083 Filius
1602 1027 1841 1081 hominis
1882 1026 1937 1079 in
1974 1024 2138 1079 corde

554 1128 716 1172 terra:
765 1118 947 1173 tribus
975 1118 1172 1173 diebus
1209 1127 1263 1172 et
1292 1118 1469 1172 tribus
1501 1117 1757 1171 noctibus
1815 1117 1878 1168 7'.
1920 1134 1937 1165 ι
1972 1114 2141 1184 Igitur

554 1208 769 1262 celebre
793 1224 923 1262 sane
948 1217 1005 1264 et
1029 1208 1241 1263 illustre
1262 1209 1476 1279 signum
1504 1216 1609 1271 est,
1638 1217 1692 1262 et
1712 1208 1798 1271 iis,
1822 1208 1915 1276 qui
1948 1221 2139 1261 revera

552 1300 852 1370 prudentes
894 1311 1041 1366 sunt,
1098 1302 1232 1356 satis
1272 1302 1460 1355 ellicax
1501 1300 1569 1356 ad
1616 1300 1775 1354 ﬁdem
1811 1299 2137 1363 faciendam,

555 1390 735 1461 ipsum
768 1392 965 1446 Filium
996 1391 1298 1446 secundum
1325 1400 1577 1445 naturain
1603 1406 1722 1445 esse
1748 1392 1941 1453 Deum,
1980 1400 2034 1444 et
2073 1406 2139 1444 ex

553 1481 667 1536 Deo
685 1483 841 1537 Patre
863 1490 1063 1546 ortum,
1088 1484 1191 1537 hoc
1214 1483 1409 1552 ipsum,
1434 1484 1577 1552 quod
1602 1492 1829 1537 mortem
1850 1483 2137 1547 destruxit,

553 1584 611 1630 et
632 1574 876 1629 reﬂoruit
912 1575 976 1629 ad
996 1576 1179 1629 vitam.
1210 1594 1227 1626 ι
1259 1576 1452 1629 Factus
1473 1576 1618 1630 enim
1642 1584 1724 1629 est
1747 1574 1859 1644 ipse
1889 1576 2141 1643 primitiu:

554 1664 965 1729 dormientium,
988 1675 1048 1720 'et
1068 1666 1464 1735 primogenitus
1486 1682 1551 1720 ex
1580 1666 1812 1719 mortuis
1835 1667 1911 1729 ⁷³;
1938 1684 1956 1716 ι
1977 1664 2140 1733 idque

556 1755 775 1825 signum
811 1754 937 1810 filiis
964 1756 1396 1811 inobedientium
1428 1764 1511 1810 est
1541 1756 1750 1820 datum,
1791 1771 1902 1825 quo
1940 1754 2141 1808 intelli-

553 1846 975 1917 gantChristum
1006 1848 1101 1902 Dei
1144 1863 1208 1901 ac
1240 1848 1415 1901 Patris
1458 1848 1717 1919 suffragio
1749 1864 2022 1902 summum
2050 1864 2137 1902 sa-

554 1938 827 1993 cerdotem
856 1948 1105 1994 nostrum
1136 1956 1256 1994 esse
1278 1939 1502 2003 factum,
1539 1957 1557 1989 ι
1586 1948 1857 2003 sanctum,
1881 1939 2141 1993 innocen-

554 2035 685 2092 tem,
736 2029 1122 2099 impollutum,
1182 2040 1524 2101 segregatum
1574 2046 1606 2083 a
1659 2030 2043 2100 peccatoribus
2086 2035 2141 2082 et

553 2121 904 2177 excelsiorem
927 2122 1080 2177 oculis
1102 2122 1325 2187 factum,
1360 2141 1377 2173 ι
1418 2123 1560 2177 sicut
1589 2123 1855 2192 scriptum
1877 2131 1960 2176 est
1986 2122 2052 2175 ⁷⁸.

620 2300 815 2355 PALL.
845 2301 951 2356 Sed
996 2318 1108 2356 non
1152 2302 1330 2357 solum
1382 2302 1712 2373 germinavit
1762 2306 1913 2375 virga
1960 2303 2139 2357 Aaron

556 2394 634 2464 (id
655 2394 800 2447 enim
827 2410 994 2449 sacra:
1017 2395 1235 2450 Littera:
1262 2394 1423 2449 modo
1436 2396 1598 2450 nobis
1626 2397 2028 2467 ostenderunt),
2045 2398 2139 2451 sed

554 2472 787 2559 protulit
810 2503 999 2543 nuces.
1033 2487 1094 2543 ld
1142 2502 1276 2542 vero
1297 2487 1527 2558 aenigma
1561 2488 1693 2559 quid
1718 2488 2008 2560 signiﬁcet,
2052 2493 2140 2545 in-

557 2580 804 2650 telligere
832 2594 1068 2649 nequeo.

623 2670 783 2742 353
812 2669 968 2725 ΟΥΕ.
1014 2670 1259 2727 Primum
1309 2672 1555 2742 quidem,
1603 2672 1829 2738 Palladi,
1878 2674 2014 2728 nihil
2041 2676 2139 2730 ab-

557 2762 711 2818 surdi
734 2770 837 2827 est,
856 2762 923 2817 de
949 2778 1088 2817 nuce
1113 2774 1446 2834 assumptam
1467 2780 1587 2819 esse
1610 2766 1819 2835 virgam
1838 2766 2137 2835 suspicari;

556 2862 780 2924 eratque
825 2854 1019 2926 priscis
1064 2855 1171 2909 illis
1223 2854 1281 2909 in
1338 2871 1488 2911 more
1548 2857 1786 2925 positum
1838 2858 2036 2913 talibus
2062 2860 2140 2913 uti

557 2945 805 3014 sceptris.
856 2946 1062 3002 Deinde
1121 2962 1273 3011 vero,
1323 2948 1369 3001 si
1423 2947 1692 3002 rationem
1728 2949 2141 3006 accommodare

556 3045 811 3107 Oporteat
834 3039 920 3093 his
962 3042 1525 3111 contemplationibus
1564 3053 1980 3112 congruentem,
2005 3043 2140 3099 illud

2243 568 2447 639 ραίνειν
2486 567 2727 638 ἀμογητὶ
2748 566 2840 618 xui
2871 564 3109 627 εὐκόλως
3139 564 3460 632 δυνάμενος,
3493 563 3612 623 τοῖς
3646 561 3703 612 τὸ
3728 578 3808 630 ση-

2242 662 2392 729 μεῖον
2460 658 2702 712 αἰτοῦσιν
2750 657 3006 726 ἔφασκεν
3048 675 3067 708 ι
3105 654 3170 709 Ἦ
3216 654 3382 723 γενεὰ
3416 653 3562 724 αῦτη
3619 657 3812 721 πονηρά

2238 752 2377 803 ἐστι·
2408 753 2634 821 σημεῖον
2668 750 2828 811 αἰτεῖ,
2864 749 2957 801 xui
2992 750 3216 817 σημεῖον
3249 748 3309 800 ού
3350 746 3648 815 δοθήσεται
3670 744 3811 814 αὐτῇ,

2238 843 2287 894 εί
2315 841 2389 912 μὴ
2439 841 2501 894 τὸ
2560 844 2782 911 σημεῖον
2826 841 2981 893 Ἰωνᾶ
3020 838 3114 891 τοῦ
3148 840 3453 910 προῳήτου.
3484 837 3702 904 Ὥσπερ
3724 838 3814 902 γὰρ

2237 928 2306 1004 ἦν
2341 934 2525 995 Ἰωνᾶς
2548 935 2605 986 ὲν
2636 936 2702 1003 τῇ
2740 932 2915 1003 κοιλίᾳ
2948 931 3040 984 τοῦ
3070 932 3268 1001 κήτους
3294 930 3447 999 τρεῖς
3496 928 3716 997 ἡμέρας
3735 928 3815 976 ni

2238 1028 2387 1095 τρεῖς
2420 1025 2640 1088 νύκτας,
2690 1022 2863 1085 οὕτως
2902 1023 3054 1076 ἔσται
3090 1022 3118 1072 ὁ
3148 1022 3275 1085 Υἱὸς
3301 1020 3396 1073 τοῦ
3446 1016 3743 1088 ἀνθρώπου
3770 1018 3815 1067 ἐν

2238 1120 2303 1188 τῇ
2328 1117 2523 1187 καρδίᾳ
2560 1117 2658 1186 τῆς
2692 1116 2795 1185 γῆς
2820 1117 2969 1186 τρεῖς
2994 1113 3211 1185 ἡμέρας
3239 1112 3334 1165 xui
3367 1112 3520 1181 τρεῖς
3562 1108 3808 1165 νύκτας..

2240 1207 2449 1262 Οὐκοῦν
2488 1208 2774 1278 διαϐόητον
2834 1206 3052 1277 ἀληθῶς
3093 1206 3189 1259 xui
3224 1203 3527 1276 περιφανὲς
3584 1202 3809 1268 σημεῖον,

2242 1299 2335 1352 xui
2358 1298 2563 1370 ἀρκοῦν
2588 1302 2668 1363 είς
2700 1300 2885 1354 πίστιν
2911 1303 3023 1362 τοῖς
3052 1316 3116 1367 γε
3143 1298 3219 1361 ὼς
3248 1296 3467 1366 ἀληθῶς
3495 1292 3809 1360 εὐγνώμοσι.

2241 1392 2335 1445 τοῦ
2374 1392 2515 1444 κατὰ
2542 1392 2704 1462 φύσιν
2733 1388 2873 1446 εἶναι
2908 1392 3040 1445 Θεὸν
3068 1391 3163 1444 xui
3190 1391 3255 1441 ὲκ
3284 1387 3421 1440 Θεοῦ
3470 1384 3694 1453 Πατρὸς
3733 1400 3813 1434 πει

2244 1484 2470 1552 φυκέναι
2499 1484 2587 1536 τὸν
2626 1484 2778 1548 Υἱδν,
2827 1484 2890 1537 τὸ
2928 1482 3279 1552 καταργῆσαι
3317 1479 3409 1531 τὸν
3458 1477 3696 1529 θάνατον
3736 1474 3813 1526 xui

2244 1574 2469 1646 φθορὰν,
2512 1575 2604 1628 xui.
2621 1575 2884 1629 ἀναθάλαι
2924 1574 3059 1645 πρὸς
3100 1573 3264 1643 ζωήν.
3306 1591 3323 1622 ι
3355 1571 3557 1638 Γέγονε
3584 1567 3695 1637 γὰρ
3729 1568 3811 1619 ait.

2242 1667 2331 1730 τὸς
2363 1668 2583 1737 ἀπαρχὴ
2622 1668 2728 1720 τῶν
2766 1664 3209 1736 κεκοιμημένων,
3254 1665 3349 1716 xui
3384 1661 3735 1731 πρωτότοκος
3761 1662 3813 1713 ἑκ

2243 1760 2351 1812 τῶν
2380 1758 2610 1830 νεκρῶν.
2647 1779 2665 1810 ι
2693 1761 2805 1812 Καὶ
2835 1758 3042 1812 δέδοται
3070 1758 3130 1810 τὸ
3155 1758 3378 1826 σημεῖον
3408 1755 3527 1816 τοῖς
3560 1753 3699 1813 υίοίς
3724 1750 3813 1803 τῶν

2240 1852 2508 1922 ἀνηκόων,
2542 1851 2617 1913 ὡς
2648 1851 2713 1903 ἂν
2750 1850 2941 1903 εἰδεῖεν
2972 1852 3052 1904 ὅτι
3088 1850 3252 1919 ψήφῳ
3281 1846 3373 1899 τοῦ
3406 1844 3548 1899 Θεοῦ
3589 1844 3687 1895 xui
3720 1843 3813 1894 Πσο

2238 1943 2365 2013 τρδς
2404 1945 2689 2013 ἀρχιερεὺς
2730 1944 2954 2012 γέγονεν
2990 1943 3281 2013 ὲφ”ήμᾶςὸ
3308 1938 3569 2009 Χριστὸς.
3611 1954 3630 1985 ι
3668 1937 3807 1997 ὅπως,

2240 2037 2467 2099 ἄκακος,
2513 2037 2796 2105 ἀμίαντος,
2840 2034 3247 2105 κεχωρισμένος
3279 2033 3388 2086 ἀπὸ
3426 2032 3541 2085 τῶν
3571 2033 3809 2103 ἁμαρτω-

2240 2128 2367 2191 λῶν,
2388 2129 2481 2181 xui.
2501 2128 2829 2198 ὑψηλότερος
2859 2127 2967 2181 τῶν
2996 2125 3240 2197 οὐρανῶν
3272 2124 3593 2195 γενόμενος,
3629 2143 3647 2175 ι
3689 2124 3811 2175 κατὰ

2241 2219 2299 2272 τὸ
2328 2219 2740 2291 γεγραμμένον.

2312 2313 2523 2365 ΠΑΛΛ.
2577 2310 2720 2362 Ἀλλ’
2766 2308 3031 2381 ἐξήνθησε
3108 2310 3207 2381 μὲν
3275 2310 3407 2380 ἡμῖν
3460 2309 3495 2379 ἡ
3553 2306 3807 2378 ράὁδοςὴ

2252 2401 2499 2472 ’Δαρὼνο
2534 2401 2684 2453 τουτὶ
2722 2401 2831 2471 γὰρ
2873 2402 3006 2470 ἡμῖν
3052 2400 3255 2471 ἀρτίως
3302 2401 3330 2451 δ
3379 2398 3526 2469 ίερὸς
3584 2396 3807 2458 ὑπέδειξε

2240 2492 2415 2561 λόγος’
2454 2491 2713 2563 ἐξήνθησε
2758 2492 2815 2545 δὲ
2870 2492 3086 2563 κάρυα·
3139 2491 3234 2544 καὶ
3273 2491 3323 2543 τί
3375 2489 3441 2560 δὴ
3475 2490 3537 2541 τὸ
3577 2490 3807 2558 αἴνιγμα,

2243 2589 2379 2639 νοεῖν
2403 2586 2502 2639 ούκ
2535 2585 2662 2655 ἔχω.

2314 2677 2477 2732 ΚΥΡ.
2501 2677 2755 2731 Μάλιστα
2785 2676 2905 2749 μὲν,
2929 2670 2973 2729 ὦ
3001 2674 3287 2739 Παλλάδιε,
3315 2674 3377 2728 τὸ
3402 2673 3634 2735 ἀπεικὸς
3656 2672 3804 2733 οὐδὲν,

2241 2772 2305 2824 ὲκ
2334 2769 2545 2841 καρύας
2577 2768 2829 2839 εἰλῆφθαι
2859 2768 2957 2839 τὴν
2994 2766 3184 2837 ῥάϐδον
3211 2767 3482 2819 ὑπονοεῖν.
3525 2765 3638 2817 Καὶ
3670 2758 3733 2831 ἦν
3760 2764 3805 2813 ὲν

2241 2863 2353 2916 ἔθει
2378 2864 2491 2925 τοῖς
2518 2860 2685 2914 πάλαι
2738 2859 2799 2911 τὸ
2836 2860 2931 2912 xui.
2958 2857 3189 2910 τοιοῖσδέ
3241 2874 3384 2909 τισιν
3416 2852 3805 2925 ἀποκεχρῆσθιι

2244 2952 2562 3022 σκήπτροις.
2595 2950 2657 3002 Εἰ
2690 2948 2746 3001 δὲ
2789 2946 2853 3019 δὴ
2892 2948 2985 3001 xui
3024 2946 3181 3015 λόγον
3215 2946 3362 3017 ἡμᾶς
3394 2944 3705 3016 ἐφαρμόσαι
3741 2942 3806 2994 δεῖ

2240 3044 2333 3098 τὸν
2359 3046 2472 3107 τοῖς
2518 3041 2839 3113 θεωρήμασι
2870 3040 3181 3111 πρέποντα,
3227 3039 3499 3109 φράσαιμ’
3546 3037 3614 3089 ἂν
3652 3037 3805 3089 ἐκεῖνο

556 3143 724 3199 prope
756 3132 1134 3202 pervulgatum
1156 3133 1414 3199 dixerim,
1440 3112 1587 3204 quod
1609 3135 1774 3188 etiam
1801 3136 1946 3205 apud
1968 3151 2134 3205 quos-

2245 3135 2427 3199 πάλιν,
2460 3133 2488 3186 ὃ
2516 3112 2937 3202 ἐκτεθρύλληταί
2975 3147 3113 3197 πως,
3142 3129 3290 3182 δοκεῖ
3324 3128 3381 3181 δὲ
3412 3124 3555 3180 εἷναί
3587 3144 3694 3179 τισι
3726 3130 3803 3179 xui

556 3221 681 3277 dam
710 3223 815 3279 fide
837 3225 1062 3297 dignum
1103 3227 1342 3292 videtur,
1372 3244 1603 3283 nuceam
1626 3229 1835 3299 virgam
1860 3231 2007 3284 vires
2034 3230 2135 3283 ha-

555 3314 687 3370 bere
708 3316 778 3371 ad
825 3318 1160 3389 vigilantiam
1213 3321 1583 3385 tribuendam,
1614 3322 1661 3376 si
1692 3322 1838 3375 illam
1870 3322 1938 3375 ad
1969 3328 2136 3393 caput

555 3407 829 3477 quispiam
881 3412 1147 3479 posuerit,
1185 3412 1331 3481 quod
1373 3412 1601 3467 fortasse
1631 3414 1865 3467 naturali
1899 3414 2135 3483 quadam

556 3498 812 3553 facultate
854 3516 921 3555 ex
951 3503 1230 3557 voluntate
1255 3503 1351 3557 Dei
1381 3503 1546 3558 eflicit
1582 3522 1593 3557 :
1634 3506 1863 3575 ejusque
1913 3506 1992 3559 rei
2019 3506 2135 3575 ipse

556 3604 775 3659 quoque
797 3591 961 3657 Deus,
994 3594 1088 3662 qui
1124 3596 1306 3648 omnia
1345 3603 1400 3649 et
1428 3596 1583 3648 novit
1610 3604 1667 3649 et
1690 3596 1956 3660 condidit,
1976 3597 2137 3652 nobis

556 3680 960 3750 quodammodo
1017 3684 1176 3739 [idem
1227 3686 1391 3749 facit,
1451 3702 1575 3740 cum
1633 3688 1884 3743 Jeremize
1935 3688 2069 3743 dicit
2117 3705 2131 3741 :

566 3789 584 3820 ι
608 3770 749 3837 Quid
792 3780 847 3826 tu
880 3772 1066 3837 vides,
1108 3774 1380 3829 Jeremia?
1431 3797 1447 3826 ι
1485 3793 1721 3847 eumque
1745 3779 1790 3833 is
1816 3779 2132 3849 respondis-

557 3870 668 3917 set:
690 3882 708 3914 ι
728 3863 943 3935 Virgam
970 3881 1233 3931 nuceam;
1268 3886 1286 3916 ι
1316 3867 1386 3921 ad
1414 3868 1530 3922 haec
1562 3870 1706 3924 Deus
1748 3887 1760 3921 :
1802 3889 1819 3919 ι
1853 3870 2019 3925 Recte
2047 3870 2133 3924 vi-

557 3952 707 4019 disti,
739 3973 757 4006 ›
794 3955 990 4024 inquit,
1047 3975 1068 4007 ι
1124 3957 1289 4026 vigilo
1348 3959 1496 4012 enim
1560 3974 1661 4029 ego
1716 3975 1882 4029 super
1947 3960 2134 4016 verbis

557 4047 713 4111 meis,
746 4055 807 4102 ut
833 4047 1024 4103 faciam
1058 4049 1149 4103 illa
1172 4050 1236 4101 ⁷⁸.
1283 4069 1300 4100 ι
1340 4051 1447 4105 Pro
1477 4051 1769 4121 vigilantia;
1802 4052 1967 4121 igitur
1986 4068 2133 4123 sym-

557 4136 685 4192 bolo
718 4154 783 4193 ac
810 4150 938 4194 nota
966 4156 1075 4195 non
1113 4142 1390 4197 immerito
1416 4142 1569 4213 virga
1600 4158 1775 4197 nucea
1808 4144 2010 4212 poterit
2038 4159 2133 4198 ac-

556 4227 684 4298 cipi.
710 4229 874 4300 Atqui
898 4230 990 4285 illa
1030 4232 1235 4287 Christi
1264 4249 1294 4288 e
1324 4234 1561 4288 mortuis
1588 4236 1926 4289 resurrectio
1975 4235 2130 4305 quasi

555 4321 802 4390 quedam
827 4338 1072 4377 esomno
1108 4324 1387 4394 evigilatio
1427 4325 1551 4378 fuit.
1598 4326 1787 4395 Itaque
1820 4342 1918 4396 per
1958 4326 2130 4397 lyram

555 4428 774 4483 quoque
799 4414 1089 4469 Psallentis
1119 4416 1196 4469 ait
1238 4434 1250 4468 :
1307 4435 1325 4466 ι
1363 4418 1475 4487 Ego
1508 4417 1765 4482 dormivi,
1793 4426 1849 4473 et
1879 4434 2131 4473 somnum

2243 3233 2318 3297 ὡς
2340 3234 2398 3285 ὲν
2420 3230 2600 3284 πίστει
2627 3228 2834 3291 δεκτὸν,
2856 3227 2915 3281 τὸ
2946 3226 3020 3297 μὴ
3039 3224 3307 3289 ἀνικᾶνως
3331 3224 3479 3294 ἔχειν
3504 3226 3605 3294 τὴν
3634 3222 3803 3294 ραὖδον

2240 3324 2340 3395 τὴν
2372 3323 2637 3394 καρυῖνην
2669 3320 2901 3374 ἁῦπνίαν
2935 3320 3203 3388 ἐμποιεῖν,
3239 3319 3287 3369 εί
3316 3316 3456 3387 πρὸς
3488 3334 3554 3384 γε
3594 3315 3654 3367 τὸ
3683 3314 3803 3383 κάρι

2244 3416 2423 3471 κέοιτό
2444 3432 2626 3480 τινων,
2650 3415 2788 3484 τάχα
2811 3429 2912 3465 που
2934 3411 3195 3480 δυνάμεσι
3217 3411 3473 3477 φυσικαῖς
3498 3405 3802 3477 ἐνεργοῦσαν

2241 3510 2301 3563 τὸ
2327 3509 2517 3580 χρῆμα
2544 3506 2683 3561 κατὰ
2715 3505 2933 3576 θέλησιν
2963 3502 3119 3556 Θεοῦ.
3153 3500 3494 3554 Πιστώσεται
3518 3499 3576 3551 δέ
3606 3515 3716 3560 πως
3739 3500 3801 3560 εἰς

2240 3599 2398 3652 τοῦτο
2427 3600 2573 3668 ἡμᾶς
2595 3597 2688 3651 καὶ
2709 3596 2873 3658 αὐτὸς
2895 3594 3069 3662 λέγων
3114 3591 3250 3661 πρὸς
3293 3591 3427 3661 Ἰερε
3437 3590 3571 3659 μίαν
3602 3591 3629 3641 δ
3650 3588 3802 3640 πάντα

2242 3690 2429 3754 είὸὼς,
2481 3689 2574 3743 xui
2619 3688 2726 3740 τῶν
2780 3687 2918 3739 ὅλων
2962 3684 3321 3756 Δημιουργός·
3374 3700 3392 3733 ι
3433 3681 3501 3733 Τί
3547 3682 3612 3733 σὺ
3657 3680 3797 3750 δρᾷς,

2254 3782 2510 3854 Ίερεμία;
2540 3805 2554 3830 ι
2579 3781 2636 3834 Ὀ
2652 3780 2756 3841 δεμ
2781 3778 3091 3847 Βακτηρίαν
3122 3796 3139 3826 ι
3160 3776 3362 3843 λέγων(
3390 3774 3699 3845 καρυῖνην·.
3723 3771 3798 3820 καὶ

2240 3876 2305 3948 δὴ
2334 3875 2468 3945 πρὸς
2489 3872 2645 3927 τοῦτο
2672 3872 2824 3937 Θεόςς
2878 3889 2896 3921 ι
2921 3869 3123 3940 Ὀρθῶς
3153 3866 3424 3938 ἑώρακας,
3454 3885 3472 3915 ι
3499 3865 3659 3935 φησὶν
3692 3882 3707 3913 ι
3730 3863 3796 3915 ὅτι

2241 3968 2351 4037 ἐγὼ
2381 3967 2657 4038 ἐγρήγορα
2683 3965 2775 4017 ἐπὶ
2802 3964 2928 4026 τοὺς
2960 3962 3149 4029 λόγους
3190 3977 3313 4030 μου,
3350 3960 3442 4010 τοῦ
3468 3958 3687 4027 ποιῆσαι
3714 3954 3796 4007 αύ-

2239 4060 2383 4123 τούς.
2422 4076 2442 4108 ›
2484 4056 2743 4119 Ἀῦπνίας
2771 4049 2865 4107 οῦν
2897 4053 3004 4123 ἄρα
3036 4050 3300 4121 σύμϐολον
3328 4050 3487 4102 νοοῖτ⁹
3517 4048 3794 4105 suum;

2239 4152 2273 4221 ὴ
2317 4150 2510 4222 ῥάϐδος
2542 4150 2575 4219 ἡ
2610 4148 2863 4218 καρυῖνη.
2900 4145 3242 4217 Γρηγόρησις
3266 4144 3322 4196 δὲ
3349 4143 3539 4213 ὥσπερ
3571 4140 3627 4205 ἐξ
3648 4141 3790 4192 ὕπνου

2238 4243 2461 4311 γέγονεν
2487 4242 2520 4310 ἡ
2548 4242 2611 4293 ὲκ
2640 4237 2846 4308 νεκρῶν
2871 4236 3163 4299 ἀναθίωσις
3190 4234 3283 4287 τοῦ
3306 4233 3565 4305 Χριστοῦ.
3589 4233 3789 4299 Τοιγάρ-

2238 4351 2319 4387 τοι
2348 4332 2442 4386 xui
2468 4331 2555 4383 διὰ
2586 4329 2686 4399 τῆς
2719 4326 2814 4381 τοῦ
2846 4326 3153 4387 Ψάλλοντος
3180 4324 3349 4396 λύρας
3380 4322 3573 4393 φησίν·
3609 4340 3628 4370 ι
3672 4318 3789 4387 Ἐγὼ

2238 4422 2537 4493 ὲκοιμήθην
2575 4420 2666 4472 xui
2692 4418 2934 4482 ῦπνωσα,
2972 4414 3303 4487 ὲξηγέρθην,
3344 4416 3427 4468 ὅτι
3467 4414 3664 4483 Κύριος
3685 4413 3788 4463 ἀντ-

556 4508 675 4576 cepi
725 4524 738 4560 :
770 4507 1045 4577 evigilavi,
1087 4510 1211 4579 quia
1264 4511 1525 4566 Dominus
1564 4512 1803 4581 suscepit
1828 4528 1914 4567 me
1943 4513 2009 4567 ".
2048 4531 2067 4565 ι

2247 4514 2469 4571 ελὰὁετό
2503 4530 2624 4583 μου.
2667 4531 2685 4561 ι

636 4597 830 4651 PALL.
868 4599 1009 4654 Vera
1039 4600 1195 4656 dicis.

624 4686 784 4742 CYB.
819 4688 896 4743 De
930 4690 1157 4746 lucerna
1182 4708 1403 4764 quoque
1432 4711 1497 4751 ac
1533 4712 1741 4761 mensa,
1780 4714 1900 4767 quae
1921 4699 1974 4752 in
2019 4698 2135 4768 pri-

556 4794 648 4834 mo
684 4779 1041 4835 tabernaculo
1092 4783 1197 4837 sita
1226 4794 1401 4849 erant,
1451 4787 1530 4842 sic
1563 4797 1825 4856 praeterea
1872 4789 2135 4860 scriptum

555 4882 640 4927 est
670 4889 684 4924 :
731 4891 749 4923 ι
784 4872 850 4927 Et
871 4873 1091 4929 locutus
1121 4884 1205 4931 est
1236 4878 1499 4934 Dominus
1532 4880 1598 4934 ad
1625 4882 1865 4951 Moysen,
1896 4882 2086 4937 dicens
2122 4900 2135 4935 :

554 4968 797 5053 Praecipe
835 4967 963 5023 filiis
994 4968 1181 5033 Israel,
1213 4976 1270 5023 et
1289 4970 1559 5039 accipiant
1579 4970 1676 5024 tibi
1704 4971 1885 5025 oleum
1911 4988 2131 5041 purum,

554 5066 845 5113 contusum
896 5059 963 5113 ad
1016 5060 1224 5125 lumen,
1278 5069 1339 5114 ut
1374 5061 1567 5115 ardeat
1603 5062 1829 5117 lucerna
1868 5072 2135 5133 perpetuo

554 5159 707 5203 extra
735 5151 987 5205 velamen
1029 5152 1082 5205 in
1110 5152 1463 5206 tabernaculo
1488 5154 1786 5208 testimonii
1810 5171 1822 5219 ;
1864 5162 1918 5209 et
1945 5170 2137 5210 accen-

555 5240 651 5294 det
693 5241 827 5295 illud
862 5243 1044 5296 Aaron
1081 5251 1138 5297 et
1170 5242 1266 5297 filii
1314 5244 1434 5312 ejus
1466 5259 1497 5297 a
1526 5259 1753 5313 vespera
1774 5260 1947 5313 usque
1976 5260 2136 5299 mane

557 5332 611 5387 in
640 5344 934 5405 conspectu
988 5337 1202 5391 Domini
1246 5336 1470 5407 jugiter,
1509 5337 1811 5408 legitimum
1841 5338 2133 5408 sempiter-

557 5439 689 5478 num
722 5426 777 5479 in
813 5430 1104 5497 progenies
1140 5438 1370 5485 vestras.
1415 5430 1473 5483 lu
1509 5429 1836 5484 candelabro
1868 5446 2006 5500 puro
2035 5445 2129 5484 ac-

558 5514 803 5568 cendetis
854 5516 1106 5572 lucernas
1152 5534 1333 5571 coram
1384 5519 1616 5572 Domino
1653 5535 1826 5589 usque
1855 5533 2035 5581 mane,
2074 5526 2132 5572 et

558 5603 839 5674 accipietis
853 5605 1107 5669 similam,
1126 5616 1182 5661 et
1205 5608 1415 5664 facietis
1440 5626 1505 5664 ex
1526 5625 1589 5665 ea
1618 5608 1904 5664 duodecim
1924 5623 2125 5680 panes;

660 5721 706 5751 "
742 5729 875 5775 Luc.
909 5737 982 5784 τι,
1008 5720 1097 5783 9.9,
1128 5720 1215 5775 50.

2302 4606 2511 4660 DAAA.
2561 4601 2790 4673 Ἀληθὴς
2811 4603 2839 4654 δ
2865 4600 3043 4669 λόγος.

2306 4699 2467 4752 ΚΥΡ.
2498 4694 2706 4765 Δύχνου
2732 4693 2788 4746 δὲ
2822 4694 2915 4746 καὶ
2946 4692 3225 4763 τραπέζης
3253 4690 3402 4760 πέρι,
3436 4689 3541 4758 τῆς
3570 4688 3623 4739 έν
3649 4701 3702 4753 γε
3727 4684 3778 4752 τῇ

2235 4791 2427 4862 πρώτῃ
2461 4790 2654 4858 σκηνῇ,
2690 4785 2998 4855 γέγραπται
3027 4782 3188 4836 πάλιν
3218 4782 3333 4834 ὡδί·
3379 4801 3397 4833 ι
3447 4781 3556 4833 Καὶ
3586 4778 3780 4845 ὲλὰλησε

2236 4883 2439 4952 Κύριος
2488 4878 2623 4949 πρὸς
2676 4876 2880 4946 Μωσῆν
2924 4874 3121 4942 λέγων’
3187 4872 3460 4925 Ἕντειλαι
3513 4873 3620 4933 τοῖς
3667 4870 3778 4929 υἱοῖς

2243 4972 2482 5045 Ἰσραὴλ,
2518 4971 2611 5024 xui
2643 4968 2954 5021 λαϐέτωσαν
2980 4966 3155 5019 ἔλαιον
3180 4964 3440 5036 καθαρὸν,
3476 4960 3779 5031 κεκομμένον

2232 5068 2311 5129 εἰς
2342 5063 2479 5133 φῶς,
2513 5059 2711 5115 καῦσαι
2741 5059 2930 5129 λύχνον
2955 5058 3266 5123 διαπαντὸς,
3301 5056 3501 5123 ἔξωθεν
3529 5054 3617 5107 τοῦ
3642 5068 3779 5103 κατο-

2234 5156 2578 5225 πετάσματος
2603 5154 2661 5206 ἐν
2688 5155 2753 5224 τῇ
2776 5154 2946 5222 σκηνῇ
2968 5152 3061 5205 τοῦ
3088 5149 3387 5222 μαρτυρίου
3417 5168 3429 5179 υ
3459 5149 3552 5202 xui
3578 5146 3777 5199 καύσονο

2236 5267 2319 5303 σιν
2348 5247 2477 5301 αύτδ
2517 5243 2726 5316 Ἀαρὼν
2757 5244 2849 5297 xui
2881 5247 2928 5296 οἱ
2963 5245 3067 5297 υἱοὶ
3095 5242 3260 5296 αὑτοῦ
3294 5242 3404 5295 ἀπὸ
3436 5240 3665 5309 ἑσπέρας
3694 5238 3776 5294 ἕως

2236 5338 2380 5411 πρωῒ
2408 5337 2638 5391 ἐνώπιον
2668 5336 2873 5408 Κυρίου
2899 5335 3210 5405 ἐνδελεχῶς,
3236 5336 3465 5405 νόμιμον
3499 5330 3693 5386 αἰώνιον
3712 5327 3774 5385 είς

2235 5431 2333 5494 τὰς
2362 5430 2554 5499 γενεὰς
2599 5429 2773 5499 ὑμῶν.
2840 5427 2964 5482 Ἐπὶ
3011 5429 3113 5497 τῆς
3159 5428 3381 5499 λυχνίας
3423 5426 3521 5495 τῆς
3562 5421 3773 5489 καθαρᾶς

2236 5521 2464 5575 καύσετε
2486 5521 2610 5583 τοὺς
2624 5519 2849 5590 λύχνους
2870 5519 3107 5572 ἐναντίον
3123 5519 3325 5591 Κυρίου
3341 5518 3445 5581 ἓως
3466 5518 3545 5580 εἰς
3567 5514 3620 5566 τὸ
3633 5508 3769 5580 πρωῒ.

2236 5610 2347 5664 Καὶ
2375 5609 2607 5681 λήψεσθε
2643 5609 2919 5680 σεμίδαλιν
2939 5650 2955 5672 ,
2998 5611 3091 5663 xui
3122 5611 3373 5680 ποιήσετε
3409 5606 3573 5677 αὐτὴν
3598 5602 3774 5657 661331:

1316 5724 1362 5754 "
1389 5723 1405 5777 l
1430 5724 1553 5779 Cor.
1594 5740 1679 5787 xv,
1705 5723 1789 5778 20.
1870 5724 1913 5753 ⁷³
1947 5723 2113 5779 llebr.
2145 5738 2236 5788 vn,
2265 5723 2353 5778 9.6.
2434 5724 2479 5755 "
2510 5723 2620 5778 Jer.
2648 5739 2685 5788 ι,
2719 5724 2804 5791 ll,
2837 5723 2919 5777 l2.
2955 5726 2999 5756 "
3031 5724 3173 5780 Psal.
3205 5738 3282 5787 ni,
3320 5722 3352 5776 6
