3982 6504
129 357 226 415 677

861 349 950 405 DE
989 346 1430 404 ADORATIONE
1470 346 1539 400 IN
1581 344 1852 401 SPIRITU
1894 344 1981 399 ΕΤ
2028 343 2391 400 VERITATE.
2432 344 2558 398 LIB.
2604 343 2671 398 Χ.

3276 344 3380 401 678

127 476 339 545 ἄρτους.
374 470 481 524 Δύο
516 468 758 522 δεκάτων
801 466 953 521 ἔσται
992 467 1021 519 6
1055 467 1217 537 ἄρτος
1262 468 1290 519 6
1324 463 1425 528 είς,
1460 466 1553 519 καὶ
1584 466 1701 518 ἐπι·

1808 479 1873 517 ex
1902 462 2117 517 duabus
2146 461 2375 517 decimis
2418 462 2525 517 erit
2575 461 2733 532 panis
2783 478 2927 518 unus
2956 479 2968 515 :
3001 471 3056 517 et
3087 461 3383 533 imponetis

127 564 314 635 θήσετε
344 560 542 622 αὐτοὺς
570 557 664 611 δύο
685 556 919 625 θέματα,
955 556 1014 621 ἐξ
1041 556 1238 627 ἄρτους
1265 557 1325 608 τὸ
1354 556 1410 608 ἓν
1438 555 1579 625 θέμα
1606 556 1698 607 ἐπὶ

129 653 217 719 τὴν
244 649 522 720 τράπεζαν
563 647 660 716 τὴν
706 645 950 713 καθαρὰν
984 645 1162 698 ἔναντι
1202 644 1427 714 Κυρίου,
1455 645 1547 697 καὶ
1575 646 1696 698 ἐπι-

128 742 312 814 ϐήσετε
350 739 447 792 ἐπὶ
487 738 547 790 τὸ
583 738 724 808 θέμα
774 736 990 790 λίϐανον
1034 736 1274 807 καθαρὸν
1312 736 1407 790 καὶ⁸
1446 735 1571 799 ἀλα,
1605 734 1698 787 καὶ⁸

126 832 330 884 ἔσονται
385 829 467 893 είς
502 828 703 898 ἄρτους
756 828 835 889 εἰς
881 827 1184 897 ἀνάμνησιν
1236 826 1571 896 προκείμενα
1619 824 1697 895 τῷ

127 921 326 992 Κυρίῳ.
367 920 448 990 Τῇ
490 918 672 989 ἡμέρᾳ
717 917 825 971 τῶν
871 917 1153 971 σαϐϐάτων
1183 917 1485 988 προθήσετε
1518 917 1696 970 ἔναντι

129 1012 321 1084 Κυρίου
355 1010 649 1073 διαπαντὸς
688 1006 918 1061 ἐνώπιον
958 1008 1065 1061 τῶν
1109 1007 1242 1061 υξῶν
1294 1006 1536 1078 Ἰσραὴλ,
1584 1006 1698 1059 δια-

129 1103 290 1174 θήκην
316 1100 559 1154 αἰώνιονο
583 1098 679 1152 καὶ
704 1098 856 1151 ἔσται
872 1096 1082 1167 Ἀαρὼν
1108 1098 1202 1151 καὶ⁹
1226 1100 1337 1160 τοῖς
1352 1098 1483 1159 υίοῖς
1507 1095 1693 1160 αὐτοῦ,

130 1195 214 1249 καὶ
240 1193 506 1261 φάγονται
537 1189 675 1243 αύτά
734 1189 793 1241 ἐν
832 1189 982 1259 τόπῳ
1016 1188 1180 1258 ἀγίῳο
1235 1186 1347 1239 ἔστι
1383 1186 1489 1257 γὰρ
1531 1188 1697 1254 Ἀγια

127 1285 225 1337 τῶν
266 1280 460 1350 ἁγίων.
496 1279 667 1333 Τοῦτο
711 1278 860 1349 αὐτῷ
892 1279 999 1331 ἀπὸ
1046 1278 1155 1343 τῶν
1185 1276 1588 1347 θυσιαζομένων
1621 1276 1696 1347 τῷ

129 1372 341 1444 Κυρίῳ,
374 1370 607 1441 νόμιμον
638 1370 874 1422 αἰώνιον.
920 1389 936 1420 ι
971 1367 1222 1439 Καθαρὸν
1245 1363 1343 1420 οὖν
1388 1367 1447 1419 τὸ
1486 1365 1693 1426 ἔλαιον,

127 1465 213 1521 καὶ
245 1463 348 1533 μὴν
379 1461 477 1515 καὶ
508 1461 741 1525 ἐλάϊνον,
772 1459 922 1513 τοῦτ’
958 1459 1127 1520 ἔστιν,
1165 1456 1225 1521 ἐξ
1252 1456 1469 1519 ἐλαιῶν,
1510 1457 1610 1510 οὐκ
1638 1456 1697 1521 ἐξ

128 1562 204 1614 ἐτε
214 1554 426 1631 ροειδῶν
450 1553 781 1625 σπερμάτων
803 1552 899 1606 καὶ
923 1550 1325 1621 γεωδεστέρων,
1350 1547 1408 1614 ἐξ
1428 1542 1501 1602 ὧν
1523 1548 1695 1601 ἔλαιον

130 1652 219 1725 μὲν
246 1649 509 1713 ἐθλίϐετο,
542 1645 693 1704 νόθον
723 1644 778 1697 δὲ
808 1643 996 1713 ὥσπερ
1032 1641 1126 1696 καὶ
1156 1641 1317 1695 οἱονεὶ
1352 1640 1700 1709 κεκαπτριευα

132 1744 302 1817 μένοψ
331 1742 420 1796 ἀεὶ
450 1742 563 1813 γάρ
593 1745 711 1796 ἐστι
740 1736 979 1808 καθαρὸν
1017 1734 1111 1789 καὶ
1140 1735 1359 1806 γνήσιον
1387 1733 1601 1803 άληθῶς
1639 1734 1696 1786 ὲν

1805 569 1900 609 eos
1926 554 2063 610 duas
2088 555 2418 624 positiones;
2449 571 2544 610 sex
2565 571 2732 625 panes
2754 563 2919 610 erunt
2942 572 3047 609 una
3070 556 3271 625 positio
3292 573 3385 611 su-

1804 662 1903 715 per
1939 661 2179 700 mensam
2214 664 2408 717 puram
2453 664 2637 702 coram
2678 646 2910 703 Domino
2947 666 2959 702 :
2995 658 3051 705 et
3091 648 3386 719 imponetis

1805 751 1970 806 super
1999 737 2325 806 positionem
2356 738 2484 793 thus
2526 754 2725 808 purum
2768 747 2826 792 et
2854 740 2932 793 sal
2966 757 2978 791 :
3014 747 3250 794 eterunt
3283 756 3382 809 pa-

1803 842 1903 883 nes
1948 829 2003 883 in
2048 829 2369 884 memoriam
2418 831 2686 900 propositi
2732 831 3013 885 Domino:
3050 831 3139 886 die
3170 831 3383 886 sabbati

1804 921 2120 990 proponetis
2178 937 2363 976 coram
2418 922 2648 976 Domino
2700 922 2756 976 in
2802 931 3128 993 perpetuum
3182 940 3213 978 a
3260 924 3385 979 ﬁliis

1804 1012 1990 1077 Israel,
2025 1019 2410 1067 testamentum
2449 1013 2885 1082 sempiternum;
2923 1024 2980 1069 et
3015 1022 3180 1069 erunt
3202 1016 3386 1071 Aaron

1803 1102 2009 1157 ettiliis
2042 1103 2180 1173 ejus,
2224 1112 2281 1157 et
2324 1102 2613 1157 comedent
2650 1118 2713 1156 ea
2757 1104 2810 1157 in
2840 1104 2961 1158 loco
3000 1114 3220 1159 sancto:
3255 1112 3384 1159 sunt

1803 1197 1950 1250 enim
1973 1196 2169 1252 Sancta
2201 1204 2517 1252 sanctorum
2548 1197 2688 1252 :hoc
2716 1198 2793 1251 illi
2823 1198 2893 1252 ab
2914 1197 3001 1262 iis,
3032 1215 3153 1268 qua:
3182 1200 3385 1254 sancti-

1803 1286 2035 1341 ﬁcantur
2052 1288 2302 1353 Domino,
2318 1289 2621 1359 legitimum
2639 1290 3033 1359 sempiternum
3048 1291 3113 1343 ⁷⁷.
3137 1310 3153 1341 ι
3177 1292 3381 1346 Purum

1804 1378 1969 1450 igitur
1991 1379 2259 1449 quaeritur
2298 1380 2503 1447 oleum,
2542 1392 2706 1452 atque
2743 1381 3076 1453 oleaginum,
3106 1384 3160 1437 id
3188 1393 3272 1439 est
3313 1400 3383 1439 ex

1803 1471 1959 1536 oleis,
1988 1470 2151 1542 344
2178 1489 2288 1528 non
2319 1489 2383 1528 ex
2406 1474 2634 1528 alterius
2655 1475 2872 1545 generis
2888 1475 3194 1529 seminibus
3219 1484 3382 1546 atquo

1804 1561 2182 1625 terrestribus,
2218 1580 2247 1617 e
2272 1563 2472 1633 quibus
2498 1563 2908 1634 exprimebatur
2929 1564 3149 1633 quidem
3174 1566 3379 1632 oleum,

1803 1652 1898 1707 sed
1923 1654 2151 1708 nothum
2185 1655 2591 1725 quodammodo
2615 1697 2629 1721 ,
2674 1664 2730 1710 et
2775 1656 2932 1725 quasi
2968 1656 3378 1726 adulteratum;

1804 1761 2020 1816 semper
2059 1748 2205 1802 enim
2246 1756 2331 1803 est
2368 1749 2423 1802 in
2474 1750 2736 1805 Ecclesiis
2765 1764 2966 1819 purum
3006 1764 3070 1803 ac
3106 1750 3381 1806 sincerum

136 1834 473 1905 Ἐκκλησίαις
514 1835 575 1888 τὸ
619 1833 757 1903 φῶς,
794 1828 952 1902 δῆλον
999 1827 1053 1880 δὲ
1090 1828 1174 1880 ὅτι
1205 1827 1266 1880 τὸ
1311 1826 1396 1880 διὰ
1430 1825 1701 1897 Χριστοῦ,

1804 1851 1932 1890 vere
1968 1837 2174 1903 lumen,
2199 1839 2333 1893 illud
2374 1839 2658 1904 nimirum,
2701 1841 2847 1911 quod
2877 1856 2979 1909 per
3023 1839 3300 1897 Christum
3324 1843 3381 1897 in

130 1927 414 1998 Πνεύματι,
437 1926 544 1980 κᾶν
568 1926 616 1978 εί
634 1924 721 1978 διὰ
742 1924 843 1994 τῆς
860 1919 970 1976 τῶν
989 1919 1156 1987 ἁγίων
1179 1919 1476 1975 διακονοῖτο
1495 1921 1697 1992 φωνῆς,

128 2018 252 2090 πρὸς
292 2016 385 2080 οὒς
435 2015 542 2087 ἔφη
570 2016 826 2086 Χριστός
879 2034 896 2065 ι
949 2012 1142 2085 Ὑμεῖς
1193 2013 1317 2065 ἐστε
1347 2012 1408 2066 τὸ
1443 2011 1560 2081 φῶς
1604 2012 1698 2066 τοῦ

128 2111 339 2180 κόσμου.
383 2128 402 2161 ι
459 2109 574 2162 Καὶ
619 2108 926 2178 θαυμαστὸν
955 2104 1129 2161 οὐδέν’
1177 2105 1269 2169 οὓς
1296 2104 1406 2177 γὰρ
1440 2105 1699 2173 ἀδελφοὺς

128 2202 377 2273 ὠνόμασε,
412 2201 511 2253 καὶ
542 2201 803 2271 μετόχους
832 2196 1026 2251 ἑαυτοῦ
1059 2198 1462 2265 κατεστήσατο,
1490 2193 1699 2257 τούτοις

130 2295 187 2349 ἂν
213 2293 431 2354 εἰκότως
456 2292 560 2344 καὶ⁵
588 2291 696 2343 τῶν
726 2289 871 2343 ἰδίων
900 2286 1226 2358 ἀξιωμάτων
1256 2284 1567 2357 ἐπιμερίζοι
1599 2284 1699 2354 τὴν

128 2385 285 2449 δόξαν.
324 2383 562 2437 Καίεται
599 2381 663 2454 δὴ
708 2377 801 2437 οῦν
842 2383 871 2435 6
918 2382 1109 2453 λύχνος
1153 2382 1247 2435 καὶ
1287 2383 1344 2434 ἐν
1390 2382 1457 2451 τῇ
1506 2378 1699 2451 πρώτῃ

130 2477 305 2549 σκηνῇ,
333 2476 427 2529 καὶ
462 2474 648 2528 διττὸν
674 2474 740 2528 ἂν
770 2474 880 2545 ἔχοι
908 2473 969 2526 τὸ
996 2474 1184 2545 χρῆμα
1210 2472 1302 2526 τὸν
1332 2471 1476 2526 νοῦν·
1512 2474 1569 2524 ὲν
1599 2470 1699 2540 μὲν

128 2569 224 2639 γὰρ
276 2570 340 2639 τῇ
395 2568 649 2640 ἐσωτέρᾳ
702 2570 873 2638 σκηνῇ
942 2566 1123 2637 λύχνοι
1189 2566 1470 2635 φαίνουσιν
1529 2566 1692 2633 ἐπτά,

130 2660 466 2731 ἐξαπτόμενοι
506 2660 566 2714 τὸ
593 2660 757 2731 πρωῒ,
789 2661 885 2713 καὶ
912 2658 1163 2712 πλούσιον
1186 2660 1295 2720 τοῖς
1328 2657 1698 2729 εἰστρέχουσιν

133 2754 341 2816 ἐνιέντες
381 2752 442 2805 τὺ
486 2752 609 2822 φῶς
631 2793 644 2805 .
691 2751 803 2805 Καὶ
830 2747 956 2822 ἦνή
995 2750 1184 2821 λυχνία
1220 2750 1488 2821 Χριστὸς,
1534 2750 1609 2812 ὡς
1642 2752 1699 2802 ἐν

134 2843 271 2916 τύπῳ
301 2844 458 2899 πάλιν
487 2845 621 2908 τοὺς
652 2845 731 2908 είς
760 2842 831 2897 τὰ
853 2842 1020 2912 Ἀγια
1050 2843 1159 2895 τῶν
1187 2843 1358 2911 ἁγίων
1396 2842 1697 2912 εἰστρέχειν

137 2937 396 2999 ἐθέλοντας
426 2936 613 3007 πολλῴ
644 2936 739 2990 καὶ
784 2936 1089 3007 ἀμφιλαφεῖ
1129 2932 1492 3001 καταυγάξων
1534 2933 1693 3002 φωτίο

144 3050 160 3083 ι
187 3029 501 3101 Προσέ).θετε
535 3030 667 3100 γὰρ,
684 3030 839 3100 φησι,
864 3029 998 3099 πρὸς
1020 3027 1182 3082 αὐτὸν
1202 3026 1300 3080 καὶ
1322 3025 1646 3097 φωτίσθητε.
1674 3044 1691 3077 ι

139 3122 234 3174 Καὶ
261 3120 359 3192 μὴν
389 3122 480 3172 καί
512 3119 580 3172 τὸ
611 3119 965 3174 ἀνακαίεσθαι
998 3119 1057 3172 τὸ
1119 3116 1273 3189 πρωῒ
1302 3117 1426 3180 τοὺς
1472 3116 1699 3187 λύχνους

140 3182 552 3283 ηταῆμήνειεν
588 3211 654 3266 ἂν
690 3213 790 3282 τῆς
831 3182 1297 3283 ἐνανθρωπήσεως
1342 3210 1434 3264 τὸν
1483 3182 1694 3280 καιρόν.
1725 3182 1766 3236 C

141 3304 383 3376 Διηύγασε
434 3305 583 3375 γὰρ,
632 3298 721 3359 οἷά
748 3321 832 3367 τις
874 3304 1081 3375 ἡμέρα,
1118 3303 1213 3357 καὶ
1260 3302 1375 3372 φῶς
1424 3301 1700 3372 ἀνέλαμψε

141 3398 327 3469 νοητὸν,
356 3400 453 3467 τῆς
478 3397 715 3468 ἀρχαίας
738 3395 893 3466 ἡμῶν
919 3395 1158 3467 ἀμαθίας
1188 3395 1427 3450 ἐλαύνων
1453 3396 1542 3449 τὸν
1573 3395 1695 3448 σκό-

142 3505 249 3551 τον,
273 3489 363 3542 xal.
388 3488 464 3552 ὡς
496 3491 558 3541 ἐν
587 3486 737 3552 τάξει
773 3488 996 3551 νυκτὸς,
1028 3489 1127 3557 τὴν
1160 3487 1542 3557 ἐπισκήψασαν
1580 3489 1701 3551 ταῖς

142 3580 371 3635 ἁπάντων
410 3580 661 3650 καρδίαις
686 3581 1172 3635 κατασκεδαννύων
1201 3581 1388 3650 ἀχλύν.
1413 3580 1569 3634 Οὖτω
1592 3581 1700 3653 γάρ

144 3674 258 3743 ἡμῖν
291 3674 385 3745 τῆς
414 3673 510 3727 τοῦ
542 3674 798 3744 Σωτῆρος
837 3673 1132 3744 ἐπιδημίας
1173 3673 1264 3726 τὸν
1302 3673 1491 3744 καιρὸν
1536 3673 1631 3725 καὶ
1675 3674 1702 3725 6

146 3768 403 3837 προφήτης
435 3765 740 3838 παρεκάλει
790 3766 985 3833 λέγων’
1035 3784 1053 3817 ι
1103 3766 1177 3818 Τὸ
1218 3765 1364 3837 πρωῒ
1407 3764 1700 3836 εἰσακούσῃ

146 3858 232 3927 τῆς
277 3859 453 3929 φωνῆς
515 3874 652 3928 μου,
700 3858 761 3910 τὸ
800 3857 941 3929 πρωῒ
981 3858 1406 3928 παραστήσομαί
1455 3876 1559 3920 σοι.
1610 3860 1703 3912 καὶ

147 3948 442 4019 ἐπόιίομαιε.
484 3968 502 4000 ι
539 3949 677 4002 Πότε
705 3948 814 4018 γάρ
837 3947 902 4001 ἂν
933 3948 1119 4002 δεκταὶ
1142 3948 1428 4016 γεγόνασιν
1461 3949 1515 4002 αί
1540 3949 1704 4002 ἀπάν-

148 4056 240 4093 των
282 4041 454 4111 εὐχαὶ,
503 4040 604 4093 καὶ
650 4043 699 4092 οἱ
750 4040 918 4093 πάλαι
956 4036 1299 4109 πλανώμενοι
1351 4040 1704 4111 παρέστημεν

148 4129 288 4183 οἱονεὶ
313 4131 386 4202 τῷ
410 4130 564 4201 Θεῷ,
597 4129 663 4183 δι’
679 4129 1031 4200 οἰκειότητος,
1064 4128 1304 4199 δηλονότι
1332 4129 1430 4199 τῆς
1462 4147 1705 4202 πνευμα-

150 4222 305 4291 τικῆς,
335 4224 424 4276 καὶ
455 4224 701 4293 ὑπακοῆς
721 4222 813 4276 καὶ
843 4222 1096 4287 πίστεως,
1128 4222 1176 4273 εί
1211 4220 1284 4291 μὴ
1346 4222 1407 4273 τὸ
1434 4221 1549 4291 φῶς
1574 4224 1703 4293 ἡμῖν

152 4316 401 4389 ἐπιλαμψε
427 4320 487 4373 τὸ
511 4318 576 4383 ἐξ
601 4316 855 4390 οὐρανοῦ,
883 4315 1176 4383 τοῦτ’]ἔστι,
1204 4314 1468 4385 Χριστός;
1496 4313 1704 4367 Οὐκοῦν

153 4406 203 4459 ἐν
231 4407 318 4476 μὲν
348 4412 410 4479 τῇ
448 4406 698 4478 ἐσωτέρᾳ
763 4408 935 4477 σκηνῇ
975 4403 1228 4457 πλούσιόν
1267 4420 1328 4456 τε
1378 4402 1472 4454 καὶ⁵
1509 4402 1705 4455 λεπτὸν

1802 1927 2009 1998 Spiritu
2056 1939 2247 1986 sancto
2286 1932 2629 1993 accenditur,
2670 1937 2922 2004 quamvis
2946 1948 3261 1993 sanctorum
3293 1936 3378 1991 vi-

1800 2036 1987 2074 rorum
2045 2038 2181 2077 voce
2222 2023 2589 2089 ministretur,
2639 2027 2842 2096 quibus
2892 2030 3030 2083 dixit
3083 2030 3378 2087 Christus:

1809 2132 1825 2163 ι
1856 2114 1973 2170 νος
1994 2116 2126 2170 estis
2167 2117 2261 2170 lux
2295 2118 2486 2172 mundi
2511 2118 2575 2172 ⁷³.
2618 2138 2635 2171 ι
2664 2120 2855 2191 Neque
2904 2124 2959 2177 id
2989 2123 3215 2191 mirum;
3253 2141 3381 2179 nam

1800 2220 1940 2275 quos
1974 2206 2173 2263 fratres
2196 2211 2508 2279 appellavit,
2537 2220 2593 2266 et
2636 2213 2932 2284 participes
2962 2216 3049 2270 sui
3071 2218 3378 2284 constituit,

1801 2298 1870 2353 iis
1888 2300 2282 2355 convenienter
2318 2317 2541 2356 suarum
2586 2305 2981 2374 proprietatum
3006 2307 3237 2377 gloriam
3283 2309 3385 2363 im-

1801 2394 1988 2463 partit.
2023 2394 2398 2464 Ardetitaque
2434 2397 2679 2461 lucerna,
2711 2398 2767 2453 in
2799 2400 2978 2469 primo
3030 2402 3384 2457 tabernaculo

1799 2485 1985 2551 ardet;
2012 2502 2187 2556 eaque
2215 2501 2302 2541 res
2339 2486 2620 2556 duplicem
2675 2489 2878 2545 habere
2908 2507 3130 2547 sensum
3168 2503 3381 2564 potest;

1802 2593 1927 2631 nam
1951 2578 2003 2633 in
2029 2579 2280 2635 interiori
2306 2580 2662 2637 tabernaculo
2681 2592 2889 2653 septem
2910 2584 3148 2641 lucerna:
3163 2586 3349 2641 lucent
3366 2625 3382 2651 ,

1799 2687 1921 2740 qua:
1954 2686 2113 2726 mane
2142 2673 2541 2738 accenduntur,
2573 2683 2737 2744 atque
2768 2675 3048 2745 copiosum
3082 2676 3386 2747 ingredien-

1801 2764 1949 2819 tibus
1991 2766 2175 2821 lumen
2206 2768 2531 2823 immittunt.
2561 2770 2639 2824 Ac
2692 2771 2919 2825 lucerna
2952 2772 3195 2841 quidem,
3234 2783 3296 2827 ut
3327 2774 3382 2828 in

1801 2853 1996 2925 ﬁgura,
2027 2872 2223 2912 rursus
2249 2857 2503 2914 Christus
2538 2867 2675 2925 erat,
2718 2861 2811 2931 qui
2845 2863 3019 2917 multo
3049 2865 3385 2935 copiosaque

1800 2946 2007 3001 lumine
2048 2948 2104 3001 in
2144 2947 2341 3005 Saneta
2374 2960 2692 3007 sanctorum
2738 2953 2950 3024 ingredi
2985 2957 3233 3011 volentes
3263 2958 3386 3011 illu-

1799 3042 1965 3090 Strat:
1998 3055 2016 3086 ‹
2039 3036 2294 3093 Accedite
2312 3040 2481 3105 enim,
2508 3062 2526 3093 ›
2552 3041 2791 3112 inquit,«
2822 3043 2889 3097 ad
2915 3058 3064 3108 eum,
3100 3055 3155 3100 et
3177 3045 3382 3100 illumi-

1799 3129 2008 3183 namini
2036 3130 2099 3183 ⁷⁸.
2140 3150 2159 3182 ι
2197 3130 2511 3198 Quinetiam
2551 3134 2699 3204 quod
2748 3153 2909 3193 mane
2941 3139 3383 3216 accendebantur

1801 3220 2074 3286 lucernae,
2138 3221 2427 3294 designare
2489 3226 2691 3295 poterit
2755 3228 2933 3297 ipsum
2987 3230 3385 3287 incarnationis

1802 3322 2020 3384 tempus
2051 3333 2064 3368 :
2090 3324 2205 3370 tum
2248 3318 2395 3373 enim
2453 3320 2606 3373 velut
2651 3320 2769 3376 dies
2807 3323 3031 3392 quidam
3084 3324 3284 3390 illuxit,
3328 3335 3387 3382 et

1801 3407 2089 3476 spirituale
2117 3409 2304 3465 lumen
2340 3410 2568 3477 eﬂ‘ulsit,
2588 3413 2735 3482 quod
2763 3424 2967 3470 nostra:
2998 3418 3199 3471 veteris
3226 3418 3383 3488 ignov

1802 3496 1995 3550 rantiae
2024 3497 2279 3552 tenebras
2316 3498 2566 3569 dispulit,
2609 3501 2867 3571 illamque
2916 3504 3225 3575 caliginem,
3263 3522 3385 3576 quze

1802 3588 1981 3643 noctis
2036 3589 2209 3644 instar
2251 3590 2637 3647 universorum
2704 3594 2968 3649 cordibus
3018 3604 3138 3650 erat
3186 3595 3382 3661 oﬂ‘usa,

1803 3678 2108 3749 dissipavit.
2150 3681 2240 3736 Sic
2268 3682 2414 3736 enim
2447 3693 2682 3754 tempus,
2716 3701 2826 3755 quo
2863 3686 3113 3742 Salvator
3140 3688 3383 3755 advenit,

1803 3772 2070 3841 propheta
2090 3788 2309 3843 quoque
2334 3774 2492 3845 longe
2514 3785 2639 3831 ante
2662 3777 2897 3841 vocavit,
2928 3778 3152 3834 dicens:
3182 3799 3201 3830 ι
3228 3780 3385 3836 Mane

1802 3864 2065 3918 exaudies
2090 3880 2280 3919 vocem
2316 3882 2523 3932 meam,
2561 3883 2720 3923 mane
2755 3871 2945 3925 astabo
2978 3872 3098 3938 tibi,
3134 3885 3192 3930 et
3227 3876 3387 3932 vide-

1803 3955 1875 4010 bo
1908 3956 1973 4009 ⁸ο.
2022 3976 2038 4006 ι
2097 3956 2327 4023 Quando
2359 3959 2504 4012 enim
2545 3970 2782 4030 accepta!
2821 3961 3052 4018 fuissent
3099 3968 3385 4025 universo-

1804 4062 1925 4100 rum
1947 4063 2157 4117 preces,
2173 4056 2227 4103 et
2254 4066 2353 4104 nos
2372 4051 2499 4104 olim
2523 4061 2771 4106 errantes
2799 4068 2897 4122 per
2917 4057 3383 4128 conjunctionem,

1804 4139 2063 4193 nimirum
2088 4140 2451 4210 spiritualem,
2471 4150 2527 4197 et
2554 4143 2922 4199 obedientiam
2951 4164 3014 4201 ac
3050 4149 3209 4204 fidem
3238 4161 3385 4207 asta-

1806 4244 1992 4284 remus
2040 4231 2172 4295 Deo,
2216 4232 2321 4286 nisi
2355 4233 2516 4288 nobis
2557 4233 2690 4289 illud
2722 4251 2752 4289 e
2784 4237 2925 4291 ccelo
2954 4238 3164 4305 lumen,
3194 4241 3247 4295 id
3276 4251 3385 4307 est,

1804 4318 2077 4384 Christus,
2106 4322 2440 4378 aﬂulsisset?
2469 4324 2642 4394 Igitur
2674 4326 2728 4379 in
2763 4325 3022 4384 interiore
3051 4332 3273 4400 quidem
3301 4342 3387 4389 ta-

1805 4408 2105 4464 bernaculo
2134 4411 2413 4479 c0piosum
2445 4428 2509 4467 ac
2540 4428 2739 4482 purum
2794 4424 3001 4485 septem
3031 4418 3249 4473 illarum
3297 4420 3387 4475 ln—

152 4496 245 4551 τῶν
280 4500 409 4553 ἐπτά
439 4499 650 4569 λύχνων
680 4500 739 4551 τὸ
780 4497 929 4566 φῶς,
988 4498 1046 4549 ἐν
1091 4496 1147 4549 δὲ
1184 4496 1250 4565 τῇ
1300 4493 1488 4565 πρώτῃ
1530 4496 1701 4564 σκηνῇ

1808 4514 2100 4553 cernarum
2146 4501 2332 4555 lumen
2372 4511 2521 4569 erat;
2570 4504 2666 4558 sed
2717 4505 2773 4559 in
2824 4505 3002 4575 primo
3034 4508 3387 4566 tabernaculo

153 4585 320 4659 λύχνος
340 4586 404 4662 ἦν
426 4594 453 4644 ό
479 4590 707 4660 φαίνων,
740 4588 1021 4659 ἐμφαίνων
1050 4605 1129 4652 τε,
1164 4582 1433 4657 οἷμαι,ἷμὴ
1455 4584 1578 4655 δίχα
1605 4584 1700 4636 τοῦ

1803 4591 2023 4645 lucerna
2052 4600 2172 4646 erat
2209 4592 2419 4657 lucens,
2471 4610 2579 4663 quo
2607 4596 3025 4662 declarabatur,
3068 4608 3128 4654 ut
3164 4602 3382 4671 opinor,

155 4680 281 4735 θείου
308 4684 497 4752 φωτὸς,
530 4682 664 4755 μηδέ
696 4681 892 4743 αὐτοὺς
921 4675 1063 4733 εἶναι
1121 4680 1247 4743 τοὺς
1278 4680 1335 4731 ἐν
1365 4679 1515 4747 νόμῳ
1545 4675 1704 4729 παιδ-

154 4776 543 4847 αγωγουμένους
570 4774 992 4845 καταδηλοῦντος
1016 4771 1108 4825 τοῦ
1132 4771 1473 4842 πράγματος.
1493 4767 1706 4822 Ἐκάλει

155 4863 249 4936 γὰρ
290 4868 349 4920 ἐκ
396 4867 681 4931 πολυθεῖας
731 4869 811 4930 είς
851 4866 1147 4934 ἐπίγνωσιν
1177 4862 1270 4916 τοῦ
1315 4860 1475 4930 φύσει
1522 4878 1579 4913 τε
1614 4859 1708 4914 καὶ

156 4955 350 5027 ἀληθῶς
379 4960 529 5029 Θεοῦ
571 4961 663 5014 καὶ
708 4961 736 5013 ὁ
771 4958 859 5012 διὰ
887 4956 1127 5020 Μωσέως
1166 4956 1349 5024 νόμος,
1381 4953 1474 5007 καὶ
1505 4951 1708 5022 ἀφίστα

161 5048 245 5115 μὲν
284 5052 401 5114 τοὺς
439 5050 822 5124 ἀρχαιοτέρους
861 5048 956 5102 τοῦ
998 5045 1278 5117 λατρεύειν
1307 5044 1386 5097 ἐτι
1425 5045 1490 5114 τῇ
1532 5043 1707 5095 κτίσει

160 5143 293 5212 παρά
314 5144 397 5196 τὸν
421 5147 728 5207 Κτίσαντα,
758 5144 1115 5215 προσκεῖσθαι
1138 5139 1196 5192 δὲ
1221 5138 1329 5191 δεῖν
1356 5136 1609 5190 ἀνέπειθε
1631 5133 1709 5206 τῷ

162 5231 353 5285 πάντων
383 5234 727 5307 Δημιουργῷο
778 5232 954 5301 φωτὸς
998 5230 1055 5284 δέ
1100 5229 1160 5282 οὐ
1211 5228 1333 5298 δίχα
1378 5224 1473 5280 τοῦ
1517 5224 1707 5296 νοητοῦ

161 5324 296 5375 ταυτὶ
316 5328 427 5388 ταῖς
444 5325 550 5378 τῶν
576 5325 921 5392 παιδαγωγου
931 5322 1106 5393 μένων
1127 5317 1473 5390 κατωρθοῦτο
1488 5317 1702 5387 ψυχαῖς.

164 5412 367 5481 Οὐκοῦν,
406 5416 512 5487 ἐρῶ
537 5417 646 5487 γὰρ
682 5414 927 5477 εἰσαῦθις
947 5453 961 5475 ,
993 5412 1246 5474 πλούσιος
1274 5410 1374 5480 μὲν
1414 5410 1507 5462 καὶ⁸
1541 5408 1705 5470 πολὺς

163 5506 261 5568 τοῖς
286 5510 361 5569 είς
386 5508 450 5560 τὰ
483 5509 647 5578 ’Ἅγια
672 5509 781 5562 τῶν
814 5507 985 5576 ἁγίων
1016 5509 1045 5560 6
1081 5505 1235 5571 παρὰ
1264 5501 1502 5575 Χριστοῦ
1537 5519 1703 5571 φωτι-

169 5592 305 5660 σμδς,
337 5599 496 5666 μείων
523 5599 580 5652 δὲ
602 5602 715 5664 τοῖς
759 5601 817 5652 ἐν
852 5599 1033 5668 νόμῳ·
1084 5596 1179 5649 καὶ
1223 5593 1428 5666 ἀληθὴς
1457 5594 1485 5646 6
1524 5592 1698 5661 λόγος.

253 5776 296 5808 ’⁷
324 5780 491 5840 Lavit.
528 5802 664 5847 xxrv,
707 5787 816 5843 l-9.
928 5788 971 5819 "
1008 5787 1194 5842 Matth.
1226 5805 1277 5853 v,
1320 5787 1403 5842 Η.

1491 5788 1535 5818 ⁷⁹
1572 5784 1715 5841 Psal.
1748 5799 1930 5845 χχχιιι,
1965 5784 2016 5836 6.

1800 4697 1870 4736 ne
1918 4683 2065 4751 ipsos
2100 4682 2344 4753 quidem,
2395 4686 2488 4755 qui
2525 4689 2579 4741 in
2630 4688 2748 4758 lege
2774 4689 3223 4756 instituebantur,
3264 4709 3386 4749 esse

1803 4773 1975 4828 divini
2010 4774 2236 4829 luminis
2274 4785 2549 4845 expertes.
2590 4779 2725 4834 Nam
2761 4781 2846 4835 lex
2879 4798 3096 4853 quoque
3119 4784 3286 4855 Moysi
3315 4801 3382 4840 ex

1806 4865 2106 4919 multorum
2159 4866 2387 4922 deorum
2440 4870 2591 4923 cultu
2650 4873 2882 4927 vocabat
2925 4874 2992 4927 ad
3048 4875 3383 4944 agnitionem

1808 4955 1947 5025 ejus,
1972 4954 2065 5025 qui
2114 4964 2307 5010 natura
2340 4974 2576 5029 vereque
2600 4961 2743 5017 Deus
2773 4970 2890 5027 cst;
2929 4979 2993 5016 ac
3028 4972 3242 5019 veteres
3265 4964 3387 5019 illos

1805 5047 2059 5101 homines
2082 5048 2388 5104 abducebat
2419 5066 2446 5103 a
2478 5052 2707 5107 colenda
2746 5064 2992 5108 creatura
3017 5057 3200 5123 potius
3220 5072 3382 5125 quam

1805 5139 2084 5204 Creatore,
2104 5142 2499 5212 suadebatque,
2531 5153 2590 5198 ut
2624 5161 2805 5200 rerum
2827 5146 3072 5201 omnium
3096 5147 3383 5203 Conditori

1806 5231 2181 5297 adhazrercnt;
2216 5233 2269 5286 id
2296 5250 2427 5289 vero
2463 5236 2519 5288 in
2542 5251 2733 5289 eorum
2771 5236 2989 5300 animis,
3017 5237 3110 5306 qui
3139 5237 3246 5293 illis
3277 5238 3382 5291 im-

1812 5319 2126 5374 buebantur
2180 5320 2466 5385 institutis,
2516 5339 2624 5377 non
2679 5323 2796 5378 sine
2848 5324 3119 5393 spirituali
3177 5326 3385 5381 lumine

1812 5409 2230 5479 perﬁciebatur.~
2268 5410 2459 5479 Igitur,
2501 5420 2559 5464 ut
2614 5412 2666 5465 id
2719 5424 2961 5482 repetam
3020 5415 3167 5485 quod
3220 5417 3385 5486 paulo

1810 5510 1935 5555 ante
1958 5500 2091 5565 dixi,
2138 5501 2358 5571 c0piosa
2393 5510 2479 5554 cst
2509 5517 2571 5556 ac
2610 5502 2767 5571 plena
2808 5503 3134 5560 illuminatio
3168 5520 3288 5574 quae
3326 5504 3382 5558 in

1813 5594 2007 5649 Sancta
2051 5602 2363 5648 sanctorum
2407 5592 2567 5664 345
2610 5593 3041 5666 ingredientibus
3084 5612 3113 5650 a
3163 5595 3387 5655 Christo

2108 5784 2153 5814 ”
2176 5785 2324 5839 Psal.
2359 5801 2408 5848 γ,
2440 5784 2491 5849 «ί,
2530 5784 2580 5838 5‘.
