4140 6510
638 357 744 414 οτο

1660 343 1717 398 S.
1758 341 2036 399 CYRILLI
2072 339 2545 399 ALEXANDRINI
2584 338 2903 397 ARCBIEP.

3793 339 3904 397 680

640 468 938 533 tribuitur;
988 464 1168 520 minor
1224 468 1410 517 autem
1452 474 1644 515 eorum
1674 468 1814 526 erat,
1849 460 1943 531 qui
1999 457 2055 514 in
2098 458 2215 531 lege

2331 459 2624 515 Ἰσοστατεῖ
2653 457 2762 529 γὰρ
2784 454 3056 527 οὐδαμῶς,
3074 456 3154 518 είς
3166 428 3524 528 λαμπρότητα
3539 454 3637 528 τὴν
3660 472 3912 528 πνευμα-

638 561 941 619 vivebant:
978 557 1143 628 idque
1180 556 1525 611 verissimum
1572 560 1693 619 est;
1735 567 1916 624 neque
1947 553 2096 609 enim
2130 553 2224 608 illa

640 653 779 725 legis
804 651 996 707 umbra
1027 662 1152 702 cum
1186 646 1519 725 evangelicis
1544 646 1990 701 institutionibus
2012 644 2222 699 illumi-

640 723 862 801 natione
921 738 1203 812 spirituali
1253 723 1459 808 aequari
1510 738 1624 792 ullo
1672 737 1837 791 modo
1890 735 2226 806 potest:hm

638 849 875 904 namque
900 834 1220 888 universum
1267 830 1461 885 orbem
1496 837 1771 885 terrarum
1806 829 2106 892 illustrant,
2132 826 2223 881 illa

638 936 820 981 autem
847 924 948 980 soli
979 922 1358 978 lsraelitarum
1393 920 1582 993 generi
1608 928 1735 976 nota
1760 931 1899 975 erat.

706 1016 903 1072 PALL.
940 998 1107 1071 Recte
1145 1014 1307 1069 dicis.

706 1111 863 1169 CYR.
903 1111 1137 1167 Videtur
1162 1117 1370 1176 autem,
1406 1107 1637 1173 Palladi,
1657 1106 1805 1162 aliud
1828 1104 2090 1177 quiddam
2122 1104 2221 1160 de-

636 1203 850 1275 signare
888 1218 1077 1258 mensa
1110 1209 1277 1272 atque
1318 1202 1545 1256 lucerna
1571 1200 1627 1254 in
1656 1199 1837 1270 primo
1866 1196 2221 1254 tabernaculo

637 1294 923 1349 collocata.

709 1384 905 1441 PALL.
942 1384 1082 1452 Quid
1114 1384 1260 1440 istud
1289 1391 1375 1438 est
1406 1382 1665 1438 tandem?

705 1474 862 1531 ΟΥΕ.
899 1475 1146 1530 Lucerna
1167 1474 1391 1545 quidem
1424 1473 1656 1527 fortasse
1696 1470 1966 1526 Joannem
2026 1465 2218 1537 Bapti-

638 1573 802 1629 stam,
847 1566 1027 1620 virum
1079 1563 1461 1618 admirabilem
1487 1604 1502 1628 ,
1548 1573 1717 1631 panes
1754 1573 1886 1615 vero
1927 1556 2218 1613 duodecim

636 1658 1011 1729 apostolorum
1035 1657 1197 1711 nobis
1219 1657 1449 1712 chorum
1478 1654 1851 1725 praaligurant.

709 1748 905 1805 PALL.
925 1749 1174 1816 Quonam
1212 1746 1411 1801 modo?

2327 551 2515 623 τικὴν,
2553 551 2667 613 τοῖς
2713 547 3090 617 εύαγγελικοῖς
3134 546 3539 618 θεσπίσμασιν,
3573 550 3607 619 ἡ
3656 549 3714 601 ἐν
3754 550 3912 621 νόμῳ

2327 642 2488 697 σκιά·
2539 641 2609 696 τά
2643 640 2741 711 μὲν
2788 640 2898 711 γὰρ
2938 641 3067 710 ὃλην
3110 641 3542 710 περιαστράπτει
3585 639 3683 711 τὴν
3728 643 3912 695 οἰκου-

2326 751 2517 806 μενην,
2548 733 2582 804 ἡ
2613 734 2671 787 δὲ
2715 729 2785 804 ἦν
2820 733 3002 804 μόνοις
3034 731 3321 804 γνώρισμα
3349 735 3463 797 τοῖς
3494 732 3554 798 ἐξ
3595 734 3831 806 Ἰσραήλ.

2396 1000 2602 1055 ΠΛΛΛ.
2645 1000 2850 1071 Ὀρθῶς
2878 1002 3061 1071 ἔφης..

2391 1094 2557 1148 ΚΥΡ.
2593 1093 2778 1147 "Eous
2805 1094 2884 1158 δὲ,
2916 1087 2962 1147 ὧ
2988 1094 3277 1159 Παλλάδιε,
3308 1094 3403 1148 καὶ
3426 1094 3611 1167 ἕτερόν
3634 1110 3686 1149 τι
3714 1111 3908 1167 παρα·-

2319 1185 2516 1257 δηλοῦν
2559 1189 2594 1258 ὴ
2627 1185 2876 1259 τράπεζα
2914 1186 3008 1239 καὶ
3046 1189 3075 1239 6
3100 1186 3293 1258 λύχνος
3315 1227 3330 1253 ,
3355 1188 3385 1240 6
3410 1185 3467 1240 εν
3495 1202 3557 1255 γε
3597 1190 3664 1257 τῇ
3706 1186 3915 1261 πρώτῃ

2323 1280 2517 1349 σκηνῇ.

2392 1368 2598 1420 ΠΑΔΛ.
2643 1367 2717 1421 Τὸ
2742 1367 2793 1421 τί
2820 1368 2886 1439 δὴ
2911 1369 3051 1441 φής;

2390 1457 2553 1511 ΚΥΡ.
2574 1457 2828 1528 Ἰωάννην
2847 1460 2988 1529 τάχα
3009 1475 3112 1511 που
3136 1458 3228 1512 τὸν
3251 1460 3539 1514 θεσπέσιον
3585 1462 3912 1532 Βαπτιστὴν

2318 1551 2347 1603 6
2375 1550 2587 1621 λύχνος,
2634 1550 2789 1622 ἄρτοι
2819 1549 2877 1604 δὲ
2911 1552 2961 1603 οἱ
3005 1551 3097 1606 δύο
3130 1553 3222 1606 καὶ⁵
3251 1553 3408 1620 δέκα,
3468 1554 3563 1608 τὸν
3590 1554 3696 1608 τῶν
3724 1556 3913 1624 ἁγίων

2316 1643 2451 1713 ἡμῖν
2476 1640 2789 1695 ἀποστόλων
2822 1642 3266 1713 προανατυποῦσι
3293 1646 3475 1717 χορόν.

2390 1734 2601 1789 ΠΑΛΛ.
2628 1735 2762 1789 Τίνα
2791 1735 2990 1807 τρόπον
3006 1754 3021 1804 ;

706 1801 1220 1913 Alt-ignoras
1245 1841 1333 1906 iis,
1376 1840 1471 1911 qui
1501 1840 1557 1894 in
1596 1840 1714 1909 lege
1750 1846 1808 1893 et
1843 1852 1941 1908 per
1974 1836 2215 1893 Iudaeam

2392 1827 2557 1880 ΚΥΡ.
2598 1829 2667 1881 Ἣ
2699 1828 2800 1881 οὐκ
2825 1801 2983 1883 οἶσθα
3008 1801 3091 1883 δτι
3118 1830 3231 1894 τοῖς
3258 1830 3319 1884 ἐν
3344 1830 3495 1902 νόμῳ
3520 1832 3613 1885 καὶ⁵
3638 1832 3787 1887 κατὰ
3806 1832 3912 1904 τὴν

636 1945 813 2001 erant,
836 1936 1009 1992 instar
1038 1937 1278 1991 lucerna:
1300 1935 1597 2005 praeeuntis
1615 1932 1785 1987 fuisse
1820 1931 2039 1985 beatum
2062 1930 2216 1984 illum

636 2028 934 2098 Baptistam
959 2069 974 2093 ,
1024 2042 1088 2083 ac
1132 2026 1200 2081 de
1240 2026 1336 2081 illo
1380 2041 1410 2079 a
1450 2026 1565 2079 Deo
1604 2031 1660 2079 et
1698 2024 1860 2079 Patre
1892 2022 2217 2092 praedictum

635 2132 779 2183 esse,
810 2138 828 2169 ι
863 2119 1056 2173 Paravi
1081 2117 1362 2172 lucernam
1381 2113 1828 2170 Christomeo”?
1858 2134 1877 2165 ι
1906 2112 2217 2180 Quinetiam

636 2210 754 2281 ipse
776 2210 1023 2265 Salvator
1047 2209 1153 2264 hoc
1185 2208 1330 2263 idem
1361 2215 1593 2263 testatus
1607 2215 1711 2271 est,
1742 2218 1864 2260 cum
1900 2205 2216 2261 Iudaeorum

635 2302 958 2357 doctoribus
995 2300 1064 2356 de
1091 2301 1186 2355 illo
1217 2300 1393 2355 dixit:
1427 2318 1446 2350 ‹
1479 2299 1575 2353 Ille
1595 2306 1717 2353 erat
1748 2298 1976 2352 lucerna
2018 2296 2218 2351 ardens

634 2402 693 2449 et
720 2394 930 2459 lucens;
956 2408 1053 2447 vos
1076 2401 1258 2446 autem
1276 2390 1528 2446 voluistis
1543 2390 1821 2445 exsultare
1856 2388 1923 2443 ad
1952 2388 2141 2443 horam
2160 2388 2217 2443 in

640 2485 853 2539 lumine
887 2486 1006 2555 ejus
1029 2485 1095 2537 ".
1133 2503 1151 2535 ι
1176 2483 1312 2538 Vide
1342 2483 1488 2537 enim
1522 2480 1986 2553 quemadmodum
2023 2480 2218 2535 beatus

634 2567 840 2630 Paulus
853 2573 948 2644 qui
976 2574 1114 2643 legis
1129 2573 1339 2643 peritus
1362 2580 1481 2626 erat
1500 2572 1895 2642 propemodum
1919 2569 1991 2625 ad
2010 2586 2219 2626 memo-

640 2667 778 2721 riam
792 2675 1012 2722 revocat
1025 2664 1483 2729 lucernamillam,
1497 2678 1618 2732 quae
1629 2664 1816 2718 eratin
1831 2662 2011 2733 primo
2039 2662 2218 2717 taber-

638 2758 856 2813 naculo.
873 2756 1261 2812 lnexstinctam
1289 2754 1436 2809 enim
1456 2754 1665 2808 servari
1680 2755 1980 2820 lucernam,
2003 2754 2219 2825 legisla-

636 2860 727 2906 tor
741 2850 1001 2921 praecepit
1028 2848 1116 2904 his
1134 2849 1320 2905 verbis
1352 2866 1364 2901 :
1398 2866 1416 2898 ι
1448 2847 1517 2902 Ει
1546 2844 1848 2902 accendent
1868 2861 1988 2901 eam
2010 2845 2214 2912 Aaron,

635 2951 694 2999 et
718 2942 815 2997 lilii
838 2943 1250 3013 ejusavespera
1284 2955 1454 3009 usque
1484 2953 1643 2993 mane
1669 2938 1876 3009 jugiter
1907 2938 1966 2993 in
1990 2954 2219 3008 conspe-

634 3042 729 3089 ctu
764 3033 1001 3088 Domini.
1038 3052 1057 3083 ι
1080 3032 1187 3088 Sed
1227 3031 1422 3095 Judazi,
1474 3045 1598 3086 cum
1637 3038 1884 3101 tempore
1920 3015 2227 3118 admodun:

2336 1919 2597 1974 Ἰουδαίαν
2640 1920 2833 1992 λύχνος
2870 1916 2940 1992 ἦν
2966 1916 3056 1976 οἷά
3079 1930 3185 1987 τις,
3214 1922 3453 1993 Χριστοῦ
3493 1924 3853 1994 προϐαδίζοον
3882 1927 3913 1979 ό

2324 2010 2613 2077 θεσπέσιος
2648 2013 2959 2084 Βαπτιστὴς
2977 2054 2995 2079 ,
3022 2014 3113 2068 καὶ
3142 2015 3270 2086 περὶ
3298 2014 3462 2068 αὑτοῦ
3502 2018 3915 2088 προαναπεφὼο
3940 2025 3948 2032 ”

2324 2119 2488 2175 νηκεν
2511 2103 2540 2157 6
2558 2104 2692 2169 Θεὸς
2719 2103 2813 2158 καὶ
2835 2105 3046 2177 Πατήρ⁹
3076 2124 3096 2157 ‹
3128 2106 3430 2178 Ἠτοίμασα
3453 2107 3640 2179 λύχνον
3662 2109 3743 2180 τῷ
3769 2112 3913 2182 X91.-

2316 2194 2435 2266 στῷ
2457 2212 2580 2266 μου.
2614 2210 2633 2247 ι
2660 2197 3070 2270 Μεμαρτύρηκε
3089 2199 3144 2253 δὲ
3161 2198 3320 2253 τοῦτο
3340 2201 3433 2253 καὶ
3458 2201 3616 2266 αὐτὸς
3635 2204 3664 2255 6
3682 2203 3911 2274 Σωτὴρ,

2323 2289 2436 2351 τοῖς
2479 2286 2588 2341 τῶν
2644 2288 2915 2345 Ἰουδαίων
2944 2292 3285 2363 καθηγηταῖς
3316 2295 3445 2366 περὶ
3485 2294 3649 2349 αὑτοῦ
3684 2295 3912 2365 λέγων,

2330 2399 2348 2433 ι
2416 2381 2654 2445 Ἐκεῖνος
2689 2378 2758 2454 ἧν
2799 2386 2828 2437 6
2880 2383 3072 2455 λύχνος
3118 2386 3149 2437 6
3196 2385 3487 2457 καιόμενος
3527 2389 3621 2441 καὶ
3666 2388 3910 2457 φαίνων,

2323 2474 2481 2544 ὑμεῖς
2501 2475 2559 2529 δὲ
2590 2476 2892 2547 ἠθελήσατε
2922 2475 3348 2549 ἀγαλλιασθῆναι
3379 2480 3518 2552 πρὸς
3547 2480 3691 2551 ὥραν
3732 2482 3799 2534 ιν
3830 2482 3911 2550 τῷ

2326 2567 2465 2635 φωτὶ
2496 2568 2685 2622 αὑτοῦ.
2730 2586 2749 2619 ι
2799 2568 2909 2622 Θέα
2956 2569 3067 2642 γὰρ
3113 2571 3260 2636 ὅπως
3290 2571 3366 2636 ὡς
3405 2572 3720 2644 νομομαθὴς
3751 2571 3838 2627 ὣν
3882 2576 3912 2629 6

2328 2659 2596 2729 μακάριος
2629 2657 2863 2725 Παῦλος,
2898 2664 3180 2732 μονονουχὶ
3206 2660 3342 2734 πρὸς
3369 2664 3669 2736 ἀνάμνησιν
3693 2665 3911 2736 ἀναφέ-

2326 2767 2409 2820 ρει
2438 2750 2759 2822 λύχνου,τοῦ
2787 2753 2927 2805 κατὰ
2952 2753 3047 2825 τὴν
3071 2754 3293 2827 πρώτην
3323 2761 3542 2829 σκηνήν.
3572 2758 3885 2813 Ἀσϐεστον

2327 2844 2425 2913 μὲν
2468 2844 2577 2915 γάρ
2605 2845 2634 2897 6
2673 2844 2971 2915 νομοθέτης
3012 2847 3384 2919 διατηρεῑσθαι
3427 2850 3537 2903 δεῖν
3575 2849 3910 2905 κεκέλευκεν

2323 2936 2469 2991 οὓτω
2488 2936 2691 3006 λέγων’
2736 2956 2755 2990 ι
2776 2939 2886 2992 Καὶ
2919 2938 3212 2997 καύσουσιν
3232 2942 3393 2995 αὐτὸν
3434 2942 3642 3015 ’Δαρὼν
3664 2983 3680 3008 ,
3720 2945 3830 2998 καὶ
3860 2944 3910 2998 οἱ

2322 3029 2429 3082 υἱοὶ
2470 3029 2632 3083 αὐτοῦ
2671 3031 2780 3084 ἀπὸ
2813 3030 3051 3103 ἑσπέρας
3088 3035 3193 3098 ἓως
3222 3035 3366 3106 πρωῒ
3412 3035 3641 3090 ἐνώπιον
3686 3035 3909 3108 Κυρίου

634 3128 831 3198 exiguo
852 3124 919 3181 de
944 3127 1037 3181 illo
1068 3125 1239 3196 gavisi
1276 3123 1531 3189 fuissent,
1575 3124 1841 3179 hactenus
1885 3133 2056 3189 certe,
2085 3125 2215 3179 dum

2323 3119 2629 3222 ἐνδελεχῶς.
2665 3139 2684 3173 ι
2723 3122 2926 3193 Χρόνον
2950 3141 3015 3192 γε
3043 3124 3150 3196 μὴν
3166 3127 3252 3178 ἐπ’
3279 3125 3427 3198 αὐτῷ
3458 3128 3649 3198 κομιδῇ
3689 3126 3910 3198 βραχὺν

636 3219 706 3274 ad
726 3218 993 3289 baptisma
1030 3218 1179 3272 illius
1219 3226 1535 3281 accurrunt,
1569 3225 1626 3271 et
1658 3216 1813 3271 illum
1850 3216 2215 3272 admiratione

2323 3210 2579 3282 ἡσθέντες
2615 3214 2877 3282 Ἰουδαῖοι,
2905 3216 2994 3270 διά
3019 3234 3082 3285 γε
3110 3218 3173 3272 τὸ
3203 3219 3571 3290 προσδραμεῖν
3595 3220 3673 3291 τῷ
3697 3221 3775 3274 δι’
3805 3223 3910 3275 αύ-

634 3312 871 3368 maxima
893 3318 1302 3381 prosequuntur
1322 3351 1337 3374 ,
1369 3309 1583 3363 tandem
1614 3308 1811 3364 mortis
1835 3320 2029 3363 somno
2055 3307 2222 3364 dede-

636 3410 790 3466 ant,
834 3416 900 3456 ac
933 3400 1334 3472 propemodum
1372 3400 1576 3471 jngiter
1631 3398 1905 3454 lucentem
1938 3399 2087 3453 illam
2131 3399 2218 3454 Iu-

634 3508 857 3551 cernam
881 3492 1291 3549 exstinxerunt:
1319 3507 1467 3555 nam,
1489 3490 1617 3545 licet
1634 3488 1837 3545 Herodi
1860 3490 1992 3544 illud
2007 3490 2220 3545 facinus

636 3585 933 3648 tribuatur,
956 3591 1012 3637 at
1040 3584 1088 3638 is
1113 3592 1264 3639 certe
1286 3582 1354 3637 de
1387 3582 1551 3636 lsrael
1598 3596 1770 3652 genus
1812 3581 2069 3637 ducebat.
2108 3582 2217 3637 Ita-

572 3675 581 3687 ’
633 3689 743 3745 que
774 3673 1047 3736 Christus,
1080 3687 1204 3726 cum
1243 3672 1554 3729 Iudaeorum
1596 3670 1827 3740 populos
1859 3670 1927 3725 de
1968 3671 2214 3735 audacia,

635 3782 743 3837 qua
777 3766 833 3819 in
863 3778 1056 3818 omnes
1081 3772 1300 3819 sanctos
1321 3762 1405 3816 usi
1431 3762 1671 3825 fuerant,
1696 3770 1982 3816 accusaret
2009 3780 2020 3814 :
2056 3780 2073 3812 ι
2096 3762 2214 3816 Non

637 3858 976 3928 fieripOtcst,
1011 3856 1209 3926 inquit,
1237 3855 1561 3925 prephetam
1592 3855 1774 3924 perire
1816 3863 1970 3909 extra
1992 3854 2213 3910 Jerusa-

633 3948 741 4003 lem
771 3948 837 4002 ⁸³.
880 3965 899 3999 ι

705 4040 899 4096 PALL.
932 4041 1051 4095 Lux
1078 4040 1242 4111 igitur
1278 4055 1343 4094 ac
1383 4040 1606 4096 lucerna
1633 4056 1731 4111 per
1774 4038 2210 4102 similitudinem,

632 4134 949 4203 Christique
1007 4132 1481 4203 participationem
1545 4133 1742 4187 beatus
1823 4146 2043 4202 quoque
2106 4131 2210 4185 Ba-

632 4226 799 4296 ptista
836 4224 941 4280 fuit
980 4225 1070 4290 iis,
1089 4225 1183 4295 qui
1210 4225 1267 4279 in
1298 4224 1415 4295 lege
1437 4239 1502 4279 ac
1516 4238 1615 4295 per
1633 4223 1875 4279 Iudaeam
1905 4233 2079 4278 erant.

703 4319 860 4377 ΟΥΕ.
899 4320 978 4376 Ita
999 4328 1101 4375 est.
1128 4319 1209 4374 Ad
1246 4318 1502 4375 eumdem
1519 4331 1739 4388 quoque
1767 4317 1990 4371 modum
2019 4328 2207 4387 panes,

632 4417 852 4466 sanctos
874 4408 1150 4479 apostolos
1171 4408 1345 4478 accipi
1384 4414 1663 4477 putamus.
1706 4405 1861 4461 Unus
1892 4406 2039 4460 enim
2083 4420 2208 4460 curn

2320 3300 2414 3353 τοῦ
2457 3299 2831 3373 βαπτίσματι,
2869 3306 2964 3359 καὶ⁸
2995 3306 3182 3378 θαῦμα
3228 3308 3371 3362 ἑλεῖν
3410 3310 3497 3363 ἐπ’
3540 3310 3686 3381 αὐτῷ
3724 3312 3907 3379 πολὺ,

2319 3392 2714 3464 κατεκοίμισαν
2746 3394 2825 3466 τῷ
2862 3395 3079 3469 θανάτῳ
3108 3399 3389 3470 μονονουχὶ
3414 3401 3508 3454 τὸν
3542 3402 3777 3473 ἀειφανῆ
3809 3404 3907 3457 λύ-

2318 3499 2443 3554 χνον
2475 3486 2983 3553 κατασϐεννύοντες.
3025 3492 3086 3543 Et
3119 3491 3228 3561 γὰρ
3270 3494 3365 3547 καὶ
3406 3493 3640 3565 Ἡρώδου
3662 3496 3727 3549 τὸ
3771 3498 3907 3550 τόλ-

2321 3591 2397 3645 μη
2404 3593 2480 3645 μα
2499 3576 2706 3646 λέγοιτο
2717 3579 2896 3650 τυχὸν,
2910 3579 3024 3634 ἀλλ’
3039 3578 3135 3637 οὖν
3154 3583 3305 3649 ὄντος
3320 3585 3379 3652 ἐξ
3392 3586 3621 3657 αἵματος
3650 3588 3903 3660 Ἰσραήλ·

2317 3665 2406 3721 διὰ
2453 3668 2611 3722 τοῦτο
2658 3671 2894 3742 Χριστὸς
2962 3676 3075 3737 τοῖς
3113 3672 3384 3731 Ἰουδαίων
3436 3677 3584 3742 λαοῖς
3633 3677 3692 3732 τὸ
3748 3680 3905 3735 κατά

2317 3760 2519 3824 παντὸς
2564 3762 2718 3829 ἀγίου
2782 3762 2981 3835 θράσος
3024 3765 3295 3834 ἐγκαλῶν,
3328 3787 3345 3819 ι
3378 3769 3492 3823 Οὐκ
3538 3770 3844 3841 ἐνδέχεται,
3877 3791 3899 3827 ι

2317 3855 2491 3924 φησὶ,
2551 3872 2570 3905 ι
2636 3856 2923 3927 προφήτην
2971 3857 3269 3914 ἀπολέσθαι
3302 3859 3409 3926 ἔξω
3449 3861 3835 3936 Ἰερουσαλήμ.
3876 3882 3896 3919 ο

2384 4038 2594 4093 ΠΔΛΛ.
2614 4040 2733 4104 Φῶς
2757 4037 2850 4095 οὖν
2866 4042 2971 4113 ἄρα
2992 4045 3083 4097 καί
3104 4043 3315 4115 λύχνος,
3335 4044 3457 4099 καθ’
3478 4048 3773 4118 ὁμοιότητα
3799 4053 3901 4106 καὶ

2312 4128 2455 4182 κατὰ
2479 4128 2694 4201 μέθεξιν
2714 4132 2808 4186 τοῦ
2831 4134 3086 4206 Χριστοῦ,
3111 4137 3206 4191 καὶ
3230 4140 3259 4191 6
3277 4134 3559 4203 θεσπέσιος
3581 4138 3899 4215 Βαπτιοτὴς

2310 4224 2421 4285 τοῖς
2450 4222 2509 4275 ἐν
2536 4224 2685 4295 νόμῳ
2713 4224 2855 4279 κατά
2882 4226 2981 4298 τὴν
3018 4227 3300 4283 Ἰουδαίαν.

2380 4310 2545 4368 ΚΥΡ.
2571 4312 2727 4367 Οὕτω
2747 4316 2909 4385 φημί.
2934 4316 3090 4372 Κατά
3116 4317 3212 4371 τὸν
3230 4319 3343 4373 ἴσον
3378 4320 3436 4374 δὲ
3466 4320 3660 4391 τρόπον
3682 4322 3895 4395 ἄρτους

2310 4402 2551 4457 νοετσοαί
2569 4421 2749 4476 φαμεν
2792 4408 2918 4472 τοὺς
2942 4408 3131 4477 ἁγίους
3150 4410 3501 4475 ἀποστόλους.
3529 4410 3623 4477 Εἷς
3646 4413 3748 4484 μὲν
3777 4418 3893 4488 γὰρ

631 4502 704 4557 sit
742 4502 833 4556 ille
866 4516 965 4570 per
997 4507 1251 4554 naturam
1298 4505 1355 4553 et
1383 4514 1515 4553 vere
1566 4498 1745 4567 panis,
1804 4498 1899 4569 qui
1942 4498 2010 4552 de
2065 4498 2205 4553 cmlo

2316 4492 2337 4548 ό
2369 4494 2529 4564 φύσει
2560 4510 2620 4549 τε
2652 4497 2743 4551 καὶ
2768 4497 2984 4568 ἀληθῶς
3012 4501 3178 4572 ἄρτος
3203 4504 3233 4556 6
3260 4502 3319 4569 ιξ
3354 4503 3582 4575 ούρανοῦ
3612 4506 3703 4559 καὶ
3740 4506 3891 4570 Cmo-

628 4592 936 4656 descendit,
962 4604 1027 4645 ac
1056 4590 1225 4644 vitam
1258 4598 1501 4659 praestat,
1546 4605 1613 4645 ex
1660 4591 1780 4660 ejus
1808 4598 1989 4645 tamen
2028 4589 2211 4645 imita-

630 4685 781 4739 tione
807 4681 1356 4754 participationeque,
1382 4680 1476 4751 qui
1515 4696 1615 4751 per
1651 4690 1906 4736 naturam
1946 4683 2071 4738 talis
2103 4691 2208 4747 est,

627 4776 803 4830 divini
853 4774 930 4829 illi
955 4774 1339 4845 mysteriorum
1378 4770 1634 4828 doctores
1676 4788 1741 4827 ac
1773 4774 2015 4843 magistri
2044 4789 2212 4845 panes

625 4874 757 4924 sunt
780 4864 849 4922 ad
871 4866 1133 4937 pietatem
1162 4865 1493 4929 nutrientes,
1520 4876 1645 4919 cum
1686 4865 1853 4920 verba
1887 4865 2012 4919 vitae
2049 4864 2210 4921 nobis

624 4961 928 5032 praebeant,
946 4967 1003 5013 et
1035 4956 1198 5029 θῆρε
1238 4956 1437 5013 famem
1487 4971 1555 5013 ex
1613 4957 1918 5027 ignorantia
1986 4958 2207 5028 proﬁci-

626 5057 873 5103 scentem
927 5046 996 5102 de
1033 5045 1376 5101 credentium
1409 5046 1607 5102 animis
1645 5046 1939 5119 depellant.
1998 5048 2205 5105 Eodem

624 5152 793 5209 porro
814 5145 943 5193 sunt
958 5152 1125 5209 panes
1144 5152 1395 5203 numero,
1412 5154 1523 5208 quo
1548 5139 1827 5209 discipuli,
1854 5153 2051 5211 nempe
2070 5141 2206 5197 duo-

628 5230 826 5294 decim,
867 5230 1015 5301 iique
1035 5231 1088 5285 in
1119 5231 1256 5286 duas
1288 5232 1597 5302 positiones
1616 5231 1898 5298 collocati;
1923 5244 2020 5287 sex
2048 5232 2199 5299 hinc,

628 5322 827 5393 inquit,
861 5330 918 5377 et
942 5338 1038 5378 sex
1064 5322 1209 5388 inde,
1242 5324 1637 5394 pr0pemodum
1660 5323 1714 5378 in
1744 5322 1936 5377 orbem
1964 5322 2198 5379 circum-

626 5419 866 5478 stantes,
893 5413 1027 5467 etin
1068 5413 1250 5467 medio
1286 5414 1406 5469 loco
1436 5415 1676 5484 positum
1718 5413 1984 5469 habentes
2024 5426 2195 5469 unum

626 5507 779 5561 illum
798 5514 855 5561 et
876 5504 944 5560 de
972 5505 1111 5560 caelo
1144 5520 1361 5575 panem,
1390 5506 1445 5560 id
1494 5514 1579 5561 est
1626 5505 1929 5562 Christum.
1984 5504 2194 5576 Singuli

624 5598 789 5654 etiam
817 5612 885 5653 ex
906 5596 1119 5653 duabus
1146 5597 1395 5662 decimis,
1436 5597 1491 5652 id
1521 5607 1606 5653 est
1651 5613 1718 5653 ex
1740 5596 1957 5652 duabus
2010 5598 2192 5667 perfe-

710 5776 751 5808 ⁶¹
786 5775 924 5830 Psal.
967 5791 1144 5841 exul,
1175 5776 1261 5829 l7.
1336 5776 1382 5810 ⁸¹
1404 5776 1561 5832 Joan.
1586 5790 1640 5841 v,
1668 5776 1757 5831 35.
1834 5776 1881 5809 ⁸³
1902 5774 2032 5829 Luc.
2063 5790 2175 5835 ιιιι,
2202 5774 2290 5827 35.

2308 4585 2459 4649 ποιός
2478 4602 2490 4615 ·
2521 4586 2663 4640 κατά
2692 4586 2925 4659 μίμησιν
2967 4588 3024 4642 δὲ
3044 4589 3137 4643 τοῦ
3170 4589 3329 4659 φύσει
3356 4591 3452 4645 καὶ
3478 4591 3617 4646 κατά
3659 4592 3891 4661 μέθεξιν

2307 4674 2461 4747 ἄρτοι
2487 4678 2776 4750 τρέφοντες
2803 4682 2884 4743 είς
2915 4681 3194 4736 εὐσέϐειαν
3243 4686 3294 4737 οι
3333 4682 3464 4739 θεῖοι
3504 4688 3887 4755 μυσταγωγοὶ,

2306 4769 2497 4838 λόγους
2526 4771 2657 4841 ἡμῖν
2684 4772 2922 4836 ἀνιέντες
2956 4773 3123 4844 ζωῆς.
3165 4776 3259 4829 καὶ
3286 4776 3377 4829 τὸν
3412 4778 3478 4831 ὲκ
3508 4777 3608 4846 τῆς
3636 4778 3889 4847 ἀμαθίας

2305 4860 2481 4932 λιμὸν,
2498 4863 2595 4934 τῆς
2609 4863 2717 4917 τῶν
2744 4866 3107 4921 πιστευόντων
3131 4868 3438 4933 ἐξιστάντος
3465 4870 3886 4943 ψυχῆςεισάριο

2307 4952 2433 5025 θμοι
2467 4953 2525 5008 δὲ
2564 4958 2678 5020 τοῖς
2717 4957 3015 5029 μαθηταῖς,
3054 4958 3106 5013 οι
3139 4958 3327 5031 ἄρτοι·
3376 4962 3692 5016 δυοκαίδεκα
3738 4964 3881 5035 γὰρ.

2307 5047 2399 5099 καὶ
2423 5048 2504 5110 είς
2527 5045 2623 5100 δύο
2651 5048 2892 5120 κείμενοι
2921 5048 3151 5121 θέματα,
3178 5050 3240 5117 ιε
3275 5051 3450 5115 ἔνθεν,
3484 5054 3648 5124 φησὶ.
3687 5054 3790 5106 καὶ
3820 5054 3881 5120 ἒξ

2292 5133 2473 5202 Δἐνθεν,
2521 5140 2805 5210 μονονουχὶ
2835 5140 2932 5194 καὶ
2960 5142 3019 5194 ὲν
3056 5140 3239 5213 κύκλῳ
3274 5144 3653 5215 περιεστῶτες.
3686 5146 3787 5198 καὶ
3819 5148 3880 5199 ὲν

2305 5228 2455 5299 μέσῳ
2481 5229 2630 5300 τόπῳ
2663 5230 2915 5302 κείμενον
2943 5229 3157 5303 ιχοντες
3183 5234 3279 5288 ἕνα
3308 5250 3366 5289 τε
3400 5236 3495 5289 καὶ
3527 5235 3586 5302 ἐξ
3616 5236 3877 5306 ούρανοῦ.

2298 5319 2445 5374 τοῦτ’
2475 5321 2612 5385 ἔστι,
2644 5320 2899 5393 Χριστόν
2928 5323 3022 5377 καὶ
3055 5324 3151 5378 δύο
3167 5324 3409 5379 δεκάτων
3449 5326 3693 5389 ἕκαστος.
3723 5325 3877 5379 τοῦτ’

2303 5411 2472 5476 ἐστιν,
2498 5412 2563 5466 ἐκ
2582 5411 2677 5466 δύο
2698 5413 2914 5485 μέτρων
2934 5413 3173 5468 τελείων.
3200 5414 3408 5468 mm
3430 5415 3538 5488 γὰρ
3563 5415 3679 5469 κατ’
3703 5415 3877 5485 ἄμφω

2302 5504 2591 5573 γεγόνασιν
2634 5505 2683 5557 oi
2729 5504 3005 5559 θεσπέσιοι
3037 5505 3309 5577 μαθηταὶ,
3358 5506 3495 5578 πρὸς
3540 5507 3648 5559 πᾶν
3690 5504 3874 5559 ὁτιοῦν

2301 5596 2504 5669 ἀρτίως
2525 5598 2737 5669 ἔχοντες
2758 5598 2981 5669 ἀγαθὸν,
3004 5599 3151 5670 ἔργῳ
3175 5615 3234 5653 τι
3253 5600 3571 5671 διαπρεπεῖς
3594 5598 3686 5654 καὶ
3703 5597 3869 5670 λόγῳ.
