4140 6510
277 390 377 446 681

1028 393 1117 448 DE
1155 382 1597 448 ADORATIONE
1633 386 1701 442 IN
1742 370 2013 440 SI’IRITU
2056 382 2143 438 ΕΤ
2178 370 2547 443 ΥΪΞΒΙΤΛΤΕ.
2587 387 2713 443 LIB.
2757 389 2821 443 Χ.

3434 388 3539 450 689

273 504 508 567 Λίδανος
541 502 598 557 δὲ
640 503 736 556 καὶ
774 503 906 567 ἁλας
940 504 1126 567 αὐτοῖς
1167 504 1237 557 τὰ
1283 502 1726 572 ὲπιπαττὸμενα,
1763 495 1844 552 τοξ

1963 498 2066 551 ctis
2094 500 2397 565 mensuris;
2438 517 2564 553 nam
2613 518 2679 556 ex
2729 511 2961 573 utraque
3000 513 3152 572 parte
3197 505 3424 574 perfecti
3458 507 3535 563 illi

276 600 377 670 μὲν
402 598 622 652 λιϐάνου
649 596 711 649 τὸ
740 592 941 661 εὑῶδες
965 599 1025 650 ὲν
1060 596 1336 667 ἁγιασμῷ,
1374 596 1469 649 καὶ
1498 591 1694 664 εὐωδίᾳ
1722 593 1855 663 Χρι-

274 692 424 753 στοῦ,
452 689 549 743 τοῦ
581 706 646 757 γε
678 688 782 760 μὴν
814 688 960 753 ἁλὸς,
992 688 1092 753 τὴν
1117 688 1375 760 φρόνησιν
1404 686 1854 757 ὑπεμφαίνοντος.

272 784 347 838 Οὐ
375 784 487 855 γὰρ
524 782 780 846 ἀσύνετος
817 783 851 853 ἢ
903 782 1083 854 μωρὸς
1115 785 1225 835 τῶν
1260 782 1429 851 ἁγίων
1461 783 1489 834 ὁ
1527 780 1704 846 λόγος,
1741 776 1856 829 ἀλλ’

271 877 329 928 ἐν
355 872 541 944 χάριτί
572 890 631 925 τε
672 874 766 927 καί
797 872 954 926 ἅλατι
988 871 1312 944 ἠρτυμένος,
1344 869 1485 924 κατὰ
1513 868 1574 921 τὸ
1604 885 1856 938 γεγραμ-

274 966 460 1035 μένον.
502 965 593 1017 καὶ
636 965 795 1035 χάριν
836 963 1011 1026 διδοὺς
1047 965 1158 1026 τοῖς
1191 961 1500 1015 ἀκούουσιν.
1538 959 1770 1029 Εἴρηται
1799 956 1855 1009 δὲ

272 1055 412 1124 πρὸς
459 1055 656 1118 αὐτοὺς
699 1056 791 1108 καὶ
833 1054 980 1127 παρὰ
1012 1052 1270 1125 Χριστοῦ·
1311 1070 1331 1103 ι
1399 1052 1588 1121 Ὑμεῖς
1629 1051 1752 1102 ὲστε
1795 1048 1856 1100 τὸ

270 1146 408 1210 ἅλας
443 1146 542 1215 τῆς
566 1146 689 1215 γῆς.
732 1166 751 1198 ›
798 1144 1150 1217 Προτίθενται
1181 1144 1237 1198 δὲ
1272 1144 1365 1197 καὶ
1392 1144 1448 1195 ὲν
1485 1142 1672 1213 ἡμέρᾳ
1712 1139 1854 1192 Σαϐ-

266 1238 477 1292 ϐἀτων.
518 1237 732 1309 Ἡμέρα
763 1237 870 1308 γὰρ
912 1236 1234 1303 ἀναδείξεως
1261 1235 1371 1288 τῶν
1415 1233 1587 1302 ἁγίων
1624 1231 1856 1286 ἀποστό-

267 1331 399 1395 λων,
441 1331 470 1383 ὁ
498 1330 591 1383 τοῦ
621 1329 813 1400 νοητοῦ
869 1328 1148 1382 Σαϐϐάτου
1178 1326 1369 1396 καιρὸς
1388 1367 1402 1388 ,
1435 1325 1577 1379 τοῦτ’
1608 1325 1773 1386 ἔστιν,
1819 1323 1852 1394 ἠ

266 1421 521 1493 Χριστοῦ
552 1422 852 1492 παρουσία,
900 1422 968 1490 ἢν
1010 1419 1241 1491 ἐπείπερ
1273 1418 1372 1472 οὐκ
1410 1417 1652 1487 ἔγνωσαν
1699 1418 1747 1469 oi
1794 1414 1855 1481 ἐξ

280 1515 520 1587 Ἰσραὴλ,
566 1514 595 1566 ὁ
638 1513 848 1577 Παῦλός
882 1531 1014 1585 φησι
1066 1513 1195 1583 περὶ
1241 1511 1441 1573 αὐτῶν,
1483 1531 1502 1563 ι
1543 1512 1685 1582 ’Δρα
1719 1511 1853 1562 ἁπο-

264 1609 516 1662 λείπεται
559 1606 927 1676 σαϐϐατισμὸς
964 1604 1044 1674 τῷ
1090 1602 1204 1674 λαῷ
1242 1601 1338 1657 τοῦ
1371 1602 1527 1656 Θεοῦ.
1570 1622 1588 1652 ι
1634 1601 1709 1654 Οὐ
1743 1600 1851 1671 γὰρ

264 1696 519 1767 είσῆλθον
568 1696 647 1758 είς
684 1694 782 1766 τὴν
814 1695 1159 1749 κατάπαυσιν
1188 1693 1376 1757 αὑτοῦ,
1425 1694 1524 1763 τὴν
1564 1694 1745 1745 πίστιν
1787 1692 1847 1745 ού

264 1789 699 1860 προσηκάμενοι.
730 1786 1105 1857 Σαὸσατισμδς
1139 1782 1232 1839 οὖν
1265 1786 1455 1856 νοητὸς
1492 1787 1587 1839 καὶ
1619 1786 1844 1856 ἀληθὴς,

262 1885 294 1935 ὁ
340 1882 445 1951 τῆς
494 1881 589 1933 τοῦ
639 1880 891 1950 Σωτῆρος
918 1878 1076 1949 ήμῶν
1127 1877 1421 1947 ἐπιδημίας
1469 1877 1687 1948 καιρός.
1760 1876 1849 1929 Ἐν

263 1971 568 2043 ὀφθαλμοῖς
600 1971 656 2024 δὲ
690 1969 825 2023 Θεοῦ
856 1968 962 2023 τῶν
995 1968 1174 2041 ἄρτων
1202 1971 1235 2040 ὴ
1272 1967 1561 2040 πρόθεσις,
1608 1969 1702 2022 καὶ
1743 1968 1851 2039 μὴν

262 2066 360 2118 καὶ
381 2064 440 2117 ἐν
465 2062 762 2133 ὀφθαλμοῖς
794 2061 1031 2132 Ἰσραήλ.
1063 2080 1081 2112 ι
1116 2060 1422 2133 Προθήσετε
1447 2062 1576 2133 γὰρ,
1601 2061 1754 2133 φησὶ,
1782 2060 1847 2132 τῇ

261 2157 453 2228 ἡμέρα
472 2156 579 2208 τῶν
606 2155 896 2209 Σαεῦἀτων
922 2153 1101 2207 ἔναντι
1122 2154 1327 2227 Κυρίου
1347 2154 1434 2208 διὰ
1461 2156 1681 2219 παντὸς,
1699 2155 1850 2227 παρὰ

242 2234 373 2300 ’τῶν
398 2246 532 2300 υἱῶν
562 2246 795 2318 Ἰσραήλ·
829 2265 847 2297 ι
873 2245 1149 2317 θεωμένου
1174 2248 1267 2300 καὶ
1292 2245 1553 2317 διηνεκῶς
1573 2245 1849 2311 ἀξιοῦντος

258 2340 389 2400 τοὺς
441 2338 630 2405 ἁγίους
679 2338 1001 2407 ἐπισκοπῆς.
1058 2355 1077 2388 ι
1136 2336 1432 2406 Ὀφθαλμοὶ
1485 2336 1594 2406 γὰρ
1641 2334 1847 2405 Κυρίου

259 2431 360 2483 ἐπὶ
396 2429 660 2493 δικαίους,
709 2447 727 2480 ›
763 2428 916 2499 φησί.
949 2428 1054 2483 Τοῦ
1087 2428 1144 2483 δὲ
1192 2427 1430 2500 Ἰσραὴλ,
1460 2429 1535 2493 ὡς
1563 2428 1848 2499 προσέχειν

259 2524 449 2584 αὐτοῖς
473 2520 800 2591 ὀφείλοντος,
854 2520 948 2573 καὶ
1002 2520 1163 2572 οίονεί
1201 2535 1317 2583 πως
1364 2518 1691 2585 ὲφιστῶντος
1746 2517 1846 2587 τῆς

257 2612 501 2678 διανοίας
547 2613 638 2665 τὸν
684 2610 980 2680 ὀφθαλμὸν,
1019 2606 1079 2664 οῦ
1119 2610 1213 2664 καὶ
1260 2612 1337 2673 είς
1369 2610 1541 2664 τύπον
1587 2610 1653 2663 ἂν
1699 2609 1783 2677 εἴη
1815 2610 1845 2661 ὁ

261 2705 595 2774 σωματικάς.
641 2722 660 2755 ι
712 2702 850 2757 Ἀλλ’
893 2702 1065 2767 ἔσται,
1119 2702 1318 2772 φησὶν,
1362 2700 1570 2773 ’Ᾱαρὼν
1612 2702 1843 2764 καὶτοῖς

260 2799 399 2860 υἱοῖς
454 2794 639 2859 αὑτοῦ,
683 2796 778 2848 καὶ
826 2799 1091 2863 φάγονται
1138 2794 1297 2847 αύτὰ.
1338 2812 1356 2845 ι
1398 2793 1687 2866 Πρὸκειται
1735 2794 1843 2865 γὰρ

255 2887 396 2959 ἡμῖν
428 2887 506 2950 είς
537 2885 744 2954 τροφὴν
772 2883 841 2937 τὰ
868 2882 976 2936 τῶν
1010 2882 1180 2950 ἁγίων
1213 2882 1523 2937 ἀποστόλων
1553 2883 1842 2955 συγγράμ-

261 2995 442 3050 ματα,
475 2979 589 3039 τοῖς
624 2977 680 3028 ὲν
718 2975 900 3028 πίστει
939 2974 1407 3044 δεδικαιωμένοις,
1461 2974 1601 3045 ἁγίῳ
1645 2990 1703 3028 τε
1751 2977 1845 3029 καὶ

260 3069 396 3141 ίερῷ
426 3067 606 3137 γένει,
632 3066 781 3129 λαοῖς
810 3068 921 3127 τοῖς
957 3068 1036 3128 είς
1077 3066 1454 3135 περιποίησιν4
1505 3066 1599 3118 καὶ
1641 3065 1843 3132 ἐξειλε-

256 3162 506 3231 γμένοις,
542 3160 637 3214 καὶ
665 3160 731 3231 τῇ
760 3157 854 3212 τοῦ
884 3157 1038 3226 ἁγίου
1065 3156 1383 3228 Πνεύματος
1406 3157 1587 3229 χάριτι
1613 3173 1844 3210 κατακε-
1868 3190 1913 3250 c

255 3252 598 3323 χρωμένοις.

332 3525 543 3579 ΠΑΛΛ.
574 3519 649 3579 Εὖ
690 3521 825 3592 ἔφης
846 3539 860 3553 ·
896 3519 1271 3591 συναινέσαιμι
1294 3521 1400 3591 γὰρ
1433 3522 1518 3576 ἄν.
1560 3522 1718 3577 Ἀλλὰ
1744 3523 1839 3578 τοῦ

253 3618 321 3689 δὴ
347 3618 528 3687 χάριν,
560 3617 658 3669 οὐκ
682 3617 739 3668 ὲν
771 3616 883 3677 τοῖς
919 3614 1123 3682 Ἀγίοις
1156 3613 1263 3666 τῶν
1301 3614 1471 3682 ἁγίων
1491 3655 1503 3676 ,
1531 3613 1645 3667 ἀλλ’
1670 3616 1727 3668 ὲν
1773 3617 1838 3687 τῇ

252 3709 452 3779 πρώτῃ
500 3709 673 3779 σκηνῆ
703 3706 797 3761 τοῦ
826 3706 981 3775 ἁγίου
1025 3704 1331 3759 Βαπτιστοῦ
1353 3746 1367 3770 ,
1398 3707 1492 3761 καὶ
1518 3708 1628 3759 τῶν
1671 3708 1839 3776 ἁγίων

252 3800 576 3855 ἀποστόλων
600 3801 647 3852 οἱ
672 3800 832 3853 τύποι
853 3818 868 3865 ;
1462 3830 1465 3833 .

323 3892 489 3947 ΚΥΡ.
524 3894 746 3964 Πρῶτον
788 3894 887 3962 μὲν
935 3892 1016 3945 ὅτι
1069 3891 1204 3944 πολὺ
1245 3891 1307 3945 τὸ
1348 3888 1696 3962 μεσολαϐοῦν,
1744 3894 1840 3946 καὶ

248 3986 354 4037 οὐκ
380 3985 439 4037 ἑν
465 3977 545 4046 οἷς
565 3984 593 4035 ὁ
616 3982 871 4054 Χριστὸς,
896 3982 991 4035 καὶ
1014 3982 1083 4035 τὰ
1105 3983 1212 4035 τῶν
1243 3983 1414 4050 ἁγίων
1438 3983 1699 4049 κείσεται,
1722 3984 1837 4037 ἀλλ’

251 4072 417 4131 οἱονεί
456 4092 574 4139 πως
607 4074 713 4140 ἔξω
754 4074 849 4128 καὶ⁸
892 4074 950 4127 ὲν
991 4074 1215 4144 μείοσιν.
1265 4073 1554 4147 Ἐξῄρηται
1592 4074 1700 4146 γὰρ
1743 4076 1838 4129 καὶ

251 4170 362 4224 ἁνὰ
398 4169 565 4240 μέρος
591 4168 707 4221 ἐστὶ
734 4166 802 4221 τὰ
828 4166 921 4220 τοῦ
944 4165 1099 4230 Θεοῦ,
1126 4168 1219 4220 καὶ
1244 4167 1410 4231 πολὺς
1434 4167 1502 4220 τὰ
1523 4168 1837 4239 ἀνθρώπινα

250 4260 572 4331 διατειχίζει
619 4258 809 4326 λόγος,
857 4256 1188 4329 ἀσύγκριτον
1239 4260 1543 4324 ἐπιδεικνὺς
1589 4261 1687 4331 τὴν
1728 4261 1836 4315 τῶν

249 4354 472 4422 φύσεων
518 4350 774 4421 ἰδιότητα,
816 4352 909 4405 καὶ
956 4351 1053 4422 τὴν
1099 4351 1198 4420 τῆς
1242 4352 1494 4415 εὐκλείας
1545 4353 1829 4423 διαφορὰν.

248 4443 385 4499 Εἶτα
420 4444 503 4498 ὃτι
530 4444 818 4513 γεγόνασιν
851 4442 911 4507 ἐξ
956 4442 1221 4497 Ἰουδαίων
1252 4444 1346 4496 καὶ
1376 4444 1477 4513 τῆς
1506 4443 1649 4498 κατὰ
1671 4445 1834 4515 νόμον

1962 588 2107 644 beati
2133 591 2387 661 discipuli
2412 593 2655 658 fuerunt,
2686 595 2753 648 ad
2798 610 2959 650 omne
2995 611 3134 664 Opus
3173 596 3377 651 bonum
3417 614 3537 654 0m-

1958 679 2123 734 nibus
2159 681 2274 735 suis
2312 680 2561 750 partibus
2602 682 2860 747 absoluti,
2888 692 2944 738 et
2989 698 3156 755 opere
3188 685 3430 757 insignes
3482 698 3541 745 et

1956 771 2149 825 verbo.
2196 769 2347 826 Thus
2384 781 2648 840 pratterea
2711 782 2767 829 et
2812 775 2891 829 sal
2937 775 3047 830 illis
3093 778 3442 847 aspergitur;
3475 796 3540 833 ac

1958 859 2086 913 thus
2108 859 2327 930 quidem
2359 860 2508 915 illam
2537 862 2843 918 sanctitatis
2867 865 3242 935 fragrantiam,
3261 868 3537 924 etChristi

1957 948 2163 1003 bonum
2192 951 2439 1015 adorent,
2481 953 2559 1007 sal
2580 969 2712 1007 vero
2732 956 3079 1025 prudentiam
3099 959 3303 1014 indicat
3323 978 3336 1027 ;
3360 972 3538 1032 neque

1955 1041 2103 1095 enim
2120 1050 2434 1097 sanctorum
2456 1045 2702 1100 virorum
2725 1062 2905 1103 sermo
2927 1049 3196 1119 insipiens
3220 1062 3315 1106 aut
3335 1054 3537 1107 stultus

1955 1139 2060 1197 est,
2093 1132 2188 1188 sed
2208 1136 2382 1205 gratia
2418 1145 2474 1191 et
2499 1136 2610 1192 sale
2651 1140 2905 1195 conditus
2925 1140 2993 1207 “,
3035 1150 3095 1196 ut
3125 1144 3389 1215 scriptum
3430 1156 3533 1211 est,

1955 1233 2013 1279 et
2037 1225 2265 1295 gratiam
2300 1224 2394 1281 dat
2419 1227 2775 1285 audientibus
2793 1232 2858 1285 ⁸⁸.
2886 1232 3102 1288 Dictum
3136 1243 3219 1290 est
3247 1238 3411 1292 etiam
3429 1237 3538 1292 illis

1955 1330 1987 1369 a
2018 1316 2242 1371 Christo
2269 1336 2281 1370 :
2314 1336 2332 1367 ι
2374 1318 2481 1373 Vos
2513 1321 2646 1375 estis
2679 1323 2757 1376 sal
2792 1329 2952 1380 terra:
2990 1326 3055 1380 ⁸⁸.
3096 1346 3115 1377 ι
3146 1327 3538 1398 Proponunlur

1954 1409 2122 1463 etiam
2151 1409 2239 1465 die
2262 1410 2520 1478 Sabbati;
2552 1413 2670 1469 dies
2688 1415 2857 1481 enim,
2880 1434 2991 1488 quo
3028 1430 3159 1475 sunt
3198 1422 3370 1476 sancti
3400 1432 3535 1494 apo~

1954 1500 2378 1567 stolideclarati,
2397 1501 2621 1560 Sabbati
2646 1507 2949 1576 spiritualis
2975 1520 3192 1582 tempus
3217 1520 3318 1578 est,
3340 1524 3536 1587 nempe

1954 1590 2160 1646 Christi
2186 1593 2479 1660 adventus,
2512 1613 2675 1667 quem
2707 1602 2835 1669 quia
2864 1618 2971 1656 non
2990 1612 3333 1675 agnoverunt
3356 1610 3447 1678 qui
3467 1626 3537 1665 ex

1954 1683 2119 1739 Israel
2144 1701 2315 1756 genus
2346 1686 2640 1754 ducebant,
2674 1692 2877 1749 Paulus
2926 1695 2994 1751 de
3025 1697 3133 1752 illis
3161 1696 3294 1754 dicit
3330 1718 3342 1753 :
3379 1720 3397 1751 ι
3424 1700 3532 1771 Igi-

1955 1782 2045 1829 tur
2096 1777 2426 1848 relinquitur
2469 1782 2838 1841 sabbatismus
2893 1789 3095 1859 popqu
3128 1792 3225 1847 Dei
3269 1794 3378 1847 ⁸⁷.»
3412 1794 3530 1849 Non

1955 1869 2105 1925 enim
2129 1870 2362 1942 ingressi
2381 1883 2507 1929 sunt
2535 1876 2589 1930 in
2616 1879 2862 1947 requiem
2893 1883 3030 1952 ejus,
3055 1885 3183 1954 quia
3217 1886 3378 1943 Iidem
3419 1902 3529 1944 non

1952 1973 2299 2034 receperunt.
2351 1966 2730 2025 Sabbatismus
2755 1972 2922 2042 igitur
2948 1992 3113 2031 verus
3136 1993 3199 2032 ac
3229 1977 3533 2049 spiritualis

1952 2060 2169 2126 tempus
2214 2058 2349 2113 illud
2396 2066 2500 2126 est,
2557 2077 2667 2132 quo
2697 2062 2944 2120 Salvator
2986 2072 3172 2124 noster
3200 2070 3440 2125 advenit.
3469 2069 3529 2127 In

1952 2148 2128 2203 oculis
2152 2149 2317 2203 etiam
2351 2151 2443 2205 Dei
2475 2158 2559 2205 est
2586 2169 2787 2223 panum
2808 2158 3130 2227 propositio,
3164 2168 3329 2230 atque
3362 2159 3527 2216 etiam

1952 2238 2007 2293 in
2058 2241 2233 2295 oculis
2293 2242 2480 2299 Israel.
2538 2265 2556 2297 ι
2609 2247 2935 2317 Proponetis
2976 2251 3145 2315 enim,
3186 2253 3383 2324 inquit,
3437 2255 3526 2309 die

1952 2329 2313 2387 Sabbatorum
2356 2335 2410 2389 in
2443 2347 2739 2406 conspectu
2766 2340 2984 2394 Domini
3004 2341 3057 2396 in
3087 2354 3437 2414 perpetuum,
3468 2344 3525 2401 in

1950 2433 2247 2493 conspectu
2280 2424 2519 2481 ﬁliorum
2545 2429 2705 2484 Israel
2728 2430 2808 2497 5';
2850 2450 2868 2482 ι
2891 2446 3015 2487 cum
3041 2433 3132 2489 ille
3185 2436 3525 2507 contemple—

1950 2522 2057 2581 tur,
2086 2530 2149 2570 ac
2174 2525 2443 2587 perpetuo
2479 2530 2697 2575 sanctos
2744 2522 2890 2578 viros
2935 2537 3030 2578 sua
3053 2525 3394 2596 inspectione
3445 2523 3527 2584 di-

1949 2616 2171 2677 gnetur:
2200 2628 2217 2659 ι
2234 2608 2390 2665 Oculi
2408 2611 2578 2676 enim,
2602 2614 2802 2685 inquit,
2817 2616 3033 2673 Domini
3063 2614 3485 2691 superjustos”.
3502 2645 3518 2675 ι

1949 2699 2007 2752 In
2030 2700 2203 2753 oculis
2245 2700 2410 2757 etiam
2441 2704 2626 2769 Israel,
2667 2706 2813 2776 quod
2866 2723 2963 2763 eos
2985 2711 3270 2767 attendere
3304 2712 3523 2780 debeat,

1948 2798 2113 2860 atque
2141 2792 2195 2846 in
2224 2793 2333 2848 illis
2369 2795 2535 2848 animi
2560 2797 2749 2851 oculos
2779 2798 3181 2867 quodammodo
3206 2802 3350 2874 ﬁgat,
3385 2822 3523 2875 quo-

1949 2896 2069 2934 rum
2093 2880 2321 2952 ﬁguram
2359 2886 2608 2955 corporis
2656 2888 2801 2942 oculi
2837 2888 3103 2946 referunt.
3142 2911 3160 2943 ι
3194 2892 3301 2948 Sed
3338 2904 3522 2960 erunt,

1949 2972 2147 3043 inquit,
2173 2972 2355 3031 Aaron
2373 2984 2429 3031 et
2458 2977 2587 3033 ﬁliis
2611 2980 2751 3049 ejus,
2778 2986 2833 3035 et
2859 2982 3151 3039 comedent
3186 3000 3271 3039 ea.
3304 3006 3323 3037 ι
3345 2986 3524 3058 Αρρο-

1946 3063 2049 3118 sita
2075 3072 2204 3119 sunt
2231 3066 2432 3136 quippe
2463 3067 2623 3122 nobis
2650 3068 2706 3121 in
2744 3068 2928 3123 cibum
2954 3079 3266 3126 sanctorum
3307 3085 3525 3144 aposto-

1946 3156 2124 3210 lorum
2147 3158 2371 3228 scripta,
2403 3161 2497 3230 qui
2528 3160 2635 3215 fide
2668 3162 2952 3233 justificati
2981 3179 3199 3231 sumus;
3246 3174 3302 3221 et
3334 3178 3523 3224 sancto

1946 3247 2020 3302 illi
2050 3262 2113 3303 ac
2146 3258 2302 3305 sacro
2325 3252 2531 3322 generi,
2557 3253 2797 3322 populis,
2828 3255 3072 3324 inquam,
3110 3255 3218 3311 illis
3245 3256 3300 3311 in
3330 3259 3521 3328 acqui—

1940 3339 2220 3405 sitionem,
2252 3351 2308 3396 et
2340 3342 2552 3409 electis,
2600 3350 2656 3399 et
2701 3346 2873 3400 sancti
2913 3346 3151 3417 Spiritus
3178 3350 3353 3420 gratia
3392 3366 3520 3423 per-

1942 3434 2141 3488 uncﬁs.
2750 3434 2751 3437 “

2010 3526 2207 3581 PALL.
2248 3527 2418 3583 Recte
2455 3529 2573 3584 ais:
2617 3528 2715 3584 tibi
2734 3529 2883 3585 enim
2907 3533 3197 3589 assentior.
3235 3533 3341 3589 Sed
3364 3537 3521 3607 cujus

1941 3620 2017 3675 rei
2042 3620 2216 3691 gratia
2258 3637 2369 3676 non
2418 3620 2472 3675 in
2516 3620 2729 3677 Sanctis
2771 3632 3108 3689 sanctorum,
3140 3624 3301 3698 347
3325 3627 3421 3683 sed
3461 3627 3517 3683 in

1939 3712 2121 3782 primo
2144 3712 2498 3768 tabernaculo
2522 3714 2695 3768 sancti
2723 3714 2869 3768 illius
2910 3714 3165 3785 Baptistae
3208 3732 3270 3772 ac
3304 3726 3521 3775 sancto-

1940 3821 2061 3859 rum
2090 3805 2464 3875 apostolorum
2489 3805 2605 3860 sitse
2631 3814 2789 3860 erant
2810 3806 3037 3878 figurae?

2008 3896 2164 3952 CYR.
2192 3898 2436 3953 Primum
2467 3898 2689 3967 quidem
2712 3899 3010 3969 plurimum
3044 3900 3189 3956 inter
3213 3918 3309 3958 eos
3340 3904 3516 3959 inter-

1938 3994 2054 4052 est;
2121 3988 2300 4056 neque
2354 3986 2549 4042 eodem
2608 4004 2719 4057 quo
2763 3988 3015 4044 Christus
3050 3991 3170 4047 loco
3201 3993 3305 4047 viri
3342 3995 3515 4050 sancti

1938 4090 2058 4135 esse
2083 4088 2334 4149 possunt,
2370 4079 2467 4135 sed
2496 4080 2839 4135 extrinsecus
2861 4081 3264 4150 quodammodo
3292 4093 3349 4139 et
3381 4082 3514 4141 sub-

1939 4171 2190 4225 missiore
2238 4170 2433 4242 gradu.
2484 4171 2743 4241 Scjuncta
2784 4188 3021 4242 namque
3060 4184 3187 4229 sunt
3214 4173 3419 4242 divina,
3452 4196 3517 4235 ac

1936 4263 2229 4331 separatim
2246 4262 2443 4331 posita,
2474 4269 2528 4316 et
2555 4262 2714 4332 longe
2741 4262 2954 4316 diversa
2972 4263 3111 4318 ratio
3143 4281 3173 4318 a
3206 4264 3406 4322 divinis
3425 4284 3514 4324 rc-

1937 4355 2040 4408 bus
2055 4354 2291 4407 humana
2311 4354 2617 4424 distinguit,
2637 4370 2757 4423 qua:
2782 4359 3104 4409 naturarum
3120 4358 3514 4429 pr0prietatem

1938 4442 2422 4515 ditI‘e‘rentiamque
2449 4447 2632 4517 gloria:
2678 4453 2883 4501 tantam
2910 4464 3030 4503 esse
3061 4446 3421 4519 demonstrat,
3455 4463 3515 4509 ut

245 4538 527 4609 λατρείας.
564 4536 750 4609 Ταύτῃ
778 4553 859 4589 τοι
892 4535 1056 4599 τόπος
1090 4534 1279 4607 ῶσπερ
1328 4536 1511 4600 αὐτοῖς
1545 4537 1572 4591 ὁ
1611 4539 1835 4609 πρέπων

1946 4522 2177 4592 conferri
2205 4536 2347 4591 inter
2369 4552 2426 4591 se
2469 4537 2620 4590 nullo
2665 4537 2830 4591 modo
2864 4542 3086 4608 queant.
3130 4534 3356 4608 Deinde,
3384 4545 3513 4615 quia
3550 4542 3555 4547 ’

242 4632 280 4701 ὴ
324 4628 514 4699 πρώτη
548 4628 754 4699 σκηνὴ,
792 4628 849 4681 ὲν
946 4627 1005 4681 τὸ
1033 4628 1091 4679 ὲν
1123 4625 1315 4691 τύποις
1346 4628 1523 4683 ἔκειτο
1549 4630 1659 4683 τῶν
1694 4644 1831 4704 καρς

245 4720 530 4791 πωμάτων
563 4719 971 4789 θυσιαστήριονο
1009 4715 1042 4787 ἢ
1078 4719 1179 4772 οὐκ
1226 4717 1285 4782 ἐξ
1331 4720 1561 4789 αἵματος
1618 4720 1831 4793 Ἰσραὴλ

243 4813 345 4867 καὶ
373 4812 482 4865 ἀπὸ
525 4811 730 4882 σκηνῆς
759 4809 948 4881 ὥσπερ
987 4811 1085 4881 τῆς
1122 4811 1374 4883 πρώτης,
1425 4813 1457 4882 ἡ
1506 4812 1615 4866 τῶν
1662 4814 1830 4882 ἁγίων

247 4901 509 4976 μαθητῶν
530 4903 719 4972 γέγονε
750 4900 973 4975 κλῆσις;

319 5168 528 5221 mum.
555 5167 664 5220 Καὶ
698 5166 862 5237 μάλα.

316 5260 483 5312 ΚΥΡ.
536 5258 789 5327 Ἐχοντος
819 5256 883 5328 δὴ
913 5253 1005 5311 σῦν
1032 5258 1397 5330 ἀποχρώντως
1430 5260 1560 5332 ἡμῖν
1590 5258 1647 5318 εὗ
1683 5264 1828 5335 μάλα

237 5350 335 5405 τοῦ
364 5349 722 5421 περὶτούτων
747 5348 929 5417 λόγου,
961 5350 1308 5421 παροιστέον,
1341 5353 1388 5405 εί
1418 5353 1582 5418 δοκεῖ,
1606 5354 1707 5426 τὴν
1732 5356 1825 5410 τοῦ

236 5444 532 5500 θεσπεσίου
560 5442 773 5496 Παύλου
807 5442 1011 5512 φωνὴν,
1047 5441 1441 5515 διατρανοῦσαν
1476 5447 1725 5514 ἀστείως,
1760 5449 1822 5503 τὸ

237 5539 335 5594 ἐπί
367 5556 431 5606 γε
459 5540 525 5607 τῇ
563 5535 752 5607 πρώτῃ
784 5537 878 5589 καὶ
904 5538 969 5607 τῇ
1015 5537 1241 5610 δευτέρᾳ
1284 5543 1456 5612 σκηνῇ
1497 5543 1816 5615 μαρτύριον.

235 5631 449 5703 Γράφει
482 5630 539 5685 δὲ
568 5623 689 5683 ὦδεσ
732 5646 751 5679 ι
791 5628 1007 5681 Τούτων
1027 5629 1085 5681 δὲ
1122 5629 1263 5683 οὕτω
1292 5634 1819 5705 κατεσκευασμένων

1938 4644 2005 4682 ex
2026 4626 2227 4683 Judmis
2250 4628 2353 4680 orti
2383 4634 2438 4682 et
2464 4643 2529 4681 ex
2560 4627 2648 4681 illa
2666 4628 2822 4698 legali
2854 4630 3234 4687 observatione
3256 4632 3512 4699 fuerunt,

1938 4720 2145 4775 obeam
2170 4734 2388 4773 causam
2410 4720 2565 4774 locus
2606 4720 2713 4775 illis
2746 4720 3149 4790 quodammodo
3174 4724 3374 4781 decens
3411 4724 3511 4779 tri-

1937 4813 2105 4867 butus
2148 4820 2252 4875 est,
2296 4827 2493 4881 nempe
2527 4812 2764 4882 primum
2821 4813 3253 4882 tabernaculum,
3296 4819 3353 4873 in
3404 4836 3512 4889 quo

1938 4904 2285 4976 ﬂgurativum
2335 4903 2468 4957 illud
2509 4903 2903 4959 sacriliciorum
2954 4906 3125 4962 altare
3151 4909 3315 4963 situm
3370 4918 3505 4965 erat.

1984 5011 2132 5049 nnon
2188 5011 2255 5048 ex
2308 5002 2509 5065 genere
2539 4994 2726 5060 Israel,
2756 5004 2811 5050 et
2837 4998 2993 5066 quasi
3052 5015 3082 5052 e
3106 5001 3283 5067 primo
3329 4999 3511 5057 taber-

1969 5089 2127 5144 aculo
2147 5095 2366 5143 sanctos
2388 5087 2509 5141 illos
2529 5088 2827 5158 discipulos
2856 5106 2978 5144 esse
3002 5093 3194 5160 putas?

1999 5176 2196 5238 I’ALL.
2226 5178 2339 5251 Ego
2361 5195 2493 5235 vero
2512 5181 2765 5236 maxime.

1998 5273 2155 5330 CYR.
2184 5270 2323 5327 Cum
2352 5272 2520 5343 igitur
2543 5272 2630 5328 his
2651 5264 2718 5327 de
2742 5273 2908 5328 rebus
2925 5270 3131 5328 dictum
3157 5276 3229 5331 sit
3280 5291 3310 5330 a
3345 5276 3507 5333 nobis

1927 5366 2079 5427 satis,
2107 5361 2433 5435 proferenda
2458 5368 2607 5429 sunt,
2644 5364 2688 5419 si
2712 5357 2910 5435 placet,
2943 5363 3087 5421 beati
3132 5354 3285 5422 Pauli
3314 5362 3504 5432 verba,

1927 5472 2049 5525 quze
2070 5456 2137 5511 de
2162 5455 2340 5526 primo
2372 5466 2435 5511 ac
2464 5456 2707 5511 secundo
2741 5453 3096 5514 tabernaculo
3130 5460 3505 5516 testimonium

1925 5548 2207 5618 eleganter
2228 5548 2523 5619 explicant.
2573 5546 2780 5602 Scribit
2828 5544 2977 5605 enim
3030 5550 3077 5606 is
3109 5540 3177 5606 ad
3208 5551 3354 5606 hunc
3391 5552 3507 5605 ino-

1927 5638 2056 5694 dum
2088 5656 2101 5691 :
2136 5658 2155 5691 ι
2192 5639 2289 5695 His
2314 5640 2388 5695 ita
2413 5639 2712 5710 dispositis,
2742 5638 2797 5695 in
2818 5641 3054 5712 primum
3080 5642 3301 5714 quidem
3328 5642 3508 5698 taber-

307 5806 354 5838 “
375 5804 493 5863 Col.
531 5822 603 5867 ιν,
634 5805 686 5860 6.
763 5805 806 5835 ⁸⁸
836 5804 1034 5874 Ephes.
1067 5820 1136 5869 IV,
1167 5805 1255 5860 29.
1334 5808 1586 5865 “Matth.
1614 5828 1665 5875 ν,
1696 5811 1778 5865 I5.

1946 5813 2175 5881 Hebrav,
2209 5816 2261 5871 9.
2340 5818 2385 5851 "
2422 5816 2606 5876 Levit.
2635 5826 2780 5885 sitv,
2811 5810 2863 5876 8.
2940 5818 2986 5855 ⁵⁸
3016 5813 3161 5876 Mal.
3196 5794 3382 5887 tium,
3415 5816 3500 5879 16.

558 5896 827 5958 Pauor.
874 5897 989 5955 Gn.
1029 5895 1287 5958 LXVIII.

3065 5910 3142 5975 22
