4140 6522
695 362 799 419 685

1739 363 1795 417 S.
1835 363 2109 419 CYRILLI
2145 361 2615 420 ALEXAND‘RINI
2646 361 2966 419 ARCHIEP.
3163 348 3171 358 ’
3803 375 3886 433 (εει

692 481 951 538 naculum
990 493 1204 548 semper
1251 476 1630 548 ingrediuntur
1680 478 2016 542 sacerdotes,
2060 477 2327 542 sacrifi-A

2255 509 2272 517 -
2302 485 2347 542 Α
2379 480 2458 542 εις
2495 479 2594 550 μὲν
2618 478 2717 549 τὴν
2747 477 2970 550 πρώτην
3000 476 3225 548 σκηνὴν,
3269 477 3356 530 διὰ
3399 478 3589 543 παντὸς
3631 482 3827 540 εἰσίασιν
3845 494 3882 543 oi

691 573 902 627 ciorum
933 569 1106 625 ofﬁcia
1129 575 1611 623 consummantes:
1643 568 1698 622 in
1731 569 2034 624 secundum
2085 578 2267 624 autem

691 662 858 717 semel
907 661 961 714 in
1007 674 1152 713 anno
1194 658 1345 713 solus
1396 657 1664 728 pontifex,
1688 673 1800 713 non
1843 659 1963 715 sine
1985 659 2266 730 sanguine,

679 768 852 823 quem
885 752 1048 807 offert
1074 766 1175 821 pro
1202 766 1300 805 sua
1323 758 1380 805 et
1415 750 1605 820 populi
1662 750 2004 820 ignorantia;
2039 751 2146 804 hoc
2192 751 2268 804 si-

681 843 979 913 gnificante
1018 841 1226 912 Spiritu
1267 848 1479 906 sancto,
1507 840 1754 895 nondum
1785 842 2124 911 propalatam
2151 856 2270 895 esse

687 942 998 987 sanctorum
1030 932 1196 996 viam,
1223 931 1405 985 adhuc
1430 930 1614 1000 primo
1642 931 1996 985 tabernaculo
2035 931 2270 986 habente

687 1031 908 1076 statum.
935 1021 1066 1088 Quae
1119 1021 1380 1091 parabola
1423 1030 1507 1076 est
1560 1021 1821 1090 temporis
1848 1021 2124 1087 instantis,
2161 1038 2271 1092 quo

685 1115 827 1169 dona
856 1113 1195 1170 etsacrificia
1217 1113 1548 1175 offeruntur,
1581 1127 1704 1180 quae
1733 1127 1844 1165 non
1862 1121 2092 1182 possunt
2118 1113 2272 1182 juxta

685 1205 1078 1260 conscientiam
1107 1203 1411 1275 perfectum
1436 1203 1618 1258 facere
1663 1204 2018 1267 servientem,
2069 1204 2272 1258 solum-

685 1295 847 1350 modo
876 1296 933 1350 in
963 1295 1103 1350 cibis
1131 1302 1216 1349 aet
1259 1294 1502 1365 potibus,
1545 1301 1600 1348 ct
1621 1293 1786 1348 variis
1833 1293 2268 1363 baptismatibus,

679 1387 1101 1460 justificationes
1124 1387 1308 1443 carnis
1343 1402 1517 1457 usque
1544 1387 1611 1441 ad
1647 1395 1865 1456 tempus
1911 1386 2272 1443 correctionis

685 1477 1248 1549 impositae..Christus
1279 1487 1466 1532 autem
1505 1479 1770 1533 assistens
1790 1477 2038 1548 pontifex
2060 1477 2273 1532 futuro-

684 1582 806 1623 rum
837 1569 1130 1633 bonorum,
1159 1585 1260 1639 per
1283 1567 1520 1638 amplius
1546 1577 1602 1623 ct
1623 1568 1921 1638 perfectius
1938 1569 2269 1623 tabernacu-

678 1658 820 1724 lum,
850 1676 962 1715 non
987 1660 1378 1724 manufactum,
1403 1659 1456 1714 id
1489 1667 1594 1726 est,
1621 1675 1730 1714 non
1766 1661 1930 1731 hujus
1953 1659 2268 1722 creationis,

682 1765 862 1824 neque
885 1769 986 1824 per
1008 1753 1330 1824 sanguinem
1360 1753 1642 1807 hircorum
1691 1762 1784 1808 aut
1818 1754 2139 1815 vitulorum,
2173 1752 2268 1807 sed

2375 571 2536 640 ἱερεῖς
2571 569 2670 633 τὰς
2697 569 2950 640 λατρείας
2981 569 3373 631 ἐπιτελοῦντες.
3415 570 3506 634 Εἰς
3551 571 3604 625 δέ
3632 575 3720 646 τὴν
3742 578 3885 635 δεῦτέ.

2371 681 2491 734 ραν,
2528 663 2676 728 ἅπαξ
2701 662 2794 717 τοῦ
2825 661 3072 716 ἐνιαυτοῦ
3111 661 3268 730 μόνος
3295 664 3323 714 ό
3365 662 3639 732 ἀρχιερεὺς
3672 667 3726 718 οὑ
3753 674 3885 741 χωρὶς

2369 754 2632 824 αἵματος,
2661 753 2690 807 δ
2721 753 3020 825 προσφέρει
3046 753 3184 823 ὑπὲρ
3213 753 3406 806 ἑαυτοῦ
3436 754 3529 807 καὶ⁵
3559 756 3658 809 τῶν
3682 759 3764 810 τοῦ
3784 761 3884 817 λαοῦ

2371 847 2751 918 ἀγνοημάτων,
2787 845 2946 899 τοῦτο
2973 845 3256 916 δηλοῦντος
3281 844 3375 900 τοῦ
3415 847 3567 916 ἁγίου
3600 851 3879 921 Πνεῦματος,

2374 939 2538 1008 μήπω
2577 937 2995 1008 πεφανερῶσθαι
3041 937 3279 1008 τὴνρτῶν
3323 938 3490 1006 ἁγίων
3539 940 3666 1006 ὁδὸν,
3707 942 3777 995 ἐτι
3810 945 3881 1013 τῆς

2371 1029 2594 1100 πρώτης
2647 1030 2852 1100 σκηνῆς
2899 1028 3130 1098 ἐχούσης
3181 1029 3391 1084 στάσιν.
3459 1031 3610 1094 ’Ἡτις
3657 1036 3881 1107 παραϐολή

2371 1122 2451 1184 είς
2497 1120 2588 1174 τὸν
2623 1120 2814 1192 καιρὸν
2845 1121 2936 1174 τὸν
2969 1121 3324 1191 ἐνεστηκότα,
3352 1120 3472 1174 καθ’
3503 1120 3558 1174 ὃν
3589 1121 3720 1194 δῶρά
3744 1142 3790 1178 τε
3815 1130 3882 1182 καὶ

2373 1211 2551 1265 θυσίαι
2583 1213 2984 1283 προσφέρονται
3008 1251 3022 1272 ,
3053 1211 3128 1282 μὴ
3154 1213 3447 1282 δυνάμεναι
3482 1214 3615 1266 κατὰ
3639 1217 3882 1288 συνείδησιν

2369 1304 2650 1357 τελειῶσαι
2695 1304 2786 1357 τὸν
2833 1302 3195 1373 λατρεύοντα,
3243 1305 3402 1373 μόνον
3447 1305 3535 1356 ἐπὶ
3573 1305 3793 1376 βρώμασι
3817 1309 3886 1362 καὶ

2372 1395 2576 1463 πόμασι
2606 1396 2696 1448 καὶ
2724 1395 2998 1467 διαφόροις
3022 1395 3349 1466 βαπτισμοῖς
3370 1395 3696 1467 δικαιώματα
3726 1400 3885 1470 σαρκὸς

2375 1487 2536 1557 μέχρι
2585 1487 2778 1558 καιροῦ
2829 1487 3168 1558 διορθώσεως
3215 1488 3540 1558 ἐπικείμενα
3573 1489 3664 1559 (1).
3701 1489 3885 1560 Χριστὸς

2370 1580 2425 1633 δέ
2457 1578 2898 1650 παραγενόμενος
2924 1579 3215 1648 ἀρχιερεὺς
3261 1577 3370 1631 τῶν
3405 1578 3686 1646 μελλόντων
3713 1581 3886 1647 ἀγαθῶν

2371 1674 2458 1727 διὰ
2495 1675 2590 1743 τῆς
2628 1673 2871 1744 μείζονος
2916 1674 3011 1727 καὶ
3043 1672 3385 1743 τελειοτέρας
3419 1673 3613 1743 σκηνῆς
3658 1674 3712 1726 οὐ
3743 1691 3886 1744 χειρο-

2374 1765 2617 1836 ποιήτου,
2651 1765 2796 1819 τοῦτ’
2821 1763 2989 1830 ἐστιν,
3018 1765 3079 1816 οὐ
3107 1763 3312 1832 ταύτης
3345 1764 3442 1832 τῆς
3468 1763 3700 1828 κτίσεως,
3721 1765 3817 1817 οὐδὲ
3837 1766 3885 1819 δι’

683 1858 785 1912 per
811 1843 1095 1913 proprium
1125 1841 1452 1914 sanguinem
1491 1841 1922 1896 introivitscmel
1961 1841 2018 1894 in
2048 1841 2274 1895 Sancto—
2306 1839 2318 1894 1

2250 1870 2274 1880 ·
2306 1839 2348 1894 Β
2376 1857 2605 1926 αἵματος
2629 1857 2845 1927 τράγων
2872 1857 2966 1910 καὶ
2991 1855 3226 1926 μόσχων,
3255 1854 3344 1908 διά
3366 1855 3420 1908 δὲ
3447 1854 3539 1908 τοῦ
3567 1855 3682 1908 ίδίου
3706 1857 3885 1925 αἵματος

682 1946 828 2000 rum,
847 1942 1052 1989 aeterna
1073 1933 1448 2003 redemptione
1465 1934 1684 1989 inventa
1699 1935 1764 1986 ὀ.
1780 1954 1795 1984 ι
1823 1934 2085 2003 lntelligis
2102 1932 2267 2002 igitur

682 2024 838 2079 illum
869 2026 1100 2091 cultum,
1132 2026 1228 2096 qui
1255 2026 1309 2080 in
1340 2026 1518 2096 primo
1566 2025 1918 2080 tabernaculo
1977 2025 2264 2080 defereba-

683 2121 794 2180 tur,
843 2117 1160 2171 exhibuisse
1214 2115 1551 2181 sacerdotes,
1625 2117 1828 2186 quibus
1879 2131 1988 2169 non
2040 2124 2161 2170 erat
2208 2116 2266 2170 in

683 2204 881 2260 Sancta
934 2215 1247 2262 sanctorum
1290 2206 1632 2277 ingrediendi
1684 2215 1944 2275 potestas.
1988 2206 2135 2261 Talis
2183 2215 2266 2262 est

680 2300 830 2353 enim
855 2298 1252 2368 propemodum
1291 2299 1475 2353 cultus
1523 2299 1731 2368 legalis,
1786 2307 1986 2353 statum
2015 2299 2169 2352 illum
2209 2299 2266 2352 in

683 2391 896 2446 umbris
928 2390 1139 2446 habens
1166 2408 1178 2444 :
1221 2391 1338 2444 haec
1361 2405 1526 2460 porro
1551 2391 1746 2444 inertia
1775 2400 1903 2444 sunt
1929 2390 1999 2444 ad
2038 2391 2266 2461 expian-

683 2482 816 2537 dum
842 2482 1246 2551 eluendumque
1267 2490 1575 2550 peccatum.
1605 2482 1819 2536 Audisti
1848 2497 2081 2552 namque
2103 2483 2266 2553 paulo

682 2582 811 2632 ante
844 2575 1167 2628 clamantem
1190 2575 1439 2634 Paulum,
1468 2589 1530 2628 ea
1571 2573 1786 2626 infirma
1815 2589 1935 2627 esse
1997 2573 2065 2628 ad
2100 2573 2264 2643 perfi-

685 2665 945 2722 ciendum
986 2667 1140 2736 juxta
1172 2666 1568 2720 conscientiam
1600 2665 1930 2720 servientem
1977 2667 2056 2731 9‘;
2103 2666 2268 2738 348

685 2756 785 2812 sed
805 2758 1166 2812 servabantur
1193 2774 1365 2827 usque
1390 2757 1457 2811 ad
1499 2768 1715 2828 tempus
1747 2759 2129 2822 correctionis,
2184 2759 2268 2811 in-

682 2850 1020 2904 carnationis
1045 2851 1306 2904 nimirum
1341 2850 1488 2905 illius
1513 2850 1824 2922 Unigenili;
1857 2867 1967 2920 quo
2022 2859 2266 2921 tempore

687 2939 948 2996 informes
976 2941 1082 2996 illa:
1107 2939 1292 3012 figura
1308 2940 1374 2994 ad
1404 2941 1691 2996 veritatem
1717 2941 2075 2995 transierunt.
2109 2960 2126 2994 ι
2165 2940 2265 2996 Sc-

685 3031 790 3085 mel
813 3041 998 3087 autem
1019 3032 1075 3085 in
1098 3048 1261 3096 anno,
1291 3039 1347 3086 et
1388 3033 1539 3087 solus
1571 3032 1814 3102 pontifex
1841 3033 1896 3087 in
1922 3033 2118 3088 Sancta
2143 3049 2266 3088 san-

684 3131 902 3178 ctorum
931 3124 1186 3189 intrabat,
1213 3140 1322 3178 non
1364 3125 1485 3180 sine
1535 3126 1798 3195 sanguine
1822 3167 1836 3190 ,
1857 3143 2022 3196 quem
2043 3125 2267 3181 offerret

2371 1945 2616 2017 είσῆλθεν
2638 1946 2855 2016 ἐφάπαξ
2879 1947 2959 2008 είς
2990 1947 3152 2014 Ἅγια
3179 1947 3286 1999 τῶν
3314 1945 3485 2015 ἁγίων
3509 1947 3713 2001 αἰωνίαν
3730 1947 3888 2021 λύτρω-

2373 2057 2457 2092 σιν
2485 2039 2803 2111 εὑράμενος.
2842 2061 2860 2092 ι
2895 2041 3091 2111 Συνίης
3117 2036 3209 2094 οὖν
3231 2041 3312 2093 ὅτι
3341 2040 3441 2104 τὰς
3465 2039 3559 2110 μὲν
3582 2041 3635 2094 ἐν
3661 2043 3720 2111 τῇ

2373 2135 2544 2204 σκηνῇ
2578 2133 2830 2204 λατρείας
2855 2132 3142 2186 ἐπετέλουν
3160 2132 3208 2184 οἱ
3235 2132 3422 2202 ἱερεῖς,
3443 2131 3538 2202 τὴν
3562 2134 3636 2195 είς
3651 2132 3792 2200 Ἀγια
3806 2133 3887 2185 τῶν

2374 2224 2542 2292 ἁγίων
2571 2223 2862 2295 εἰσδρομὴν
2899 2223 2998 2277 οὐκ
3028 2222 3261 2294 ἔχοντες.
3305 2221 3496 2276 Τοιάδε
3527 2222 3630 2293 γάρ
3654 2223 3754 2285 πῶς
3776 2223 3888 2274 ἐστιν

2372 2315 2405 2385 ἡ
2436 2316 2577 2367 κατὰ
2611 2315 2772 2383 νόμον
2801 2313 3045 2386 λατρεία,
3078 2313 3268 2367 στάσιν
3294 2313 3495 2384 ἔχουσα
3521 2313 3618 2384 τὴν
3653 2314 3705 2367 ἐν
3731 2316 3885 2377 σκιαῖς.

2372 2404 2566 2458 Είκαῖα
2593 2406 2651 2458 δὲ
2669 2403 2839 2459 ταῦτα
2868 2404 3006 2476 πρὸς
3033 2404 3300 2477 κάθαρσιν
3330 2406 3428 2458 καὶ
3448 2405 3731 2458 ἁπόπλυσιν
3749 2407 3888 2476 ἁμαρ-

2369 2496 2513 2558 τίας.
2546 2495 2808 2548 Διεπῦθου
2838 2495 2946 2568 γὰρ
2979 2496 3183 2566 ἀρτίως
3217 2495 3452 2566 βοῶντος
3491 2495 3583 2550 τοῦ
3612 2495 3812 2554 Παύλου.
3833 2495 3886 2558 ὡς

2371 2588 2640 2650 ἀνικάνως
2674 2588 2853 2658 έχουσι
2888 2587 3029 2640 κατὰ
3075 2586 3404 2658 συνείδησιν,
3437 2587 3702 2640 τελειῶσαι
3723 2587 3798 2638 τὸν
3817 2586 3886 2639 λα·

2369 2679 2652 2749 τρεύοντα.
2685 2679 2994 2749 Διετηρεῖτο
3028 2677 3086 2731 δὲ
3137 2677 3337 2748 μᾶλλον
3390 2677 3547 2749 μέχρι
3577 2676 3748 2748 καιροῦ
3782 2675 3888 2747 διορ-

2373 2770 2612 2833 θώσεως,
2646 2769 2804 2840 δῆλον
2836 2770 2892 2821 δὲ
2921 2769 3002 2822 ὅτι
3033 2768 3133 2839 τῆς
3149 2767 3614 2840 ἐνανθρωπήσεως
3653 2767 3736 2821 τοῦ
3757 2768 3886 2820 Μονο-

2371 2862 2596 2931 γενοῦς,
2638 2863 2726 2914 ὅτε
2756 2861 2864 2915 τῶν
2906 2861 3092 2915 τύπων
3120 2861 3184 2915 τὸ
3225 2861 3462 2925 ἀκαλλὲς
3499 2859 3887 2932 μετακεχώρηκεν

2373 2955 2451 3017 εἰς
2488 2953 2765 3023 ἀλήθειαν.
2807 2973 2824 3003 ι
2872 2952 3056 3018 ’Δπαξ
3099 2953 3155 3006 δὲ
3185 2951 3281 3006 τοῦ
3307 2953 3556 3008 ἐνιαυτοῦ
3589 2953 3674 3006 καὶ
3712 2951 3839 3017 μόνος
3869 2951 3890 3001 ὁ

2373 3045 2664 3116 ἀρχιερεὺς
2716 3047 2794 3109 εἰς
2826 3044 2896 3098 τὰ
2939 3046 3106 3113 ’Ἀγια
3148 3044 3256 3098 τῶν
3294 3045 3468 3114 ἁγίων
3501 3044 3703 3097 είσέθει.
3735 3041 3888 3096 Καὶώ

2374 3137 2539 3208 χωρὶς
2568 3137 2823 3206 αἵματος,
2865 3135 2894 3188 ὃ
2923 3136 3200 3206 προσῆγεν
3235 3137 3340 3188 ὑπέ
3350 3155 3382 3208 ρ
3409 3154 3467 3189 τε
3503 3135 3684 3189 ἐαυτοῦ
3711 3135 3789 3186 καὶ
3812 3132 3889 3184 τῶν

684 3230 786 3288 pro
821 3233 918 3272 sua
961 3226 1018 3272 et
1067 3233 1166 3287 pro
1199 3217 1387 3287 populi
1431 3193 1738 3288 ignorantia
1770 3219 1839 3271 θ’.
1875 3193 1920 3270 -ι
1957 3218 2189 3272 Planum
2210 3216 2265 3271 id
2294 3193 2319 3252 ί

2256 3217 2265 3270 ι
2294 3193 2338 3252 c
2369 3228 2464 3282 τοῦ
2493 3229 2622 3282 λαοῦ
2657 3229 3038 3299 ἀγνοημάτων.
3081 3248 3098 3280 ι
3139 3229 3404 3298 Σαφηνιεῖ
3433 3229 3489 3281 δὲ
3515 3229 3640 3298 ἡμῖν
3666 3228 3750 3280 καὶ
3774 3224 3891 3278 τοῦτο

684 3325 906 3380 quoque
933 3309 1092 3364 nobis
1114 3309 1738 3378 facietsapientissimus
1758 3308 1904 3363 idem
1925 3308 2012 3362 vir
2042 3309 2264 3371 Paulus,

688 3391 818 3456 eum
841 3401 1076 3456 adhunc
1102 3400 1326 3455 modum
1369 3399 1436 3454 de
1459 3399 1684 3456 Christo
1716 3401 1854 3455 dixit
1882 3418 1895 3454 :
1926 3421 1943 3452 ι
2001 3399 2270 3471 Superius

684 3507 811 3546 cum
834 3492 1097 3548 dixisset:
1138 3491 1360 3546 Hostias
1394 3499 1450 3544 et
1474 3490 1783 3546 oblationes
1823 3501 1879 3546 et
1924 3492 2269 3548 holocausto-

685 3597 833 3640 mata
857 3596 912 3641 et
933 3601 1031 3655 pro
1051 3593 1274 3654 peccato
1294 3584 1544 3650 noluisti,
1582 3599 1760 3654 neque
1785 3584 1885 3639 tibi
1921 3585 2266 3654 placuerunt,

686 3693 809 3746 quae
829 3692 895 3729 ex
925 3676 1040 3745 lege
1068 3674 1396 3738 offeruntur,
1428 3682 1557 3729 tunc
1585 3674 1698 3729 dixi
1748 3695 1760 3728 :
1809 3676 1948 3730 Ecce
1982 3677 2164 3742 venio,
2209 3687 2270 3733 ut

689 3767 886 3820 faciam
911 3765 1246 3820 voluntatem
1277 3773 1426 3818 tuam
1449 3765 1496 3797 ⁸³
1521 3783 1536 3832 ;
1566 3784 1584 3817 ι
1614 3766 1796 3821 aufert
1824 3768 2062 3837 primum
2101 3779 2161 3824 ut
2186 3786 2270 3825 sc-

687 3873 864 3927 quens
893 3864 1097 3912 statuat
1121 3875 1133 3910 :
1169 3876 1187 3909 ι
1224 3857 1283 3912 In
1307 3874 1414 3929 qua
1435 3859 1714 3914 voluntate
1737 3860 2058 3915 sanctificati
2081 3877 2271 3916 sumus

687 3964 802 4020 per,
814 3947 1147 4003 oblationem
1181 3951 1428 4020 corporis
1447 3950 1575 4006 Jesu
1601 3949 1828 4007 Christi.
1853 3952 1920 4007 Et
1946 3953 2126 4008 omnis
2149 3953 2271 4023 qui-

688 4041 814 4097 dem
852 4041 1108 4096 sacerdos
1157 4050 1357 4112 praesto
1393 4051 1478 4097 est
1531 4043 1778 4113 quotidie
1821 4045 2158 4110 ministrans,
2215 4055 2271 4101 et

685 4131 907 4186 easdem
939 4147 1082 4203 saepe
1115 4133 1357 4190 oﬂerens
1389 4135 1616 4200 hostias,
1655 4151 1776 4206 qua:
1817 4152 2096 4206 nunquam
2141 4152 2269 4207 pos-

685 4232 816 4277 sunt
868 4221 1084 4278 auferre
1132 4233 1398 4293 peccata:
1441 4224 1531 4280 hic
1563 4234 1766 4290 autem,
1791 4240 1918 4280 cum
1967 4215 2132 4280 unam
2170 4241 2270 4296 pro

684 4313 924 4383 peccatis
953 4314 1187 4369 hostiam
1243 4315 1569 4382 obtulisset,
1612 4317 1669 4376 in
1702 4317 2098 4387 sempiternum
2129 4317 2272 4372 sedit

684 4406 745 4460 in
774 4405 997 4460 dextera
1017 4406 1136 4472 Dei,
1167 4405 1236 4462 de
1262 4417 1459 4462 caetero
1476 4416 1819 4478 exspectans,
1859 4407 2036 4463 donec
2062 4424 2271 4478 ponan-

2371 3320 2533 3373 πάλιν
2568 3322 2596 3372 ό
2628 3319 2939 3388 σοφώτατος
2961 3319 3168 3383 Παῦλος
3208 3319 3306 3372 ῶδὶ
3336 3319 3510 3389 λέγων
3544 3320 3662 3389 περὶ
3684 3315 3889 3388 Χριστοῦ,

2376 3429 2395 3462 ι
2421 3410 2712 3482 ’Δνώτερον
2734 3410 2926 3479 λέγων,
2953 3412 3036 3464 ὅτι
3059 3411 3247 3475 θυσίας
3265 3414 3362 3466 καὶ
3383 3411 3683 3484 προσφορὰς
3705 3410 3783 3464 καὶ
3803 3407 3891 3460 ὀλο-

2371 3499 2704 3572 καυτώματα
2733 3503 2826 3554 καὶ
2863 3502 2988 3570 περὶ
3027 3501 3304 3572 ἁμαρτίας
3356 3502 3458 3554 οὐκ
3495 3500 3771 3570 ἠθέλησας,
3799 3495 3891 3548 οὔτε

2371 3595 2698 3666 ηῦδόκησας,
2728 3595 2930 3658 αἵτινες
2992 3595 3133 3648 κατὰ
3172 3595 3338 3666 νόμον
3372 3596 3768 3666 προσφέρονται.
3791 3590 3890 3644 Τότε

2371 3681 2543 3751 εἷπον,
2579 3687 2708 3740 Ίδοὺ
2737 3688 2858 3758 ἥκω
2886 3685 2980 3740 τοῦ
3009 3688 3229 3758 ποιῆσαι
3255 3687 3318 3741 τὸ
3354 3687 3565 3760 θέλημά
3590 3702 3694 3739 σου*
3729 3705 3745 3737 ι
3778 3685 3892 3736 ἀναι-

2373 3783 2456 3852 ρεῖ
2485 3781 2546 3835 τὸ
2578 3781 2794 3854 πρῶτον
2824 3783 2908 3835 ἵνα
2941 3782 3001 3836 τὸ
3026 3782 3278 3854 δεύτερον
3313 3786 3509 3857 στήσῃ
3547 3803 3565 3835 ι
3611 3785 3689 3837 Ἐν
3711 3775 3750 3850 ᾧ
3770 3779 3891 3847 θελή-

2375 3893 2501 3946 ματι
2537 3875 2860 3947 ἡγιασμένοι
2895 3859 3081 3947 ἐσμὲν,
3111 3876 3198 3930 διὰ
3229 3877 3330 3946 τῆς
3377 3878 3682 3950 προσφορᾶς
3708 3874 3788 3928 τοῦ
3814 3871 3892 3924 σώ-

2375 3985 2543 4039 ματος
2582 3968 2756 4039 Ἰησοῦ
2779 3969 3035 4041 Χριστοῦ·
3067 3971 3158 4023 καὶ
3182 3971 3288 4034 πᾶς
3315 3971 3416 4041 μὲν
3441 3971 3715 4042 ἀρχιερεὺς
3737 3968 3891 4035 ἔστηκε

2373 4061 2494 4115 καθ’
2545 4061 2756 4131 ἡμέραν
2808 4060 3157 4130 λειτουργῶν,
3205 4062 3301 4115 καὶ
3337 4062 3439 4125 τὰς
3490 4063 3650 4124 αὑτάς
3683 4058 3892 4116 mnam

2372 4150 2697 4222 προσφέρων
2755 4149 2946 4214 θυσίας
3004 4151 3205 4215 αἵτινες
3256 4151 3514 4205 οὐδέποτε
3551 4150 3779 4202 δύνανται
3819 4161 3890 4197 πε-

2372 4243 2566 4316 ριελεῖν
2593 4243 2884 4314 ἁμαρτίας,
2905 4243 3160 4314 οὐδεμίαν
3189 4243 3328 4314 ὑπὲρ
3355 4243 3634 4315 ἁμαρτιῶν
3656 4238 3892 4313 προσενέγ-

2371 4351 2471 4399 κας
2500 4333 2711 4398 θυσίαν,
2762 4336 2843 4398 είς
2869 4335 2931 4388 τδ
2962 4335 3208 4406 διηνεκὲς
3273 4335 3528 4390 ἐκάθισεν
3576 4336 3630 4388 ἐν
3667 4333 3796 4402 δεξιᾷ
3819 4327 3889 4381 τοῦ

2371 4424 2527 4480 Θεοῦο
2571 4425 2633 4479 τὺ
2673 4425 2858 4479 λοιπὸν
2900 4425 3248 4496 ἐκδεχόμενος
3278 4425 3385 4490 ἕως
3417 4425 3639 4480 τεθῶσιν
3663 4426 3708 4478 οι
3748 4421 3890 4493 ἐχθροὶ

685 4505 776 4550 tur
805 4495 1016 4553 inimici
1060 4499 1180 4569 ejus
1211 4499 1512 4554 scabellum
1543 4498 1746 4569 pedum
1763 4499 1914 4570 ejus,
1971 4513 2080 4553 una
2119 4497 2265 4552 enim
2301 4537 2320 4592 l

2252 4515 2265 4552 ¹
2301 4537 2343 4592 ι)
2371 4516 2537 4571 αὐτοῦ
2570 4517 2860 4571 ὑποπόδιον
2900 4517 3008 4570 τῶν
3042 4495 3214 4571 ποδῶν
3257 4518 3427 4572 αὑτοῦ
3451 4557 3465 4580 ,
3506 4519 3602 4588 μιᾷ
3639 4517 3735 4587 γὰρ
3757 4527 3887 4584 προσ-

684 4587 961 4645 oblatione
977 4589 1207 4660 perfecit
1236 4589 1292 4644 in
1309 4590 1705 4661 sempiternum
1729 4589 2100 4647 sanctiﬁcatos
2131 4592 2197 4644 ".
2242 4611 2260 4644 ι

682 4681 845 4746 Nam,
871 4697 996 4736 cum
1036 4681 1107 4737 sit
1125 4684 1294 4737 semel
1320 4691 1585 4747 mortuus,
1616 4698 1726 4737 non
1754 4683 1990 4751 amplius
2015 4682 2267 4748 moritur,

685 4778 748 4826 ut
773 4772 1039 4842 scriptum
1073 4781 1160 4828 est
1204 4773 1271 4838 ’⁵,
1311 4785 1368 4829 et
1401 4775 1639 4843 peccatis
1664 4774 1961 4828 multorum
2012 4775 2265 4841 sublatis,

684 4865 966 4935 ingressus
993 4876 1076 4921 est
1103 4866 1158 4920 in
1183 4865 1378 4922 Sancta
1401 4862 1739 4930 sanctorum,
1775 4865 1829 4919 id
1848 4875 1951 4930 est,
1973 4867 2027 4921 in
2044 4867 2265 4933 coelum,

683 4962 747 5007 ut
776 4965 1034 5025 appareat
1061 4971 1210 5010 nunc
1235 4955 1409 5010 vultui
1435 4955 1530 5011 Dei
1555 4971 1655 5027 pro
1694 4955 1856 5010 nobis
1879 4958 1946 5012 ".

753 5136 951 5191 PALL.
984 5137 1281 5208 Perspicua
1313 5148 1399 5194 est
1430 5138 1628 5193 oratio.
1668 5138 1856 5208 Itaque
1896 5138 2052 5194 mitte
2072 5140 2126 5194 in
2163 5139 2266 5195 hac

682 5239 743 5278 re
775 5225 1015 5283 laborem
1073 5230 1389 5301 suscipere;
1426 5230 1560 5284 illud
1618 5230 1804 5299 potius
1839 5231 1976 5284 mihi
2025 5231 2266 5300 explices

681 5317 866 5383 velim,
899 5321 1023 5388 quis
1067 5322 1156 5376 ille
1206 5323 1278 5377 sit
1318 5323 1560 5394 sanguis,
1592 5337 1756 5391 quem
1789 5322 1989 5377 offerre
2029 5338 2261 5378 consue-

680 5407 823 5460 verit
862 5408 952 5462 ille
999 5411 1346 5465 sacerdotum
1378 5411 1636 5482 princeps
1674 5419 1790 5465 tum
1832 5427 1932 5481 pro
1986 5428 2104 5478 sua,
2145 5423 2260 5468 tum

682 5509 784 5565 pro
808 5497 993 5568 populi
1013 5498 1340 5570 ignorantia.

777 5609 823 5641 ὀ
864 5609 1030 5667 Hebr.
1065 5630 1136 5677 1x,
1174 5614 1327 5669 7-12.

688 5677 734 5708 ⁸⁸
768 5679 935 5735 Hebr.
950 5695 1042 5748 'rx,
1074 5683 1164 5739 24.

755 5792 830 5862 (Ι)
861 5791 950 5850 Sic
978 5796 1110 5869 legit
1147 5797 1270 5854 cod.
1303 5799 1476 5857 Vatic.
1515 5800 1655 5857 Novi
1681 5799 2040 5860 Testamenti.

1429 5619 1476 5650 ³⁸
1499 5616 1635 5672 ibid.
1664 5619 1716 5673 9.

2368 4612 2512 4683 φορᾷ
2537 4611 2883 4666 τετελείωκεν
2904 4614 2982 4676 είς
3002 4612 3062 4665 τὸ
3085 4611 3331 4682 διηνεκὲς
3346 4612 3476 4675 τοὺς
3499 4610 3884 4680 ἁγιαζομένους.»

2371 4703 2553 4770 Ἀπαξ
2590 4703 2700 4774 γὰρ
2733 4704 3040 4768 ἀποθανὼν,
3071 4704 3252 4758 οὐκέτι
3287 4705 3650 4775 ἀποθνήσκει,
3694 4698 3812 4755 κατὰ
3844 4696 3888 4745 τὸ

2367 4796 2771 4869 γεγραμμένονο
2800 4796 3008 4850 πολλῶν
3033 4796 3090 4850 δέ
3119 4795 3425 4864 ἀνενεγκὼν
3456 4795 3730 4865 ἁμαρτίας,
3750 4789 3889 4856 εἰσῆλ·

2370 4887 2462 4940 θεν
2509 4889 2588 4951 είς
2617 4889 2684 4942 τὰ
2731 4889 2895 4956 ’Ἅγια
2943 4887 3052 4940 τῶν
3098 4887 3288 4957 ἁγίων,
3345 4887 3491 4940 τοῦτ’
3529 4888 3686 4944 ἐστιν.
3717 4885 3784 4944 εἰς
3821 4880 3886 4931 τὸν

2368 4981 2618 5052 οὐρανὸν,
2658 4980 2753 5034 νῦν
2805 4981 3205 5053 ἐμφανισθῆναι
3237 4980 3315 5051 τῷ
3359 4980 3632 5054 προσώπῳ
3663 4975 3746 5030 τοῦ
3784 4971 3886 5025 Θεοῦ

2371 5072 2512 5143 ὑπὲρ
2543 5071 2721 5143 ἡμῶν.

2440 5161 2648 5215 ΠΑΛΛ.
2682 5161 2865 5233 Σαφὴς
2893 5163 2921 5215 ό
2945 5161 3121 5231 λόγος·
3153 5161 3354 5234 ἱδρῶτα
3367 5160 3432 5233 δὴ
3459 5157 3552 5216 οὖν
3573 5161 3657 5214 τὸν
3682 5155 3762 5210 ἐπὶ
3783 5151 3886 5222 τῷδε

2370 5250 2561 5321 μέθες,
2597 5245 2735 5321 αἷμα
2763 5251 2821 5304 δὲ
2850 5253 3001 5306 ποῖον
3031 5251 3099 5305 ἂν
3135 5251 3220 5322 είη
3255 5251 3416 5306 πάλιν
3448 5252 3477 5305 δ
3504 5251 3596 5304 καὶ
3635 5239 3886 5317 προσκομί-

2366 5338 2479 5404 ξειν
2513 5339 2663 5406 ἐθεὶς,
2692 5339 2783 5395 τδν
2815 5341 2921 5394 τῶν
2957 5341 3115 5412 ἱερῶν
3144 5341 3444 5412 ἡγούμενον
3482 5341 3618 5410 ὑπέρ
3651 5353 3706 5390 τε
3731 5324 3885 5387 ἑαυτοῦ

2367 5432 2461 5483 καὶ
2497 5431 2605 5485 τῶν
2639 5431 2734 5486 τοῦ
2764 5431 2893 5486 λαοῦ
2931 5431 3314 5503 ἀγνοημάτων,
3348 5431 3589 5506 ἐρομένῳ
3623 5439 3819 5498 φρασον.

1830 5620 1875 5650 οι
1912 5619 2049 5675 Ibid.
2082 5637 2155 5688 lx,
2187 5624 2238 5678 7.
2315 5627 2361 5658 θ’
2393 5625 2558 5683 Hebr.
2592 5645 2646 5696 x,
2682 5628 2735 5696 8,
2786 5628 2840 5686 9.
2917 5630 2964 5664 οι
2998 5629 3137 5687 ibid.
3191 5630 3374 5686 io-u.
3452 5631 3496 5662 οι
3542 5629 3690 5686 Rom.
3743 5612 3882 5684 v1.9-
