3982 6504
147 367 251 424 685

859 368 946 421 DE
985 365 1424 424 ADORATIONE
1465 370 1532 424 IN
1570 370 1837 426 SPIRITU
1879 371 1966 425 ET
2007 370 2373 426 VERITATE.
2418 369 2544 423 LIB.
2592 371 2652 423 .\'.

3277 371 3381 425 686

198 484 360 542 ΚΥΡ.
389 483 715 556 Νομομαθής
748 484 822 540 ὢν
849 488 876 540 6
910 486 1119 552 Παῦλος
1145 488 1240 541 καὶ
1269 485 1594 560 ήκριὸωκὼς
1613 488 1696 541 ότι

1813 489 1819 532 |
1879 489 2036 543 CYlt.
2071 489 2292 550 Paulus,
2318 503 2442 542 cum
2468 488 2521 541 in
2548 489 2666 558 lege
2698 487 2910 557 peritus
2934 495 3101 552 esset,
3121 503 3185 542 ac
3213 488 3382 560 Moysi

133 574 359 646 μάλιστά
386 592 450 642 γε
482 574 580 646 τὴν
615 574 705 628 διὰ
737 575 979 639 Μωσέως
1007 577 1250 647 ἐντολήν.
1279 577 1355 641 ὡς
1397 578 1583 646 σοφοῖς
1629 577 1700 630 τὰ

128 665 344 719 τοιαῦτα
389 667 502 728 τοῖς
548 655 812 736 Ἑϐραίων
862 665 1032 733 λαοῖς,
1083 667 1178 720 καὶ
1225 666 1558 736 ἀνεγνωκόσι
1609 666 1701 720 τὸν

130 757 304 827 νόμον,
330 757 458 827 περὶ
480 753 585 810 τῶν
599 755 742 810 οὕτω
765 757 980 810 σεπτῶν
1003 773 1062 810 τε
1080 757 1176 810 καὶ
1196 757 1521 829 ἀπορρήτων
1540 756 1701 825 ἄγαν,

128 847 223 900 οὐκ
251 847 308 900 ὲν
338 845 534 900 πλάτει
563 845 940 918 διηγημάτων,
968 846 1027 899 ἐν
1057 847 1394 919 παραδρομῇ.
1414 847 1471 901 δὲ
1502 847 1702 918 μᾶλλον

130 937 219 992 καὶ
263 937 566 1008 ἀναμνήσει
595 937 704 992 τῶν
747 939 846 1012 ήδη
893 938 1384 1010 προεγνωσμένων,
1417 937 1489 992 τά
1527 937 1704 993 τοιάδε

129 1026 437 1102 προσλαλεϊ.
463 1031 720 1102 Παροίσω
744 1031 823 1096 δὲ,
849 1033 897 1085 εἰ
925 1031 1092 1095 δοκεῖ,
1115 1033 1212 1086 καλ⁸
1235 1030 1326 1084 τὸν
1354 1031 1447 1083 ἐπὶ
1465 1030 1601 1100 τῷδε
1621 1030 1705 1084 νό-

130 1140 222 1194 μον
244 1121 650 1194 χρηστομαθεῐν
680 1122 966 1194 ᾑρημένῳ,
1000 1123 1095 1177 καὶ
1140 1123 1202 1176 16
1229 1121 1455 1195 ἀκριϐὲς
1488 1122 1554 1194 δὴ
1584 1121 1706 1175 λίαν

129 1215 216 1267 καὶ
239 1213 616 1284 ἁπεξεσμένον
643 1216 722 1279 είς
746 1214 1071 1286 διασάφησιν
1109 1216 1215 1267 τῶν
1245 1213 1614 1286 θεωρημάτων
1643 1212 1704 1267 εὖ

132 1304 269 1376 μάλα
296 1305 631 1377 δεδιψηκότι.
668 1306 980 1378 Γέγραπται
1009 1305 1187 1360 τοίνυν
1220 1305 1278 1357 ὲν
1304 1304 1383 1375 τῷ
1412 1305 1702 1376 Λευιτικῷ·

133 1416 149 1448 ι
187 1396 295 1450 Καὶ
319 1396 554 1468 ἐλάλησε
586 1395 789 1468 Κύριος
822 1397 958 1468 πρὸς
989 1397 1194 1468 Μωσῆν
1225 1395 1420 1465 λέγων·
1461 1395 1707 1467 Λάλησον

127 1491 254 1562 πρὸς
285 1491 414 1554 τοὺς
446 1493 596 1554 υἱοὺς
627 1489 864 1562 Ἰσραήλ·
889 1489 1072 1560 Ψυχὴ,
1096 1490 1190 1543 ἐὰν
1221 1489 1442 1561 ἁμάρτῃ
1468 1488 1707 1542 ἐναντίον

128 1583 325 1654 Κυρίου
377 1583 652 1648 ἀκουσίως
694 1582 805 1636 ἀπὸ
853 1583 1073 1635 πάντων
1113 1582 1221 1636 τῶν
1269 1582 1706 1653 προσταγμάτων

127 1673 350 1744 Κυρίου,
391 1666 469 1727 ὧν
497 1674 556 1726 ού
587 1674 667 1726 δεῖ
699 1676 896 1739 ποιεῖν,
927 1672 1022 1726 καὶ
1067 1673 1272 1746 ποιήσῃ
1311 1672 1372 1724 ἓν
1401 1690 1453 1726 τι
1480 1673 1572 1724 ἀπ’
1605 1671 1704 1724 αύ-

129 1765 245 1830 τῶν,
287 1766 384 1818 ὲάν
432 1767 533 1834 μὲν
570 1767 598 1818 ό
640 1766 932 1837 ἀρχιερεὺς
987 1767 1014 1818 6
1046 1765 1404 1836 κεχρισμένος
1458 1765 1702 1836 ἁμάρτῃ,

127 1857 213 1908 τοῦ
242 1857 330 1909 16v
369 1857 503 1910 λαὸν
531 1859 819 1928 ἁμαρτεῖν,
851 1857 1114 1927 προσάξει
1147 1858 1394 1929 περὶτῆς
1434 1857 1706 1928 ἁμαρτίας

130 1945 304 2011 αὐτοῦ,
332 1940 399 2017 ἧς
421 1946 662 2018 ἥμαρτε,
695 1947 892 2017 μόσχον
915 1947 979 2000 ὲκ
1003 1947 1142 2018 βοῶν
1170 1948 1398 2018 ἄμωμον
1417 1947 1495 2018 τῷ
1520 1948 1707 2019 Κυρίῳ

131 2037 248 2105 περὶ
279 2037 376 2106 τῆς
408 2037 720 2108 ἁμαρτίας,
770 2038 864 2090 καὶ
904 2035 1163 2106 προσάξει
1193 2036 1285 2089 τὸν
1317 2036 1514 2107 μόσχον
1558 2036 1708 2108 παρὰ

131 2131 221 2200 τὴν
251 2128 422 2199 θύραν
449 2129 552 2199 τῆς
579 2128 783 2200 σκηνῆς
805 2128 897 2182 τοῦ
927 2128 1228 2200 μαρτυρίου
1261 2128 1444 2182 ἔναντι
1474 2131 1704 2202 Κυρίου,

133 2224 220 2275 καὶ
247 2220 439 2291 σφάξει
466 2221 559 2274 τὸν
593 2220 790 2291 μόσχον
817 2219 1047 2274 ἐνώπιον
1077 2222 1305 2294 Κυρίου.
1339 2213 1450 2275 Καὶ
1477 2221 1657 2276 λαϐὼν
1681 2226 1708 2277 ό

135 2317 298 2386 ἱερεὺς
325 2317 354 2368 ό
375 2317 602 2385 χριστὸς
635 2316 664 2368 6
693 2315 1110 2385 τετελειωμένος
1136 2315 1238 2377 τὰς
1267 2315 1454 2385 χεῖρας
1485 2314 1596 2369 ἀπὸ
1616 2314 1706 2370 τοῦ
1741 2339 1756 2363 ο

135 2409 349 2478 αἵματος
387 2405 495 2458 .106
538 2405 741 2477 μόσχου
765 2446 780 2470 ,
826 2407 1052 2461 είσοίσει
1086 2407 1218 2460 αὐτὸ
1251 2407 1331 2470 εἰς
1367 2407 1465 2478 τὴν
1506 2408 1711 2479 σκηνὴν

136 2497 218 2551 106
250 2497 558 2568 μαρτυρίου
581 2537 594 2559 ,
628 2501 722 2552 καὶ
755 2497 916 2569 βάψει
948 2499 975 2551 6
1013 2498 1190 2568 ἱερεὺς
1223 2498 1313 2552 τὸν
1345 2497 1604 2554 δάκτυλον
1631 2501 1710 2560 εἰς

138 2593 191 2644 16
231 2585 392 2662 αἷμα,
436 2591 538 2643 καὶ
581 2592 877 2660 προσρανεῖ
913 2590 1022 2643 ἀπὸ
1067 2590 1161 2644 τοῦ
1204 2591 1434 2662 αἵματος
1481 2591 1711 2658 ἑπτάκις

139 2685 300 2738 ἔναντι
324 2681 537 2753 Κυρίου
557 2723 574 2748 ,
601 2683 744 2736 κατὰ
768 2682 828 2736 16
875 2683 1274 2754 καταπέτασμα
1303 2684 1362 2736 16
1396 2684 1569 2754 ἅγιον.
1605 2687 1712 2739 Καὶ

140 2775 376 2849 ὲπιθήσει
401 2778 429 2828 ό
451 2775 639 2847 ἱερεὺς
661 2775 768 2830 ἀπὺ
789 2773 886 2828 106
913 2775 1147 2846 αἵματος
1174 2775 1268 2829 τοῦ
1295 2776 1496 2847 μόσχου
1527 2777 1619 2830 ἐπὶ
1643 2777 1712 2830 τὰ

143 2870 330 2940 κέρατα
356 2866 450 2920 τοῦ
493 2866 881 2937 θυσιαστηρίου
913 2865 1010 2920 106
1053 2867 1398 2938 θυμιάματος
1441 2870 1542 2939 τῆς
1584 2885 1712 2922 συν·

152 2961 333 3022 θέσεως
357 2958 451 3012 106
488 2957 727 3010 ἐναντίον
756 2957 986 3029 Κυρίου,
1019 2958 1046 3010 6
1066 2959 1212 3011 ἐστὶν
1241 2959 1297 3010 ὲν
1325 2961 1390 3028 τῇ
1419 2961 1589 3028 σκηνῇ
1619 2959 1710 3012 106

149 3051 429 3124 μαρτυρίου
452 3090 472 3116 ,
505 3050 600 3102 καὶ
623 3051 733 3102 πᾶν
753 3048 814 3102 16
835 3045 974 3120 αἷμα
998 3049 1089 3103 106
1115 3050 1316 3120 μόσχου
1339 3051 1521 3121 ἑκχεεῖ
1563 3052 1714 3124 παρά

147 3145 234 3216 τήν
259 3143 408 3215 βάσιν
440 3143 542 3197 106
574 3141 959 3214 θυσιαστηρίου
984 3142 1096 3196 τῶν
1127 3142 1622 3214 ὁλοκαυτωμάτων,
1653 3145 1711 3208 6;

149 3239 254 3291 ἐστὶ
280 3236 425 3308 παρὰ
450 3235 556 3299 τὰς
583 3233 752 3307 θύρας
773 3235 872 3306 τῆς
896 3235 1102 3304 σκηνῆς
1134 3232 1229 3287 106
1261 3235 1560 3306 μαρτυρίου
1580 3275 1595 3299 ,
1620 3235 1713 3287 καὶ

149 3331 246 3383 πᾶν
269 3328 326 3382 16
354 3326 525 3397 στέαρ
555 3324 648 3378 106
685 3325 885 3396 μόσχου
913 3323 1006 3378 τοῦ
1041 3324 1140 3396 τῆς
1170 3325 1448 3396 ἁμαρτίας
1477 3325 1716 3397 περιελεῖ

150 3420 234 3474 ἀπ’
255 3418 432 3483 αὑτοῦ,
468 3418 538 3472 16
577 3417 744 3490 στέαρ
779 3418 840 3470 τὸ
883 3415 1302 3472 κατακαλύπτον
1339 3418 1408 3470 τὰ
1432 3417 1713 3480 ὲνδόσθια,

152 3515 234 3567 καὶ
257 3515 356 3568 πᾶν
380 3513 440 3567 16
473 3512 642 3584 στέαρ
675 3511 736 3565 16
762 3510 854 3564 ἐπὶ
878 3509 986 3563 τῶν
1015 3508 1320 3572 ὲνδοσθίων,
1359 3510 1454 3563 καὶ
1476 3511 1600 3573 τοὺς
1623 3510 1716 3562 δύο

152 3606 378 3675 νεφροὺς,
411 3605 514 3657 καὶ
541 3603 602 3655 16
629 3603 794 3672 στέαρ
819 3601 881 3654 16
914 3602 1000 3655 ἐπ’
1029 3600 1228 3665 αὐτῶν,
1259 3602 1287 3653 ὃ
1312 3603 1460 3655 ἐστιν
1485 3603 1578 3655 ἐπὶ
1605 3601 1717 3654 τῶν

157 3693 363 3765 μηρίων,
405 3694 508 3747 καὶ
548 3692 640 3746 τὸν
676 3692 830 3746 λοϐὸν
858 3693 950 3745 16v
985 3693 1079 3744 ἐπὶ
1115 3691 1208 3745 106
1233 3692 1443 3762 ἦπατος
1480 3695 1576 3748 σὺν
1604 3698 1716 3757 τοῖς

154 3789 348 3858 νεφροῖς
393 3785 642 3856 περιελεῖ
684 3785 834 3847 αὐτὸ,
874 3784 933 3836 ὃν
979 3784 1179 3854 τρόπον
1228 3785 1544 3857 ἀφαιρεῖται
1584 3786 1716 3839 αὐτὸ

154 3875 248 3928 ἀπὸ
271 3873 358 3928 106
399 3875 612 3946 μόσχου
643 3873 735 3927 106
769 3873 869 3944 τῆς
920 3871 1109 3936 θυσίας
1145 3871 1241 3926 τοῦ
1281 3873 1580 3944 σωτηρίου,
1621 3875 1717 3928 καὶ

158 3966 340 4019 ἀνοίσει
362 3967 390 4018 6
419 3966 604 4036 ἱερεὺς
634 3965 726 4018 ἐπὶ
753 3963 812 4016 16
838 3964 1222 4034 θυσιαστήριον
1256 3966 1354 4035 τῆς
1376 3963 1716 4035 καρπώσεως

160 4057 242 4110 καὶ
261 4056 318 4109 16
336 4055 512 4127 δέρμα
529 4053 627 4106 τοῦ
655 4053 878 4124 μόσχου,
899 4051 992 4105 καὶ
1019 4053 1199 4104 πᾶσαν
1227 4051 1393 4104 αὐτοῦ
1412 4053 1512 4122 τὴν
1539 4051 1716 4124 σάρκα

163 4148 246 4201 σὺν
273 4152 333 4217 τῇ
357 4147 567 4217 κεφαλῇ
598 4145 692 4199 καὶ
715 4146 828 4208 τοῖς
867 4143 1228 4216 ἀκρωτηρίοις
1247 4185 1262 4210 ,
1290 4143 1383 4197 καὶ
1411 4147 1477 4216 τῇ
1503 4145 1676 4211 κοιλίᾳ
1699 4185 1714 4208 ,

164 4241 247 4294 καὶ
277 4244 340 4312 τῇ
381 4241 607 4312 κόπρῳο
649 4239 744 4292 καὶ
780 4236 1073 4304 ἐξοίσουσιν
1098 4235 1218 4290 ὅλον
1254 4237 1346 4290 τὸν
1386 4237 1584 4307 μόσχον
1611 4235 1716 4303 ἔξω

162 4336 247 4403 τῆς
277 4333 626 4406 παρεμϐολῆς
663 4333 742 4395 εἰς
779 4330 941 4383 τόπον
967 4329 1225 4400 καθαρὸν,
1258 4321 1320 4381 06
1343 4330 1592 4399 ὲκχεοῦσι
1619 4330 1716 4398 τὴν

166 4426 382 4480 σποδιάν.
401 4426 513 4480 Καὶ
538 4421 971 4478 κατακαύσουσιν
993 4420 1155 4476 αὑτὸν
1170 4422 1263 4473 ἐπὶ
1285 4420 1458 4487 ξύλων
1475 4422 1532 4473 ὲν
1558 4421 1712 4491 πυρίο

1803 579 2119 633 mandatum
2163 579 2216 633 in
2247 579 2445 648 primis
2473 579 2719 641 calleret,
2764 577 3114 634 Hebraeorum
3167 579 3386 649 populis

1803 678 2060 740 tanquam
2084 668 2399 739 hujusmodi
2433 683 2618 722 rerum
2640 684 2751 722 non
2791 667 3013 738 ignaris,
3061 675 3119 722 et
3171 667 3268 738 qui
3299 669 3383 724 le-

1801 775 1922 830 gem
1948 760 2407 830 pervolutassent,
2434 775 2545 814 non
2570 760 2730 830 longa
2769 758 3108 822 narratione,
3139 757 3236 813 sed
3281 773 3382 830 p0-

1804 850 1914 906 tius
1946 866 2132 906 rerum
2164 850 2273 906 illis
2337 859 2592 906 notarum
2644 851 3169 908 commemoratione
3205 851 3388 907 obiter

1803 940 1872 996 de
1929 950 2037 996 tam
2083 941 2414 998 venerandis
2466 943 2792 1014 arcanisque
2846 942 3012 998 rebus
3055 943 3173 999 haec
3229 944 3382 998 dicit.

1805 1022 2042 1088 Afferam
2064 1033 2251 1104 igitur,
2272 1035 2316 1088 si
2336 1034 2580 1099 videtur,
2610 1035 2786 1105 legem
2831 1034 2934 1088 hac
2958 1034 3026 1090 de
3059 1051 3122 1090 re
3175 1035 3385 1090 consti-

1808 1135 2000 1190 tutam,
2027 1125 2082 1181 ei
2107 1127 2201 1196 qui
2227 1125 2431 1181 Christi
2465 1125 2787 1197 mysterium
2813 1125 3128 1196 perdiscere
3160 1126 3311 1189 velit,
3332 1134 3388 1180 ct

1799 1217 2054 1273 locorum
2073 1218 2142 1272 ad
2179 1219 2666 1288 contemplandum
2700 1218 3106 1289 propositorum
3155 1233 3385 1274 accura-

1808 1317 1917 1362 tam
1941 1319 1997 1364 et
2023 1308 2316 1379 expolitam
2354 1309 2772 1382 explicationem
2811 1310 3005 1365 audire
3048 1311 3254 1382 cupiat.
3291 1310 3390 1364 Est

1809 1399 1975 1469 igitur
1997 1401 2054 1455 in
2076 1400 2325 1456 Levitico
2353 1401 2616 1471 scriptum
2657 1419 2669 1454 :
2713 1420 2731 1452 ι
2771 1401 2840 1456 Ει
2881 1401 3101 1456 locutus
3133 1411 3220 1456 est
3278 1401 3387 1477 ρο-

1807 1492 1992 1545 minus
2013 1491 2082 1546 ad
2115 1491 2356 1564 Moysen,
2380 1492 2602 1547 dicens:
2631 1493 2881 1563 Loquere
2905 1491 2973 1546 ad
2999 1492 3142 1548 ﬁlios
3175 1489 3342 1546 lsi'ael
3370 1508 3384 1544 :

1807 1585 2020 1649 Anima,
2077 1586 2122 1641 si
2167 1585 2470 1657 peccaverit
2540 1601 2724 1641 coram
2782 1585 3012 1640 Domino
3074 1584 3239 1657 359
3276 1601 3388 1639 non

1808 1677 2152 1741 voluntarie,
2171 1677 2227 1732 in
2249 1677 2506 1732 omnibus
2531 1676 2816 1746 prmecptis
2839 1677 3079 1742 Domini,
3120 1693 3242 1748 quae
3277 1693 3388 1731 non

1807 1775 2026 1836 Oportet
2049 1766 2258 1830 facere,
2297 1776 2352 1821 et
2383 1766 2575 1821 fecerit
2598 1782 2766 1820 unum
2783 1766 2851 1820 de
2886 1766 3054 1836 ipsis;
3095 1768 3141 1822 si
3163 1767 3386 1838 quidem

1809 1850 2331 1914 summussace‘rdos
2355 1860 2450 1929 qui
2475 1867 2676 1913 unctus
2721 1868 2805 1914 est
2827 1860 3174 1929 peccaverit,
3212 1860 3286 1914 ita
3329 1868 3389 1916 ut

1810 1949 2044 2019 papulus
2065 1959 2256 2020 peccet
2283 1968 2293 2002 :
2317 1950 2507 2005 afferet
2525 1967 2623 2020 pro
2637 1959 2860 2021 peccato
2883 1966 3004 2015 suo,
3022 1951 3167 2021 quod
3190 1966 3386 2020 pecca-

1809 2040 1906 2104 vit,
1934 2041 2167 2096 vitulum
2208 2058 2276 2097 ex
2322 2042 2500 2098 bobus
2545 2043 2954 2098 immaculatum
3010 2043 3243 2099 Domino
3286 2057 3388 2114 pro

1807 2142 2034 2202 peccato
2060 2149 2182 2197 suo,
2208 2143 2263 2188 et
2283 2133 2522 2192 adducet
2554 2136 2788 2190 vitulum
2820 2135 2887 2190 ad
2911 2135 3112 2191 ostium
3132 2137 3390 2191 taberna-

1809 2225 1918 2278 culi
1967 2226 2264 2281 testimonii
2327 2242 2511 2282 coram
2568 2228 2800 2283 Domino
2832 2238 2890 2283 et
2933 2228 3194 2284 mactabit
3237 2228 3386 2283 vitu-

1809 2317 1924 2370 lum
1986 2332 2173 2373 coram
2244 2318 2496 2373 Domino.
2552 2319 2620 2373 Et
2653 2319 2934 2390 accipiens
2990 2319 3252 2375 sacerdos
3281 2335 3387 2374 un-

1809 2417 1952 2474 ctus,
1988 2411 2157 2480 cujus.
2201 2418 2537 2466 consecratae
2591 2421 2723 2465 sunt
2767 2426 2984 2476 manus,
3019 2411 3089 2467 de
3123 2412 3392 2482 sanguine

1810 2499 1991 2564 vituli,
2033 2499 2232 2555 inferet
2273 2501 2425 2555 illum
2458 2502 2514 2555 in
2539 2501 2954 2558 tabernaculum
2975 2501 3301 2568 testimonii,
3334 2511 3394 2559 et

1811 2591 2046 2662 intinget
2067 2592 2322 2647 sacerdos
2347 2593 2577 2663 digitum
2604 2592 2658 2647 in
2684 2593 3026 2664 sanguinem,
3059 2601 3117 2649 et
3143 2603 3395 2666 asperget

1812 2684 1880 2739 de
1899 2684 2161 2754 sanguine
2188 2684 2392 2754 septies
2422 2683 2593 2755 digito
2616 2699 2799 2740 coram
2835 2685 3068 2741 Domino
3101 2685 3171 2740 ad
3208 2686 3392 2742 velum

1813 2783 2084 2830 sanctum.
2116 2776 2183 2830 Et
2200 2783 2367 2845 ponet
2383 2775 2641 2830 sacerdos
2669 2776 2736 2831 de
2759 2777 3027 2848 sanguine
3047 2778 3205 2832 vituli
3227 2791 3396 2848 super

1812 2882 2018 2922 cornua
2037 2866 2225 2921 altaris
2251 2866 2621 2937 thymiamatis
2666 2868 3104 2939 compositionis,
3139 2871 3287 2940 quod
3307 2877 3396 2925 est

1813 2969 1939 3016 ante
1970 2959 2281 3024 Dominum,
2315 2959 2459 3029 quod
2485 2968 2568 3014 est
2602 2959 2657 3013 in
2685 2960 3040 3016 tabernaculo
3069 2963 3392 3028 testimonii,

1813 3058 1870 3102 et
1893 3063 2111 3103 omnem
2136 3049 2457 3118 sanguinem
2482 3049 2639 3103 vituli
2655 3049 2905 3105 effundet
2925 3050 2994 3105 ad
3012 3051 3186 3106 basim
3207 3053 3396 3108 altaris

1819 3136 2141 3200 holocausti,
2177 3137 2320 3208 quod
2351 3147 2436 3192 est
2457 3139 2524 3192 ad
2551 3139 2751 3194 ostium
2781 3141 3119 3197 tabernaculi
3145 3145 3394 3200 testimo-

1817 3226 1917 3290 nii,
1939 3238 1995 3282 et
2016 3243 2233 3283 omnem
2264 3229 2480 3300 adipem
2503 3231 2660 3285 vituli
2691 3247 2790 3302 pro
2811 3243 3034 3302 peccato
3062 3233 3275 3290 auferet
3323 3236 3396 3292 ab

1815 3318 1927 3382 illo,
1955 3319 2300 3389 adipem,qui
2327 3321 2504 3391 operit
2533 3321 2882 3388 intestina,et
2907 3339 3123 3379 omnem
3153 3325 3396 3396 adipem,

1814 3409 1907 3478 qui
1936 3418 2020 3462 est
2047 3425 2213 3480 super
2239 3411 2518 3474 intestina,
2543 3420 2598 3466 et
2633 3412 2771 3468 duos
2798 3415 3129 3469 rcnunculos
3177 3426 3234 3471 et
3273 3415 3394 3472 adi-

1815 3516 1960 3570 pem,
2015 3502 2106 3572 qui
2153 3518 2319 3572 super
2342 3518 2440 3557 eos
2486 3513 2590 3564 est,
2623 3505 2717 3574 qui
2750 3514 2835 3559 est
2886 3520 3052 3576 super
3074 3507 3310 3572 lumbos,
3339 3516 3398 3564 et

1815 3593 2061 3662 pinnam,
2080 3595 2174 3664 qui
2195 3603 2278 3649 est
2301 3610 2468 3664 super
2488 3597 2667 3665 jecur,
2695 3611 2818 3650 cum
2846 3597 3164 3653 renunculis
3183 3598 3398 3654 auferet

1818 3683 1975 3749 illud,
2005 3686 2465 3756 quemadmodum
2496 3686 2744 3742 aufertur
2775 3703 2805 3741 a
2841 3688 3017 3744 vitulo
3070 3689 3264 3746 hostiae.
3309 3706 3399 3746 sa-

1818 3777 2033 3842 lutaris,
2059 3785 2115 3832 et
2135 3776 2330 3832 offeret
2353 3777 2612 3832 sacerdos
2627 3793 2794 3847 super
2825 3779 2997 3835 altare
3029 3782 3306 3847 sacrificii,
3341 3791 3400 3838 et

1817 3870 2015 3938 pellem
2037 3869 2218 3933 vituli,
2241 3877 2296 3924 et
2321 3884 2539 3924 omnem
2567 3869 2712 3924 illius
2729 3885 2951 3925 carnem
2979 3887 3105 3927 cum
3132 3875 3310 3945 capite
3341 3885 3400 3930 et

1819 3961 2278 4026 extremitatibus,
2303 3971 2360 4015 et
2388 3969 2580 4016 ventre
2618 3970 2674 4015 et
2696 3961 2845 4029 fimo;
2878 3971 2934 4018 et
2957 3964 3192 4021 eﬂ‘erent
3221 3976 3398 4022 totum

1818 4053 2050 4107 vitulum
2082 4061 2234 4107 extra
2265 4061 2464 4114 castra,
2499 4051 2554 4105 in
2575 4053 2756 4106 locum
2783 4054 3070 4119 mundum,
3098 4056 3191 4110 ubi
3223 4057 3400 4113 effun-

1819 4145 1957 4198 dunt
1985 4143 2250 4206 cinerem,
2272 4150 2328 4198 et
2349 4143 2679 4198 comburent
2699 4144 2850 4198 illum
2883 4147 3226 4218 superlignis
3249 4149 3398 4220 igni;

1820 4237 1877 4290 in
1902 4235 2172 4290 effusione
2193 4233 2396 4289 cineris
2415 4233 2883 4288 comburentur".
2899 4255 2916 4286 ›
2939 4237 3117 4306 Atque
3131 4238 3248 4294 haec
3272 4239 3402 4310 qui-
3443 4271 3450 4276 -

1820 4327 1944 4382 dem
2002 4327 2088 4381 lex
2128 4324 2244 4379 fieri
2291 4324 2474 4395 jussit,
2525 4324 2569 4378 si
2603 4340 2710 4394 qua
2761 4325 3081 4396 ignorantia:
3122 4329 3283 4400 culpa
3343 4331 3401 4386 in

1821 4432 2039 4472 summo
2068 4415 2355 4470 sacerdote
2382 4414 2668 4470 resederit.
2693 4415 3005 4482 Quinetiam
3028 4417 3212 4490 inquit
3237 4436 3404 4492 opor-

165 4518 244 4570 ἐπὶ
272 4519 364 4588 τῆς
393 4515 674 4588 ὲκχύσεως
721 4515 818 4585 τῆς
847 4513 1070 4576 σποδιάς
1094 4511 1445 4582 καυθήσεται.
1479 4529 1498 4562 ι
1546 4510 1712 4564 Ταυτὶ

1825 4523 1960 4573 tere,
1985 4518 2046 4563 ut
2096 4524 2196 4578 pro
2225 4506 2411 4578 populi
2441 4522 2662 4578 quoque
2711 4509 3021 4579 ignorantia
3070 4511 3402 4569 sacriﬁcium

169 4609 253 4676 μὲν
271 4609 297 4660 6
323 4609 480 4678 νόμος
501 4605 754 4676 γενέσθαι
789 4605 1174 4676 προστέταχεν,
1202 4605 1250 4656 εἰ
1271 4601 1379 4656 τῶν
1411 4602 1472 4667 ἐξ
1498 4602 1718 4670 ἀγνοίας

168 4701 500 4769 πταισμάτων
537 4696 942 4767 καταγράφοιτό
967 4713 1020 4748 τι
1049 4693 1142 4748 106
1185 4693 1508 4765 προύχοντος
1547 4697 1604 4746 ἐν
1641 4694 1721 4744 ia-

169 4791 384 4862 ρωσύνῃ.
425 4791 639 4862 Χρῆναι
691 4788 746 4840 δέ
792 4804 924 4857 φησι
975 4788 1066 4839 καὶ
1117 4785 1260 4856 ὑπὲρ
1297 4784 1406 4838 τῶν
1448 4783 1540 4836 106
1592 4783 1721 4836 λαοῦ

167 4883 503 4953 ἀγνοημάτων
540 4879 900 4934 ἐπιτελεῖσθαι
941 4878 1132 4932 θυσίαν
1182 4877 1382 4948 μόσχου
1421 4892 1722 4946 προσκομιο

169 4970 375 5040 ζομένου
407 4971 746 5042 σφαζομένου
785 4988 844 5025 τε
883 4969 1056 5032 οὓτως
1090 4969 1242 5040 παρά
1280 4968 1378 5032 τάς
1417 4967 1584 5039 θύρας
1624 4970 1722 5038 τῆς

171 5063 354 5132 σκηνῆς
377 5063 468 5116 106
511 5062 811 5134 μαρτυρίου
855 5061 1034 5115 ἔναντι
1063 5060 1290 5132 Κυρίου,
1323 5060 1418 5113 καὶ¹
1447 5058 1556 5112 τῶν
1591 5075 1724 5129 πρε-

172 5150 426 5222 σδυτέρων
445 5153 547 5223 τῆς
565 5152 894 5222 Συναγωγῆς
913 5150 1210 5205 ὲπιθέντων
1230 5149 1380 5220 αύτῷ
1398 5149 1496 5213 τὰς
1516 5151 1722 5220 χεῖρας,

172 5244 540 5316 εἰσφερομένου
566 5261 623 5298 τε
652 5243 746 5298 106
773 5244 1003 5314 αἵματος
1019 5240 1182 5306 είςτὰ
1205 5241 1374 5309 ’Ἅγια
1401 5241 1511 5294 τῶν
1531 5239 1722 5308 ἁγίων,

173 5334 256 5386 καὶ
289 5334 610 5400 ἁπαξαπλῶς
656 5335 830 5387 εἰπεῖν
891 5332 1107 5387 πάντων
1159 5329 1592 5400 ἐπιτελουμένων
1639 5329 1724 5382 ἐπ’

175 5426 306 5497 αύτῷ
333 5427 450 5482 καθ’
473 5427 764 5498 ὁμοιότητα
791 5426 889 5495 τῆς
917 5423 1105 5487 θυσίας
1134 5423 1272 5493 ὑπὲρ
1309 5421 1540 5492 Ἀαρών.
1581 5419 1718 5473 Ἀλλ’

174 5516 245 5568 ὅτι
280 5518 372 5587 μὲν
397 5519 459 5588 δὴ
491 5519 583 5573 καὶ
606 5517 796 5588 ἱερέων
828 5515 922 5570 καὶ
949 5513 1080 5568 λαοῦ
1109 5513 1374 5585 κάθαρσις
1402 5513 1432 5565 6
1467 5511 1721 5584 Χριστὸς,

176 5601 544 5677 δεδικαιιῖψεθα
565 5607 673 5679 γὰρ
703 5610 760 5659 ἐν
784 5605 930 5660 αὐτῶ
951 5604 1041 5658 τὸν
1068 5605 1130 5656 ἐκ
1157 5601 1258 5673 τῆς
1289 5602 1561 5673 ἁμαρτίας
1591 5601 1722 5656 ἀπο-

241 5787 280 5818 "
308 5788 477 5844 Levit.
513 5809 585 5858 iv,
624 5791 773 5846 1-12.

1821 4602 1934 4666 ﬁat,
1973 4600 2138 4654 allato
2184 4599 2378 4662 vitulo,
2412 4613 2661 4668 cassoque
2707 4600 2775 4654 ad
2811 4599 3012 4655 ostium
3064 4602 3402 4660 tabernaculi

1823 4689 2122 4746 testimonii
2155 4702 2340 4743 coram
2369 4688 2619 4753 Domino,
2655 4689 3067 4760 imponentibus
3089 4691 3167 4746 illi
3206 4709 3403 4750 manus

1822 4780 2114 4851 Syuagogae
2144 4777 2477 4842 senioribus,
2499 4786 2556 4833 et
2583 4779 2637 4833 in
2670 4779 2868 4835 Sancta
2897 4793 3212 4838 sanctorum
3249 4784 3403 4840 illato

1821 4869 2105 4940 sanguine,
2141 4876 2216 4931 et,
2246 4875 2307 4922 ut
2329 4883 2440 4922 uno
2477 4869 2648 4922 verbo
2667 4869 2866 4936 dicam,
2901 4872 3160 4926 omnibus
3204 4875 3399 4930 simili-

1823 4972 1905 5016 ter
1937 4961 2114 5026 factis,
2142 4977 2204 5015 ac
2231 4959 2298 5014 de
2331 4960 2510 5015 hostia
2549 4977 2649 5030 pro
2666 4962 2854 5041 Aaron
2899 4964 3105 5020 dictum
3139 4976 3242 5022 est.
3267 4969 3402 5024 Esse

1822 5064 2003 5111 autem
2048 5053 2326 5108 Christum
2377 5063 2431 5106 et
2471 5053 2834 5118 sacerdotem,
2891 5064 2948 5110 et
2991 5057 3176 5126 populi
3211 5056 3403 5129 expia-

1825 5149 2030 5202 tionem
2060 5146 2136 5217 (in
2160 5147 2280 5216 ipso
2332 5161 2568 5216 namque
2617 5145 2903 5217 justificati
2951 5163 3160 5214 sumus,
3191 5150 3402 5219 peccati

1824 5237 2055 5293 maculis
2079 5236 2326 5308 ablutis),
2353 5253 2453 5307 per
2479 5238 2596 5293 haec
2617 5252 2835 5307 quoque
2853 5239 3029 5294 cuivis
3053 5242 3404 5311 perspicuum

1826 5330 1943 5384 fieri
1969 5337 2166 5399 potest.
2193 5321 2449 5383 D'icamus
2470 5336 2653 5384 autem
2677 5328 3015 5400 singillatim,
3048 5347 3170 5402 qua
3184 5332 3252 5387 ad
3285 5333 3402 5390 sin-

1826 5421 1980 5492 gulas
2026 5421 2190 5490 hujus
2233 5418 2532 5490 Scriptura:
2567 5427 2753 5490 partes
2786 5421 3136 5491 explicandas
3164 5423 3401 5490 faciunt;

1831 5525 1952 5564 nam
1985 5510 2090 5564 hoc
2120 5508 2285 5564 modo
2316 5509 2572 5565 distincte
2605 5510 2988 5581 progredietur
3008 5515 3206 5579 oratio,
3237 5524 3294 5571 et
3314 5530 3400 5583 ea,

1832 5615 1951 5668 quae
1976 5599 2164 5664 latent,
2193 5599 2371 5667 quoad
2413 5597 2531 5655 ﬁeri
2558 5600 2779 5670 poterit,
2808 5601 3037 5673 aperiet.
