3982 6518
569 378 677 437 687
1590 381 1646 434 S.
1689 381 1966 438 CYlllLLl
2008 380 2481 437 ALEXANDRINI
2521 378 2838 436 ARCHIEP.
3745 378 3835 435 688

568 495 877 571 τριϐόμενοι
908 492 1196 567 μολυσμὸν,
1221 494 1313 546 καὶ
1332 492 1419 546 διὰ
1440 493 1644 546 τούτων
1683 495 1749 549 ἄν
1785 497 1997 565 γένοιτο
2033 513 2225 568 παντῳ
2264 513 2341 567 τῳ
2369 496 2559 566 σαφές.
2589 496 2855 568 Δέγωμεν
2888 494 2943 548 δὲ
2965 494 3069 548 ἀνά
3097 496 3263 567 μέρος
3286 495 3353 549 τά
3384 493 3470 563 ἐφ’
3505 493 3721 564 ἑκάστῳ
3745 497 3839 551 τῶν

568 592 969 668 γεγραμμένων
996 608 1010 622 ⁸
1059 591 1293 661 προήκοι
1322 589 1432 661 γὰρ
1492 589 1559 644 ἂν
1608 592 1874 663 εὐκρινῶς
1897 594 1925 647 ό
1953 592 2112 662 λόγος
2150 593 2246 645 καὶ
2274 592 2639 657 διαπτύσσων,
2674 593 2749 656 ὡς
2779 591 2881 657 ἔνι,
2909 591 2978 644 τά
3004 592 3384 662 κεκρυμμένα.

641 690 805 761 350
832 686 1028 742 PALL.
1052 682 1290 755 Optime.

2336 688 2543 742 IIAAA.
2586 684 2658 742 Εὖ
2687 688 2841 758 ἔφης.

639 782 796 837 CYR.
833 778 1083 835 Sumitur
1108 778 1295 847 itaque
1339 778 1549 833 vitulus
1575 778 1981 844 immaculatus,
2013 788 2071 834 et
2096 779 2155 833 in

571 888 681 944 quo
712 871 862 926 nulla
894 870 967 925 sit
1004 870 1189 940 plaga,
1232 869 1290 924 in
1320 869 1525 925 Christi
1558 869 1812 941 ﬁguram,
1853 871 2002 925 illius
2024 884 2155 926 vere

572 962 928 1027 immaculati,
961 970 1017 1016 et
1069 962 1165 1032 qui
1210 960 1423 1032 peccati
1460 963 1664 1017 vulnus
1717 962 2000 1032 suscipere
2042 977 2156 1016 non

571 1056 838 1113 sustinuit
878 1073 892 1108 :
932 1074 950 1105 ε
986 1054 1151 1110 Venit
1191 1054 1362 1120 enim,
1404 1054 1612 1124 inquit,
1671 1055 1930 1124 princeps
1963 1053 2156 1108 mundi

572 1148 759 1219 hujus,
804 1154 860 1201 et
897 1147 955 1201 in
992 1161 1080 1201 me
1102 1145 1242 1200 nihil
1291 1147 1536 1202 inveniet
1555 1148 1641 1212 ’9;
1694 1166 1712 1196 ι
1770 1161 1952 1216 neque
2007 1146 2159 1200 enim

572 1239 705 1294 fecit
764 1245 1083 1309 peccatum,
1141 1244 1204 1291 ut
1261 1236 1558 1307 Scriptura:
1596 1236 1823 1291 tradunt
1850 1240 1918 1290 ου.
1978 1234 2157 1291 Affer-

573 1338 666 1384 tur
715 1339 898 1384 autem
934 1328 1003 1383 ad
1054 1329 1201 1399 ipsas
1242 1327 1583 1384 tabernaculi
1617 1328 1766 1383 fores
1821 1342 2006 1383 coram
2055 1328 2161 1381 Do-

574 1416 757 1472 mino:
779 1418 923 1487 quod
943 1418 1055 1488 pati
1085 1432 1185 1487 pro
1208 1417 1326 1487 ipso
1348 1426 1537 1472 sancto
1566 1418 1940 1483 tabernaculo,
1969 1417 2024 1472 id
2053 1426 2156 1482 est,

574 1524 680 1581 pro
707 1509 951 1565 Ecclesia
978 1524 1087 1563 non
1115 1508 1404 1574 recusarit,
1442 1509 1538 1563 sed
1564 1524 1664 1579 pro
1695 1509 1788 1563 illa
1816 1510 1929 1564 Deo
1964 1526 2027 1564 ac
2055 1511 2158 1564 Pa-

576 1602 649 1658 tri
684 1603 741 1657 in
773 1602 995 1657 odorem
1043 1600 1330 1657 suavitatis
1363 1600 1581 1656 oblatus
1602 1602 1691 1656 sit.
1720 1603 2041 1673 —Ideoquc
2079 1604 2162 1657 di-

578 1693 741 1750 cebat
776 1711 788 1747 :
832 1713 851 1745 ‹
894 1694 1000 1748 Pro
1050 1693 1185 1763 ipsis
1255 1708 1355 1764 ego
1402 1693 1688 1749 sanctiﬁco
1732 1695 2005 1765 meipsum
2036 1696 2073 1747 ⁸.
2135 1714 2153 1745 ›

576 1786 736 1851 Nam,
772 1801 898 1840 cum
929 1784 1083 1848 dicit,
1107 1783 1410 1849 sanctiﬁco,
1452 1785 1559 1840 hoc
1580 1785 2066 1856 significat,joll‘ero
2098 1802 2162 1841 ac

577 1878 822 1933 devoveo
867 1877 1139 1947 meipsum
1200 1876 1535 1932 oblationem
1594 1877 2000 1934 immaculatam
2049 1880 2163 1934 Deo

578 1970 723 2025 Patri
768 1988 781 2023 :
811 1968 1141 2024 sanctiﬁcari
1171 1968 1316 2024 enim
1345 1968 1568 2034 dicitur,
1592 1970 1740 2041 quod
1774 1970 1887 2025 Deo
1911 1969 2161 2037 dicatur,

2330 779 2491 835 ΚΥΡ.
2535 779 2887 852 Λαμὸάνεται
2932 779 3114 832 τοίνυν
3150 780 3179 833 ό
3209 779 3407 851 μόσχος
3449 779 3756 851 ἀμὼμητός
3789 799 3836 835 τι

2258 870 2353 923 καὶ
2391 869 2570 941 ἀπλὴξ
2595 871 2677 933 είς
2717 868 2888 923 τύπον
2926 868 3164 940 Χριστοῦ
3207 870 3300 923 τοῦ
3329 870 3555 941 ἀληθῶς
3591 867 3833 939 ἀμώμου,

2259 960 2354 1014 καὶ
2387 960 2476 1014 τὸν
2505 960 2569 1013 ὲκ
2602 962 2700 1031 τῆς
2728 959 3002 1032 ἁμαρτίας
3030 962 3453 1032 τραυματισμὸν
3490 962 3600 1013 οὐκ
3632 961 3837 1030 ἀνασχο-

2263 1053 2424 1122 μένου
2453 1051 2664 1106 παθεῖν.
2712 1072 2731 1105 ι
2778 1052 3041 1125 Ἔρχεται
3074 1054 3204 1122 γὰρ,
3256 1055 3445 1123 φησὶν.
3482 1056 3511 1106 ό
3547 1054 3731 1123 ἄρχων
3759 1054 3834 1106 τοῦ

2260 1140 2467 1210 κόσμου
2495 1139 2708 1206 τούτου,
2739 1142 2836 1195 καὶ
2863 1143 2919 1195 ὲν
2952 1141 3077 1212 ἐμοὶ
3101 1143 3322 1213 εὑρήσει
3350 1142 3507 1197 οὐδέν
3532 1161 3546 1175 ·
3590 1162 3609 1194 ι
3656 1142 3712 1195 οὐ
3746 1146 3835 1216 γάρ

2256 1234 2519 1317 εποίησεν
2541 1235 2842 1305 ἁμαρτίαν,
2870 1233 3012 1287 κατὰ
3033 1234 3133 1297 τάς
3157 1236 3401 1307 Γραφάς.
3428 1236 3776 1304 Προσάγεται
3792 1239 3837 1290 δὲ

2261 1324 2399 1394 πρὸς
2438 1324 2629 1388 αὑταῖς
2674 1325 2775 1395 τῆς
2818 1327 2978 1395 ἁγίας
3019 1326 3225 1398 σκηνῆς
3268 1329 3389 1391 ταῖς
3438 1326 3645 1399 θύραις
3682 1326 3836 1382 ἔναντι

2260 1416 2494 1486 Κυρίου,
2519 1415 2578 1469 τὸ
2605 1417 2797 1470 παθεῖν
2827 1417 3016 1489 ὥσπερ
3040 1421 3101 1472 οὐ
3132 1421 3605 1491 παραιτούμενος,
3635 1422 3768 1491 ὑπέρ
3784 1441 3834 1489 γε

2260 1508 2359 1578 τῆς
2385 1508 2544 1577 ἁγίας
2571 1509 2805 1579 σκηνῆς,
2836 1508 2981 1562 τοῦτ’
3008 1509 3152 1571 ἔστι,
3185 1513 3283 1582 τῆς
3320 1512 3667 1583 Ἐκκλησίας
3686 1553 3699 1576 ,
3725 1514 3835 1567 ἀνα-

2261 1599 2574 1669 τεθειμένος
2600 1616 2661 1652 τε
2705 1600 2845 1671 ὑπὲρ
2873 1600 3044 1672 αὐτῆς
3075 1602 3154 1665 είς
3185 1602 3358 1674 ὀσμὴν
3382 1603 3621 1666 εὐωδίας
3738 1606 3835 1676 Θεῴ

2263 1691 2355 1743 καὶ
2392 1691 2586 1760 Πατρί.
2626 1691 2918 1763 Τοιγάρτοι
2951 1693 3047 1746 καὶ
3088 1693 3348 1762 ἔφασκεν,
3393 1714 3414 1747 ‹
3477 1695 3659 1766 ’Υπὲρ
3684 1698 3834 1750 αὐτῶν

2263 1782 2610 1854 ὲγὼάγιᾶζω
2633 1786 2889 1856 ἐμαυτόν.
2921 1806 2940 1839 ι
2963 1788 3038 1841 Τὸ
3056 1829 3070 1851 ,
3102 1788 3331 1857 ἁγιάζω,
3351 1790 3532 1859 λέγων
3551 1830 3569 1855 ,
3595 1792 3715 1843 ἀντὶ
3736 1791 3832 1854 τοῦ,

2263 1877 2546 1947 προσάγω,
2603 1878 2699 1931 καὶ
2734 1878 3031 1950 ἀνατίθημι
3068 1880 3387 1952 προσφορὰν
3433 1880 3737 1952 ἀμώμητον
3770 1884 3835 1953 τῷ

2264 1970 2385 2042 Θεῷ
2407 1972 2499 2025 καὶ
2520 1970 2717 2042 Πατρί.
2744 1970 3096 2039 ’Δγιάζεσθαι
3118 1972 3227 2042 γὰρ
3248 1971 3471 2041 λέγεται
3501 1973 3569 2025 τὸ
3602 1974 3831 2026 ἀνατιθέο

573 2063 726 2134 juxta
756 2062 810 2117 id
853 2061 1002 2132 quod
1027 2062 1292 2132 scriptum
1319 2072 1404 2118 est
1428 2080 1439 2115 :
1478 2083 1495 2114 ι
1532 2063 1787 2133 Laqueus
1809 2070 1895 2118 est
1923 2063 2157 2129 homini,

2269 2080 2426 2134 μενον
2476 2063 2554 2133 τῷ
2597 2062 2748 2133 Θεῷ,
2789 2062 2911 2116 κατ’
2955 2062 3131 2116 ἐκεῖνό
3183 2080 3286 2116 που
3334 2063 3397 2117 τὸ
3447 2067 3830 2136 γεγραμμένον

578 2154 689 2209 cito
726 2153 934 2225 aliquid
976 2168 1007 2208 e
1026 2152 1143 2208 suis
1169 2153 1337 2208 rebus
1364 2152 1707 2208 sanctiﬁcare
1739 2169 1923 2221 ;nam,
1946 2161 2161 2223 postea-

578 2262 743 2317 quam
776 2245 1098 2310 devoverit,
1134 2245 1195 2300 ﬁt
1223 2254 1284 2300 ut
1319 2246 1583 2316 pqL-niteat
1607 2250 1649 2299 ’.
1697 2266 1715 2297 ι
1746 2247 1936 2301 Fuisse
1976 2255 2161 2300 autem

580 2337 897 2410 hujusmodi
918 2337 1257 2393 oblationem
1296 2346 1600 2408 acceptam,
1637 2354 1701 2393 ac
1741 2339 1854 2393 Deo
1881 2339 2159 2409 placitam,

579 2432 862 2488 declarant
901 2431 994 2485 illa
1024 2429 1194 2485 verba
1227 2448 1239 2483 :
1279 2448 1297 2480 ι
1328 2428 1525 2485 Coram
1560 2430 1818 2485 Domino.
1852 2450 1870 2481 ι
1894 2430 2166 2500 lntelligi—

579 2537 706 2577 mus
723 2522 872 2576 enim
909 2519 987 2583 id,
1010 2518 1157 2589 quod
1185 2518 1254 2573 de
1282 2518 1374 2572 illo
1397 2517 1627 2574 fratrum
1654 2534 2038 2591 germanorum
2071 2535 2166 2589 pa-

580 2613 631 2667 ri
654 2612 920 2682 scriptum
962 2620 1066 2677 est,
1103 2610 1171 2665 de
1202 2609 1359 2674 Cain,
1402 2610 1646 2679 inquam,
1690 2618 1746 2664 et
1801 2610 1958 2665 Abel.
1997 2630 2015 2661 ι
2054 2611 2165 2664 Re-

582 2704 763 2775 spexit
787 2704 960 2768 enim,
1003 2702 1184 2772 inquit
1222 2744 1236 2768 ,
1268 2702 1414 2756 Deus
1451 2701 1517 2757 ad
1550 2701 1708 2766 Abel,
1732 2710 1789 2755 et
1833 2701 1901 2755 ad
1938 2714 2165 2755 munera

582 2796 702 2866 ejus
727 2812 741 2849 :
766 2794 835 2849 ad
854 2792 989 2849 Cain
1014 2801 1198 2849 autem
1227 2802 1283 2848 et
1304 2792 1371 2848 ad
1397 2791 1668 2847 sacriﬁcia
1689 2792 1807 2861 ejus
1834 2807 1945 2846 non
1985 2800 2164 2845 atten-

581 2884 739 2950 dit';
778 2903 796 2935 ι
830 2898 955 2938 nam
972 2883 1249 2953 respicere
1272 2881 1425 2936 illum
1451 2880 1506 2935 id
1537 2881 1683 2950 quod
1714 2880 1820 2936 sibi
1839 2882 2079 2951 placeat;
2111 2891 2169 2936 et

579 2973 819 3029 vicissim
837 2971 1077 3027 aversari
1107 2970 1252 3041 quod
1284 2985 1443 3026 secus
1481 2970 1699 3033 habeat,
1722 2986 1830 3025 non
1852 2978 1937 3025 est
1966 2970 2167 3025 obscu-

580 3080 723 3120 rum.
758 3065 1079 3134 lmponente
1122 3072 1308 3118 autem
1342 3078 1539 3117 manus
1581 3063 1638 3117 in
1676 3063 1914 3117 vitulum
1943 3078 2029 3127 eo,
2071 3063 2167 3132 qui

580 3157 860 3229 peccavit,
885 3154 1117 3211 caeditur
1148 3154 1349 3219 hostia,
1375 3163 1434 3208 et
1466 3155 1522 3209 in
1550 3162 1849 3224 conspectu
1882 3154 1978 3209 Dei
2008 3153 2171 3208 caedi-

2268 2171 2287 2203 ι
2328 2150 2505 2218 Παγὶς
2535 2151 2721 2224 ἀνδρὶ,
2746 2151 2883 2222 ταχύ
2904 2171 2956 2205 τι
2987 2152 3098 2205 τῶν
3124 2153 3268 2206 ίδίων
3296 2154 3525 2222 ἁγιάσαι
3546 2169 3562 2183 ⁸
3595 2156 3728 2225 μετά
3746 2159 3830 2229 γὰρ

2261 2242 2323 2295 τὸ
2349 2241 2627 2308 εὔξασθαι,
2659 2246 2941 2313 μετανοεῖν
2963 2244 3196 2313 γίνεται.
3227 2263 3248 2294 ι
3275 2243 3401 2296 Ὀτι
3425 2245 3485 2298 δὲ
3506 2245 3542 2315 ἡ
3576 2248 3830 2317 προσφορά

2262 2333 2425 2405 δεκτὴ
2455 2335 2549 2387 καὶ
2579 2335 2892 2405 εὐάρεστος,
2946 2334 3099 2405 δηλοῖ
3122 2334 3203 2399 τὸ,
3245 2353 3264 2386 ι
3305 2335 3530 2388 Ἕναντι
3558 2336 3774 2406 Κυρίου.
3811 2357 3828 2389 ι

2264 2425 2512 2496 Νοοῦμεν
2533 2425 2642 2496 γάρ
2673 2426 2773 2496 ἤδη
2802 2426 2863 2479 τὸ
2893 2426 3283 2497 γεγραμμένον
3312 2427 3404 2479 ἐπὶ
3430 2426 3532 2495 τῆς
3571 2426 3682 2480 τῶν
3705 2428 3830 2482 ἀδελ-

2266 2518 2382 2588 φῶν
2415 2517 2720 2590 ξυνωρίδος,
2758 2518 2900 2572 Καῖν
2950 2519 3012 2570 τέ
3045 2535 3189 2588 φημι
3236 2518 3331 2570 καὶ
3371 2518 3551 2573 Ἀϐέλ.
3591 2537 3609 2569 ι
3652 2520 3827 2573 Ἐπεῖιὶ

2268 2609 2370 2679 μὲν
2401 2609 2541 2678 γὰρ,
2574 2606 2731 2677 φησὶν
2760 2648 2774 2673 ,
2807 2609 2835 2661 ό
2871 2606 3003 2671 Θεὸς
3052 2608 3145 2660 ἐπὶ
3187 2606 3342 2660 Ἀδέλ
3372 2624 3433 2659 τε
3472 2608 3569 2661 καὶ
3603 2609 3692 2660 ἐπὶ
3740 2612 3827 2672 tot;

2265 2701 2460 2772 δώροις
2499 2699 2684 2764 αὑτοῦ,
2717 2700 2809 2752 ἐπὶ
2836 2700 2891 2752 δὲ
2925 2699 3065 2753 Καῒν
3088 2700 3182 2754 καὶ
3207 2703 3327 2763 ταῖς
3360 2699 3577 2763 θυσίαις
3606 2700 3755 2753 αὐτοῦ
3778 2701 3825 2753 οὐ

2267 2792 2572 2863 προσέσχεν
2602 2808 2616 2822 ·
2662 2810 2679 2841 ι
2714 2792 2886 2862 ἐφορᾷ
2916 2794 3025 2863 γὰρ
3054 2793 3134 2845 ὃτι
3172 2791 3233 2845 τὸ
3269 2791 3494 2845 ἁνδάνον
3552 2792 3717 2862 αὐτῷ,
3754 2795 3825 2845 ni

2268 2882 2670 2954 ἀποστρέφεται
2702 2882 2877 2954 μισῶν
2918 2883 2978 2936 τὸ
3013 2884 3087 2955 μὴ
3122 2882 3296 2949 οὕτως
3342 2884 3488 2954 ἔχον,
3534 2885 3637 2938 οὒκ
3676 2886 3823 2954 ἀσυμ-

2269 2973 2455 3043 φανές.
2496 2974 2921 3046 Ἐπιτιθεμένων
2954 2973 3013 3027 δὲ
3046 2973 3126 3045 τῷ
3156 2976 3340 3046 μόσχῳ
3372 2975 3486 3027 τῶν
3521 2976 3717 3048 χειρῶν
3748 2976 3823 3029 τιιῦ

2268 3065 2745 3137 διημαρτηκότος,
2803 3067 2837 3138 ἡ
2889 3066 3074 3138 σφαγὴ
3117 3068 3440 3139 πράττεται·
3495 3070 3595 3121 καὶ
3631 3070 3825 3124 ἐνώπιον

2272 3156 2499 3229 Κυρίου.
2542 3178 2560 3211 ι
2592 3159 2765 3223 Αὐτὸς
2796 3160 2905 3231 γάρ
2940 3158 3097 3230 ἡμῶν
3121 3161 3266 3231 αἴρει
3287 3160 3386 3225 τάς
3424 3162 3721 3233 ἁμαρτίας,
3749 3167 3825 3217 καὶ

581 3257 693 3305 tur.
755 3269 771 3299 ι
802 3248 921 3318 Ipse
950 3247 1099 3302 enim
1128 3254 1311 3316 portat
1346 3246 1665 3315 iniquitates
1704 3254 1925 3300 nostras
1943 3287 1957 3309 ,
1984 3254 2040 3301 et
2067 3260 2165 3316 pro

2275 3251 2416 3324 ὑπὲρ
2447 3253 2478 3323 ἡ
2490 3251 2606 3323 μῶν
2643 3251 2893 3306 ὀδυνᾶται
2930 3272 2947 3303 ι
2989 3252 3346 3323 σφαζόμενος-
3408 3256 3614 3327 Ἔρτου
3650 3256 3744 3327 γὰρ
3771 3257 3825 3328 δὴ

578 3341 741 3396 nobis
759 3340 908 3394 dolet
921 3339 962 3403 ‘,
984 3358 1001 3388 ι
1019 3338 1149 3392 dum
1167 3338 1423 3403 caeditur;
1451 3337 1634 3406 operis
1654 3337 1799 3391 enim
1816 3345 1871 3392 et
1893 3337 2172 3393 actionum

581 3434 813 3507 ﬁguram
880 3448 992 3503 pne
1032 3446 1091 3486 se
1141 3430 1327 3486 ferunt
1356 3445 1571 3484 manus.
1619 3429 1893 3484 Czeterum
1949 3430 2005 3484 in
2036 3445 2201 3489 cons

2279 3348 2374 3400 καὶ
2407 3345 2681 3417 πράξεων,
2709 3346 2743 3416 ἡ
2768 3345 2909 3417 χεὶρ,
2942 3346 3021 3408 εἰς
3053 3345 3246 3399 τύπον.
3283 3346 3454 3417 Πλὴν,
3485 3348 3709 3402 ἐνώπιον
3734 3351 3823 3404 Ku-

2279 3436 2394 3507 ρίου
2440 3434 2707 3506 σφάζεται
2727 3475 2742 3499 ,
2773 3435 3055 3507 μονονουχὶ
3085 3437 3180 3490 καὶ
3209 3438 3727 3505 συγκαταϐαίνοντος
3747 3440 3822 3493 τοῦ

576 3535 773 3597 spectu
796 3525 892 3579 Dei
920 3522 1148 3579 creditur
1172 3522 1317 3592 quod
1340 3522 1504 3577 Pater
1521 3520 1919 3591 propemodum
1943 3536 2165 3575 consen-

2276 3528 2490 3601 Πατρός
2523 3531 2603 3593 είς
2632 3528 2694 3582 τὸ
2726 3528 2836 3582 δεῖν
2864 3529 3004 3601 ὑπὲρ
3032 3529 3190 3599 ἡμῶν
3224 3530 3543 3584 ὲκτεθνάναι
3579 3531 3668 3585 τὸν
3701 3532 3821 3585 Υἱόν·

584 3617 735 3679 tiret,
764 3622 826 3668 ut
873 3629 974 3683 pro
1002 3612 1163 3666 nobis
1202 3611 1375 3665 Filius
1413 3618 1753 3675 moreretur;
1812 3625 1990 3680 neque
2025 3610 2172 3664 enim

582 3715 892 3769 aversatur,
920 3720 1044 3759 cum
1090 3703 1362 3759 immolari
1391 3702 1591 3757 Filium
1626 3702 1841 3771 aspicit,
1893 3718 2001 3757 non
2024 3703 2172 3773 quod

584 3802 706 3871 ejus
728 3798 1035 3869 passionem
1066 3810 1293 3867 prorsus
1332 3793 1621 3864 approbet,
1696 3792 1793 3847 sed
1832 3793 1979 3863 quod
2016 3793 2171 3848 illum

584 3886 908 3945 Emmanuel
941 3901 1042 3956 pro
1079 3884 1241 3938 nobis
1274 3884 1383 3954 pati
1413 3898 1529 3938 rem
1561 3898 1682 3938 esse
1719 3884 1928 3939 mundo
1966 3884 2171 3940 saluta-

586 3993 725 4043 rem,
754 3993 863 4032 non
886 3977 1118 4047 ignoret.
1150 3975 1268 4046 Ipse
1302 3975 1469 4047 igitur
1492 3986 1677 4031 nostra
1708 3983 1933 4045 peccata
1963 3984 2166 4046 portat,

585 4086 651 4127 ac
681 4086 783 4141 pro
813 4069 973 4124 nobis
1010 4068 1180 4133 dolet,
1210 4068 1340 4124 dum
1390 4068 1445 4121 in
1477 4068 1567 4122 illa
1597 4069 1837 4139 pretiosa
1868 4084 2028 4123 cruce
2068 4085 2169 4140 pro

583 4164 745 4220 nobis
782 4163 958 4221 occidi
982 4163 1235 4218 sustinet.
1273 4160 1411 4215 Tum
1445 4161 1702 4217 sacerdos
1748 4161 1918 4233 digito
1947 4178 2170 4219 sumens

584 4256 654 4311 de
682 4256 967 4327 sanguine,
1000 4263 1254 4325 asperget
1277 4255 1481 4324 septies
1508 4255 1573 4309 ad
1604 4255 1855 4310 velamen
1894 4264 2165 4323 sanctum,

583 4349 733 4420 quod
771 4356 855 4403 est
891 4362 1055 4417 super
1090 4362 1292 4411 arcam,
1346 4346 1436 4402 cui
1484 4364 1685 4402 nomen
1725 4356 1809 4403 est
1833 4348 2167 4420 propitiato-

584 4440 770 4505 rium;
812 4439 969 4510 ungit
1014 4439 1181 4494 etiam
1221 4453 1425 4493 cornua
1479 4439 1669 4495 altaris
1713 4440 1924 4495 incensi
1959 4440 2164 4496 :Chri-

2274 3623 2335 3676 οὐ
2377 3622 2485 3694 γὰρ
2518 3622 2923 3692 ἀποστρέφεται
2975 3620 3319 3693 σφαζόμενον
3367 3621 3606 3693 βλέπων,
3653 3627 3735 3678 καὶ
3773 3627 3819 3677 ὠ

2273 3715 2337 3786 δή
2366 3731 2467 3767 που
2502 3712 2720 3777 πάντως
2746 3714 2808 3766 τὸ
2834 3713 3025 3767 παθεῖν
3070 3713 3326 3780 ἐπαινῶν,
3357 3715 3461 3767 οὐκ
3484 3716 3754 3787 ἡγνοηκὼς
3777 3717 3821 3769 ἃ

2273 3806 2355 3859 ὅτι
2391 3805 2654 3876 σωτήριόν
2705 3806 2820 3858 ὲστι
2855 3802 2931 3875 τῷ
2979 3805 3168 3877 κόσμῳ
3200 3806 3261 3859 τὸ
3292 3806 3488 3859 παθεῖν
3531 3809 3822 3881 ὑπὲρ

2272 3898 2363 3951 τὸν
2399 3897 2764 3968 Ἐμμανουήλ.
2790 3895 3000 3950 Οὐκοῦν
3029 3898 3191 3961 αὐτὸς
3212 3898 3369 3969 ἡμῶν
3392 3900 3535 3972 αἴρει
3560 3902 3656 3965 τὰς
3675 3904 3821 3973 ἀμαρ-

2271 3989 2413 4053 τίας,
2455 3988 2551 4041 καὶ
2598 3987 2739 4057 ὑπὲρ
2794 3988 2950 4058 ἡμῶν
2996 3988 3267 4054 ὀδυνᾶται,
3312 3994 3412 4063 τὴν
3452 3994 3547 4046 ἐπὶ
3580 3991 3654 4065 τῷ
3688 3994 3821 4064 τιμίῳ

2274 4078 2492 4149 σταυρῷ
2543 4079 2608 4132 δι’
2638 4080 2783 4149 ἡμᾶς
2827 4079 3115 4151 ὑπομένων
3158 4084 3397 4153 σφαγὴν.
3443 4080 3576 4137 Εἶτα
3616 4084 3820 4139 λαὸὼνὸ

2275 4173 2453 4244 ἱερεὺς
2473 4170 2689 4224 ἀπὸτοῦ
2714 4170 2943 4241 αῖματος
2975 4172 3053 4242 τῷ
3084 4172 3351 4246 δακτύλῳ,
3380 4178 3535 4247 ῥανεῖ
3562 4176 3654 4247 μὲν
3686 4177 3818 4231 ἑπτά-

2272 4282 2357 4328 κις
2388 4264 2480 4317 ἐπὶ
2510 4263 2570 4317 τὸ
2602 4264 3002 4334 καταπέτασμα
3042 4264 3103 4317 τὸ
3137 4265 3310 4335 ἆγιον,
3346 4268 3374 4320 ὃ
3414 4263 3485 4338 ἦν
3518 4271 3609 4322 ἐπὶ
3637 4270 3724 4340 τῆς
3749 4288 3817 4323 κι.

2272 4355 2470 4410 ϐωτοῦ.
2514 4357 2727 4426 Ὀνομα
2761 4354 2817 4408 δὲ
2864 4356 3033 4426 αὐτῷ,
3069 4357 3129 4409 τὸ
3174 4357 3506 4431 ίλαστήριον.
3558 4361 3817 4432 Καταχρὲει

2268 4448 2325 4502 δὲ
2354 4449 2449 4502 καὶ
2476 4446 2544 4501 τὰ
2570 4446 2777 4518 κέρατα
2802 4447 2898 4501 τοῦ
2927 4447 3316 4520 θυσιαστηρίου
3350 4450 3447 4504 τοῦ
3482 4450 3812 4524 θυμιάματος.

586 4537 707 4585 stus
730 4528 876 4583 enim
898 4526 1214 4597 propitiatio
1236 4534 1398 4595 atque
1421 4527 1865 4597 pr0pitiatorium
1890 4528 2065 4584 factus
2082 4539 2165 4583 est

2271 4541 2468 4609 Γέγονε
2502 4540 2611 4611 γάρ
2645 4542 2775 4612 ἡμῖν
2805 4540 3031 4610 ἱλασμός
3061 4559 3121 4595 τε
3165 4542 3258 4596 καὶ
3307 4544 3637 4617 ἱλαστήριον,
3666 4548 3692 4599 ὁ
3712 4547 3817 4616 Χρι·

584 4618 767 4674 nobis.
801 4616 1071 4672 Caeterum
1106 4616 1162 4669 in
1195 4616 1460 4686 sanguine
1481 4619 1793 4674 testamenti
1814 4620 2004 4674 aeterni
2036 4636 2163 4690 per-

586 4709 939 4767 fectissimam
968 4708 1128 4763 nobis
1180 4708 1559 4778 purgationem
1588 4710 1838 4781 largitur.
1866 4712 2024 4782 35]
2056 4712 2170 4768 Hoc

586 4804 737 4859 enim
757 4808 860 4865 est,
891 4800 998 4855 nisi
1038 4799 1219 4864 fallor,
1251 4800 1457 4869 septies
1497 4803 1712 4874 aspergi
1744 4805 2011 4874 sanguine
2040 4820 2169 4875 pro.

587 4893 963 4969 pitiatorium;
998 4900 1081 4947 est
1110 4892 1258 4946 enim
1306 4893 1655 4961 septenarius
1695 4910 1960 4950 numerus
1994 4896 2170 4965 perfe-

586 4988 790 5043 ctionis
859 4986 1095 5056 signum.
1167 4984 1340 5037 Porro
1396 4985 1515 5055 ejus
1583 4986 1699 5056 ipsa
1759 5003 1976 5059 quoque
2021 5004 2170 5044 mors

588 5078 779 5136 mundi
838 5077 1071 5137 salutem
1132 5089 1195 5129 ac
1242 5075 1411 5128 vitam
1461 5085 1516 5129 et
1595 5092 1874 5133 accessum
1941 5095 2041 5149 per
2106 5080 2171 5135 ﬂ-

590 5175 714 5230 dem
781 5172 931 5227 velut
992 5169 1219 5224 odorem
1274 5169 1448 5237 spirat
1496 5188 1507 5221 :
1572 5190 1587 5220 (
1622 5169 1775 5225 Unus
1822 5172 2022 5242 quippe
2071 5154 2174 5242 pro

591 5264 850 5319 omnibus
897 5270 1149 5316 mortuus
1197 5269 1281 5315 est
1316 5301 1329 5325 ,
1388 5270 1448 5315 ut
1483 5261 1576 5331 qui
1638 5262 1871 5327 vivunt,
1922 5280 2031 5318 non
2060 5266 2171 5336 jam

592 5357 699 5413 sibi
748 5354 932 5409 vivant
964 5394 977 5414 ,
1043 5353 1139 5408 sed
1193 5353 1245 5407 ei
1304 5354 1398 5423 qui
1438 5370 1538 5424 pro
1578 5353 1711 5424 ipsis
1752 5364 2001 5411 mortuus
2053 5367 2169 5423 est,

589 5458 646 5503 et
699 5444 1031 5508 resurrexit,
1070 5463 1087 5494 ι
1129 5453 1190 5498 ιιι
1254 5445 1518 5515 scriptum
1565 5446 1703 5500 est'.
1763 5445 1919 5512 Quod
1984 5448 2167 5518 itaque

590 5540 761 5593 altare
786 5535 994 5590 incensi
1024 5546 1251 5589 aureum
1290 5536 1554 5607 sanguine
1584 5538 1931 5608 perungitur,
1968 5538 2020 5593 id
2049 5541 2168 5609 ejus

590 5627 785 5683 mortis
814 5624 1167 5697 fragrantiam
1197 5625 1485 5696 signiﬁcat.
1518 5626 1833 5683 Eﬂ‘unditur
1852 5645 1982 5685 vero
2000 5633 2167 5685 etiam

661 5763 708 5793 "
728 5762 883 5817 Joan.
916 5776 1023 5821 nv,
1049 5759 1137 5813 50.
1232 5762 1276 5794 ”
1308 5762 1330 5816 Ι
1368 5762 1516 5817 Petr.
1546 5778 1603 5817 ιι.
1631 5762 1719 5818 τε.

597 5830 619 5862 ⁸
659 5830 835 5889 lCor.
874 5846 927 5896 ν,
964 5830 1045 5885 ιιι.

1838 5766 1851 5796 ¹
1884 5766 2039 5821 Joan.
2091 5783 2219 5835 xvn,
2253 5769 2341 5826 l9.

2270 4634 2412 4697 στός.
2450 4632 2617 4703 Πλὴν,
2644 4632 2700 4684 ὲν
2732 4632 2918 4702 αἵματι
2948 4632 3209 4705 διαθήκης
3234 4636 3479 4699 αἰωνίου,
3516 4637 3814 4706 τελεωτάτην

2269 4727 2399 4796 ἡμῖν
2441 4725 2692 4796 δωρεῖται
2731 4723 2829 4795 τὴν
2875 4724 3273 4798 ἀποκάθαρσιν.
3313 4727 3487 4782 Τοῦτο
3518 4730 3645 4801 γάρ,
3672 4724 3812 4799 οἶμαι,

2271 4817 2411 4880 ἐστὶ,
2445 4815 2505 4868 τὸ
2539 4815 2770 4879 ἑπτάκις
2804 4815 3078 4885 ῥαίνεσθαι
3108 4816 3185 4889 τῷ
3214 4816 3402 4888 αἵματι
3437 4820 3499 4871 τὸ
3526 4820 3813 4891 ἱλαστήριον

2271 4904 2538 4976 σύμϐολον
2568 4903 2625 4958 δὲ
2651 4904 3022 4975 τελειότητος,
3070 4906 3098 4960 ὁ
3145 4908 3285 4961 ἐπτά
3317 4907 3574 4980 ἀριθμός.
3615 4908 3814 4963 litanias-

2272 4994 2354 5059 ζει
2376 4995 2485 5067 γάρ
2512 4994 2677 5049 αὐτοῦ
2705 4994 2798 5048 καὶ
2819 4996 2847 5048 ὁ
2866 4994 3093 5060 θάνατος
3113 4995 3211 5068 τὴν
3236 4997 3328 5051 τοῦ
3352 4998 3559 5070 κόσμου
3586 5003 3815 5073 σωτηρίαν

2274 5086 2368 5139 καὶ
2402 5085 2546 5157 ζωὴν
2581 5086 2674 5140 καὶ
2706 5085 2806 5157 τὴν
2838 5086 2896 5138 ὲν
2938 5086 3117 5141 πίστει
3153 5092 3541 5160 προσαγωγὴν·
3578 5111 3597 5143 ι
3625 5086 3710 5156 Εἷς
3740 5094 3816 5160 γὰρ

2275 5177 2414 5247 ὑπὲρ
2437 5178 2655 5232 πάντων
2684 5176 2974 5243 ἀπέθανεν,
3007 5177 3093 5232 ἵνα
3116 5181 3165 5233 οἱ
3194 5178 3394 5247 ζῶντες
3423 5186 3622 5255 μηκέτι
3643 5185 3816 5244 ἑαυτοῖς

2274 5265 2458 5332 ζῶσιν,
2494 5266 2630 5321 ἀλλά
2654 5266 2734 5339 τῷ
2779 5269 2921 5341 ὑπὲρ
2973 5269 3153 5325 αὐτῶν
3193 5269 3521 5327 ἀποθανόντι
3562 5275 3647 5328 καὶ
3689 5277 3815 5344 i159-

2276 5358 2442 5424 θέντι,
2486 5378 2504 5410 ι
2543 5361 2684 5415 κατά
2711 5360 2811 5425 τὰς
2839 5362 3082 5434 Γραφάς.
3123 5365 3331 5419 Οὐκοῦν
3363 5365 3458 5420 τοῦ
3491 5368 3704 5423 θανάτου
3736 5369 3815 5437 τὴν

2275 5450 2503 5504 εὐωδίαν
2548 5451 2700 5523 δηλοῖ
2738 5451 2799 5506 τό
2837 5454 3231 5527 καταχρίεσθαι
3292 5455 3371 5529 τῷ
3404 5459 3591 5529 αἵματι
3630 5459 3683 5511 τὸ
3709 5475 3814 5528 χρι-

2277 5542 2404 5596 σοῦν
2436 5542 2818 5617 θυμιατήριον.
2862 5545 3132 5619 Ἐκχεῖται
3163 5548 3220 5602 δὲ
3252 5550 3349 5601 καὶ
3386 5549 3446 5604 τὸ
3476 5544 3611 5619 αἷμα
3640 5549 3693 5601 τὸ
3722 5548 3811 5599 λοι-

2278 5634 2377 5689 πὸν
2410 5638 2562 5709 παρά
2607 5637 2707 5709 τὴν
2752 5638 2911 5709 βάσιν
2943 5636 3037 5694 τοῦ
3069 5640 3456 5712 θυσιαστηρίου
3486 5642 3589 5695 τῶν
3626 5655 3808 5710 καρπω-

2448 5773 2469 5804 ²
2500 5774 2662 5831 Prov.
2694 5792 2763 5830 xx
2818 5775 2871 5831 5.
2981 5776 3001 5808 ³
3039 5775 3174 5832 Gen.
3210 5791 3282 5840 ir,
3307 5776 3362 5831 4.
3438 5778 3457 5809 ⁸
3487 5776 3586 5831 lsa.
3616 5790 3711 5841 un,
3739 5774 3801 5827 ll.
