4140 6508
261 376 366 435 689

1005 384 1094 438 DE
1136 385 1581 451 ADORA'HONE
1621 389 1687 445 ιΝ
1728 391 2001 451 SPWTU
2047 394 2135 450 ET
2176 392 2545 449 V'ERlTATE.
2591 392 2718 447 LlB.
2760 391 2827 445 Χ.

3428 396 3537 454 690

261 499 451 569 μάτων
481 497 538 550 ὲν
564 499 630 575 τῇ
667 496 859 569 πρώτῃ
888 500 1082 568 σκηνῇ·
1117 499 1214 553 καὶ
1241 499 1421 570 ψυχῆς
1447 501 1549 572 μὲν
1573 502 1654 566 είς
1678 502 1849 557 τύπον

1957 505 2203 573 reliquus
2244 502 2469 573 sanguis
2498 500 2566 555 ad
2600 499 2775 555 basim
2822 498 3014 553 altaris
3058 499 3449 557 sacriﬁciorum
3478 504 3535 558 in

257 593 320 649 τὸ
348 586 508 662 αἷμα.
540 590 766 646 Τέθεικε
794 591 852 645 δὲ
884 592 982 662 τὴν
1010 591 1186 663 ψυχὴν
1228 595 1261 647 6
1316 594 1692 665 Ἐμμανουήλ,
1744 596 1843 665 οὐχ

258 684 411 755 ὓκόρ
434 700 499 752 γε
534 683 702 755 μόνης
739 683 841 753 τῆς
875 682 934 748 ἐξ
974 682 1143 737 ἐθνῶν
1185 685 1540 756 Ἐκκλησίας,
1580 686 1717 741 ἀλλά
1750 687 1846 742 καὶ

257 778 405 847 ὑπὲρ
442 775 552 830 τῶν
590 777 649 829 ὲν
678 775 862 846 νόμῳ,
891 776 1163 843 τουτέστι,
1203 777 1299 831 τοῦ
1337 779 1573 851 Ἰσραήλ,
1631 778 1847 832 ὲκλελυυ

256 868 523 941 τρώμεθα
575 867 687 938 γὰρ
735 867 813 937 τῷ
860 868 1054 938 αἵματι
1104 869 1198 922 τοῦ
1248 869 1487 941 Χριστοῦ
1548 869 1846 941 συλλήϐδην

259 961 529 1023 ἅπαντες,
550 958 814 1028 ’Ἑλληνίς
861 975 920 1015 τε
961 960 1058 1015 xui
1089 958 1356 1024 Ἰουδαῖοι,
1388 960 1481 1014 xui
1506 960 1846 1032 μαρτυρήσει

257 1051 443 1120 λέγων
470 1053 499 1104 6
526 1048 769 1113 Παῦλος·
805 1070 825 1103 ι
861 1050 933 1104 Ἢ
971 1050 1240 1107 Ἰουδαίων
1271 1052 1300 1104 6
1328 1051 1461 1115 Θεὸς
1496 1051 1690 1123 μόνον;
1727 1051 1848 1120 οὐχὶ

258 1144 321 1199 δὲ
361 1143 457 1198 xui
501 1141 710 1206 ὲθνῶνς
754 1142 840 1195 ναὶ
875 1142 968 1195 xui
996 1141 1194 1197 ὲθνῶν·
1228 1144 1387 1212 εῐπερ
1416 1137 1497 1207 εἷς
1532 1144 1561 1199 ὀ
1594 1141 1726 1207 Θεὸς
1746 1181 1761 1205 ,
1789 1141 1848 1205 ὃς

258 1233 548 1295 δικαιώσει
584 1222 883 1305 σιτεριτομὴν
922 1235 987 1287 ὲκ
1027 1232 1292 1297 πίστεως,
1342 1235 1435 1293 καὶ
1482 1234 1849 1306 ἀκροϐυστίαν

255 1327 353 1380 διά
386 1326 653 1390 πίστεως.
687 1345 709 1377 ι
746 1325 1155 1396 ’Υφαιρομάνων
1176 1325 1233 1379 δὲ
1252 1326 1347 1379 ἀπ’
1370 1325 1549 1383 αὐτῶν
1573 1326 1681 1380 τῶν
1704 1327 1850 1383 ἔντο-

260 1416 433 1477 σθίων
464 1415 563 1469 τοῦ
592 1416 794 1486 μόσχου
827 1416 921 1469 xui
958 1416 1377 1488 ἀναφερομένων
1411 1418 1491 1480 εἰς
1535 1417 1596 1472 τὸ
1623 1416 1848 1472 θυσιασ-

256 1510 479 1579 τήριον,
511 1508 618 1573 ἐξω
658 1509 756 1579 τῆς
783 1507 1136 1581 παρεμϐολῆς
1164 1507 1226 1561 τὸ
1264 1508 1546 1565 ἐπίλοιπον
1574 1508 1850 1573 καταπίμ-

259 1617 477 1670 πραται
517 1599 700 1671 σῶμα.
749 1600 908 1656 Ἐστι
950 1599 1060 1669 γὰρ
1100 1596 1264 1662 αὐτὸς
1302 1600 1365 1651 τὸ
1403 1596 1554 1669 θῦμα
1592 1598 1654 1653 τὸ
1685 1598 1849 1669 ἱερὸν,

258 1687 583 1753 εὐωδιάζων
608 1691 669 1742 ὲν
689 1688 934 1760 ἀρεταῖς,
959 1684 1034 1745 ὧν
1060 1688 1170 1747 εἶεν
1199 1694 1266 1748 ἂν
1294 1694 1456 1751 τύποι
1483 1696 1552 1750 τὰ
1577 1695 1847 1758 ὲντόσθια.

160 1785 170 1793 “
260 1780 363 1832 καὶ
390 1780 775 1850 κεκρυμμέναι
812 1782 978 1836 οἱονεί
1013 1800 1130 1846 πως
1158 1786 1216 1837 ὲν
1244 1786 1378 1856 ἡμῖν
1408 1786 1466 1839 αἱ
1498 1787 1727 1857 ἀρεταὶ,
1758 1787 1853 1841 καὶ

1951 596 2130 666 primo
2169 593 2560 658 tabernaculo;
2591 606 2655 647 ac
2681 590 2906 659 sanguis
2935 589 3157 659 quidem
3175 592 3369 646 animae
3398 592 3534 664 ﬁgu-

1954 703 2018 742 ra
2048 694 2154 742 est.
2191 686 2286 741 Ille
2315 698 2479 755 porro
2518 681 2841 738 Emmanuel
2877 696 2989 736 non
3025 697 3125 750 pro
3164 682 3279 736 sola
3305 698 3372 737 ex
3401 701 3535 755 gen-

1955 780 2103 837 tibus
2133 778 2380 834 Ecclesia
2425 776 2665 831 animam
2718 774 2922 844 posuit,
2967 774 3062 830 sed
3125 790 3224 844 pro
3265 775 3331 830 iis
3370 777 3537 833 etiam

1954 872 2049 941 qui
2084 870 2186 926 sub
2242 871 2361 940 lege
2407 875 2586 931 erant,
2630 866 2684 923 id
2727 873 2832 930 est,
2886 881 2987 935 pro
3020 866 3183 920 Israel
3223 883 3235 919 :
3269 867 3538 938 redempti

1954 964 2102 1023 enim
2138 978 2328 1019 sumus
2352 961 2559 1019 Christi
2591 958 2858 1029 sanguine
2881 958 3043 1013 simul
3070 973 3282 1023 omnes,
3307 961 3538 1030 gentiles

1955 1050 2122 1127 atque
2145 1055 2348 1120 Judzei,
2375 1056 2604 1126 ejusque
2645 1053 2725 1107 rei
2760 1051 2916 1109 testis
2935 1060 3019 1106 est
3045 1051 3266 1117 Paulus,
3294 1053 3485 1109 dicens
3518 1070 3533 1107 :

1964 1168 1983 1199 ι
2010 1152 2091 1211 An
2120 1147 2435 1205 Judaeorum
2482 1146 2628 1200 Deus
2660 1151 2743 1199 est
2773 1142 3027 1199 tantum?
3082 1158 3261 1197 nonne
3299 1152 3355 1198 et
3402 1160 3538 1215 gen-

1958 1239 2139 1301 tium?
2169 1239 2277 1293 imo
2319 1245 2374 1293 et
2402 1236 2648 1309 gentium
2690 1253 2702 1289 :
2742 1232 3014 1303 siquidem
3056 1249 3200 1295 unus
3246 1242 3332 1288 est
3371 1234 3536 1297 Deus,

1956 1333 2052 1405 qui
2083 1328 2406 1401 justiﬁcabit
2450 1326 2926 1385 circumcisionem
2957 1341 3025 1383 ex
3058 1324 3183 1389 ﬁde,
3240 1335 3296 1382 et
3325 1343 3543 1401 pra‘pu—

1960 1424 2098 1483 lium
2145 1440 2243 1493 per
2282 1422 2445 1481 tidem
2479 1422 2523 1475 °.
2553 1440 2569 1475 ι
2602 1419 2872 1475 Detractis
2914 1427 3097 1477 autem
3133 1418 3435 1475 interaneis
3462 1418 3543 1471 vi-

1959 1517 2083 1583 tuli,
2139 1525 2196 1571 et
2243 1516 2446 1571 oblatis
2480 1514 2548 1571 ad
2597 1514 2791 1574 altare,
2832 1511 3106 1589 reliquum
3134 1526 3336 1581 corpus
3386 1518 3542 1565 extra

1958 1618 2139 1666 castra
2161 1618 2474 1672 crematur;
2507 1606 2623 1681 ipse
2644 1603 2791 1659 enim
2825 1603 3004 1657 hostia
3038 1617 3191 1658 sacra
3213 1611 3298 1658 est
3326 1600 3547 1656 virtuti-

1960 1702 2065 1759 bus
2099 1700 2369 1771 fragrans,
2428 1712 2666 1770 quarum
2714 1696 2900 1767 ﬁgurae
2933 1703 3062 1749 sunt
3104 1693 3397 1750 interiores
3436 1692 3555 1747 illae

1959 1794 2206 1863 corporis
2254 1800 2438 1863 partes
2467 1808 2481 1844 :
2508 1797 2639 1845 sunt
2663 1790 2811 1844 enim
2856 1787 2913 1843 in
2948 1786 3107 1842 nobis
3138 1783 3545 1855 quodammodo

260 1875 347 1936 εἰς
380 1872 506 1926 νοῦν
537 1872 645 1927 ἔσω
680 1873 956 1944 κείμεναι·
988 1876 1151 1941 αὐτὸς
1184 1877 1279 1931 καί
1308 1879 1337 1931 6
1367 1879 1592 1949 πάσχων
1623 1877 1727 1945 ἔξω
1759 1880 1850 1949 τῆς

1958 1887 2162 1943 abdita:
2195 1885 2453 1948 virtutes,
2497 1891 2554 1937 et
2603 1883 2659 1939 in
2705 1881 2890 1937 animo
2926 1881 3150 1951 penitus
3203 1877 3541 1935 reconditae:

142 1958 151 1989 ⁵
259 1964 468 2036 πύλης,
492 1966 588 2019 καὶ
615 1964 691 2037 τῷ
718 1966 937 2037 θανάτῳ
957 1969 1058 2038 τῆς
1097 1965 1235 2032 ἰδίας
1275 1970 1475 2041 σαρκὸς
1507 1971 1856 2042 ἐκκαθαίρων

260 2056 399 2119 τοὺς
420 2055 892 2127 μεμολυσμένουςο
940 2078 957 2109 ι
994 2058 1293 2129 Δαμάλεως
1320 2060 1427 2132 γὰρ
1455 2063 1650 2126 σποδὸς
1680 2062 1856 2136 ῥαντί·

263 2147 437 2213 ζουσα
480 2147 607 2210 τοὺς
652 2148 1077 2219 κεκοινωμένους
1096 2190 1114 2215 ,
1134 2150 1376 2220 ἁγιάζει,
1401 2155 1556 2225 φησὶ,
1589 2155 1726 2227 πρὸς
1756 2154 1856 2225 τὴν

260 2236 368 2305 τῆς
410 2237 615 2308 σαρκὸς
658 2238 1029 2310 καθαρότητα.
1082 2261 1102 2294 ι
1153 2241 1363 2299 Οὐκοῦν
1396 2240 1477 2308 εἷς
1515 2245 1610 2298 καὶ
1637 2246 1665 2298 6
1693 2246 1856 2310 αὐτὸς

264 2327 531 2398 ὑπάρχων
560 2329 589 2380 6
626 2328 996 2401 Ἐμμανουήλ,
1023 2332 1116 2385 xui
1133 2333 1192 2386 ὲν
1212 2335 1332 2398 ταῖς
1353 2335 1541 2403 ἁγίαις
1570 2335 1855 2400 εὐωδιάζει

264 2421 517 2491 σκηναῖς,
549 2422 693 2491 φημὶ
721 2420 785 2492 δὴ
818 2424 941 2486 ταῖς
990 2423 1366 2493 Ἐκκλησίαις·
1401 2426 1637 2481 πέπονθε
1669 2427 1726 2483 δὲ
1760 2427 1855 2483 xui

262 2509 389 2576 ἐξω⁸
410 2512 509 2575 τῆς
544 2511 721 2583 πύλης
744 2528 758 2545 ο
784 2512 914 2567 ἔνθα
939 2516 1033 2569 καὶ
1059 2516 1205 2586 ἡμᾶς
1237 2516 1437 2581 ἐξιέναι
1463 2518 1575 2573 δεῖν
1600 2518 1692 2572 τὸν
1714 2522 1856 2575 όνει-

260 2599 460 2669 δισμὺν
509 2600 674 2655 αὑτοῦ
714 2601 1014 2675 φέροντας,
1060 2607 1088 2658 ό
1132 2604 1421 2671 θεσπέσιος
1469 2608 1572 2681 ἔφη
1620 2608 1853 2674 Παῦλος.

263 2691 616 2762 Προσάγεται
638 2692 695 2746 δὲ
710 2696 740 2747 6
765 2694 963 2767 μόσχος
990 2697 1085 2749 xui
1105 2698 1245 2769 ὑπὲρ
1266 2698 1374 2752 τῶν
1393 2699 1485 2753 τοῦ
1508 2699 1636 2755 λαοῦ
1657 2702 1855 2773 ἀγνοη-

264 2784 478 2853 μάτων,
509 2787 568 2838 ὲν
594 2787 697 2857 ἴσῳ
739 2804 801 2841 τε
844 2788 939 2841 καὶ
971 2788 1406 2861 ἀπαραλλάκτως
1426 2805 1444 2824 °
1478 2791 1573 2846 καὶ
1602 2790 1756 2860 λόγος
1787 2787 1857 2861 ἦν

260 2874 368 2945 τῆς
398 2874 591 2940 θυσίας
628 2878 687 2930 ὲν
728 2876 930 2933 ἅπασιν
962 2880 991 2932 6
1021 2878 1205 2942 αὐτός.
1253 2880 1341 2935 Ἐν
1374 2879 1473 2951 ἴσῳ
1516 2880 1627 2952 γὰρ
1667 2882 1856 2954 τρόπῳ

264 2967 709 3037 προσκεκόμικεν
730 2969 920 3022 ἑαυτὸν
942 2970 1081 3043 ὑπέρ
1107 2988 1168 3024 τε
1201 2971 1413 3043 μικρῶν
1445 2974 1544 3026 καὶ
1576 2974 1852 3043 μεγάλων,

262 3057 399 3111 λαοῦ
421 3076 481 3113 τε
510 3059 604 3112 καὶ
639 3060 833 3131 ἱερέων
869 3063 898 3116 6
943 3060 1312 3135 Ἐμμανουήλ.
1362 3065 1435 3117 Ἦ
1466 3065 1568 3118 οὐκ
1600 3065 1800 3137 ἀληθὲς
1829 3067 1855 3120 ό

263 3166 413 3221 φημι
431 3168 447 3217 ἶ

340 3264 548 3322 ΠᾹΛΛ.
584 3263 711 3328 Πῶς
737 3264 849 3336 γάρ
881 3264 942 3319 οὒ
968 3282 984 3329 ;

337 3355 505 3410 ΚΥΡ.
537 3355 724 3410 Βούλει
752 3356 817 3427 δὴ
854 3351 947 3410 οὖν
972 3355 1163 3427 ὥσπερ
1190 3357 1379 3413 ἀνόπιν
1407 3358 1500 3412 τὸν
1528 3358 1687 3426 λόγον
1714 3359 1849 3415 tivu-

264 3444 651 3519 ᾰειράζοντες,
680 3448 815 3531 πρὸς
861 3448 930 3503 τὰ
965 3447 1058 3503 ἐπὶ
1092 3451 1159 3522 τῇ
1192 3452 1365 3522 σκηνῇ
1401 3450 1717 3522 διηγήματα
1753 3468 1853 3521 με·

261 3538 691 3611 τατρεπὼμεθα.

339 3633 551 3687 ΙΙΑΛΛ.
583 3632 695 3686 Καὶ
724 3633 889 3704 μάλα.

339 3748 505 3802 ΚΥΡ.
564 3749 1127 3825 Συμπεπερασμὲνων
1171 3748 1461 3822 τοιγαροῦν
1512 3751 1627 3805 τῶν
1675 3750 1852 3822 ἔργων

261 3842 545 3907 ἀπάντων,
574 3842 668 3896 xui
692 3843 751 3896 ὲν
773 3841 925 3906 τόπῳ
942 3841 1018 3913 τῷ
1045 3843 1260 3913 ἑκάστῳ
1282 3842 1723 3913 πρεπωδεστάτῳ
1744 3842 1852 3895 τῶν

260 3931 431 4003 ιερῶν
449 3932 659 3984 σκευῶν
684 3927 743 3985 εὖ
768 3930 913 4002 μάλα
936 3931 1377 4002 συντεθειμένων,
1405 3931 1729 4001 ἀγιάζεσθαι
1741 3931 1851 3986 δεῖν

259 4023 407 4078 αὐτά
429 4040 488 4075 τε
530 4025 621 4077 xui
649 4027 748 4095 τὴν
780 4025 986 4095 σκηνὴν
1019 4023 1271 4078 διετύπου
1301 4023 1433 4087 Θεὸς
1453 4064 1468 4088 ,
1498 4023 1643 4077 οὕτω
1672 4023 1849 4092 λέγων

256 4115 343 4185 τῷ
372 4114 646 4188 θεσπεσίῳ
696 4117 892 4186 Μωσῇ·
931 4135 951 4166 ι
988 4117 1097 4170 Καὶ
1129 4114 1278 4187 λήψῃ
1306 4115 1367 4169 τὸ
1398 4115 1574 4169 ελαιον
1601 4114 1697 4169 τοῦ
1732 4115 1852 4186 χρί⁴

262 4224 495 4277 σματος,
549 4207 643 4261 καὶ
684 4206 897 4279 χρίσεις
940 4205 1039 4278 τὴν
1071 4206 1303 4279 σκηνὴν,
1338 4207 1433 4260 xui
1465 4207 1641 4261 πάντα
1670 4206 1740 4260 τά
1791 4207 1851 4259 ὲν

259 4300 426 4370 αὐτῇ,
446 4300 540 4352 καὶ
573 4300 819 4368 ἀγιάσεις
842 4298 1030 4370 αὐτὴν,
1053 4300 1146 4353 xui
1166 4299 1342 4353 πάντα
1359 4300 1428 4352 τά
1455 4298 1625 4368 σκεύη
1654 4298 1847 4369 αὐτῆς,

261 4391 361 4445 καὶ
405 4390 559 4443 ἔσται
614 4391 765 4459 ἅγια.
803 4391 913 4444 Καὶ
963 4390 1174 4462 χρίσεις
1212 4391 1271 4443 τὸ
1318 4391 1707 4461 θυσιαστήριον
1740 4388 1849 4443 τῶν

259 4482 678 4552 καρπωμάτων,
737 4484 831 4535 xui
874 4482 1051 4536 πάντα
1097 4481 1166 4535 τά
1200 4483 1262 4533 ἐν
1308 4480 1456 4551 αὐτῷ
1510 4480 1701 4551 σκεύη,
1753 4481 1848 4535 καὶ

1879 3215 1926 3277 C

1958 1979 2075 2049 ipse
2102 1978 2267 2039 idem,
2302 1977 2398 2049 qui
2428 1984 2585 2031 extra
2611 1985 2827 2047 portam
2861 1973 3088 2045 patitur,
3122 1982 3179 2028 et
3211 1972 3392 2029 carnis
3431 1985 3544 2025 suae

1958 2078 2134 2125 morte
2160 2080 2358 2142 purgat
2379 2068 2699 2138 inquinatos
2734 2085 2746 2120 :
2793 2086 2810 2118 ι
2854 2066 3053 2122 Vitula:
3086 2064 3236 2121 enim
3271 2063 3413 2118 cinis
3449 2076 3540 2117 as-

1956 2179 2170 2233 persus,
2189 2164 2298 2227 ait,
2320 2163 2641 2234 inquinatos
2668 2159 2976 2215 sanctiﬁcat
3001 2158 3070 2217 ad
3090 2155 3545 2213 emundationem

1956 2252 2199 2308 carnis".
2231 2272 2249 2303 ι
2283 2253 2433 2307 Unus
2458 2252 2626 2322 igitur
2654 2250 2911 2321 idemque
2939 2265 3064 2305 cum
3098 2249 3171 2304 sit
3194 2246 3545 2309 Emmanuel,

1955 2352 2013 2401 et
2040 2344 2098 2400 in
2126 2343 2297 2399 sacris
2327 2342 2718 2406 tabernaculis,
2758 2341 2813 2394 in
2837 2339 3119 2403 Ecclesiis,
3154 2338 3400 2407 inquam,
3420 2350 3545 2390 sua-

1956 2434 2145 2489 vitatis
2165 2433 2394 2488 odorem
2428 2432 2559 2487 dum
2595 2430 2913 2487 incenditur
2938 2429 3137 2499 spirat,
3157 2436 3213 2484 et
3235 2435 3388 2482 extra
3412 2439 3542 2495 por-

1958 2533 2069 2583 tam
2097 2540 2293 2596 passus
2324 2531 2441 2588 est,
2478 2539 2589 2594 quo
2624 2522 2787 2577 nobis
2816 2537 3036 2594 quoque
3062 2519 3381 2577 exeundum
3422 2530 3545 2572 esse

1957 2616 2353 2689 improperium
2375 2617 2499 2687 ejus
2525 2614 2897 2685 portantibus,
2937 2614 3133 2669 beatus
3163 2610 3366 2668 Paulus
3391 2608 3468 2664 ait
3500 2608 3543 2663 ⁸.

1954 2708 2199 2765 Oﬁ'ertur
2237 2708 2403 2765 etiam
2447 2707 2703 2763 similiter
2755 2706 3064 2777 eodemque
3110 2703 3275 2760 modo
3336 2700 3548 2761 vitulus

1956 2816 2058 2872 pro
2080 2800 2267 2871 populi
2297 2799 2645 2872 ignorantiis,
2665 2798 2859 2854 eadem
2885 2815 2983 2869 per
3007 2797 3192 2854 omnia
3217 2797 3431 2857 ratione
3454 2809 3545 2849 sa-

1956 2893 2151 2950 criﬁcii
2184 2901 2422 2951 servata.
2474 2892 2612 2947 Nam
2658 2892 2901 2962 seipsum
2950 2892 3042 2947 illo
3087 2889 3409 2947 Emmanuel
3441 2901 3549 2957 pro

1958 2986 2219 3041 tenuibus
2237 3000 2393 3055 aeque
2441 2999 2506 3039 ac
2533 2998 2634 3055 pro
2658 2984 2871 3055 magnis
2900 2999 3033 3054 :pro
3067 2982 3271 3053 populo
3301 2994 3456 3049 atque
3478 2994 3548 3033 ac

1956 3087 2057 3143 pro
2090 3068 2471 3128 sacerdotibus
2501 3073 2721 3128 obtulit.
2769 3073 2850 3127 An
2895 3088 3030 3127 vero
3067 3087 3179 3128 non
3219 3084 3414 3126 verum
3460 3074 3557 3123 est

1957 3165 2104 3235 quod
2128 3164 2242 3219 dixi
2265 3166 2289 3218 ?

2031 3295 2229 3351 PALL.
2260 3296 2467 3351 Verum
2492 3312 2653 3351 sane-

2025 3386 2182 3443 ΟΥΕ.
2211 3388 2378 3443 Visne
2404 3387 2591 3458 igitur,
2630 3395 2689 3441 ut
2712 3386 2867 3456 quasi
2894 3396 3313 3457 retorqueamus
3333 3385 3539 3443 oratio-

1936 3494 2102 3544 ‘nem,
2128 3489 2183 3535 et
2207 3480 2277 3535 ad
2328 3497 2392 3535 ea
2424 3495 2545 3550 quso
2565 3480 2631 3533 ad
2665 3480 3076 3536 tabernaculum
3097 3479 3394 3550 pertinent,
3415 3494 3559 3536 nat»,

1960 3573 2131 3627 randa
2163 3573 2559 3628 deflectamus?

2022 3663 2185 3733 352
2208 3663 2405 3718 PALL.
2428 3664 2662 3719 Maxime
2692 3680 2843 3719 vero.

2023 3752 2182 3807 ΟΥΕ.
2210 3751 2479 3808 Omnibus
2516 3754 2785 3825 cperibus
2812 3754 3066 3827 expletis,
3090 3754 3345 3825 vasisque
3373 3755 3571 3811 sacris.

1954 3856 2055 3896 suo
2085 3842 2353 3912 cuiusque
2400 3842 2526 3897 loco
2552 3842 2858 3913 dispositis,
2912 3844 3172 3914 pmcepit
3198 3844 3364 3908 Deus,
3392 3852 3455 3898 ut
3488 3854 3550 3901 et

1955 3933 2047 3988 illa
2085 3941 2142 3989 et
2176 3934 2588 3989 tabernaculum
2614 3935 3055 3990 sanctiﬂcaretur
3099 3952 3112 3987 :
3157 3935 3342 4005 itaque
3379 3936 3543 3990 beato

1956 4025 2128 4097 Moysi
2146 4025 2283 4080 dixit
2318 4043 2331 4079 :
2362 4046 2380 4076 ι
2407 4026 2477 4081 Et
2497 4027 3263 4097 accipiesoleum-unctionis,
3295 4038 3352 4083 et
3374 4044 3550 4099 unges

1954 4117 2372 4171 tabernaculum
2397 4126 2453 4172 et
2484 4116 2667 4171 omnia
2691 4134 2812 4186 quze
2840 4117 2897 4171 in
2930 4132 2998 4172 eo
3045 4124 3195 4180 sunt,
3219 4126 3277 4171 et
3298 4116 3543 4173 sanctiﬁ-

1950 4207 2104 4263 cabis
2134 4206 2294 4272 illud,
2333 4212 2390 4261 et
2412 4206 2597 4261 omnia
2623 4222 2755 4260 vasa
2788 4206 2931 4277 ejus,
2958 4213 3014 4260 et
3037 4213 3203 4260 erunt
3243 4214 3449 4260 sancta.
3476 4205 3544 4260 Et

1952 4314 2126 4370 unges
2152 4298 2327 4353 altare
2357 4297 2777 4359 sacriﬁciorum,
2824 4304 2881 4350 et
2913 4296 3097 4350 omnia
3127 4311 3275 4360 vasa,
3316 4303 3373 4353 et
3413 4311 3540 4352 san-

1950 4392 2220 4448 ctiﬁcabis
2234 4392 2427 4455 altare,
2445 4401 2501 4445 et
2523 4390 2629 4444 erit
2644 4390 2815 4444 altare
2844 4388 3109 4445 Sanctum
3122 4397 3438 4445 sanctorum
3461 4391 3500 4443 '.
3515 4408 3551 4439 t,

1950 4482 2117 4537 Vides
2143 4481 2310 4553 igitur
2331 4481 2453 4535 oleo
2478 4486 2668 4534 sancto
2696 4480 3145 4551 arcamperungi
3179 4495 3244 4535 ac
3269 4495 3538 4544 mensam,

259 4573 517 4642 ἀγιάσεις
568 4573 628 4627 τὸ
655 4573 1059 4645 θυσιαστήριον,
1095 4572 1188 4625 xui.
1230 4570 1386 4624 ἔσται
1442 4570 1505 4623 τδ
1556 4569 1846 4643 θυσιαστή-

1954 4573 2342 4630 candelabrum
2368 4580 2655 4641 praeterea,
2683 4579 2740 4626 et
2763 4572 2934 4627 altare
2969 4587 3190 4643 quoque
3210 4573 3421 4629 incensi
3438 4589 3538 4628 au-

259 4685 385 4741 ριον
431 4668 622 4735 Ἀγιον
677 4666 868 4735 ἁγίων.
916 4685 934 4716 ι
983 4665 1178 4735 Ἐλαίῳ
1211 4665 1273 4736 δὴ
1313 4659 1408 4719 οῦν
1434 4662 1515 4735 τῷ
1560 4662 1704 4733 ἁγίῳ
1751 4680 1852 4718 xu-

254 4748 664 4841 ταχριοιῆμένην
717 4760 851 4831 ὁρᾷς
919 4760 1019 4830 τήν
1090 4775 1149 4811 τε
1208 4756 1460 4823 κισωτὺν,
1507 4757 1603 4811 xui.
1668 4756 1852 4828 μέντοι

1956 4678 2147 4728 reum;
2175 4662 2328 4733 atqui
2353 4661 2441 4717 bis
2479 4662 2739 4718 omnibus
2760 4662 2913 4717 illum
2944 4663 3269 4723 Emmanuel
3293 4664 3560 4736 ﬁguram-

1959 4757 2149 4811 multis
2178 4756 2289 4825 jam
2314 4754 2502 4810 verbis
2528 4754 2862 4813 declaratum
2888 4766 3012 4814 est...

278 4859 381 4926 τὴν
434 4854 715 4926 τράπεζαν
744 4895 759 4918 ,
820 4856 916 4908 xui
964 4854 1063 4926 τὴν
1106 4853 1326 4924 λυχνίαν
1389 4853 1477 4906 ἐπ’
1525 4854 1700 4924 αὐτῇ,
1752 4854 1848 4906 xui
1880 4853 1942 4906 τὸ
1983 4850 2218 4924 χρυσοῦν
2264 4850 2345 4904 ἔτι
2409 4850 2804 4923 θυμιατήριον·
2864 4851 2957 4906 καί
3011 4870 3095 4906 τοι
3164 4853 3273 4925 γὰρ
3322 4853 3537 4909 πάντων

260 4945 474 5017 μακρὸς
511 4946 645 5016 ἡμῖν
689 4945 1021 5015 διεσάφησεν
1064 4944 1165 5017 ἤδη
1198 4945 1355 5014 λόγος
1405 4944 1848 5017 ἀνατυπούμενον
1885 4944 1976 4998 τὸν
2022 4942 2391 5015 Ἐμμανουήλ.

333 5039 544 5091 nam.
584 5037 822 5107 Ἀληθές.

328 5129 497 5182 ΚΥΡ.
532 5128 695 5193 Σύνες
729 5129 792 5200 δὴ
823 5124 915 5183 οὗν
952 5130 1060 5201 ἄρα
1102 5131 1165 5183 τὸ
1196 5130 1285 5184 διὰ
1313 5132 1497 5202 φωνῆς
1522 5131 1615 5185 τοῦ
1645 5130 1808 5184 Δαόὶδ
1832 5169 1846 5194 ,

254 5220 335 5285 ὡς
365 5219 504 5291 πρὸς
530 5221 693 5275 αὐτὸν
733 5222 1092 5293 ὑμνούμενοψ
1128 5242 1148 5275 ι
1196 5224 1521 5295 Ἠγάπησας
1570 5222 1848 5276 δικαιοσύ-

254 5327 382 5379 νην,
417 5311 513 5364 xui
541 5312 812 5389 ἐμίσησας
837 5313 1071 5368 ἀδικίαν.
1097 5313 1197 5367 Διά
1216 5315 1375 5369 τοῦτο
1401 5314 1586 5386 ἔχρισέ
1608 5331 1668 5368 οε
1692 5312 1846 5378 Θεὸς,

252 5404 288 5455 6
310 5404 448 5468 Θεός
481 5421 600 5471 σου,
631 5404 811 5460 ἔλαιον
840 5406 1215 5475 ἀγαλλιάσεως
1246 5407 1397 5478 παρά
1416 5409 1543 5471 τοὺς
1578 5407 1842 5477 μετόχους

257 5510 379 5547 σου.
427 5514 445 5545 ι
480 5496 691 5566 Γράφει
726 5496 784 5550 δὲ
826 5498 922 5550 xui
943 5498 971 5551 6
999 5496 1242 5560 Παῦλος,
1273 5516 1297 5547 ο
1323 5497 1351 5550 ὃ
1379 5513 1438 5549 τε
1467 5495 1574 5567 γὰρ
1602 5493 1843 5562 ἁγιάζων

256 5582 357 5636 καὶ
387 5582 433 5634 οἱ
464 5583 851 5655 ἁγιαζόμενοι,
885 5586 945 5653 ἐξ
970 5586 1090 5648 ἑνὸς
1119 5588 1338 5651 πάντες.
1368 5606 1387 5637 ι
1424 5585 1622 5640 ’ἰστέον
1649 5584 1728 5647 δὲ,
1763 5585 1846 5637 ὅτι

261 5671 414 5725 κατὰ
444 5672 540 5727 τὸν
566 5674 886 5747 ἀμωμήτως
917 5675 1109 5748 ἔχοντα
1138 5676 1315 5747 λόγον,
1347 5675 1508 5740 αὐτὸς
1536 5675 1798 5745 ὑπάρχων
1820 5676 1848 5728 6

330 5783 539 5859 Ἶζοιη.
576 5805 655 5857 m,
684 5789 773 5859 29,
808 5791 895 5847 50.

256 5867 333 5916 rt,
359 5852 455 5913 1L

2014 5036 2211 5092 PALL.
2241 5037 2445 5093 Verum
2475 5043 2597 5093 εει..

2012 5126 2168 5183 CYR.
2202 5126 2448 5198 Intelligo
2470 5126 2639 5197 igitur
2671 5127 2827 5192 illud,
2851 5129 2999 5198 quod
3032 5129 3226 5195 David,
3273 5137 3537 5200 tanquam

1943 5218 2011 5273 ad
2040 5219 2190 5274 illum
2214 5234 2347 5273 voce
2377 5233 2663 5282 cmversa,
2683 5218 2997 5275 decantavit
3024 5239 3036 5273 :
3062 5240 3078 5273 ι
3099 5221 3346 5276 Dilexisti
3369 5221 3537 5292 justi-

1947 5312 2101 5376 tiam,
2147 5320 2205 5366 et
2253 5312 2419 5367 odisti
2471 5312 2856 5381 iniquitatem-
2910 5314 3207 5384 Propterea
3258 5315 3416 5370 unxit
3482 5322 3536 5370 te

1950 5403 2132 5466 Deus,
2185 5402 2331 5456 Deus
2389 5412 2557 5467 tuus,
2583 5401 2706 5456 oleo
2744 5401 2945 5457 laetitia:
3006 5418 3120 5473 pra
3187 5403 3537 5459 consortibus

1953 5495 2065 5549 tuis
2088 5494 2151 5547 ³⁸.
2191 5513 2209 5545 ι
2242 5493 2633 5549 Scribitetiam
2667 5494 2868 5549 Paulus
2894 5512 2962 5547 :i
2995 5493 3098 5562 Qui
3119 5495 3268 5551 enim
3296 5495 3535 5551 sanctiﬁ-

1952 5595 2059 5650 cat,
2094 5595 2151 5641 et
2199 5584 2631 5652 sanctiﬁcantur,
2664 5601 2731 5641 ex
2774 5601 2887 5641 uno
2937 5587 3209 5641 omnes“.
3240 5606 3258 5639 ι
3293 5586 3411 5641 Non
3449 5593 3547 5640 est!

1957 5686 2139 5731 autem
2203 5676 2563 5745 ignorantium
2623 5677 2770 5748 quod
2820 5693 2952 5733 sana
2992 5694 3235 5749 veraque
3279 5677 3547 5743 doctrina:

975 5794 993 5824 ⁷
1025 5792 1191 5849 llebr.
1227 5810 1309 5859 ix,
1344 5794 1427 5848 l3.
1506 5792 1527 5825 ⁸
1552 5792 1717 5849 Hebr.
1747 5809 1850 5859 xui,

1954 5794 1995 5848 ἱ..
2062 5795 2081 5826 ⁹
2116 5792 2287 5849 Exod.
2326 5809 2376 5857 κ,
2412 5792 2601 5849 25-29.
2687 5796 2727 5828 ⁸⁸
2762 5797 2904 5853 Psal.
2938 5814 3081 5863 xuv,
3113 5798 3189 5851 8.Δ
3247 5798 3286 5829 ¹¹
3320 5796 3509 5854 Hebri,
