4140 6522
677 407 775 465 6ί1

1665 403 1722 457 S.
1763 400 2037 457 CYRILLI
2077 396 2550 454 ALEXANDRINI
2592 395 2909 455 ARCHIEP.

3786 390 3883 453 Μ

678 520 892 584 s'uadct,
945 521 1119 591 ipsum
1163 519 1349 581 etiam,
1392 516 1485 590 qui
1533 523 1790 585 tanquam
1818 515 1962 569 Deus
2006 514 2262 568 omnibus

2363 515 2477 573 τοῖς
2506 512 2686 576 ἀλλοις
2719 512 2924 567 ἁπασιν
2955 509 3231 581 ἀγιασμοῦ
3262 510 3491 582 χορηγὸς
3522 512 3609 565 καὶ
3638 514 3871 589 συνδοτὴρ,

679 615 802 669 aliis
841 611 1329 668 sanctiﬁcationem
1368 608 1580 673 tribuit,
1608 617 1664 662 et
1688 622 1795 661 una
1836 620 1961 661 cum
1996 606 2153 663 Patre
2192 620 2255 659 ac

678 707 791 761 Deo
832 704 1083 774 largitur,
1132 702 1421 755 nobiscum
1466 707 1647 754 tamen
1680 714 1747 754 ex
1793 708 1988 752 natura
2018 698 2256 753 humana

680 795 1035 859 sanctiﬁcari,
1073 793 1298 863 haecque
1342 799 1426 846 est
1453 792 1566 855 illa,
1593 806 1716 861 qua:
1761 789 1964 844 dicitur
2013 789 2259 845 exinani-

683 890 760 943 tio
786 890 848 940 ".
883 887 1017 941 Nam
1040 886 1134 957 qui
1166 884 1469 939 secundum
1489 892 1740 937 naturam
1778 892 2000 937 sanctus
2028 890 2133 946 est,
2176 890 2259 937 ut-

680 989 808 1051 pote
848 979 942 1049 qui
985 978 1055 1033 sit
1076 978 1241 1038 Deus,
1268 976 1514 1046 indigere
1560 976 1671 1030 Deo
1698 975 2074 1030 sanctiﬁcante
2126 974 2263 1029 dici-

684 1086 775 1131 tur
798 1090 813 1139 ;
838 1072 1001 1143 idque
1023 1072 1099 1126 ait
1119 1070 1313 1125 beatus
1340 1070 1534 1123 Petrus
1565 1086 1577 1121 :
1620 1088 1637 1119 ι
1664 1068 1849 1124 Jesum
1875 1085 1905 1122 a
1930 1068 2169 1122 Nazaret
2201 1076 2263 1123 ut

682 1162 903 1219 unxerit
931 1179 1059 1219 eum
1086 1163 1231 1217 Deus
1271 1160 1479 1231 Spiritu
1517 1169 1706 1215 sancto
1735 1160 1797 1213 “'.
1832 1180 1849 1211 ι
1896 1160 2058 1216 Cadit
2097 1160 2265 1231 igitur

683 1256 739 1309 in
761 1256 1053 1310 humanam
1084 1254 1202 1326 ejus
1223 1260 1478 1308 naturam
1505 1253 1711 1319 unctio,
1731 1264 1783 1308 et
1817 1255 1872 1307 in
1899 1254 2019 1324 ejus
2040 1268 2262 1308 carnem

684 1346 1066 1412 sanctiﬁcatio,
1094 1362 1215 1416 quae
1250 1361 1359 1401 non
1388 1356 1579 1416 suapte
1608 1356 1803 1400 natura
1830 1354 2015 1401 sancta
2039 1354 2141 1410 est,
2170 1345 2266 1401 sed

686 1446 943 1508 tanquam
964 1454 1030 1495 ex
1062 1438 1480 1511 participatione
1508 1438 1728 1509 divina;
1756 1454 1881 1492 nam
1927 1437 2267 1494 extrinsecus

688 1527 743 1581 in
767 1536 1049 1582 creaturas
1066 1528 1288 1584 advenit
1331 1526 1711 1591 sanctiﬁcatio,
1756 1538 1813 1583 et
1853 1527 2209 1583 adventitiam
2237 1543 2267 1582 a

686 1618 800 1673 Deo
822 1620 1051 1689 gratiam
1080 1629 1509 1690 consequuntur.
1551 1619 1784 1691 Ungitur
1816 1619 1981 1675 etiam
2010 1636 2117 1674 una
2142 1635 2268 1674 cum

689 1711 902 1767 creteris
934 1712 1079 1767 illius
1119 1704 1308 1783 legalis
1330 1712 1511 1767 cultus
1535 1711 1725 1767 altare.
1761 1712 1958 1767 Sancta
1992 1722 2077 1766 est
2119 1713 2269 1767 enim

689 1800 795 1865 lex,
822 1816 946 1855 cum
962 1801 1031 1856 ad
1052 1802 1383 1873 agnitionem
1411 1804 1551 1875 ejus,
1576 1803 1671 1873 qui
1690 1803 1994 1859 secundum
2018 1813 2271 1863 naturam

690 1893 835 1949 Deus
858 1902 959 1959 cst,
994 1905 1173 1961 vocet,
1226 1907 1280 1952 et
1329 1896 1384 1951 in
1410 1882 1761 1951 audientium
1811 1897 2008 1951 animis
2050 1895 2275 1967 iustitiae

687 1987 1054 2057 cognitionem
1073 1988 1291 2055 inferat,
1323 1999 1379 2044 et
1406 2004 1520 2055 eos,
1551 2004 1689 2059 quos
1709 1988 1963 2052 instituit,
1986 1988 2053 2043 ad
2084 1987 2275 2057 probi-

688 2079 817 2134 tatis
868 2080 1023 2145 initia
1071 2083 1335 2153 perducat
1364 2099 1376 2135 :
1418 2102 1435 2133 ι
1468 2081 1690 2137 Initium
1713 2082 1858 2136 enim
1882 2123 1895 2145 ,
1944 2082 2141 2151 inquit,
2176 2082 2276 2137 via!

691 2170 869 2234 home,
907 2180 991 2225 est
1046 2171 1225 2243 facere
1246 2172 1394 2242 justa
1422 2171 1484 2224 ¹⁸.
1529 2190 1546 2222 ι
1595 2170 1799 2226 Scribit
1823 2172 1988 2227 etiam
2031 2172 2277 2241 profecto

691 2264 895 2318 Paulus
926 2282 936 2316 :
990 2283 1007 2315 ι
1036 2264 1225 2333 Itaque
1249 2263 1334 2319 lex
1362 2262 1586 2333 quidem
1625 2275 1833 2329 sancta,
1860 2272 1917 2318 et
1960 2264 2274 2319 mandatum

693 2362 964 2420 sanctum,
1023 2366 1079 2409 et
1120 2356 1330 2424 justum
1372 2365 1431 2410 et
1482 2355 1686 2409 bonum
1715 2355 1777 2408 '5.
1822 2376 1839 2407 ι
1875 2356 2046 2410 Porro
2090 2366 2276 2411 sancta

694 2454 1007 2509 sanctorum
1030 2454 1113 2501 cst
1139 2446 1246 2510 lex,
1272 2462 1383 2500 non
1422 2461 1487 2500 ex
1509 2462 1575 2501 eo
1599 2446 1742 2516 quod
1770 2446 1961 2501 umbra
1991 2456 2094 2510 est,
2117 2446 2277 2519 353

692 2534 789 2586 sed
814 2532 981 2602 quod,
1012 2535 1055 2588 si
1082 2533 1148 2587 ad
1164 2534 1507 2603 spiritualcm
1542 2535 2058 2603 contemplationem
2097 2547 2276 2592 trans.-

692 2624 925 2687 feratur,
975 2624 1078 2679 illa:
1136 2625 1255 2695 ejus
1312 2624 1499 2696 ﬁgurae
1536 2625 1696 2679 nobis
1732 2624 2009 2680 Christum
2041 2627 2278 2681 clamare

694 2717 1009 2783 videantur,
1044 2718 1137 2789 qui
1187 2733 1323 2773 vere
1375 2716 1609 2772 Sanctus
1642 2727 1957 2772 sanctorum
1998 2728 2102 2783 est,
2154 2734 2277 2773 cum

696 2809 1000 2866 Sanctiﬁcet
1041 2818 1298 2881 tanquam
1343 2811 1525 2875 Deus,
1576 2819 1631 2865 et
1674 2826 1787 2871 eos,
1819 2811 1912 2880 qui
1968 2826 2066 2881 per
2117 2809 2278 2865 ﬁdem

692 2896 826 2955 l’aeti
858 2909 985 2956 sunt
1008 2902 1129 2972 ejus
1151 2902 1465 2973 participes,
1502 2916 1603 2957 suo
1644 2902 1841 2971 spiritu
1886 2900 2131 2972 inungat.
2161 2902 2279 2956 Jam

694 2984 828 3049 vero
848 3010 1002 3050 sacro
1030 2994 1386 3050 tabernaculo
1428 3003 1635 3057 erecto,
1667 3003 1832 3063 atque
1878 2992 2041 3047 etiam
2094 3001 2281 3048 sancto

692 3088 824 3140 'olco
848 3098 1135 3156 peruncto,
1164 3087 1414 3141 dicamus
1437 3087 1583 3157 quod
1607 3087 1875 3157 sequitur,
1906 3085 1950 3140 si
1976 3086 2172 3154 placet.

778 3180 973 3234 PALL.
1011 3180 1153 3235 Sane
1178 3195 1329 3234 vero.

781 3260 937 3326 CYR.
999 3272 1087 3328 Sic
1151 3272 1337 3342 itaque
1380 3273 1647 3342 scriptum
1700 3281 1824 3333 est:
1870 3291 1887 3322 ι
1946 3272 2014 3327 Et
2062 3270 2294 3341 perfecit

706 3362 921 3433 Moyses
945 3364 1132 3421 omnia
1162 3377 1353 3433 Opera,
1394 3372 1451 3418 et
1482 3361 1704 3433 operuit
1740 3363 1920 3418 nubes
1962 3362 2292 3417 tabernacu-

700 3452 819 3508 lum
854 3453 1177 3519 testimonii,
1200 3461 1255 3508 et
1274 3453 1446 3523 gloria
1464 3454 1680 3515 Domini
1703 3454 1986 3523 impletum
2004 3460 2089 3507 est
2112 3454 2295 3508 taber-

701 3543 983 3598 naculum.
1007 3544 1075 3597 Et
1097 3559 1205 3598 non
1230 3544 1631 3615 potuitMoyses
1654 3543 1865 3614 ingredi
1891 3544 1943 3597 in
1974 3543 2297 3601 tabernacu-

702 3635 816 3687 lum
834 3634 1153 3697 testimonii,
1168 3636 1295 3704 quia
1311 3635 1737 3701 obumbraverat
1754 3634 1885 3688 illud
1904 3635 2097 3699 nubes,
2116 3644 2173 3689 et
2186 3637 2300 3705 glo-

702 3725 787 3779 ria
805 3725 1021 3780 Domini
1045 3728 1331 3797 impletum
1344 3737 1464 3783 erat
1482 3726 1917 3786 tabernaculum.
1935 3726 2298 3793 Quotiescun-

707 3833 815 3886 que
849 3826 1034 3873 autem
1071 3820 1391 3877 elevabatur
1430 3838 1459 3877 a
1486 3825 1861 3889 tabernaculo,
1897 3836 2075 3895 castra
2115 3842 2297 3887 move-

708 3914 841 3967 bant
862 3916 954 3971 lilii
981 3915 1146 3969 Israel
1173 3930 1297 3969 cum
1324 3915 1538 3969 sarcina
1570 3931 1699 3981 sua;
1734 3918 1877 3987 quod
1902 3918 1946 3972 si
1972 3935 2080 3974 non
2108 3918 2300 3974 fuisset

678 4012 921 4065 .rlevata
946 4010 1145 4072 nubes,
1195 4022 1305 4063 non
1335 4009 1628 4064 movebant
1653 4020 1829 4068 castra
1855 4027 2030 4082 usque
2051 4011 2107 4067 in
2128 4012 2296 4076 diem,

711 4121 821 4174 quo
869 4104 1180 4161 elevaretur
1238 4103 1463 4168 nubes;
1516 4102 1692 4159 nubes
1753 4104 1899 4158 enim
1959 4113 2080 4159 erat
2132 4120 2299 4173 super

714 4196 807 4251 illo
835 4213 932 4267 per
952 4196 1100 4251 diem
1133 4205 1189 4251 et
1217 4195 1359 4265 ignis
1387 4210 1485 4265 per
1523 4203 1739 4249 noctem
1779 4195 1833 4248 in
1869 4207 2164 4265 conspectu
2214 4203 2297 4249 to-

712 4292 822 4344 tius
848 4290 1013 4345 Israel
1053 4290 1108 4343 in
1162 4288 1420 4343 omnibus
1471 4288 1907 4359 profectionibus
1933 4304 2123 4342 eorum
2170 4290 2232 4341 ¹⁶.
2268 4308 2285 4339 ι

714 4382 1059 4437 Manifestato
1108 4397 1345 4450 namque
1406 4381 1458 4439 in
1503 4382 1637 4435 orbe
1677 4389 1946 4435 terrarum
1984 4389 2174 4434 sancto
2206 4380 2298 4433 illo

713 4490 776 4527 ac
808 4473 1020 4527 veriore
1043 4471 1418 4534 tabernaculo,
1452 4470 1506 4524 id
1537 4482 1641 4531 est,
1678 4470 1765 4523 illa
1798 4486 1864 4526 ex
1894 4469 2151 4539 gentibus
2185 4468 2289 4524 Ec-

2357 604 2434 669 ὼς
2468 605 2623 670 Θεὸς,
2657 605 2737 675 τῷ
2773 603 2894 675 Θεῷ
2931 604 3022 658 καὶ
3068 603 3264 674 Πατρὶ,
3316 604 3431 673 μεθ’
3464 605 3613 675 ήμῶν
3642 586 3873 675 ἁγιάζεται
3932 586 3951 606 ’

2358 696 2501 751 κατὰ
2543 698 2606 752 τὸ
2658 696 2992 769 ἀνθρώπινον
3018 711 3033 726 ⁸
3068 698 3160 750 καὶ
3207 696 3361 749 τοῦτό
3395 698 3539 749 ἐστιν
3578 698 3609 767 ή
3649 698 3873 773 λεγομένη

2342 789 2611 871 κένωσις.
2661 790 2718 843 '0
2744 790 2854 861 γὰρ
2883 788 3037 858 ἁγιος
3082 787 3225 843 κατὰ
3256 788 3417 857 φύσιν
3453 788 3525 852 ὡς
3548 789 3670 852 Θεὸς
3691 832 3706 856 ,
3730 792 3878 861 δεδεῆ-

2362 885 2486 940 σθαι
2517 883 2734 954 λέγεται
2761 883 2855 938 τοῦ
2885 882 3207 952 ἁγιὰζοντος
3234 881 3371 935 Θεοῦ
3396 898 3409 911 ·
3470 882 3559 935 καὶ
3585 880 3726 935 τοῦτό
3750 900 3877 953 φησιν

2361 979 2391 1033 6
2433 979 2702 1050 μακάριος
2743 977 2983 1048 Πέτροςο
3039 996 3058 1028 ι
3097 975 3215 1030 ἰνα
3246 975 3337 1029 τὸν
3386 975 3492 1030 ἀπὸ
3538 975 3796 1048 Ναζαρὲτ,
3822 979 3878 1040 ὡς

2364 1072 2582 1144 ἔχρισεν
2610 1070 2772 1126 αὐτὸν
2792 1072 2821 1124 6
2845 1069 2977 1134 Θεὸς
3009 1069 3291 1140 Πνεῦματι
3319 1068 3477 1139 ἁγίῳ.
3516 1086 3535 1119 ι
3568 1068 3755 1122 Οὐκοῦν
3778 1071 3878 1141 περὶ

2364 1164 2424 1217 τὸ
2454 1161 2793 1234 ἀνθρώπινον
2819 1163 2853 1232 ή
2876 1160 3079 1233 χρίσις,
3111 1159 3206 1213 καὶ
3239 1161 3338 1230 τῆς
3368 1158 3564 1230 σαρκὸς
3589 1160 3616 1212 6
3641 1159 3880 1228 ἁγιασμὸς,

2366 1256 2464 1326 τῆς
2489 1255 2549 1308 οὐ
2571 1253 2712 1308 κατά
2738 1253 2900 1322 φύσιν
2930 1252 3112 1321 ἁγίας,
3144 1251 3257 1305 ἀλλ’
3286 1251 3363 1314 ὡς
3378 1252 3436 1303 ὲν
3460 1250 3661 1319 μεθέξει
3684 1255 3742 1322 τῇ
3767 1255 3882 1323 napi

2369 1346 2533 1402 Θεοῦο
2568 1345 2804 1418 θύραθεν
2833 1343 2945 1415 γὰρ
2971 1345 3085 1407 τοῖς
3124 1343 3420 1411 κτίσμασιν
3452 1343 3480 1395 6
3504 1342 3752 1412 ἁγιασμὸς
3772 1383 3785 1407 ,
3810 1347 3881 1397 καὶ

2369 1440 2697 1511 είσποιητῶς
2741 1438 2891 1509 παρὰ
2942 1436 3079 1491 Θεοῦ
3130 1435 3561 1489 καταπλουτοῦσι
3609 1435 3699 1506 τήν
3741 1438 3881 1509 χάριν.

2370 1536 2599 1607 Χρίεται
2624 1532 2683 1585 δὲ
2710 1534 2823 1595 τοϊς
2858 1530 3040 1594 ἄλλοις
3066 1528 3225 1599 ὁμοῦ,
3254 1527 3350 1583 καὶ
3381 1527 3479 1598 τῆς
3502 1528 3636 1581 κατὰ
3660 1528 3799 1598 νόμον
3818 1529 3885 1581 λιιι

2370 1626 2557 1698 τρείας
2604 1625 2664 1679 τὸ
2698 1624 3103 1694 θυσιαστήριον.
3138 1622 3332 1690 ’Ἄγιος
3376 1620 3484 1692 γὰρ
3532 1621 3622 1673 καὶ
3668 1620 3694 1672 6
3729 1619 3883 1690 νόμος,

2373 1718 2556 1773 καλῶν
2586 1718 2665 1781 είς
2698 1715 2992 1783 ἐπίγνωσιν
3030 1711 3125 1767 τοῦ
3164 1711 3309 1766 κατά
3348 1711 3507 1781 φύσιν
3539 1710 3695 1775 Θεοῦ,
3724 1714 3803 1764 καὶ
3828 1712 3885 1764 δι-

2375 1804 2673 1875 καιοσύνης
2728 1804 2936 1875 εῐδησιν
2982 1804 3095 1866 τοῖς
3144 1801 3520 1873 ἀκροωμένοις
3556 1801 3776 1863 ἐντιθεὶς,
3816 1802 3885 1854 καὶ

2380 1899 2462 1962 είς
2478 1896 2653 1969 ἀρχὰς
2683 1896 3022 1966 ἁγαθότητος
3046 1894 3340 1966 ἀποφέρων
3361 1894 3489 1957 τοὺς
3510 1894 3881 1964 παιδευομένους·

2385 2009 2404 2041 ι
2456 1987 2624 2059 Ἀρχὴ
2683 1986 2812 2059 γὰρ,
2884 1986 3067 2057 φησὶν,
3120 1984 3243 2039 ὁδοῦ
3289 1983 3501 2054 ἀγαθῆς
3548 1985 3607 2037 τὸ
3660 1987 3805 2037 ποιεῖν
3834 1985 3887 2036 τὰ

2376 2080 2582 2134 δίκαια.
2628 2098 2647 2131 ι
2685 2078 2891 2147 Γράφει
2936 2077 2993 2130 δέ
3026 2094 3127 2130 που
3177 2076 3273 2130 καὶ
3320 2078 3349 2129 6
3384 2075 3654 2138 θεσπέσιος
3694 2075 3884 2139 Παῦλος,

2385 2193 2401 2223 ι
2445 2173 2609 2225 Ὥστε
2640 2173 2668 2225 6
2705 2170 2804 2242 μὲν
2837 2171 3003 2241 νόμος
3025 2169 3210 2237 ἆγιος,
3253 2168 3351 2221 καὶ
3383 2170 3416 2239 ή
3448 2168 3626 2238 ἐντολὴ
3664 2167 3789 2234 ἁγία,
3810 2168 3880 2219 καὶ

2377 2262 2562 2317 δικαία
2582 2263 2676 2316 καὶ
2697 2260 2894 2332 ἀγαθή.
2934 2279 2951 2310 ι
2986 2260 3173 2327 ’Ἄγιος
3191 2258 3249 2312 δὲ
3274 2258 3446 2326 ἁγίων
3470 2260 3497 2311 6
3515 2259 3683 2328 νόμος,
3709 2257 3759 2310 οὐ
3782 2256 3888 2310 κατὰ

2376 2371 2440 2424 γε
2473 2354 2573 2424 τήν
2595 2350 2775 2416 σκιάν,
2802 2351 2918 2404 ἀλλ’
2945 2352 3026 2403 ὅτι
3048 2350 3189 2421 πρὸς
3221 2349 3459 2421 θεωρίαν
3484 2351 3530 2401 εί
3561 2350 3887 2420 μετατρέποιτο

2378 2449 2477 2521 τὴν
2504 2445 2904 2517 πνευματικὴν,
2943 2445 3104 2498 αὑτὸν
3133 2446 3264 2515 ήμίν
3292 2445 3341 2497 οἱ
3373 2444 3527 2499 τύποι
3557 2443 3886 2515 διακεκράγασι

2379 2541 2472 2594 τὸν
2514 2536 2784 2610 Χριστὸν,
2838 2536 2931 2589 τὸν
2980 2536 3172 2603 Ἀγιον
3238 2535 3415 2604 ἁγίων
3467 2534 3686 2605 ἀληθῶςο
3722 2532 3887 2600 ἁγιάζει

2379 2632 2488 2703 γὰρ
2522 2632 2597 2695 ὡς
2636 2631 2770 2695 Θεὸς
2796 2627 2874 2699 τῷ
2911 2628 3026 2699 ἰδίῳ
3056 2627 3373 2698 καταχρίων
3422 2627 3683 2697 πνεύματι
3716 2626 3817 2687 τοὺς
3849 2626 3889 2676 ὲν

2384 2724 2598 2795 μεθέξει
2643 2721 2936 2792 γεγονότας
2978 2718 3146 2774 αὑτοῦ
3185 2719 3271 2772 διὰ
3324 2719 3427 2789 τῆς
3474 2719 3713 2780 πίστεως.
3770 2717 3887 2782 Ἐγη-

2380 2815 2655 2888 γερμένης
2693 2814 2750 2867 δὲ
2794 2812 2858 2884 δὴ
2882 2855 2898 2877 ,
2929 2813 3023 2865 καὶ
3079 2811 3187 2881 μὴν
3229 2811 3325 2864 καὶ¹
3369 2809 3531 2881 ἐλαίῳ
3579 2809 3653 2879 τῷ
3694 2808 3805 2875 ἁγίῳ
3826 2822 3891 2858 κα-

2380 2904 2820 2977 τακεχρισμένης
2868 2903 2969 2973 τῆς
3015 2903 3177 2972 ἁγίας
3228 2902 3482 2975 σκηνῆς,
3542 2902 3600 2956 τὸ
3633 2902 3753 2972 μετὰ
3775 2898 3889 2952 τοῦτο

2382 3000 2653 3070 λέγωμεν,
2695 3000 2743 3051 εί
2772 2996 2938 3051 δοκεῖ.

2303 3195 2345 3253 (ς
2400 3260 2405 3266 _
2449 3180 2656 3234 ΠᾹΛΛ.
2691 3180 2837 3233 Πάνυ
2872 3178 2970 3248 μὲν
3005 3171 3130 3231 οὗι.

2467 3273 2633 3326 ΚΥΡ.
2682 3272 2997 3342 Γέγραπται
3042 3269 3223 3323 τοίνυν
3268 3268 3393 3322 ὡδί·
3433 3289 3450 3321 ι
3491 3270 3599 3324 Καὶ
3642 3263 3893 3320 συνετέλεσε

2395 3360 2606 3431 Μωσῆς
2635 3360 2813 3413 πάντα
2849 3360 2919 3414 τὰ
2953 3360 3111 3431 ἔργα,
3159 3358 3253 3411 καὶ
3289 3357 3654 3427 συνεκάλυψεν
3692 3351 3899 3426 ἡνεφέλη

2397 3455 2497 3525 τήν
2527 3453 2732 3525 σκηνὴν
2761 3452 2855 3507 τοῦ
2899 3452 3228 3525 μαρτυρίου,
3263 3453 3363 3505 καὶ
3387 3451 3544 3522 δόξης
3573 3449 3759 3520 Κυρίου
3777 3445 3901 3512 ἐπλη-

2401 3546 2548 3617 ρώθη
2584 3547 2617 3617 ὴ
2670 3546 2865 3617 σκηνή.
2899 3545 3013 3598 Καὶ
3055 3545 3157 3599 οὐκ
3191 3544 3436 3615 ἠδυνήθη
3473 3542 3665 3612 Μωσῆς
3704 3535 3903 3592 εἰσελθεῖν

2399 3640 2480 3701 εἰς
2510 3638 2611 3709 τὴν
2646 3638 2851 3709 σκηνὴν
2884 3636 2980 3691 τοῦ
3029 3636 3375 3708 μαρτυρίου,
3418 3636 3501 3690 ὅτι
3534 3629 3819 3693 ἐπεσκίαζεν
3844 3624 3904 3677 ἐπ’

2400 3732 2625 3803 αὐτὴνή
2653 3730 2873 3801 νεφέλη,
2902 3730 2995 3783 καὶ
3029 3729 3186 3799 δόξης
3208 3729 3421 3800 Κυρίου
3450 3724 3680 3797 ἐπλήσθη
3708 3717 3903 3792 ήσκηνήο

2414 3822 2605 3875 Ἦνίκα
2618 3820 2673 3873 δὲ
2693 3820 2860 3891 ἀνέϐη
2878 3820 2988 3873 ἀπὸ
3006 3820 3104 3889 τῆς
3118 3819 3347 3888 σκηνῆς,
3376 3816 3752 3885 ἀνεζεύγνυσαν
3776 3810 3815 3863 οἱ
3832 3804 3908 3859 υἱοὶ

2416 3910 2630 3982 Ἰσραὴλ
2662 3910 2759 3963 σὺν
2797 3914 2863 3981 τῇ
2894 3909 3141 3982 ᾀπαρτίᾳ
3189 3907 3374 3962 αὐτῶν
3398 3923 3413 3938 ο
3447 3910 3493 3962 εἰ
3533 3908 3587 3960 δὲ
3616 3903 3685 3977 μὴ
3731 3896 3908 3964 ἀνέὸηῆ

2402 4001 2621 4070 νεςέλη,
2649 4001 2748 4054 οῦκ
2767 3998 3168 4067 ἀνεζεύγνυσαν
3221 3998 3327 4061 ἕως
3354 3999 3453 4069 τῆς
3475 3996 3696 4067 ἡμέρας,
3714 3987 3771 4063 ἧς
3786 3983 3909 4052 ἀνέϐη

2401 4094 2433 4162 ’θ
2470 4091 2665 4159 νεφέλη
2691 4107 2705 4121 ⁸
2739 4089 2933 4160 νεφέλη
2982 4090 3092 4159 γὰρ
3117 4085 3185 4160 ἧν
3231 4090 3327 4147 ἐπὶ
3374 4090 3472 4159 τῆς
3503 4087 3693 4155 σκηνῆς
3730 4079 3909 4152 ἡμέρας.

2404 4182 2499 4235 καὶ
2534 4182 2645 4253 πῦρ
2679 4178 2745 4253 ἦν
2776 4181 2861 4235 ἐπ’
2904 4182 3074 4252 αὐτῆς
3108 4182 3325 4251 νυκτὸς,
3365 4180 3603 4255 ἐναντίον
3633 4175 3805 4235 παντὸς
3840 4171 3911 4221 Ίσ·

2407 4275 2545 4349 ραὴλ
2569 4315 2582 4338 ν
2618 4276 2674 4327 ἐν
2708 4275 2911 4337 πάσαις
2958 4275 3079 4336 ταῖς
3114 4272 3415 4340 ἀναζυγαῖς
3458 4270 3651 4326 αὐτῶν.
3694 4288 3708 4317 ι
3755 4259 3912 4316 Ἀναόε-

2403 4367 2694 4437 δειγμὲνης
2722 4366 2830 4436 γὰρ
2859 4368 2915 4419 ἐν
2946 4366 3136 4435 κόσμῳ
3167 4365 3265 4435 τῆς
3295 4366 3458 4433 ἁγίας
3488 4364 3579 4417 καὶ
3611 4354 3912 4428 ἀληθεστέρας

2406 4460 2634 4529 σκηνῆς,
2670 4456 2815 4515 τοῦτ’
2852 4457 3001 4525 ἔστι,
3034 4457 3131 4525 τῆς
3168 4455 3227 4520 ἐξ
3256 4455 3429 4508 ἐθνῶν
3475 4450 3807 4521 Ἐκκλησίας,
3832 4443 3913 4513 crit;

714 4566 900 4627 clesia,
956 4563 1162 4619 Christi
1196 4562 1380 4617 lumen
1418 4559 1784 4614 circumfulsit
1832 4568 1887 4613 et
1928 4559 2083 4628 quasi
2114 4559 2281 4613 nubes

2357 4546 2370 4593 ⁵
2400 4551 2805 4622 περιελάμπετο
2828 4547 3086 4619 Χριστοῦ,
3116 4548 3208 4600 καὶ
3232 4548 3265 4617 ή
3289 4547 3486 4616 νεφέλη
3505 4545 3684 4613 ὥσπερ
3704 4550 3913 4628 τις

713 4656 961 4725 quaedam
996 4654 1297 4724 spiritualis
1325 4667 1562 4721 superno
1584 4668 1705 4706 rore
1737 4667 1837 4706 nos
1857 4652 2074 4705 abunde
2114 4650 2290 4706 letiﬁ—

715 4766 865 4812 cans,
913 4749 1007 4803 Dei
1061 4747 1323 4817 templum
1370 4745 1623 4815 complet.
1689 4745 1805 4797 Non
1861 4755 2041 4800 tamen
2091 4744 2290 4814 potuit,

718 4841 915 4912 inquit,
947 4840 1159 4911 ingredi
1210 4838 1451 4908 Moyses;
1486 4830 1663 4906 neque
1708 4838 1855 4891 enim
1889 4838 2171 4908 ingressus
2210 4846 2295 4891 est

717 4935 907 4998 Israel,
940 4934 1067 5004 quia
1107 4932 1279 4986 divini
1308 4929 1533 4985 luminis
1556 4930 1741 4983 radios
1775 4929 1919 4984 ferre
1942 4945 2051 4985 non
2087 4930 2287 4999 potuit,

714 5044 895 5100 neque
951 5026 1218 5082 intellexit
1259 5023 1463 5079 Christi
1503 5024 1859 5094 mysterium;
1905 5023 2017 5092 jam
2045 5039 2177 5077 vero
2228 5038 2296 5077 ne

718 5120 1062 5191 spiritualcm
1094 5117 1319 5189 quidem
1361 5114 1819 5169 illuminationem
1849 5112 2090 5176 admisit,
2118 5127 2297 5183 neque

717 5212 917 5267 mentis
942 5211 1117 5266 oculis
1136 5209 1351 5265 Domini
1373 5206 1601 5278 gloriam
1622 5206 1851 5277 aspexit,
1872 5220 1998 5260 cum
2028 5220 2139 5275 quo
2167 5204 2297 5260 dum

718 5304 774 5357 in
810 5301 981 5373 ﬁgura
1029 5301 1195 5356 nubis
1240 5315 1309 5356 ex
1357 5299 1462 5353 hoc
1486 5297 1693 5353 mundo
1724 5295 2113 5367 proﬁciscitur,
2148 5304 2206 5351 et
2229 5296 2296 5351 ad

721 5401 921 5455 supera
952 5385 1148 5448 tendit,
1175 5384 1340 5440 simul
1384 5381 1785 5453 proﬁciscimur
1810 5378 2093 5441 Dominica
2122 5379 2291 5445 vesti-

717 5479 806 5550 gia
830 5485 1249 5549 persequentes.
1282 5477 1524 5533 lnitiavit
1545 5476 1691 5531 enim
1730 5472 1890 5529 nobis
1914 5473 2059 5528 viam
2098 5488 2293 5531 novatn

717 5579 772 5623 et
809 5568 1087 5623 viventem
1119 5609 1132 5630 ,
1190 5567 1338 5623 illam
1367 5583 1490 5639 quae
1530 5580 1749 5623 sursum
1791 5564 1945 5618 ducit
1974 5564 2029 5618 in
2053 5565 2253 5619 coelum
2281 5581 2290 5613 :

721 5659 963 5729 dumque
1010 5661 1355 5729 conquiescit
1419 5668 1581 5730 atque
1635 5658 1923 5722 considet,
1959 5658 2119 5713 simul
2169 5673 2296 5714 con-

831 5839 872 5871 “
905 5841 1103 5911 Philip.
1140 5858 1197 5906 ιι,
1235 5840 1285 5906 6,
1326 5842 1374 5893 7.
1454 5840 1495 5871 ³³
1522 5838 1640 5895 Act.
1679 5856 1729 5902 χ,
1768 5838 1854 5895 56.
1937 5840 1977 5871 ιλ
2008 5839 2168 5895 Prov.
2210 5854 2281 5891 xv

2357 5837 2400 5889 ὅ.
2450 5836 2487 5866 ³⁸
2518 5835 2675 5893 Rom.
2713 5850 2804 5899 ιιι,
2839 5833 2919 5887 1‘2.
3002 5833 3041 5863 ”
3067 5832 3239 5889 Exod.
3265 5826 3546 5894 n,51—36.

2400 4644 2604 4713 ματικὴ
2625 4642 2814 4713 δρόσος
2842 4642 2992 4711 ἡμᾶς
3016 4641 3124 4702 τοῖς
3154 4638 3361 4691 ἄνωθεν
3393 4638 3654 4697 πλουσίως
3680 4622 3911 4707 καταπιεῖ-

2397 4752 2561 4788 νουσα
2586 4774 2600 4798 ,
2636 4734 2727 4788 τὸν
2761 4734 2902 4791 θεῖον
2929 4731 3055 4801 ναὸν
3088 4729 3493 4803 ἀναπίμπλησι.
3531 4727 3688 4797 Πλὴν,
3720 4723 3803 4775 οὐκ
3823 4717 3912 4785 ἠΰν·

2392 4826 2552 4898 νήθη.
2589 4828 2775 4897 φησὶν,
2808 4824 3065 4895 εἰσελθεῖν
3096 4826 3121 4875 6
3152 4823 3378 4893 Μωσῆς,
3413 4823 3473 4875 οὐ
3510 4820 3614 4889 γὰρ
3654 4810 3913 4879 εἰσὸέὸηκεν

2396 4925 2425 4985 6
2471 4921 2709 4992 Ἰσραὴλ,
2756 4919 2854 4991 τὴν
2885 4918 2979 4971 τοῦ
3011 4917 3156 4969 θείου
3192 4917 3368 4985 φωτὸς
3400 4911 3693 4987 προσϐολὴν
3726 4900 3913 4969 ἐνεγκεῖν

2399 5014 2461 5066 οὐ
2500 5012 2795 5082 δυνάμενος
2814 5050 2828 5076 ,
2864 5009 3068 5062 ἑπείτοι
3107 5008 3227 5062 οὐδὲ
3258 5012 3459 5078 συνῆκε
3485 5006 3545 5059 τὸ
3570 4996 3785 5073 Χριστοῦ
3812 5005 3913 5062 μυσ-

2398 5106 2583 5176 τήριον
2608 5148 2622 5170 .
2654 5103 2769 5157 ἀλλ’
2806 5102 2928 5175 οὐδὲ
2955 5101 3273 5173 προσήκατο
3300 5099 3393 5171 τὸν
3423 5100 3482 5151 ὲν
3514 5092 3765 5162 πνεύματι

2401 5172 2537 5269 σμ’ὸν
2559 5238 2574 5262 ,
2604 5198 2727 5252 οὐδὲ
2753 5174 3006 5269 τεθέαται
3055 5198 3170 5258 τοῖς
3217 5194 3315 5265 τῆς
3348 5190 3585 5253 διανοίας
3625 5187 3809 5257 ὄμμασι
3841 5172 3912 5245 τὴν

2398 5292 2556 5357 δόξαν
2582 5290 2813 5362 Κυρίου,
2832 5283 2877 5358 ᾧ
2906 5290 3000 5343 καὶ
3025 5290 3101 5352 ὡς
3133 5290 3191 5355 ὲν
3221 5286 3378 5357 τύπῳ
3407 5283 3651 5354 νεφέλης,
3683 5272 3912 5340 ἀπαίρονῖι

2406 5382 2505 5454 μὲν
2535 5381 2629 5436 τοῦ
2662 5382 2869 5452 κόσμου
2921 5382 3015 5443 καὶ
3054 5380 3191 5451 πρὸς
3224 5379 3290 5433 τά
3348 5379 3461 5434 ἀνω
3505 5369 3780 5446 βαδίζοντι,
3818 5374 3910 5454 συν-

2405 5452 2717 5545 ἐκ’παίρθμεν
2746 5475 2866 5529 κατ’
2890 5473 3032 5543 ἴχνος
3058 5473 3226 5535 ἰόντες
3251 5470 3313 5525 τὸ
3330 5466 3653 5529 δεσποτικόν·
3670 5452 3909 5545 ἐνεκαίνιῧ

2404 5569 2513 5637 γὰρ
2550 5540 2682 5636 Illa"
2709 5567 2806 5636 τὴν
2836 5540 3148 5635 πρόσφατόν
3178 5580 3237 5616 τε
3266 5562 3356 5615 καὶ
3391 5561 3567 5625 ζῶσαν
3592 5554 3722 5612 ὁδὸν,
3749 5544 3829 5614 τὴν
3850 5540 3907 5595 εδὶ

2404 5659 2470 5717 τὰ
2494 5660 2605 5712 ἄνω
2637 5659 2778 5728 φημὶ
2808 5658 2902 5717 καί
2931 5660 2988 5709 έν
3016 5656 3249 5727 οὐρανῷ,
3275 5648 3661 5720 ἀναπαυομένῳ
3697 5642 3744 5699 ἃ
3766 5637 3908 5690 ὥσπερ
