4140 6510
248 389 356 447 695

999 390 1087 443 DE
1121 386 1563 445 ADORATIONE
1602 386 1668 440 1N
1706 385 1977 441 SPIRITU
2018 387 2106 441 ET
2144 385 2513 441 VERITATE.
2557 385 2685 439 LIB.
2734 384 2795 438 Χ.

3425 385 3479 437 (if
3494 383 3532 438 ι·

252 500 348 552 καὶ
386 498 727 565 καταλύοντι,
764 499 1257 570 συναναπαυόμεθα
1293 499 1387 554 καὶ
1424 497 1829 566 συγκαταλύσο-

1944 500 2280 567 1uiesccmus
2328 508 2494 568 atque
2545 497 2979 553 considebimus.
3032 496 3186 551 Nube
3212 496 3361 550 enim
3398 513 3525 564 prc-

254 608 379 661 μεν.
422 592 761 666 ’Δπαιρούσῃ
793 592 851 645 δὲ
901 595 968 663 τῇ
1000 592 1199 663 νεφέλῃ
1225 637 1237 655 ,
1275 591 1591 661 συναπῆρεν
1621 590 1649 642 6
1678 589 1831 652 λαός’

251 682 352 733 καὶ
389 681 773 754 καταλυούσης
796 722 814 750 ,
855 682 1319 752 συγκατηυλίζετο
1351 697 1364 709 ·
1399 700 1418 733 ι
1470 679 1688 750 Νεφέλη
1727 679 1837 751 γάρ

248 766 341 842 ἦν.
380 774 569 843 φησὶν,
606 774 701 827 ἐπὶ
734 776 833 845 τῆς
889 774 1096 844 σκηνῆς
1148 772 1245 843 τὴν
1292 773 1546 844 ἡμέραν,
1598 768 1836 840 καὶπῦρ

247 864 354 933 τὴν
394 864 588 922 νύκτα.
641 884 661 917 ι
705 866 1067 919 Καταπιαίνει
1105 865 1204 935 μὲν
1228 865 1337 936 γὰρ
1362 865 1391 917 6
1414 864 1649 935 Χριστὸς
1677 860 1835 933 χαρί-

252 972 431 1024 σμασι
473 959 584 1019 τοῖς
617 960 1038 1027 πνευματικοῖς,
1068 958 1193 1017 τοὺς
1217 955 1407 1027 ὥσπερ
1436 957 1494 1008 ὲν
1527 954 1709 1025 ἡμέρα
1744 953 1838 1005 καὶ

249 1048 394 1115 φωτὶ
424 1046 745 1115 γεγονότας,
765 1046 856 1100 διά
876 1063 939 1115 γε
958 1045 1053 1099 τοῦ
1078 1044 1175 1117 τὴν
1195 1047 1282 1099 ἐπ’
1309 1044 1457 1115 αύτῷ
1479 1043 1677 1111 γνῶσιν
1706 1042 1833 1093 λεπο

248 1137 364 1200 τῶς
392 1155 452 1190 τε
483 1140 577 1191 καὶ
611 1138 997 1211 ἐξητασμένως
1028 1137 1190 1198 ἑλεῖν,
1236 1137 1331 1191 καὶ
1357 1132 1836 1206 ὲκλελαμπρύνθαι

246 1227 344 1281 τὸν
386 1228 536 1281 νοῦν·
583 1227 954 1299 καταφωτίζει
1004 1228 1062 1282 δὲ
1110 1228 1235 1293 τοὺς
1286 1226 1695 1297 ἀμαθεστέρους
1730 1223 1832 1277 ἔτι.

246 1319 457 1383 Σκότος
485 1319 543 1373 δὲ
584 1319 722 1383 ὅλως
754 1320 1028 1391 κοσμικῆς
1060 1320 1276 1390 ἀπάτης
1305 1319 1405 1372 οὐκ
1435 1318 1581 1371 ἔστιν
1612 1318 1669 1371 ὲν
1711 1317 1837 1369 Ἐκ-

246 1411 531 1480 κλησίαις,
563 1413 871 1483 περιαστρά
884 1429 1109 1477 πτοντος
1134 1411 1301 1475 αὐτὰς
1326 1410 1420 1463 τοῦ
1456 1408 1715 1481 Χριστοῦ,
1743 1409 1836 1463 καὶ

244 1503 428 1575 νοητῷ
480 1506 620 1573 φωτὶ
655 1504 725 1558 τά
767 1505 1060 1576 σύμπαντα
1098 1502 1533 1571 καταυγάξοντος
1565 1518 1579 1532 ·
1629 1502 1689 1555 ού
1726 1500 1835 1573 γάρ

245 1598 423 1665 ἐσμεν
450 1595 666 1660 νυκτὸς,
683 1596 805 1650 οὐδὲ
829 1597 1076 1660 σκότους,
1109 1595 1221 1649 ἀλλ’
1249 1594 1357 1649 υίοὶ
1379 1593 1553 1663 φωτὸς
1580 1593 1675 1647 καλ.
1701 1594 1835 1663 ὴμέ-

246 1702 378 1755 ρας.
412 1685 555 1738 κατά
592 1686 656 1738 τὸ
688 1684 1095 1757 γεγραμμένον.

322 1777 536 1833 ΠΔΛΛ.
576 1776 783 1849 Ὀρθῶς
812 1777 915 1848 ἔφη
924 1794 971 1839 ς.

1940 589 2241 652 ﬁciscente,
2275 589 2438 643 simul
2489 586 2942 658 proﬁciscebatur
2972 586 3318 656 populus;et
3340 586 3524 639 consi-

1938 680 2123 746 dente,
2187 680 2351 736 simul
2400 679 2773 734 considebat:
2842 698 2858 730 ι
2920 677 3109 733 Nubes
3157 676 3307 731 enim
3372 686 3522 741 erat,

1939 772 2138 842 inquit,
2205 787 2373 841 super
2428 771 2845 825 tabernaculum
2892 785 2991 840 per
3058 769 3225 831 dicm,
3278 776 3333 822 et
3384 768 3526 839 ignis

1938 880 2037 934 per
2091 874 2330 919 noctem.
2384 883 2402 914 ι
2446 863 2843 933 Spiritualibus
2895 877 3132 931 namque
3179 860 3526 915 charismatis

1936 971 2034 1010 eos
2061 956 2316 1011 Christus
2344 955 2555 1026 irrigat,
2592 956 2687 1025 qui
2720 962 3015 1025 propterea
3050 963 3311 1023 tanquam
3345 953 3399 1006 in
3434 952 3523 1005 die

1937 1055 2064 1100 sunt
2085 1062 2148 1101 ac
2182 1047 2321 1109 lucc,
2350 1046 2496 1115 quod
2531 1045 2874 1101 subtiliorem
2908 1044 3081 1114 ipsius
3106 1052 3270 1114 atque
3295 1058 3520 1097 accura-

1938 1138 2138 1192 tiorem
2171 1137 2547 1207 cognitionem
2599 1145 2992 1207 perceperunt,
3042 1144 3099 1190 et
3132 1143 3370 1189 mentem
3394 1134 3518 1188 illu-

1937 1241 2163 1286 stratam
2199 1231 2405 1286 habent
2436 1250 2448 1285 :
2494 1246 2590 1286 eos
2617 1232 2788 1296 enim,
2828 1230 2922 1300 qui
2956 1238 3084 1286 sunt
3121 1229 3301 1284 adhuc
3330 1228 3518 1283 rudio~

1938 1339 2045 1389 res,
2072 1320 2531 1393 illuminat.354
2548 1320 2783 1376 Omnino
2815 1328 2999 1375 autem
3026 1319 3287 1374 mundani
3316 1319 3522 1373 erroris

1938 1419 2177 1473 tenebrae
2216 1419 2269 1473 in
2327 1416 2591 1472 Ecclesiis
2622 1415 2786 1469 nulla:
2819 1426 2968 1479 sunt,
3014 1428 3139 1468 cum
3188 1412 3394 1466 circum
3429 1428 3523 1466 eas
3593 1458 3599 1464 .

1934 1509 2190 1565 Christus
2240 1509 2466 1580 fulgeat,
2514 1516 2571 1563 et
2594 1506 2867 1577 spirituali
2910 1505 3117 1561 lumine
3152 1505 3405 1559 universa
3444 1504 3522 1558 si-

1936 1600 2048 1654 mul
2083 1600 2320 1655 illustret
2354 1617 2367 1652 :
2398 1614 2507 1653 non
2550 1598 2697 1652 cnim
2731 1612 2925 1652 sumus
2952 1596 3131 1651 noctis
3163 1610 3343 1665 neque
3367 1602 3539 1650 tene--

1936 1692 2181 1755 brarum,
2207 1690 2303 1746 sed
2337 1690 2431 1744 lilii
2462 1689 2605 1745 lucis
2630 1698 2686 1744 et
2712 1688 2843 1753 diei,
2871 1696 2932 1742 ut
2957 1687 3224 1758 scriptum
3244 1695 3330 1741 est
3349 1686 3409 1739 ".

2006 1782 2203 1837 PALL.
2228 1782 2397 1837 Recte
2430 1780 2532 1834 ais.

320 1868 491 1923 ΚΥΡ.
537 1844 875 1940 Προσθέντες
904 1844 961 1923 δὲ
1004 1868 1248 1935 τούτοις,
1291 1870 1385 1922 καὶ
1427 1869 1528 1923 οὐκ
1568 1870 1626 1923 ὲν
1669 1868 1835 1938 μήκει

2005 1874 2161 1929 CYR.
2213 1874 2311 1928 llis
2348 1873 2673 1944 adjiciemus
2726 1868 2969 1925 breviter
2999 1869 3167 1940 leges,
3196 1884 3316 1939 qua:
3342 1866 3407 1921 ad
3439 1874 3494 1921 ta

241 1960 451 2029 λόγων,
486 1961 612 2023 τοὺς
658 1961 752 2013 ἐπί
789 1977 854 2029 γε
885 1962 953 2031 τῇ
987 1962 1160 2031 σκηνῇ
1198 1960 1431 2030 νόμους,
1482 1959 1582 2023 τάς
1625 1976 1687 2012 τε
1725 1959 1835 2012 τῶν

248 2051 404 2105 λαῶν
435 2052 778 2123 δωροφορίας
802 2092 817 2115 ,
849 2054 943 2106 καὶ
973 2052 1079 2124 μὴν
1100 2051 1196 2106 καὶ
1224 2052 1493 2124 ἀπάρσεις
1519 2052 1614 2106 καὶ⁵
1642 2069 1840 2106 συναυ-

245 2144 507 2214 λισμοὺς,
536 2144 941 2216 ἀφηγησόμεθα
968 2162 981 2176 ο
1020 2145 1091 2199 ἴοι
1119 2144 1227 2216 γὰρ
1258 2144 1325 2200 ἂν
1343 2146 1486 2199 οὕτω
1518 2146 1656 2217 πρὸς
1681 2142 1836 2217 οἶμον

243 2236 421 2308 apth
451 2239 478 2290 6
497 2236 676 2305 λόγος.

317 2329 532 2383 ΠΑΛΔ.
562 2327 851 2398 Σύμφημι.

320 2419 491 2473 ΚΥΡ.
521 2418 850 2473 Δεδικαίωκε
888 2421 1072 2475 τοίνυν
1107 2422 1135 2475 6
1170 2422 1469 2493 νομοθέτης
1520 2421 1616 2475 καὶ
1644 2422 1840 2494 κριτὴς

246 2510 308 2562 ὲν
344 2507 486 2579 μόνῃ
514 2508 579 2578 δὴ
612 2508 807 2578 χρῆναι
836 2512 902 2581 τῇ
939 2511 1071 2582 ἀγία
1106 2514 1277 2583 σκηνῇ
1312 2512 1413 2575 τάς
1438 2512 1630 2576 θυσίας
1659 2515 1841 2566 ἐπιτε-

245 2600 386 2664 λεῖν,
419 2599 548 2663 τοὺς
578 2599 736 2670 εἴπερ
771 2600 837 2654 ἂν
863 2601 1066 2656 ἕλοιντο
1097 2602 1257 2656 τοῦτο
1288 2603 1443 2675 δρᾷν,
1470 2604 1726 2674 ἀφιστὰς,
1758 2600 1837 2659 οἷ-

250 2693 359 2765 μαί
391 2710 519 2759 που,
555 2693 654 2763 τῆς
686 2691 856 2747 ἑώλου
872 2694 1332 2767 ψευδολατρείας,
1363 2697 1463 2765 τῆς
1487 2699 1546 2750 ὲν
1579 2697 1839 2770 Αἰγύπτῳ

247 2785 437 2857 φημὶ,
467 2784 597 2841 ἔνθα
631 2786 799 2849 πολὺς
841 2787 941 2857 μὲν
984 2787 1014 2839 6
1062 2786 1169 2841 τῶν
1210 2786 1444 2842 εἰδώλων
1487 2790 1838 2860 ἑμπαιγμδς,

248 2874 399 2929 θεῶν
432 2891 494 2928 τε
541 2875 653 2928 τῶν
700 2876 1069 2947 ψευδωνύμων
1108 2877 1142 2946 ἡ
1180 2875 1553 2948 ἀκαλλεστάτη
1598 2876 1838 2947 πληθὺς,

249 2967 379 3023 οὐδὲ
405 2967 587 3031 αὐτοῖς
612 2967 754 3039 τάχα
782 2984 885 3021 που
898 2970 1012 3031 τοῖς
1032 2970 1359 3037 προσκυνεῖν
1386 2968 1680 3040 ᾑρημένοις
1703 2984 1842 3035 γνω-

254 3059 506 3133 ρίζεσθαι
533 3060 807 3131 δυναμένη
845 3075 861 3090 ο
896 3060 1112 3113 ἀνεῖται
1143 3057 1201 3112 δὲ
1238 3059 1330 3113 καὶ
1367 3060 1427 3112 τὸ
1458 3059 1626 3114 θύειν.
1653 3060 1842 3130 ὥσπερ

250 3151 327 3206 ἂν
361 3151 531 3205 ἶλοιτό
562 3168 667 3215 τις.
703 3151 847 3205 κατά
872 3168 936 3220 γε
960 3152 1022 3204 τὸ
1046 3151 1153 3204 ὑπό
1185 3168 1278 3204 του
1302 3150 1411 3205 τῶν
1446 3153 1576 3223 παρ’
1611 3151 1836 3221 Ἕλλησι

251 3243 442 3313 σοφῶν
458 3241 746 3313 ἀτημελῶς
767 3243 1077 3315 εἰρημένον,
1100 3242 1257 3307 ἄλλος
1269 3242 1314 3296 δ’
1330 3242 1475 3314 ἄλλῳ
1498 3242 1652 3314 ἔρεζε
1676 3242 1836 3297 θεῶν.

263 3334 531 3403 Ἅφιστάς
560 3329 653 3387 οῦν
680 3334 780 3403 τῆς
817 3332 961 3386 οὓτω
990 3333 1204 3405 ψυχρᾶς
1236 3348 1296 3386 τε
1335 3333 1428 3387 καὶ
1469 3331 1701 3403 βεϐήλου
1728 3349 1839 3403 τρι-

251 3424 368 3495 δῆς
410 3425 506 3479 καὶ
538 3423 834 3492 συνηθείας
874 3424 1260 3494 ἁλογωτάτης,
1312 3422 1414 3493 ἔφη
1460 3424 1621 3477 πάλιν
1664 3423 1721 3475 ὲν
1764 3422 1841 3494 τῷ

250 3516 553 3588 Asmuer
579 3536 598 3569 ι
624 3516 869 3587 Λάλησον
889 3517 1024 3588 πρὸς
1055 3516 1263 3588 Ἀαρὼν
1278 3516 1525 3587 καὶπρὸς
1546 3517 1670 3578 τοὺς
1693 3518 1841 3581 υἱοὺς

250 3606 449 3669 αὑτοῦ,
472 3608 721 3677 καὶπρὸς
740 3607 947 3671 πάντας
973 3608 1100 3671 τοὺς
1121 3608 1272 3671 υἱοὺς
1308 3607 1548 3679 Ἰσραὴλ,
1576 3607 1671 3659 καὶ
1697 3609 1841 3678 ἐρεῖς

253 3696 403 3765 ⁸πρὸς
435 3695 669 3759 αὐτούς·
709 3694 882 3749 Τοῦτο
924 3696 986 3749 τὸ
1032 3697 1185 3767 ῥῆμα
1231 3696 1260 3749 6
1300 3697 1606 3750 ἐνετείλατο
1640 3696 1843 3767 Κύριος

253 3789 463 3857 λέγων’
498 3787 817 3859 Ἀνθρωπος
852 3788 961 3842 τῶν
989 3788 1121 3841 υἱῶν
1166 3788 1417 3859 Ἰσραὴλ,
1455 3788 1488 3859 ἢ
1521 3788 1629 3842 τῶν
1674 3806 1843 3861 προσ-

256 3880 537 3952 κειμένων
564 3883 621 3934 ὲν
662 3882 813 3952 ὑμῖν,
845 3882 902 3945 ὃς
929 3880 1010 3935 ἂν,
1029 3881 1206 3953 σφάξῃ
1242 3882 1443 3952 μόσχον
1476 3882 1509 3951 ἦ
1549 3881 1842 3952 πρόόατον,

254 3974 293 4044 ἦ
334 3968 465 4041 αἶγα
500 3975 558 4025 ὲν
583 3974 649 4042 τῇ
683 3973 1031 4044 παρεμϐολῇ,
1069 3973 1163 4026 καὶ
1193 3972 1251 4036 ὃς
1281 3974 1378 4027 ἐὰν
1408 3973 1586 4045 σφάξῃ
1616 3973 1721 4039 ἔξω
1746 3975 1845 4046 τῆς

255 4064 643 4137 παρεμϐολῆς,
670 4066 763 4118 καὶ
800 4066 893 4118 ἐπὶ
919 4066 1019 4136 τὴν
1045 4064 1215 4136 Θύραν
1241 4066 1338 4137 τῆς
1358 4069 1563 4139 σκηνῆς
1584 4069 1678 4123 ¹τοῦ
1709 4086 1847 4141 μαρς

256 4160 454 4233 τυρίον
498 4160 572 4231 μὴ
622 4159 852 4230 ἐνέγκῃ,
898 4159 1037 4213 ὥστε
1085 4160 1309 4229 ποιῆσαι
1347 4161 1476 4214 αὐτὸ
1511 4164 1592 4226 είς
1625 4162 1851 4217 ὁλοκαύο

259 4268 449 4320 τωμα,
476 4250 509 4320 ἢ
541 4251 805 4319 σωτήριον
834 4248 912 4319 τῷ
938 4248 1149 4318 Κυρίῳ,
1183 4248 1371 4302 δεκτὸν
1397 4250 1479 4313 είς
1510 4252 1685 4321 ὀσμὴν
1712 4252 1848 4305 εὐω-

257 4342 409 4405 δίας
440 4342 535 4395 καὶ
561 4341 619 4403 ὃς
652 4342 718 4394 ἂν
756 4340 937 4411 σφάξῃ
964 4339 1068 4404 ἔξω
1092 4341 1187 4392 ἐπὶ
1211 4341 1309 4411 τὴν
1330 4340 1500 4410 θύραν
1520 4342 1619 4413 τῆς
1645 4346 1848 4414 σκηνῆς

1938 1965 2297 2020 bernaculum
2329 1964 2629 2034 pertinent,
2664 1971 2720 2016 ct
2764 1961 3072 2015 oblationes
3126 1959 3335 2030 populi,
3390 1974 3519 2029 pro-

1936 2057 2202 2111 fectiones
2243 2056 2407 2110 etiam
2440 2071 2502 2110 ac
2548 2054 2812 2108 stationes
2858 2068 3226 2123 exponemus;
3262 2051 3341 2106 sic
3372 2050 3520 2105 enim

1942 2158 2091 2203 recto
2125 2149 2324 2202 itinere
2356 2146 2738 2218 progrediatur
2772 2145 2967 2200 oratio.

2009 2343 2205 2399 PALL.
2232 2340 2533 2396 Assentior.

2009 2435 2165 2491 CYR.
2204 2434 2500 2489 Constituit
2528 2432 2674 2487 enim
2712 2431 2803 2486 ille
2848 2430 3130 2501 legislator
3156 2442 3219 2483 ac
3240 2424 3431 2497 judex,
3457 2433 3521 2480 ut

1942 2529 1996 2583 in
2038 2536 2226 2583 sancto
2272 2527 2366 2581 illo
2400 2523 2773 2583 tabernaculo‘.
2804 2522 3066 2578 duntaxat
3098 2518 3363 2575 sacriﬁcia
3387 2532 3519 2571 con-

1940 2628 2300 2683 summarent,
2347 2618 2661 2688 quicunque
2704 2616 2757 2670 id
2810 2615 2988 2670 facere
3020 2612 3245 2674 vellent,
3292 2617 3353 2663 ut
3404 2622 3523 2672 eos,

1940 2713 2157 2783 opinor,
2192 2711 2261 2765 ab
2294 2711 2389 2765 illo
2433 2708 2605 2763 veteri
2640 2708 2791 2762 cultu
2826 2706 2973 2761 falsa:
3000 2702 3281 2774 religionis
3306 2707 3521 2754 averte-

1942 2812 2044 2865 ret,
2071 2817 2232 2873 quem
2285 2801 2338 2854 in
2396 2799 2625 2871 .‘Egypto
2671 2797 2931 2852 nimirum
2990 2793 3374 2854 exhibuerant,
3428 2787 3522 2842 ubi

1942 2894 2115 2948 multa
2183 2892 2438 2962 vigebant
2494 2890 2766 2944 idolorum
2824 2886 3099 2949 ludibria,
3151 2882 3524 2949 falsorumque

1942 2985 2169 3040 deorum
2202 2983 2514 3052 turpissima
2553 2980 2732 3045 turba,
2773 2995 2895 3048 qua:
2929 2993 2994 3031 ne
3020 2976 3089 3030 ab
3120 2974 3252 3045 ipsis
3277 2971 3521 3042 quidem,

1867 3092 1909 3151 α
1942 3077 2035 3148 qui
2057 3077 2285 3131 adorare
2330 3074 2556 3136 vellent,
2590 3070 2845 3141 cognosci
2878 3076 3098 3140 posset;
3134 3064 3228 3118 ubi
3252 3063 3419 3117 etiam
3455 3061 3523 3115 li-

1942 3171 2135 3225 berum
2166 3178 2284 3222 erat
2310 3165 2527 3235 cuique,
2553 3178 2619 3218 eo
2646 3162 2808 3215 modo
2834 3158 3161 3222 sacriﬁcare,
3187 3169 3295 3225 quo
3319 3152 3523 3207 voluis-

1943 3270 2045 3326 set,
2086 3269 2145 3316 ut
2186 3267 2267 3313 est
2299 3273 2329 3315 a
2361 3256 2604 3325 sapiente
2656 3251 2893 3322 quodam
2928 3247 3118 3319 gentili
3178 3254 3390 3300 temere
3435 3241 3522 3295 di-

1945 3362 2121 3415 ctum;
2155 3350 2294 3404 alius
2337 3362 2469 3401 vero
2518 3344 2609 3405 alii
2642 3342 2745 3396 deo
2780 3338 3145 3396 sacriﬁcabat.
3180 3336 3262 3390 Ab
3292 3335 3397 3387 hoc
3425 3330 3524 3402 igi-

1947 3454 2035 3499 tur
2058 3443 2193 3498 adeo
2218 3441 2384 3495 stulto
2416 3447 2579 3506 atque
2609 3435 2777 3503 impio
2810 3449 2912 3487 usu
2940 3440 2996 3487 et
3021 3427 3260 3484 absurda
3287 3438 3523 3481 consuc-

1947 3532 2136 3587 tudinc
2191 3543 2443 3583 cumcos
2495 3523 2770 3579 abducere
2821 3522 3005 3584 vellet,
3051 3518 3189 3572 dixit
3242 3528 3435 3570 rursus
3467 3512 3523 3565 in

1948 3623 2191 3679 Levitico
2228 3638 2239 3672 :
2284 3639 2300 3668 ι
2335 3619 2583 3687 Loquere
2623 3616 2691 3670 ad
2733 3615 2935 3676 Aaron,
2962 3620 3027 3671 et_
3044 3609 3111 3664 ad
3137 3607 3277 3665 ﬁlios
3307 3605 3446 3677 ejus,
3470 3608 3537 3656 ct

1948 3714 2015 3768 ad
2069 3726 2261 3767 omnes
2305 3709 2446 3764 ﬁlios
2481 3710 2670 3773 Israel,
2712 3715 2767 3762 et
2822 3704 2974 3758 dices
3033 3700 3099 3755 ad
3124 3714 3221 3754 eos
3251 3715 3263 3750 :
3298 3697 3413 3751 Hoc
3442 3702 3527 3749 est

1948 3805 2197 3870 verbum,
2225 3803 2370 3873 quod
2397 3802 2655 3873 praecepit
2682 3798 2968 3859 Dominus,
2989 3792 3180 3848 dicens
3210 3808 3222 3843 :
3252 3788 3429 3843 Homo
3455 3803 3526 3842 ex

1951 3896 2075 3952 ﬁliis
2106 3895 2292 3960 lsrael,
2326 3896 2411 3949 vel
2436 3911 2503 3949 ex
2535 3894 2621 3956 iis,
2657 3891 2751 3962 qui
2794 3885 3026 3959 appositi
3063 3890 3191 3939 sunt
3221 3879 3402 3943 vobis,
3430 3878 3543 3949 qui‘

1951 3987 2215 4043 occiderit
2244 3987 2475 4041 vitulum
2499 3992 2593 4039 aut
2641 3997 2821 4044 ovem,
2866 3986 2961 4033 aut
2986 3990 3204 4045 capram
3230 3973 3285 4025 in
3310 3971 3525 4035 castris,

1952 4088 2007 4135 et
2032 4078 2126 4148 qui
2150 4077 2414 4132 occiderit
2444 4084 2596 4130 extra
2630 4081 2828 4134 castra,
2855 4078 2910 4124 et
2945 4067 3011 4122 ad
3044 4067 3242 4121 ostium
3268 4062 3525 4117 taberna-

1953 4170 2060 4226 culi
2102 4167 2401 4223 tcstimonii
2450 4181 2558 4219 non
2604 4162 2874 4226 attulerit,
2911 4166 2972 4213 ut
2995 4156 3158 4211 faciat
3212 4152 3349 4207 illud
3376 4152 3530 4205 holo-

1954 4268 2202 4315 caustum
2226 4258 2308 4311 vel
2341 4254 2669 4311 sacriﬁcium
2697 4251 2959 4311 salutare,
2982 4245 3212 4300 Domino
3242 4249 3543 4311 acceptum

1957 4353 2011 4406 in
2033 4351 2256 4405 odorem
2289 4344 2603 4409 suavitatis;
2639 4352 2695 4397 et
2722 4341 2815 4411 qui
2874 4335 3140 4394 occiderit
3167 4341 3341 4395 extra,
3380 4342 3436 4387 et
3460 4331 3547 4385 ade

260 4432 363 4487 τοῦ
400 4432 723 4504 μαρτυρίου,
756 4433 849 4486 καὶ
871 4432 945 4502 μὴ
971 4431 1169 4502 ἐνέγκῃ
1206 4431 1358 4494 αὐτὸ,
1389 4430 1531 4484 ὥστε
1558 4433 1635 4503 μὴ
1680 4450 1842 4504 προσ-

1951 4443 2152 4498 ostium
2182 4436 2518 4495 tabernaculi
2549 4431 2848 4490 testimonii
2906 4445 3015 4483 non
3069 4424 3319 4481 attulerit
3370 4423 3525 4485 illud,

261 4537 474 4596 ενεγκῃ
525 4523 700 4594 δῶρον
732 4522 924 4593 Κυρίῳ
954 4522 1214 4575 ἀπέναντι
1234 4521 1332 4590 τῆς
1356 4521 1563 4592 σκηνῆς
1601 4523 1807 4594 Κυρίου
1830 4565 1845 4589 ,

262 4615 365 4671 καὶ
395 4614 779 4684 λογισθήσεται
809 4612 885 4684 τῷ
905 4612 1177 4684 ἀνθρώπῳ
1201 4611 1412 4682 ἐκείνῳ,
1444 4606 1586 4683 αἷμα
1614 4611 1850 4683 ἐξέχεεν,

261 4706 781 4779 ὲξολοθρευθήσεται
804 4708 838 4776 ἡ
860 4706 1011 4776 ψυχὴ
1034 4706 1214 4776 εκείνη
1238 4706 1302 4757 ὲκ
1322 4705 1417 4758 τοῦ
1448 4705 1578 4760 λαοῦ
1610 4706 1798 4776 αὐτῆς.
1830 4725 1847 4757 ι

261 4794 420 4869 Αἷμα
452 4800 551 4870 μὲν
580 4796 674 4852 οὖν
715 4800 917 4869 ἐκχεῖν,
946 4800 1180 4861 καὶτοῖς
1198 4800 1277 4861 είς
1310 4798 1637 4868 μιαιφωνίαν
1657 4800 1856 4871 ἐγκλή-

268 4907 441 4964 μασιν
473 4890 657 4961 ἔνοχον
690 4889 911 4943 ἕσεσθαι
948 4890 1040 4943 τὸν
1080 4889 1187 4954 ἔξω
1233 4889 1430 4943 θύοντα
1477 4890 1577 4960 τῆς
1624 4894 1847 4962 σκηνῆς.

278 4984 512 5039 Ἐαυτὺν
542 4984 653 5054 γὰρ
677 4982 866 5054 ῶσπερ
898 4982 1223 5054 διεχρήσατό
1251 4999 1366 5045 τις,
1394 4983 1489 5035 καὶ
1520 4983 1621 5054 τὴν
1642 4983 1850 5039 οἰκείαν

264 5075 580 5147 ὼλόθρευσε
630 5075 845 5146 ψυχὴν,
906 5076 934 5126 6
982 5073 1120 5127 Θεοῦ
1185 5074 1284 5144 μὲν
1334 5072 1428 5128 τοῦ
1489 5074 1631 5129 κατὰ
1687 5075 1849 5144 φύσιν

267 5167 513 5238 ἀφιστὰς
566 5166 774 5237 αὐτὴν,
828 5166 1155 5238 προσνέμων
1206 5166 1263 5219 δὲ
1312 5165 1481 5230 λίθοις
1528 5168 1623 5220 καὶ
1672 5167 1850 5233 ξύλοις

267 5266 373 5321 καὶ
405 5267 526 5328 ταῖς
566 5263 674 5316 τῶν
714 5262 1005 5334 δαιμονίων
1044 5264 1281 5326 ἀπάταις
1324 5261 1615 5326 ἀνατιθείς.
1650 5264 1770 5317 Ὅτι
1802 5265 1858 5317 δὲ

268 5358 337 5411 οὐ
394 5358 505 5409 πᾶν
574 5355 761 5420 ἁπλῶς
824 5355 972 5427 θῦμα
1037 5356 1190 5427 παρά
1243 5354 1342 5419 τὰς
1397 5354 1567 5427 θύρας
1629 5355 1856 5425 ἄγεσθαι

270 5447 612 5520 προστέταχε
660 5448 758 5519 τῆς
810 5449 1053 5520 σκηνῆς,
1090 5447 1205 5500 ἀλλ’
1239 5447 1374 5517 ὅπερ
1425 5429 1600 5501 ἕλοιτό
1642 5465 1730 5511 τις
1778 5451 1859 5512 είς

270 5541 470 5597 Θυσίαν
542 5539 827 5595 ἀιαθεῖναι
871 5539 993 5610 Θεῷ
1022 5579 1036 5603 ,
1088 5539 1323 5609 δέδειχεν
1370 5538 1614 5610 ἐναργῶς
1694 5556 1860 5611 προσ-

272 5632 503 5701 επάγων
540 5630 737 5695 εὐθύς*
774 5652 792 5683 ι
832 5632 942 5686 Καὶ
992 5630 1054 5685 ού
1103 5629 1357 5685 θύσουσιν
1402 5630 1495 5683 ἐπὶ
1532 5628 1629 5693 τὰς
1668 5630 1861 5696 θυσίαις

352 5817 393 5851 λ’
420 5814 656 5881 l'fbcss.
689 5832 737 5877 v,
784 5814 834 5867 5.
944 5815 985 5846 "
1017 5812 1189 5867 Levit.
1220 5828 1345 5879 xvn,
1380 5812 1415 5865 2
1446 5828 1595 5881 seqq.

1949 4542 2009 4587 ut
2036 4532 2233 4585 oﬁerat
2268 4527 2473 4581 donum
2527 4522 2759 4579 Domino
2814 4533 2998 4574 coram
3042 4513 3395 4570 tabernaculo
3419 4513 3527 4567 Do-

1949 4625 2115 4689 mini;
2150 4621 2372 4693 sanguis
2399 4615 2762 4689 imputabitur
2805 4608 3015 4666 bomini
3058 4608 3135 4661 illi
3164 4624 3178 4672 ;
3208 4604 3549 4675 sanguinem,

1948 4716 2165 4780 effudit,
2194 4709 2657 4769 exterminabitur
2678 4705 2858 4759 anima
2883 4702 2973 4757 illa
2996 4700 3064 4756 de
3081 4698 3285 4769 populo
3307 4711 3406 4751 suo
3428 4696 3490 4749 ¹⁸,
3506 4713 3523 4743 ι

1954 4806 2285 4878 Sanguinem
2345 4802 2513 4872 igitur
2589 4797 2860 4860 fundere,
2919 4801 2976 4847 et
3036 4786 3321 4846 homicidii
3375 4800 3530 4839 reum

1958 4876 2094 4963 fore,
2128 4896 2304 4967 inquit
2349 4908 2497 4959 eum,
2526 4891 2621 4962 qui
2648 4898 2803 4945 extra
2827 4882 3236 4941 tabernaculum
3264 4876 3547 4933 sacriﬁca-

1956 4992 2119 5047 verit.
2179 4989 2428 5059 Seipsum
2479 4986 2627 5041 enim
2660 4979 2952 5043 interfecit,
2986 4991 3049 5031 ac
3096 4986 3250 5029 suam
3295 4968 3557 5023 animam-

1957 5080 2215 5151 perdidit,
2247 5077 2497 5151 quisquis
2531 5076 2679 5131 illam
2706 5074 2776 5129 ab
2800 5087 2886 5137 eo,
2911 5068 3006 5139 qui
3038 5061 3339 5121 secundum
3367 5067 3528 5151 natu-

1957 5146 2074 5226 ram
2106 5146 2281 5226 Βουδ-
2306 5146 2412 5234 est,
2456 5166 2675 5230 avertit,
2723 5173 2953 5231 eamque
2981 5154 3259 5226 lapidibus
3282 5164 3346 5204 ac
3369 5146 3534 5216 lignis

1959 5274 2015 5319 et
2053 5262 2451 5319 dmmoniorum
2504 5258 2789 5314 erroribus
2834 5250 3057 5309 dicavit.
3105 5246 3374 5303 Caeterum
3422 5253 3533 5293 non

1956 5371 2175 5411 omnem
2206 5368 2432 5425 prorsus
2457 5351 2733 5406 victimam
2766 5344 2834 5400 ad
2859 5343 3059 5399 ostium
3086 5335 3245 5410 355
3275 5334 3531 5389 taberna-

1959 5449 2074 5504 culi
2103 5447 2292 5503 all‘erri
2324 5445 2669 5517 praecepisse,
2701 5438 2794 5495 sed
2814 5451 2935 5493 eam
2964 5434 3249 5495 duntaxat,
3281 5441 3443 5498 quam
3477 5422 3554 5479 in.

1958 5541 2289 5595 sacriﬁcium
2312 5539 2512 5593 oﬁ'erre
2542 5536 2654 5590 Deo
2681 5532 2913 5603 quisque
2936 5527 3217 5588 voluisset,
3248 5517 3543 5592 perspicuo

1958 5632 2217 5699 ostendit,
2250 5647 2374 5687 cum
2423 5628 2568 5684 illico
2617 5622 2897 5697 subiunxit
2926 5640 2938 5677 :
2974 5642 2990 5672 ι
3023 5619 3091 5676 Et
3118 5631 3229 5672 non
3262 5606 3559 5669 sacriﬁctta
