3982 6518
607 352 712 407 I695

1599 355 1654 409 S.
1695 355 1970 413 CYRILLI
2008 357 2479 421 ALEXANDRINI
2518 363 2849 431 ARCHIEPO
3751 381 3832 437 ως.

607 465 748 518 bunt
809 462 1077 525 sacriiicia
1121 479 1218 519 sua
1248 464 1606 531 vanitatibus,
1657 482 1785 522 cum
1828 468 2034 537 quibus
2089 469 2189 540 ipsi

2297 475 2481 530 αὐτῶν
2501 462 2614 542 τοῖς
2642 481 2915 550 ματαίοις,
2946 474 3027 545 οἷς
3055 483 3212 539 αὐτοὶ
3239 485 3682 558 ἐκπορνεύσωσιν
3698 489 3837 547 ὀπίσω

608 554 952 611 fornicamur
980 562 1100 631 post
1126 570 1220 615 eas
1250 556 1311 609 ".
1359 576 1377 607 ι
1408 556 1579 629 Igitur
1627 558 1907 614 interdicit
1943 576 2187 632 prorsus,

610 660 680 699 ne
706 646 831 715 quis
860 645 1008 700 nullo
1041 645 1384 712 discrimine,
1450 648 1759 719 cuicunque
1798 651 1949 715 velit,
1978 652 2190 707 sacriﬁ-

609 747 723 801 cet;
754 737 855 791 soli
877 745 1060 795 autem
1082 738 1155 800 ei,
1185 738 1279 808 qui
1312 741 1617 796 secundum
1647 751 1897 801 naturam
1922 744 2068 798 Deus
2082 752 2189 808 est,

610 827 816 881 cultum
842 826 1213 885 exhibendum
1238 843 1379 895 esse,
1409 833 1754 901 apertissime
1787 833 1941 888 dicit.

680 916 873 971 PALL.
916 917 1187 977 Praeclare
1218 936 1349 979 sane
1384 922 1592 985 dictum
1625 934 1730 980 est.

678 1009 835 1065 CYR.
878 1011 992 1071 Nec
1016 1028 1149 1069 vero
1176 1014 1528 1074 mediocriter
1558 1018 1734 1087 juvat,
1766 1018 1809 1071 si
1842 1018 1951 1072 alio
1973 1033 2191 1087 quoque

607 1101 773 1157 modo
823 1102 1195 1175 intelligamus
1249 1108 1544 1183 expedire,
1593 1117 1757 1179 atque
1802 1111 1968 1165 etiam
2021 1126 2191 1181 prope

606 1201 979 1259 necessarium
1020 1218 1162 1268 esse,
1201 1205 1259 1265 in
1300 1213 1491 1263 sancto
1531 1204 1795 1260 duntaxat
1837 1206 2191 1263 tabernaculo

607 1292 874 1347 sacriﬁcia
900 1291 1041 1357 fieri,
1070 1308 1134 1349 ac
1163 1310 1351 1353 sacras
1376 1294 1627 1355 victimas
1650 1294 1860 1349 oII'crri.

678 1471 875 1529 PALL.
917 1472 1039 1540 Quo
1062 1471 1283 1532 tandem
1310 1471 1510 1532 modo?

678 1563 837 1621 CVR.
878 1564 1075 1625 Annon
1120 1563 1416 1633 imaginem
1439 1577 1504 1623 ac
1528 1562 1755 1632 figuram
1781 1560 1954 1631 ipsius
1976 1560 2193 1615 Emma-

608 1652 739 1707 nuel
772 1668 893 1713 esse
925 1652 1247 1711 dicebamus
1285 1652 1437 1706 illum
1476 1652 1731 1715 vitulum,
1758 1651 1853 1721 qui
1878 1665 1979 1721 pro
2008 1667 2190 1706 sacer-

609 1744 738 1799 dote
771 1751 828 1799 et
864 1744 1055 1815 populi
1084 1744 1388 1815 ignorantia
1416 1744 1485 1799 ad
1536 1743 1951 1800 tabernaculum
1990 1753 2192 1800 macta-

609 1834 811 1891 batur?

678 1926 877 1985 PALL.
920 1926 1272 1985 Dicebamus.

676 2017 834 2079 ΟΥΕ.
869 2018 952 2077 Oh
975 2035 1096 2075 eam
1122 2020 1291 2092 igitur
1318 2036 1540 2083 causam
1565 2021 1802 2078 dicimus
1827 2023 1884 2077 in
1910 2021 2191 2087 Ecclesiis,

605 2119 867 2181 tanquam
902 2112 958 2166 in
988 2113 1193 2168 sanctis
1219 2114 1612 2181 tabernaculis,
1638 2115 1845 2172 Christi
1869 2116 2192 2188 mysterium

606 2199 798 2271 perﬁci
840 2212 1130 2273 Oporlere;
1168 2203 1315 2272 quod
1347 2204 1527 2274 ipsum
1571 2206 1703 2260 alibi
1740 2222 1960 2276 quoque
1988 2221 2193 2275 praace-

608 2291 711 2362 pit.
740 2292 879 2349 Cum
919 2294 1069 2349 enim
1114 2294 1185 2348 ab
1229 2294 1388 2349 initio
1432 2296 1723 2363 sanxisset,
1753 2314 1861 2368 qua
1904 2299 2119 2355 ratione
2162 2314 2193 2353 a

608 2384 737 2447 filiis
774 2386 939 2442 Israel
982 2403 1047 2442 cx
1086 2386 1465 2458 (Egyptiorum
1519 2396 1665 2444 terra
1714 2388 2196 2459 proﬁciscentibus

610 2492 784 2548 agnus
820 2479 878 2533 in
913 2477 1120 2535 Christi
1166 2479 1397 2550 ﬁguram
1438 2488 1586 2535 esset
1625 2481 2036 2541 immolandus:
2077 2502 2095 2532 ι
2133 2482 2194 2536 1η

612 2585 722 2624 una
790 2569 957 2631 domo
1003 2570 1367 2637 comedetur,
1427 2573 1647 2645 inquit,
1710 2589 1890 2644 neque
1933 2574 2195 2629 eil‘eretur

609 2659 679 2714 de
713 2660 977 2715 carnibus
1006 2662 1128 2732 ejus
1150 2660 1300 2717 foras
1329 2663 1396 2694 "'
1422 2680 1436 2717 :
1474 2683 1491 2713 ι
1520 2663 1731 2719 violant
1753 2665 1939 2737 igitur,
1976 2665 2193 2720 diversa

609 2752 915 2811 sentientes
940 2751 1209 2818 haretici,
1234 2751 1332 2808 Dei
1360 2752 1666 2820 decretum,
1692 2756 1785 2825 qui
1811 2765 2010 2826 praeter
2033 2757 2191 2823 illud,

610 2844 758 2914 quod
796 2852 883 2900 est
926 2860 1119 2900 revera
1166 2856 1414 2901 sanctum
1465 2846 1909 2914 tabernaculum,
1957 2849 2193 2907 alterum

606 2935 715 2991 sibi
754 2935 949 3007 ﬁgunt,
974 2946 1032 2992 et
1056 2936 1193 2991 foris
1224 2953 1427 3008 agnum
1461 2938 1765 3004 immolant,
1793 2949 1851 2995 et
1878 2940 2193 3012 longissime

607 3027 678 3085 ab
708 3027 800 3088 illa
840 3044 947 3089 una
988 3027 1152 3083 domo
1184 3028 1445 3095 efferunt,
1469 3039 1525 3085 et
1550 3030 1706 3085 illum
1757 3031 1851 3102 qui
1881 3040 1965 3086 est
1996 3033 2194 3087 indivi-

609 3118 773 3184 duus,
799 3119 1056 3179 dividunt
1085 3139 1099 3175 :
1128 3136 1271 3177 unus
1307 3130 1393 3179 est
1422 3122 1569 3178 enim
1599 3139 1664 3181 ac
1688 3124 1967 3195 perfectus
1994 3126 2048 3180 in
2076 3142 2191 3180 om-

608 3211 777 3271 nibus
814 3212 1087 3276 Christus,
1126 3213 1197 3271 At
1230 3229 1364 3269 vero
1404 3215 1625 3285 sapiens
1664 3216 1777 3281 ille,
1812 3233 1876 3271 ac
1911 3233 2191 3279 sacrorum
2221 3212 2267 3274 C

608 3303 884 3379 in'.erpres
911 3305 1126 3377 Moyses
1150 3306 1312 3362 nobis
1333 3307 1582 3383 praecipit
1619 3308 1807 3365 dicens
1836 3309 1891 3363 in
1926 3311 2193 3366 Deutero-

607 3395 796 3451 nuntio
838 3414 850 3449 τ
898 3414 916 3452 ι
955 3396 1099 3455 Cave
1144 3398 1244 3453 tibi
1289 3398 1415 3471 ipsi,
1455 3415 1525 3455 nc
1566 3401 1768 3455 offeras
1809 3401 2192 3457 holocaustum

609 3496 767 3545 tuum
816 3486 877 3545 in
916 3488 1066 3544 omni
1107 3489 1250 3554 loco,
1277 3506 1443 3558 quem
1478 3490 1705 3555 videris,
1734 3501 2103 3563 praeterquam
2136 3494 2191 3547 in

608 3577 751 3644 loco,
776 3592 942 3648 quem
964 3579 1197 3650 elegerit
1222 3580 1486 3643 Dominus
1510 3581 1656 3636 Deus
1682 3590 1811 3636 tuus
1836 3582 1889 3637 in
1922 3599 2028 3638 una
2052 3585 2189 3641 civi-

610 3678 787 3731 tatum
837 3678 1090 3738 tuarum;
1129 3672 1206 3726 ibi
1244 3672 1445 3729 offeres
1490 3674 1808 3729 holocausta
1857 3683 1969 3739 tua,
2010 3686 2067 3732 et
2114 3678 2189 3733 ibi

608 3761 779 3829 facies
811 3763 1019 3827 omnia,
1056 3779 1399 3834 quaecunque
1442 3780 1543 3836 ego
1573 3767 1831 3836 przecipio
1860 3768 1959 3823 tibi
1993 3768 2186 3835 hodie;

609 3854 707 3916 sed
732 3856 787 3910 in
828 3855 982 3937 εειηηὶ
1003 3855 1279 3918 desiderio
1322 3865 1416 3911 tuo
1459 3856 1813 3923 sacriﬁcabis,
1844 3868 1899 3913 et
1936 3860 2192 3916 comedes

610 3964 806 4007 carnes
843 3948 1148 4007 secundum
1193 3946 1529 4009 desiderium
1576 3951 1771 4005 anima;
1813 3959 1940 4018 tuas,
1988 3968 2189 4013 secun-

609 4041 740 4101 dum
771 4040 1216 4097 benedictionem
1259 4040 1477 4097 Domini
1510 4042 1607 4099 Dei
1640 4046 1740 4108 tui,
1769 4059 1933 4116 quam
1975 4043 2190 4103 dederit

612 4135 717 4193 tibi
748 4136 801 4189 in
844 4134 993 4188 omni
1040 4133 1284 4189 civitate.
1316 4133 1660 4201 Immundus,
1691 4136 1785 4205 qui
1825 4137 1881 4191 in
1912 4145 1967 4193 te
2003 4146 2108 4202 est,
2131 4144 2189 4193 et

607 4227 848 4293 mundus
890 4226 1055 4282 simul
1104 4226 1397 4282 comedent
1443 4226 1653 4296 ipsum,
1700 4237 1761 4281 ut
1808 4242 2061 4299 capream
2100 4228 2188 4284 vel

607 4334 853 4385 cervum,
895 4329 1266 4391 praeterquam
1310 4320 1457 4391 quod
1498 4320 1818 4395 sanguinem
1854 4337 1965 4379 non
2007 4335 2188 4383 come—

606 4409 779 4476 detis;
825 4410 883 4464 in
928 4419 1133 4467 terram
1176 4408 1472 4493 cﬂ‘undetis
1516 4412 1694 4484 ipsum
1729 4420 1793 4468 ut
1827 4427 2025 4483 aquam
2054 4414 2119 4467 ὀ.
2159 4431 2177 4464 ι

604 4502 789 4561 Animi
830 4503 997 4573 igitur
1020 4509 1105 4558 est
1132 4503 1187 4557 in
1212 4503 1406 4573 primis
1436 4503 1600 4579 356
1637 4504 1791 4578 impii
1815 4505 1974 4575 culpa
1999 4513 2055 4559 et
2079 4506 2186 4560 cri-

605 4608 755 4657 men,
780 4593 985 4650 audere
1010 4594 1066 4647 in
1092 4594 1245 4649 omni
1278 4595 1403 4650 loco
1433 4573 1764 4661 sacriﬁcare,
1786 4573 1989 4661 non—in
2021 4596 2186 4659 domo
2217 4573 2262 4630 θ

604 4684 703 4747 Dei
726 4685 950 4754 explere
975 4683 1180 4740 Christi
1205 4686 1553 4759 mysterium.

675 4774 874 4831 PALL.
916 4775 1089 4832 Recte
1137 4791 1269 4837 sane
1320 4776 1488 4845 dicis;
1528 4778 1663 4835 illud
1715 4789 1899 4837 tamen
1947 4785 2189 4855 explices

601 4869 792 4933 velim,
833 4884 959 4927 cum
994 4869 1259 4940 sanguine
1286 4872 1435 4929 vesci
1474 4873 1563 4928 lex
1606 4874 2020 4944 improbaverit,
2047 4888 2103 4934 et
2130 4878 2184 4935 id

596 4961 723 5031 jure
746 4958 963 5025 fecerit,
988 4959 1213 5030 quinam
1239 4959 1295 5019 in
1319 4959 1425 5017 hac
1445 4961 1631 5016 littera
1652 4977 1847 5018 sensus
1872 4963 2019 5020 insit.

672 5047 830 5106 CYR.
873 5046 930 5106 Si
975 5047 1054 5103 ita
1090 5048 1334 5114 videtur,
1364 5065 1431 5111 ea
1484 5066 1608 5120 qua:
1649 5060 1779 5107 sunt
1821 5052 1924 5111 hac
1956 5053 2025 5109 de
2050 5070 2109 5109 re
2135 5055 2193 5109 in

602 5137 851 5195 Levitico
872 5156 1094 5210 (pioque
1119 5142 1353 5207 sancita,
1388 5142 1666 5208 dicamus;
1693 5160 1814 5213 quae
1840 5145 1920 5200 sic
1943 5146 2188 5204 habent:

610 5248 633 5279 ε
658 5230 727 5289 Et
753 5231 919 5287 homo
936 5232 1007 5287 de
1029 5232 1156 5291 ﬁliis
1181 5234 1370 5299 Israel,
1397 5244 1493 5295 aut
1529 5234 1597 5293 de
1625 5236 1937 5307 proselytis,
1976 5238 2069 5309 qui
2096 5254 2192 5309 ap-

602 5321 769 5391 positi
794 5332 925 5385 sunt
944 5324 1123 5390 vobis,
1152 5325 1468 5397 quicunque
1490 5327 1792 5385 comederit
1822 5344 2039 5383 omnem
2068 5346 2190 5385 san-

602 5413 854 5483 guinem,
901 5424 1136 5470 statuam
1183 5416 1379 5474 faciem
1424 5434 1603 5477 meam
1647 5419 1706 5481 in
1755 5420 2016 5485 animam,
2061 5436 2183 5491 qua:

600 5507 847 5563 vescitur
888 5508 1173 5579 sanguine,
1209 5518 1266 5563 et
1313 5511 1538 5580 perdam
1573 5527 1695 5566 eam
1722 5511 1789 5568 de
1818 5512 2020 5583 populo
2046 5529 2179 5580 suo;

602 5613 729 5657 nam
763 5599 947 5656 anima
986 5600 1165 5659 omnis
1196 5602 1400 5669 carnis,
1432 5603 1655 5675 sanguis
1685 5605 1805 5676 ejus
1837 5614 1923 5659 est
1952 5621 1965 5658 :
1993 5611 2051 5661 et
2079 5621 2181 5676 ego

709 5782 751 5814 "
782 5778 962 5836 Levit.
992 5797 1123 5849 xvn,
1151 5783 1202 5835 7.

2294 567 2495 620 αὐτῶν.
2561 586 2582 619 ι
2641 569 2854 625 Οὐκοῦν
2901 574 3219 643 ἀποφάσκει
3276 578 3558 641 παντελῶς
3609 578 3672 633 τὸ
3722 579 3839 636 eam

2293 659 2623 733 ἀδιακρίτως
2642 703 2657 723 .
2683 656 2838 737 ᾧπερ
2868 666 2934 721 ἂν
2964 667 3209 738 βούλοιτό
3252 689 3362 737 τις,
3395 675 3509 727 δεῖν
3536 674 3596 728 δὲ
3628 674 3693 745 δὴ
3724 676 3840 748 μόνῳ

2293 750 2375 820 τῷ
2392 753 2535 806 κατὰ
2566 755 2729 822 φύσιν
2754 757 2875 829 Θεῷ
2902 761 3001 824 τὰς
3033 762 3288 837 λατρείας
3309 766 3605 831 ἐπιτελεῖν,
3639 762 3697 820 εὖ
3727 769 3843 837 μάλα

2294 861 2449 914 φησι.

2363 940 2571 997 ΠΑΛΛ.
2619 942 2707 1006 Ὡς
2738 944 2938 1015 ἄριστά
2956 963 3021 1015 γε
3042 949 3177 1016 ἡμῖν
3201 949 3230 1000 6
3256 948 3412 1017 λόγος
3436 950 3573 1020 ἔχει.

2365 1031 2531 1087 ΚΥΡ.
2579 1035 2821 1107 ὐνήσειε
2861 1039 2905 1091 δ’
2950 1039 3017 1093 ἂν
3045 1042 3143 1094 καὶ
3172 1042 3232 1094 οὐ
3270 1044 3512 1113 μετρίως
3558 1046 3708 1114 ἡμᾶς
3746 1046 3843 1098 καθ’

2292 1121 2481 1193 ἓτερον
2510 1119 2669 1196 οἶμαι
2727 1128 2927 1199 τρόπον
2948 1132 3012 1185 τὸ
3038 1132 3237 1202 χρῆναι
3280 1137 3420 1188 νοεῖν
3458 1134 3537 1197 ὡς
3574 1135 3693 1187 ἔστι
3721 1135 3843 1190 λυσι-

2291 1213 2443 1278 τελὲς
2462 1218 2557 1273 καὶ
2585 1218 2883 1286 ἀναγκαῖον
2912 1222 3013 1293 ἤδη
3035 1241 3154 1287 πως
3174 1224 3257 1291 τὸ,
3284 1227 3341 1278 ὲν
3366 1226 3504 1295 μόνῃ
3526 1226 3642 1278 δεῖν
3662 1230 3720 1297 τῇ
3741 1229 3844 1299 67:;

2296 1309 2469 1378 σκηνῇ
2505 1309 2845 1379 πράττεσθαι
2877 1313 2976 1377 τὰς
3005 1314 3216 1380 θυσίας,
3244 1318 3339 1371 καὶ
3367 1317 3434 1370 τὰ
3469 1319 3595 1389 ἱερὰ
3638 1323 3841 1391 πραΰςιέ-

2298 1399 2486 1469 ρεσθαι
2521 1401 2760 1471 θύματα.

2366 1493 2573 1548 ΠΑΛΛ.
2614 1496 2739 1560 Πῶς
2776 1498 2913 1570 ἔφης
2939 1517 2953 1565 ;

2364 1587 2530 1643 ΚΥΡ.
2565 1583 2644 1649 Ἦ
2668 1590 2769 1643 οὐκ
2798 1592 2982 1646 εἰκόνα
3009 1594 3106 1651 καὶ
3128 1594 3301 1648 τύπον
3330 1594 3599 1667 ἐλέγομεν
3622 1592 3750 1650 εἶναι
3768 1596 3839 1649 τοῦ

2308 1678 2693 1751 Ἐμμανουήλ,
2734 1682 2827 1738 τὸν
2875 1684 3066 1754 ἱερέως
3108 1703 3167 1739 τε
3200 1686 3329 1758 πέρι
3365 1689 3462 1741 καὶ
3514 1689 3843 1759 ἀγνοημάτων

2295 1768 2428 1824 λαοῦ
2464 1771 2602 1843 πρὸς
2633 1775 2698 1844 τῇ
2736 1774 2870 1845 ἁγίᾳ
2901 1778 3076 1848 σκηνῇ
3111 1778 3460 1849 σφαζόμενον
3498 1781 3731 1851 μόσχον;

2369 1950 2577 2009 [ΙΛΛΛ.
2626 1951 2942 2024 Ἐλέγομεν.

2368 2042 2533 2099 ΚΥΡ.
2561 2042 2776 2115 Χρῆναι
2798 2044 2862 2115 δὴ
2888 2041 2983 2101 οὖν
3006 2045 3181 2120 ταύτῃ
3203 2064 3291 2102 τοι
3313 2049 3521 2119 φαμὲν,
3551 2049 3631 2113 ὡς
3655 2049 3711 2102 ἂν
3738 2066 3845 2119 m-

2295 2133 2414 2193 ναῖς
2444 2132 2628 2201 ἁγίοις
2656 2137 2776 2198 ταῖς
2816 2134 3167 2207 Ἐκκλησίσις
3194 2139 3290 2194 τοῦ
3324 2139 3485 2205 Θεοῦ,
3514 2141 3615 2194 τοῦ
3645 2142 3841 2212 Χριστοῦ

2293 2221 2566 2276 τελεῖσθαι
2586 2225 2908 2294 μυστήριον.
2922 2225 3087 2279 Τουτὶ
3106 2227 3216 2299 γὰρ
3237 2228 3367 2299 ἡμῖν
3393 2230 3494 2282 καὶ
3513 2230 3739 2301 ἑτέρωθί
3763 2250 3842 2285 ma

2294 2313 2549 2367 διετύπου
2575 2314 2754 2368 πάλιν.
2782 2316 3200 2389 Θεσμοθετήσας
3227 2319 3337 2391 γὰρ
3364 2322 3423 2373 ὲν
3443 2322 3645 2392 ἀρχαῖς
3669 2323 3777 2375 τινα

2294 2405 2492 2476 τρόπον
2510 2407 2778 2477 προσήκει
2797 2408 3098 2475 σφάζεσθαι
3125 2410 3218 2464 τὸν
3240 2411 3411 2481 ἀμνὸν
3430 2413 3515 2475 είς
3545 2412 3713 2466 τύπον
3737 2415 3843 2483 Χρι-

2298 2496 2422 2551 στοῦ
2433 2496 2535 2567 τῆς
2547 2497 2857 2566 Αἰγυπτίων
2869 2500 3278 2572 ἀπαίφυσιγῆς
3289 2506 3399 2565 τοῖς
3411 2503 3473 2568 ἐξ
3498 2504 3751 2574 Ἱσρσήλ·ι
3775 2506 3842 2557 Ἕν

2294 2588 2442 2661 οἰκίᾳ
2477 2592 2575 2661 μιᾷ
2607 2590 2951 2665 βρωθήσεται
2974 2632 2991 2659 ,
3032 2596 3190 2663 φησὶ,
3240 2596 3333 2649 καὶ
3365 2595 3469 2649 οὐκ
3504 2595 3731 2661 ἐξοίσετε
3759 2598 3841 2649 ἀεὶ

2294 2678 2403 2732 τῶν
2436 2679 2613 2750 κρεῶν
2648 2681 2816 2735 αὑτοῦ
2848 2681 2973 2747 ἔξω.
3020 2702 3040 2740 ι
3067 2683 3279 2741 Οὐκοῦν
3304 2684 3651 2756 παραλύουσι
3674 2687 3730 2739 τὸ
3747 2688 3837 2756 θεῷ

2294 2770 2507 2837 δοκοῦν,
2544 2774 2594 2824 oi
2650 2773 3006 2845 ἑτερόφρονες
3048 2776 3316 2847 αἱρετικοὶ
3371 2777 3529 2847 παρὰ
3574 2778 3674 2849 τὴν
3709 2774 3835 2834 vim

2295 2862 2509 2935 ἀληθῶς
2532 2865 2694 2934 ἁγίαν
2722 2867 2947 2939 σκηνὴν,
2976 2869 3190 2934 ἑαυτοῖς
3220 2868 3414 2940 ἑτέραν
3448 2869 3833 2940 διαπηγνύντες,

2296 2957 2393 3016 καὶ
2423 2956 2531 3023 ἔξω
2563 2957 2786 3023 θύοντες
2827 2959 2919 3015 τὸν
2960 2961 3156 3032 ἀμνὸν,
3196 2960 3292 3015 καὶ
3324 2960 3603 3017 ἀπωτάτω
3644 2979 3736 3015 που
3760 2963 3832 3029 τῆς

2299 3049 2429 3118 μιᾶς
2475 3048 2846 3121 ἀποφέροντες
2872 3051 3052 3115 οίκίας
3075 3091 3091 3115 ,
3121 3052 3216 3107 καὶ
3259 3052 3580 3124 μερίζοντες
3623 3052 3709 3106 τὸν
3731 3054 3832 3121 ἐμὲ·

2301 3153 2482 3209 ριστον
2509 3156 2524 3170 ⁸
2566 3134 2646 3203 εἷς
2675 3141 2786 3212 γὰρ
2810 3142 2909 3199 καὶ
2944 3142 3145 3205 τέλειος
3173 3144 3232 3197 ἐν
3262 3145 3403 3200 πᾶσι
3436 3144 3690 3213 χρωτός.
3730 3144 3833 3198 Ἀλλ.

2297 3229 2392 3297 ὅτε
2424 3232 2588 3301 σοφός
2616 3249 2678 3285 τε
2708 3235 2844 3303 ἡμῖν
2871 3234 2969 3291 καὶ
2996 3235 3321 3306 ἱεροφάντης
3356 3236 3569 3305 Μωσῆς
3591 3238 3837 3306 παρεγγδᾴ

2297 3324 2474 3392 λέγων
2520 3325 2580 3379 ἐν
2607 3324 2687 3395 τῷ
2716 3327 3146 3397 Δευτερονομίῳ,
3183 3345 3205 3383 ι
3257 3328 3505 3399 Πρόσεχε
3548 3327 3746 3396 σεαυτῷ
3780 3328 3835 3397 μὴ

2297 3416 2599 3488 ἀνενέγκῃς
2627 3417 2690 3471 τὸ
2717 3417 3082 3490 ὁλοκαύτωμά
3110 3436 3207 3478 σου
3232 3421 3290 3473 ὲν
3321 3420 3489 3473 παντὶ
3520 3420 3671 3488 τόπῳ
3702 3414 3742 3487 ᾧ
3765 3420 3838 3473 ἐὰν

2299 3507 2437 3577 ἴδῃς,
2462 3507 2581 3562 ἀλλ’
2614 3508 2647 3579 ἦ
2679 3508 2759 3573 εἰς
2785 3508 2952 3563 τόπον
2974 3508 3034 3563 ὃν
3056 3508 3122 3565 ἂν
3155 3509 3440 3579 indigum
3469 3509 3674 3579 Κύριος
3692 3510 3717 3563 ὀ
3735 3509 3838 3569 Θεὸς

2302 3612 2393 3649 σου
2424 3597 2613 3663 αὑτὸν,
2642 3599 2702 3652 ἐν
2730 3600 2830 3671 μιᾷ
2858 3597 2968 3653 τῶν
3000 3598 3210 3653 πόλεών
3237 3616 3330 3654 σου
3357 3639 3371 3659 .
3401 3602 3519 3653 ἐκεῖ
3544 3600 3765 3661 ἀνοίσεις
3788 3601 3839 3651 τὰ

2297 3682 2723 3755 ὁλοκαυτώματα
2753 3704 2867 3745 σου.
2894 3686 2988 3740 καὶ
3010 3688 3130 3740 ἐκεῖ
3154 3689 3401 3757 ποιήσεις
3432 3688 3616 3741 πάντα
3641 3690 3731 3741 ὅσα
3754 3689 3841 3756 ἐγὼ

2297 3773 2611 3846 ἐντέλλομαί
2652 3792 2733 3833 σοι
2766 3779 3005 3849 σήμερον
3029 3794 3044 3809 ο
3090 3776 3204 3835 ἀλλ’
3238 3776 3272 3848 ἢ
3323 3778 3382 3830 ὲν
3416 3777 3569 3849 πάσῃ
3611 3779 3842 3846 ἐπιθυμίᾳ.

2298 3885 2391 3923 σου
2423 3868 2628 3948 θύσεις,
2661 3870 2758 3925 καὶ
2787 3870 2936 3943 φάγῃ
2977 3869 3115 3939 κρέα
3143 3870 3288 3924 κατὰ
3319 3868 3420 3941 τὴν
3452 3870 3741 3940 ἐπιθυμίαν
3762 3870 3841 3936 τῆς

2294 3959 2471 4032 ψυχῆς
2501 3978 2594 4015 σου
2618 3976 2633 3992 ’
2665 3962 2807 4019 κατὰ
2832 3963 2931 4034 τὴν
2949 3963 3203 4031 εὐλογίαν
3230 3963 3440 4034 Κυρίου
3466 3962 3561 4017 τοῦ
3593 3962 3721 4017 Θεοῦ
3744 3979 3839 4021 σου.

2294 4054 2361 4124 ἣν
2404 4053 2571 4115 ἔδωκέ
2605 4071 2689 4107 σοι
2729 4056 2789 4109 ὲν
2838 4056 2984 4128 πάσῃ
3029 4056 3201 4113 πόλει.
3248 4056 3307 4111 Ὀ
3353 4056 3660 4127 ἀκάθαρτος
3698 4058 3750 4108 ἐν
3774 4054 3842 4106 σοι

2294 4146 2391 4202 καὶ
2410 4147 2437 4199 ὁ
2457 4144 2699 4217 καθαρὸς
2720 4146 2814 4199 ἐπὶ
2841 4147 2901 4201 τὸ
2929 4147 3063 4201 αὐτὸ
3090 4147 3323 4216 φάγεται
3353 4146 3509 4212 αὐτὸ,
3534 4146 3610 4211 ὡς
3637 4144 3839 4216 δορκάδι

2293 4235 2326 4308 ἦ
2362 4235 2583 4305 ἔλαφον»
2626 4236 2767 4308 πλὴν
2803 4237 2867 4295 τὸ
2899 4232 3041 4309 αἷμα
3084 4240 3146 4292 οὺ
3179 4238 3421 4309 φάγεσθε
3444 4276 3461 4303 ,
3494 4240 3588 4292 ἐπὶ
3631 4240 3721 4306 τὴν
3755 4234 3837 4305 γῆν

2292 4327 2532 4397 ὲκχεεῖτε
2566 4327 2731 4393 αὐτὸ.
2778 4329 2853 4393 ὡς
2896 4328 3061 4402 ὕδωρ.
3116 4349 3136 4382 ι
3190 4332 3440 4394 Διανοίας
3487 4325 3583 4384 οὖν
3620 4330 3719 4399 ἄρα
3757 4327 3838 4395 τῆς

2294 4420 2701 4492 βδελυρωτάτης
2740 4421 3088 4494 ἀμπλάκημα
3134 4424 3228 4478 καὶ
3256 4423 3444 4495 γραφὴ
3463 4466 3477 4489 ,
3520 4423 3581 4477 τὺ
3614 4424 3669 4476 ὲν
3700 4418 3835 4477 παντὶ

2290 4514 2440 4586 τόπῳ
2466 4513 2612 4572 θύειν
2639 4514 2975 4586 ἁποτολμᾷν,
2999 4515 3094 4569 καὶ
3130 4515 3205 4586 μὴ
3228 4517 3287 4569 ὲν
3309 4517 3448 4586 οἴκῳ
3471 4514 3604 4569 Θεοῦ
3630 4512 3833 4583 πληροῦν

2287 4604 2351 4669 τὸ
2378 4606 2617 4678 Χριστοῦ
2644 4608 2967 4678 μυστήριον.

2361 4782 2570 4839 ΠΑΛΛ.
2603 4776 2677 4845 Εὖ
2712 4780 2920 4850 λέγεις·
2944 4779 3084 4853 πλὴν
3111 4782 3287 4835 ἐκεῖνο
3310 4781 3539 4853 φράσον.
3573 4778 3833 4851 Τὴναῖμσ-

2289 4889 2382 4935 τος
2404 4872 2608 4942 βρῶσιν
2628 4872 3045 4945 κεκιδδήλευκεν
3067 4876 3097 4927 6
3128 4864 3313 4943 νόμος,
3337 4873 3433 4929 καὶ
3461 4871 3829 4943 uincimus-

2291 4964 2359 5018 Τί
2381 4965 2426 5017 δ’
2466 4963 2531 5017 ἂν
2559 4964 2642 5033 εἴη
2664 4964 2823 5027 πάλιν
2847 4966 2875 5018 6
2897 4963 2956 5018 ἓν
2991 4982 3057 5033 γε
3086 4964 3164 5035 τῷ
3190 4964 3480 5036 γράμματι
3502 4963 3649 5026 νοῦς;

2361 5055 2526 5109 ΚΥΡ.
2552 5053 2848 5121 οὺκοῦν,εί
2871 5055 3038 5121 δοκεῖ,
3061 5055 3130 5108 τὰ
3152 5057 3247 5111 ἐπὶ
3270 5055 3405 5126 τῷδε
3432 5052 3828 5122 τεθεσπισμένα.

2289 5146 2384 5200 καὶ
2405 5146 2463 5197 ὲν
2489 5144 2569 5215 τῷ
2593 5145 2862 5216 Λευιτικῷ
2888 5147 3025 5217 φέρε
3038 5145 3102 5217 δὴ
3119 5145 3390 5216 λέγωμεν.
3421 5145 3573 5215 Ἔχει
3593 5142 3695 5213 γὰρ
3724 5135 3825 5194 ὧδε·

2294 5257 2312 5290 ι
2361 5237 2467 5302 Καὶ
2494 5238 2523 5289 6
2557 5236 2841 5308 ἄνθρωπος
2864 5237 2974 5291 τῶν
3010 5238 3144 5290 υἱῶν
3188 5236 3420 5309 Ἰσραὴλ,
3456 5238 3490 5306 ἢ
3518 5234 3620 5290 τῶν
3645 5247 3826 5304 προση-

2286 5330 2460 5387 λύτων
2490 5329 2598 5383 τῶν
2638 5332 3055 5403 προσκειμένων
3082 5332 3140 5384 ὲν
3170 5333 3297 5403 ὑμῖν
3317 5371 3332 5394 ,
3373 5331 3433 5395 ὃς
3472 5332 3537 5384 ἂν
3568 5329 3705 5398 φάγῃ
3736 5326 3825 5377 πᾶν

2288 5417 2447 5493 αἷμα,
2478 5422 2760 5492 ἐπιστήσω
2781 5422 2842 5475 τὸ
2870 5423 3162 5494 πρόσωπόν
3190 5442 3290 5494 μου
3325 5424 3420 5475 ἐπὶ
3448 5423 3542 5494 τὴν
3560 5420 3721 5491 ψυχὴν
3741 5417 3827 5485 diu

2288 5514 2555 5568 ἕσθουσαν
2597 5515 2659 5568 τὸ
2700 5509 2877 5586 αἷμα,
2928 5517 3021 5569 καὶ
3053 5516 3242 5573 ἀπολῶ
3277 5514 3446 5586 αὐτὴν
3478 5516 3538 5572 ἐκ
3585 5511 3670 5566 τοῦ
3710 5505 3823 5562 λσοῦ

2288 5605 2479 5675 αὐτῆς.
2527 5606 2589 5659 Ἦ
2649 5604 2757 5678 γὰρ
2799 5605 2943 5683 ψυχὴ
3008 5606 3191 5679 πάσης
3250 5607 3453 5685 σαρκὸς
3498 5597 3627 5683 αἷμα
3676 5593 3822 5659 αὺτοῦ

1308 5784 1370 5817 ¹⁹⁶
1410 5785 1582 5841 Exod.
1610 5804 1704 5854 xu,
1734 5789 1819 5845 46.
1899 5792 1943 5822 ’θ
1971 5789 2109 5849 Ibid.
2141 5789 2328 5848 1346.
