4140 6510
338 353 441 415 6‘37

1077 360 1165 415 DE
1206 358 1646 416 ADORATIONE
1686 358 1753 413 IN
1797 320 2067 418 SPIRITU
2108 364 2200 419 ΕΤ
2243 365 2615 425 VERITATE.
2661 364 2790 417 LIB.
2828 362 2896 422 Χ.

3494 366 3603 427 698

335 477 473 531 ἐστι.
520 477 634 533 Καὶ
689 475 801 544 ἐγὼ
833 476 1044 532 δέδωκα
1097 480 1229 534 αὐτὸ
1275 481 1405 551 ὑμῖν
1445 482 1538 535 ἐπὶ
1590 484 1685 536 τοῦ
1722 481 1903 534 θυσια-

2019 482 2144 538 dedi
2169 485 2302 543 illud
2330 485 2488 540 vobis
2517 500 2685 555 super
2711 482 2893 549 altari,
2921 490 2982 537 ut
3004 482 3333 555 propitietur
3359 498 3459 554 pro
3480 482 3602 539 aui-

337 585 558 640 στηριου
580 568 963 633 ἐξιλάσκεσθαι
988 570 1111 641 περὶ
1140 570 1247 625 τῶν
1274 571 1461 643 ψυχῶν
1496 572 1648 643 ὑμῶν
1669 589 1683 603 ⁸
1719 574 1779 625 τὸ
1806 572 1915 643 γάρ

334 654 473 729 αἷμα
511 660 679 715 αὑτοῦ
720 660 841 717 ἀντῖ⁸
885 660 1063 732 ψυχῆς
1113 662 1440 727 ὲξιλάσεται.
1489 664 1588 717 Διά
1636 664 1795 717 τοῦτο
1841 662 1913 717 εἴ·

338 767 479 821 ρηκα
531 754 644 814 τοῖς
681 753 818 814 υίοῖς
877 752 1098 824 Ἰσραήλ
1126 766 1142 782 ·
1169 755 1326 808 Πᾶσα
1372 754 1517 826 ψυχὴ
1557 755 1615 821 ἐξ
1666 754 1821 823 ὑμῶν
1852 755 1914 809 οὐ

333 843 570 912 φάγεται
602 837 765 914 αἷμα.
798 844 908 897 Καὶ
941 844 969 894 6
998 844 1337 916 προσήλυτος
1372 845 1401 899 ὁ
1436 845 1832 917 προσκείμενος
1857 847 1915 898 ὲν

332 934 461 1002 ὑμῖν
500 933 561 986 οὐ
593 935 829 1003 φάγεται
855 928 997 1005 αἷμα
1017 954 1032 969 ο
1063 936 1157 990 καὶ
1190 937 1476 1007 ἄνθρωπος
1500 937 1610 990 τῶν
1645 936 1777 990 υίῶν
1811 938 1915 992 Ἱσ-

333 1024 541 1096 ραὴλ,ἢ
564 1025 673 1079 τῶν
700 1025 1059 1099 προσηλύτων
1085 1027 1193 1082 τῶν
1224 1028 1638 1100 προσκειμένων
1672 1030 1730 1080 ὲν
1760 1030 1911 1099 ὑμῖν,

326 1115 389 1179 ὃς
413 1114 480 1171 ἂν
503 1116 744 1189 θηρεύσῃ
770 1115 1021 1189 θηρευμα
1044 1118 1230 1191 θηρίον
1256 1119 1287 1190 ἣ
1313 1121 1577 1185 πετεινδν,
1598 1120 1627 1174 6
1653 1121 1910 1189 ἐσθίεται,

326 1206 427 1261 καὶ
455 1207 640 1281 ὲκχεεῖ
665 1208 725 1260 τὸ
750 1203 908 1278 αἷμα,
938 1209 1031 1267 Ital.
1070 1210 1300 1281 καλύψει
1334 1212 1465 1265 αὐτὸ
1497 1215 1563 1283 τῇ
1589 1215 1659 1284 γῇ
1693 1229 1706 1242 ·
1739 1215 1771 1283 ή
1805 1213 1913 1285 γάρ

322 1297 475 1368 ψυχὴ
506 1299 688 1369 πάσης
724 1301 942 1370 σαρκὸς,
970 1295 1107 1370 αἷμα
1135 1302 1300 1359 αὑτοῦ
1331 1305 1470 1359 ἐστι.
1506 1307 1615 1358 Καὶ
1652 1302 1779 1360 εἶπα
1801 1309 1913 1373 τοῖς

323 1387 467 1449 υἱοῖς
516 1387 753 1459 Ἰσραήλ·
785 1383 937 1459 Αἷμα
970 1392 1151 1461 πάσης
1170 1391 1370 1462 σαρκὸς
1391 1394 1450 1445 οὐ
1476 1392 1737 1461 φάγεσθε,
1768 1395 1849 1447 ὅτι
1878 1395 1910 1465 ὴ

320 1478 474 1549 ψυχὴ
506 1478 686 1549 πάσης
726 1483 926 1553 σαρκὸς
959 1478 1098 1553 αἷμα
1140 1484 1303 1538 αὐτοῦ
1340 1486 1488 1539 ἐστι’
1525 1488 1629 1549 πᾶς
1658 1488 1686 1539 6
1712 1486 1911 1541 ἐσθίων

320 1570 495 1633 αὐτὸ,
526 1570 1057 1645 ἐξολοθρευθήσεται.
1095 1594 1114 1627 ι
1154 1576 1345 1646 Ἀθρει
1378 1577 1443 1645 δὴ
1468 1571 1561 1630 οὖν
1599 1578 1785 1646 σαφῶς
1819 1580 1911 1633 καὶ

316 1660 632 1729 ἀναφανδὸν
692 1662 769 1727 ὡς
814 1666 894 1731 είς
949 1665 1127 1736 ψυχῆς
1174 1666 1343 1722 τύπον
1400 1668 1460 1723 τὸ
1507 1662 1645 1738 αἷμα
1699 1668 1911 1739 λαμϐά-

323 1767 500 1805 νεται.

396 1846 609 1900 IIAAA.
651 1846 903 1917 Συνίημι.

395 1938 564 1993 ΚΥΡ.
608 1938 903 2010 Ἀλλοτριοῖ
925 1942 1214 2013 τοιγαροῦν
1250 1943 1280 1996 6
1306 1942 1492 2013 νόμος,
1519 1944 1615 1999 καὶ
1643 1942 1904 2012 ὑπεξάγει

315 2031 600 2101 σωμάτων
631 2032 740 2085 τῶν
766 2033 1122 2105 σφαζομένων
1146 2034 1206 2089 τὸ
1227 2031 1366 2106 αἷμα
1385 2076 1400 2100 ,
1435 2036 1612 2106 δόγμα
1639 2036 1903 2093 διδάσκων

314 2124 527 2193 ἀληθὲς
547 2163 561 2187 ,
591 2125 685 2178 καὶ
715 2126 852 2196 πρός
889 2143 953 2197 γε
989 2127 1147 2198 ἡμῶν
1180 2128 1361 2183 αὐτῶν
1396 2130 1454 2181 ὲν
1482 2129 1662 2183 πίστει
1694 2128 1901 2192 δεκτὸν,

312 2217 420 2270 καὶ
451 2219 509 2270 ὲν
542 2216 891 2290 Ἐκκλησὶαις
914 2219 1112 2289 τίμιον,
1142 2220 1223 2286 τὸ,
1253 2220 1521 2275 ἀθάνατον
1550 2217 1688 2277 εῖναι
1719 2239 1901 2293 φημι,

309 2309 630 2365 διακεῖσθαι
672 2311 766 2364 καὶ
810 2315 1027 2383 φρονεῖν
1070 2314 1170 2382 τὴν
1212 2313 1438 2385 λογικὴν
1476 2314 1568 2368 τοῦ
1612 2313 1901 2385 ἀνθρώπου

308 2400 523 2472 ψυχὴν,
560 2404 625 2473 ἦν
657 2405 770 2466 τοῖς
799 2404 1007 2472 γηῖνοις
1040 2402 1311 2475 σώμασιν,
1349 2405 1409 2458 ού
1440 2403 1901 2476 συγκαταφθείρει

310 2493 577 2558 θάνατος,
602 2495 825 2549 ἀπολύει
848 2495 1123 2565 δὲμᾶλλον
1145 2496 1237 2549 καὶ
1258 2498 1471 2568 ἀνίησιν
1492 2498 1521 2549 6
1536 2498 1900 2568 Δημιουργδς,

309 2586 419 2638 καὶ
459 2586 726 2654 ὑπεξάγει
757 2585 852 2639 τοῦ
892 2586 1118 2653 παθεῖν,
1153 2586 1301 2657 ζωῆς
1332 2588 1619 2659 ἀποφήνας
1652 2588 1899 2658 μέτοχον.

307 2676 628 2747 Πεποίηται
652 2677 761 2749 γὰρ
798 2679 827 2731 6
859 2674 1147 2748 ἄνθρωπος
1175 2678 1233 2730 έν
1266 2679 1461 2748 ἀρχαῖς
1482 2681 1561 2742 είς
1586 2680 1763 2751 ψυχὴν
1792 2681 1901 2746 ζῶ-

311 2784 445 2832 σαν,
472 2768 704 2833 ἐνιέντας
726 2768 876 2839 αὐτῷ
906 2768 1001 2823 τοῦ
1030 2769 1166 2823 Θεοῦ
1196 2771 1364 2841 πνοὴν
1392 2771 1536 2841 ζωῆς
1556 2788 1569 2802 ο
1595 2772 1902 2842 γέγραπται

308 2858 432 2931 γὰρ
474 2859 588 2914 ὡδί.
624 2861 1062 2931 Καταγράψομεν
1092 2862 1220 2933 γὰρ,
1260 2861 1511 2933 καθάπερ
1555 2856 1789 2934 ἐγῷμαι,
1842 2864 1903 2918 τὸ

308 2949 517 3005 ἄναλκι
547 2950 645 3020 τῆς
669 2950 740 3004 τὰ
771 2951 949 3004 πάντα
984 2950 1361 3023 ζωογονούσης
1388 2951 1554 3021 ζωῆς,
1601 2955 1651 3006 εἰ
1680 2953 1742 3007 τὺ
1766 2954 1902 3025 πρὸς

308 3040 495 3112 αὐτῆς
531 3044 755 3112 γεγονὸς
790 3045 869 3107 εἰς
910 3043 1075 3114 ζωὴν,
1128 3044 1535 3101 συνδιόλλυσθαί
1576 3062 1756 3116 φαμεν
1790 3049 1902 3113 τοῖς

308 3134 682 3230 προακαίρρις
720 3133 957 3230 σώμασι.
1000 3135 1219 3189 Συνέσει
1252 3136 1308 3189 δὲ
1345 3138 1413 3207 τῇ
1460 3137 1727 3230 παγκάλῳ
1776 3139 1899 3191 στέο
1927 3171 1970 3230 c

305 3223 523 3297 ψομεν,
553 3223 819 3280 ἀθάνατον
850 3219 986 3279 εἶναι
1016 3224 1382 3288 πιστεύοντες,
1410 3224 1603 3280 δοκοῦν
1622 3220 1724 3289 ὧδε
1754 3226 1898 3297 ἔχειν

307 3316 492 3386 αὐτὴν
526 3315 604 3385 τῷ
624 3318 839 3371 πάντων
876 3307 1236 3387 Δημιουργῷ,
1264 3318 1321 3370 ἐν
1348 3311 1393 3385 ᾧ
1426 3316 1609 3387 ζῶμεν
1634 3360 1648 3383 ,
1690 3320 1783 3373 καὶ
1817 3337 1901 3373 κι-

308 3404 583 3475 νούμεθα,
603 3406 697 3459 καὶ
722 3408 907 3477 ἐσμέν,
940 3406 1048 3460 Καὶ
1062 3399 1237 3470 οὗτος,
1271 3403 1425 3476 οἶμαί
1452 3423 1578 3473 που,
1603 3407 1703 3478 τῆς
1733 3426 1898 3479 νομοο

309 3498 510 3560 θεσίας
542 3497 640 3568 τῆς
666 3499 757 3551 ἐπὶ
785 3497 921 3568 τῷδε
956 3497 1137 3565 λόγος.
1172 3498 1371 3568 Ἴωμεν
1403 3497 1461 3552 δὲ
1500 3499 1595 3557 καὶ
1624 3501 1709 3568 ἐφ’
1736 3500 1898 3570 ἕτερα

305 3587 666 3659 δικαιώματα
703 3589 802 3658 τῆς
835 3589 1057 3663 σκηνῆς.
1098 3588 1249 3660 Ἔφη
1284 3588 1462 3642 τοίνυν
1494 3589 1522 3641 6
1568 3589 1699 3652 Θεὸς
1730 3591 1788 3643 έν
1832 3593 1897 3662 τῇ

328 3677 534 3749 Ἐξόδῳ
556 3719 572 3743 ,
614 3697 631 3730 ι
669 3680 743 3732 Ού
794 3679 1017 3747 σφάξεις
1047 3679 1139 3731 ἐπὶ
1170 3679 1315 3749 ζύμη
1349 3675 1490 3749 αἷμα
1530 3680 1899 3752 θυσιάσματός

310 3784 450 3839 μου.
488 3786 507 3819 ι
543 3769 784 3839 ’Δζυμον
831 3768 992 3830 ἔστω,
1032 3770 1165 3838 φησὶ
1186 3812 1200 3831 ,
1231 3770 1290 3822 τὸ
1325 3771 1689 3841 προχεόμενον
1715 3767 1853 3844 αἷμα
1881 3813 1896 3838 ,

309 3860 416 3917 καὶ
448 3859 587 3929 ὑπὲρ
609 3858 701 3912 τοῦ
732 3851 1276 3930 προσκεκομισμὲνου
1305 3864 1385 3924 εἰς
1416 3861 1605 3915 θυσίαν
1634 3863 1713 3935 τῷ
1739 3864 1858 3936 Θεῷ
1880 3904 1896 3931 ,

310 3950 500 4022 ζύμης
532 3952 681 4023 αὐτῷ
707 3951 947 4022 δηλονότι
991 3952 1110 4024 ἦτοι
1138 3952 1466 4023 σεμιδάλεως
1496 3955 1855 4027 ἐζυμωμένης
1880 3996 1895 4020 ,

310 4044 423 4099 οὐκ
454 4042 891 4115 ἐπενηνεγμένης
913 4060 926 4074 ·
960 4044 1065 4115 χρὴ
1092 4044 1197 4115 γὰρ
1219 4046 1365 4115 ἡμᾶς
1386 4048 1899 4120 έκκεκαθαρμένους

311 4139 418 4197 καὶ
439 4136 685 4208 ἀζύμους
716 4136 907 4207 ὥσπερ
949 4137 1315 4206 ὑπάρχοντας,
1344 4138 1489 4191 τοῦτ’
1524 4138 1660 4206 ἐστι,
1692 4141 1791 4212 τὴν
1834 4142 1901 4195 ὲκ

315 4228 663 4298 φαυλότητος
693 4227 788 4280 καὶ
818 4227 1081 4297 πονηρίας
1110 4227 1270 4280 οἱονεί
1298 4245 1412 4291 πως
1457 4229 1775 4300 ἐπιπλοκὴν,
1818 4232 1899 4294 είς

313 4319 447 4373 νοῦν
473 4320 574 4373 οὐκ
602 4318 826 4389 ἔχοντας
855 4357 870 4381 ,
905 4316 1197 4389 καθιεροῦν
1234 4319 1312 4389 τῷ
1359 4318 1481 4387 Θεῷ
1534 4319 1633 4384 τὰς
1689 4321 1898 4376 ἑαυτῶν

310 4409 521 4479 ψυχὰς,
555 4402 631 4463 ὧν
681 4410 760 4471 είς
792 4409 962 4462 τύπον
996 4390 1054 4461 τὸ
1096 4401 1264 4477 αἷμα·
1300 4408 1417 4461 νέον
1448 4409 1504 4461 δὲ
1538 4409 1766 4481 φύραμα
1803 4412 1897 4469 καὶ

2016 578 2213 633 mabus
2244 579 2479 643 vestris;
2523 576 2747 647 sanguis
2783 576 2934 631 enim
2970 576 3091 645 ejus
3121 591 3221 645 pro
3254 576 3435 631 anima
3472 589 3600 645 pro-

2014 669 2322 741 pitiabitur.
2357 670 2486 724 Ideo
2527 668 2639 725 dixi
2677 667 2804 723 ﬁliis
2848 666 3012 721 Israel
3048 685 3059 719 ε
3093 665 3282 727 Omnis
3321 666 3502 729 anima
3534 680 3599 723 ex

2015 759 2172 813 vobis
2212 774 2322 815 non
2369 756 2621 813 comedet
2666 757 3013 825 sanguinem.
3045 755 3112 810 Et
3146 755 3472 831 proselytus,
3504 755 3601 825 qui

2015 850 2299 920 appositus
2351 858 2437 905 est
2471 849 2663 910 vobis,
2693 864 2803 903 non
2851 848 3103 904 comedet
3149 847 3502 917 Sanguinem;
3544 854 3602 902 et

2015 942 2180 997 homo
2202 941 2269 997 de
2294 941 2422 997 ﬁliis
2460 940 2626 1001 Israel
2670 947 2766 999 aut
2812 939 2879 997 de
2903 937 3217 1009 proselytis,
3243 938 3335 1006 qui
3364 938 3598 1007 appositi

2015 1044 2144 1095 sunt
2174 1035 2352 1098 vobis,
2379 1035 2477 1107 qui
2508 1034 2759 1095 venando
2783 1032 2992 1102 ceperit
3038 1031 3231 1101 feram,
3272 1038 3367 1087 aut
3415 1046 3593 1095 avem,

2013 1141 2121 1195 qua
2152 1127 2299 1181 vesci
2320 1126 2473 1189 licet,
2494 1123 2742 1179 eﬁ‘undet
2778 1122 3101 1192 sanguinem
3139 1122 3278 1191 ejus,
3304 1128 3360 1175 et
3383 1121 3597 1190 operiet

2014 1216 2168 1271 illum
2194 1225 2371 1282 terra;
2402 1216 2581 1271 anima
2605 1215 2754 1270 enim
2780 1212 2961 1267 omnis
2988 1213 3193 1275 carnis,
3224 1212 3449 1283 sanguis
3479 1213 3599 1282 ejus

2013 1316 2116 1367 est.
2144 1309 2211 1371 Et
2242 1308 2355 1363 dixi
2384 1307 2511 1362 ﬁliis
2538 1304 2740 1365 Israel:
2765 1304 3096 1374 Sanguinem
3121 1302 3389 1357 universa:
3416 1301 3599 1357 carnis

2012 1417 2125 1463 non
2168 1399 2490 1465 comedetis,
2530 1400 2660 1471 quia
2706 1398 2889 1457 anima
2936 1397 3117 1450 omnis
3151 1396 3335 1451 carnis
3376 1393 3597 1463 sanguis

2012 1494 2132 1564 ejus
2157 1502 2271 1559 est;
2302 1492 2397 1561 qui
2423 1492 2605 1547 ederit
2626 1506 2775 1554 eum,
2802 1488 3265 1544 exterminabitur
3297 1487 3363 1539 ".
3397 1506 3414 1538 ι
3460 1484 3596 1541 Vide

2012 1585 2180 1656 igitur
2204 1594 2392 1654 aperte
2418 1599 2485 1639 ac
2516 1582 2807 1639 manifeste
2832 1598 2933 1653 pro
2959 1581 3156 1637 anima:
3182 1580 3351 1652 ﬁgura
3378 1577 3597 1649 sangui-

2011 1693 2141 1736 nem
2165 1677 2359 1747 accipi.

1937 1834 1980 1897 Β
2080 1847 2280 1904 PALL.
2316 1850 2586 1923 Intelligo.

2080 1940 2237 1997 CYR.
2280 1941 2393 2001 Lex
2423 1941 2589 2010 igitur
2621 1938 2943 2009 sanguinem
2980 1952 3009 1992 a
3042 1935 3367 2008 corporibus
3396 1935 3594 1995 occisis

2008 2034 2244 2111 sejungit
2276 2050 2340 2107 ac
2376 2032 2681 2097 subtrahit;
2724 2045 2832 2100 qua
2865 2030 2919 2083 in
2949 2044 3007 2084 re
3036 2028 3231 2099 dogma
3267 2029 3589 2118 verurtido-

2007 2134 2095 2191 cet
2128 2134 2185 2180 et
2211 2141 2243 2181 a
2282 2125 2443 2183 nobis
2485 2124 2621 2203 ipsis
2656 2123 2764 2183 ﬁde
2810 2128 3115 2189 receptum,
3150 2129 3205 2175 et
3240 2120 3295 2173 in
3331 2121 3593 2183 Ecclesiis

2008 2220 2063 2273 in
2091 2218 2385 2293 praecipuis
2421 2217 2707 2281 habitum;
2745 2230 2942 2285 nempe
2983 2214 3061 2269 sic
3101 2213 3415 2271 habendum
3444 2229 3588 2280 esse,

2006 2320 2068 2364 ut
2103 2310 2343 2367 animam
2386 2308 2627 2371 hominis
2668 2308 2899 2362 rationis
2939 2312 3272 2375 compotem,
3306 2306 3589 2367 immorta-

2005 2402 2114 2457 lem
2140 2411 2432 2471 putemus;
2462 2416 2641 2469 neque
2675 2400 2825 2455 enim
2862 2414 3010 2457 mors
3038 2412 3156 2457 eam
3187 2413 3297 2455 una
3325 2412 3453 2453 cum
3484 2404 3593 2452 ter»

2006 2495 2154 2548 renis
2173 2493 2499 2564 corporibus
2528 2492 2818 2555 interimit,
2859 2490 2953 2549 sed
2980 2490 3165 2561 potius
3187 2489 3281 2549 ille
3302 2490 3588 2553 Conditor,

2005 2585 2100 2654 qui
2128 2584 2204 2639 illi
2231 2585 2403 2639 vitam
2427 2584 2751 2653 impertivit,
2780 2581 3037 2645 absolvit,
3056 2588 3112 2635 et
3138 2580 3369 2644 relaxat,
3387 2595 3451 2637 ac
3464 2580 3591 2643 sub-

2004 2675 2176 2739 ducit,
2217 2675 2510 2744 quominus
2543 2690 2662 2728 eam
2692 2672 3055 2742 perpetiatur.
3090 2670 3289 2729 Factus
3319 2677 3404 2729 est
3440 2671 3590 2733 enim

2005 2766 2171 2820 homo
2208 2766 2277 2820 ab
2319 2766 2438 2835 ipso
2472 2766 2629 2823 initio
2670 2766 2727 2818 in
2762 2764 3002 2819 animam
3042 2762 3339 2826 vi’ventem,
3372 2777 3499 2817 cum
3533 2761 3591 2823 in

2004 2857 2185 2927 ipsum
2228 2857 2371 2910 Deus
2422 2856 2740 2917 immisisset
2795 2855 3050 2924 spiritum
3094 2853 3256 2918 vitae;
3305 2853 3385 2909 sic
3440 2853 3589 2915 enim

2003 2948 2270 3019 scriptum
2306 2956 2392 3003 est
2424 2950 2509 3002 η’.
2547 2948 2917 3018 lmpingemus
2955 2946 3126 3011 enim,
3155 2954 3217 3001 ut
3255 2945 3474 3016 opinor,
3510 2945 3592 3001 in-

2004 3041 2279 3096 ﬁrmitatis
2332 3041 2533 3094 vitium
2587 3040 2715 3095 vita:
2764 3033 2866 3104 illi,
2911 3039 3097 3097 omnia
3148 3037 3469 3099 viviﬁcanti,
3516 3037 3587 3105 si,

2003 3132 2151 3201 quod
2189 3132 2259 3187 ab
2288 3147 2355 3185 ea
2385 3130 2713 3201 productum
2742 3138 2827 3187 est
2853 3138 2913 3183 ut
2938 3128 3107 3193 vivat,
3135 3144 3243 3187 una
3268 3143 3394 3189 Cum
3417 3127 3588 3189 cadu-

2002 3224 2081 3279 cis
2103 3222 2431 3293 corporibus
2456 3221 2761 3277 dixerimus
2785 3220 3045 3286 interire;
3072 3236 3136 3279 ac
3156 3219 3399 3279 vicissim
3422 3234 3556 3279 orna
3571 3247 3588 3259 -

2001 3316 2183 3370 bimus
2220 3314 2480 3384 praeclara
2521 3314 2805 3383 sapientia:
2836 3311 3021 3377 laude,
3051 3317 3101 3367 si
3129 3312 3275 3369 illam
3310 3311 3591 3369 immortav-

2000 3407 2111 3462 lem
2149 3422 2270 3461 esse
2311 3405 2733 3470 crediderimus,
2770 3420 2949 3475 eaque
2982 3404 3297 3459 conditione
3330 3413 3395 3461 ut
3417 3412 3586 3468 esset,

2001 3499 2079 3554 illi
2110 3500 2355 3555 omnium
2390 3513 2579 3554 rerum
2620 3496 2832 3552 Artiﬁci
2866 3497 3162 3566 placuisse,
3194 3495 3355 3571 357
3397 3495 3453 3555 in
3478 3509 3587 3563 quo

1998 3591 2256 3655 vivimus,
2284 3598 2341 3645 et
2366 3604 2652 3645 movemur
2681 3598 2738 3643 et
2760 3602 2972 3645 sumus.
3001 3587 3184 3656 Atque
3217 3587 3321 3641 hoc
3351 3586 3456 3645 sibi
3488 3602 3587 3641 vo-

2000 3683 2121 3737 lunt
2143 3682 2281 3753 legis
2302 3681 2405 3739 hac
2432 3680 2501 3736 de
2526 3697 2585 3735 re
2607 3679 2922 3735 constitutae
2948 3678 3134 3739 verba.
3167 3679 3271 3734 Sed
3297 3695 3589 3749 pergamus

2000 3775 2069 3833 ad
2105 3775 2242 3829 alias
2281 3772 2623 3835 tabernaculi
2668 3774 2835 3845 leges.
2876 3771 2966 3829 Ait
3008 3772 3175 3842 igitur
3221 3772 3487 3830 Dominus
3531 3773 3586 3825 in

1999 3868 2189 3924 Exodo
2218 3885 2230 3920 :
2268 3887 2285 3917 ι
2318 3867 2441 3922 Non
2465 3865 2733 3925 mactabis
2765 3881 2934 3939 super
2962 3864 3233 3921 fermento
3265 3864 3586 3934 sanguinem

1998 3958 2191 4012 hostiae
2214 3972 2351 4017 mete
2372 3958 2440 4011 “.
2474 3975 2491 4005 ι
2530 3944 2660 4015 Sine
2688 3954 2960 4011 fermento
2990 3955 3081 4017 sit,
3110 3954 3310 4023 inquit,
3343 3955 3583 4025 sanguis,

1998 4049 2093 4119 qui
2132 4047 2406 4112 funditur,
2430 4062 2612 4116 neque
2648 4060 2814 4115 super
2843 4044 2920 4107 id,
2947 4043 3095 4117 quod
3130 4044 3241 4098 Deo
3282 4043 3339 4101 in
3374 4044 3583 4103 sacriﬁ-e

1998 4140 2144 4195 cium
2172 4138 2425 4201 offertur,
2451 4136 2782 4193 fermentum
2823 4143 2919 4198 aut
2940 4134 3119 4191 simila
3137 4132 3463 4193 fermentata
3482 4133 3583 4189 ad-

1991 4231 2216 4301 jiciatur
2243 4249 2255 4283 :
2284 4237 2501 4299 oportet
2536 4228 2684 4283 enim
2728 4236 2791 4279 ut
2829 4225 3119 4296 expurgati
3158 4232 3219 4283 et.
3247 4225 3421 4299 azymi
3444 4240 3583 4295 quoe

1996 4324 2311 4387 dammodo,
2345 4322 2402 4376 id
2447 4330 2553 4386 est,
2597 4320 2805 4375 nullam
2850 4318 2972 4374 vitii
3020 4327 3185 4391 atque
3217 4318 3585 4393 improbitatis

1995 4414 2383 4475 admistionem
2424 4411 2485 4469 in
2526 4410 2711 4469 animo
2756 4408 3048 4474 habentes,
3087 4410 3303 4469 animas
3344 4419 3580 4475 nostras.

230 4550 237 4557 ,
311 4493 564 4565 ἀζύμους
591 4495 775 4551 ἐκάλει
814 4497 907 4551 καὶ
952 4497 981 4548 6
1010 4494 1293 4559 θεσπέσιος
1327 4494 1539 4560 Παῦλος
1566 4538 1583 4563 ,
1612 4500 1739 4562 τοὺς
1765 4500 1895 4553 εἰλι-

2004 4520 2233 4575 quarum
2272 4503 2497 4575 sanguis
2540 4502 2772 4574 ﬁguram
2810 4502 2970 4574 gerit,
3008 4502 3121 4559 Deo
3158 4517 3580 4571 consecremus;

315 4588 482 4659 κρινῆ
531 4587 625 4643 καὶ
653 4587 940 4650 ἀθόλωτον,
980 4587 1072 4643 καὶ
1101 4589 1390 4659 ἀσυμμιγῆ
1434 4589 1769 4661 φαυλότητος
1800 4592 1898 4663 τὴν

315 4681 527 4735 οἰκείαν
547 4679 848 4751 τηροῦντας
872 4679 1071 4751 ψυχὴν,
1091 4679 1178 4733 διὰ
1199 4681 1434 4744 πίστεως
1457 4682 1514 4735 δὲ
1533 4682 1772 4753 δηλονότι
1799 4683 1901 4753 τῆς

317 4775 401 4837 εἰς
432 4773 685 4843 Χριστὸν,
717 4772 809 4827 καὶ
835 4773 1055 4842 ἀγάπης
1083 4772 1383 4836 ὁλοτελοῦς.
1428 4774 1568 4827 Ἀλλ’
1602 4793 1620 4825 ι
1658 4775 1792 4829 Οὐδὲ
1824 4776 1898 4847 μὴ

319 4864 615 4937 κοιμηθῇ,
680 4865 835 4933 φησι,
893 4865 1063 4933 στέαρ
1135 4864 1235 4934 τῆς
1308 4865 1502 4937 ἑορτῆς
1585 4884 1725 4939 μου,
1798 4868 1901 4931 ἓως

316 4954 489 5027 πρωῒ,
544 4973 565 5004 ι
621 4954 762 5008 τοῦτ’
796 4954 933 5017 ἔστι,
978 4954 1161 5025 χθιζὸν
1212 4955 1313 5011 οὐκ
1342 4956 1579 5020 ἀνοίσεις
1613 4956 1778 5028 στέαρ
1815 4958 1895 5019 είς

315 5045 500 5115 ὀσμὴν
556 5044 802 5106 εὐωδίας.
861 5044 948 5105 Ἐν
1003 5041 1059 5096 δὲ
1108 5041 1188 5115 τῷ
1234 5044 1507 5114 Λευιτικῴ
1559 5046 1897 5116 σαφεστέραν

318 5138 558 5191 ποιεῖται
582 5131 675 5188 τοῦ
698 5135 865 5203 νόμον
891 5134 992 5204 τὴν
1021 5133 1278 5202 δήλωσιν,
1308 5136 1401 5188 καὶ
1430 5135 1490 5187 τὸ
1522 5136 1711 5206 χρῆμα
1741 5138 1900 5207 ἐναρ-

318 5228 419 5294 γὲς
456 5225 747 5296 καθίστησι
791 5225 966 5293 λέγων
1007 5225 1135 5295 περὶ
1179 5224 1272 5277 τοῦ
1316 5226 1681 5297 προσάγοντος
1726 5225 1895 5296 θῦμα·

325 5338 344 5370 ι
400 5317 517 5375 Κᾶν
552 5316 734 5387 εὐχὴν,
770 5316 803 5386 ἢ
847 5316 1092 5369 ἑκούσιον
1125 5316 1358 5389 θυσιάσῃ
1401 5316 1461 5369 τὸ
1495 5317 1666 5389 δῶρον
1697 5318 1896 5382 αὐτοῦ,

1997 4612 2196 4651 novam
2242 4596 2405 4653 etiam
2452 4596 2904 4665 conspersionem
2939 4602 2996 4651 et
3035 4609 3255 4665 azymos
3292 4594 3585 4667 appellavit

1998 4688 2193 4745 beatus
2222 4687 2424 4745 Paulus
2445 4686 2516 4750 ",
2547 4684 2641 4756 qui
2680 4702 2779 4757 per
2821 4685 2984 4745 ﬁdem
3023 4686 3081 4741 in
3107 4685 3414 4750 Christum,
3440 4687 3582 4743 inte-

1998 4794 2261 4849 gramque
2310 4777 2661 4835 dilectionem
2707 4778 2981 4837 sinceram
3035 4793 3101 4833 ac
3145 4794 3364 4849 puram,
3407 4785 3464 4832 et
3514 4776 3584 4837 ab

1998 4871 2153 4927 omni
2199 4870 2569 4941 improbitatis
2616 4868 2946 4929 admistione
2997 4870 3301 4938 seiunctam
3346 4868 3584 4929 animam

1998 4968 2411 5018 conservarent.
2460 4958 2604 5025 Quin
2646 4959 2813 5017 etiam
2872 4976 2884 5012 :
2952 4978 2971 5012 ‹
3030 4958 3149 5019 Non
3193 4955 3580 5026 pernoctabit,

1995 5051 2195 5122 inquit,
2242 5049 2411 5120 adeps
2452 5048 2768 5107 festivitatis
2809 5063 2942 5105 mea:
2966 5062 3140 5116 usque
3171 5061 3331 5107 mane
3360 5046 3439 5109 “;
3472 5063 3490 5095 ι
3529 5042 3582 5102 id

1995 5150 2100 5206 est,
2137 5143 2461 5201 hesternum
2501 5142 2720 5212 adipem
2754 5157 2863 5197 non
2892 5139 3093 5199 oﬁ'eres
3121 5138 3179 5197 in
3209 5138 3435 5197 odorem
3463 5152 3586 5193 sua-

1996 5230 2197 5287 vitatis.
2224 5230 2282 5289 In
2304 5230 2550 5287 Levitico
2570 5239 2751 5287 autem
2774 5230 3021 5299 apertius
3043 5228 3186 5289 hanc
3208 5227 3385 5301 legem
3405 5227 3582 5298 expli-

2007 5331 2114 5386 cat,
2140 5338 2370 5392 eamque
2394 5339 2507 5381 rem
2536 5324 2880 5393 perspicuam
2912 5320 3041 5377 facit
3066 5319 3256 5377 dicens
3277 5319 3345 5383 de
3372 5336 3459 5383 eo,
3487 5319 3582 5390 qui

320 5406 356 5485 ᾖ
388 5408 455 5463 ἂν
483 5409 665 5480 ἡμέρᾳ
690 5408 1027 5481 προσενέγκῃ
1060 5408 1157 5479 τὴν
1182 5408 1391 5473 θυσίαν,
1412 5410 1772 5480 βρωθήσεται,
1808 5412 1902 5465 καὶ

2008 5416 2169 5473 oﬁ‘ert
2195 5416 2475 5471 victimam
2510 5432 2522 5467 :
2564 5433 2580 5464 ι
2624 5414 2747 5471 Sive
2786 5422 2913 5469 voto
2942 5413 3212 5477 debitum,
3239 5413 3352 5469 sive
3384 5413 3582 5471 volun-

319 5506 389 5574 τῇ
419 5502 639 5572 αὔριον·
691 5502 752 5555 τὸ
800 5502 858 5554 δὲ
904 5501 1259 5570 καταλειφθὲν
1292 5503 1399 5556 ἀπὸ
1439 5503 1547 5557 τῶν
1580 5503 1758 5574 κρεῶν
1802 5506 1901 5575 τῆς

2008 5507 2204 5563 tarium
2234 5505 2623 5565 sacrificaverit
2649 5518 2850 5563 munus
2878 5518 3059 5568 suum,
3089 5518 3198 5573 quo
3241 5502 3329 5557 die
3363 5501 3582 5557 obtule-

322 5595 515 5658 θυσίας
542 5636 557 5659 ,
607 5594 713 5657 ἕως
750 5592 963 5664 ἡμέρας
1014 5594 1224 5664 τρίτης,
1272 5596 1329 5647 ὲν
1373 5595 1507 5665 πυρὶ
1541 5594 1893 5667 καυθήσεται.

2005 5596 2081 5651 rit
2120 5595 2471 5659 sacriﬁcium,
2506 5594 2850 5660 comedetur,
2874 5603 2933 5649 et
2972 5594 3237 5666 postridie
3260 5586 3453 5664 ;quod
3485 5607 3587 5649 au-

400 5777 443 5811 "
474 5777 647 5845 Levii.
691 5794 819 5843 xm,
863 5776 1016 5834 8-14.
1094 5778 1157 5809 ¹¹’
1180 5775 1316 5837 Gen.
1346 5778 1477 5842 11,7.
1554 5779 1598 5808 “
1622 5777 1796 5835 Exod.
1823 5794 2001 5839 xxnv.
2024 5777 2114 5840 23.
2190 5777 2234 5810 ³³
2257 5778 2422 5834 lCor.
2450 5795 2501 5842 γ,
2535 5778 2585 5832 7.
2665 5778 2709 5809 “
2736 5778 2894 5834 Deut.
2927 5793 3077 5840 χχιιι,
3112 5776 3194 5831 l8.
