4140 6516
643 383 746 440 699

1627 392 1683 447 S.
1723 393 1999 449 CYRILLi
2041 392 2509 447 ALEXANDRLVI
2549 394 2868 452 ARCHIEP.

3763 396 3851 455 7'80

645 505 756 553 tem
796 498 1065 569 reliquum
1096 498 1265 554 fuerit
1301 499 1369 554 de
1395 500 1653 556 carnibus
1686 501 1943 557 sacriﬁcii
1969 517 2142 570 usque
2170 500 2225 554 in
2254 506 2280 560 Α

2212 517 2225 554 ι
2254 506 2300 560 Α
2341 498 2465 551 Ἐάν
2494 500 2549 551 δὲ
2579 500 2770 569 φαγὼν
2820 503 2969 573 φάγῃ
3000 501 3107 555 ἀπὸ
3140 502 3248 555 τῶν
3296 502 3471 573 κρεῶν
3515 505 3577 572 τῇ
3612 502 3772 575 ἡμέρα
3794 510 3847 577 τῇ

645 590 791 645 diem
817 591 1063 655 tertium,
1094 591 1203 663 igni
1231 591 1606 647 comburetur.
1634 594 1791 661 Quod
1814 595 1859 649 si
1881 592 2221 649 comedendo

645 681 947 736 comederit
968 682 1035 736 de
1062 682 1321 737 carnibus
1344 683 1433 739 die
1458 684 1643 749 tertio,
1668 701 1776 739 non
1802 685 1909 739 erit
1934 692 2219 754 acceptum

644 772 897 829 oﬂ‘erenti
948 772 1104 839 illud,
1146 790 1256 829 non
1308 774 1673 845 imputabitur
1721 777 1855 846 ipsi;
1913 776 2220 847 inquinatio

642 875 756 929 cst;
811 864 993 919 anima
1045 876 1229 921 autem
1268 883 1389 937 qua:
1429 867 1497 921 de
1533 868 1641 923 illis
1688 868 2009 933 comederit,
2041 869 2221 938 inqui-

641 958 887 1021 nabilur,
911 971 968 1013 et
990 969 1275 1029 peccatum
1305 960 1613 1031 accipiet".
1648 981 1665 1012 ι
1695 961 1883 1017 Tertio
1906 963 2072 1033 igitur
2092 970 2219 1015 ante

641 1046 730 1104 die
750 1049 1089 1104 immolatum
1114 1050 1444 1105 sacriﬁcium
1475 1052 1683 1122 reiicit;
1703 1052 1797 1108 sed
1815 1054 1979 1107 etiam
2004 1053 2219 1107 hester-

640 1154 772 1193 num
791 1154 848 1194 se
872 1141 1111 1195 aversari
1135 1140 1452 1205 declaravit,
1483 1141 1674 1197 dicens
1698 1160 1711 1195 :
1745 1162 1763 1192 ‹
1797 1142 1951 1208 Quod
1975 1143 2018 1196 si
2046 1142 2218 1197 sacri-

644 1228 893 1284 ﬁcaveris
933 1229 1264 1285 sacriﬁcium
1302 1240 1489 1285 votum
1527 1248 1629 1302 pro
1654 1232 1843 1302 gratiis
1866 1231 2091 1302 agendis
2117 1232 2219 1286 Do-

641 1317 879 1381 mino,ut
904 1320 1238 1388 aceeptabile
1255 1319 1327 1374 sit
1346 1321 1524 1387 vobis,
1550 1321 1930 1377 sacriﬁcabitis
1951 1321 2108 1385 illud,
2128 1338 2221 1377 eo-

642 1408 767 1463 dem
789 1410 906 1480 ipso
920 1412 1008 1465 die
1024 1412 1373 1467 comedetur:
1390 1428 1499 1467 non
1516 1413 1862 1483 relinquetur
1880 1414 1947 1468 de
1959 1413 2220 1468 carnibus

643 1498 697 1553 in
728 1516 884 1555 mane
914 1520 926 1554 :
956 1518 1057 1573 ego
1081 1519 1201 1557 sum
1230 1504 1523 1569 Dominus;
1546 1515 1831 1575 peccatum
1854 1506 2086 1575 accipiet
2113 1505 2211 1557 ".i

716 1592 910 1647 PALL.
932 1594 1038 1649 Sed
1062 1595 1314 1664 quisnam
1341 1596 1536 1651 horum
1563 1598 1855 1653 verborum
1878 1613 2073 1652 sensus
2093 1597 2220 1652 est?

713 1684 871 1739 CYR.
907 1685 965 1739 In
1003 1686 1383 1756 superioribus
1410 1687 1495 1743 lex
1529 1688 1688 1744 nobis
1718 1703 2093 1758 sazpenumero
2120 1688 2219 1743 de-

643 1777 967 1832 monstravit
1000 1777 1148 1833 hunc
1186 1794 1393 1834 morem
1427 1795 1547 1836 esse
1580 1781 1780 1836 divinae
1812 1780 2129 1851 Scriptum,
2159 1790 2221 1836 ut

2328 591 2507 662 τρίτῃ,
2540 592 2601 645 ού
2627 592 2949 663 δεχθήσεται
2979 594 3126 665 αύτῷ
3150 594 3227 665 τῷ
3266 596 3621 667 προσφέροντι
3645 596 3776 659 αὐτὸ,
3800 599 3848 651 σὺ

2325 679 2705 752 λογισθήσεται
2738 683 2907 754 αύτῷ,
2944 685 3160 755 μίασμά
3210 686 3356 739 ἐστιν
3384 702 3397 716 ·
3444 688 3477 756 ή
3502 686 3558 739 δὲ
3579 685 3716 757 ψυχὴ
3752 689 3851 757 ἥτις

2328 770 2394 823 ἂν
2424 772 2575 845 φάγῃ
2611 775 2707 828 ἀπ’
2741 776 2910 829 αὐτοῦ
2935 816 2950 837 ,
2983 776 3363 846 μιανθήσεται,
3389 778 3481 831 καὶ
3502 777 3596 847 τὴν
3618 779 3851 849 ἁμαρτίαν

2325 860 2571 929 λήψεται.
2602 882 2619 912 ι
2654 864 2907 934 Τριταϊον
2931 864 3028 934 μὲν
3057 860 3150 918 οῦν
3166 866 3549 934 ἀποπέμπεται
3564 866 3718 936 θῦμα,
3739 886 3849 937 παρο

2327 954 2557 1006 αιτεῖται
2583 953 2639 1005 δὲ
2666 955 2745 1007 ὅτι
2782 957 2874 1007 καὶ
2897 956 2955 1008 τὸ
2989 956 3190 1026 χθιζὸν,
3211 957 3456 1025 διεσάφει
3484 956 3666 1025 λέγων.
3699 977 3715 1008 ι
3751 957 3853 1011 Ἐὰν

2323 1042 2380 1095 δὲ
2414 1042 2582 1116 θύσῃς
2616 1044 2807 1097 θυσίαν
2846 1046 3011 1116 εύχὴν
3060 1046 3413 1117 χαρμοσύνης
3453 1047 3529 1117 τῷ
3567 1048 3757 1118 Κυρίῳ,
3790 1050 3854 1112 είς

2323 1134 2510 1188 δεκτὸν
2535 1136 2664 1206 ὑμῖν
2697 1136 2886 1191 θύσετε
2908 1138 3063 1192 αύτό.
3091 1138 3236 1210 Αύτῇ
3257 1141 3322 1209 τῇ
3346 1140 3528 1210 ἡμέρᾳ
3556 1139 3720 1211 ἐκείνη
3748 1139 3854 1209 βρω-

2326 1227 2568 1298 θήσεται,
2602 1230 2661 1283 ού
2686 1231 3068 1301 καταλείψεται
3092 1233 3200 1286 ἀπὸ
3220 1232 3327 1286 τῶν
3352 1231 3528 1303 κρεῶν
3549 1235 3623 1295 εἰς
3643 1232 3698 1285 τὸ
3717 1234 3850 1302 πρωϊ·

2324 1320 2567 1392 ὲγὼείμι
2602 1322 2828 1395 Κύριος·
2856 1326 2956 1395 τὴν
2988 1325 3262 1397 ἁμαρτίαν
3295 1324 3543 1395 λήψεται.
3585 1343 3602 1375 ι

2395 1597 2601 1651 ΠΑΛΛ.
2642 1593 2775 1653 Εἶτα
2802 1599 2885 1661 τίς
2913 1598 2980 1652 ἂν
3010 1597 3219 1667 γένοιτο
3240 1599 3335 1653 καὶ
3360 1598 3523 1651 τῶνδε
3551 1600 3578 1651 ὁ
3605 1598 3741 1668 νοῦςς

2395 1687 2559 1741 ΚΥΡ.
2603 1688 3063 1759 Προαποδέδειχεν
3104 1691 3234 1761 ἡμῖν
3267 1690 3297 1743 ὁ
3330 1690 3491 1759 νόμος
3522 1689 3577 1741 ὲν
3614 1691 3715 1752 τοῖς
3739 1690 3853 1743 ἀνω-

2324 1776 2468 1847 τέρω
2493 1777 2829 1843 πλειστάκις,
2852 1781 2933 1833 ὄτι
2956 1780 3047 1833 τὸν
3079 1779 3294 1834 ἅπαντα
3318 1779 3509 1850 χρόνον
3547 1779 3855 1849 κατατέμνειν

644 1868 964 1923 universum
1004 1878 1219 1941 tempus
1260 1871 1537 1927 interdum
1574 1873 1711 1928 duas
1760 1873 1815 1927 in
1855 1882 2041 1943 partes
2080 1873 2222 1928 divi-
2252 1856 2279 1912 Ῑ

2219 1905 2222 1912 -
2252 1856 2296 1912 Β
2324 1868 2443 1932 ἔθος
2469 1872 2535 1941 τῇ
2570 1870 2690 1942 θείᾳ
2720 1872 2932 1943 Γραφῇ,
2981 1873 3113 1925 ποτὲ
3144 1872 3243 1943 μὲν
3276 1874 3357 1934 είς
3384 1871 3497 1936 δύο,
3542 1872 3656 1925 καθ’
3678 1873 3730 1925 δι
3757 1868 3854 1943 ἧνό

643 1962 764 2027 dat;
795 1960 849 2014 in
886 1957 1039 2025 illud,
1071 1978 1180 2033 quo
1219 1962 1307 2018 lex
1350 1962 1489 2029 fuit;
1534 1973 1591 2019 et
1635 1964 1789 2029 illud,
1826 1980 1934 2033 quo
1971 1963 2225 2019 Christus

644 2050 865 2106 illuxit:
906 2067 1301 2123 nonnunquam
1350 2054 1405 2108 in
1454 2064 1595 2120 tres,
1646 2072 1714 2110 eo
1763 2065 2011 2126 tempore
2057 2056 2222 2111 etiam

643 2143 950 2214 interjecto,
994 2154 1156 2214 atque
1196 2146 1251 2200 in
1294 2145 1476 2201 medio
1526 2146 1812 2211 collocato,
1847 2162 1957 2217 quo
2002 2154 2223 2201 saneto-

643 2252 765 2289 rum
799 2237 1189 2307 prophetarum
1229 2238 1434 2292 chorus
1471 2237 1711 2304 effulsit;
1750 2239 1845 2293 sed
1898 2247 2077 2293 tamen
2114 2248 2223 2293 tam

643 2344 711 2383 co
755 2337 1022 2399 tempore,
1067 2346 1177 2400 quo
1216 2330 1447 2401 Moyses,
1482 2346 1647 2400 quam
1690 2346 1758 2385 eo
1795 2347 1903 2401 quo
1944 2332 2225 2403 propheta:

642 2419 885 2484 fuerunt,
915 2420 1105 2475 eadem
1154 2421 1296 2476 ratio
1341 2421 1523 2476 cultus
1549 2422 1846 2476 exhibendi
1882 2421 2013 2487 fuit;
2060 2422 2226 2493 358

643 2511 907 2565 nimirum
941 2512 996 2565 in
1027 2513 1237 2568 umbris
1268 2513 1449 2568 adhuc
1489 2513 1643 2584 legis.
1678 2512 1805 2577 Sed,
1832 2529 1955 2567 cum
1987 2515 2096 2584 jam
2143 2514 2225 2569 di-

646 2602 892 2666 lutisset,
924 2618 988 2658 ac
1034 2604 1253 2659 tertium
1301 2606 1437 2660 illud
1484 2615 1701 2674 tempus
1746 2606 2107 2674 apparuisset,
2139 2615 2221 2660 at-

644 2709 753 2763 que
794 2694 965 2758 orbis,
997 2695 1090 2765 qui
1135 2695 1237 2750 sub
1275 2696 1387 2750 sole
1432 2705 1537 2760 est,
1572 2696 1863 2749 universus
1896 2694 2251 2766 intelligibili‘

641 2784 869 2849 lumine,
905 2783 959 2840 id
983 2793 1086 2849 est,
1109 2784 1311 2841 Christi
1329 2786 1623 2857 splendore
1652 2787 2021 2842 circumfusus
2049 2800 2213 2852 esset,

634 2875 749 2946 jam
777 2876 952 2931 veteri
994 2877 1225 2947 caligine
1266 2878 1534 2941 discussa,
1576 2879 1666 2933 illa
1700 2880 1881 2935 cultus
1913 2880 2074 2943 ratio,
2103 2896 2223 2950 qua:

640 2981 709 3020 eo
747 2974 991 3036 tempore
1028 2967 1297 3038 viguerat,
1331 2984 1440 3022 non
1494 2968 1677 3023 adhuc
1714 2980 1866 3040 grata
1906 2980 1961 3025 et
1999 2978 2222 3040 accepta

640 3070 746 3124 est,
777 3060 874 3115 sed
919 3059 1088 3129 adeps
1132 3069 1228 3114 aut
1268 3059 1596 3115 sacriﬁcium
1632 3062 1747 3116 sive
1781 3061 2100 3116 hesternum
2131 3062 2219 3127 sit,

2325 1960 2509 2031 νόμος,
2550 1962 2645 2015 καὶ
2688 1962 2808 2015 καθ’
2853 1963 2911 2016 ὃν
2956 1964 3269 2035 ἐπέλαμψεν
3309 1965 3339 2017 ὁ
3371 1964 3619 2033 Χριστός
3652 1965 3765 2016 ποτὲ
3809 1963 3853 2016 δὲ

2325 2049 2416 2117 αὖ,
2442 2053 2523 2117 είς
2554 2055 2705 2125 τρεῖς
2744 2056 3263 2126 παρεισκρινομένου
3303 2073 3363 2108 τε
3395 2056 3487 2109 καὶ
3516 2054 3582 2107 τὰ
3615 2055 3855 2117 τάττοντος

2328 2143 2551 2212 μεταξὺ,
2580 2145 2672 2197 καὶ
2695 2144 2818 2199 καθ’
2845 2145 2903 2198 ὃν
2932 2146 2959 2197 ὀ
2982 2146 3091 2199 τῶν
3112 2146 3282 2215 ἁγίων
3308 2145 3600 2219 προφητῶν
3623 2144 3854 2214 ἀνέλαμψε

2324 2237 2500 2308 χορὸς,
2531 2237 2671 2307 πλὴν
2702 2238 2783 2291 ὅτι
2815 2238 2911 2291 καὶ
2941 2239 2999 2291 ὲν
3036 2239 3211 2309 χρόνῳ
3246 2238 3326 2309 τῷ
3359 2238 3503 2292 κατὰ
3545 2238 3757 2298 Μωσέα,
3783 2237 3855 2288 καὶ

2324 2331 2383 2383 ὲν
2425 2329 2504 2401 τῷ
2543 2330 2651 2383 τῶν
2699 2331 2871 2399 ἁγίων
2909 2331 3205 2401 προφητῶν
3249 2332 3503 2403 λατρείας
3540 2326 3605 2402 ἦν
3636 2330 3855 2402 τρόποςό

2324 2422 2503 2485 αὐτὸς,
2534 2421 2611 2485 ὡς
2638 2423 2696 2476 ὲν
2723 2424 2903 2485 σκιαῖς
2941 2421 3020 2475 ἔτι
3059 2425 3177 2485 ταῖς
3209 2422 3351 2477 κατὰ
3381 2424 3562 2493 νόμον.
3596 2424 3788 2495 Πρωῒας
3812 2420 3855 2477 δι

2323 2512 2653 2583 γενομένης,
2683 2514 2804 2583 ἦτοι
2836 2512 2930 2566 τοῦ
2957 2512 3139 2583 τρίτου
3166 2512 3351 2566 λοιπὸν
3379 2512 3539 2567 πάλιν
3564 2512 3854 2583 ἀναδειχθέν-

2321 2619 2413 2665 τος
2440 2602 2655 2671 καιροῦ,
2696 2604 2791 2655 καὶ
2820 2602 2915 2656 τοῦ
2956 2603 3147 2672 νοητοῦ
3191 2602 3391 2671 φωτὸς,
3425 2602 3567 2655 τοῦτ’
3598 2603 3720 2666 ἔστι,
3748 2603 3855 2671 Χρι-

2325 2693 2472 2756 στοῦ,
2523 2694 2621 2767 τὴν
2671 2696 2761 2764 ὑφ’
2805 2695 2958 2765 ἥλιον
3008 2696 3562 2766 περιαστράπτοντος,
3608 2692 3856 2763 λελυμένης

2322 2785 2379 2839 δὲ
2404 2784 2589 2838 λοιπὸν
2627 2787 2727 2856 τῆς
2765 2787 3001 2850 παλαιᾶς
3042 2785 3257 2856 ἀχλύος,
3293 2786 3481 2841 οὐκέτι
3511 2787 3685 2850 δεκτὸς
3707 2787 3787 2854 τῆς
3811 2785 3856 2835 τὸ

2322 2878 2575 2947 τηνικάδε
2613 2880 2869 2951 λατρείας
2909 2882 2936 2933 6
2976 2880 3199 2950 τρόπος.
3267 2879 3387 2932 ἀλλ’
3427 2881 3533 2933 εἴτε
3564 2878 3749 2950 χθιζὸν,
3779 2876 3856 2927 εῖτ·

2322 2968 2415 3026 οῦν
2438 2972 2524 3042 εἴη
2545 2972 2606 3025 τὸ
2633 2974 2873 3040 τριταῖον
2901 2972 3087 3041 στέαρ.
3114 2972 3147 3041 ἢ
3177 2971 3344 3041 θύμα,
3373 2972 3557 3025 δεκτὸν
3584 2971 3673 3041 μὲν
3692 2969 3854 3027 οὐκέτι,

2326 3062 2579 3134 βδελυρὸν
2610 3063 2666 3116 δὲ
2714 3063 2808 3116 καὶ
2852 3062 3157 3132 ἀπόϐλητον
3197 3062 3348 3132 παρά
3392 3061 3531 3132 Θεῷ,
3561 3061 3648 3115 καὶ
3679 3063 3729 3113 ὲν
3756 3058 3857 3128 μιά-

642 3151 757 3205 sive
783 3150 1096 3215 tertianum,
1128 3149 1271 3221 apud
1300 3150 1472 3205 Deum
1495 3152 1832 3206 exsecrabile
1864 3160 1965 3214 cst,
1995 3161 2049 3206 et
2069 3168 2223 3206 aver-
2249 3192 2277 3253 ί

2219 3184 2223 3192 -
2249 3192 2295 3253 Ο
2327 3170 2533 3223 σματος
2563 3153 2712 3218 τάξει
2741 3152 3121 3222 λελογισμένον
3146 3156 3258 3216 τοῖς
3276 3152 3396 3253 ὀὐκ
3438 3156 3494 3206 ὲν
3521 3150 3687 3222 καιρῷ
3718 3163 3854 3219 προσ·

642 3252 795 3297 satur
832 3258 895 3297 ac
930 3242 1160 3313 respuit,
1196 3249 1253 3297 et
1302 3242 1479 3297 alieno
1514 3251 1762 3313 tempore
1800 3241 2000 3297 oﬁ’errc
2034 3243 2221 3297 volen-

645 3335 793 3390 tibus
823 3351 923 3405 pro
962 3335 1377 3405 inquinamento
1418 3334 1734 3404 deputatur.
1774 3334 1876 3397 An,
1909 3350 2031 3388 cum
2062 3334 2222 3389 Chri-

643 3434 761 3481 stus
786 3426 1113 3497 evangelieis
1150 3425 1457 3495 disciplinis
1490 3426 1732 3480 illustret
1767 3434 2079 3480 sanctorum
2110 3425 2226 3479 ani-

644 3534 783 3583 mos,
811 3533 1017 3587 eosque
1048 3517 1348 3586 spiritualis
1371 3517 1552 3570 cultus
1575 3517 1843 3570 rationem
1867 3516 2070 3585 optime
2098 3532 2225 3586 per-

645 3610 860 3672 doceat,
893 3609 1117 3662 minime
1160 3615 1323 3677 putas
1368 3622 1736 3678 supervacuas
1777 3622 1899 3661 esse
1934 3608 2045 3677 jam
2086 3596 2224 3677 quo-

645 3698 937 3754 damnodo
984 3708 1147 3767 atque
1182 3696 1405 3752 inutiles
1440 3696 1575 3767 .egis
1600 3696 2050 3751 observationes?

718 3788 913 3843 PALL.
952 3788 1066 3858 Ego
1088 3802 1221 3842 vero
1242 3787 1438 3853 fateor;
1471 3802 1649 3857 neque
1684 3787 1832 3841 enim
1868 3787 2060 3857 ignoro
2084 3796 2224 3841 ster-

646 3897 774 3938 cora
812 3896 876 3936 ac
903 3880 1232 3936 detrimenta
1263 3880 1482 3935 beatum
1508 3880 1737 3935 Paulum
1768 3880 2067 3950 appellasse
2093 3880 2228 3949 legis

646 3983 987 4037 ornamenta,
1010 3980 1236 4042 propter
1260 3970 1595 4027 eminentem
1623 3971 1907 4027 scientiam
1928 3970 2135 4027 Christi
2160 3971 2225 4036 ";

644 4064 808 4119 video
843 4066 991 4119 enim
1036 4064 1189 4119 illum
1234 4064 1302 4119 ad
1343 4064 1609 4135 quosdam
1658 4063 1943 4134 scripsisse
1986 4081 1998 4115 :
2043 4082 2059 4111 ι
2096 4062 2227 4117 Dico

644 4165 828 4212 autem
867 4156 1046 4223 vobis,
1079 4157 1342 4226 quoniam
1369 4157 1413 4211 si
1444 4155 1943 4221 circumcidamini,
1976 4153 2228 4211 Christus

643 4247 804 4301 vobis
832 4246 968 4300 nihil
1000 4245 1248 4318 proderit
1274 4246 1343 4300 “.
1379 4266 1395 4297 ι

714 4336 871 4392 CYR.
913 4336 1080 4391 Recte
1108 4337 1207 4391 ais.
1237 4336 1406 4407 Igitur
1434 4343 1718 4406 peccatum
1754 4344 1859 4400 est,
1887 4345 1943 4391 et
1972 4336 2226 4408 inquina-

644 4430 815 4484 menti
853 4430 1099 4499 plenum,
1132 4428 1479 4485 manifestato
1506 4430 1617 4500 jam
1646 4429 1887 4493 Christo,
1921 4445 2047 4484 cum
2085 4440 2225 4487 tem-

2330 3241 2576 3313 κομίζειν
2617 3241 2930 3315 ᾑρημένοις.
2984 3246 3052 3297 Ἦ
3099 3244 3199 3297 οὐκ
3250 3238 3394 3297 εῖναι
3428 3242 3766 3313 φὴς-ἀληθὲς,
3793 3241 3856 3293 ὅτι

2330 3335 2566 3408 Χριστοῦ
2602 3334 3048 3405 καταλάμποντος
3102 3336 3215 3397 τοῖς
3264 3334 3631 3403 εύαγγελικοῖς
3679 3328 3857 3385 παιδεύ-

2336 3445 2468 3498 μασι
2515 3426 2614 3490 τὰς
2662 3427 2772 3478 τῶν
2826 3425 2997 3493 ἁγίων
3045 3426 3224 3495 ψυχὰς
3257 3426 3351 3479 καὶ
3404 3428 3483 3487 είς
3513 3423 3745 3493 λατρείαν
3784 3420 3857 3488 τὴν

2334 3520 2709 3591 πνευματικὴν
2738 3517 3221 3590 μυσταγωγοῦντος
3249 3514 3308 3572 εὖ
3343 3517 3510 3589 μάλα,
3544 3514 3748 3587 περιττά
3768 3528 3857 3573 πως

2334 3611 2436 3682 ἠδη
2462 3611 2553 3664 καὶ
2587 3610 2839 3681 ἀνωφελῆ
2866 3610 2935 3664 τὰ
2968 3611 3025 3663 ὲν
3046 3609 3231 3680 νόμῳ;

2404 3791 2611 3845 ΠΛΛΛ.
2678 3787 2843 3857 Φημί.
2897 3788 3262 3859 Μεμνήσομαι
3317 3786 3430 3859 γὰρ
3478 3785 3571 3839 τοῦ
3620 3780 3857 3837 θεσπεσίου

2334 3881 2571 3941 Παύλου,
2600 3878 2845 3933 σκύϐαλα
2870 3878 2967 3931 καὶ
2991 3877 3192 3949 ζημίαν
3213 3877 3646 3948 ἀποκεκληκότος
3670 3873 3728 3928 τὰ
3748 3885 3859 3925 κατα

2333 3974 2496 4043 νόμον
2526 3972 2819 4040 αὐχήματα
2839 4011 2853 4031 ,
2887 3970 2973 4022 διὰ
3012 3971 3075 4022 τὸ
3110 3970 3372 4041 ὑπερέχον
3405 3970 3505 4041 τῆς
3534 3968 3761 4037 γνώσεως
3785 3960 3858 4015 τοῦ

2333 4062 2589 4134 Χριστοῦ.
2632 4059 2839 4113 ’Δκούω
2868 4059 2924 4111 δὲ
2946 4060 3282 4130 γεγραφότος
3309 4060 3442 4111 τισί·
3478 4058 3656 4125 «Λέγω
3684 4054 3732 4106 δὲ
3758 4053 3859 4119 ὑμῖν

2333 4154 2414 4206 ὅτι
2436 4153 2529 4206 ἐὰν
2542 4168 2606 4205 πε
2614 4152 2727 4223 ριτέ
2737 4168 2842 4221 μνη
2853 4148 3208 4219 σθε,Χριστος
3230 4148 3383 4201 οὐδὲν
3410 4149 3557 4219 ἡμᾶς
3575 4144 3854 4215 ὠφελήσει.»

2403 4342 2567 4397 ΚΥΡ.
2621 4338 2829 4410 Ὀρθῶς
2862 4338 3015 4408 ἔφης.
3050 4333 3258 4389 Οὐκοῦν
3312 4335 3559 4406 ἁμαρτία
3603 4334 3691 4385 καὶ
3725 4329 3857 4401 μολυ-

2336 4436 2491 4506 σμὸς,
2526 4430 2937 4501 ἀναδειχθέντος
2966 4426 3225 4499 Χριστοῦ,
3259 4426 3351 4480 καὶ
3377 4426 3759 4497 παρελάσαντος
3785 4418 3857 4473 τοῦ

643 4536 749 4591 pus
791 4521 923 4575 illud
967 4520 1315 4591 pmtericrit,
1354 4537 1464 4591 quo
1499 4521 1589 4576 lex
1627 4530 1684 4576 et
1725 4522 2005 4591 propheta:
2039 4523 2227 4594 vigue-
2261 4545 2278 4600 ι

2222 4556 2227 4564 -
2261 4545 2304 4600 D
2334 4526 2544 4598 καιροῦ,
2565 4524 2687 4577 καθ’
2708 4518 2848 4591 ὃνῆν
2877 4523 2903 4573 ὁ
2924 4520 3084 4591 νόμος
3111 4521 3205 4573 καὶ
3229 4521 3276 4571 οἱ
3312 4520 3604 4589 προφῆται,
3630 4515 3720 4585 τῆς
3735 4513 3797 4575 ὡς
3814 4512 3857 4561 ἐν

646 4622 798 4677 runt,
827 4614 967 4667 velle
1001 4614 1349 4669 umbratilem
1396 4613 1548 4668 illum
1589 4614 1798 4669 cultum
1830 4614 2092 4681 retinere,
2132 4632 2227 4671 au-

646 4705 888 4775 dereque
915 4706 1026 4759 Deo
1067 4720 1248 4769 ovem,
1292 4715 1387 4761 aut
1428 4705 1668 4775 adipem,
1704 4713 1799 4759 aut
1825 4705 1951 4759 thus
1989 4706 2225 4773 offerre;

646 4812 772 4851 cum
802 4797 1088 4867 perspicue
1115 4796 1261 4851 dicat
1290 4796 1460 4851 Filius
1490 4797 1637 4852 Patri
1673 4813 1736 4852 ac
1765 4798 1877 4852 Deo
1907 4815 1917 4850 :
1951 4817 1967 4848 ι
2006 4797 2229 4854 Sacriﬁ-

646 4887 793 4942 cium
824 4896 879 4941 et
916 4888 1251 4943 oblationem
1294 4888 1544 4953 noluisti,
1577 4904 1776 4959 corpus
1812 4899 1994 4944 autem
2029 4892 2227 4960 aptasti

646 4979 802 5034 mihi.
859 4979 1187 5034 Holocausta
1238 4989 1295 5034 et
1341 4994 1441 5049 pro
1484 4988 1710 5049 peccato
1747 4996 1857 5034 non
1903 4981 2231 5049 placuerunt

649 5072 779 5139 tibi;
812 5082 945 5127 tunc
981 5072 1093 5127 dixi
1135 5089 1148 5125 :
1190 5072 1328 5127 Ecce
1356 5071 1518 5127 venio
1556 5089 1566 5123 :
1611 5072 1666 5125 in
1707 5072 1886 5141 capite
1927 5073 2053 5126 libri
2090 5074 2230 5128 scri-

648 5172 802 5234 ptum
851 5173 935 5219 est
984 5162 1052 5219 de
1101 5179 1220 5229 me,
1277 5171 1338 5217 ut
1391 5163 1656 5228 facerem,
1692 5164 1856 5227 Deus,
1893 5164 2231 5221 voluntatem

648 5264 799 5308 tuam
828 5254 893 5306 ".
937 5272 955 5303 ι
1009 5253 1167 5315 Nam.
1208 5265 1561 5325 posteaquam
1601 5254 1773 5309 Filius
1829 5255 2231 5312 immaculatam

646 5346 927 5400 victimam
964 5359 1064 5413 pro
1106 5344 1268 5401 nobis
1308 5346 1528 5409 obtulit,
1570 5344 1839 5416 legalibus
1883 5347 2230 5404 caeremoniis

653 5437 813 5492 ﬁnem
849 5435 1127 5506 imposuit,
1164 5452 1288 5492 cum
1317 5454 1378 5493 ea
1410 5438 1624 5493 auferre
1666 5448 1890 5508 peccata
1936 5454 2047 5493 non
2091 5454 2220 5509 pos-

652 5539 803 5595 sent;
845 5530 971 5585 ﬁnis
1006 5530 1150 5583 enim
1181 5530 1314 5601 legis
1346 5548 1410 5587 ac
1441 5533 1853 5603 prophetarum,
1880 5531 2147 5591 Christus.

722 5622 919 5679 PALL.
960 5623 1131 5679 Recte
1172 5625 1270 5680 ais.

726 5805 771 5835 "
801 5803 979 5862 chit.
1010 5822 1101 5871 vn,
1136 5806 1197 5861 l6
1238 5806 1299 5862 l8
1396 5810 1435 5840 "
1466 5807 1601 5864 Ibid.
1653 5807 1731 5863 l2.
1810 5809 1853 5840 ’⁷
1894 5808 2128 5879 Philipp.
2157 5823 2233 5869 ιιι,
2279 5804 2329 5863 ει

2332 4620 2511 4680 σκιαῖς
2535 4614 2788 4685 λατρείας
2814 4611 3165 4682 ἀντέχεσθαι·
3199 4611 3294 4663 καὶ
3322 4610 3441 4681 Θεῷ
3474 4609 3746 4679 προσάγειν
3763 4605 3857 4655 ἑπι-

2328 4711 2527 4781 χειρεῖν
2552 4708 2652 4771 δῖν,
2688 4706 2721 4776 ἢ
2769 4704 2958 4774 στέαρ,
2996 4703 3028 4773 ἢ
3069 4702 3362 4755 λιϐανωτόν
3391 4719 3405 4733 ·
3453 4701 3624 4755 καίτοι
3651 4699 3857 4763 λέγοντος

2325 4800 2568 4872 ἐναργῶς
2603 4797 2697 4852 τοῦ
2731 4795 2863 4849 Υίοῦ
2908 4795 2985 4866 τῷ
3031 4794 3149 4865 Θεῷ
3181 4795 3277 4847 καὶ
3300 4795 3493 4866 Πατρί·
3515 4813 3532 4845 ι
3569 4790 3754 4844 Θυσίαν
3782 4781 3857 4836 καὶ

2326 4889 2640 4963 προσφορὰν
2678 4889 2777 4942 οὐκ
2823 4886 3117 4957 ἠθέλησας,
3144 4886 3301 4957 σῶμα
3340 4885 3396 4939 δὲ
3443 4882 3737 4953 κατηρτίσω
3766 4891 3853 4944 μοι-

2339 4981 2796 5052 Ὀλοκαυτώματα
2843 4979 2934 5032 καὶ
2982 4978 3110 5049 ’περὶ⁵
3154 4978 3427 5049 ἁμαρτίας
3454 4977 3551 5030 οὐκ
3571 4972 3853 5044 ηὐδόκησας,

2331 5078 2452 5130 τότε
2476 5070 2649 5136 εἷπον,
2687 5073 2817 5126 Ἰδοὺ
2845 5072 2984 5141 ἥκω
3008 5071 3066 5122 ἐν
3093 5070 3339 5139 κεφαλίδι
3362 5069 3563 5140 βιόλίου
3588 5067 3854 5135 γέγραπται

2330 5177 2397 5214 πε
2408 5159 2623 5231 ρ’ίὲμοῦ,
2648 5163 2741 5217 τοῦ
2757 5162 2999 5230 ποιῆσαι,
3022 5161 3051 5213 ὁ
3066 5159 3218 5225 Θεὸς,
3239 5161 3299 5214 τὸ
3319 5159 3529 5232 θέλημά
3550 5174 3656 5210 σου.
3671 5154 3855 5220 ’Ἀμω-

2334 5274 2439 5326 μον
2465 5256 2566 5323 γὰρ
2605 5251 2788 5326 ὥσπερ
2827 5254 3022 5325 ἱερεῖον
3052 5252 3242 5307 ἑαυτὸν
3271 5254 3409 5325 ὑπὲρ
3438 5251 3589 5323 ἡμῶν
3618 5242 3809 5302 ἀναθείς
3833 5238 3855 5288 δ

2335 5345 2482 5407 Υἱὸς.
2530 5345 2722 5415 ἔστησε
2756 5344 2827 5399 τά
2876 5346 2933 5398 ὲν
2960 5346 3133 5417 νόμῳ,
3191 5345 3458 5417 περιελεῖν
3508 5336 3759 5413 ἁμαρτίας
3803 5328 3851 5381 οὗ

2332 5436 2637 5505 δυνάμεναο
2683 5435 2841 5499 τέλος
2890 5436 3001 5507 γὰρ
3042 5437 3208 5508 νόμου
3240 5437 3346 5491 ’καὶ
3379 5432 3658 5506 προφητῶν
3689 5429 3715 5481 ὁ
3744 5424 3857 5491 Χριι

2333 5528 2474 5590 στός.

2400 5622 2603 5677 ΠΛΛΛ.
2652 5613 2727 5676 Εῦ
2760 5621 2913 5692 ἔφης.

2412 5806 2455 5834 ⁵⁸
2483 5804 2655 5863 Galat,
2691 5821 2741 5869 ν,
2774 5803 2827 5857 2.
2907 5804 2949 5835 ¹⁹
2996 5802 3136 5859 l'sal.
3186 5816 3362 5866 XXXIX,
3401 5796 3509 5855 7-9.
