4140 6510
303 395 406 455 701

1054 392 1142 447 DE
1180 389 1622 447 ADORATIONE
1661 389 1728 444 1N
1769 389 2041 445 SPIRITU
2085 387 2172 442 ET
2203 367 2583 441 IVERITATE.
2621 380 2750 434 LIB.
2796 377 2860 432 Χ.

3468 369 3573 426 702

375 511 538 567 ΚΥΡ.
583 509 682 564 Διὰ
716 509 947 581 νομικῆς
978 504 1073 562 οὖν
1105 508 1213 579 ἄρα
1254 505 1512 577 λατρείας
1540 505 1833 576 ἀπρόσιτος
1862 505 1891 557 6

2063 503 2221 559 CYR.
2262 501 2393 555 Post
2424 498 2570 552 illam
2601 495 2769 566 igitur
2804 493 2859 547 in
2892 491 3110 548 Christo
3143 485 3572 545 consummatio-

301 606 515 678 Πατὴρ.
551 603 690 676 μετὰ
721 603 822 675 τὴν
860 602 919 655 ὲν
959 599 1181 674 Χριστῷ
1211 598 1511 663 τελείωσιν,
1546 597 1802 669 προσιτός
1833 595 1892 652 δέ

301 699 422 751 ἑστι
443 695 533 750 διὰ
562 695 723 764 μόνου
749 691 844 746 τοῦ
873 689 1023 744 ficii.
1057 690 1348 761 Τοιγάρτοι
1369 689 1464 742 καὶ
1488 687 1893 757 ἐφασκεν,ιοὺο

300 789 417 851 δεὶς
441 787 660 858 ἔρχεται
680 784 817 856 πρὸς
851 782 943 836 τὸν
968 781 1208 854 Πατέρα,
1237 784 1287 834 εἱ
1321 780 1398 852 μὴ
1426 779 1495 834 δι’
1526 779 1683 850 ἐμοῦ.
1721 797 1740 831 ι
1769 781 1893 832 Ὅτι

299 879 365 933 δὲ
396 878 597 933 ἄθυτόν
628 893 687 930 τε
715 877 811 931 καὶ
835 875 1024 937 ἀτελὲς
1061 875 1170 928 πᾶν
1199 873 1303 926 είτι
1341 873 1416 944 μὴ
1451 875 1510 926 ὲν
1538 872 1782 946 Χριστῷ,
1809 871 1896 925 δε-

302 970 438 1025 κτὸν
468 969 526 1023 δὲ
570 969 664 1023 καὶ
705 967 998 1040 ἱερώτατον
1023 966 1084 1021 τὸ
1111 966 1178 1020 δι’
1204 964 1370 1020 αὐτοῦ
1399 981 1458 1018 τε
1490 963 1584 1018 καὶ
1611 965 1669 1017 ὲν
1725 961 1894 1033 αὐτῷ,

305 1064 482 1133 σαφὲς
510 1062 576 1116 ἂν
594 1062 802 1134 γένοιτο
827 1060 922 1116 καὶ
945 1061 1014 1114 δι’
1035 1053 1110 1114 ὧν
1140 1061 1168 1115 6
1193 1059 1358 1129 νόμος
1384 1060 1442 1113 ὲν
1474 1058 1572 1129 μὲν
1596 1059 1662 1128 τῇ
1704 1055 1897 1123 Ἐξόδῳ

305 1155 502 1227 φησιν·
539 1173 555 1205 ι
569 1155 680 1225 υύχ
704 1153 926 1224 έψήσεις
948 1153 1087 1224 ἄρνα
1105 1153 1162 1206 ἐν
1184 1150 1416 1221 γάλακτι
1448 1149 1652 1220 μητρὸς
1670 1146 1856 1201 αὑτοῦ·
1874 1166 1892 1198 ι

304 1249 369 1302 ὲν
397 1249 457 1304 δὲ
476 1247 554 1319 τῷ
579 1245 871 1316 Λευιτικῷ·
894 1265 912 1296 ι
927 1245 1033 1301 Καὶ
1060 1244 1288 1314 έλάλησε
1307 1242 1510 1314 Κύριος
1533 1242 1669 1312 πρὸς
1691 1239 1899 1309 Μωσῆν

302 1343 510 1411 λέγων’
543 1340 761 1410 Μόσχον
807 1338 841 1407 ἢ
876 1338 1150 1410 πρόϐατον
1189 1335 1223 1406 ἢ
1250 1331 1382 1403 αἶγα
1419 1328 1463 1403 ᾧ
1493 1332 1558 1388 ἂν
1589 1332 1777 1403 τεχθῇ,
1808 1331 1900 1384 καὶ

305 1435 471 1489 ἔσται
511 1431 652 1486 ἑπτὰ
679 1431 892 1503 ἡμέρας
939 1429 1044 1484 ὑπὸ
1093 1428 1195 1500 τὴν
1229 1427 1440 1499 μητέρα
1491 1424 1679 1480 αὑτοῦ.
1735 1424 1813 1494 Τῇ
1843 1422 1899 1475 δὲ

305 1525 503 1602 ἡμέρα
534 1526 600 1595 τῇ
647 1523 810 1597 ὀγδόῃ
853 1521 946 1574 καὶ
983 1519 1263 1582 ἐπέκεινα,
1293 1517 1616 1589 δεχθήσεται
1646 1517 1722 1578 είς
1752 1513 1902 1584 δῶρα

306 1618 602 1689 κάρπωμα
629 1614 710 1686 τῷ
741 1613 954 1684 Κυρίῳ,
986 1613 1080 1666 καὶ
1115 1612 1311 1683 μόσχον
1356 1610 1449 1664 καὶ
1479 1607 1772 1680 πρόὸατον,
1803 1603 1902 1656 αὐ·-

304 1707 417 1778 τὴν
442 1705 614 1758 καὶτὸ
645 1703 857 1758 παιδίον
886 1701 1057 1772 αὐτῆς
1078 1703 1140 1755 οὐ
1167 1699 1398 1770 σφάξετε
1426 1699 1484 1752 ἐν
1513 1696 1696 1768 ἡμέρᾳ
1721 1695 1839 1765 μιᾷ.
1875 1709 1894 1744 ι

309 1800 502 1869 Ἀρνα
561 1797 661 1868 μὲν
719 1792 814 1850 οὖν
877 1795 939 1848 τὸ
991 1793 1276 1866 ἀρτιγενὲς
1331 1791 1426 1845 καὶ
1487 1787 1771 1842 ὑπότιτθον
1821 1784 1900 1838 ἔτι

1992 611 2119 650 nem
2150 591 2338 648 accedi
2366 589 2436 644 ad
2464 590 2682 643 Patrem
2722 585 2901 639 adhuc
2939 582 3096 653 legali
3137 581 3286 635 cultu
3323 594 3432 632 non
3473 592 3574 647 po-

1993 693 2120 748 test,
2155 680 2250 738 sed
2292 695 2391 750 per
2424 677 2624 732 Filium
2667 674 2933 728 duntaxat
2969 670 3043 725 ad
3080 683 3207 722 eum
3241 663 3572 726 accedimus,

1994 774 2227 842 ideoque
2251 767 2468 824 dicebat
2500 782 2514 818 :
2553 783 2572 815 ι
2603 763 2777 818 Nemo
2803 759 2959 814 venit
2985 757 3055 812 ad
3080 757 3319 817 Patrem,
3349 751 3455 806 nisi
3478 766 3578 821 per

1994 875 2083 916 me
2111 860 2175 912 ⁸⁸.
2206 877 2223 908 ι
2268 856 2401 911 Esse
2433 862 2616 907 autem
2653 850 2720 904 ad
2761 846 3182 903 sacriﬁcandum
3213 843 3459 912 ineptum
3491 849 3576 894 at-

1995 965 2102 1021 que
2140 945 2544 1018 imperfectum,
2578 939 2843 1012 quidquid
2883 938 2939 991 in
2975 935 3196 991 Christo
3233 947 3343 986 non
3375 929 3575 995 fuerit;

1996 1050 2052 1096 et
2077 1039 2320 1096 vicissim
2361 1042 2648 1105 acceptum
2682 1040 2739 1086 et
2776 1025 3177 1084 consecrationi
3211 1021 3576 1094 aptissimum,

1997 1131 2266 1205 quidquid
2294 1145 2391 1201 per
2421 1128 2600 1198 ipsum
2626 1133 2683 1180 et
2715 1123 2771 1177 in
2801 1122 2919 1192 ipso
2951 1119 3202 1181 oﬁ‘ertur,
3227 1114 3580 1185 perspicuum

1999 1226 2093 1280 ﬁet
2122 1239 2222 1294 per
2238 1236 2323 1285 ea,
2345 1234 2466 1290 quae
2492 1218 2579 1272 lex
2610 1215 2809 1286 partim
2842 1213 2898 1266 in
2933 1210 3122 1266 Exodo
3154 1207 3324 1263 edicit
3349 1205 3435 1260 his
3461 1219 3583 1258 ver-

2000 1317 2124 1372 bis:
2160 1333 2178 1365 ι
2216 1313 2337 1368 Non
2375 1323 2581 1379 coques
2605 1320 2804 1377 agnum
2833 1304 2888 1358 in
2915 1305 3056 1358 lacte
3086 1299 3279 1354 matris
3319 1313 3431 1352 sua:
3457 1297 3522 1360 ³¹;
3556 1315 3574 1347 ι

1999 1407 2198 1479 partim
2241 1405 2294 1458 in
2333 1402 2579 1457 Levitico
2620 1415 2633 1453 :
2684 1419 2702 1450 ι
2747 1399 2816 1453 Ει
2847 1399 3063 1452 locutus
3103 1401 3186 1448 est
3220 1391 3483 1446 Dominus
3515 1386 3584 1442 ad

1999 1499 2240 1569 Moysen,
2273 1495 2462 1550 dicens
2494 1511 2506 1546 :
2539 1493 2596 1548 Si
2631 1491 2840 1546 vitulus
2859 1493 2953 1543 aut
2981 1485 3121 1547 ovis,
3150 1491 3246 1538 aut
3276 1497 3440 1552 capra
3469 1479 3586 1534 cui-

1999 1605 2165 1662 quam
2223 1598 2351 1643 nata
2414 1585 2618 1649 fuerit,
2657 1583 2764 1639 erit
2816 1586 3025 1650 septem
3082 1577 3201 1631 dies
3255 1573 3358 1628 sub
3410 1579 3587 1625 matre

2001 1687 2157 1756 ejus;
2199 1683 2289 1738 die
2319 1688 2503 1736 autem
2545 1677 2710 1749 359
2733 1683 2928 1731 octavo
2953 1680 3010 1726 et
3038 1669 3301 1736 deinceps
3332 1670 3586 1734 accepta-

2000 1755 2130 1833 bilis
2163 1775 2273 1831 erit
2299 1774 2354 1828 in
2379 1769 2707 1832 oblationes,
2735 1763 3068 1822 sacriﬁcium
3098 1759 3330 1816 Domino
3359 1774 3372 1810 :
3407 1765 3464 1810 et
3491 1755 3589 1810 bo-

309 1843 616 1961 mp;de
645 1888 745 1941 οὒκ
780 1889 864 1958 ἑᾷ,
897 1843 1112 1949 δεικνὺς
1131 1843 1272 1954 ,ὅτιξ
1293 1843 1362 1938 167
1374 1843 1566 1946 ατελὲς
1596 1880 1676 1933 ἔτι
1705 1879 1798 1932 καὶ
1822 1877 1897 1941 ὼς

2007 1883 2126 1925 vem
2169 1875 2225 1922 et
2268 1879 2457 1928 ovem;
2489 1861 2663 1931 ipsam
2701 1867 2758 1912 et
2793 1855 2968 1913 ﬁlium
3008 1853 3129 1923 ejus
3173 1865 3284 1904 non
3323 1843 3590 1901 occidetis

308 1983 375 2035 ιν
426 1982 641 2035 συνέσει
689 1980 861 2051 βραχύ
896 1997 955 2032 τε
993 1978 1088 2031 καὶ
1114 1976 1360 2040 ἀσθενὲς,
1402 1975 1554 2028 οὔπω
1600 1972 1698 2042 μὲν
1729 1970 1898 2041 ἱερόν·

308 2077 401 2128 ἔτι
447 2075 505 2128 δὲ
556 2073 934 2144 ἀπαράδεκτον
963 2068 1052 2123 διὰ
1087 2067 1245 2121 τοῦτο
1281 2065 1420 2137 Θεῷ.
1467 2063 1710 2117 Τοιοῦτοί
1757 2077 1902 2123 τινες

306 2165 462 2241 ἦσαν
517 2166 708 2236 ἄσοφοι
767 2182 826 2218 τε
882 2164 978 2218 καὶ
1030 2159 1479 2232 ὀλιγογνώμονες,
1536 2155 1671 2226 πρὸς
1730 2152 1825 2216 οὓς
1874 2154 1904 2206 6

309 2261 610 2325 θεσπέσιος
635 2258 838 2329 γράφει
867 2255 1132 2320 Παῦλοςοι
1165 2255 1276 2308 Καὶ
1297 2252 1407 2324 γὰρ
1440 2249 1746 2319 ὀφείλοντες
1765 2241 1904 2299 εἶναι

309 2349 636 2406 δςδὰσκαλοι
685 2347 773 2402 διὰ
802 2348 894 2401 τὸν
923 2347 1136 2418 χρόνον,
1176 2344 1340 2398 πάλιν
1383 2340 1570 2414 χρείαν
1609 2338 1761 2409 ἔχετε
1808 2334 1902 2388 τοῦ

309 2444 669 2504 διδάσκοντος
714 2440 859 2511 ὑμᾶς
901 2439 1023 2493 τίνα
1070 2437 1138 2492 τὰ
1171 2437 1410 2506 στοιχεῖα
1437 2435 1538 2506 τῆς
1589 2433 1764 2504 ἀρχῆς
1798 2428 1907 2482 τῶν

310 2535 522 2604 λογίων
543 2533 636 2587 τοῦ
675 2531 832 2596 Θεοῦ,
867 2531 961 2585 καὶ
987 2530 1248 2600 γεγόνατε
1274 2527 1464 2600 χρείαν
1495 2526 1708 2596 ἔχοντες
1729 2521 1906 2592 γάλα-

311 2642 474 2688 κτος,
501 2625 563 2677 οὐ
595 2623 820 2694 στερεᾶς
845 2621 1055 2693 τροφῆς
1083 2637 1099 2655 ο
1129 2619 1350 2673 τελείων
1377 2616 1434 2670 δέ
1465 2619 1614 2670 ἐστιν
1645 2615 1679 2685 ἠ
1712 2611 1909 2684 στερεὰ

311 2713 773 2789 τροφή.›οὐκοῦν
797 2713 983 2773 ἀτελὲς
1007 2711 1108 2776 ἔτι,
1139 2711 1200 2763 τὸ
1228 2711 1286 2764 ὲν
1315 2707 1553 2778 γάλακτί
1585 2722 1646 2760 τε
1681 2704 1776 2758 καὶ
1805 2702 1910 2756 ὑπὸ

316 2811 557 2883 μαστὸν,
590 2809 731 2862 κατά
761 2823 825 2877 γε
875 2807 936 2859 τὸ
967 2809 1024 2859 ἐν
1070 2805 1280 2857 συνέσει
1313 2803 1455 2872 φημὶ
1496 2801 1594 2854 καὶ
1638 2796 1912 2868 εὐρωστίᾳ

313 2893 698 2972 πνευματικῇ·
724 2899 819 2952 ίτω
844 2899 900 2952 δὲ
917 2895 982 2953 αὗ
1007 2901 1137 2971 ἡμῖν
1160 2899 1188 2950 ό
1214 2913 1279 2948 πε
1290 2896 1341 2966 ρὶ
1360 2893 1525 2948 τῶνδε
1550 2893 1727 2961 λόγος,
1752 2893 1828 2956 ὡς
1847 2893 1912 2944 ὲκ

313 2994 502 3063 τύπου
523 2992 632 3045 τῶν
652 2994 708 3045 ἐν
725 2990 973 3061 αἰσθήσει
986 2993 1079 3042 καὶ
1092 2986 1335 3059 ἐναργῶν
1358 2983 1721 3056 πραγμάτων,
1739 2981 1830 3035 ἐπὶ
1847 2979 1915 3034 τὰ

317 3087 476 3155 ὑπὲρ
509 3082 760 3153 αἴσθησίν
780 3099 836 3134 τε
861 3082 956 3134 καὶ
975 3080 1164 3151 νοητὰ,
1195 3079 1332 3150 πλὴν
1353 3079 1433 3131 ὄτι
1461 3076 1528 3131 τὰ
1555 3075 1733 3128 πάντα
1757 3073 1916 3142 γέγοο

316 3192 422 3227 νεν
451 3175 508 3226 ὲν
530 3171 751 3244 Χριστῷ
774 3173 866 3225 καὶ
888 3172 945 3223 ὲν
965 3169 1268 3239 τελειότητι
1294 3168 1386 3220 καὶ
1412 3165 1715 3235 παραδοχῇ,
1751 3161 1914 3230 συνή-

320 3283 451 3329 σεις
484 3260 542 3318 εὖ
569 3265 732 3336 μάλα.
775 3265 855 3316 Τὰ
888 3263 996 3334 γάρ
1028 3280 1110 3315 τοι
1143 3259 1624 3333 προσκομιζόμενα
1656 3253 1773 3320 ζῶα
1814 3251 1909 3306 καὶ⁸

318 3355 700 3426 ἀνατιθέμενα
727 3354 804 3425 τῷ
825 3353 966 3424 Θεῷ,
987 3356 1096 3406 δεῖν
1123 3353 1222 3423 μὲν
1244 3347 1384 3406 εἶναι
1410 3366 1573 3419 φησιν
1608 3345 1748 3399 ἑπτὰ
1774 3343 1912 3414 ἡμέ-

324 3463 440 3520 ρας
460 3447 565 3499 ὑπὸ
595 3445 694 3516 τὴν
720 3444 930 3514 μητέρα
949 3485 963 3508 ,
986 3445 1053 3513 τῇ
1088 3441 1145 3494 δὲ
1175 3440 1358 3513 ἡμέρᾳ
1383 3440 1448 3511 τῇ
1475 3434 1636 3506 ὀγδόῃ
1665 3431 1761 3485 καὶ
1787 3427 1914 3482 επέ-

323 3532 514 3603 ww,
540 3538 712 3608 δῶρον
737 3536 981 3597 ἔσεσθαι,
1017 3537 1111 3588 καὶ
1137 3535 1217 3595 εἰς
1250 3532 1532 3602 κάρπωμα
1562 3525 1640 3596 τῷ
1669 3521 1810 3592 Θεῷ.

2003 1959 2058 2014 in
2099 1972 2208 2012 uno
2249 1956 2338 2011 die
2369 1954 2432 2007 ⁸¹.
2471 1971 2489 2004 ι
2535 1951 2749 2020 Agnum
2787 1947 2958 2017 igitur
3003 1957 3200 1997 recens
3238 1937 3485 2009 genitum
3526 1949 3591 1988 ac

2003 2051 2294 2106 lactentem
2349 2045 2549 2105 adhuc,
2588 2048 2830 2094 mactare
2875 2051 2987 2090 non
3031 2031 3306 2104 permittit
3336 2047 3348 2082 :
3377 2044 3485 2098 qua
3535 2025 3592 2079 in

2005 2157 2064 2196 re
2094 2139 2229 2194 illud
2260 2135 2522 2198 ostendit,
2554 2131 2700 2202 quod
2728 2127 3108 2198 imperfectum
3147 2124 3219 2180 sit
3240 2121 3440 2180 adhuc,
3471 2117 3591 2173 exi-

2005 2250 2110 2307 gua
2145 2230 2469 2298 inﬁrmaque
2495 2223 2813 2295 prudentia,
2841 2220 2894 2274 id
2925 2217 3167 2274 nondum
3199 2228 3319 2269 esse
3351 2224 3590 2272 sacrum,

2006 2327 2078 2382 ob
2109 2335 2342 2391 eamque
2369 2333 2588 2374 causam
2619 2331 2688 2369 ne
2719 2321 3006 2382 acceptum
3036 2307 3260 2378 quidem
3298 2313 3354 2359 et
3379 2310 3592 2374 gratum

2007 2417 2141 2478 Deo,
2179 2407 2486 2482 cujusmodi
2533 2406 2613 2460 illi
2651 2412 2810 2459 erant
2841 2401 3166 2470 insipientes
3203 2411 3268 2450 ac
3305 2393 3493 2457 rudes,
3527 2389 3594 2446 ad

2009 2522 2147 2578 quos
2175 2505 2368 2559 beatus
2398 2499 2598 2556 Paulus
2616 2495 2810 2552 scribit
2837 2511 2849 2547 :
2883 2512 2901 2543 ι
2932 2489 3174 2551 Etenim,
3205 2501 3330 2541 cum
3359 2483 3596 2539 debere-

2010 2575 2081 2657 tis
2122 2615 2243 2655 esse
2280 2593 2527 2666 magistri
2562 2599 2788 2662 propter
2831 2594 3069 2655 tempus,
3109 2595 3304 2636 rursus
3340 2575 3600 2647 indigetis

2011 2705 2097 2755 eo,
2121 2688 2216 2758 qui
2246 2700 2346 2741 vos
2373 2684 2588 2745 doceat,
2615 2694 2738 2749 quae
2766 2677 2878 2745 sint
2905 2675 3179 2730 elementa
3211 2668 3353 2723 initii
3393 2680 3602 2721 sermo-

2011 2797 2142 2838 num
2173 2778 2297 2843 Dei;
2336 2784 2394 2832 et
2423 2773 2550 2828 facti
2580 2771 2735 2834 estis,
2767 2768 2976 2840 quibus
3011 2766 3150 2820 lacte
3188 2777 3328 2832 opus
3359 2759 3451 2823 sit,
3490 2773 3602 2813 non

2013 2870 2189 2926 solido
2234 2869 2387 2931 cibo;
2441 2863 2814 2935 perlectorum
2867 2865 2955 2912 est
3011 2862 3194 2910 autem
3247 2850 3457 2906 solidus
3520 2847 3602 2902 ci-

2013 2964 2118 3018 bus
2151 2961 2216 3015 ⁸³.
2252 2979 2270 3012 ›
2328 2959 2501 3028 Igitur
2561 2951 2946 3023 imperfectum
2997 2955 3102 3011 est,
3148 2941 3418 3015 quidquid
3463 2941 3604 2994 lacte

2016 3055 2198 3110 adhuc
2221 3050 2488 3113 nutritur,
2525 3056 2580 3102 et
2615 3045 2718 3100 sub
2746 3042 2918 3098 ubere
2946 3047 3052 3104 est,
3082 3034 3228 3107 quod
3261 3033 3328 3088 ad
3357 3029 3603 3102 pruden-

2018 3148 2149 3202 tiam
2177 3141 2630 3214 spiritualemquc
2662 3133 2978 3188 ﬁrmitatem
3026 3127 3242 3182 attinet.
3279 3123 3397 3178 Jam
3439 3119 3606 3190 igitur

1938 3228 1980 3286 C
2016 3257 2086 3296 ex
2125 3237 2212 3303 iis,
2246 3250 2368 3305 quae
2387 3230 2572 3287 sensui
2599 3238 2728 3283 sunt
2753 3223 3004 3294 exposita
3039 3229 3098 3275 et
3129 3216 3446 3286 conspicua,
3483 3221 3604 3266 tan-

2021 3344 2184 3402 quam
2205 3343 2273 3382 ex
2298 3318 2492 3395 ﬁgura,
2524 3320 2592 3375 ad
2616 3334 2682 3374 ea
2704 3331 2826 3387 qua:
2849 3328 3071 3369 sensum
3093 3310 3330 3380 fugiunt,
3362 3315 3419 3360 ct
3448 3303 3610 3358 intel-

2022 3394 2165 3477 lectu
2205 3394 2522 3485 capiuntur.
2560 3415 2751 3480 perget
2789 3403 2990 3459 oratio.
3035 3399 3174 3455 Illud
3213 3404 3363 3453 certe
3402 3394 3608 3465 optime

2024 3507 2328 3577 intelliges,
2385 3499 2572 3555 omnia
2619 3499 2673 3552 in
2723 3495 2944 3550 Christo
2993 3489 3236 3561 perfecta
3285 3495 3343 3543 et
3383 3493 3607 3554 accepta

327 3583 514 3603 ...πη
543 3583 706 3608 --τ-.
739 3583 981 3597 ---ν-ω.
1019 3583 1110 3588 --π-
1457 3583 1467 3598 .
1612 3583 1623 3596 .
1761 3583 1772 3592 .

327 3630 496 3695 ﬁeri;
540 3644 666 3684 nam
713 3644 777 3684 ea
829 3628 1155 3701 animantia,
1204 3640 1327 3696 quae
1368 3622 1705 3678 oﬁ‘errentur
1753 3622 1918 3684 atque
1991 3604 2451 3662 consecrarentur
2525 3594 2659 3655 Deo.
2703 3599 2912 3659 591mm
2959 3585 3082 3640 dies
3123 3583 3226 3638 sub
3273 3587 3448 3636 "mre
3489 3591 3611 3633 ⁸⁵⁵⁸

322 3723 516 3798 jubet,
545 3720 781 3790 septimo
813 3720 1035 3775 demum
1071 3719 1158 3774 die
1189 3734 1252 3772 ac
1281 3717 1541 3785 deinceps
1573 3727 1639 3768 ex
1673 3709 1755 3765 eis
1779 3683 1923 3762 dona
1960 3709 2017 3756 et
2047 3691 2315 3753 sacriﬁcia
2347 3689 2458 3743 Deo
2487 3683 2677 3740 oﬁ'erri
2703 3683 2893 3737 licere.

411 3815 621 3869 ΠΑΛΛ.
663 3814 738 3867 Οὐ
775 3814 980 3885 σφόδρα
1012 3814 1188 3893 σαφὴς
1219 3814 1248 3865 ὀ
1274 3812 1450 3881 λόγος.

413 3908 578 3960 ΚΥΡ.
618 3901 694 3959 Ἦ
735 3905 844 3974 γὰρ
870 3906 990 3974 οὐχὶ
1031 3906 1130 3974 τὴν
1176 3904 1367 3973 ὀγδόην
1405 3903 1504 3974 τὴν
1550 3899 1917 3968 ἀναστάσιμον

328 4000 434 4054 τοῦ
467 3999 718 4069 Σωτῆρος
765 3998 980 4069 ἡμέραν
1019 3991 1156 4050 εἶναι
1205 3997 1330 4068 φὴς,
1367 3996 1460 4058 καὶ
1504 3994 1678 4066 ἀρχὴν
1732 3991 1920 4060 ὥσπερ

2077 3787 2272 3847 PALL.
2308 3785 2426 3840 Non
2451 3781 2586 3837 satis
2611 3775 2903 3849 perspicua
2924 3783 3054 3830 sunt
3080 3773 3201 3827 hmo
3243 3768 3434 3824 verba.

2075 3881 2232 3939 CYR.
2285 3877 2367 3932 An
2417 3884 2475 3928 tu
2498 3873 2645 3928 diem
2673 3877 2928 3924 octavum
2965 3862 3389 3922 resurrectionis
3427 3857 3599 3913 nostri

2017 3970 2315 4031 Salvatoris
2331 3968 2476 4022 diem
2507 3979 2627 4019 esse
2656 3961 2883 4016 minimc
2912 3958 3125 4022 fateris,
3145 3963 3201 4009 et
3225 3953 3446 4007 initium
3468 3965 3608 4018 quo-

346 4043 432 4054 ""
468 4043 718 4069 -‘”"H'"
771 4043 974 4069 'tr'r'"
1019 4043 1156 4050 *η’--
1210 4043 1330 4068 τίνν
1368 4043 1460 4058 τ’-ν
1506 4043 1668 4066 ’⁷1⁷ΛΊ“
1760 4043 1800 4044 κν
1892 4043 1904 4060 ι

333 4093 537 4155 αἰῶνος
577 4091 721 4154 νέου,
753 4089 1236 4161 παριππεύσαντος
1267 4088 1360 4155 τοῦ
1391 4085 1533 4142 κατὰ
1564 4086 1728 4166 νόμον
1760 4083 1836 4146 ὡς
1867 4084 1908 4134 ti

2022 4066 2314 4127 dammodo
2343 4061 2470 4117 novi
2491 4057 2700 4120 saeculi,
2725 4069 2836 4125 quo
2859 4054 2973 4124 jam
3013 4049 3152 4104 illud
3180 4045 3319 4117 legis
3343 4043 3607 4098 saeculum

2321 4155 2332 4166 ·
2423 4152 2458 4166 ε·
2500 4151 2515 4166 ε
2587 4165 2600 4166 η
2634 4155 2836 4166 -κμι-.μ
2888 4141 3170 4166 .._:....:|.....
3214 4133 3561 4166 ..ιι-ο-η.η.;,.;ι
3591 4133 3607 4166 ι]

333 4183 582 4254 ἡμέραις
617 4180 760 4236 ἑπτὰ
793 4183 909 4244 ταῖς
940 4179 1214 4251 πρὼταις;

416 4276 626 4334 ΠΑΛΑ.
668 4273 834 4344 Φημί.

416 4368 578 4422 ΚΥΡ.
621 4365 828 4420 Οὔκοῦν
872 4363 1085 4434 ἀνίερὸν
1127 4381 1184 4416 τε
1233 4363 1326 4416 καὶ
1372 4362 1812 4431 ἁπροσκόμιστον
1847 4359 1926 4411 ἔτι

339 4462 406 4516 τὸ
440 4461 516 4523 ὡς
563 4461 621 4512 ὲν
666 4459 841 4528 χρόνῳ
887 4456 965 4527 τῷ
1000 4457 1140 4510 κατὰ
1183 4455 1275 4507 τὸν
1300 4456 1462 4524 νόμον
1501 4451 1740 4522 δηλονότι
1773 4451 1834 4503 τὸ
1866 4452 1924 4503 ὲν

342 4553 576 4623 λατρεία.
625 4552 897 4622 σαρκικῇ·
943 4549 1114 4618 δῶρον
1145 4547 1202 4600 δὲ
1244 4547 1343 4619 ἤδη

2025 4171 2283 4230 tanquam
2320 4155 2376 4208 in
2407 4151 2606 4206 diebus
2630 4155 2840 4216 septem
2888 4141 3174 4213 prioribus
3213 4133 3614 4208 pertransivit?

2027 4273 2055 4324 ί,
2099 4249 2295 4306 PALL.
2340 4246 2453 4315 Ego
2481 4256 2614 4296 vero
2640 4239 2833 4292 fateor.

2098 4342 2256 4397 CYR.
2302 4337 2470 4408 Igitur
2496 4331 2759 4403 profanus
2799 4335 2883 4380 est
2904 4326 3038 4394 jam,
3067 4331 3122 4377 et
3171 4320 3239 4374 ad
3272 4318 3609 4373 oblationem

1959 4408 2004 4464 Β
2032 4437 2270 4504 ineptus,
2297 4407 2550 4499 quisquis
2571 4428 2656 4477 cst
2675 4428 2934 4487 tanquam
2966 4415 3020 4469 in
3044 4413 3181 4484 legis
3222 4420 3488 4479 tempore,
3525 4407 3612 4461 ni-

1393 4547 1484 4599 καὶ
1535 4505 1908 4615 έὺπρόσδεκτοπ

2028 4528 2226 4583 mirum
2253 4517 2501 4593 quisquis
2537 4515 2594 4569 in
2637 4513 2789 4567 cultu
2823 4507 3029 4564 carnali
3069 4505 3321 4559 versatur
3347 4519 3359 4554 :
3385 4508 3443 4555 et
3489 4508 3616 4568 apta

345 4591 576 4623 """t"""‘.'
626 4591 857 4622 *τίδ’-’πυ
945 4591 1109 4618 'Wr"
1148 4591 1202 4600 *ν
1251 4591 1343 4619 Ὶ¹Ὶ
1396 4591 1484 4599 πνν-
1536 4591 1890 4615 --ντν-ν---η

345 4645 425 4715 τῷ
457 4641 579 4712 Θεῷ
620 4643 726 4696 πᾶν
761 4639 862 4692 εἴτι
892 4639 1074 4692 λοιπὸν
1109 4639 1168 4690 ὲν
1194 4636 1413 4708 Χριστῷ
1448 4635 1586 4689 κατά
1614 4632 1712 4704 τὴν
1736 4629 1908 4700 ὀγδόηπ

2027 4617 2267 4675 vicissim
2303 4611 2529 4673 oblatio,
2564 4621 2739 4676 eaque
2785 4605 2899 4658 Deo
2931 4597 3304 4670 acceptabilis,
3353 4591 3618 4664 quisquis

2349 4705 2359 4715 -
2511 4700 2544 4715 ι’
2708 4697 2960 4715 νι-εέ----
2988 4692 3037 4715 :..
3074 4689 3296 4715 n|._:...,\
3341 4694 3417 4715 Δε..
3483 4685 3615 4715 ΝΜ...

348 4737 444 4789 καὶ
474 4735 749 4788 ἐπέκεινα.
800 4730 1201 4798 Ἀκατὰληκτος
1226 4729 1334 4798 γὰρ
1366 4728 1398 4797 ἡ
1443 4728 1500 4778 ὲν
1546 4721 1767 4796 Χριστῷ
1793 4721 1928 4792 κλῆ-

350 4844 456 4890 σις,
489 4826 664 4898 ἀρχὴν
697 4825 892 4894 ἔχουσα
937 4821 1036 4892 τὴν
1071 4822 1386 4876 ἀνάστασιν.
1433 4819 1543 4871 Καὶ
1587 4817 1744 4870 τοῦτο
1778 4814 1931 4878 εἰδὼς

353 4915 522 4978 αὐτὸς
569 4913 807 4983 ἔφασκεν
847 4913 875 4964 ὀ
898 4911 1044 4975 Υἱὸς,
1076 4910 1165 4962 ὁτὲ
1215 4909 1336 4980 μὲν,
1374 4927 1392 4959 ι
1434 4908 1604 4959 Ὅταν
1631 4904 1831 4975 ὑψωθῶ
1865 4908 1929 4959 ὲκ

344 5009 449 5075 τῆς
481 5005 606 5074 γῆς,
650 5003 853 5066 πάντας
894 5001 1107 5056 ἑλκύσω
1139 5001 1276 5071 πρὸς
1324 4998 1582 5068 ἐμαυτὸν,
1627 5017 1644 5048 ›
1697 4997 1786 5050 ὁτὲ
1835 4995 1926 5056 δὲ.

353 5118 372 5150 ι
427 5097 599 5168 Ἀμὴν
629 5094 774 5163 λέγω
798 5095 949 5165 ὑμῖν,
989 5094 1084 5147 ἐὰν
1118 5091 1192 5164 μὴ
1215 5094 1244 5144 6
1273 5091 1469 5153 κόκκος
1499 5089 1680 5143 πεσὼν
1720 5090 1800 5151 εἰς
1829 5087 1930 5158 τὴν

348 5191 458 5258 γῆν
505 5187 770 5258 ἀποθάνῃ,
813 5187 972 5251 αὐτὸς
1015 5186 1172 5256 μόνος
1208 5183 1381 5255 μένει·
1434 5182 1528 5237 ἐὰν
1562 5181 1620 5236 δὲ
1660 5179 1928 5251 ἀποθάνῃ,

350 5281 566 5353 καρπον
595 5280 816 5334 πλείονα
842 5280 1020 5351 φέρει.
1062 5300 1079 5330 ι

424 5551 633 5606 ΠΛΛᾹ.
689 5547 894 5619 Ὀρθῶς
939 5548 1096 5620 ἔφης.
1130 5547 1202 5600 Τὸ
1226 5545 1282 5599 δέ
1322 5561 1385 5614 γε
1423 5543 1497 5616 μὴ
1531 5538 1938 5596 συνὸιόλλυσθαι

431 5755 639 5808 "Joan
696 5768 804 5815 xw,
833 5751 883 5806 6.
964 5752 1003 5783 ³¹
1040 5753 1212 5808 Exod.
1281 5767 1456 5820 xxxiv,
1513 5751 1597 5806 26.
1680 5749 1720 5781 ³³
1782 5746 1956 5804 Levit.
2019 5758 2161 5806 nn,
2217 5738 2318 5796 27.
2368 5733 2451 5787 '38-

357 5825 405 5860 η
427 5825 568 5897 tam.
597 5823 687 5889 ει,

2026 4727 2092 4766 ex
2126 4715 2319 4763 octavo
2343 4705 2456 4772 jam
2493 4700 2583 4754 die
2603 4715 2666 4752 ac
2698 4697 2964 4764 deinceps
2988 4692 3042 4745 in
3074 4689 3298 4745 Christo
3339 4694 3443 4740 est.
3483 4685 3615 4738 Nam

2029 4801 2118 4855 illa
2147 4799 2202 4852 in‘
2250 4794 2471 4850 Christo
2507 4787 2743 4851 vooatio,
2769 4799 2896 4838 cum
2923 4799 2991 4837 ex
3036 4781 3159 4851 ejus
3201 4774 3618 4832 resurrectione

2023 4891 2240 4947 initium
2278 4883 2597 4956 sumpserit,
2625 4893 2906 4950 nunquam
2943 4875 3177 4930 desinet.
3220 4872 3389 4940 quue
3423 4868 3606 4922 sciens

2027 4983 2198 5038 Filius
2247 4978 2466 5034 dicebat
2505 4973 2784 5031 interdum
2826 4967 3085 5040 quidem:
3124 4985 3141 5015 ι
3175 4963 3312 5016 Cum
3345 4959 3618 5014 exaltatus

2027 5075 2188 5131 fuero
2214 5088 2244 5126 a
2270 5079 2440 5132 terra,
2466 5081 2660 5122 omnes
2687 5063 2900 5117 traham
2931 5058 2999 5112 ad
3023 5055 3292 5125 meipsum
3311 5051 3374 5105 ³⁵.
3397 5070 3416 5101 ι
3439 5050 3616 5104 Inter-

2026 5169 2156 5224 dum
2180 5179 2342 5219 vero:
2376 5181 2394 5212 ι
2423 5161 2597 5216 Amen
2623 5158 2750 5212 dico
2772 5153 2949 5216 vobis,
2969 5149 3075 5204 nisi
3101 5159 3335 5218 granum
3351 5139 3618 5197 frumenti

2067 5260 2238 5315 adens
2286 5257 2343 5310 in
2391 5263 2618 5313 terram,
2673 5253 2953 5302 mortuum
3005 5238 3195 5302 fuerit,
3231 5235 3414 5306 ipsum
3439 5233 3617 5288 solum

2043 5358 2256 5414 manet;
2294 5347 2341 5402 si
2367 5353 2547 5400 autem
2570 5346 2848 5396 mortuum
2906 5331 3097 5396 fuerit,
3121 5329 3356 5385 multum
3378 5325 3619 5380 fructum

2037 5444 2197 5498 affert
2225 5442 2291 5492 ³³.
2318 5458 2335 5490 ι

2087 5534 2279 5591 PALL.
2315 5533 2482 5586 Recte
2508 5528 2614 5582 ais:
2651 5523 2785 5578 illud
2817 5539 2968 5585 vero,
2988 5535 3096 5575 non
3123 5512 3482 5572 occidendam
3500 5523 3621 5564 esse

3106 5719 3144 5749 ⁵³
3180 5715 3337 5772 Joan.
3389 5725 3483 5764 xu.
3532 5705 3618 5764 52.

2540 5729 2578 5760 ’⁷³
2626 5729 2789 5782 ΙΙΓΝ.
2847 5742 2899 5780 ι,
2945 5721 3021 5775 12.
