3982 6528
538 358 642 417 705

1546 362 1602 415 S.
1641 358 1917 417 CYRILLI
1958 357 2434 414 ALEXANDRINI
2473 358 2791 418 ARCHIEP.

3698 358 3790 416 τοι

534 484 767 532 matrem
798 489 923 530 cum
967 472 1097 530 ﬁliis
1144 472 1340 529 eodem
1363 473 1473 538 die,
1510 473 1773 543 quidnam
1807 470 2119 543 significat?

2221 469 2332 524 δεῖν
2365 470 2579 543 μητέρα
2610 474 2721 535 τοῖς
2754 470 2971 533 τέκνοις
3016 470 3073 521 ὲν
3125 468 3309 539 ἡμέρᾳ
3356 469 3480 538 μιᾷ,
3522 466 3576 519 τί
3612 467 3678 522 ἄν
3714 470 3791 541 εἴη

599 657 756 715 CYR.
783 657 919 714 Cum
936 673 1021 723 ea,
1045 675 1167 728 qua:
1189 658 1258 714 ad
1288 656 1570 714 Christum
1581 657 1957 729 pertinebant,
1977 656 2119 731 opti-

532 764 622 807 me
643 750 1039 814 constituisset,
1066 766 1131 807 ac
1150 750 1566 821 perfectionem,
1589 766 1711 820 quae
1726 766 1823 820 per
1838 749 1993 805 illum
2019 749 2117 802 tri-

533 840 745 905 buitur,
771 841 1175 911 elegantissime
1197 841 1542 912 praedixisset
1569 881 1583 906 ,
1614 841 1778 913 360
1809 857 1920 897 non
1964 841 2119 911 igno~

533 932 691 997 tavit,
732 940 921 1002 utpote
948 949 1074 988 cum
1104 934 1250 988 Deus
1275 943 1442 998 esset,
1475 934 1793 991 Judazorum
1824 940 2116 987 contuma-

531 1022 670 1079 ciam
690 1031 746 1078 et
764 1022 1086 1079 effrenatam
1096 1023 1403 1086 audaciam,
1426 1023 1498 1079 ob
1513 1038 1744 1092 eamque
1762 1037 1983 1076 causam
1995 1036 2120 1090 per-

530 1110 741 1168 dendos
773 1126 894 1168 esse
921 1112 1215 1176 Israelitas,
1248 1120 1310 1166 ut
1339 1112 1431 1182 qui
1456 1110 1833 1174 Dominicidae,
1856 1118 1911 1164 et
1938 1110 1994 1163 in
2020 1109 2118 1163 Dei

530 1200 729 1261 Filium
756 1203 1071 1262 immaniter
1099 1203 1486 1263 contumeliosi
1506 1202 1760 1266 fuissent,
1792 1217 1904 1255 non
1930 1210 2117 1255 tamen

528 1294 833 1350 Jerusalem
859 1294 1107 1351 funditus
1129 1296 1458 1365 perituram,
1486 1294 1581 1350 sed
1605 1292 1736 1347 filiis
1760 1292 1953 1346 orbam
1974 1291 2114 1359 fore,

531 1385 785 1440 ultimum
835 1394 1251 1455 extremumque
1295 1394 1512 1454 tempus
1550 1389 1981 1454 exspectantem,
2005 1398 2117 1452 quo

527 1476 694 1531 etiam
726 1477 841 1547 ipsa
875 1478 1024 1533 salva
1039 1476 1149 1540 flet,
1180 1493 1244 1531 ac
1256 1484 1378 1546 post
1398 1484 1587 1546 gentes
1618 1482 1891 1529 occurret.
1926 1473 2116 1528 Posita

527 1570 673 1629 enim
719 1569 775 1627 in
817 1568 1062 1632 dorsum,
1104 1568 1156 1624 id
1191 1576 1276 1623 est
1313 1576 1483 1631 retro,
1506 1568 1662 1638 juxta
1688 1566 1985 1622 Psalleutis
2014 1580 2112 1619 vo-

528 1676 649 1715 cem
666 1677 678 1713 :
695 1680 712 1710 ι
740 1660 1007 1726 Quoniam
1028 1676 1201 1730 pones
1215 1675 1311 1715 cos
1327 1659 1607 1715 dorsum“
1634 1676 1648 1727 ;
1676 1678 1693 1709 ι
1714 1659 1893 1712 omnis
1910 1657 2115 1727 quippe

528 1753 693 1809 Israel
711 1754 892 1815 salvus
906 1752 996 1808 ﬁet
1008 1752 1076 1817 ⁸⁷,
1094 1761 1451 1822 posteaquam
1467 1766 1599 1821 grex
1615 1750 1861 1822 gentium
1876 1750 1929 1803 in
1949 1748 2116 1804 ovilla

527 1858 587 1903 se
620 1843 806 1900 divina
831 1843 1119 1912 receperit.
1142 1843 1262 1898 Non
1288 1842 1457 1912 igitur
1481 1849 1733 1899 extremo
1756 1840 1976 1896 excidio
2009 1840 2107 1895 de-

526 1935 630 1992 leri
662 1936 751 1990 lex
775 1935 1073 2004 permittit,
1115 1934 1479 2005 prmdicitque
1518 1934 1850 2003 supplicium
1883 1932 1951 1987 de
1973 1947 2107 1987 con-

526 2026 835 2085 tumacibus
858 2028 1187 2085 sumendum
1230 2042 1370 2092 esse,
1405 2027 1696 2087 clementia
1722 2033 2107 2096 temperatum.

527 2115 697 2174 Simul
722 2117 910 2181 etiam,
943 2119 1237 2189 utopinor,
1267 2117 1323 2173 in
1346 2134 1412 2173 ea
1441 2133 1503 2172 re
1520 2126 1783 2188 tanquam
1798 2116 2113 2186 exemplum

526 2208 799 2278 quoddam
858 2210 1188 2281 cognitionis
1226 2210 1552 2266 necessariae
1582 2208 1885 2273 describit;
1932 2224 2112 2279 neque

525 2300 675 2357 enim
704 2316 793 2357 res
827 2318 1018 2361 omnes
1056 2303 1336 2359 intereunt
1360 2303 1415 2359 in
1459 2302 1720 2367 nihilum,
1758 2316 1913 2355 mero
1945 2300 2113 2355 exitio

526 2399 783 2464 tanquam
804 2410 945 2450 saevo
968 2394 1191 2453 domino
1210 2394 1491 2465 subjectae,
1521 2394 1618 2448 sed
1649 2401 1976 2462 permanent
1998 2394 2115 2448 vel-

526 2485 607 2541 uti
639 2485 1084 2543 successionibus
1116 2485 1479 2555 quibusdam,
1505 2491 1560 2537 et
1608 2483 1714 2537 hoc
1741 2482 1797 2538 in
1826 2483 1943 2547 illo,
1978 2482 2113 2539 illud

528 2591 720 2635 rursus
742 2577 797 2633 ia
820 2577 924 2633 hoc
956 2586 1231 2642 servatur,
1277 2583 1567 2646 propterea
1609 2574 1757 2647 quod
1786 2590 1915 2630 suas
1956 2590 2112 2629 crea-

527 2677 676 2725 turas
702 2685 800 2740 per
830 2684 1032 2739 genera
1064 2684 1127 2725 ac
1154 2668 1366 2739 species
1413 2667 1664 2723 funditus
1720 2666 1950 2722 interire
2004 2682 2115 2723 non
2146 2686 2169 2709 ι

525 2762 731 2832 patitur
761 2762 926 2816 Deus.
968 2780 987 2811 σ
1035 2759 1257 2820 Creavit
1283 2761 1454 2825 enim,
1509 2768 1572 2815 ut
1613 2767 1799 2814 essent
1824 2757 2029 2823 omnia,
2060 2766 2117 2813 et

526 2852 795 2908 salutares
808 2852 1193 2923 generationes
1212 2852 1401 2913 mundi
1420 2892 1434 2917 ,
1466 2871 1485 2903 ι
1509 2852 1651 2907 sicut
1666 2852 1932 2922 scriptum
1946 2862 2031 2909 est
2048 2852 2112 2905 ³⁸.

524 2941 1128 3005 Convenientissimum
1194 2958 1370 3013 porro
1418 2950 1541 2997 erat
1574 2950 1638 3003 ut
1675 2942 1849 2998 iidem
1902 2957 2117 2997 sermo-

524 3049 643 3099 nes,
670 3034 940 3105 ejusmodi
967 3049 1189 3106 quoque
1235 3051 1324 3093 res
1348 3035 1785 3104 pramuntiarent
1807 3043 1976 3106 atque
2005 3035 2107 3090 de-

526 3128 817 3192 clararent,
849 3128 943 3198 qui
968 3127 1254 3186 Christum
1297 3127 1696 3198 prmdicabant,
1724 3144 1826 3199 per
1868 3144 2034 3199 quem
2060 3138 2117 3184 et

527 3217 586 3273 in
608 3233 717 3291 quo
734 3234 855 3288 quae
888 3218 1173 3285 interiere,
1209 3228 1521 3284 servantur,
1549 3228 1605 3276 et
1643 3237 1767 3290 quae
1793 3221 1989 3277 mortis
2020 3221 2117 3275 do-

527 3311 739 3366 minatu
754 3321 883 3369 sunt
906 3327 1189 3383 oppressa,
1229 3312 1591 3369 reﬂorescunt
1613 3313 1684 3367 ad
1714 3313 1885 3369 vitam
1932 3332 1944 3366 :
1989 3329 2115 3368 nam

526 3402 696 3473 stirps
739 3404 967 3459 humani
995 3405 1213 3476 generis
1268 3406 1408 3461 utin
1468 3404 1662 3468 Adam,
1716 3405 1889 3460 veluti
1941 3416 2118 3461 mater

528 3493 779 3563 quaedam
803 3495 1073 3550 exstincta
1098 3505 1220 3561 est;
1248 3486 1343 3564 qui
1393 3504 1575 3550 tamen
1598 3512 1667 3550 ex
1688 3496 1779 3550 illa
1812 3496 1921 3550 orti
1964 3505 2114 3560 sunt,

528 3583 587 3640 id
606 3592 713 3649 est,
740 3600 843 3641 nos
874 3585 1229 3642 refloruimus
1251 3585 1307 3641 in
1336 3585 1581 3651 Christo,
1619 3587 1673 3640 in
1698 3602 1876 3656 eoque
1894 3602 2107 3653 sumus,

529 3685 587 3732 et
618 3678 914 3742 salvamur,
949 3677 1241 3747 ipsumque
1277 3678 1449 3734 vitam
1478 3686 1535 3733 et
1559 3678 1790 3733 alteram
1843 3679 2115 3748 quodam-

531 3769 696 3827 modo
728 3768 954 3838 stirpem
976 3768 1151 3827 nostri
1170 3769 1390 3839 generis
1419 3769 1707 3824 habemus.

602 3858 798 3918 PALL.
858 3859 1125 3919 Praeclara
1186 3873 1319 3921 sane
1384 3866 1442 3913 et
1508 3859 1750 3928 expolita
1818 3859 2117 3914 admodum

530 3951 728 4008 oratio.
943 3956 964 3984 '

580 4042 738 4099 CYR.
754 4040 947 4113 Operm
959 4041 1198 4112 pretium
1214 4056 1366 4106 vero,
1385 4039 1612 4105 Palladi,
1632 4049 1716 4095 est
1738 4040 1803 4096 iis
1834 4056 1956 4110 quae
1975 4041 2119 4098 dicla

532 4142 664 4192 sunt
702 4133 870 4190 etiam
911 4134 1046 4191 illud
1093 4134 1427 4206 adjuagere:
1480 4152 1498 4184 ι
1550 4133 1669 4187 Non
1700 4133 1977 4204 plantabis
2020 4133 2118 4207 tibi

534 4225 639 4297 ipsi
671 4241 888 4293 nemus,
923 4242 1085 4281 omne
1106 4226 1315 4297 lignum
1339 4239 1510 4295 prope
1544 4224 1720 4279 altare
1752 4224 1967 4278 Domini
2024 4224 2119 4279 Dei

535 4318 639 4383 tui,
680 4335 788 4374 non
823 4318 989 4375 facies
1013 4319 1113 4374 tibi
1145 4326 1310 4389 atque
1342 4317 1647 4372 constitues
1691 4322 1962 4382 statuam;
1999 4332 2121 4387 qua:

535 4412 654 4467 odit
675 4411 939 4467 Dominus
959 4413 1105 4467 Deus
1134 4421 1263 4469 tuus
1285 4411 1349 4465 ³’.
1382 4430 1400 4461 ι
1430 4409 1566 4465 Vide
1600 4408 1749 4463 enim
1778 4417 1839 4462 ut
1869 4409 2122 4465 veritatis

537 4502 882 4559 adoratorem
910 4504 981 4558 ab
1020 4503 1170 4557 omni
1202 4518 1394 4557 errore
1438 4502 1716 4556 idolorum
1745 4517 1978 4572 prorsus
2026 4502 2123 4556 ab-

539 4591 725 4657 ducat,
759 4608 883 4649 cum
912 4594 1197 4664 gentilium
1226 4594 1442 4663 legibus
1463 4593 1541 4647 uti
1564 4592 1792 4648 minime
1814 4593 2119 4664 permittat,

539 4694 597 4740 et
618 4685 836 4741 illorum
879 4702 1062 4742 mores
1097 4687 1337 4757 abjicere
1372 4686 1695 4757 praecipiat,-
1718 4688 1935 4744 etiamsi
1986 4690 2123 4746 nihil

540 4776 866 4834 offensionis
891 4776 1122 4835 fortasse
1145 4777 1406 4843 habeant,
1447 4778 1492 4833 si
1524 4789 1837 4835 serventur.

614 4965 810 5021 PALL.
855 4965 1027 5033 Quale
1062 4964 1284 5021 tandem
1311 4968 1456 5023 istud
1479 4977 1585 5032 est,
1611 4969 1757 5039 quod
1791 4968 1930 5025 dicis
1959 4970 1983 5021 ?

596 5058 755 5115 CYR.
775 5059 1223 5121 Gentiles,sicubi
1248 5059 1446 5116 densas
1467 5060 1713 5125 arbores,
1735 5060 1894 5131 361
1922 5061 2132 5115 lucum-

543 5166 650 5222 que
675 5159 848 5206 totum
873 5150 1092 5207 abunde
1120 5166 1355 5221 opacum
1380 5151 1883 5222 deprehenderant,
1909 5151 1983 5205 ibi
2008 5166 2134 5206 aras

545 5243 614 5299 ad
638 5242 946 5301 damonum
999 5241 1269 5300 sacriﬁcia
1304 5242 1692 5301 exstruebant:
1727 5239 1939 5297 scilicet
1993 5256 2133 5310 opus

543 5344 667 5389 erat
681 5333 1077 5390 daemoniorum
1094 5333 1207 5390 aris
1229 5341 1491 5404 tanquam
1511 5332 1918 5391 aberrationem
1933 5347 2129 5401 quam-

546 5427 672 5481 dam
691 5425 860 5481 animi
882 5441 947 5480 ac
960 5428 1247 5482 saeculares
1260 5427 1658 5482 oblectationes
1681 5425 1970 5495 adjunctas
1990 5439 2133 5490 esse;

546 5534 674 5573 nam
694 5517 903 5573 falsitas
923 5518 1038 5588 ipsa
1064 5533 1161 5588 per
1190 5533 1248 5574 se
1266 5519 1484 5574 infirma
1507 5527 1625 5584 est;
1654 5515 1922 5572 adhibitis
1947 5524 2132 5570 autem

546 5610 893 5665 extrinsecus
915 5624 1160 5681 ρει-προ
1183 5611 1346 5675 fucis,
1409 5619 1663 5675 ornatur,
1686 5616 1748 5662 ut
1786 5616 1979 5677 turpes
2016 5622 2137 5661 mu-

2223 576 2384 616 παΛιν
2406 578 2421 625 ;

2289 653 2455 710 ΚΥΡ.
2491 653 2880 724 Νομοθετήσας
2920 646 2979 705 εὖ
3016 649 3163 721 μάλα
3201 648 3272 702 τὰ
3304 650 3395 701 ἐπὶ
3428 647 3677 719 Χριστῷ,
3714 653 3798 707 καὶ

2217 742 2321 815 τὴν
2363 744 2431 800 δι’
2476 744 2644 803 αὑτοῦ
2698 743 2976 801 τελείωσιν
3021 742 3501 813 προαναφωνήσας
3551 741 3799 807 ἀστείως,

2218 836 2319 889 οὐκ
2358 836 2648 906 ⁴ἠγνόησεν,
2692 835 2767 900 ὡς
2806 836 2960 899 Θεὸς,
3006 834 3116 889 τῶν
3160 832 3430 889 Ἰουδαίων
3454 832 3517 887 τδ
3567 831 3799 901 ἀπιθές.

2219 928 2449 999 καὶτῆς
2504 927 2859 999 Ἰερουσαλὴμ
2908 926 2967 979 τὸ
3014 926 3284 996 δυσήνιον,
3334 925 3430 979 καὶ
3475 925 3565 979 ὅτι
3607 924 3801 994 ταύτης

2218 1019 2383 1072 ἕνεκα
2410 1019 2509 1089 τῆς
2541 1020 2740 1082 αἰτίας,
2774 1018 3257 1089 ὀλοθρευθήσονται
3292 1017 3389 1086 μὲν
3421 1016 3498 1079 ὡς
3526 1020 3800 1087 κυριοκτόο

2218 1128 2321 1173 νοι,
2368 1112 2461 1164 καὶ⁹
2490 1110 2698 1182 ἀγρίως
2746 1109 3206 1181 πεπαρῳνηκότες
3249 1110 3329 1171 εἰς
3360 1107 3453 1163 τὸν
3495 1106 3631 1161 Υῖδν
3669 1109 3717 1161 οἱ
3749 1109 3801 1176 ἐξ

2232 1203 2469 1276 Ἰσραὴλ.
2520 1203 2657 1276 πλὴν
2705 1204 2806 1256 οὐκ
2875 1202 3106 1256 εἰσάπαν
3147 1201 3388 1272 ὁλόριξος
3451 1200 3801 1270 Ἰερουσαλὴμ

2218 1295 2519 1364 οἰχήσεται,
2548 1297 2698 1363 μενεί
2728 1294 2784 1347 δὲ
2808 1292 2999 1364 ὥσπερ
3022 1292 3227 1363 ἕρημος
3250 1291 3479 1355 τέκνων,
3507 1291 3604 1342 τὸν
3627 1290 3799 1343 τελευ-

2219 1389 2367 1441 ταῖον
2397 1386 2493 1439 καὶ
2539 1387 2595 1439 ὲν
2636 1386 2889 1455 ἐσχάτοις
2921 1382 3545 1457 περιμένουσακαιρὸν,
3600 1382 3721 1435 καθ’
3748 1382 3797 1435 ὃν

2218 1479 2313 1533 καὶ
2353 1478 2491 1549 αὐτὴ
2535 1478 2839 1549 σωθήσεται
2888 1478 3118 1535 κατόπιν
3154 1476 3425 1547 τρέχουσα
3458 1475 3572 1529 τῶν
3620 1474 3795 1527 ὲθνιῖνιι

2218 1570 2454 1626 τέθειται
2485 1571 2596 1642 γὰρ
2623 1574 2703 1635 εἰς
2733 1572 2924 1635 νῶτον,
2949 1570 3093 1627 τοῦτ’
3117 1570 3285 1636 ἔστιν,
3316 1570 3520 1630 ὀπίσω,
3550 1569 3689 1620 κατὰ
3712 1569 3796 1635 τὴν

2217 1663 2314 1725 τοῦ
2338 1664 2647 1727 Ψάλλοντος
2669 1664 2875 1735 φωνὴν,
2917 1685 2937 1715 ι
2981 1664 3104 1717 Ὀτι
3138 1662 3291 1733 θήσει
3315 1663 3519 1722 αὐτοὺς
3550 1660 3743 1715 νῶτονο
3774 1680 3788 1711 ι

2220 1757 2329 1819 πᾶς
2371 1757 2478 1829 γὰρ
2546 1757 2763 1830 Ἰσραὴλ
2814 1756 3140 1827 σωθήσεται.
3184 1755 3285 1825 τῆς
3308 1755 3370 1820 ἐξ
3394 1753 3575 1807 ἐθνῶν
3611 1755 3794 1825 ἀγέλης

2144 1824 2323 1913 Βτοῖς
2371 1824 2538 1913 θείοις
2581 1824 2773 1921 σῆκοῖς
2826 1824 3354 1921 προενηυλισμένης.
3415 1844 3539 1901 Οὐκ
3596 1847 3661 1918 ἑᾷ
3700 1824 3794 1900 τοι·

2212 1936 2417 2011 γαροῦν
2451 1939 2481 1991 ὁ
2505 1938 2669 2010 νόμος
2714 1939 2811 2011 τὴν
2841 1938 2918 2000 ὡς
2946 1941 3005 1993 ἐν
3037 1938 3241 2008 ἐσχάτῃ
3271 1936 3627 2007 πανωλεθρία
3652 1937 3793 2003 γενέ.

2216 2032 2342 2087 σθαι
2373 2032 2600 2105 φθορὰν,
2634 2033 2936 2104 ἡμερότητι
2965 2032 3421 2103 συγκεκραμένην
3448 2030 3553 2100 τὴν
3576 2029 3670 2082 ἐπὶ
3695 2031 3794 2092 τοῖς

2213 2126 2545 2198 ἀπειθήσασι
2568 2126 2989 2196 προαναφαίνων
3013 2124 3204 2197 ὀργὴν,
3235 2125 3291 2177 ὲν
3314 2122 3500 2193 ταύτῷ
3552 2122 3631 2185 δὲ,
3660 2117 3794 2190 οἶμαι

2213 2217 2401 2271 τύπων
2427 2215 2616 2288 ὥσπερ
2651 2216 2775 2273 τινὰ
2812 2216 2873 2271 τὸ
2902 2215 3093 2287 χρῆμα
3130 2215 3301 2278 τιθεὶς
3346 2214 3612 2284 εἰδήσεως
3634 2211 3788 2278 ἀναγ-

2214 2310 2399 2377 καίας.
2429 2311 2672 2367 ’Ήκιστα
2713 2309 2811 2380 μὲν
2855 2308 2966 2380 γάρ
2994 2309 3279 2380 οἰχήσεται
3307 2306 3376 2359 τὰ
3423 2306 3559 2359 ὄντα
3585 2304 3716 2377 πρὸς
3742 2305 3794 2358 τὸ

2219 2403 2383 2475 μηδὲν
2437 2403 2661 2475 ἀκράτῳ
2712 2402 2891 2476 φθορᾷ
2946 2399 3379 2473 τυραννούμενα,
3444 2399 3695 2467 διαμενεί
3740 2396 3787 2449 δὲ

2215 2496 2404 2567 ὥσπερ
2428 2499 2548 2553 ταῖς
2570 2494 2839 2565 διαδοχαῖς
2862 2494 3020 2549 τοῦτο
3048 2495 3105 2549 ὲν
3131 2494 3347 2563 ἐκείνῳ,
3380 2493 3607 2545 κάκεῖνο
3639 2490 3779 2559 τυχὸν

2217 2589 2275 2640 ἐν
2307 2586 2481 2659 τούτῳ
2509 2585 2816 2654 σωζόμενα,
2845 2586 2987 2639 κατά
3015 2603 3079 2654 γε
3106 2585 3167 2638 τὸ
3198 2584 3459 2653 συγγενὲς
3481 2583 3517 2653 ἢ
3546 2583 3782 2654 ὁμοειδὲς,

2215 2678 2309 2731 τὸν
2350 2677 2586 2731 εἰσάπαν
2638 2676 2862 2748 ὄλεθρον
2909 2675 3019 2729 τῶν
3061 2665 3206 2728 ἱδῖων
3239 2672 3562 2743 κτισμάτων
3615 2673 3783 2725 ἀποσο-

2217 2769 2439 2833 ϐοῦντος
2488 2768 2582 2823 τοῦ
2630 2766 2787 2822 Θεοῦ.
2829 2787 2847 2819 ι
2889 2769 3113 2821 Ἔκτισε
3160 2766 3268 2838 γὰρ
3300 2767 3381 2829 εἰς
3434 2764 3497 2821 τὸ
3556 2760 3693 2818 εἶναι
3728 2764 3781 2817 τά

2218 2860 2397 2915 πάντα
2441 2859 2535 2913 καὶ
2565 2858 2820 2931 σωτήριοι
2846 2859 2899 2911 αἱ
2926 2857 3169 2926 γενέσεις
3204 2855 3297 2909 τοῦ
3324 2855 3561 2925 κόσμου,
3612 2873 3630 2905 ι
3665 2853 3781 2907 κατὰ

2217 2952 2279 3006 τὸ
2332 2951 2744 3023 γεγραμμένον.
2798 2949 3047 3020 Ἔπρεπε
3079 2949 3137 3003 δὲ
3185 2948 3279 3003 καὶ
3344 2947 3457 3003 τῶν
3483 2946 3778 3015 τοιούτωνή

2221 3042 2645 3115 προαγορεύσις,
2691 3042 2787 3097 καὶ
2835 3042 2943 3113 μὴν
2997 3040 3093 3094 καὶ
3129 3040 3163 3110 ἡ
3220 3040 3479 3110 δήλωσις,
3523 3037 3632 3092 τῶν
3676 3038 3780 3107 περὶ

2220 3132 2457 3205 Χριστοῦ
2491 3133 2687 3201 λόγων,
2719 3132 2786 3185 δι’
2824 3130 2884 3185 ὃν
2915 3130 3006 3185 καὶ
3031 3132 3089 3184 ὲν
3116 3122 3161 3198 ᾧ
3181 3130 3249 3185 τὰ
3275 3129 3601 3200 ὲφθαρμένα
3634 3127 3777 3191 σώζε-

2222 3243 2334 3287 ται,
2381 3224 2477 3283 καὶ
2512 3224 2575 3277 τὸ
2615 3223 2831 3299 θανάτῳ
2883 3221 3313 3293 τυραννούμενον
3361 3220 3686 3290 ἀνατέθηλεν
3715 3222 3779 3282 εἰς

2224 3316 2393 3387 ζωὴν,
2437 3314 2793 3386 τετελεύτηκε
2842 3315 2940 3385 μὲν
2973 3313 3082 3385 γὰρ
3116 3315 3149 3383 ἡ
3182 3313 3306 3382 ῥίζα
3338 3310 3435 3364 τοῦ
3468 3310 3778 3380 ἀνθρωπείου

2224 3407 2415 3476 γένους
2446 3401 2536 3460 οἷά
2554 3424 2640 3469 τις
2669 3407 2872 3478 μήτηρ,
2899 3407 2974 3469 ὡς
2995 3408 3053 3459 ὲν
3086 3404 3277 3475 Ἄδαρ..
3299 3402 3442 3473 πλὴν
3464 3404 3512 3455 οἱ
3536 3401 3595 3464 ἐξ
3614 3400 3776 3469 αὐτῆς.

2224 3497 2367 3551 τοῦτ’
2391 3497 2559 3564 ἔστιν,
2585 3500 2769 3569 ἡμεῖς,
2800 3497 3161 3567 ἀνεθὰλλομεν
3188 3496 3245 3548 ὲν
3268 3493 3491 3564 Χριστῷ
3520 3494 3613 3545 καὶ
3640 3492 3780 3559 ἐσμὲν

2225 3591 2321 3645 καὶ
2357 3588 2668 3661 σωζόμεθα,
2702 3588 2849 3659 ζωὴν
2875 3588 3089 3659 ἔχοντες
3122 3586 3282 3641 αὑτὸν
3309 3586 3406 3640 καὶ
3434 3583 3590 3655 ῥίζαν
3620 3582 3778 3652 ᾧσταρ

2224 3683 2318 3737 τοῦ
2349 3682 2539 3751 γένους
2566 3680 2846 3752 δευτέραν.

2297 3864 2503 3919 ΠΛΔΛ.
2561 3863 2651 3924 Ὠς
2693 3857 2753 3914 εὖ
2799 3877 2860 3928 γε
2907 3858 2972 3928 δὴ
3021 3856 3115 3910 καὶ
3156 3856 3299 3927 μάλα
3346 3854 3717 3924 ἀπεζεσμένως
3752 3853 3777 3901 ὁ

2225 3956 2381 4024 λόγος
2415 3956 2550 4026 ἔχει.

2303 4048 2464 4111 ΚΥΡ.
2519 4046 2700 4110 Ἀξιον
2755 4043 2832 4107 δὲ,
2890 4035 2935 4095 ὦ
2984 4041 3271 4105 Παλλάδιε,
3342 4042 3455 4102 τοῖς
3501 4035 3778 4109 εἰρημένοις

2226 4142 2564 4208 ἐπενεγκεῖν,
2606 4138 2690 4191 τό·
2731 4155 2749 4188 ι
2792 4134 2867 4189 Οὐ
2900 4134 3187 4205 φυτεύσεις
3228 4130 3444 4200 σεαυτῷ
3488 4132 3659 4194 ἄλσος·
3689 4130 3779 4181 πᾶν

2229 4233 2383 4299 ξύλον
2418 4231 2569 4303 παρὰ
2603 4230 2663 4283 τὸ
2703 4230 3088 4300 θυσιαστήριον
3127 4227 3336 4297 Κυρίου
3367 4224 3464 4277 τοῦ
3514 4222 3641 4277 Θεοῦ
3678 4238 3775 4284 σου,

2226 4326 2287 4380 οὐ
2339 4325 2585 4395 ποιήσεις
2624 4320 2859 4390 σεαυτῷ,
2899 4320 2959 4372 οὐ
2996 4320 3212 4388 στήσεις
3259 4315 3476 4386 σεαυτῷ
3514 4315 3717 4385 στήλην,
3748 4312 3778 4366 ἃ

2228 4417 2456 4489 ἐμίσησε
2487 4414 2694 4485 Κύριος
2718 4413 2748 4465 ὁ
2774 4412 2907 4474 Θεός
2936 4428 3052 4464 σου.
3093 4429 3111 4461 ι
3150 4409 3259 4464 Θέα
3294 4409 3400 4481 γὰρ
3425 4409 3572 4470 ὅπως
3598 4406 3777 4458 εἰδωλο-

2154 4548 2198 4603 D
2229 4513 2475 4588 πρεποῦς
2496 4514 2712 4584 ἀπάτης
2729 4505 3277 4603 ἐξοικίζειπαντελῷς
3303 4506 3397 4557 τὸν
3419 4500 3775 4603 τῆς

2227 4605 2637 4678 προσκυνητὴν,
2684 4603 2887 4672 ἥκιστα
2940 4598 3040 4668 μὲν
3110 4599 3307 4665 ἐφιεὶς,
3356 4597 3471 4657 τοῖς
3544 4592 3774 4661 Ἑλλήνων

2224 4696 2635 4769 άποκεχρῆσθαι
2674 4695 2891 4763 νόμοις,
2930 4687 3282 4746 ἀποσείεσθαι
3327 4686 3384 4739 δὲ
3423 4686 3534 4738 δεῖν
3574 4682 3637 4735 τὰ
3670 4680 3773 4748 παρ’

2226 4793 2455 4857 ἐκείνοις
2482 4790 2579 4860 ἔθη
2611 4785 2959 4859 παρεγγυῶν.
2996 4782 3099 4837 κᾶν
3128 4782 3175 4833 εἰ
3207 4780 3373 4852 μηδὲν
3414 4778 3587 4847 ἔχοιεν
3620 4774 3675 4828 τὸ
3705 4775 3776 4825 λυ-

2228 4886 2385 4948 ποῦν,
2418 4884 2512 4939 καὶ
2540 4885 2589 4936 εἰ
2617 4880 2855 4949 γένοιντο
2888 4876 3069 4949 τυχόν.

2302 4979 2514 5033 ΠΑΛΛ.
2556 4970 2680 5028 Οἷόν
2719 4990 2771 5025 τι
2798 4974 2938 5041 φὴςς

2300 5067 2467 5122 ΚΥΡ.
2508 5066 2592 5120 Τὰ
2616 5063 2981 5134 εὐερνέστατα
3003 5059 3113 5114 τῶν
3140 5058 3323 5128 φυτῶν
3351 5055 3531 5111 πάντα
3553 5072 3607 5107 τε
3638 5055 3777 5123 due:-

2230 5158 2417 5227 Xatptbc;
2450 5153 2710 5225 κομῶντα
2734 5150 2937 5223 δρυμὸν
2983 5145 3498 5217 καταλαμϐάνοντες
3534 5144 3774 5211 Ἕλληνες.

2234 5248 2449 5320 βωμοὺς
2472 5244 2567 5298 καὶ
2584 5242 2775 5304 θυσίας
2799 5243 2911 5303 τοῖς
2935 5237 3230 5308 δαιμονίοις
3254 5234 3651 5289 ἵστασαν.Ἕδει
3670 5232 3775 5300 γὰρ.

2233 5338 2340 5391 ἔδει
2384 5338 2498 5398 τοῖς
2544 5331 2652 5385 τῶν
2699 5328 2991 5399 δαιμονίων
3041 5326 3245 5397 βωμοῖς
3289 5324 3570 5394 ἀποφορὰν
3619 5320 3777 5384 ὥσπερ

2234 5429 2349 5493 νοῦ,
2380 5428 2473 5481 καὶ
2524 5425 2629 5496 μὴν
2661 5423 2756 5477 καὶ
2786 5421 3008 5493 τέρψεις
3048 5414 3481 5489 παραπεπῆχθαι
3521 5410 3774 5483 κοσμικὰς.

2236 5518 2403 5572 Νοσεῖ
2425 5517 2532 5587 γὰρ
2550 5514 2611 5566 τὸ
2628 5511 2824 5583 ψεῦδος
2842 5508 3055 5563 οἴκοθεν
3083 5506 3183 5578 μὲν
3205 5505 3265 5563 τὸ
3294 5505 3513 5571 ἄναλκι,
3542 5498 3773 5556 κατακαλ-

2238 5607 2456 5662 λύνεται
2510 5604 2568 5659 δὲ
2624 5601 2886 5665 πολλάκις
2937 5602 3051 5663 τοῖς
3106 5598 3440 5668 εἰσποιητοῖς
3490 5591 3773 5666 ὠραϊσμοίςο

665 5788 715 5826 ⁸⁸
746 5790 888 5863 Esal.
919 5807 1008 5858 xx,
1042 5791 1125 5845 13.
1206 5792 1248 5824 ³⁷
1278 5793 1436 5847 Rom.
1478 5806 1551 5855 χι,
1584 5789 1673 5845 ‘26.
1753 5790 1796 5823 ³⁸
1821 5790 1947 5875 Sap.
1972 5804 2014 5856 1,
2052 5788 2115 5843 Η

2220 5788 2258 5820 ’³
2288 5788 2451 5844 Deut.
2481 5803 2595 5853 τινι,
2620 5784 2712 5851 21,
2743 5784 2833 5838 σε.
