4140 6506
327 400 431 455 705

1075 400 1162 455 DE
1196 397 1637 456 ADORATIONE
1678 399 1745 457 IN
1786 401 2056 460 SPlRlTU
2087 402 2176 458 ET
2214 406 2582 466 VERITATE.
2626 411 2753 468 LIB.
2794 413 2861 469 Χ.

3478 416 3582 474 700

326 514 579 585 καθάπερ
611 512 804 583 ἀμέλει
835 512 931 565 καὶ
964 510 1071 564 τῶν
1109 510 1347 579 γυναίων
1381 508 1448 563 τά
1473 511 1705 581 ἄσεμνα.
1735 510 1827 581 Τῷ
1859 510 1908 564 δὲ

2025 516 2268 574 liereula?
2319 523 2516 577 solent.
2558 523 2698 579 lllud
2747 542 2914 596 porro
2956 527 3204 585 divinum
3264 537 3436 587 artare
3455 551 3581 590 cum

328 604 462 674 θείῳ
496 601 872 674 θυσιαστηρίῳ
917 600 997 671 τῷ
1039 599 1138 671 τῆς
1178 600 1435 672 ἀληθείας
1464 600 1910 673 ἀπαστράπτοντι

326 692 537 754 κάλλει,
591 690 759 743 ποίων
818 689 926 742 ἔδει
986 687 1096 741 τῶν
1156 687 1356 754 ἔξωθεν
1426 688 1909 760 ὲπικουρημάτων,

326 785 495 853 ῆγουν
527 781 750 834 είκαίων
788 777 1118 850 ὠραϊσμῶνς
1149 780 1210 831 οὐ
1245 779 1353 849 γὰρ
1396 778 1483 831 διὰ
1524 777 1768 850 τέρψεως
1819 795 1907 831 κο·

326 874 533 942 σμικῆς
584 871 842 942 προσιτὸν
898 870 959 923 τὸ
1010 869 1173 934 θεῖον,
1225 869 1346 923 οὐδὲ
1384 869 1654 942 ἀνειμένῳ
1708 871 1909 942 τρόπον

329 963 450 1015 τινὰ
478 958 555 1031 νῷ
587 963 682 1014 καὶ
708 960 1003 1014 ἁνάπτοντι
1037 959 1173 1030 πρὸς
1204 959 1272 1012 τά
1308 961 1565 1029 σαρκικὰ,
1602 961 1717 1014 ἀλλ’
1747 961 1822 1024 ὼς
1853 962 1910 1013 ὲν

325 1052 574 1125 νηφούσῃ
607 1051 816 1121 διανοίᾳ
842 1052 937 1104 καὶ
963 1049 1099 1102 πολὺ
1130 1046 1264 1119 πρὸς
1292 1049 1351 1101 τὸ
1382 1046 1493 1101 ἄνω
1523 1049 1792 1120 βλεποῦσῃ
1820 1049 1912 1102 καὶ

325 1147 384 1199 ὲν
421 1146 695 1216 οὐρανοῖς.
732 1144 905 1213 Εἴπερ
936 1133 1004 1212 ἦν
1037 1140 1171 1204 ὅλως
1214 1139 1305 1193 καὶ
1338 1139 1443 1192 ὑπὸ
1482 1140 1700 1211 πρέμνα
1726 1141 1909 1213 τυχὸν,

325 1237 401 1301 ὡς
432 1239 497 1289 ἐκ
533 1236 873 1305 ταυτομάτου
922 1234 1145 1302 γεγονὸς
1180 1231 1320 1284 θεῖόν
1357 1248 1462 1285 που
1502 1232 1908 1304 θυσιαστήριον,

325 1327 585 1397 ἠδίκησεν
620 1325 686 1379 ἂν
714 1325 774 1378 τὸ
804 1325 992 1395 χρῆμα
1018 1322 1172 1376 οὐδὲν
1200 1321 1290 1375 τὸν
1319 1323 1537 1393 ἀσφαλῆ
1568 1323 1662 1375 καὶ
1690 1326 1912 1393 γνήσιον

324 1414 422 1467 τοῦ
472 1415 724 1486 Σωτῆρος
770 1413 1189 1483 προσκυνητὴν’
1228 1410 1415 1483 ἐπειδὴ
1464 1410 1523 1464 δέ
1582 1412 1731 1464 ἐστιν
1777 1411 1912 1474 ὅλως

338 1506 654 1576 Ἑλληνικὸν
682 1506 744 1558 τὺ
763 1504 1126 1574 ἐπιτήδευμα,
1151 1501 1517 1574 παραιτητέον
1533 1502 1629 1575 τὴν
1658 1505 1910 1576 μίμησιν,

324 1597 533 1667 καὶτῆς
552 1595 842 1666 συνηθείας
861 1595 922 1648 τὸ
940 1594 1201 1665 ἐμφερὲς,
1221 1594 1473 1667 καθάπερ
1487 1594 1698 1666 ἀμέλει,
1718 1594 1796 1667 τῷ
1815 1597 1913 1668 μὲν

324 1686 509 1757 πιστῷ
540 1688 635 1740 xal
654 1686 909 1757 βεϐηκότι
934 1685 1010 1757 νῷ
1044 1684 1181 1756 πρὸς
1215 1685 1393 1756 ἀληθῆ
1424 1685 1650 1757 εἴδησιν,
1694 1686 1909 1741 εἴδωλον

326 1774 432 1847 μὲν
482 1774 636 1827 οὐδὲν
666 1776 724 1826 ὲν
755 1772 965 1844 κόσμῳ,
1018 1772 1132 1826 ἀλλ’
1166 1772 1286 1827 οὐδὲ
1338 1773 1685 1829 εἰδωλόθυτόν
1737 1778 1906 1843 ἐστιν,

322 1864 531 1918 ἐσθίειν
553 1881 615 1933 γε
652 1864 758 1934 μὴν
784 1864 885 1917 οὐκ
918 1864 1128 1933 ἐφίεται
1157 1863 1580 1937 παρεγγυῶντος
1606 1868 1795 1940 ἑτέρου
1822 1869 1909 1924 διὰ

320 1958 426 2028 τὴν
453 1957 561 2012 τῶν
588 1956 992 2029 ἀσθενεστέρων
1024 1958 1344 2028 συνείδησινο
1391 1978 1409 2010 ι
1446 1961 1563 2015 Ἵνα
1588 1960 1642 2014 τί
1674 1963 1781 2035 γὰρ
1798 1963 1909 2032 ἐγὼ

322 2050 583 2121 κρίνομαι
611 2049 716 2102 ὑπὸ
741 2048 907 2117 ἄλλης
933 2050 1317 2121 συνειδήσεως;
1351 2048 1413 2104 Εἰ
1443 2051 1553 2121 ἐγὼ
1574 2054 1757 2125 χάριτι
1782 2072 1909 2125 μετ-

202 2195 219 2205 ,
321 2141 458 2212 έχω,
489 2142 541 2195 τί
573 2140 1033 2212 βλασφημοῦμαι,
1075 2141 1216 2213 ὑπὲρ
1250 2138 1312 2197 οὗ
1350 2143 1462 2213 ἐγὼ
1496 2144 1841 2216 εὑχαριστῶς
1881 2167 1899 2199 ι

321 2234 605 2304 εὐδοκιμεῖ
643 2233 931 2304 τοιγαροῦν
963 2232 1024 2287 τὸ
1056 2234 1244 2304 χρῆμα
1276 2235 1428 2307 παρὰ
1463 2235 1581 2308 Θεῷ
1612 2238 1673 2291 τὸ
1705 2255 1907 2309 παραι-

318 2326 535 2381 τεῖσθαί
564 2344 705 2397 φημι
733 2327 833 2397 τὴν
864 2327 1000 2397 πρὸς
1028 2325 1292 2397 Ἕλληνας
1329 2328 1628 2400 ίσουργίαν,
1661 2331 1734 2395 ὡς
1763 2330 1818 2384 έν
1848 2350 1908 2385 τε

316 2422 391 2490 τῇ
430 2419 539 2473 τῶν
571 2419 969 2491 θυσιαστηρίων
1003 2418 1171 2482 θέσει,
1206 2421 1298 2473 καὶ
1348 2422 1405 2475 ὲν
1443 2424 1555 2485 τοῖς
1606 2420 1733 2493 περὶ
1771 2423 1908 2495 θρη-

319 2508 516 2572 σκείας
551 2507 695 2561 ἔθεσί
728 2526 787 2561 τε
817 2510 910 2562 καὶ
936 2508 1178 2580 τρόποις.

397 2594 608 2652 ΠΛΛΛ.
652 2596 934 2668 Σύμφημι.

395 2684 564 2741 ΚΥΡ.
604 2684 678 2739 Τὸ
726 2686 784 2740 δὲ
829 2686 895 2757 δὴ
940 2686 1137 2760 χρῆναι
1192 2693 1563 2763 καρποφορεῖν
1612 2692 1692 2754 εἰς
1750 2690 1907 2757 δόξαν

318 2778 483 2844 Θεοῦ,
538 2779 634 2834 καὶ
686 2778 761 2852 μὴ
808 2780 971 2845 κενάς
1004 2784 1190 2854 χεῖρας
1226 2783 1449 2853 ἔχοντας
1491 2786 1569 2847 εἰς
1612 2784 1713 2855 τὴν
1748 2785 1908 2852 ἁγίαν

322 2870 463 2925 ίέναι
510 2870 736 2943 σκηνὴν,
785 2871 1029 2941 διεσάφει
1084 2874 1248 2928 πάλιν
1304 2876 1438 2946 ἡμῖν
1482 2875 1545 2928 τὸ
1579 2876 1617 2928 Γ
1621 2877 1815 2946 ράμμα
1846 2877 1907 2930 τὸ

321 2963 503 3033 ἱερὸν,
531 2963 589 3015 ὲν
619 2962 731 3027 τοῖς
775 2961 1053 3034 Ἀριθμοῖς
1082 2962 1254 3028 οὕτως
1289 2962 1429 3034 ἔχον·
1477 2983 1495 3016 ι
1528 2965 1637 3020 Καὶ
1666 2965 1904 3033 ἐγένετο,

2010 614 2379 683 pulcherrima
2450 616 2698 672 veritatis
2768 620 2950 689 specie
3002 621 3277 693 fulgeret,
3330 641 3582 695 quaenam

2010 705 2321 759 extrinseca
2352 707 2689 776 adjumeula,
2709 717 2803 762 aut
2824 726 2961 765 vana
2982 721 3304 767 ornamenta
3332 715 3583 784 require-

2012 796 2139 849 ret?
2166 812 2345 866 neque
2378 799 2525 851 enim
2560 814 2657 867 per
2680 801 2963 855 saecularia
3023 803 3420 859 oblectamenta
3463 806 3583 860 adi-

2009 894 2098 941 tur
2122 885 2188 941 ad
2237 886 2430 951 Deum,
2479 904 2656 959 neque
2693 891 2873 947 soluto
2906 893 3245 965 remissoque
3286 895 3491 959 animo,
3529 905 3585 952 et

2018 979 2085 1033 ad
2106 980 2355 1034 carnales
2377 979 2686 1050 voluptates
2710 983 2953 1053 projecto
2986 992 3147 1054 atque
3179 985 3460 1055 resupino,
3487 986 3583 1039 sed

2011 1070 2257 1141 vigilanti
2280 1086 2342 1124 ac
2374 1087 2593 1126 sursum
2641 1073 3008 1130 intentissime
3038 1074 3381 1146 respicienti,
3430 1086 3486 1131 et
3528 1080 3583 1131 in

2010 1158 2165 1213 ccelis
2188 1157 2313 1213 ﬁxo.
2336 1161 2432 1226 Ac,
2464 1161 2506 1215 si
2541 1161 2772 1217 fortuito
2790 1179 2856 1218 ex
2887 1164 2978 1217 illo
3002 1164 3191 1220 divino
3212 1166 3369 1220 altari
3384 1167 3583 1238 stirpes

2010 1250 2373 1313 exstitissent,
2401 1266 2466 1305 ea
2512 1267 2601 1305 res
2629 1250 2787 1305 ﬁrmo
2810 1268 2873 1306 ac
2905 1250 3052 1307 ﬁdeli
3084 1255 3257 1309 nostri
3286 1252 3584 1308 Salvatoris

2011 1338 2290 1394 adoratori
2328 1340 2465 1394 nihil
2495 1340 2794 1396 obruisset:
2827 1341 2943 1407 sed,
2994 1344 3121 1413 quia
3167 1344 3454 1414 gentilium
3498 1352 3584 1399 est

2010 1444 2240 1500 prorsus
2295 1431 2348 1485 id
2417 1432 2755 1495 institutum,
2815 1433 3133 1505 refugienda
3186 1443 3269 1489 est
3326 1436 3581 1502 imitatio,

2011 1530 2175 1591 atque
2250 1523 2669 1578 consuetudinis
2740 1523 3064 1589 similitudo,
3120 1526 3583 1595 quemadmodum

2008 1612 2203 1683 procul
2231 1613 2401 1667 dubio
2442 1613 2590 1669 ﬁdeli
2619 1616 2852 1680 homini,
2902 1624 2959 1672 et
3008 1617 3065 1671 in
3094 1632 3224 1672 vera
3272 1618 3583 1688 cognitione

1942 1737 1985 1793 Β
2014 1716 2180 1777 atque
2209 1706 2438 1761 scientia
2461 1709 2809 1772 conﬁrmato,
2838 1707 2976 1762 nihil
2998 1708 3312 1763 estidolum
3341 1708 3394 1761 in
3421 1724 3583 1763 mun-

2013 1798 2105 1863 do,
2168 1817 2347 1870 neque
2399 1801 2607 1870 aliquid
2642 1809 2727 1855 est
2775 1798 3141 1871 idolothytum
3177 1799 3245 1865 ⁸ο,
3289 1808 3470 1855 tamen
3517 1805 3581 1853 ut

2012 1891 2155 1946 alius
2182 1891 2404 1962 quidam
2460 1891 2730 1962 praecipit,
2763 1907 2830 1946 eo
2854 1892 3001 1946 vesci
3034 1906 3146 1945 non
3175 1890 3305 1947 licet
3356 1897 3582 1960 propter

2013 1982 2354 2037 inﬁrmorum
2396 1978 2883 2039 conscientiam“:
2941 2002 2959 2033 ι
3013 1980 3224 2053 thuid
3283 1981 3430 2037 enim
3481 1997 3583 2052 ego

2005 2073 2225 2144 judicor
2263 2074 2331 2129 ab
2352 2073 2458 2129 alia
2491 2072 2865 2131 conscientia?
2897 2072 2951 2130 Si
2984 2091 3084 2146 ego
3107 2091 3229 2129 cum
3264 2074 3436 2145 gratia
3455 2090 3582 2143 par-

2016 2167 2204 2236 ticipo,
2224 2183 2323 2221 cur
2356 2167 2727 2237 blasphemor,
2752 2184 2853 2239 pro
2886 2184 2995 2238 quo
3022 2183 3123 2238 ego
3150 2165 3352 2237 gratias
3383 2163 3530 2236 ago?
3557 2184 3575 2215 ι

2010 2257 2310 2313 Laudabile
2376 2258 2543 2328 igitur
2586 2269 2670 2314 est
2714 2258 2858 2329 apud
2901 2254 3072 2313 Deum
3132 2272 3360 2322 cavere,
3408 2272 3474 2311 ne
3527 2256 3583 2310 in

2010 2350 2266 2405 altarium
2293 2351 2574 2411 situ,nevc
2599 2352 2653 2406 in
2688 2350 2972 2421 religionis
3000 2350 3249 2405 moribus
3274 2359 3439 2417 atque
3470 2347 3579 2403 ritu

2008 2444 2241 2514 gentiles
2268 2443 2565 2497 imitemur.

2088 2620 2287 2677 PALL.
2322 2619 2629 2677 Assentior.
2880 2674 2881 2677 η

2078 2712 2234 2768 CYR.
2268 2710 2503 2784 {Equum
2535 2729 2655 2769 esse
2684 2720 2890 2778 autem,
2923 2717 2984 2766 ut
3035 2710 3343 2767 oblationes
3384 2705 3452 2764 ad
3472 2707 3571 2764 Dei

2008 2803 2239 2875 gloriam
2269 2803 2588 2867 oﬁ'eramus,
2620 2818 2723 2857 nec
2774 2800 2961 2857 vacuis
2981 2801 3237 2856 manibus
3267 2798 3337 2855 ad
3366 2810 3584 2855 sacrum

2008 2895 2425 2950 tabernaculum
2454 2896 2735 2961 adeamus,
2770 2896 2973 2951 eaedem
3024 2909 3193 2949 saera:
3224 2893 3447 2948 Litterae
3484 2890 3582 2947 de-

2008 2987 2239 3049 clarant,
2264 3004 2385 3057 quae
2401 2988 2480 3042 sic
2506 2987 2713 3042 habent
2738 2988 2789 3041 in
2806 2987 3093 3042 Numeris:
3127 3006 3144 3037 ι
3170 2986 3239 3040 Et
3258 2985 3461 3040 factum
3476 2992 3582 3051 est,

317 3047 357 3127 ᾖ
386 3054 574 3125 ἡμέρᾳ
623 3052 934 3108 συνετέλεσε
981 3054 1208 3124 Μωσῆς,
1268 3055 1408 3109 ὥστε
1453 3058 1755 3127 ἀναστῆσαι
1805 3059 1906 3128 τὴν

2007 3090 2117 3145 quo
2143 3074 2231 3129 die
2257 3074 2656 3129 consummavit
2676 3075 2887 3146 Moyses
2907 3076 3117 3146 erigere
3144 3074 3581 3139 tabernaculum,

320 3143 553 3215 σκηνὴν,
600 3144 697 3197 καὶ
728 3144 943 3216 ἔχρισεν
973 3146 1163 3218 αὐτὴν,
1199 3149 1294 3203 καὶ
1321 3149 1549 3218 ἡγίασεν
1590 3150 1777 3221 αὐτὴν,
1812 3151 1907 3204 καὶ

318 3233 504 3289 πάντα
548 3233 616 3287 τά
656 3234 825 3307 σκεύη
884 3236 1076 3307 αὐτῆς,
1126 3240 1219 3292 καὶ
1256 3239 1318 3291 τὸ
1362 3240 1768 3311 θυσιαστήριον,
1812 3243 1906 3295 καὶ

315 3325 501 3379 πάντα
523 3325 593 3379 τὰ
617 3327 789 3397 σκεύη
810 3327 997 3394 αὑτοῦ,
1020 3328 1113 3382 καὶ
1136 3326 1352 3400 ἔχρισεν
1372 3329 1531 3393 αὐτὰ,
1558 3332 1652 3383 καὶ
1678 3330 1904 3402 ἡγίασεν

316 3419 482 3472 αὐτά.
508 3417 619 3471 Καὶ
650 3419 1033 3488 προσήνεγκαν
1064 3421 1113 3472 οί
1146 3422 1403 3491 ἄρχοντες
1432 3422 1667 3493 Ἰσραὴλ,
1698 3422 1903 3476 δώδεκα

315 3508 580 3580 ἄρχοντες
613 3509 776 3562 οῐκων
822 3510 1068 3580 πατριῶν
1116 3511 1316 3564 αὐτῶν.
1352 3502 1512 3564 Οὗτοι
1565 3513 1612 3564 οἱ
1644 3512 1903 3584 ἄρχοντες

315 3596 525 3668 φυλῶν,
570 3593 714 3652 οῦτοι
758 3600 808 3651 oi
859 3601 1267 3671 παρεστηκότες
1319 3604 1411 3655 ἐπὶ
1443 3603 1543 3672 τῆς
1574 3605 1898 3676 ἐπισκοπῆς.

312 3688 429 3740 Kal
482 3689 720 3758 ἡνεγκαν
764 3688 825 3740 τὸ
879 3687 1051 3759 δῶρον
1106 3691 1283 3744 αὐτῶν
1337 3692 1516 3747 ἔναντι
1566 3695 1794 3766 Κυρίου,
1845 3694 1902 3762 ἒξ

314 3779 538 3848 ἁμάξας
558 3780 929 3852 λαμπηνίκας,
956 3782 1051 3835 καὶ
1075 3781 1283 3838 δώδεκα
1332 3786 1479 3856 βόας,
1512 3788 1730 3859 ἄμαξαν
1753 3790 1904 3863 παρὰ

310 3872 412 3925 δύο
442 3871 741 3943 ἀρχόντων,
780 3876 876 3929 καὶ
906 3875 1105 3946 μόσχον
1136 3876 1288 3948 παρὰ
1317 3879 1571 3934 ἑκάστου.
1601 3883 1712 3935 Kal
1740 3897 1904 3954 προσ.

311 3964 528 4033 ἠγαγον
568 3964 810 4019 ἐναντίον
837 3965 937 4036 τῆς
982 3968 1201 4039 σκηνῆς.
1231 3969 1342 4024 Καὶ
1376 3964 1497 4025 εἷπε
1536 3973 1741 4046 Κύριος
1767 3975 1903 4047 πρὸς

311 4054 549 4127 Μωσῆν,
577 4056 750 4126 λέγων
769 4074 782 4087 ·
811 4057 957 4111 Λάϐε
997 4062 1126 4130 παρ’
1157 4060 1357 4126 αὐτῶν,
1403 4065 1496 4117 καὶ
1526 4064 1740 4121 ἔσονται
1766 4070 1901 4141 πρὸς

308 4146 389 4201 τά
418 4145 557 4217 ἔργα
591 4147 661 4201 τὰ
694 4147 1044 4219 λειτουργικὰ
1073 4151 1168 4222 τῆς
1199 4144 1405 4224 σκηνῆς
1442 4155 1537 4209 τοῦ
1576 4162 1899 4231 μαρτυρίου,

308 4238 413 4291 καὶ
440 4237 634 4302 δώσεις
673 4240 812 4293 αὐτὰ
839 4243 952 4304 τοῖς
976 4241 1228 4307 Λευίταις
1266 4245 1482 4318 ἑκάστῳ
1510 4250 1650 4303 κατὰ
1675 4250 1773 4322 τὴν
1801 4252 1899 4305 αῦ-

308 4330 411 4385 τοῦ
442 4330 806 4402 λειτουργίαν.
832 4332 943 4386 Kal
966 4333 1146 4387 λαϐὼν
1177 4336 1385 4406 Μωσῆς
1424 4338 1522 4402 τὰς
1565 4340 1778 4409 ἁμάξας
1806 4345 1900 4397 καὶ

2014 3167 2170 3221 unxit
2200 3167 2333 3221 illud
2359 3183 2423 3223 ac
2468 3167 2849 3234 sanetiﬁcavit,
2896 3174 2951 3223 et
2984 3168 3165 3222 omnia
3183 3183 3308 3222 vasa
3347 3168 3485 3239 ejus,
3528 3174 3586 3223 et

2011 3258 2169 3312 unxit
2198 3275 2282 3323 ea,
2315 3269 2371 3314 et
2425 3259 2785 3315 sanctiﬁcavit
2842 3277 2929 3323 ea,
2982 3268 3039 3315 et
3071 3260 3266 3323 altare,
3307 3268 3364 3315 et
3400 3261 3584 3315 omnia

2010 3350 2131 3420 ejus
2162 3367 2313 3416 vasa,
2340 3359 2396 3406 et
2422 3352 2657 3407 unxitac
2683 3351 3043 3407 sanetiﬁeavit
3068 3368 3161 3417 ea;
3183 3361 3238 3407 et
3263 3353 3585 3408 obtulerunt

2011 3441 2289 3512 principes
2326 3442 2825 3506 Israel,duodeeim
2866 3445 3143 3513 principes
3188 3444 3477 3498 domorum
3504 3444 3585 3498 fa-

2010 3534 2289 3588 miliarum
2323 3550 2549 3588 suarum
2581 3553 2593 3587 :
2621 3532 2677 3588 hi
2736 3533 3015 3605 principes
3043 3536 3309 3601 tribuum,
3344 3537 3398 3591 hi
3431 3544 3580 3603 sunt,

2011 3627 2104 3697 qui
2134 3625 2429 3681 adfuerunt
2483 3627 2808 3691 recensioni,
2852 3634 2909 3682 et
2974 3629 3277 3684 attulerunt
3311 3630 3451 3684 dona
3487 3646 3585 3685 sua

2010 3727 2136 3773 ante
2167 3716 2491 3783 Dominum;
2543 3735 2638 3774 sex
2671 3719 2923 3774 vehicula
2974 3727 3137 3783 tecta,
3186 3724 3241 3775 et
3291 3720 3584 3777 duodecim

2008 3810 2217 3875 boves;
2241 3810 2557 3865 vehiculum
2587 3828 2615 3866 a
2655 3810 2873 3867 duobus
2892 3812 3259 3883 principibus,
3303 3822 3359 3870 et
3387 3815 3584 3871 bovem

2010 3900 2307 3973 asingulis,
2328 3912 2383 3957 et
2405 3902 2754 3958 adduxerunt
2788 3921 2849 3958 ea
2889 3915 3016 3960 ante
3046 3907 3482 3963 tabernaculum.
3514 3907 3583 3965 Et

2008 3991 2229 4045 locutus
2253 3998 2337 4045 est
2372 3991 2637 4047 Duminus
2661 3990 2728 4047 ad
2755 3991 2999 4064 Moysen,
3028 3994 3256 4050 dicens:
3287 3995 3488 4068 Accipe
3510 3999 3583 4054 ab

2010 4082 2165 4152 ipsis,
2196 4080 2356 4153 362
2382 4090 2437 4138 et
2460 4091 2625 4138 erunt
2666 4083 2733 4137 ad
2788 4099 2956 4154 opera
3005 4086 3297 4141 ministerii
3324 4088 3583 4144 tabema-

2010 4171 2116 4225 culi
2144 4171 2465 4234 testimonii,
2496 4179 2551 4225 et
2576 4170 2732 4226 dabis
2755 4188 2819 4227 ea
2846 4172 3074 4237 Levitis,
3098 4175 3328 4245 singulis
3353 4194 3453 4247 pro
3481 4188 3582 4234 suo

2008 4258 2335 4312 ministerio.
2365 4259 2731 4329 Etaeeipiens
2755 4260 2968 4331 Moyses
2984 4263 3258 4328 vehicula,
3307 4274 3365 4320 et
3412 4267 3581 4325 boves

2007 4346 2270 4402 dediteas
2317 4344 2527 4401 Levitis
2553 4348 2620 4401 δ’.
2649 4367 2667 4399 ι
2721 4348 2909 4418 Neque
2957 4364 3091 4405 vero
3132 4352 3417 4425 hucusque
3442 4357 3584 4411 dun-

310 4429 445 4491 τοὺς
475 4426 626 4498 βόας,
662 4428 863 4482 ἔδωκεν
897 4429 1036 4483 αὐτὰ
1074 4434 1185 4495 τοῖς
1218 4432 1491 4496 Λευίταις.
1531 4448 1549 4485 ι
1582 4436 1689 4488 Kal
1719 4436 1778 4488 οὐ
1807 4438 1903 4507 μέ-

2008 4443 2157 4490 taxat
2184 4437 2492 4506 principum
2520 4436 2765 4493 tribuum
2791 4439 2934 4494 dona
2971 4452 3259 4512 progressa
3305 4454 3452 4512 sunt,
3481 4448 3580 4504 sed

312 4537 409 4592 χρι
452 4518 657 4572 τούτων
686 4520 755 4572 τὰ
783 4520 848 4572 ὲκ
886 4518 993 4573 τῶν
1038 4521 1328 4592 φυλάρχων
1362 4518 1426 4593 ἦν
1448 4539 1462 4552 ·
1506 4528 1906 4599 προσεπενὴνε-

310 4629 444 4664 κται
469 4609 523 4663 δὲ
555 4610 650 4663 καὶ
677 4609 860 4683 ἕτερα.
889 4610 1203 4685 Γέγραπται
1236 4613 1365 4684 γὰρ,
1406 4633 1423 4664 ι
1462 4616 1573 4668 Kal
1601 4618 1906 4688 προσήνεγ-

313 4721 423 4757 καν
461 4703 510 4756 οί
551 4701 811 4772 ἄρχοντες
852 4702 932 4764 είς
960 4703 1053 4755 τὸν
1080 4705 1431 4775 ὲγκαινισμδν
1458 4705 1548 4759 τοῦ
1596 4707 1900 4779 θυσιαστη-

316 4794 459 4866 ρίου,
502 4795 561 4847 ὲν
595 4795 660 4865 τῇ
690 4793 872 4866 ἡμέρᾳ
966 4793 1181 4865 ἔχρισεν
1215 4794 1364 4860 αὐτὸ,
1398 4798 1490 4850 καὶ
1525 4800 1905 4871 προσήνεγκαν

312 4889 366 4939 οἱ
397 4887 658 4957 ἄρχοντες
690 4887 763 4939 τὰ
792 4886 943 4959 δῶρα
984 4886 1161 4941 αὐτῶν
1194 4890 1452 4943 ἀπέναντι
1483 4890 1576 4944 τοῦ
1612 4891 1899 4965 θυσιαστη-

318 4980 459 5050 ρίου.
492 4979 601 5032 Kal
623 4974 742 5031 εἷπε
772 4978 975 5048 Κύριος
998 4980 1133 5050 πρὸς
1164 4981 1368 5051 Μωσῆν
1386 4998 1401 5013 ο
1435 4981 1650 5055 ’Λρχων
1676 4977 1754 5049 εἷς
1778 4987 1901 5041 καθ’

314 5072 557 5142 ἡμέραν,
589 5070 771 5142 ἄρχων
794 5071 915 5125 καθ’
937 5055 1149 5144 ἡμέραν
1180 5073 1528 5142 προσοίσουσι
1544 5076 1614 5131 τὰ
1637 5075 1785 5148 δῶρα
1806 5080 1902 5133 αῦ-

316 5160 430 5215 τῶν
464 5162 542 5225 είς
571 5162 662 5215 τὸν
688 5164 1042 5234 ἐγκαινισμδν
1067 5162 1159 5217 τοῦ
1193 5164 1603 5238 θυσιαστηρίου.
1647 5168 1758 5223 Καὶ
1786 5163 1853 5241 ῆν
1872 5171 1902 5224 ὁ

317 5253 650 5324 προσφέρων
689 5256 748 5306 ὲν
784 5257 849 5324 τῇ
877 5255 1060 5327 ἡμέρᾳ
1092 5259 1160 5327 τῇ
1188 5256 1381 5329 πρώτῃ
1405 5258 1465 5311 τὸ
1503 5258 1675 5330 δῶρον
1709 5261 1900 5330 αὑτοῦ,

316 5343 594 5398 Ναασσὼν
629 5345 746 5408 υίὸς
788 5345 1112 5416 Ἀμιναδάϐ,
1134 5347 1317 5418 ἄρχων
1355 5346 1455 5419 τῆς
1478 5349 1651 5422 φυλῆς
1708 5352 1896 5409 Ἰούδα.

315 5438 429 5491 Kal
460 5436 803 5509 προσήνεγκε
831 5438 891 5491 τὸ
922 5437 1096 5509 δῶρον
1116 5438 1310 5503 αὐτοῦ,
1343 5441 1593 5511 τρυϐλίον
1623 5445 1899 5517 ἀργυροῦν

315 5527 398 5591 ἓν,
417 5528 707 5599 τριάκοντα
739 5530 831 5583 καὶ
848 5531 1043 5584 ἑκατὸν
1068 5531 1199 5603 ὀλκὴ
1228 5533 1411 5586 αὐτοῦ·
1438 5534 1634 5607 φιάλην
1659 5538 1787 5607 μίαν
1802 5539 1899 5611 ἀρ-

314 5620 516 5690 γυρᾶν,
534 5616 906 5690 ἑϐδομήκοντα
930 5619 1128 5675 σίκλων
1151 5618 1292 5674 κατὰ
1310 5621 1399 5675 τὸν
1419 5622 1598 5677 σίκλον
1616 5624 1704 5678 τὸν
1722 5626 1895 5695 ἅγιον.

2002 4525 2091 4580 his
2113 4527 2279 4581 etiam
2300 4528 2406 4581 alia
2427 4527 2705 4598 adjuncta.
2735 4528 3023 4601 Scriptum
3043 4541 3129 4587 est
3161 4536 3309 4591 enim
3328 4556 3340 4591 :
3356 4557 3372 4588 ‹
3398 4538 3465 4593 Et
3484 4540 3581 4595 ob-

2004 4614 2253 4670 tulerunt
2287 4617 2565 4687 principes
2592 4617 2660 4672 ad
2682 4618 3085 4678 dedicationem
3112 4624 3321 4693 altaris,
3350 4628 3439 4683 die
3466 4645 3577 4700 quo

2002 4707 2160 4761 unxit
2188 4708 2343 4773 illud,
2377 4714 2432 4763 et
2459 4710 2763 4766 attulerunt
2814 4714 3095 4785 principes
3136 4718 3279 4775 dona
3321 4736 3418 4777 sua
3452 4731 3579 4778 ante

2004 4800 2194 4855 altare.
2226 4800 2294 4855 Et
2323 4800 2460 4855 dixit
2482 4800 2747 4859 Dominus
2768 4805 2833 4860 ad
2858 4807 3109 4879 Moysen:
3148 4811 3409 4884 Princeps
3436 4830 3580 4871 unus

2004 4908 2103 4963 per
2130 4892 2375 4962 singulos
2399 4893 2517 4948 dies
2541 4894 2703 4951 offert
2727 4897 2870 4952 dona
2916 4915 3014 4955 sua
3062 4901 3130 4955 ad
3170 4902 3576 4960 dedicationem

1998 4984 2203 5039 altaris.
2232 4984 2298 5039 Et
2332 4982 2436 5039 fuit
2459 4987 2551 5056 qui
2576 4987 2777 5043 obtulit
2814 4991 2995 5060 primo
3036 4991 3125 5047 die
3158 4993 3363 5048 donum
3394 4986 3574 5065 suum,

1997 5076 2240 5132 Naasson
2270 5076 2417 5133 ﬁlius
2448 5079 2755 5136 Aminadab
2775 5082 3034 5153 princeps
3065 5083 3242 5139 tribus
3274 5086 3449 5141 Judaa.
3508 5089 3577 5143 Et

1998 5169 2197 5225 obtulit
2214 5171 2418 5226 donum
2440 5186 2599 5227 suum
2626 5173 2869 5228 catinum
2890 5183 3209 5246 argenteum
3233 5193 3424 5242 unum,
3449 5194 3579 5236 cen-

2008 5268 2121 5315 tum
2162 5270 2217 5316 et
2244 5262 2467 5334 triginta
2491 5266 2705 5335 pondus
2727 5266 2876 5336 ejus;
2908 5267 3145 5337 phialam
3167 5286 3332 5327 unam
3384 5288 3579 5347 argen-

2010 5359 2175 5417 team,
2215 5354 2563 5426 septuaginta
2588 5355 2848 5411 siclorum
2870 5358 3025 5429 juxta
3052 5361 3247 5416 siclum
3301 5374 3574 5431 sanctum,

2008 5452 2306 5516 utrumque
2333 5445 2556 5516 plenum
2594 5448 2775 5503 simila
2817 5463 3114 5521 conspersa
3147 5441 3281 5510 'oleo
3304 5454 3371 5510 ad
3407 5458 3578 5511 sacri-

2006 5535 2627 5603 ﬁcium;mortariolum
2682 5552 2853 5595 unum
2902 5536 3089 5596 decem
3138 5558 3431 5600 aureorum
3456 5545 3574 5614 ple-

2006 5643 2137 5683 num
2169 5628 2428 5694 incenso;
2479 5628 2711 5685 vitulum
2770 5642 2940 5687 unum
2987 5632 3055 5689 dc
3105 5633 3301 5701 bobus,
3347 5635 3577 5692 arietem

386 5841 439 5933 ξ’
465 5844 487 5900 l
513 5844 638 5903 Cor.
672 5866 786 5914 vm,
825 5852 878 5905 4.
924 5852 964 5886 ⁸³
998 5853 1016 5908 l
1052 5854 1178 5910 Cor.
1211 5874 1264 5923 ι,
1307 5857 1395 5925 29,
1440 5858 1528 5914 30.
1572 5860 1615 5892 “
1644 5860 1805 5915 Num.
1842 5878 1934 5928 vn,
1974 5860 2089 5916 1-6.
