4140 6542
619 373 722 429 707

1645 371 1701 426 S.
1743 369 2016 425 CYRILLI
2056 369 2529 427 ALEXANDRINI
2576 371 2897 428 ARCHIEP.

3778 379 3876 436 ⁸108

622 482 814 532 unum,
840 481 1037 538 agnum
1061 480 1229 520 unum
1260 461 1579 519 anniculum
1614 465 1670 519 in
1696 465 2114 526 holocaustum,
2147 481 2174 518 e

2307 466 2590 537 ἀμφότερα
2642 466 2821 538 πλήρη
2905 467 3238 537 σεμιδάλεως
3287 470 3767 542 ἀναπεποιημένης
3821 478 3876 528 ἐν

619 561 834 615 ιιεεᾱιιῐη
858 559 926 614 de
950 559 1132 628 capris
1158 571 1328 612 unum
1353 573 1456 626 pro
1495 569 1742 626 peccato,
1768 567 1824 612 et
1853 559 1922 613 ad
1961 558 2198 612 hostiam

615 649 871 704 salutaris
897 647 1099 702 vitulas
1145 647 1303 711 duas,
1353 655 1411 701 ct
1447 646 1648 703 arietes
1706 649 1968 718 quinque,
2016 648 2202 703 hircos

612 744 879 810 quinque,
908 754 1078 810 agnos
1111 738 1404 793 anniculos
1423 740 1694 809 quinque.
1730 739 1845 794 Hoc
1876 739 2202 795 fuitdonum

611 832 854 887 Naasson
896 831 992 885 ﬁlii
1046 830 1438 887 Aminadab”.
1466 853 1483 883 ι
1551 831 1889 888 Obtulerunt
1930 839 2202 904 praeterea

611 925 792 978 caeteri
815 921 1076 993 deinceps
1098 940 1272 994 usque
1297 925 1365 979 ad
1391 924 1783 980 duodecimum
1813 924 2008 980 eodem
2039 923 2204 979 modo

610 1012 885 1084 similique
931 1013 1358 1085 magniﬁcentia,
1411 1031 1535 1070 cum
1590 1032 1724 1072 suus
1767 1016 1969 1086 cuique
2020 1023 2204 1071 certus

611 1105 730 1160 dies
754 1106 1055 1160 attributus
1085 1115 1265 1161 esset:
1297 1107 1377 1162 sic
1402 1107 1550 1161 enim
1592 1115 1929 1177 praeceperat
1963 1107 2127 1162 Deus.

2307 556 2472 629 ἐλαίῳ
2493 557 2574 621 είς
2597 557 2811 620 θυσίαν,
2854 555 3085 628 θυΐσκην
3113 559 3245 630 μίαν
3279 559 3410 615 δέκα
3437 562 3675 632 χρυσῶν,
3699 563 3875 636 πλήρη

2307 649 2651 720 θυμιάματος
2671 688 2686 711 ,
2734 648 2934 719 μόσχον
2979 649 3074 702 ἕνα
3100 651 3162 702 ἐκ
3192 649 3352 720 βοῶν,
3380 651 3532 722 κριὸν
3559 651 3675 714 ἕνα,
3713 655 3876 724 ἀμνὸν

2303 738 2399 793 ἕνα
2424 739 2693 792 ἐνιαύσιον
2714 739 2794 802 είς
2820 737 3198 810 ὁλοκαύτωμα.
3227 741 3337 792 Καὶ
3357 740 3587 811 χίμαρον
3619 742 3681 807 ἐξ
3709 743 3876 809 αίγῶν

2301 831 2396 885 ἐνα
2418 830 2544 902 περὶ
2571 829 2868 902 ἁμαρτίας·
2902 831 2997 884 καὶ
3015 832 3095 895 είς
3119 830 3312 884 θυσίαν
3333 831 3601 903 σωτηρίου
3616 833 3878 904 δαμάλεις

2300 921 2414 986 δύο,
2453 920 2641 994 κριοὺς
2679 922 2862 988 πέντε,
2913 923 3151 995 τράγους
3194 922 3374 989 πέντε,
3435 924 3680 993 ἀμνάδας
3707 927 3879 979 ἐνιαυ-

2304 1014 2424 1078 σίας
2453 1013 2634 1067 πέντε.
2665 1012 2836 1065 Τοῦτο
2863 1011 3036 1084 δῶρον
3061 1010 3328 1066 Ναασσὼν
3353 1011 3472 1065 υἱοῦ
3507 1013 3825 1083 Ἀμιναδάῦ.
3853 1032 3872 1066 ι

2304 1102 2707 1176 Προσεκόμιζον
2744 1102 2801 1156 δὲ
2846 1103 2941 1157 καὶ
2970 1101 3207 1172 καθεξῆς
3238 1103 3365 1174 ἄχρι
3401 1101 3496 1156 τοῦ
3529 1103 3876 1160 δυοκαιδεκά-

607 1213 722 1259 του,
759 1197 900 1249 κατά
926 1213 989 1264 γε
1019 1196 1110 1248 τὸν
1142 1195 1253 1249 ίσον
1291 1197 1492 1269 τρόπον
1525 1197 1617 1250 καὶ
1667 1199 1726 1251 ἐν
1764 1197 2206 1269 ἀπαραλλάκτοις
2245 1195 2600 1266 φιλοτιμίαις,
2643 1191 3038 1266 ἐκνεμηθείσης
3077 1192 3293 1266 ἑκάστῳ
3332 1193 3433 1266 τῆς
3483 1194 3631 1266 αὐτῷ
3699 1211 3879 1250 συντε-

608 1285 886 1356 ταγμένης
914 1286 1126 1357 ἡμέρας
1157 1288 1362 1351 ἰδικῶςη
1389 1286 1641 1342 διετύπου
1672 1290 1782 1361 γὰρ
1811 1283 1914 1344 ὧδε
1947 1290 2099 1353 Θεός.

680 1376 875 1432 PALL.
909 1376 1015 1432 Sed
1042 1393 1163 1446 quze
1199 1377 1426 1432 tandem
1457 1388 1541 1433 est
1567 1379 1732 1450 hujus
1749 1379 1889 1434 adeo
1915 1379 2187 1450 multipli-

607 1469 686 1523 cis
713 1468 1009 1523 oblationis
1032 1469 1218 1523 ratio?

674 1561 830 1616 ΟΥΕ.
860 1561 1152 1631 Equidem,
1179 1563 1408 1629 Palladi,
1449 1565 1494 1618 si
1532 1581 1646 1619 rem
1689 1575 1898 1636 gestam
1954 1576 2188 1637 spectes,

609 1654 815 1708 oblatio
845 1663 948 1716 est,
1009 1654 1104 1709 sed
1163 1655 1239 1709 illi
1293 1657 1585 1727 eonjunela
1635 1666 1718 1711 est
1763 1657 2010 1728 mystica,
2071 1675 2191 1713 mea

2359 1377 2568 1431 HAAA.
2620 1375 2730 1429 Καὶ
2758 1374 2841 1437 τίς
2880 1373 2944 1445 δή
2975 1373 3082 1445 ἀρα
3111 1375 3228 1427 ἐστὶ
3261 1372 3363 1444 τῆς
3388 1372 3533 1426 οὕτω
3563 1373 3876 1442 πολυειδοῦς

2289 1464 2654 1538 προσαγωγῆς
2687 1465 2715 1516 ὁ
2747 1464 2906 1532 λόγος
2921 1480 2936 1527 ;

2361 1558 2522 1610 ΚΥΡ.
2560 1556 2921 1627 Καρποφορία
2949 1555 3046 1626 μὲν
3067 1549 3160 1608 οῦν
3182 1554 3242 1608 τὸ
3262 1556 3452 1626 χρῆμά
3476 1557 3646 1622 ἐστιν,
3669 1552 3714 1610 ὦ
3738 1559 3878 1612 Παλ⁶

2290 1649 2458 1712 λάδιε,
2496 1647 2798 1702 πέπλεκται
2827 1647 2904 1708 δὲ,
2935 1641 3108 1716 οἶμαι,
3137 1649 3230 1701 καὶ
3256 1648 3412 1716 λόγος
3438 1649 3574 1720 αὐτῇ
3612 1652 3877 1720 μυστικὸς
3927 1693 3939 1715 ,

604 1743 824 1813 quidem
852 1746 1145 1809 sententia,
1180 1747 1339 1812 ratio,
1363 1764 1462 1818 per
1485 1765 1648 1817 quam
1677 1750 1746 1803 ad
1771 1750 2113 1811 Emmanuel,
2135 1758 2179 1804 el

2292 1743 2370 1803 εἰς
2401 1739 2489 1792 τὸν
2541 1737 2911 1809 Ἐμμανουήλ,
2947 1738 3042 1791 καὶ
3079 1741 3158 1803 εἰς
3192 1741 3338 1810 ἡμᾶς
3378 1740 3576 1804 αὐτοὺς
3611 1744 3876 1814 ἀνακομί-

604 1837 671 1890 ad
701 1853 802 1891 nos
829 1837 974 1906 ipsos
1002 1839 1107 1892 hoc
1132 1839 1363 1910 aenigma
1398 1841 1660 1904 refertur;
1715 1841 1765 1894 id
1798 1850 1980 1894 autem
2007 1843 2186 1912 expli-

528 1967 530 1970 .
603 1926 760 1989 cabo,
785 1935 1077 1996 utpotero.
1117 1927 1365 1997 Namque
1424 1929 1775 1983 manifestato
1802 1931 1915 2000 jam
1955 1930 2009 1984 in
2052 1930 2186 1984 orbe

601 2026 874 2072 terrarum
901 2030 1091 2074 saneto
1140 2019 1235 2074 illo
1262 2035 1505 2090 veroque
1554 2021 1929 2087 tabernaculo,
1976 2022 2029 2076 id
2080 2031 2183 2086 est,

601 2110 865 2174 Ecclesia,
901 2109 1158 2166 Christus
1184 2112 1239 2165 in
1266 2127 1332 2167 ea
1355 2113 1545 2167 multis
1565 2113 1850 2184 variisque
1891 2114 2068 2169 modis
2088 2132 2185 2169 ex-

600 2203 804 2258 cellens
846 2202 958 2259 Deo
985 2219 1047 2260 ac
1081 2205 1287 2259 Patria
1338 2205 1499 2260 nobis
1543 2206 1942 2276 propemodum
1975 2222 2038 2261 ac
2086 2222 2185 2275 pro

599 2294 760 2348 nobis
784 2301 844 2348 ut
869 2311 1025 2350 sacra
1049 2297 1276 2350 victima
1296 2295 1556 2360 oﬁ'ertur,
1583 2313 1706 2367 quae
1743 2298 1990 2368 pretium
2023 2298 2095 2353 sit
2120 2313 2185 2352 ac

598 2399 700 2452 pro
729 2385 1110 2441 universorum
1135 2388 1247 2443 vita
1267 2389 1620 2459 permutatio,
1677 2390 1878 2459 quippe
1917 2405 2041 2443 cum
2094 2389 2184 2445 ille

599 2489 743 2528 unus
782 2475 855 2529 sit
876 2491 978 2546 pro
1005 2479 1280 2534 universis
1301 2496 1456 2550 aequa
1485 2480 1802 2536 aestimatio.
1830 2481 1990 2548 Nam,
2033 2492 2183 2552 post-

597 2580 828 2634 eaquam
877 2567 968 2622 ille
993 2568 1322 2639 Unigenitus
1359 2571 1536 2626 factus
1573 2580 1658 2627 est
1682 2581 1742 2626 ut
1771 2589 1914 2630 unus
1943 2591 1973 2630 e
2018 2576 2181 2630 nobis

600 2654 783 2722 homo,
812 2658 1055 2728 seipsum
1103 2661 1305 2715 obtulit
1349 2664 1461 2718 Deo
1497 2672 1552 2719 et
1602 2665 1750 2719 Patri
1801 2667 1956 2736 quasi
1992 2669 2184 2738 praeei-

597 2763 769 2818 puum
807 2751 1068 2820 quiddam
1089 2768 1154 2807 ac
1182 2753 1457 2824 primitias
1482 2755 1736 2812 humanae
1784 2767 2020 2825 naturae,
2056 2777 2183 2816 san-

597 2841 845 2896 ctitatem
871 2844 1190 2910 redolentis,
1213 2863 1334 2916 quae
1356 2847 1434 2902 illi
1457 2850 1742 2915 sanctitas,
1772 2867 1880 2921 qua
1916 2864 2067 2922 parte
2101 2855 2183 2909 in-

597 2933 880 3004 telligitur,
912 2945 1076 3006 atque
1103 2937 1242 2992 adeo
1268 2946 1354 2994 est
1384 2941 1549 3005 Deus,
1579 2943 1884 2997 secundum
1915 2954 2186 3007 naturam

596 3032 653 3078 et
689 3028 989 3082 essentiam
1021 3029 1220 3096 inerat,
1252 3031 1348 3086 sed
1386 3033 1639 3088 eamdem
1674 3035 2033 3091 adventitiam
2077 3039 2175 3093 ha-

2292 1833 2399 1898 ζων
2430 1833 2488 1885 τὸ
2525 1832 2787 1902 αἴνιγμα·
2829 1831 3022 1903 φράσω
3062 1832 3118 1886 δὲ
3157 1833 3232 1896 ὡς
3262 1833 3328 1887 ἂν
3373 1829 3484 1898 οἷός
3517 1852 3577 1886 τε
3615 1829 3659 1888 ὦ
3688 1837 3871 1893 πάλιν.

2303 1924 2776 1994 ’Λναδεδειγμένης
2813 1923 2922 1994 γάρ
2948 1925 3005 1976 ὲν
3035 1923 3172 1995 τῷδε
3206 1924 3283 1996 τῷ
3324 1925 3514 1997 κόσμῳ
3552 1926 3651 1998 τῆς
3685 1927 3873 1996 ἁγίας,

2289 2017 2380 2069 καὶ
2422 2015 2652 2086 ἀληθοῦς
2706 2016 2939 2086 σκηνῆς,
2991 2016 3135 2071 τοῦτ’
3187 2016 3322 2081 ἔστι,
3375 2017 3475 2088 τῆς
3519 2018 3870 2089 Ἐκκλησίας,

2290 2105 2584 2169 πολυειδῶς
2609 2108 2666 2158 ἐν
2697 2107 2836 2177 αὐτῇ
2857 2106 3171 2178 διαπρέπων
3204 2107 3438 2179 Χριστὸς
3466 2108 3560 2162 καὶ
3589 2111 3873 2180 μονονουχὶ

2287 2199 2418 2271 παρ’
2471 2199 2628 2270 ήμῶν
2675 2200 2769 2252 καὶ
2813 2199 2952 2271 ὑπὲρ
3006 2199 3162 2271 ήμῶν
3202 2200 3276 2264 ὡς
3333 2200 3476 2270 ἱερὸν
3530 2202 3873 2272 προσάγεται

2287 2289 2433 2361 θύμα
2465 2288 2542 2361 τῷ
2591 2289 2709 2361 Θεῷ
2765 2290 2858 2343 καὶ
2893 2290 3090 2360 Πατρὶ,
3140 2290 3331 2360 λύτρον
3379 2291 3475 2344 καὶ
3510 2291 3874 2364 ἀντάλλαγμα

2284 2383 2382 2453 τῆς
2420 2381 2676 2435 ἁπάντων
2710 2374 2987 2453 ζωῆςςεῖς
3017 2383 3046 2435 ὁ
3085 2381 3299 2435 πάντων
3327 2382 3597 2448 ἀντάξιος.
3647 2381 3872 2456 Ἐπειδὴ

2285 2474 2395 2545 γὰρ
2427 2474 2648 2542 γέγονεν
2683 2473 2966 2543 ἄνθρωπος
2990 2475 3018 2527 ὁ
3049 2474 3360 2544 Μονογενὴς
3387 2475 3463 2538 ὡς
3494 2469 3576 2539 εἷς
3605 2477 3665 2542 ἐξ
3684 2477 3870 2548 ἡμῶν,

2285 2566 2475 2620 ἐαυτὸν
2516 2565 2920 2637 προσκεκόμικε
2943 2564 3021 2636 τῷ
3041 2565 3160 2636 Θεῷ
3186 2566 3280 2621 καὶ
3311 2567 3508 2640 Πατρὶ,
3533 2570 3782 2639 πρωτὸλε
3794 2587 3870 2623 ιον

2295 2658 2485 2730 ὥσπερ
2522 2675 2574 2710 τι
2606 2659 2698 2711 καὶ
2727 2655 2948 2730 ἀπαρχὴ
2974 2659 3072 2729 τῆς
3095 2657 3382 2730 ἀνθρώπου
3405 2659 3617 2729 φύσεως
3645 2661 3871 2716 εὕωδια-

2285 2752 2484 2822 ζούσης
2527 2754 2584 2804 ἐν
2624 2751 2908 2823 ἁγιασμῷ,
2942 2751 3189 2820 φυσικῶς
3224 2753 3324 2823 μὲν
3355 2753 3449 2806 καὶ
3474 2754 3749 2819 οὐσιωδῶς
3783 2757 3868 2808 ὲν-

2283 2845 2602 2914 υπάρχοντι,
2634 2845 2754 2897 καθ’
2795 2843 2822 2897 ὃ
2861 2846 3061 2898 νοεῖται
3093 2846 3188 2898 καὶ
3231 2843 3347 2897 ἔστι
3395 2844 3547 2909 Θεὸς,
3594 2848 3872 2919 είσκεκριο

2287 2936 2464 3006 μένως
2497 2935 2553 2988 δὲ
2577 2931 2642 2988 αὖ
2675 2935 2762 2988 διὰ
2788 2935 2849 2988 τὸ
2885 2933 3244 3006 ἀνθρώπινον.
3273 2929 3368 2998 Εἷς
3394 2935 3449 2989 δὲ
3476 2936 3742 3007 ὑπάρχων
3774 2937 3870 2991 καὶ

2281 3029 2462 3092 αὐτὸς,
2497 3030 2639 3082 κατά
2668 3028 2894 3091 πολλοὺς
2922 3027 3191 3099 ἐγράφετο
3219 3028 3474 3100 τρόπους.
3518 3027 3595 3092 ὡς
3623 3029 3680 3082 ἐν
3709 3047 3778 3098 γε
3805 3032 3866 3102 τῇ

595 3115 780 3183 bebat,
815 3134 924 3189 qua
946 3129 1101 3190 parte
1143 3122 1383 3178 humana
1413 3124 1469 3178 in
1495 3140 1564 3180 eo
1620 3135 1820 3181 natura
1859 3137 2172 3197 spectatur.

2285 3121 2392 3175 τῶν
2440 3123 2718 3194 ἀρχόντων
2766 3120 3129 3190 προσκομιδῇ,
3181 3121 3544 3192 ίερουργεῖται
3576 3121 3634 3174 δὲ
3671 3120 3866 3192 ὥσπερ

594 3206 755 3279 363
785 3209 1035 3282 Cumque
1055 3229 1200 3268 unus
1231 3213 1488 3285 idemque
1523 3215 1615 3280 sit,
1636 3215 1825 3272 multis
1850 3225 2029 3273 tamen
2054 3235 2174 3273 mo-

595 3299 680 3354 dis
706 3300 763 3355 in
796 3301 887 3356 illa
913 3304 1223 3374 principum
1254 3306 1535 3362 oblatione
1565 3307 1935 3378 ﬁgurabatur:
1959 3319 2020 3364 ut
2041 3326 2175 3365 vero

595 3401 754 3456 tunc,
811 3393 891 3448 sic
923 3395 1029 3448 hoc
1079 3410 1300 3465 quoque
1331 3405 1576 3468 tempore
1622 3399 1963 3455 sacriﬁcatur
2011 3401 2172 3456 Chri-

595 3492 712 3538 stus
733 3499 831 3553 per
859 3500 956 3539 eos
987 3486 1269 3556 principes
1291 3488 1387 3557 qui
1409 3506 1507 3559 pro
1536 3500 1846 3560 temporum
1868 3492 2011 3548 serie
2045 3510 2173 3548 suc-

594 3574 818 3639 cedunt,
847 3566 1139 3646 multiplici
1163 3580 1394 3635 notione
1419 3592 1738 3653 perceptus,
1771 3584 2051 3654 variisque
2072 3600 2172 3639 no-

594 3664 844 3718 minibus
866 3671 1129 3720 ornatus:
1162 3667 1329 3721 ﬁebat
1362 3669 1510 3723 enim
1557 3670 1764 3724 oblatio
1805 3686 1904 3741 per
1929 3672 2174 3742 singulos

594 3756 712 3810 dies
739 3774 752 3822 ;
785 3771 896 3827 quo
919 3756 1063 3812 facto
1090 3757 1504 3829 signiﬁcabatur
1529 3761 1619 3816 illa
1649 3778 1748 3832 per
1775 3762 2022 3833 singulos
2055 3763 2172 3819 dies

592 3848 798 3904 Christi
847 3848 1039 3904 hostia:
1084 3851 1407 3920 perennitas
1468 3867 1533 3907 ac
1579 3854 1954 3923 perpetuitas,
2007 3862 2171 3924 atque

591 3942 756 3996 etiam
781 3957 991 4006 eorum,
1013 3943 1233 4012 quiﬁde
1264 3944 1548 4016 iustiﬁcati
1588 3955 1737 4011 sunt,
1784 3947 1840 4002 in
1886 3947 2171 4003 oﬁ‘erendo

591 4032 834 4104 largitas.
865 4032 1054 4103 Neque
1080 4035 1229 4090 enim
1258 4051 1500 4105 unquam
1546 4035 1782 4092 deerunt
1828 4038 2168 4106 adoratores,

590 4141 769 4195 neque
793 4125 899 4180 erit
924 4126 1220 4182 oblationis
1247 4127 1454 4198 inopia,
1481 4128 1576 4182 sed
1596 4127 1852 4185 Christus
1877 4131 1932 4184 in
1964 4133 2170 4188 sanctis

592 4215 968 4275 tabernaculis
990 4219 1220 4290 mystice
1243 4218 1589 4274 sacriﬁcatus
1617 4236 1648 4274 a
1677 4221 1838 4276 nobis
1867 4231 2040 4293 etpro
2067 4240 2168 4279 no-

590 4312 678 4368 bis
707 4312 993 4368 oﬁ‘eretur.
1032 4311 1156 4381 Ipse
1177 4319 1264 4366 est
1313 4319 1498 4366 autem
1533 4311 1743 4367 oblatio
1770 4322 1958 4368 nostra
1992 4316 2168 4384 prima

588 4411 755 4472 atque
801 4401 1116 4473 przecipua;
1177 4402 1421 4472 seipsum
1456 4402 1605 4457 enim
1669 4403 1877 4458 obtulit
1932 4404 2168 4462 hostiam

2284 3215 2378 3266 καὶ
2401 3213 2494 3266 νῦν
2521 3215 2549 3265 ὁ
2578 3213 2831 3283 Χριστὸς,
2861 3210 2947 3264 διὰ
2979 3211 3084 3264 τῶν
3113 3211 3254 3264 κατὰ
3284 3213 3505 3283 καιροὺς
3539 3212 3866 3283 ἡγουμένων

2286 3303 2636 3374 πολυτρόπως
2659 3305 2966 3376 νοούμενος,
2998 3305 3091 3359 καὶ
3118 3304 3391 3374 διαφόροις
3422 3304 3680 3374 ὀνόμασιν
3709 3306 3868 3359 ἐκτε-

2283 3397 2609 3469 τιμημένος·
2646 3399 2740 3470 καὶ
2768 3398 2889 3452 καθ’
2927 3399 3142 3470 ἡμέραν
3169 3397 3474 3470 προσφορὰ,
3509 3397 3571 3450 τὸ
3609 3397 3864 3450 ἀνεκλει-

2283 3492 2382 3555 πές
2409 3490 2572 3544 οἱονεί
2610 3469 2724 3555 πως
2749 3492 2844 3544 καὶ
2869 3490 3246 3560 ἀκατάληκτον
3272 3490 3372 3560 τῆς
3401 3487 3637 3560 Χριστοῦ
3667 3489 3865 3555 Θυσίας

2281 3585 2339 3636 ἐν
2372 3584 2555 3654 ἡμέρᾳ
2591 3584 2739 3654 πάσῃ
2780 3583 2961 3636 καὶτὸ
3000 3583 3057 3634 ἐν
3092 3581 3229 3652 αὐτῇ
3255 3581 3601 3652 καρποφόρον
3643 3580 3756 3633 τῶν
3808 3584 3864 3634 ἐν

2280 3675 2461 3729 πίστει
2489 3675 2922 3746 δεδικαιωμένων
2956 3673 3345 3743 ὑποδηλοῦντος
3387 3671 3481 3726 τοῦ
3510 3672 3860 3743 πράγματος.

2280 3768 2355 3821 Οὐ
2376 3766 2484 3837 γάρ
2503 3766 2870 3836 ἐπιλείψουσιν
2894 3767 2943 3818 οἱ
2960 3765 3354 3836 προσκυνηταὶ,
3376 3764 3490 3818 ἀλλ’
3511 3763 3634 3817 οὐδὲ
3660 3764 3863 3827 σπάνις

2280 3855 2431 3908 ἔσται
2465 3855 2832 3928 δωροφορίας·
2875 3853 3412 3925 προσκομισθήσεται
3437 3853 3492 3906 δὲ
3520 3851 3656 3924 πρὸς
3697 3851 3860 3923 ἡμῶν

2278 3950 2373 4002 καὶ
2401 3948 2540 4020 ὑπὲρ
2569 3947 2725 4020 ἡμῶν
2751 3949 2778 4000 ὁ
2811 3946 3064 4018 Χριστὸς,
3093 3945 3368 4016 μυστικῶς
3406 3943 3854 4017 ἱερουργούμενος

2277 4041 2336 4094 ἐν
2366 4042 2485 4103 ταῖς
2516 4040 2698 4108 ἁγίαις
2735 4041 2978 4108 σκηναῖς.
3012 4038 3183 4100 Αὐτὸς
3223 4037 3279 4090 δὲ
3309 4038 3463 4108 ἡμῶν
3504 4035 3857 4108 καρποφορία

2278 4133 2470 4204 πρώτη
2502 4133 2594 4186 καὶ
2638 4130 2938 4200 ἐξαίρετος
2973 4128 3380 4200 προσκεκόμικε
3407 4127 3514 4198 γὰρ
3543 4127 3740 4181 ἑαυτὸν
3776 4128 3856 4189 εἰς

2277 4223 2468 4278 Θυσίαν
2517 4223 2594 4296 τῷ
2618 4223 2813 4292 Πατρὶ,
2853 4222 2949 4276 καὶ
2976 4222 3074 4292 οὐχ
3106 4220 3246 4291 ὺπέρ
3298 4237 3360 4288 γε
3393 4219 3590 4290 μᾶλλον
3629 4219 3851 4283 ἑαυτοῦ,

2276 4315 2417 4369 κατά
2457 4316 2548 4370 τὸν
2589 4315 2907 4384 ἀμωμήτως
2945 4312 3134 4383 ἔχοντα
3165 4312 3340 4380 λόγον,
3372 4309 3484 4364 ἀλλ’
3523 4311 3662 4382 ὑπὲρ
3692 4311 3853 4381 ἡμῶν

2275 4406 2382 4459 τῷν
2404 4406 2509 4459 ὑπὸ
2534 4404 2698 4473 ζυγὸν
2719 4405 2812 4458 καὶ
2842 4405 3055 4476 γραφὴν
3072 4403 3365 4475 ἁμαρτίας.
3387 4402 3526 4456 Καθ’
3552 4402 3852 4472 ὁμοιότητα

589 4493 736 4548 Patri
792 4509 903 4547 non
951 4508 1052 4562 pro
1104 4493 1307 4563 seipse,
1363 4502 1424 4548 ut
1481 4511 1613 4550 vera
1661 4495 1801 4551 ﬁdes
1847 4497 2030 4561 docet,
2075 4499 2170 4555 sed

2285 4496 2460 4567 δὲτὴν
2499 4496 2633 4568 πρὸς
2666 4496 2844 4559 αὐτὸν,
2891 4496 3012 4568 ἱερά
3054 4494 3271 4565 θύματα
3315 4493 3409 4546 καὶ
3446 4493 3625 4563 ἡμεῖς,
3656 4493 3850 4562 κόσμῳ

589 4597 692 4655 pro
716 4582 1003 4652 nobis,qui
1041 4583 1142 4637 sub
1173 4584 1534 4655 pcecatiljugo
1559 4600 1622 4639 ac
1640 4594 1793 4640 reatu
1827 4585 2168 4640 tenebamur.

536 4729 542 4735 ,
590 4675 792 4728 Sumus
814 4675 1013 4730 deinde
1045 4675 1112 4728 ad
1147 4675 1299 4730 illius
1325 4675 1744 4730 similitudinem
1773 4692 1874 4731 nos
1894 4677 1996 4747 ipsi
2029 4694 2170 4748 quo-

589 4782 695 4836 que
723 4783 888 4824 sacra:
934 4768 1188 4832 victimaa,
1214 4783 1338 4821 cum
1370 4768 1577 4822 mundo
1630 4769 1902 4824 morimur
1926 4771 1996 4835 "‘,
2026 4787 2168 4841 qua-

590 4867 752 4914 tenus
774 4867 1058 4929 peceatum
1087 4858 1143 4912 in
1190 4857 1353 4912 nobis
1387 4868 1666 4913 mortuum
1696 4869 1800 4924 est,
1833 4859 1946 4915 Deo
1978 4868 2166 4915 autem

586 4951 846 5014 vivimus,
872 4950 1016 5004 illam
1051 4949 1106 5004 in
1133 4951 1423 5006 sanctitate
1462 4966 1527 5005 ac
1565 4951 1768 5020 pietate
1799 4951 1987 5005 vitam.
2032 4950 2162 5007 llwc

587 5031 733 5098 enim
770 5045 930 5098 nobis
955 5059 1066 5114 pra:
1081 5059 1138 5098 se
1161 5043 1307 5098 ferre
1325 5043 1545 5098 videtur
1570 5043 1658 5098 illa
1683 5043 1994 5113 principum
2015 5043 2168 5098 obla-

2278 4588 2377 4658 μὲν
2403 4587 2855 4659 ἀποθνήσκοντες,
2883 4586 2960 4650 ὡς
2991 4585 3402 4657 νενεκρωμένης
3442 4584 3542 4653 τῆς
3569 4581 3850 4653 ἁμαρτίας

2274 4679 2331 4731 ἐν
2357 4679 2506 4749 ἡμῖν,
2536 4678 2734 4742 ζῶντες
2755 4678 2812 4732 δὲ
2837 4679 2914 4750 τῷ
2933 4677 3072 4749 Θεῷ,
3097 4677 3196 4747 τὴν
3215 4678 3274 4730 ὲν
3300 4674 3556 4746 ἁγιασμῷ
3585 4675 3678 4727 καὶ
3703 4673 3846 4726 ὁσιόο

2273 4788 2394 4841 τητι
2417 4771 2585 4842 ζωήν.
2609 4773 2778 4826 Ταυτὶ
2806 4772 2915 4845 γὰρ
2941 4774 3072 4844 ἡμῖν
3093 4772 3454 4841 ὑπεμφαινειν
3481 4769 3657 4821 ἔοικεν
3677 4769 3710 4837 ή
3739 4767 3846 4819 τῷν

2273 4863 2549 4934 ἀρχόντων
2584 4865 2940 4935 προταγωγὴ,
2981 4865 3048 4933 ἢν
3079 4863 3172 4916 καὶ
3208 4865 3311 4916 ἀνά
3349 4863 3514 4931 μέρος
3556 4858 3842 4912 ἐκϐασανίο

2273 4952 2458 5018 ζοντες
2503 4956 2615 5018 τοῖς
2660 4955 2962 5027 καθήκουσι
2999 4953 3300 5024 λογισμοῖς,
3345 4953 3494 5014 ὅπως
3527 4951 3592 5006 ἂν
3621 4952 3756 5022 ήμῖν
3786 4943 3843 5002 εὖ

2274 5043 2408 5115 ἔχοι,
2443 5043 2624 5115 βούλει
2658 5043 2907 5118 λέγωμεν
2936 5046 3078 5100 κατὰ
3109 5047 3171 5100 τὸ
3200 5045 3513 5117 ἐγχωροῦν;

589 5137 699 5203 tio;
743 5153 904 5207 quam
954 5137 1200 5207 plaeetne
1238 5151 1336 5206 per
1389 5145 1593 5207 partes,
1640 5147 1702 5194 ut
1745 5138 1906 5192 nobis
1956 5137 2162 5207 optimc
2201 5137 2406 5194 habere
2460 5137 2760 5206 videbitur,
2823 5139 3256 5210 congruentibus
3302 5137 3610 5194 rationibus
3633 5131 3844 5190 exami-

588 5243 803 5291 ncmus,
839 5237 1024 5298 atque,
1059 5229 1241 5299 quoad
1272 5229 1389 5284 ﬁeri
1428 5229 1652 5299 poterit,
1689 5231 2064 5301 explicemus?

653 5319 849 5374 PALL.
873 5319 1002 5373 Mihi
1035 5335 1164 5375 sane
1191 5321 1389 5390 placet.

651 5408 806 5463 CYR.
835 5408 1045 5463 Allatus
1071 5410 1236 5479 igitur
1273 5418 1356 5466 est
1381 5427 1411 5466 a
1439 5410 1671 5483 singulis
1729 5411 1972 5478 vitulus';
2000 5409 2157 5466 vehi-

588 5493 818 5568 cul'aque
857 5513 952 5552 sex
999 5515 1250 5564 numero,
1303 5503 1475 5558 sacris
1519 5503 1779 5573 operibus
1813 5503 2156 5558 tabernaculi

2341 5319 2552 5376 ΠΛΛΛ.
2581 5319 2690 5374 Καὶ
2725 5320 2889 5391 μάλα.

2341 5415 2506 5468 ΚΥΡ.
2538 5415 3009 5490 Προσκεκόμισται
3039 5420 3136 5490 μὲν
3160 5415 3253 5474 οὖν
3293 5421 3444 5494 παρά
3474 5423 3705 5477 ἑκάστου
3739 5425 3841 5496 μὸ-

2269 5523 2424 5577 σχος’
2459 5507 2847 5578 ἐκνενέμηνται
2890 5510 2947 5564 δὲ
3005 5515 3120 5576 τοῖς
3143 5514 3308 5584 ἱεροῖς
3341 5513 3523 5584 ἔργοις
3550 5514 3650 5586 τῆς
3680 5516 3842 5584 ἁγίας

587 5590 846 5645 attributa
881 5601 1027 5645 sunt.
1068 5593 1272 5648 Deinde
1301 5609 1330 5647 a
1367 5595 1600 5663 singulis
1631 5595 1846 5651 catinus
1876 5611 2018 5650 unus
2060 5611 2152 5649 ar-

2285 5597 2490 5670 ςτιηνῆς,
2516 5599 2576 5665 ἓξ
2607 5594 2762 5656 οὖσαι
2791 5601 2882 5657 τὸν
2915 5603 3149 5674 ἀριθμὺν
3187 5605 3243 5657 αἱ
3280 5604 3506 5676 ἅμαξαι.
3545 5601 3677 5660 Elter
3711 5608 3840 5678 παρ’

655 5769 702 5804 ⁵⁸
731 5770 891 5827 Num.
931 5789 1022 5835 ιιι,
1059 5771 1244 5826 ιΟ-Π.
1326 5773 1368 5806 ⁸⁵
1397 5774 1554 5829 Rom.
1586 5792 1660 5842 vx,
1695 5775 1746 5831 ὅ.
