4140 6514
312 372 420 428 709

1058 369 1146 424 DE
1185 367 1627 424 ADORATIONE
1661 365 1729 421 IN
1769 364 2040 422 SPIRITU
2080 365 2169 421 ET
2205 363 2573 421 VERITATE.
2617 361 2743 415 LIB.
2786 358 2853 412 Χ.

3476 355 3578 409 710

308 484 550 540 ἑκάστου
577 482 832 554 τρυϐλίον
888 483 948 536 ἓν
993 482 1293 554 ἀργυροῦν,
1322 482 1417 536 καὶ
1449 481 1615 551 φιάλη
1660 481 1776 551 μία,
1809 478 1905 532 καὶ

2015 488 2258 550 genteus,
2293 488 2348 534 et
2375 477 2557 548 phiala
2580 490 2708 537 una,
2737 482 2793 528 ct
2859 480 3115 540 utraque,
3165 467 3365 538 inquit,
3421 469 3579 537 plena

308 577 624 646 ἀμφότερα,
655 576 812 645 φησὶ,
848 574 1032 644 πλήρη
1061 574 1390 645 σεμιδάλεως
1426 571 1902 641 ἀναπεποιημένης

307 672 372 723 ὲν
422 669 627 739 ἐλαίῳ,
680 667 878 735 θυῖσκη
918 666 1017 737 μία
1065 665 1410 735 θυμιάματος
1449 663 1720 733 ἔμπλεως,
1751 661 1904 732 κριὸς

308 750 416 820 εἷς,
465 756 637 826 ἀμνὸς
681 749 762 818 εἷς
797 754 1066 816 ἐνιαύσιος
1115 755 1196 816 είς
1244 753 1625 822 ὁλοκαυτωμα,
1671 752 1905 822 χίμαρος

308 849 374 916 ἐξ
405 848 582 918 αιίγῶν
606 848 735 918 περὶ
766 846 1043 918 ἁμαρτίας
1070 861 1082 874 ·
1115 846 1210 898 καὶ
1243 846 1404 898 ταυτὶ
1443 846 1543 915 μὲν
1576 845 1646 898 τά
1675 845 1906 897 ὁλοκαυ-

307 939 568 1010 τώματα.
611 936 1016 1009 Προσεκόμιξον
1048 935 1106 988 δὲ
1155 935 1250 988 καὶ
1283 936 1363 997 εἰς
1392 933 1580 988 θυσίαν
1610 933 1902 1004 σωτηρίου,

308 1031 470 1101 φησὶ,
504 1029 767 1100 δαμάλεις
801 1027 915 1092 δύο,
948 1027 1142 1099 κριοὺς
1200 1023 1385 1091 πέντε,
1439 1027 1677 1097 τράγους
1717 1024 1902 1086 πέντε,

307 1124 560 1196 ἀμνάδας
590 1124 898 1186 ἐνιαυσίους
929 1122 1114 1178 πέντε.

384 1215 595 1267 ΠΑΛΑ.
632 1214 810 1282 Φράξε
845 1213 909 1283 δὴ
941 1209 1034 1267 οὖν
1061 1216 1153 1267 καὶ
1182 1214 1288 1286 πρό
1325 1230 1387 1282 γε
1416 1211 1524 1264 τῶν
1555 1209 1748 1270 ἄλλων,
1771 1208 1823 1261 τί
1844 1207 1905 1260 τὸ

310 1307 548 1378 μεταξὺ,
583 1310 679 1360 καὶ
703 1307 863 1360 ποίαν
887 1308 950 1360 ἄν
981 1325 1066 1370 τις
1093 1307 1236 1360 εἴποι
1269 1307 1367 1377 τὴν
1392 1303 1656 1373 διαφορὰν
1685 1302 1781 1372 τῆς
1809 1300 1902 1354 τοῦ

310 1398 584 1468 σωτηρίου
627 1396 841 1458 Θυσίας,
883 1397 976 1449 καὶ
1002 1394 1476 1464 ὁλοκαυτώματος.

385 1489 551 1542 ΚΥΡ.
583 1490 778 1541 ’Λκουε
812 1489 895 1559 δή.
930 1488 1010 1540 Τά
1049 1488 1147 1558 μὲν
1178 1487 1288 1558 γὰρ
1325 1483 1760 1554 ὁλοκαυτώματα
1797 1481 1903 1535 τῶν

308 1580 472 1645 ζώων
505 1580 603 1634 ὃλα
656 1579 722 1632 δι’
754 1580 911 1640 ὅλων,
948 1579 1078 1650 ἱερῷ
1120 1578 1212 1631 καὶ
1254 1576 1506 1647 ἀσϐέστῳ
1541 1573 1905 1643 κατεφλέγετο

307 1669 470 1744 πυρὶ,
502 1671 716 1736 οὐδενὸς
771 1671 832 1723 τὸ
884 1669 1105 1741 σύμπαν
1157 1668 1536 1740 ἐξῃρημένου,
1587 1667 1704 1720 ἀλλ’
1738 1666 1902 1719 οἱονεί

308 1780 434 1826 πως
475 1762 676 1825 παντὸς
728 1761 918 1833 μορίου
973 1761 1066 1814 καὶ
1120 1759 1316 1830 μέλους
1347 1761 1426 1822 είς
1462 1757 1638 1830 ὀσμὴν
1680 1757 1904 1821 εὐωδίας

2005 572 2183 626 simila
2209 586 2503 640 conspersa
2548 569 2701 634 oleo,
2733 564 3117 620 mortariolum
3153 577 3322 616 unum
3368 560 3580 614 incensi

2003 663 2254 731 plenum.
2279 661 2423 715 aries
2443 675 2610 724 unus,
2663 672 2837 728 agnus
2885 671 3030 710 unus
3059 653 3351 708 anniculus
3377 652 3433 706 in
3469 650 3573 705 ho-

2005 754 2334 816 locaustum,
2359 751 2549 806 haedus
2571 766 2602 805 e
2632 749 2816 821 capris
2846 763 2992 803 unus
3014 761 3115 816 pro
3132 752 3387 816 peccato;
3419 753 3582 813 atque

2005 845 2121 900 haec
2137 844 2360 914 quidem
2386 843 2703 897 holocausta
2728 840 2904 895 fuere.
2942 838 3276 893 Obtulerunt
3313 845 3584 908 praeterea

2005 935 2062 991 in
2092 937 2328 991 hostiam
2360 934 2620 990 salutaris
2661 933 2866 988 vitulas
2896 931 3055 994 duas,
3084 929 3286 984 arietes
3313 929 3582 999 quinque,

2005 1028 2192 1083 hircos
2215 1028 2480 1098 quinque,
2509 1040 2678 1096 agnos
2701 1022 2990 1078 anniculos
3013 1021 3277 1092 quinque.

2073 1206 2270 1261 PALL.
2305 1205 2528 1274 Expone
2550 1203 2713 1273 igitur
2740 1201 2875 1255 illud
2916 1197 3199 1269 inprimis,
3237 1197 3370 1268 quid
3407 1197 3582 1251 inter—

2003 1300 2074 1353 sit
2098 1297 2299 1367 quidve
2340 1296 2566 1349 diﬂ'erre
2595 1292 2889 1348 dicendum
2933 1290 3004 1344 sit
3039 1289 3184 1343 inter
3228 1288 3460 1342 hostiam
3491 1302 3582 1340 sa-

2003 1387 2200 1441 lutaris
2231 1395 2286 1439 et
2310 1384 2713 1438 holocaustum.

2073 1477 2230 1532 ΟΥΕ.
2256 1476 2456 1544 Accipe
2489 1475 2674 1544 igitur.
2699 1473 2835 1527 Nam
2859 1471 2949 1526 illa
2972 1487 3036 1525 ex
3067 1469 3439 1524 animantibus
3480 1469 3582 1522 ho-

2002 1569 2247 1624 locausta
2281 1576 2396 1622 tota
2434 1582 2502 1620 ex
2528 1565 2676 1619 omni
2710 1573 2865 1635 parte
2917 1564 3025 1634 igni
3067 1578 3224 1617 sacro
3247 1571 3412 1630 atque
3453 1577 3582 1630 per-

2003 1669 2169 1731 petuo
2202 1659 2612 1721 cremabantur,
2665 1657 2816 1711 nulla
2861 1664 3017 1726 parte
3050 1655 3276 1708 omnino
3328 1662 3578 1722 excepta,

2004 1753 2098 1806 sed
2129 1751 2415 1822 particulis
2469 1749 2582 1804 fere
2647 1749 2905 1804 omnibus
2931 1763 2995 1802 ac
3038 1745 3302 1801 membris
3331 1745 3587 1799 omnibus

307 1852 700 1915 ἀναϐαίνοντος
724 1852 802 1921 τῷ
841 1849 966 1920 θεῷ,
1001 1850 1067 1903 τά
1097 1849 1154 1902 δέ
1190 1864 1252 1917 γε
1285 1849 1425 1919 ὑπὲρ
1456 1851 1557 1920 τῆς
1591 1847 1688 1900 τοῦ
1728 1864 1902 1918 σωτη-

2015 1844 2062 1897 in
2093 1843 2318 1897 odorem
2345 1841 2640 1896 suavitatis
2666 1839 2734 1895 ad
2760 1840 2932 1894 Deum
2970 1837 3433 1902 ascendentibus;
3463 1852 3585 1905 qua:

311 1947 436 2016 ρίου
473 1943 664 2006 Θυσίας
708 1941 1042 2011 σῳαζὸμενα,
1073 1940 1305 2010 μερικὴν
1339 1940 1550 2010 ἐδέχετο
1589 1939 1688 2011 τὴν
1719 1938 1908 1992 καθιέ-

311 2054 506 2108 ρωσιν,
554 2035 629 2098 ὡς
666 2036 724 2087 ὲν
769 2032 904 2104 ὤμῳ
936 2030 1360 2104 δεξιῷηκεφαλῇ
1395 2048 1456 2083 τε
1493 2030 1588 2084 καὶ
1635 2030 1783 2091 ποσὶ,
1817 2045 1904 2081 νε-

310 2131 476 2200 φροῖς
502 2129 592 2181 καὶ
611 2126 804 2198 ἥπατι,
831 2124 924 2178 καὶ
955 2123 1162 2193 ἑτέροις
1188 2123 1299 2176 τισὶ
1333 2125 1443 2186 τοῖς
1469 2123 1548 2185 είς
1567 2122 1630 2174 τὸ
1655 2122 1786 2174 εἴσω
1813 2119 1906 2173 καὶ

311 2218 630 2281 ἔνδοσθίοις.
663 2217 870 2288 Πρέπει
908 2216 972 2288 δὴ
993 2212 1086 2269 οὖν
1115 2215 1177 2268 τὸ
1202 2212 1629 2268 ὁλοκαυτοῦσθαι
1656 2210 1898 2282 Χριστῷ·

316 2312 418 2366 καὶ
454 2311 563 2380 γάρ
589 2311 738 2362 ἐστιν
771 2306 988 2380 ἀληθῶς
1029 2307 1150 2371 ὅλος
1183 2305 1359 2375 ἆγιος,
1390 2304 1599 2375 εὐώδης
1628 2303 1774 2366 ἄπας
1811 2302 1905 2355 καὶ

322 2404 493 2476 ἱερός.
545 2404 707 2473 Ἡμῖν
744 2400 799 2454 δὲ
841 2402 1074 2464 οἰκεῖον,
1109 2400 1171 2453 τὸ
1208 2399 1310 2452 οὐκ
1344 2396 1576 2450 είσάπαν
1600 2395 1774 2463 ἅγιον,
1813 2394 1907 2446 καὶ

312 2501 419 2570 οὐχ
451 2497 764 2568 ὁλοκλήρως
799 2495 967 2567 ἱερὸν,
991 2489 1074 2558 οἷς
1103 2493 1277 2546 ἔνεστί
1301 2511 1353 2546 τι
1379 2491 1474 2546 καὶ
1513 2488 1791 2560 μολυσμοῦ
1820 2488 1908 2540 διὰ

312 2593 416 2665 τὴν
451 2595 509 2646 ὲν
537 2594 670 2663 ἡμῖν
701 2589 1000 2660 ἁμαρτίαν.
1057 2606 1074 2638 ι
1130 2584 1386 2655 Καθαρὸς
1425 2582 1532 2653 γὰρ
1588 2581 1764 2640 οὐδεὶς
1801 2577 1910 2631 ἀπὸ

319 2683 552 2755 partem)
576 2682 671 2734 καὶ
703 2700 719 2731 ι
750 2675 1183 2749 Παραπτὼματα
1217 2675 1300 2739 τίς
1325 2675 1585 2742 συνήσει;
1628 2690 1644 2720 ι
1680 2669 1819 2722 κατὰ
1853 2669 1913 2722 τὸ

315 2771 833 2847 γεγραμμένον.Διά
852 2768 1008 2823 τοῦτο
1023 2767 1118 2839 τὴν
1140 2766 1279 2837 ὑπὲρ
1292 2765 1383 2818 τοῦ
1405 2761 1670 2832 σωτηρίου
1697 2760 1908 2824 θυσίαν,

317 2868 419 2936 οὐχ
449 2865 743 2918 ὁλόκαυτον
775 2865 804 2916 6
842 2861 1024 2932 νόμος,
1053 2858 1295 2931 μερικῶς
1314 2856 1370 2909 δὲ
1401 2853 1598 2924 μᾶλλον
1630 2849 1908 2922 καθιεροῦ-

321 2958 448 3012 σθαι
475 2958 588 3010 δεῖν
628 2951 686 3009 εὖ
723 2955 866 3025 μάλα
897 2952 1283 3024 προστέταχεν.
1316 2943 1442 3019 'Ap‘
1471 2941 1585 3005 οὖν,
1617 2936 1662 2995 ὦ
1695 2940 1908 2993 Παλλάο

319 3051 422 3111 διε,
455 3051 633 3119 σαφής
667 3065 750 3100 σοι
780 3047 874 3100 καὶ
909 3043 1163 3115 ἀποχρῶν
1192 3045 1270 3106 εἰς
1302 3037 1566 3112 εὐμαθίαν
1591 3039 1619 3089 6
1642 3034 1838 3102 λόγος;

2004 1952 2139 1990 vero
2162 1952 2262 2004 pro
2290 1934 2470 1990 hostia
2507 1933 2735 1990 salutari
2771 1931 3149 1995 caedebantur,
3190 1946 3254 1984 ea
3291 1944 3583 1983 consecra-

2003 2028 2206 2082 bantur
2247 2043 2315 2081 ex
2341 2035 2519 2097 parte,
2551 2025 2714 2098 364
2760 2033 2822 2080 ut
2867 2024 3062 2079 dexter
3089 2023 3382 2084 humerus,
3423 2029 3587 2090 caput

2005 2118 2183 2171 etiam
2217 2133 2281 2171 ac
2305 2117 2496 2186 pedes,
2529 2130 2693 2169 renes
2717 2129 2781 2168 ac
2799 2115 2978 2185 jecur,
3016 2111 3292 2166 nonnulla:
3326 2119 3587 2180 prmerea

2004 2210 2300 2264 reconditze
2323 2217 2509 2278 partes
2557 2215 2614 2262 et
2651 2206 2947 2260 intestinae.
2998 2203 3222 2259 Christo
3254 2201 3420 2272 igitur
3451 2215 3589 2255 con~

2003 2303 2155 2357 venit
2179 2302 2232 2355 in
2251 2301 2637 2355 holocaustum
2670 2297 2892 2352 otl‘erri:
2921 2304 3004 2352 est
3027 2295 3178 2351 enim
3208 2309 3399 2348 revera
3445 2301 3591 2346 totus

2003 2403 2246 2457 sanctus,
2292 2401 2438 2447 totus
2476 2391 2646 2446 odore
2703 2389 2989 2445 suavitatis
3027 2387 3226 2456 plenus
3287 2400 3352 2438 ac
3411 2398 3587 2437 sacer.

2004 2485 2178 2540 Nobis
2200 2492 2382 2540 autem
2408 2484 2499 2537 illa
2523 2482 2748 2538 victima
2770 2479 2993 2550 proprie
3029 2475 3312 2540 convenit,
3330 2490 3451 2544 qua:
3481 2489 3591 2528 non

2006 2588 2091 2634 est
2141 2595 2209 2633 ex
2264 2578 2413 2632 omni
2458 2586 2613 2646 parte
2663 2581 2871 2636 sancta,
2907 2586 3086 2640 neque
3130 2569 3359 2624 omnino
3413 2582 3589 2630 sacra,

2010 2671 2216 2740 quibus
2247 2669 2499 2724 nonnihil
2549 2665 2779 2722 mac'ulm
2820 2665 2965 2719 inest
3009 2669 3235 2732 propter
3282 2666 3590 2729 peccatum,

2011 2761 2158 2832 quod
2202 2771 2288 2815 est
2337 2761 2389 2814 in
2419 2759 2580 2814 nobis
2617 2775 2630 2811 :
2675 2776 2693 2808 ι
2722 2757 2892 2812 Nemo
2933 2755 3081 2810 enim
3132 2752 3372 2807 mundus
3415 2767 3446 2804 a
3479 2765 3597 2804 sor-

2011 2853 2080 2909 de
2103 2854 2181 2920 “;
2210 2873 2227 2905 ι
2250 2861 2306 2908 et
2339 2871 2352 2906 :
2386 2872 2402 2902 ι
2426 2851 2632 2911 Delicta
2657 2851 2781 2920 quis
2807 2846 3073 2917 intelliget
3097 2847 3177 2900 “‘2
3199 2865 3216 2896 ι
3247 2853 3309 2899 ιιι
3329 2843 3594 2913 scriptum

2010 2954 2113 3000 est.
2151 2945 2233 3000 0b
2258 2961 2378 2998 eam
2411 2944 2597 3012 itaque
2625 2939 3121 3004 cansam,hostiam
3147 2952 3269 3006 qua:
3298 2950 3400 3006 pro
3419 2933 3595 2987 salute

2017 3036 2375 3098 offerebatur,
2401 3050 2508 3087 non
2533 3032 2844 3087 universam
2873 3028 3116 3092 incendi,
3164 3027 3261 3082 sed
3287 3025 3478 3096 potius
3527 3038 3594 3076 ex

320 3154 478 3217 parte
508 3114 819 3198 consecrari
836 3114 1056 3202 debere,
1088 3137 1174 3190 lex
1209 3125 1710 3199 rectissimejussit.
1745 3123 1886 3178 Num
1923 3124 2112 3196 igitur,
2144 3124 2370 3190 Palladi,
2431 3121 2719 3193 perspicua
2777 3119 2877 3174 tibi
2919 3126 3004 3174 est
3058 3133 3179 3172 mea
3219 3117 3416 3180 oratio,
3443 3124 3498 3171 et
3527 3114 3596 3170 ad

321 3233 748 3306 intelligendum
783 3230 917 3285 satis
938 3229 1101 3300 apta?

398 3330 609 3385 ﬂAAA.
641 3327 750 3380 Καὶ
782 3323 948 3396 μάλα.

397 3423 553 3476 ΣΥΡ.
581 3420 718 3486 Φέρε
745 3415 809 3488 δὴ
833 3413 948 3477 οὖν,
975 3412 1062 3466 ἐπ’
1089 3411 1266 3464 ἐκεῖνο
1295 3407 1464 3477 ἴωμεν
1494 3405 1573 3469 είς
1596 3423 1659 3473 γε
1679 3403 1760 3468 τὸ,
1786 3401 1914 3468 ἑκά-

327 3535 440 3587 στῳ
470 3513 615 3585 φημὶ
645 3509 754 3564 τῶν
793 3503 1334 3580 προσενηνεγμένων,
1378 3498 1546 3567 φάναι
1579 3500 1651 3559 τί,
1686 3495 1778 3548 καὶ
1811 3492 1917 3564 μὴν

325 3611 425 3664 καὶ
456 3606 690 3659 συνιέναι
718 3601 826 3655 τῶν
861 3597 1176 3665 ἀναγκαίων
1199 3593 1279 3656 είς
1311 3591 1516 3662 ὄνησιν.

402 3699 612 3753 nam.
653 3694 760 3748 ἰθι
799 3693 863 3763 δὴ
893 3687 1008 3745 οὖν.

402 3793 570 3846 ΚΥΡ.
604 3789 760 3841 Ἐστι
796 3786 978 3838 τοίνυν
1008 3782 1076 3836 τὰ
1125 3779 1258 3851 παρ’
1309 3778 1539 3832 ἑκάστου
1574 3772 1682 3828 τῶν
1711 3770 1917 3842 φυλάρο

327 3901 465 3956 χων,
497 3879 746 3952 τρυϐλίον
793 3872 1069 3947 ἀργυροῦν
1119 3871 1176 3923 ἓν
1211 3869 1306 3923 καὶ
1337 3866 1502 3936 φιάλη
1533 3864 1652 3935 μία,
1686 3862 1780 3915 καὶ
1813 3862 1921 3931 ἀμ-

585 3970 770 4041 πλήρη
819 3963 1156 4036 σεμιδάλεως
1199 3955 1683 4027 ἀναπεποιημένης
1730 3951 1916 4022 ἐλαίῳ.

330 4067 411 4121 Τδ
447 4065 544 4136 μὲν
572 4058 666 4115 οὖν
693 4058 942 4130 τρυϐλίον
969 4056 1086 4108 ἐστὶ
1125 4053 1237 4115 τοῖς
1269 4049 1554 4118 ἐδωδίμοις
1589 4041 1918 4115 ὑπηρετοῦν,

330 4133 544 4218 καὶείς
571 4149 875 4221 ὀψοφαγίαν
923 4146 1216 4218 χρήσιμον,
1259 4139 1395 4194 καθὸ
1434 4138 1527 4192 καὶ
1586 4135 1748 4198 αὐτὸς
1808 4133 1918 4185 ἐδί-

330 4247 494 4311 δαξεν
528 4246 558 4298 6
595 4242 787 4312 Σωτὴρ
819 4233 1292 4308 φιλοπνευστοῦντι
1354 4230 1576 4300 Ἰωάννῃ
1606 4227 1684 4298 τῷ
1713 4225 1922 4295 γνησίῳ

338 4341 561 4414 μαθητῇ
630 4338 712 4397 τίς
777 4333 806 4386 6
850 4327 1189 4401 παραδώσων
1232 4325 1414 4387 αὐτὸν,
1459 4343 1476 4374 ι
1535 4322 1594 4375 Ὁ
1646 4320 1922 4391 ἐμϐάψας,

335 4411 497 4504 έρησὶ,
525 4431 640 4502 μετ’
667 4425 803 4498 ἐμοῦ
834 4425 932 4496 τὴν
967 4425 1126 4494 χεῖρα
1159 4421 1217 4472 ὲν
1248 4416 1326 4488 τῷ
1351 4413 1611 4487 τρυϐλίῳ.
1657 4430 1674 4463 ι
1717 4411 1919 4479 Φιάλης

333 4527 394 4580 δὲ
433 4525 487 4578 τί
516 4523 583 4578 ἂν
603 4521 821 4590 λέγοιμι
851 4517 948 4588 τὴν
979 4514 1187 4587 χρείαν,
1233 4505 1653 4579 διακεκραγότος
1703 4501 1799 4555 ὡδὶ
1828 4499 1922 4552 τοῦ

336 4619 708 4690 πράγματοςς
740 4610 852 4665 Καὶ
895 4610 1120 4679 σημεῖον
1171 4606 1334 4676 ἄρτου
1373 4597 1673 4670 σεμίδαλις,
1714 4595 1796 4647 ὅτι
1833 4593 1926 4645 καὶ

339 4711 403 4774 ἑξ
444 4709 614 4777 αὐτῆς
654 4705 838 4774 ἄρτος,
881 4701 1046 4770 ἄρτος
1077 4697 1132 4750 δὲ
1161 4695 1327 4764 ζωῆς,
1369 4695 1398 4744 ὁ
1429 4692 1600 4761 Χριστ

339 4804 418 4864 ὼς
458 4803 514 4852 ἐν
539 4776 616 4867 τῷ
646 4794 885 4866 τρυϐλίῳ
912 4793 1008 4844 καὶ
1047 4793 1103 4843 ὲν
1147 4789 1211 4857 τῇ
1249 4784 1433 4856 φιάλῃ,
1467 4781 1563 4834 καὶ
1593 4780 1668 4841 ὡς
1695 4779 1751 4829 ὲν
1774 4776 1924 4846 ἄρτῳ

338 4895 421 4965 τῷ
454 4895 512 4944 ἐν
567 4891 803 4961 ἀμφοῖν,
858 4885 1039 4955 πλήρη
1087 4879 1196 4950 γὰρ
1249 4873 1317 4948 ἦν
1368 4873 1720 4944 σεμιδάλεως,
1747 4868 1821 4931 ὡς
1869 4868 1926 4919 ὲν

341 4985 546 5057 βρώσει
595 4998 653 5034 τε
701 4979 798 5032 καὶ
828 4976 1005 5037 πόσει,
1055 4972 1168 5042 ζωὴ
1203 4970 1296 5021 καὶ
1324 4963 1585 5031 ζωοποιὺς
1622 4961 1650 5012 6
1689 4956 1925 5030 Χριστὸς

343 5045 694 5148 σημαίνεται.
732 5090 750 5122 ι
805 5067 977 5138 Ἀμὴν
1042 5066 1170 5134 γάρ.
1233 5059 1388 5129 φησί,
1441 5055 1584 5122 λέγω
1632 5051 1794 5148 υμῖν,
1835 5045 1929 5148 ἐὰν

346 5137 434 5242 μη.
463 5168 676 5238 φάγητε
710 5163 810 5232 τὴν
839 5137 1018 5229 σάρκα
1043 5155 1135 5209 τοῦ
1169 5151 1300 5204 Υίοῦ
1326 5148 1421 5201 τοῦ
1474 5143 1786 5214 ἀνθρώπου,
1835 5137 1929 5190 καί

544 5231 712 5311 αθτοῦ
741 5231 804 5308 τὸ
832 5247 992 5322 αἷμα,
1036 5249 1135 5302 οὐκ
1176 5245 1328 5313 ἔχετε
1361 5239 1505 5329 ζωὴν
1530 5238 1592 5329 Δἐν
1634 5231 1867 5329 ἑαυτοῖς..

357 5316 556 5417 Ἐλαίῳ
583 5347 640 5399 δὲ
673 5345 775 5411 τὴν
803 5316 1078 5411 σεμίδαλιν
1117 5325 1541 5417 καταδεδεῦσθαί
1587 5337 1774 5417 φησιν,
1799 5316 1934 5417 αὖτέ

345 5458 456 5495 που
481 5438 544 5492 τὸ
576 5440 632 5491 ὲν
672 5434 923 5502 Ψαλμοῖς
954 5421 1429 5498 ἀναμελῳδοῦντος
1477 5412 1640 5469 οἱονεί
1687 5428 1789 5464 που
1837 5406 1932 5460 τοῦ

343 5530 546 5586 τύπου·
583 5547 602 5579 ι
650 5499 974 5594 Ἡγάπησας
1007 5513 1374 5581 δικαιοσύνην,
1403 5508 1496 5564 καὶ
1521 5505 1792 5594 ἐμίσησας
1820 5499 1936 5552 ἀδι-

347 5621 501 5686 κίαν,
524 5617 613 5672 διὰ
643 5615 803 5670 τοῦτο
843 5593 1028 5684 ἕχρισέ
1062 5625 1122 5662 σε
1153 5610 1181 5661 6
1203 5605 1357 5670 Θεὸς,
1387 5605 1416 5656 6
1444 5599 1576 5664 Θεός
1619 5614 1711 5650 σου
1755 5593 1934 5646 ἔλαιον

1941 3313 1983 3373 C
2093 3303 2290 3360 PALL.
2320 3302 2462 3356 Sane
2488 3316 2640 3355 vero.

2087 3396 2249 3452 CYR.
2279 3395 2389 3465 Age
2427 3393 2593 3462 igitur
2621 3403 2912 3461 pergamus
2939 3385 3008 3440 de
3040 3383 3128 3448 iis,
3165 3399 3287 3453 quae
3311 3398 3342 3436 a
3368 3381 3599 3451 singulis

2017 3492 2200 3547 oblata
2227 3497 2375 3552 sunt,
2409 3485 2616 3556 aliquid
2643 3485 2828 3537 dicere
2871 3491 3037 3548 atque
3069 3478 3402 3546 intelligere,
3448 3473 3597 3544 quod

2018 3585 2362 3640 fructuosum
2387 3579 2460 3633 sit
2483 3577 2748 3632 futurum.

2092 3672 2291 3729 PALL.
2317 3672 2489 3738 Perge
2521 3666 2708 3737 igitur.

2093 3765 2251 3821 CYR.
2289 3763 2415 3817 Haec
2443 3770 2573 3814 sunt
2620 3769 2751 3825 ergo
2781 3769 2812 3807 a
2839 3751 3067 3822 singulis
3107 3748 3350 3803 tribuum
3391 3745 3600 3816 princio

2018 3856 2183 3927 pibus
2207 3854 2411 3913 oblata,
2453 3847 2668 3903 catinus
2706 3852 3004 3913 argenteus
3043 3855 3207 3903 unus,
3233 3837 3414 3907 phiala
3470 3852 3598 3900 una,

2019 3957 2075 4003 et
2121 3955 2357 4015 utraque
2414 3941 2576 4012 plena
2632 3935 2828 3992 simila:
2868 3931 3134 3987 confecta:
3171 3931 3294 3984 oleo
3341 3929 3602 3983 :catinus

2019 4039 2204 4108 itaque
2234 4035 2301 4089 ad
2357 4016 2640 4087 esculenta
2692 4021 3026 4078 continenda
3075 4028 3160 4074 est
3209 4027 3391 4087 aptus,
3444 4023 3501 4070 et
3531 4015 3600 4070 ad

2022 4133 2305 4203 pulmenta
2340 4139 2500 4180 nsum
2538 4120 2739 4174 habet:
2776 4114 2924 4186 quod
2978 4113 3146 4167 etiam
3181 4111 3298 4180 ipse
3350 4107 3602 4162 Salvator

2023 4199 2232 4284 docuit,
2268 4217 2362 4288 qui
2396 4212 2594 4270 Joanni
2620 4210 2700 4263 illi
2732 4207 2879 4262 ﬁdeli
2906 4203 3175 4273 discipulo
3196 4199 3601 4270 roganti,quis-

2024 4330 2150 4370 nam
2184 4313 2363 4382 ipsum
2407 4304 2712 4361 traditurus
2739 4307 2919 4353 esset:
2961 4315 2978 4346 ι
3005 4293 3110 4362 Qui
3170 4290 3478 4366 intinxerit,
3515 4289 3603 4342 in-

2024 4405 2179 4475 quit,
2208 4381 2448 4455 imecum
2475 4406 2699 4448 manum
2755 4389 2810 4442 in
2864 4386 3046 4441 catino
3095 4385 3158 4438 ".
3198 4401 3216 4432 ι
3262 4383 3340 4436 De
3389 4381 3592 4450 phialae

2025 4505 2206 4552 autem
2236 4507 2338 4546 usu
2367 4487 2499 4560 quid
2517 4485 2714 4539 attinet
2740 4481 2948 4541 dicere,
2988 4491 3152 4547 quem
3195 4475 3309 4544 ipsa
3361 4489 3450 4528 res
3470 4487 3605 4527 voce

2027 4597 2168 4655 pene
2215 4579 2406 4633 testari
2465 4571 2722 4628 videtur?
2776 4567 2968 4624 Simila
3005 4580 3175 4636 porro
3226 4563 3385 4635 panis
3415 4573 3499 4618 est
3528 4561 3605 4616 si-

1713 4683 1923 4738 Οὐκοῦν
1957 4664 1997 4718 D
2030 4652 2221 4746 gnum,
2254 4687 2322 4726 ex
2362 4669 2454 4723 illa
2511 4677 2749 4733 namque
2782 4660 2842 4714 ﬁt
2872 4659 3069 4730 panis:
3103 4665 3188 4713 est
3237 4665 3419 4711 autem
3451 4652 3608 4724 panis

2030 4743 2156 4820 vitm
2185 4761 2456 4819 Christus.
2495 4757 2667 4826 Igitur
2730 4761 2990 4822 tanquam
3058 4749 3113 4803 in
3176 4748 3382 4809 catino,
3447 4753 3502 4799 et
3551 4743 3607 4798 in

2024 4856 2228 4928 phiala,
2258 4863 2314 4910 et
2374 4860 2634 4919 tanquam
2672 4845 2727 4898 in
2783 4858 2946 4914 pane,
2980 4839 3075 4910 qui
3106 4839 3163 4893 in
3202 4845 3436 4906 utroque
3476 4847 3607 4887 vase

2024 4925 2163 5013 erat,
2197 4962 2321 5002 cum
2351 4953 2645 5010 utrumque
2680 4937 2901 5007 plenum
2933 4939 3078 4987 esset
3107 4930 3322 4993 similm,
3346 4925 3607 4981 nimirum

2027 5034 2368 5106 tanquamin
2422 5029 2550 5086 cibo
2605 5042 2667 5080 ac
2709 5034 2839 5094 potu
2881 5021 3154 5083 Christus,
3211 5017 3306 5088 qui
3344 5017 3454 5070 vita
3501 5021 3607 5075 est,

2036 5137 2197 5196 atque
2222 5121 2543 5182 vivificator,
2566 5115 2923 5187 signiﬁcatur.
2958 5111 3147 5180 inquit
3172 5109 3352 5164 enim:
3394 5125 3411 5157 ι
3433 5106 3608 5160 Amen

2035 5223 2159 5278 dico
2184 5218 2358 5282 vobis,
2382 5215 2487 5270 nisi
2525 5207 2989 5268 manducaveritis
3019 5219 3239 5259 carnem
3269 5200 3394 5256 Filii
3427 5197 3608 5253 homi-

2031 5315 2118 5370 nis
2139 5322 2194 5366 et
2239 5291 2493 5364 biberitis
2522 5306 2642 5376 ejus
2680 5301 3024 5370 sanguinem,
3072 5311 3184 5350 non
3217 5289 3493 5348 habebitis
3522 5287 3608 5340 vi-

2031 5414 2142 5459 tam
2167 5403 2223 5456 in
2277 5398 2437 5455 vobis
2465 5396 2529 5449 ".
2566 5416 2583 5446 ι
2619 5392 2752 5448 Oleo
2797 5398 2981 5444 autem
3027 5385 3262 5441 similam
3293 5382 3463 5437 fuisse
3491 5393 3610 5433 rna-

2033 5497 2324 5556 defactam,
2357 5489 2566 5559 inquit:
2604 5487 2660 5540 in
2707 5498 2817 5554 quo
2868 5491 3029 5552 typus
3061 5479 3177 5549 ipse
3227 5491 3365 5547 pene
3422 5468 3612 5526 illnde

2033 5583 2261 5643 Psalmis
2288 5581 2578 5650 concipere
2628 5575 2883 5632 videtur:
2915 5591 2933 5623 ι
2958 5569 3203 5626 Dilexisti
3235 5564 3526 5647 justitiam,
3555 5567 3614 5616 tt

427 5797 477 5834 “
507 5797 611 5854 Job
638 5813 747 5862 xw,
776 5797 828 5850 4.
907 5793 951 5825 ⁵⁸
982 5791 1124 5847 Psal.
1163 5801 1315 5848 xvnt,
1354 5785 1440 5840 l5.
1519 5783 1561 5815 ⁸⁷
1598 5777 1787 5836 Matth.
1820 5789 1964 5838 xxv-'1,
1997 5769 2098 5832 23;
2131 5766 2286 5822 Joan.
2332 5780 2449 5829 xm,
2473 5761 2564 5816 26.
2641 5757 2686 5792 ⁸⁸
2721 5758 2880 5813 Joan.
2911 5771 2986 5822 vt,
3014 5755 3102 5811 54.

436 5880 500 5891 ι...
