3982 6516
567 383 666 438 7H

1581 380 1638 434 S.
1681 379 1959 436 CYRILLI
1998 379 2473 438 ALEXANDRINI
2511 375 2828 435 ARCHIEP.

3730 378 3820 432 τη

568 492 734 547 odisti
764 489 1146 561 iniquitatem;
1181 499 1471 560 propterea
1521 491 1678 544 unxit
1715 502 1765 546 te
1796 493 1962 556 Deus,
2006 493 2143 548 Deus

2253 491 2634 561 ἀγαλλιάσεως
2691 489 2845 561 παρά
2898 489 3025 550 τοὺς
3075 488 3332 558 μετόχους
3389 507 3506 543 σου.
3567 510 3586 539 ι
3631 492 3820 564 Θυῖσιη

570 591 722 648 tuus,
749 583 872 637 dleo
906 581 1108 636 laetitiae
1133 595 1241 650 pne
1273 581 1620 636 consortibus
1665 584 1775 638 tuis
1815 585 1879 637 ι’.
1907 605 1922 636 ι
1955 584 2152 640 Morta-

569 673 768 727 riolum
801 685 932 726 vero
959 670 1129 740 ﬁgura
1153 679 1237 725 est
1269 685 1332 725 ac
1355 672 1571 740 species
1603 673 1874 729 thuribuli
1897 676 1967 730 ad
2006 691 2152 730 mor-

567 764 692 819 tarii
717 763 1136 818 similitudinem
1165 759 1315 825 facti,
1350 763 1530 832 ipsum
1564 780 1787 834 quoque
1836 766 1999 820 thure
2030 765 2149 835 ple-

567 869 731 912 num:
761 857 938 910 bonus
970 855 1119 909 enim
1146 855 1283 908 odor
1305 869 1368 908 ac
1393 855 1737 911 thuribulum
1763 867 1849 912 est
1871 855 2146 921 Christus,

565 962 676 1004 non
727 947 1070 1002 extrinsecus
1115 945 1342 1000 odorem
1407 946 1638 1010 habens,
1677 956 1740 1001 ut
1784 947 1949 1002 nobis
1999 957 2151 1003 certe

565 1039 856 1109 contingit,
871 1039 966 1109 qui
1017 1037 1444 1109 participatione
1492 1039 1718 1094 virtutis
1747 1049 1911 1110 atque
1941 1041 2149 1096 sancti-

565 1133 836 1186 ﬁcationis
867 1134 1008 1203 ejus,
1029 1149 1150 1202 qua:
1188 1149 1255 1187 ex
1294 1132 1498 1202 pietate
1527 1142 1632 1196 est,
1671 1133 1789 1187 haec
1813 1134 1929 1203 ipsa
1959 1149 2152 1188 conse-

563 1225 786 1294 quimur
816 1242 829 1276 :
883 1219 1044 1296 365
1076 1223 1171 1279 sed
1205 1237 1271 1278 ex
1297 1240 1354 1279 se
1382 1233 1637 1294 tanquam
1667 1225 1813 1278 Deus
1842 1225 1898 1278 in
1943 1239 2150 1294 suaque

563 1322 759 1369 natura
788 1315 855 1370 iis
883 1316 1048 1370 rebus
1076 1315 1392 1385 praeditum,
1425 1331 1523 1384 per
1562 1331 1683 1385 qua:
1722 1315 1875 1369 illum
1907 1316 2150 1371 admira-

565 1423 708 1471 mur,
743 1415 801 1462 et
832 1406 1024 1471 odore,
1078 1407 1174 1476 qui
1225 1422 1395 1477 supra
1424 1406 1690 1461 mundum
1723 1415 1829 1470 est,
1878 1417 1936 1462 et
1985 1423 2152 1478 supra

565 1505 871 1551 creaturam
899 1510 1141 1559 omnem,
1177 1503 1353 1550 totum
1376 1496 1596 1566 replens
1627 1495 1818 1550 orbem
1847 1505 2146 1551 terrarum.

564 1583 699 1643 Nam
724 1587 878 1642 illum
903 1587 1206 1642 secundum
1228 1595 1482 1641 naturam
1502 1603 1566 1642 ac
1595 1602 1787 1642 revera
1807 1587 1978 1642 Deum
2005 1603 2146 1652 esse.

567 1691 624 1734 et
648 1680 704 1734 in
740 1695 838 1734 sua
865 1678 1042 1750 ipsius
1073 1689 1268 1734 natura
1297 1689 1539 1750 paterna:
1570 1679 1900 1750 cognitionis
1925 1679 2148 1735 odorem

564 1770 868 1840 accepisse,
927 1770 1133 1840 optime
1177 1771 1521 1842 dignoscitur
1564 1788 1576 1824 :
1609 1771 1836 1842 plenum
1872 1771 2038 1842 igitur
2069 1779 2153 1827 est

2251 587 2308 640 δὲ
2342 583 2433 652 αὖ,
2466 586 2652 657 σχῆμά
2670 602 2728 638 τε
2761 585 2854 637 καὶ
2885 580 3025 646 εἶδος
3043 582 3428 655 θυμιατηρίου,
3465 582 3632 646 θυῖας
3665 585 3722 636 ὲν
3742 587 3825 655 ἴσῳ

2254 677 2652 748 πεποιημένου,
2679 676 2976 746 ἐπίμεστον
3024 674 3083 728 δὲ
3136 676 3233 726 καὶ
3274 674 3408 727 αὐτὸ
3433 675 3780 744 θυμιάματος
3807 695 3823 712 ·

2252 769 2450 824 εὐωδία
2476 769 2586 840 γάρ
2615 770 2709 822 καὶ
2745 769 3102 839 θυμιατήριον
3149 770 3177 821 ὁ
3203 769 3437 838 Χριστὸς
3462 810 3475 830 ,
3503 769 3610 820 οὐκ
3647 768 3825 834 ἔξωθεν

2251 862 2394 916 δὲτὸ
2425 860 2624 923 εὐῶδες
2658 859 2818 929 ἔχων,
2851 859 3104 930 καθάπερ
3151 859 3342 929 ἀμέλει
3368 861 3466 912 καὶ
3495 859 3665 930 ἡμεῖς
3695 862 3828 917 αὐτοὶ

2251 952 2394 1006 κατὰ
2424 951 2639 1024 μέθεξιν
2669 954 2893 1022 ἀρετῆς,
2937 951 3032 1004 καὶ
3059 949 3154 1003 τοῦ
3203 952 3324 1004 κατ’
3355 951 3647 1004 εὐσέϐειαν
3693 952 3827 1019 ἁγια-

2254 1045 2393 1116 σμοῦ
2421 1045 2483 1098 τὸ
2532 1047 2589 1097 ὲν
2621 1041 2830 1105 τούτοις
2865 1037 3008 1094 εἶναι
3057 1040 3453 1112 κερδαίνοντες,
3485 1041 3608 1095 ἀλλ’
3634 1043 3826 1097 οἴκοθεν

2252 1139 2327 1200 ὡς
2357 1137 2490 1200 Θεὸς
2510 1135 2603 1189 καὶ
2633 1137 2691 1188 ὲν
2721 1134 2826 1204 ίδίᾳ
2854 1132 3014 1200 φύσει
3042 1131 3290 1185 πλουτῶν
3311 1133 3379 1186 τὰ
3414 1133 3484 1186 δι’
3509 1126 3590 1186 ὧν
3628 1133 3825 1203 θαυμά-

2253 1228 2425 1294 ζεται,
2457 1229 2552 1281 καὶ
2577 1226 2705 1297 ὅλην
2731 1225 3035 1296 ἐμπίπλησι
3067 1223 3166 1292 τὴν
3188 1225 3515 1294 οἰκουμένην
3549 1223 3654 1293 τῆς
3683 1223 3829 1296 ύπερ-

2253 1318 2483 1389 κοσμίου
2509 1318 2607 1371 καὶ
2645 1316 2786 1387 ὑπὲρ
2823 1315 3001 1370 κτίσιν
3034 1315 3230 1384 ὀσμῆς.
3274 1314 3406 1379 Θεὸς
3442 1316 3557 1386 γὰρ
3583 1314 3662 1366 ὢν
3691 1315 3827 1383 φύσει

2253 1412 2348 1464 καὶ
2367 1410 2600 1480 ἀληθῶς,
2631 1410 2725 1462 καὶ
2757 1408 2856 1478 τὴν
2889 1405 3062 1478 ὀσμὴν
3090 1405 3190 1475 τῆς
3212 1405 3469 1474 γνώσεως
3499 1405 3602 1459 τοῦ
3637 1407 3830 1476 Πατρὶς

2253 1503 2310 1555 ἑν
2346 1501 2451 1572 ἰδίᾳ
2484 1501 2646 1569 φύσει
2701 1499 2915 1569 λαχὼν,
2953 1494 3012 1552 εὖ
3057 1497 3206 1567 μάλα
3254 1497 3709 1566 διαγινώσκεται,
3751 1499 3830 1568 ιμ.

2254 1593 2434 1656 πλεως
2469 1588 2563 1646 οὖν
2592 1594 2626 1662 ἡ
2673 1591 2870 1660 θυΐσκη
2903 1589 3270 1660 θυμιάματος.
3309 1589 3495 1660 Ταύτῃ
3536 1607 3624 1642 τοι
3683 1607 3829 1660 προσ-

2255 1685 2446 1753 άγεται
2488 1683 2685 1754 μόσχος
2719 1699 2778 1736 τε
2806 1682 2903 1736 καὶ
2931 1680 3105 1752 κριὸς,
3137 1681 3228 1733 καὶ
3247 1679 3354 1752 μὴν
3389 1682 3486 1735 καὶ
3519 1681 3718 1750 ἀμνὸς,
3750 1684 3828 1734 καὶ

2255 1778 2488 1848 χίμαρος
2516 1773 2576 1840 ἐξ
2600 1773 2794 1844 αἰγῶν,
2823 1773 2894 1828 τὰ
2923 1773 3059 1842 πρὸς
3114 1774 3328 1836 τούτοις
3359 1772 3442 1825 ἔτι
3468 1789 3829 1844 προσκεκομι-

565 1861 789 1916 incenso
827 1861 1225 1918 mortariolum.
1254 1862 1461 1916 Deinde
1501 1862 1797 1916 adducitur
1843 1862 1966 1927 bos,
2007 1862 2143 1917 aries

2257 1868 2448 1938 σμένα,
2484 1867 2580 1920 καὶ
2606 1864 2696 1918 διά
2723 1865 2938 1918 πάντων
2972 1861 3135 1926 αὐτὸς
3181 1865 3211 1916 ό
3249 1861 3626 1933 γραφόμενος⁸
3655 1864 3714 1915 ὲν
3745 1863 3826 1932 μὲν

564 1960 830 2021 praeterea
857 1959 913 2006 et
935 1963 1108 2022 agnus
1133 1959 1189 2006 et
1218 1951 1407 2008 hmdus
1432 1968 1462 2006 e
1493 1951 1672 2024 capris
1703 1953 2036 2017 all‘eruntur;
2086 1968 2151 2007 ac

565 2055 668 2110 per
713 2041 835 2096 hate
865 2041 1051 2096 omnia
1075 2043 1381 2098 animantia
1425 2044 1542 2114 ipse
1571 2043 1858 2114 ﬁguratur,
1889 2044 1946 2098 in
1975 2044 2151 2098 vitulo

561 2133 782 2202 quidem
801 2141 1024 2204 propter
1039 2147 1306 2190 summam
1320 2136 1714 2200 ﬁrmitatem,et
1729 2136 1873 2206 quod
1892 2151 2148 2191 mansue-

562 2231 745 2278 torum
785 2224 1230 2295 mundorumque
1255 2225 1620 2280 animantium
1650 2225 1750 2280 bos
1783 2235 1868 2280 est
1886 2234 2150 2295 praestan-

564 2313 828 2379 tissimus,
855 2329 919 2370 ac
958 2315 1334 2386 magnitudine
1378 2315 1629 2386 corporis
1661 2317 1881 2371 excellit
1917 2335 1929 2368 :
1963 2316 2148 2371 omnia

561 2416 767 2471 autem,
803 2421 925 2477 qua:
956 2407 1024 2462 ad
1053 2407 1335 2463 Christum
1386 2408 1685 2478 pertinent,
1734 2407 2008 2478 spirituali
2056 2424 2150 2463 ex-

561 2500 816 2556 cellentia
849 2501 1076 2571 praedita
1107 2511 1254 2566 sunt,
1289 2510 1345 2556 et
1375 2502 1490 2572 ipse
1511 2503 1824 2572 praestantia
1848 2517 1946 2572 per
1964 2501 2148 2556 omnia

561 2589 790 2646 minime
831 2592 1199 2662 comparanda
1245 2591 1472 2658 eminet,
1521 2601 1686 2662 atque
1724 2594 1980 2662 superior
2025 2602 2144 2659 est;

561 2680 619 2738 in
645 2682 820 2737 ariete
851 2696 985 2738 vero
1038 2691 1265 2752 propter
1310 2683 1725 2754 perfectionem,
1778 2692 1942 2753 atque
1981 2685 2146 2739 etiam

563 2782 793 2845 propter
822 2774 1202 2830 innocentiam
1237 2774 1292 2828 in
1323 2787 1464 2844 agno
1504 2791 1516 2827 :
1554 2791 1572 2825 ι
1596 2773 1709 2844 Ego
1734 2775 1904 2838 enim,
1944 2774 2144 2844 inquit,

561 2871 822 2936 tanquam
849 2879 1022 2936 agnus
1076 2865 1359 2929 innocens,
1393 2865 1484 2935 qni
1521 2864 1766 2930 ducitur,
1802 2873 1863 2921 ut
1892 2866 2145 2921 immole-

559 2965 670 3023 tnr,
689 2955 1000 3012 nesciebam
1018 2951 1085 3024 ";
1112 2975 1129 3009 ›
1157 2957 1225 3012 in
1251 2956 1408 3013 hzndo
1436 2971 1651 3022 rursus,
1675 2969 1972 3029 propterea
1996 2959 2146 3029 quod

559 3065 661 3122 pro
688 3047 1076 3122 peccatoribus
1110 3051 1330 3106 occisus
1360 3060 1462 3106 est.
1493 3051 1696 3107 Haedus
1734 3053 1885 3107 enim
1923 3069 1987 3109 ex
2010 3055 2146 3126 regis

558 3145 882 3216 praescripto
906 3143 1238 3200 saerilicium
1265 3152 1352 3200 est
1381 3157 1481 3215 pro
1523 3153 1783 3215 peccato:
1818 3147 1912 3202 ille
1958 3159 2143 3201 autem

558 3235 881 3293 Emmanuel
930 3249 1162 3294 mortem
1209 3254 1310 3309 pro
1353 3239 1513 3294 nobis
1557 3238 1749 3302 subiit,
1793 3248 1850 3294 et
1893 3255 1958 3294 ea
2007 3255 2144 3294 nece

2249 1959 2327 2031 τῷ
2369 1959 2575 2030 μόσχῳ,
2607 1958 2694 2012 διὰ
2711 1958 2772 2010 τὸ
2798 1957 2937 2026 ἀγαν
2954 1953 3226 2020 εὐσθενὲς,
3255 1957 3350 2010 καὶ
3375 1954 3598 2009 ὅτιτῶν
3627 1956 3687 2008 ὲν
3706 1957 3824 2025 ήμεο

2255 2050 2438 2122 ρότητι
2472 2051 2566 2102 καὶ
2597 2047 2932 2120 καθαρότητι
2962 2043 3138 2111 ζώων.
3171 2046 3232 2098 τδ
3262 2043 3529 2116 προῦχον»
3563 2046 3593 2097 δ
3618 2045 3824 2114 μύηθῆ

2250 2141 2345 2194 καὶ
2388 2142 2464 2204 ὡς
2509 2141 2566 2193 ὲν
2604 2141 2825 2211 μεγέθει
2884 2137 3175 2208 σώματος,
3232 2138 3292 2191 τὸ
3348 2136 3733 2210 ὑπερτεροῦν·
3777 2141 3822 2192 ἐν

2251 2232 2493 2301 ὑπεροχῇ
2526 2229 2582 2282 δὲ
2622 2232 2690 2300 τῇ
2723 2227 2910 2300 νοητῇ,
2943 2229 3122 2282 πάντα
3167 2228 3282 2280 ἐστὶ
3322 2228 3391 2280 τὰ
3437 2225 3710 2298 Χριστοῦ,
3748 2223 3825 2278 καὶ

2249 2326 2410 2389 αὐτὸς
2459 2328 2488 2379 ὁ
2535 2323 2790 2396 προῦχων
2840 2322 2935 2375 καὶ
2983 2321 3377 2391 ὐπερκείμενος
3421 2320 3488 2388 τῇ
3544 2317 3692 2371 κατά
3737 2319 3826 2371 πᾶν

2247 2416 2426 2470 ὁτιοῦν
2463 2415 2781 2486 ἀσυγκρίτῳ
2827 2412 3061 2484 διαφορᾷ
3093 2427 3106 2440 °
3145 2413 3202 2464 ὲν
3258 2410 3315 2463 δὲ
3355 2409 3437 2482 τῷ
3466 2408 3635 2481 κριῷ,
3669 2409 3754 2461 διὰ
3777 2409 3825 2462 τὸ

2248 2509 2471 2573 τέλειον,
2529 2507 2626 2562 καὶ
2663 2507 2846 2578 μέντοι
2888 2505 2976 2559 διὰ
3018 2505 3082 2559 τὸ
3134 2505 3361 2566 ἄκακον,
3416 2505 3475 2556 ὲν
3539 2501 3620 2572 τῷ
3662 2502 3820 2573 ἀμνῴ’

2256 2622 2275 2653 ι
2336 2599 2477 2669 Ἐγὼ
2540 2601 2671 2669 γὰρ,
2729 2598 2917 2668 φησὶν,
2975 2597 3051 2660 ὼς
3115 2595 3301 2665 ἀρνίον
3353 2595 3570 2649 ἄκακον
3638 2594 3823 2663 ἀγόμε-

2249 2710 2338 2747 νον
2365 2692 2460 2745 τοῦ
2489 2690 2731 2753 θύεσθαι,
2755 2690 2855 2744 οὐκ
2884 2689 3076 2758 ἔγνων
3113 2705 3131 2738 ι
3168 2689 3226 2739 ὲν
3252 2687 3309 2740 δὲ
3353 2687 3431 2757 τῷ
3474 2687 3722 2757 χιμάρῳ,
3752 2685 3822 2737 6ιά

2248 2785 2349 2856 τὴν
2371 2785 2510 2855 ὐπέρ
2532 2799 2595 2851 γε
2623 2783 2731 2836 τῶν
2754 2779 3157 2853 ἡμαρτηκότων
3189 2780 3425 2850 σφαγήν.
3454 2779 3708 2848 Χίμαρος
3731 2779 3819 2846 γὰρ

2248 2874 2389 2947 ὑπὲρ
2415 2875 2689 2946 ἁμαρτίας
2723 2874 2783 2927 τὸ
2820 2871 2988 2944 θῦμα,
3022 2871 3164 2926 κατά
3206 2871 3298 2924 τὸν
3325 2872 3493 2942 νόμον
3517 2887 3532 2900 ο
3568 2869 3744 2922 εἰσεδυ
3773 2869 3819 2921 δὲ

2245 2968 2313 3021 δι’
2348 2969 2495 3039 ἡμᾶς
2544 2966 2634 3021 τὸν
2671 2965 2902 3021 θάνατον
2947 2966 2976 3019 ό
3036 2963 3421 3036 Ἐμμανουὴλ,
3477 2961 3712 3017 καὶτῶν
3738 2963 3820 3032 ἀρ-

2246 3062 2418 3132 χαίων
2443 3056 2932 3130 πλημμελημάτων
2965 3056 3443 3128 ἐκλελυτρώμεθα,
3489 3056 3563 3109 δι’
3600 3057 3670 3128 ἢν
3708 3056 3820 3109 ὑπέ-

2252 3161 2434 3216 μεινεν
2457 3146 2598 3214 ὑπὲρ
2613 3146 2645 3216 ὴ
2655 3144 2771 3216 μῶν
2791 3145 3108 3216 σφαγήν.Ἢ
3123 3145 3228 3197 οὐκ
3259 3139 3402 3197 εἶναι,
3433 3145 3541 3216 φὴς
3563 3144 3818 3199 καὶτοῦτο

2249 3239 2448 3308 ἀληθές
2474 3255 2488 3301 ;

559 3342 725 3396 quam
746 3344 846 3400 pro
905 3330 1070 3385 nobis
1093 3331 1342 3400 pertulit,
1403 3346 1434 3384 a
1475 3330 1754 3386 veteribus
1792 3329 2010 3386 delictis
2069 3331 2285 3386 liberati
2315 3345 2524 3385 sumus.
2557 3328 2642 3382 An
2667 3343 2800 3383 vero
2840 3343 2950 3382 non
2983 3327 3036 3382 id
3066 3327 3202 3383 lesse
3235 3341 3429 3382 verum
3454 3329 3658 3398 putas?

631 3413 828 3471 PALL.
872 3415 1075 3483 Quidni
1108 3428 1296 3489 putem
1312 3417 1336 3472 ?

633 3505 792 3562 CYR'.
825 3507 964 3561 lllud
998 3517 1182 3561 autem
1224 3510 1486 3563 observes
1519 3509 1704 3576 velim,
1761 3512 1975 3566 oblatos
2021 3511 2145 3582 qui-

2318 3421 2528 3474 HAAA.
2558 3417 2682 3483 Πῶς
2714 3420 2822 3491 γὰρ
2845 3419 2943 3484 οὐ;

2321 3509 2486 3565 ΚΥΡ.
2529 3508 2811 3583 Ἐπιτήρει
2865 3512 2922 3566 δὲ
2964 3512 3046 3565 ὅτι
3087 3511 3611 3582 προσεκομίσθησαν
3653 3513 3745 3582 μὲν
3774 3514 3818 3565 οί

561 3600 688 3654 dem
717 3615 839 3654 esse
869 3599 1068 3666 boves;
1111 3609 1369 3655 caeterum
1390 3601 1458 3656 ad
1489 3615 1656 3672 opera
1681 3604 2022 3659 tabernaculi
2056 3605 2143 3659 de-

2254 3605 2466 3676 μόσχοι,
2504 3606 2749 3660 δέδονται
2775 3622 2836 3674 γε
2869 3605 2976 3676 μὴν
3009 3608 3088 3669 είς
3115 3605 3185 3658 τὰ
3212 3605 3350 3675 ἔργα
3376 3606 3481 3676 τῆς
3507 3607 3728 3677 σκηνῆς,
3759 3607 3816 3659 tv’

561 3691 822 3754 stinatos,
871 3697 953 3752 ut,
987 3704 1114 3744 cum
1169 3700 1348 3745 castra
1411 3693 1622 3747 moveri
1651 3709 1791 3764 opus
1837 3706 2002 3762 esset,
2044 3697 2146 3767 ipsi

561 3796 735 3835 onera
765 3779 1040 3833 vehiculis
1077 3777 1332 3848 ferendo,
1360 3797 1643 3836 sacrorum
1691 3784 2043 3840 administros
2067 3786 2146 3839 la-

561 3868 695 3924 bore
726 3884 790 3923 ac
820 3867 1074 3922 molestia
1127 3867 1396 3922 levarent.
1452 3869 1511 3923 ln
1564 3868 1784 3926 Christo
1825 3872 1973 3926 enim
2010 3887 2145 3927 con-

559 3961 795 4032 quiescit
826 3955 1090 4024 Ecclesia,
1123 3968 1178 4014 et
1206 3974 1307 4014 nos
1339 3960 1454 4030 ipse
1479 3959 1586 4016 fert
1638 3971 1694 4017 et
1724 3963 2025 4029 laboribus,
2049 3965 2143 4035 qui

558 4069 725 4123 supra
747 4053 894 4107 vires
926 4060 1074 4116 sunt,
1117 4067 1336 4106 sacrum
1378 4052 1516 4106 illud
1559 4054 2003 4126 honoratumquc
2046 4073 2138 4127 ge-

559 4161 683 4211 nus,
712 4161 778 4200 ac
829 4145 1090 4216 populum
1129 4160 1413 4200 sacrorum
1447 4161 1677 4216 operum
1724 4149 1964 4218 peritum
2014 4165 2140 4204 suc-

557 4235 818 4290 cumbere
858 4250 969 4289 non
1012 4235 1303 4304 permittit.
1364 4235 1454 4291 Sic
1501 4237 1669 4309 igitur
1716 4239 2028 4309 supradicta
2073 4242 2137 4296 ad

555 4323 836 4381 Christum
871 4323 1161 4380 referenda
1201 4333 1349 4381 sunt.
1376 4325 1507 4394 Quae
1571 4337 1756 4384 autem
1790 4332 2138 4400 pertinebant

556 4418 625 4473 ad
654 4419 890 4473 hostiam
924 4417 1201 4482 salutaris,
1235 4434 1299 4473 ea
1342 4435 1444 4489 pro
1485 4421 1683 4490 seipsis
1733 4422 2139 4491 quodammodo

557 4509 835 4581 principes
873 4507 1197 4575 alierebant,
1225 4526 1288 4564 ac
1318 4519 1578 4581 tanquam
1613 4513 1971 4570 tabernaculo
2003 4533 2136 4572 con-

557 4601 864 4665 secrabant,
898 4593 1315 4670 offerebantque
1341 4603 1453 4657 Deo
1482 4605 1535 4658 in
1565 4605 1791 4660 odorem
1823 4609 2134 4664 suavitatis.

558 4689 762 4750 Vitula:
806 4703 990 4748 autem
1021 4703 1179 4747 erant
1220 4692 1363 4758 duae,
1414 4697 1614 4751 arietes
1667 4699 1946 4769 quinque,
1994 4702 2135 4758 hirci

2249 3699 2306 3751 ὲν
2330 3701 2449 3762 ταῖς
2493 3698 2849 3764 ἀναζεύξεσιν
2878 3698 3034 3750 αὐτοὶ
3057 3697 3314 3769 φέροντες
3339 3698 3428 3767 ἐφ’
3455 3698 3700 3767 ἁμαξῶν,
3731 3698 3816 3750 πό-

2247 3809 2338 3844 νου
2370 3792 2461 3845 καὶ
2483 3789 2638 3856 ἀνίας
2662 3790 3024 3846 ἀπαλλὰτοιεν
3054 3791 3182 3852 τοὺς
3207 3788 3549 3860 ἱερουργούς.
3597 3791 3813 3844 Ἐπανα-

2248 3885 2480 3939 παύεται
2509 3889 2619 3956 γάρ
2648 3885 2682 3956 ἡ
2729 3884 3026 3954 Ἐκκλησία
3053 3882 3296 3955 Χριστῷ,
3348 3887 3442 3935 καὶ
3483 3884 3647 3946 αὐτὸς
3682 3884 3813 3953 ἡμᾶς

2248 3979 2436 4050 φέρει,
2487 3980 2598 4042 τοῖς
2641 3976 2782 4048 ὑπὲρ
2813 3975 3043 4046 δύναμιν
3095 3974 3276 4037 πόνοις
3326 3975 3680 4045 περιπίπτειν
3723 3975 3812 4027 οὐκ

2245 4071 2418 4139 ἐφιεὶς
2448 4070 2510 4123 τὸ
2543 4068 2687 4140 ἱερὸν
2716 4069 2812 4122 καὶ
2849 4069 3028 4138 τίμιον
3059 4067 3234 4134 γένος,
3276 4066 3371 4118 κιτὸ⁸
3397 4066 3490 4118 τὸν
3520 4066 3627 4118 τῶν
3657 4066 3812 4132 ἁγίων

2245 4161 2423 4231 ἔργων
2444 4161 2782 4231 ἐπιστήμονα
2815 4159 2964 4213 λαόν.
2995 4158 3152 4212 Οὕτω
3186 4159 3284 4228 μὲν
3316 4154 3411 4212 οὖν
3440 4158 3707 4211 ἀνοιστέον
3728 4158 3811 4209 ιτα

2243 4251 2478 4323 Χριστὸν
2505 4251 2574 4304 τὰ
2597 4251 2980 4321 ὼνομασμένα.
3014 4249 3095 4303 Τά
3133 4249 3189 4302 δέ
3212 4267 3274 4317 γε
3303 4251 3382 4309 είς
3420 4250 3611 4303 θυσίαν
3655 4264 3808 4317 σωτη-

2247 4343 2360 4414 ρίου
2381 4341 2780 4413 προσεκόμιζον
2804 4341 2968 4394 οίονεί
2999 4357 3115 4404 πως
3138 4335 3204 4393 αὖ
3232 4340 3348 4392 ἀνθ’
3367 4341 3580 4392 ἑαυτῶν
3607 4343 3653 4392 οί
3671 4339 3808 4408 ἠγοῦ-

2246 4445 2421 4498 μενοι,
2461 4428 2845 4499 καθιεροῦντες
2871 4430 3072 4502 τρόπον
3098 4430 3218 4482 τινὰ
3245 4432 3311 4500 τῇ
3345 4429 3478 4500 ἁγίᾳ
3512 4432 3694 4498 σκηνῇ,
3722 4429 3806 4480 καὶ

2242 4521 2321 4584 εἰς
2359 4521 2536 4591 ὀσμὴν
2578 4521 2804 4585 εὐωδίας
2850 4521 3212 4592 ἀναφέροντες
3248 4521 3328 4592 τῷ
3375 4521 3520 4592 Θεῷ.
3557 4521 3804 4590 Δαμάὶεις

2241 4609 2295 4662 δὲ
2324 4605 2464 4681 ἦσαν
2515 4611 2643 4675 δύο,
2680 4613 2826 4684 κριοὶ
2875 4613 3058 4676 πέντε,
3111 4613 3305 4684 τράγοι
3344 4613 3532 4671 πέντε.
3585 4614 3800 4684 ἀμνάδες

2244 4701 2425 4756 πέντε.
2458 4703 2568 4757 Kal
2595 4704 2794 4774 μόσχος
2831 4704 2950 4775 μὲν,
2991 4706 3019 4757 ό
3057 4705 3310 4776 Χριστὸς,
3346 4705 3612 4776 δαμάλεις
3647 4705 3697 4758 δὲ
3733 4701 3798 4759 αὖ

557 4785 824 4857 quinque,
851 4785 974 4854 agni
1010 4784 1275 4854 quinque.
1304 4785 1382 4839 Ac
1412 4786 1619 4841 vitulus
1647 4790 1869 4858 quidem
1885 4791 2139 4848 Christus

2248 4793 2421 4863 ἡμεῖς,
2459 4793 2551 4847 καὶ
2574 4793 2730 4862 λόγος
2751 4795 2779 4847 ὁ
2811 4793 2898 4848 ἐπ’
2930 4797 3155 4866 ἀμφοῖν,
3186 4797 3288 4848 οὐκ
3313 4795 3647 4866 ἀσύμφυλος,
3677 4795 3798 4865 ἀληυ

554 4887 661 4942 est,
697 4894 800 4933 nos
819 4878 1062 4934 vicissim
1084 4879 1298 4933 vitulm:
1338 4879 1479 4934 ratio
1502 4881 1667 4935 etiam
1692 4883 1981 4953 utriusque
2024 4901 2135 4940 non

553 4977 641 5026 est
661 4969 863 5035 aliena,
892 4968 987 5025 sed
1024 4986 1157 5026 vera
1201 4970 1387 5041 potius
1417 4981 1580 5042 atque
1615 4973 1936 5044 perspicua;
1987 4991 2136 5030 sem-

554 5077 652 5133 per
681 5062 828 5117 enim
857 5057 972 5117 fere
1000 5077 1118 5115 mas
1145 5061 1452 5133 principem
1489 5063 1668 5118 locum
1694 5073 1864 5131 tenet,
1905 5079 1961 5122 et
1990 5068 2134 5139 apud

554 5153 725 5207 Deum
757 5153 967 5208 honore
993 5169 1058 5208 ac
1073 5153 1248 5224 gloria
1291 5163 1537 5224 praestat,
1603 5170 1835 5226 eamque
1880 5174 1996 5212 rem
2035 5175 2137 5215 suo

555 5245 874 5300 testimonio
898 5253 1098 5300 natura
1152 5247 1502 5318 comprobat.
1564 5249 1797 5305 Inferior
1842 5262 1927 5306 est
1954 5261 2138 5308 autem

554 5337 780 5402 lemina,
839 5337 1027 5408 illique
1080 5338 1347 5410 subjecta,
1413 5347 1470 5395 et
1523 5340 1767 5404 viribus,
1824 5353 1880 5399 et
1925 5345 2137 5402 honore

554 5428 848 5500 posterior,
869 5439 924 5483 et
955 5445 985 5484 a
1014 5438 1165 5500 tergo
1191 5429 1598 5501 quodammodo
1641 5448 1850 5488 marem
1876 5451 2130 5506 sequens.

553 5520 718 5592 366
739 5519 835 5575 Est
862 5520 1045 5591 itaque
1069 5521 1208 5576 utin
1228 5533 1386 5576 mare
1425 5523 1602 5579 vitulo
1626 5523 1736 5577 dux
1767 5525 2129 5582 nosterChri-

2237 4884 2337 4956 θὴς
2395 4885 2451 4939 δὲ
2491 4885 2690 4957 μᾶλλον
2735 4888 2829 4940 καὶ
2878 4889 3132 4959 ἐναργήςο
3187 4888 3655 4959 ἡγεμονικώτατον
3698 4888 3797 4956 γὰρ

2237 4977 2323 5031 ἀεί
2346 4995 2462 5042 πως
2489 4978 2550 5031 τὸ
2587 4978 2754 5050 ἄρσεν
2783 4978 2920 5042 ἐστὶ,
2945 4980 3038 5033 καὶ
3063 4982 3273 5050 ἐντιμῇ
3306 4982 3403 5033 καὶ
3435 4980 3563 5052 δόξῃ
3589 4983 3648 5050 τῇ
3674 4996 3795 5030 παν-

2238 5069 2444 5141 αρίστιρ
2475 5072 2624 5142 παρά
2659 5069 2780 5141 Θεῷ
2799 5113 2813 5134 ,
2841 5073 2936 5124 καὶ
2966 5071 3180 5142 μάρτυς
3207 5073 3240 5141 ή
3272 5068 3456 5140 φύσις,
3479 5070 3793 5141 ὁμολογοῦσα

2235 5163 2296 5214 τὸ
2317 5161 2526 5232 χρῆμα.
2570 5163 2737 5216 Μεῖον
2771 5162 2826 5215 δὲ
2859 5163 2952 5214 καὶ
2991 5162 3409 5233 ὑπεστρωμένον
3438 5163 3500 5214 τὸ
3536 5161 3675 5230 θῆλυ,
3704 5159 3791 5211 καὶ

2235 5253 2400 5306 olovsl
2432 5253 2661 5307 κατόπιν
2696 5253 2774 5307 ίὸν
2808 5253 2909 5324 τῆς
2940 5252 3185 5322 ἀρσένων
3212 5252 3385 5323 ἀλκῆς
3411 5269 3473 5304 τε
3509 5253 3599 5305 καὶ
3625 5251 3788 5318 δόξης.

2239 5344 2394 5397 Ἐστι
2417 5345 2479 5416 δὴ
2498 5339 2590 5399 οῦν
2619 5347 2677 5399 ὲν
2699 5345 2888 5416 ἄρσενι
2923 5345 3108 5415 μόσχῳ
3127 5385 3142 5410 ,
3171 5343 3490 5415 καθηγητὴς
3527 5344 3618 5413 μὲν
3647 5340 3790 5411 ἡμῶν

2231 5437 2260 5490 ό
2291 5437 2544 5507 Χριστὸς,
2573 5436 2955 5508 ὐπεζεύγμεθα
2983 5437 3040 5490 δὲ
3079 5437 3267 5506 ὥσπερ
3289 5433 3451 5505 ἡμεῖς
3480 5433 3570 5488 καὶ
3592 5436 3644 5485 ὲν
3667 5431 3789 5483 πολ-

2230 5528 2307 5598 λῷ
2344 5530 2516 5600 μείονι
2551 5530 2678 5602 παρ’
2713 5531 2874 5584 αὐτὸν
2907 5529 3044 5600 ἀλκῇ
3083 5545 3141 5582 τε
3165 5529 3259 5581 καὶ
3302 5527 3455 5598 δόξῃ,
3491 5528 3599 5590 καὶ,
3637 5522 3788 5589 ἀσύγ-

554 5620 690 5677 stus,
710 5627 811 5667 nos
824 5627 958 5666 vero
981 5611 1386 5682 quodammodo
1417 5614 1671 5686 subjecti,
1688 5628 1743 5673 et
1769 5619 1939 5674 multa
1965 5636 2129 5690 quam

2248 5639 2416 5692 ιριτον
2443 5623 2502 5676 τὸ
2541 5621 2894 5694 μεσολαϐοῦν.
2923 5620 2986 5676 Εἰ
3015 5621 3124 5693 γὰρ
3149 5621 3242 5674 καὶ
3267 5621 3457 5690 γέγονε
3483 5618 3602 5673 καθ’
3629 5617 3783 5687 ἡμᾶς.

628 5784 674 5820 δ’
703 5785 842 5840 Psal.
873 5803 1014 5854 xuv,
1048 5783 1101 5840 8.
1179 5783 1223 5820 '°
1253 5786 1456 5843 .lcrem.
1490 5805 1569 5852 ιι,
1608 5789 1693 5845 19.
